4030 6460
492 418 549 484 11
1615 414 1714 474 AD
1748 411 2013 475 PHOTH
2052 408 2615 471 BIBLIOTHECAM
3689 402 3759 468 12

580 531 1970 558 *ψ’-’Μ

1080 646 1556 711 NOBILISSIMO
1598 646 1861 707 MARCO
1903 645 2268 717 VELSERO,
2313 641 2655 703 CAESARIS
2696 639 3198 713 CONSILIARIO,

1400 788 1657 832 REIPUB.
1704 786 2096 831 AUGUSTANJE
2133 785 2420 829 DUMVIRO
2453 780 2815 836 PREFECTO,

1232 919 1349 957 ANB.
1391 916 1654 956 SCHOTTUS
1693 917 1947 955 ANTUERP.
1989 917 2055 954 DE
2094 914 2381 955 SOCIBTA'I’E
2419 913 2563 963 JESU,
2604 913 2710 952 LIB.
2751 911 2875 949 ΗΕΒ.
2917 910 3007 949 οι).

563 1021 620 1076 Si
675 1034 929 1090 magnum
984 1016 1114 1072 illud
1165 1016 1450 1070 tnilitantis
1493 1016 1547 1068 in
1598 1014 1761 1068 terris
1807 1012 2069 1069 Ecclesia:
2117 1011 2367 1067 columen
2426 1009 2486 1066 Β.
2539 1008 2925 1080 Hieronymum
2974 1008 3512 1079 presbyterum-non
3564 1008 3762 1079 piguit,

492 1113 672 1169 Marce
704 1111 982 1175 duumvir,
1009 1109 1312 1177 catalogum
1348 1106 1851 1163 ecclesiasticorum
1884 1113 2070 1159 texere
2097 1098 2456 1168 scriptorum,
2485 1111 2551 1151 ex
2590 1097 2824 1152 Eusebio
2865 1095 3214 1158 Caesariensi,
3252 1111 3316 1151 ac
3342 1095 3558 1165 scriptis
3582 1099 3766 1161 cujus-

491 1217 618 1270 que,
657 1215 756 1253 cur
796 1198 1001 1267 pudere
1042 1210 1128 1250 me
1163 1195 1381 1260 debeat,
1427 1203 1520 1247 aut
1571 1192 1843 1263 poenitere
1892 1190 2096 1247 laboris
2143 1186 2419 1251 immensi,
2465 1184 2722 1255 taediique
2761 1194 3074 1240 constanter
3111 1184 3349 1253 absorpti
3394 1185 3447 1238 in
3480 1182 3767 1239 Pbotian:e

491 1286 835 1344 Bibliotheca:
892 1282 1372 1354 interpretatione,
1418 1296 1579 1349 quam
1642 1279 1738 1335 tibi
1791 1278 1981 1334 volens
2031 1276 2222 1331 dedico
2270 1286 2664 1342 consecroque,
2719 1272 2959 1327 nondum
3021 1273 3285 1340 equidem.
3327 1272 3765 1325 animadvertere

492 1390 736 1445 possum.
772 1372 869 1425 llle
904 1373 1016 1438 jam
1056 1371 1181 1424 inde
1219 1370 1287 1423 ab
1336 1369 1493 1424 initio
1533 1368 1807 1423 nascentis
1844 1365 2107 1421 Ecclesiae
2148 1362 2310 1418 telam
2346 1376 2531 1427 orsus,
2568 1361 2838 1430 altiusque
2874 1375 2903 1414 a
2937 1362 3113 1430 capite
3145 1375 3449 1427 arcessens,
3480 1374 3763 1436 sacrorum

495 1462 752 1517 Ecclesiae
786 1459 1117 1527 scriptorum
1151 1457 1350 1511 seriem
1393 1456 1459 1509 ad
1493 1470 1591 1509 sua
1632 1468 1805 1523 usque
1852 1462 2098 1521 tempora
2137 1450 2418 1520 produxit,
2456 1458 2520 1502 ut
2559 1448 2799 1519 legitima
2842 1458 2896 1501 et
2938 1462 3074 1517 pura
3116 1463 3147 1501 a
3186 1448 3405 1517 Spuriis,
3440 1458 3495 1503 et
3535 1462 3565 1501 a
3607 1449 3763 1517 palea

496 1549 735 1604 triticum
790 1544 994 1615 posteri
1048 1552 1422 1612 segregarem.
1481 1541 1638 1595 llunc
1688 1541 1813 1595 dein
1869 1539 2204 1610 gloriosum,
2261 1536 2587 1607 publiceque
2634 1537 2820 1589 utilem
2870 1535 3148 1598 laborem,
3198 1535 3471 1589 variarum
3519 1536 3763 1605 gentium

499 1644 757 1689 auctores
796 1630 1149 1686 continenter
1200 1629 1593 1698 pertexendnm
1643 1626 1772 1692 rati,
1807 1625 1874 1680 de
1914 1640 2026 1679 suae
2072 1625 2306 1694 quisque
2354 1623 2535 1693 gentis
2588 1622 2957 1691 scriptoribus
2999 1624 3275 1691 catalogos
3321 1623 3666 1693 conscripsit.
3706 1621 3764 1676 in

493 1720 668 1776 Iberia
700 1717 921 1787 Quidem
960 1715 1202 1771 Isidorus
1234 1727 1400 1783 atque
1430 1712 1736 1768 lldefonsus
1773 1712 2106 1767 sanctissimi
2138 1713 2278 1778 vin;
2327 1712 2379 1765 in
2421 1711 2599 1766 Gallia
2634 1709 2951 1765 Gennadius
2986 1709 3359 1776 Massiliensis,
3398 1720 3453 1765 et
3489 1710 3766 1766 llonoriu's

490 1803 1042 1877 Augustodunensis;
1087 1803 1140 1857 in
1173 1802 1360 1871 Belgio
1398 1811 1585 1855 nostro
1611 1797 1921 1869 Sigebertus
1955 1797 2405 1864 Gemblacensis;
2458 1798 2508 1851 in
2553 1797 2955 1865 Germaniaque
3002 1812 3173 1865 nuper
3194 1797 3529 1851 Trtthemius
3573 1797 3766 1859 abbas.

491 1892 737 1948 excussis
767 1891 1024 1945 omnibus
1061 1889 1304 1943 omnium
1343 1887 1797 1942 bibliothecarum
1839 1886 2077 1955 angulis,
2108 1886 2159 1939 id
2191 1886 2583 1954 praestiterunt.
2624 1885 2678 1937 In
2710 1883 2918 1938 Graecia
2952 1899 3080 1937 vero
3112 1884 3302 1951 primis
3336 1884 3462 1945 illis.
3496 1894 3552 1937 ιιι
3581 1894 3765 1951 aetate,

492 1981 573 2034 sic
602 1987 658 2033 et
690 1978 999 2034 eruditione
1046 1974 1282 2029 fortasse
1324 1973 1553 2044 aequalis
1599 1972 1846 2037 Photius,
1880 1974 2021 2026 hanc
2055 1986 2178 2027 cum
2214 1986 2521 2035 sacrorum,
2558 1982 2668 2024 tum
2710 1982 3063 2025 externorum
3108 1969 3489 2023 Bibliothccum
3536 1972 3757 2026 concin.

494 2066 645 2121 navit
680 2065 971 2128 librorum,
1019 2077 1162 2132 quos
1207 2076 1237 2115 a
1287 2076 1346 2115 se
1389 2062 1582 2125 lectos,
1632 2060 1846 2115 Tarasii
1886 2058 2068 2114 fratris
2111 2072 2300 2130 rogatu
2350 2060 2649 2124 recensuit,
2684 2062 2810 2114 dum
2865 2061 2917 2113 in
2970 2058 3125 2130 Syria
3175 2058 3765 2131 ConStantinOpolitaui

496 2153 845 2224 imperatoris
877 2161 1065 2208 orator
1096 2161 1432 2216 versaretur,
1466 2150 1627 2219 idque
1664 2150 1816 2218 prius
1846 2148 1929 2220 (ut
1960 2164 2024 2204 ex
2071 2163 2235 2219 opere
2279 2149 2514 2218 quisque
2559 2163 2769 2205 mecum
2818 2148 3129 2217 judicabit),
3162 2162 3323 2216 quam
3370 2148 3545 2201 aulica
3592 2151 3770 2202 ambi-

497 2244 646 2296 tioue
676 2249 991 2307 corruptus,
1027 2238 1405 2308 praecipitavit.
1438 2234 1640 2291 Verum
1680 2238 1782 2291 hoc
1813 2235 1997 2291 utilior
2031 2251 2192 2305 quam
2226 2234 2561 2305 reliquorum
2595 2236 2647 2290 in
2677 2234 2977 2290 Occidente
3007 2244 3128 2304 post
3162 2233 3544 2306 Hieronymum
3581 2234 3761 2289 Photii

498 2331 588 2384 hic
619 2328 771 2382 labor
801 2327 1034 2390 exstitit,
1069 2334 1131 2379 ut
1173 2324 1347 2390 majus
1392 2323 1554 2377 etiam
1608 2322 1765 2392 longe
1804 2338 1965 2392 quam
2011 2335 2333 2381 cancrorum
2383 2326 2546 2379 simul
2583 2326 2827 2379 omnium
2864 2323 3118 2378 volumen
3165 2326 3430 2388 excrevit,
3470 2324 3612 2392 quod
3661 2339 3768 2377 non

501 2422 783 2470 recenseat
815 2414 980 2468 modo
1013 2420 1283 2476 veterum,
1314 2410 1405 2479 qui
1439 2410 1492 2464 in
1525 2425 1719 2464 manus
1749 2410 2059 2465 inciderunt
2102 2413 2332 2483 scripta,
2370 2415 2466 2468 sed
2500 2422 2554 2467 et
2587 2412 2807 2482 eclogas
2837 2410 2962 2466 inde
2994 2411 3314 2481 permultas,
3356 2426 3451 2466 seu
3484 2421 3770 2480 excerpta,

498 2503 721 2557 totidem
771 2499 976 2563 verbis,
1028 2500 1447 2553 enumeratione
1490 2497 1603 2553 sola
1657 2497 1883 2550 minime
1934 2507 2247 2563 contentus,
2305 2499 2716 2567 transcripscrit
2751 2515 2764 2552 :
2801 2497 2942 2553 forte
2999 2497 3141 2567 quod
3198 2497 3382 2551 animo
3435 2498 3771 2566 provideret,

501 2600 789 2657 menteque
828 2586 1166 2658 praesagiret,
1201 2583 1319 2638 fore
1363 2594 1421 2638 ut
1463 2595 1768 2652 temporum
1812 2584 2011 2654 injuria
2052 2585 2319 2656 plerique,
2348 2594 2406 2640 ut
2434 2585 2654 2644 accidit.
2695 2584 3091 2639 interciderent
3123 2581 3472 2652 funditusque
3501 2584 3771 2654 perirent,

496 2692 726 2747 quortun
753 2684 899 2731 certe
930 2672 996 2727 ne
1034 2674 1250 2727 nomina
1280 2672 1524 2741 quidem,
1548 2672 1753 2727 nedum
1782 2673 1980 2744 ingenii
2010 2682 2386 2736 monumenta,
2410 2672 2613 2741 absque
2634 2670 2828 2725 Photio
2855 2678 3022 2738 esset,
3050 2679 3292 2725 nostram
3323 2670 3388 2725 ad
3417 2680 3631 2725 aetatem
3649 2686 3777 2741 per-

500 2763 798 2818 venissent.
833 2761 986 2827 Quod
1018 2774 1157 2828 cpns
1182 2774 1275 2813 seu
1311 2760 1624 2813 thesaurum
1668 2760 1872 2825 verius,
1910 2760 2121 2829 pridem
2151 2770 2490 2829 exoptatum,
2524 2774 2589 2814 ac
2619 2758 2710 2813 diu
2747 2758 3082 2827 multumque
3113 2756 3322 2813 frustra
3359 2758 3772 2829 investigatum.

500 2865 622 2904 cum
664 2850 977 2904 Tarracone
1024 2846 1199 2902 Procli
1240 2846 1676 2900 Ghrestomathia
1711 2845 1905 2900 Latine
1938 2860 1967 2899 a
1996 2861 2080 2901 me
2113 2847 2341 2910 reddita,
2373 2845 2519 2899 velut
2556 2860 2618 2899 ex
2667 2859 2846 2914 ungue
2877 2843 3109 2909 leonem,
3141 2844 3416 2899 aestimare
3458 2844 3776 2915 cmpissem,

503 2946 694 2993 nactus
725 2938 941 2991 tandem
965 2936 1152 2990 Roma:
1182 2948 1323 2988 sum.
1354 2932 1781 2988 Describendum
1822 2935 1964 2988 enim
2012 2935 2275 2988 arbitratu
2311 2946 2431 2986 meo
2464 2931 2732 3002 permisit,
2767 2945 2931 3000 quem
2966 2931 3190 2986 honoris
3215 2946 3377 2985 causa
3405 2930 3638 2986 libenter
3665 2946 3777 2987 no-

502 3030 670 3092 mino,
711 3024 1115 3080 illustrissimus
1164 3022 1434 3077 Ascanius
1461 3022 1748 3085 Columna,
1778 3032 2197 3091 purpuratorum
2227 3032 2441 3090 patrum
2479 3031 2882 3074 ornamentum.
2914 3017 3055 3074 Post
3085 3032 3214 3073 vero
3243 3034 3368 3073 cum
3398 3018 3449 3072 id
3475 3018 3779 3090 diligenter

502 3116 567 3169 ad
596 3117 872 3169 variorum
902 3112 1297 3182 exemplarium
1348 3110 1505 3165 fidem
1551 3121 1947 3180 comparatum,
1985 3108 2354 3181 typograpltus
2396 3107 2746 3177 Augustanus
2781 3105 3122 3176 elegantibus
3154 3105 3293 3176 typis
3322 3104 3652 3175 evulgasset,
3687 3105 3780 3159 ef-

503 3203 813 3274 flagitarunt
854 3216 991 3270 pene
1034 3199 1286 3256 convicio
1343 3198 1665 3263 familiares,
1712 3198 1911 3269 quibus
1959 3197 2182 3251 multum
2234 3205 2290 3248 et
2325 3194 2521 3249 vellem
2554 3202 2609 3247 et
2654 3193 2933 3257 deberem,
2967 3202 3025 3246 ut
3052 3190 3245 3244 Latina
3282 3191 3489 3246 d0nare
3544 3193 3781 3248 civitate

502 3289 935 3359 promptuarium
967 3274 1311 3351 eruditionis,
1345 3300 1453 3355 quo
1477 3286 1545 3339 ad
1575 3285 1757 3355 plures
1783 3292 2064 3344 emanaret
2108 3282 2334 3345 utilitas,
2372 3296 2469 3350 pro
2510 3280 2655 3333 virili
2684 3280 3092 3334 contenderem.
3120 3278 3274 3333 Gessi
3311 3295 3440 3348 ergo
3469 3279 3779 3336 amicorum

504 3378 756 3446 precibus
783 3377 981 3439 victus,
1027 3385 1083 3431 et
1109 3375 1427 3445 periculosae
1472 3374 1685 3441 plemun
1741 3388 1879 3444 opus
1935 3373 2066 3427 aleae
2099 3386 2408 3442 aggressus,
2442 3372 2509 3424 ad
2540 3370 2745 3424 exitum
2801 3370 3044 3431 tandem,
3104 3369 3213 3422 Deo
3247 3370 3391 3423 vires
3422 3369 3785 3440 animumque

501 3464 900 3535 suppeditante,
938 3471 1257 3518 constanter
1317 3461 1542 3515 adduxi.
1579 3461 1719 3527 Quid
1756 3462 1858 3515 sint
1900 3469 2210 3525 assecutus,
2263 3468 2489 3513 secutus
2531 3467 2699 3521 certe,
2737 3465 2913 3520 tuum,
2962 3456 3047 3509 vir
3071 3454 3413 3520 doctissime,
3443 3455 3784 3527 lectorisque

502 3566 606 3606 non
638 3551 870 3621 imperiti
897 3550 1164 3620 judicium
1202 3558 1339 3605 esto.
1368 3548 1508 3603 Num
1542 3549 1671 3618 quid
1698 3548 1975 3617 amplius?
2006 3546 2205 3601 Etiam.
2248 3544 2622 3599 Patrocinium
2661 3543 2849 3597 adltaec
2895 3542 3099 3597 laboris
3124 3542 3287 3611 plane
3315 3542 3590 3610 Herculei,
3620 3560 3784 3600 more

502 3639 859 3708 institutoque
899 3638 1187 3705 majorum,
1226 3638 1324 3693 abs
1356 3646 1408 3691 te
1447 3636 1791 3706 potissimum
1833 3635 1998 3704 justis
2028 3636 2095 3688 de
2142 3634 2326 3689 causis
2373 3632 2628 3702 imploro.
2669 3631 2822 3697 Quod
2850 3631 2997 3685 enim
3038 3630 3227 3685 Graece
3258 3630 3401 3701 apud
3430 3646 3528 3687 vos
3549 3631 3789 3688 Pbotius

503 3726 684 3779 lumen
725 3726 959 3794 primum
1011 3724 1305 3794 aspexerit,
1343 3722 1597 3777 Latinam
1643 3718 1860 3794 quoque
1892 3722 2399 3793 interpretationem
2435 3719 2864 3790 subjungendam
2890 3718 2980 3785 jus
3013 3718 3204 3788 fasque
3229 3718 3442 3784 censui,
3473 3729 3585 3773 tum
3624 3719 3780 3797 quod

503 3814 833 3884 Augustana:
883 3811 1227 3869 bibliothecae
1271 3828 1468 3868 nomen
1527 3828 1813 3868 connnune
1870 3813 2152 3868 invitarit:
2196 3826 2317 3881 qua:
2351 3809 2682 3865 bibliotheca
2718 3806 3153 3873 Vindelicorum,
3193 3807 3433 3863 civitatis
3461 3806 3785 3865 Germania

504 3916 631 3956 vere
669 3901 945 3971 Augustae,
979 3914 1103 3955 cum
1152 3899 1289 3954 alios
1339 3900 1443 3953 alia
1481 3901 1546 3953 ad
1576 3900 1929 3970 spectandam
1982 3900 2131 3956 urbis
2172 3900 2484 3969 civiumque
2533 3896 2859 3967 elegantiam
2891 3904 3167 3961 moveant,
3200 3911 3286 3951 me
3309 3897 3673 3966 potissimum,
3704 3898 3789 3954 ob

505 3989 769 4044 librorum
818 3986 1030 4042 calamo
1055 3988 1110 4042 in
1149 3988 1484 4042 membranis
1512 3999 1858 4043 exaratorum
1884 3997 1938 4043 et
1980 3991 2212 4055 copiam,
2243 3998 2299 4043 et
2349 3996 2702 4053 vetustatem,
2734 3988 2786 4041 in
2825 3986 2906 4041 sui
2957 3985 3375 4041 admirationem
3416 3986 3599 4064 rapuit
3631 3985 3787 4041 deti-

505 4076 751 4145 nuitque.
787 4075 867 4129 Ad
904 4088 1069 4143 quam
1103 4074 1320 4144 quidem
1352 4076 1652 4129 ornandam
1690 4075 1996 4144 respublica
2046 4087 2223 4132 vestra
2258 4076 2562 4147 catalogum
2613 4075 3005 4146 exemplarium
3029 4090 3150 4145 quae
3186 4074 3512 4143 possideret,
3542 4088 3639 4144 per
3666 4074 3793 4130 Eu-

507 4178 693 4231 r0pam
731 4162 1118 4217 disseminasse
1151 4177 1255 4215 non
1282 4172 1558 4225 contenta,
1592 4163 1783 4217 doctos
1808 4162 1973 4217 etiam
2003 4163 2254 4218 homines
2284 4164 2540 4219 inusitata
2566 4173 2620 4219 et
2650 4178 2877 4234 prorsus
2907 4161 3172 4230 singulari
3210 4161 3548 4218 humanitate
3579 4161 3791 4219 invitat

506 4263 615 4319 quo
643 4263 738 4304 eos
786 4249 933 4318 ipsos
964 4246 1132 4302 libros
1187 4246 1417 4301 invicem
1444 4250 1807 4324 conferendo,
1846 4264 1909 4303 ac
1962 4249 2124 4303 veluti
2159 4250 2518 4318 gladiatorum
2550 4252 2701 4320 paria
2734 4249 3148 4314 committendo,
3187 4250 3241 4304 in
3274 4248 3553 4304 hominum
3601 4248 3792 4306 lucem

506 4345 892 4405 aspectumque
943 4335 1230 4388 commodo
1283 4333 1499 4404 publico
1532 4335 1862 4403 producant.
1893 4336 2047 4402 Quod
2099 4338 2307 4392 utinam
2342 4338 2649 4409 exemplum
2683 4340 2927 4409 dynastas
2960 4353 3026 4393 ac
3065 4350 3219 4407 reges
3248 4336 3445 4402 secuti,
3488 4337 3539 4390 in
3581 4337 3790 4392 iisdem

507 4425 699 4493 pedem
748 4423 999 4493 vesdgiis
1025 4433 1308 4492 ponerent,
1364 4438 1428 4478 ac
1492 4423 1659 4477 libros
1687 4435 2001 4479 sanctorum
2030 4424 2251 4478 Patrum
2288 4425 2528 4479 ineditos
2559 4425 2814 4492 cognosci
2843 4433 3008 4495 atque
3060 4423 3302 4492 evulgari
3355 4424 3637 4488 sinerent;
3689 4440 3787 4479 na:

516 4512 700 4581 plures
767 4512 924 4581 longe
957 4508 1267 4563 Graecarum
1299 4509 1599 4563 litterarum
1664 4526 1818 4563 nsum
1862 4510 2270 4579 interpretando
2334 4523 2673 4577 revocarent,
2718 4528 2820 4568 nec
2867 4514 3100 4584 amplius
3127 4513 3291 4567 veluti
3330 4522 3475 4567 muta
3513 4522 3797 4580 tacerent,

508 4611 628 4668 quae
686 4596 737 4651 in
792 4595 977 4652 densis
1008 4596 1166 4651 hodie
1200 4596 1454 4660 tenebris,
1493 4598 1664 4651 tineas
1699 4597 1989 4667 pascendo,
2037 4598 2381 4654 delitescunt.
2418 4600 2525 4655 Sed
2574 4601 2624 4655 id
2655 4610 2846 4671 optare
2883 4601 3049 4654 citius
3090 4615 3253 4669 quam
3303 4613 3528 4668 sperare
3578 4599 3735 4653 liceat
3768 4616 3792 4667 ;

512 4686 613 4740 nisi
658 4686 702 4741 si
736 4682 1083 4741 Velserorum
1128 4685 1336 4739 similes
1365 4686 1703 4751 exorientur,
1730 4687 1820 4755 qui
1857 4689 2269 4744 concordissimi
2323 4689 2523 4746 fratres
2567 4691 2688 4761 (vos
2712 4690 2856 4745 enim
2890 4689 3027 4744 bona
3062 4689 3219 4743 venia
3279 4688 3490 4757 appello
3541 4689 3783 4755 Antoni,

512 4774 782 4834 Matthaze,
816 4788 879 4827 ac
904 4771 1089 4842 Paule)
1121 4787 1234 4826 rem
1263 4772 1583 4827 litterariam
1614 4772 1772 4842 longe
1815 4774 2030 4844 lateque
2061 4778 2382 4845 provehitis,
2418 4778 2829 4848 disciplinarum
2870 4779 3133 4846 pomoeria
3169 4775 3452 4846 profertis,
3477 4776 3781 4844 doctisque

511 4860 820 4917 hominibus
854 4858 1154 4915 doctissimi
1189 4859 1287 4928 ipsi
1316 4874 1470 4928 opem
1504 4873 1561 4914 re
1594 4861 1928 4931 consilioque
1954 4862 2100 4919 ferre
2137 4879 2241 4920 non
2276 4866 2509 4920 cessatis
2538 4872 2555 4919 :'
2586 4875 2645 4919 nt
2672 4864 2783 4934 jam
2813 4864 3015 4934 ubique
3048 4863 3289 4935 gentium
3329 4878 3434 4917 non
3464 4864 3537 4918 sit
3564 4862 3789 4917 Pbmbo

510 4950 719 5020 gratior
749 4947 878 5011 ulla,

1438 5033 1612 5099 Quam
1650 5052 1770 5102 qua:
1806 5034 2012 5091 Velseri
2041 5038 2363 5107 praescripsit
2393 5040 2587 5107 pagina
2626 5054 2839 5091 nomen.

588 5123 687 5185 Te,
719 5132 770 5176 te
806 5122 989 5191 igitur,
1030 5121 1228 5188 Marce,
1262 5112 1447 5190 quaeso
1476 5124 1846 5193 obtestorque,
1886 5136 1944 5179 ut
1992 5141 2094 5194 qua
2129 5127 2346 5193 cmpisti
2382 5125 2785 5191 benevolentia,
2838 5135 3022 5180 nostra
3074 5123 3358 5192 complecti
3385 5136 3450 5177 ne
3498 5123 3748 5193 graveris
3778 5144 3799 5193 ;

515 5218 801 5278 exstetque
835 5210 974 5278 apttd
1006 5217 1253 5275 posteros
1297 5222 1430 5276 pace
1461 5218 1575 5272 tua,
1606 5224 1739 5263 meae
1769 5211 1821 5263 in
1857 5221 1910 5265 te
1948 5214 2310 5266 observantiae
2358 5212 2728 5281 memorisque
2780 5213 2947 5265 animi
3006 5212 3108 5266 hoc
3164 5211 3541 5280 qualecunque
3590 5225 3803 5265 monu-

516 5306 793 5363 mentum;
831 5296 972 5365 qnod
1013 5295 1214 5359 locum,
1271 5296 1647 5360 sividebitur,
1684 5298 1737 5350 in
1791 5292 2154 5354 BibliOtheca-
2188 5311 2397 5363 vestra,
2449 5317 2513 5354 ex
2549 5316 2653 5369 qua
2703 5316 2827 5354 cum
2867 5310 2944 5353 tot
2977 5298 3096 5352 aliis
3141 5298 3330 5353 Graece
3366 5299 3506 5369 typis
3561 5300 3801 5370 prodiit,

516 5385 707 5439 Latine
772 5400 990 5454 quoque
1035 5384 1290 5451 reperiat.
1336 5383 1391 5438 Si
1431 5387 1551 5453 quis
1600 5394 1780 5439 autem
1822 5403 1888 5441 ex
1929 5390 2013 5442 his
2064 5388 2262 5457 vigiliis
2305 5388 2513 5441 fructus
2567 5388 2633 5441 ad
2671 5387 2806 5441 alios
2846 5385 3076 5455 legendo
3129 5385 3439 5455 perveniet,
3477 5386 3622 5455 quod
3667 5395 3803 5441 stu-

518 5473 662 5526 ditnn
700 5473 916 5541 quidem
948 5482 1117 5534 certe,
1158 5471 1226 5524 ad
1254 5472 1763 5541 interpretationem
1806 5476 1935 5530 locis
1962 5476 2210 5530 obscuris
2243 5477 2415 5529 facem
2450 5475 2671 5530 scltoliis
2721 5474 3030 5537 allnccudo,
3064 5474 3157 5527 tibi
3184 5473 3358 5529 amice
3391 5488 3599 5544 magne,
3626 5489 3798 5543 grata

524 5560 809 5627 posteritas
843 5571 1122 5629 acceptum
1157 5558 1378 5612 referat.
1414 5559 1568 5613 Soles
1612 5562 1755 5614 enim
1790 5562 2106 5625 ἀκλείστους

2212 5580 2307 5633 ρας
2339 5562 2602 5632 παρέχειν
2629 5562 2811 5629 σοφοῖς
2838 5559 3094 5630 ἀνδράσι,
3133 5560 3273 5628 quod
3307 5560 3371 5613 de
3397 5574 3455 5613 se
3487 5571 3626 5628 apud
3657 5558 3803 5614 Phi-

524 5646 802 5699 lostralutn
844 5648 1208 5716 VeSpasianus
1248 5648 1381 5716 Aug.
1422 5648 1731 5715 profitetur,
1764 5664 1885 5702 cum
1920 5652 1994 5703 sis
2043 5653 2157 5719 ipse
2181 5651 2398 5718 spirans
2430 5651 2674 5719 qua-dant
2722 5648 3078 5701 Bibliotheca.
3116 5646 3345 5716 Suscipe
3380 5648 3561 5715 itaque
3590 5649 3805 5701 adver-

524 5747 617 5786 sus
645 5734 1067 5786 obtrectatorum
1124 5734 1446 5799 calumnias,
1480 5736 1660 5803 Operis
1706 5736 2115 5806 vigiliarumque
2168 5750 2473 5793 nostrarum
2506 5739 2678 5792 libens
2710 5737 3003 5805 volensque
3043 5737 3285 5792 tutelam.
3324 5736 3414 5791 Sic
3444 5736 3539 5790 tibi
3582 5734 3779 5789 illucc-

525 5830 699 5884 scant,
746 5817 910 5873 Deum
941 5835 1202 5876 venerans
1228 5836 1446 5892 precor,
1483 5823 1719 5878 ineuntis
1772 5825 1895 5879 anni
1931 5824 2137 5881 MDGV'I
2171 5825 2422 5881 Kalend-.c
2457 5824 2704 5881 feliciter.
2744 5824 3074 5894 Antucrpiac.
