4030 6428
478 413 542 484 ts
1125 390 1127 392 ’
1607 413 1706 471 AD
1746 407 2012 470 PHOTII
2054 407 2624 471 BIBLIOTHECAM
3624 399 3750 466 '16

471 531 720 588 eernitet
755 539 932 594 notat,
967 539 1028 584 ut
1065 532 1157 599 qui
1195 540 1443 584 summas
1493 523 1618 578 illas
1657 522 1825 590 legat,
1865 527 2008 574 totos
2041 519 2209 572 libros
2253 528 2309 573 et
2354 519 2571 590 ingenia
2627 529 2912 574 auctorum
2946 530 3112 572 nosse
3159 516 3261 571 sibi
3303 517 3569 571 videatur.
3610 515 3751 584 Quis

474 622 640 691 igitur
685 629 884 673 nostra:
935 617 1115 673 astatis
1139 632 1200 673 se
1230 631 1353 672 eum
1383 613 1580 668 Photio
1608 611 1862 666 conferre
1905 609 2133 672 audeat,
2166 607 2282 662 sive
2311 607 2589 678 ingenium
2640 606 2759 676 ejus
2804 616 3134 675 spectemus,
3170 606 3285 660 sive
3313 603 3662 675 πολυμαθίαν
3691 616 3754 660 et

470 695 825 779 πολυπειρίαν
843 723 859 773 ;
1521 746 1524 749 .

1573 785 1660 841 Ea:
1677 785 1873 840 litteris
1896 783 2128 838 Joannis
2154 781 2380 835 Livineii
2410 782 2480 834 ad
2509 781 2577 834 D.
2611 780 2683 834 11.

540 881 718 937 Photii
743 881 1008 951 scriptum
1034 877 1238 949 urgeri,
1271 884 1404 948 puto
1432 875 1786 929 vehementer
1817 886 1846 926 e
1877 887 1934 924 re
1966 870 2230 924 litteraria
2262 878 2403 923 esse;
2443 869 2538 923 Est
2567 870 2711 922 enim
2748 870 2982 933 varium,
3019 877 3074 921 et
3121 868 3377 921 oumibus
3418 868 3648 935 ingeniis
3683 882 3756 921 ac

469 969 666 1025 studiis
694 968 849 1022 valde
874 968 1142 1022 serviens.
1179 964 1382 1019 Deinde
1416 961 1606 1031 quanti
1651 961 1912 1023 aestimas,
1939 958 2084 1013 scire
2127 971 2225 1009 nos
2270 956 2463 1009 saltem
2495 968 2630 1024 quot
2673 956 2943 1009 bonorum
2990 955 3320 1024 scriptorum
3362 955 3414 1008 iu
3464 956 3612 1010 omni
3648 969 3754 1025 ge-

470 1071 602 1112 nere
628 1055 915 1121 doctrinas,
952 1053 1041 1124 qui
1069 1053 1186 1106 viro
1211 1051 1289 1106 illi
1324 1048 1742 1120 φιλολογωτάτῳ
1773 1046 1873 1100 visi
1908 1045 2163 1113 lectique,
2200 1042 2543 1111 naufragium
2579 1041 2896 1098 fecerimus.
2992 1052 2994 1054 '

1540 1134 1624 1188 Ea:
1671 1134 1866 1187 litteris
1897 1130 2015 1185 Jos.
2050 1129 2317 1198 Scaligeri
2341 1128 2410 1182 ad
2443 1130 2708 1183 eumdem.

547 1227 762 1286 Utinam
791 1271 807 1292 ,
851 1227 923 1282 mi
976 1225 1272 1290 llmseheli,
1300 1225 1352 1278 in
1391 1222 1572 1278 Photii
1602 1222 1839 1284 editione
1863 1216 2181 1273 exornanda
2210 1224 2260 1270 te
2283 1215 2474 1285 juvare
2501 1231 2734 1285 possem.
2778 1217 3000 1271 Librum
3038 1217 3254 1285 quidem
3304 1226 3476 1270 totum
3511 1216 3565 1270 iu
3609 1216 3753 1269 duos

475 1325 656 1372 tomos
685 1317 1022 1380 distinctum,
1059 1329 1221 1368 manu
1257 1311 1479 1366 Henrici
1510 1309 1772 1379 Stephani
1803 1307 2065 1376 scriptum
2099 1303 2228 1357 olim
2268 1303 2400 1373 legi,
2437 1319 2572 1374 Opus
2603 1305 2833 1369 varium,
2875 1321 2940 1360 ex
2985 1306 3137 1374 cujus
3167 1306 3407 1358 editione
3451 1303 3750 1365 incertum,

478 1405 731 1474 majorne
765 1403 1132 1459 redundatura
1158 1403 1230 1456 sit
1257 1401 1310 1456 iu
1361 1409 1414 1454 te
1446 1399 1640 1469 gloria,
1682 1413 1752 1450 an
1787 1396 1840 1449 in
1875 1395 2012 1449 alios
2039 1393 2272 1447 utilitas.
2299 1394 2463 1448 Certe
2502 1405 2608 1447 tam
2645 1395 2922 1464 egregium
2962 1397 3219 1463 scriptum
3251 1393 3359 1448 iton
3397 1394 3504 1446 alio
3534 1393 3752 1474 editore

475 1471 695 1558 ilignum
720 1500 857 1557 erat,
887 1505 1049 1560 quam
1086 1499 1160 1551 te,
1185 1488 1274 1557 qui
1308 1496 1384 1540 tot
1423 1487 1687 1540 bonorum
1729 1491 2015 1536 auctorum
2053 1481 2295 1537 editione
2331 1491 2385 1536 et
2409 1483 2775 1536 eruditionem
2825 1493 2970 1537 tuam
3005 1492 3059 1536 et
3091 1497 3419 1552 propensum
3450 1481 3502 1534 in
3539 1471 3755 1532 litteras

473 1579 710 1633 animum
747 1578 934 1631 testari
965 1575 1224 1630 volueris.
1255 1570 1442 1642 Neque
1477 1588 1598 1641 ego,
1631 1585 1809 1640 neque
1837 1567 2135 1624 Vulcanius
2177 1576 2367 1622 noster
2408 1576 2460 1621 te
2483 1566 2677 1634 juvare
2708 1569 2758 1622 itt
2795 1570 2895 1623 hoc
2924 1584 3232 1637 possumus,
3264 1569 3353 1638 qui
3389 1568 3532 1621 nulla
3566 1582 3758 1621 exem-

475 1665 646 1736 plaria
683 1665 800 1736 ejus
831 1664 954 1720 libri
988 1665 1274 1719 habemus.
1311 1660 1418 1716 Sed
1446 1661 1493 1715 si
1529 1660 1720 1724 habes,
1751 1667 1810 1712 ut
1837 1656 1997 1722 dicis,
2029 1655 2164 1721 duo,
2195 1665 2326 1723 puto
2363 1663 2414 1709 te
2438 1655 2691 1710 omnibus
2719 1656 2840 1711 aliis
2862 1671 3022 1726 aequo
3051 1657 3234 1712 animo
3270 1671 3464 1712 carere
3488 1670 3666 1725 posse.

1504 1746 1591 1802 Ea:
1611 1747 1809 1800 litteris
1841 1743 2026 1798 Isaaci
2051 1741 2354 1798 Casauboni
2375 1745 2443 1796 ad
2471 1745 2737 1798 eumdem.

543 1838 669 1894 Ain'
704 1850 759 1894 tu
789 1839 1016 1895 autem?
1041 1851 1167 1898 esse
1199 1834 1250 1892 te
1282 1837 1338 1892 in
1374 1853 1439 1891 eo
1473 1845 1532 1889 ttt
1572 1833 1752 1889 Photii
1783 1831 2170 1886 Bibliothecam
2204 1832 2377 1886 edas?
2409 1848 2442 1886 ο
2471 1847 2668 1886 munus
2704 1846 2838 1911 vere
2880 1833 3199 1887 muniﬁcum
3225 1833 3240 1888 l
3271 1848 3304 1888 0
3331 1842 3383 1889 te
3438 1831 3754 1886 liberaleml

475 1927 637 1984 iaclle
667 1939 756 1984 est
783 1941 853 1984 ex
882 1927 950 1983 lis
979 1941 1099 1996 quae
1122 1927 1426 1981 suntedita
1457 1925 1524 1980 de
1559 1922 1704 1976 illius
1735 1919 1892 1976 libris
1916 1928 2174 1988 tanquam
2204 1935 2270 1973 ex
2305 1918 2580 1990 unguibus
2610 1920 2822 1974 leonem
2852 1923 3149 1976 aestimare.

1109 2172 1420 2236 ISAACUS
1453 2169 1944 2232 CASAUBONUS
2001 2168 2260 2231 DAVIDI
2319 2167 2771 2228 HCESCHELIO
2806 2169 2870 2229 S.
2916 2168 2985 2228 P.
3022 2168 3093 2228 D.

463 2305 466 2310 Ι
550 2325 801 2385 Photium
835 2334 985 2380 tuum
1027 2330 1229 2394 quanta
1275 2331 1523 2392 pOteram
1567 2320 1847 2390 diligentia
1900 2320 2041 2372 inter
2081 2316 2288 2371 aulicos
2334 2318 2620 2384 strepitus,
2647 2317 2968 2372 avidissime
3026 2325 3174 2373 certe
3216 2318 3482 2386 percurri.
3523 2318 3760 2375 Ostendi

457 2395 871 2482 'ctiatnImunus
907 2422 1052 2467 tuum
1089 2409 1268 2466 doctis
1311 2409 1634 2481 magnisque
1670 2407 1845 2460 viris:
1882 2421 2112 2476 quorum
2171 2404 2224 2458 in
2271 2405 2372 2460 hac
2413 2406 2556 2473 regia
2611 2406 2748 2460 urbe
2797 2419 3053 2460 numerus
3097 2405 3514 2476 haudquaquam
3581 2412 3768 2479 paeni-

482 2502 700 2558 teudus.
735 2498 936 2559 Omnes
967 2498 1061 2556 tibi
1088 2507 1145 2551 et
1181 2495 1637 2564 prtestantissimo
1677 2492 1905 2548 Velsero
1937 2491 2143 2560 gratias
2168 2505 2338 2560 agere
2377 2492 2736 2554 iuunortales,
2778 2507 3010 2560 quorum
3043 2495 3368 2548 auctoritate
3398 2503 3454 2548 et
3487 2496 3762 2550 industria

483 2589 830 2646 utilissimum
865 2587 1188 2655 scriptorem
1231 2583 1481 2653 proximo
1511 2592 1775 2638 autumno
1823 2597 1882 2635 se
1929 2579 2216 2634 habituros
2242 2588 2489 2650 sperant.
2521 2579 2833 2648 Principetu
2865 2581 3004 2634 inter
3036 2580 3198 2648 hujus
3228 2583 3439 2637 ordinis
3473 2585 3618 2638 viros
3658 2583 3744 2637 lo-

482 2700 612 2759 eum
639 2684 850 2740 obtinet
882 2694 1081 2756 praeses
1105 2678 1369 2734 Thuauus
1403 2694 1434 2743 :_
1455 2692 1624 2746 quem
1650 2691 1752 2746 ego
1782 2676 1957 2730 virum
1991 2676 2257 2734 divinitus
2292 2677 2476 2729 datum
2502 2688 2700 2730 censeo
2734 2674 2938 2730 saeculo
2969 2675 3056 2730 isti
3091 2675 3145 2729 in
3170 2677 3480 2746 exemplum
3512 2678 3761 2745 pit-tatis,

485 2771 840 2841 integritatis,
866 2769 1174 2840 probitatis,
1211 2774 1351 2820 etut
1386 2780 1494 2822 uno
1533 2766 1700 2818 verbo
1753 2765 1932 2818 dicam
1979 2765 2076 2820 πάι

2203 2765 2403 2836 ἀρετῆς
2428 2764 2522 2819 καὶ
2549 2763 2815 2834 καλλονῆς
2852 2765 3050 2835 ψυχῆς.
3095 2763 3234 2818 Sunt
3258 2774 3314 2819 et
3358 2767 3623 2821 multi-alii
3647 2783 3765 2836 qua

485 2859 540 2914 in
575 2859 722 2922 aula,
761 2857 940 2928 quain
974 2865 1168 2910 senatu
1195 2853 1496 2912 Parisieusi
1523 2851 1838 2923 λάμποντες
1868 2852 2102 2922 ἀστέρες
2126 2851 2205 2916 ὡς
2233 2853 2398 2907 veStri
2424 2841 2832 2918 studiosissimi,
2868 2865 2926 2908 et
2955 2856 3192 2924 purioris
3222 2842 3542 2910 litteratura:
3563 2871 3767 2910 aman-

393 2957 401 2965 '
487 2946 706 3014 tissimi.
745 2944 952 3000 Omnes
982 2943 1038 2998 lti
1081 2940 1334 3000 Photiutn
1374 2949 1612 2995 vestrum
1657 2940 2010 3008 cupidissime
2037 2950 2382 3010 exspectant,
2414 2941 2618 2996 eximie
2651 2952 2831 2996 autem
2859 2941 3189 2997 Franciscus
3231 2942 3495 3004 Pithoeus,
3545 2944 3612 2998 de
3635 2961 3765 3012 quo

488 3047 664 3104 ιιυρθτ
721 3032 1074 3102 Scripseram,
1103 3043 1223 3088 esse
1260 3028 1312 3082 in
1361 3026 1480 3096 eius
1509 3027 1757 3082 manibus
1789 3025 1969 3084 Pbotii
1994 3027 2293 3097 exemplar,
2319 3028 2648 3082 collaturum
2677 3044 2764 3084 me
2793 3041 2942 3083 tuum
2973 3032 3218 3086 codicem
3256 3047 3377 3085 cum
3413 3032 3505 3086 illo
3540 3055 3552 3088 :
3579 3045 3636 3087 et
3661 3049 3769 3087 ex-

487 3128 704 3189 cerptas
740 3119 866 3173 inde
889 3117 1109 3190 γραφὰς
1137 3115 1426 3188 διαφόρους
1473 3115 1652 3169 isthue
1681 3115 1996 3171 missurum.
2031 3115 2217 3185 Neque
2241 3118 2310 3170 ab
2343 3117 2434 3170 illo
2461 3132 2638 3186 neque
2666 3133 2695 3170 a
2737 3133 2822 3171 me
2873 3119 3096 3189 insuper
3141 3119 3322 3174 habita
3354 3136 3414 3174 ea
3454 3135 3611 3186 cura,
3659 3125 3766 3178 sed

408 3247 410 3250 -
489 3222 787 3278 paucorum
817 3205 1071 3262 foliorum
1099 3204 1508 3274 comparatione
1540 3201 1848 3266 didicimus,
1878 3201 2012 3257 nihil
2032 3213 2124 3257 aut
2147 3218 2335 3272 parum
2364 3206 2586 3260 omnino
2611 3207 2802 3260 auxilii
2833 3207 2899 3260 ad
2935 3201 3235 3261 ornaudam
3269 3217 3412 3261 luam
3461 3210 3764 3263 editionem

489 3309 521 3347 a
557 3293 754 3348 Pithaei
785 3291 920 3346 libro
946 3305 1068 3346 esse
1093 3289 1543 3357 exspectandum.
1576 3285 1758 3352 Quare
1789 3287 1933 3340 aliud
1960 3301 2157 3342 censeo
2193 3304 2436 3361 agamus.
2477 3292 2741 3361 Equidem
2780 3294 2824 3347 si
2851 3296 2995 3348 domi
3029 3295 3084 3348 in
3114 3293 3300 3349 Museo
3333 3311 3454 3349 meo
3487 3312 3606 3365 qua!
3626 3309 3769 3353 sunt

498 3395 528 3434 a
555 3389 609 3436 te
633 3381 795 3434 missa
826 3378 1096 3449 legissem,
1134 3387 1228 3430 aut
1258 3376 1354 3431 otii
1391 3375 1695 3446 plusculum
1725 3373 2040 3429 habuissem
2089 3376 2156 3430 ad
2196 3378 2250 3431 id
2291 3381 2590 3447 negotium,
2627 3380 2776 3449 plura
2805 3392 2860 3435 et
2895 3381 3116 3435 meliora
3156 3383 3206 3434 in
3251 3395 3317 3436 eo
3352 3384 3630 3450 Scriptore
3661 3384 3770 3438 ob-

489 3483 794 3523 servassem
835 3475 889 3522 et
919 3475 1095 3521 tecum
1140 3464 1660 3519 conmmnicassem.
1710 3462 1817 3544 Sed
1847 3463 2010 3518 crede
2057 3465 2191 3520 mihi
2217 3466 2360 3520 serio
2391 3466 2708 3532 aliirmanti,
2761 3468 2894 3521 nihil
2923 3470 3262 3537 uccupatius,
3313 3470 3446 3523 nihil
3495 3485 3523 3522 a
3561 3472 3770 3525 studiis

491 3554 810 3609 alieniusea
841 3553 975 3618 vita,
1001 3568 1162 3622 qttaut
1194 3553 1246 3605 in
1285 3552 1534 3606 haeaula
1562 3551 1830 3605 hactenus
1845 3549 2105 3606 viximus.
2139 3550 2208 3606 Ut
2232 3553 2400 3608 seires
2430 3563 2605 3608 tamen
2635 3556 2802 3608 etiam
2837 3556 2889 3608 in
2944 3547 3175 3610 smnmis
3203 3557 3348 3612 hisce
3380 3559 3771 3626 occupationi-

494 3646 593 3698 btts
627 3641 877 3697 Photium
915 3651 1064 3696 tuum
1095 3641 1254 3696 nobis
1279 3655 1403 3695 esse
1429 3639 1652 3703 lectum,
1683 3639 1914 3707 paucula
1945 3639 2193 3708 quaedam
2227 3640 2496 3696 illevimus
2535 3642 2660 3696 huic
2690 3643 2916 3706 chartaa,
2947 3659 3064 3714 quze
3100 3655 3209 3700 tum
3257 3646 3488 3700 nobisin
3521 3656 3770 3700 tuentem

409 3739 416 3750 ‘
488 3738 779 3784 venerunt.
809 3727 952 3782 Nam.
979 3728 1206 3798 gravius
1227 3728 1434 3798 aliquid
1465 3727 1663 3782 frustra
1705 3743 1848 3781 nunc
1877 3743 1906 3781 a
1952 3741 2040 3782 me
2077 3729 2502 3796 exspectaveris.
2530 3729 2681 3796 Vale,
2714 3732 2798 3784 vir
2835 3731 3170 3798 doctissime,
3209 3742 3266 3786 ct
3316 3749 3401 3787 me
3443 3744 3774 3790 constanter

494 3831 640 3872 ama.
674 3815 901 3872 Lutetia:
920 3814 1256 3871 Parisiorum
1290 3815 1326 3870 5
1357 3815 1584 3869 Kalend.
1610 3813 1796 3868 Iunias
1820 3831 1945 3869 nec.

1463 4130 1473 4139 .
1538 4082 1644 4141 EX
1727 4083 1947 4142 NOTIS
1991 4085 2320 4146 ANDREIE
2387 4089 2720 4162 SCI‘IOTTI,

1645 4221 1732 4264 AD
1770 4221 2337 4285 CHRESTOMATHIAM
2357 4227 2602 4272 PROCLI.

578 4353 947 4426 Ἂνετνὼσοη,
975 4355 1172 4408 lectum
1211 4364 1316 4418 est,
1357 4353 1439 4407 vel
1492 4347 1963 4426 ’Axiawtbalirjsav,
1999 4355 2137 4411 lecta
2168 4367 2315 4413 sunt.
2367 4359 2460 4414 Sic
2488 4361 2554 4416 de
2586 4361 2812 4432 singulis
2853 4377 2880 4415 a
2911 4378 2970 4418 se
2999 4377 3121 4418 cum
3154 4361 3358 4432 judicio
3404 4365 3560 4428 lectis
3609 4367 3774 4426 libris

499 4444 726 4501 Photius
779 4443 1086 4513 patriarcha
1117 4441 1749 4511 Constantiuopolitanus
1785 4444 1842 4496 ὲν
1877 4446 1944 4513 τῇ
1983 4445 2090 4496 Βιὸἰ

2182 4446 2308 4519 ὶήκῃ
2350 4449 2460 4501 τῶν
2507 4450 2936 4519 ἀνεγνωσμένων
2974 4452 3368 4522 αὑτῳβιϐλίων
3413 4455 3668 4523 loquitur,
3711 4470 3773 4513 tit

504 4531 719 4589 Oculato
749 4530 869 4585 testi
896 4532 1028 4586 lides
1061 4531 1348 4584 habeatur.
1380 4529 1488 4585 Nec
1514 4531 1660 4584 enim
1689 4546 1756 4584 ex
1786 4531 2014 4584 aliorum
2058 4548 2328 4600 sermone,
2370 4537 2452 4591 vel
2495 4538 2694 4602 obiter,
2730 4550 2784 4594 et
2828 4549 3087 4607 tanquam
3128 4555 3222 4610 per
3281 4550 3633 4596 transennam
3685 4548 3770 4599 in-

505 4627 692 4691 specto
719 4635 904 4688 opere,
937 4626 994 4671 ut
1028 4616 1142 4674 fere
1168 4617 1270 4670 hoc
1303 4618 1520 4681 smeulo,
1565 4617 1634 4672 de
1659 4627 1774 4674 toto
1801 4633 1964 4687 opere
1993 4618 2089 4686 jud

2187 4639 2256 4674 nn
2307 4625 2405 4679 sibi
2444 4624 2728 4680 ferendum
2752 4628 3120 4692 existimabat,
3150 4630 3242 4682 sed
3278 4646 3305 4683 a
3337 4630 3516 4697 capite
3553 4634 3620 4684 ad
3655 4636 3774 4685 cal-

503 4724 622 4766 cem
661 4708 920 4778 perlecta,
955 4707 1124 4760 libere
1160 4706 1368 4775 judicat
1402 4721 1599 4759 censor
1629 4717 1688 4758 et
1728 4707 1952 4761 (-ritieus
1988 4710 2361 4775 gravissimus.
2399 4714 2594 4767 summi
2632 4722 2685 4767 et
2717 4715 2915 4783 ingenii
2960 4725 3013 4768 et
3053 4717 3265 4783 judicii,
3299 4719 3364 4770 de
3404 4719 3777 4787 scriptoribus

511 4797 762 4852 ducentis
789 4795 1021 4863 amplius
1064 4803 1120 4847 ct
1141 4793 1510 4862 septuaginta,
1554 4793 1872 4862 philologis,
1902 4796 2099 4862 poetis,
2133 4797 2430 4865 historicis,
2471 4802 2802 4865 oratoribus,
2847 4793 3180 4870 philosophis
3235 4815 3289 4856 et
3321 4805 3586 4874 theologis
3625 4824 3639 4861 :
3673 4809 3776 4875 qui

504 4886 794 4940 maximam
825 4893 1060 4953 partem,
1086 4891 1459 4952 tetnporumne
1493 4883 1710 4950 injuria,
1741 4898 1811 4936 au
1872 4884 2138 4951 majorum
2171 4887 2404 4950 incuria,
2437 4888 2735 4956 perierunt.
2794 4887 2858 4941 Et
2885 4891 3107 4957 quidem
3145 4889 3212 4943 de
3246 4889 3373 4960 διγΙί
3417 4891 3768 4957 charactere,

502 4977 827 5043 scriptorum
859 4987 1105 5032 numero,
1145 4981 1198 5025 et
1248 4971 1441 5032 titulis,
1481 4987 1600 5042 quae
1630 4973 1860 5039 γνήσια,
1906 4987 2027 5039 quae
2066 4972 2093 5039 tl

2188 4971 2509 5043 Ξεπιγραφα,
2553 4976 2683 5044 quid
2719 4975 2898 5041 laude,
2927 4985 2983 5030 et
3037 4976 3362 5042 imitatione,
3403 4980 3531 5046 quid
3575 4989 3779 5034 contra

506 5059 905 5131 vituperatione
935 5060 1154 5128 dignum
1185 5058 1236 5110 in
1263 5058 1491 5125 singulis
1525 5059 1998 5126 tlej'treheudisset,
2035 5057 2156 5113 sine
2192 5061 2316 5114 fuco
2341 5072 2403 5115 et
2442 5062 2589 5126 odio,
2630 5078 2791 5136 more
2811 5062 3102 5130 majorum,
3147 5067 3483 5131 pronuntiat.
3527 5066 3784 5136 Denique

507 5166 612 5220 qua
641 5149 872 5222 quisque
903 5156 1224 5216 tempestate
1255 5145 1525 5213 ﬂoruerit,
1567 5158 1895 5213 caeteraque,
1926 5147 2144 5217 longum
2181 5158 2325 5203 esset
2349 5149 2496 5202 enim
2524 5151 2602 5203 ire
2635 5165 2730 5220 per
2759 5134 2996 5220 singula,
3025 5153 3288 5206 audacter
3312 5153 3602 5223 dijudicat.

2092 5316 2160 5326 ..υ-.-

1458 5404 1835 5464 J.L1PSlUS
1865 5405 2123 5464 MARCO
2160 5404 2505 5465 VELSEHO
2544 5403 2605 5463 s.
2631 5405 2709 5462 Μ.
2743 5391 2814 5464 D.

535 5547 540 5551 '
586 5532 848 5588 Senecam
891 5542 1136 5586 nostrum
1167 5547 1196 5584 a
1237 5541 1289 5584 te
1319 5535 1626 5598 acceptum,
1657 5541 1711 5585 et
1739 5545 1863 5584 vere
1892 5539 2193 5600 acceptum,
2228 5533 2277 5584 id
2318 5541 2421 5594 est,
2453 5542 2662 5599 gratum
2692 5529 2877 5592 fuisse,
2914 5530 3146 5599 gaudeo.
3174 5531 3366 5586 Annon
3401 5543 3570 5596 esset,
3623 5535 3786 5593 sci-i-

515 5629 633 5689 ptor
659 5621 892 5688 optimus
923 5621 1037 5674 viro
1069 5618 1314 5688 optimo?
1342 5619 1493 5683 Quod
1530 5621 1611 5672 ais
1641 5619 1950 5672 desiderare
1995 5622 2254 5686 quosdam
2296 5617 2499 5682 reliqua
2527 5635 2539 5669 :
2581 5631 2749 5684 pauca
2776 5625 2924 5680 sunt,
2959 5627 3010 5668 ct
3041 5618 3202 5672 hodie
3232 5634 3347 5673 mos
3373 5620 3583 5673 obtinet
3633 5626 3790 5678 reli-

513 5713 771 5778 quateres
811 5722 950 5770 esse,
1000 5710 1111 5762 imo
1135 5709 1578 5763 coaturbaiores.
1619 5708 1782 5760 Detur
1822 5706 1996 5768 venia,
2024 5714 2118 5756 aut
2161 5714 2310 5758 certe
2357 5718 2504 5756 mora
2557 5703 2759 5769 aliqua,
2815 5703 3150 5756 valetudini:
3192 5714 3245 5758 et
3292 5703 3529 5758 fortasse
3583 5709 3782 5767 altera

516 5796 678 5850 editio
711 5793 877 5848 dabit.
912 5795 1048 5846 Sunt
1077 5805 1131 5848 et
1176 5797 1228 5848 in
1259 5794 1363 5849 illis
1395 5793 1569 5862 libris,
1603 5809 1724 5861 qua:
1756 5793 1958 5848 volenti
2007 5790 2148 5845 haud
2192 5791 2464 5858 peribunt.
2503 5792 2571 5840 At
2598 5799 2651 5840 tu
2690 5792 2754 5843 de
2795 5788 2970 5856 elogio
3006 5790 3203 5844 debere
3237 5793 3540 5860 proﬁteris.
3585 5793 3654 5846 Et
3696 5799 3793 5851 sic
