4030 6446
316 369 379 434 Π
1678 372 2269 436 PROLEGOMENA.
3545 370 3612 448 is

312 476 867 549 loqueris?judicio,
908 477 1093 531 dicere
1136 478 1415 532 debebas:
1456 488 1511 533 et
1562 478 1686 533 ideo
1734 479 1869 534 nihil
1919 483 2140 539 debere.
2182 484 2313 539 Mihi
2342 485 2529 551 crede,
2572 486 2703 541 utsi
2734 486 2953 556 juratus
2978 488 3033 543 in
3060 498 3250 545 senatu
3276 497 3604 554 sententiam

312 568 590 632 dicerem,
636 568 722 622 sic
749 567 881 620 dixi.
910 566 1050 619 Amo
1085 574 1137 619 te
1164 566 1507 635 jamdudum,
1545 568 1615 621 mi
1661 566 1906 635 Velsere,
1949 572 2041 625 sed
2086 571 2315 651 aliectus
2351 573 2493 627 illam
2526 573 2696 628 animi
2734 575 2909 629 lucem
2937 591 3043 630 non
3072 578 3419 637 obtencbrnt.
3476 583 3607 653 Sed,

314 658 477 721 heus,
511 655 773 725 estquod
800 656 1074 709 communi
1108 655 1477 709 litteratorum
1521 658 1740 711 nomine
1768 660 2238 722 commendemus,
2268 661 2351 715 vel
2386 670 2662 730 petamus.
2688 662 2919 717 Andreae
2951 665 3190 730 Scltoui,
3224 670 3409 738 magni
3436 672 3601 727 amici

312 744 529 807 nostri,
558 742 817 804 Pbotius,
852 742 1077 795 Latinus
1120 740 1331 811 jamdiu
1384 743 1525 811 apud
1562 759 1659 797 vos
1705 755 1809 809 est,
1858 753 1912 799 et
1951 745 2170 814 quando
2220 745 2337 813 ipse
2377 746 2577 812 lucem,
2611 761 2711 803 nos
2740 763 2863 803 eum
2895 749 3241 806 videbimus?
3272 752 3437 811 Certe
3468 757 3609 812 inter

312 846 527 898 paucos
581 830 672 885 ille
710 833 950 899 scriptor
994 840 1277 885 tueretur:
1310 830 1400 900 qui
1436 831 1583 885 solus
1620 842 1697 884 tot
1745 832 2175 887 clarissimorum
2215 834 2557 903 ingeniorum
2602 845 2959 891 monumenta
2993 855 3023 892 a
3048 838 3163 894 fato
3206 841 3410 912 eripuit
3446 860 3461 897 :
3493 852 3607 901 toto

312 920 443 973 dico
472 919 613 983 fato,
645 928 705 973 et
733 919 931 973 saltem
970 919 1191 972 nomina
1220 929 1272 973 et
1304 919 1635 985 scriptorum
1671 919 1815 973 velut
1839 921 2081 973 membra
2109 922 2368 975 servavit.
2403 921 2576 988 Quam
2605 923 2805 979 multos
2829 924 2917 978 ille
2944 924 3093 996 legit,
3123 942 3188 982 ex
3218 928 3284 983 iis
3306 928 3491 1000 elegit,
3521 941 3599 998 et,

315 1016 378 1059 ut
410 1007 495 1061 sic
526 1006 751 1076 loquar,
785 1007 1094 1071 deﬂoravit,
1125 1021 1261 1075 quos
1301 1021 1465 1061 nosse
1500 1006 1655 1061 nobis
1689 1007 1852 1062 aliter
1899 1022 2005 1061 non
2047 1008 2225 1062 esset?
2253 1008 2294 1060 Ε
2337 1010 2529 1075 sacris,
2564 1011 2830 1080 profanis,
2856 1015 3268 1079 tractatoribus.
3301 1017 3603 1084 historicis,

312 1096 661 1158 oratoribus,
699 1096 893 1163 poetis,
928 1104 981 1149 et
1019 1095 1155 1149 nihil
1198 1094 1356 1148 estin
1386 1094 1571 1149 Graeca
1601 1095 1746 1149 omni
1774 1094 2105 1157 litteratura,
2132 1106 2225 1148 aut
2258 1104 2315 1147 ιιι
2347 1095 2530 1150 verius
2562 1098 2763 1164 dicam,
2801 1096 3044 1167 libraria,
3077 1105 3222 1171 quod
3253 1104 3342 1160 ille
3369 1106 3454 1161 vir
3491 1122 3603 1161 non

314 1183 531 1238 libarit.
563 1181 975 1237 Pulcherrimus
1007 1197 1127 1236 tuos
1154 1182 1205 1235 itt
1239 1197 1421 1236 mensa
1454 1182 1686 1252 legendi,
1719 1180 1806 1237 vel
1851 1182 2103 1237 audiendi
2132 1200 2147 1237 ε
2180 1184 2275 1236 sed
2306 1183 2410 1237 iste
2448 1182 2733 1253 pulchrior
2760 1188 3074 1258 utiliorque,
3104 1194 3435 1258 annotandi,
3469 1208 3605 1250 cen-

312 1272 498 1337 sendi,
531 1271 890 1340 excerpendi.
925 1269 1156 1325 Pltotius
1186 1270 1333 1335 fecit,
1366 1279 1422 1324 et
1455 1270 1545 1338 qui
1590 1269 1657 1325 ad
1707 1283 1806 1326 nos
1856 1285 2245 1341 pervenerunt,
2291 1274 2462 1331 solus.
2503 1274 2675 1329 David
2708 1274 3052 1334 llmschelius
3090 1292 3289 1351 vester,
3323 1274 3379 1338 et
3405 1285 3606 1340 vestris

311 1363 483 1417 etiam
516 1361 807 1429 auspiciis,
848 1358 1096 1413 Graecum
1131 1360 1404 1427 primitus,
1442 1370 1495 1412 et
1532 1360 1682 1413 varie
1726 1369 1890 1432 atque
1922 1359 2188 1416 industrie
2218 1364 2568 1431 castigatum,
2600 1364 2748 1418 dedit
2776 1382 2788 1418 :
2843 1366 2936 1421 scd
2962 1368 3109 1423 nosti
3142 1384 3250 1439 quo
3278 1379 3499 1426 ventum
3533 1373 3607 1427 sit

314 1451 539 1519 ignavia
588 1449 717 1513 aevi,
768 1448 928 1517 pauci
966 1446 1083 1501 haec
1136 1444 1323 1514 legunt
1358 1454 1456 1500 aut
1489 1448 1732 1514 Cupiunt,
1763 1457 1817 1501 et
1854 1448 1957 1501 nisi
2003 1449 2195 1503 Latina
2252 1452 2547 1517 addantur,
2579 1468 2716 1521 pene
2768 1454 2943 1509 dicam
3000 1472 3108 1511 non
3164 1459 3402 1515 dedisse.
3463 1458 3607 1531 Ergo

312 1541 383 1594 Α.
411 1540 710 1607 Schottus,
743 1538 829 1593 vir
861 1539 1004 1592 bono
1031 1536 1251 1606 publico
1290 1548 1473 1601 natus,
1499 1536 1847 1598 allaboravit,
1878 1548 1934 1591 et
1973 1537 2227 1591 Latinum
2270 1549 2441 1593 totum
2471 1540 2643 1606 dedit,
2675 1550 2729 1595 et
2763 1538 2855 1596 tibi
2884 1544 3180 1600 commisit.
3215 1543 3355 1602 Ecce
3380 1547 3508 1618 jure
3547 1556 3599 1601 te

309 1630 654 1698 ﬂagitamus.
702 1625 812 1681 Fac
836 1626 978 1694 quod
1006 1625 1151 1679 soles
1181 1634 1235 1678 et
1271 1634 1433 1679 natus
1464 1638 1544 1689 es,
1578 1640 1689 1679 rem
1733 1625 2004 1694 publicam
2043 1628 2125 1681 vel
2171 1628 2397 1697 privatae
2429 1639 2537 1684 tum
2571 1632 2770 1685 damno
2796 1630 2944 1698 juva.
2977 1631 3046 1686 Illi
3080 1632 3321 1699 Velsere,
3357 1636 3421 1688 da
3461 1635 3605 1690 hanc

310 1729 567 1781 operam,
600 1713 707 1768 etsi
746 1728 912 1782 quam
943 1712 1170 1779 trepidis
1201 1722 1257 1767 et
1280 1727 1417 1782 pene
1441 1713 1741 1783 desperatis
1767 1712 2013 1783 Europa!
2040 1716 2233 1770 rebus!
2270 1716 2573 1786 Pannonia,
2613 1728 2667 1773 et
2693 1716 2804 1788 jam
2831 1718 3104 1790 lllyricuut
3144 1716 3460 1790 ﬁnitimum,
3484 1720 3601 1779 sol-

310 1802 491 1857 licitos
522 1816 628 1857 nos
662 1801 863 1856 habent
889 1816 903 1853 :

1302 1887 1433 1953 ‘Quo
1457 1888 1664 1957 pondus
1701 1889 1843 1942 istud
1878 1890 2090 1959 verget?
2130 1889 2218 1941 ubi
2263 1900 2417 1958 ponet
2448 1890 2663 1947 minas?

210 2034 213 2035 ν
310 1975 657 2047 [bicunque,
692 1988 927 2041 stemus,
955 1987 1009 2031 et
1040 1978 1092 2030 in
1128 1977 1358 2031 ItoneSto
1389 1976 1552 2039 ﬁrmi,
1586 1992 1803 2030 omnem
1838 1976 1931 2029 fati
1964 1979 2068 2029 vim
2103 1977 2459 2045 excipiamus,
2492 1979 2601 2036 ituo
2630 1980 2937 2046 vincamus.
2967 1980 3019 2037 id
3048 1987 3151 2052 est,
3194 1980 3454 2041 feramus.

393 2065 547 2121 Vale.
579 2066 834 2131 bovanii,
872 2065 1137 2136 postridie
1169 2064 1372 2119 Natalis
1395 2065 1689 2130 Dominici,
1721 2082 1865 2119 anno
1894 2064 2131 2119 MDCVl.

1917 2205 1985 2215 .——-

963 2296 1040 2356 IN
1096 2295 1503 2357 PHOTIANA;
1529 2270 1533 2274 ’
1560 2294 1858 2356 BIBLIOT

1999 2295 2089 2358 »Ε
2143 2256 2962 2370 INTERPRETATIONEM,

853 2440 890 2483 Α
929 2440 993 2483 R.
1034 2439 1092 2483 P.
1138 2436 1391 2483 ANDREA
1447 2438 1725 2483 SCHOTTO
1787 2439 1868 2481 DE
1929 2438 2268 2481 SOCIETATE
2307 2438 2457 2482 JESU
2508 2434 2737 2483 LATINE
2795 2436 3051 2483 EDITAM.

1624 2544 1816 2602 Fedcr.
1847 2544 2137 2610 Juntotius,
2175 2543 2321 2599 Med.

307 2694 567 2756 Σκόττος
590 2690 705 2743 ἀπὸ
726 2686 963 2741 σκοτίοιο
991 2703 1055 2755 cpe
1065 2683 1204 2757 ρὼνυ
1214 2688 1311 2755 μός
1330 2686 1479 2738 ἐστιν
1496 2686 1726 2757 ὁμίχλης

378 2785 603 2848 Φὼτιος
624 2782 701 2844 ὡς
728 2778 987 2850 λαμπροῦ
1022 2777 1254 2846 κληδόνα
1284 2778 1461 2845 φωτὸς
1485 2777 1618 2848 ἔχει.

306 2876 469 2929 Τένδ⁹
496 2875 660 2943 ἐπειὴ
688 2873 784 2925 καὶ
814 2873 1077 2935 Σιόττος
1099 2870 1388 2937 ἀπήγαγεν
1415 2870 1612 2940 ἀχλύος
1641 2871 1798 2941 αἰνῆς

372 2968 609 3021 Φωτικὰ
628 2964 970 3036 λαμπρύνων
992 2963 1296 3035 γράμματα
1325 2978 1466 3031 (pom
1483 2964 1614 3034 νέῳ.

308 3061 373 3131 (Τ
374 3064 482 3114 οῖσι
510 3058 891 3126 παλαιγενέων
911 3057 1285 3127 σφραγίσσατο
1315 3054 1536 3123 Φώτιος
1559 3056 1768 3129 ἀνδρῶν

378 3155 685 3222 Μνήειατα,
711 3152 952 3222 τιμήσας
985 3151 1280 3218 στίγμασιν
1304 3149 1620 3219 ἀμφαδίοις)

314 3247 374 3299 ΕΞ
401 3246 565 3315 Θέμις
604 3245 932 3315 ἀτρεκέεσσι
963 3241 1304 3314 πανατρεκὲς
1332 3242 1541 3312 οὕνομα
1569 3242 1762 3308 θεῖναι,

377 3336 483 3401 '0;
507 3355 641 3391 πῡτε
666 3338 924 3402 Σώττος
942 3334 1058 3404 ἔην,
1087 3332 1307 3398 Φώτιος
1331 3332 1491 3396 ἄλλος
1523 3332 1623 3385 ἔοι.

314 3492 522 3549 Fratre.
566 3495 820 3551 Schottus
842 3496 973 3551 Jure
1004 3497 1276 3552 consultus
1318 3513 1380 3550 ac
1405 3505 1617 3551 senator
1646 3496 1904 3560 Antuerp.

312 3609 478 3664 Photi
508 3590 735 3681 scripta,
769 3612 918 3679 prius
948 3611 1038 3681 qui
1084 3626 1228 3665 caeco
1262 3626 1487 3664 carcere
1519 3584 1761 3675 clausus,

384 3702 679 3768 Horridus,
714 3702 945 3768 invisus,
981 3714 1143 3758 nocte
1176 3702 1380 3757 latebat
1411 3703 1581 3766 iners,

308 3794 515 3848 Eduxit
552 3795 807 3862 quoniant
840 3794 957 3848 dias
994 3794 1046 3863 itt
1082 3794 1304 3848 luminis
1332 3808 1479 3857 oras,

381 3885 582 3939 Frater
608 3887 862 3952 amando,
897 3885 1061 3939 animi
1104 3886 1501 3953 dimidiumque
1535 3882 1662 3944 mei,

308 3977 578 4033 Gratulor
598 3986 655 4033 et
682 3978 855 4043 laetor,
898 3960 1081 4046 prisco
1113 3977 1311 4032 dehinc
1351 3990 1504 4031 more
1544 3986 1831 4045 parentum

378 4069 582 4125 Grates
608 4081 762 4138 grata
794 4071 923 4125 velit
953 4072 1167 4124 solvere
1193 4071 1508 4138 posteritas.
1800 4129 1809 4140 ι

310 4165 428 4217 Lux
462 4164 704 4217 tenebra:
735 4163 822 4217 ltic
848 4161 1028 4216 fausto
1060 4162 1385 4231 conspirant
1414 4161 1616 4225 omine,
1647 4160 1833 4215 lucens

378 4255 903 4324 Namqueobscura
926 4255 1079 4322 prius
1104 4252 1438 4307 Bibliotheca
1472 4263 1643 4322 patet.

314 4351 427 4404 Lux
461 4349 629 4402 micat
665 4365 695 4403 e
744 4348 985 4404 tenebris
1032 4362 1098 4402 en
1143 4358 1327 4400 mutua
1362 4363 1376 4400 :
1408 4360 1625 4415 noxque
1658 4345 1901 4401 vicissim

378 4441 617 4503 Lumen,
653 4448 705 4495 ct
733 4452 852 4494 atra
888 4441 1005 4493 dies
1041 4439 1287 4508 ajttbare
1318 4439 1617 4508 accipiunt.

307 4533 497 4587 Fallor
521 4549 587 4585 an
625 4533 897 4601 aspicient
926 4533 1076 4600 pulsa
1112 4532 1345 4599 caligine
1376 4530 1535 4585 ocelli

376 4625 609 4689 Lucem,
646 4634 827 4677 mente
852 4616 1021 4677 Deum
1047 4625 1382 4693 justitizeque
1409 4620 1574 4689 jubar
1596 4621 1619 4673 ?

304 4718 477 4770 l’hoti
510 4733 708 4771 munus
738 4718 845 4771 erit
874 4724 951 4770 tot
974 4717 1111 4771 lecta
1142 4716 1416 4771 volumina
1450 4712 1699 4776 Graium,

374 4810 593 4864 Schom'
623 4809 731 4862 erit
760 4808 874 4862 haec
901 4808 1058 4863 Latio
1087 4807 1293 4863 reddita
1329 4821 1491 4875 posse
1510 4806 1650 4875 legi.

300 4944 542 4996 Joannes
593 4940 828 4995 Bochius
854 4938 913 4996 S.
955 4939 1017 4995 Ρ.
1064 4940 1535 5011 Q.Antuerpieusi
1576 4958 1605 4993 a
1642 4930 1894 4993 Secretia.

302 5074 382 5127 NI
418 5074 530 5129 nisi
572 5088 775 5128 nomen
804 5074 1012 5128 habens
1064 5089 1092 5127 a
1122 5074 1346 5139 lumine,
1383 5075 1603 5129 luminis
1636 5078 1832 5143 expers

374 5166 638 5230 Pharius,
671 5175 725 5219 et
761 5166 1006 5221 tenebris
1029 5165 1259 5220 obrutus
1293 5173 1457 5235 atque
1488 5167 1616 5229 situ,

298 5259 654 5338 Squallebat,
688 5258 975 5325 tineasque
1012 5257 1102 5312 ditt
1152 5260 1411 5328 pascebat
1441 5261 1642 5313 inertes

364 5352 637 5414 Abditas,
659 5358 713 5404 et
742 5350 936 5419 patriis
966 5350 1185 5405 sedibus
1214 5350 1373 5406 exsul
1400 5361 1540 5405 erat.

294 5442 665 5511 As'pectuque
714 5457 908 5498 carens
953 5444 1256 5506 hominum,
1310 5443 1500 5512 prccul
1535 5442 1669 5496 orbe
1700 5442 1902 5496 latebat

364 5530 676 5598 Hesperio,
706 5531 926 5585 clausus
954 5546 1200 5597 carcere,
1233 5532 1373 5586 lucis
1404 5533 1579 5601 inops.

290 5628 359 5675 Αι
404 5621 653 5677 Scitam:
682 5621 935 5678 obscuris
969 5638 1163 5678 nomen
1198 5625 1291 5695 qni
1325 5625 1474 5677 dttcit
1502 5625 1568 5677 ab
1593 5624 1801 5678 umbris

361 5713 543 5782 (Mira
578 5728 716 5767 cauo
749 5714 895 5769 tenui
932 5717 1199 5781 carmine,
1232 5732 1357 5769 vera
1410 5716 1615 5785 tamen)

291 5811 456 5864 limit
487 5810 553 5861 in
587 5809 757 5863 densa
790 5809 1017 5877 positam
1053 5810 1284 5879 caligine
1316 5808 1488 5864 lucem
1525 5826 1536 5862 :

2016 2687 2267 2742 Scltottns
2300 2686 2367 2740 ab
2393 2686 2626 2740 obscura
2653 2682 2800 2738 ducit
2829 2680 3061 2751 caligine
3089 2693 3285 2735 nomen

2088 2778 2309 2834 Plautius
2338 2789 2396 2833 ttt
2427 2777 2561 2832 clari
2590 2776 2812 2830 luminis
2846 2788 3005 2829 omen
3044 2773 3222 2828 habet.

2013 2874 2145 2928 Cum
2173 2883 2350 2927 tamen
2376 2871 2521 2925 hunc
2538 2868 2789 2925 Scholtus
2814 2866 3114 2922 tenebrosis
3130 2864 3337 2920 eximat
3356 2858 3590 2928 umbris,

2086 2963 2316 3018 Lumine
2345 2978 2467 3017 cum
2497 2961 2695 3016 lustret
2726 2958 2952 3014 Photiea
2989 2959 3191 3027 scripta
3226 2970 3369 3011 novo
3394 2970 3413 3014 :

2015 3055 2252 3127 (Scripta
2266 3056 2463 3124 quibus
2484 3068 2682 3109 censor
2698 3062 2943 3107 veterum
2968 3058 3320 3105 monumenta
3340 3048 3596 3105 virorum

2093 3147 2314 3201 Pltotius
2344 3146 2599 3216 obsignat
2624 3146 2886 3201 liberiore
2917 3142 3067 3212 nota)

2020 3240 2156 3294 Vera
2190 3238 2317 3293 licet
2343 3236 2488 3291 veris
2518 3235 2565 3291 si
2604 3249 2809 3306 ponere
2832 3233 3052 3289 nomina
3084 3231 3247 3287 rebus

2088 3330 2191 3398 Qui
2218 3331 2377 3384 modo
2406 3326 2655 3382 Scholtus
2679 3336 2820 3395 erat,
2849 3324 3073 3380 Pltotius
3102 3323 3239 3379 alter
3261 3323 3385 3379 erit.

2083 3490 2176 3546 Sic
2210 3496 2467 3560 reparant
2501 3484 2737 3542 tenebrae
2764 3483 2991 3549 lumina,
3024 3499 3243 3553 noxque
3280 3484 3448 3541 diem.

2009 3581 2419 3651 OEdipodionia:
2454 3581 2683 3635 redeunt
2720 3576 3009 3648 mnigmata
3043 3577 3324 3649 Sphingis,
3434 3634 3443 3641 ,

2084 3673 2191 3728 Nec
2222 3687 2318 3728 sua
2359 3679 2541 3725 nostra
2577 3669 2757 3723 minus
2780 3666 2981 3723 saecula
3014 3678 3257 3723 monStra
3282 3666 3485 3721 ferunt.

1940 3796 1945 3801 -
2011 3763 2270 3832 Quisquis
2301 3770 2357 3817 at
2386 3760 2705 3814 umbrarum
2740 3759 2842 3814 sub
2894 3758 3115 3813 nomine
3146 3758 3293 3814 clara
3326 3767 3524 3826 tuetur,

2081 3853 2215 3920 Qum
2242 3852 2472 3908 Schotus
2504 3850 2701 3936 illustri
2738 3849 2942 3905 lutnina
2976 3858 3160 3905 mente
3190 3851 3347 3921 tegit,

2009 3939 2350 4011 Insignisque
2382 3940 2484 3995 viri
2510 3954 2664 3995 raras
2699 3939 2979 3994 examinat
3005 3949 3176 4005 artes,

2081 4035 2229 4100 Quas
2255 4042 2440 4099 stupet
2466 4041 2521 4089 et
2545 4032 2789 4099 Latium,
2817 4032 3032 4088 Grazcia
3065 4042 3175 4088 tota
3206 4041 3387 4103 stupet
3414 4056 3429 4091 :

2008 4123 2127 4181 Non
2154 4128 2355 4182 mirum
2381 4134 2465 4180 est
2496 4126 2642 4180 illam
2671 4126 2854 4181 radios
2881 4126 3159 4195 emittere,
3188 4126 3376 4192 dicet,-

2082 4220 2378 4289 Lampada,
2408 4219 2591 4274 lumen
2621 4218 2784 4274 habet
2812 4218 3042 4274 Photius
3075 4219 3222 4275 unde
3252 4235 3437 4276 suum.

2007 4310 2121 4367 Nec
2158 4311 2353 4366 rutilas
2382 4294 2640 4381 praeferre
2674 4308 2822 4366 faces
2859 4309 3149 4365 mirabitur
3176 4312 3451 4377 umbram,

2079 4404 2212 4472 Quae
2245 4405 2419 4460 lucem
2448 4404 2591 4460 hanc
2622 4405 2745 4460 aliis
2778 4404 3025 4474 pluribus
3051 4415 3178 4459 ante
3211 4405 3353 4460 tulit.

2011 4497 2253 4561 Salvete,
2289 4511 2323 4553 o
2353 4496 2613 4563 tenebrae,
2638 4496 2864 4567 fulgenti
2900 4496 3021 4552 luce
3061 4511 3328 4563 coruscat,

2084 4588 2169 4643 Sit
2191 4589 2327 4643 satis
2360 4591 2462 4643 hoc
2497 4589 2694 4655 vestris
2723 4588 2972 4643 muneris
3012 4603 3134 4645 esse
3163 4591 3334 4645 decus
3370 4607 3387 4645 :

2012 4680 2237 4736 Photius
2276 4680 2331 4735 in
2368 4679 2606 4734 medium
2639 4681 2784 4750 quod
2815 4681 3003 4751 purior
3022 4692 3183 4737 exeat
3206 4683 3423 4749 urbem,

2080 4772 2197 4828 Lux
2233 4787 2264 4828 e
2298 4773 2463 4836 nube,
2500 4771 2669 4827 redux
2704 4786 2947 4839 carcere,
2989 4783 3149 4828 nocte
3175 4775 3358 4843 jubar.

2012 4884 2421 4941 Maximilianus
2498 4883 2783 4940 Vriendius
2855 4888 3065 4943 senatui
3151 4886 3493 4945 Gaudaoetcsi
3557 4904 3592 4944 α

2546 4976 2551 4982 ’
2668 4954 2917 5012 Secretis.

2008 5072 2116 5128 Res
2143 5072 2302 5138 mira,
2337 5081 2393 5126 at
2424 5082 2549 5125 vera
2593 5079 2700 5137 est,
2736 5084 2842 5125 non
2887 5070 3040 5127 claro
3065 5071 3273 5128 lumine
3300 5071 3593 5129 Senonum

2080 5164 2359 5219 Clarorem
2390 5177 2419 5216 τι
2452 5162 2667 5219 nebulis
2694 5172 2953 5233 spargere
2982 5174 3147 5233 posse
3174 5158 3331 5219 suis.'

2012 5256 2175 5311 Ducis
2206 5265 2262 5310 et
2296 5263 2578 5325 expertem
2610 5255 2779 5311 decus
2803 5263 2859 5310 et
2892 5254 3057 5324 jubar
3085 5256 3288 5311 addere
3317 5254 3450 5317 luci.

2086 5347 2411 5415 Scriptaque
2443 5355 2523 5400 tot
2554 5355 2799 5401 veterum
2832 5345 3195 5401 detenebrare
3222 5352 3461 5413 patrum.

2010 5439 2272 5502 Mentior,
2305 5448 2361 5491 at
2387 5446 2541 5493 vetus
2570 5437 2660 5492 ille
2694 5450 2867 5491 novus
2909 5436 3073 5492 nodo
3114 5434 3359 5503 Pltotias,
3391 5436 3521 5492 olim

2083 5530 2297 5595 Clarus,
2332 5537 2388 5582 at
2416 5528 2543 5583 inde
2569 5542 2686 5583 aevo
2715 5527 2934 5583 nubilus
2964 5537 3129 5596 atque
3158 5524 3291 5583 situ.

2011 5623 2112 5688 Qui
2151 5624 2323 5690 patria
2355 5622 2421 5675 de
2449 5629 2607 5674 nocte
2641 5630 2811 5674 novas
2848 5619 3013 5673 modo
3041 5618 3176 5672 lucis
3208 5618 3261 5672 in
3290 5624 3420 5677 oras

2080 5714 2289 5779 Emica,
2324 5712 2581 5767 Ausoniae
2615 5710 2844 5766 illustris
2874 5710 3082 5764 honore
3115 5717 3255 5778 togae
3288 5727 3304 5766 :

2010 5806 2101 5862 ille
2133 5822 2233 5863 suo
2266 5807 2415 5863 solus
2448 5805 2664 5874 dignam
2710 5817 2808 5873 pro
2838 5801 3057 5859 vindice
3088 5817 3313 5859 causam
