4030 6450
476 363 545 430 19
1582 380 1681 440 ΑΙ)
1737 383 2001 443 ΡΗΟΤΙΙ

2139 388 2608 451 BLIOTIIECAM
3651 399 3724 464 20

543 476 717 546 Dicet,
753 486 808 536 et
836 486 1043 554 accepti
1082 485 1301 544 luminis
1328 504 1499 559 usque
1534 506 1759 559 memor,

475 569 582 626 υιὶ
606 569 729 643 plus
764 574 989 632 Scholia
1022 580 1221 637 debere
1253 582 1530 648 fatebitur,
1562 584 1663 653 ipsi

540 661 719 728 Quam
753 664 880 733 sibi,
911 682 1073 736 quam
1106 670 1228 737 soli,
1256 687 1418 743 quam
1447 674 1733 745 patrioque
1757 675 1902 732 solo.

680 753 943 812 Ieremia:
976 758 1330 817 Pierssenwus
1351 764 1803 833 jure-consultus.

475 840 610 908 Quis
637 848 826 902 credat
857 866 1025 906 ctera:
1056 854 1373 923 progignere
1399 870 1557 925 posse
1583 844 1820 912 tenebras

542 928 795 999 Lumina,
830 934 1087 995 Phoebeis
1115 941 1377 998 lucidiora
1406 947 1617 1001 oculis?

468 1021 588 1078 Non
620 1038 742 1095 ego,
776 1042 881 1084 non
919 1032 1136 1101 physica
1168 1036 1452 1106 quisquam
1482 1038 1549 1092 de
1576 1050 1733 1108 gente
1766 1047 2036 1112 sacerdos,

547 1115 777 1187 Ullaque
810 1136 916 1177 non
944 1120 1158 1193 Sophia?
1192 1128 1350 1191 docta
1386 1132 1721 1199 magisteria.

470 1204 584 1261 lloe
608 1209 715 1264 nisi
738 1209 853 1280 jam
887 1214 1312 1283 nobisjussisset
1340 1221 1563 1276 credere
1590 1220 1861 1291 Schema,

546 1299 774 1365 Plestina
809 1313 861 1358 et
898 1307 1055 1361 cacis
1080 1308 1288 1363 lucidus
1316 1327 1349 1363 a
1376 1310 1620 1378 tenebris,

470 1393 573 1459 Qui
604 1394 964 1451 nuncSchttt'
981 1412 1143 1468 opera
1162 1399 1312 1467 (ante
1341 1402 1560 1456 nitentia
1592 1405 1808 1461 nubilus
1828 1422 1948 1475 ora,
1971 1418 2027 1464 et

540 1482 724 1541 Multis
750 1487 912 1542 dente
941 1489 1041 1543 arvi
1065 1491 1252 1544 saucia
1285 1492 1619 1563 vulneribus)

466 1575 737 1645 integrior
758 1580 935 1648 patrio
955 1581 1135 1648 prodit
1158 1582 1683 1651 redimitusamictu.

539 1667 650 1725 Nec
678 1669 856 1725 minus
879 1671 1119 1728 Ausonia
1153 1674 1353 1729 clarior
1375 1674 1427 1729 in
1455 1676 1659 1733 tunica.

462 1755 582 1813 Non
604 1772 765 1816 secus
788 1774 854 1817 ac
889 1763 1063 1819 noctis
1091 1765 1244 1834 nigra
1273 1782 1394 1822 eum
1421 1778 1573 1824 veste
1600 1768 1848 1826 videmus

533 1846 848 1919 Obnuptum
872 1851 1079 1918 Solem,
1106 1854 1193 1910 vel
1228 1854 1425 1924 pluviis
1455 1858 1689 1920 nebulis,

464 1937 629 1995 Veste
654 1940 1000 1998 tenebrarum
1026 1944 1219 2012 scissa,
1258 1956 1311 2001 et
1348 1949 1485 2003 sudo
1516 1948 1737 2016 aethere,
1766 1950 1872 2006 tela

538 2029 750 2100 Ejicere
782 2032 1041 2090 hesterna
1078 2034 1339 2092 lucidiora
1367 2039 1474 2093 die.

463 2123 643 2187 Quare
667 2124 793 2179 dum
830 2142 987 2183 roseo
1025 2129 1246 2199 fulgebit
1280 2131 1470 2186 lucifer
1497 2147 1615 2196 ore,

539 2213 606 2268 Et
636 2215 818 2271 veniet
849 2216 1062 2273 fuscum
1102 2236 1207 2274 nox
1230 2222 1495 2291 [adoperta
1522 2234 1704 2294 caput,

468 2305 631 2363 Plauti
655 2308 725 2361 ab
753 2307 948 2365 illustri
979 2311 1210 2366 radiabit
1243 2312 1441 2368 lumine
1473 2314 1745 2383 Srlrottm,

538 2398 603 2456 Et
638 2398 1013 2457 Seholtica'et's
1046 2402 1268 2459 Photim
1296 2424 1327 2459 α
1349 2406 1599 2463 tenebris.

1126 2493 1391 2561 Αδηλον.

467 2580 543 2633 lte
569 2581 639 2650 pii
667 2597 877 2648 manes,
913 2594 967 2637 et
997 2584 1154 2638 Phou'
1181 2586 1359 2641 nobile
1394 2587 1573 2643 lumen

529 2669 746 2734 ludicii,
783 2690 887 2741 qua
926 2675 1006 2730 sol
1039 2679 1212 2747 porgit
1244 2688 1527 2748 utramque
1566 2683 1755 2735 facem.

467 2761 717 2819 SL‘ltottus
760 2776 809 2820 te
840 2766 1135 2835 Hesperiis,
1171 2768 1418 2824 Scholtus
1450 2780 1499 2825 te
1529 2783 1709 2827 sacrat
1747 2774 1895 2838 Eois,

530 2855 779 2914 Schotttts
807 2872 858 2915 et
886 2860 1010 2916 Bais
1039 2871 1230 2931 gratus
1256 2872 1311 2917 et
1336 2864 1636 2932 Hesperiis.

463 2949 674 3004 Cuncta
700 2952 888 3007 videns
915 2953 1170 3009 nimirum
1194 2954 1308 3009 hate
1332 2958 1532 3011 mundo
1559 2957 1691 3011 scita
1718 2957 2037 3012 dabatmens

538 3040 699 3101 Stare
729 3042 848 3098 loco
877 3045 1060 3099 mundi
1094 3048 1265 3116 prima
1295 3047 1561 3103 elementa
1589 3047 1820 3117 jubens,

468 3131 537 3187 lit
566 3148 712 3189 caeco
740 3133 828 3189 lux
868 3135 1009 3190 alma
1041 3139 1178 3191 chao
1218 3139 1432 3192 viduata
1467 3150 1684 3193 serenet

2217 498 2431 566 Omnia,
2467 512 2576 556 tum
2607 503 2781 558 lucem
2806 519 2909 558 nox
2943 504 3160 563 inimica
3188 516 3398 579 premat
3425 528 3440 565 :

2143 589 2310 660 lnqne
2343 594 2514 647 vicem
2546 594 2721 650 noctis
2754 610 2896 651 nova
2921 596 3011 652 lux
3039 610 3389 670 snperenatet
3413 617 3620 672 aequor,

2217 683 2283 738 Et
2306 684 2477 739 niteat
2507 686 2677 741 veteri
2712 697 2863 756 grata
2890 699 3114 759 parente
3142 691 3334 763 magis.

2144 773 2201 829 in
2233 785 2473 830 veterum
2498 776 2694 832 molem
2726 779 3055 849 scriptorum
3088 779 3313 837 Photius
3339 783 3469 839 olim

2217 867 2493 921 indiderat
2520 867 2719 933 lucem,
2745 869 2940 936 judieii
2974 868 3129 925 radio
3170 890 3185 927 :

2144 957 2215 1011 At
2248 959 2454 1011 radium
2495 959 2772 1027 excipiens
2807 962 2944 1016 texit
2978 962 3274 1035 longinqua
3309 975 3593 1023 vetustas:

2212 1044 2454 1101 Schema
2485 1048 2552 1101 ab
2586 1048 2804 1119 ingenio
2832 1051 3190 1107 rettulitecce
3224 1054 3390 1109 diem.

2141 1136 2295 1193 Nunc
2326 1139 2543 1193 tandem
2577 1134 2748 1209 portis
2774 1142 2956 1195 mundi
2995 1140 3365 1212 bipatentibus
3391 1146 3556 1213 infer,

2215 1230 2539 1286 Damnatum
2564 1232 2803 1287 tenebris
2834 1232 3011 1287 nobile
3038 1231 3220 1288 Photii
3242 1250 3394 1304 opus.

2149 1321 2367 1377 Pharius
2397 1323 2600 1393 ingenti
2634 1323 2817 1391 potuit
2836 1323 3049 1378 clarere
3083 1325 3247 1379 nitela
3282 1344 3297 1379 :

2215 1413 2323 1469 Sed
2357 1429 2513 1483 mage
2540 1414 2778 1483 praesidii
2808 1414 3011 1470 lumine
3038 1415 3251 1471 Schotle
3280 1418 3380 1471 tui.

2144 1504 2221 1560 Ite
2249 1506 2321 1575 pii
2350 1521 2539 1561 manes
2565 1506 2786 1562 Schotto
2816 1508 2973 1575 duce,
2999 1518 3054 1564 et
3081 1510 3301 1579 auspice
3331 1509 3580 1580 Scbouo,

2142 1596 2556 1667 Semiadaperta
2595 1597 2768 1666 prius,
2798 1612 2942 1653 nunc
2969 1599 3225 1670 adaperta
3250 1602 3336 1655 via
3362 1581 3474 1660 est.

2787 1714 2845 1768 Ἀ
2852 1714 3064 1782 eam.

2142 1822 2348 1878 Nomen
2381 1822 2574 1887 habes,
2605 1821 2779 1890 Scote,
2807 1840 2838 1879 a
2876 1826 3136 1889 tenebris,
3161 1841 3190 1876 a
3213 1825 3420 1881 lumine
3448 1841 3646 1881 nomen

2214 1911 2441 1967 Pharius
2469 1928 2490 1967 :
2527 1912 2616 1967 ille
2636 1914 2857 1979 librum,
2891 1915 3115 1970 conficis
3143 1915 3257 1983 ipse
3290 1927 3469 1970 notas.

2144 2002 2349 2059 Umbra
2376 2006 2435 2057 fit
2463 2003 2733 2072 interpres
2765 2003 2923 2068 lucis,
2950 2004 3071 2074 quis
3093 2005 3339 2059 crederet
3375 2002 3654 2074 unquam?

2210 2091 2326 2147 lloc
2359 2092 2532 2147 lucem
2559 2104 2645 2148 eSt
2686 2094 2927 2149 tenebris
2958 2095 3205 2164 gignere,
3234 2106 3398 2150 noete
3427 2094 3594 2149 diem.

2139 2183 2286 2251 Quas
2326 2199 2432 2238 non
2461 2185 2718 2239 discutiet
2750 2194 2838 2239 tua
2872 2185 2987 2249 lnx,
3014 2203 3047 2241 o
3074 2184 3251 2251 Scuta,
3286 2188 3565 2243 tenebras.

2212 2273 2269 2329 Si
2294 2274 2469 2329 lucem
2500 2273 2739 2331 illustrat
2772 2276 3009 2331 nominis
3034 2278 3223 2331 umbra
3255 2279 3367 2333 tuil

2790 2386 3065 2455 Ἄδηλον.

2143 2499 2276 2552 Dum
2311 2509 2399 2554 tua
2432 2500 2722 2570 praeclaros
2743 2513 2996 2557 auctores
3029 2505 3231 2573 scripta
3270 2513 3581 2570 recensent,

2213 2591 2325 2646 Hos
2346 2592 2486 2645 inter
2509 2590 2691 2646 Scoflo
2719 2592 2904 2646 debuit
2930 2609 3052 2647 esse.
3082 2593 3252 2648 locus.

2141 2682 2280 2749 Quid
2323 2682 2513 2747 facias,
2546 2685 2702 2737 docte
2735 2699 2767 2737 o
2802 2682 2982 2750 Phari,
3011 2699 3136 2739 cum
3174 2696 3421 2754 tempora
3456 2696 3643 2743 nostra

2216 2774 2336 2828 Sint
2372 2775 2557 2842 procul
2586 2791 2615 2827 a
2648 2776 2843 2829 vestris
2873 2776 3060 2829 dissita
3093 2777 3469 2845 temporibus?

2143 2863 2220 2918 Ne
2251 2864 2435 2919 dubita
2468 2882 2483 2919 :
2520 2864 2751 2929 Scottus,
2776 2881 2885 2934 quo
2918 2882 3059 2920 nunc
3082 2868 3382 2936 interprete
3411 2869 3618 2936 prodis,

2215 2955 2359 3021 Quot
2382 2955 2627 3011 celebras
2649 2957 2922 3022 homines,
2958 2967 3036 3011 tot
3059 2959 3207 3012 subit
3235 2960 3348 3027 ipse
3378 2959 3549 3015 locos.

2143 3049 2198 3102 Si
2244 3062 2313 3111 te,
2350 3046 2545 3113 Scotte,
2579 3059 2734 3118 potes
2768 3060 3037 3103 transacta
3067 3050 3119 3103 in
3151 3050 3346 3104 sarcula
3374 3050 3539 3117 ferre,

2212 3142 2292 3195 Au
2324 3153 2540 3195 taceant
2578 3157 2775 3196 nomen
2801 3143 2944 3196 secla
2976 3142 3155 3196 futura
3189 3142 3383 3196 tuum?

499 3267 3678 3299 mw

1096 3418 1274 3479 ΛΝΒ.
1307 3419 1624 3481 SCHOTTI
1670 3423 1825 3484 SOC.
1857 3424 2054 3484 JESU.
2102 3425 2182 3485 ΙΝ
2233 3425 2491 3485 ΡΗΟΤΙΙ
2522 3425 3078 3487 BIBLIOTHECAM

1623 3578 2477 3685 ΠΡΟΛΕΓΟΜΕΝΑ.

535 3859 642 3928 Qui
670 3859 771 3917 sibi
808 3860 1107 3931 scriptores
1128 3860 1379 3930 antiquos
1416 3862 1805 3932 interpretandi
1855 3873 2036 3933 partes

461 3952 590 4007 olim
617 3961 987 4021 sumpserunt,
1016 3951 1191 4022 utqui
1241 3951 1518 4009 Platonem
1568 3962 1731 4023 atque
1772 3955 2039 4010 Aristote-

462 4042 566 4098 lem
627 4043 1073 4113 philosophorum
1139 4044 1414 4114 principes
1464 4046 1820 4102 illustrandos
1866 4045 2038 4103 Graeci

460 4135 810 4199 censuerunt,
847 4134 1154 4189 Alexander
1187 4135 1578 4204 Aphrodisieus
1603 4176 1618 4201 ,
1674 4136 2031 4203 Themistius,

464 4225 801 4295 Simplicius,
837 4225 1081 4291 Proclus,
1133 4225 1572 4297 Olytnpiodorus,
1613 4228 1953 4295 Ammonius,
1985 4239 2039 4284 et

461 4314 815 4384 Philoponus,
879 4317 1091 4373 ii'fere
1144 4317 1360 4386 praefari
1429 4318 1608 4373 solent
1660 4320 1917 4390 capiose,
1972 4320 2039 4375 de

461 4418 707 4474 auctore,
741 4408 968 4479 scripto,
1000 4419 1339 4475 argumento,
1384 4411 1543 4465 modo
1571 4426 1635 4465 ac
1661 4412 2041 4479 methodo,or-

458 4499 585 4552 dine
608 4510 664 4553 et
712 4508 985 4570 tempore;
1024 4509 1137 4553 tum
1166 4501 1234 4554 de
1268 4500 1485 4569 seipsis,
1526 4517 1732 4571 suaque
1757 4518 1943 4571 opera,
1984 4511 2040 4557 et

458 4590 531 4647 ita
559 4606 617 4645 re
642 4591 940 4661 ﬂagitante,
967 4591 1236 4646 interdum
1261 4593 1327 4647 de
1349 4595 1531 4648 causis
1576 4593 1812 4663 suscepti
1858 4594 2039 4661 operis
2062 4658 2065 4661 ν

458 4681 761 4736 disserunt.
800 4682 943 4737 Idem
972 4682 1103 4737 mihi
1163 4698 1317 4738 more
1359 4683 1717 4750 institutoque
1775 4682 2036 4750 majorum

465 4772 518 4825 in
574 4788 831 4840 przrsens,
864 4774 967 4829 etsi
1010 4774 1369 4845 μετάφρασιν,
1428 4789 1535 4829 non
1598 4782 1656 4828 nt
1722 4774 1796 4827 illi
1853 4772 2035 4844 παρά-

456 4882 660 4935 φρασιν
686 4863 935 4929 aleram,
966 4865 1140 4920 visum
1166 4865 1616 4920 est-faciundum.
1646 4864 1906 4934 Equidem
1933 4881 2038 4919 non

456 4957 804 5024 ignorabam,
831 4957 991 5011 simul
1030 4966 1194 5026 atque
1221 4958 1449 5011 arduam
1479 4958 1618 5010 hanc
1636 4955 1918 5010 Photiame
1947 4956 2038 5009 Bi-

455 5048 731 5102 bliotheca:
778 5045 970 5103 Latine
1000 5047 1420 5117 interpretanda:
1458 5047 1794 5118 provinciam
1831 5045 2006 5116 elllagi

460 5138 711 5193 tantibus
739 5136 933 5192 amicis
962 5138 1197 5206 suscepi,
1235 5136 1353 5191 fore
1376 5136 1664 5206 plerosque
1692 5136 1783 5205 qui
1815 5136 1867 5190 id
1904 5136 2035 5190 mihi

456 5227 591 5282 vitio
614 5237 916 5291 verterent,
939 5243 1237 5296 parumque
1269 5243 1355 5282 me
1379 5227 1596 5297 dignum
1638 5227 2035 5295 existimarent,

459 5334 594 5374 caesa
629 5320 772 5374 inter
800 5330 856 5374 et
886 5330 1162 5389 porrecta,
1204 5319 1347 5388 quod
1377 5318 1550 5383 aiunt,
1574 5319 1766 5374 alienis
1798 5319 1852 5374 in
1873 5321 2034 5373 vesti-

463 5410 567 5481 giis
592 5416 786 5481 pedem
819 5427 1040 5483 ponere.
1073 5409 1314 5476 Quorum
1347 5419 1524 5466 autem
1562 5412 1615 5465 in
1660 5413 2035 5478 reprehensio-

469 5517 590 5558 nem
617 5516 801 5559 noster
826 5506 915 5560 hic
936 5503 1088 5558 labor
1110 5502 1374 5567 incurret,
1409 5503 1447 5554 ii
1478 5502 1588 5556 fere
1614 5504 1840 5557 duorum
1878 5516 2039 5570 gene-

461 5606 580 5646 rum
612 5604 758 5651 sunt.
789 5594 896 5649 Alii
923 5595 1069 5649 enim
1104 5609 1191 5649 me
1221 5592 1652 5661 reprehendent;
1683 5593 1865 5661 plures
1898 5593 2039 5647 Pho-

463 5685 596 5740 tium
652 5684 830 5738 infesti
887 5688 1215 5741 damnabunt
1259 5703 1272 5739 :
1307 5686 1574 5753 utrisque,
1613 5687 1657 5739 si
1712 5696 1918 5752 potero,
1953 5685 2036 5737 fa-

467 5777 605 5832 ciam
646 5779 813 5842 satis;
848 5787 995 5834 certe
1029 5779 1070 5835 si
1123 5780 1174 5833 id
1227 5795 1332 5835 non
1387 5793 1710 5847 consequar,
1744 5778 1883 5832 dabo
1936 5792 2033 5844 pro

2140 3866 2285 3921 virili
2314 3879 2559 3934 operam,
2603 3874 2663 3919 ut
2707 3880 2736 3920 a
2766 3864 2993 3935 legendo
3034 3867 3256 3924 minime
3302 3868 3715 3928 deterreantur.

2141 3956 2415 4025 Principio
2443 3958 2625 4025 itaque
2672 3955 2739 4009 de
2770 3971 2874 4022 me,
2901 3958 3086 4025 paucis
3128 3966 3334 4025 tamen,
3367 3970 3422 4014 et
3439 3962 3556 4015 sine
3584 3962 3717 4016 fuco

2138 4063 2202 4102 ac
2227 4048 2467 4101 modeste
2500 4062 2515 4099 :
2548 4061 2670 4099 mox
2703 4047 2767 4100 de
2800 4045 2989 4100 Photio
3011 4047 3330 4102 videbimus.
3370 4048 3712 4103 lnaudieram

2139 4140 2369 4206 pridem,
2408 4153 2574 4193 unum
2596 4148 2651 4193 et
2699 4138 2825 4203 item
2866 4138 3093 4193 alterum
3116 4140 3169 4193 in
3198 4139 3369 4194 lberia
3394 4138 3714 4196 Grtccarum

2138 4231 2445 4284 litterarum
2526 4230 2954 4298 peritissimum,
3010 4229 3187 4285 Photii
3244 4231 3626 4286 Bibliothecam
3680 4248 3718 4288 e

2138 4321 2329 4376 Graeco
2384 4323 2438 4374 in
2485 4319 2739 4373 Latinum
2799 4334 3128 4390 sermonem,
3160 4324 3445 4377 commodo
3497 4325 3721 4392 publico

2098 4423 2457 4487 convertere
2518 4412 2776 4480 cwpisse,
2828 4411 2921 4466 sed
2978 4413 3205 4479 coepisse
3258 4424 3489 4480 tantum,
3524 4430 3586 4469 ac
3622 4417 3717 4470 vix

2140 4504 2365 4558 dimidia
2397 4504 2579 4571 operis
2638 4513 2790 4571 parte
2824 4504 3218 4570 supersedisse,
3256 4505 3371 4558 sive
3417 4504 3587 4559 Graaci
3618 4521 3720 4558 ex-

2138 4594 2400 4664 emplaris
2426 4595 2635 4649 mendis
2665 4594 2976 4658 deterritos,
2996 4609 3088 4649 seu
3106 4593 3306 4648 laboris
3324 4595 3447 4665 fuga
3483 4596 3534 4648 in
3564 4604 3717 4649 tanta

2140 4684 2455 4750 voluminis,
2502 4697 2630 4737 cum
2672 4682 2836 4747 mole,
2874 4691 2985 4735 tum
3034 4682 3320 4747 varietate,
3352 4697 3445 4735 seu
3480 4682 3722 4750 denique

2141 4785 2370 4844 utraque
2396 4775 2463 4828 de
2517 4790 2679 4829 causa
2739 4772 2993 4828 cessisse.
3028 4772 3213 4826 Romae
3246 4760 3462 4841 quoque
3496 4772 3721 4826 tertium

2138 4865 2437 4936 perfecisse
2486 4867 2710 4935 quidem
2768 4866 3089 4929 narrabant,
3117 4864 3209 4917 sed
3233 4863 3298 4915 ad
3326 4865 3592 4916 edendum
3616 4865 3721 4916 ad-

2146 4959 2267 5012 duci
2296 4973 2399 5012 non
2431 4958 2691 5026 potuisse.
2726 4954 2974 5010 Graecum
3008 4954 3190 5021 itaque
3247 4954 3490 5007 codicem
3524 4968 3726 5022 magno

2140 5064 2249 5103 :ere
2290 5058 2503 5110 nactus,
2532 5049 2896 5101 constantiam
2921 5059 2949 5097 a
2977 5045 3084 5098 Deo
3114 5052 3386 5111 precatus,
3415 5043 3722 5110 urgendum

2144 5155 2281 5209 opus
2311 5138 2528 5194 assidue
2561 5139 2626 5190 ad
2653 5148 2983 5200 extremum,
3005 5135 3051 5188 si
3074 5150 3178 5203 qua
3210 5135 3335 5188 hinc
3360 5136 3425 5187 ad
3453 5134 3587 5187 alios
3610 5136 3725 5187 nti-

2144 5232 2267 5285 litas
2328 5230 2550 5291 rediret,
2602 5226 2928 5281 existimavi.
2971 5224 3160 5293 Neque
3212 5238 3298 5279 me
3343 5224 3604 5291 fugiebat,
3650 5240 3726 5279 ex

2143 5337 2250 5390 quo
2276 5318 2562 5372 interiores
2608 5319 2781 5371 hasce
2842 5315 3049 5369 litteras
3092 5314 3341 5377 tractavi,
3372 5298 3549 5381 quain
3578 5314 3731 5365 ditii-

2142 5412 2246 5466 cile
2271 5412 2342 5465 sit
2367 5411 2564 5465 bonum
2598 5425 2760 5479 agere
2786 5409 3165 5477 interpretem,
3198 5406 3469 5473 alienique
3523 5418 3730 5462 sensus

2147 5504 2570 5572 metaphrastcn,
2598 5514 2680 5569 ut,
2703 5501 2803 5556 nisi
2826 5515 2922 5567 par
2945 5499 3019 5553 sis
3051 5498 3102 5551 in
3136 5498 3416 5567 utriusque
3449 5497 3732 5553 orationis

2146 5594 2437 5656 facultate,
2486 5592 2689 5659 justam
2749 5588 3228 5659 reprehensionem
3288 5602 3396 5640 non
3438 5586 3668 5655 effugias
3711 5604 3730 5644 :

2144 5700 2357 5753 quoque
2381 5684 2551 5751 major
2580 5683 2682 5736 hac
2708 5684 2758 5735 in
2782 5698 2837 5735 re
2864 5683 2928 5734 de
2949 5680 3104 5733 bonis
3130 5678 3333 5734 Grtecis
3357 5675 3553 5730 Latina
3577 5676 3736 5731 bona

2144 5774 2486 5833 t‘llicicntiunt
2542 5775 2754 5839 raritas,
2814 5787 2878 5826 eo
2919 5770 3185 5826 dillicilior
3227 5768 3504 5835 provincia
3535 5767 3739 5833 ductis
