4030 6448
249 341 311 404 21
1601 344 1896 405 PROLEG
1906 344 2165 407 OMENA
2178 393 2193 407 .

246 452 579 519 hominibus,
615 452 711 522 qni
748 467 873 507 eam
900 452 1005 521 ipsi
1035 452 1356 522 plerumque
1386 454 1683 525 refugiunt.
1720 472 1849 511 cen-

248 558 449 609 scatur,
484 556 546 599 ut
574 548 645 605 ad
678 546 827 600 hanc
882 547 1025 599 diem
1063 562 1448 616 usquequaque
1489 549 1581 618 qui
1634 548 1852 603 satisfe-

250 639 440 703 cerint,
465 639 557 691 vix
598 637 857 709 singulos
877 638 1102 708 singulae
1125 648 1314 693 aetates
1340 640 1528 695 tulisse
1547 633 1851 696 videantur:

252 744 369 783 cum
398 730 583 783 decem
622 729 870 797 amplius
900 728 1215 784 Aristotelis
1263 729 1452 783 Ethica
1482 728 1857 795 Nicomachia,

258 820 589 891 totidemque
615 820 949 885 Rhetorica,
982 830 1164 877 nostra
1199 833 1601 892 parentumque
1647 839 1858 878 memo-

258 916 337 969 ria
365 916 721 983 interpretari
781 915 897 970 sint
942 916 1150 979 conati,
1183 915 1326 984 quod
1380 914 1433 968 in
1497 915 1725 984 singulis
1768 915 1859 985 qui

259 1010 727 1074 antecessissent,
779 1009 1120 1078 posteriores
1186 1006 1391 1077 aliquid
1459 1007 1858 1062 desiderarent.

264 1097 449 1163 Quidni
499 1096 673 1167 igitur
704 1109 1065 1166 posterorum
1096 1098 1164 1152 de
1210 1112 1295 1152 me
1312 1096 1577 1168 judicium
1611 1097 1865 1153 reformi-

264 1192 412 1246 dent?
445 1190 744 1246 Elaboravi
796 1192 1079 1262 equidem,
1120 1190 1299 1260 quoad
1350 1190 1467 1260 ejus
1513 1190 1631 1246 fieri
1660 1191 1863 1261 potuit,

265 1294 324 1337 tit
349 1298 447 1338 non
482 1299 646 1338 sensa
717 1285 889 1338 modo
938 1283 1118 1336 verbis
1158 1282 1557 1352 comprehensa
1606 1298 1866 1352 sequerer

268 1376 660 1441 (a~secutusne
732 1376 842 1428 sim
920 1374 1011 1428 alii
1077 1371 1396 1443 statuent),
1464 1381 1519 1428 et
1583 1388 1692 1428 non
1754 1384 1863 1428 tant

270 1469 420 1521 verba
454 1483 838 1531 numerarem,
874 1482 1035 1535 quant
1076 1480 1294 1520 sensum
1335 1480 1400 1518 ex
1450 1466 1556 1521 ftde
1608 1467 1747 1520 bona
1779 1481 1872 1534 ap-

272 1560 572 1629 penderem,
602 1559 703 1614 sed
740 1560 936 1621 etiam,
960 1570 1016 1612 ut
1053 1574 1141 1614 res
1165 1560 1331 1628 ipsas,
1374 1561 1656 1627 fontesque
1676 1567 1868 1611 aucto-

279 1670 385 1706 rum
419 1670 449 1706 a
475 1652 670 1707 Photio
727 1652 1003 1706 lectorum
1046 1654 1288 1708 studiose
1335 1653 1749 1721 investigarem.
1779 1650 1875 1707 Ve-

282 1760 387 1795 rnnt
420 1758 540 1797 cum
570 1757 775 1796 eorum
810 1743 1063 1811 plerique
1104 1753 1409 1813 temporum
1471 1743 1666 1812 injuria
1701 1743 1874 1797 inter-

282 1835 526 1898 ciderint,
587 1850 659 1889 eo
730 1835 1025 1889 molestior
1080 1836 1355 1889 interdum
1411 1834 1567 1889 labor
1601 1833 1872 1903 interpre-

283 1928 418 1982 tandi
448 1927 688 1993 exstitit,
722 1935 784 1981 nt
814 1914 1197 1981 hariolandum
1232 1942 1625 1996 nonnunquam
1684 1926 1871 1993 fuerit,

286 2023 419 2083 dum,
453 2021 546 2089 qui
577 2020 770 2074 adhuc
820 2020 1003 2075 latent
1048 2022 1365 2091 scriptorcs,
1391 2019 1570 2074 Photii
1623 2033 1794 2088 opera
1822 2020 1874 2073 in

292 2122 518 2179 apertum
548 2113 939 2182 proferantur,
990 2112 1134 2182 quod
1178 2121 1235 2166 ut
1279 2121 1519 2181 coeptum
1576 2125 1769 2180 nuper,
1806 2111 1877 2165 ita

295 2204 513 2258 futurum
538 2203 783 2271 amplius
820 2204 1103 2258 doctorum
1136 2204 1416 2259 hominum
1450 2204 1882 2275 investigatione

294 2313 390 2350 non
408 2296 616 2352 difﬁde.
651 2296 1007 2351 Diversorum
1054 2296 1186 2351 item
1225 2297 1554 2366 scriptorum
1607 2304 1759 2350 tanta
1792 2311 1884 2349 va-

296 2387 471 2449 rietas,
527 2396 737 2454 quanta
780 2395 867 2439 est
916 2385 969 2438 itt
1020 2385 1167 2440 omni
1222 2385 1556 2457 philologia,
1607 2385 1883 2451 oratoria,

298 2478 518 2532 historia
549 2493 679 2533 eum
742 2492 925 2543 sacra,
978 2487 1089 2531 tum
1139 2478 1389 2546 profana,
1418 2479 1475 2532 in
1516 2478 1884 2548 philosOphia,

296 2584 409 2628 arte
438 2572 683 2639 medica,
717 2589 781 2629 ac
798 2574 1034 2642 denique
1059 2574 1419 2629 scientiarum
1463 2576 1650 2645 regina
1682 2575 1891 2631 theolo-

298 2670 402 2737 gia,
436 2667 724 2738 negotium
776 2680 993 2735 quoque
1051 2666 1357 2732 facessivit,
1396 2671 1539 2738 quod
1586 2668 1695 2724 Deo
1756 2671 1892 2721 bene

294 2765 516 2834 iuvante
544 2767 767 2821 tandem
802 2763 1204 2835 superavimus.
1254 2763 1423 2816 Auxit
1468 2769 1523 2815 et
1552 2762 1629 2815 rei
1664 2758 1892 2813 dillicnl-

302 2864 463 2908 intem
491 2856 546 2910 in
574 2853 808 2924 singulis
864 2853 1183 2908 auctoribus
1236 2852 1420 2922 κρίσις
1452 2851 1614 2920 idque
1663 2848 1896 2904 Hermo-

246 2988 247 2991 η
300 2948 449 3013 genis
475 2948 825 3017 potissimum
857 2945 925 3001 de
985 2946 1122 3001 ideis
1173 2946 1466 3000 methodo:
1498 2958 1620 3012 qua:
1677 2953 1736 2996 ut
1782 2942 1899 2995 Ari-

302 3040 529 3095 stotelea
553 3055 620 3095 ac
644 3038 886 3093 Tulliana
904 3037 1065 3108 longe
1091 3037 1346 3092 subtilior
1380 3044 1484 3100 est,
1500 3036 1573 3089 ita
1595 3032 1894 3087 admirato-

306 3133 633 3202 resquidem
662 3130 929 3200 plurimos
989 3131 1082 3185 sed
1115 3130 1423 3184 imitatores
1488 3140 1688 3195 paucos
1730 3125 1897 3180 hodie

308 3226 526 3294 reperit.
582 3224 787 3278 l’raater
856 3223 1173 3293 Dionysium
1224 3222 1370 3275 enim
1424 3220 1899 3274 Halicarnassequ

309 3319 358 3368 in
394 3315 721 3381 Rhetoricis,
775 3324 831 3371 et
883 3313 1174 3384 Ulpianum
1223 3313 1471 3369 Graecum
1517 3312 1902 3367 DemOSthenis

307 3407 769 3473 explanatorem,
828 3417 1027 3477 quotus
1085 3421 1206 3460 eam
1262 3405 1493 3473 quisque
1535 3405 1637 3459 hoc
1702 3402 1905 3457 sacculo

310 3498 539 3554 tractat?
575 3498 931 3568 Trapezuntii
984 3498 1114 3553 olint
1172 3496 1334 3551 talem
1392 3493 1731 3549 Rhetoricam
1783 3510 1903 3549 cum

310 3604 538 3659 stupore
564 3590 705 3643 vidit
749 3588 935 3655 Italia;
971 3589 1109 3645 duos
1163 3588 1392 3642 fortasse
1451 3585 1744 3641 Germania
1804 3602 1899 3639 nu-

312 3682 560 3743 merarit,
590 3677 894 3732 Sturmiutn
951 3686 1007 3731 et
1074 3674 1459 3747 Erythrarum;
1505 3674 1679 3730 Gallia
1703 3672 1906 3729 Jnlium

315 3769 658 3841 Sealigerum
704 3769 859 3824 libris
898 3767 975 3822 De
1018 3770 1259 3837 poetica;
1294 3765 1546 3837 Hispania
1591 3781 1759 3820 unum
1825 3764 1912 3818 lit-

318 3864 448 3918 teris
479 3862 760 3934 cognitum
785 3862 1005 3917 laudare
1064 3868 1241 3931 potest
1289 3858 1407 3914 Pet.
1443 3857 1706 3913 Joannem
1757 3854 1909 3911 Nun-

319 3956 533 4010 ncsium
565 3960 846 4007 rhetorem
878 3969 940 4008 ac
975 3950 1380 4023 pltiIOsophum,
1406 3951 1568 4005 editis
1598 3947 1911 4002 Rhetorica-

319 4063 438 4099 rum
457 4042 562 4101 lib.
604 4044 695 4111 IV,
730 4044 1086 4113 Hermogenis
1107 4044 1323 4113 quidem
1349 4040 1826 4113 pracepttonibus,
1861 4048 1916 4093 et

320 4138 623 4205 Aphthonii
656 4152 722 4193 ac
752 4135 1012 4203 Theonis,
1044 4135 1137 4192 sed
1160 4133 1424 4189 Tullianis
1454 4134 1741 4203 exemplis.
1776 4132 1918 4190 Sunt

319 4240 507 4284 autem
538 4229 898 4299 Hermogenis
919 4231 1036 4284 idea
1048 4246 1163 4283 rum
1182 4244 1377 4300 genera
1393 4238 1596 4297 septem
1615 4228 1912 4298 Σαφήνεια,

318 4322 595 4391 Μέγεθος,
630 4322 868 4389 Κάλλος,
911 4322 1206 4392 Γοργότης,
1244 4316 1440 4389 Ἷίθος,
1483 4319 1761 4388 Ἀλήθεια,
1798 4320 1920 4371 Δει-

318 4416 502 4484 ιότης.
560 4415 769 4468 Deinde
808 4414 1118 4484 Σαφήνεεαν
1172 4412 1370 4466 dividit
1426 4411 1480 4465 itt
1512 4409 1917 4480 Καθαρότητα,

319 4508 419 4558 καὶ
448 4504 823 4573 Εὑκρίνειαν;
859 4504 1075 4559 tandem
1094 4504 1156 4556 τὸ
1186 4501 1413 4574 μέγεοος
1441 4502 1491 4556 in
1517 4517 1615 4556 sex
1647 4500 1783 4555 alias
1812 4500 1921 4555 for-

317 4612 438 4651 mas
469 4597 710 4665 partitur
738 4613 751 4648 :
783 4595 835 4648 in
888 4594 1224 4665 Σεμνότητα,
1271 4591 1624 4663 Τραχύτητα,
1657 4592 1922 4662 Λαμπρο-

315 4703 483 4756 tam,
526 4683 900 4754 Σφοδρὸτητα,
918 4682 1131 4754 Ἀκμὴν
1152 4683 1248 4736 καὶ
1274 4682 1573 4753 περιϐολήν
1596 4699 1611 4748 ;
1642 4693 1765 4751 post
1795 4697 1923 4734 mo-

318 4788 505 4831 ratam
534 4779 832 4831 orationem
859 4788 1092 4845 quatuor
1113 4775 1331 4830 metitur
1350 4775 1562 4830 dicendi
1589 4773 1781 4828 formis
1810 4792 1824 4829 :
1855 4776 1922 4845 τῇ

330 4869 623 4940 Ἀφελεὶᾳ,
680 4869 1016 4938 Γλυκύτητι,
1069 4867 1370 4939 Δριμύτητι
1436 4867 1532 4921 καὶ
1595 4866 1921 4941 Ἐπιεικείᾳ.

316 4962 437 5017 Dici
467 4965 642 5017 etiam
681 4964 768 5015 vix
798 4971 978 5032 poteSt
1023 4970 1283 5031 quantum
1325 4961 1414 5015 hic
1447 4959 1591 5015 lmdii
1623 4958 1927 5015 absorben-

316 5058 474 5118 dum,
526 5070 658 5109 cum
694 5065 828 5123 quot
890 5054 1221 5123 quantisque
1254 5038 1598 5110 tuendorum
1664 5053 1929 5107 monstris

318 5146 761 5203 conflictandum
792 5145 984 5213 fuerit,
1019 5145 1107 5199 vix
1158 5155 1218 5199 ut
1258 5145 1493 5213 amplius
1532 5143 1822 5199 Herculem
1850 5142 1932 5197 fa-

316 5239 587 5291 bulosum
626 5235 776 5289 illum
809 5236 975 5291 heroa
1005 5235 1059 5290 in
1082 5235 1270 5306 Augias
1296 5235 1512 5291 stabulo
1548 5234 1931 5305 perpurgando

315 5330 615 5385 laborasse
642 5328 978 5383 existimem.

386 5424 475 5477 Ad
518 5421 726 5492 stylum
780 5421 923 5490 quod
978 5422 1196 5486 attinet,
1244 5420 1334 5491 qui
1374 5420 1428 5474 in
1481 5419 1676 5475 Photio
1724 5433 1824 5489 pro
1872 5433 1933 5472 re

315 5527 453 5568 nata
486 5514 687 5565 varius
714 5509 949 5575 exsistit,
978 5512 1233 5581 equidem
1269 5512 1350 5567 sic
1391 5509 1710 5580 temperavi,
1736 5520 1795 5564 ut
1824 5519 1933 5564 lcr-

314 5621 379 5659 so
439 5614 717 5671 caStoqne
772 5617 1023 5657 sermone
1050 5602 1268 5670 Latino,
1324 5604 1425 5658 hoc
1455 5613 1538 5659 est
1579 5601 1844 5668 Romane,
1890 5603 1937 5657 si

318 5712 583 5769 possem,
632 5696 894 5759 dicerem,
932 5711 1207 5763 sensaque
1270 5697 1467 5751 mentis
1514 5696 1801 5766 perspicue
1850 5713 1935 5750 re-

319 5799 758 5859 i‘m‘sentarem.
809 5786 945 5843 Nam
976 5789 1056 5846 vel
1085 5788 1245 5846 Tullii
1293 5789 1569 5853 umbram,
1613 5789 1683 5842 ob
1712 5787 1923 5843 dicendi

3461 344 3534 407 22

1964 460 2411 531 perspicuitatem
2443 459 2596 528 juxta
2637 472 2701 514 ac
2746 457 3094 523 suavitatem,
3126 458 3300 514 libens
3331 462 3538 531 amplc-

1954 559 2095 613 ctor,
2134 565 2245 618 prce
2284 547 2507 604 horrido
2544 548 2660 612 illo,
2713 549 2876 615 hujus
2921 549 3020 603 aavi
3066 559 3230 618 atque
3278 550 3537 615 obscuro,

1954 642 2119 709 quale
2165 640 2423 696 Heracliti
2483 641 2765 694 σκοτεινοῦ
2825 642 2947 707 fuit,
3004 642 3268 697 orationis
3317 656 3537 711 genere.

1957 730 2173 788 Scholia
2220 732 2298 786 rei
2338 731 2672 787 illustrandae
2728 734 2797 788 ad
2831 747 2983 786 oram
3047 734 3142 786 καὶ
3186 733 3543 803 ταυτολογού-

1960 839 2099 893 μενοι
2127 821 2425 877 identidem
2446 822 2694 892 apposui,
2720 834 2934 891 sumpto
2956 824 3199 879 subsidio
3228 840 3258 878 a
3279 826 3543 880 memoria

1958 914 2302 983 lectioneqne
2336 913 2665 982 scriptorum
2692 924 2974 984 veterum:
3009 924 3065 970 et
3110 917 3165 971 in
3214 916 3409 972 critico
3441 915 3543 970 hoc

1961 1020 2161 1074 genere
2217 1005 2416 1060 similia
2468 1006 2705 1060 invicem
2765 1006 3163 1076 componendo,
3220 1008 3448 1077 digitum
3476 1006 3544 1059 ad

1962 1099 2189 1162 fontem,
2220 1094 2364 1166 quod
2394 1093 2565 1163 aiunt,
2600 1096 2883 1151 intendere
2913 1095 3111 1165 potius,
3166 1112 3328 1167 quam
3392 1107 3548 1153 tran-

1963 1191 2204 1246 scribere
2232 1189 2472 1260 pretium
2517 1202 2697 1258 opera:
2727 1189 2879 1244 duxi.
2910 1188 3187 1245 Interdum
3222 1200 3400 1244 tamen
3429 1189 3549 1244 lon-

1963 1284 2114 1355 giora
2144 1282 2306 1353 paulo
2352 1281 2558 1336 scholia
2588 1282 2834 1348 adhibui,
2860 1298 2984 1337 cum
3011 1293 3107 1337 aut
3140 1283 3387 1339 antidoto
3412 1295 3552 1351 opus

1966 1375 2089 1440 fuit,
2123 1374 2269 1444 iique
2308 1382 2466 1427 erant
2510 1371 2823 1438 refellendi,
2862 1374 2955 1444 qui
2992 1375 3045 1429 in
3079 1375 3185 1429 alia
3223 1375 3407 1429 omnia
3443 1372 3556 1430 dis-

1966 1467 2188 1530 cedunt,
2240 1473 2334 1520 aut
2369 1465 2519 1534 plura
2561 1464 2802 1533 ejusdem
2853 1466 3093 1521 auctoris
3141 1466 3447 1531 attulimus,
3496 1475 3558 1519 ut

1970 1564 2157 1614 eorum
2184 1574 2249 1614 ex
2298 1568 2451 1627 parte
2482 1558 2728 1613 laborem
2765 1558 3101 1622 minuerem,
3147 1559 3240 1628 qui
3272 1559 3355 1613 vel
3384 1558 3559 1614 eccle-

1969 1652 2223 1708 siasticos
2250 1651 2476 1707 annales
2500 1666 2699 1722 magno
2729 1650 2984 1706 Ecclesia:
3007 1653 3295 1707 commodo
3323 1651 3560 1706 moliun-

1975 1754 2085 1809 tur,
2109 1742 2195 1799 vel
2220 1752 2472 1797 auctores
2506 1744 2655 1807 ipsos
2697 1741 2857 1812 longe
2888 1756 3054 1810 quam
3087 1750 3250 1797 antea
3286 1742 3561 1796 auctiores
3617 1754 3623 1758 '

1976 1830 2627 1903 melioresquedabunt.
2679 1834 2814 1889 Cum
2871 1844 3053 1891 autem
3105 1834 3444 1890 enumeratio
3497 1849 3564 1889 ac

1975 1942 2207 1986 censura
2238 1926 2438 1983 Photio
2464 1935 2611 1983 esset
2652 1920 2922 1997 principio
2946 1928 3212 1982 duntaxat
3261 1926 3561 1996 prOposita,

1977 2031 2120 2094 post,
2149 2023 2303 2095 quasi
2338 2032 2609 2077 metantes
2643 2021 2860 2085 ductus,
2891 2020 3065 2075 eidem
3112 2018 3320 2089 placuit
3360 2018 3566 2074 Excer-

1979 2128 2066 2186 pta
2098 2126 2260 2185 atque
2303 2115 2439 2169 adeo
2476 2112 2735 2184 opuscula
2779 2112 3118 2175 describere,
3147 2120 3204 2166 et
3246 2111 3302 2165 in
3358 2120 3568 2165 tomum

1979 2206 2210 2260 alterum
2266 2202 2559 2273 conjicere,
2602 2202 2801 2258 mentis
2838 2202 3087 2272 augurio,
3132 2213 3398 2271 quantum
3439 2216 3572 2256 con-

1976 2297 2130 2368 jicio.
2166 2294 2286 2351 fore
2317 2305 2377 2350 ut
2411 2294 2673 2364 pleraque
2700 2294 2906 2364 scripta
2934 2302 3237 2362 temporum
3269 2289 3572 2360 longinqui-

1984 2400 2096 2443 tate
2124 2387 2461 2452 fatiscerent,
2494 2395 2588 2439 aut
2621 2384 2862 2440 funditus
2923 2384 3187 2453 perirent.
3227 2380 3338 2461 Nec
3377 2379 3575 2436 fefellit

1985 2481 2296 2551 augurium.
2346 2477 2601 2548 Plerique
2653 2478 2798 2531 enim
2832 2486 3085 2531 auctores
3132 2490 3238 2544 qua
3290 2472 3572 2529 hominum

1988 2572 2223 2635 incuria,
2256 2586 2363 2642 qua
2401 2569 2695 2625 vetustatis
2720 2570 2904 2624 omnia
2937 2567 3203 2623 vasmutis
3236 2563 3455 2632 injuria,
3491 2561 3577 2616 in-

1992 2666 2350 2727 terciderunt.
2386 2662 2756 2730 Quamobrem
2797 2661 2850 2714 in
2892 2660 3163 2730 Excerpta
3203 2657 3294 2712 illa
3333 2656 3577 2726 longiora

1989 2758 2280 2828 pauciores
2314 2764 2474 2810 notas
2500 2755 2555 2809 in
2605 2762 2862 2810 extremo
2894 2767 3058 2821 opere
3087 2750 3437 2820 apponendas
3484 2763 3580 2803 cu-

1992 2851 2128 2917 ravi,
2162 2849 2297 2904 utin
2329 2845 2634 2913 Plutarchi,
2666 2845 2948 2909 Aristidis,
2985 2843 3311 2908 Memnonis,
3341 2850 3397 2897 et
3440 2840 3582 2911 Aga-

1994 2944 2295 2999 tharchidze
2322 2941 2790 3012 ἀποσπασμάτιαε
2821 2953 3055 3009 quorum
3089 2938 3417 3008 interpretes
3450 2950 3582 2992 eru-

1995 3037 2163 3100 ditos,
2190 3043 2251 3090 ut
2272 3049 2378 3089 non
2401 3032 2728 3103 contempsi,
2750 3031 2832 3088 sic
2854 3039 2904 3085 et
2928 3029 3148 3084 illorum
3174 3024 3588 3084 observationes

2000 3128 2217 3184 admisi.
2250 3128 2305 3182 In
2338 3127 2535 3183 Ctesias
2555 3124 2793 3181 Persicis
2821 3134 2985 3195 atque
3012 3122 3235 3195 indicis,
3263 3134 3332 3175 ne
3359 3118 3438 3175 sis
3463 3132 3592 3172 nes-

1998 3223 2135 3285 cius,
2179 3222 2451 3276 diversam
2509 3217 3011 3286 interpretationem
3076 3213 3299 3269 adhibui
3357 3221 3413 3267 et
3441 3210 3593 3266 illus-
3675 3272 3681 3277 η

2004 3313 2140 3367 travi
2175 3312 2244 3367 ab
2267 3326 2354 3377 ea,
2390 3324 2514 3380 quae
2552 3311 2606 3363 in
2638 3317 2884 3364 extremo
2912 3304 3189 3360 Herodoto
3226 3300 3593 3374 typographo—

2001 3422 2124 3462 rum
2157 3404 2435 3474 Στεφάνου
2484 3417 2651 3473 opera
2704 3399 3111 3456 circumfertur.
3165 3396 3232 3450 Et
3275 3409 3407 3450 vero
3447 3393 3597 3448 curis

2003 3498 2279 3564 secundis,
2310 3506 2760 3567 posterorumque
2806 3489 3088 3547 industria:
3118 3487 3323 3557 aliquid
3374 3485 3465 3541 hic
3494 3484 3599 3539 fuit

2007 3590 2440 3660 relinquendum.
2492 3586 2624 3640 Nam
2679 3585 2824 3655 quod
2864 3597 2992 3639 vere
3031 3588 3335 3653 togatorum
3374 3577 3452 3632 ait
3490 3575 3595 3630 do-

1960 3716 1963 3717 ν
2006 3682 2284 3737 ctissimns
2343 3679 2411 3733 Μ.
2469 3677 2643 3733 Varro
2680 3678 2731 3732 in
2762 3677 2879 3747 lege
2924 3674 3124 3729 Moenia
3158 3690 3173 3728 :
3206 3690 3226 3723 ί
3263 3671 3337 3727 Ut
3371 3670 3424 3724 in
3458 3671 3598 3723 bona

1950 3834 1955 3839 ,
2010 3783 2191 3842 segete
2226 3787 2397 3841 neque
2428 3771 2633 3826 nullum
2660 3779 2742 3825 est
2782 3770 2991 3839 Spicum
3028 3781 3288 3836 nequam,
3341 3776 3515 3833 neque
3545 3762 3598 3816 in

2012 3867 2153 3921 mala
2182 3880 2286 3920 non
2320 3865 2534 3932 aliquod
2556 3866 2795 3925 bonum;
2833 3864 2907 3917 ita
2939 3876 3097 3915 nemo
3120 3870 3204 3915 est
3235 3856 3599 3927 reprehensus

2013 3956 2232 4028 (inquit,
2275 3971 2331 4011 v1
2393 3956 2466 4010 De
2514 3955 2697 4025 lingua
2739 3952 2983 4024 Latina),
3029 3952 3122 4024 qui
3195 3966 3226 4006 e
3298 3956 3482 4020 segete
3535 3945 3605 4001 ad

2013 4051 2353 4121 spicilegium
2411 4048 2634 4119 reliquit
2665 4048 2941 4117 stipulam.
2976 4067 2994 4100 ι
3032 4046 3087 4100 Si
3119 4045 3246 4113 quid
3288 4053 3469 4097 autem
3516 4040 3608 4096 hic

2015 4152 2318 4214 peccatum,
2350 4142 2511 4196 homo
2536 4141 2680 4195 enim
2712 4155 2852 4201 sum,
2888 4153 2955 4192 ne
2989 4138 3214 4191 modiete
3248 4145 3301 4190 te

2162 4277 2451 4349 Oﬂendant
2484 4274 2729 4340 maculw,
2759 4290 2894 4343 quas
2928 4283 3023 4326 aut
3058 4272 3266 4325 incuria
3295 4270 3463 4340 fudit,

2232 4369 2338 4421 Aut
2361 4367 2595 4419 humana
2621 4379 2809 4431 parum
2841 4363 2977 4416 cavit
3006 4372 3223 4415 natura.

2022 4484 2217 4550 Quaeso
2269 4496 2486 4551 quoque
2518 4494 2756 4550 rogoque
2785 4477 3084 4540 doctiores,
3119 4474 3463 4546 quibushzrc
3501 4488 3610 4527 non

2021 4573 2320 4638 elaboravi,
2390 4582 2447 4625 ut
2513 4570 2733 4625 meliora
2806 4567 3135 4639 proferant:
3199 4563 3357 4635 qund'
3403 4572 3611 4618 tantum

2023 4668 2179 4722 abest
2206 4674 2265 4719 ut
2291 4666 2499 4718 laturus
2528 4662 2631 4717 sint
2673 4661 2923 4724 moleste,
2958 4669 3017 4714 ut
3047 4660 3278 4727 gratiam
3308 4657 3409 4711 sim
3446 4655 3610 4710 etiam

2025 4759 2312 4814 habiturus
2366 4756 2696 4820 maximam;
2753 4767 2957 4826 nosque
3006 4753 3257 4812 doceant,
3310 4744 3615 4802 maledictis

2027 4849 2187 4902 modo
2226 4856 2281 4900 et
2329 4845 2617 4901 calumniis
2667 4843 3003 4905 abstineant,
3064 4839 3260 4894 studiis
3311 4832 3619 4906 φιλανθρω-

2027 4939 2159 5001 πίας
2210 4937 2409 4991 nedum
2458 4935 2774 4991 Christiano
2817 4933 3038 4987 homine
3068 4929 3327 4999 indignis.
3387 4924 3618 4979 Valeant

2029 5047 2157 5085 vero
2178 5030 2268 5097 qui
2294 5037 2501 5082 tantum
2535 5026 2635 5080 sibi
2667 5024 2815 5079 falsa:
2835 5022 3014 5077 laudis
3044 5027 3326 5089 arrogant,
3353 5024 3616 5087 quantum

2030 5123 2097 5178 de
2122 5121 2241 5176 aliis
2280 5134 2377 5190 per
2417 5118 2568 5173 nefas
2610 5116 2943 5172 detrahunt:
2986 5113 3096 5168 lllis
3146 5126 3246 5182 ego
3295 5120 3451 5165 vetns
3487 5105 3617 5160 illud

2030 5214 2274 5271 accinatn
2306 5212 2470 5266 εἰδοὺ
2489 5210 2666 5274 Ῥόδος
2696 5209 2827 5275 ἰδοὺ,
2861 5207 3039 5262 καὶτὸ
3072 5206 3325 5278 πηδημα.

2103 5326 2283 5383 Habes
2344 5325 2409 5378 de
2474 5322 2965 5394 interpretatione;
3028 5320 3187 5373 venio
3230 5318 3295 5371 ad
3363 5314 3620 5381 alterum,

2033 5421 2254 5496 gravius
2294 5427 2473 5472 tamen
2510 5431 2575 5471 ac
2619 5413 2889 5470 difficilius
2936 5413 3004 5467 ad
3037 5407 3434 5481 profligandum
3473 5422 3623 5476 qua:-

2035 5514 2229 5570 stionis
2309 5521 2495 5581 caput,
2597 5511 2664 5564 de
2736 5507 2932 5563 Photio
3012 5500 3623 5572 ConstantinOpolitauo

2036 5602 2264 5673 ejusque
2327 5599 2574 5669 scriptis,
2633 5608 2691 5651 ut
2778 5597 2920 5651 hanc
2975 5591 3365 5648 Bibliothecam
3418 5591 3626 5649 erroris

2039 5694 2159 5748 labe
2211 5707 2408 5747 vacare
2461 5691 2848 5745 demonstrem.
2907 5686 2986 5742 Ac
3015 5686 3249 5755 primum
3279 5685 3349 5741 de
3382 5681 3626 5740 moribus

2046 5788 2344 5852 videamus,
2375 5784 2502 5839 hinc
2534 5783 2599 5837 dc
2632 5780 2829 5850 ingenii
2870 5778 3257 5840 monumentis,
3279 5792 3417 5847 qua},
3439 5774 3640 5845 paucis
