4030 6470
413 347 482 406 ‘23
1525 349 1626 407 AD
1668 347 1933 407 PIlOTII
1969 346 2535 407 BIBLIOTIIECAM
3593 355 3668 417 24

411 465 663 534 demptis,
729 467 794 519 ad
843 466 984 520 hanc
1025 466 1165 520 diem
1193 466 1243 520 in
1285 466 1520 523 tenebris
1560 466 1718 523 nimis
1750 466 1836 521 diu
1886 465 1981 518 (lc,-

414 557 695 621 lituerunt,
750 574 892 611 nunc
943 558 1169 612 illustris
1208 557 1364 627 juxta
1406 573 1470 610 ac
1525 559 1664 610 docti
1714 557 1979 611 duumviri

416 647 581 701 Marci
615 646 816 701 Vclscri
860 650 1117 717 auspiciis
1149 660 1374 716 utraque
1416 648 1591 715 lingua
1626 658 1839 710 exciuit,
1878 666 1981 703 non

413 737 515 797 levi
552 749 810 807 proventu
847 740 1152 808 fructuque,
1177 749 1229 792 ιιι
1272 756 1428 805 spero
1456 750 1504 795 et
1539 746 1685 807 Opto,
1722 739 1980 791 bonarmn

411 832 605 883 artium
637 848 697 884 ac
726 833 1148 900 disciplinarum,
1185 847 1289 902 quo
1321 832 1596 900 pauciores
1634 834 1733 892 hoc
1761 829 1979 901 smculo,

413 931 606 974 caetera
654 908 889 979 felicium
932 924 1268 997 ingeniorum
1316 922 1499 991 feraci,
1550 923 1833 975 interiores
1892 922 1980 973 lit—

415 1026 580 1077 teras,
608 1014 822 1068 Grmcas
852 1015 1169 1085 prmsertim,
1201 1024 1547 1083 pertractant.
1580 1016 1845 1069 Auctores
1870 1014 1983 1081 ejus

413 1105 535 1157 vitae
565 1108 904 1158 recensenda:
939 1106 1240 1167 laudamus,
1272 1121 1340 1159 ne
1378 1106 1502 1174 quid
1532 1105 1666 1159 falso
1693 1106 1981 1161 commenti

412 1195 710 1257 videamur,
758 1196 823 1248 de
871 1196 1071 1249 Cra-cis
1123 1198 1379 1265 antiquis,
1410 1212 1471 1248 ac
1503 1212 1636 1264 pene
1662 1196 1981 1263 a‘qualibus,

414 1286 697 1351 Zonarani,
727 1288 967 1358 Glycam,
1013 1288 1334 1350 Manassem,
1372 1288 1640 1350 Nicetam,
1690 1288 1983 1356 Οιιγιιρὶὶιιι-

416 1390 543 1437 tam,
574 1379 771 1445 quique.
804 1379 943 1432 hunc
978 1394 1221 1446 magnam
1268 1390 1472 1447 partem
1503 1380 1837 1445 tl‘athl'ipsil
1879 1378 1977 1430 Ce-

402 1470 663 1534 drenum,
718 1469 1081 1538 Metrophauis
1129 1471 1252 1523 item
1305 1483 1357 1522 et
1415 1470 1641 1540 Styliani
1699 1471 1978 1537 epistulas,

413 1565 531 1608 acta
610 1557 838 1625 denique
881 1558 1067 1626 synodi
1130 1569 1332 1611 octava:
1408 1558 1674 1627 legitinaz.
1734 1560 1983 1612 Exstaret

410 1644 697 1714 Nicephori
745 1647 951 1700 Callisti
1013 1647 1149 1701 liber
1178 1648 1462 1701 Annalium
1506 1650 1981 1709 ecclesiasticarum

340 1810 343 1813 _
410 1740 602 1791 tertius
654 1749 704 1791 et
755 1740 1061 1802 vicesimus,
1106 1757 1209 1808 quo
1258 1744 1324 1794 de
1361 1743 1569 1806 Photio,
1610 1743 1846 1812 ejusdem
1882 1743 1979 1796 arvi

411 1829 572 1882 rebus
624 1831 789 1897 gestis
848 1834 1052 1883 diserte
1101 1832 1488 1899 pertractat-at,
1540 1850 1642 1886 non
1692 1836 1979 1889 admodum

409 1918 795 1985 laboraremus,
829 1922 921 1975 sed
962 1906 1189 1975 extremi
1237 1924 1308 1975 illi
1347 1923 1462 1976 libri
1514 1934 1810 1992 temporum
1841 1924 1983 1976 cala-

410 2009 673 2074 mitatem,
710 2012 919 2064 caneris
958 2012 1143 2076 salvis,
1199 2013 1419 2066 minime
1478 2012 1816 2080 effugerunt:
1877 2014 1981 2066 nisi

411 2102 549 2154 forte
595 2103 646 2155 in
707 2103 949 2165 Graeciae,
1015 2118 1134 2170 qua)
1190 2103 1494 2157 libertatem
1546 2120 1719 2169 suam,
1774 2107 1977 2158 studio-

410 2207 636 2261 rumque
684 2193 929 2245 ardorem
986 2194 1191 2262 pridem
1242 2196 1478 2258 decoxit,
1539 2197 1735 2265 angulo
1782 2197 1980 2264 aliquo,

408 2284 648 2349 pulvere,
691 2286 818 2349 situ,
873 2300 936 2338 ac
983 2285 1233 2351 squalore
1277 2285 1462 2349 obsiti,
1498 2296 1553 2341 ut
1597 2286 1698 2338 alia
1754 2288 1980 2354 plurima

412 2382 650 2429 veterum
687 2379 909 2444 scripta,
949 2378 1285 2430 delitescant.
1338 2378 1417 2429 Ab
1459 2377 1664 2445 lgnatio
1693 2379 1858 2447 igitur
1884 2395 1979 2445 pa-

406 2469 643 2523 triarcha
676 2469 1001 2521 narrationis
1032 2468 1245 2521 initium
1272 2470 1428 2537 paulo
1460 2469 1620 2533 altius
1649 2480 1978 2537 repetamus.

477 2559 765 2628 Nicephori
838 2560 1091 2629 Augusti,
1126 2561 1239 2628 ejus
1284 2562 1371 2628 qui
1424 2560 1630 2613 lreuem
1682 2564 1977 2630 Augustam

409 2654 632 2721 imperio
668 2652 893 2723 expulit,
946 2667 1011 2705 ex
1072 2652 1176 2706 lilia
1224 2652 1479 2721 Eutropia
1523 2663 1681 2721 atque
1720 2653 1981 2707 Michaele

407 2744 735 2810 imperatore
760 2752 1119 2810 cognomento
1161 2741 1436 2812 Rangabe,
1482 2757 1646 2809 nepos
1684 2740 1780 2793 fuit
1830 2740 1982 2807 lgna-

410 2835 533 2888 tius.
573 2833 722 2887 llune
750 2833 802 2886 in
849 2834 1040 2913 minori
1070 2843 1249 2898 :ctate,
1282 2844 1335 2887 et
1378 2833 1841 2903 Theopliylactum
1873 2833 1981 2886 fra-

415 2937 548 2978 trem
586 2925 843 2993 majorem
878 2936 1029 2993 natu,
1063 2926 1311 2982 virilibus
1339 2924 1582 2978 exsecuit
1611 2940 1625 2988 ;
1663 2938 1766 2999 quo
1812 2922 1976 2987 facto,

410 3019 685 3087 repetendi
754 3018 986 3086 imperii,
1055 3018 1304 3089 quamvis
1349 3016 1557 3085 paterni
1613 3027 1776 3089 atque
1826 3017 1978 3081 aviti,

407 3123 501 3179 spe
539 3110 755 3179 penitus
803 3109 1171 3164 arcebantur:
1234 3120 1493 3177 praeterea
1536 3108 1799 3177 lgnalium
1864 3124 1979 3161 m0-

409 3202 564 3255 naclii
617 3203 719 3255 ritu
783 3199 1112 3255 tondendum
1171 3182 1402 3254 curavit.
1450 3197 1663 3251 Timeat
1708 3198 1850 3251 enim
1901 3207 1981 3266 ty-

409 3290 650 3345 rannidis
694 3291 774 3346 vis
825 3306 928 3344 non
985 3290 1161 3344 minus
1222 3305 1380 3357 quam
1440 3296 1711 3342 metuatur
1760 3299 1981 3341 necesse

404 3390 505 3446 est,
560 3395 659 3435 nec
707 3383 887 3435 minus
943 3381 1016 3434 sit
1071 3381 1183 3449 ipsa
1243 3379 1471 3434 sollicita
1542 3396 1703 3448 quam
1756 3380 1975 3433 subditi.

406 3471 639 3524 Omnino
669 3472 831 3524 rebus
862 3472 1229 3534 commutatis,
1262 3470 1597 3539 imperioque
1622 3471 1686 3523 ad
1716 3470 1981 3538 Theophi-

406 3563 514 3615 lum
568 3561 845 3617 Michaelis
900 3563 1083 3617 Trauli
1149 3563 1311 3616 lllimn
1359 3563 1635 3627 devoluto,
1690 3564 1978 3616 Theodora

405 3653 685 3723 Theophili
738 3670 899 3719 uxor,
933 3669 1051 3708 cum
1089 3655 1206 3709 viro
1255 3656 1510 3709 defuncto
1561 3656 1843 3725 imperium
1883 3671 1980 3724 pro

406 3744 668 3799 Micltaele
719 3746 829 3799 lilio
898 3746 1368 3816 Porphyrogeneta
1421 3754 1763 3814 procuraret,
1838 3746 1976 3798 fama

406 3851 525 3905 quae
572 3835 637 3889 de
671 3836 862 3905 lgnatii
907 3836 1195 3889 virtutibus
1247 3836 1475 3890 celebris
1525 3848 1664 3900 erat,
1713 3850 1979 3905 permom,

407 3936 463 3982 et
508 3927 711 3995 alioqui
760 3941 858 3996 pro
913 3927 1159 3980 muliebri
1213 3927 1428 3996 ingenio
1487 3929 1806 3982 nobilissimi
1878 3930 1977 3983 viri

407 4018 772 4074 calamitatem
836 4019 1115 4083 miserata,
1158 4020 1300 4072 nulla
1356 4020 1525 4087 ipsius
1559 4021 1735 4087 culpa,
1807 4022 1978 4075 aliena

410 4119 617 4163 tantmn
677 4109 942 4179 pravitate
991 4122 1351 4174 contractam,
1395 4110 1668 4165 Illethodio
1718 4112 1983 4167 Constan-

411 4202 761 4268 tinopolitano
791 4202 1121 4271 ipatriarcha
1179 4202 1288 4254 vita
1347 4202 1549 4265 fitttcto,
1594 4202 1860 4272 lgnatium
1895 4220 1983 4257 sa-

409 4293 536 4347 lutis
570 4311 710 4348 anno
744 4294 1128 4360 DCCCXLVII,
1184 4311 1375 4362 magna
1426 4298 1686 4348 bonorum
1740 4297 1979 4350 onmium

407 4386 794 4453 gratulatione,
841 4387 1276 4447 substituendum
1312 4388 1542 4445 curavit.
1575 4387 1733 4442 Initia
1773 4405 1836 4440 ac
1869 4404 1982 4442 ine-

410 4478 497 4545 dia
528 4478 645 4530 laeta
686 4481 922 4543 luerunt,
964 4495 1059 4547 par
1094 4480 1215 4546 spei
1241 4477 1465 4530 fructus.
1506 4481 1702 4535 Secuta
1740 4490 1824 4541 est
1870 4497 1982 4533 ma-

405 4569 493 4638 .ior
533 4570 1018 4640 Porphyrogcncta:
1066 4583 1214 4635 retas,
1272 4587 1377 4640 qua
1433 4574 1514 4627 sui
1552 4588 1794 4640 compos,
1838 4575 1983 4627 vitiis

411 4663 765 4729 mancipatus,
824 4672 1004 4715 matre
1046 4660 1325 4716 Theodora
1382 4679 1567 4723 rerum
1605 4666 1981 4729 pret-oratione

407 4764 609 4817 amota,
646 4754 832 4805 Barda:
887 4768 1051 4822 seque
1094 4763 1146 4807 et
1191 4755 1476 4821 imperium
1530 4757 1821 4822 regendum
1861 4773 1982 4821 per-

408 4844 575 4905 misit,
643 4843 784 4896 nulla
837 4844 989 4896 fama:
1042 4859 1192 4908 cura,
1249 4860 1415 4913 pravo
1476 4846 1678 4901 homini
1736 4847 1980 4913 perditus

402 4936 656 5008 juvenis:
712 4935 803 4988 sed
842 4936 891 4987 in
934 4935 1137 5004 reliqua
1177 4936 1411 5005 nequitia
1459 4952 1576 4989 eam
1623 4946 1801 4990 tamen
1861 4939 1977 4991 latt-

407 5033 523 5085 dem
567 5029 783 5091 meruit,
844 5029 983 5096 quod
1036 5028 1334 5081 litterarum
1386 5029 1724 5097 professores
1770 5032 1979 5100 stipen.

406 5125 494 5176 dio
554 5122 620 5176 de
666 5120 878 5190 publico
955 5120 1257 5190 designato,
1333 5122 1798 5189 Constantinopoli
1850 5140 1978 5178 em-

405 5213 613 5264 diendze
644 5210 913 5279 iuventuti
944 5212 1243 5272 constituit,
1268 5210 1446 5265 Leone
1472 5212 1670 5265 scholis
1704 5212 1991 5281 praefecto,

406 5303 586 5369 magni
629 5302 864 5357 nominis
909 5318 970 5355 ea
1022 5312 1343 5370 tempestate
1417 5305 1751 5372 philosOpho.
1804 5305 1978 5363 Caute-

409 5409 525 5445 rum
572 5394 803 5447 Bardam
847 5394 1113 5447 Caesarem
1159 5405 1424 5457 creatum,
1455 5405 1509 5448 et
1558 5406 1836 5464 acceptant
1888 5414 1978 5465 po-

408 5493 655 5537 testatem
690 5502 792 5539 non
827 5487 1037 5555 publica
1076 5485 1270 5557 salute,
1323 5488 1413 5539 sed
1461 5488 1725 5540 scelerum
1764 5489 1977 5542 licentia

408 5575 774 5645 deliuientem,
838 5597 1004 5650 usque
1040 5597 1123 5637 eo.
1191 5589 1247 5632 ιιι
1303 5595 1469 5631 uxore
1526 5581 1799 5647 repudiata
1855 5598 1976 5634 cum

406 5679 543 5717 nuru
597 5680 691 5718 sua
739 5673 905 5736 stupri
964 5672 1405 5725 consucttulincm
1453 5671 1695 5734 haberet,
1766 5672 1975 5737 piorum

409 5762 547 5810 cestu
596 5758 832 5827 lgnatius
863 5762 1218 5817 anathctnatis
1256 5763 1547 5833 ignominia
1582 5772 1848 5815 notatunr
1881 5780 1972 5819 ει-

2089 465 2239 530 pulit,
2275 483 2336 519 ac
2359 467 2519 521 veluti
2554 466 2817 531 Baptistes
2858 465 2995 518 alter
3025 463 3295 519 Herodem
3333 464 3658 534 increpavit.

2084 553 2305 624 Magnus
2338 572 2467 609 sane
2520 558 2619 617 vir,
2653 558 2747 608 sed
2783 556 3004 610 meliore
3047 557 3244 610 smculo
3278 557 3491 625 dignus.
3525 556 3658 609 Per-

2084 647 2211 701 culit
2247 664 2305 701 ea
2341 649 2614 703 severitas
2655 650 2999 717 impotentem
3027 649 3260 702 hominis
3284 650 3545 713 animum,
3598 658 3658 702 ut

2084 754 2239 805 quem
2280 741 2534 803 revereri,
2584 751 2743 807 atque
2770 751 2825 792 ut
2859 742 3122 792 medicum
3157 755 3344 794 amare
3372 741 3657 800 debuerat,

2083 832 2288 901 synodo
2319 832 2455 885 facta
2493 834 2803 899 episcopatu
2827 832 3123 900 .Spoliatum
3156 831 3207 885 in
3240 831 3543 900 Mytilenem
3572 832 3659 882 in-

2085 921 2252 973 sulam
2285 921 2556 990 relegavit.
2577 922 2933 977 Substituitur
2950 936 3044 991 per
3069 921 3217 977 nefas
3269 921 3660 990 ΡΙιοιὶιιεπρω-

2082 1010 2445 1077 τοασηκρῆτις
2492 1009 2734 1073 Zonarte,
2771 1011 2963 1067 usitata
2991 1011 3222 1078 sequiori
3262 1010 3458 1064 smculo
3494 1026 3653 1072 voce,

2085 1114 2111 1149 a
2170 1098 2585 1154 Commentariis
2638 1112 2689 1153 et
2734 1101 2966 1155 Senator
3013 1103 3250 1155 urbanus
3302 1118 3446 1155 anno
3498 1101 3651 1153 Chri'

2084 1190 2149 1240 sti
2188 1188 2498 1250 DCCCLIX,
2550 1192 2651 1243 hoc
2707 1202 2813 1255 est,
2863 1200 2983 1258 post
3028 1191 3370 1243 undecimum
3421 1191 3658 1257 patriar-

2084 1283 2275 1335 cliatus
2323 1283 2532 1350 Ignatii,
2577 1285 2643 1336 de
2686 1282 2803 1335 foro
2862 1291 3079 1349 repente
3127 1282 3177 1335 in
3239 1280 3493 1337 Ecclesia;
3522 1294 3665 1347 prae-

2088 1379 2350 1433 lecttrram
2394 1378 2707 1431 translatus.
2757 1378 2968 1444 Raptim
3018 1376 3198 1429 omnia
3244 1388 3299 1429 et
3346 1372 3662 1443 perturbate

2084 1483 2210 1527 sunt
2244 1472 2404 1532 facta,
2442 1487 2615 1537 neque
2657 1471 2783 1537 quid
2835 1470 3039 1538 legibus
3082 1478 3327 1523 sanctum
3357 1476 3439 1521 est
3476 1467 3662 1520 consi—

2085 1570 2294 1627 derant,
2351 1566 2429 1618 ira
2484 1576 2536 1617 et
2585 1564 2874 1616 ambitione
2952 1561 3199 1631 pessimis
3251 1560 3660 1613 consultoribus

2086 1660 2295 1727 agitati.
2348 1658 2597 1711 Nicolaus
2658 1656 2935 1709 Romanus
3002 1652 3247 1708 Pontifex
3312 1668 3377 1706 eo
3438 1651 3662 1705 nomine

2085 1752 2313 1817 primus,
2346 1749 2420 1802 rei
2450 1757 2615 1816 gesta)
2642 1748 2827 1799 nuntio
2861 1756 3189 1807 commotus,
3215 1743 3496 1811 episcopos
3524 1742 3663 1794 duos

2085 1841 2416 1897 Rodoaldum
2462 1850 2514 1893 et
2544 1839 2861 1892 Zachariam
2909 1833 3430 1899 Constantinopolim
3470 1830 3660 1896 mittit,

2083 1946 2207 1984 cum
2266 1938 2531 1997 potestate
2585 1942 2862 1979 sacrarunt
2910 1925 3205 1991 imaginum
3258 1923 3443 1976 hostes
3496 1920 3663 1987 (qua

2082 2021 2249 2093 pestis
2294 2020 2397 2074 late
2448 2019 2500 2077 in
2554 2017 2772 2070 Oriente
2814 2012 3195 2083 grassabatur)
3249 2012 3405 2066 novis
3463 2009 3662 2064 edictis

2085 2110 2391 2173 coercendi,
2449 2118 2610 2177 atque
2664 2108 2712 2159 in
2762 2106 2954 2173 lgnatii
3003 2118 3164 2155 causa
3214 2103 3333 2168 ejus
3374 2100 3560 2169 legati,
3597 2109 3661 2154 ut

2084 2203 2390 2271 cognitione
2448 2201 2715 2260 instituta,
2764 2198 2873 2251 visa
2928 2198 3086 2249 modo
3138 2196 3544 2260 explorataque,
3602 2191 3660 2243 in

2086 2309 2143 2346 re
2169 2292 2413 2361 prmscnti
2446 2290 2833 2344 renuntiarent.
2860 2286 3115 2353 Adjuugit
3138 2285 3344 2337 litteras
3383 2283 3447 2335 ad
3477 2284 3661 2351 Augu-

2083 2394 2223 2437 stum
2284 2382 2579 2451 sigillatim,
2613 2398 2734 2449 qua:
2780 2388 3011 2440 exstant,
3062 2378 3112 2430 in
3153 2375 3401 2429 l’hotium
3452 2374 3663 2441 gravis-

2083 2477 2246 2529 simas
2282 2494 2294 2528 :
2338 2484 2524 2527 contra
2578 2474 2655 2524 fas
2691 2485 3032 2540 aequumque,
3083 2479 3244 2535 atque
3270 2466 3451 2521 omnia
3500 2474 3659 2518 vetu-

2082 2565 2240 2616 statis
2275 2563 2518 2629 exempla
2558 2563 2606 2613 in
2660 2562 2910 2615 Ecclesia:
2948 2559 3324 2630 prazl'ccturam
3368 2555 3659 2623 irrupisse,

2084 2671 2145 2707 ex
2177 2655 2400 2722 profano
2454 2664 2671 2722 repente
2724 2652 2924 2706 Christi
2985 2661 3257 2718 pastorem
3292 2646 3471 2717 gregis
3519 2660 3661 2712 pro-

2083 2750 2266 2809 diisse,
2301 2761 2430 2803 Vero
2477 2746 2775 2814 puesertim
2831 2752 3047 2815 pastore
3100 2739 3419 2809 superstite.
3467 2735 3662 2801 Legati

2084 2840 2269 2893 fraudo
2327 2817 2566 2900 inducti,
2607 2837 2853 2889 studiove
2906 2832 3243 2901 principibus
3295 2828 3662 2897 gratificandi,

2084 2932 2347 2997 lguatium
2372 2930 2494 2999 jure
2523 2931 2833 2982 damnatum
2868 2924 3033 2979 videri
3077 2923 3478 2993 prmvaricaudo
3517 2936 3664 2989 pra:-

2083 3025 2356 3077 nuntiant.
2406 3020 2655 3073 Nicolaus
2693 3020 2905 3086 quidem
2959 3016 3129 3070 atroci
3186 3014 3372 3067 nuntio
3410 3012 3665 3079 famaque

2084 3131 2371 3184 percussus
2437 3110 2896 3181 prarvaricationis
2946 3109 3145 3161 laetum
3198 3106 3497 3173 legatorum
3561 3116 3665 3154 ac-

2082 3208 2312 3261 cusavit.
2360 3206 2592 3259 Omnino
2638 3217 2700 3256 ea
2768 3200 3072 3253 temeritate
3121 3194 3497 3264 pronuntiamli
3545 3208 3667 3244 ma—

2082 3301 2163 3368 gis
2199 3298 2384 3367 lgnatii
2436 3312 2598 3352 causa
2655 3293 2964 3348 confirmari
3015 3294 3128 3349 visa
3177 3298 3278 3353 est,
3348 3303 3568 3357 prorsus
3601 3295 3666 3337 ut

2082 3392 2255 3443 Barda
2299 3390 2513 3443 Ca‘Sarc
2563 3388 2836 3454 deinceps,
2880 3395 2934 3438 et
2963 3383 3219 3439 Michacle
3244 3384 3484 3450 Augusto
3527 3372 3666 3429 inSi-

2082 3486 2186 3543 diis
2222 3482 2403 3537 Basilii
2464 3478 2774 3533 Macedonis
2834 3476 3083 3536 sublatis,
3135 3472 3403 3529 Adrianus
3438 3469 3477 3522 ll
3526 3484 3669 3538 pou-

2084 3576 2209 3631 tiles
2266 3572 2539 3629 Romanus
2585 3567 2789 3622 Nicolai
2825 3565 3063 3621 defuncti
3097 3563 3337 3630 vestigiis
3378 3560 3669 3619 incedens,

2084 3665 2289 3734 synodo
2335 3656 2800 3725 Constantiumioli
2860 3656 3039 3708 habita
3110 3668 3182 3711 cu
3254 3652 3664 3729 episcoporum,

2084 3776 2227 3815 anno
2274 3758 2464 3812 salutis
2513 3750 2997 3809 DCCCLXXXV'HI
3049 3750 3203 3819 (qua:
3258 3748 3400 3799 inter
3430 3760 3669 3817 genera-

2084 3852 2161 3907 les
2191 3860 2378 3904 octava
2410 3861 2662 3917 germana
2692 3854 2794 3908 est,
2825 3842 3123 3909 Gra’ccque
3168 3852 3230 3890 ac
3259 3836 3447 3893 Latine
3481 3834 3667 3889 studio

2083 3939 2317 3993 Matth-ci
2379 3937 2574 3989 Raderi
2624 3945 2821 3987 nostra:
2869 3930 3145 3985 societatis
3184 3927 3668 3998 presbyteri,post

2083 4030 2353 4086 Anastasii
2407 4026 2807 4081 Bibliothecarii
2863 4025 3193 4087 versionem,
3256 4020 3429 4077 lucem
3490 4032 3666 4086 nuper

2084 4123 2351 4191 aspexit),
2406 4120 2598 4174 Photio
2648 4125 2850 4181 amoto,
2908 4116 3144 4186 lgnatius
3198 4124 3252 4164 ut
3286 4112 3670 4166 restitueretur

2084 4215 2391 4284 perfecerit.
2417 4212 2661 4266 Pontifex
2692 4226 2823 4264 sane
2848 4207 3024 4276 magni
3056 4206 3218 4258 animi
3244 4200 3666 4269 nequeminoris

2084 4306 2317 4369 consilii,
2360 4305 2450 4371 qui
2492 4312 2683 4355 exacta
2728 4296 2931 4354 senem
2960 4310 3142 4359 a‘tatc,
3192 4295 3352 4348 rebus
3396 4291 3648 4360 quamvis

2085 4396 2334 4466 gerendis
2390 4394 2658 4455 inutilem,
2712 4390 2901 4443 maluit
2965 4388 3223 4442 Ecclesiae
3278 4379 3669 4453 guberimeulis

2090 4484 2343 4548 restitui,
2388 4498 2550 4550 quam
2602 4480 2931 4542 concedere,
2983 4486 3039 4529 ut
3082 4491 3222 4533 novo
3292 4489 3354 4527 ac
3400 4474 3664 4531 damnato

2083 4575 2331 4643 exemplo
2377 4572 2676 4638 disciplina:
2726 4567 3113 4623 labefactandae
3155 4564 3334 4616 aditus
3387 4561 3665 4629 relinque-

2086 4681 2253 4727 retur.
2304 4665 2419 4720 Etsi
2477 4663 2783 4724 Net-larius,
2867 4661 3125 4717 Tarasius
3161 4656 3339 4709 Photii
3390 4664 3665 4723 patrtms,

2081 4762 2305 4828 ejusque
2338 4738 3004 4820 successorNircepborus,
3036 4762 3089 4803 et
3125 4750 3177 4803 in
3202 4748 3495 4803 Occidente
3528 4748 3666 4798 Αιιιη

2082 4852 2296 4906 brosius
2331 4866 2361 4901 e
2406 4847 2558 4900 laicis
2596 4854 2817 4913 repente
2863 4842 3100 4910 episcopi
3146 4842 3256 4893 sint
3292 4838 3482 4897 creati.
3534 4834 3665 4891 llaec

2084 4945 2172 5001 ille
2226 4940 2497 5011 pi~a3~titit.
2548 4938 2734 5007 lgnatii
2782 4952 2908 4988 vero
2954 4934 3240 4986 subsecuta
3278 4941 3474 4990 morte,
3522 4943 3667 4979 nova

2081 5031 2547 5099 Constantinopoli
2580 5030 2817 5099 synodus
2842 5028 3113 5099 λῃστρικὴ
3134 5025 3385 5079 Photiqu
3424 5022 3665 5074 restituit

2082 5147 2221 5187 anno
2286 5121 2720 5189 DCCCLXXVII,
2773 5122 3144 5190 episcoporum
3203 5130 3555 5185 cccnxxxm,
3602 5113 3675 5175 itr‘

2084 5222 2366 5293 pristinum
2402 5219 2600 5278 locum,
2634 5216 2786 5268 initio
2819 5227 3086 5284 consensu
3135 5210 3291 5267 llotu.
3314 5208 3469 5261 Ponl.
3494 5206 3665 5262 Joan-

2083 5327 2164 5361 ms
2193 5307 2323 5370 \‘lll,
2359 5308 2431 5358 uti
2480 5305 2597 5373 ejus
2622 5305 2813 5375 synodi
2849 5303 3020 5361 sessio
3048 5302 3220 5367 prima
3258 5298 3523 5359 declarat,
3571 5293 3673 5351 his

2082 5402 2296 5457 verbis:
2345 5400 2499 5463 Quod
2534 5398 2788 5453 Dominus
2836 5406 3011 5449 noster
3053 5392 3387 5457 Apostolicus
3426 5388 3662 5443 admittit

2079 5495 2344 5545 dominum
2391 5492 2635 5545 Photinm
2690 5493 2746 5543 in
2780 5487 3159 5555 patriam/mm,
3187 5494 3409 5536 testatur
3433 5478 3664 5546 Pontiﬁ-

2080 5582 2208 5635 calis
2252 5584 2382 5633 stola
2408 5599 2438 5633 ιι
2475 5598 2676 5635 summa
2707 5580 2864 5633 Pont.
2902 5578 3112 5630 domino
3160 5585 3337 5634 nostro
3360 5567 3567 5624 Joanne
3590 5570 3673 5627 ad

2080 5689 2195 5726 cum
2236 5674 2393 5723 missa
2422 5688 2439 5723 :
2473 5690 2626 5741 quam
2673 5683 2947 5736 propterea
3024 5668 3239 5728 direxit,
3280 5676 3333 5717 ιιι
3359 5679 3534 5717 omnes
3570 5662 3624 5713 in
3647 5689 3667 5701 ο

2083 5766 2338 5835 ldiigunl,
2372 5775 2419 5817 et
2448 5774 2587 5817 certo
2622 5780 2674 5816 δε
2699 5772 2813 5826 ant,
2843 5763 3112 5815 dominum
3162 5758 3419 5816 I’ltolittm
3444 5755 3603 5825 recipi
3631 5773 3669 5811 α
