4030 6456
273 408 345 473 29
1634 406 1934 469 PROLEG
1944 405 2230 466 OMENA.
3502 396 3579 460 30

276 529 382 585 bas
434 525 664 580 interim
720 523 1100 590 Antiocltenis,
1145 533 1205 578 ut
1270 534 1461 579 auctor
1516 535 1597 579 est
1659 525 1877 588 Suidas,

278 617 571 670 cremavit.
615 613 862 670 Externa
892 616 1022 684 quid
1057 630 1506 680 commemorem,
1564 615 1875 686 {Egyptiom

278 716 334 761 et
365 706 641 761 Attalicas
666 720 825 775 reges
848 706 1174 774 colligendis
1207 705 1362 761 libris
1386 706 1745 775 magniﬁcos?
1772 722 1872 761 no.

281 807 398 852 tam
481 796 839 852 Ptolemaeum
913 796 1330 868 Philadelphum
1403 799 1875 868 septingentorum

282 886 514 941 miltiam
547 888 817 943 librorum
871 888 1150 948 cumulum
1183 889 1504 954 contulisse,
1558 890 1648 959 qui
1684 905 1879 944 cumu-

285 981 373 1034 lus
399 982 797 1047 Alexandrino,
824 983 959 1052 proh
983 982 1167 1037 dolor!
1204 982 1437 1037 tumultu
1494 982 1876 1054 conﬂagravit.

282 1070 487 1141 Ecquis
522 1074 664 1127 adeo
690 1074 744 1126 in
769 1072 969 1128 litteris
1002 1074 1220 1142 hOSpes,
1250 1073 1342 1142 qui
1390 1072 1531 1128 LXX
1603 1074 1876 1144 interpre-

284 1176 399 1216 tntn
428 1178 624 1219 sacras
652 1164 895 1220 Litteras
922 1181 984 1219 ex
1019 1165 1243 1219 Hehrzeo
1270 1165 1514 1232 ejusdem
1551 1156 1702 1232 jussu
1757 1182 1881 1221 ver-

286 1257 520 1309 tentium
580 1257 873 1311 historiam
943 1256 1203 1327 ignoret?
1254 1256 1482 1314 Tacitus
1526 1269 1703 1313 tamen
1758 1257 1879 1314 sine

281 1347 490 1417 ﬂagitio
538 1350 824 1417 praeterire
852 1365 959 1403 non
999 1364 1246 1418 possum,
1301 1359 1565 1420 quantum
1612 1351 1777 1405 studii
1824 1350 1876 1404 in

281 1440 676 1509 nmquirendis
702 1440 854 1496 libris
876 1443 1024 1509 regio
1053 1452 1215 1511 atque
1247 1442 1468 1496 heroico
1498 1442 1685 1495 animo
1730 1442 1874 1497 idem

283 1528 617 1587 Ptolemaeus
665 1536 925 1604 posuerit,
980 1545 1040 1588 ut
1108 1545 1256 1590 esta
1293 1535 1500 1591 Galeno
1545 1535 1878 1591 medicorum

282 1624 537 1692 principe
562 1624 660 1679 lib.
692 1641 705 1678 I
740 1624 820 1680 De
868 1636 1063 1679 natura
1093 1627 1342 1690 hominis,
1377 1642 1702 1695 rursumque
1780 1626 1877 1683 lib.

286 1726 349 1767 ιιι
385 1710 642 1781 Epidettt.
680 1714 1029 1786 Hippocratis
1053 1717 1329 1771 memoriae
1380 1718 1681 1787 proditum,
1714 1719 1880 1773 Athe-

285 1801 571 1857 ttiensihus
632 1804 918 1871 nimirum,
983 1804 1245 1861 frumenti
1305 1806 1482 1875 inopia
1542 1822 1878 1876 annonaeque

283 1891 557 1948 uiharitate
585 1894 985 1957 laborantibus,
1016 1912 1124 1951 non
1156 1898 1306 1967 prius
1354 1896 1690 1952 frumentum
1742 1914 1875 1952 cono

283 1984 523 2039 cessisse
561 1984 741 2055 (quod
787 1997 935 2041 esset
963 1984 1234 2058 Egyptus
1291 1985 1542 2055 Graeciae,
1598 1998 1660 2041 ut
1690 1988 1877 2042 Sicilia

284 2075 463 2129 Italia:
511 2076 797 2133 fertilitate
853 2091 954 2133 sua
1006 2079 1295 2148 horreum)
1349 2094 1509 2148 quam
1547 2078 1879 2147 tragicorum

286 2167 597 2237 principum
668 2167 942 2243 Eschyli,
1003 2169 1291 2239 Sophoclis
1387 2181 1551 2240 atque
1603 2171 1882 2241 Euripidis

292 2260 791 2316 describendorum
829 2263 1044 2332 copiam
1073 2261 1358 2318 fecissent.
1415 2261 1471 2316 In
1507 2276 1613 2331 qua
1665 2263 1881 2331 quidem

285 2366 344 2404 re
371 2366 435 2405 ea
470 2352 579 2406 fide
610 2361 908 2423 versatum,
942 2362 1000 2406 ut
1033 2364 1234 2422 praeter
1280 2353 1632 2426 vectigalium
1683 2354 1877 2407 immu-

287 2443 539 2507 nitatem,
572 2456 645 2496 xv
684 2443 887 2496 talenta
919 2443 1113 2497 iisdem
1158 2444 1368 2514 pignori
1417 2445 1653 2507 dederit,
1718 2459 1881 2512 quant

290 2535 511 2599 quidem
544 2538 836 2604 pecuniaut
879 2547 1001 2606 post
1039 2535 1213 2591 libens
1252 2538 1546 2606 volensque
1576 2535 1723 2590 dono
1779 2536 1883 2590 mi-

285 2628 380 2691 sit,
425 2636 485 2681 et
515 2627 767 2695 exempla
799 2628 1073 2697 descripta
1119 2628 1349 2683 remisit.
1392 2627 1529 2681 Nam
1562 2628 1644 2681 de
1677 2627 1887 2681 Aristo-

288 2714 411 2767 t-‘lés
442 2713 826 2782 Peripateticae
848 2716 1051 2770 schol-te
1090 2718 1350 2787 principis
1399 2732 1463 2771 ac
1517 2716 1884 2785 Theophrasti

290 2806 625 2861 bibliotheca
662 2823 690 2859 a
712 2806 881 2862 Neleo
909 2806 1115 2863 Corisci
1149 2805 1211 2862 F.
1262 2816 1545 2878 coempta,
1576 2817 1630 2862 et
1668 2808 1889 2862 haeredi-

289 2898 412 2964 hus,
437 2912 509 2952 ne
534 2898 607 2952 ab
638 2899 891 2957 Attalicis
926 2901 1147 2971 regibus
1167 2899 1499 2967 auferretur,
1530 2901 1677 2954 humi
1711 2901 1886 2955 defos-

289 3004 372 3051 sa,
406 2989 541 3061 quia
592 3006 771 3060 nuper
802 2992 857 3046 in
894 2991 1180 3048 Parallelis
1229 2993 1614 3062 disseruimus,
1665 2996 1887 3048 verbum

291 3095 400 3135 nou
457 3082 685 3137 addam.
747 3082 996 3139 Clearchi
1055 3098 1275 3154 quoque
1327 3084 1602 3141 Heraclea:
1649 3085 1891 3141 Pontica:

290 3174 451 3243 primi
486 3175 729 3243 tyranni,
754 3176 873 3245 ejus
903 3178 992 3246 qui
1019 3177 1258 3233 Platonis
1285 3189 1341 3233 et
1382 3178 1639 3234 Isocratis
1675 3180 1891 3234 auditor

286 3264 525 3327 exstitit,
562 3265 892 3322 bibliotheca
938 3283 967 3322 a
1015 3268 1304 3326 Memnone
1348 3271 1490 3338 apud
1534 3271 1681 3326 hunc
1713 3274 1888 3339 ipsum

290 3355 551 3409 Photium
616 3360 757 3411 mire
818 3360 1178 3429 praediCatur,
1239 3364 1394 3431 cujus
1456 3362 1631 3417 laudis
1694 3358 1892 3418 adorea

289 3460 525 3503 caeteros
575 3465 775 3505 omnes
818 3460 1080 3523 tyrannos
1123 3455 1281 3522 longo
1333 3462 1453 3524 post
1503 3469 1563 3509 se
1613 3454 1895 3524 reliquerit

293 3540 612 3596 intervallo.
660 3540 769 3595 Sed
815 3544 956 3598 unde
1000 3543 1228 3613 digressi
1276 3544 1572 3613 paululum,
1605 3560 1669 3599 eo
1703 3547 1895 3600 redea-

298 3648 444 3688 tuus.
489 3632 930 3689 Tutnultuarium
969 3637 1187 3707 quidem
1219 3653 1379 3706 opus,
1413 3655 1480 3693 ne
1506 3638 1636 3707 quid
1672 3642 1898 3695 tacitur-

294 3727 469 3780 nitate
512 3727 857 3795 praevaricari
897 3728 1104 3794 videar,
1146 3728 1469 3785 Photianam
1510 3732 1650 3787 hanc
1686 3732 1896 3786 Biblio-

292 3819 501 3872 thecant
551 3819 833 3875 exstitisse
882 3821 999 3876 htec
1046 3821 1287 3876 indicant
1332 3841 1346 3889 ;
1392 3824 1581 3876 eadem
1627 3839 1769 3893 saepe
1814 3839 1901 3879 re-

292 3910 488 3977 petita,
526 3910 711 3965 hiatus
756 3912 1053 3979 interdum,
1095 3927 1261 3985 atque
1311 3914 1494 3970 hiulca
1538 3916 1677 3981 loca,
1711 3916 1898 3986 negleo

294 4013 414 4058 ctus
448 4004 657 4072 stylus,
687 4003 883 4071 reiecta
925 4006 1160 4075 denique
1191 4006 1245 4060 in
1278 4005 1506 4061 alteram
1551 4008 1732 4075 operis
1774 4023 1901 4077 par-

296 4103 402 4148 tem
462 4094 774 4159 librorum,
834 4097 1134 4166 quosjam
1195 4106 1584 4165 recensuerat,
1642 4108 1897 4168 excerpta

293 4187 566 4256 longiora.
606 4188 690 4241 Ad
733 4203 886 4243 oram
932 4203 1148 4259 quoque
1190 4189 1445 4245 nonnulla
1482 4189 1780 4256 collocata;
1817 4200 1896 4254 et,

294 4281 436 4348 quod
492 4280 737 4345 mireris,
793 4281 1013 4337 eosdem
1066 4283 1277 4337 libellos
1324 4283 1465 4359 κατῤ
1517 4282 1709 4346 πόδας,
1760 4296 1898 4350 pene

293 4372 583 4441 repetitos,
618 4382 679 4426 ut
724 4371 961 4444 Dionysii
1010 4373 1167 4445 ΑΞεεί
1214 4375 1495 4444 Dictyaca,
1538 4373 1806 4445 Hieroclis
1837 4381 1892 4428 et

293 4460 527 4519 llimerii
563 4463 912 4539 aliorumque
946 4479 1051 4519 non
1086 4444 1281 4536 pauca,
1315 4479 1541 4535 prorsus
1581 4473 1640 4518 ut
1670 4444 1888 4518 credam

293 4553 554 4613 Photittm
608 4557 870 4614 memoria
933 4572 1031 4614 sua
1083 4556 1319 4630 jnvanda
1370 4557 1549 4630 potius
1612 4570 1776 4627 quam
1832 4564 1891 4610 ut

1981 525 2198 579 ueteris
2250 523 2557 593 promiscue
2608 520 2912 591 prodesset,
2963 518 3065 571 hoc
3109 488 3244 585 opus
3294 515 3579 569 consarci-

1983 632 2165 682 nasse,
2198 628 2291 669 aut
2327 626 2476 687 certe
2521 623 2855 683 postremam
2891 624 3108 664 manum
3141 623 3246 661 non
3286 605 3576 674 adjecisse,

1982 711 2108 763 lima
2168 707 2411 763 nitidiori
2462 722 2627 776 opere
2674 704 2879 759 futuro.
2929 700 3136 755 Aulicis
3181 699 3437 753 nimirum
3484 715 3581 752 nc-

1981 802 2167 874 gotiis,
2203 812 2367 871 atque
2403 798 2701 854 ambitione
2749 794 3106 850 transversim
3152 801 3389 863 raptum,
3426 804 3580 844 men-

1984 903 2089 947 tem
2124 892 2252 957 alio,
2287 890 2396 944 alio
2427 904 2589 942 aures
2621 875 2896 941 divisisse.

2051 982 2327 1039 Haetetms
2362 982 2429 1036 de
2466 979 2644 1035 Photii
2690 980 2822 1041 vita,
2856 986 2909 1031 et
2949 975 3280 1030 Bibliotheca
3308 974 3577 1030 lectorum

1980 1080 2242 1134 librorum
2278 1095 2291 1131 :
2327 1084 2497 1130 restat
2556 1083 2616 1128 ut
2656 1082 2854 1127 czetera
2903 1070 3023 1138 ejus
3058 1070 3259 1139 scripta
3296 1068 3348 1123 in
3382 1067 3580 1138 vulgus

1980 1174 2149 1237 edita,
2189 1187 2299 1240 quo
2342 1168 2427 1224 vel
2478 1166 2531 1221 in
2573 1167 2733 1222 hoste
2765 1166 3018 1218 virtutem
3067 1162 3351 1228 miremur,
3382 1175 3576 1214 recen-

1981 1282 2153 1320 seam.
2202 1262 2437 1331 Scripsit
2487 1261 2541 1315 in
2595 1257 2658 1313 Β.
2704 1257 2855 1311 Pauli
2910 1253 3182 1324 Epistolas
3225 1255 3578 1307 Commenta-

1983 1360 2122 1413 rium
2174 1373 2190 1413 ε
2240 1354 2385 1408 unde
2434 1344 2698 1423 pleraque
2752 1350 2944 1404 hausta
2996 1350 3049 1401 in
3099 1346 3363 1401 Catenam
3417 1356 3574 1397 suam

1980 1444 2348 1503 Ulicnmenius
2439 1441 2755 1505 transtulit,
2817 1448 2875 1493 ut
2943 1454 3049 1492 non
3114 1434 3574 1491 contemnendum

1983 1539 2291 1604 theologum
2311 1549 2580 1605 agnoscas
2619 1552 2633 1588 :
2662 1531 2806 1601 quod
2849 1545 2915 1585 eo
2954 1528 3161 1597 gratior
3194 1527 3368 1582 doctis
3400 1524 3579 1580 hood-

1982 1632 2143 1686 nibus
2176 1628 2289 1700 (qui
2335 1642 2402 1683 eo
2442 1641 2502 1682 se
2542 1625 2758 1695 adiutos
2799 1623 2853 1678 in
2893 1620 3069 1675 Paulo
3112 1618 3456 1689 explananda
3496 1615 3583 1670 fa-

1983 1732 2202 1778 teantur
2231 1708 2491 1790 ingenue)
2525 1717 2680 1772 labor
2709 1716 2800 1770 hic
2835 1701 3085 1786 exsistat,
3111 1726 3219 1781 quo
3246 1709 3582 1766 difﬁciliores

1983 1817 2035 1871 in
2083 1816 2149 1870 iis
2186 1812 2433 1885 epistolis
2481 1810 2651 1865 nodos
2693 1821 2985 1863 occurrere
3016 1805 3078 1861 Β.
3120 1803 3316 1859 Petrus
3355 1810 3580 1872 aposto-

1984 1910 2126 1964 latus
2165 1906 2373 1977 collega
2423 1901 2821 1974 pronuntiavit.
2849 1899 3077 1954 Exstant
3104 1904 3159 1952 et
3188 1894 3371 1950 Pbotii
3411 1908 3578 1963 opera

1983 1998 2227 2053 Canones
2266 1993 2646 2066 apostolorum,
2686 1989 3133 2055 comitiorumque
3167 1995 3401 2041 veterum
3442 1984 3583 2053 leges

1984 2098 2343 2147 sacrosancta:
2388 2087 2441 2141 in
2482 2084 2733 2139 volumen
2781 2096 2949 2135 unum
2982 2091 3291 2147 corpusque
3322 2073 3583 2139 collecta,

1987 2182 2360 2248 distinctaque
2390 2176 2683 2243 capitibus,
2711 2173 2855 2244 quod
2902 2180 2956 2227 et
2990 2170 3378 2224 Nomocanona
3409 2165 3586 2221 nomi-

1987 2276 2158 2337 navit,
2192 2288 2329 2341 opus
2361 2271 2596 2341 spissum
2618 2277 2674 2323 et
2709 2265 2946 2333 varium,
2984 2262 3279 2330 multasque
3311 2256 3585 2341 lectionis,

1986 2340 2291 2433 visiturque
2370 2362 2562 2416 Graece
2629 2360 2681 2413 in
2761 2354 3070 2412 Germania:
3164 2340 3575 2414 bibliothecis;

1988 2457 2133 2527 quod
2199 2451 2518 2509 Theodorus
2574 2449 2862 2504 Balsamon
2914 2443 3292 2529 illustraudtnu
3348 2437 3585 2503 censuit,

1990 2557 2383 2616 verteruntque
2449 2543 2641 2598 Latine
2706 2539 3009 2595 Gratianus
3083 2535 3372 2595 llervetus.
3420 2532 3589 2586 homo

1989 2640 2200 2701 Gallus,
2234 2638 2473 2706 itemque
2519 2634 2683 2703 Belga
2731 2630 3001 2685 Henricus
3042 2626 3316 2697 Agylaeus.
3352 2621 3584 2687 Qualem

1991 2734 2131 2788 inter
2161 2731 2387 2785 Latinos
2420 2725 2754 2796 diligentiam
2778 2720 3128 2776 Burchardus
3163 2711 3584 2778 Vormatiensis,

1991 2822 2083 2878 Iro
2131 2820 2510 2880 Carnotensis,
2562 2832 2626 2871 ac
2678 2813 2976 2870 Gratianus
3032 2806 3332 2863 monachus
3385 2801 3585 2857 imitati

1993 2925 2121 2971 sunt
2162 2915 2324 2981 longo
2379 2909 2688 2972 intervallo,
2721 2906 2864 2961 haud
2913 2904 3128 2958 minore
3167 2910 3348 2968 operte
3388 2894 3587 2965 pretio.

1992 3006 2174 3060 Edidit
2206 3014 2263 3058 et
2288 3011 2495 3072 septem
2531 2997 3009 3055 'tnctunenicorum
3041 2989 3399 3046 conciliorum
3441 2995 3589 3050 acta,

1994 3100 2355 3165 visunturque
2404 3091 2677 3164 principio
2733 3086 3090 3143 conciliorum
3141 3079 3302 3135 tomis
3351 3078 3589 3149 digesto-

1995 3202 2139 3249 rum,
2183 3200 2304 3253 qua:
2353 3181 2543 3237 Gra'ce
2598 3181 2651 3235 in
2705 3177 2935 3248 Belgicis
2984 3170 3333 3241 bibliothecis
3376 3169 3591 3226 calamo

1996 3288 2219 3332 exarata
2270 3285 2642 3330 asservantur.
2693 3270 2949 3339 Epistola:
3005 3271 3121 3336 ejus
3176 3269 3227 3321 in
3272 3263 3589 3335 Angttstana

2000 3370 2331 3429 bibliotheca
2367 3365 2657 3421 habentur.
2705 3362 3053 3434 Euryclicam
3094 3362 3160 3415 ad
3196 3356 3591 3431 patriarchales

1998 3461 2238 3517 Orientis
2274 3458 2452 3523 sedes,
2485 3457 2602 3511 sive
2642 3456 2766 3520 eius,
2800 3464 2907 3518 est,
2946 3470 3039 3509 seu
3083 3439 3330 3515 Sisinnii,
3356 3462 3423 3503 ttt
3460 3447 3588 3517 qui-

1998 3558 2122 3610 datn
2173 3560 2385 3623 putant,
2433 3550 2730 3621 apostolica
2781 3548 2960 3609 sedes.
2996 3557 3054 3601 ut
3097 3556 3154 3601 et
3200 3542 3587 3615 praedatoriam

1997 3647 2113 3716 ejus
2141 3647 2434 3716 synodum,
2468 3643 2662 3696 merito
2691 3641 2934 3695 damnat.
2952 3639 3159 3709 .Exstat
3200 3637 3330 3691 item
3360 3633 3588 3702 epistola

1999 3741 2066 3795 ad
2120 3736 2439 3793 Michaclem
2493 3734 2849 3802 Bulgarorum
2909 3732 3253 3803 principem,
3302 3744 3332 3782 a
3387 3726 3587 3783 Franc.

2001 3829 2271 3885 Turriano
2316 3826 2609 3883 Societatis
2656 3834 2855 3879 nostra:
2899 3831 3081 3885 eruta,
3121 3810 3425 3888 Latineque
3467 3816 3592 3872 red-

2001 3921 2134 3987 dita,
2166 3931 2225 3975 ut
2251 3930 2304 3976 et
2332 3936 2423 3974 sea:
2463 3917 2861 3973 dissertationes
2890 3916 2955 3970 de
2984 3914 3257 3969 divinitate
3316 3920 3366 3965 et
3405 3910 3588 3963 incar-

2003 4014 2257 4078 natione,
2325 4012 2685 4081 legunturque
2739 4018 2888 4062 tomo
2938 4005 2983 4059 Ἴ
3030 4004 3334 4058 Lectionum
3404 4000 3589 4069 Antiq.

2003 4103 2221 4157 llenrici
2259 4101 2462 4157 Canisii
2512 4098 2873 4170 iureconsulti
2906 4096 3121 4150 clariss.
3164 4091 3282 4147 Huc
3322 4089 3591 4145 accedunt

2001 4204 2055 4249 et
2110 4191 2356 4261 ejusdem
2408 4189 2589 4245 Photii
2658 4176 2956 4242 Tractatus'
3000 4187 3066 4239 de
3125 4180 3477 4239 voluntatibus
3532 4178 3591 4232 in

2003 4281 2240 4345 Christo,
2282 4297 2401 4350 quae
2454 4281 2709 4337 dicuntur
2759 4276 3015 4346 γνωμικὰ
3063 4273 3351 4344 Θελήματα
3395 4269 3587 4333 eodem

2000 4373 2272 4428 Turriano
2303 4374 2623 4440 interprete.
2656 4370 2763 4425 Sed
2788 4370 2903 4437 jam
2936 4368 3052 4422 vela
3086 4363 3496 4426 contrahemus,
3531 4367 3591 4414 et

2004 4465 2256 4521 Photium
2306 4465 2603 4533 scriptores
2652 4462 2801 4516 varie
2852 4467 3225 4516 recensentem
3272 4453 3587 4518 audiamus;

1998 4559 2199 4630 linguis
2229 4556 2535 4625 animisque
2570 4555 2767 4610 favete.

845 4896 1104 4953 Facultas
1140 4898 1201 4955 ll.
1234 4896 1300 4955 P.
1339 4898 1696 4954 Provincialis
1731 4896 2011 4954 Societatis
2044 4893 2195 4960 Jesu,
2222 4908 2315 4961 per
2344 4889 2665 4959 superiorem
2695 4882 3053 4940 Germaniam.

370 5036 531 5092 lianc
586 5034 869 5090 f‘hotianae
921 5035 1274 5092 Bibliotheca:
1317 5053 1385 5093 ex
1434 5037 1627 5093 Graeco
1679 5035 2011 5097 versionem,
2057 5031 2359 5099 interprete
2407 5026 2469 5081 P.
2507 5024 2725 5078 Andrea
2760 5019 3008 5083 Schotto,
3055 5012 3345 5099 Societatis
3383 5016 3585 5099 nostra:

294 5128 608 5191 saeculote,
641 5124 710 5177 ab
747 5123 958 5193 aliquot
990 5123 1245 5181 Patribus
1271 5124 1585 5181 Grazcarum
1633 5123 1937 5178 litterarum
1991 5094 2185 5189 peritis
2206 5094 2399 5171 vvisam
2435 5124 2491 5169 et
2522 5110 2827 5181 probatam,
2859 5121 2960 5176 ego
2992 5102 3265 5193 Georgius
3275 5094 3581 5193 ⁵Ιὶοεῑωίῐίυεξτ

296 5181 606 5267 Societatis'
632 5208 762 5265 Jesu
809 5181 908 5281 per
949 5210 1297 5266 Germaniam
1351 5212 1691 5281 superiorem
1736 5181 2104 5279 provincialis,
2146 5210 2411 5274 potestate
2444 5198 2572 5254 mihi
2613 5200 2681 5252 ab
2710 5194 3001 5250 admodum
3136 5187 3198 5281 Ρ..
3243 5186 3307 5240 Νι
3338 5181 3579 5281 θεησθξξξιί

295 5298 529 5354 Claudio
551 5266 832 5366 Aqnaviva
861 5312 1142 5363 concessa,
1171 5300 1312 5369 typis
1341 5266 1585 5352 mandari
1615 5266 1872 5368 permitto
1898 5313 1912 5350 :
1939 5292 2026 5350 cui
2056 5292 2132 5348 rei
2148 5266 2268 5345 'hoc
2298 5286 2610 5345 testimonio
2639 5299 2801 5340 manu
2835 5296 2955 5336 mea
2977 5276 3305 5346 subscripta,
3322 5281 3375 5327 et
3406 5266 3587 5339 sigillo

300 5386 536 5449 munito,
570 5384 735 5440 ﬁdem
769 5382 951 5440 facere
985 5385 1148 5440 volui.
1188 5385 1465 5457 Augustae,
1495 5383 1752 5440 Kalendis
1786 5380 2141 5453 Septembris.
2179 5378 2337 5434 Anno
2365 5373 2574 5432 MDGV.

2584 5482 2862 5539 Gsoactus
2901 5476 3221 5532 Bastarnas.
