4030 6462
423 385 485 448 31
1517 386 1614 445 AD
1653 385 1919 448 PIIOTII
1961 382 2524 444 BIBLIOTIIECAM
2794 360 2798 365 ’
3619 366 3696 430 32

2792 554 3166 572 w

1215 669 1453 729 INDEX
1484 669 1900 728 AUCTORUM
1936 667 2464 728 BIBLIOTIIEC/E
2500 665 2912 726 PIIOTIAN/E

1242 832 1591 876 ALPHABETI
1615 832 1794 875 SERIE
1821 833 1901 875 ET
1930 833 2215 876 CODICUM
2250 832 2516 876 NUMERO
2550 829 2874 874 ASCIIII’TO.

1182 979 1228 1030 A

409 1118 411 1120 .
494 1070 732 1124 Achilles
760 1068 974 1126 Tatius.
999 1070 1074 1124 De
1101 1072 1260 1124 rebus
1280 1070 1582 1138 Leucippes
1611 1076 1666 1122 et
1685 1047 2012 1137 Clituphnn-

429 1163 499 1218 tis
531 1163 652 1217 libri
691 1179 806 1228 VIII,
843 1165 965 1218 eod.
999 1161 1307 1217 LXXXVII.

392 1263 399 1271 '
500 1255 631 1310 Acta
672 1255 1054 1324 disputationis
1098 1256 1515 1318 haereticorum,
1558 1271 1742 1310 coram
1801 1251 2009 1308 Joanne

416 1345 736 1412 patriarcha
765 1344 1386 1413 Constantinopolitano,
1417 1343 1539 1398 cod.
1568 1342 1759 1397 XXIV.

498 1436 723 1489 Adriani
755 1436 978 1505 lsagoge
1015 1437 1073 1491 S.
1115 1437 1429 1505 Scriptura},
1467 1438 1588 1493 cod.
1617 1436 1702 1492 ll.’

412 1568 422 1574 .
498 1527 716 1580 Adriani
747 1527 1189 1592 declamationes,
1216 1529 1332 1583 cod.
1358 1529 1423 1584 C.

410 1660 418 1667 .
494 1616 824 1671 .Enesidemi
856 1616 1011 1687 Egei
1045 1619 1110 1672 de
1142 1618 1459 1690 Pyrrhoniis
1515 1619 1638 1674 libri
1702 1633 1823 1682 VIII,
1880 1619 2003 1674 cod.

409 1704 627 1764 .CCXII.

491 1790 772 1850 Alschinis
811 1796 1092 1850 orationes
1126 1813 1187 1851 III
1217 1807 1272 1853 et
1321 1798 1569 1868 epistolae
1602 1815 1680 1863 xI,
1717 1801 1835 1855 cod.
1882 1799 2004 1856 LXI

418 1894 472 1935 et
503 1883 776 1938 CCLXIV.

488 1978 630 2030 Acili
699 1980 949 2035 Amideni
1013 1983 1196 2050 operis
1240 1985 1432 2039 medici
1491 1985 1618 2040 libri
1653 2002 1739 2040 XVI
1769 2025 1784 2051 ,
1848 1987 1949 2042 cod
1984 2023 2001 2042 .

418 2067 649 2122 CCXXI.

412 2209 416 2213 .
487 2161 901 2228 Agatharcltida:
929 2163 1155 2230 Histor.,
1177 2168 1297 2221 cod.
1320 2167 1691 2224 CCXIIl.Inde
1720 2157 1997 2240 excerpta,

415 2250 539 2303 cod.
564 2250 715 2306 CCL.
1174 2282 1182 2288 -
1722 2261 1732 2272 '

483 2339 1198 2412 AleXandrigAdmiralIilitIm
1213 2347 1744 2415 collectin,rnd.CLX
1759 2352 1849 2406 XX
1861 2352 1998 2410 VIII.

480 2432 845 2503 Amyntiantts
864 2437 918 2491 in
937 2439 1298 2495 Alexandrum
1320 2441 1387 2509 Μ.
1408 2456 1454 2495 et
1479 2445 1603 2506 alia,
1625 2447 1744 2500 cmi.
1761 2445 1999 2500 CXXXI.

481 2516 773 2578 Andocidi
802 2529 1098 2591 orationes,
1127 2532 1247 2584 cod.
1282 2531 1508 2589 CCLXI.

481 2614 912 2672 Andronicianus
928 2630 1117 2673 contra
1151 2620 1544 2688 Eunomianm,
1573 2627 1694 2681 end.
1731 2628 1890 2685 XLV.

483 2703 802 2775 Anonymus
847 2720 1037 2764 contra
1071 2709 1286 2767 Iudaeos
1340 2725 1394 2767 et
1448 2717 2000 2785 Quartadecimanos,

411 2794 536 2848 cod.
561 2795 720 2851 CXV.

483 2889 754 2958 Anonymi
807 2891 1245 2949 testimoniorum
1280 2897 1344 2950 de
1397 2897 1616 2952 Christo
1672 2915 1702 2954 e
1755 2901 1998 2969 gentium

411 2981 630 3050 scriptis
677 2981 794 3035 libri
838 3000 926 3051 xv,
974 2987 1095 3040 cod.
1140 2986 1364 3044 CLXX.
1399 3021 1472 3032 —-
1511 2989 1834 3061 Pythagora:
1882 2993 2000 3047 Vita

411 3071 532 3124 cod.
579 3071 851 3129 CCXLIX.
879 3105 952 3118 —
979 3077 1037 3132 S.
1069 3077 1314 3147 Gregorii
1369 3082 1512 3146 Vita,
1550 3084 1674 3136 eod.
1707 3083 1905 3140 CCLlI.
1931 3113 2004 3122 —

413 3163 733 3235 Martyrium
780 3183 851 3222 VII
898 3184 1184 3236 puerorum
1241 3174 1344 3228 sub
1391 3175 1571 3240 Decio,
1599 3177 1722 3232 end.
1763 3176 1997 3232 CCLIII.

410 3253 798 3327 -——M.arlyrinm
849 3258 1120 3314 Timothei
1179 3264 1433 3329 aposmli,
1465 3265 1604 3317 cod.
1657 3263 1887 3320 CCLIV.
1933 3295 2002 3305 —

411 3345 731 3416 Martyrium
756 3347 813 3402 S.
838 3349 1115 3416 Demetrii,
1138 3355 1255 3407 cod.
1278 3350 1476 3408 CCLV.
1502 3384 1572 3395 -—
1592 3359 1723 3409 Acta
1750 3355 1860 3423 SS._
1890 3356 2001 3410 Ille-

412 3439 694 3507 tropbanis
738 3451 793 3494 et
837 3441 1155 3507 AleXandri,
1199 3447 1324 3521 cod.
1387 3445 1610 3501 CCLVI.
1669 3478 1738 3488 -—
1772 3448 1894 3502 Vita
1943 3457 1996 3501 et

415 3531 734 3600 martyrium
761 3531 909 3587 Pauli
937 3535 1104 3602 episc.
1129 3535 1566 3604 Constantinup.,
1604 3541 1727 3592 cod.
1750 3537 1996 3595 CCLVII.

409 3616 608 3672 —Vita
640 3630 695 3675 et
723 3634 995 3678 certamen
1027 3627 1206 3696 magni
1235 3627 1540 3693 Athanasii,
1571 3629 1692 3681 cod.
1730 3629 1997 3684 CCLVIII.

485 3711 830 3780 Antiphontis
867 3700 1222 3772 Atheniensis
1257 3719 1499 3773 rhetoris
1529 3720 1828 3784 orationes,
1867 3721 1992 3775 cod.

413 3799 566 3860 .CCLI
576 3799 640 3855 X.
1693 3805 1696 3807 ’

464 3893 706 3958 Antonii
747 3893 1002 3966 Diogenis
1029 3895 1430 3954 Incredibilium
1475 3900 1541 3956 de
1571 3899 1747 3956 Thule
1808 3902 1985 3956 insula

412 3982 542 4038 libri
571 3999 724 4051 XXVI,
756 3987 880 4041 cod.
916 3987 1148 4044 CLXVI.

481 4076 779 4145 Aphthonii
810 4079 1077 4147 Sophistw
1092 4081 1541 4149 declamationes,
1566 4083 1688 4140 cod.
1709 4083 1994 4143 CXXXIII.

484 4168 758 4238 Apologia:
795 4171 861 4226 de
899 4173 1129 4244 Origene
1165 4185 1221 4229 et
1259 4175 1378 4244 ejus
1419 4176 1764 4246 dogmatibus
1792 4179 1914 4234 libri
1942 4197 1997 4247 ν,

410 4259 535 4314 cod.
573 4259 780 4314 cxvu.
1329 4325 1341 4336 ο

480 4351 850 4420 Apollinarius
901 4353 1231 4426 l-lierapolita
1282 4357 1360 4415 De
1418 4360 1620 4430 pietate
1653 4371 1709 4416 et
1767 4363 1996 4418 veritate

410 4443 673 4498 adversus
704 4454 925 4514 gentes,
961 4448 1083 4502 cod.
1118 4447 1258 4503 XIV.

462 4535 772 4602 Apollodori
793 4541 1134 4606 grammatici
1151 4539 1499 4604 Bibliotheca,
1520 4542 1639 4597 cod.
1661 4541 1989 4597 CLXXXVI.

480 4625 710 4695 Appiani
736 4628 1085 4683 Alexandrini
1110 4629 1362 4685 Historia:
1389 4630 1648 4686 Romana:
1684 4632 1809 4686 libri
1837 4649 1984 4699 xxiv,

411 4719 532 4769 cod.
563 4715 730 4771 LVII.

489 4809 739 4864 Aristidis
796 4812 972 4865 oratio
1019 4810 1448 4875 Panathenaica,
1498 4811 1620 4865 cod.
1670 4810 1891 4864 CCLVI.
1926 4842 1994 4853 —

413 4899 660 4966 Ejusdem
721 4904 998 4956 orationes
1049 4913 1284 4972 quatuor
1336 4917 1434 4970 pro
1502 4902 1796 4968 rhetorica,
1867 4905 1989 4957 cod.

410 4991 701 5047 CCXLVII.
733 5024 801 5035 --
821 4994 1073 5064 Ejusdem
1104 4995 1282 5047 oratio
1307 5009 1404 5064 pro
1435 4992 1836 5060 Quatuorviris,
1865 4996 1988 5049 cod.

413 5082 734 5138 CCXLVIII.

488 5175 704 5229 Arriani
737 5175 991 5230 Parthica
1019 5185 1074 5231 cl.
1109 5177 1161 5229 in
1195 5175 1497 5244 Epictetum
1535 5184 1839 5239 sermones,
1867 5178 1987 5234 cod.

2116 975 2169 1028 ’5.
2207 976 2278 1028 De
2333 988 2397 1028 eo
2425 973 2515 1042 qui
2552 973 2613 1024 .in
2667 971 2904 1024 latrones
2952 969 3144 1023 incidit
3177 985 3192 1034 ;
3222 969 3278 1022 4.
3309 966 3380 1022 de
3412 965 3689 1020 Pharisaeo

2113 1078 2168 1121 et
2201 1067 2492 1119 Publicauo
2523 1079 2540 1129 ;
2567 1065 2618 1119 5.
2649 1064 2722 1117 De
2759 1062 3021 1116 Zacehmo
3046 1079 3060 1122 ;
3088 1061 3140 1116 6.
3175 1061 3248 1112 De
3285 1059 3394 1112 lilio
3419 1059 3644 1126 prodigo
3677 1073 3694 1121 ;

2115 1158 2166 1212 7.
2201 1160 2273 1211 lie
2313 1153 2651 1211 centurionis
2684 1171 2843 1208 servo
3016 1153 3090 1206 De
3117 1153 3361 1221 jejunio;
3399 1151 3471 1204 De
3493 1166 3635 1204 caeco
3665 1165 3694 1200 a

2113 1249 2420 1309 nativitate;
2462 1246 2549 1300 I0.
2591 1246 2663 1298 De
2689 1243 2857 1304 Jairo.
2895 1255 2950 1296 et
2991 1243 3212 1296 nmliere
3257 1241 3539 1308 sanguinis
3565 1255 3698 1308 pro-

2111 1341 2276 1396 ﬂuvio
2311 1338 2618 1397 laborante.
2650 1335 2777 1389 cod.
2820 1333 3101 1390 CCLXXI.

2184 1429 2473 1485 Athanasii
2516 1426 2624 1495 (8.)
2663 1427 3056 1495 epistolamcod.
3090 1423 3304 1479 XXXII.
3341 1453 3415 1465 -—-
3441 1423 3696 1490 Ejusdem

2113 1523 2169 1576 iIt
2203 1521 2590 1576 Et-rltsiasten.
2619 1530 2666 1572 et
2705 1520 2925 1571 Cantira
2981 1518 3314 1570 canticorum
3353 1525 3690 1570 commenta.

2109 1614 2242 1678 rius,
2276 1616 2397 1666 cod.
2432 1611 2716 1666 CXXXIX.
2755 1609 3006 1678 Ejusdem
3037 1620 3226 1663 contra
3267 1609 3453 1661 Arium
3488 1607 3610 1661 libri
3641 1621 3697 1675 II,

2107 1711 2230 1768 cod.
2259 1704 2419 1760 CXL.
2775 1704 2779 1708 ’

2177 1797 2426 1849 Ληιοιιηεῑε
2451 1794 2642 1848 incerti
2667 1794 2731 1846 de
2753 1807 2908 1848 sacro
2936 1791 3158 1846 Pascha:
3192 1791 3332 1845 Festo
3366 1789 3571 1844 volam.
3604 1804 3693 1853 III,

2106 1888 2228 1940 cod.
2259 1883 2447 1941 CXVI.

2137 1990 2143 1997 '
2865 1974 2905 2027 Β

2177 2069 2361 2123 Basilii
2389 2068 2572 2123 Cilicis
2597 2067 3074 2122 EccloleistoriaI
3105 2067 3227 2121 libri
3258 2082 3341 2133 III,
3371 2067 3495 2122 cod.
3531 2065 3692 2119 XLII.

2103 2160 2426 2229 -—Ejusdem
2456 2171 2645 2214 contra
2666 2158 2928 2213 Joannem
2957 2159 3382 2230 Scythopolitam
3421 2159 3692 2224 libri-nt,

2106 2255 2230 2306 ctItl.
2268 2250 2424 2306 CVII.

2177 2343 2360 2397 Basilii
2388 2343 2560 2409 Magni
2595 2343 2982 2400 confutatiouis
3009 2345 3256 2398 Ennomii
3286 2344 3523 2398 hmretici
3561 2344 3687 2396 libri

2105 2448 2187 2490 III.
2215 2433 2335 2486 cod.
2377 2431 2610 2488 CXXIX.
2636 2459 2703 2474 -ι
2730 2434 2979 2498 Ejusdem
3020 2433 3292 2495 Asretica.
3328 2436 3448 2487 cod.
3480 2433 3690 2488 CXLIV

2105 2533 2158 2578 et
2182 2521 2360 2577 CXCI.
2395 2523 2646 2588 Ejusdem
2669 2523 3065 2590 Hexaemeron,
3101 2526 3221 2580 cod.
3253 2525 3432 2578 CXLI.
3459 2555 3528 2567 .-
3558 2523 3691 2578 Item

2105 2617 2382 2670 orationes
2440 2616 2654 2681 ethicac,
2703 2619 2824 2672 cod.
2863 2616 3069 2672 CXLII.
3120 2646 3194 2658 --
3228 2610 3504 2687 Epist-olm,
3557 2621 3683 2671 cod.

2104 2693 2332 2761 CXLIII.

2175 2800 2357 2855 Basilii
2387 2801 2644 2858 Seleuciae
2677 2803 2844 2872 episc.
2880 2802 3156 2857 orationes
3192 2815 3278 2856 xv.
3323 2801 3386 2854 Et
3417 2801 3536 2856 Vita
3568 2801 3690 2870 pri-

2106 2908 2205 2946 mae
2232 2897 2482 2964 martyris
2508 2894 2742 2959 Tbeelre,
2760 2896 2883 2949 cod.
2908 2894 3182 2949 CLXVIII.

2178 2985 2364 3040 Boetlti
2435 3003 2625 3042 vocum
2676 2987 3076 3043 Platonicarum
3137 2985 3497 3050 Collectanea,
3557 2986 3694 3039 t-od.

2104 3076 2288 3133 CLIV.
2321 3109 2391 3119 -—-
2434 3078 2685 3146 Ejusdem
2739 3081 2806 3134 de
2845 3080 3027 3134 dubiis
3059 3079 3200 3148 apud
3257 3078 3537 3132 l’latonem
3591 3093 3692 3132 νου

2104 3170 2256 3224 cibus
2278 3172 2618 3240 opusculum,
2651 3173 2772 3226 cod.
2801 3170 2953 3226 CLV.

2177 3353 2336 3408 Cuius
2361 3356 2645 3424 presbyter
2674 3354 2749 3409 De
2775 3353 3058 3421 universo,
3091 3353 3212 3408 cod.
3243 3350 3471 3406 XLVIII.
3522 3387 3528 3392 -

2175 3446 2397 3498 Caesarii
2436 3447 2612 3515 capita
2650 3446 3039 3513 ecclesiastica,
3070 3445 3189 3499 cod.
3216 3443 3424 3506 CCXX,
3456 3441 3614 3498 CCX.

2175 3525 2406 3589 Candidi
2431 3533 2791 3590 Historiarum
2824 3533 2944 3587 libri
2974 3549 3055 3600 III,
3083 3533 3206 3587 cod.
3239 3529 3454 3585 LXXIX

2174 3627 2417 3680 Cassiani
2469 3627 2719 3681 monachi
2752 3625 2969 3692 Regulae
3028 3625 3416 3679 monachorum
3446 3618 3696 3693 Egypti,

2106 3717 2179 3770 De
2205 3728 2326 3770 octo
2355 3717 2608 3790 (vitiosis)
2633 3716 3072 3787 cogitationibus,
3105 3714 3318 3770 libellus
3342 3710 3501 3768 trium
3527 3713 3700 3766 colla-

2108 3807 2338 3867 Iionttm,
2369 3805 2493 3859 cod.
2530 3801 2786 3879 CXCVII.

2172 3896 2542 3966 Cepltalzconis
2559 3895 2748 3961 Musae,
2776 3895 2890 3950 sive
2912 3893 3153 3949 historia:
3171 3890 3434 3962 epitomes
3466 3890 3588 3944 libri
3608 3903 3694 3958 Ix,

2105 3989 2226 4044 cod.
2259 3986 2492 4042 LXVIII.

2171 4079 2390 4134 Charini
2421 4078 2531 4148 (L.)
2588 4076 2800 4132 Periodi
2831 4077 3219 4147 apostolorum,
3247 4073 3366 4128 cod.
3401 4071 3588 4128 CXIV.

2172 4171 2408 4224 Choricii
2439 4170 2710 4238 Sophiste:
2723 4170 3144 4225 declamationes
3171 4167 3356 4228 variae,
3379 4166 3503 4218 cod.
3524 4163 3691 4218 CLX.

2174 4260 2607 4316 Christianorum
2666 4261 2825 4325 liber,
2894 4257 3210 4314 ()ctateuchi
3276 4256 3554 4326 expositio
3615 4255 3696 4310 Ii-

2103 4354 2216 4409 bris
2247 4369 2342 4416 xII,
2379 4356 2502 4409 cod.
2548 4353 2786 4407 XXXVI.

2172 4429 2456 4516 Chrysippi
2532 4443 3030 4514 Hierosolymorum
3097 4441 3280 4512 presb.
3340 4440 3567 4496 historia
3619 4440 3699 4496 de

2103 4535 2398 4590 Gamaliele
2427 4545 2481 4589 et
2509 4534 2828 4599 Nicodemo,
2865 4534 2987 4588 cod.
3020 4532 3258 4588 CLXXI.
3318 4526 3338 4594 ξ

2159 4625 2559 4695 ’(ΣΙιιὙεοειοιιιί.
2600 4624 2729 4678 Vide
2757 4624 3000 4678 Joannis.
3300 4688 3307 4694 _

2173 4713 2468 4768 Clementis
2507 4713 2856 4768 Alexandrini
2898 4714 3077 4782 presb.
3127 4712 3330 4783 Scripta
3354 4754 3372 4778 ,
3411 4724 3462 4766 et
3499 4713 3684 4782 Ilypoo

2107 4815 2373 4875 Iypnseon‘
2405 4806 2520 4859 sive
2558 4806 2981 4874 disputationum
3015 4805 3132 4858 libri
3163 4820 3280 4868 νιιι,
3313 4805 3434 4857 cod.
3458 4803 3593 4858 CIX.
3617 4834 3694 4844 —

2105 4896 2356 4966 Ejusdem
2391 4897 2524 4952 liber
2576 4907 2766 4952 contra
2817 4903 3024 4964 gentes,
3055 4907 3107 4949 et
3138 4895 3412 4965 Ptedagogi
3450 4896 3566 4949 libri
3604 4912 3690 4961 III,

2103 4990 2222 5043 cod.
2291 4987 2404 5044 CX.
2459 5018 2530 5029 —-
2593 4987 2850 5056 Ejusdem
2897 4987 3192 5042 Stromatei
3225 4986 3344 5040 libri
3395 5001 3515 5052 vIII,
3562 4989 3689 5042 cod.

2102 5079 2240 5135 CXI.

2169 5171 2461 5228 Clementis
2506 5171 2666 5226 Rom.
2701 5171 2972 5242 pontiﬁcis
3018 5170 3451 5224 Constitutiones
3475 5179 3699 5234 aposto-

411 5263 591 5320 LVIII.
624 5266 977 5335 ——Ejusdem
1034 5265 1100 5318 de
1153 5265 1446 5318 Alexandri
1495 5263 1565 5317 lli.
1619 5265 1781 5320 rebus
1829 5269 1998 5336 gestis
2095 5261 2295 5327 lorum,
2326 5263 2740 5330 lieeognitiones
2760 5271 2813 5316 et
2860 5261 2987 5324 alia,
3025 5263 3146 5316 cod.
3182 5260 3320 5315 CXII
3344 5269 3398 5315 et
3419 5259 3692 5334 CXIII.—

411 5357 531 5409 IIIJI'I
563 5373 660 5422 VII,
691 5368 744 5412 et
774 5356 978 5421 Indica,
1010 5357 1132 5410 cod.
1166 5355 1299 5408 XCI.
1325 5385 1395 5394 —
1428 5355 1502 5412 De
1531 5358 1688 5410 rebus
1723 5368 1841 5424 post
1867 5359 1989 5414 Ale-

407 5447 673 5500 ‘xattdrttm
725 5449 891 5516 gestis
950 5445 1070 5498 libri
1127 5461 1180 5511 Χ,
1217 5446 1338 5499 cod.
1401 5443 1564 5500 XCII.
1624 5478 1693 5488 —
1745 5448 1995 5516 Ejusdem

409 5533 718 5606 Bithynica,
777 5537 900 5590 cod.
938 5533 1049 5588 VIII
1099 5541 1152 5588 et
1184 5534 1366 5590 XCIII.
1416 5566 1485 5576 —
1527 5535 1776 5604 Ejusdem
1825 5539 1988 5594 Gesta

412 5625 596 5683 Dionis
619 5644 684 5683 ac
710 5627 1070 5684 Timoleontis
1111 5628 1165 5680 in
1200 5625 1407 5694 Sicilia,
1433 5630 1555 5683 cod.
1593 5629 1774 5684 XCIII.

2102 5354 2355 5424 Ejusdem
2383 5353 2635 5423 Epistula:
2667 5355 2733 5408 ad
2769 5353 3084 5409 Corinthios
3107 5369 3165 5419 II,
3201 5354 3326 5406 cod.
3359 5350 3624 5406 CXXVII.

2170 5447 2408 5502 Cononis
2444 5447 2494 5499 in
2528 5445 2887 5515 PliilOponum
2930 5445 3221 5509 invectiva,
3251 5445 3372 5500 cod.
3408 5444 3599 5500 XXIII.

2175 5538 2414 5592 Cononis
2444 5538 2785 5591 narrationes
2806 5553 2858 5600 ι,
2883 5537 3002 5589 cod.
3028 5533 3358 5590 CLXXXVI.

2169 5631 2364 5684 Ctesiu:
2418 5628 2595 5684 Cnidii
2651 5627 2991 5682 Persicarum
3027 5641 3206 5681 rerum
3261 5625 3382 5680 libri
3413 5641 3568 5681 XXIII.
3613 5659 3699 5675 ..-

483 5719 682 5773 Asterii
709 5721 946 5774 Amasize
976 5719 1146 5788 episc.
1193 5719 1429 5774 homilize
1462 5722 1666 5776 variae:
1714 5723 1761 5775 l.
1797 5721 1989 5779 Sermo
2098 5723 2352 5790 Ejusdem
2409 5722 2714 5791 fragmenta
2747 5748 2817 5759 —
2856 5717 3110 5788 Ejusdem
3168 5719 3470 5774 lndicorum
3527 5718 3696 5790 liber,

414 5808 480 5862 de
516 5812 836 5880 poenitentia
867 5829 881 5875 ;
920 5813 974 5864 2.
1020 5813 1076 5866 III
1133 5803 1462 5881 Stephanum
1497 5823 1983 5885 protomartyrem;

2101 5817 2227 5872 cod.
2263 5813 2478 5871 LXXII.
