4030 6448
410 326 500 420 35
1580 358 1681 418 AD
1708 357 1975 419 PHOTII
2018 356 2589 421 BIBLIOTHECAM
3649 357 3722 421 as

502 469 690 526 Isidori
726 467 844 523 Vita
929 467 1055 523 Vide
1086 467 1424 525 Damascius.

407 620 411 623 _
501 556 761 615 Isocratis
850 559 1132 613 orationes
1212 574 1303 613 xxi
1386 558 1620 629 indeque
1711 567 2011 625 excerpta,

425 653 553 709 cod.
583 650 788 707 CCLX.
822 680 895 692 —
926 650 995 706 Et
1024 651 1288 721 epistolae
1329 666 1409 715 Ix,
1456 652 1579 705 cod.
1620 649 1801 705 CLIX.
1847 651 2008 720 Ejus-

430 744 553 797 dem
594 743 660 797 ad
690 743 1083 797 Archidamum
1112 742 1342 812 epistola
1381 756 1527 798 nunc
1574 741 1808 813 primum
1837 743 2010 810 edita,

429 833 565 887 ibid.
1094 826 1097 829 λ

1223 946 1252 1003 J

499 1059 792 1117 Jamblichi
813 1060 1061 1118 (le-rebus
1080 1061 1360 1118 Rhodanis
1386 1072 1442 1118 et
1456 1060 1735 1118 Siuonidis
1749 1062 1874 1119 libri
1900 1077 2014 1129 xvr,

429 1152 554 1207 coll.
586 1149 774 1207 XCIV.

501 1236 735 1299 Joannis
760 1242 1041 1312 Carpathii
1087 1243 1487 1299 consolatorius
1512 1243 1579 1297 ad
1624 1242 1789 1299 ludite
1822 1258 2014 1299 mona—

430 1335 568 1390 chos
597 1344 813 1389 centum
841 1334 1101 1402 capitum,
1125 1335 1245 1388 cod.
1279 1331 1406 1388 CCI.
1986 1336 1993 1343 '

503 1423 728 1480 Joannis
751 1425 861 1496 (S.)
898 1410 1277 1494 Chrysostomi
1316 1425 1369 1479 in
1396 1433 1623 1481 mortem
1658 1433 1715 1481 et
1741 1426 2020 1482 ascensio-

432 1527 557 1568 nem
586 1514 812 1579 Christi,
832 1514 1083 1582 itemque
1108 1513 1161 1567 in
1180 1513 1537 1569 Peutecosten
1585 1515 1862 1571 orationes
1888 1531 2016 1570 xxv.

430 1605 784 1672 -—'Ejusdem
836 1603 1082 1672 epistolae
1125 1605 1191 1657 ad
1225 1601 1597 1675 Olympiadem
1627 1615 1682 1660 et
1703 1605 1861 1671 alios,
1893 1605 2015 1661 cod.

432 1692 720 1750 LXXXVI.
755 1692 1009 1762 Ejusdem
1047 1693 1394 1748 homiliarum
1430 1696 1481 1748 in
1510 1695 1747 1750 Genesiu
1794 1696 2021 1751 volunti-

430 1776 498 1840 na
532 1788 659 1850 tria,
688 1787 809 1838 cod.
838 1783 1118 1850 CLXXIII,
1144 1784 1423 1849 CLXXIII.
1450 1785 1730 1841 CLXXIV.
1763 1776 2019 1858 Ejusdem

428 1878 607 1932 oratio
672 1878 726 1932 in
782 1876 841 1933 S.
879 1878 1128 1941 Paulum,
1188 1881 1309 1934 cod.
1336 1878 1781 1935 CCLXX.-—Et
1839 1882 1890 1935 in
1948 1897 2014 1936 χι.

432 1978 727 2037 martyres,
782 1966 906 2021 cod.
948 1965 1251 2022 CCLXXIV
1280 2007 1295 2022 .
1351 1967 1631 2035 Ilomilize,
1677 1970 1744 2023 de
1805 1969 2015 2039 Spiritu

430 2068 673 2122 sancto;
730 2058 782 2111 in
841 2057 1087 2113 Natalem
1132 2058 1380 2126 Christi;
1435 2059 1491 2114 in
1536 2060 1763 2125 dictum,
1812 2060 2016 2132 Suﬁicit

335 2154 339 2157 '
430 2148 528 2201 tibi
558 2150 755 2217 gratia
818 2164 964 2214 utea,
1028 2160 1104 2216 et,
1147 2149 1210 2205 Si
1249 2167 1354 2220 qua
1384 2165 1508 2220 ergo
1546 2152 1599 2203 in
1629 2149 1840 2207 Christo
1885 2169 2017 2206 nava

429 2252 677 2294 creatura
701 2256 720 2306 ;
751 2239 823 2294 De
857 2241 1198 2311 ptrnitentia,
1222 2240 1344 2296 cod.
1374 2239 1729 2297 CCLXXVII.

500 2329 726 2386 Joannis
788 2331 989 2387 Moschi
1024 2330 1271 2397 Pratum,
1325 2334 1440 2388 sive
1491 2331 1752 2388 Hortulus
1819 2346 2012 2399 novus,

429 2425 555 2477 cod.
583 2421 817 2478 CXCIX.
1105 2448 1117 2460 ε
1902 2472 1905 2475 λ

502 2514 745 2569 Joannes
776 2513 1111 2583 Philoponus
1129 2514 1195 2570 de
1240 2516 1672 2583 resurrectione,
1710 2515 1834 2571 cod.
1866 2514 2010 2582 XXI,

427 2603 667 2658 —ldem
729 2604 783 2657 in
852 2603 1246 2670 Hexaemeron,
1284 2607 1407 2659 cod.
1458 2604 1642 2662 XLIII.
1686 2605 2017 2676 —-—Indeque

431 2705 710 2763 excerpta,
752 2695 877 2750 cod.
902 2694 1105 2750 CCXL.
1147 2726 1217 2737 -—
1242 2696 1307 2751 Et
1343 2708 1528 2753 contra
1576 2708 1824 2767 quartam
1850 2714 2016 2768 syno-

433 2789 585 2853 dum,
612 2786 799 2842 LV.—
822 2787 1076 2857 Ejusdem
1103 2776 1314 2845 libellus
1345 2800 1531 2844 contra
1556 2786 1819 2845 Joannem
1846 2789 2015 2860 patri-

429 2880 653 2933 archam
707 2878 857 2942 CP.,
952 2891 1312 2950 cognomento
1396 2880 1787 2936 Scholasticum
1821 2922 1837 2948 ,
1887 2881 2012 2936 cod.

428 2967 643 3024 LXXV.
733 2969 878 3024 Idem
953 2981 1144 3025 contra
1205 2970 1492 3028 Jamblicbi
1536 2986 1673 3042 opus
1721 2973 1789 3028 de
1829 2955 2013 3029 silmi-

430 3062 617 3129 lacris,
647 3064 770 3118 cod.
819 3062 1023 3118 CCXV.

448 3198 455 3204 .
499 3151 727 3208 Joannis
746 3141 1044 3225 presbyteri
1066 3153 1311 3224 Egestas
1328 3154 1535 3211 Eccles.
1556 3156 1797 3213 historiae
1811 3155 1933 3212 libri
1954 3172 2009 3223 ν,

432 3245 561 3299 cod.
583 3243 722 3299 XLI.
768 3274 839 3285 —
880 3245 1028 3299 Idem
1057 3255 1247 3301 contra
1274 3255 1525 3316 quartam
1571 3251 1863 3319 synodum,
1884 3250 2007 3305 cod.

427 3332 539 3389 LV.
1980 3340 1983 3343 “

496 3424 723 3482 Joannis
753 3427 1136 3497 Scythopolita:
1152 3437 1342 3484 contra
1374 3427 1740 3499 Eutycbianos
1758 3427 1885 3485 libri
1904 3444 2007 3497 xu,

423 3520 549 3574 cod.
579 3516 740 3575 XCV.

496 3609 727 3668 Joannis
749 3612 950 3669 Stobzei
995 3613 1336 3684 Eclogarum,
1371 3615 1930 3685 Apophthegmatum,
1955 3622 2013 3670 et

426 3702 554 3757 vita:
584 3704 1011 3774 przeceptionum
1047 3705 1169 3760 libri
1204 3720 1278 3772 tv,
1313 3706 1437 3763 cod.
1467 3704 1727 3764 CLXVII.

501 3788 644 3846 Iohii
685 3791 938 3848 monachi
985 3791 1378 3848 Commentarii
1422 3795 1489 3850 de
1520 3795 1698 3851 Verbo
1723 3794 2010 3852 iucarnato

428 3879 555 3936 libri
587 3896 663 3945 ix,
694 3882 875 3952 capita
908 3897 1032 3949 ην,
1074 3885 1195 3939 eod.
1218 3882 1476 3940 CCXXII.
1584 3922 1585 3925 η

499 3971 771 4043 Josephus
803 3983 861 4030 et
896 3973 1060 4031 Caius
1114 3978 1401 4046 presbyter
1454 3977 1535 4033 De
1574 3978 1851 4045 universo,
1881 3978 2005 4035 cod.

429 4063 664 4123 XLVIII.
1084 4134 1089 4139 _

499 4158 721 4229 Josephi
775 4158 944 4216 Judaei
1001 4160 1077 4216 De
1134 4160 1274 4217 bello
1301 4160 1528 4218 Iudaico
1576 4162 1699 4218 libri
1745 4176 1844 4229 vn,
1877 4162 2003 4218 cod.

429 4248 640 4305 XLVII.
677 4279 747 4290 —
773 4251 1028 4321 Ejusdem
1061 4253 1458 4322 Antiquitatum
1507 4253 1853 4308 Judaicarum
1883 4252 2006 4308 libri

429 4357 499 4396 xx
520 4383 534 4406 .
585 4342 709 4397 cod.
752 4342 1152 4399 LXXVI.~—Et
1186 4356 1436 4416 excerpta
1469 4346 1591 4401 cod.
1621 4345 2003 4403 CCXXXVIII.

496 4432 696 4492 Iuliani
722 4435 957 4491 Lexicon
985 4451 1015 4490 e
1064 4437 1251 4491 decem
1284 4437 1619 4501 oratoribus,
1661 4438 1786 4492 cod.
1817 4436 1928 4491 CL.

494 4525 627 4581 Julii
668 4527 909 4583 Africani
943 4529 1170 4584 historia
1206 4540 1261 4585 et
1289 4531 1414 4596 alia,
1459 4532 1581 4586 cod.
1616 4529 1858 4588 XXXIV.

497 4617 638 4674 Justi
674 4619 1009 4677 Tiberionsis
1062 4620 1370 4678 Judzeorum
1430 4638 1617 4694 regum
1667 4622 2005 4691 Chronicon,

425 4711 552 4765 cod.
582 4710 822 4767 XXXIII.

497 4800 694 4856 Justini
728 4806 986 4874 martyris
1020 4805 1279 4875 Apologia
1326 4823 1426 4877 pro
1463 4807 1821 4879 Christianis,
1851 4829 2004 4884 quae-

426 4894 654 4960 stiones,
693 4905 750 4951 et
786 4896 914 4963 alia,
952 4900 1076 4954 cod.
1115 4897 1329 4957 CXXV.

1179 5012 1220 5068 L

506 5117 715 5173 Leontii
754 5120 923 5189 episc.
972 5123 1221 5179 Arabissi
1275 5140 1456 5183 sermo
1504 5128 1574 5183 de
1623 5118 1903 5187 creatione
1948 5140 2004 5187 et

436 5209 646 5266 Lazaro
691 5213 952 5281 redivivo,
992 5216 1112 5270 cod.
1155 5215 1452 5273 CCLXXII.

516 5299 868 5357 Lesbo'nactis
889 5306 1183 5359 'orationcs
1216 5307 1471 5375 politicre,
1504 5310 1625 5364 cod.
1654 5309 1771 5365 XVI
1798 5328 1812 5377 ;
1858 5313 2000 5382 apud

428 5391 810 5459 Themistium,
843 5396 965 5449 cod.
1000 5395 1236 5452 LXXVI.

501 5483 736 5538 Lexicon
771 5502 916 5555 pura:
951 5486 1106 5553 ldeae,
1141 5492 1322 5557 gravis
1365 5493 1512 5561 styli,
1567 5497 1838 5551 sermonis
1869 5497 2003 5567 poli-

429 5574 544 5626 tici.
586 5576 704 5627 cod.
747 5574 976 5637 CXLVI,
1009 5577 1259 5642 CXLVII,
1301 5580 1577 5647 CXLVIII.
1632 5648 1637 5653 ο

501 5660 697 5716 Lexica
733 5666 876 5717 varia
926 5668 978 5718 iu
1028 5668 1212 5721 decem
1247 5668 1419 5723 Graec.
1472 5683 1740 5740 oratores,
1796 5692 1824 5730 a
1876 5680 1997 5734 cod.

426 5751 604 5807 CXLV
630 5770 799 5824 usque
828 5756 1009 5813 CLIX.

2204 472 2419 529 Libanii
2463 473 2725 544 s0phista:
2781 471 3061 529 orationes
3154 480 3213 528 et
3263 471 3529 547 epistola},
3592 470 3717 529 cod.

2129 561 2241 617 XC.

2200 653 2351 708 Lucii
2392 651 2678 707 Patrensis
2743 643 3238 723 Metamorphoses,
3293 654 3420 714 cod.
3473 655 3717 714 CXXIX.

2196 743 2420 799 Luciani
2453 756 2618 813 opera
2649 744 2823 809 varia,
2860 744 2986 799 cod.
3012 742 3258 798 CXXIX.

2191 837 2420 909 Lycurgi
2459 836 2761 893 orationes.
2798 837 2926 892 cod.
2953 834 3258 892 CCLXVIII

2189 929 2366 1000 Lysiae
2398 928 2701 997 orationes,
2726 928 2852 984 cod.
2893 927 3149 987 CCLXII.

2146 1118 2151 1123 ‘
2188 1110 2389 1165 Malchi
2419 1110 2693 1179 Sophistm
2736 1109 3058 1181 Byzantina:
3113 1109 3359 1166 historia
3405 1108 3532 1167 libri
3594 1123 3710 1178 vn,

2119 1203 2240 1257 cod.
2270 1201 2553 1258 LXXVIII.

2198 1293 2385 1349 Marci
2409 1292 2659 1348 monachi
2700 1292 3077 1347 Ascoticorum
3116 1292 3241 1348 libri
3267 1307 3401 1360 vm;
3436 1303 3493 1349 et
3521 1293 3717 1347 adver-

2120 1368 2214 1439 sus
2244 1383 2713 1440 Melchisedecitas
2744 1384 2843 1439 lib.
2876 1399 2914 1449 ι,
2945 1384 3068 1439 cod.
3097 1383 3204 1439 CC.

2199 1476 2545 1547 Martyrium.
2586 1475 2715 1531 Vide
2753 1476 3048 1546 Anonymi.

2193 1570 2422 1624 Maximi
2453 1569 2904 1636 declamationes,
2937 1571 3063 1626 cod.
3090 1568 3358 1625 CXXXV.

2194 1660 2415 1715 Maximi
2474 1660 2586 1730 (Β.)
2645 1662 2896 1718 monachi
2944 1670 3000 1717 et
3048 1660 3382 1716 confessoris
3448 1660 3713 1730 quastio-

2124 1768 2250 1815 num
2325 1767 2357 1807 e
2426 1767 2584 1808 sacra
2645 1751 2925 1821 Scriptura
2975 1766 3134 1807 ethv
3192 1751 3531 1817 solutiones,
3583 1753 3709 1807 cod.

2120 1840 2327 1897 CXCII.
2360 1871 2431 1882 —
2462 1840 2715 1911 Ejusdem
2772 1844 3020 1913 epistola:
3059 1858 3245 1906 xxv",
3296 1845 3417 1899 cod.
3468 1842 3700 1899 CXCIII.

2122 1964 2195 1974 —
2224 1932 2482 2001 Ejusdem
2546 1932 2685 1989 liber
2720 1934 3017 2000 asceticus,
3075 1944 3132 1987 et
3173 1932 3436 1989 centuriae
3483 1935 3549 1988 de
3580 1934 3717 1989 dile-

2125 2022 2325 2088 ctione,
2367 2021 2491 2077 cod.
2524 2020 2755 2078 CXCIII.
2790 2051 2863 2063 —
2892 2022 3145 2092 Ejusdem
3184 2023 3411 2092 epistola
3442 2024 3510 2079 ad
3545 2021 3718 2078 Geor-

2124 2115 2269 2185 gium
2308 2113 2657 2186 Eparchum:
2690 2113 3143 2185 'I‘heologicorum
3202 2115 3594 2188 Moraliumque
3619 2132 3716 2171 ca-

2124 2207 2292 2275 pitum
2322 2206 2583 2261 centuriae
2630 2207 2745 2262 sive
2789 2206 2914 2262 libri
2963 2222 3035 2271 ll,
3087 2215 3140 2262 et
3190 2206 3431 2276 epiStolae
3465 2221 3516 2269 ν,
3580 2205 3707 2262 cod.

2122 2296 2355 2354 CXCIV.
2393 2327 2464 2339 —
2493 2296 2746 2365 Ejusdem
2786 2298 2947 2368 epist.
2979 2297 3047 2351 ad
3082 2296 3382 2351 Marianum
3410 2306 3467 2351 et
3520 2297 3709 2352 Dialo-

2122 2403 2223 2458 gus
2248 2402 2371 2441 cum
2404 2386 2614 2457 Pyrrho
2642 2386 2709 2444 de
2730 2387 2941 2462 duabus
2982 2388 3034 2442 in
3065 2387 3283 2443 Christo
3310 2387 3706 2453 voluntatibus,

2123 2479 2246 2535 cod.
2289 2477 2494 2534 CXCV.
3668 2482 3671 2483 ⁷

2098 2608 2106 2616 .
2194 2571 2497 2627 Memnonis
2533 2571 2793 2628 historica
2833 2578 3092 2641 excerpta
3135 2570 3204 2627 de
3249 2571 3523 2628 Herach
3558 2569 3711 2627 Pon-

2122 2664 2243 2719 ticae
2282 2664 2548 2733 tyrannis,
2593 2664 2716 2719 cod.
2750 2660 3028 2719 CCXXIV.

2193 2751 2448 2807 Methodii
2469 2751 2575 2823 (S.)
2597 2752 2765 2823 episc.
2786 2762 2840 2806 et
2856 2762 3017 2807 mart.
3044 2754 3181 2809 liber
3195 2753 3261 2808 de
3281 2754 3703 2818 resurrectione,

2122 2848 2240 2901 cod.
2261 2845 2918 2917 CCXXXIV.-—Ejusdem
2938 2847 3004 2901 de
3023 2848 3242 2912 creatis,
3258 2849 3377 2903 cod.
3392 2846 3702 2903 CCXXXV.

2121 2966 2191 2978 ——-
2228 2937 2361 2992 Item
2393 2937 2654 2993 delibero
2681 2938 2940 3003 arbitrio,
2964 2939 3089 2995 cod.
3140 2937 3473 2993 CCXXXVI.
3512 2967 3586 2979 -—-
3624 2938 3705 2994 De

2120 3029 2394 3093 castitate,
2431 3030 2553 3084 cod.
2596 3028 2957 3086 CCXXXVII.

2120 3154 2123 3157 ν
2192 3118 2488 3175 Metrodori
2526 3121 2772 3177 calculus
2800 3121 3098 3191 paschalis,
3135 3124 3256 3177 cod.
3281 3118 3445 3177 CXV.

2191 3212 2471 3269 Modestus
2513 3215 2843 3284 archiepisc.
2887 3213 3249 3285 Hierosolym.
3291 3216 3343 3269 in
3375 3214 3569 3270 Marias
3597 3231 3705 3272 un-

2119 3314 2315 3375 gucnta
2350 3304 2586 3362 ferentes
2621 3316 2676 3360 et
2711 3304 3090 3377 Hypapanteu,
3134 3308 3257 3361 cod.
3290 3306 3588 3364 CCLXXV.

2184 3394 2429 3453 Mteridis
2472 3398 2751 3467 Atticista,
2801 3400 2924 3454 cod.
2955 3396 3164 3455 CLVII.

2184 3582 2474 3653 Nicephori
2515 3586 2625 3658 (S.)
2682 3587 3015 3658 patriarchae
3066 3589 3355 3647 Constant.
3422 3588 3700 3648 Historica

2111 3672 2367 3742 epitome,
2397 3675 2518 3730 cod.
2551 3674 2734 3731 LXVI.
3454 3706 3461 3711 -

2179 3760 2370 3821 Nicias
2409 3769 2705 3825 monachus
2731 3779 2924 3827 contra
2977 3771 3360 3844 Philopouunt.
3405 3774 3699 3845 Severum,

2110 3864 2167 3912 et
2214 3867 2408 3914 contra
2439 3869 2654 3929 gentes,
2688 3862 2809 3919 cod.
2851 3862 2915 3916 L.

2188 3948 2508 4007 Nicomachi
2532 3950 2784 4008 Gerasiui
2803 3953 3089 4025 theologia:
3105 3955 3461 4014 arithmeticae
3483 3957 3601 4015 libri
3630 3976 3696 4029 ιι,

2108 4040 2232 4096 cod.
2268 4039 2453 4095 CLXX
2464 4040 2629 4097 XVII.

2179 4130 2283 4186 Nili
2317 4133 2570 4189 monachi
2600 4133 2668 4190 de
2697 4146 2949 4191 oratione
2988 4136 3165 4208 capita
3195 4151 3322 4192 cun
3350 4178 3365 4205 ,
3399 4140 3522 4195 cod.
3555 4138 3696 4195 CCI.

2106 4250 2176 4262 —
2203 4221 2457 4291 Ejusdem
2492 4225 2766 4281 orationes
2810 4226 2864 4280 in
2920 4230 3378 4285 resurrectionem
3413 4240 3467 4286 et
3500 4248 3701 4288 ascen-

2110 4313 2320 4373 sionem
2363 4314 2596 4381 Domini,
2625 4318 2748 4373 cod.
2793 4315 3121 4374 CCLXXVI.

2178 4402 2416 4463 Nonnosi
2452 4406 2688 4463 Historia
2719 4407 3077 4478 legationum,
3112 4410 3236 4467 cod.
3277 4410 3368 4467 IlI.

2180 4588 2552 4661 Olympiodori
2583 4590 2941 4646 Historiarum
2996 4591 3118 4647 libri
3147 4609 3284 4660 xxu,
3316 4596 3438 4650 cod.
3470 4595 3691 4653 LXXX.

2178 4678 2440 4736 Oratores
2469 4680 2569 4752 (in)
2600 4682 2785 4736 decem
2823 4681 3046 4738 Graeciae
3070 4683 3266 4741 Lexica
3300 4689 3471 4755 varia,
3501 4705 3531 4744 a
3560 4692 3690 4746 cod.

2107 4770 2291 4827 CXLV
2328 4788 2500 4841 usque
2538 4774 2604 4828 ad
2648 4772 2831 4829 CLIX.

2178 4861 2413 4919 Oribasii
2450 4864 2642 4920 medici
2677 4864 2869 4921 Galeui
2896 4871 3276 4939 compendium
3306 4875 3373 4929 ad
3405 4873 3688 4932 Julianum

2109 4953 2263 5024 imp.,
2304 4955 2426 5010 cod.
2466 4955 2695 5011 CCXVI.
2738 4985 2810 4996 —
2835 4958 3086 5029 Ejusdem
3126 4964 3524 5021 medicinalium
3573 4971 3691 5022 col—

2106 5045 2368 5101 lectorum
2406 5048 2474 5103 ad
2506 5048 2777 5105 Julianum
2810 5051 2941 5121 imp.
2978 5053 3101 5108 libri
3128 5070 3253 5124 Lxx,
3275 5058 3396 5111 cod.
3432 5059 3689 5130 CCXVII,

2104 5165 2175 5177 —
2229 5136 2484 5207 Ejusdem
2535 5142 2915 5209 compendium
2977 5143 3045 5198 ad
3105 5143 3447 5203 Eustathium
3511 5150 3681 5207 lilium

2106 5228 2226 5283 libri
2242 5232 2442 5292 tv,cod.
2458 5230 3042 5305 CCXVIl.——Ejusdem
3059 5237 3129 5292 ad
3147 5238 3451 5309 Eunapium
3468 5242 3591 5298 libri
3606 5258 3686 5311 tv,

2106 5320 2231 5375 cod.
2260 5320 2492 5378 CCXIX.

2174 5411 2429 5483 Origenis
2460 5415 2536 5471 De
2565 5417 2852 5489 principiis
2884 5418 3007 5473 libri
3043 5435 3120 5487 IV,
3151 5422 3272 5476 cod.
3300 5421 3429 5479 VIII.

2846 5507 2888 5562 P

2174 5574 2400 5651 Palladii
2430 5598 2873 5667 declamationes,
2907 5601 3029 5655 cod.
3060 5601 3325 5658 CXXXII.

2174 5685 2440 5755 Pamphili
2470 5691 2727 5759 martyris
2755 5690 3027 5762 Apologiae
3061 5708 3158 5762 pro
3196 5690 3432 5762 Origene
3457 5692 3577 5749 libri
3621 5713 3687 5771 ν,

2106 5778 2225 5830 cod.
2264 5776 2491 5833 CXVIII.
