4030 6440
268 397 330 459 3':
1626 380 1925 444 PROLEG
1935 379 2041 439 OM
2048 379 2223 439 ENA.
3482 380 3556 440 38

338 502 643 575 Pamphilae
662 501 919 558 Historia:
932 498 1187 555 miscella:
1204 498 1325 552 libri
1346 512 1460 566 νιιι,
1480 495 1600 553 cod.
1618 493 1873 550 CLXXV.

352 596 649 651 Pausaniae
677 596 942 658 Lexicon,
978 593 1105 647 cod.
1137 590 1315 645 CLIII.

348 689 585 758 Philippi
642 686 844 740 Sidetae
900 685 1230 740 Christianae
1275 681 1516 738 historiae
1563 681 1686 738 libri
1726 694 1873 744 xxrv,

279 786 400 841 cod.
433 782 669 837 XXXV.

346 875 599 932 Philonis
658 872 831 927 Judaei
882 871 1060 942 legum
1110 883 1396 925 sacrarum
1474 865 1747 936 Allegoria
1819 872 1875 917 et

281 968 382 1021 viri
416 964 597 1019 civilis
630 963 765 1027 vita,
812 962 913 1016 hoc
947 971 1051 1026 est,
1089 959 1156 1013 de
1200 956 1449 1026 Joseph.,
1486 956 1608 1010 cod.
1643 953 1773 1008 CIII.
1808 983 1880 993 —

280 1058 536 1124 Ejusdem
573 1054 902 1109 Essenorum
958 1060 1013 1107 et
1043 1050 1514 1118 Therapeutarum
1542 1048 1756 1100 vivendi
1790 1063 1878 1100 rat-

285 1150 381 1215 tio,
420 1149 548 1203 cod.
580 1145 721 1201 CIV.
765 1174 837 1185 —
864 1143 1115 1211 Ejusdem
1156 1140 1320 1196 Caius
1347 1139 1485 1208 imp.
1514 1141 1882 1205 reprehensus

283 1250 338 1295 et
362 1238 597 1293 Flaccus
630 1235 1019 1303 reprehensus,
1072 1232 1291 1298 aliaque
1345 1232 1572 1299 scripta,
1613 1229 1735 1283 cod.
1764 1227 1877 1282 CV.

356 1330 685 1385 Philostrati
708 1327 859 1398 Tyrii
883 1327 949 1380 de
969 1327 1079 1378 vita
1100 1324 1370 1395 Apollonii
1394 1322 1594 1393 Tyanei
1625 1319 1748 1374 libri
1781 1335 1877 1383 rII,

284 1426 405 1479 cod.
471 1420 665 1476 XLIV.
728 1450 802 1460 —
848 1418 1086 1487 Indeque
1143 1424 1423 1486 excerpta,
1492 1414 1611 1468 cod.
1672 1410 1877 1467 CCXII.

286 1516 545 1585 Ejusdem
590 1512 830 1565 Lexicon
874 1525 906 1562 e
943 1509 1130 1561 decem
1159 1496 1488 1571 oratoribus,
1536 1504 1659 1558 cod.
1686 1503 1771 1557 Cl.

358 1602 718 1671 Philostorgii
801 1596 1204 1652 Ecclesiasticae
1275 1594 1527 1649 Historiae
1569 1593 1692 1649 libri
1757 1609 1876 1658 xu,

296 1695 552 1753 cleX.

365 1788 693 1856 Pblegontis
708 1784 874 1839 Tralli
883 1783 971 1837 ani
989 1780 1393 1852 Olympicornm
1413 1787 1470 1832 et
1486 1776 1880 1832 Chronicorum

291 1881 567 1944 collectio,
597 1880 729 1933 cod.
758 1875 967 1931 XCVII.

354 1971 653 2042 Phryniehi
680 1968 863 2021 Arabii
893 1971 1188 2035 apparatus
1232 1960 1457 2039 oratorii
1496 1959 1620 2014 libri
1687 1975 1875 2025 xxxvi,

296 2062 410 2116 cod.
438 2056 675 2113 CLVIII.

358 2152 519 2207 Pierii
554 2149 741 2217 presb.
772 2145 1100 2214 scriptorum
1135 2142 1256 2198 libri
1293 2157 1394 2207 ιιι,
1430 2140 1553 2195 cod.
1592 2139 1778 2194 CXIX.

827 2200 1124 2299 Parallelae,
1146 2233 1265 2288 cod.
1284 2200 1609 2287 CCXLV.—
1634 2200 1910 2296 Ejusdem.

296 2337 414 2387 vita:
446 2334 640 2386 decem
704 2328 929 2383 Graeciae
973 2336 1258 2382 oratorum
1291 2339 1322 2379 a
1368 2324 1491 2380 cod.
1556 2318 1760 2377 CCLIX
1819 2322 1886 2372 ad

297 2422 571 2481 CCLXIX.
1370 2459 1373 2462 I

367 2516 634 2571 Pollionis
658 2514 926 2578 Lexicon,
956 2512 1080 2567 cod.
1115 2507 1347 2566 CXLIX.

366 2607 656 2677 Polycarpi
718 2615 878 2659 mart.
932 2602 1176 2672 Epistola
1205 2603 1273 2655 ad
1323 2597 1714 2668 Pbilippenses,
1764 2597 1887 2650 col.

301 2698 539 2753 CXXVI.

370 2793 703 2859 Praxagorae
722 2786 1071 2849 Atheniensis
1097 2785 1161 2839 de
1191 2786 1354 2839 rebus
1398 2781 1744 2837 Constantini
1778 2780 1890 2835 blat-

306 2885 393 2954 gni
453 2884 581 2935 libri
648 2880 759 2934 duo
823 2877 1002 2933 Ionica
1033 2877 1431 2943 dialecto,eod.
1467 2873 1624 2928 LXII.

373 2974 556 3027 Procli
584 2972 1029 3027 Chrestomathia
1061 2972 1127 3024 de
1148 2969 1385 3034 Poetica,
1405 2968 1526 3022 cod.
1556 2964 1888 3022 CCXXXIX.

374 3065 626 3132 Procopii
686 3059 1042 3115 Caesariensis
1099 3058 1334 3113 rhetoris
1364 3055 1727 3111 Historiarum
1768 3054 1891 3108 libii

305 3159 562 3223 Vlll,(‘.01l.
600 3153 789 3208 LXIII.

377 3249 630 3319 Procopii
647 3248 827 3303 (ἱειιωὶ
857 3244 1267 3301 Homericorum
1290 3256 1544 3298 versuum
1576 3240 1893 3324 metaphra-

307 3358 415 3402 ses.
450 3346 578 3395 eod.
611 3338 774 3394 CLX.

378 3433 634 3501 Procopii
659 3432 925 3500 Sophistae
978 3428 1192 3484 Schola:
1262 3425 1781 3481 commentariorum
1844 3424 1896 3479 in

306 3526 730 3589 Octateuchum,
759 3532 814 3579 et
842 3524 895 3577 in
934 3524 1103 3578 libros
1126 3523 1335 3590 Regum
1367 3534 1433 3574 ac
1460 3518 1896 3587 Paralipomena,

306 3616 870 3676 cod.CCVl.—Idem
890 3616 943 3669 in
966 3615 1165 3668 Isaiam
1194 3614 1537 3682 prophetam,
1557 3614 1677 3665 cod.
1694 3607 1896 3665 CCVII.

381 3712 801 3766 Provinciarum
849 3707 1064 3776 imperii
1104 3717 1228 3776 post
1255 3704 1547 3759 Alexandri
1570 3703 1750 3773 Magni
1779 3703 1900 3755 obi-

312 3815 422 3857 tum
481 3802 682 3857 divisio
715 3817 745 3853 a
785 3801 951 3854 variis
1005 3798 1169 3865 facta,
1221 3812 1287 3852 ex
1344 3796 1600 3862 Arriano,
1634 3793 1900 3863 Dexippo,

308 3895 527 3949 Jus‘tim
550 3903 605 3947 et
643 3892 709 3959 Ω.
741 3892 931 3946 Curtio
972 3894 1098 3945 cod.
1138 3903 1350 3943 Luxu.

388 3984 670 4039 Ptolemaei
740 3981 1145 4052 Hephaestionis
1198 3980 1476 4035 Novarum
1548 3978 1900 4033 historiarum

316 4078 438 4134 libri
469 4094 547 4143 Vl,
568 4076 691 4133 cod.
716 4060 907 4133 CXC.
1782 4056 1792 4064 ’

1093 4163 1141 4217 R

379 4265 685 4336 Derepubl.
708 4262 832 4319 libri
860 4256 936 4327 vI,
967 4260 1091 4315 cod.
1136 4252 1397 4311 XXXVII.

1088 4350 1127 4405 S

377 4452 561 4523 εει-εἱί
588 4448 922 4507 confessoris
964 4446 1215 4508 historia,
1261 4443 1384 4523 cod.
1420 4437 1627 4503 LXVII,
1660 4435 1845 4493 CLXI.

380 4521 633 4601 Socratis
663 4543 873 4598 Eccles.
908 4536 1168 4596 Historiae
1196 4521 1319 4591 libri
1355 4551 1450 4602 vn,
1481 4536 1604 4590 cod.
1629 4528 1869 4586 XXVIII.

373 4640 600 4711 SOpaIri
622 4645 1005 4706 excerptorum
1022 4635 1290 4688 rariorum
1318 4632 1439 4686 libri
1460 4645 1558 4694 χιι,
1580 4626 1892 4683 cod.CLX|.

374 4731 677 4803 Sophronii
726 4743 826 4798 pro
887 4736 1076 4783 sancto
1128 4724 1333 4780 Basilio
1410 4722 1674 4778 adversus
1715 4721 1900 4774 Euno-

311 4830 501 4892 mium,
534 4826 668 4883 cod.
703 4822 769 4877 V.
1601 4825 1616 4840 '

318 4898 321 4907 ν
379 4917 688 4992 Sophronii
715 4914 1041 4987 patriarcha:
1065 4912 1423 4989 Hierosolym.
1447 4908 1707 4982 synodica
1733 4906 1896 4975 epist.

309 5018 428 5075 cod.
454 5011 754 5070 CCXXXI.

375 5130 579 5185 Sotion
610 5126 687 5181 De
708 5124 1042 5188 ﬂuminibus,
1062 5130 1168 5177 etc.
1197 5122 1317 5177 cod.
1353 5117 1688 5175 CLXXXIX.

375 5224 689 5281 Sozomeni
717 5219 923 5276 llistor.
956 5218 1165 5273 Eccles.
1213 5217 1333 5271 libri
1372 5232 1449 5283 Ix,
1474 5216 1599 5271 cod.
1630 5212 1799 5269 XXX.

375 5317 681 5389 Stephanii
710 5314 909 5369 Gobari
948 5310 1232 5366 Tritheilae
1260 5309 1904 5383 hmreticiOppositarutn

310 5409 691 5479 quaestionum
720 5404 877 5473 liber,
913 5402 1034 5459 cod.
1069 5398 1377 5455 CCXXXII.

379 5497 619 5572 Synesii
646 5492 891 5567 Cyrenaei
920 5493 1147 5565 scripta,
1169 5495 1290 5550 cod.
1330 5489 1524 5547 XXVI.

2057 490 2307 558 Synodus
2342 505 2423 556 ιιι,
2477 505 2550 556 Iv,
2593 504 2645 556 ν,
2692 503 2765 554 τι,
2810 505 2881 544 vII
2930 506 2948 556 ;
2996 491 3175 546 codd-
3209 489 3353 559 XVI,
3396 492 3563 561 XVII,

1981 582 2174 643 XVIII.
2199 582 2345 647 XIX,
2371 582 2494 637 XX.

2055 674 2313 745 Synodus
2360 674 2640 741 Sidetana,
2677 673 2890 744 aliaque
2939 685 3126 729 contra
3178 674 3555 740 Messalianos,

1979 767 2103 822 cod.
2134 764 2246 820 Lll.
2320 818 2330 830 _

2056 858 2311 929 Synodus
2334 857 2399 911 ad
2428 856 2698 923 Quercum
2756 857 3033 928 illegitima
3075 867 3264 913 contra
3320 857 3380 913 Β.
3405 859 3565 915 Jo.-n.

1982 948 2466 1020 Chrysostomum,
2509 950 2633 1003 cod.
2668 946 2807 1002 LIX.

2765 1062 2807 1116 T

2056 1175 2344 1231 Tltemistii
2372 1177 2425 1231 in
2456 1176 2817 1245 Philoponum
2850 1174 3145 1240 invectiva,
3178 1160 3305 1229 cod.
3328 1174 3563 1230 LXXIII.

1977 1265 2309 1335 -—Ejusdem
2347 1267 2627 1321 orationes
2659 1264 2846 1320 civiles
2883 1248 3069 1328 XXXVI,
3092 1263 3470 1319 cod.LXXlV.
3499 1293 3569 1303 —

1982 1357 2240 1428 Ejusdem
2272 1358 2528 1428 Apologia
2560 1371 2655 1426 pro
2691 1357 2749 1412 S.
2782 1357 3160 1425 TheOphobio,
3199 1359 3320 1412 cod.
3351 1356 3530 1412 CVIII.

2051 1447 2372 1503 Theodorus
2394 1446 2703 1502 Tarsensis.
2740 1444 2870 1500 Vide
2903 1446 3187 1501 Diodorus.

2054 1533 2375 1589 Theodorus
2427 1533 2611 1602 presb.
2646 1536 2713 1588 de
2748 1534 2967 1602 scriptis
3001 1534 3060 1587 S.
3120 1533 3364 1605 Dionysii
3388 1536 3567 1590 Areo-

1982 1629 2203 1699 pagitae,
2227 1629 2351 1685 cod.
2378 1627 2418 1682 I.
2740 1610 2750 1620 ’

2055 1718 2329 1773 Theodori
2359 1718 2685 1773 Antiocheni
2718 1734 2819 1789 pro
2847 1720 2905 1774 S.
2938 1721 3153 1775 Basilio
3177 1721 3437 1777 adversus
3461 1722 3571 1776 En-

1985 1809 2227 1864 nomium
2264 1809 2390 1869 libri
2424 1825 2552 1877 xxv,
2572 1812 2695 1865 cod.
2725 1809 2893 1866 lV.—-
2918 1810 3169 1881 Ejusdem
3199 1813 3572 1884 interpretatio

1984 1901 2278 1965 Geneseos,
2312 1902 2431 1956 cod.
2460 1900 2725 1957 XXXVII.

2065 1989 2350 2046 Theodori
2377 1993 2628 2047 monachi
2678 1992 3033 2047 Alexandrini
3058 1993 3320 2049 adversus
3353 1993 3574 2052 Themi-

1986 2083 2150 2137 stium
2184 2082 2306 2137 libri
2343 2098 2426 2147 III,
2464 2085 2589 2139 cod.
2625 2083 2806 2139 CVIII.

2060 2172 2332 2228 Theodori
2357 2172 2702 2243 Mopsuestia:
2721 2175 2786 2230 de
2819 2174 3105 2231 Persarum
3131 2178 3304 2248 magia
3326 2177 3451 2232 lihri
3484 2192 3570 2241 III,

1989 2268 2113 2320 cod.
2153 2264 2392 2319 LXXXI.
2934 2252 2937 2255 ’

2066 2357 2396 2412 Theodoreti
2458 2357 2658 2412 Hister.
2709 2357 2916 2413 Eccles.
2946 2358 3068 2415 libri
3106 2377 3159 2427 v,
3199 2364 3323 2417 cod.
3381 2363 3575 2419 XXXI.

1990 2478 2052 2488 —
2078 2450 2332 2519 Ejusdem
2366 2460 2556 2504 contra
2584 2452 2872 2507 haereticos
2903 2452 3212 2517 librixxvn,
3239 2456 3359 2510 rod.
3385 2455 3573 2513 XLVI.

1990 2536 2411 2605 —Rnrsumque
2457 2540 2719 2607 quinque,
2765 2539 2889 2592 cod.
2937 2536 3161 2593 LVI.—
3189 2543 3256 2595 Et
3308 2542 3580 2599 Eranistae

1992 2626 2113 2681 libri
2155 2643 2236 2688 Ill,
2262 2630 2385 2681 cod.
2426 2626 2611 2682 XLVI.
2640 2658 2711 2667 —
2740 2626 2996 2696 Ejusdem
3028 2629 3409 2697 interpretatio
3455 2634 3552 2687 Da-

1997 2717 2178 2784 nielis,
2214 2716 2539 2773 Octatenchi
2579 2721 2869 2787 expositio,
2921 2729 2975 2774 et
3031 2720 3087 2774 in
3138 2721 3307 2777 libros
3366 2724 3573 2795 Regum

1993 2825 2059 2864 ac
2087 2809 2567 2881 Paralipomenon,
2591 2812 2714 2866 cod.
2744 2812 2944 2868 CCLV.
2978 2841 3046 2854 -—-
3073 2812 3129 2868 In
3185 2830 3262 2869 χιι
3289 2820 3582 2887 prophetas

1994 2895 2393 2968 minofes,cod.
2430 2903 2591 2959 CCV.
2634 2903 2856 2959 —-Item
2897 2908 2948 2961 in
2988 2904 3046 2960 S.
3073 2905 3224 2961 Joan.
3256 2908 3584 2981 Chrysosto-

2000 3010 2145 3047 mum
2175 2994 2296 3048 libri
2324 3010 2379 3060 v,
2410 2997 2533 3050 cod.
2566 2995 2873 3052 CCLXXII.~

2073 3085 2415 3140 Theodosius
2467 3088 2764 3141 monachus
2795 3098 2982 3144 contra
3005 3089 3162 3147 Joan.
3200 3092 3583 3164 Philoponttm,

1998 3174 2123 3233 cod.
2154 3174 2321 3230 XXII.

2067 3266 2396 3339 Tlteognosﬁ
2442 3269 2735 3325 Alexandr.
2770 3282 2824 3327 et
2865 3288 3146 3329 sacrorum
3194 3275 3454 3331 librorum
3499 3278 3588 3332 in-

2000 3361 2279 3428 terpretis,
2315 3360 2731 3433 llypolyposeon
2760 3363 2879 3417 libri
2915 3379 3013 3431 vn,
3038 3366 3158 3420 eod.
3193 3365 3328 3422 CVI.

2070 3449 2313 3506 Theonis
2343 3453 2605 3508 archiatri
2634 3454 2983 3509 Alexandrini
3007 3455 3204 3524 Homo,
3225 3460 3347 3516 cod.
3370 3456 3584 3514 CCXX.

2074 3541 2424 3610 Theophanis
2439 3541 2684 3613 Byzantii
2704 3542 3067 3599 Historiarum
3088 3546 3182 3601 lib.
3201 3564 3255 3615 ιι,
3269 3549 3587 3606 cod.CClII.

2072 3631 2485 3699 TheOphrastus
2523 3633 2591 3688 de
2652 3634 2981 3691 animalibus
3030 3652 3151 3706 quae
3198 3639 3413 3695 colores
3450 3657 3588 3695 anno

2002 3733 2144 3778 tant.
2187 3752 2257 3763 --
2283 3722 2358 3777 De
2390 3739 2680 3779 nervorum
2712 3728 3067 3784 resolutione.
3091 3758 3164 3770 -—
3196 3730 3270 3785 De
3305 3732 3471 3787 animi
3498 3734 3593 3787 de-

2001 3814 2261 3871 fectione.
2284 3844 2356 3854 —
2386 3817 2460 3870 De
2500 3818 2872 3886 vertigine.-—
2894 3818 3076 3886 Quare
3113 3823 3283 3876 c'rnda
3317 3810 3418 3877 ora
3454 3838 3592 3880 con-

2002 3908 2145 3961 verti
2180 3924 2286 3963 non
2316 3910 2545 3978 possint.
2574 3940 2643 3951 -
2673 3912 2745 3967 De
2766 3914 3111 3970 lassitudine.
3141 3945 3215 3955 —
3245 3918 3321 3975 De
3345 3922 3594 3975 animam-

2004 3997 2152 4051 tibus
2211 4013 2333 4067 qnae
2367 4014 2490 4053 cum
2524 4001 2678 4070 copia
2708 4003 3078 4057 visuntur.-—
3105 4007 3180 4061 De
3224 4009 3594 4067 animantibus

2001 4104 2120 4158 quae
2147 4088 2345 4142 invidia
2384 4090 2632 4146 laborare
2658 4093 2793 4147 falso
2816 4096 3252 4154 dicuntur.—-.De
3278 4101 3592 4161 sudoribus.

2002 4210 2071 4221 --
2098 4180 2171 4233 De
2202 4181 2418 4249 apibus,
2451 4184 2572 4237 cod.
2605 4184 2985 4246 CCLXXVIII.

2084 4272 2477 4345 Theopbylacti
2518 4274 2837 4331 Simocattae
2893 4279 3256 4336 Historiarum
3290 4283 3412 4339 lihri
3472 4300 3593 4355 vm,

2004 4365 2125 4417 cntl.
2160 4363 2319 4419 LXV.

2077 4456 2414 4529 Theopompi
2448 4460 2810 4517 Ilistoriarum
2839 4464 2960 4518 libri
2989 4479 3111 4530 ιιιι,
3141 4467 3268 4523 cod.
3298 4466 3592 4527 CLXXVI.

2077 4549 2267 4610 Timaei
2290 4551 2531 4609 Lexicon
2559 4562 2749 4609 voc‘um
2781 4556 3212 4626 Platonicarum,
3243 4563 3368 4617 cod.
3389 4561 3520 4617 CLI.

2792 4663 2836 4719 V

2085 4760 2354 4834 Victorini
2422 4779 2703 4850 Lampadii
2769 4779 2841 4835 F.
2901 4783 3179 4841 orationes
3259 4787 3597 4857 consulares,

2009 4870 2133 4924 cod.
2182 4870 2269 4925 CI.

2093 4961 2348 5017 Vindanii
2377 4963 2616 5018 Anatolii
2656 4963 2835 5035 Beryti
2859 4965 3334 5025 Colleclaneorum
3358 4970 3424 5025 de
3449 4972 3599 5039 agri—

1997 5052 2252 5132 cultura:
2289 5054 2576 5124 disciplina
2606 5055 2726 5109 libri
2756 5072 2851 5120 ιιι,
2885 5058 3004 5113 cod.
3028 5057 3232 5114 CLXII.

2096 5142 2230 5197 Vitae
2253 5142 2356 5197 SS.
2390 5143 2609 5198 Patrum
2652 5145 2744 5213 qui
2776 5148 2955 5217 magni
2992 5149 3210 5206 Antonii
3241 5160 3481 5220 tempore
3507 5150 3605 5207 llo.

2017 5244 2265 5300 ruerunt,
2296 5236 2417 5290 cod.
2446 5235 2733 5294 CXCVIII.

2804 5350 2843 5404 Ζ

2089 5461 2291 5517 Zosimi
2315 5462 2535 5518 comitis
2566 5462 2930 5533 Historiarum
2975 5468 3096 5525 libri
3122 5470 3335 5535 VI,cod.
3372 5468 3600 5527 XCVIII.
