4030 6470
517 338 589 402 43
1632 342 1895 405 ΡΗΟΤΙΙ
1927 344 2435 405 ΡΑΤΒΙΑΒΟΗιΕ
2476 345 2584 407 CP.
3721 353 3787 416 44

519 453 701 507 leuiter
729 452 913 506 saltem
951 455 1166 524 eﬂictam
1206 471 1266 508 ac
1293 456 1591 526 generalem
1627 460 1973 529 cognitionem
2012 478 2097 515 eo-

2201 464 2597 531 παραμύθιον,
2617 461 2737 532 ἅμα
2765 462 2833 516 δὲ
2858 462 2955 516 καί
2984 458 3072 518 ὧν
3100 464 3266 518 οὕπω
3291 466 3378 532 είς
3407 462 3595 533 ἀκοὰς
3621 467 3785 537 ἡμῶν

516 562 634 597 sum
684 546 1027 611 voluminum,
1060 563 1178 616 qua:
1222 550 1455 601 nondum
1504 550 1643 619 apud
1681 568 1774 604 nos
1812 565 2095 620 prtesentes

517 633 892 704 audientesque
912 635 1147 705 legisses.
1175 636 1256 689 Ea
1285 647 1403 691 sunt
1424 640 1477 690 in
1497 639 1819 705 universum,
1841 656 1946 693 uno
1962 640 2097 695 dun-

517 734 666 777 taxat
697 741 862 791 supra
902 725 1159 780 decimam
1202 730 1441 797 quintam
1477 738 1679 798 partem
1724 731 1961 794 dempto,
1991 742 2096 784 tre-

515 825 665 866 centa
698 815 801 885 (“2),
833 825 907 867 tot
935 817 1094 879 enim,
1127 818 1228 871 nisi
1264 819 1445 887 fallor,
1480 830 1530 873 te
1566 822 1774 874 absente
1800 820 1898 891 legi
1932 822 2097 874 conti—

514 904 609 970 git.
638 901 943 958 Librarium
982 908 1147 976 igitur
1180 912 1341 973 nacti,
1386 919 1578 979 tuoque
1603 923 1720 965 voto
1744 929 1806 965 ac
1837 912 2097 966 desiderio

513 997 668 1062 quasi
712 997 943 1050 debitum
1001 1000 1280 1066 solventes,
1328 999 1533 1056 edimus
1590 1003 1897 1073 aliquando,
1940 1016 2096 1075 quot—

514 1097 639 1154 quot
672 1087 858 1139 horum
910 1100 1345 1158 argumentorum
1374 1095 1625 1147 memoria
1660 1107 1843 1150 nostra
1878 1114 2095 1151 conser-

514 1188 661 1231 earat
692 1195 705 1232 :
732 1180 900 1232 serius
942 1180 996 1234 id
1028 1182 1238 1251 quidem
1271 1182 1522 1252 forsitan,
1550 1202 1708 1256 quam
1738 1189 1929 1243 ardens
1961 1189 2097 1243 illud

517 1277 666 1321 tuum
706 1270 1022 1324 desiderium
1062 1274 1403 1344 flagransque
1448 1278 1709 1345 cupiditas
1746 1280 2097 1347 postulabat:

516 1370 754 1414 attamen
787 1362 947 1416 citius
986 1379 1144 1433 quant
1188 1366 1413 1420 aliorum
1435 1368 1693 1438 quispiam
1720 1386 1929 1440 sperare
1949 1383 2098 1441 pote-

518 1464 622 1505 rat.
660 1453 776 1507 Hoc
795 1468 970 1509 autent
1001 1458 1185 1511 ordine
1221 1460 1431 1528 singula
1451 1460 1553 1515 sibi
1575 1473 1883 1532 argumenta
1918 1481 2100 1519 succe-

516 1547 662 1611 dent,
692 1564 793 1616 quo
825 1550 1003 1603 eadem
1054 1551 1164 1604 haec
1198 1553 1453 1606 memoria
1494 1557 1896 1624 prteoccuparit.
1947 1556 2099 1613 Pras-

515 1639 716 1701 sertim,
777 1654 893 1690 cum
939 1638 1151 1709 diﬂicile
1184 1639 1597 1712 haudquaquam
1646 1646 1715 1699 sit
1756 1647 1825 1716 (si
1857 1649 1978 1715 quis
2022 1652 2101 1703 ita

2198 554 2465 624 ἀνέγνως
2502 556 2556 607 εὶ
2592 554 2688 607 καὶ
2720 553 3168 621 διατυπωτικήν
3211 573 3347 610 τινα
3387 557 3488 611 καὶ
3531 560 3789 612 κοινοτέ-

2193 663 2312 714 ραν
2327 645 2442 714 τὴν
2465 646 2796 715 ἐπίγνωσιν
2815 645 3023 717 (ταῦτα
3037 647 3103 699 δέ
3123 647 3254 700 ἐστι
3279 649 3789 717 πεντεκαιδεκάτῳ

2195 738 2361 808 μέρει
2384 738 2505 792 τῶν
2535 740 2893 807 τριακοσίων
2915 739 3009 808 ἐφ’
3032 740 3123 792 ἐνὶ
3148 740 3245 793 καὶ
3278 742 3351 794 οὐ
3384 741 3577 797 πλέον
3595 745 3611 775 ⁸
3643 743 3788 799 ἀπο-
3894 761 3898 764 ’

2197 831 2518 885 λείποντα·
2553 830 2823 885 τοσαῦτα
2854 830 2984 900 γὰρ,
3032 829 3212 901 οἶμαι,
3244 832 3355 902 τῆς
3406 833 3530 903 σῆς
3571 836 3645 890 οὑ
3684 853 3788 890 τυ-

2199 925 2386 993 χόντα
2412 920 2749 988 παρουσίας
2772 919 3233 990 ἀναγνωσθῆναι
3263 922 3651 993 συνέπεσεν),
3674 924 3788 992 ὀψὲ

2193 1016 2311 1086 μὲν
2340 1016 2486 1081 ἴσως
2521 1014 2631 1069 τοῦ
2673 1014 2791 1068 σοῦ
2826 1015 3119 1082 διαπύρου
3145 1015 3336 1069 πόθου
3370 1016 3471 1069 καὶ
3511 1014 3622 1084 τῆς
3661 1018 3787 1087 θερο

2194 1106 2318 1177 μῆς
2345 1104 2660 1171 αἰτήσεως,
2690 1101 2907 1158 θᾶττον
2935 1102 3003 1155 δέ
3031 1103 3069 1171 ἢ
3096 1102 3213 1157 ὅσα
3237 1102 3315 1156 ἀν
3334 1119 3424 1169 τις
3456 1102 3648 1169 ἀλλος
3685 1104 3787 1158 ἐλ-

2199 1199 2417 1260 πίσειε,
2474 1198 2765 1265 τυχόντες
2817 1194 3247 1264 ὑπογραφέως,
3298 1194 3450 1261 ὅσας
3500 1195 3701 1249 αὐτῶν
3743 1195 3784 1263 ή

2195 1290 2402 1361 μνήμη
2424 1284 2686 1351 διέσωζε,
2716 1285 2826 1339 τὸν
2848 1288 2966 1341 σὸν
2986 1285 3191 1355 ὥσπερ
3219 1286 3646 1357 ἀφοσιούμενοι
3673 1290 3783 1341 πό-

2199 1389 2309 1439 θον
2336 1383 2436 1437 καὶ
2471 1382 2588 1451 τὴν
2625 1382 2899 1447 ἀξίωσιν,
2934 1377 3366 1448 ἐκδεδώκαμεν.
3394 1379 3557 1433 Οῦτω
3593 1379 3661 1431 δὲ
3688 1378 3786 1433 τά·

2201 1476 2352 1543 ξεως
2375 1478 2437 1529 αἱ
2469 1475 2789 1540 ὑποθέσεις
2827 1472 3251 1540 ἐπιλήψονται,
3287 1472 3367 1538 ὡς
3408 1471 3485 1525 ἂν
3520 1470 3787 1540 ἑκάστην

2199 1569 2399 1624 αὐτῶν
2436 1570 2473 1637 ή
2498 1567 2704 1638 μνήμη
2735 1564 3047 1634 προϐάλοι,
3086 1566 3160 1619 οὺ
3196 1563 3469 1633 χαλεπὸν
3501 1563 3577 1617 δν
3610 1564 3707 1618 καί
3731 1565 3787 1618 ετ

2200 1679 2293 1728 τις
2338 1660 2537 1714 ἕλοιτο
2598 1658 2716 1726 ἰδίᾳ
2762 1658 2882 1727 μὲν
2921 1656 3152 1710 τούτων
3198 1654 3318 1709 ὅσα
3363 1654 3476 1724 τῆς
3518 1657 3788 1724 ἱστορίας

516 1729 691 1799 malit)
730 1730 952 1783 seorsim
998 1733 1179 1785 omnia
1224 1749 1342 1803 quae
1374 1740 1442 1787 ad
1473 1736 1751 1791 historiam
1793 1740 2015 1808 faciunt,
2048 1752 2097 1796 et

2200 1751 2392 1817 ἐστὶν,
2429 1749 2547 1817 ἰδίᾳ
2572 1747 2641 1802 δὲ
2674 1750 2791 1802 ὅσα
2813 1748 2963 1817 πρὸς
2990 1746 3186 1801 ἄλλον
3219 1746 3315 1800 καὶ
3336 1747 3531 1800 ἀλλον
3548 1748 3789 1801 σκοπὸν

516 1837 699 1874 rursus
729 1837 845 1889 quae
873 1822 943 1874 ad
969 1822 1137 1877 alium
1160 1835 1312 1894 atque
1337 1827 1505 1879 alium
1536 1844 1773 1898 scopum,
1807 1832 2100 1887 describere
2132 1817 2174 1875 Β
2201 1844 2417 1913 ἂναφί,
2461 1882 2476 1898 ,

512 1928 674 1981 eaque
706 1913 869 1983 juxta
914 1918 1185 1982 propriam
1240 1918 1461 1984 speciem
1501 1920 1556 1972 in
1610 1936 1771 1973 unum
1819 1921 2098 1990 conjicere.

523 2001 717 2056 Verum
759 2005 1043 2073 superﬂuat
1071 2004 1207 2057 illud
1221 2010 1565 2063 contentionis
1588 2027 1699 2064 esse
1727 2024 1895 2078 ratus,
1913 2030 2103 2083 sequor

514 2097 870 2162 promiscuam
940 2099 1135 2167 absque
1183 2100 1489 2155 discrimine
1547 2104 1881 2159 varietatem.
1927 2104 2099 2160 Movet

513 2192 654 2245 enim
686 2192 741 2242 in
767 2189 1031 2258 plerisque
1060 2192 1345 2247 identidem
1389 2194 1637 2263 impetum
1659 2197 1905 2252 desiderii
1945 2210 2100 2269 atque

515 2286 583 2337 ad
616 2286 925 2337 memoriam
948 2285 1109 2337 nescit
1136 2285 1328 2355 o/Terre
1353 2287 1653 2356 fastidium.
1687 2288 1839 2356 Quod
1856 2291 1902 2345 si
1931 2307 2100 2362 quan.

513 2380 682 2446 doque
722 2377 836 2443 tibi,
879 2377 1005 2431 dum
1066 2380 1285 2446 ipsumet
1326 2382 1617 2437 studiosius
1656 2383 1909 2438 tractabis
1951 2385 2100 2439 volu-

512 2471 679 2532 mina,
705 2467 910 2523 brevior
935 2469 1220 2535 videbitur,
1247 2483 1337 2526 aut
1363 2473 1536 2527 minus
1571 2486 1825 2531 accurata
1852 2493 2098 2547 quorum-

514 2567 641 2613 dam
661 2572 1093 2631 argumentorum
1121 2563 1207 2617 hic
1234 2581 1342 2619 esse
1378 2565 1521 2635 facta
1551 2569 1769 2633 mentio,
1813 2586 1875 2624 ne
1904 2571 1959 2623 id
1996 2572 2099 2624 mi-

512 2656 643 2707 reris
684 2657 837 2708 velim
869 2668 888 2705 :
919 2671 1041 2709 nam
1094 2673 1257 2711 unum
1294 2659 1520 2728 aliquem
1549 2659 1739 2715 librum
1786 2664 2095 2733 singulatim

513 2745 724 2815 tegenti,
758 2757 1128 2815 argumentum
1156 2749 1269 2817 ejus
1302 2750 1481 2803 animo
1513 2753 1807 2821 complecti,
1837 2754 2093 2824 illudque,

514 2839 780 2892 memoria:
827 2855 890 2891 ac
932 2837 1128 2894 litteris
1178 2842 1454 2906 mandare,
1507 2860 1609 2896 non
1655 2847 2005 2910 pmnitendum
2048 2849 2096 2902 ei

513 2944 642 2995 Opus
671 2938 769 2991 est,
805 2930 895 2997 qui
932 2929 985 2981 id
1024 2938 1177 2983 modo
1210 2930 1363 2995 velit;
1399 2942 1451 2984 at
1481 2934 1751 3002 complura
1795 2936 1974 3001 simul,
2012 2938 2096 2990 id-

517 3035 619 3085 que
645 3030 758 3087 post
786 3020 1036 3087 temporis
1071 3020 1288 3091 aliquod
1326 3024 1680 3089 intervallum,
1722 3039 1965 3082 accurate
1988 3045 2093 3082 me-

515 3110 757 3176 minisse,
780 3109 881 3163 hoc
912 3127 1004 3181 ego
1051 3129 1154 3166 non
1188 3115 1319 3167 adeo
1350 3115 1581 3169 arbitror
1615 3133 1724 3171 esse
1758 3119 1935 3189 facile.
1968 3120 2091 3174 Jam

516 3307 678 3362 neque
714 3307 835 3346 tuas
863 3294 1113 3361 forsitan,
1154 3296 1216 3348 ob
1250 3296 1467 3350 insitam
1497 3299 1563 3352 iis
1600 3298 1915 3369 facilitatem
1950 3301 2098 3371 fuge-

516 3394 637 3436 runt
674 3400 855 3450 curas,
895 3384 976 3439 his
1019 3402 1082 3439 ne
1130 3403 1224 3442 nos
1246 3390 1457 3458 quidem
1489 3402 1693 3446 tantum
1723 3395 1890 3448 studii
1924 3412 2095 3466 quan-

516 3488 624 3529 tum
664 3479 871 3532 cteteris
905 3480 1243 3536 adhibuimus
1274 3498 1293 3536 :
1322 3483 1413 3538 sed
1428 3499 1608 3538 eorum
1631 3489 1806 3558 major
1830 3491 2097 3544 accuratio

515 3573 579 3625 de
613 3573 881 3628 industria
923 3587 998 3629 est
1029 3578 1404 3645 prtetermissa.
1438 3579 1521 3633 An
1557 3592 1731 3636 autem
1758 3584 1907 3637 aliud
1930 3585 2099 3654 quid-

517 3664 660 3731 piam
690 3679 795 3717 non
821 3666 1013 3720 inutile
1034 3683 1141 3721 una
1162 3684 1282 3722 cum
1311 3670 1391 3724 his
1413 3675 1736 3741 argumentis
1766 3692 1926 3745 supra
1951 3688 2097 3729 tuam

514 3754 821 3819 petitionem
863 3757 1107 3823 accedat,
1157 3761 1213 3812 id
1258 3772 1315 3814 tu
1362 3763 1549 3817 melius
1601 3766 1884 3835 intelliges.
1935 3765 2098 3823 Utilia

516 3862 647 3901 sane
667 3848 761 3900 tibi
775 3849 889 3902 luce
915 3849 1070 3904 modo
1097 3852 1237 3906 edita
1264 3853 1449 3923 futura
1479 3868 1623 3921 sunt,
1651 3876 1767 3912 cum
1793 3867 2099 3917 summatim

514 3955 696 3992 eorum
732 3939 826 3992 tibi
872 3946 1177 3997 memoriam
1206 3946 1474 4015 refricem,
1516 3963 1760 4020 qutetute
1802 3968 1895 4021 per
1943 3965 1993 4009 te
2020 3959 2093 4009 le-

518 4032 687 4101 gendo
720 4036 1032 4101 percurristi
1062 4052 1081 4089 .'
1107 4047 1162 4090 tu
1188 4047 1247 4091 ut
1277 4040 1436 4095 citius
1477 4046 1705 4112 reperias
1729 4048 1774 4099 si
1802 4047 1929 4117 quid
1955 4049 2009 4101 in
2031 4050 2097 4103 iis

514 4140 756 4194 quwras;
804 4131 931 4196 quin
976 4129 1136 4182 etiam
1169 4142 1226 4185 ut
1274 4132 1491 4202 facilius
1539 4142 1839 4208 assequaris
1886 4158 1947 4194 ea
1980 4159 2098 4212 qua:

516 4218 656 4285 [orte
682 4221 917 4273 nondum
950 4223 1299 4295 intelligentia
1325 4231 1633 4300 perceperis.

519 4405 826 4462 Theodorus
870 4413 1157 4479 presbyter,
1200 4414 1512 4493 descriptis
1560 4418 1622 4473 S.
1671 4419 1915 4493 Dionysii
1935 4427 2099 4480 Areo-

1151 4485 1345 4553 pagitte
1372 4487 1473 4558 (ὅ).

587 4569 788 4626 Lectus
835 4583 919 4628 est
953 4574 1224 4631 Theodori
1271 4580 1575 4651 presbyteri
1614 4582 1753 4640 liber
1786 4601 1895 4656 quo
1938 4588 2098 4644 docet

2805 1882 2818 1897 .
2861 1881 2875 1896 .
2916 1841 3078 1895 ἀλλὰ
3098 1839 3400 1910 περιττῆς.
3441 1881 3457 1897 .

2519 1882 2535 1898 .
2577 1838 2758 1904 εἶδος.
2805 1882 2818 1897 .
2861 1881 2875 1896 .
2916 1841 3078 1895 ἀλλὰ
3098 1839 3400 1909 περιττῆς.
3441 1881 3457 1897 .
3499 1881 3515 1897 .
3554 1842 3753 1909 τιμίας

2198 1934 2492 2005 μᾶλλονῆ
2535 1973 2550 1989 .
2592 1973 2607 1988 .
2648 1932 2901 2003 νομίζων
2921 1932 3077 1997 eiEi“.
3118 1972 3133 1988 .
3178 1971 3192 1985 .
3234 1931 3334 1985 δέ⁶
3356 1932 3457 1986 καὶ
3493 1931 3561 1987 τὸ
3593 1934 3788 1987 ποικί-

2199 2032 2333 2083 λον.
2379 2070 2393 2083 .
2438 2068 2454 2084 .
2493 2028 2597 2081 ἐντ
2620 2027 2872 2093 πολλοῖς
2902 2025 3002 2080 καὶ
3034 2025 3334 2092 πολλάκις
3365 2028 3477 2095 ὀρμ
3491 2025 3534 2079 ⁸.
3579 2066 3593 2080 .
3633 2063 3650 2079 .
3690 2024 3791 2079 καὶ

2199 2120 2383 2188 κόρον
2408 2121 2522 2173 οὐκ
2544 2114 2671 2172 οἵδε
2695 2118 2920 2171 τίκτειν
2946 2119 3034 2183 είς
3058 2116 3183 2186 μιθ.
3229 2157 3243 2171 .
3289 2154 3304 2170 .
3343 2118 3396 2170 εί
3428 2115 3497 2169 δέ
3523 2116 3624 2170 σοί
3645 2130 3791 2170 ποτε

2200 2214 2329 2267 κατ’
2353 2211 2506 2266 αὐτὰ
2536 2209 2836 2280 γενομένῳ
2860 2210 2931 2263 τὰ
2956 2210 3140 2277 τεύχη
3163 2208 3265 2262 καὶ
3292 2208 3790 2279 φιλοπονουμένφ

2198 2304 2335 2360 τινὰ
2377 2303 2726 2360 ὑποθέσεων
2765 2300 3031 2367 ἐλλιπῶς
3074 2300 3112 2370 ἢ
3157 2304 3269 2355 οὐκ
3315 2303 3405 2368 είς
3446 2300 3515 2354 τὸ
3552 2301 3789 2369 ἀκριϐές

2199 2397 2492 2463 δόξουσιν
2517 2394 3181 2465 ἀπομεμνημονεῦσθαι,
3214 2392 3411 2462 μηδὲν
3450 2392 3787 2461 θαυμάσῃς.

2197 2491 2357 2544 Μίαν
2384 2489 2495 2559 γὰρ
2518 2489 2789 2555 ἑκάστην
2804 2487 3027 2553 ,ϐίϐλον
3053 2485 3475 2555 ἀναλεγομένῳ
3501 2484 3617 2555 τὴν
3635 2486 3775 2540 ὑπό.

2199 2586 2371 2638 θεσιν
2391 2581 2725 2638 συλλαϐεῖν
2752 2578 2852 2634 καὶ
2881 2579 3092 2649 μνήμῃ
3130 2576 3229 2631 καὶ
3260 2576 3460 2647 γραφῇ
3488 2577 3791 2646 παραδοῦ-

2197 2694 2297 2731 ναι
2327 2677 2406 2742 ἀξ
2426 2678 2491 2731 ¹⁰.
2535 2714 2552 2731 .
2594 2717 2610 2732 .
2649 2678 2828 2745 ἔργον
2852 2673 2984 2728 ἐστὶ
3011 2671 3093 2738 τῷ
3114 2670 3471 2740 βουλομένῳ
3492 2688 3507 2704 ·
3544 2670 3693 2741 ὁμοῦ
3721 2670 3792 2724 δὲ

2200 2770 2515 2834 πλειόνων,
2555 2768 2655 2822 καὶ
2682 2768 2816 2821 τότε
2852 2766 3075 2835 χρόνου
3114 2763 3339 2834 μεταξὺ
3376 2762 3790 2832 διαρρυέντος,

2194 2865 2282 2929 είς
2315 2862 2664 2932 ἀνάμνησιν
2687 2860 2838 2929 μετὰ
2872 2856 2980 2912 τοῦ
3014 2856 3297 2926 ἀκριϐοῦς
3334 2855 3645 2925 ἐφικέσθαι
3676 2857 3791 2909 οὐκ

2195 2952 2353 3023 οἶμαι
2381 2953 2596 3023 ῥᾴδιον
2621 2947 2987 3021 εἶναι.Ἦμῖν
3018 2948 3085 3002 δέ
3116 2948 3174 3020 [4
3205 2948 3270 3003 G.
3299 2958 3355 3003 et
3396 2946 3485 3018 8.]
3510 2946 3606 3000 καὶ
3635 2946 3793 3000 ὅσον

2193 3045 2537 3106 ἐπιπολάζει
2566 3044 2686 3099 τῶν
2703 3042 3181 3113 ἀνεγνωσμένων
3206 3040 3304 3094 καί
3346 3038 3490 3095 οὐδὲ
3524 3040 3632 3103 τὰς
3667 3039 3791 3104 σὰς

2318 3140 2384 3194 τὸ
2408 3139 2730 3198 πρόχειρον
2753 3136 2902 3198 Ζσως
2939 3132 3304 3198 διαπέφευγε
3328 3133 3609 3198 μελέτας,
3644 3132 3794 3186 οὐδὲ

515 3132 757 3176 mimus,
780 3132 881 3163 nuc
912 3132 1004 3181 ego
1051 3132 1154 3166 non
1188 3132 1319 3167 aaeo
1350 3132 1581 3169 arottror
1615 3133 1724 3171 esse
1758 3132 1935 3189 ιαοιιε.
1968 3132 2091 3174 Jam

515 3219 634 3256 vero
676 3219 1002 3274 quiecunque
1047 3205 1102 3258 in
1139 3205 1287 3260 lectis
1326 3206 1436 3261 illis
1481 3209 1629 3263 libris
1680 3212 1834 3265 obvia
1874 3224 2016 3278 sunt,
2044 3224 2093 3266 et

2200 3140 2295 3195 διὰ
2318 3140 2384 3194 τὸ
2408 3139 2730 3209 πρόχειρον
2753 3136 2902 3202 Ζσως
2939 3132 3304 3203 διαπέφευγε
3328 3133 3609 3202 μελέτας,
3644 3133 3715 3186 οὑ

2200 3233 2433 3278 τούτοις
2453 3230 2569 3278 τὴν
2594 3230 2694 3278 ἐπὶ
2717 3227 2843 3278 τοῖς
2865 3227 3078 3278 ἄλλοις
3105 3225 3320 3278 όιιοίαν
3341 3222 3590 3278 ἐθέμεθα
3610 3239 3715 3278 avoc

2198 3233 2433 3299 τούτοις
2453 3230 2569 3299 τὴν
2594 3230 2694 3283 ἐπὶ
2717 3227 2843 3294 τοῖς
2865 3227 3078 3291 ἀλλοις
3105 3225 3320 3293 ὁμοίαν
3341 3222 3590 3292 ἐθέμεθα
3608 3239 3796 3293 φρον-

2199 3324 2353 3388 τίδα,
2385 3321 2547 3377 ἀλλὰ
2589 3320 2737 3374 κατὰ
2766 3320 2832 3373 τὸ
2863 3318 3148 3372 ἑκούσιον
3198 3314 3265 3368 τὸ
3304 3314 3548 3382 ἀκριϐὲς
3588 3312 3798 3367 αὐτῶν

2198 3414 2541 3484 ὑπερώφθη.
2582 3414 2648 3468 El
2679 3411 2746 3465 δέ
2786 3428 2841 3464 τι
2883 3410 2982 3464 καὶ
3022 3409 3179 3463 ἄλλο
3222 3405 3500 3476 χρειῶδες
3537 3405 3637 3459 καὶ
3679 3405 3799 3474 τῆς

2199 3507 2320 3577 σῆς
2343 3506 2635 3573 αἰτήσεως
2663 3504 2761 3558 ἐπὶ
2798 3504 2990 3557 πλέον
3026 3500 3157 3567 ταῖς
3179 3498 3511 3555 ὑποθέσεσι
3539 3514 3800 3553 συνεισ-

2200 3602 2423 3665 πίπτει,
2460 3600 2643 3666 αὑτὸς
2676 3598 2919 3669 μᾶλλον
2954 3594 3271 3660 συνήσεις.
3301 3592 3702 3662 Χρησιμεύσει
3728 3589 3800 3644 δέ

2200 3711 2300 3749 σοι
2329 3694 2610 3762 δηλονότι
2649 3693 2720 3746 τὰ
2760 3689 3125 3759 ἐκδεδομένα
3169 3688 3259 3753 εἷς
3302 3703 3367 3740 τε
3410 3683 3799 3755 κεφαλαιώδη

2197 3787 2445 3859 μνήμην
2480 3786 2578 3840 καὶ
2614 3783 2961 3853 ἀνάμνησιν
2991 3780 3112 3835 τῶν
3138 3779 3315 3833 εἷτε¹¹
3342 3778 3494 3831 κατὰ
3530 3777 3803 3831 σεαυτὸν

2200 3878 2654 3948 ἀναλεξάμενος
2691 3874 2971 3943 ἐπῆλθες,
2999 3872 3096 3926 καὶ
3142 3874 3229 3938 είς
3272 3870 3511 3939 ἕτοιμον
3550 3869 3800 3935 εὕρεσιν

2200 3972 2322 4026 τῶν
2349 3973 2420 4025 ἐν
2450 3969 2657 4036 αὐτοῖς
2684 3965 3183 4036 ἐπιζητουμένων,
3215 3964 3288 4017 οὐ
3329 3961 3459 4031 μὴν
3496 3959 3659 4014 ἀλλὰ
3696 3959 3799 4013 καὶ

2199 4069 2287 4133 είς
2329 4063 2765 4134 εὑχερεστέραν
2789 4060 3103 4126 ἀνάληψιν
3137 4054 3257 4109 τῶν
3296 4054 3463 4107 οὔπω
3506 4051 3621 4119 τὴν
3645 4049 3801 4104 ἀνά-

2200 4172 2431 4228 γνωσιν
2468 4154 2580 4222 τῆς
2616 4153 2738 4221 σῆς
2775 4153 3081 4213 συνέσεως
3123 4144 3535 4201 ὑπελθόντων.

2959 4328 3037 4379 Δ¹.

2205 4424 2511 4492 Θεοδώρου
2546 4419 2979 4492 πρεσϐυτέρου,
3010 4415 3370 4492 ὅτι-γνησία,
3408 4413 3447 4481 ή
3479 4410 3583 4467 τοῦ
3615 4411 3802 4480 ἁγίου

2704 4490 3026 4545 Διονυσίου
3050 4489 3288 4573 ϐίϐλος.

2278 4588 2343 4660 [1
2566 4584 2908 4656 Ἀνεγνώσθη
2943 4580 3218 4653 Θεοδώρου
3251 4575 3649 4649 πρεσϐυτέρου,
3703 4575 3795 4628 ὅτι.

1776 4703 2013 4760 ἾΛΒΙᾹΞ
2056 4703 2466 4763 LECTIONES.

587 4782 604 4813 ²
636 4781 820 4869 πλεῖον
854 4803 915 4869 ςε
947 4787 987 4842 ί·
1020 4801 1071 4843 (³ο
1099 4787 1327 4869 ,νυξεέιθ
1362 4808 1375 4845 :
1403 4807 1577 4869 _quam
1618 4796 1709 4869 ubi
1745 4797 2067 4867 simpliciter
2103 4812 2277 4869 pono,
2303 4806 2537 4866 recepta:
2564 4810 2596 4849 a
2630 4808 2716 4869 me
2745 4791 2999 4869 lectionis
3034 4796 3224 4843 auctor
3245 4796 3329 4843 est
3353 4786 3422 4841 A.

3533 4786 3554 4817 ²
3588 4782 3796 4857 ἀναφο]

515 4850 657 4935 hinc.
698 4854 750 4907 in
781 4857 827 4907 A
867 4858 1059 4940 altera
1099 4850 1290 4940 incipit
1336 4850 1547 4940 prima
1578 4850 2352 4940 paétné1‘olﬁduiiw‘Q'c‘uitis
2374 4850 2566 4922 ἢεί-ειη
2599 4866 2782 4940 primi,
2821 4865 3027 4940 maj_ore
3068 4875 3134 4913 ex
3169 4869 3324 4940 parte
3358 4857 3671 4940 membrana
3706 4850 3804 4936 re;

514 4924 951 5008 centicooperti,
1007 4928 1174 5008 ultra
1210 4924 1475 5008 principia
1533 4924 1793 5006 le‘gi'non
1846 4946 2098 5008 possunt.
2138 4938 2213 4994 lis
2263 4924 2433 5006 igitur
2485 4924 2619 5008 quoi
2657 4924 2849 4989 litterae
2903 4924 3093 5008 deesse
3145 4924 3494 5008 videbantur,
3530 4934 3607 4979 tot
3639 4926 3803 5008 posui

511 5003 735 5083 puncta.
762 4996 897 5083 Fiam
929 5013 1050 5083 Quae
1071 4996 1249 5083 editor
1277 4996 1730 5083 Βρμιρωεὲἕηείε
1755 4996 1994 5083 suffecit,
2017 5024 2116 5065 nec
2131 4996 2464 5083 sententiam
2496 4996 2726 5083 capient
2764 4999 3160 5083 ηθε,ει)²ιὲ,υιῐι,ο
3229 5001 3371 5083 ἀὶθαῖῗ

512 5065 609 5118 καὶ
657 5066 778 5120 κατ’
814 5065 1015 5121 οἰκεῖον
1071 5068 1235 5124 R01h-
1295 5066 1461 5148 εἶδος]
1516 5065 1656 5142 εἶδος
1704 5065 2096 5179 συνερὸἁὶίλειν
2130 5078 2295 5134 Roth.
2359 5077 2381 5110 ³
2408 5065 2979 5179 τιμίαξῙφιλοτιμίαξ.
3022 5069 3184 5125 Roth.
3261 5072 3284 5100 ⁸

513 5134 656 5179 εἶναι
690 5134 853 5179 ΒηΙΙι-
924 5140 946 5170 ⁸
974 5137 1087 5179 ἀὲι]
1122 5138 1258 5179 ἀρητι
1284 5140 1346 5179 τι.
1393 5143 1690 5179 Aman“...
1727 5148 1826 5179 n...
1975 5151 1995 5179 α
2022 5148 2102 5179 tm
2131 5167 2191 5179 ,ρ
2219 5149 2357 5179 ιιηιι.
2516 5146 2599 5179 sui
2633 5147 2853 5179 suomet
2884 5145 2995 5179 νλιη
3028 5144 3086 5179 ιν
3139 5138 3298 5179 Rmh-

513 5134 854 5222 eivatnﬂoth.
908 5140 946 5222 ,⁵
974 5137 1088 5222 agt]
1122 5138 1258 5222 ἀξιῶ
1284 5140 1372 5222 es“
1392 5134 1914 5222 dsitdcpgpéuimth.“
1975 5151 1995 5182 ⁸
2022 5148 2104 5222 δὲ]
2129 5167 2192 5222 fre
2217 5149 2382 5222 Both.

3452 4994 3806 5065 ἀναγράφειν

2516 5134 2853 5227 ὲνΪξξιποιεῗ
2884 5145 2995 5227 γὰρ
3020 5144 3086 5220 ἐν
3110 5226 3113 5227 ν
3136 5134 3400 5227 Βοιίξίρξ

511 5221 632 5292 ’ῗξνᾳ
658 5206 825 5292 Βρώ·
855 5277 866 5292 ,
908 5207 931 5237 ⁸
963 5206 1316 5292 μι]’μνήξιηκί
1334 5211 1499 5274 ROth.
1534 5206 1547 5220 ’
1577 5206 1624 5252 ’δ
1644 5219 1762 5292 ἀξ.]
1782 5220 2063 5289 ἀξιόλογον
2084 5206 2104 5222 ⁴
2126 5219 2290 5275 Itotlt.
2330 5219 2426 5272 καὶ
2454 5206 2600 5270 τότε⁴
2635 5206 2679 5272 ἱξ
2718 5232 2769 5271 e.
2821 5206 2917 5269 udi.
2946 5206 3142 5265 ταῦτα.
3196 5208 3401 5281 μεταξὺ
3431 5206 3477 5261 Ᾱ
3526 5223 3541 5261 :
3599 5209 3701 5289 μὲν
3737 5221 3805 5268 ς.

518 5274 559 5304 ¹¹
583 5278 718 5350 circa]
749 5296 817 5335 an
852 5274 1139 5350 legendum
1164 5274 1316 5334 εῖτὶἳ

586 5393 606 5412 ‘
632 5386 856 5446 Numeri
884 5390 1120 5448 Romani
1154 5391 1372 5449 codices
1404 5403 1820 5465 repraesentant.
1899 5394 1937 5414 “
1960 5392 2093 5463 Pag.
2131 5395 2262 5449 edit.
2292 5393 2519 5449 Hoesch.

2034 5485 2271 5541 NOTAE.

587 5572 761 5646 (2)](1
787 5585 893 5639 est,
927 5575 1053 5632 279.
1087 5575 1244 5644 Quod
1279 5585 1458 5631 autem
1490 5576 1544 5631 in
1571 5575 1748 5632 Indice
1776 5575 1970 5633 (ἔπεεο
2010 5586 2097 5633 σπ¹

515 5643 611 5703 seu
645 5643 775 5705 280.
810 5657 994 5701 notata
1022 5643 1398 5718 reperiantur,
1440 5648 1490 5701 id
1528 5663 1596 5718 es
1633 5664 1698 5704 eo
1726 5648 1984 5705 fortassis
2006 5666 2099 5706 ac-

512 5718 665 5837 ciditl,
696 5718 840 5796 quod
864 5718 938 5772 ibi
969 5726 1027 5773 ut
1055 5717 1278 5790 apparet
1314 5717 1424 5785 30',
1448 5734 1495 5773 s.
1535 5717 1626 5783 89,
1657 5733 1917 5774 numerus
1938 5723 2105 5776 omis-

514 5804 606 5837 sus
659 5797 818 5837 uet'll.

514 5804 606 5842 SIIS
636 5797 818 5838 ΙυθΙΊι.

2283 5580 2361 5652 (3)
2401 5579 2663 5652 Esstaret
2705 5579 2912 5636 utinam
2965 5577 3289 5652 Theodorus
3325 5578 3453 5642 iste,
3508 5576 3585 5631 De
3618 5575 3817 5652 legiti-

2212 5651 2317 5728 mis
2341 5648 2410 5728 Β.
2446 5649 3266 5728 liionysiiAreopagitaejibris,
3296 5658 3391 5703 aut
3409 5648 3810 5728 quamvetletn

2216 5723 2342 5798 inde
2375 5723 2434 5773 ὲν
2472 5715 2708 5791 ἐπιτομῇ
2745 5715 3018 5798 _exs3erpta
3065 5720 3315 5783 Pltotius,
3359 5715 3441 5798 ut
3466 5715 3593 5798 alibi
3621 5716 3815 5772 minus

2212 5792 2448 5857 fortasse
2482 5788 2816 5855 necessaria,
2864 5800 3337 5859 repraesentasset.
3361 5788 3629 5853 Quoniam
3670 5801 3815 5844 vero

3457 5064 3542 5138 ον]
3563 5134 3581 5138 _
3591 5064 3808 5138 μᾶλλον
3838 5124 3854 5133 .
3888 5114 3897 5125 ,
