4030 6468
383 339 450 400 47
1555 339 1819 399 PHOTII
1858 340 1967 399 PX

2081 340 2369 400 CARCHXE
2410 342 2522 402 Cl‘.
3601 335 3679 399 48

380 448 670 505 Anastasio
721 449 1049 517 imperatore
1096 445 1303 515 legatus
1352 445 1548 511 fuerat,
1586 457 1637 501 et
1682 448 1829 517 pacis
1867 446 1967 500 loe-

2081 447 2333 518 νημένου,
2361 448 2499 519 πρὸς
2536 448 2593 499 ὃν
2638 448 2666 499 ὁ
2702 444 2970 499 Νοννόσου
3007 445 3231 507 πάππος
3261 443 3680 514 ἐπρεσϐεύσατο

382 545 512 597 dera
545 554 827 596 sanxerat.
844 540 981 608 Quin
1008 548 1063 595 et
1088 538 1323 596 Nonnosi
1346 540 1709 612 pater,cui_(4)
1736 541 1970 597 Ahramo

386 649 604 697 nomen,
642 632 708 686 ad
760 632 1193 687 Alamundarum
1224 633 1538 712 praefectum
1571 633 1967 689 Saracenorum

381 736 567 779 orator
596 725 887 795 aliquando
910 724 1203 795 profectus,
1226 725 1362 781 duos
1384 727 1748 781 Romanorum
1779 727 1965 789 duces,

385 815 776 868 Timostralnm
808 826 973 883 atque
1000 815 1289 881 Joannem,
1324 817 1444 870 belli
1481 818 1603 887 jure
1626 827 1831 887 captos,
1862 836 1966 873 una

386 905 650 970 liberavit,
680 904 891 959 Justino
924 907 1235 974 imperatori
1271 906 1322 960 iu
1348 906 1578 962 ducibus
1603 909 1688 962 his
1728 908 1967 964 liberan-

384 1004 467 1057 dis
510 1005 882 1058 subserviens.
919 1003 1089 1058 Porro
1131 1002 1345 1063 Kaisns,
1377 1006 1442 1058 ad
1480 1019 1640 1073 quem
1683 1002 1968 1059 Nonnosus

385 1095 604 1160 missus,
644 1096 853 1151 duabus
900 1106 1132 1166 praeerat
1178 1098 1430 1166 gentibus
1475 1096 1615 1167 apud
1666 1097 1969 1152 Saracenos

383 1189 720 1253 clarissimis,
766 1188 1055 1244 Chiudiuis
1097 1199 1151 1244 et
1208 1188 1507 1244 Maadeuis.
1555 1188 1636 1243 Ad
1678 1205 1837 1259 quem
1886 1191 1968 1259 ip-

385 1295 502 1334 Sttm
530 1282 758 1335 Kaisum
794 1278 1031 1335 Nonnosi
1068 1295 1281 1351 quoque
1321 1291 1492 1349 pater,
1531 1290 1818 1350 antequam
1851 1281 1969 1335 hzec

383 1372 646 1428 Nonuoso
703 1373 899 1443 legatio
931 1375 1307 1439 mandaretur,
1350 1389 1378 1428 a
1418 1372 1725 1429 Justiniauo
1771 1374 1969 1428 missus

384 1474 515 1519 est:
562 1468 820 1533 pacisque
878 1463 1082 1520 ftedera
1142 1465 1213 1519 ita
1262 1466 1563 1530 constituit,
1602 1474 1661 1519 ut
1715 1464 1863 1519 Kaisi
1911 1465 1971 1517 ti-

382 1556 537 1622 lium,
562 1557 789 1610 lllaviam
811 1558 1049 1622 nomine,
1082 1558 1323 1612 obsidem
1350 1558 1643 1627 acceperit,
1676 1566 1730 1613 et
1756 1557 1967 1629 Byzan-

386 1649 518 1701 tiqu
574 1648 642 1701 ad
698 1646 1060 1702 Justiuianum
1103 1650 1407 1703 adduxerit.
1452 1649 1582 1703 Post
1611 1665 1731 1717 quae
1770 1648 1967 1714 duplici

382 1738 673 1795 Nonnosns
707 1741 931 1795 nomine
974 1741 1183 1810 legatus
1221 1742 1424 1797 missus
1454 1754 1537 1796 est
1569 1760 1580 1795 :
1608 1742 1705 1811 2b
1744 1740 1810 1796 Ut
1840 1740 1969 1794 Kai~

2076 540 2230 610 παρὰ
2262 539 2618 593 Ἀναστασίου
2645 539 2765 591 τότε
2798 537 3172 608 βασιλεύοντος
3198 537 3547 602 ἀποσταλεὶς,
3578 539 3677 590 καὶ

2074 632 2144 685 τὰ
2175 630 2309 703 πρὸς
2352 634 2579 702 εἰρήνην
2622 630 2936 684 ἐσπείσατο.
2971 632 3047 684 Ού
3081 631 3188 702 μὴν
3216 630 3355 685 ἀλλά
3389 632 3482 683 καὶ
3510 634 3536 683 ὀ
3565 646 3678 681 7::—

2076 723 2181 796 τὴρ
2225 724 2494 779 Νοννόσου
2537 724 2856 795 (Ἁϐράμης
2890 722 2947 792 12
2978 722 3076 795 Η.]
3105 723 3149 776 δ’
3176 719 3244 794 ἦν
3273 723 3423 793 αὐτῷ
3454 724 3622 795 ὄνομα
3651 723 3674 794 )

2076 818 2213 889 πρὸς
2249 816 2683 890 Ἀλαμούνδαρον
2707 818 2985 890 φύλαρχον
3008 820 3346 889 Σαρακηνῶν
3370 820 3675 888 ἑπρεσϐειζο

2077 925 2248 972 σατο,
2300 912 2394 963 καὶ
2440 909 2533 963 δύο
2580 913 2915 982 στρατηγοὺς
2955 911 3266 981 Ῥωμαίων,
3293 912 3677 983 Τιμόστρατον

2078 1002 2173 1055 καὶ
2211 1002 2488 1074 Ἰωάννην,
2538 1003 2689 1075 νόμῳ
2734 1003 2974 1070 πολέμου
3007 1005 3410 1076 συλληφθέντας
3462 1005 3676 1059 ἀνεσώ-

2080 1112 2241 1149 σατοθ
2282 1096 2551 1165 Ἰουστίνῳ
2598 1097 2655 1151 δὲ
2700 1096 2778 1167 τῷ
2828 1097 3040 1167 βασιλεῖ
3077 1097 3175 1169 τὴν
3204 1098 3313 1151 τῶν
3347 1099 3679 1173 στρατηγῶν

2075 1184 2379 1255 διηκονεῖτο
2430 1187 2759 1258 ἀνάρρησιν.
2798 1187 2856 1239 '0
2907 1187 3088 1258 μέντοι
3140 1188 3364 1253 Κάῖσος,
3424 1189 3561 1259 πρὸς
3609 1189 3677 1243 ὃν

2079 1276 2359 1331 ἐστέλλετο
2387 1278 2674 1343 Νὸννοσος,
2708 1277 2802 1332 δύο
2829 1278 3005 1348 γενῶν
3030 1280 3219 1349 ἡγεῖτο
3248 1280 3356 1333 τῶν
3382 1282 3529 1350 παρὰ
3556 1285 3673 1345 τοῖς

2077 1370 2417 1440 Σαρακηνοῖς
2447 1372 2887 1442 ἐπισημοτάτων,
2933 1371 3211 1441 Χινδηνῶν
3235 1373 3277 1403 ¹⁶
3312 1374 3405 1425 καὶ
3438 1373 3672 1442 Μααδη-

2078 1463 2205 1517 νῶν.
2245 1463 2387 1532 Πρὸς
2415 1464 2605 1516 τοῦτον
2631 1462 2695 1535 δὴ
2719 1462 2811 1516 τὸν
2842 1464 3048 1516 Κάῖσον
3078 1463 3172 1516 καὶ
3198 1465 3227 1517 ὀ
3260 1464 3527 1518 Νοννόσου
3562 1483 3676 1518 πα-

2076 1555 2201 1624 τὴρ,
2235 1554 2367 1625 πρὶν
2396 1554 2428 1625 ἢ
2468 1555 2733 1608 Νόννοσον
2760 1555 3086 1625 πρεσϐεύειν
3118 1556 3424 1627 αἱρεθῆναι,
3446 1556 3674 1611 Ἰουστι-

2076 1644 2262 1699 νιανοῦ
2316 1647 2625 1716 πέμποντος
2671 1647 2980 1701 ἀπέσταλτο
3038 1647 3133 1701 καὶ
3181 1649 3468 1719 είρηνικάς
3516 1649 3675 1703 ἔθετο

2079 1735 2333 1801 σπονδὰς,
2368 1735 2509 1789 ὥστε
2543 1736 2753 1789 καὶτὸν
2784 1736 2899 1789 υἱὸν
2930 1739 3138 1792 Καῖσου
3172 1739 3423 1809 (Manta;
3452 1740 3507 1793 δὲ
3540 1742 3674 1793 ἑκαο

384 1848 525 1898 sum,
554 1832 596 1887 si
631 1841 831 1901 posset,
866 1833 933 1887 ad
964 1834 1346 1903 imperatorem
1367 1834 1687 1887 adduceret:
1723 1834 1859 1887 etad
1890 1832 1965 1900 (ὅ)

2081 1828 2239 1900 λεῖτο)
2271 1831 2457 1901 ὅμηρα
2480 1830 2665 1884 λαϐεῖν
2691 1830 2785 1883 καὶ
2814 1831 2950 1901 πρὸς
2967 1833 3345 1886 Ἰούστινιανὲν
3376 1834 3431 1896 ὲς
3461 1834 3672 1897 Βυζάν-

387 1926 809 1979 Auxumitarum
857 1943 1037 1997 regem
1101 1926 1208 1995 (cui
1248 1926 1393 1995 genti
1433 1926 1513 1995 (6)
1544 1924 1801 1980 Elesbaas
1844 1936 1967 1979 tunc

384 2015 658 2085 przecrat),
696 2016 936 2086 itemque
975 2016 1041 2071 ad
1071 2015 1148 2089 (7)
1178 2014 1488 2071 Homeritas
1511 2016 1965 2084 proﬁcisceretur.

383 2108 647 2161 Anxumis
694 2122 988 2178 permagna
1028 2117 1115 2163 est
1148 2110 1361 2173 civitas,
1398 2117 1451 2161 et
1484 2109 1638 2177 quasi
1671 2106 1968 2177 [Ethiopiaa

388 2199 553 2253 totius
601 2198 936 2268 metropolis,
971 2200 1144 2269 magis
1191 2201 1257 2253 ad
1300 2200 1579 2253 meridiem
1611 2211 1664 2251 et
1701 2202 1965 2253 orientem

386 2306 813 2361 \ergcus,qttattt
843 2290 1143 2346 Romanum
1165 2292 1474 2361 imperium.
1512 2291 1796 2345 Nonuosus
1816 2308 1966 2357 vero,

385 2380 569 2434 multis
599 2382 837 2451 gentium
873 2384 1146 2453 superatis
1189 2384 1401 2439 insidiis
1449 2384 1794 2453 ferarumque
1826 2386 1969 2454 peri-

384 2472 519 2527 culis
551 2472 771 2543 (przeter
793 2474 891 2528 viae
915 2475 1276 2540 incommoda,
1313 2477 1591 2547 multaque
1622 2477 1961 2544 discrimina,

386 2564 437 2616 iu
470 2579 589 2633 qua:
608 2579 979 2633 smpeuutnero
1010 2566 1248 2637 incidit),
1275 2576 1456 2622 tamen
1492 2584 1612 2638 quae
1647 2569 1814 2624 voluit
1840 2585 1970 2636 per-

382 2656 531 2723 fecit,
573 2667 627 2711 et
659 2657 839 2711 salvus
865 2669 951 2712 est
979 2659 1171 2727 patriae
1200 2660 1464 2715 redditus.

2076 1938 2192 1975 τιον
2222 1922 2580 1991 ἀποκομίσαι.
2613 1921 2750 1975 Μεθ’
2778 1921 2838 1975 ὂν
2871 1923 3061 1993 χρόνον
3086 1923 3490 1995 ἐπρεσϐεύσατο
3524 1925 3669 1977 Νόν-

2075 2030 2230 2077 νοσος
2261 2014 2353 2067 ἐπὶ
2380 2013 2500 2065 δυσὶ
2528 2013 2758 2079 τούτοις,
2796 2015 3018 2078 Κάῖσον,
3050 2017 3097 2067 εί
3127 2016 3373 2081 δυνατὸν,
3400 2016 3537 2086 πρὸς
3566 2019 3671 2085 βα-

2078 2104 2235 2159 σιλέα
2264 2106 2514 2174 ἀγαγεῖν,
2545 2107 2640 2159 καὶ
2678 2106 2814 2177 πρὸς
2838 2106 2928 2160 τὸν
2954 2106 3062 2159 τῶν
3086 2107 3440 2178 Αὺξουμιτῶν
3474 2109 3675 2177 ἀφικέ-

2079 2196 2202 2249 σθαι
2220 2195 2284 2267 βπ
2296 2197 2445 2250 σιλέα
2463 2198 2481 2267 (
2499 2198 2792 2261 Ἐλεσϐαᾶς
2808 2198 2850 2229 ¹⁷
2867 2198 2922 2251 δὲ
2941 2200 3062 2252 τότε
3079 2200 3301 2269 ὲκράτει
3319 2200 3409 2253 τοῦ
3431 2199 3669 2270 ἔθνους),

2078 2289 2338 2361 καὶπρὸς
2378 2290 2591 2355 τούτοις
2641 2292 2734 2344 καὶ
2766 2293 2846 2354 είς
2875 2292 3002 2356 τοὺς
3036 2292 3326 2363 ’Λμερίτας
3359 2295 3675 2363 παραγενέ-

2077 2384 2223 2438 σθαι.
2246 2383 2309 2437 Ἦ
2331 2385 2387 2437 δὲ
2417 2384 2690 2455 Λῦξουμις
2723 2386 2879 2448 πόλις
2905 2385 3024 2439 ἐστὶ
3050 2385 3281 2458 μεγίστη
3311 2387 3406 2440 καὶ
3426 2381 3538 2439 οἷον
3569 2404 3674 2457 μηο

2073 2477 2330 2547 τρόπολις
2358 2478 2455 2547 τῆς
2484 2477 2614 2547 ὅλης
2643 2477 2951 2543 Αἰθιοπίας,
2984 2481 3158 2532 κεῖται
3181 2478 3239 2533 δὲ
3272 2480 3668 2551 μεσημϐρινω-

2073 2568 2210 2639 τέρα
2245 2568 2341 2621 καὶ
2375 2568 2824 2641 ἀνατολικωτέρα
2865 2571 2965 2641 τῆς
2994 2571 3282 2641 Ῥωμαίων
3307 2572 3502 2642 ἀρχῆς.
3521 2572 3578 2625 Ὀ
3607 2572 3673 2625 δὲ

2076 2660 2341 2726 Νόννοσος
2375 2662 2577 2725 πολλὰς
2610 2664 2709 2733 μὲν
2738 2663 3029 2727 ἐπιϐουλὰς
3053 2664 3225 2717 ὲθνῶν
3256 2666 3515 2733 ύποστάς,
3544 2667 3674 2719 πολ-

382 2754 481 2816 λάς
512 2753 569 2807 δὲ
599 2754 806 2827 θηρίων
831 2754 1211 2826 χαλεπότητας
1241 2755 1395 2829 παρά
1421 2756 1519 2827 τὴν
1550 2758 1687 2823 ὁδὸν,
1708 2758 1804 2812 καὶ
1838 2757 2063 2820 πολλαῖς
2130 2757 2464 2829 δυσχωρίαις
2519 2759 2614 2811 καὶ
2658 2760 2917 2830 ἀπορίαις
2984 2760 3249 2823 πολλάκις
3312 2760 3633 2831 περιπεσὼν
3652 2802 3665 2822 ,

382 2849 534 2921 ὅμως
563 2849 655 2902 καὶ
679 2851 748 2903 τὰ
771 2848 1000 2914 δόξαντα
1026 2849 1337 2915 ἐξετέλεσεν
1367 2852 1460 2904 καὶ
1490 2850 1628 2914 σῶος
1657 2854 1721 2922 τῇ
1753 2850 1972 2921 πατρίδι
2010 2850 2345 2905 ἀποδίδοται.

455 2964 681 3019 Kaisum
725 2964 910 3031 refert,
954 2966 1124 3021 misso
1176 2966 1370 3021 iterum
1416 2968 1653 3022 Abramo
1702 2970 1769 3020 ad
1818 2967 1965 3020 illum

385 3058 598 3128 legato,
696 3048 1011 3129 Byzantium
1084 3057 1386 3127 profectum
1457 3073 1613 3124 esse,
1696 3074 1966 3127 suamque

385 3150 764 3216 prmfecturam
801 3148 1006 3203 Ambro
1040 3159 1094 3202 et
1135 3146 1322 3202 Jezido
1357 3149 1616 3203 fratribus
1665 3150 1917 3207 divisisse
1950 3169 1964 3205 :

385 3243 562 3310 ipsum
594 3255 724 3294 vero
761 3239 1064 3294 Palaestina:
1114 3240 1491 3309 praefecturam
1528 3241 1597 3295 ab
1640 3240 1967 3311 imperatore

383 3333 870 3389 administrandam
897 3334 1222 3403 suscepisse,
1278 3333 1652 3405 infinitamque
1687 3337 1965 3391 hominum

387 3428 729 3483 subditormn
766 3442 951 3480 secum
986 3427 1385 3480 multitudinem
1418 3428 1657 3483 duxisse.

457 3518 585 3584 Quae
626 3532 770 3571 nunc
800 3516 1044 3570 sandalia
1086 3517 1250 3577 dicta,
1285 3517 1497 3587 arhylas
1532 3518 1833 3589 appellasse
1882 3535 1973 3575 ve-

389 3622 530 3662 teres
561 3608 637 3663 ait
673 3626 686 3663 :
722 3619 776 3661 et
807 3607 887 3678 (8)
919 3607 1221 3677 φακιόλιον,
1250 3608 1516 3677 φασὼλιν.

457 3699 877 3766 S‘aracenorum,
919 3700 1015 3765 ait,
1050 3700 1315 3771 plerique,
1361 3713 1469 3756 tam
1495 3703 1585 3771 qui
1614 3702 1692 3774 (9)
1721 3704 1773 3758 in
1806 3704 1970 3760 PIICP-

386 3793 600 3855 nicone,
642 3806 804 3860 quam
852 3791 945 3860 qui
986 3792 1123 3845 ultra
1162 3792 1543 3849 thnicunem
1577 3806 1631 3850 et
1668 3795 1968 3862 Taureuos,

384 3898 522 3953 quos
556 3892 753 3939 vocant
804 3893 1019 3938 montes
1065 3886 1266 3955 degunt
1300 3887 1436 3958 (10),
1472 3889 1645 3943 locum
1677 3892 1969 3959 quemdam

384 3992 485 4049 pro
530 3990 691 4032 sacro
758 3977 995 4038 habent.
1046 3979 1205 4032 alicui
1257 3980 1481 4034 deormn
1542 3994 1967 4038 consecratum:

386 4082 494 4135 quo
525 4068 609 4122 bis
646 4068 937 4137 quotannis
974 4070 1329 4123 conveniunt.
1364 4071 1568 4125 Horum
1601 4084 1966 4128 conventuum

388 4161 632 4229 ipsorum
667 4160 804 4215 alter
835 4176 1078 4215 mensem
1107 4161 1265 4215 durat
1291 4163 1580 4235 integrum,
1621 4166 1688 4219 ad
1729 4166 1965 4221 medium

387 4252 502 4308 fere
546 4267 662 4319 ver,
698 4253 915 4323 quando
949 4254 1115 4307 Tauri
1161 4255 1376 4322 signum
1416 4256 1497 4310 sol
1534 4256 1588 4311 in
1631 4259 1853 4314 zodiaco
1885 4268 1967 4314 te-

386 4353 477 4398 net
510 4363 523 4399 :
566 4343 707 4399 alter
738 4357 868 4398 vero
907 4345 958 4396 in
999 4344 1136 4399 duos
1177 4346 1380 4401 alteros
1409 4361 1622 4403 menses
1650 4350 1967 4403 extenditur

386 4446 673 4506 agiturque
690 4444 811 4505 post
852 4436 1099 4490 a‘stivum
1142 4437 1453 4492 solstitium.
1499 4437 1555 4493 In
1586 4440 1692 4505 his,
1714 4442 1810 4506 ait,
1838 4457 1969 4496 con-

382 4526 635 4581 ventibus
665 4539 876 4579 summa
922 4526 1063 4592 viget
1087 4525 1471 4594 tranquillitas,
1501 4543 1607 4583 non
1636 4530 1807 4584 solum
1827 4532 1969 4586 inter

385 4617 550 4688 ipsos,
581 4621 677 4672 sed
711 4627 767 4671 et
797 4633 920 4672 cum
944 4618 1200 4673 omnibus
1230 4620 1478 4676 advenis.
1510 4621 1647 4687 Quin
1682 4622 1844 4677 etiam
1890 4624 1967 4678 fe-

2150 2965 2272 3018 Ὂτι
2303 2966 2506 3029 Κάῖσος
2544 2965 2822 3035 Ἀϐράμου
2854 2966 3018 3020 πάλιν
3042 2968 3177 3037 πρὸς
3202 2968 3366 3021 αὑτὸν
3395 2971 3671 3041 πρεσϐεύ-

2076 3074 2269 3121 σαντος
2304 3058 2441 3127 πρὸς
2462 3058 2524 3110 τὸ
2549 3060 2843 3123 Βυζάντιον
2866 3061 3252 3130 παραγίνεται,
3276 3064 3370 3115 καὶ
3396 3064 3495 3135 τὴν
3528 3066 3674 3121 ίδίαν

2074 3150 2379 3220 φυλαρχίαν
2406 3150 2639 3221 ’Δμϐρῳ
2670 3154 2762 3204 καὶ
2796 3152 2997 3225 Ἰεςίδῳ
3028 3157 3143 3217 τοῖς
3185 3155 3437 3224 ἀδελφοῖς
3465 3158 3634 3212 διανει
3656 3190 3671 3198 -

2076 3242 2319 3312 μὰμενος
2371 3244 2534 3306 αὐτὸς
2584 3247 2683 3315 τὴν
2735 3244 3112 3299 Παλαιστινῶν
3161 3250 3461 3319 ἡγεμονίαν
3515 3253 3675 3323 παρὰ

2075 3335 2341 3406 βασιλέως
2384 3338 2634 3403 ἐδέξατο,
2666 3339 2873 3409 πλῆθος
2908 3340 3042 3393 πολὺ
3070 3342 3182 3396 τῶν
3210 3344 3673 3417 ὑποτεταγμένων

2076 3428 2225 3498 αύτῷ
2266 3430 2365 3483 σὺν
2404 3430 2554 3500 αὑτῷ
2592 3432 2953 3500 ἑπαγόμενος.

2150 3522 2271 3575 Ὅτι
2318 3522 2387 3575 τὰ
2431 3523 2711 3587 σανδάλια,
2742 3525 2910 3592 φησὶ,
2944 3525 3062 3577 νυνὶ
3081 3526 3369 3595 λεγόμενα,
3422 3529 3670 3599 ἀρϐύλας

2076 3611 2263 3681 ἔλεγον
2298 3614 2348 3666 oi
2388 3614 2643 3677 παλαιοὶ,
2683 3614 2777 3668 καὶ
2814 3615 2877 3667 τὸ
2915 3616 3195 3685 φακιόλιον
3234 3619 3556 3688 φασώλιν¹⁸.

2148 3706 2269 3758 Ὅτι
2307 3705 2416 3757 τῶν
2448 3706 2780 3777 Σαρακηνῶν
2805 3708 2855 3759 οἱ
2883 3709 3157 3775 πλεῖστοι,
3190 3711 3247 3764 οῖ
3269 3726 3328 3763 τε
3354 3714 3412 3764 ὲν
3438 3712 3516 3785 τῷ
3544 3715 3675 3766 Φοι-

2075 3797 2263 3851 νικῶνι
2294 3798 2388 3850 καὶ
2412 3799 2461 3851 οἱ
2500 3796 2592 3850 τοῦ
2623 3799 2947 3863 Φοινικῶνος
2983 3801 3081 3854 καὶ
3110 3803 3220 3855 τῶν
3246 3805 3671 3874 ὀνομαζομένων

2074 3894 2376 3964 Ταυρηνῶν
2419 3895 2562 3965 ὀρῶν
2608 3896 2897 3960 ἐπέκεινα,
2930 3898 3073 3969 ἱερόν
3102 3916 3155 3951 τι
3185 3901 3386 3972 χωρίον
3414 3900 3674 3973 νομίζουφ

2076 4004 2181 4053 σιν,
2212 3988 2388 4059 ότῳδὴ
2419 3988 2558 4043 θεῶν
2587 3990 2899 4057 ἀνειμένον,
2931 3992 3027 4045 καὶ
3048 3991 3284 4047 ἐνταῦθα
3314 3994 3671 4063 συλλέγονται

2074 4079 2195 4131 κατ’
2229 4079 2475 4133 ἐνιαυτὸν
2504 4079 2737 4134 ἕκαστον
2770 4075 2977 4143 δίς.Ὦν
3012 4082 3111 4153 τὴν
3144 4083 3245 4152 μὲν
3276 4083 3384 4136 τῶν
3417 4085 3674 4155 πανηγύ-

2074 4186 2214 4240 ρεων
2252 4170 2434 4223 αὐτῶν
2481 4170 2589 4242 μὴν
2618 4171 2737 4233 ὅλος
2762 4173 2803 4203 ¹⁹
2837 4174 3029 4243 μετρεῖ
3076 4174 3438 4242 παρατείνων,
3475 4175 3672 4246 σχεδόν

2072 4277 2174 4313 που
2223 4259 2315 4313 τοῦ
2369 4260 2530 4332 ἔαρος
2580 4262 2723 4316 κατά
2752 4262 2813 4315 τὸ
2849 4263 3012 4331 μέσον
3058 4264 3413 4337 τελουμένην,
3448 4268 3537 4321 ὅτε
3570 4266 3673 4320 τὸν

2072 4353 2282 4425 Ταῦρον
2308 4356 2397 4407 ὁ²⁰
2432 4355 2584 4425 ἥλιος
2616 4355 3029 4427 ἐπιπορεύεται.
3047 4357 3109 4409 Ἦ
3136 4356 3193 4409 δὲ
3227 4357 3391 4429 ἑτέρα
3416 4361 3671 4430 πανήγυ-

2075 4464 2160 4517 ρις
2186 4447 2309 4500 δυσὶ
2350 4446 2484 4519 μησὶ
2513 4450 2942 4519 παρατείνεταιῖ
2977 4450 3117 4519 μετά
3148 4449 3367 4519 θερινὰς
3384 4454 3424 4484 ¹¹
3454 4453 3672 4523 τροπὰς

2070 4539 2264 4607 ἄγουσι
2296 4538 2524 4610 ταύτην.
2544 4541 2632 4593 Ἐν
2662 4540 2909 4607 ταύταις,
2937 4543 3106 4613 φησὶ,
3134 4545 3255 4607 ταῖς
3282 4545 3673 4613 πανηγύρεσιν

2070 4630 2254 4685 πᾶσαν
2272 4628 2497 4698 ἄγουσιν
2514 4632 2757 4702 εἰρήνην,
2777 4632 2837 4684 ού
2861 4631 2999 4701 πρὸς
3027 4632 3291 4702 ἀλλήλους
3317 4633 3501 4704 μόνον,
3524 4634 3674 4691 ἀλλὰ

386 4724 475 4765 ras
521 4724 646 4765 cum
700 4709 1036 4777 hominibus,
1085 4728 1188 4764 uou
1236 4722 1441 4766 tantum
1488 4713 1628 4769 inter
1659 4731 1739 4782 se,
1776 4728 1967 4785 pacate

2081 4723 2171 4777 καὶ
2221 4723 2359 4796 πρὸς
2412 4725 2660 4788 ἅπαντας
2704 4725 2833 4788 τοὺς
2879 4724 3245 4795 ἐνδημοῦντα,
3298 4727 3621 4799 ἀνθρώπους
3648 4744 3666 4762 ο

1689 4832 1923 4913 vanus
1965 4859 2379 4920 LECTIONES.

456 4992 499 5022 ¹⁴
532 4993 782 5063 χινδίνων
813 5011 872 5059 ς.
934 4997 975 5027 ⁸⁷
1006 4997 1267 5061 ἐλεσϐαάς
1318 4995 1403 5048 vel
1456 4996 1715 5059 ὲλεοϐαὰς
1752 4999 1791 5049 Α

384 5082 436 5133 ῃ.
472 5066 623 5117 1411.
734 5064 775 5094 ¹⁹
804 5066 937 5128 ὅλως
973 5085 1032 5131 ς.
1113 5067 1158 5097 ¹⁰
1192 5070 1219 5120 ὁ
1250 5084 1358 5121 om.
1389 5085 1449 5131 ς.

1854 5015 1867 5050 :
1919 4997 2149 5062 ὲλεϐαᾶς
2188 5018 2249 5064 ς’.

1532 5068 1571 5095 ει
1608 5079 1727 5133 post
1767 5068 1987 5137 θερινὰς
2014 5084 2136 5123 cum
2167 5071 2206 5123 A
2233 5072 2390 5126 omisi
2413 5068 2491 5129 δέ.

2357 5002 2399 5079 ¹ξ¹
2419 5003 2704 5079 Διρασώλιν]
2753 5010 3068 5075 φασκιόλιον
3118 5012 3331 5067 Suicer.
3387 5010 3552 5065 Thes.
3592 5014 3662 5079 ll,

1917 5206 2145 5263 NOTAE.

456 5310 533 5389 (ὁ)
560 5310 658 5365 ilic
689 5312 1613 5389 Ahrahamius(quinquesyllabis)
1644 5318 1726 5371 vir
1769 5321 1887 5387 pius
1909 5333 1962 5375 et

384 5383 664 5461 presbiter
710 5384 1022 5461 nominatur
1060 5383 1296 5461 iii—Actis
1340 5383 1410 5444 SI
1456 5391 1671 5445 Arethte
1710 5383 1963 5461 martyris

385 5453 526 5519 apud
560 5454 684 5507 Sur.
719 5454 932 5517 tom.V,
959 5456 1030 5510 24
1060 5455 1250 5511 Octob.

456 5521 537 5661 (5)
567 5523 641 5576 De
658 5524 852 5592 quibus
874 5524 1166 5595 Nicephur.
1189 5528 1279 5582 lib.
1311 5545 1443 5596 xvu,
1477 5546 1595 5600 cap.
1628 5530 1717 5586 δί.

478 5591 533 5658 6)
559 5592 721 5661 Cujus
755 5595 959 5649 mentio
1001 5597 1052 5651 in
1082 5597 1141 5651 S.
1178 5598 1395 5655 Arethte
1410 5603 1561 5656 Actis
1594 5618 1717 5661 sun.

478 5591 534 5672 Si)
559 5591 959 5672 Cujus_mentio
1001 5591 1052 5651 i'n
1082 5597 1141 5651 S.
1178 5598 1395 5655 Arethte
1410 5591 1561 5656 Actis
1594 5618 1718 5672 sup.
1749 5602 1959 5668 citatis,

385 5668 442 5716 et
465 5662 696 5735 Δεδίιεεξμιυ.
735 5664 827 5718 Ιιι).
856 5681 989 5730 xvtt,
1018 5682 1138 5735 cap.
1178 5672 1230 5722 6.

454 5730 532 5804 ('I)
578 5731 808 5815 _Nicep_h.
860 5736 954 5791 lib.
984 5730 1133 5815 -ηίι,
1183 5740 1424 5815 ςερκξρξί,
1456 5752 1509 5799 et
1539 5760 1671 5811 xvu,
1699 5760 1821 5815 cap.
1851 5743 1955 5804 52:

386 5799 954 5874 Inceptumeyzam.
984 5806 1080 5862 inf.
1107 5799 1228 5866 cod.
1251 5799 1445 5869 'wa'.

2140 5321 2218 5393 (8)
2256 5323 2391 5397 Vide
2430 5325 2649 5381 Suidam
2679 5336 2733 5383 et
2774 5338 2933 5383 notas
2964 5332 3028 5381 ad
3064 5327 3382 5397 Curopalat,
3414 5329 3489 5385 De
3511 5330 3660 5390 olIic.

2064 5392 2485 5465 Constantinop.

2136 5465 2213 5541 (9)
2246 5464 2775 5541 Phanis-unisurbis
2805 5467 3024 5540 (Egypti
3057 5470 3305 5524 meminit
3334 5472 3433 5526 inf.
3468 5469 3660 5541 Olynt-

2067 5535 2325 5601 piodurns
2358 5539 2479 5594 cod.
2511 5537 2702 5591 LXXX
2762 5542 2862 5594 sub
2882 5535 3013 5594 "lin.
3082 5542 3233 5595 Diod.
3269 5542 3441 5599 Sicul.
3479 5535 3661 5599 libuu

2065 5605 2244 5729 (deum
2283 5622 2402 5661 esse
2454 5610 2786 5663 maritimum
2828 5611 2896 5664 ad
2950 5612 3129 5666 sinum
3172 5612 3465 5668 Arabicuut
3511 5617 3660 5667 seri-

2086 5692 2117 5727 n
2154 5714 2167 5726 .

2086 5678 2167 5728 )il.

2138 5744 2402 5822 (l0)_N_on_
2436 5747 2987 5822 omnino_dissimile,
3026 5753 3171 5822 quod
3216 5763 3404 5810 narrat
3440 5753 3661 5812 Ctesias

2064 5816 2119 5870 in
2152 5814 2358 5871 Indicis
2388 5816 2485 5872 inf.
2513 5818 2633 5875 cod.
2668 5816 2879 5876 LXXII.
