4030 6484
505 484 567 550 51
1687 475 1949 537 PHO’I‘II
1988 474 2493 536 PATRIARCHA']
2535 473 2643 533 CP.
3702 462 3763 523 52

1248 593 1338 648 IV.

511 687 766 743 Theodori
793 685 1104 740 Antiocheni
1127 701 1221 752 pro
1248 694 1432 740 sancto
1458 684 1659 740 Basilio
1698 682 1810 753 (14)
1845 682 2093 735 adversus

989 756 1312 811 Eunomium
1344 756 1467 809 libri
1500 771 1625 810 xxv.

579 848 731 906 Lecti
756 861 883 905 sunt
913 849 1184 905 Theodori
1214 846 1538 904 Antioclteui
1564 865 1660 919 pro
1681 845 1883 902 Basilio
1905 848 2096 901 adver-

507 959 596 996 sus
617 941 936 998 Eunomium
955 943 1077 997 libri
1109 942 1297 1014 viginti
1334 939 2098 1012 quinque(15).Estilliphra—

509 1036 585 1090 sis
613 1050 720 1090 non
752 1049 1138 1106 usquequaque
1164 1035 1447 1107 perspicua
1473 1050 1489 1096 ;
1532 1032 1783 1088 sensibus
1806 1042 1983 1086 tamen
2009 1030 2095 1101 3b

510 1136 569 1180 et
629 1127 965 1198 argumentis
1015 1126 1244 1181 nimium
1306 1134 1570 1195 quantum
1624 1125 1867 1182 densus.
1925 1137 2098 1177 sacrzc

512 1220 811 1289 Scripturze
844 1220 1174 1275 testimoniis
1198 1219 1413 1291 egregie
1461 1217 1722 1274 abundat.
1762 1214 1843 1271 Ad
1873 1216 2096 1271 verbum

511 1311 627 1371 fere
686 1313 937 1370 Eunomii
999 1316 1238 1370 rationes
1300 1312 1535 1376 refellit,
1609 1312 1919 1381 imperitum
1972 1325 2096 1366 eum

510 1407 669 1463 valde
714 1417 1069 1463 externarum
1109 1405 1543 1476 disciplinarum,
1598 1404 1879 1473 multoque
1928 1404 2098 1469 magis

513 1509 716 1551 nostra:
763 1498 1076 1570 theologia},
1148 1497 1393 1567 pluribus
1456 1497 1771 1552 ostendens.
1826 1497 1924 1552 llic
1972 1512 2099 1552 vero

512 1587 873 1659 Mopsuestia,
899 1599 957 1645 ut
985 1598 1137 1660 puto,
1163 1588 1453 1660 episcopus
1471 1589 1596 1644 fuit.

1253 1762 1316 1818 V.

878 1851 1166 1923 Saphronii
1206 1856 1270 1909 de
1295 1858 1477 1911 eadem
1502 1873 1557 1912 re
1578 1857 1729 1912 liber.

581 1942 782 1999 Lectus
804 1945 1057 2000 similiter
1093 1948 1389 2016 Sophrouii
1415 1964 1512 2017 pro
1534 1949 1738 2004 Basilio
1767 1960 1952 2005 contra
1976 1950 2093 2006 Eu-
2128 1981 2168 2036 Β

513 2039 750 2093 nomium
785 2038 940 2103 liber,
981 2038 1273 2096 Theodoro
1303 2044 1566 2110 apertior,
1598 2053 1654 2099 et
1682 2043 1852 2098 multo
1883 2045 2095 2099 doctior

513 2146 581 2186 ac
611 2133 850 2186 brevior.
885 2131 1074 2201 Neque
1115 2136 1261 2188 enim
1293 2150 1387 2205 per
1407 2138 1588 2190 omnia
1619 2136 1942 2190 Eunomium
1975 2151 2099 2207 per-

514 2220 784 2290 sequitur,
827 2221 920 2275 sed
946 2220 1034 2275 illa
1082 2224 1427 2291 potissimum
1458 2226 1698 2297 exagitat
1728 2236 1893 2294 atque
1938 2222 2100 2278 refel-

516 2311 597 2379 lit,
636 2329 756 2383 qua:
775 2330 987 2370 summa
1041 2317 1218 2384 capita
1269 2316 1492 2371 hairesis
1536 2319 1782 2374 Eunomii
1820 2320 2102 2375 continere

515 2404 863 2460 videbantur.
883 2407 1213 2462 Cinaractere
1245 2424 1373 2463 usus
1401 2420 1484 2462 est
1515 2411 1885 2480 distinguente
1914 2428 1977 2466 ac
2003 2413 2101 2467 de-

517 2496 787 2552 ﬁnientes
832 2507 887 2552 et
937 2508 998 2553 ut
1034 2499 1324 2567 plurimum
1373 2501 1583 2557 solutus
1646 2503 1720 2557 illi
1774 2504 2104 2573 minimeque

516 2589 729 2645 vinctus
759 2606 962 2655 sermo,
1021 2608 1125 2647 non
1166 2594 1407 2664 ingratus
1446 2605 1649 2658 tamen,
1707 2596 1817 2650 imo
1868 2607 1921 2650 et
1968 2596 2105 2666 logi-

518 2680 599 2735 cis
627 2682 1195 2751 argumentationibus
1225 2702 1485 2755 perquam
1515 2687 1740 2742 ﬂoridus
1764 2699 1866 2743 est.

1268 2778 1356 2832 Vl.

590 2862 834 2936 Gregorii
868 2865 1104 2939 Nyssem’
1132 2870 1367 2939 ejusdem
1421 2875 1723 2942 argumenti
1767 2890 1925 2940 Opera
1975 2874 2103 2927 duo.

590 3018 790 3075 Lectus
831 3032 914 3076 est
959 3024 1205 3094 Gregorii
1239 3025 1426 3097 Nyssa:
1452 3029 1690 3098 episcopi
1734 3029 1984 3083 similiter
2012 3048 2105 3098 pro

521 3109 728 3166 Basilio
759 3114 1009 3185 adversus
1029 3114 1348 3169 Eunomium
1377 3116 1509 3171 liber
1533 3117 1670 3187 (ιδ).
1705 3116 1889 3190 Stylus
1925 3118 2023 3183 illi,
2060 3120 2104 3173 si

522 3205 608 3259 cui
662 3206 967 3272 rhetorum,
1038 3206 1286 3276 illustris,
1352 3221 1407 3263 et
1434 3208 1829 3277 jucunditatem
1888 3214 2108 3267 auribus

523 3295 814 3356 instillans.
864 3299 972 3355 Sed
1023 3315 1126 3355 nec
1191 3300 1308 3370 ipse
1342 3303 1559 3372 quidem
1612 3306 1805 3360 ordine
1861 3304 2108 3360 Eunomii

525 3389 789 3458 scriptum
848 3362 1226 3458 reprehendit:
1302 3362 1667 3458 Quamobrem
1719 3405 1775 3449 et
1823 3362 2180 3450 Theodoroc

523 3482 793 3535 concisior
824 3491 928 3546 est,
957 3490 1014 3536 et
1059 3482 1369 3553 Sophronia
1416 3483 1615 3550 latior;
1668 3487 1906 3543 abundat
1964 3491 2108 3544 enim

524 3573 1027 3642 entbymematibus
1068 3584 1235 3645 atque
1265 3577 1550 3647 exemplis.
1582 3579 1715 3633 Illud
1773 3591 1951 3635 autem
1986 3598 2113 3637 vere

524 3664 1033 3731 pronuntiaverim,
1103 3675 1363 3735 quantum
1441 3669 1739 3739 Gregorius
1802 3683 2109 3739 venustate,

522 3755 812 3825 Splendore
852 3768 908 3813 et
949 3760 1179 3814 miriﬁca
1216 3762 1559 3832 jucunditate
1613 3766 1886 3820 antecellit
1936 3766 2115 3822 Theo-

524 3848 683 3912 doro,
707 3858 918 3905 tantum
944 3853 1108 3905 etiam
1134 3864 1583 3925 argumentorum
1608 3859 1760 3927 copia
1784 3868 1839 3915 et.
1866 3859 2113 3917 ubertate

524 3942 775 3997 eumdem
798 3943 1017 3998 vincere
1038 3947 1241 4001 couniti
1251 3958 1355 4001 tur.

1276 4040 1385 4095 VII.

596 4122 823 4179 Lectum
869 4134 954 4180 est
998 4126 1228 4182 alterum
1284 4133 1525 4200 ejusdem
1576 4132 1822 4204 Gregorii
1879 4137 2111 4205 Nysseui

524 4231 683 4286 Opus,
715 4218 782 4273 de
813 4221 1002 4275 eadem
1038 4222 1154 4290 ipsa
1184 4240 1244 4277 re
1275 4244 1287 4277 :
1323 4225 1376 4278 in
1408 4241 1514 4294 quo
1552 4228 1858 4283 rationibus
1891 4231 2116 4284 validio-

526 4312 679 4366 ribus
706 4327 828 4366 cum
860 4312 1126 4370 Eunomio
1156 4333 1348 4371 manus
1396 4335 1718 4385 conserens,
1749 4337 1871 4376 eum
1908 4324 1960 4378 vi
2019 4339 2119 4378 ex—

527 4415 750 4472 pugnat,
781 4407 965 4461 omnia
1024 4410 1319 4478 impietatis
1374 4412 1717 4469 tirmamenta
1758 4414 2115 4472 labefactans.

527 4491 804 4552 Venustas
835 4513 964 4553 vero
1017 4502 1306 4565 orationis,
1357 4514 1413 4557 et
1464 4504 1725 4572 splendor
1775 4507 2117 4572 jucunditate

532 4587 751 4654 mistus,
791 4591 954 4644 etiam
1006 4592 1060 4645 in
1113 4595 1216 4648 hoc
1266 4611 1432 4665 opere
1486 4596 1745 4654 decenter
1768 4614 1829 4655 se
1858 4602 2115 4656 ostendit.

1262 4770 1389 4825 Vlll.

874 4858 1117 4930 Origem's
1146 4861 1223 4915 De
1254 4861 1545 4933 Principiis
1577 4867 1699 4920 libri
1731 4884 1804 4923 Iv.

603 4946 757 5006 Lecti
802 4964 931 5007 sunt
968 4951 1223 5024 Origenis
1256 4957 1394 5028 (I7)
1433 4956 1508 5011 De
1547 4958 1841 5030 Principiis
1876 4964 1998 5017 libri
2044 4980 2116 5020 tv.

530 5042 736 5099 IIorum
770 5045 982 5115 primus
1013 5047 1082 5103 de
1115 5048 1298 5114 Patre,
1325 5063 1380 5105 et
1411 5049 1573 5115 Filio,
1609 5064 1665 5108 et
1691 5056 1896 5125 Spiritu
1928 5067 2121 5115 sancto

528 5136 665 5206 agit.
693 5137 814 5204 Quo
841 5139 897 5195 in
928 5140 1069 5196 libro
1098 5142 1326 5211 plurima
1375 5144 1693 5214 blaspheme
1749 5150 1942 5203 scribit
1978 5169 1991 5205 :
2040 5160 2117 5215 ut,

2925 579 2999 634 A'.

2199 678 2504 747 Θεοδώρου
2537 673 2877 746 Ἀντιοχέως
2921 670 3075 747 ὑπὲρ
3118 668 3445 747 Βιισιλείου
3488 665 3637 721 κατὰ
3659 666 3769 719 Εὑ-

2692 738 2928 814 νομίου,
2974 738 3146 812 λόγοι
3181 738 3285 795 κε’.

2281 838 2619 910 Ἀνεγνώσθη
2637 836 2916 905 Θεοδώρου
2946 832 3264 904 Ἀντιοχέως
3282 831 3441 900 ὑπὲρ
3458 828 3768 883 Βασιλειου

2197 931 2353 986 κατὰ
2393 929 2698 998 Εὐνομίου
2726 928 2784 980 ἐν
2817 926 2994 995 λόγοις
3023 929 3122 978 κε’.
3153 922 3309 976 Ἔστι
3338 921 3397 975 δὲ
3446 920 3549 993 τὴν
3578 918 3674 990 μὲν
3728 917 3769 949 ³³

2199 1025 2399 1096 φράσιν
2426 1023 2488 1076 οὐ
2514 1023 2657 1075 πάνυ
2689 1018 2940 1090 λαμπρὸς
2960 1058 2975 1082 ,
3009 1018 3133 1079 ταῖς
3156 1015 3214 1069 δὲ
3237 1013 3504 1077 διανοίαις
3539 1014 3635 1066 καὶ
3669 1013 3770 1073 τοῖς

2197 1117 2597 1189 ἐπιχειρήμασι
2615 1113 2734 1167 λίαν
2751 1112 2976 1175 πυκνὸς,
3000 1110 3096 1165 καὶ
3122 1110 3242 1171 ταῖς
3261 1106 3567 1179 Γραφικατς
3589 1104 3773 1175 ἄριστα

2198 1209 2446 1264 πλουτῶν
2465 1205 2813 1279 μαρτυρίαις.
2845 1204 3003 1258 Κατὰ
3033 1202 3178 1267 λέξιν
3208 1201 3265 1254 δέ
3283 1198 3471 1270 σχεδὸν
3495 1196 3605 1251 τῶν
3627 1195 3775 1248 Εὐνο-

2202 1306 2328 1374 μίου
2360 1302 2535 1371 λόγων
2561 1301 2658 1369 τὴν
2695 1296 3007 1368 άνασκευὴν
3049 1296 3290 1349 ποιεῖται
3312 1332 3327 1358 ,
3355 1290 3545 1362 ἀμαθῆ
3574 1306 3634 1343 τε
3662 1287 3773 1342 λίαν

2199 1396 2309 1450 τῶν
2336 1413 2396 1449 τε
2436 1394 2671 1464 θύραθεν
2714 1391 3058 1463 μαθημάτων
3094 1388 3192 1442 καὶ
3238 1384 3421 1456 πολλῷ
3461 1382 3660 1455 μᾶλλον
3684 1381 3775 1449 τῆς

2199 1489 2325 1544 καθ’
2354 1490 2501 1559 ἡμᾶς
2532 1485 2820 1555 θεοσοφίας
2876 1483 2966 1538 διὰ
3006 1481 3220 1536 πολλῶν
3244 1477 3577 1541 ἐπιδεικνύς.
3622 1476 3676 1529 '0
3720 1474 3774 1527 δὲ

2200 1580 2578 1653 Μοψουεστίας
2652 1578 2894 1649 γεγονὼς
2982 1577 3282 1637 ἐπίσκοπος
3363 1564 3519 1635 οὗτός
3599 1570 3773 1631 ἐστιν,

2201 1674 2377 1747 οἶμαι.

2945 1760 3022 1817 Ε⁸.

2298 1859 2643 1928 Σωφρονίου
2670 1856 2823 1924 ὑπὲρ
2840 1854 3166 1909 Βασιλείου
3198 1850 3349 1905 κατὰ
3370 1847 3686 1917 Εὐνομίου.

2280 1950 2622 2019 Ἀνεγνώσθη
2669 1947 2870 2021 ὁμοίως
2940 1943 3249 2017 Σωφρονίου
3276 1941 3433 2010 ὑπὲρ
3464 1937 3787 1995 Βασιλιεὼυ

2199 2042 2356 2098 κατὰ
2395 2042 2723 2111 Εὑνομίου.
2781 2039 3124 2109 Σαφὲστερος
3196 2035 3295 2106 μὲν
3369 2029 3643 2101 Θεοδώρου
3693 2030 3790 2082 καὶ

2200 2135 2383 2206 πολλῷ
2433 2132 2843 2204 συντομώτερος
2900 2131 2945 2163 ³⁸
2978 2169 2994 2194 ,
3078 2127 3173 2180 καὶ
3220 2125 3344 2179 οὐδὲ
3411 2123 3469 2196 [4
3496 2120 3593 2194 HJ,
3649 2120 3787 2174 πᾶσι

2201 2230 2313 2291 τοῖς
2344 2224 2609 2296 Εὐνομίου
2641 2221 2892 2287 ἐπεξιὼν,
2927 2219 2983 2293 [9
3011 2218 3101 2291 IL]
3135 2218 3247 2273 ἀλλ’
3286 2218 3474 2271 ἐκεῖνα
3502 2212 3797 2282 γυμνάζων

2202 2322 2297 2375 καὶ
2327 2320 2535 2388 ἐλέγχῳ
2560 2314 3028 2377 καθυποϐάλλων,
3075 2311 3112 2365 ἃ
3154 2311 3303 2364 δοκεῖ
3353 2305 3648 2361 συνεκτικὰ
3696 2302 3796 2358 καὶ

2203 2409 2476 2480 κεφάλαια
2511 2409 2610 2477 τῆς
2641 2405 2909 2475 Εὑνομίου
2940 2402 3209 2474 αἱρέσεως
3231 2396 3397 2453 εἶναι.
3434 2394 3801 2467 Ἀφοριστικῷ

2203 2500 2261 2552 δὲ
2290 2498 2555 2568 κέχρηται
2602 2495 2949 2567 χαρακτῆρι,
3016 2492 3114 2546 καὶ¹
3144 2491 3220 2554 ὡς
3279 2488 3486 2543 ἐπίπαν
3529 2484 3801 2549 ἀπόλυτός

2204 2594 2353 2644 ἐστιν
2385 2589 2534 2659 αὐτῷ
2580 2590 2675 2642 καὶ
2710 2586 3000 2649 ἀσύνδετος
3044 2586 3072 2638 ὁ
3106 2584 3268 2651 λόγος
3289 2623 3306 2649 ,
3344 2582 3447 2635 οὐκ
3479 2580 3677 2650 ἄχαρις
3707 2577 3800 2642 δέ,

2205 2683 2342 2739 ἀλλὰ
2364 2683 2457 2737 καὶ
2480 2683 2717 2751 λογικοῖς
2744 2680 3137 2751 ἐπιχειρήμασι
3166 2672 3645 2748 περιηνθισμένος.

2208 2867 2543 2939 Γρηγορίω
2575 2860 3264 3003 Νύσσηςωιῗπὲρ
3288 2856 3619 2915 Βασιλείου
3645 2856 3813 2910 κατὰ

2304 3027 2644 3098 Ἀνεγνὼσθη
2688 3026 2992 3098 Γρηγορίου
3033 3024 3255 3094 Νύσσης
3310 3024 3358 3056 ³⁸
3403 3021 3605 3094 ὁμοίως
3644 3017 3820 3085 ὑπὲρ

2213 3120 2538 3174 Βασιλείου
2552 3117 2985 3187 καὶΕὺνομίου.
3002 3116 3115 3187 Τὴν
3132 3116 3232 3186 μὲν
3246 3116 3466 3186 φράσιν,
3486 3114 3624 3174 εἴτις
3644 3110 3823 3172 ἄλλος

2216 3213 2484 3283 ρητόρων.
2521 3210 2777 3283 λαμπρὸς
2820 3211 2912 3264 καὶ
2943 3207 3140 3278 ἡδονῆς
3183 3209 3316 3261 ὠσὶν
3349 3205 3711 3270 ἀποστάζων,
3738 3203 3824 3256 οὺ

2220 3307 2403 3376 μέντοι
2448 3304 2685 3374 καθεξῆς
2736 3303 2847 3357 οὐδ’
2902 3303 3064 3365 αὐτὸς
3091 3303 3136 3333 ³⁸⁵
3195 3302 3297 3370 τὴν
3343 3297 3615 3369 Εὐνομίου
3668 3313 3827 3367 γρα-

2220 3395 2325 3465 φὴν
2367 3395 2750 3466 ἀπελέγχει³⁵.
2786 3394 2875 3447 Διὸ
2929 3393 3023 3447 καὶ
3070 3390 3481 3462 συντομώτερός
3529 3391 3647 3441 ἐστι
3676 3387 3829 3440 Θεο-

2217 3487 2412 3558 δώρου,
2440 3487 2753 3559 Σωφρονίου
2804 3486 2862 3539 δέ
2914 3483 3278 3555 πλατύτερος.
3320 3478 3745 3548 Πλεονάζειγὰρ
3764 3480 3829 3510 ³⁸

2214 3580 2327 3641 τοῖς
2358 3577 2707 3648 ἐνθυμήμασι
2750 3578 2844 3630 καὶ
2884 3578 2997 3640 τοῖς
3047 3568 3512 3647 παραδείγμασιν.
3562 3572 3720 3626 Ἔστι
3751 3570 3831 3623 δὲ

2216 3668 2531 3731 ἀδεκάστως
2573 3670 2747 3721 εἰπεῖν
2770 3668 2845 3731 ὡς
2885 3669 3008 3721 ὅσον
3044 3666 3376 3736 ὑπερϐάλλει
3409 3664 3597 3718 κάλλει
3618 3681 3677 3716 τε
3716 3667 3836 3716 καὶ

2214 3761 2562 3833 λαμπρότητι
2614 3761 2710 3813 καὶ
2746 3760 2829 3831 τῷ
2867 3759 3117 3830 ἡδυτάτῳ
3165 3759 3445 3829 Θεόδωρον
3479 3796 3495 3821 ,
3550 3753 3838 3811 τοσοῦτον

2216 3855 2428 3907 ἐκείνου
2456 3852 2647 3907 τοῦτον
2666 3852 2728 3905 τὺ
2752 3852 2957 3923 πλῆθος
2985 3852 3095 3905 τῶν
3134 3852 3582 3922 ἐπιχειρημάτων
3624 3851 3722 3904 καὶ
3752 3849 3845 3901 τὸ

2219 3947 2442 4018 γόνιμον
2469 3948 2549 4010 είς
2578 3946 2639 3999 τὸ
2669 3947 2927 4018 προέχειν
2955 3944 3297 4010 ἐκϐιάζεται.

2956 4041 3032 4092 Ζ’.

2308 4129 2650 4199 Ἀνεγνώσθη
2681 4129 2846 4200 ἑτέρα
2885 4128 3241 4201 πραγματεία
3271 4125 3366 4180 τοῦ
3412 4124 3578 4179 αὐτοῦ
3600 4125 3851 4194 Γρηγο-

2186 4292 2191 4298 ,
2223 4220 2339 4292 ρίου
2369 4221 2590 4290 Νύσσης
2624 4221 2754 4291 περὶ
2781 4221 2884 4291 τῆς
2924 4219 3097 4289 αὐτῆς
3128 4217 3466 4281 ὑποθέσεως,
3514 4218 3572 4269 ἐν
3604 4210 3854 4289 ᾖλογι-

2221 4313 2463 4383 κώτερον
2514 4311 2770 4382 Εὐνομίῳ
2806 4308 3151 4381 συμπλακεὶς
3196 4308 3341 4361 κατὰ
3374 4308 3577 4378 κράτος
3627 4303 3802 4372 αἱρεῖ
3827 4345 3849 4363 ,

2221 4406 2403 4459 πάντα
2432 4404 2723 4475 σαθρώσας
2768 4404 2869 4474 τῆς
2901 4401 3223 4464 δυσσεῦείας
3283 4399 3451 4456 αὑτοῦ
3496 4398 3566 4452 τὰ
3593 4394 3855 4467 ὀχυρώσ-

2224 4514 2395 4567 ματα.
2426 4498 2501 4551 Τὸ
2528 4498 2585 4551 δὲ
2614 4496 2811 4560 κάλλος
2840 4495 2934 4550 τοῦ
2967 4495 3127 4564 λόγου
3156 4495 3250 4548 καὶ
3275 4496 3309 4563 ἡ
3341 4492 3645 4562 σύγκρατος
3682 4488 3759 4539 λα
3770 4505 3859 4557 μ-

2222 4595 2431 4667 πρότης
2480 4593 2783 4664 γλυκύτητι
2838 4591 3117 4648 κάνταῦθα
3148 4589 3467 4661 διαπρεπῶς
3511 4584 3863 4641 ἐπιδείκνυ-

2152 4713 2201 4771 D
2227 4706 2337 4743 ται.

2968 4783 3051 4836 H'.

2459 4874 2797 4943 Ὤριγένους
2812 4875 2877 4928 τὸ
2901 4873 3042 4943 Περὶ
3065 4872 3309 4942 Ἁρχῶν,
3332 4872 3504 4941 λόγοι
3526 4868 3600 4925 δ’.

2314 4967 2653 5037 Ἀνεγνώσοη
2688 4967 2996 5037 Ὠριγένους
3028 4966 3088 5019 τὸ
3111 4966 3251 5034 Περὶ
3276 4963 3519 5034 Ἀρχῶν,
3557 4961 3717 5030 λόγοι
3773 4962 3873 5026 δ’,

2232 5054 2308 5113 ὧν
2335 5062 2362 5112 ὁ
2399 5060 2498 5131 μὲν
2523 5060 2741 5131 πρῶτος
2768 5060 2897 5131 περὶ
2920 5057 3155 5128 Πατρὸς,
3180 5056 3277 5111 καὶ
3316 5054 3471 5121 Υίοῦ,
3523 5054 3618 5107 καὶ
3660 5052 3877 5119 ἁγίου

2232 5152 2569 5221 Πνεύματος·
2608 5154 2665 5205 ἐν
2695 5144 2740 5221 ᾧ
2772 5151 3001 5206 πλεῖστα
3040 5149 3377 5221 βλασφημεῖ,
3422 5146 3514 5201 τὸν
3556 5144 3657 5216 μὲν
3695 5144 3881 5199 Υὶὸν

1844 5288 1929 5342 VA
1940 5288 2078 5343 “UE
2119 5288 2532 5345 LEC'I‘IONES.

634 5375 676 5405 ³¹
710 5375 808 5457 {sev
833 5390 943 5429 0m.
970 5376 1037 5432 A.
1080 5377 1160 5457 ηδ’
1194 5378 1789 5457 ιιηιεῌσυντομώτερος
1845 5401 1967 5438 cum
2026 5385 2073 5440 Α
2114 5388 2275 5442 omisi
2335 5389 2700 5457 συνετώτερος
2754 5385 2870 5440 καί.
2963 5383 3010 5416 ³³
3035 5380 3203 5449 νὺσης
3223 5381 3291 5437 Α.
3374 5376 3630 5452 ³⁸αὐτὺς]
3661 5378 3737 5431 οὒ
3778 5382 3884 5435 Δ-

535 5447 582 5479 ³³
614 5445 900 5517 ἐπελέγχει
936 5464 997 5512 ς.
1078 5447 1126 5478 ³⁸⁸
1154 5448 1288 5521 γὰρ]
1319 5448 1375 5501 δὲ
1410 5450 1518 5519 γὰρ

2067 5599 2298 5657 NOTAE.

607 5749 721 5822 (14)
741 5748 856 5822 iam
873 5753 982 5807 vita
999 5753 1205 5815 functo,
1225 5763 1282 5807 ut
1300 5753 1510 5811 duceris
1529 5755 1626 5812 inf.
1648 5756 1772 5813 cod.
1792 5756 2133 5812 CXXXVIII.

609 5819 725 5895 (15)
758 5819 897 5874 Infra
926 5823 1047 5877 cod.
1094 5823 1415 5892 CLXXVII,
1453 5826 1508 5881 in
1538 5827 1657 5895 Iin.,
1687 5828 1859 5884 libros
1883 5828 1954 5883 28
2000 5829 2134 5883 scri-

548 5890 726 5961 psisse
750 5905 1229 5961 cgmmemuratur.

2248 5757 2500 5813 biblioth.
2534 5756 2826 5820 Vaticana,
2853 5754 3017 5810 Boica
3048 5763 3104 5809 et
3127 5753 3281 5811 alibi.

2316 5828 2431 5889 (t7)
2461 5826 2606 5895 Lege
2634 5829 2698 5880 de
2723 5827 2807 5881 bis
2836 5825 2893 5879 D.
2924 5825 3125 5879 Barou.
3161 5828 3312 5879 card.
3347 5835 3479 5877 tam.
3538 5820 3584 5876 V
3638 5821 3718 5895 ad
3781 5824 3888 5880 Δ.

2239 5900 2460 5953 (1.597.
2507 5894 2701 5953 Exstat
2727 5898 2946 5968 elegans
2989 5897 3216 5964 epistola
3257 5896 3317 5968 Β.
3382 5894 3715 5968 Hieronymi
3788 5898 3895 5949 ml

636 5961 752 6033 (16)
779 5959 1007 6018 Exstant
1028 5963 1142 6033 ejus
1174 5964 1301 6022 libri
1329 5982 1429 6023 xm
1489 5969 1748 6026 adversus
1787 5969 2016 6027 Eunom.
2072 5970 2129 6026 in
2236 5972 2457 6027 Avitum
2479 5969 2546 6025 de
2570 5959 3486 6039 caveitdiSVOrigeitisllept’Apxtbv
3511 5959 3885 6023 erroribus.
