  <div class='ocr_page' id='page_1' title='image "/cluster/home/n/w/nwhite01/storage/ocr_20150623/103:no.3/coo.31924054870070/040.png"; bbox 0 0 4030 6442; ppageno 0'>
   <div class='ocr_carea' id='block_1_1' title="bbox 327 363 3640 472">
    <p class='ocr_par' dir='ltr' id='par_1_1' title="bbox 327 363 3640 472">
     <span class='ocr_line' id='line_1_1' title="bbox 327 363 3640 472; baseline 0.017 -47"><span class='ocrx_word' id='word_1_1' title='bbox 327 363 395 426; x_wconf 75' lang='lat'><strong>53</strong></span> <span class='ocrx_word' id='word_1_2' title='bbox 1382 379 1908 450; x_wconf 80' lang='lat' dir='ltr'><strong>BIBLIO’I‘HECA.</strong></span> <span class='ocrx_word' id='word_1_3' title='bbox 1945 393 2248 458; x_wconf 84' lang='lat' dir='ltr'><strong>—CODD.</strong></span> <span class='ocrx_word' id='word_1_4' title='bbox 2292 399 2564 461; x_wconf 84' lang='lat' dir='ltr'><strong>IV-XIII-</strong></span> <span class='ocrx_word' id='word_1_5' title='bbox 3571 406 3640 472; x_wconf 69' lang='grc'><strong>54</strong></span> 
     </span>
    </p>
   </div>
   <div class='ocr_carea' id='block_1_2' title="bbox 325 473 1936 584">
    <p class='ocr_par' dir='ltr' id='par_1_2' title="bbox 325 473 1936 568">
     <span class='ocr_line' id='line_1_2' title="bbox 325 473 1936 568; baseline 0.017 -42"><span class='ocrx_word' id='word_1_6' title='bbox 325 476 433 528; x_wconf 76' lang='grc' dir='ltr'><strong>ὕπο</strong></span> <span class='ocrx_word' id='word_1_7' title='bbox 460 473 557 529; x_wconf 72' lang='grc' dir='ltr'><strong>τοῦ</strong></span> <span class='ocrx_word' id='word_1_8' title='bbox 583 475 820 549; x_wconf 79' lang='grc' dir='ltr'>Πατρὺς</span> <span class='ocrx_word' id='word_1_9' title='bbox 850 482 1195 553; x_wconf 69' lang='grc' dir='ltr'><strong>πεποιῆσθαι</strong></span> <span class='ocrx_word' id='word_1_10' title='bbox 1216 485 1477 559; x_wconf 82' lang='grc' dir='ltr'>λέγων,τὺ</span> <span class='ocrx_word' id='word_1_11' title='bbox 1501 494 1559 547; x_wconf 85' lang='grc' dir='ltr'>δὲ</span> <span class='ocrx_word' id='word_1_12' title='bbox 1579 496 1805 568; x_wconf 81' lang='grc' dir='ltr'><strong>Πνεῦμα</strong></span> <span class='ocrx_word' id='word_1_13' title='bbox 1836 500 1936 553; x_wconf 61' lang='grc' dir='ltr'><strong>ὑπο</strong></span> 
     </span>
    </p>
   </div>
   <div class='ocr_carea' id='block_1_3' title="bbox 2049 473 3461 584">
    <p class='ocr_par' dir='ltr' id='par_1_3' title="bbox 2049 505 3461 584">
     <span class='ocr_line' id='line_1_3' title="bbox 2049 505 3461 584; baseline 0.011 -26"><span class='ocrx_word' id='word_1_14' title='bbox 2049 505 2242 562; x_wconf 86' lang='lat' dir='ltr'><strong>Filium</strong></span> <span class='ocrx_word' id='word_1_15' title='bbox 2299 524 2327 562; x_wconf 91' lang='lat' dir='ltr'><strong>a</strong></span> <span class='ocrx_word' id='word_1_16' title='bbox 2392 508 2554 566; x_wconf 81' lang='lat' dir='ltr'><strong>Patre</strong></span> <span class='ocrx_word' id='word_1_17' title='bbox 2606 510 2847 582; x_wconf 76' lang='lat' dir='ltr'><strong>factum,</strong></span> <span class='ocrx_word' id='word_1_18' title='bbox 2934 511 3198 584; x_wconf 77' lang='lat' dir='ltr'><strong>Spiritum</strong></span> <span class='ocrx_word' id='word_1_19' title='bbox 3244 532 3273 573; x_wconf 92' lang='lat' dir='ltr'><strong>a</strong></span> <span class='ocrx_word' id='word_1_20' title='bbox 3322 516 3461 575; x_wconf 83' lang='lat' dir='ltr'><strong>Filio</strong></span> 
     </span>
    </p>
   </div>
   <div class='ocr_carea' id='block_1_4' title="bbox 325 571 1943 659">
    <p class='ocr_par' dir='ltr' id='par_1_4' title="bbox 325 571 1943 659">
     <span class='ocr_line' id='line_1_4' title="bbox 325 571 1943 659; baseline 0.018 -37"><span class='ocrx_word' id='word_1_21' title='bbox 325 571 419 626; x_wconf 74' lang='grc' dir='ltr'>τοῦ</span> <span class='ocrx_word' id='word_1_22' title='bbox 448 572 601 636; x_wconf 80' lang='grc' dir='ltr'><strong>Υίοῦ,</strong></span> <span class='ocrx_word' id='word_1_23' title='bbox 643 574 747 627; x_wconf 68' lang='grc' dir='ltr'>καὶ</span> <span class='ocrx_word' id='word_1_24' title='bbox 788 576 1016 647; x_wconf 76' lang='grc' dir='ltr'><strong>διήκειν</strong></span> <span class='ocrx_word' id='word_1_25' title='bbox 1038 581 1139 650; x_wconf 85' lang='grc' dir='ltr'>μὲν</span> <span class='ocrx_word' id='word_1_26' title='bbox 1174 583 1270 637; x_wconf 85' lang='grc' dir='ltr'>τὸν</span> <span class='ocrx_word' id='word_1_27' title='bbox 1300 586 1518 659; x_wconf 79' lang='grc' dir='ltr'><strong>Πατέρα</strong></span> <span class='ocrx_word' id='word_1_28' title='bbox 1578 590 1668 646; x_wconf 83' lang='grc' dir='ltr'>διὰ</span> <span class='ocrx_word' id='word_1_29' title='bbox 1722 595 1943 650; x_wconf 84' lang='grc' dir='ltr'>πάντων</span> 
     </span>
    </p>
   </div>
   <div class='ocr_carea' id='block_1_5' title="bbox 327 666 1943 755">
    <p class='ocr_par' dir='ltr' id='par_1_5' title="bbox 327 666 1943 755">
     <span class='ocr_line' id='line_1_5' title="bbox 327 666 1943 755; baseline 0.007 -28"><span class='ocrx_word' id='word_1_30' title='bbox 327 666 431 718; x_wconf 66' lang='grc' dir='ltr'>τῶν</span> <span class='ocrx_word' id='word_1_31' title='bbox 448 666 756 727; x_wconf 69' lang='grc' dir='ltr'>ὅντωνοτῦν</span> <span class='ocrx_word' id='word_1_32' title='bbox 770 669 834 723; x_wconf 84' lang='grc' dir='ltr'>δὲ</span> <span class='ocrx_word' id='word_1_33' title='bbox 852 671 995 726; x_wconf 77' lang='grc' dir='ltr'>Υἱδν</span> <span class='ocrx_word' id='word_1_34' title='bbox 1020 675 1186 749; x_wconf 82' lang='grc' dir='ltr'>μέχρι</span> <span class='ocrx_word' id='word_1_35' title='bbox 1213 677 1323 731; x_wconf 87' lang='grc' dir='ltr'><strong>τῶν</strong></span> <span class='ocrx_word' id='word_1_36' title='bbox 1339 678 1574 749; x_wconf 83' lang='grc' dir='ltr'><strong>λογικῶν</strong></span> <span class='ocrx_word' id='word_1_37' title='bbox 1617 684 1795 754; x_wconf 86' lang='grc' dir='ltr'>μόνων</span> <span class='ocrx_word' id='word_1_38' title='bbox 1854 687 1900 719; x_wconf 86' lang='grc'><strong>³⁷</strong></span> <span class='ocrx_word' id='word_1_39' title='bbox 1927 731 1943 755; x_wconf 88' lang='grc'><strong>,</strong></span> 
     </span>
    </p>
   </div>
   <div class='ocr_carea' id='block_1_6' title="bbox 326 755 1945 843">
    <p class='ocr_par' dir='ltr' id='par_1_6' title="bbox 326 755 1945 843">
     <span class='ocr_line' id='line_1_6' title="bbox 326 755 1945 843; baseline 0.014 -37"><span class='ocrx_word' id='word_1_40' title='bbox 326 755 387 808; x_wconf 72' lang='grc' dir='ltr'>τὸ</span> <span class='ocrx_word' id='word_1_41' title='bbox 413 756 726 827; x_wconf 50' lang='lat' dir='ltr'><strong>aenae-51m</strong></span> <span class='ocrx_word' id='word_1_42' title='bbox 762 759 947 831; x_wconf 83' lang='grc' dir='ltr'>μέχρι</span> <span class='ocrx_word' id='word_1_43' title='bbox 999 762 1175 832; x_wconf 84' lang='grc' dir='ltr'>μόνων</span> <span class='ocrx_word' id='word_1_44' title='bbox 1225 765 1336 819; x_wconf 88' lang='grc' dir='ltr'><strong>τῶν</strong></span> <span class='ocrx_word' id='word_1_45' title='bbox 1373 770 1754 841; x_wconf 82' lang='grc' dir='ltr'>σεσωσμένων.</span> <span class='ocrx_word' id='word_1_46' title='bbox 1781 773 1945 843; x_wconf 82' lang='grc' dir='ltr'><strong>Λέγει</strong></span> 
     </span>
    </p>
   </div>
   <div class='ocr_carea' id='block_1_7' title="bbox 325 848 1941 937">
    <p class='ocr_par' dir='ltr' id='par_1_7' title="bbox 325 848 1941 937">
     <span class='ocr_line' id='line_1_7' title="bbox 325 848 1941 937; baseline 0.012 -36"><span class='ocrx_word' id='word_1_47' title='bbox 325 848 507 903; x_wconf 67' lang='grc' dir='ltr'>δὲκαὶ</span> <span class='ocrx_word' id='word_1_48' title='bbox 560 850 697 905; x_wconf 73' lang='grc' dir='ltr'><strong>ἀλλά</strong></span> <span class='ocrx_word' id='word_1_49' title='bbox 745 853 1211 923; x_wconf 78' lang='grc' dir='ltr'><strong>παραλογώτατα</strong></span> <span class='ocrx_word' id='word_1_50' title='bbox 1242 858 1337 911; x_wconf 71' lang='grc' dir='ltr'><strong>καὶ</strong></span> <span class='ocrx_word' id='word_1_51' title='bbox 1385 860 1708 927; x_wconf 75' lang='grc' dir='ltr'>δυσσεϐείας</span> <span class='ocrx_word' id='word_1_52' title='bbox 1736 864 1941 937; x_wconf 86' lang='grc' dir='ltr'><strong>πλήρη.</strong></span> 
     </span>
    </p>
   </div>
   <div class='ocr_carea' id='block_1_8' title="bbox 335 942 1947 1027">
    <p class='ocr_par' dir='ltr' id='par_1_8' title="bbox 335 942 1947 1027">
     <span class='ocr_line' id='line_1_8' title="bbox 335 942 1947 1027; baseline 0.011 -31"><span class='ocrx_word' id='word_1_53' title='bbox 335 942 819 1013; x_wconf 66' lang='grc' dir='ltr'>Μετεμψυχὼσεις</span> <span class='ocrx_word' id='word_1_54' title='bbox 848 964 914 1000; x_wconf 86' lang='grc' dir='ltr'><strong>τε</strong></span> <span class='ocrx_word' id='word_1_55' title='bbox 946 949 1059 1018; x_wconf 83' lang='grc' dir='ltr'>γὰρ</span> <span class='ocrx_word' id='word_1_56' title='bbox 1087 950 1322 1023; x_wconf 81' lang='grc' dir='ltr'>ληρῳδεϊ</span> <span class='ocrx_word' id='word_1_57' title='bbox 1344 994 1359 1018; x_wconf 87' lang='grc'><strong>,</strong></span> <span class='ocrx_word' id='word_1_58' title='bbox 1393 954 1489 1008; x_wconf 78' lang='grc' dir='ltr'>καὶ</span> <span class='ocrx_word' id='word_1_59' title='bbox 1521 956 1799 1027; x_wconf 69' lang='grc' dir='ltr'>ἐμψύχους</span> <span class='ocrx_word' id='word_1_60' title='bbox 1818 961 1947 1024; x_wconf 87' lang='grc' dir='ltr'>τοὺς</span> 
     </span>
    </p>
   </div>
   <div class='ocr_carea' id='block_1_9' title="bbox 343 1034 1948 1119">
    <p class='ocr_par' dir='ltr' id='par_1_9' title="bbox 343 1034 1948 1119">
     <span class='ocr_line' id='line_1_9' title="bbox 343 1034 1948 1119; baseline 0.012 -33"><span class='ocrx_word' id='word_1_61' title='bbox 343 1034 614 1106; x_wconf 69' lang='grc' dir='ltr'>ἀστέρας.</span> <span class='ocrx_word' id='word_1_62' title='bbox 658 1038 756 1090; x_wconf 73' lang='grc' dir='ltr'>καὶ</span> <span class='ocrx_word' id='word_1_63' title='bbox 799 1039 982 1112; x_wconf 73' lang='grc' dir='ltr'>ἕτερα</span> <span class='ocrx_word' id='word_1_64' title='bbox 1009 1042 1223 1108; x_wconf 77' lang='grc' dir='ltr'><strong>τούτοις</strong></span> <span class='ocrx_word' id='word_1_65' title='bbox 1246 1046 1628 1119; x_wconf 84' lang='grc' dir='ltr'>παραπλήσια.</span> <span class='ocrx_word' id='word_1_66' title='bbox 1664 1050 1820 1105; x_wconf 83' lang='grc' dir='ltr'>Ἔστι</span> <span class='ocrx_word' id='word_1_67' title='bbox 1845 1052 1889 1105; x_wconf 71' lang='grc' dir='ltr'>δ’</span> <span class='ocrx_word' id='word_1_68' title='bbox 1918 1055 1948 1106; x_wconf 99' lang='lat'><strong>6</strong></span> 
     </span>
    </p>
   </div>
   <div class='ocr_carea' id='block_1_10' title="bbox 356 1125 1946 1208">
    <p class='ocr_par' dir='ltr' id='par_1_10' title="bbox 356 1125 1946 1208">
     <span class='ocr_line' id='line_1_10' title="bbox 356 1125 1946 1208; baseline 0.013 -33"><span class='ocrx_word' id='word_1_69' title='bbox 356 1125 456 1195; x_wconf 74' lang='grc' dir='ltr'>μὲν</span> <span class='ocrx_word' id='word_1_70' title='bbox 740 1130 908 1201; x_wconf 73' lang='grc' dir='ltr'>αὐτῷ</span> <span class='ocrx_word' id='word_1_71' title='bbox 960 1134 1483 1206; x_wconf 81' lang='grc' dir='ltr'>μεμυθολογημένος</span> <span class='ocrx_word' id='word_1_72' title='bbox 1539 1140 1671 1208; x_wconf 73' lang='grc' dir='ltr'>περὶ</span> <span class='ocrx_word' id='word_1_73' title='bbox 1733 1141 1778 1172; x_wconf 81' lang='grc'><strong>³⁸</strong></span> <span class='ocrx_word' id='word_1_74' title='bbox 1831 1143 1946 1195; x_wconf 89' lang='grc' dir='ltr'>Πα-</span> 
     </span>
    </p>
   </div>
   <div class='ocr_carea' id='block_1_11' title="bbox 355 1220 1948 1306">
    <p class='ocr_par' dir='ltr' id='par_1_11' title="bbox 355 1220 1948 1306">
     <span class='ocr_line' id='line_1_11' title="bbox 355 1220 1948 1306; baseline 0.013 -37"><span class='ocrx_word' id='word_1_75' title='bbox 355 1220 574 1288; x_wconf 61' lang='lat' dir='ltr'><strong>specu!</strong></span> <span class='ocrx_word' id='word_1_76' title='bbox 619 1221 725 1290; x_wconf 79' lang='grc' dir='ltr'><strong>(ὡς</strong></span> <span class='ocrx_word' id='word_1_77' title='bbox 750 1225 973 1288; x_wconf 72' lang='grc' dir='ltr'>ἐκεῖνός</span> <span class='ocrx_word' id='word_1_78' title='bbox 1004 1229 1163 1298; x_wconf 86' lang='grc' dir='ltr'>φησι)</span> <span class='ocrx_word' id='word_1_79' title='bbox 1200 1231 1332 1300; x_wconf 75' lang='grc' dir='ltr'>περὶ</span> <span class='ocrx_word' id='word_1_80' title='bbox 1378 1231 1619 1303; x_wconf 79' lang='grc' dir='ltr'><strong>Χριστοῦ</strong></span> <span class='ocrx_word' id='word_1_81' title='bbox 1675 1233 1773 1288; x_wconf 76' lang='grc' dir='ltr'><strong>καὶ</strong></span> <span class='ocrx_word' id='word_1_82' title='bbox 1819 1236 1948 1306; x_wconf 73' lang='grc' dir='ltr'>περὶ</span> 
     </span>
    </p>
   </div>
   <div class='ocr_carea' id='block_1_12' title="bbox 349 1313 1942 1397">
    <p class='ocr_par' dir='ltr' id='par_1_12' title="bbox 349 1313 1942 1397">
     <span class='ocr_line' id='line_1_12' title="bbox 349 1313 1942 1397; baseline 0.012 -34"><span class='ocrx_word' id='word_1_83' title='bbox 349 1313 487 1378; x_wconf 75' lang='grc' dir='ltr'>ἁγίου</span> <span class='ocrx_word' id='word_1_84' title='bbox 520 1315 890 1385; x_wconf 73' lang='grc' dir='ltr'>Πνεύματος,</span> <span class='ocrx_word' id='word_1_85' title='bbox 950 1319 1033 1374; x_wconf 81' lang='grc' dir='ltr'>ἔτι</span> <span class='ocrx_word' id='word_1_86' title='bbox 1098 1323 1193 1375; x_wconf 73' lang='grc' dir='ltr'>καὶ</span> <span class='ocrx_word' id='word_1_87' title='bbox 1231 1323 1362 1394; x_wconf 59' lang='grc' dir='ltr'><strong>’περδ⁹</strong></span> <span class='ocrx_word' id='word_1_88' title='bbox 1397 1323 1634 1393; x_wconf 85' lang='grc' dir='ltr'>λογικῶν</span> <span class='ocrx_word' id='word_1_89' title='bbox 1693 1326 1942 1397; x_wconf 84' lang='grc' dir='ltr'>φύσεων·</span> 
     </span>
    </p>
   </div>
   <div class='ocr_carea' id='block_1_13' title="bbox 340 1406 1947 1491">
    <p class='ocr_par' dir='ltr' id='par_1_13' title="bbox 340 1406 1947 1491">
     <span class='ocr_line' id='line_1_13' title="bbox 340 1406 1947 1491; baseline 0.011 -33"><span class='ocrx_word' id='word_1_90' title='bbox 340 1406 437 1459; x_wconf 75' lang='grc' dir='ltr'>όδὲ</span> <span class='ocrx_word' id='word_1_91' title='bbox 461 1406 728 1479; x_wconf 78' lang='grc' dir='ltr'>δεύτερος</span> <span class='ocrx_word' id='word_1_92' title='bbox 792 1413 934 1483; x_wconf 75' lang='grc' dir='ltr'>περὶ</span> <span class='ocrx_word' id='word_1_93' title='bbox 991 1412 1199 1483; x_wconf 67' lang='grc' dir='ltr'>κόσμου</span> <span class='ocrx_word' id='word_1_94' title='bbox 1257 1416 1353 1469; x_wconf 83' lang='grc' dir='ltr'>καὶ</span> <span class='ocrx_word' id='word_1_95' title='bbox 1403 1417 1514 1471; x_wconf 90' lang='grc' dir='ltr'><strong>τῶν</strong></span> <span class='ocrx_word' id='word_1_96' title='bbox 1547 1420 1606 1474; x_wconf 80' lang='grc' dir='ltr'>ὲν</span> <span class='ocrx_word' id='word_1_97' title='bbox 1636 1419 1788 1491; x_wconf 86' lang='grc' dir='ltr'>αὐτῷ</span> <span class='ocrx_word' id='word_1_98' title='bbox 1822 1438 1947 1475; x_wconf 87' lang='grc' dir='ltr'>κτι-</span> 
     </span>
    </p>
   </div>
   <div class='ocr_carea' id='block_1_14' title="bbox 337 1498 1949 1584">
    <p class='ocr_par' dir='ltr' id='par_1_14' title="bbox 337 1498 1949 1584">
     <span class='ocr_line' id='line_1_14' title="bbox 337 1498 1949 1584; baseline 0.012 -35"><span class='ocrx_word' id='word_1_99' title='bbox 337 1498 579 1567; x_wconf 71' lang='grc' dir='ltr'>σμάτων,</span> <span class='ocrx_word' id='word_1_100' title='bbox 624 1504 727 1554; x_wconf 69' lang='grc' dir='ltr'>καὶ</span> <span class='ocrx_word' id='word_1_101' title='bbox 770 1502 861 1556; x_wconf 77' lang='grc' dir='ltr'>ἔτι</span> <span class='ocrx_word' id='word_1_102' title='bbox 899 1505 984 1558; x_wconf 58' lang='grc' dir='ltr'>ἂι</span> <span class='ocrx_word' id='word_1_103' title='bbox 1042 1499 1124 1571; x_wconf 79' lang='grc' dir='ltr'>εἷς</span> <span class='ocrx_word' id='word_1_104' title='bbox 1177 1506 1311 1571; x_wconf 79' lang='grc' dir='ltr'>θεὸς</span> <span class='ocrx_word' id='word_1_105' title='bbox 1368 1510 1535 1581; x_wconf 88' lang='grc' dir='ltr'>νόμου</span> <span class='ocrx_word' id='word_1_106' title='bbox 1594 1512 1690 1566; x_wconf 78' lang='grc' dir='ltr'><strong>καὶ</strong></span> <span class='ocrx_word' id='word_1_107' title='bbox 1735 1529 1949 1584; x_wconf 81' lang='grc' dir='ltr'>προφη-</span> 
     </span>
    </p>
   </div>
   <div class='ocr_carea' id='block_1_15' title="bbox 332 1591 1947 1677">
    <p class='ocr_par' dir='ltr' id='par_1_15' title="bbox 332 1591 1947 1677">
     <span class='ocr_line' id='line_1_15' title="bbox 332 1591 1947 1677; baseline 0.011 -35"><span class='ocrx_word' id='word_1_108' title='bbox 332 1591 476 1655; x_wconf 72' lang='grc' dir='ltr'>τῶν,</span> <span class='ocrx_word' id='word_1_109' title='bbox 566 1595 669 1647; x_wconf 73' lang='grc' dir='ltr'><strong>καὶ</strong></span> <span class='ocrx_word' id='word_1_110' title='bbox 715 1595 800 1648; x_wconf 81' lang='grc' dir='ltr'><strong>ὅτι</strong></span> <span class='ocrx_word' id='word_1_111' title='bbox 833 1596 868 1648; x_wconf 91' lang='lat'><strong>6</strong></span> <span class='ocrx_word' id='word_1_112' title='bbox 916 1597 1081 1663; x_wconf 78' lang='grc' dir='ltr'>αὐτὸς</span> <span class='ocrx_word' id='word_1_113' title='bbox 1140 1600 1388 1666; x_wconf 79' lang='grc' dir='ltr'>Παλαιᾶς</span> <span class='ocrx_word' id='word_1_114' title='bbox 1438 1604 1533 1658; x_wconf 74' lang='grc' dir='ltr'>καὶ</span> <span class='ocrx_word' id='word_1_115' title='bbox 1558 1606 1771 1677; x_wconf 83' lang='grc' dir='ltr'>Καινῆς</span> <span class='ocrx_word' id='word_1_116' title='bbox 1820 1610 1947 1660; x_wconf 84' lang='grc' dir='ltr'>Δια-</span> 
     </span>
    </p>
   </div>
   <div class='ocr_carea' id='block_1_16' title="bbox 332 1683 1946 1769">
    <p class='ocr_par' dir='ltr' id='par_1_16' title="bbox 332 1683 1946 1769">
     <span class='ocr_line' id='line_1_16' title="bbox 332 1683 1946 1769; baseline 0.012 -35"><span class='ocrx_word' id='word_1_117' title='bbox 332 1683 502 1755; x_wconf 69' lang='grc' dir='ltr'>θήκης</span> <span class='ocrx_word' id='word_1_118' title='bbox 564 1686 733 1752; x_wconf 73' lang='grc' dir='ltr'>Θεὸς,</span> <span class='ocrx_word' id='word_1_119' title='bbox 790 1689 895 1741; x_wconf 72' lang='grc' dir='ltr'>καὶ</span> <span class='ocrx_word' id='word_1_120' title='bbox 960 1692 1089 1763; x_wconf 77' lang='grc' dir='ltr'>περὶ</span> <span class='ocrx_word' id='word_1_121' title='bbox 1153 1693 1252 1764; x_wconf 85' lang='grc' dir='ltr'>τῆς</span> <span class='ocrx_word' id='word_1_122' title='bbox 1326 1695 1419 1749; x_wconf 78' lang='grc' dir='ltr'><strong>τοῦ</strong></span> <span class='ocrx_word' id='word_1_123' title='bbox 1478 1697 1729 1769; x_wconf 81' lang='grc' dir='ltr'><strong>Σωτῆρος</strong></span> <span class='ocrx_word' id='word_1_124' title='bbox 1789 1701 1946 1753; x_wconf 81' lang='grc' dir='ltr'>ἔναν-</span> 
     </span>
    </p>
   </div>
   <div class='ocr_carea' id='block_1_17' title="bbox 3521 535 3643 579">
    <p class='ocr_par' dir='ltr' id='par_1_17' title="bbox 3521 535 3643 579">
     <span class='ocr_line' id='line_1_17' title="bbox 3521 535 3643 579; baseline 0.008 -2"><span class='ocrx_word' id='word_1_125' title='bbox 3521 540 3538 578; x_wconf 74' lang='lat'><strong>1</strong></span> <span class='ocrx_word' id='word_1_126' title='bbox 3588 535 3643 579; x_wconf 80' lang='lat' dir='ltr'><strong>el</strong></span> 
     </span>
    </p>
   </div>
   <div class='ocr_carea' id='block_1_18' title="bbox 2047 595 3638 683">
    <p class='ocr_par' dir='ltr' id='par_1_18' title="bbox 2047 595 3638 683">
     <span class='ocr_line' id='line_1_18' title="bbox 2047 595 3638 683; baseline 0.012 -33"><span class='ocrx_word' id='word_1_127' title='bbox 2047 595 2265 653; x_wconf 89' lang='lat' dir='ltr'><strong>Patrem</strong></span> <span class='ocrx_word' id='word_1_128' title='bbox 2296 601 2513 671; x_wconf 84' lang='lat' dir='ltr'><strong>quidem</strong></span> <span class='ocrx_word' id='word_1_129' title='bbox 2569 618 2666 674; x_wconf 89' lang='lat' dir='ltr'><strong>per</strong></span> <span class='ocrx_word' id='word_1_130' title='bbox 2720 605 2903 660; x_wconf 84' lang='lat' dir='ltr'><strong>omnia</strong></span> <span class='ocrx_word' id='word_1_131' title='bbox 2955 622 3074 675; x_wconf 62' lang='lat' dir='ltr'><strong>qua:</strong></span> <span class='ocrx_word' id='word_1_132' title='bbox 3129 610 3398 667; x_wconf 82' lang='lat' dir='ltr'><strong>exsistunt</strong></span> <span class='ocrx_word' id='word_1_133' title='bbox 3445 628 3638 683; x_wconf 83' lang='lat' dir='ltr'><strong>perva-</strong></span> 
     </span>
    </p>
   </div>
   <div class='ocr_carea' id='block_1_19' title="bbox 2048 687 3625 775">
    <p class='ocr_par' dir='ltr' id='par_1_19' title="bbox 2048 687 3625 775">
     <span class='ocr_line' id='line_1_19' title="bbox 2048 687 3625 775; baseline 0.013 -33"><span class='ocrx_word' id='word_1_134' title='bbox 2048 687 2179 743; x_wconf 87' lang='lat' dir='ltr'><strong>dere</strong></span> <span class='ocrx_word' id='word_1_135' title='bbox 2206 708 2220 745; x_wconf 90' lang='lat'><strong>:</strong></span> <span class='ocrx_word' id='word_1_136' title='bbox 2256 690 2452 746; x_wconf 86' lang='lat' dir='ltr'><strong>Filium</strong></span> <span class='ocrx_word' id='word_1_137' title='bbox 2480 709 2611 749; x_wconf 86' lang='lat' dir='ltr'><strong>vero</strong></span> <span class='ocrx_word' id='word_1_138' title='bbox 2640 695 2851 752; x_wconf 81' lang='lat' dir='ltr'><strong>ratione</strong></span> <span class='ocrx_word' id='word_1_139' title='bbox 2882 696 3149 754; x_wconf 77' lang='lat' dir='ltr'><strong>duntaxat</strong></span> <span class='ocrx_word' id='word_1_140' title='bbox 3179 703 3403 767; x_wconf 67' lang='lat' dir='ltr'><strong>praedita</strong></span> <span class='ocrx_word' id='word_1_141' title='bbox 3437 722 3452 759; x_wconf 88' lang='lat'><strong>:</strong></span> <span class='ocrx_word' id='word_1_142' title='bbox 3504 705 3625 775; x_wconf 58' lang='lat' dir='ltr'><strong>Spi.</strong></span> 
     </span>
    </p>
   </div>
   <div class='ocr_carea' id='block_1_20' title="bbox 2051 781 3638 860">
    <p class='ocr_par' dir='ltr' id='par_1_20' title="bbox 2051 781 3638 860">
     <span class='ocr_line' id='line_1_20' title="bbox 2051 781 3638 860; baseline 0.011 -27"><span class='ocrx_word' id='word_1_143' title='bbox 2051 781 2213 836; x_wconf 90' lang='lat' dir='ltr'><strong>ritum</strong></span> <span class='ocrx_word' id='word_1_144' title='bbox 2261 793 2441 838; x_wconf 86' lang='lat' dir='ltr'><strong>autem</strong></span> <span class='ocrx_word' id='word_1_145' title='bbox 2501 801 2563 840; x_wconf 89' lang='lat' dir='ltr'><strong>ea</strong></span> <span class='ocrx_word' id='word_1_146' title='bbox 2624 796 2833 842; x_wconf 84' lang='lat' dir='ltr'><strong>tantum</strong></span> <span class='ocrx_word' id='word_1_147' title='bbox 2885 804 3007 860; x_wconf 57' lang='lat' dir='ltr'><strong>quat</strong></span> <span class='ocrx_word' id='word_1_148' title='bbox 3066 791 3218 848; x_wconf 86' lang='lat' dir='ltr'><strong>salva</strong></span> <span class='ocrx_word' id='word_1_149' title='bbox 3285 793 3426 849; x_wconf 78' lang='lat' dir='ltr'><strong>facta</strong></span> <span class='ocrx_word' id='word_1_150' title='bbox 3491 806 3638 851; x_wconf 86' lang='lat' dir='ltr'><strong>sunt.</strong></span> 
     </span>
    </p>
   </div>
   <div class='ocr_carea' id='block_1_21' title="bbox 2049 870 3633 955">
    <p class='ocr_par' dir='ltr' id='par_1_21' title="bbox 2049 870 3633 955">
     <span class='ocr_line' id='line_1_21' title="bbox 2049 870 3633 955; baseline 0.01 -30"><span class='ocrx_word' id='word_1_151' title='bbox 2049 870 2242 928; x_wconf 79' lang='lat' dir='ltr'><strong>Tradit</strong></span> <span class='ocrx_word' id='word_1_152' title='bbox 2262 884 2317 930; x_wconf 93' lang='lat' dir='ltr'><strong>et</strong></span> <span class='ocrx_word' id='word_1_153' title='bbox 2341 875 2443 929; x_wconf 86' lang='lat' dir='ltr'><strong>alia</strong></span> <span class='ocrx_word' id='word_1_154' title='bbox 2478 877 2703 931; x_wconf 89' lang='lat' dir='ltr'><strong>nimium</strong></span> <span class='ocrx_word' id='word_1_155' title='bbox 2727 879 2987 949; x_wconf 85' lang='lat' dir='ltr'><strong>absurda,</strong></span> <span class='ocrx_word' id='word_1_156' title='bbox 3011 881 3417 955; x_wconf 82' lang='lat' dir='ltr'><strong>impietatisque</strong></span> <span class='ocrx_word' id='word_1_157' title='bbox 3436 885 3592 955; x_wconf 89' lang='lat' dir='ltr'><strong>plena</strong></span> <span class='ocrx_word' id='word_1_158' title='bbox 3618 904 3633 942; x_wconf 89' lang='lat'><strong>:</strong></span> 
     </span>
    </p>
   </div>
   <div class='ocr_carea' id='block_1_22' title="bbox 2048 964 3640 1046">
    <p class='ocr_par' dir='ltr' id='par_1_22' title="bbox 2048 964 3640 1046">
     <span class='ocr_line' id='line_1_22' title="bbox 2048 964 3640 1046; baseline 0.007 -28"><span class='ocrx_word' id='word_1_159' title='bbox 2048 964 2360 1020; x_wconf 86' lang='lat' dir='ltr'><strong>animarqu</strong></span> <span class='ocrx_word' id='word_1_160' title='bbox 2412 965 2501 1039; x_wconf 66' lang='grc' dir='ltr'>4ο</span> <span class='ocrx_word' id='word_1_161' title='bbox 2536 969 2891 1039; x_wconf 86' lang='lat' dir='ltr'><strong>migrationes</strong></span> <span class='ocrx_word' id='word_1_162' title='bbox 2921 982 2977 1030; x_wconf 89' lang='lat' dir='ltr'><strong>et</strong></span> <span class='ocrx_word' id='word_1_163' title='bbox 3007 974 3252 1029; x_wconf 88' lang='lat' dir='ltr'><strong>animata</strong></span> <span class='ocrx_word' id='word_1_164' title='bbox 3282 976 3488 1042; x_wconf 81' lang='lat' dir='ltr'><strong>sidera,</strong></span> <span class='ocrx_word' id='word_1_165' title='bbox 3517 976 3640 1046; x_wconf 86' lang='lat' dir='ltr'><strong>plu-</strong></span> 
     </span>
    </p>
   </div>
   <div class='ocr_carea' id='block_1_23' title="bbox 2050 1056 3641 1138">
    <p class='ocr_par' dir='ltr' id='par_1_23' title="bbox 2050 1056 3641 1138">
     <span class='ocr_line' id='line_1_23' title="bbox 2050 1056 3641 1138; baseline 0.009 -30"><span class='ocrx_word' id='word_1_166' title='bbox 2050 1069 2218 1125; x_wconf 85' lang='lat' dir='ltr'><strong>raque</strong></span> <span class='ocrx_word' id='word_1_167' title='bbox 2248 1056 2300 1111; x_wconf 91' lang='lat' dir='ltr'><strong>id</strong></span> <span class='ocrx_word' id='word_1_168' title='bbox 2343 1072 2513 1127; x_wconf 89' lang='lat' dir='ltr'><strong>genus</strong></span> <span class='ocrx_word' id='word_1_169' title='bbox 2550 1060 2653 1114; x_wconf 91' lang='lat' dir='ltr'><strong>alia</strong></span> <span class='ocrx_word' id='word_1_170' title='bbox 2712 1073 2968 1133; x_wconf 84' lang='lat' dir='ltr'><strong>nugatus.</strong></span> <span class='ocrx_word' id='word_1_171' title='bbox 3022 1063 3208 1121; x_wconf 88' lang='lat' dir='ltr'><strong>Primo</strong></span> <span class='ocrx_word' id='word_1_172' title='bbox 3272 1066 3453 1138; x_wconf 84' lang='lat' dir='ltr'><strong>itaque</strong></span> <span class='ocrx_word' id='word_1_173' title='bbox 3501 1068 3641 1123; x_wconf 92' lang='lat' dir='ltr'><strong>libro</strong></span> 
     </span>
    </p>
   </div>
   <div class='ocr_carea' id='block_1_24' title="bbox 2051 1145 3637 1229">
    <p class='ocr_par' dir='ltr' id='par_1_24' title="bbox 2051 1145 3637 1229">
     <span class='ocr_line' id='line_1_24' title="bbox 2051 1145 3637 1229; baseline 0.008 -29"><span class='ocrx_word' id='word_1_174' title='bbox 2051 1145 2297 1204; x_wconf 70' lang='lat' dir='ltr'><strong>fabulose</strong></span> <span class='ocrx_word' id='word_1_175' title='bbox 2347 1150 2565 1205; x_wconf 89' lang='lat' dir='ltr'><strong>disserit</strong></span> <span class='ocrx_word' id='word_1_176' title='bbox 2621 1153 2689 1206; x_wconf 88' lang='lat' dir='ltr'><strong>de</strong></span> <span class='ocrx_word' id='word_1_177' title='bbox 2735 1153 2921 1217; x_wconf 88' lang='lat' dir='ltr'><strong>Patre,</strong></span> <span class='ocrx_word' id='word_1_178' title='bbox 2971 1164 3026 1210; x_wconf 93' lang='lat' dir='ltr'><strong>et</strong></span> <span class='ocrx_word' id='word_1_179' title='bbox 3084 1156 3175 1228; x_wconf 88' lang='lat' dir='ltr'><strong>(ut</strong></span> <span class='ocrx_word' id='word_1_180' title='bbox 3214 1157 3330 1228; x_wconf 91' lang='lat' dir='ltr'><strong>ipse</strong></span> <span class='ocrx_word' id='word_1_181' title='bbox 3367 1159 3637 1229; x_wconf 87' lang='lat' dir='ltr'><strong>appellat)</strong></span> 
     </span>
    </p>
   </div>
   <div class='ocr_carea' id='block_1_25' title="bbox 2049 1239 3636 1320">
    <p class='ocr_par' dir='ltr' id='par_1_25' title="bbox 2049 1239 3636 1320">
     <span class='ocr_line' id='line_1_25' title="bbox 2049 1239 3636 1320; baseline 0.008 -27"><span class='ocrx_word' id='word_1_182' title='bbox 2049 1239 2117 1294; x_wconf 89' lang='lat' dir='ltr'><strong>de</strong></span> <span class='ocrx_word' id='word_1_183' title='bbox 2144 1240 2384 1307; x_wconf 85' lang='lat' dir='ltr'><strong>Christo,</strong></span> <span class='ocrx_word' id='word_1_184' title='bbox 2416 1251 2472 1297; x_wconf 90' lang='lat' dir='ltr'><strong>et</strong></span> <span class='ocrx_word' id='word_1_185' title='bbox 2498 1243 2565 1299; x_wconf 90' lang='lat' dir='ltr'><strong>de</strong></span> <span class='ocrx_word' id='word_1_186' title='bbox 2591 1255 2782 1301; x_wconf 87' lang='lat' dir='ltr'><strong>sancto</strong></span> <span class='ocrx_word' id='word_1_187' title='bbox 2812 1246 3020 1316; x_wconf 84' lang='lat' dir='ltr'><strong>Spiritu</strong></span> <span class='ocrx_word' id='word_1_188' title='bbox 3057 1266 3073 1304; x_wconf 89' lang='lat'><strong>:</strong></span> <span class='ocrx_word' id='word_1_189' title='bbox 3109 1250 3337 1320; x_wconf 85' lang='lat' dir='ltr'><strong>insuper</strong></span> <span class='ocrx_word' id='word_1_190' title='bbox 3365 1262 3420 1306; x_wconf 91' lang='lat' dir='ltr'><strong>et</strong></span> <span class='ocrx_word' id='word_1_191' title='bbox 3452 1254 3517 1307; x_wconf 89' lang='lat' dir='ltr'><strong>de</strong></span> <span class='ocrx_word' id='word_1_192' title='bbox 3545 1268 3636 1306; x_wconf 90' lang='lat' dir='ltr'><strong>ua-</strong></span> 
     </span>
    </p>
   </div>
   <div class='ocr_carea' id='block_1_26' title="bbox 2051 1332 3639 1410">
    <p class='ocr_par' dir='ltr' id='par_1_26' title="bbox 2051 1332 3639 1410">
     <span class='ocr_line' id='line_1_26' title="bbox 2051 1332 3639 1410; baseline 0.009 -26"><span class='ocrx_word' id='word_1_193' title='bbox 2051 1332 2188 1388; x_wconf 88' lang='lat' dir='ltr'><strong>turis</strong></span> <span class='ocrx_word' id='word_1_194' title='bbox 2243 1334 2450 1389; x_wconf 90' lang='lat' dir='ltr'><strong>ratione</strong></span> <span class='ocrx_word' id='word_1_195' title='bbox 2495 1337 2757 1405; x_wconf 67' lang='lat' dir='ltr'><strong>praeditis.</strong></span> <span class='ocrx_word' id='word_1_196' title='bbox 2814 1339 3068 1396; x_wconf 89' lang='lat' dir='ltr'><strong>Secundo</strong></span> <span class='ocrx_word' id='word_1_197' title='bbox 3117 1357 3275 1409; x_wconf 84' lang='lat' dir='ltr'><strong>vero,</strong></span> <span class='ocrx_word' id='word_1_198' title='bbox 3302 1344 3370 1397; x_wconf 91' lang='lat' dir='ltr'><strong>de</strong></span> <span class='ocrx_word' id='word_1_199' title='bbox 3410 1345 3639 1410; x_wconf 85' lang='lat' dir='ltr'><strong>mundo,</strong></span> 
     </span>
    </p>
   </div>
   <div class='ocr_carea' id='block_1_27' title="bbox 2049 1420 3636 1498">
    <p class='ocr_par' dir='ltr' id='par_1_27' title="bbox 2049 1420 3636 1498">
     <span class='ocr_line' id='line_1_27' title="bbox 2049 1420 3636 1498; baseline 0.009 -25"><span class='ocrx_word' id='word_1_200' title='bbox 2049 1420 2322 1491; x_wconf 87' lang='lat' dir='ltr'><strong>rebusque</strong></span> <span class='ocrx_word' id='word_1_201' title='bbox 2352 1423 2403 1477; x_wconf 91' lang='lat' dir='ltr'><strong>iu</strong></span> <span class='ocrx_word' id='word_1_202' title='bbox 2436 1437 2501 1478; x_wconf 92' lang='lat' dir='ltr'><strong>eo</strong></span> <span class='ocrx_word' id='word_1_203' title='bbox 2534 1426 2770 1483; x_wconf 89' lang='lat' dir='ltr'><strong>conditis</strong></span> <span class='ocrx_word' id='word_1_204' title='bbox 2799 1446 2811 1482; x_wconf 95' lang='lat'>:</span> <span class='ocrx_word' id='word_1_205' title='bbox 2842 1440 3104 1498; x_wconf 69' lang='lat' dir='ltr'><strong>praeterea</strong></span> <span class='ocrx_word' id='word_1_206' title='bbox 3146 1447 3313 1487; x_wconf 89' lang='lat' dir='ltr'><strong>unum</strong></span> <span class='ocrx_word' id='word_1_207' title='bbox 3354 1434 3636 1487; x_wconf 78' lang='lat' dir='ltr'><strong>eumdem-</strong></span> 
     </span>
    </p>
   </div>
   <div class='ocr_carea' id='block_1_28' title="bbox 2048 1513 3632 1590">
    <p class='ocr_par' dir='ltr' id='par_1_28' title="bbox 2048 1513 3632 1590">
     <span class='ocr_line' id='line_1_28' title="bbox 2048 1513 3632 1590; baseline 0.008 -22"><span class='ocrx_word' id='word_1_208' title='bbox 2048 1529 2156 1583; x_wconf 92' lang='lat' dir='ltr'><strong>que</strong></span> <span class='ocrx_word' id='word_1_209' title='bbox 2180 1528 2301 1569; x_wconf 87' lang='lat' dir='ltr'><strong>esse</strong></span> <span class='ocrx_word' id='word_1_210' title='bbox 2344 1513 2513 1570; x_wconf 90' lang='lat' dir='ltr'><strong>Deum</strong></span> <span class='ocrx_word' id='word_1_211' title='bbox 2544 1516 2679 1586; x_wconf 90' lang='lat' dir='ltr'><strong>legis</strong></span> <span class='ocrx_word' id='word_1_212' title='bbox 2734 1528 2791 1574; x_wconf 92' lang='lat' dir='ltr'><strong>et</strong></span> <span class='ocrx_word' id='word_1_213' title='bbox 2822 1522 3212 1590; x_wconf 81' lang='lat' dir='ltr'><strong>praphetarum</strong></span> <span class='ocrx_word' id='word_1_214' title='bbox 3241 1544 3256 1580; x_wconf 89' lang='lat'><strong>:</strong></span> <span class='ocrx_word' id='word_1_215' title='bbox 3288 1541 3453 1579; x_wconf 91' lang='lat' dir='ltr'><strong>unum</strong></span> <span class='ocrx_word' id='word_1_216' title='bbox 3504 1526 3632 1581; x_wconf 86' lang='lat' dir='ltr'><strong>item</strong></span> 
     </span>
    </p>
   </div>
   <div class='ocr_carea' id='block_1_29' title="bbox 2047 1605 3637 1673">
    <p class='ocr_par' dir='ltr' id='par_1_29' title="bbox 2047 1605 3637 1673">
     <span class='ocr_line' id='line_1_29' title="bbox 2047 1605 3637 1673; baseline 0.008 -13"><span class='ocrx_word' id='word_1_217' title='bbox 2047 1618 2169 1661; x_wconf 90' lang='lat' dir='ltr'><strong>esse</strong></span> <span class='ocrx_word' id='word_1_218' title='bbox 2197 1605 2407 1662; x_wconf 87' lang='lat' dir='ltr'><strong>Veteris</strong></span> <span class='ocrx_word' id='word_1_219' title='bbox 2435 1616 2487 1662; x_wconf 93' lang='lat' dir='ltr'><strong>et</strong></span> <span class='ocrx_word' id='word_1_220' title='bbox 2518 1605 2655 1664; x_wconf 87' lang='lat' dir='ltr'><strong>Novi</strong></span> <span class='ocrx_word' id='word_1_221' title='bbox 2705 1609 3046 1668; x_wconf 89' lang='lat' dir='ltr'><strong>Testamenti</strong></span> <span class='ocrx_word' id='word_1_222' title='bbox 3079 1615 3249 1670; x_wconf 89' lang='lat' dir='ltr'><strong>Deum</strong></span> <span class='ocrx_word' id='word_1_223' title='bbox 3284 1634 3298 1671; x_wconf 93' lang='lat'><strong>:</strong></span> <span class='ocrx_word' id='word_1_224' title='bbox 3345 1617 3412 1673; x_wconf 88' lang='lat' dir='ltr'><strong>de</strong></span> <span class='ocrx_word' id='word_1_225' title='bbox 3444 1618 3637 1673; x_wconf 87' lang='lat' dir='ltr'><strong>Salva-</strong></span> 
     </span>
    </p>
   </div>
   <div class='ocr_carea' id='block_1_30' title="bbox 2049 1696 3634 1781">
    <p class='ocr_par' dir='ltr' id='par_1_30' title="bbox 2049 1696 3634 1781">
     <span class='ocr_line' id='line_1_30' title="bbox 2049 1696 3634 1781; baseline 0.006 -30"><span class='ocrx_word' id='word_1_226' title='bbox 2049 1696 2184 1752; x_wconf 87' lang='lat' dir='ltr'><strong>toris</strong></span> <span class='ocrx_word' id='word_1_227' title='bbox 2242 1697 2670 1755; x_wconf 82' lang='lat' dir='ltr'><strong>incarnatione:</strong></span> <span class='ocrx_word' id='word_1_228' title='bbox 2726 1702 2977 1759; x_wconf 89' lang='lat' dir='ltr'><strong>eumdem</strong></span> <span class='ocrx_word' id='word_1_229' title='bbox 3030 1705 3282 1776; x_wconf 87' lang='lat' dir='ltr'><strong>spiritum</strong></span> <span class='ocrx_word' id='word_1_230' title='bbox 3319 1708 3372 1762; x_wconf 93' lang='lat' dir='ltr'><strong>in</strong></span> <span class='ocrx_word' id='word_1_231' title='bbox 3426 1707 3634 1781; x_wconf 80' lang='lat' dir='ltr'><strong>Moyse,</strong></span> 
     </span>
    </p>
   </div>
   <div class='ocr_carea' id='block_1_31' title="bbox 331 1776 1936 1869">
    <p class='ocr_par' dir='ltr' id='par_1_31' title="bbox 331 1776 1936 1864">
     <span class='ocr_line' id='line_1_31' title="bbox 331 1776 1936 1864; baseline 0.024 -49"><span class='ocrx_word' id='word_1_232' title='bbox 331 1776 690 1847; x_wconf 62' lang='grc' dir='ltr'>θρωπήσεως,</span> <span class='ocrx_word' id='word_1_233' title='bbox 748 1783 852 1834; x_wconf 74' lang='grc' dir='ltr'>καὶ</span> <span class='ocrx_word' id='word_1_234' title='bbox 896 1783 982 1836; x_wconf 79' lang='grc' dir='ltr'>ὅτι</span> <span class='ocrx_word' id='word_1_235' title='bbox 1030 1785 1091 1839; x_wconf 83' lang='grc' dir='ltr'><strong>τὺ</strong></span> <span class='ocrx_word' id='word_1_236' title='bbox 1124 1787 1257 1841; x_wconf 80' lang='grc' dir='ltr'>αὐτὸ</span> <span class='ocrx_word' id='word_1_237' title='bbox 1297 1789 1525 1861; x_wconf 82' lang='grc' dir='ltr'><strong>Πνεῦμα</strong></span> <span class='ocrx_word' id='word_1_238' title='bbox 1567 1793 1625 1845; x_wconf 84' lang='grc' dir='ltr'>ὲν</span> <span class='ocrx_word' id='word_1_239' title='bbox 1667 1794 1875 1864; x_wconf 73' lang='grc' dir='ltr'>Μωῦσῇ</span> <span class='ocrx_word' id='word_1_240' title='bbox 1901 1794 1936 1826; x_wconf 69' lang='grc'><strong>³⁸</strong></span> 
     </span>
    </p>
   </div>
   <div class='ocr_carea' id='block_1_32' title="bbox 2049 1776 3632 1869">
    <p class='ocr_par' dir='ltr' id='par_1_32' title="bbox 2050 1776 3632 1869">
     <span class='ocr_line' id='line_1_32' title="bbox 2050 1776 3632 1869; baseline 0.005 -23"><span class='ocrx_word' id='word_1_241' title='bbox 2050 1800 2105 1846; x_wconf 88' lang='lat' dir='ltr'><strong>et</strong></span> <span class='ocrx_word' id='word_1_242' title='bbox 2131 1789 2251 1844; x_wconf 89' lang='lat' dir='ltr'><strong>aliis</strong></span> <span class='ocrx_word' id='word_1_243' title='bbox 2293 1791 2594 1861; x_wconf 84' lang='lat' dir='ltr'><strong>prepbetis,</strong></span> <span class='ocrx_word' id='word_1_244' title='bbox 2631 1794 2946 1866; x_wconf 88' lang='lat' dir='ltr'><strong>sanctisque</strong></span> <span class='ocrx_word' id='word_1_245' title='bbox 2992 1799 3257 1869; x_wconf 91' lang='lat' dir='ltr'><strong>apostolis</strong></span> <span class='ocrx_word' id='word_1_246' title='bbox 3305 1776 3632 1857; x_wconf 35' lang='lat' dir='ltr'><strong>fuisse.-.“</strong></span> 
     </span>
    </p>
   </div>
   <div class='ocr_carea' id='block_1_33' title="bbox 329 1869 1936 1962">
    <p class='ocr_par' dir='ltr' id='par_1_33' title="bbox 329 1869 1934 1949">
     <span class='ocr_line' id='line_1_33' title="bbox 329 1869 1934 1949; baseline 0.011 -28"><span class='ocrx_word' id='word_1_247' title='bbox 329 1869 419 1922; x_wconf 74' lang='grc' dir='ltr'>καὶ</span> <span class='ocrx_word' id='word_1_248' title='bbox 440 1874 552 1933; x_wconf 75' lang='grc' dir='ltr'>τοῖς</span> <span class='ocrx_word' id='word_1_249' title='bbox 573 1871 763 1936; x_wconf 69' lang='grc' dir='ltr'>ἄλλοις</span> <span class='ocrx_word' id='word_1_250' title='bbox 790 1876 1115 1947; x_wconf 78' lang='grc' dir='ltr'>προφήταις</span> <span class='ocrx_word' id='word_1_251' title='bbox 1144 1879 1240 1933; x_wconf 79' lang='grc' dir='ltr'>καὶ</span> <span class='ocrx_word' id='word_1_252' title='bbox 1261 1880 1437 1949; x_wconf 81' lang='grc' dir='ltr'>ἁγίοις</span> <span class='ocrx_word' id='word_1_253' title='bbox 1483 1883 1825 1949; x_wconf 84' lang='grc' dir='ltr'>ἀποστόλοις·</span> <span class='ocrx_word' id='word_1_254' title='bbox 1853 1885 1934 1939; x_wconf 77' lang='grc' dir='ltr'>ἔτι</span> 
     </span>
    </p>
   </div>
   <div class='ocr_carea' id='block_1_34' title="bbox 2049 1869 3631 1962">
    <p class='ocr_par' dir='ltr' id='par_1_34' title="bbox 2049 1881 3631 1962">
     <span class='ocr_line' id='line_1_34' title="bbox 2049 1881 3631 1962; baseline 0.008 -27"><span class='ocrx_word' id='word_1_255' title='bbox 2049 1885 2158 1936; x_wconf 71' lang='lat' dir='ltr'><strong>haec</strong></span> <span class='ocrx_word' id='word_1_256' title='bbox 2190 1882 2255 1934; x_wconf 90' lang='lat' dir='ltr'><strong>de</strong></span> <span class='ocrx_word' id='word_1_257' title='bbox 2284 1882 2489 1947; x_wconf 89' lang='lat' dir='ltr'><strong>anima,</strong></span> <span class='ocrx_word' id='word_1_258' title='bbox 2520 1881 2586 1936; x_wconf 90' lang='lat' dir='ltr'><strong>de</strong></span> <span class='ocrx_word' id='word_1_259' title='bbox 2615 1886 3044 1954; x_wconf 85' lang='lat' dir='ltr'><strong>resurrectione,</strong></span> <span class='ocrx_word' id='word_1_260' title='bbox 3075 1889 3144 1945; x_wconf 94' lang='lat' dir='ltr'><strong>de</strong></span> <span class='ocrx_word' id='word_1_261' title='bbox 3176 1902 3357 1959; x_wconf 65' lang='lat' dir='ltr'><strong>paena,</strong></span> <span class='ocrx_word' id='word_1_262' title='bbox 3389 1892 3455 1947; x_wconf 90' lang='lat' dir='ltr'><strong>de</strong></span> <span class='ocrx_word' id='word_1_263' title='bbox 3488 1906 3631 1962; x_wconf 68' lang='lat' dir='ltr'><strong>prae-</strong></span> 
     </span>
    </p>
   </div>
   <div class='ocr_carea' id='block_1_35' title="bbox 330 1962 1936 2047">
    <p class='ocr_par' dir='ltr' id='par_1_35' title="bbox 330 1962 1936 2047">
     <span class='ocr_line' id='line_1_35' title="bbox 330 1962 1936 2047; baseline 0.012 -36"><span class='ocrx_word' id='word_1_264' title='bbox 330 1962 459 2030; x_wconf 67' lang='grc' dir='ltr'>περὶ</span> <span class='ocrx_word' id='word_1_265' title='bbox 479 1962 689 2031; x_wconf 65' lang='grc' dir='ltr'>ψυχῆς,</span> <span class='ocrx_word' id='word_1_266' title='bbox 718 1966 856 2035; x_wconf 78' lang='grc' dir='ltr'>περὶ</span> <span class='ocrx_word' id='word_1_267' title='bbox 885 1967 1260 2037; x_wconf 79' lang='grc' dir='ltr'>ἀναστάσεως,</span> <span class='ocrx_word' id='word_1_268' title='bbox 1325 1972 1458 2044; x_wconf 79' lang='grc' dir='ltr'>περὶ</span> <span class='ocrx_word' id='word_1_269' title='bbox 1481 1973 1777 2039; x_wconf 75' lang='grc' dir='ltr'>κολάσεως,</span> <span class='ocrx_word' id='word_1_270' title='bbox 1806 1976 1936 2047; x_wconf 81' lang='grc' dir='ltr'>περὶ</span> 
     </span>
    </p>
   </div>
   <div class='ocr_carea' id='block_1_36' title="bbox 336 2052 1936 2134">
    <p class='ocr_par' dir='ltr' id='par_1_36' title="bbox 336 2052 1936 2134">
     <span class='ocr_line' id='line_1_36' title="bbox 336 2052 1936 2134; baseline 0.013 -32"><span class='ocrx_word' id='word_1_271' title='bbox 336 2052 697 2119; x_wconf 65' lang='grc' dir='ltr'>ἐπαγγελιῶν.</span> <span class='ocrx_word' id='word_1_272' title='bbox 747 2056 807 2110; x_wconf 84' lang='grc' dir='ltr'>Ὁ</span> <span class='ocrx_word' id='word_1_273' title='bbox 844 2056 905 2110; x_wconf 79' lang='grc' dir='ltr'>δὲ</span> <span class='ocrx_word' id='word_1_274' title='bbox 943 2059 1130 2129; x_wconf 77' lang='grc' dir='ltr'>τρίτος</span> <span class='ocrx_word' id='word_1_275' title='bbox 1171 2062 1302 2134; x_wconf 80' lang='grc' dir='ltr'>περὶ</span> <span class='ocrx_word' id='word_1_276' title='bbox 1341 2064 1717 2130; x_wconf 70' lang='grc' dir='ltr'>αύτεξουσίου.</span> <span class='ocrx_word' id='word_1_277' title='bbox 1751 2068 1875 2132; x_wconf 88' lang='grc' dir='ltr'><strong>Πῶς</strong></span> <span class='ocrx_word' id='word_1_278' title='bbox 1907 2071 1936 2124; x_wconf 91' lang='lat'><strong>6</strong></span> 
     </span>
    </p>
   </div>
   <div class='ocr_carea' id='block_1_37' title="bbox 339 2143 1935 2229">
    <p class='ocr_par' dir='ltr' id='par_1_37' title="bbox 339 2143 1935 2229">
     <span class='ocr_line' id='line_1_37' title="bbox 339 2143 1935 2229; baseline 0.011 -32"><span class='ocrx_word' id='word_1_279' title='bbox 339 2143 574 2210; x_wconf 65' lang='grc' dir='ltr'>διάϐολος</span> <span class='ocrx_word' id='word_1_280' title='bbox 614 2150 711 2201; x_wconf 81' lang='grc' dir='ltr'><strong>καὶ</strong></span> <span class='ocrx_word' id='word_1_281' title='bbox 757 2151 819 2203; x_wconf 71' lang='grc' dir='ltr'>αἱ</span> <span class='ocrx_word' id='word_1_282' title='bbox 887 2151 1267 2223; x_wconf 82' lang='grc' dir='ltr'>ἀντικείμεναι</span> <span class='ocrx_word' id='word_1_283' title='bbox 1318 2157 1581 2229; x_wconf 82' lang='grc' dir='ltr'>δυνάμεις</span> <span class='ocrx_word' id='word_1_284' title='bbox 1639 2159 1782 2215; x_wconf 86' lang='grc' dir='ltr'><strong>κατά</strong></span> <span class='ocrx_word' id='word_1_285' title='bbox 1835 2162 1935 2226; x_wconf 84' lang='grc' dir='ltr'>τὰς</span> 
     </span>
    </p>
   </div>
   <div class='ocr_carea' id='block_1_38' title="bbox 332 2238 1935 2323">
    <p class='ocr_par' dir='ltr' id='par_1_38' title="bbox 332 2238 1935 2323">
     <span class='ocr_line' id='line_1_38' title="bbox 332 2238 1935 2323; baseline 0.01 -33"><span class='ocrx_word' id='word_1_286' title='bbox 332 2238 375 2290; x_wconf 88' lang='grc' dir='ltr'><strong><em>Γ</em></strong></span> <span class='ocrx_word' id='word_1_287' title='bbox 371 2240 546 2309; x_wconf 60' lang='grc' dir='ltr'>,βαφὰς</span> <span class='ocrx_word' id='word_1_288' title='bbox 578 2242 992 2311; x_wconf 76' lang='grc' dir='ltr'>στρατεύονται</span> <span class='ocrx_word' id='word_1_289' title='bbox 1028 2246 1107 2316; x_wconf 86' lang='grc' dir='ltr'>τῷ</span> <span class='ocrx_word' id='word_1_290' title='bbox 1155 2247 1483 2322; x_wconf 80' lang='grc' dir='ltr'>ἀνθρωπίνῳ</span> <span class='ocrx_word' id='word_1_291' title='bbox 1511 2252 1681 2320; x_wconf 82' lang='grc' dir='ltr'>γένει·</span> <span class='ocrx_word' id='word_1_292' title='bbox 1726 2253 1809 2307; x_wconf 81' lang='grc' dir='ltr'>ὅτι</span> <span class='ocrx_word' id='word_1_293' title='bbox 1843 2271 1935 2323; x_wconf 56' lang='grc' dir='ltr'>γε.</span> 
     </span>
    </p>
   </div>
   <div class='ocr_carea' id='block_1_39' title="bbox 320 2334 1933 2417">
    <p class='ocr_par' dir='ltr' id='par_1_39' title="bbox 320 2334 1933 2417">
     <span class='ocr_line' id='line_1_39' title="bbox 320 2334 1933 2417; baseline 0.011 -33"><span class='ocrx_word' id='word_1_294' title='bbox 320 2334 476 2399; x_wconf 72' lang='grc' dir='ltr'>νητὸς</span> <span class='ocrx_word' id='word_1_295' title='bbox 514 2336 545 2387; x_wconf 88' lang='lat'><strong>6</strong></span> <span class='ocrx_word' id='word_1_296' title='bbox 588 2336 811 2404; x_wconf 77' lang='grc' dir='ltr'>κόσμος</span> <span class='ocrx_word' id='word_1_297' title='bbox 857 2338 957 2391; x_wconf 78' lang='grc' dir='ltr'><strong>καὶ</strong></span> <span class='ocrx_word' id='word_1_298' title='bbox 996 2338 1238 2411; x_wconf 78' lang='grc' dir='ltr'>φθαρτὸς</span> <span class='ocrx_word' id='word_1_299' title='bbox 1279 2343 1389 2396; x_wconf 79' lang='grc' dir='ltr'><strong>ἀπὸ</strong></span> <span class='ocrx_word' id='word_1_300' title='bbox 1437 2344 1632 2414; x_wconf 85' lang='grc' dir='ltr'>χρόνου</span> <span class='ocrx_word' id='word_1_301' title='bbox 1691 2346 1933 2417; x_wconf 83' lang='grc' dir='ltr'>ἀρξάμε-</span> 
     </span>
    </p>
   </div>
   <div class='ocr_carea' id='block_1_40' title="bbox 316 2425 1928 2508">
    <p class='ocr_par' dir='ltr' id='par_1_40' title="bbox 316 2425 1928 2508">
     <span class='ocr_line' id='line_1_40' title="bbox 316 2425 1928 2508; baseline 0.01 -32"><span class='ocrx_word' id='word_1_302' title='bbox 316 2440 421 2487; x_wconf 81' lang='grc' dir='ltr'>νος.</span> <span class='ocrx_word' id='word_1_303' title='bbox 465 2425 527 2478; x_wconf 88' lang='lat'><strong>&#39;0</strong></span> <span class='ocrx_word' id='word_1_304' title='bbox 553 2425 614 2479; x_wconf 80' lang='grc' dir='ltr'>δὲ</span> <span class='ocrx_word' id='word_1_305' title='bbox 640 2428 917 2497; x_wconf 74' lang='grc' dir='ltr'>τέταρτος</span> <span class='ocrx_word' id='word_1_306' title='bbox 939 2431 1072 2501; x_wconf 73' lang='grc' dir='ltr'>περὶ</span> <span class='ocrx_word' id='word_1_307' title='bbox 1105 2432 1312 2499; x_wconf 79' lang='grc' dir='ltr'>τέλους,</span> <span class='ocrx_word' id='word_1_308' title='bbox 1330 2435 1413 2488; x_wconf 85' lang='grc' dir='ltr'>ὅτι</span> <span class='ocrx_word' id='word_1_309' title='bbox 1434 2434 1574 2489; x_wconf 86' lang='grc' dir='ltr'>θεῖαι</span> <span class='ocrx_word' id='word_1_310' title='bbox 1608 2437 1665 2490; x_wconf 86' lang='grc' dir='ltr'>αἱ</span> <span class='ocrx_word' id='word_1_311' title='bbox 1689 2437 1928 2508; x_wconf 84' lang='grc' dir='ltr'>Γραφαί.</span> 
     </span>
    </p>
   </div>
   <div class='ocr_carea' id='block_1_41' title="bbox 314 2515 1925 2601">
    <p class='ocr_par' dir='ltr' id='par_1_41' title="bbox 314 2515 1925 2601">
     <span class='ocr_line' id='line_1_41' title="bbox 314 2515 1925 2601; baseline 0.009 -32"><span class='ocrx_word' id='word_1_312' title='bbox 314 2515 499 2580; x_wconf 67' lang='grc' dir='ltr'>τέλος.</span> <span class='ocrx_word' id='word_1_313' title='bbox 531 2518 689 2583; x_wconf 73' lang='grc' dir='ltr'>ὅπως</span> <span class='ocrx_word' id='word_1_314' title='bbox 711 2522 801 2573; x_wconf 84' lang='grc' dir='ltr'>δεῖ</span> <span class='ocrx_word' id='word_1_315' title='bbox 833 2522 1237 2591; x_wconf 82' lang='grc' dir='ltr'>ἀναγινώσκειν</span> <span class='ocrx_word' id='word_1_316' title='bbox 1266 2526 1359 2579; x_wconf 78' lang='grc' dir='ltr'>καὶ</span> <span class='ocrx_word' id='word_1_317' title='bbox 1387 2529 1527 2580; x_wconf 83' lang='grc' dir='ltr'>νοεῖν</span> <span class='ocrx_word' id='word_1_318' title='bbox 1552 2527 1650 2592; x_wconf 78' lang='grc' dir='ltr'><strong>τὰς</strong></span> <span class='ocrx_word' id='word_1_319' title='bbox 1681 2529 1925 2601; x_wconf 86' lang='grc' dir='ltr'>Γραφάς.</span> 
     </span>
    </p>
   </div>
   <div class='ocr_carea' id='block_1_42' title="bbox 1074 2657 1152 2713">
    <p class='ocr_par' dir='ltr' id='par_1_42' title="bbox 1074 2657 1152 2713">
     <span class='ocr_line' id='line_1_42' title="bbox 1074 2657 1152 2713; baseline 0.013 -1"><span class='ocrx_word' id='word_1_320' title='bbox 1074 2657 1152 2713; x_wconf 83' lang='grc' dir='ltr'><strong>Θ’.</strong></span> 
     </span>
    </p>
   </div>
   <div class='ocr_carea' id='block_1_43' title="bbox 574 2765 1695 2840">
    <p class='ocr_par' dir='ltr' id='par_1_43' title="bbox 574 2765 1695 2840">
     <span class='ocr_line' id='line_1_43' title="bbox 574 2765 1695 2840; baseline 0.012 -23"><span class='ocrx_word' id='word_1_321' title='bbox 574 2765 893 2821; x_wconf 76' lang='grc' dir='ltr'><strong>Εὑσεόἰου</strong></span> <span class='ocrx_word' id='word_1_322' title='bbox 924 2771 1290 2840; x_wconf 81' lang='grc' dir='ltr'>Καισαρείας</span> <span class='ocrx_word' id='word_1_323' title='bbox 1318 2773 1695 2832; x_wconf 82' lang='grc' dir='ltr'><strong>ἐπισκόπου.</strong></span> 
     </span>
    </p>
   </div>
   <div class='ocr_carea' id='block_1_44' title="bbox 385 2877 1928 2958">
    <p class='ocr_par' dir='ltr' id='par_1_44' title="bbox 385 2877 1928 2958">
     <span class='ocr_line' id='line_1_44' title="bbox 385 2877 1928 2958; baseline 0.012 -30"><span class='ocrx_word' id='word_1_324' title='bbox 385 2877 754 2949; x_wconf 77' lang='grc' dir='ltr'>’Δνεγνώσθη</span> <span class='ocrx_word' id='word_1_325' title='bbox 786 2881 1203 2952; x_wconf 67' lang='grc' dir='ltr'>Εὑαγγελικῆς</span> <span class='ocrx_word' id='word_1_326' title='bbox 1218 2888 1741 2958; x_wconf 77' lang='grc' dir='ltr'>Προπαρασκευῆς</span> <span class='ocrx_word' id='word_1_327' title='bbox 1764 2893 1928 2947; x_wconf 83' lang='grc' dir='ltr'>Εὐσε-</span> 
     </span>
    </p>
   </div>
   <div class='ocr_carea' id='block_1_45' title="bbox 304 2967 1928 3052">
    <p class='ocr_par' dir='ltr' id='par_1_45' title="bbox 304 2967 1928 3052">
     <span class='ocr_line' id='line_1_45' title="bbox 304 2967 1928 3052; baseline 0.01 -32"><span class='ocrx_word' id='word_1_328' title='bbox 304 2967 425 3021; x_wconf 75' lang='grc' dir='ltr'>εὲου</span> <span class='ocrx_word' id='word_1_329' title='bbox 448 2969 612 3036; x_wconf 67' lang='grc' dir='ltr'>λόγος</span> <span class='ocrx_word' id='word_1_330' title='bbox 633 2976 726 3036; x_wconf 85' lang='grc' dir='ltr'>ιε’,</span> <span class='ocrx_word' id='word_1_331' title='bbox 745 2973 805 3024; x_wconf 79' lang='grc' dir='ltr'>ὲν</span> <span class='ocrx_word' id='word_1_332' title='bbox 836 2967 918 3037; x_wconf 73' lang='grc' dir='ltr'>οἷς</span> <span class='ocrx_word' id='word_1_333' title='bbox 948 2975 1025 3038; x_wconf 83' lang='grc' dir='ltr'>ὡς</span> <span class='ocrx_word' id='word_1_334' title='bbox 1051 2976 1257 3030; x_wconf 75' lang='grc' dir='ltr'>ἐπίπαν</span> <span class='ocrx_word' id='word_1_335' title='bbox 1286 2977 1384 3048; x_wconf 83' lang='grc' dir='ltr'>τὴν</span> <span class='ocrx_word' id='word_1_336' title='bbox 1402 2979 1673 3050; x_wconf 78' lang='grc' dir='ltr'>Ἐλλήνων</span> <span class='ocrx_word' id='word_1_337' title='bbox 1704 3000 1928 3052; x_wconf 84' lang='grc' dir='ltr'>ματαιο-</span> 
     </span>
    </p>
   </div>
   <div class='ocr_carea' id='block_1_46' title="bbox 304 3062 1929 3149">
    <p class='ocr_par' dir='ltr' id='par_1_46' title="bbox 304 3062 1929 3149">
     <span class='ocr_line' id='line_1_46' title="bbox 304 3062 1929 3149; baseline 0.01 -34"><span class='ocrx_word' id='word_1_338' title='bbox 304 3062 501 3129; x_wconf 66' lang='grc' dir='ltr'>λογίαν</span> <span class='ocrx_word' id='word_1_339' title='bbox 535 3064 909 3135; x_wconf 71' lang='grc' dir='ltr'>ἐλέγχει,καὶ</span> <span class='ocrx_word' id='word_1_340' title='bbox 937 3067 1012 3131; x_wconf 86' lang='grc' dir='ltr'><strong>ὡς</strong></span> <span class='ocrx_word' id='word_1_341' title='bbox 1031 3069 1352 3141; x_wconf 82' lang='grc' dir='ltr'>ἀσύμφωνοι</span> <span class='ocrx_word' id='word_1_342' title='bbox 1371 3071 1462 3143; x_wconf 73' lang='lat'><strong>[12</strong></span> <span class='ocrx_word' id='word_1_343' title='bbox 1482 3073 1573 3147; x_wconf 79' lang='lat' dir='ltr'><strong>R.]</strong></span> <span class='ocrx_word' id='word_1_344' title='bbox 1604 3076 1759 3129; x_wconf 65' lang='lat' dir='ltr'><strong>animi.</strong></span> <span class='ocrx_word' id='word_1_345' title='bbox 1788 3078 1929 3149; x_wconf 79' lang='grc' dir='ltr'>πρὸς</span> 
     </span>
    </p>
   </div>
   <div class='ocr_carea' id='block_1_47' title="bbox 312 3156 1924 3239">
    <p class='ocr_par' dir='ltr' id='par_1_47' title="bbox 312 3156 1924 3239">
     <span class='ocr_line' id='line_1_47' title="bbox 312 3156 1924 3239; baseline 0.011 -33"><span class='ocrx_word' id='word_1_346' title='bbox 312 3156 551 3219; x_wconf 67' lang='grc' dir='ltr'>ἑαυτοὺς</span> <span class='ocrx_word' id='word_1_347' title='bbox 585 3156 933 3213; x_wconf 77' lang='grc' dir='ltr'>διετέλεσαν.</span> <span class='ocrx_word' id='word_1_348' title='bbox 976 3160 1266 3233; x_wconf 81' lang='grc' dir='ltr'>Μέμνηται</span> <span class='ocrx_word' id='word_1_349' title='bbox 1299 3163 1356 3217; x_wconf 78' lang='grc' dir='ltr'>δὲ</span> <span class='ocrx_word' id='word_1_350' title='bbox 1394 3165 1453 3218; x_wconf 81' lang='grc' dir='ltr'>ἐν</span> <span class='ocrx_word' id='word_1_351' title='bbox 1486 3166 1631 3239; x_wconf 83' lang='grc' dir='ltr'>ἀρχῇ</span> <span class='ocrx_word' id='word_1_352' title='bbox 1656 3168 1751 3221; x_wconf 75' lang='grc' dir='ltr'>τοῦ</span> <span class='ocrx_word' id='word_1_353' title='bbox 1793 3188 1924 3223; x_wconf 81' lang='grc' dir='ltr'>πεν-</span> 
     </span>
    </p>
   </div>
   <div class='ocr_carea' id='block_1_48' title="bbox 313 3250 1929 3335">
    <p class='ocr_par' dir='ltr' id='par_1_48' title="bbox 313 3250 1929 3335">
     <span class='ocr_line' id='line_1_48' title="bbox 313 3250 1929 3335; baseline 0.011 -34"><span class='ocrx_word' id='word_1_354' title='bbox 313 3250 727 3304; x_wconf 74' lang='grc' dir='ltr'>τεκαιδεκάτου</span> <span class='ocrx_word' id='word_1_355' title='bbox 753 3252 916 3320; x_wconf 83' lang='grc' dir='ltr'>λόγου</span> <span class='ocrx_word' id='word_1_356' title='bbox 953 3253 1009 3327; x_wconf 87' lang='grc'><strong>[5</strong></span> <span class='ocrx_word' id='word_1_357' title='bbox 1032 3254 1127 3328; x_wconf 82' lang='grc' dir='ltr'><strong>Η.]</strong></span> <span class='ocrx_word' id='word_1_358' title='bbox 1162 3256 1259 3311; x_wconf 79' lang='grc' dir='ltr'>καὶ</span> <span class='ocrx_word' id='word_1_359' title='bbox 1291 3259 1350 3310; x_wconf 82' lang='grc' dir='ltr'>ἐν</span> <span class='ocrx_word' id='word_1_360' title='bbox 1404 3259 1483 3330; x_wconf 82' lang='grc' dir='ltr'><strong>τῷ</strong></span> <span class='ocrx_word' id='word_1_361' title='bbox 1526 3261 1672 3315; x_wconf 84' lang='grc' dir='ltr'>τέλει</span> <span class='ocrx_word' id='word_1_362' title='bbox 1728 3263 1929 3335; x_wconf 76' lang='grc' dir='ltr'>ἐτέρας</span> 
     </span>
    </p>
   </div>
   <div class='ocr_carea' id='block_1_49' title="bbox 316 3345 1931 3421">
    <p class='ocr_par' dir='ltr' id='par_1_49' title="bbox 316 3345 1931 3421">
     <span class='ocr_line' id='line_1_49' title="bbox 316 3345 1931 3421; baseline 0.012 -29"><span class='ocrx_word' id='word_1_363' title='bbox 316 3345 753 3413; x_wconf 74' lang='grc' dir='ltr'>πραγματείας,</span> <span class='ocrx_word' id='word_1_364' title='bbox 818 3348 892 3415; x_wconf 81' lang='grc' dir='ltr'>ῆν</span> <span class='ocrx_word' id='word_1_365' title='bbox 923 3349 1347 3420; x_wconf 73' lang='grc' dir='ltr'>Εὐαγγελικὴν</span> <span class='ocrx_word' id='word_1_366' title='bbox 1379 3351 1712 3418; x_wconf 78' lang='grc' dir='ltr'>Ἀπόδειξιν</span> <span class='ocrx_word' id='word_1_367' title='bbox 1753 3356 1931 3421; x_wconf 78' lang='grc' dir='ltr'>ἐξονο-</span> 
     </span>
    </p>
   </div>
   <div class='ocr_carea' id='block_1_50' title="bbox 316 3437 1930 3519">
    <p class='ocr_par' dir='ltr' id='par_1_50' title="bbox 316 3437 1930 3519">
     <span class='ocr_line' id='line_1_50' title="bbox 316 3437 1930 3519; baseline -0.002 -25"><span class='ocrx_word' id='word_1_368' title='bbox 316 3437 487 3503; x_wconf 70' lang='grc' dir='ltr'>μάζει</span> <span class='ocrx_word' id='word_1_369' title='bbox 549 3437 600 3469; x_wconf 72' lang='grc'><strong>⁸⁸</strong></span> <span class='ocrx_word' id='word_1_370' title='bbox 627 3477 646 3502; x_wconf 86' lang='grc'><strong>,</strong></span> <span class='ocrx_word' id='word_1_371' title='bbox 703 3439 1005 3495; x_wconf 85' lang='grc' dir='ltr'>ἀκόλουθον</span> <span class='ocrx_word' id='word_1_372' title='bbox 1052 3441 1216 3497; x_wconf 73' lang='grc' dir='ltr'>οὖσαν</span> <span class='ocrx_word' id='word_1_373' title='bbox 1266 3448 1334 3517; x_wconf 82' lang='grc' dir='ltr'>τῇ</span> <span class='ocrx_word' id='word_1_374' title='bbox 1366 3447 1749 3518; x_wconf 78' lang='grc' dir='ltr'>Εὐαγγελικῇ</span> <span class='ocrx_word' id='word_1_375' title='bbox 1780 3454 1930 3519; x_wconf 84' lang='grc' dir='ltr'><strong>Προ-</strong></span> 
     </span>
    </p>
   </div>
   <div class='ocr_carea' id='block_1_51' title="bbox 318 3531 1932 3617">
    <p class='ocr_par' dir='ltr' id='par_1_51' title="bbox 318 3531 1932 3617">
     <span class='ocr_line' id='line_1_51' title="bbox 318 3531 1932 3617; baseline 0.015 -42"><span class='ocrx_word' id='word_1_376' title='bbox 318 3531 721 3600; x_wconf 65' lang='grc' dir='ltr'>πιιρασκευῇ,</span> <span class='ocrx_word' id='word_1_377' title='bbox 784 3534 934 3605; x_wconf 79' lang='grc' dir='ltr'>ὁτιή</span> <span class='ocrx_word' id='word_1_378' title='bbox 996 3536 1096 3606; x_wconf 84' lang='grc' dir='ltr'>μὲν</span> <span class='ocrx_word' id='word_1_379' title='bbox 1141 3537 1365 3610; x_wconf 73' lang='grc' dir='ltr'>ἔλεγχός</span> <span class='ocrx_word' id='word_1_380' title='bbox 1414 3540 1531 3594; x_wconf 73' lang='grc' dir='ltr'>ἐστι</span> <span class='ocrx_word' id='word_1_381' title='bbox 1584 3543 1774 3614; x_wconf 83' lang='grc' dir='ltr'>σχεδὸν</span> <span class='ocrx_word' id='word_1_382' title='bbox 1831 3547 1932 3617; x_wconf 85' lang='grc' dir='ltr'>τῆς</span> 
     </span>
    </p>
   </div>
   <div class='ocr_carea' id='block_1_52' title="bbox 330 3622 1931 3708">
    <p class='ocr_par' dir='ltr' id='par_1_52' title="bbox 330 3622 1931 3708">
     <span class='ocr_line' id='line_1_52' title="bbox 330 3622 1931 3708; baseline 0.012 -35"><span class='ocrx_word' id='word_1_383' title='bbox 330 3622 617 3692; x_wconf 59' lang='grc' dir='ltr'>Ἑλλήνων</span> <span class='ocrx_word' id='word_1_384' title='bbox 634 3624 879 3695; x_wconf 75' lang='grc' dir='ltr'>πλάνης,</span> <span class='ocrx_word' id='word_1_385' title='bbox 925 3628 960 3697; x_wconf 74' lang='grc' dir='ltr'><strong>ἡ</strong></span> <span class='ocrx_word' id='word_1_386' title='bbox 996 3626 1053 3681; x_wconf 88' lang='grc' dir='ltr'>δὲ</span> <span class='ocrx_word' id='word_1_387' title='bbox 1081 3627 1385 3698; x_wconf 79' lang='grc' dir='ltr'>βεὸαίωσις</span> <span class='ocrx_word' id='word_1_388' title='bbox 1425 3631 1525 3686; x_wconf 77' lang='grc' dir='ltr'><strong>τοῦ</strong></span> <span class='ocrx_word' id='word_1_389' title='bbox 1569 3635 1931 3708; x_wconf 82' lang='grc' dir='ltr'>κηρύγματος</span> 
     </span>
    </p>
   </div>
   <div class='ocr_carea' id='block_1_53' title="bbox 324 3716 860 3785">
    <p class='ocr_par' dir='ltr' id='par_1_53' title="bbox 324 3716 860 3785">
     <span class='ocr_line' id='line_1_53' title="bbox 324 3716 860 3785; baseline 0.009 -19"><span class='ocrx_word' id='word_1_390' title='bbox 324 3716 428 3768; x_wconf 64' lang='grc' dir='ltr'>τοῦ</span> <span class='ocrx_word' id='word_1_391' title='bbox 460 3717 860 3785; x_wconf 71' lang='grc' dir='ltr'>εὖαγγελικοῦ.</span> 
     </span>
    </p>
   </div>
   <div class='ocr_carea' id='block_1_54' title="bbox 1104 3814 1159 3868">
    <p class='ocr_par' dir='ltr' id='par_1_54' title="bbox 1104 3814 1159 3868">
     <span class='ocr_line' id='line_1_54' title="bbox 1104 3814 1159 3868; baseline 0.036 -2"><span class='ocrx_word' id='word_1_392' title='bbox 1104 3814 1159 3868; x_wconf 69' lang='grc' dir='ltr'>ιι.</span> 
     </span>
    </p>
   </div>
   <div class='ocr_carea' id='block_1_55' title="bbox 410 3899 1931 3980">
    <p class='ocr_par' dir='ltr' id='par_1_55' title="bbox 410 3899 1931 3980">
     <span class='ocr_line' id='line_1_55' title="bbox 410 3899 1931 3980; baseline 0.011 -30"><span class='ocrx_word' id='word_1_393' title='bbox 410 3899 760 3972; x_wconf 67' lang='grc' dir='ltr'>’Διδεγνὼσθη</span> <span class='ocrx_word' id='word_1_394' title='bbox 788 3901 1058 3956; x_wconf 76' lang='grc' dir='ltr'>Εὐσεῦίου</span> <span class='ocrx_word' id='word_1_395' title='bbox 1076 3904 1110 3974; x_wconf 78' lang='grc' dir='ltr'><strong>ἠ</strong></span> <span class='ocrx_word' id='word_1_396' title='bbox 1132 3907 1512 3979; x_wconf 70' lang='grc' dir='ltr'>Εὐαγγελικὴ</span> <span class='ocrx_word' id='word_1_397' title='bbox 1530 3910 1859 3980; x_wconf 79' lang='grc' dir='ltr'>Ἀπόδειξις</span> <span class='ocrx_word' id='word_1_398' title='bbox 1874 3915 1931 3967; x_wconf 77' lang='grc' dir='ltr'>ἐν</span> 
     </span>
    </p>
   </div>
   <div class='ocr_carea' id='block_1_56' title="bbox 348 3992 662 4061">
    <p class='ocr_par' dir='ltr' id='par_1_56' title="bbox 348 3992 662 4061">
     <span class='ocr_line' id='line_1_56' title="bbox 348 3992 662 4061; baseline 0.019 -18"><span class='ocrx_word' id='word_1_399' title='bbox 348 3992 569 4061; x_wconf 40' lang='lat' dir='ltr'><strong>ﬁgulus;</strong></span> <span class='ocrx_word' id='word_1_400' title='bbox 593 4001 662 4049; x_wconf 73' lang='grc' dir='ltr'><strong>κ’.</strong></span> 
     </span>
    </p>
   </div>
   <div class='ocr_carea' id='block_1_57' title="bbox 1096 4089 1201 4147">
    <p class='ocr_par' dir='ltr' id='par_1_57' title="bbox 1096 4089 1201 4147">
     <span class='ocr_line' id='line_1_57' title="bbox 1096 4089 1201 4147; baseline 0 -1"><span class='ocrx_word' id='word_1_401' title='bbox 1096 4089 1201 4147; x_wconf 81' lang='lat' dir='ltr'><strong>IA&#39;.</strong></span> 
     </span>
    </p>
   </div>
   <div class='ocr_carea' id='block_1_58' title="bbox 438 4178 1935 4258">
    <p class='ocr_par' dir='ltr' id='par_1_58' title="bbox 438 4178 1935 4258">
     <span class='ocr_line' id='line_1_58' title="bbox 438 4178 1935 4258; baseline 0.007 -27"><span class='ocrx_word' id='word_1_402' title='bbox 438 4178 760 4254; x_wconf 71' lang='grc' dir='ltr'>’Δνεγνώσθη</span> <span class='ocrx_word' id='word_1_403' title='bbox 789 4183 1057 4238; x_wconf 71' lang='grc' dir='ltr'>Εὐσεϐἰου</span> <span class='ocrx_word' id='word_1_404' title='bbox 1085 4184 1598 4256; x_wconf 77' lang='grc' dir='ltr'>Ἑκκλησιαστικὴ</span> <span class='ocrx_word' id='word_1_405' title='bbox 1625 4191 1935 4258; x_wconf 80' lang='grc' dir='ltr'>Προπαρα-</span> 
     </span>
    </p>
   </div>
   <div class='ocr_carea' id='block_1_59' title="bbox 341 4271 1465 4346">
    <p class='ocr_par' dir='ltr' id='par_1_59' title="bbox 341 4271 1465 4346">
     <span class='ocr_line' id='line_1_59' title="bbox 341 4271 1465 4346; baseline 0.005 -21"><span class='ocrx_word' id='word_1_406' title='bbox 341 4272 537 4340; x_wconf 73' lang='grc' dir='ltr'>σκευὴ</span> <span class='ocrx_word' id='word_1_407' title='bbox 562 4276 621 4327; x_wconf 81' lang='grc' dir='ltr'>ἐν</span> <span class='ocrx_word' id='word_1_408' title='bbox 650 4274 985 4345; x_wconf 77' lang='grc' dir='ltr'>βιΰλίοις...,</span> <span class='ocrx_word' id='word_1_409' title='bbox 1023 4280 1083 4331; x_wconf 83' lang='grc' dir='ltr'>ὲν</span> <span class='ocrx_word' id='word_1_410' title='bbox 1110 4271 1192 4342; x_wconf 83' lang='grc' dir='ltr'>οἷς</span> <span class='ocrx_word' id='word_1_411' title='bbox 1219 4277 1465 4346; x_wconf 82' lang='grc' dir='ltr'>ὲκλογαί.</span> 
     </span>
    </p>
   </div>
   <div class='ocr_carea' id='block_1_60' title="bbox 1098 4370 1201 4424">
    <p class='ocr_par' dir='ltr' id='par_1_60' title="bbox 1098 4370 1201 4424">
     <span class='ocr_line' id='line_1_60' title="bbox 1098 4370 1201 4424; baseline 0.01 -1"><span class='ocrx_word' id='word_1_412' title='bbox 1098 4370 1201 4424; x_wconf 85' lang='lat' dir='ltr'><strong>lB’.</strong></span> 
     </span>
    </p>
   </div>
   <div class='ocr_carea' id='block_1_61' title="bbox 414 4460 1941 4534">
    <p class='ocr_par' dir='ltr' id='par_1_61' title="bbox 414 4460 1941 4534">
     <span class='ocr_line' id='line_1_61' title="bbox 414 4460 1941 4534; baseline 0.003 -20"><span class='ocrx_word' id='word_1_413' title='bbox 414 4460 760 4534; x_wconf 75' lang='grc' dir='ltr'>Ἁνετνώσθη</span> <span class='ocrx_word' id='word_1_414' title='bbox 781 4460 1050 4516; x_wconf 78' lang='grc' dir='ltr'>Εὐσεὸίου</span> <span class='ocrx_word' id='word_1_415' title='bbox 1074 4460 1587 4531; x_wconf 75' lang='grc' dir='ltr'>Ἑκκλησιαστικὴ</span> <span class='ocrx_word' id='word_1_416' title='bbox 1616 4461 1941 4531; x_wconf 78' lang='grc' dir='ltr'>Ἀπόδειξις</span> 
     </span>
    </p>
   </div>
   <div class='ocr_carea' id='block_1_62' title="bbox 334 4554 724 4625">
    <p class='ocr_par' dir='ltr' id='par_1_62' title="bbox 334 4554 724 4625">
     <span class='ocr_line' id='line_1_62' title="bbox 334 4554 724 4625; baseline 0.003 -17"><span class='ocrx_word' id='word_1_417' title='bbox 334 4556 395 4608; x_wconf 63' lang='grc' dir='ltr'>ἐν</span> <span class='ocrx_word' id='word_1_418' title='bbox 414 4554 724 4625; x_wconf 74' lang='grc' dir='ltr'>βῶλξοις...</span> 
     </span>
    </p>
   </div>
   <div class='ocr_carea' id='block_1_63' title="bbox 1098 4649 1201 4704">
    <p class='ocr_par' dir='ltr' id='par_1_63' title="bbox 1098 4649 1201 4704">
     <span class='ocr_line' id='line_1_63' title="bbox 1098 4649 1201 4704; baseline 0.019 -2"><span class='ocrx_word' id='word_1_419' title='bbox 1098 4649 1201 4704; x_wconf 81' lang='lat' dir='ltr'><strong>ﬂ&quot;.</strong></span> 
     </span>
    </p>
   </div>
   <div class='ocr_carea' id='block_1_64' title="bbox 414 4740 1940 4815">
    <p class='ocr_par' dir='ltr' id='par_1_64' title="bbox 414 4740 1940 4815">
     <span class='ocr_line' id='line_1_64' title="bbox 414 4740 1940 4815; baseline -0.002 -16"><span class='ocrx_word' id='word_1_420' title='bbox 414 4744 734 4815; x_wconf 76' lang='grc' dir='ltr'>’Δνεγνώθη</span> <span class='ocrx_word' id='word_1_421' title='bbox 757 4743 1025 4798; x_wconf 76' lang='grc' dir='ltr'>Εὐσεόίου</span> <span class='ocrx_word' id='word_1_422' title='bbox 1048 4742 1334 4811; x_wconf 76' lang='grc' dir='ltr'><strong>Ἑλέτχου</strong></span> <span class='ocrx_word' id='word_1_423' title='bbox 1350 4740 1452 4795; x_wconf 76' lang='grc' dir='ltr'>καὶ</span> <span class='ocrx_word' id='word_1_424' title='bbox 1470 4741 1821 4812; x_wconf 74' lang='grc' dir='ltr'>Ἀπολογίας</span> <span class='ocrx_word' id='word_1_425' title='bbox 1858 4741 1940 4796; x_wconf 85' lang='grc' dir='ltr'>λό-</span> 
     </span>
    </p>
   </div>
   <div class='ocr_carea' id='block_1_65' title="bbox 337 4834 1933 4907">
    <p class='ocr_par' dir='ltr' id='par_1_65' title="bbox 337 4834 1933 4907">
     <span class='ocr_line' id='line_1_65' title="bbox 337 4834 1933 4907; baseline -0.002 -16"><span class='ocrx_word' id='word_1_426' title='bbox 337 4854 418 4904; x_wconf 67' lang='lat' dir='ltr'><strong>To.</strong></span> <span class='ocrx_word' id='word_1_427' title='bbox 449 4838 571 4903; x_wconf 77' lang='grc' dir='ltr'>δύο,</span> <span class='ocrx_word' id='word_1_428' title='bbox 604 4838 710 4893; x_wconf 81' lang='grc' dir='ltr'>καὶ</span> <span class='ocrx_word' id='word_1_429' title='bbox 734 4836 914 4907; x_wconf 70' lang='grc' dir='ltr'>ἕτεροι</span> <span class='ocrx_word' id='word_1_430' title='bbox 943 4835 1057 4897; x_wconf 87' lang='grc' dir='ltr'>δύο,</span> <span class='ocrx_word' id='word_1_431' title='bbox 1080 4834 1280 4898; x_wconf 77' lang='grc' dir='ltr'>οἵτινες</span> <span class='ocrx_word' id='word_1_432' title='bbox 1320 4834 1458 4905; x_wconf 84' lang='grc' dir='ltr'>πρὸς</span> <span class='ocrx_word' id='word_1_433' title='bbox 1480 4835 1607 4898; x_wconf 79' lang='grc' dir='ltr'>τοὺς</span> <span class='ocrx_word' id='word_1_434' title='bbox 1628 4836 1933 4906; x_wconf 83' lang='grc' dir='ltr'>προτέρους</span> 
     </span>
    </p>
   </div>
   <div class='ocr_carea' id='block_1_66' title="bbox 334 4926 1930 5002">
    <p class='ocr_par' dir='ltr' id='par_1_66' title="bbox 334 4926 1930 5002">
     <span class='ocr_line' id='line_1_66' title="bbox 334 4926 1930 5002; baseline -0.003 -19"><span class='ocrx_word' id='word_1_435' title='bbox 334 4929 425 4983; x_wconf 70' lang='grc' dir='ltr'><strong>δύο</strong></span> <span class='ocrx_word' id='word_1_436' title='bbox 445 4931 507 4983; x_wconf 77' lang='grc' dir='ltr'>ἒν</span> <span class='ocrx_word' id='word_1_437' title='bbox 537 4948 656 4983; x_wconf 85' lang='grc' dir='ltr'>τισι</span> <span class='ocrx_word' id='word_1_438' title='bbox 690 4932 879 5002; x_wconf 77' lang='grc' dir='ltr'>ῥητοῖς</span> <span class='ocrx_word' id='word_1_439' title='bbox 901 4927 1381 4998; x_wconf 85' lang='grc' dir='ltr'>παραλλάσσοντες</span> <span class='ocrx_word' id='word_1_440' title='bbox 1416 4928 1476 4980; x_wconf 83' lang='grc' dir='ltr'>ὲν</span> <span class='ocrx_word' id='word_1_441' title='bbox 1504 4928 1617 4990; x_wconf 87' lang='grc' dir='ltr'>τοῖς</span> <span class='ocrx_word' id='word_1_442' title='bbox 1646 4926 1831 4990; x_wconf 78' lang='grc' dir='ltr'>ἄλλοις</span> <span class='ocrx_word' id='word_1_443' title='bbox 1862 4929 1930 4998; x_wconf 81' lang='grc' dir='ltr'>τῇ</span> 
     </span>
    </p>
   </div>
   <div class='ocr_carea' id='block_1_67' title="bbox 340 5015 1927 5091">
    <p class='ocr_par' dir='ltr' id='par_1_67' title="bbox 340 5015 1927 5091">
     <span class='ocr_line' id='line_1_67' title="bbox 340 5015 1927 5091; baseline -0.003 -17"><span class='ocrx_word' id='word_1_444' title='bbox 340 5022 565 5089; x_wconf 73' lang='grc' dir='ltr'>τελέξει</span> <span class='ocrx_word' id='word_1_445' title='bbox 601 5021 707 5074; x_wconf 73' lang='grc' dir='ltr'>καὶ</span> <span class='ocrx_word' id='word_1_446' title='bbox 732 5022 799 5089; x_wconf 84' lang='grc' dir='ltr'><strong>τῇ</strong></span> <span class='ocrx_word' id='word_1_447' title='bbox 822 5018 1032 5091; x_wconf 78' lang='grc' dir='ltr'>διανοίᾳ</span> <span class='ocrx_word' id='word_1_448' title='bbox 1062 5019 1110 5071; x_wconf 79' lang='grc' dir='ltr'>οἱ</span> <span class='ocrx_word' id='word_1_449' title='bbox 1134 5016 1286 5070; x_wconf 81' lang='grc' dir='ltr'>αὐτοί</span> <span class='ocrx_word' id='word_1_450' title='bbox 1316 5018 1476 5073; x_wconf 76' lang='grc' dir='ltr'>εἰσιν.</span> <span class='ocrx_word' id='word_1_451' title='bbox 1510 5015 1738 5087; x_wconf 80' lang='grc' dir='ltr'>Είσάγει</span> <span class='ocrx_word' id='word_1_452' title='bbox 1764 5017 1825 5070; x_wconf 82' lang='grc' dir='ltr'>δὲ</span> <span class='ocrx_word' id='word_1_453' title='bbox 1848 5016 1927 5082; x_wconf 87' lang='grc' dir='ltr'><strong>ὡς</strong></span> 
     </span>
    </p>
   </div>
   <div class='ocr_carea' id='block_1_68' title="bbox 350 5110 1935 5183">
    <p class='ocr_par' dir='ltr' id='par_1_68' title="bbox 350 5110 1935 5183">
     <span class='ocr_line' id='line_1_68' title="bbox 350 5110 1935 5183; baseline -0.003 -16"><span class='ocrx_word' id='word_1_454' title='bbox 350 5113 445 5166; x_wconf 61' lang='lat'><em>6:6</em></span> <span class='ocrx_word' id='word_1_455' title='bbox 458 5114 578 5167; x_wconf 74' lang='grc' dir='ltr'><strong>τῶν</strong></span> <span class='ocrx_word' id='word_1_456' title='bbox 620 5111 894 5183; x_wconf 79' lang='grc' dir='ltr'>Ἑλλήνων</span> <span class='ocrx_word' id='word_1_457' title='bbox 907 5111 1063 5175; x_wconf 81' lang='grc' dir='ltr'>τινὰς</span> <span class='ocrx_word' id='word_1_458' title='bbox 1087 5110 1324 5181; x_wconf 72' lang='grc' dir='ltr'>ἀπορίας</span> <span class='ocrx_word' id='word_1_459' title='bbox 1344 5110 1484 5163; x_wconf 87' lang='grc' dir='ltr'><strong>κατά</strong></span> <span class='ocrx_word' id='word_1_460' title='bbox 1502 5110 1603 5181; x_wconf 84' lang='grc' dir='ltr'><strong>τῆς</strong></span> <span class='ocrx_word' id='word_1_461' title='bbox 1627 5110 1935 5182; x_wconf 73' lang='grc' dir='ltr'>ἀμωμήτου</span> 
     </span>
    </p>
   </div>
   <div class='ocr_carea' id='block_1_69' title="bbox 353 5202 1941 5275">
    <p class='ocr_par' dir='ltr' id='par_1_69' title="bbox 353 5202 1941 5275">
     <span class='ocr_line' id='line_1_69' title="bbox 353 5202 1941 5275; baseline -0.001 -18"><span class='ocrx_word' id='word_1_462' title='bbox 353 5205 643 5275; x_wconf 52' lang='lat' dir='ltr'><strong>Gegania;</strong></span> <span class='ocrx_word' id='word_1_463' title='bbox 681 5203 862 5274; x_wconf 70' lang='grc' dir='ltr'>ἡμῶν,</span> <span class='ocrx_word' id='word_1_464' title='bbox 906 5204 1004 5258; x_wconf 79' lang='grc' dir='ltr'>καὶ</span> <span class='ocrx_word' id='word_1_465' title='bbox 1045 5202 1247 5267; x_wconf 88' lang='grc' dir='ltr'>ταύτας</span> <span class='ocrx_word' id='word_1_466' title='bbox 1296 5202 1480 5266; x_wconf 86' lang='grc' dir='ltr'>καλῶς</span> <span class='ocrx_word' id='word_1_467' title='bbox 1505 5241 1522 5267; x_wconf 83' lang='grc'><strong>,</strong></span> <span class='ocrx_word' id='word_1_468' title='bbox 1564 5205 1614 5257; x_wconf 76' lang='grc' dir='ltr'>ει</span> <span class='ocrx_word' id='word_1_469' title='bbox 1642 5202 1740 5257; x_wconf 70' lang='grc' dir='ltr'>καὶ</span> <span class='ocrx_word' id='word_1_470' title='bbox 1767 5203 1844 5274; x_wconf 81' lang='grc' dir='ltr'><strong>μὴ</strong></span> <span class='ocrx_word' id='word_1_471' title='bbox 1881 5205 1941 5257; x_wconf 81' lang='grc' dir='ltr'>ὲν</span> 
     </span>
    </p>
   </div>
   <div class='ocr_carea' id='block_1_70' title="bbox 345 5292 1944 5365">
    <p class='ocr_par' dir='ltr' id='par_1_70' title="bbox 345 5292 1944 5365">
     <span class='ocr_line' id='line_1_70' title="bbox 345 5292 1944 5365; baseline -0.003 -13"><span class='ocrx_word' id='word_1_472' title='bbox 345 5300 503 5352; x_wconf 65' lang='grc' dir='ltr'>εἰσιν</span> <span class='ocrx_word' id='word_1_473' title='bbox 545 5338 564 5364; x_wconf 85' lang='grc'><strong>,</strong></span> <span class='ocrx_word' id='word_1_474' title='bbox 620 5294 914 5351; x_wconf 77' lang='grc' dir='ltr'>ὲπιλύεται</span> <span class='ocrx_word' id='word_1_475' title='bbox 976 5295 1044 5349; x_wconf 60' lang='grc' dir='ltr'><strong>ιι.</strong></span> <span class='ocrx_word' id='word_1_476' title='bbox 1103 5294 1217 5364; x_wconf 86' lang='grc' dir='ltr'><strong>Τὴν</strong></span> <span class='ocrx_word' id='word_1_477' title='bbox 1256 5293 1315 5348; x_wconf 81' lang='grc' dir='ltr'>δὲ</span> <span class='ocrx_word' id='word_1_478' title='bbox 1366 5294 1567 5365; x_wconf 78' lang='grc' dir='ltr'>φράσιν</span> <span class='ocrx_word' id='word_1_479' title='bbox 1619 5293 1723 5348; x_wconf 84' lang='grc' dir='ltr'>οὐκ</span> <span class='ocrx_word' id='word_1_480' title='bbox 1796 5292 1944 5347; x_wconf 78' lang='grc' dir='ltr'>ἔστιν</span> 
     </span>
    </p>
   </div>
   <div class='ocr_carea' id='block_1_71' title="bbox 2041 1971 3632 2050">
    <p class='ocr_par' dir='ltr' id='par_1_71' title="bbox 2041 1971 3632 2050">
     <span class='ocr_line' id='line_1_71' title="bbox 2041 1971 3632 2050; baseline 0.008 -24"><span class='ocrx_word' id='word_1_481' title='bbox 2041 1974 2186 2028; x_wconf 90' lang='lat' dir='ltr'><strong>miis.</strong></span> <span class='ocrx_word' id='word_1_482' title='bbox 2211 1971 2401 2029; x_wconf 84' lang='lat' dir='ltr'><strong>Tertio</strong></span> <span class='ocrx_word' id='word_1_483' title='bbox 2425 1976 2491 2030; x_wconf 88' lang='lat' dir='ltr'><strong>de</strong></span> <span class='ocrx_word' id='word_1_484' title='bbox 2524 1977 2735 2032; x_wconf 88' lang='lat' dir='ltr'><strong>arbitrii</strong></span> <span class='ocrx_word' id='word_1_485' title='bbox 2777 1977 3033 2035; x_wconf 89' lang='lat' dir='ltr'><strong>libertate</strong></span> <span class='ocrx_word' id='word_1_486' title='bbox 3063 1998 3079 2036; x_wconf 89' lang='lat'><strong>:</strong></span> <span class='ocrx_word' id='word_1_487' title='bbox 3112 1995 3217 2050; x_wconf 88' lang='lat' dir='ltr'><strong>qua</strong></span> <span class='ocrx_word' id='word_1_488' title='bbox 3250 1982 3460 2036; x_wconf 89' lang='lat' dir='ltr'><strong>ratione</strong></span> <span class='ocrx_word' id='word_1_489' title='bbox 3512 1983 3632 2037; x_wconf 86' lang='lat' dir='ltr'><strong>dia-</strong></span> 
     </span>
    </p>
   </div>
   <div class='ocr_carea' id='block_1_72' title="bbox 2036 2064 3631 2143">
    <p class='ocr_par' dir='ltr' id='par_1_72' title="bbox 2036 2064 3631 2143">
     <span class='ocr_line' id='line_1_72' title="bbox 2036 2064 3631 2143; baseline 0.004 -23"><span class='ocrx_word' id='word_1_490' title='bbox 2036 2064 2212 2129; x_wconf 90' lang='lat' dir='ltr'><strong>bolus,</strong></span> <span class='ocrx_word' id='word_1_491' title='bbox 2232 2068 2627 2139; x_wconf 58' lang='lat' dir='ltr'><strong>contrariaque</strong></span> <span class='ocrx_word' id='word_1_492' title='bbox 2671 2078 2989 2139; x_wconf 87' lang='lat' dir='ltr'><strong>potestates,</strong></span> <span class='ocrx_word' id='word_1_493' title='bbox 3016 2070 3171 2140; x_wconf 81' lang='lat' dir='ltr'><strong>juxta</strong></span> <span class='ocrx_word' id='word_1_494' title='bbox 3214 2072 3631 2143; x_wconf 83' lang='lat' dir='ltr'><strong>Scripturarum</strong></span> 
     </span>
    </p>
   </div>
   <div class='ocr_carea' id='block_1_73' title="bbox 2036 2154 3633 2231">
    <p class='ocr_par' dir='ltr' id='par_1_73' title="bbox 2036 2154 3633 2231">
     <span class='ocr_line' id='line_1_73' title="bbox 2036 2154 3633 2231; baseline 0.006 -24"><span class='ocrx_word' id='word_1_495' title='bbox 2036 2154 2364 2221; x_wconf 83' lang='lat' dir='ltr'><strong>doctrinam,</strong></span> <span class='ocrx_word' id='word_1_496' title='bbox 2424 2172 2547 2212; x_wconf 91' lang='lat' dir='ltr'><strong>cum</strong></span> <span class='ocrx_word' id='word_1_497' title='bbox 2598 2161 2838 2215; x_wconf 89' lang='lat' dir='ltr'><strong>humano</strong></span> <span class='ocrx_word' id='word_1_498' title='bbox 2888 2175 3090 2231; x_wconf 78' lang='lat' dir='ltr'><strong>genere</strong></span> <span class='ocrx_word' id='word_1_499' title='bbox 3130 2172 3371 2231; x_wconf 76' lang='lat' dir='ltr'><strong>pugnent</strong></span> <span class='ocrx_word' id='word_1_500' title='bbox 3416 2179 3432 2217; x_wconf 72' lang='grc' dir='ltr'><strong>ι</strong></span> <span class='ocrx_word' id='word_1_501' title='bbox 3470 2177 3633 2217; x_wconf 87' lang='lat' dir='ltr'><strong>mun-</strong></span> 
     </span>
    </p>
   </div>
   <div class='ocr_carea' id='block_1_74' title="bbox 2037 2245 3628 2325">
    <p class='ocr_par' dir='ltr' id='par_1_74' title="bbox 2037 2245 3628 2325">
     <span class='ocr_line' id='line_1_74' title="bbox 2037 2245 3628 2325; baseline 0.006 -27"><span class='ocrx_word' id='word_1_502' title='bbox 2037 2245 2161 2299; x_wconf 91' lang='lat' dir='ltr'><strong>dum</strong></span> <span class='ocrx_word' id='word_1_503' title='bbox 2184 2247 2315 2303; x_wconf 92' lang='lat' dir='ltr'><strong>item</strong></span> <span class='ocrx_word' id='word_1_504' title='bbox 2343 2260 2523 2305; x_wconf 92' lang='lat' dir='ltr'><strong>ortum</strong></span> <span class='ocrx_word' id='word_1_505' title='bbox 2560 2250 2786 2317; x_wconf 88' lang='lat' dir='ltr'><strong>habere,</strong></span> <span class='ocrx_word' id='word_1_506' title='bbox 2813 2261 2869 2309; x_wconf 89' lang='lat' dir='ltr'><strong>et</strong></span> <span class='ocrx_word' id='word_1_507' title='bbox 2920 2255 3265 2325; x_wconf 85' lang='lat' dir='ltr'><strong>corruptioni</strong></span> <span class='ocrx_word' id='word_1_508' title='bbox 3329 2256 3628 2310; x_wconf 77' lang='lat' dir='ltr'><strong>obnoxium</strong></span> 
     </span>
    </p>
   </div>
   <div class='ocr_carea' id='block_1_75' title="bbox 2033 2341 3637 2416">
    <p class='ocr_par' dir='ltr' id='par_1_75' title="bbox 2033 2341 3637 2416">
     <span class='ocr_line' id='line_1_75' title="bbox 2033 2341 3637 2416; baseline 0.006 -23"><span class='ocrx_word' id='word_1_509' title='bbox 2033 2352 2177 2404; x_wconf 87' lang='lat' dir='ltr'><strong>esse,</strong></span> <span class='ocrx_word' id='word_1_510' title='bbox 2208 2350 2269 2395; x_wconf 93' lang='lat' dir='ltr'><strong>ut</strong></span> <span class='ocrx_word' id='word_1_511' title='bbox 2299 2341 2390 2411; x_wconf 90' lang='lat' dir='ltr'><strong>qui</strong></span> <span class='ocrx_word' id='word_1_512' title='bbox 2438 2357 2467 2396; x_wconf 90' lang='lat' dir='ltr'><strong>a</strong></span> <span class='ocrx_word' id='word_1_513' title='bbox 2498 2352 2743 2412; x_wconf 90' lang='lat' dir='ltr'><strong>tempore</strong></span> <span class='ocrx_word' id='word_1_514' title='bbox 2776 2346 2993 2401; x_wconf 91' lang='lat' dir='ltr'><strong>initium</strong></span> <span class='ocrx_word' id='word_1_515' title='bbox 3042 2349 3363 2416; x_wconf 88' lang='lat' dir='ltr'><strong>sumpserit.</strong></span> <span class='ocrx_word' id='word_1_516' title='bbox 3424 2348 3637 2415; x_wconf 83' lang='lat' dir='ltr'><strong>Quarto</strong></span> 
     </span>
    </p>
   </div>
   <div class='ocr_carea' id='block_1_76' title="bbox 2033 2433 3625 2511">
    <p class='ocr_par' dir='ltr' id='par_1_76' title="bbox 2033 2433 3625 2511">
     <span class='ocr_line' id='line_1_76' title="bbox 2033 2433 3625 2511; baseline 0.005 -24"><span class='ocrx_word' id='word_1_517' title='bbox 2033 2433 2161 2487; x_wconf 86' lang='lat' dir='ltr'><strong>item</strong></span> <span class='ocrx_word' id='word_1_518' title='bbox 2187 2433 2325 2489; x_wconf 90' lang='lat' dir='ltr'><strong>libro</strong></span> <span class='ocrx_word' id='word_1_519' title='bbox 2353 2434 2421 2490; x_wconf 89' lang='lat' dir='ltr'><strong>de</strong></span> <span class='ocrx_word' id='word_1_520' title='bbox 2450 2435 2556 2491; x_wconf 71' lang='lat' dir='ltr'><strong>[lue</strong></span> <span class='ocrx_word' id='word_1_521' title='bbox 2584 2435 2777 2493; x_wconf 89' lang='lat' dir='ltr'><strong>ultimo</strong></span> <span class='ocrx_word' id='word_1_522' title='bbox 2807 2457 2822 2493; x_wconf 89' lang='lat'><strong>:</strong></span> <span class='ocrx_word' id='word_1_523' title='bbox 2857 2439 3070 2494; x_wconf 82' lang='lat' dir='ltr'><strong>divinas</strong></span> <span class='ocrx_word' id='word_1_524' title='bbox 3096 2456 3217 2496; x_wconf 84' lang='lat' dir='ltr'><strong>esse</strong></span> <span class='ocrx_word' id='word_1_525' title='bbox 3262 2441 3625 2511; x_wconf 84' lang='lat' dir='ltr'><strong>Scripturas:</strong></span> 
     </span>
    </p>
   </div>
   <div class='ocr_carea' id='block_1_77' title="bbox 2034 2524 3632 2602">
    <p class='ocr_par' dir='ltr' id='par_1_77' title="bbox 2034 2524 3632 2602">
     <span class='ocr_line' id='line_1_77' title="bbox 2034 2524 3632 2602; baseline 0.006 -23"><span class='ocrx_word' id='word_1_526' title='bbox 2034 2524 2101 2580; x_wconf 89' lang='lat' dir='ltr'><strong>de</strong></span> <span class='ocrx_word' id='word_1_527' title='bbox 2124 2525 2334 2582; x_wconf 92' lang='lat' dir='ltr'><strong>ratione</strong></span> <span class='ocrx_word' id='word_1_528' title='bbox 2359 2527 2592 2598; x_wconf 88' lang='lat' dir='ltr'><strong>denique</strong></span> <span class='ocrx_word' id='word_1_529' title='bbox 2608 2529 2818 2600; x_wconf 80' lang='lat' dir='ltr'><strong>legendi</strong></span> <span class='ocrx_word' id='word_1_530' title='bbox 2849 2540 2905 2586; x_wconf 92' lang='lat' dir='ltr'><strong>et</strong></span> <span class='ocrx_word' id='word_1_531' title='bbox 2932 2531 3263 2601; x_wconf 75' lang='lat' dir='ltr'><strong>intelligendi</strong></span> <span class='ocrx_word' id='word_1_532' title='bbox 3289 2532 3632 2602; x_wconf 76' lang='lat' dir='ltr'><strong>Scriptores.</strong></span> 
     </span>
    </p>
   </div>
   <div class='ocr_carea' id='block_1_78' title="bbox 2780 2663 2875 2720">
    <p class='ocr_par' dir='ltr' id='par_1_78' title="bbox 2780 2663 2875 2720">
     <span class='ocr_line' id='line_1_78' title="bbox 2780 2663 2875 2720; baseline 0.021 -2"><span class='ocrx_word' id='word_1_533' title='bbox 2780 2663 2875 2720; x_wconf 82' lang='lat' dir='ltr'><strong>IX.</strong></span> 
     </span>
    </p>
   </div>
   <div class='ocr_carea' id='block_1_79' title="bbox 2036 2771 3631 2851">
    <p class='ocr_par' dir='ltr' id='par_1_79' title="bbox 2036 2771 3631 2851">
     <span class='ocr_line' id='line_1_79' title="bbox 2036 2771 3631 2851; baseline 0.006 -26"><span class='ocrx_word' id='word_1_534' title='bbox 2036 2771 2249 2828; x_wconf 75' lang='lat' dir='ltr'><strong>Eusebii</strong></span> <span class='ocrx_word' id='word_1_535' title='bbox 2288 2772 2631 2831; x_wconf 73' lang='lat' dir='ltr'><strong>Cmsariensis</strong></span> <span class='ocrx_word' id='word_1_536' title='bbox 2665 2778 2899 2849; x_wconf 78' lang='lat' dir='ltr'><strong>episcopi</strong></span> <span class='ocrx_word' id='word_1_537' title='bbox 2930 2778 3083 2851; x_wconf 70' lang='grc' dir='ltr'><strong>(ΓΡ)</strong></span> <span class='ocrx_word' id='word_1_538' title='bbox 3120 2779 3319 2849; x_wconf 81' lang='lat' dir='ltr'><strong>scripta</strong></span> <span class='ocrx_word' id='word_1_539' title='bbox 3360 2780 3631 2851; x_wconf 82' lang='lat' dir='ltr'><strong>pleraque.</strong></span> 
     </span>
    </p>
   </div>
   <div class='ocr_carea' id='block_1_80' title="bbox 2100 2887 3630 2962">
    <p class='ocr_par' dir='ltr' id='par_1_80' title="bbox 2100 2887 3630 2962">
     <span class='ocr_line' id='line_1_80' title="bbox 2100 2887 3630 2962; baseline 0.005 -20"><span class='ocrx_word' id='word_1_540' title='bbox 2100 2887 2248 2943; x_wconf 87' lang='lat' dir='ltr'><strong>Lecti</strong></span> <span class='ocrx_word' id='word_1_541' title='bbox 2280 2898 2408 2944; x_wconf 86' lang='lat' dir='ltr'><strong>sunt</strong></span> <span class='ocrx_word' id='word_1_542' title='bbox 2454 2889 2782 2961; x_wconf 79' lang='lat' dir='ltr'><strong>Evangeiica:</strong></span> <span class='ocrx_word' id='word_1_543' title='bbox 2810 2894 3215 2962; x_wconf 70' lang='lat' dir='ltr'><strong>praeparationis</strong></span> <span class='ocrx_word' id='word_1_544' title='bbox 3244 2894 3461 2949; x_wconf 88' lang='lat' dir='ltr'><strong>Eusebii</strong></span> <span class='ocrx_word' id='word_1_545' title='bbox 3503 2895 3630 2950; x_wconf 86' lang='lat' dir='ltr'><strong>libri</strong></span> 
     </span>
    </p>
   </div>
   <div class='ocr_carea' id='block_1_81' title="bbox 2030 2981 3631 3057">
    <p class='ocr_par' dir='ltr' id='par_1_81' title="bbox 2030 2981 3631 3057">
     <span class='ocr_line' id='line_1_81' title="bbox 2030 2981 3631 3057; baseline 0.006 -24"><span class='ocrx_word' id='word_1_546' title='bbox 2030 2981 2383 3051; x_wconf 88' lang='lat' dir='ltr'><strong>quindecim:</strong></span> <span class='ocrx_word' id='word_1_547' title='bbox 2422 2984 2620 3053; x_wconf 90' lang='lat' dir='ltr'><strong>quibus</strong></span> <span class='ocrx_word' id='word_1_548' title='bbox 2669 2992 2729 3039; x_wconf 91' lang='lat' dir='ltr'><strong>ut</strong></span> <span class='ocrx_word' id='word_1_549' title='bbox 2788 2985 3083 3055; x_wconf 89' lang='lat' dir='ltr'><strong>plurimum</strong></span> <span class='ocrx_word' id='word_1_550' title='bbox 3133 2986 3349 3042; x_wconf 86' lang='lat' dir='ltr'><strong>inanem</strong></span> <span class='ocrx_word' id='word_1_551' title='bbox 3388 2988 3631 3057; x_wconf 85' lang='lat' dir='ltr'><strong>gentiqu</strong></span> 
     </span>
    </p>
   </div>
   <div class='ocr_carea' id='block_1_82' title="bbox 2030 3068 3634 3145">
    <p class='ocr_par' dir='ltr' id='par_1_82' title="bbox 2030 3068 3634 3145">
     <span class='ocr_line' id='line_1_82' title="bbox 2030 3068 3634 3145; baseline 0.003 -22"><span class='ocrx_word' id='word_1_552' title='bbox 2030 3068 2333 3123; x_wconf 86' lang='lat' dir='ltr'><strong>doctrinam</strong></span> <span class='ocrx_word' id='word_1_553' title='bbox 2397 3070 2645 3137; x_wconf 78' lang='lat' dir='ltr'><strong>vellicat,</strong></span> <span class='ocrx_word' id='word_1_554' title='bbox 2714 3087 2988 3144; x_wconf 90' lang='lat' dir='ltr'><strong>quamque</strong></span> <span class='ocrx_word' id='word_1_555' title='bbox 3048 3074 3252 3129; x_wconf 74' lang='lat' dir='ltr'><strong>dissoni</strong></span> <span class='ocrx_word' id='word_1_556' title='bbox 3336 3075 3438 3145; x_wconf 90' lang='lat' dir='ltr'><strong>ipsi</strong></span> <span class='ocrx_word' id='word_1_557' title='bbox 3490 3076 3634 3130; x_wconf 87' lang='lat' dir='ltr'><strong>inter</strong></span> 
     </span>
    </p>
   </div>
   <div class='ocr_carea' id='block_1_83' title="bbox 2032 3159 3629 3229">
    <p class='ocr_par' dir='ltr' id='par_1_83' title="bbox 2032 3159 3629 3229">
     <span class='ocr_line' id='line_1_83' title="bbox 2032 3159 3629 3229; baseline 0.004 -16"><span class='ocrx_word' id='word_1_558' title='bbox 2032 3173 2091 3213; x_wconf 88' lang='lat' dir='ltr'><strong>se</strong></span> <span class='ocrx_word' id='word_1_559' title='bbox 2115 3169 2374 3229; x_wconf 87' lang='lat' dir='ltr'><strong>perpetuo</strong></span> <span class='ocrx_word' id='word_1_560' title='bbox 2408 3159 2627 3217; x_wconf 80' lang='lat' dir='ltr'><strong>fuerint.</strong></span> <span class='ocrx_word' id='word_1_561' title='bbox 2664 3161 2914 3219; x_wconf 83' lang='lat' dir='ltr'><strong>Meminit</strong></span> <span class='ocrx_word' id='word_1_562' title='bbox 2951 3178 3084 3220; x_wconf 83' lang='lat' dir='ltr'><strong>vero</strong></span> <span class='ocrx_word' id='word_1_563' title='bbox 3140 3165 3298 3220; x_wconf 91' lang='lat' dir='ltr'><strong>initio</strong></span> <span class='ocrx_word' id='word_1_564' title='bbox 3326 3166 3447 3222; x_wconf 91' lang='lat' dir='ltr'><strong>libri</strong></span> <span class='ocrx_word' id='word_1_565' title='bbox 3478 3167 3629 3222; x_wconf 86' lang='lat' dir='ltr'><strong>deci-</strong></span> 
     </span>
    </p>
   </div>
   <div class='ocr_carea' id='block_1_84' title="bbox 2034 3253 3633 3328">
    <p class='ocr_par' dir='ltr' id='par_1_84' title="bbox 2034 3253 3633 3328">
     <span class='ocr_line' id='line_1_84' title="bbox 2034 3253 3633 3328; baseline 0.004 -23"><span class='ocrx_word' id='word_1_566' title='bbox 2034 3253 2105 3305; x_wconf 92' lang='lat' dir='ltr'><strong>mi</strong></span> <span class='ocrx_word' id='word_1_567' title='bbox 2145 3254 2342 3320; x_wconf 90' lang='lat' dir='ltr'><strong>quinti,</strong></span> <span class='ocrx_word' id='word_1_568' title='bbox 2389 3263 2445 3310; x_wconf 92' lang='lat' dir='ltr'><strong>et</strong></span> <span class='ocrx_word' id='word_1_569' title='bbox 2483 3254 2537 3310; x_wconf 91' lang='lat' dir='ltr'><strong>in</strong></span> <span class='ocrx_word' id='word_1_570' title='bbox 2594 3256 2785 3311; x_wconf 91' lang='lat' dir='ltr'><strong>eodem</strong></span> <span class='ocrx_word' id='word_1_571' title='bbox 2819 3266 3089 3324; x_wconf 85' lang='lat' dir='ltr'><strong>extremo,</strong></span> <span class='ocrx_word' id='word_1_572' title='bbox 3144 3257 3372 3313; x_wconf 90' lang='lat' dir='ltr'><strong>alterius</strong></span> <span class='ocrx_word' id='word_1_573' title='bbox 3422 3258 3633 3328; x_wconf 84' lang='lat' dir='ltr'><strong>operis,</strong></span> 
     </span>
    </p>
   </div>
   <div class='ocr_carea' id='block_1_85' title="bbox 2030 3345 3631 3421">
    <p class='ocr_par' dir='ltr' id='par_1_85' title="bbox 2030 3345 3631 3421">
     <span class='ocr_line' id='line_1_85' title="bbox 2030 3345 3631 3421; baseline 0.004 -22"><span class='ocrx_word' id='word_1_574' title='bbox 2030 3349 2174 3414; x_wconf 89' lang='lat' dir='ltr'><strong>quod</strong></span> <span class='ocrx_word' id='word_1_575' title='bbox 2219 3345 2590 3418; x_wconf 74' lang='lat' dir='ltr'><strong>Evangelicam</strong></span> <span class='ocrx_word' id='word_1_576' title='bbox 2624 3347 3141 3407; x_wconf 81' lang='lat' dir='ltr'><strong>Demonstratiouem</strong></span> <span class='ocrx_word' id='word_1_577' title='bbox 3199 3352 3463 3415; x_wconf 91' lang='lat' dir='ltr'><strong>nominat,</strong></span> <span class='ocrx_word' id='word_1_578' title='bbox 3510 3366 3631 3421; x_wconf 75' lang='lat' dir='ltr'><strong>qua:</strong></span> 
     </span>
    </p>
   </div>
   <div class='ocr_carea' id='block_1_86' title="bbox 2030 3433 3628 3510">
    <p class='ocr_par' dir='ltr' id='par_1_86' title="bbox 2030 3433 3628 3510">
     <span class='ocr_line' id='line_1_86' title="bbox 2030 3433 3628 3510; baseline 0.004 -21"><span class='ocrx_word' id='word_1_579' title='bbox 2030 3445 2152 3505; x_wconf 90' lang='lat' dir='ltr'><strong>post</strong></span> <span class='ocrx_word' id='word_1_580' title='bbox 2179 3433 2551 3507; x_wconf 81' lang='lat' dir='ltr'><strong>Evangelicam</strong></span> <span class='ocrx_word' id='word_1_581' title='bbox 2587 3435 3043 3506; x_wconf 74' lang='lat' dir='ltr'><strong>Prwparationem</strong></span> <span class='ocrx_word' id='word_1_582' title='bbox 3066 3440 3449 3510; x_wconf 87' lang='lat' dir='ltr'><strong>consequitur;</strong></span> <span class='ocrx_word' id='word_1_583' title='bbox 3481 3440 3628 3509; x_wconf 90' lang='lat' dir='ltr'><strong>quod</strong></span> 
     </span>
    </p>
   </div>
   <div class='ocr_carea' id='block_1_87' title="bbox 2033 3529 3623 3603">
    <p class='ocr_par' dir='ltr' id='par_1_87' title="bbox 2033 3529 3623 3603">
     <span class='ocr_line' id='line_1_87' title="bbox 2033 3529 3623 3603; baseline 0.003 -21"><span class='ocrx_word' id='word_1_584' title='bbox 2033 3530 2148 3583; x_wconf 67' lang='lat' dir='ltr'><strong>haec</strong></span> <span class='ocrx_word' id='word_1_585' title='bbox 2190 3529 2407 3598; x_wconf 90' lang='lat' dir='ltr'><strong>quidem</strong></span> <span class='ocrx_word' id='word_1_586' title='bbox 2442 3530 2793 3599; x_wconf 86' lang='lat' dir='ltr'><strong>reprehensio</strong></span> <span class='ocrx_word' id='word_1_587' title='bbox 2844 3530 2959 3586; x_wconf 84' lang='lat' dir='ltr'><strong>fere</strong></span> <span class='ocrx_word' id='word_1_588' title='bbox 2995 3536 3066 3586; x_wconf 89' lang='lat' dir='ltr'><strong>sit</strong></span> <span class='ocrx_word' id='word_1_589' title='bbox 3097 3533 3302 3587; x_wconf 89' lang='lat' dir='ltr'><strong>erroris</strong></span> <span class='ocrx_word' id='word_1_590' title='bbox 3352 3532 3623 3603; x_wconf 78' lang='lat' dir='ltr'><strong>gentium,</strong></span> 
     </span>
    </p>
   </div>
   <div class='ocr_carea' id='block_1_88' title="bbox 2033 3620 3303 3695">
    <p class='ocr_par' dir='ltr' id='par_1_88' title="bbox 2033 3620 3303 3695">
     <span class='ocr_line' id='line_1_88' title="bbox 2033 3620 3303 3695; baseline 0.003 -19"><span class='ocrx_word' id='word_1_591' title='bbox 2033 3620 2120 3676; x_wconf 90' lang='lat' dir='ltr'><strong>illa</strong></span> <span class='ocrx_word' id='word_1_592' title='bbox 2154 3635 2284 3675; x_wconf 79' lang='lat' dir='ltr'><strong>vero</strong></span> <span class='ocrx_word' id='word_1_593' title='bbox 2314 3620 2661 3676; x_wconf 80' lang='lat' dir='ltr'><strong>conﬁrmatio</strong></span> <span class='ocrx_word' id='word_1_594' title='bbox 2690 3623 2947 3692; x_wconf 63' lang='lat' dir='ltr'><strong>praeconii</strong></span> <span class='ocrx_word' id='word_1_595' title='bbox 2983 3624 3303 3695; x_wconf 76' lang='lat' dir='ltr'><strong>evangelici.</strong></span> 
     </span>
    </p>
   </div>
   <div class='ocr_carea' id='block_1_89' title="bbox 2106 3816 3617 3977">
    <p class='ocr_par' dir='ltr' id='par_1_89' title="bbox 2106 3816 3617 3977">
     <span class='ocr_line' id='line_1_89' title="bbox 2796 3816 2866 3871; baseline 0 0"><span class='ocrx_word' id='word_1_596' title='bbox 2796 3816 2866 3871; x_wconf 78' lang='grc' dir='ltr'><strong>Χ.</strong></span> 
     </span>
     <span class='ocr_line' id='line_1_90' title="bbox 2106 3903 3617 3977; baseline 0.005 -19"><span class='ocrx_word' id='word_1_597' title='bbox 2106 3903 2254 3959; x_wconf 88' lang='lat' dir='ltr'><strong>Lecti</strong></span> <span class='ocrx_word' id='word_1_598' title='bbox 2303 3915 2428 3959; x_wconf 90' lang='lat' dir='ltr'><strong>sunt</strong></span> <span class='ocrx_word' id='word_1_599' title='bbox 2459 3905 2678 3961; x_wconf 87' lang='lat' dir='ltr'><strong>Eusebii</strong></span> <span class='ocrx_word' id='word_1_600' title='bbox 2730 3905 3066 3977; x_wconf 76' lang='lat' dir='ltr'><strong>Evangelicw</strong></span> <span class='ocrx_word' id='word_1_601' title='bbox 3131 3908 3617 3966; x_wconf 77' lang='lat' dir='ltr'><strong>Demonstrationis</strong></span> 
     </span>
    </p>
   </div>
   <div class='ocr_carea' id='block_1_90' title="bbox 2039 3995 2550 4068">
    <p class='ocr_par' dir='ltr' id='par_1_90' title="bbox 2039 3995 2550 4068">
     <span class='ocr_line' id='line_1_91' title="bbox 2039 3995 2550 4068; baseline 0.008 -19"><span class='ocrx_word' id='word_1_602' title='bbox 2039 3995 2161 4050; x_wconf 88' lang='lat' dir='ltr'><strong>libri</strong></span> <span class='ocrx_word' id='word_1_603' title='bbox 2191 3996 2377 4066; x_wconf 84' lang='lat' dir='ltr'><strong>viginti</strong></span> <span class='ocrx_word' id='word_1_604' title='bbox 2414 3996 2550 4068; x_wconf 86' lang='grc'><strong>(18).</strong></span> 
     </span>
    </p>
   </div>
   <div class='ocr_carea' id='block_1_91' title="bbox 2785 4089 2880 4146">
    <p class='ocr_par' dir='ltr' id='par_1_91' title="bbox 2785 4089 2880 4146">
     <span class='ocr_line' id='line_1_92' title="bbox 2785 4089 2880 4146; baseline 0.011 -2"><span class='ocrx_word' id='word_1_605' title='bbox 2785 4089 2880 4146; x_wconf 78' lang='lat' dir='ltr'><strong>XI.</strong></span> 
     </span>
    </p>
   </div>
   <div class='ocr_carea' id='block_1_92' title="bbox 2111 4183 3627 4259">
    <p class='ocr_par' dir='ltr' id='par_1_92' title="bbox 2111 4183 3627 4259">
     <span class='ocr_line' id='line_1_93' title="bbox 2111 4183 3627 4259; baseline 0 -16"><span class='ocrx_word' id='word_1_606' title='bbox 2111 4185 2259 4243; x_wconf 85' lang='lat' dir='ltr'><strong>Lecti</strong></span> <span class='ocrx_word' id='word_1_607' title='bbox 2282 4192 2409 4240; x_wconf 84' lang='lat' dir='ltr'><strong>sunt</strong></span> <span class='ocrx_word' id='word_1_608' title='bbox 2430 4194 2485 4239; x_wconf 85' lang='lat' dir='ltr'><strong>et</strong></span> <span class='ocrx_word' id='word_1_609' title='bbox 2514 4183 2733 4241; x_wconf 82' lang='lat' dir='ltr'><strong>Eusebii</strong></span> <span class='ocrx_word' id='word_1_610' title='bbox 2767 4185 2881 4259; x_wconf 79' lang='grc'><strong>(19)</strong></span> <span class='ocrx_word' id='word_1_611' title='bbox 2914 4183 3307 4242; x_wconf 74' lang='lat' dir='ltr'><strong>Ecelesiastica:</strong></span> <span class='ocrx_word' id='word_1_612' title='bbox 3339 4186 3627 4257; x_wconf 68' lang='lat' dir='ltr'><strong>Purpura-</strong></span> 
     </span>
    </p>
   </div>
   <div class='ocr_carea' id='block_1_93' title="bbox 2041 4276 3261 4349">
    <p class='ocr_par' dir='ltr' id='par_1_93' title="bbox 2041 4276 3261 4349">
     <span class='ocr_line' id='line_1_94' title="bbox 2041 4276 3261 4349; baseline -0.002 -15"><span class='ocrx_word' id='word_1_613' title='bbox 2041 4279 2200 4334; x_wconf 79' lang='lat' dir='ltr'><strong>tionis</strong></span> <span class='ocrx_word' id='word_1_614' title='bbox 2227 4276 2469 4333; x_wconf 86' lang='lat' dir='ltr'><strong>libri.....</strong></span> <span class='ocrx_word' id='word_1_615' title='bbox 2506 4276 2562 4331; x_wconf 89' lang='lat' dir='ltr'><strong>in</strong></span> <span class='ocrx_word' id='word_1_616' title='bbox 2590 4276 2789 4348; x_wconf 88' lang='lat' dir='ltr'><strong>quibus</strong></span> <span class='ocrx_word' id='word_1_617' title='bbox 2826 4288 3085 4349; x_wconf 83' lang='lat' dir='ltr'><strong>excerpta</strong></span> <span class='ocrx_word' id='word_1_618' title='bbox 3112 4288 3261 4332; x_wconf 85' lang='lat' dir='ltr'><strong>sunt.</strong></span> 
     </span>
    </p>
   </div>
   <div class='ocr_carea' id='block_1_94' title="bbox 2772 4372 2889 4428">
    <p class='ocr_par' dir='ltr' id='par_1_94' title="bbox 2772 4372 2889 4428">
     <span class='ocr_line' id='line_1_95' title="bbox 2772 4372 2889 4428; baseline 0 0"><span class='ocrx_word' id='word_1_619' title='bbox 2772 4372 2889 4428; x_wconf 81' lang='grc' dir='ltr'><strong>ΧΠ.</strong></span> 
     </span>
    </p>
   </div>
   <div class='ocr_carea' id='block_1_95' title="bbox 2114 4461 3631 4521">
    <p class='ocr_par' dir='ltr' id='par_1_95' title="bbox 2114 4461 3631 4521">
     <span class='ocr_line' id='line_1_96' title="bbox 2114 4461 3631 4521; baseline 0.003 -5"><span class='ocrx_word' id='word_1_620' title='bbox 2114 4462 2261 4518; x_wconf 90' lang='lat' dir='ltr'><strong>Lecti</strong></span> <span class='ocrx_word' id='word_1_621' title='bbox 2293 4472 2419 4518; x_wconf 89' lang='lat' dir='ltr'><strong>sunt</strong></span> <span class='ocrx_word' id='word_1_622' title='bbox 2441 4464 2570 4517; x_wconf 89' lang='lat' dir='ltr'><strong>item</strong></span> <span class='ocrx_word' id='word_1_623' title='bbox 2612 4461 2826 4519; x_wconf 88' lang='lat' dir='ltr'><strong>Eusebii</strong></span> <span class='ocrx_word' id='word_1_624' title='bbox 2872 4461 3264 4519; x_wconf 68' lang='lat' dir='ltr'><strong>Ecclesiasticm</strong></span> <span class='ocrx_word' id='word_1_625' title='bbox 3288 4465 3631 4521; x_wconf 66' lang='lat' dir='ltr'><strong>Demonstrav</strong></span> 
     </span>
    </p>
   </div>
   <div class='ocr_carea' id='block_1_96' title="bbox 1971 4551 2481 4648">
    <p class='ocr_par' dir='ltr' id='par_1_96' title="bbox 1971 4551 2481 4648">
     <span class='ocr_line' id='line_1_97' title="bbox 1971 4551 2481 4648; baseline 0 -43"><span class='ocrx_word' id='word_1_626' title='bbox 1971 4593 2017 4648; x_wconf 63' lang='grc' dir='ltr'><strong>Β</strong></span> <span class='ocrx_word' id='word_1_627' title='bbox 2040 4552 2204 4627; x_wconf 74' lang='lat' dir='ltr'><strong>tionis</strong></span> <span class='ocrx_word' id='word_1_628' title='bbox 2240 4551 2481 4607; x_wconf 89' lang='lat' dir='ltr'><strong>libri.....</strong></span> 
     </span>
    </p>
   </div>
   <div class='ocr_carea' id='block_1_97' title="bbox 2773 4644 2917 4702">
    <p class='ocr_par' dir='ltr' id='par_1_97' title="bbox 2773 4644 2917 4702">
     <span class='ocr_line' id='line_1_98' title="bbox 2773 4644 2917 4702; baseline 0.021 -3"><span class='ocrx_word' id='word_1_629' title='bbox 2773 4644 2917 4702; x_wconf 76' lang='lat' dir='ltr'><strong>XIII.</strong></span> 
     </span>
    </p>
   </div>
   <div class='ocr_carea' id='block_1_98' title="bbox 2117 4734 3628 4811">
    <p class='ocr_par' dir='ltr' id='par_1_98' title="bbox 2117 4734 3628 4811">
     <span class='ocr_line' id='line_1_99' title="bbox 2117 4734 3628 4811; baseline 0.003 -18"><span class='ocrx_word' id='word_1_630' title='bbox 2117 4736 2267 4793; x_wconf 89' lang='lat' dir='ltr'><strong>Lecti</strong></span> <span class='ocrx_word' id='word_1_631' title='bbox 2314 4744 2442 4791; x_wconf 90' lang='lat' dir='ltr'><strong>sunt</strong></span> <span class='ocrx_word' id='word_1_632' title='bbox 2494 4734 2716 4791; x_wconf 84' lang='lat' dir='ltr'><strong>Eusebii</strong></span> <span class='ocrx_word' id='word_1_633' title='bbox 2782 4734 3185 4804; x_wconf 77' lang='lat' dir='ltr'><strong>Confutationis</strong></span> <span class='ocrx_word' id='word_1_634' title='bbox 3247 4750 3296 4793; x_wconf 81' lang='lat' dir='ltr'><strong>et</strong></span> <span class='ocrx_word' id='word_1_635' title='bbox 3356 4740 3628 4811; x_wconf 64' lang='lat' dir='ltr'><strong>Apologia:</strong></span> 
     </span>
    </p>
   </div>
   <div class='ocr_carea' id='block_1_99' title="bbox 2043 4826 3629 4898">
    <p class='ocr_par' dir='ltr' id='par_1_99' title="bbox 2043 4826 3629 4898">
     <span class='ocr_line' id='line_1_100' title="bbox 2043 4826 3629 4898; baseline 0.004 -15"><span class='ocrx_word' id='word_1_636' title='bbox 2043 4827 2170 4883; x_wconf 88' lang='lat' dir='ltr'><strong>libri</strong></span> <span class='ocrx_word' id='word_1_637' title='bbox 2198 4828 2325 4883; x_wconf 89' lang='lat' dir='ltr'><strong>duo.</strong></span> <span class='ocrx_word' id='word_1_638' title='bbox 2359 4826 2534 4881; x_wconf 81' lang='lat' dir='ltr'><strong>Alteri</strong></span> <span class='ocrx_word' id='word_1_639' title='bbox 2567 4826 2699 4881; x_wconf 89' lang='lat' dir='ltr'><strong>item</strong></span> <span class='ocrx_word' id='word_1_640' title='bbox 2727 4826 2854 4891; x_wconf 89' lang='lat' dir='ltr'><strong>duo,</strong></span> <span class='ocrx_word' id='word_1_641' title='bbox 2880 4828 2970 4897; x_wconf 92' lang='lat' dir='ltr'><strong>qui</strong></span> <span class='ocrx_word' id='word_1_642' title='bbox 2997 4843 3035 4881; x_wconf 14' lang='lat' dir='ltr'><strong>at.</strong></span> <span class='ocrx_word' id='word_1_643' title='bbox 3084 4829 3359 4898; x_wconf 87' lang='lat' dir='ltr'><strong>prioribus</strong></span> <span class='ocrx_word' id='word_1_644' title='bbox 3414 4834 3629 4889; x_wconf 85' lang='lat' dir='ltr'><strong>duobus</strong></span> 
     </span>
    </p>
   </div>
   <div class='ocr_carea' id='block_1_100' title="bbox 2041 4918 3627 4990">
    <p class='ocr_par' dir='ltr' id='par_1_100' title="bbox 2041 4918 3627 4990">
     <span class='ocr_line' id='line_1_101' title="bbox 2041 4918 3627 4990; baseline 0.003 -13"><span class='ocrx_word' id='word_1_645' title='bbox 2041 4937 2165 4978; x_wconf 89' lang='lat' dir='ltr'><strong>cum</strong></span> <span class='ocrx_word' id='word_1_646' title='bbox 2204 4920 2600 4977; x_wconf 79' lang='lat' dir='ltr'><strong>assertionibus</strong></span> <span class='ocrx_word' id='word_1_647' title='bbox 2626 4918 2953 4990; x_wconf 88' lang='lat' dir='ltr'><strong>quibusdam</strong></span> <span class='ocrx_word' id='word_1_648' title='bbox 2985 4920 3264 4989; x_wconf 83' lang='lat' dir='ltr'><strong>dill&#39;erant,</strong></span> <span class='ocrx_word' id='word_1_649' title='bbox 3300 4924 3353 4978; x_wconf 90' lang='lat' dir='ltr'><strong>iu</strong></span> <span class='ocrx_word' id='word_1_650' title='bbox 3409 4926 3627 4981; x_wconf 66' lang='lat' dir='ltr'><strong>caeteris</strong></span> 
     </span>
    </p>
   </div>
   <div class='ocr_carea' id='block_1_101' title="bbox 2038 5011 3629 5085">
    <p class='ocr_par' dir='ltr' id='par_1_101' title="bbox 2038 5011 3629 5085">
     <span class='ocr_line' id='line_1_102' title="bbox 2038 5011 3629 5085; baseline -0.003 -14"><span class='ocrx_word' id='word_1_651' title='bbox 2038 5015 2249 5071; x_wconf 88' lang='lat' dir='ltr'><strong>dicendi</strong></span> <span class='ocrx_word' id='word_1_652' title='bbox 2288 5027 2509 5085; x_wconf 89' lang='lat' dir='ltr'><strong>genere,</strong></span> <span class='ocrx_word' id='word_1_653' title='bbox 2533 5027 2599 5067; x_wconf 90' lang='lat' dir='ltr'><strong>ac</strong></span> <span class='ocrx_word' id='word_1_654' title='bbox 2636 5026 2801 5067; x_wconf 84' lang='lat' dir='ltr'><strong>sensu</strong></span> <span class='ocrx_word' id='word_1_655' title='bbox 2857 5011 3019 5067; x_wconf 89' lang='lat' dir='ltr'><strong>iidem</strong></span> <span class='ocrx_word' id='word_1_656' title='bbox 3064 5023 3213 5069; x_wconf 88' lang='lat' dir='ltr'><strong>sunt.</strong></span> <span class='ocrx_word' id='word_1_657' title='bbox 3256 5013 3429 5069; x_wconf 82' lang='lat' dir='ltr'><strong>Aﬂ&#39;ert</strong></span> <span class='ocrx_word' id='word_1_658' title='bbox 3478 5031 3629 5080; x_wconf 84' lang='lat' dir='ltr'><strong>vero,</strong></span> 
     </span>
    </p>
   </div>
   <div class='ocr_carea' id='block_1_102' title="bbox 2041 5100 3616 5173">
    <p class='ocr_par' dir='ltr' id='par_1_102' title="bbox 2041 5100 3616 5173">
     <span class='ocr_line' id='line_1_103' title="bbox 2041 5100 3616 5173; baseline 0 -14"><span class='ocrx_word' id='word_1_659' title='bbox 2041 5116 2102 5160; x_wconf 92' lang='lat' dir='ltr'><strong>ut</strong></span> <span class='ocrx_word' id='word_1_660' title='bbox 2128 5104 2196 5159; x_wconf 92' lang='lat' dir='ltr'><strong>ab</strong></span> <span class='ocrx_word' id='word_1_661' title='bbox 2223 5104 2458 5160; x_wconf 89' lang='lat' dir='ltr'><strong>ethnicis</strong></span> <span class='ocrx_word' id='word_1_662' title='bbox 2498 5100 2764 5173; x_wconf 80' lang='lat' dir='ltr'><strong>profecta,</strong></span> <span class='ocrx_word' id='word_1_663' title='bbox 2790 5112 3113 5173; x_wconf 87' lang='lat' dir='ltr'><strong>argumenta</strong></span> <span class='ocrx_word' id='word_1_664' title='bbox 3139 5106 3385 5173; x_wconf 72' lang='lat' dir='ltr'><strong>quaedam</strong></span> <span class='ocrx_word' id='word_1_665' title='bbox 3419 5105 3616 5159; x_wconf 84' lang='lat' dir='ltr'><strong>adver-</strong></span> 
     </span>
    </p>
   </div>
   <div class='ocr_carea' id='block_1_103' title="bbox 2044 5196 3745 5277">
    <p class='ocr_par' dir='ltr' id='par_1_103' title="bbox 2044 5196 3745 5277">
     <span class='ocr_line' id='line_1_104' title="bbox 2044 5196 3745 5277; baseline -0.001 -24"><span class='ocrx_word' id='word_1_666' title='bbox 2044 5214 2139 5253; x_wconf 87' lang='lat' dir='ltr'><strong>sus</strong></span> <span class='ocrx_word' id='word_1_667' title='bbox 2163 5198 2429 5253; x_wconf 89' lang='lat' dir='ltr'><strong>sinceram</strong></span> <span class='ocrx_word' id='word_1_668' title='bbox 2469 5206 2709 5252; x_wconf 90' lang='lat' dir='ltr'><strong>nostram</strong></span> <span class='ocrx_word' id='word_1_669' title='bbox 2736 5196 3050 5265; x_wconf 86' lang='lat' dir='ltr'><strong>religionem</strong></span> <span class='ocrx_word' id='word_1_670' title='bbox 3075 5213 3096 5263; x_wconf 81' lang='lat'><strong>;</strong></span> <span class='ocrx_word' id='word_1_671' title='bbox 3122 5198 3426 5267; x_wconf 87' lang='lat' dir='ltr'><strong>eademque</strong></span> <span class='ocrx_word' id='word_1_672' title='bbox 3457 5207 3627 5266; x_wconf 85' lang='lat' dir='ltr'><strong>recte,</strong></span> <span class='ocrx_word' id='word_1_673' title='bbox 3740 5272 3745 5277; x_wconf 10' lang='grc' dir='ltr'><strong>ἡ</strong></span> 
     </span>
    </p>
   </div>
   <div class='ocr_carea' id='block_1_104' title="bbox 2045 5283 3629 5361">
    <p class='ocr_par' dir='ltr' id='par_1_104' title="bbox 2045 5283 3629 5361">
     <span class='ocr_line' id='line_1_105' title="bbox 2045 5283 3629 5361; baseline 0.001 -21"><span class='ocrx_word' id='word_1_674' title='bbox 2045 5287 2130 5361; x_wconf 68' lang='grc' dir='ltr'><strong>ω)</strong></span> <span class='ocrx_word' id='word_1_675' title='bbox 2183 5288 2305 5342; x_wconf 89' lang='lat' dir='ltr'><strong>licet</strong></span> <span class='ocrx_word' id='word_1_676' title='bbox 2354 5301 2461 5341; x_wconf 90' lang='lat' dir='ltr'><strong>non</strong></span> <span class='ocrx_word' id='word_1_677' title='bbox 2518 5301 2613 5355; x_wconf 92' lang='lat' dir='ltr'><strong>per</strong></span> <span class='ocrx_word' id='word_1_678' title='bbox 2660 5286 2863 5351; x_wconf 88' lang='lat' dir='ltr'><strong>omnia,</strong></span> <span class='ocrx_word' id='word_1_679' title='bbox 2926 5283 3144 5341; x_wconf 80' lang='lat' dir='ltr'><strong>refellit.</strong></span> <span class='ocrx_word' id='word_1_680' title='bbox 3204 5285 3396 5340; x_wconf 87' lang='lat' dir='ltr'><strong>Phrasi</strong></span> <span class='ocrx_word' id='word_1_681' title='bbox 3450 5302 3629 5356; x_wconf 89' lang='lat' dir='ltr'><strong>neque</strong></span> 
     </span>
    </p>
   </div>
   <div class='ocr_carea' id='block_1_105' title="bbox 1635 5429 2328 5489">
    <p class='ocr_par' dir='ltr' id='par_1_105' title="bbox 1635 5429 2328 5489">
     <span class='ocr_line' id='line_1_106' title="bbox 1635 5429 2328 5489; baseline -0.007 -2"><span class='ocrx_word' id='word_1_682' title='bbox 1635 5432 1875 5489; x_wconf 75' lang='lat' dir='ltr'><strong>VARUE</strong></span> <span class='ocrx_word' id='word_1_683' title='bbox 1918 5429 2328 5487; x_wconf 78' lang='lat' dir='ltr'><strong>LECTIONES.</strong></span> 
     </span>
    </p>
   </div>
   <div class='ocr_carea' id='block_1_106' title="bbox 407 5533 755 5604">
    <p class='ocr_par' dir='ltr' id='par_1_106' title="bbox 407 5533 755 5604">
     <span class='ocr_line' id='line_1_107' title="bbox 407 5533 755 5604; baseline 0.003 -21"><span class='ocrx_word' id='word_1_684' title='bbox 407 5533 655 5604; x_wconf 67' lang='grc' dir='ltr'><strong>ι’μόνον</strong></span> <span class='ocrx_word' id='word_1_685' title='bbox 695 5546 755 5594; x_wconf 85' lang='grc' dir='ltr'>ς.</span> 
     </span>
    </p>
   </div>
   <div class='ocr_carea' id='block_1_107' title="bbox 849 5527 1989 5610">
    <p class='ocr_par' dir='ltr' id='par_1_107' title="bbox 849 5527 1989 5610">
     <span class='ocr_line' id='line_1_108' title="bbox 849 5527 1989 5610; baseline -0.002 -27"><span class='ocrx_word' id='word_1_686' title='bbox 849 5531 893 5564; x_wconf 80' lang='grc'><strong>³⁸</strong></span> <span class='ocrx_word' id='word_1_687' title='bbox 915 5527 1067 5601; x_wconf 80' lang='grc' dir='ltr'>αὐτῷ</span> <span class='ocrx_word' id='word_1_688' title='bbox 1098 5527 1581 5610; x_wconf 76' lang='grc' dir='ltr'>μυθολογούμενος</span> <span class='ocrx_word' id='word_1_689' title='bbox 1600 5530 1757 5599; x_wconf 86' lang='grc' dir='ltr'>λόγος</span> <span class='ocrx_word' id='word_1_690' title='bbox 1786 5530 1915 5601; x_wconf 72' lang='grc' dir='ltr'>περὶ</span> <span class='ocrx_word' id='word_1_691' title='bbox 1951 5545 1989 5593; x_wconf 84' lang='grc' dir='ltr'><strong>ς</strong></span> 
     </span>
    </p>
   </div>
   <div class='ocr_carea' id='block_1_108' title="bbox 2100 5517 3516 5596">
    <p class='ocr_par' dir='ltr' id='par_1_108' title="bbox 2100 5517 3516 5596">
     <span class='ocr_line' id='line_1_109' title="bbox 2100 5517 3516 5596; baseline -0.006 -18"><span class='ocrx_word' id='word_1_692' title='bbox 2100 5526 2146 5558; x_wconf 77' lang='grc'><strong>³⁸</strong></span> <span class='ocrx_word' id='word_1_693' title='bbox 2182 5524 2356 5596; x_wconf 83' lang='grc' dir='ltr'>μωσεϊ</span> <span class='ocrx_word' id='word_1_694' title='bbox 2378 5540 2437 5587; x_wconf 73' lang='grc' dir='ltr'>ς.</span> <span class='ocrx_word' id='word_1_695' title='bbox 2531 5520 2579 5551; x_wconf 72' lang='grc'>⁸⁸</span> <span class='ocrx_word' id='word_1_696' title='bbox 2611 5520 2867 5590; x_wconf 75' lang='grc' dir='ltr'>ὀνομάζει</span> <span class='ocrx_word' id='word_1_697' title='bbox 2897 5539 2958 5585; x_wconf 79' lang='grc' dir='ltr'>ς.</span> <span class='ocrx_word' id='word_1_698' title='bbox 3060 5518 3103 5550; x_wconf 72' lang='grc'>⁸³</span> <span class='ocrx_word' id='word_1_699' title='bbox 3126 5517 3427 5573; x_wconf 84' lang='grc' dir='ltr'>ἀπολύεται</span> <span class='ocrx_word' id='word_1_700' title='bbox 3456 5538 3516 5585; x_wconf 82' lang='grc' dir='ltr'><strong>ς,</strong></span> 
     </span>
    </p>
   </div>
   <div class='ocr_carea' id='block_1_109' title="bbox 1919 5617 2149 5675">
    <p class='ocr_par' dir='ltr' id='par_1_109' title="bbox 1919 5617 2149 5675">
     <span class='ocr_line' id='line_1_110' title="bbox 1919 5617 2149 5675; baseline 0 0"><span class='ocrx_word' id='word_1_701' title='bbox 1919 5617 2149 5675; x_wconf 65' lang='lat' dir='ltr'><strong>NOTAE.</strong></span> 
     </span>
    </p>
   </div>
   <div class='ocr_carea' id='block_1_110' title="bbox 412 5710 1935 5791">
    <p class='ocr_par' dir='ltr' id='par_1_110' title="bbox 412 5710 1935 5791">
     <span class='ocr_line' id='line_1_111' title="bbox 412 5710 1935 5791; baseline -0.003 -17"><span class='ocrx_word' id='word_1_702' title='bbox 412 5719 558 5791; x_wconf 58' lang='grc' dir='ltr'>(ιτα)</span> <span class='ocrx_word' id='word_1_703' title='bbox 590 5716 767 5773; x_wconf 85' lang='lat' dir='ltr'><strong>Plura</strong></span> <span class='ocrx_word' id='word_1_704' title='bbox 811 5722 1126 5791; x_wconf 46' lang='lat' dir='ltr'><strong>“enumerat</strong></span> <span class='ocrx_word' id='word_1_705' title='bbox 1171 5711 1238 5769; x_wconf 92' lang='lat' dir='ltr'><strong>B.</strong></span> <span class='ocrx_word' id='word_1_706' title='bbox 1287 5710 1511 5791; x_wconf 60' lang='lat' dir='ltr'><strong>[ﬁerem</strong></span> <span class='ocrx_word' id='word_1_707' title='bbox 1561 5713 1614 5769; x_wconf 90' lang='lat' dir='ltr'><strong>in</strong></span> <span class='ocrx_word' id='word_1_708' title='bbox 1672 5712 1935 5785; x_wconf 84' lang='lat' dir='ltr'><strong>Catalogo</strong></span> 
     </span>
    </p>
   </div>
   <div class='ocr_carea' id='block_1_111' title="bbox 346 5784 1470 5863">
    <p class='ocr_par' dir='ltr' id='par_1_111' title="bbox 346 5784 1470 5863">
     <span class='ocr_line' id='line_1_112' title="bbox 346 5784 1470 5863; baseline -0.01 -17"><span class='ocrx_word' id='word_1_709' title='bbox 346 5784 463 5863; x_wconf 71' lang='lat' dir='ltr'><strong>cap.</strong></span> <span class='ocrx_word' id='word_1_710' title='bbox 490 5785 901 5863; x_wconf 15' lang='lat' dir='ltr'><strong>781,_et__ex_illo</strong></span> <span class='ocrx_word' id='word_1_711' title='bbox 922 5784 1192 5863; x_wconf 73' lang='lat' dir='ltr'><strong>Sophron.</strong></span> <span class='ocrx_word' id='word_1_712' title='bbox 1218 5798 1285 5839; x_wconf 84' lang='lat' dir='ltr'><strong>ac</strong></span> <span class='ocrx_word' id='word_1_713' title='bbox 1315 5784 1470 5863; x_wconf 90' lang='lat' dir='ltr'><strong>_Suid.</strong></span> 
     </span>
    </p>
   </div>
   <div class='ocr_carea' id='block_1_112' title="bbox 417 5855 1590 5935">
    <p class='ocr_par' dir='ltr' id='par_1_112' title="bbox 417 5855 1590 5935">
     <span class='ocr_line' id='line_1_113' title="bbox 417 5855 1590 5935; baseline -0.008 -18"><span class='ocrx_word' id='word_1_714' title='bbox 417 5855 535 5935; x_wconf 59' lang='grc' dir='ltr'>(εει</span> <span class='ocrx_word' id='word_1_715' title='bbox 568 5858 753 5917; x_wconf 82' lang='lat' dir='ltr'><strong>Hodie</strong></span> <span class='ocrx_word' id='word_1_716' title='bbox 778 5856 972 5913; x_wconf 86' lang='lat' dir='ltr'><strong>decem</strong></span> <span class='ocrx_word' id='word_1_717' title='bbox 1009 5855 1275 5911; x_wconf 78' lang='lat' dir='ltr'><strong>duntaxat</strong></span> <span class='ocrx_word' id='word_1_718' title='bbox 1317 5855 1590 5924; x_wconf 81' lang='lat' dir='ltr'><strong>leguntur.</strong></span> 
     </span>
    </p>
   </div>
   <div class='ocr_carea' id='block_1_113' title="bbox 2118 5704 3626 5791">
    <p class='ocr_par' dir='ltr' id='par_1_113' title="bbox 2118 5704 3626 5791">
     <span class='ocr_line' id='line_1_114' title="bbox 2118 5704 3626 5791; baseline -0.004 -26"><span class='ocrx_word' id='word_1_719' title='bbox 2118 5710 2231 5791; x_wconf 63' lang='lat' dir='ltr'><strong>(lg)</strong></span> <span class='ocrx_word' id='word_1_720' title='bbox 2266 5706 2700 5791; x_wconf 71' lang='lat' dir='ltr'><strong>Utrumquehoc</strong></span> <span class='ocrx_word' id='word_1_721' title='bbox 2749 5720 2891 5791; x_wconf 73' lang='lat' dir='ltr'><strong>opus</strong></span> <span class='ocrx_word' id='word_1_722' title='bbox 2950 5704 3282 5791; x_wconf 62' lang='lat' dir='ltr'><strong>Ecclesiast.</strong></span> <span class='ocrx_word' id='word_1_723' title='bbox 3328 5705 3626 5791; x_wconf 39' lang='lat' dir='ltr'><strong>parpar-at.</strong></span> 
     </span>
    </p>
   </div>
   <div class='ocr_carea' id='block_1_114' title="bbox 2046 5778 3644 5847">
    <p class='ocr_par' dir='ltr' id='par_1_114' title="bbox 2046 5778 3644 5847">
     <span class='ocr_line' id='line_1_115' title="bbox 2046 5778 3644 5847; baseline -0.005 -9"><span class='ocrx_word' id='word_1_724' title='bbox 2046 5778 2137 5838; x_wconf 61' lang='lat' dir='ltr'><strong>ac&#39;</strong></span> <span class='ocrx_word' id='word_1_725' title='bbox 2169 5778 2537 5838; x_wconf 84' lang='lat' dir='ltr'><strong>Demonstrat.</strong></span> <span class='ocrx_word' id='word_1_726' title='bbox 2572 5778 2869 5841; x_wconf 79' lang='lat' dir='ltr'><strong>intercidit,</strong></span> <span class='ocrx_word' id='word_1_727' title='bbox 2904 5790 3079 5847; x_wconf 87' lang='lat' dir='ltr'><strong>neque</strong></span> <span class='ocrx_word' id='word_1_728' title='bbox 3120 5778 3372 5835; x_wconf 82' lang='lat' dir='ltr'><strong>meminit</strong></span> <span class='ocrx_word' id='word_1_729' title='bbox 3400 5778 3472 5832; x_wconf 77' lang='lat' dir='ltr'><strong>B.</strong></span> <span class='ocrx_word' id='word_1_730' title='bbox 3496 5780 3644 5837; x_wconf 63' lang='grc' dir='ltr'>ωε...</span> 
     </span>
    </p>
   </div>
   <div class='ocr_carea' id='block_1_115' title="bbox 2040 5869 2158 5910">
    <p class='ocr_par' dir='ltr' id='par_1_115' title="bbox 2040 5869 2158 5910">
     <span class='ocr_line' id='line_1_116' title="bbox 2040 5869 2158 5910; baseline -0.017 -2"><span class='ocrx_word' id='word_1_731' title='bbox 2040 5869 2158 5910; x_wconf 90' lang='lat' dir='ltr'><strong>ron.</strong></span> 
     </span>
    </p>
   </div>
  </div>
