4030 6472
346 414 423 480 59
1498 416 1763 479 PHOTII
1819 412 2323 475 PATRIARCHAZ
2362 412 2471 473 CP.
3540 419 3611 482 60

1028 534 1189 590 XXII.

512 625 833 681 Theodosius
866 630 1150 682 monachus
1170 638 1356 683 contra
1373 623 1750 694 Philoponum.

405 779 573 838 Lecta
615 790 700 839 est
764 783 1057 841 Theodosii
1122 784 1374 843 monachi
1423 798 1650 846 earum,
1712 796 1837 852 qua:
1887 796 1918 835 a

330 871 546 930 Joanne
570 874 874 945 Philopono
902 879 1150 935 adducta:
1179 888 1306 936 sunt
1336 878 1662 934 citationum
1725 876 1920 929 adver-

341 982 434 1021 sus
455 982 743 1038 corporum
770 972 1255 1035 resurrectionem,
1281 970 1557 1026 elaborata
1584 966 1920 1037 Confutatio;

343 1060 397 1113 in
432 1076 538 1130 qua
576 1070 633 1116 et
664 1062 782 1116 loca
815 1078 988 1119 sacrm
1037 1066 1334 1135 Scripturte
1366 1072 1788 1126 sanctorumque
1814 1057 1924 1114 Pa-

343 1161 487 1204 trum
517 1151 757 1219 adducit,
786 1154 987 1224 quibus
1004 1154 1229 1210 Joannis
1261 1152 1498 1207 amentia
1531 1149 1819 1206 refellitur.

1036 1244 1227 1303 XXIII.

1940 536 1986 590 Α

2729 524 2831 580 KB‘

2020 617 2343 674 Θεοδοσίου
2387 616 2757 692 μονςάζοντος
2789 618 2941 673 κατά
2976 617 3085 692 τοῦ
3108 619 3450 677 Φιλοπόνου
3476 630 3610 692 περὶ

2489 688 2901 755 Ἀναστάσεως
2930 690 3140 759 λόγου.

2102 782 2441 855 Ἀνεγνώσθη
2472 780 2759 837 Θεοδοσίου
2785 783 3113 853 μονάζοντος
3140 784 3252 837 τῶν
3278 781 3376 855 [I6
3404 783 3503 858 8.]
3533 783 3614 855 τῷ

2018 877 2297 949 Φιλοπόνῳ
2348 876 2573 948 Ἰωάννῃ
2628 875 3107 948 παραληφθέντων
3162 877 3414 947 χρήσεων
3475 877 3617 931 κατὰ

2021 969 2121 1040 τῆς
2153 970 2263 1023 τῶν
2309 967 2577 1038 σωμάτων
2621 965 2971 1029 ἀναστάσεως
3001 966 3419 1038 ὲσπουδασμένη
3453 966 3616 1022 Ἀνα-

2023 1058 2245 1127 τροπὴ,
2285 1057 2383 1111 καὶ
2414 1055 2722 1127 παράθεσις
2756 1054 2938 1127 ῥητῶν
2960 1054 3256 1126 Γραφικῶν
3286 1073 3348 1109 τε
3389 1056 3485 1110 καὶ
3507 1074 3616 1110 πα-

2025 1148 2233 1223 τρικῶν
2261 1150 2342 1214 είς
2375 1148 2598 1220 ἔλεγχον
2624 1150 2727 1219 τῆς
2770 1146 3023 1202 Ἰωάννου
3053 1147 3446 1219 ματαιοπονίας
3475 1148 3544 1204 ⁵⁸.

2738 1241 2869 1295 KI".

339 1333 612 1403 Cononis,
672 1336 938 1409 Eugenii,
994 1346 1046 1391 et
1111 1336 1387 1393 Themistii
1461 1336 1517 1391 in
1569 1334 1927 1406 Philopouum

2042 1337 2332 1403 Κόνωνος,
2364 1334 2464 1409 καὶ
2500 1333 2818 1409 Ερτενίου,
2852 1333 2951 1388 καὶ
2981 1334 3302 1409 Θεμιστίου
3329 1334 3480 1389 κατὰ
3509 1334 3620 1404 τῆς

1008 1410 1292 1464 invectiva.

418 1497 604 1555 Lectae
647 1507 775 1554 sunt
803 1498 1063 1562 Cononis,
1109 1498 1336 1570 Eugenii
1377 1498 1512 1568 (5i),
1553 1505 1609 1552 et
1643 1494 1931 1551 Themistii

344 1590 617 1646 Adversus
641 1588 867 1645 Joannis
893 1588 1178 1659 Philoponi
1215 1590 1278 1644 de
1309 1591 1488 1644 carnis
1520 1587 1931 1643 Resurrectione

346 1684 704 1738 deliramenta
745 1684 1043 1749 lnvectivae,
1084 1682 1283 1751 quibus
1328 1683 1531 1737 acriter
1577 1681 1714 1737 adeo
1752 1680 1928 1750 ipsum

344 1775 708 1840 insectantur,
744 1783 804 1827 ut
828 1775 994 1829 etiam
1025 1775 1246 1828 omnino
1276 1789 1307 1829 a
1333 1773 1648 1829 Christiana
1696 1773 1800 1827 Iide
1834 1771 1934 1826 ab-

2264 1406 2457 1474 αὐτῆς
2482 1405 2589 1460 τοῦ
2628 1405 2912 1461 Ἰωάννου
2959 1406 3384 1475 πραγματείας.

2117 1496 2456 1568 Ἀνεγνώσθη
2490 1497 2739 1560 Κόνωνος
2767 1497 2862 1549 καὶ
2900 1495 3160 1564 Εὐγενίου
3200 1496 3297 1551 καὶ
3327 1496 3619 1567 Θεμιστίου

2036 1594 2197 1649 Κατὰ
2212 1590 2505 1656 Ἰωάννου,
2530 1590 2631 1661 τὴν
2656 1590 2788 1661 περὶ
2808 1589 3160 1653 ἀναστάσεως
3186 1587 3356 1642 αὐτοῦ
3389 1604 3620 1658 ματαιο-

2038 1685 2232 1740 πονίαν
2252 1687 2299 1719 "
2330 1682 2758 1753 στηλιτευόντων
2779 1698 2793 1712 ·
2825 1682 2883 1735 ὲν
2912 1676 2994 1745 οἷς
3025 1681 3227 1753 πολλὴν
3255 1680 3422 1734 αὑτοῦ
3457 1698 3623 1733 κατα-

2040 1778 2248 1851 δρομὴν
2292 1774 2596 1842 ποιοῦνται,
2626 1773 2769 1829 ὥστε
2793 1775 2888 1828 καὶ
2926 1774 3210 1844 ἀλλότριον
3235 1772 3414 1843 λέγειν
3459 1774 3622 1827 αὑτὸν

341 1868 573 1924 horrere
616 1868 890 1923 hominem
948 1867 1244 1933 aﬂirment,
1306 1869 1437 1924 licet
1464 1867 1548 1938 5b
1606 1868 1658 1922 in
1701 1880 1769 1921 eo
1810 1881 1935 1920 cum

2042 1869 2322 1933 παντελῶς
2344 1868 2439 1923 τοῦ
2464 1868 2735 1939 δόγματος
2759 1867 2871 1922 τῶν
2909 1866 3275 1938 Χριστιανῶν.
3307 1866 3499 1920 Καίτοι
3528 1866 3623 1919 καὶ

344 1960 439 2014 illo
483 1960 773 2026 sentirent,
825 1962 970 2031 quod
1010 1976 1111 2017 nec
1161 1961 1263 2031 ipsi
1307 1961 1613 2031 reciperent
1645 1957 1942 2015 Chalcedo-

342 2066 521 2108 neuse
543 2053 858 2109 concilium.

1040 2142 1233 2202 XXIV.

345 2232 486 2289 Acta
535 2234 911 2305 disputationis
952 2237 1324 2362 hteretzcorglrn
1364 2254 1545 2294 coram
1589 2238 1805 2299 Joanne
1850 2260 1943 2314 pa-

951 2318 1115 2361 triarc
1156 2326 1188 2361 a
1320 2348 1334 2362 .

951 2318 1188 2361 triarcha
1222 2318 1334 2363 ω’.

420 2397 624 2456 Lectus
656 2400 794 2456 liber
837 2402 972 2456 Acta
1018 2403 1312 2457 continens
1361 2404 1742 2473 disputationis
1788 2409 1942 2463 inita!

346 2506 533 2548 coram
577 2494 689 2565 (52)
724 2491 937 2549 Joanne
986 2495 1151 2565 regiae
1188 2496 1341 2551 urbis
1392 2497 1670 2568 episc0po,
1725 2497 1941 2555 Justino

352 2587 677 2656 imperante,
726 2589 868 2642 inter
913 2587 1181 2643 Cononem
1213 2599 1263 2643 et
1312 2589 1425 2662 (55)
1472 2590 1773 2661 Eugenium
1813 2594 1938 2648 Tri-

351 2677 553 2733 theitas
576 2677 716 2748 (54),
738 2688 785 2731 et
811 2676 1039 2733 Paulum
1054 2696 1117 2732 ac
1140 2680 1495 2749 Stephanum,
1516 2684 1607 2753 qui
1627 2683 1800 2753 etipsi
1819 2683 1941 2739 Ha:-

352 2769 634 2825 sitantium
656 2769 771 2841 (35)
791 2770 857 2825 de
889 2787 1117 2826 numero
1134 2784 1312 2827 erant.
1335 2771 1436 2828 Hic
1456 2776 1709 2830 visuntur
1726 2775 1936 2841 Conon,

352 2873 409 2918 et
443 2861 717 2935 Eugenius
737 2862 1041 2935 Philopono
1066 2867 1426 2935 patrocinari.
1450 2866 1589 2923 Cum
1623 2870 1769 2924 enim
1796 2868 1939 2924 Pau-

354 2954 440 3009 lus
464 2965 521 3009 et
548 2953 860 3026 Stephanus
891 2958 960 3011 ab
995 2957 1127 3025 ipsis
1148 2958 1515 3028 postularent,
1539 2969 1601 3014 ut
1626 2959 1937 3030 Philopono

353 3045 647 3101 anathema
688 3046 961 3111 dicerent,
1014 3058 1357 3103 recusarunt.
1405 3050 1546 3116 Quin
1572 3060 1627 3105 et
1659 3051 1940 3121 proferunt

354 3136 693 3203 testimonia,
737 3138 883 3208 quod
936 3154 1061 3193 cum
1105 3138 1313 3195 Severo
1354 3152 1409 3195 et
1443 3141 1752 3198 Theodosio
1795 3146 1941 3215 ipso-

2044 1961 2263 2017 αὐτοὶ⁸³
2288 1962 2393 2032 τῆς
2439 1960 2609 2032 αὐτῆς
2639 1960 2790 2032 αύτῷ
2837 1960 2997 2030 δόξης
3046 1958 3389 2024 ἐκοινώνουν,
3419 1961 3520 2029 τὴν
3564 1961 3621 2013 ὲν

2043 2054 2369 2127 Χαλκηδόνι,
2394 2053 2471 2119 ὡς
2497 2055 2725 2119 ἐκεῖνος,
2757 2052 2819 2106 οὐ
2849 2051 3284 2125 παραδεχόμενοι
3315 2050 3559 2105 σύνοδον.

2771 2148 2898 2203 KA'.

2042 2242 2344 2314 Πρακτικὰ
2409 2242 2508 2297 ἐπὶ
2566 2241 2872 2309 παρουσίᾳ
2946 2239 3224 2314 Ἰωάννου
3282 2237 3627 2292 ἐπισκόπου

2468 2311 3192 2376 Κωνσταντινουπόλεως.

2126 2406 2463 2479 Ἀνεγνώσθη
2518 2405 2722 2477 βιϐλίον
2759 2404 2882 2474 ἔχον
2944 2402 3312 2474 πεπραγμένα
3359 2400 3627 2455 συστάντα

2041 2501 2195 2571 παρὰ
2223 2499 2302 2570 τῷ
2340 2499 2443 2568 τῆς
2481 2497 2752 2569 βασιλίδος
2780 2495 3068 2566 ὲπισκόπῳ
3112 2494 3361 2565 Ἰωάννῃ,
3402 2492 3624 2546 Ἰουστί·

2041 2611 2133 2646 νου
2158 2591 2533 2662 βασιλεύοντος
2557 2607 2571 2621 ·
2611 2588 2773 2644 ᾇτινα
2806 2590 3143 2659 συνέστησαν
3178 2586 3381 2658 μεταξὺ
3446 2584 3629 2637 Κόνω-

2042 2704 2131 2749 νος
2159 2687 2254 2740 καὶ
2278 2684 2535 2754 Εὐγενίου
2563 2683 2671 2738 τῶν
2698 2681 3003 2752 ΤριΘεῖτῶν
3032 2682 3128 2735 καὶ
3151 2679 3364 2735 Παύλου
3388 2678 3483 2733 καὶ
3496 2678 3627 2732 Στε-

2043 2778 2236 2848 φάνου.
2276 2778 2372 2832 καὶ
2397 2776 2578 2831 αὐτῶν
2609 2775 2710 2846 τῆς
2740 2773 2849 2827 τῶν
2883 2770 3321 2843 διακρινομένων
3364 2768 3629 2839 αἱρέσεως

2039 2867 2442 2939 τυγχανόντων.
2488 2866 2579 2921 Ἐν
2621 2862 2666 2935 ᾧ
2695 2866 2977 2935 φαίνονται
3005 2863 3053 2896 ⁵⁸
3084 2864 3274 2917 Κόνων
3323 2861 3418 2915 καὶ
3457 2859 3630 2927 Εὐγέ-

2042 2980 2154 3023 νιος
2194 2959 2634 3030 ἀντιποιούμενοι
2674 2957 2771 3013 τοῦ
2819 2957 3115 3013 Φιλοπόνου
3142 2972 3157 2987 ο
3197 2954 3304 3009 τῶν
3346 2953 3453 3024 γὰρ
3503 2953 3632 3023 περὶ

2042 3054 2255 3109 Παῦλον
2303 3054 2399 3109 καὶ
2444 3053 2717 3122 Στέφανον
2767 3048 3148 3104 ἀπαιτούντων
3186 3047 3383 3110 αὐτοὺς
3434 3044 3631 3099 ἀναθε-

2048 3146 2277 3217 ματίσαι
2310 3146 2402 3198 τὸν
2426 3144 2719 3197 Φιλόπονον
2752 3143 2820 3206 ⁸⁸,
2854 3136 3001 3197 οὗτοι
3032 3141 3133 3194 οὐκ
3158 3139 3470 3211 ἠνέσχοντο,
3497 3135 3631 3190 ἀλλὰ

357 3243 479 3282 rum
510 3230 963 3300 praeceptoribus,
988 3232 1179 3286 eadem
1206 3233 1539 3288 seutiret.Hi
1563 3235 1780 3305 quidem
1810 3237 1939 3292 mul-

2050 3241 2145 3293 καὶ
2171 3237 2539 3311 προεκόμιζον
2585 3235 2891 3308 μαρτυρίας
2922 3234 2998 3298 ὼς
3034 3232 3248 3305 συνῳδὰ
3292 3231 3515 3301 Σεόήρῳ
3541 3229 3635 3283 καὶ

358 3329 443 3375 tas
473 3322 523 3376 in
571 3323 895 3392 theologicis
934 3325 1051 3395 pias
1096 3342 1257 3383 voces
1304 3327 1585 3392 adhibent,
1613 3339 1675 3383 ut
1714 3330 1947 3386 Trinita-

361 3422 467 3465 tum
488 3415 1015 3471 consubstantialem
1061 3432 1206 3476 esse.
1238 3417 1594 3487 ejusdemque
1628 3429 1856 3483 natura,
1893 3430 1948 3475 et

360 3520 528 3558 unum
572 3505 764 3570 Deum,
811 3522 1091 3576 unamque
1130 3507 1511 3566 divinitatem;
1567 3506 1949 3575 blasphemaut

361 3613 515 3663 vero,
546 3595 674 3652 dum
705 3598 859 3652 aiunt
881 3597 1099 3653 Patrem
1134 3610 1187 3653 et
1224 3597 1421 3652 Filium
1449 3610 1503 3653 et
1534 3598 1798 3667 Spiritum
1831 3615 1952 3654 sau-

363 3698 512 3742 ctum
541 3688 799 3757 partiales
835 3704 960 3745 esse
998 3690 1363 3756 substantias,
1400 3691 1765 3760 propriasque
1811 3692 1950 3744 (livi-

367 3782 592 3846 nitates,
625 3789 681 3834 et
703 3781 953 3851 proprias
980 3790 1224 3835 naturas.
1255 3781 1330 3834 lta
1356 3797 1544 3837 secum
1586 3783 1712 3853 ipsi,
1746 3795 1800 3838 et
1828 3799 1951 3838 cum

366 3874 599 3929 veritate
624 3881 952 3943 pugnantes,
978 3873 1083 3927 alia
1108 3874 1265 3944 plura
1298 3875 1350 3928 id
1385 3890 1559 3944 genus
1592 3876 1952 3933 deliramenta

370 3982 425 4036 pl
437 3967 677 4023 aferunt.

1084 4055 1254 4111 XXV.

2050 3331 2317 3402 Θεοδοσίῳ
2345 3332 2459 3394 τοῖς
2501 3330 2713 3383 ἑαυτῶν
2747 3328 2938 3398 φρονεῖ
2983 3324 3351 3387 διδασκάλοις.
3385 3315 3545 3377 Οὗτοι
3577 3320 3637 3374 δὲ

2022 3427 2148 3487 ,τὰς
2177 3423 2278 3494 μὲν
2306 3421 2472 3485 ἄλλας
2501 3420 2631 3491 περὶ
2655 3418 2753 3491 τὴν
2781 3418 3062 3488 Θεολογίαν
3087 3418 3306 3485 λέγουσι
3337 3412 3521 3483 φωνὰς
3548 3412 3636 3465 εύ-

2053 3514 2253 3576 σεϐεῐς,
2284 3510 2488 3581 Τριάδα
2513 3509 2800 3579 όμοούσιον
2823 3509 2916 3563 καὶ
2943 3507 3182 3578 ὁμοφυῆ,
3222 3505 3319 3559 καὶ
3347 3503 3482 3557 Θεὸν
3515 3504 3632 3567 ἕνα,

2052 3607 2151 3661 καὶ
2182 3604 2310 3675 μίαν
2331 3603 2567 3673 Θεότητα
2588 3619 2600 3634 ·
2636 3600 3020 3673 βλασφημοῦσι
3046 3601 3102 3654 δὲ
3129 3600 3379 3669 λέγοντες
3409 3594 3637 3668 μερικάς

2054 3697 2245 3759 οὐσίας
2274 3695 2371 3749 καὶ
2402 3694 2577 3756 tam;
2601 3692 2867 3763 θεότητας
2894 3693 2992 3747 καὶ
3024 3692 3200 3753 ἰδικὰς
3240 3689 3433 3759 φύσεις
3468 3686 3523 3759 [7
3547 3684 3639 3756 IL]

2055 3789 2147 3843 τὸν
2181 3787 2399 3859 Πατέρα
2427 3787 2522 3840 καὶ
2550 3786 2642 3839 τὸν
2675 3786 2804 3841 Υίὸν
2833 3786 2929 3840 καὶ
2964 3785 3026 3838 τὸ
3055 3785 3209 3854 ἅγιον
3248 3780 3489 3850 Πνεῦμα,
3514 3780 3637 3832 ἑαυ-

2057 3883 2172 3945 τοῖς
2212 3896 2273 3933 τε
2308 3879 2405 3934 καὶ
2451 3881 2517 3950 τῇ
2558 3877 2791 3950 ἀληθείᾳ
2838 3876 3156 3949 μαχόμενοι.
3188 3876 3299 3929 Καὶ
3329 3873 3462 3927 ἄλλα
3506 3870 3641 3925 ἄττα

2057 3973 2287 4047 ληροῦσι
2313 3971 2674 4045 παραπλήσια
2701 3970 2907 4041 ταύτης
2932 3970 3032 4042 τῆς
3065 3967 3451 4040 ματαιότητος.

2788 4063 2916 4119 ΚΕ’.

375 4150 439 4207 S.
466 4148 696 4226 Joannis
738 4148 1105 4226 Chrysostonti
1140 4150 1197 4226 in
1247 4158 1466 4203 mortem
1508 4161 1562 4204 et
1602 4153 1939 4226 ascensionen

2066 4159 2180 4216 Τοῦ
2213 4157 2652 4226 Χρυσοστόμου
2704 4158 2792 4222 είς
2838 4155 2945 4210 τὸν
2971 4154 3256 4216 θάνατον,
3296 4150 3508 4226 και-είς
3534 4146 3649 4215 τὴν

555 4219 777 4283 Christi,
804 4219 1031 4291 itemque
1053 4222 1106 4273 in
1132 4219 1473 4274 Pentecosten
1502 4224 1794 4278 orationes.

448 4309 705 4382 Legimus
726 4308 1107 4381 Chrysostomi
1142 4310 1361 4365 nomine
1388 4312 1708 4380 inscriptum
1739 4314 1960 4381 librum,

2241 4222 2573 4296 circumi-tt},
2611 4226 2708 4280 καὶ
2738 4230 2826 4293 είς
2873 4226 2986 4293 τὴν
3017 4222 3473 4291 Πεντηκοστήν.

2148 4319 2491 4390 ’Δνεγνώσθη
2504 4318 2599 4373 τοῦ
2623 4318 3014 4389 Χρυσοστόμου
3027 4315 3343 4386 ἐπιγραφὴν
3361 4313 3483 4384 ἕχον
3504 4312 3550 4365 Σ
3553 4311 3651 4379 χό-

379 4398 696 4456 Notationes
732 4400 787 4453 in
831 4408 1051 4453 mortem
1108 4397 1333 4454 Christi.
1368 4398 1509 4453 Sunt
1546 4411 1727 4457 autem
1770 4404 1939 4461 breve:

2062 4418 2165 4469 .lta
2182 4415 2229 4446 ⁵⁸
2256 4416 2343 4477 εὶς
2366 4413 2471 4465 τὸν
2493 4410 2773 4473 θάνατον,
2823 4409 2973 4479 λόγοι
3008 4408 3052 4441 ⁸⁷
3097 4408 3287 4479 μικροὶ
3328 4406 3502 4459 είκοσι
3537 4400 3649 4455 δύο.

379 4494 660 4549 orationes
688 4493 808 4547 duae
842 4500 896 4547 et
926 4493 1145 4563 viginti.
1175 4491 1453 4547 Habentur
1469 4503 1524 4547 et
1556 4494 1607 4548 in
1638 4496 1831 4551 eodem
1868 4512 1964 4551 vo-

2069 4507 2180 4561 Καὶ
2210 4508 2267 4559 ὲν
2294 4504 2373 4576 τῷ
2404 4504 2552 4575 αύτῷ
2583 4503 2734 4572 λόγοι
2762 4502 3138 4573 παραπλήσιοι
3172 4503 3277 4566 Εἰς
3292 4498 3408 4567 τὴν
3429 4493 3653 4561 ἀνάλη-

382 4587 587 4641 lumine
626 4586 869 4641 similes:
906 4584 973 4639 In
1020 4586 1379 4639 ascensionem
1421 4584 1637 4641 Domini
1677 4588 1797 4643 aliae
1842 4595 1939 4644 duo

2070 4602 2181 4670 ψιν
2207 4598 2316 4652 τοῦ
2343 4575 2566 4666 Κυρίου
2593 4595 2699 4667 κβ’,
2724 4596 2820 4652 καὶ
2836 4595 2920 4649 ἔτι
2946 4597 3052 4662 Εἰς
3073 4593 3192 4663 τὴν
3218 4586 3656 4659 Πεντηκοστὴν

382 4686 441 4729 et
473 4674 698 4746 viginti;
738 4685 793 4729 et
829 4676 884 4729 in
931 4674 1274 4730 Pentecosten
1312 4691 1528 4746 quoque
1552 4679 1832 4734 orationes
1877 4694 1939 4734 se

2072 4691 2335 4757 ὡσαύτως
2361 4691 2510 4761 λόγοι
2541 4690 2626 4757 ιζ’.

385 4766 735 4837 ptemdecim.

1678 4886 1914 4945 VARIxE
1954 4889 2363 4948 LECTIONES.

457 4980 504 5012 ⁸¹
543 4980 903 5049 ματαιότητος
929 4999 991 5047 ς.

389 5053 456 5108 A.
529 5051 577 5083 “
608 5052 823 5124 σχόλιον
853 5069 913 5117 ς.
1001 5053 1047 5086 ⁸⁷
1070 5052 1218 5124 λόγῳ
1253 5070 1315 5118 ς.

1102 4982 1150 5058 ξ’
1179 4979 1566 5051 ματαιολογίαν
1602 4998 1663 5048 ς.
1738 4982 1785 5014 ⁵³
1800 4984 1979 5058 αὐτοὶ]
2019 4981 2165 5042 οὗτοι
2188 4990 2251 5044 Α.

2348 4986 2395 5022 ⁸⁸
2421 4985 2669 5058 φαίνεται
2699 4985 2767 5041 Α.
2866 4983 2913 5016 ⁸³
2934 4977 3251 5051 Φιλόπονον]
3276 4975 3544 5030 Φίλιππον
3575 4985 3656 5041 pr.

1913 5143 2150 5203 NOTAE.

466 5260 579 5331 (⁸51)
606 5258 776 5329 Cujus
797 5273 906 5314 non
943 5258 1112 5331 semel
1141 5256 1709 5331 meminitiNicephor.
1752 5257 1966 5312 Lallist.

395 5324 731 5385 Themistius
758 5339 935 5383 autem
973 5329 1115 5384 idem
1144 5328 1483 5393 videturille,
1516 5324 1777 5381 adversus
1808 5344 1969 5393 quem
2081 5324 2304 5382 naturas
2340 5330 2391 5381 in
2436 5324 2787 5382 sacrosancta
2838 5324 3108 5393 Trinitate

395 5401 956 5469 scripsitTheodorus
985 5401 1236 5469 monach.
1278 5398 1378 5452 inf.
1426 5399 1557 5469 cod.
1596 5395 1775 5451 CVIII.
1801 5398 1967 5469 card.

398 5468 558 5538 porro
574 5472 770 5529 Baron.
797 5468 1451 5540 oroEugenioEvagrium
1477 5468 1661 5533 habet,
1685 5476 1819 5521 tom.
1852 5468 1963 5530 VII,

397 5540 464 5593 ad
496 5556 545 5595 a.
582 5542 681 5596 Ch.
719 5540 845 5596 5'55.

472 5611 586 5682 (5g;
599 5611 723 5665 Fuit
741 5613 826 5665 hic
838 5608 1177 5675 Joanneslll,
1194 5620 1553 5682 cognomento
1568 5607 1965 5682 Schola_sti(_:_u§,

402 5670 505 5736 sub
532 5670 744 5737 Justino
767 5682 998 5745 minore,
1027 5683 1094 5736 de
1125 5670 1235 5749 quo
1262 5670 1441 5734 uetiam
1473 5679 1567 5733 ini.
1599 5680 1722 5733 cod.
1754 5670 1971 5735 LXXV.

403 5749 603 5805 Baron.
630 5751 783 5805 card.
816 5762 854 5805 t.
894 5750 1005 5815 VII,
1042 5753 1106 5804 ad
1136 5768 1187 5806 a.
1220 5751 1284 5807 C.
1316 5752 1441 5807 564.

479 5820 592 5890 (55)
631 5820 920 5890 Evagrium
962 5823 1204 5875 nominat
1252 5823 1314 5877 D.
1353 5820 1549 5878 Baron.
1596 5820 1745 5877 card.
1786 5820 1850 5875 ad
1876 5837 1977 5874 an-

409 5906 537 5947 num
571 5891 774 5948 Christi
806 5891 932 5958 555,
967 5902 1095 5948 tum.
1132 5890 1241 5948 VII.

2154 5259 2268 5328 (54)
2323 5258 2401 5312 Ita
2449 5256 2738 5326 Philoponi
2797 5264 3100 5328 segniores
3148 5248 3305 5328 dicti,
3353 5244 3495 5328 quod
3554 5251 3662 5294 tres

3156 5315 3423 5387 proﬁtend
3433 5330 3492 5369 as
3532 5328 3663 5367 cen—

2078 5400 2309 5454 suerint.
2344 5398 2539 5453 Leont.
2591 5407 2699 5454 act.
2729 5398 2788 5465 5,
2824 5404 3073 5451 extremo
3101 5388 3331 5458 Niceph.
3367 5388 3459 5440 lib.
3501 5398 3654 5445 xvm,

2074 5485 2197 5533 cap.
2232 5470 2322 5533 49,
2354 5469 2490 5533 lege.

2145 5483 2680 5611 ῗὲὅῗθρύῖεῗίοιηίηο
2703 5534 2959 5611 appellati
2998 5528 3325 5611 Eutychiani
3359 5523 3660 5611 δίεμαι-δε-

2080 5593 2441 5679 νθὶίαἷιίῗηυί
2475 5624 2650 5678 neque
2674 5593 3199 5679 pa'IaurEutychétis
3233 5593 3451 5679 errores
3476 5593 3665 5679 proli:-

2083 5683 2185 5735 teri
2212 5670 2646 5749 ausi,'neque'ad
2674 5670 3000 5749 fCatholicos'
3025 5686 3149 5749 sese
3193 5670 3533 5749 adjungerez'
3550 5670 3660 5749 nisi

2083 5733 2562 5818 priusvda'mndtis
2616 5748 2789 5802 tribus
2845 5743 3118 5818 capitulis,
3151 5733 3461 5795 voluerunt.
3494 5733 3661 5789 Cani.

2086 5816 2285 5877 Baron.
2318 5836 2438 5891 sup.
2473 5829 2529 5876 ct
2558 5818 2752 5875 Leont.
2782 5827 2891 5871 act.
2925 5816 2958 5869 6
2986 5825 3252 5869 extrema.
