4030 6486
379 425 449 488 63
1551 420 1817 483 PHOTII
1857 420 1986 480 ΡΑἸ

2096 416 2368 480 ARCILE
2407 418 2512 478 CP.
3586 428 3663 492 64

382 558 592 613 septem
625 551 711 599 est
748 542 900 597 libris
937 543 1350 612 comprehensa.
1401 539 1585 613 Stylns
1618 539 1691 593 illi
1732 554 1837 593 non
1862 539 1957 594 ad-

2089 536 2121 587 ιὲ
2160 535 2359 606 φράσις
2390 533 2542 587 οὐδὲν
2583 532 2699 604 ἔχει
2755 533 3057 605 ἀξιόλογον.
3102 537 3265 593 Ἀλλὰ
3303 541 3397 594 καὶ
3443 544 3501 597 ὲν
3541 551 3662 612 τοῖς

386 642 611 695 modum
658 636 1003 708 splendidus,
1051 638 1147 693 sed
1196 653 1294 693 nec
1340 637 1393 691 in
1443 632 1789 706 dogmatibus
1818 633 1973 688 valde

389 742 677 787 accuratus
709 739 813 785 est.

1111 820 1303 877 XXIX.

394 915 611 980 Et‘nqrii
650 913 961 969 Scholastici
1005 913 1393 967 Ecclesiasticw
1446 907 1697 962 Historia:
1725 904 1849 960 libri
1876 905 1971 960 vit.

469 1009 626 1060 Lecta
667 1007 883 1076 Evagrii
927 1004 1275 1067 Scholastici,
1328 998 1660 1069 exprmfecti,
1701 996 1812 1051 nati
1848 995 1976 1064 Epi-

395 1099 632 1168 phanizr,
669 1099 802 1151 urbe
836 1097 1166 1166 leesyrire,
1212 1091 1582 1146 Ecclesiastica
1624 1087 1868 1157 Historia
1904 1088 1972 1139 lio
2000 1089 2011 1102 ‘

396 1188 505 1241 bris
535 1205 627 1242 sea:
657 1204 675 1241 :
711 1190 973 1242 inchoatis
996 1203 1024 1239 a
1050 1186 1156 1239 line
1186 1182 1427 1239 Socratis
1457 1191 1510 1237 et
1542 1180 1867 1234 Theodoreti
1896 1179 1976 1232 hi-

394 1281 715 1343 storiarum,
750 1281 1170 1348 pertingensque
1193 1275 1261 1329 ad
1280 1272 1520 1328 Mauricii
1544 1286 1744 1325 annum
1775 1270 1978 1323 duode-

400 1373 603 1425 cimum
634 1372 848 1444 (42-45)
889 1370 1119 1440 imperii.
1159 1367 1344 1438 Stylus
1382 1365 1505 1420 huic
1540 1378 1643 1416 non
1684 1363 1972 1431 ingratus:

397 1465 614 1518 tametsi
658 1466 925 1519 interdum
977 1461 1285 1516 redundare
1339 1456 1741 1528 quodammodo
1790 1455 1979 1507 videa-

398 1563 511 1619 tur,
548 1562 697 1608 certe
743 1554 796 1607 in
850 1552 1113 1607 doctrinm
1158 1548 1394 1604 veritate
1445 1545 1660 1601 caneris
1701 1543 1980 1598 historicis

399 1645 707 1698 accuratior
738 1652 840 1697 est.
873 1641 1048 1697 Habet
1084 1650 1268 1695 autem
1290 1646 1345 1694 et
1372 1638 1438 1693 de
1466 1636 1790 1707 imaginibus
1820 1649 1977 1707 qure-

388 1734 521 1789 dam
549 1734 815 1803 exempla.

1146 1912 1267 1968 XX.

1146 1912 1267 1968 XX.

432 2005 668 2061 Hermia
702 2006 981 2062 Sosomeni
1009 1912 1265 2061 Hislt‘orite
1294 2002 1685 2059 Ecclesiasticte
1715 2003 1838 2057 libri
1870 2019 1946 2058 Ix.

470 2169 631 2225 Lecta
646 2179 727 2224 est
743 2169 975 2223 Hermia:
988 2168 1275 2223 Sozomeni
1297 2166 1611 2233 Salaminii,
1631 2167 1972 2232 scholastici,

398 2262 778 2316 Ecclesiastica
807 2260 1048 2314 Historia
1085 2260 1204 2313 libri
1232 2276 1413 2314 novem
1448 2273 1468 2311 :
1504 2275 1666 2329 quam
1699 2269 1977 2330 nuncupat

393 2351 710 2409 Theodosio
752 2353 970 2407 minori.
1028 2352 1357 2419 Anspicatur
1385 2366 1416 2405 a
1449 2351 1735 2406 consulatu
1775 2352 1975 2421 Crispi,

399 2446 624 2514 ejusque
651 2446 823 2515 patris
873 2444 1235 2509 Constantini,
1274 2454 1329 2499 et
1382 2446 1631 2514 perducit
1683 2446 1748 2498 ad
1798 2443 1980 2499 Theo-

394 2536 537 2591 dosii
589 2537 811 2591 minoris
857 2536 1165 2604 imperium.
1220 2535 1318 2590 Ilic
1360 2535 1836 2606 Constantinopoli
1887 2536 1981 2608 jus

397 2630 525 2683 olim
568 2630 820 2695 dicebat;
883 2642 1072 2697 estque
1134 2629 1361 2684 Socrate
1404 2631 1459 2684 in
1518 2632 1659 2701 stylo
1713 2639 1979 2698 praestan-

402 2722 506 2776 tior
534 2740 548 2777 :
588 2737 616 2774 a
646 2739 754 2793 quo
780 2723 945 2777 etiam
976 2722 1028 2775 in
1072 2722 1480 2777 narrationibus
1505 2723 1829 2790 quibusdam
1861 2723 1976 2777 dis-

400 2813 586 2867 sentit.

1092 2904 1289 2960 XXXI.

664 2995 975 3051 Theodoreti
1004 2994 1258 3050 Historia:
1291 2994 1494 3050 Eccles.
1524 2996 1647 3051 libri
1680 3011 1735 3055 ν.

470 3089 557 3160 6b
616 3087 778 3143 Lecta
819 3098 905 3142 est
951 3087 1278 3143 Theodoreti
1326 3086 1564 3142 Historia
1604 3088 1980 3144 ecclesiastica.

397 3179 658 3235 Omnium
710 3195 847 3249 quos
918 3180 1162 3249 proxime
1235 3180 1507 3234 nominavi
1571 3183 1980 3236 convenientem

404 3275 578 3342 nugis
636 3272 876 3328 historiae
931 3271 1128 3343 stylum
1190 3271 1433 3329 adhibet.
1485 3270 1680 3327 Clarus
1724 3274 1870 3327 enim
1928 3287 1985 3330 et

403 3366 628 3432 grandis
681 3374 785 3430 est,
854 3365 1186 3434 minimeque
1240 3364 1620 3432 redundans:
1684 3365 1785 3420 nisi
1844 3367 1987 3436 quod

402 3457 860 3513 translationibus
921 3458 1190 3512 interdum
1249 3458 1543 3519 audacius.
1609 3473 1745 3526 pene
1812 3458 1990 3529 inepte

404 3560 610 3605 utatur.
643 3550 743 3605 Ilic
769 3550 933 3605 etiam
994 3564 1155 3618 quam
1204 3549 1387 3603 caeteri
1421 3547 1593 3603 fusius
1619 3550 1867 3603 secunda:
1899 3564 1991 3620 sy-

405 3642 532 3697 nodi
588 3652 740 3711 gesta
804 3650 1242 3696 commemorat:
1294 3656 1414 3709 quae
1467 3641 1556 3695 alii
1622 3653 1874 3711 tanquam
1934 3644 1987 3698 in

409 3750 702 3796 concursu,
733 3734 871 3788 dicis
899 3736 1095 3801 gratia,
1120 3742 1177 3786 et
1206 3732 1387 3787 obiter
1413 3731 1529 3788 lere
1565 3744 1809 3800 narrant,
1834 3735 1988 3804 quasi

409 3827 475 3881 de
523 3841 591 3894 ea.
636 3826 780 3894 loqui
818 3827 1106 3895 refugiant.
1163 3826 1567 3882 Verumtamem
1607 3843 1675 3881 ne
1724 3829 1837 3897 ipse
1865 3829 1990 3897 qui-

408 3919 532 3973 dem
579 3918 759 3973 omnia
797 3918 1073 3986 sigillatim
1127 3917 1314 3973 refert.
1371 3918 1665 3973 Historiam
1720 3920 1993 3977 inchoavit

411 4012 480 4062 ab
511 4010 699 4064 hzeresi
742 4010 880 4074 Arii,
928 4011 1303 4079 pertexuitqne
1349 4020 1405 4064 et
1438 4012 1551 4078 ipse
1601 4012 1664 4065 ad
1699 4010 1991 4069 Theodosii

414 4102 642 4156 minoris
690 4111 954 4169 tempora,
1002 4112 1059 4156 et
1092 4117 1263 4170 usque
1294 4102 1362 4155 ad
1406 4102 1624 4155 Diodori
1654 4102 1767 4172 (44)
1806 4118 1993 4159 exces-

414 4208 535 4246 sum
560 4233 576 4257 ,
628 4194 843 4262 quando
891 4192 1357 4264 Constantinopoli
1402 4193 1516 4263 (45)
1550 4209 1826 4249 sacrorum
1851 4198 1992 4252 anti-

416 4295 530 4339 stes
557 4285 831 4341 Sisinnius
861 4285 985 4341 fuit.

1103 4376 1320 4432 XXXII.

886 4469 945 4527 S.
979 4472 1259 4527 Athanasii
1290 4473 1547 4540 epistolae.

488 4564 668 4619 Lectae
700 4564 979 4619 Athanasii
1008 4563 1241 4632 epistola:
1286 4564 1449 4617 varia:
1498 4562 1657 4636 (quas
1684 4565 1824 4621 inter
1854 4568 1994 4621 etde
2027 4588 2070 4643 ο

411 4656 534 4722 ejtts
566 4670 808 4717 secessu,
861 4667 1117 4723 tanquam
1149 4654 1432 4724 Apologia,
1482 4655 1817 4710 collocantur
1849 4673 1989 4711 non-

419 4747 626 4815 nullae),
658 4747 938 4815 eleganter
957 4747 1114 4801 simul
1146 4756 1200 4801 et
1226 4746 1532 4815 splendide,
1567 4747 1820 4818 clareque
1845 4764 1995 4804 cum—

419 4841 647 4910 positze:
695 4839 1055 4907 persuadendi
1108 4839 1328 4907 insuper
1382 4839 1456 4905 vi,
1501 4854 1565 4894 ac
1592 4850 1873 4895 venustate
1902 4840 2000 4896 ﬂo-

422 4935 571 4999 ridae,
605 4944 664 4988 ut
684 4932 983 5002 jucundum
1008 4934 1101 4998 sit,
1126 4948 1289 5003 quam
1320 4933 1390 4988 ibi
1428 4932 1745 5002 Apologiam
1781 4934 1999 4999 scribit,

418 5021 629 5080 audire.

2072 627 2338 698 δόγμασιν
2372 625 2435 678 οὐ
2469 623 2589 678 λίαν
2622 625 2772 679 ἐστὶν
2805 627 3067 700 άκριόής.

2791 812 2921 867 κεν.

2066 904 2367 972 Εὐαγρίου
2381 905 2799 972 Σχολαστικοῦ
2830 906 3341 976 Ἐκκλησιαστικη
3400 910 3665 978 Ιστορία.

2158 996 2499 1067 Ἀνεγνώσθη
2528 998 2802 1067 Εὐαγρίου
2832 997 3197 1068 Σχολαστικοῢ
3235 1000 3345 1055 ἀπὸ
3380 1000 3667 1073 ὑπάρχων,

2077 1089 2286 1151 πόλεως
2328 1090 2384 1141 δὲ
2415 1090 2719 1156 ἐπιφανοῦς
2763 1090 2863 1159 τῆς
2901 1091 3044 1145 κατὰ
3072 1092 3173 1161 τὴν
3204 1093 3410 1165 Κοίλην
3441 1095 3667 1166 Συρίαν,

2077 1182 2588 1250 Ἐκκλησιαστικὴ
2622 1183 2875 1252 Ἰστορία
2903 1184 2960 1236 ὲν
2988 1184 3175 1251 τόμοις
3198 1184 3278 1252 ἐξ·
3295 1186 3469 1259 ἀρχὴν
3483 1204 3671 1240 ποιου-

2081 1276 2215 1346 μένη
2231 1273 2292 1327 τὸ
2304 1274 2568 1345 τέλοςτῆς
2586 1276 2910 1348 Σωκράτους
2925 1277 3020 1330 καὶ
3032 1277 3380 1349 Θεοδωρήτου
3402 1280 3666 1352 ἱστορίας,

2080 1364 2179 1419 καὶ
2206 1365 2470 1419 κατιοῦσα
2513 1366 2675 1437 μέχρι
2713 1369 2814 1437 τῆς
2851 1366 3131 1437 βασιλείας
3164 1368 3499 1439 Μαυρικίου,
3544 1369 3668 1435 ἔτος

2077 1456 2385 1511 δωδέκατον
2413 1459 2471 1510 ἐν
2503 1461 2570 1529 τῇ
2626 1458 2877 1531 βασιλείᾳ
2925 1458 3256 1523 διανύοντος.
3292 1461 3449 1514 Ἐστι
3487 1460 3671 1535 δὲτὴν

2080 1548 2282 1619 φράσιν
2306 1550 2407 1602 οὐκ
2440 1549 2659 1621 ἄχαρις,
2690 1553 2740 1605 εί
2765 1552 2859 1605 καί
2886 1570 3004 1615 πως
3034 1552 3455 1622 περιττεύεσθαι
3493 1556 3669 1609 ὲνίοτε

2080 1642 2229 1695 δοκεῖ
2252 1657 2266 1673 ⁶
2296 1643 2356 1695 ὲν
2385 1645 2452 1714 τῇ
2474 1644 2531 1696 δὲ
2558 1643 2668 1696 τῶν
2697 1643 2991 1714 δογμάτων
3017 1643 3075 1716 [8
3102 1644 3193 1717 IL]
3219 1645 3474 1716 ὀρθότητι
3507 1648 3669 1719 ἀκρι-

2082 1731 2183 1802 GI);
2216 1731 2324 1786 τῶν
2352 1732 2528 1787 ἄλλων
2554 1734 2756 1806 μᾶλλον
2778 1736 3085 1807 ἱστορικῶν.
3124 1737 3279 1807 Ἔχει
3315 1736 3375 1790 δὲ
3407 1738 3501 1791 καὶ
3534 1740 3672 1811 χρή-

2084 1841 2201 1889 σεις
2224 1825 2354 1896 περὶ
2385 1827 2635 1881 εἱκόνων.

2826 1918 2906 1971 A'.

2081 2007 2442 2078 Σαλαμάνου
2477 2006 2749 2081 Ἑρμείου
2796 2007 3134 2081 Σωζομένου
3159 2008 3666 2081 Ἑκκλησιαστικὴ

2518 2079 2772 2146 Ἰστορίιι
2799 2078 2869 2132 ἐν
2905 2081 3109 2148 λόγοις
3131 2076 3201 2134 θ’.

2167 2166 2511 2239 Ἀνεγνώσθη
2565 2168 2889 2238 Σαλαμάνου
2946 2168 2991 2199 ⁸⁸
3043 2168 3299 2240 Ἑρμείου
3350 2170 3667 2240 Σωζομένου

2082 2259 2444 2330 Σχολαστικοῢ
2474 2259 2989 2329 Ἐκκλησιαστικὴ
3026 2262 3280 2330 Ἱστορία
3309 2265 3366 2316 ὲν
3393 2263 3570 2332 λόγοις
3598 2264 3669 2320 θ’.

2082 2353 2404 2423 Προσφωνεῖ
2428 2351 2484 2404 δὲ
2518 2352 2619 2422 τὴν
2658 2353 2903 2422 ἱστορίαν
2935 2354 3069 2423 πρὸς
3100 2354 3381 2408 Θεοδόσιον
3412 2355 3504 2409 τὸν
3525 2357 3665 2411 νέον.

2086 2446 2352 2515 Ἀρχεται
2381 2445 2439 2497 δὲ
2465 2445 2573 2497 ἀπὸ
2604 2444 2705 2513 τῆς
2737 2443 3008 2508 ὑπατείας
3034 2444 3286 2515 Κρίσπου
3314 2447 3407 2499 καὶ
3435 2445 3530 2500 τοῦ
3562 2466 3669 2501 πα-

2081 2536 2208 2607 τρὸς
2236 2534 2671 2602 Κωνσταντίνου,
2707 2536 2804 2588 καὶ
2842 2537 3060 2590 κάτεισι
3096 2537 3265 2607 μέχρι
3295 2536 3395 2607 τῆς
3424 2536 3519 2591 τοῦ
3544 2538 3668 2591 νέου

2080 2626 2363 2680 Θεοδοσίου
2389 2626 2688 2697 βασιλείας.
2712 2622 2881 2692 Οὗτος
2901 2627 2957 2681 δὲ
2979 2628 3133 2693 δίκας
3153 2625 3221 2701 ἦν
3243 2628 3420 2698 λέγων
3443 2632 3501 2683 ὲν
3523 2632 3673 2684 Κων-

2084 2716 2543 2771 σταντινουπόλει.
2577 2717 2733 2770 Ἔστι
2782 2718 2839 2769 δὲ
2886 2718 3210 2788 Σωκράτους
3254 2720 3312 2771 έν
3355 2722 3421 2791 τῇ
3470 2721 3671 2791 φράσει

2084 2808 2329 2879 βελτίων,
2362 2807 2626 2878 διαφωνεῖ
2651 2808 2708 2860 δὲ
2737 2809 2889 2879 αὐτῷ
2928 2809 3024 2862 καὶ
3051 2811 3195 2864 κατά
3223 2827 3376 2875 τινας
3411 2811 3671 2881 ἱστορίας.

2820 2898 2949 2954 AA'.

2246 2991 2627 3059 Θεοδωρήτου
2677 2992 3189 3061 Ἐκκλησιαστικὴ
3225 2993 3509 3062 Ἱστορία.

2155 3082 2247 3155 [ἳο
2278 3082 2369 3155 IL]
2405 3083 2750 3154 Ἀνεγνώσθη
2785 3084 3135 3156 Θεοδωρήτου
3159 3085 3673 3155 Ἐκκλησιαστικὴ

2100 3176 2373 3245 Ἰστορια.
2407 3176 2633 3231 Πάντων
2661 3176 2769 3229 τῶν
2787 3177 3091 3248 είρημένων
3120 3179 3457 3250 κατάλληλον
3478 3180 3677 3249 φράσιν

2087 3271 2154 3339 τῇ
2180 3268 2394 3338 ἱστορίᾳ
2422 3267 2624 3339 μᾶλλον
2653 3262 2809 3331 οὗτος
2838 3268 3080 3340 ἐπέθηκε
3098 3285 3116 3303 ο
3152 3271 3331 3342 σαφής
3361 3287 3419 3323 τε
3450 3271 3557 3339 γὰρ
3583 3271 3678 3323 καὶ

2090 3360 2295 3431 ὑψηλὸς
2325 3362 2421 3415 καὶ
2442 3361 2754 3432 ἀπέριττος,
2792 3361 2933 3434 πλὴν
2960 3363 3043 3416 ὅτι
3079 3362 3252 3417 ὲνίοτε
3288 3366 3407 3426 ταῖς
3441 3381 3677 3433 μεταφο-

2093 3454 2213 3523 ραῖς
2243 3451 2570 3523 παραϐόλως
2598 3454 2692 3507 καὶ
2724 3452 2915 3524 ὥσπερ
2963 3454 3351 3525 ἀπειροκάλως
3381 3456 3674 3526 ἐχρήσατο.

2090 3539 2261 3610 Οὗτος
2288 3546 2381 3599 καὶ
2430 3545 2766 3616 πλατύτερον
2795 3547 2903 3602 τῶν
2944 3549 3254 3620 εἰρημένων
3298 3549 3365 3603 τὰ
3412 3550 3539 3621 περὶ
3579 3548 3679 3619 τῆς

2090 3638 2350 3710 δευτέρας
2368 3638 2585 3692 συνόδου
2608 3638 2848 3703 διέλαϐε,
2871 3641 3057 3711 σχεδόν
3076 3660 3129 3695 τι
3155 3640 3264 3695 τῶν
3289 3640 3466 3696 ἄλλων
3492 3640 3678 3709 ὥσπερ

2095 3730 2257 3801 μόνον
2300 3731 2391 3784 διὰ
2434 3732 2535 3801 τῆς
2579 3731 2887 3803 ἐπιδρομῆς
2922 3733 3336 3806 ἀφοσιουμένων
3369 3734 3435 3800 ⁸⁸,
3470 3732 3583 3789 ἀλλ’
3617 3736 3677 3786 03

2093 3824 2435 3896 βουλομένων
2457 3841 2510 3878 τι
2540 3826 2670 3896 περὶ
2700 3826 2872 3897 αὐτῆς
2903 3827 3112 3881 εἰπεῖν·
3146 3828 3287 3899 πλὴν
3309 3828 3444 3882 ἀλλὰ
3475 3829 3568 3881 καὶ
3595 3821 3681 3884 οὗ·

2091 3934 2183 3981 τος
2226 3917 2290 3969 οὐ
2332 3916 2513 3970 πάντα
2564 3915 2920 3989 λεπτομερῶς
2964 3919 3135 3988 λέγει.
3176 3922 3439 3992 Ἀρχεται
3483 3920 3541 3973 δὲ
3584 3919 3679 3997 τῆς

2096 4008 2342 4078 ἱστορίας
2393 4008 2503 4062 ἀπὸ
2527 4008 2625 4078 τῆς
2665 4010 2878 4081 Ἀρείου
2921 4012 3211 4083 αἱρέσεως,
3256 4014 3351 4067 καὶ
3390 4012 3679 4083 καταλήγει

2097 4102 2260 4173 μέχρι
2304 4104 2403 4174 τῆς
2448 4101 2731 4157 Θεοδοσίου
2761 4103 2858 4158 τοῦ
2906 4105 3028 4159 νέου
3077 4104 3357 4177 βασιλείας
3396 4104 3681 4175 καὶμέχρι

2094 4192 2194 4262 τῆς
2222 4192 2489 4264 Διοδώρου
2516 4192 2797 4263 τελευτῆς,
2832 4192 2995 4265 ἡνίκα
3035 4196 3132 4249 καὶ
3176 4194 3685 4250 Κωνσταντινουπό-

2094 4281 2231 4346 λεως
2258 4283 2523 4347 Σισίννιος
2551 4278 2747 4355 ἦρχεν.

2822 4376 2948 4430 AB'.

2542 4466 2901 4524 Ἀθανασίου
2932 4470 3276 4526 ἐπιστολαι.

2182 4556 2631 4629 Ἀνεγνῴσθησαν
2649 4560 2693 4591 ⁸⁷
2712 4559 3033 4614 Ἀθανασίου
3059 4562 3378 4617 ἐπιστολαὶ
3400 4562 3687 4631 διάφοροι,

2097 4654 2156 4706 ὲν
2185 4646 2275 4716 αἷς
2303 4651 2633 4723 ἐμφέρονται
2662 4653 2755 4705 καὶ
2784 4655 2840 4707 αἱ
2864 4654 2963 4720 τῆς
2988 4656 3367 4727 γεγενημένης
3402 4655 3564 4710 αὐτοῦ
3591 4671 3686 4724 φυ-

2097 4744 2204 4815 γῆς
2232 4742 2422 4814 ὥσπερ
2444 4743 2774 4812 Ἀπολογίαν
2812 4747 3193 4817 περιέχουσαι,
3233 4747 3460 4819 κομψῶς
3505 4765 3563 4800 τε
3594 4745 3686 4799 καὶ

2101 4836 2370 4907 λαμπρῶς
2402 4838 2495 4889 καὶ
2526 4836 2607 4889 ἔτι
2664 4837 2853 4905 σαφῶς
2898 4841 3332 4909 συντεθειμέναι,
3366 4841 3461 4894 καὶ
3500 4838 3562 4891 τὸ
3596 4853 3686 4889 πι-

2103 4926 2267 4981 Θανὸν
2323 4925 2461 4997 μετὰ
2498 4925 2593 4979 τοῦ
2643 4929 2928 4998 χαρίεντος
2975 4931 3277 4987 άνθοῦσαι·
3330 4932 3492 5003 ἡδονὴ
3518 4930 3562 4962 ⁸⁸
3591 4927 3690 4998 τῆς

2107 5019 2318 5074 ἐκεῖθεν
2351 5017 2678 5088 Ἀπολογίας
2704 5020 2949 5077 ἀκούειν.

1709 5201 1944 5257 VARI/IS
1991 5202 2402 5260 LECTIONES.

498 5363 541 5436 δὲ
567 5361 840 5436 σλαμὰνου
876 5362 939 5436 Α.
967 5360 1040 5436 cf.
1067 5360 1245 5436 Vales.
1273 5364 1340 5418 de
1370 5363 1488 5419 Vita
1508 5373 1572 5436 et
1587 5361 1818 5436 Scriptis
1839 5359 2085 5418 Socratis
2110 5371 2167 5416 et
2193 5361 2477 5419 Sozomeni
2497 5377 2551 5434 p.
2572 5365 2679 5435 (ed.
2699 5366 2952 5436 Amstel.)
2981 5365 3035 5422 5.
3117 5365 3162 5397 “
3186 5361 3599 5435 ἀφωσιωμένων
3626 5379 3683 5430 ς.

423 5428 474 5463 ⁸³
511 5428 828 5503 ἀνεγνώσθη
861 5433 923 5486 Δ.
1002 5434 1048 5466 ⁸⁸
1071 5434 1266 5507 ἡδονὴν
1298 5435 1525 5505 (omisso
1549 5428 1792 5501 ἀκούειν)
1827 5449 1889 5497 ς’.

1974 5589 2208 5646 NOTAE.

511 5751 721 5858 ἐξὲξ)
754 5753 913 5808 Card.
935 5753 1131 5809 Baron.
1162 5753 1388 5807 δέκατον
1411 5749 1541 5819 legit
1556 5758 1688 5804 tom.
1709 5744 1795 5811 III,
1817 5747 1882 5801 ad
1914 5764 2008 5801 an-

436 5823 951 5965 Μῗὶδωὸεοδώρου
1001 5893 1088 5949 hic
1145 5890 1512 5964 reponendqu
1562 5906 1629 5947 ex
1682 5888 2005 5947 auctoritate

2121 5746 2443 5820 Theodoreti
2470 5749 2650 5820 lib.v,
2677 5764 2800 5820 cap.
2834 5748 2936 5807 ult.

2194 5818 2305 5890 με)
2347 5820 2476 5875 Vide
2507 5819 2603 5877 inf.
2638 5817 2761 5877 cod;
2807 5818 3021 5890 xxxv,
3072 5820 3126 5877 in
3158 5820 3298 5878 Phil.
3337 5817 3545 5874 Sideta.
