4030 6458
459 334 529 394 δἿ
1600 325 1860 389 ΡΗΟΤΙΙ
1899 324 2408 384 ΡΛΤΒΙΑΒΕΗΕ
2447 323 2557 384 CP.
3654 317 3738 381 68

538 445 769 516 Scripsit
793 457 1008 515 quoque
1039 443 1340 499 Africanus
1369 442 1435 498 ad
1463 443 1777 508 Aristidem,
1813 441 1903 495 ubi
1927 456 2047 510 qua:

2219 444 2423 515 Γράφει
2448 444 2505 497 δὲ
2564 445 2890 515 Ἀφρικανὸς
2941 442 3037 495 καὶ
3086 439 3225 511 πρὸς
3284 436 3743 509 ’Δριστείδην,ὲν

467 540 534 593 de
569 537 871 593 Salvatoris
900 537 1071 590 nostri
1120 535 1428 606 genealogia
1461 534 1766 588 Matthmum
1802 533 1946 585 inter
1978 542 2034 585 ct

463 628 664 685 Lucam
724 631 997 685 dissensio
1053 629 1373 699 putabatur,
1417 627 1618 682 nullam
1663 640 1783 680 esse
1820 624 2045 680 demono

464 730 623 777 strat.

1155 811 1373 868 XXXV.

542 904 785 974 Philippi
830 905 1029 960 Sideta'
1057 904 1376 959 Christiana
1396 903 1653 958 Historia:
1690 902 1815 955 libri
1847 915 1993 954 xxrv.

536 991 760 1049 Lectum
817 994 1051 1066 Philippi
1121 994 1317 1049 Sidetaa
1394 1009 1565 1062 opus,
1629 992 1783 1061 cujus
1862 992 2046 1046 titulus

465 1086 773 1140 Christiana
800 1086 1062 1152 Historia,
1107 1090 1275 1141 ducto
1310 1086 1437 1140 inde
1488 1085 1641 1140 initio
1675 1102 1688 1137 :
1720 1102 1739 1135 ι
1762 1084 1816 1138 1η
1850 1084 2051 1153 princi-

468 1178 558 1247 pio
596 1179 803 1231 creavit
834 1178 972 1232 Dcus
1002 1178 1200 1232 ctelum
1247 1187 1302 1231 et
1356 1188 1576 1230 terram.
1620 1194 1641 1227 ι
1672 1175 1738 1229 Ει.
1773 1174 2054 1244 persequi-

472 1281 561 1322 tur
607 1267 855 1323 Mosaicae
888 1270 1124 1323 historia:
1184 1268 1430 1337 quaedam
1458 1267 1752 1333 succincte,
1805 1265 2049 1336 quaedam

470 1360 692 1425 copiose
726 1376 740 1411 :
773 1359 958 1413 multis
1010 1359 1209 1427 ubique
1235 1357 1410 1411 verbis
1444 1370 1595 1411 usus.
1633 1354 1847 1410 Primus
1872 1363 2050 1409 autem

472 1449 608 1504 liber
640 1462 814 1503 tomos
846 1450 1092 1503 continet
1150 1458 1385 1518 quatuor
1431 1461 1485 1501 et
1538 1446 1727 1516 viginti
1758 1464 1772 1499 :
1805 1444 2054 1501 similiter

470 1552 526 1597 et
554 1543 741 1611 reliqui
774 1551 885 1595 tres
911 1554 965 1595 et
1001 1541 1188 1610 viginti
1212 1540 1357 1604 libri,
1384 1553 1523 1607 quos
1543 1537 1759 1607 quidem
1791 1537 2053 1592 hactenus

471 1633 707 1686 vidimus
734 1630 975 1697 (48-49).
1006 1629 1229 1683 Multum
1265 1629 1553 1683 admodum
1576 1629 1886 1693 verborum,
1935 1628 2053 1681 sine

471 1724 577 1777 ulla
611 1735 789 1776 tatnen
824 1724 1133 1776 urbanitate
1166 1732 1260 1775 aut
1304 1721 1479 1789 gratia
1502 1720 1810 1791 profundit:
1848 1719 1979 1790 quin
1997 1727 2053 1773 et

469 1814 775 1867 satietatem
837 1812 1016 1876 all‘ert,
1070 1824 1162 1866 aut
1223 1814 1403 1883 potius
1479 1812 1780 1868 molestiam
1828 1828 1843 1867 :
1895 1822 2057 1881 atque
2089 1811 2127 1864 Β

469 1906 850 1959 ostentationis
892 1904 1014 1973 plus
1052 1904 1214 1959 habet
1251 1920 1411 1973 quam
1458 1904 1728 1960 utilitatis.
1749 1902 1979 1959 Inseruit
1996 1912 2053 1958 et

474 2001 706 2069 plurima
744 1998 1030 2052 historiam
1070 1998 1203 2052 nihil
1229 1999 1533 2063 attinentia,
1565 2009 1621 2051 ut
1678 2013 1784 2052 non
1827 2006 1934 2051 tam
1971 1997 2055 2051 hi-

470 2093 867 2155 storiamesse,
896 2106 1058 2160 quam
1110 2090 1410 2145 alienorum
1458 2092 1791 2159 negotiorum
1838 2098 2053 2143 tracta-

475 2185 676 2237 tionem
738 2182 896 2250 (adeo
944 2184 1127 2250 inepte
1164 2180 1486 2249 ellunditur)
1518 2181 1746 2235 dixeris.
1804 2179 2053 2248 Equalis

472 2274 577 2329 fuit
630 2274 715 2344 7b
772 2274 1033 2338 Sisinuii,
1099 2284 1155 2328 et
1216 2272 1394 2327 Procli
1455 2273 1611 2343 (50),
1678 2274 2051 2343 episcoporum

474 2366 996 2436 Constantinopolis.
1032 2368 1208 2435 Atque
1260 2366 1313 2419 in
1373 2366 1475 2420 hac
1533 2364 1750 2434 quidem
1800 2364 2058 2419 historica

474 2461 773 2529 scriptione
807 2475 950 2527 saepe
979 2456 1277 2512 Sisinnium
1302 2459 1617 2526 perstringit
1644 2456 1787 2526 (51);
1809 2456 1953 2525 quod
1976 2456 2056 2525 (ut

476 2551 676 2616 ferunt)
708 2554 833 2605 dum
868 2552 1012 2604 idem
1075 2564 1268 2605 munus
1329 2549 1443 2619 (52)
1493 2560 1718 2618 uterque
1770 2550 1968 2613 obiret,
2004 2556 2060 2603 et

473 2643 783 2711 eloquentia
817 2642 1021 2709 primas
1049 2650 1233 2695 tenere
1261 2638 1851 2710 Philippusvideretur,
1879 2638 2057 2694 Sisin-

474 2735 596 2789 nius
651 2745 829 2788 tamen
858 2734 910 2788 in
962 2734 1378 2803 patriarchalem
1425 2734 1608 2789 sedem
1646 2732 1757 2804 (53)
1802 2732 2057 2801 praelatus

473 2822 641 2878 fuerit
668 2823 808 2892 (54).

1140 2935 1383 2992 XXXVI.

2147 529 2228 598 οἷς
2247 534 2446 597 ἱκανῶς
2465 534 2563 605 τὴν
2581 533 2949 605 νομιζομένην
2970 531 3270 601 διαφωνίαν
3296 528 3449 599 παρὰ
3465 527 3745 598 Ματθαίῳ

2149 626 2245 680 καὶ
2282 627 2468 696 Δουιιᾷ
2496 626 2627 697 περὶ
2658 626 2760 696 τῆς
2782 625 2879 680 τοῦ
2914 625 3168 696 Σωτῆρος
3194 620 3353 693 ἡμῶν
3376 618 3747 689 γενεαλογίας

2149 718 2212 771 σύ
2222 722 2444 789 μφ¹ωνον
2464 718 2690 784 ἔδειξεν.

2848 810 2973 863 AE'.

2299 902 2602 955 Φιλίππου
2620 902 2865 957 Σιὸἐτου
2894 905 3280 971 Χριστιανικὴ
3318 900 3588 968 Ἱστορία.

2232 992 2572 1063 Ἀνεγνώσθη
2631 993 2837 1062 βιϐλίον
2886 994 3156 1049 Φιλίππου
3193 995 3433 1056 Σιδέτου,
3466 984 3583 1061 οὗή
3612 990 3746 1042 tist-

2149 1086 2336 1155 γραφὴ
2359 1084 2746 1153 Χριστιανικὴ
2773 1085 3042 1153 Ἰστοριά.
3061 1086 3392 1156 Ἀπάρχεται
3408 1083 3465 1135 δὲ
3483 1083 3590 1135 ἀπὸ
3614 1080 3743 1144 τοῦ,

2158 1197 2177 1229 ι
2220 1178 2307 1229 Ἑν
2350 1179 2491 1249 ἀρχῇ
2524 1179 2780 1247 ἐποίησεν
2826 1180 2854 1231 ό
2895 1177 3028 1241 Θεὸς
3066 1177 3179 1250 [τὸν
3228 1177 3457 1249 οὐρανὸν
3495 1175 3589 1228 καὶ
3634 1172 3749 1241 τὴν

2152 1269 2255 1337 γῆν
2273 1268 2315 1299 ⁸¹
2328 1267 2366 1341 ,]
2383 1289 2398 1319 ι
2428 1270 2520 1321 καὶ
2534 1267 2753 1334 διέξεισι
2766 1268 2833 1321 τὰ
2853 1267 2953 1339 μὲν
2978 1269 3288 1339 συντέμνων
3302 1268 3371 1321 τὰ
3383 1267 3437 1320 δὲ
3452 1266 3749 1319 πλατύνων

2152 1363 2250 1431 τὴν
2283 1360 2582 1431 Μωσαῖκὴν
2634 1360 2895 1431 ἱστορίαν,
2949 1363 3101 1431 ὅμως
3124 1360 3220 1415 οὖν
3250 1360 3482 1422 πολλοὺς
3502 1360 3560 1411 ὲν
3588 1358 3731 1411 πᾶσι

2152 1450 2343 1519 λόγους
2365 1450 2693 1503 ἀναλίσκων.
2711 1450 2775 1501 'll
2806 1450 2998 1520 πρώτη
3027 1446 3120 1503 οὖν
3142 1449 3308 1503 αὐτοῦ
3340 1449 3525 1519 βίῦλος
3544 1446 3747 1514 λόγους

2154 1544 2460 1615 περιέχει⁸¹
2497 1543 2603 1597 κδ’·
2642 1543 2907 1607 ὡσαύτως
2937 1543 2995 1597 δὲ
3044 1544 3137 1597 καὶ
3168 1545 3223 1597 αἱ
3249 1543 3406 1596 ἄλλαι
3455 1540 3620 1595 αὑτοῦ
3650 1544 3747 1605 κγ’

2156 1636 2329 1707 βίϐλοι
2362 1636 2466 1689 ἀνὰ
2502 1634 2677 1703 λόγων
2709 1632 2807 1696 κδ’,
2844 1634 2911 1698 ἃς
2938 1633 3077 1697 τέως
3106 1637 3271 1704 ἡμεῖς
3304 1632 3544 1702 εἴδομεν.
3579 1629 3747 1682 Ἐστι

2154 1728 2211 1781 δὲ
2234 1726 2496 1797 πολύχους
2550 1729 2673 1789 ταῖς
2731 1726 2961 1791 λέξεσιν,
2996 1728 3097 1779 οὐκ
3133 1729 3348 1789 ἀστεῖος
3371 1726 3428 1778 δὲ
3461 1723 3584 1777 οὐδὲ
3618 1721 3749 1775 ὲπί-

2156 1837 2338 1891 χαρις,
2366 1819 2503 1873 ἀλλὰ
2549 1820 2642 1871 καὶ
2691 1820 3027 1889 προσκορὴς,
3079 1818 3281 1888 μᾶλλον
3308 1816 3367 1869 δὲ
3396 1814 3494 1869 καὶ
3536 1814 3741 1885 ἀηδὴς,

2157 1914 2252 1967 καὶ
2280 1910 2647 1973 ἐπιδεικτικὸς
2708 1910 2910 1981 μᾶλλον
2942 1910 2974 1980 ἢ
3005 1909 3304 1980 ὠφέλιμος,
3349 1909 3444 1961 καὶ
3470 1922 3744 1978 παρεντι-

2158 2008 2271 2071 θεὶς
2285 2008 2330 2039 ⁸³
2357 2006 2431 2070 ὡς
2462 2006 2690 2058 πλεῖστα
2741 2006 2907 2075 μηδὲν
2938 2006 3075 2075 πρὸς
3115 2006 3214 2075 τὴν
3245 2001 3489 2073 ἱστορίαν
3527 1998 3750 2053 συντείο

2156 2116 2337 2164 νοντα,
2367 2098 2444 2161 ὡς
2469 2098 2621 2150 οὐδὲν
2649 2096 2849 2167 μᾶλλον
2894 2096 3137 2167 ἱστορίαν
3161 2090 3300 2147 εἶναι
3327 2093 3361 2163 ἢ
3393 2090 3748 2163 πραγμάτων

2158 2192 2361 2262 ἐτέρων
2421 2189 2521 2260 τὴν
2584 2189 2972 2260 πραγματείαν
3002 2188 3277 2258 διάληψιν
3308 2185 3483 2248 οὕτως
3514 2185 3750 2253 ἀπειρο-

2158 2284 2341 2346 κάλως
2394 2282 2707 2352 ἐκκέχυται.
2742 2281 3043 2351 Σύγχρονος
3074 2281 3131 2333 δὲ
3159 2278 3426 2333 Σισιννίου
3457 2277 3555 2332 καὶ
3588 2276 3742 2346 Πρό-

2158 2374 2311 2439 κλου,
2382 2374 2432 2426 οἳ
2477 2371 3105 2434 Κωνσταντινουπόλεως
3165 2369 3571 2438 ἐπεσκόπησαν.
3650 2366 3749 2418 Ἐν

2156 2467 2214 2519 δὲ
2245 2470 2312 2537 τῇ
2338 2465 2501 2519 αὑτοῦ
2553 2467 2653 2536 τῆς
2686 2466 2927 2536 ἱστορίας
2974 2465 3268 2535 συγγραφῇ
3315 2460 3519 2530 πολλὴν
3565 2474 3750 2512 κατα-

2157 2558 2365 2629 δρομὴν
2413 2559 2679 2611 Σισιννίου
2728 2560 2985 2624 ποιεῖται,
3034 2558 3117 2610 ὃτι
3175 2556 3266 2609 τὸν
3320 2553 3485 2607 αὐτὸν
3536 2550 3750 2621 κλῆρον

2159 2648 2329 2718 ἄμφω
2356 2646 2729 2719 πληρούντων,
2757 2648 2861 2701 κάν
2908 2646 3091 2714 λόγοις
3144 2641 3446 2715 πρωτεύειν
3471 2638 3750 2691 ⁴Ιιιλίεπαιιτοι)

2159 2740 2467 2804 δοκοῦντος,
2528 2740 2817 2803 Σισίννιος,
2870 2740 3056 2809 φασὶν,
3109 2738 3193 2801 εἱς
3228 2734 3321 2789 τὸν
3354 2729 3751 2804 ἀρχιερατικὴν

2162 2831 2352 2902 θρόνον
2380 2830 2684 2895 ἐξείλεκται
2701 2831 2769 2886 ⁸⁸.

2844 2942 2989 3012 Λςο.

476 3028 900 3084 Christianorum
933 3028 1082 3093 liber,
1116 3028 1431 3083 Octateuchi
1470 3030 1726 3098 expositio
1774 3028 1921 3083 libris
1949 3041 2051 3083 xu.

2162 3032 2426 3099 Βιϐλίαν,
2450 3026 2525 3090 οὗ
2554 3035 2876 3105 ἐπιγραφὴ,
2907 3002 3282 3104 ἀριστιανῶν
3298 3034 3539 3100 βίϐλος,
3564 3030 3757 3101 ἑρμη-

555 3201 754 3257 Lcctus
796 3202 934 3258 liber
973 3212 1077 3267 est,
1129 3202 1220 3271 qui
1252 3202 1570 3257 inscribitur
1628 3203 2052 3257 Christianorum

482 3294 655 3358 Liber,
704 3294 1017 3349 Octateuchi
1067 3296 1347 3364 expositio.
1398 3295 1676 3364 Pamphilo
1717 3296 1928 3350 cuidam
1964 3296 2056 3350 de-

476 3388 679 3443 dicavit
704 3402 829 3442 eum
868 3396 1082 3454 auctor,
1123 3388 1214 3457 qui
1272 3386 1473 3443 Justini
1526 3388 1890 3442 Romanorum
1952 3388 2057 3442 im-

2519 3109 2654 3163 νεία
2697 3110 2784 3174 εὶς
2808 3105 2926 3175 τὴν
2966 3105 3385 3174 Ὀκτάτευχον.

2246 3200 2582 3272 ’Δνεγνὼσθη
2612 3197 2835 3269 βιϐλίον,
2864 3190 2925 3251 οὗ
2950 3198 2983 3267 ὴ
3011 3197 3295 3266 ἐπιγραφὴ
3326 3192 3686 3262 Χριστιανοῦ
3699 3191 3755 3223 ⁸⁵

2156 3294 2395 3360 βίϐλος,
2413 3290 2696 3362 ἑρμηνεία
2716 3291 2804 3352 είς
2830 3287 3362 3356 τὴνὈκτάτευχονν
3393 3284 3664 3357 Παμφίλῳ
3690 3285 3756 3336 δέ

2162 3405 2270 3441 τινι
2326 3386 2645 3458 προσφωνεῖ
2672 3383 2733 3435 τὸ
2762 3381 2988 3453 βιϐλίον.
3046 3377 3158 3433 Ἦν
3183 3379 3242 3433 δὲ
3262 3381 3384 3443 ταῖς
3455 3377 3756 3431 ἰουστίνου

1720 3558 1957 3615 νΑιιιιΕ
1997 3557 2407 3615 LECTIONES.
2470 3608 2471 3611 η

549 3652 592 3683 ⁸¹
618 3652 710 3705 τὸν
732 3652 960 3722 οὐρανὸν
988 3654 1085 3707 καὶ
1114 3652 1216 3721 τὴν
1242 3652 1345 3723 γῆν
1373 3667 1484 3707 om.
1530 3653 1599 3707 A.
1672 3650 1968 3723 ⁸¹περιέχει
1990 3651 2197 3723 ,λόγους
2220 3670 2281 3716 ς.
2342 3652 2389 3683 ⁸³
2414 3648 2769 3723 παρεντεθεὶς
2802 3666 2864 3713 ς.

2967 3648 3011 3680 ⁸⁸
3031 3646 3381 3717 ὲξελήλεκται
3409 3646 3455 3700 Α
3551 3643 3598 3677 ⁸⁵
3625 3664 3759 3717 χρι-

481 3723 712 3775 στιανῶν
741 3718 812 3787 ς.
841 3740 962 3775 eum
992 3718 1186 3775 librnni
1217 3718 1516 3776 ab'Allatio
1546 3737 1763 3791 quoque
1792 3718 2056 3791 Cltrjstint

2157 3724 2318 3775 iidam
2344 3738 2391 3776 s.
2414 3718 2692 3791 Christino
2721 3720 2910 3774 datum
2956 3734 3104 3774 nunc
3138 3718 3361 3773 inscribi
3404 3718 3602 3788 Κοσμᾶ
3626 3735 3758 3788 χρι-

481 3791 765 3862 στιανικὴν
792 3792 1194 3862 τοπογραφίαν,
1231 3789 1733 3847 tnoneLFabricitis
1796 3791 1858 3846 Β.
1889 3789 1984 3845 Gr.
2014 3802 2055 3847 ι.

2166 3807 2220 3861 p.
2239 3792 2345 3846 545
2369 3794 2457 3846 ed.
2494 3789 2709 3845 Harles.

1975 3926 2204 3987 NOTAE.

553 4058 769 4130 (48-49)
799 4055 935 4130 Nam
974 4057 1043 4112 57
1078 4057 1312 4113 edidisse
1356 4066 1549 4114 auctor
1575 4069 1660 4115 est
1688 4058 1965 4124 Socrates,
2005 4066 2062 4114 et

481 4128 666 4187 exilio
694 4128 922 4199 Niceph.

556 4200 666 4270 (50)
691 4196 1061 4270 Cum'quibus,
1093 4207 1154 4252 ut
1205 4206 1261 4253 et
1319 4212 1442 4270 cum
1492 4197 1767 4265 Nestorio,
1807 4196 1885 4270 tle
1930 4198 2061 4253 sede

478 4267 1080 4337 Constantinopolitana
1122 4269 1417 4324 contendit.
1481 4270 1748 4324 Auctores
1800 4267 2057 4325 Socrates

477 4351 534 4398 et
557 4340 912 4410 Nicephorus.

552 4411 663 4482 (51)
694 4408 804 4482 lino
837 4419 892 4482 et
914 4409 1197 4482 episcopos
1220 4408 1726 4482 quiprdinassent,
1745 4416 1827 4482 _et
1884 4422 2058 4478 popu-

479 4478 591 4536 lum
623 4481 725 4550 qni
755 4478 1029 4550 elegisset.
1064 4478 1405 4535 Socrat.|lb.
1436 4495 1532 4546 vn,
1571 4494 1696 4550 cap.
1734 4479 1828 4534 29.

555 4548 668 4619 (52)
686 4548 1036 4619 Presbyterii.

554 4620 666 4691 (55)
693 4621 953 4691 Defuncto
984 4620 1186 4675 Attico.

553 4688 668 4759 (54)
711 4689 893 4759 Visum
927 4700 1013 4743 est
1037 4692 1279 4745 inserere
1304 4689 1551 4745 Socratis
1592 4688 1690 4744 lib.
1733 4707 1809 4747 vn
1848 4690 2051 4744 Eccles.

482 4762 690 4816 Histor.
720 4774 841 4841 cap.
871 4758 963 4826 27,
1002 4762 1148 4829 quod
1175 4761 1299 4843 huic
1334 4776 1471 4844 pene
1500 4761 1773 4844 geminum
1801 4763 1893 4825 sit,
1912 4769 2053 4844 etes

482 4832 895 4911 comparatione
931 4844 1111 4912 opera:
1145 4832 1529 4913 pretiumﬂat:
1557 4849 1576 4881 ι
1606 4832 1886 4913 Philippus
1911 4832 2055 4884 Sida:

480 4912 634 4956 ortus
657 4899 778 4971 fuit.
806 4896 932 4971 Haec
952 4902 1168 4971 quidem
1191 4910 1273 4956 est
1294 4909 1486 4956 civnas
1515 4901 1865 4971 Pamphyliae,
1885 4901 2056 4969 inqua

482 4974 647 5027 etiam
672 4969 961 5041 TrOphilns
987 4969 1225 5041 (Troilus
1256 4971 1451 5025 melius
1490 4969 1663 5027 habet
1690 4969 1939 5040 Niceph.)
1963 4986 2054 5024 so-

482 5042 663 5113 phista
688 5050 846 5093 natus
867 5040 1103 5113 dicitur,
1117 5042 1208 5113 cui
1234 5056 1291 5095 se
1317 5041 1909 5111 PhilippuS'cognatum
1934 5056 2057 5095 esse

484 5109 750 5235 gloriatus
785 5118 891 5163 est.
927 5109 1026 5164 llic
1070 5110 1353 5192 Philippus
1409 5109 1530 5192 cum
1579 5109 1725 5166 esset
1770 5114 2051 5194 diaconus,

517 5196 711 5235 oannts
765 5178 1188 5235 (Chrvsostomt)
1231 5196 1470 5235 eotscoot
1508 5185 1919 5235 consuetudine.
1949 5198 2051 5235 una

490 5178 711 5238 Joannis
765 5178 1188 5250 (Chrysostomi)
1219 5178 1470 5251 episcopi
1508 5185 1919 5247 consuetudine,
1949 5198 2055 5252 qna

490 5254 718 5330 multum
768 5265 899 5304 usus
930 5260 1033 5330 est,
1085 5251 1367 5330 impulsus,
1404 5253 1707 5330 in__smdi_is
1750 5252 2054 5330 litterarum

488 5322 812 5391 permultum
854 5323 1042 5391 operis
1094 5330 1149 5373 et
1180 5322 1378 5374 laboris
1410 5321 1713 5386 collocavit,
1750 5323 2057 5390 multosque

485 5390 539 5446 et
578 5395 756 5446 varios
776 5390 1041 5460 cujusque
1081 5393 1300 5459 generis
1328 5392 1494 5446 libros
1523 5393 1575 5445 in
1610 5408 1774 5445 unum
1814 5393 2053 5460 collegit,

487 5474 650 5530 atque
692 5463 990 5517 Asiaticum
1040 5462 1252 5514 dicendi
1300 5477 1469 5531 genus
1500 5464 1742 5529 studiose
1789 5464 2053 5527 imitatus,

488 5532 655 5586 multa
714 5533 1061 5601 conscripsit.
1099 5531 1166 5585 Et
1198 5546 1305 5600 quo
1350 5531 1550 5586 Juliani
1592 5534 1727 5601 imp.
1769 5532 1934 5586 libros
1970 5548 2057 5586 re-

488 5601 723 5671 felleret,
746 5616 883 5671 opus
922 5600 1306 5671 etiam,rquod
1354 5601 1645 5655 Historiam
1670 5600 2056 5657 ’Cltristianam

489 5670 839 5742 inscribendo
868 5670 1190 5742 composuit,
1218 5672 1382 5742 inque
1407 5673 1625 5740 triginta
1651 5689 1745 5727 sex
1768 5673 1936 5727 libros
1955 5673 2060 5724 dis-

495 5742 706 5795 tribuit.
753 5739 961 5811 Singuli
995 5742 1122 5812 libri
1172 5739 1348 5797 tomos
1404 5739 1709 5812 complures
1753 5744 2055 5806 ctmtinent,

502 5812 639 5866 adeo
671 5819 728 5865 ut
752 5826 941 5867 omnes
960 5811 1121 5866 simul
1150 5827 1317 5883 prope
1361 5813 1506 5869 mille
1531 5811 1778 5871 numero
1803 5815 1930 5868 sint.
1950 5813 2073 5885 Ar-r

2160 4072 2471 4134 gumentnm
2504 4061 2666 4115 etiam
2697 4059 2961 4134 cujusque
3012 4058 3143 4134 tomi
3174 4065 3380 4134 tomum
3423 4059 3597 4125 ipsmn
3646 4059 3748 4134 atl-

2159 4126 2358 4200 t'equat.
2382 4126 2777 4200 (Nicephorum
2813 4126 2899 4185 hic
2933 4132 3039 4185 duo
3069 4129 3384 4200 distinxisse
3402 4142 3614 4200 -Opera,
3642 4126 3746 4177 oh-

2156 4195 2315 4256 servo
2345 4220 2358 4255 :
2387 4195 2556 4268 Opus,
2588 4202 2783 4268 inquit,
2808 4201 3171 4270 magniﬁcum,
3194 4199 3246 4250 in
3268 4213 3370 4266 quo
3386 4195 3597 4270 Jgutiani
3616 4212 3747 4248 con-

2156 4280 2238 4324 tra
2253 4288 2409 4325 sacra
2426 4267 2599 4325 Biblia
2612 4267 2865 4339 scriptum
2886 4267 3092 4333 euertit,
3108 4270 3342 4339 reliquit.
3362 4267 3523 4339 Aliud
3537 4281 3748 4334 quoque

2154 4342 2393 4396 volumen
2419 4344 2732 4410 composuit,
2755 4338 3306 4410 quO4AChl'islitill—alll
3323 4338 3608 4410 historiam
3644 4354 3743 4410 ιιος

2155 4412 2420 4483 minavit.)
2450 4405 2557 4465 Hoc
2574 4405 2841 4483 opusnon
2864 4408 3154 4483 Historiam
3179 4406 3628 4483 Ecclesiasticam,
3649 4405 3746 4458 sed

2156 4478 2517 4536 Christianam
2570 4478 2864 4549 inscripsit,
2902 4480 3209 4546 multasque
3242 4489 3298 4531 et
3347 4482 3526 4549 varias
3574 4478 3745 4549 ineo

2087 4564 2135 4622 ι)
2162 4553 2432 4621 congessit
2447 4551 2701 4605 materias
2718 4545 2815 4605 {eo
2831 4552 3046 4620 quidem
3064 4545 3313 4622 consilio,
3332 4558 3390 4601 ut
3406 4562 3464 4622 se
3481 4545 3744 4622 doctrinae

2163 4617 2602 4691 philosophorum
2668 4637 2772 4674 non
2847 4617 3122 4686 expertem
3175 4617 3343 4691 fuisse
3416 4618 3741 4691 declararet.

2154 4687 2492 4761 Quapropter
2506 4692 2894 4759 praeceptiones
2906 4689 3304 4761 grammaticas,
3322 4687 3743 4761 astronomicas,

2155 4756 2523 4816 arithmeticas
2542 4774 2597 4816 et
2618 4756 2850 4815 mnsiCas
2872 4756 3064 4813 crebro
3081 4759 3230 4812 citat.
3245 4758 3385 4825 Quin
3401 4758 3566 4811 etiam
3586 4756 3748 4809 insn-

2159 4832 2259 4894 las,
2282 4844 2512 4893 montes,
2539 4841 2593 4885 et
2628 4831 2760 4885 alias
2788 4846 2875 4885 res
2907 4846 3013 4883 non
3042 4829 3217 4898 magni
3242 4827 3501 4882 momenti
3528 4826 3741 4898 descri-

2157 4901 2255 4965 bit;
2280 4904 2420 4956 unde
2442 4916 2576 4970 opus
2594 4900 2835 4955 inﬂatum
2859 4912 2912 4954 et
2932 4896 3150 4970 plenuni
3170 4899 3344 4953 inanis
3357 4896 3746 4970 ostentationis

2160 4970 2358 5025 factum
2384 4967 2492 5026 est.
2522 4973 2703 5039 Quare
2728 4973 2773 5026 si
2800 4967 3064 5041 quid—ego
3096 4969 3304 5039 judico,
3337 4983 3518 5041 neque
3541 4967 3740 5041 doctis,

2158 5056 2334 5110 neque
2375 5034 2609 5096 indoctis
2642 5034 2902 5111 prodesse
2935 5034 3153 5110 po'teri't.
3192 5041 3400 5111 Quippe
3426 5034 3631 5111 indocti
3658 5034 3745 5111 in:

2158 5105 2419 5165 solentem
2445 5112 2611 5174 illam,
2641 5105 2697 5166 et
2715 5112 2882 5165 nimio
2905 5105 3138 5164 artilicio
3166 5105 3495 5163 elaboratam
3524 5105 3744 5159 dicendi

2160 5183 2447 5247 rationem,
2466 5198 2586 5251 qua:
2602 5185 2656 5236 in
2680 5197 2745 5236 eo
2761 5191 2862 5246 est,
2879 5182 3117 5234 animum
3135 5181 3417 5251 advertere
3434 5184 3732 5245 nequeunt;

2159 5252 2301 5306 docti
2351 5249 2529 5307 autem
2587 5254 2834 5307 crebram
2882 5251 3196 5306 eorumdem
3234 5249 3523 5303 verborum
3573 5260 3744 5310 repe-

2159 5321 2428 5386 titionem,
2457 5338 2576 5392 qua:
2600 5324 2649 5376 in
2682 5323 2772 5377 illo
2793 5335 3107 5388 usurpatur,
3129 5315 3733 5392 condemnabunt._6ae_-

2162 5400 2334 5444 terum
2362 5385 2591 5461 quisque
2623 5392 2690 5446 de
2709 5394 2861 5448 libris
2895 5385 3001 5444 illis
3023 5405 3120 5459 pro
3154 5390 3421 5442 arbitratu
3447 5402 3546 5461 suo
3590 5385 3738 5454 judi-

2164 5461 2305 5514 t-inm
2338 5458 2523 5520 faciat;
2563 5462 2820 5517 Ordinem
2862 5477 2990 5515 vero
3026 5458 3371 5529 temporum,
3423 5458 3618 5529 quibus
3634 5468 3743 5529 res

2160 5533 2511 5598 gerebantur,
2537 5539 2605 5586 ah
2640 5548 2705 5587 eo
2758 5530 3041 5586 confusum
3072 5524 3195 5585 esse
3219 5568 3235 5593 ,
3300 5524 3475 5582 audeo
3522 5524 3745 5595 quidem

2161 5600 2450 5655 allii-mare.
2488 5601 2621 5656 Nam
2643 5604 2977 5656 temporibus
3008 5599 3297 5654 Theodosii
3342 5610 3749 5652 commemora-

2162 5672 2254 5745 tis,
2285 5674 2351 5725 ad
2385 5681 2654 5745 tempora
2690 5663 2896 5742 (Magni
2920 5708 2938 5738 ,
2974 5672 3125 5745 addit
3171 5669 3421 5745 Nicepli.)
3456 5663 3747 5745 Athanasii

2161 5742 2399 5865 ppitlicopi
2448 5738 2885 5865 rlecurrit.'Quod
2939 5742 3175 5815 quidem.
3207 5741 3276 5797 ab
3323 5738 3412 5795 illo
3448 5738 3753 5808 saepissime

2187 5828 2248 5865 εις
2279 5827 2365 5865 “Ill
2397 5828 2455 5865 es
2485 5852 2499 5865 ι
2530 5832 2549 5865 D

2187 5822 2365 5869 actum
2397 5823 2499 5871 881.
2530 5832 2549 5866 D
