4030 6446
351 332 421 398 69

1293 328 1823 391 BIBLIOTHECA.
1852 330 2154 391 -CODD.
2195 331 2762 394 XXXV-XXXVIII.
3609 334 3685 400 ἰο

356 449 452 506 τοῦ
533 445 857 518 Ῥωμαίων
902 445 950 477 ⁸⁸
1007 444 1269 516 βασιλέως
1345 443 1584 516 ἡμέραις
1650 444 1988 515 ὲνακμάζων.

2104 447 2375 515 peratoris
2420 448 2757 518 temporibus
2802 447 3000 505 lloruit.
3057 448 3251 521 Incipit
3292 464 3457 522 super
3501 458 3680 511 eccle-

368 540 726 610 ’Δπάρχεται
744 538 855 607 μὲν
874 539 918 570 ⁸⁷
940 533 1037 592 οῦν
1052 538 1098 569 ⁸⁸
1119 538 1259 608 ὑπέρ
1273 538 1318 570 ⁸⁸
1335 555 1498 592 τινων
1519 536 1688 608 ὲκκλη
1698 538 1995 591 σιαστικῶν

358 634 663 702 δογμάτων
730 631 1081 702 Γραφικαῖς,
1123 631 1200 694 ὡς
1231 631 1430 695 ἐδόκει,
1486 629 1812 700 μαρτυρίαις
1845 631 1994 697 ἀγω-

358 724 639 789 νίζεσθαιο
666 723 788 777 ἔστι
824 726 889 777 δὲ
914 726 1175 786 ταπεινὸς
1197 725 1298 793 τὴν
1328 721 1533 792 φράσιν
1562 722 1659 775 καὶ
1685 721 1994 787 συντάξεως

363 817 498 870 οὐδὲ
534 816 643 883 τῆς
704 817 909 884 κοινῆς
967 814 1235 885 μετέχων.
1273 812 1437 867 Ἀλλὰ
1466 812 1561 868 καί
1589 830 1713 866 τινα
1733 812 1874 867 κατὰ
1893 813 1993 886 τὴν

369 908 634 978 ἱστορίαν
678 906 763 979 [2b
797 905 901 979 3.]
960 907 1206 961 ἀπίθανα
1269 906 1587 976 συντίθησι·
1648 905 1731 960 διὸ
1780 908 1875 962 καὶ
1897 924 1994 977 μυο

378 1002 677 1069 Θικώτερον
737 999 955 1070 μᾶλλον
990 1000 1023 1071 ἦ
1054 999 1422 1072 ἀληθέστερον
1465 999 1727 1070 ἡγεῖσθαι
1775 999 1865 1053 τὸν
1899 1000 1993 1054 ἇν-

388 1093 602 1163 θρωπν
648 1089 896 1145 δίκαιον.
935 1090 1111 1163 ’Υπὲρ
1143 1085 1219 1144 ὧν
1264 1093 1322 1145 δὲ
1374 1092 1625 1164 δόγματα
1687 1093 1989 1160 ἐνίσταται,

394 1186 500 1238 εστι
538 1182 741 1247 ταῦτα,
770 1183 861 1237 ὅτι
892 1182 922 1234 δ
958 1183 1187 1254 οὐρανὸς
1228 1183 1330 1237 οὐκ
1359 1183 1475 1237 ἔστι
1502 1186 1535 1254 ἡ
1562 1185 1656 1255 γῆ.
1688 1183 1803 1237 ἀλλ’
1832 1186 1860 1237 ὁ
1892 1185 1992 1256 μὲν

390 1275 507 1327 ὡσεὶ
561 1272 823 1342 καμάρα,
862 1274 897 1342 ή
929 1272 988 1326 δὲ
1019 1274 1387 1345 ἑτερομήκης,
1426 1274 1523 1328 καὶ
1568 1274 1895 1344 κεκόλληται
1923 1277 1991 1329 τὰ

382 1367 592 1438 πέρατα
612 1364 833 1438 [1οη]
858 1366 954 1419 τοῦ
982 1365 1215 1437 οὐρανοῦ
1241 1366 1379 1437 πρὸς
1396 1366 1466 1419 τὰ
1488 1367 1701 1439 πέρατα
1738 1368 1839 1438 τῆς
1862 1368 1987 1439 γῆς,

377 1461 470 1511 καὶ
498 1460 583 1511 ὅτι
612 1459 829 1521 πάντες
867 1459 917 1511 οί
950 1459 1182 1526 ἀστέρες
1208 1458 1489 1513 κινοῦνται
1518 1458 1767 1528 ἀγγέλων
1796 1459 1986 1522 αὐτοῖς

372 1554 440 1617 τῇ
472 1551 699 1621 κινήσει
746 1550 1180 1614 διακονούντων,
1234 1550 1333 1605 καὶ
1398 1550 1564 1622 ἕτερὰ
1591 1568 1711 1604 τινα
1735 1550 1984 1605 τοιαῦτα.

376 1642 620 1695 [latim
680 1642 781 1694 xui.
820 1641 904 1705 ὡς
929 1643 990 1693 ἐν
1015 1641 1362 1712 παρεκϐάσει
1410 1643 1633 1712 μνήμην
1671 1640 1771 1711 τῆς
1830 1640 1988 1695 Γενέ-

377 1733 581 1797 eam”
604 1735 704 1786 καὶ
727 1733 838 1803 τῆς
868 1734 1107 1799 Ἐξόδου,
1127 1734 1394 1805 διατρίϐει
1424 1734 1483 1788 δὲ
1518 1737 1584 1805 τῇ
1615 1734 1866 1805 διηγήσει
1892 1734 1987 1787 καὶ

2097 538 2336 594 siasticis
2367 541 2696 609 quibusdant
2751 541 3116 611 dogmatibus,
3163 559 3334 599 sacra:
3365 544 3681 614 Scripturte,

2097 638 2155 682 ιιι
2180 629 2283 699 ipsi
2347 631 2565 700 quidem
2607 630 2912 696 videbatur,
2965 633 3290 689 testimoniis
3337 637 3685 690 contendere.

2099 718 2288 794 Stylus
2315 722 2391 776 illi
2425 722 2667 787 humilis,
2693 731 3096 777 etstructuram
3130 726 3503 781 adhibetinlra
3530 742 3682 781 cotu-

2095 830 2339 870 munem.
2370 815 2662 885 Componit
2685 824 2740 869 et
2787 816 3124 872 incredibilia
3177 819 3442 887 quaedam,
3469 836 3572 873 non
3604 836 3686 874 sa-

2094 908 2165 962 tis
2203 908 2272 961 ad
2324 906 2637 960 historicam
2666 907 2825 962 Iidem
2863 924 2879 962 ε
2923 907 2992 963 ob
3021 924 3139 978 qua:
3177 909 3455 964 fabulosus
3506 910 3685 979 potius

2095 1014 2257 1067 quam
2288 1013 2454 1051 verus
2498 999 2734 1067 scriptor
2792 998 2978 1053 haberi
3034 1002 3226 1053 merito
3282 1001 3495 1055 debeat.
3539 1001 3685 1055 Inter

2096 1088 2211 1153 illa,
2243 1090 2360 1143 hazc
2384 1086 2497 1142 fere
2531 1088 2783 1157 dogmata
2839 1090 3091 1158 proponit
3121 1110 3134 1144 :
3169 1089 3377 1145 Ctelutu
3406 1092 3547 1162 (δί’).
3576 1107 3682 1144 non

2093 1193 2218 1232 esse
2251 1176 2548 1231 orbiculari
2586 1177 2779 1247 Iigura,
2812 1192 2874 1231 ac
2896 1194 3073 1246 neque
3118 1189 3315 1232 terram
3352 1198 3365 1233 :
3400 1180 3491 1234 sed
3552 1180 3684 1234 illud

2094 1266 2323 1321 fornicis
2351 1266 2548 1333 simile,
2577 1268 2720 1322 hanc
2750 1267 2919 1322 altera
2948 1278 3100 1338 parte
3151 1269 3471 1339 longiorem,
3500 1280 3682 1322 extre-

2094 1359 2305 1425 misque
2333 1357 2577 1427 partibus
2632 1373 2755 1413 cum
2820 1358 2943 1413 caeli
3002 1359 3249 1413 terminis
3305 1360 3565 1428 copulari.
3594 1360 3677 1412 Ad

2093 1448 2229 1513 hare,
2258 1447 2439 1502 omnia
2473 1457 2619 1501 astra
2654 1448 2882 1511 moveri,
2903 1448 3112 1519 angelis
3131 1452 3195 1502 ad
3226 1458 3433 1503 motum
3464 1450 3679 1505 subser-

2092 1540 2383 1605 vientibus,
2433 1551 2484 1595 el
2544 1542 2596 1595 id
2634 1556 2802 1610 genus
2833 1540 2958 1593 alia.
3010 1539 3165 1595 Facit
3197 1557 3413 1612 quoque
3444 1546 3676 1597 mentio-

2092 1647 2237 1695 nem,
2263 1640 2516 1701 tanquam
2536 1633 2681 1686 aliud
2711 1648 2899 1703 agens,
2917 1633 3037 1687 libri
3065 1632 3363 1700 Geneseos,
3383 1644 3438 1690 et
3461 1634 3631 1691 Exodi
3657 1655 3673 1691 :

2091 1723 2468 1793 plurimusque
2498 1734 2583 1778 est
2613 1724 2666 1778 itt
2692 1728 3002 1780 narratione
3031 1734 3086 1781 et
3103 1727 3477 1796 speculatione
3501 1730 3681 1783 taber-

374 1830 438 1897 τῇ
467 1826 673 1898 Θεωρία
700 1826 780 1890 ὡς
822 1827 1035 1880 ἐπίπαν
1080 1827 1182 1897 τῆς
1214 1828 1448 1898 σκηνῆςο
1490 1826 1773 1898 ἐπιτρέχει
1798 1826 1856 1880 δὲ
1896 1826 1988 1880 καὶ

2096 1819 2297 1874 naculi.
2338 1818 2619 1874 Percurrit
2673 1830 2729 1874 et
2789 1821 3103 1890 prophetas,
3156 1822 3503 1892 indidetnqne
3559 1839 3682 1893 apo.

372 1921 500 1982 τοὺς
526 1920 843 1990 προσητας,
886 1919 1148 1974 κάκεῖθεν
1177 1919 1300 1982 τοὺς
1332 1919 1684 1983 ἀποστόλους.
1709 1919 1875 1987 Λέγει
1907 1919 1985 1984 δὲ,

383 2009 469 2060 ὅτι
497 2008 561 2061 τὸ
592 2008 818 2079 μέγεθος
870 2008 989 2079 ἔχει
1028 2008 1058 2062 ὁ
1095 2010 1252 2081 ἥλιος
1292 2008 1386 2063 δύο
1419 2010 1724 2081 κλιμάτων,
1772 2010 1871 2064 καὶ⁹
1896 2010 1981 2064 ὅτι

389 2100 440 2152 oi
466 2100 679 2166 ἄγγελοι
693 2102 796 2153 οὐκ
823 2101 971 2153 είσὶν
999 2101 1059 2153 ἐν
1084 2100 1163 2172 τῷ
1190 2101 1427 2173 οὐρανῷ,
1454 2102 1593 2157 ἀλλὰ
1620 2101 1783 2172 μόνον
1812 2101 1979 2155 sub"

391 2191 448 2244 τὸ
478 2192 765 2263 στερέωμα
842 2192 945 2246 καὶ
982 2191 1104 2263 μεθ’
1131 2193 1313 2265 ἡμῶν,
1344 2195 1443 2248 καὶ
1466 2195 1552 2249 ὅτι
1574 2196 1602 2248 ὁ
1625 2194 1863 2266 Χριστὸς
1893 2195 1988 2248 ἀν-

377 2282 545 2337 ελθὼν
606 2285 726 2339 ἀπὸ
778 2287 886 2355 τῆς
918 2288 1025 2355 γῆς
1047 2285 1129 2349 είς
1163 2286 1225 2339 τὸ
1262 2286 1468 2358 μεταξὺ
1499 2286 1595 2341 τοῦ
1626 2285 1859 2358 οὐρανοῦ
1892 2285 1986 2339 καὶ

372 2374 466 2427 τοῦ
525 2375 931 2446 περεώματος
983 2376 1225 2447 εἰσῆλθε,
1286 2377 1382 2431 καὶ
1429 2378 1514 2431 ὅτι
1545 2375 1705 2430 τοῦτό
1735 2379 1850 2430 ἐστι
1890 2376 1987 2430 καὶ

372 2464 534 2533 μόνον
564 2466 601 2533 η
636 2465 905 2535 βασιλεία
960 2465 1069 2518 τῶν
1122 2467 1388 2536 οὐρανῶν.
1451 2466 1621 2535 Λέγει
1650 2466 1707 2519 δὲ
1731 2466 1826 2518 καὶ
1849 2464 1987 2520 ἄλλα

367 2558 491 2610 τινὰ
545 2559 857 2613 ἀλλόκοτα.
907 2558 1234 2630 Προσφωνεί
1265 2559 1323 2612 δὲ
1376 2560 1505 2624 τοὺς
1567 2558 1666 2630 μὲν
1724 2558 1783 2622 ἒξ
1821 2556 1984 2611 αὐτοῦ

366 2648 561 2716 λόγους
624 2650 918 2720 Παμφίλῳ
977 2650 1113 2703 τινί’
1184 2649 1293 2703 τῶν
1331 2648 1388 2702 δὲ
1437 2649 1643 2704 λοιπῶν
1681 2646 1741 2714 ἓξ
1780 2650 1847 2719 (οί
1874 2647 1985 2720 γὰρ

367 2744 585 2806 πάντες
608 2742 795 2796 αὐτοῦ
824 2742 1039 2797 δώδεκά
1063 2742 1192 2814 είσι)
1224 2742 1315 2797 τὸν
1343 2742 1443 2813 μὲν
1472 2742 1702 2813 ἕϐδομον
1732 2744 1987 2796 Ἀναστα-

365 2833 484 2901 dep,
517 2833 581 2884 ὲν
693 2833 781 2885 ὅτι
809 2833 1148 2887 ἁκατάλυτοί
1174 2835 1313 2887 είσιν
1335 2834 1384 2886 οί
1411 2834 1658 2905 οὐρανοὶ,
1687 2833 1777 2886 τὸν
1796 2833 1985 2901 ὃγδοον

360 2922 437 2984 δὲ,
470 2924 536 2987 ὃς
564 2925 732 2977 ἐστιν
760 2926 850 2988 εἰς
887 2924 988 2996 τὴν
1023 2923 1169 2995 ᾠδὴν
1212 2923 1459 2989 Ἐζεκίου
1491 2926 1588 2978 καὶ
1619 2927 1699 2989 εἰς
1725 2924 1817 2979 τὸν
1846 2925 1985 2979 ἀνα-

362 3016 639 3085 ποδισμδν
707 3016 810 3069 τοῦ
864 3015 1041 3086 ἡλίου,
1100 3015 1295 3087 Πέτρῳ
1348 3019 1685 3087 προσφωνεῖ,
1735 3018 1795 3069 ὲν
1827 3009 1872 3084 ᾧ
1902 3017 1986 3070 ὅτι

2094 1911 2287 1966 Stolos.
2316 1908 2460 1965 Solis
2508 1910 2943 1981 magnitudinem
2972 1924 3093 1964 esse
3119 1910 3195 1964 ait
3225 1912 3453 1964 duorum
3488 1911 3681 1965 clima-

2096 2016 2230 2060 tum.
2264 2003 2503 2072 Angelos
2537 2003 2590 2057 in
2618 2003 2761 2059 coelo
2796 2019 2902 2059 non
2945 2018 3088 2071 esse,
3140 2004 3233 2059 sed
3283 2013 3487 2059 tantum
3517 2021 3683 2074 super

2096 2099 2524 2163 lirmamentnm,
2549 2105 2605 2148 et
2624 2094 2903 2149 nobiscum
2923 2096 3150 2149 versari.
3172 2094 3447 2150 Christum
3480 2112 3509 2151 e
3534 2107 3680 2151 terra

2092 2188 2499 2253 ascendentem,
2531 2186 2673 2241 inter
2729 2186 2926 2242 caelum
2965 2196 3020 2242 et
3065 2186 3464 2243 ﬁrmamentum
3489 2204 3682 2259 perve-

2094 2277 2265 2342 nisse,
2302 2276 2466 2346 idque
2497 2276 2765 2331 duntaxat
2788 2276 3051 2331 malorum
3083 2293 3310 2349 regnum
3346 2294 3467 2335 esse
3499 2280 3681 2335 :alia-

2093 2382 2200 2437 que
2232 2367 2318 2422 his
2348 2368 2542 2423 similia
2591 2369 2827 2423 absurde
2864 2368 3090 2437 profert.
3134 2369 3421 2440 Nuncupat
3467 2372 3680 2441 priores

2095 2477 2191 2517 sex
2218 2461 2389 2516 libros
2442 2460 2724 2531 Pamphilo
2752 2461 3009 2518 cuidam:
3053 2462 3120 2517 de
3153 2464 3378 2533 reliquis
3415 2479 3544 2519 vero
3583 2480 3679 2520 sex

2098 2550 2252 2623 (sunt
2281 2553 2430 2607 enim
2462 2552 2516 2607 in
2548 2555 2864 2609 universmn
2902 2554 3211 2625 duodecim)
3246 2558 3537 2625 septimum
3569 2562 3682 2628 qni-

2097 2644 2221 2697 dem
2244 2642 2560 2707 Anastasio,
2595 2660 2706 2714 quo
2740 2646 2912 2701 cados
2931 2645 3158 2701 minime
3183 2648 3405 2702 dissolvi
3438 2651 3635 2704 asserit
3662 2669 3677 2705 :

2090 2745 2349 2790 octavum
2378 2737 2501 2792 dein
2528 2739 2642 2808 (qui
2690 2748 2776 2794 est
2817 2740 2870 2794 in
2909 2741 3184 2796 canticum
3236 2740 3505 2809 Ezechiae,
3536 2754 3591 2796 et
3627 2746 3679 2798 itt

2092 2833 2225 2888 solis
2251 2834 2585 2905 regressum)
2611 2832 2776 2888 Petro
2819 2833 3117 2889 inscribit:
3156 2849 3265 2905 quo
3319 2834 3371 2888 iu
3434 2834 3575 2889 libro
3627 2844 3683 2890 et

2092 2924 2321 2981 Cantica
2357 2926 2696 2980 canticorum
2728 2926 3037 2995 explicasse
3058 2941 3118 2981 se
3143 2934 3558 2981 commemorat.
3586 2925 3678 2981 Re-

2097 3017 2227 3086 liqtti
2252 3029 2493 3089 quatuor
2527 3029 2681 3073 certo
2717 3018 2920 3073 nemini
2946 3020 3289 3075 dedicantur.

362 3103 816 3181 ὒπεμνημάτισε
841 3113 886 3144 θ’
930 3110 1000 3165 τὰ
1025 3111 1286 3183 ’ᾼσματα
1314 3112 1422 3167 τῶν
1458 3111 1719 3184 ᾀσμάτων
1749 3111 1919 3182 λέγει.
1956 3111 2020 3167 Οί
2045 3111 2104 3166 δὲ
2123 3113 2302 3167 λοιποὶ
2326 3114 2595 3185 τέσσαρες
2626 3113 2689 3168 οὐ
2737 3113 2873 3184 πρός
2902 3130 2957 3167 τι
2984 3114 3278 3186 πρόσωπον
3342 3112 3493 3186 αὐτῷ
3556 3130 3683 3167 συν-

366 3204 538 3276 enim
545 3223 681 3260 σπαν.

1097 3298 1219 3352 ΔΖ¹.

936 3390 1076 3459 Περὶ
1116 3387 1448 3458 πολιτικῆς·

453 3479 824 3553 ’Δνεγνὼσθη
858 3482 999 3550 Περὶ
1027 3483 1353 3552 πολιτικῆς
1387 3483 1435 3517 ’³
1478 3483 1555 3548 ὼς
1610 3484 1670 3537 ὲν
1731 3484 1988 3557 διαλόγῳ,

375 3577 575 3645 Μηνᾶν
636 3574 944 3646 πατρίκιον
1006 3576 1101 3629 καὶ
1156 3578 1368 3647 Θωμᾶν
1412 3578 1831 3651 ρεφερενδάριον
1849 3581 1899 3612 ⁹⁶
1922 3578 1993 3632 τὰ

378 3670 753 3737 διαλεγόμενα
820 3668 1057 3737 εἰσάγων
1131 3671 1422 3741 πρόσωπα.
1498 3670 1752 3742 Περιέχει
1827 3671 1886 3725 δὲ
1954 3672 1988 3742 ἡ

2749 3292 3020 3349 XXXVII.

2548 3387 2625 3442 De
2654 3387 2938 3457 Republica
2967 3388 3088 3440 libri
3115 3403 3191 3441 Vt.

2162 3484 2254 3555 8a
2305 3481 2502 3537 Lectus
2558 3481 2631 3535 De
2670 3478 2959 3546 Republica
3010 3479 3195 3543 Liber,
3243 3480 3459 3535 Menam
3511 3481 3683 3550 patri-

2094 3578 2241 3632 cintn
2277 3586 2331 3629 et
2372 3575 2638 3629 Thomam
2685 3574 3118 3629 rcfcrendarium
3158 3589 3255 3643 per
3288 3572 3562 3643 dialogum
3596 3575 3679 3629 lo-

2094 3678 2325 3737 quentes
2354 3668 2732 3723 introducens.
2763 3665 3027 3721 Continet
3059 3684 3196 3736 opus
3229 3668 3331 3722 hoc
3365 3667 3533 3724 lihros
3560 3685 3677 3735 sex,

2093 3763 2295 3830 quibus
2345 3759 2744 3831 δικαιαρχικὸν,
2775 3769 2833 3812 ut
2881 3758 2967 3813 hic
3008 3759 3328 3829 appellatur.
3363 3775 3558 3815 novum
3587 3777 3684 3830 po—

2098 3853 2236 3907 litiae
2267 3867 2464 3924 genus,
2497 3852 2776 3905 diversum
2821 3852 2889 3904 ab
2926 3850 2991 3904 iis
3018 3867 3138 3921 quae
3172 3851 3286 3921 (55)
3317 3863 3529 3907 veteres
3553 3868 3682 3921 pro.

384 3762 752 3832 πραγματεία
821 3760 1014 3829 λόγους
1046 3760 1127 3827 ἓξ,
1162 3763 1221 3815 ὲν
1247 3756 1329 3825 οἷς
1360 3763 1456 3815 καὶ
1497 3762 1688 3832 ἕτερον
1720 3759 1860 3828 εἶδος
1895 3781 1993 3818 πο-

388 3852 594 3916 λιτείας
627 3853 789 3923 παρὰ
827 3852 895 3905 τὰ
929 3855 1041 3917 τοῖς
1078 3853 1332 3916 παλαιοῖς
1381 3854 1655 3924 εἰρημένα
1687 3856 1921 3924 είσὰγει,
1962 3855 1992 3908 ὃ

397 3943 495 3994 καὶ
544 3943 699 3995 ’καὶεί
740 3944 1155 4013 δικαιαρχικόν.
1198 3944 1609 4015 Ἐπιμέμφεται
1638 3946 1695 3999 δὲ
1728 3946 1827 4016 τῆς
1858 3946 1988 4002 Πλά-

2096 3946 2370 4009 didernnt,
2415 3944 2789 4000 introducitur
2828 3962 2842 3998 :
2872 3959 2937 3998 ac
2967 3945 3213 3998 Platonis
3245 3944 3546 4014 respublica
3574 3962 3681 3999 not:

410 4046 575 4095 τωνος
597 4033 823 4097 δικαίως
852 4033 1153 4097 πολιτείας.
1195 4036 1298 4088 Ἢν
1340 4035 1385 4088 δ’
1415 4037 1568 4089 αὐτοὶ
1594 4037 1871 4092 πολιτείαν
1888 4041 1988 4092 είσ·

2101 4039 2381 4095 immerito
2412 4038 2854 4108 reprehenditur.
2883 4038 3055 4105 Quam
3110 4052 3239 4092 vero
3293 4052 3539 4106 persona:
3580 4038 3684 4092 ilhc

424 4126 663 4192 άγοιισιν,
698 4127 904 4181 ἐκτῶν
971 4128 1141 4198 τριῶν
1206 4127 1365 4181 είδῶν
1417 4131 1516 4199 τῆς
1572 4129 1850 4194 πολιτείας
1874 4130 1988 4185 δέον

2100 4131 2348 4200 politiatn
2381 4128 2652 4195 aﬂ‘erunt,
2683 4145 2747 4183 ex
2781 4127 2952 4183 tribus
2978 4128 3180 4199 politiae
3204 4131 3505 4199 speciebus,
3537 4131 3683 4200 regia

406 4220 572 4290 αὐτὴν
616 4218 943 4286 συγκεῖσθαί
974 4236 1130 4289 φασι,
1173 4218 1459 4290 βασιλικοῦ
1490 4220 1586 4274 καὶ
1610 4221 1988 4292 ἀριστοκρατι-

2100 4222 2388 4287 nimirum,
2427 4231 2487 4276 et
2514 4221 2865 4291 optimatum,
2921 4235 2986 4275 ac
3032 4218 3395 4290 popularium,
3431 4222 3684 4289 componi

397 4310 491 4363 κοῦ
543 4312 651 4365 καὶ
684 4310 1129 4383 δημοκρατικοῦ,
1160 4312 1221 4364 τὸ
1251 4311 1549 4383 εἱλικρινὲς
1578 4314 1713 4383 αὐτῇ
1760 4315 1988 4385 ἑκάστης

2097 4325 2354 4385 Oportere
2397 4314 2552 4367 aiunt
2594 4331 2609 4369 :
2653 4323 2712 4367 ut
2738 4327 2859 4367 cum
2892 4312 3085 4366 harum
3111 4312 3386 4379 qualibet,
3408 4312 3551 4381 quod
3582 4327 3686 4381 pu-

398 4406 687 4468 κολιτείας
748 4404 1211 4475 συνεισαγούσης,
1262 4404 1527 4477 κάκείνην
1552 4404 1651 4475 τὴν
1674 4405 1751 4469 ὼς
1780 4405 1988 4476 ἀληθῶς

2101 4420 2223 4458 rum
2255 4413 2421 4475 atque
2466 4406 2739 4459 sincerum
2805 4402 2987 4467 habet,
3046 4401 3152 4457 huc
3208 4402 3521 4468 contulerit,
3572 4402 3687 4457 haec

387 4500 630 4571 ἀρίστην
658 4498 943 4552 πολιτείαν
973 4498 1372 4568 ἁποτελούσης.

2103 4497 2321 4550 tandem
2356 4511 2486 4551 vere
2520 4496 2726 4565 optima
2762 4495 3077 4565 reipublicae
3099 4494 3271 4551 forma
3297 4505 3685 4551 constituatur.

1104 4592 1237 4646 AH'.

2776 4586 3069 4641 XXXVIII.

458 4682 781 4751 Θωδοῖῳου
814 4682 1167 4752 Ἀντιοχέως
1193 4682 1479 4754 ἑρμηνεία
1503 4682 1617 4749 τῆς
1640 4683 1928 4750 Κτίσεως.

2219 4681 2471 4734 Theodori
2508 4682 2821 4735 Antiocheni
2872 4682 3238 4750 interpretatio
3276 4679 3552 4737 Genueos.

468 4774 832 4845 ’Δνεγνὼσθη
861 4773 1141 4847 Θεοδώρου
1181 4775 1523 4847 ’Δντιοχέως,
1545 4768 1609 4829 οὗ
1632 4778 1667 4847 ὴ
1691 4775 1988 4849 ιπιγραφὴ,

2179 4770 2373 4828 Lectus
2407 4772 2679 4829 Theodori
2738 4773 3069 4828 Antiocheni
3100 4773 3240 4828 liber
3292 4783 3379 4829 est
3426 4788 3549 4829 cum
3587 4773 3686 4829 hac

400 4865 742 4934 Ἐρμηγεία
777 4863 888 4933 τῆς
931 4866 1199 4932 κτίσεως
1220 4881 1234 4896 ’
1261 4866 1321 4919 ἐν
1350 4866 1539 4936 τόμοις
1576 4866 1772 4937 έπτὰὴ
1807 4864 1988 4937 πρώτη

2108 4865 2461 4936 inscriptione
2488 4883 2502 4921 :
2532 4864 2916 4935 Interpretatio
2944 4865 3243 4933 (leaenas;
3294 4866 3450 4923 libris
3478 4876 3686 4938 septem

385 4956 581 5027 βίϐλος
641 4954 989 5027 ἐπεραίνετο.
1054 4957 1170 5027 Τὴν
1194 4956 1251 5011 δὲ
1285 4956 1489 5029 φράσιν
1518 4955 1648 5010 οὔτε
1670 4957 1716 4988 ⁸⁵
1744 4956 1988 5028 λαμπρὸς

2109 4966 2287 5013 tomus
2314 4959 2524 5027 primus
2546 4958 2871 5014 absolvitur.
2893 4958 3084 5032 Stylus
3114 4959 3190 5014 illi
3216 4974 3395 5030 neque
3429 4958 3684 5024 illustris,

1667 5090 1898 5147 VARIIE
1944 5090 2352 5148 LECTIONES.

461 5227 513 5300 9
536 5225 642 5300 τοῦ
673 5226 787 5300 τῶν
817 5226 1078 5300 ρωμαίων
1113 5244 1173 5292 ς.
1250 5228 1295 5261 ⁸⁷
1333 5228 1581 5300 μ-ὲνΑοῐηῌ.
1617 5241 1706 5300 pr.
1728 5227 1794 5283 A.
1850 5297 1860 5300 _
1898 5226 1944 5259 ⁸⁸
1961 5225 2063 5300 οὖν
2085 5242 2195 5300 om.
2231 5227 2316 5300 Aa
2402 5226 2447 5300 εξ
2484 5225 2644 5299 ὑπὲρ]
2673 5227 2782 5280 ἀπὸ
2823 5226 2929 5300 -Ακ
3008 5229 3054 5262 ’°
3086 5229 3329 5300 μνήμην,
3356 5227 3451 5300 καὶ
3491 5230 3601 5300 τῆς
3627 5246 3687 5293 ς.

390 5298 582 5370 "forte
604 5298 657 5350 Α
688 5315 701 5351 :
735 5294 875 5370 ῦπέρ
901 5294 966 5363 ξ.
1000 5296 1250 5370 Cosntas,
1274 5294 1464 5370 p.986
1496 5314 1509 5351 :
1534 5294 1659 5370 bna
1687 5298 1821 5370 ἡμῖν
1846 5294 1997 5370 ἐντῷ
2042 5295 2205 5370 χῴρῳ
2226 5298 2403 5369 τούτῳ
2424 5294 2691 5367 διάγοὺἇι,
2715 5366 2725 5370 _
2751 5296 2846 5352 καὶ
2873 5296 3029 5352 οὔπω
3056 5294 3141 5363 τίς
3262 5294 3452 5370 ἀὐτῶν
3478 5294 3688 5370 ὴξὶώοη

392 5368 511 5420 τῶν
552 5366 851 5439 ἄνω-τέως
864 5369 1048 5437 τυχεῖν
1066 5377 1122 5421 et
1149 5383 1202 5436 p.
1236 5369 1375 5422 5l5:
1426 5370 1493 5421 τὰ
1513 5366 1688 5439 ᾷστρα
1710 5366 1890 5421 πάντα
1934 5366 2185 5439 κατωθένί
2234 5366 2384 5439 ἐστι]
2403 5369 2498 5421 τοῦ
2528 5366 2911 5439 στερεώματος
2940 5399 3010 5408 —
3043 5368 3345 5437 κενούμενα
3368 5368 3474 5421 ὑπὸ
3504 5366 3556 5422 1)
3579 5366 3688 5421 τῶν

390 5439 653 5524 αοράτων
674 5437 980 5542 δυνξμεὶον.
1156 5441 1220 5492 ὲκ
1249 5439 1442 5542 τρῄτου
1470 5436 1835 5542 διδασκόμῇθα
1884 5436 2142 5492 ἐπένεικα
2164 5438 2294 5542 ’τῶν
2335 5437 2567 5542 ἄστριιένιι
2593 5436 2823 5507 ἄγγελον
2855 5438 2941 5542 an
2960 5439 3327 5542 ὑπέρϐαίνειν.
3404 5440 3450 5471 ’⁸
3481 5440 3563 5494 ὅτι
3592 5439 3689 5494 καὶ

390 5510 607 5580 cum.
654 5525 714 5573 ς.
793 5508 839 5539 ⁸³
874 5509 1012 5579 Aug.
1028 5509 1199 5564 Maius
1223 5510 1290 5563 ad
1315 5510 1433 5564 Cic.
1466 5511 1532 5563 de
1563 5508 1835 5579 republica
1868 5524 1921 5578 p.
1955 5524 2068 5563 ut.
2164 5509 2211 5541 ⁸⁵
2242 5508 2693 5580 ραιφερενδάοιον
2752 5527 2813 5574 ς.
2859 5508 2867 5510 ἡ
2894 5508 2941 5542 ⁸³
2968 5509 3090 5563 οὐδὲ
3120 5526 3177 5574 ς.

1934 5623 2167 5682 NOTAE.

472 5719 613 5791 (55')
626 5717 778 5791 _Vide
794 5718 853 5775 Β.
881 5720 1065 5775 Basilii
1086 5731 1226 5777 orat.
1250 5722 1284 5776 5
1309 5719 1644 5791 Hexaem."
1663 5717 1996 5791 D.Amb_ros.
2100 5719 2320 5773 tarchus
2345 5716 2607 5791 singulari
2663 5717 2869 5781 libello,
2903 5714 3219 5775 Ileraclides
3252 5733 3467 5790 quoque
3497 5715 3680 5774 Ponti-

470 5788 600 5863 (55)
623 5788 803 5860 Plato,
833 5793 1176 5859 Aristoteles,
1217 5793 1500 5864 Polybius,
1535 5790 1631 5846 lib.
1676 5805 1751 5856 γι,
1781 5804 1832 5844 et
1877 5789 1999 5844 l’lu-
2110 5805 2227 5855 cus,
2257 5797 2311 5844 et
2340 5789 2511 5844 Nicol.
2537 5789 2917 5845 Damasccnus.
