  <div class='ocr_page' id='page_1' title='image "/cluster/home/n/w/nwhite01/storage/ocr_20150623/103:no.3/coo.31924054870070/049.png"; bbox 0 0 4030 6436; ppageno 0'>
   <div class='ocr_carea' id='block_1_1' title="bbox 439 320 3707 403">
    <p class='ocr_par' dir='ltr' id='par_1_1' title="bbox 439 320 3707 403">
     <span class='ocr_line' id='line_1_1' title="bbox 439 320 3707 403; baseline -0.001 -11"><span class='ocrx_word' id='word_1_1' title='bbox 439 338 502 403; x_wconf 77' lang='lat'><strong>71</strong></span> <span class='ocrx_word' id='word_1_2' title='bbox 1609 331 1875 391; x_wconf 80' lang='lat' dir='ltr'><strong>PHOTII</strong></span> <span class='ocrx_word' id='word_1_3' title='bbox 1914 331 2422 391; x_wconf 64' lang='lat' dir='ltr'><strong>PATRIA‘RCHIE</strong></span> <span class='ocrx_word' id='word_1_4' title='bbox 2462 332 2571 392; x_wconf 74' lang='grc' dir='ltr'><strong>ΟΡ.</strong></span> <span class='ocrx_word' id='word_1_5' title='bbox 3629 320 3707 389; x_wconf 68' lang='grc'><strong>72</strong></span> 
     </span>
    </p>
   </div>
   <div class='ocr_carea' id='block_1_2' title="bbox 440 440 2039 520">
    <p class='ocr_par' dir='ltr' id='par_1_2' title="bbox 440 445 2023 520">
     <span class='ocr_line' id='line_1_2' title="bbox 440 445 2023 520; baseline -0.005 -15"><span class='ocrx_word' id='word_1_6' title='bbox 440 466 619 520; x_wconf 81' lang='lat' dir='ltr'><strong>neque</strong></span> <span class='ocrx_word' id='word_1_7' title='bbox 658 449 814 504; x_wconf 82' lang='lat' dir='ltr'><strong>valde</strong></span> <span class='ocrx_word' id='word_1_8' title='bbox 850 448 1196 519; x_wconf 88' lang='lat' dir='ltr'><strong>perspicuus.</strong></span> <span class='ocrx_word' id='word_1_9' title='bbox 1230 445 1463 517; x_wconf 84' lang='lat' dir='ltr'><strong>Fugiens</strong></span> <span class='ocrx_word' id='word_1_10' title='bbox 1495 460 1645 509; x_wconf 77' lang='lat' dir='ltr'><strong>vero,</strong></span> <span class='ocrx_word' id='word_1_11' title='bbox 1677 458 1939 514; x_wconf 86' lang='lat' dir='ltr'><strong>quantum</strong></span> <span class='ocrx_word' id='word_1_12' title='bbox 1970 446 2023 498; x_wconf 92' lang='lat' dir='ltr'><strong>in</strong></span> 
     </span>
    </p>
   </div>
   <div class='ocr_carea' id='block_1_3' title="bbox 2143 440 3707 520">
    <p class='ocr_par' dir='ltr' id='par_1_3' title="bbox 2143 440 3707 515">
     <span class='ocr_line' id='line_1_3' title="bbox 2143 440 3707 515; baseline -0.002 -19"><span class='ocrx_word' id='word_1_13' title='bbox 2143 442 2250 497; x_wconf 75' lang='grc' dir='ltr'>ιῡτε</span> <span class='ocrx_word' id='word_1_14' title='bbox 2282 444 2405 498; x_wconf 88' lang='grc' dir='ltr'>λίαν</span> <span class='ocrx_word' id='word_1_15' title='bbox 2434 444 2634 515; x_wconf 77' lang='grc' dir='ltr'>σαφὴς,</span> <span class='ocrx_word' id='word_1_16' title='bbox 2674 443 2893 514; x_wconf 82' lang='grc' dir='ltr'><strong>φεύγων</strong></span> <span class='ocrx_word' id='word_1_17' title='bbox 2917 443 2971 497; x_wconf 79' lang='grc' dir='ltr'>δὲ</span> <span class='ocrx_word' id='word_1_18' title='bbox 2996 442 3087 497; x_wconf 69' lang='grc' dir='ltr'>τὸν</span> <span class='ocrx_word' id='word_1_19' title='bbox 3135 442 3360 495; x_wconf 71' lang='grc' dir='ltr'>δυνατὸν</span> <span class='ocrx_word' id='word_1_20' title='bbox 3400 440 3548 512; x_wconf 72' lang='grc' dir='ltr'>αὖτῷ</span> <span class='ocrx_word' id='word_1_21' title='bbox 3574 443 3707 513; x_wconf 75' lang='grc' dir='ltr'>τρόο</span> 
     </span>
    </p>
   </div>
   <div class='ocr_carea' id='block_1_4' title="bbox 444 538 2024 611">
    <p class='ocr_par' dir='ltr' id='par_1_4' title="bbox 444 538 2024 611">
     <span class='ocr_line' id='line_1_4' title="bbox 444 538 2024 611; baseline -0.005 -14"><span class='ocrx_word' id='word_1_22' title='bbox 444 544 563 611; x_wconf 82' lang='lat' dir='ltr'><strong>ipso</strong></span> <span class='ocrx_word' id='word_1_23' title='bbox 602 550 706 607; x_wconf 86' lang='lat' dir='ltr'><strong>est,</strong></span> <span class='ocrx_word' id='word_1_24' title='bbox 741 541 1050 610; x_wconf 81' lang='lat' dir='ltr'><strong>allegorias,</strong></span> <span class='ocrx_word' id='word_1_25' title='bbox 1078 548 1132 593; x_wconf 94' lang='lat' dir='ltr'><strong>et</strong></span> <span class='ocrx_word' id='word_1_26' title='bbox 1190 538 1538 594; x_wconf 76' lang='lat' dir='ltr'><strong>historiarum</strong></span> <span class='ocrx_word' id='word_1_27' title='bbox 1568 538 1826 592; x_wconf 91' lang='lat' dir='ltr'><strong>duntaxat</strong></span> <span class='ocrx_word' id='word_1_28' title='bbox 1857 552 2024 606; x_wconf 84' lang='lat' dir='ltr'><strong>expo-</strong></span> 
     </span>
    </p>
   </div>
   <div class='ocr_carea' id='block_1_5' title="bbox 441 626 2023 701">
    <p class='ocr_par' dir='ltr' id='par_1_5' title="bbox 441 626 2023 701">
     <span class='ocr_line' id='line_1_5' title="bbox 441 626 2023 701; baseline -0.004 -13"><span class='ocrx_word' id='word_1_29' title='bbox 441 634 694 689; x_wconf 75' lang='lat' dir='ltr'><strong>sitionem</strong></span> <span class='ocrx_word' id='word_1_30' title='bbox 750 641 1014 697; x_wconf 85' lang='lat' dir='ltr'><strong>traclans,</strong></span> <span class='ocrx_word' id='word_1_31' title='bbox 1048 631 1230 701; x_wconf 83' lang='lat' dir='ltr'><strong>putide</strong></span> <span class='ocrx_word' id='word_1_32' title='bbox 1294 630 1457 686; x_wconf 89' lang='lat' dir='ltr'><strong>nimis</strong></span> <span class='ocrx_word' id='word_1_33' title='bbox 1500 630 1688 685; x_wconf 86' lang='lat' dir='ltr'><strong>eadem</strong></span> <span class='ocrx_word' id='word_1_34' title='bbox 1732 626 2023 683; x_wconf 86' lang='lat' dir='ltr'><strong>identidem</strong></span> 
     </span>
    </p>
   </div>
   <div class='ocr_carea' id='block_1_6' title="bbox 445 720 2019 793">
    <p class='ocr_par' dir='ltr' id='par_1_6' title="bbox 445 720 2019 793">
     <span class='ocr_line' id='line_1_6' title="bbox 445 720 2019 793; baseline -0.001 -15"><span class='ocrx_word' id='word_1_35' title='bbox 445 725 739 792; x_wconf 86' lang='lat' dir='ltr'><strong>repetit,et</strong></span> <span class='ocrx_word' id='word_1_36' title='bbox 770 723 1015 793; x_wconf 90' lang='lat' dir='ltr'><strong>ingratus</strong></span> <span class='ocrx_word' id='word_1_37' title='bbox 1050 732 1215 790; x_wconf 83' lang='lat' dir='ltr'><strong>atque</strong></span> <span class='ocrx_word' id='word_1_38' title='bbox 1235 720 1551 777; x_wconf 81' lang='lat' dir='ltr'><strong>fastidiosus</strong></span> <span class='ocrx_word' id='word_1_39' title='bbox 1576 721 1771 792; x_wconf 89' lang='lat' dir='ltr'><strong>legenti</strong></span> <span class='ocrx_word' id='word_1_40' title='bbox 1803 722 2019 776; x_wconf 87' lang='lat' dir='ltr'><strong>accidit.</strong></span> 
     </span>
    </p>
   </div>
   <div class='ocr_carea' id='block_1_7' title="bbox 448 813 2026 885">
    <p class='ocr_par' dir='ltr' id='par_1_7' title="bbox 448 813 2026 885">
     <span class='ocr_line' id='line_1_7' title="bbox 448 813 2026 885; baseline 0.001 -19"><span class='ocrx_word' id='word_1_41' title='bbox 448 814 587 880; x_wconf 86' lang='lat' dir='ltr'><strong>Quin</strong></span> <span class='ocrx_word' id='word_1_42' title='bbox 643 826 697 868; x_wconf 89' lang='lat' dir='ltr'><strong>et</strong></span> <span class='ocrx_word' id='word_1_43' title='bbox 751 814 983 870; x_wconf 82' lang='lat' dir='ltr'><strong>Nestorii</strong></span> <span class='ocrx_word' id='word_1_44' title='bbox 1046 816 1397 877; x_wconf 88' lang='lat' dir='ltr'><strong>sententiam,</strong></span> <span class='ocrx_word' id='word_1_45' title='bbox 1460 814 1708 885; x_wconf 84' lang='lat' dir='ltr'><strong>quamvis</strong></span> <span class='ocrx_word' id='word_1_46' title='bbox 1742 813 1834 867; x_wconf 92' lang='lat' dir='ltr'><strong>illo</strong></span> <span class='ocrx_word' id='word_1_47' title='bbox 1876 813 2026 883; x_wconf 88' lang='lat' dir='ltr'><strong>prior</strong></span> 
     </span>
    </p>
   </div>
   <div class='ocr_carea' id='block_1_8' title="bbox 445 904 2026 968">
    <p class='ocr_par' dir='ltr' id='par_1_8' title="bbox 445 904 2026 968">
     <span class='ocr_line' id='line_1_8' title="bbox 445 904 2026 968; baseline 0.004 -13"><span class='ocrx_word' id='word_1_48' title='bbox 445 904 627 968; x_wconf 78' lang='lat' dir='ltr'><strong>fuerit,</strong></span> <span class='ocrx_word' id='word_1_49' title='bbox 670 907 834 960; x_wconf 84' lang='lat' dir='ltr'><strong>tacite</strong></span> <span class='ocrx_word' id='word_1_50' title='bbox 875 906 1063 959; x_wconf 85' lang='lat' dir='ltr'><strong>vomit.</strong></span> <span class='ocrx_word' id='word_1_51' title='bbox 1116 905 1218 961; x_wconf 89' lang='lat' dir='ltr'><strong>Hic</strong></span> <span class='ocrx_word' id='word_1_52' title='bbox 1271 916 1354 962; x_wconf 91' lang='lat' dir='ltr'><strong>est</strong></span> <span class='ocrx_word' id='word_1_53' title='bbox 1407 906 1728 962; x_wconf 86' lang='lat' dir='ltr'><strong>Theodorus</strong></span> <span class='ocrx_word' id='word_1_54' title='bbox 1773 906 1861 962; x_wconf 89' lang='lat' dir='ltr'><strong>ille</strong></span> <span class='ocrx_word' id='word_1_55' title='bbox 1913 906 2026 961; x_wconf 82' lang='lat' dir='ltr'><strong>Mo-</strong></span> 
     </span>
    </p>
   </div>
   <div class='ocr_carea' id='block_1_9' title="bbox 442 997 2023 1070">
    <p class='ocr_par' dir='ltr' id='par_1_9' title="bbox 442 997 2023 1070">
     <span class='ocr_line' id='line_1_9' title="bbox 442 997 2023 1070; baseline 0.004 -23"><span class='ocrx_word' id='word_1_56' title='bbox 442 998 714 1064; x_wconf 69' lang='lat' dir='ltr'><strong>psueStitc,</strong></span> <span class='ocrx_word' id='word_1_57' title='bbox 739 1012 767 1049; x_wconf 79' lang='grc' dir='ltr'><strong>ο</strong></span> <span class='ocrx_word' id='word_1_58' title='bbox 802 1012 908 1067; x_wconf 89' lang='lat' dir='ltr'><strong>quo</strong></span> <span class='ocrx_word' id='word_1_59' title='bbox 948 1013 1326 1067; x_wconf 54' lang='lat' dir='ltr'><strong>saepenumero</strong></span> <span class='ocrx_word' id='word_1_60' title='bbox 1380 998 1739 1070; x_wconf 67' lang='lat' dir='ltr'><strong>constat,(56)</strong></span> <span class='ocrx_word' id='word_1_61' title='bbox 1765 997 2023 1053; x_wconf 86' lang='lat' dir='ltr'><strong>Joannem</strong></span> 
     </span>
    </p>
   </div>
   <div class='ocr_carea' id='block_1_10' title="bbox 441 1085 2027 1160">
    <p class='ocr_par' dir='ltr' id='par_1_10' title="bbox 441 1085 2027 1160">
     <span class='ocr_line' id='line_1_10' title="bbox 441 1085 2027 1160; baseline -0.001 -16"><span class='ocrx_word' id='word_1_62' title='bbox 441 1085 810 1158; x_wconf 79' lang='grc' dir='ltr'><strong>ΡΙιΗοροιιιιιιι</strong></span> <span class='ocrx_word' id='word_1_63' title='bbox 851 1089 932 1160; x_wconf 85' lang='grc' dir='ltr'>(ιιι</span> <span class='ocrx_word' id='word_1_64' title='bbox 966 1089 1195 1157; x_wconf 85' lang='lat' dir='ltr'><strong>ipsemet</strong></span> <span class='ocrx_word' id='word_1_65' title='bbox 1245 1087 1463 1158; x_wconf 79' lang='lat' dir='ltr'><strong>fatetur)</strong></span> <span class='ocrx_word' id='word_1_66' title='bbox 1532 1090 1797 1143; x_wconf 86' lang='lat' dir='ltr'><strong>rationem</strong></span> <span class='ocrx_word' id='word_1_67' title='bbox 1843 1089 2027 1157; x_wconf 80' lang='lat' dir='ltr'><strong>hujus-</strong></span> 
     </span>
    </p>
   </div>
   <div class='ocr_carea' id='block_1_11' title="bbox 445 1177 2023 1248">
    <p class='ocr_par' dir='ltr' id='par_1_11' title="bbox 445 1177 2023 1248">
     <span class='ocr_line' id='line_1_11' title="bbox 445 1177 2023 1248; baseline -0.004 -13"><span class='ocrx_word' id='word_1_68' title='bbox 445 1182 591 1235; x_wconf 89' lang='lat' dir='ltr'><strong>modi</strong></span> <span class='ocrx_word' id='word_1_69' title='bbox 644 1178 1109 1247; x_wconf 85' lang='lat' dir='ltr'><strong>interpretationis</strong></span> <span class='ocrx_word' id='word_1_70' title='bbox 1144 1178 1283 1231; x_wconf 90' lang='lat' dir='ltr'><strong>bona</strong></span> <span class='ocrx_word' id='word_1_71' title='bbox 1314 1177 1419 1231; x_wconf 77' lang='lat' dir='ltr'><strong>fide</strong></span> <span class='ocrx_word' id='word_1_72' title='bbox 1468 1190 1529 1232; x_wconf 92' lang='lat' dir='ltr'><strong>ac</strong></span> <span class='ocrx_word' id='word_1_73' title='bbox 1573 1178 1716 1233; x_wconf 88' lang='lat' dir='ltr'><strong>serio</strong></span> <span class='ocrx_word' id='word_1_74' title='bbox 1758 1178 2023 1248; x_wconf 75' lang='lat' dir='ltr'><strong>exegisse,</strong></span> 
     </span>
    </p>
   </div>
   <div class='ocr_carea' id='block_1_12' title="bbox 448 1270 1525 1339">
    <p class='ocr_par' dir='ltr' id='par_1_12' title="bbox 448 1270 1525 1339">
     <span class='ocr_line' id='line_1_12' title="bbox 448 1270 1525 1339; baseline -0.006 -12"><span class='ocrx_word' id='word_1_75' title='bbox 448 1274 502 1327; x_wconf 90' lang='lat' dir='ltr'><strong>in</strong></span> <span class='ocrx_word' id='word_1_76' title='bbox 534 1287 634 1326; x_wconf 90' lang='lat' dir='ltr'><strong>suo</strong></span> <span class='ocrx_word' id='word_1_77' title='bbox 656 1271 731 1324; x_wconf 83' lang='lat' dir='ltr'><strong>De</strong></span> <span class='ocrx_word' id='word_1_78' title='bbox 764 1270 1005 1324; x_wconf 87' lang='lat' dir='ltr'><strong>universi</strong></span> <span class='ocrx_word' id='word_1_79' title='bbox 1039 1270 1314 1323; x_wconf 89' lang='lat' dir='ltr'><strong>creatione</strong></span> <span class='ocrx_word' id='word_1_80' title='bbox 1341 1282 1525 1339; x_wconf 89' lang='lat' dir='ltr'><strong>opere.</strong></span> 
     </span>
    </p>
   </div>
   <div class='ocr_carea' id='block_1_13' title="bbox 1100 1359 1344 1416">
    <p class='ocr_par' dir='ltr' id='par_1_13' title="bbox 1100 1359 1344 1416">
     <span class='ocr_line' id='line_1_13' title="bbox 1100 1359 1344 1416; baseline 0.012 -4"><span class='ocrx_word' id='word_1_81' title='bbox 1100 1359 1344 1416; x_wconf 78' lang='lat' dir='ltr'><strong>XXXIX.</strong></span> 
     </span>
    </p>
   </div>
   <div class='ocr_carea' id='block_1_14' title="bbox 835 1450 1663 1506">
    <p class='ocr_par' dir='ltr' id='par_1_14' title="bbox 835 1450 1663 1506">
     <span class='ocr_line' id='line_1_14' title="bbox 835 1450 1663 1506; baseline 0.004 -3"><span class='ocrx_word' id='word_1_82' title='bbox 835 1450 1096 1505; x_wconf 76' lang='lat' dir='ltr'><strong>Eusebius</strong></span> <span class='ocrx_word' id='word_1_83' title='bbox 1123 1462 1309 1505; x_wconf 81' lang='lat' dir='ltr'><strong>contra</strong></span> <span class='ocrx_word' id='word_1_84' title='bbox 1340 1450 1663 1506; x_wconf 80' lang='lat' dir='ltr'><strong>Hieroclem.</strong></span> 
     </span>
    </p>
   </div>
   <div class='ocr_carea' id='block_1_15' title="bbox 523 1607 2026 1681">
    <p class='ocr_par' dir='ltr' id='par_1_15' title="bbox 523 1607 2026 1681">
     <span class='ocr_line' id='line_1_15' title="bbox 523 1607 2026 1681; baseline -0.001 -17"><span class='ocrx_word' id='word_1_85' title='bbox 523 1610 683 1664; x_wconf 87' lang='lat' dir='ltr'><strong>Lecta</strong></span> <span class='ocrx_word' id='word_1_86' title='bbox 707 1623 792 1664; x_wconf 91' lang='lat' dir='ltr'><strong>est</strong></span> <span class='ocrx_word' id='word_1_87' title='bbox 826 1608 1040 1663; x_wconf 84' lang='lat' dir='ltr'><strong>Eusebii</strong></span> <span class='ocrx_word' id='word_1_88' title='bbox 1090 1607 1356 1678; x_wconf 85' lang='lat' dir='ltr'><strong>Pamphili</strong></span> <span class='ocrx_word' id='word_1_89' title='bbox 1384 1608 1688 1678; x_wconf 80' lang='lat' dir='ltr'><strong>Confutatio</strong></span> <span class='ocrx_word' id='word_1_90' title='bbox 1713 1610 1881 1665; x_wconf 79' lang='lat' dir='ltr'><strong>brevis</strong></span> <span class='ocrx_word' id='word_1_91' title='bbox 1912 1609 2026 1681; x_wconf 85' lang='lat'><strong>(57)</strong></span> 
     </span>
    </p>
   </div>
   <div class='ocr_carea' id='block_1_16' title="bbox 449 1699 1685 1770">
    <p class='ocr_par' dir='ltr' id='par_1_16' title="bbox 449 1699 1685 1770">
     <span class='ocr_line' id='line_1_16' title="bbox 449 1699 1685 1770; baseline -0.002 -13"><span class='ocrx_word' id='word_1_92' title='bbox 449 1704 710 1758; x_wconf 90' lang='lat' dir='ltr'><strong>librorum</strong></span> <span class='ocrx_word' id='word_1_93' title='bbox 738 1699 1007 1755; x_wconf 88' lang='lat' dir='ltr'><strong>Hieroclis</strong></span> <span class='ocrx_word' id='word_1_94' title='bbox 1028 1701 1094 1755; x_wconf 89' lang='lat' dir='ltr'><strong>de</strong></span> <span class='ocrx_word' id='word_1_95' title='bbox 1131 1700 1418 1769; x_wconf 83' lang='lat' dir='ltr'><strong>Apollonio</strong></span> <span class='ocrx_word' id='word_1_96' title='bbox 1446 1700 1685 1770; x_wconf 81' lang='lat' dir='ltr'><strong>Tyaneo.</strong></span> 
     </span>
    </p>
   </div>
   <div class='ocr_carea' id='block_1_17' title="bbox 1164 1901 1278 1957">
    <p class='ocr_par' dir='ltr' id='par_1_17' title="bbox 1164 1901 1278 1957">
     <span class='ocr_line' id='line_1_17' title="bbox 1164 1901 1278 1957; baseline -0.018 0"><span class='ocrx_word' id='word_1_97' title='bbox 1164 1901 1278 1957; x_wconf 81' lang='lat' dir='ltr'><strong>XL.</strong></span> 
     </span>
    </p>
   </div>
   <div class='ocr_carea' id='block_1_18' title="bbox 560 1987 1905 2062">
    <p class='ocr_par' dir='ltr' id='par_1_18' title="bbox 560 1987 1905 2062">
     <span class='ocr_line' id='line_1_18' title="bbox 560 1987 1905 2062; baseline -0.002 -14"><span class='ocrx_word' id='word_1_98' title='bbox 560 1991 904 2062; x_wconf 79' lang='lat' dir='ltr'><strong>Philostorgii</strong></span> <span class='ocrx_word' id='word_1_99' title='bbox 942 1988 1337 2043; x_wconf 82' lang='lat' dir='ltr'><strong>Ecclesiasticte</strong></span> <span class='ocrx_word' id='word_1_100' title='bbox 1375 1987 1626 2043; x_wconf 74' lang='lat' dir='ltr'><strong>Historite</strong></span> <span class='ocrx_word' id='word_1_101' title='bbox 1651 1990 1775 2044; x_wconf 84' lang='lat' dir='ltr'><strong>libri</strong></span> <span class='ocrx_word' id='word_1_102' title='bbox 1807 2006 1905 2045; x_wconf 83' lang='lat' dir='ltr'><strong>xtl.</strong></span> 
     </span>
    </p>
   </div>
   <div class='ocr_carea' id='block_1_19' title="bbox 524 2079 2033 2150">
    <p class='ocr_par' dir='ltr' id='par_1_19' title="bbox 524 2079 2033 2150">
     <span class='ocr_line' id='line_1_19' title="bbox 524 2079 2033 2150; baseline -0.002 -12"><span class='ocrx_word' id='word_1_103' title='bbox 524 2084 691 2139; x_wconf 87' lang='lat' dir='ltr'><strong>Lecta</strong></span> <span class='ocrx_word' id='word_1_104' title='bbox 726 2093 810 2138; x_wconf 91' lang='lat' dir='ltr'><strong>est</strong></span> <span class='ocrx_word' id='word_1_105' title='bbox 838 2081 1187 2150; x_wconf 88' lang='lat' dir='ltr'><strong>Philostorgii</strong></span> <span class='ocrx_word' id='word_1_106' title='bbox 1226 2079 1339 2149; x_wconf 83' lang='lat'><strong>(58)</strong></span> <span class='ocrx_word' id='word_1_107' title='bbox 1375 2079 1561 2133; x_wconf 84' lang='lat' dir='ltr'><strong>Ariani</strong></span> <span class='ocrx_word' id='word_1_108' title='bbox 1596 2081 1756 2134; x_wconf 89' lang='lat' dir='ltr'><strong>veluti</strong></span> <span class='ocrx_word' id='word_1_109' title='bbox 1792 2080 2033 2136; x_wconf 72' lang='lat' dir='ltr'><strong>Historia</strong></span> 
     </span>
    </p>
   </div>
   <div class='ocr_carea' id='block_1_20' title="bbox 457 2174 2035 2233">
    <p class='ocr_par' dir='ltr' id='par_1_20' title="bbox 457 2174 2035 2233">
     <span class='ocr_line' id='line_1_20' title="bbox 457 2174 2035 2233; baseline 0.001 -1"><span class='ocrx_word' id='word_1_110' title='bbox 457 2178 850 2232; x_wconf 81' lang='lat' dir='ltr'><strong>Ecclesiastica.</strong></span> <span class='ocrx_word' id='word_1_111' title='bbox 883 2174 1078 2230; x_wconf 79' lang='lat' dir='ltr'><strong>Narrat</strong></span> <span class='ocrx_word' id='word_1_112' title='bbox 1102 2174 1216 2229; x_wconf 83' lang='lat' dir='ltr'><strong>fere</strong></span> <span class='ocrx_word' id='word_1_113' title='bbox 1258 2176 1527 2229; x_wconf 90' lang='lat' dir='ltr'><strong>contraria</strong></span> <span class='ocrx_word' id='word_1_114' title='bbox 1562 2176 1815 2232; x_wconf 87' lang='lat' dir='ltr'><strong>omnibus</strong></span> <span class='ocrx_word' id='word_1_115' title='bbox 1859 2178 2035 2233; x_wconf 79' lang='lat' dir='ltr'><strong>eccle-</strong></span> 
     </span>
    </p>
   </div>
   <div class='ocr_carea' id='block_1_21' title="bbox 454 2264 2037 2337">
    <p class='ocr_par' dir='ltr' id='par_1_21' title="bbox 454 2264 2037 2337">
     <span class='ocr_line' id='line_1_21' title="bbox 454 2264 2037 2337; baseline 0.001 -16"><span class='ocrx_word' id='word_1_116' title='bbox 454 2268 693 2322; x_wconf 82' lang='lat' dir='ltr'><strong>slastieis</strong></span> <span class='ocrx_word' id='word_1_117' title='bbox 750 2266 1048 2328; x_wconf 87' lang='lat' dir='ltr'><strong>historicis,</strong></span> <span class='ocrx_word' id='word_1_118' title='bbox 1092 2264 1340 2319; x_wconf 87' lang='lat' dir='ltr'><strong>laudibus</strong></span> <span class='ocrx_word' id='word_1_119' title='bbox 1385 2266 1669 2329; x_wconf 84' lang='lat' dir='ltr'><strong>extollens,</strong></span> <span class='ocrx_word' id='word_1_120' title='bbox 1704 2283 1842 2337; x_wconf 89' lang='lat' dir='ltr'><strong>quos</strong></span> <span class='ocrx_word' id='word_1_121' title='bbox 1888 2268 2037 2323; x_wconf 87' lang='lat' dir='ltr'><strong>novit</strong></span> 
     </span>
    </p>
   </div>
   <div class='ocr_carea' id='block_1_22' title="bbox 456 2356 2036 2426">
    <p class='ocr_par' dir='ltr' id='par_1_22' title="bbox 456 2356 2036 2426">
     <span class='ocr_line' id='line_1_22' title="bbox 456 2356 2036 2426; baseline 0 -14"><span class='ocrx_word' id='word_1_122' title='bbox 456 2360 765 2412; x_wconf 78' lang='lat' dir='ltr'><strong>Ariunismo</strong></span> <span class='ocrx_word' id='word_1_123' title='bbox 799 2356 1049 2420; x_wconf 80' lang='lat' dir='ltr'><strong>infectos,</strong></span> <span class='ocrx_word' id='word_1_124' title='bbox 1077 2364 1133 2409; x_wconf 91' lang='lat' dir='ltr'><strong>et</strong></span> <span class='ocrx_word' id='word_1_125' title='bbox 1162 2356 1420 2410; x_wconf 82' lang='lat' dir='ltr'><strong>conviciis</strong></span> <span class='ocrx_word' id='word_1_126' title='bbox 1451 2357 1784 2412; x_wconf 89' lang='lat' dir='ltr'><strong>orthodoxos</strong></span> <span class='ocrx_word' id='word_1_127' title='bbox 1812 2358 2036 2426; x_wconf 75' lang='lat' dir='ltr'><strong>perfun-</strong></span> 
     </span>
    </p>
   </div>
   <div class='ocr_carea' id='block_1_23' title="bbox 457 2448 2039 2516">
    <p class='ocr_par' dir='ltr' id='par_1_23' title="bbox 457 2448 2039 2516">
     <span class='ocr_line' id='line_1_23' title="bbox 457 2448 2039 2516; baseline 0 -13"><span class='ocrx_word' id='word_1_128' title='bbox 457 2452 591 2505; x_wconf 88' lang='lat' dir='ltr'><strong>dens</strong></span> <span class='ocrx_word' id='word_1_129' title='bbox 628 2469 640 2503; x_wconf 94' lang='lat'><strong>:</strong></span> <span class='ocrx_word' id='word_1_130' title='bbox 672 2459 881 2503; x_wconf 85' lang='lat' dir='ltr'><strong>utesse</strong></span> <span class='ocrx_word' id='word_1_131' title='bbox 928 2449 1030 2503; x_wconf 93' lang='lat' dir='ltr'><strong>hoc</strong></span> <span class='ocrx_word' id='word_1_132' title='bbox 1070 2448 1189 2516; x_wconf 84' lang='lat' dir='ltr'><strong>ejus</strong></span> <span class='ocrx_word' id='word_1_133' title='bbox 1237 2462 1373 2516; x_wconf 90' lang='lat' dir='ltr'><strong>opus</strong></span> <span class='ocrx_word' id='word_1_134' title='bbox 1414 2463 1522 2502; x_wconf 92' lang='lat' dir='ltr'><strong>non</strong></span> <span class='ocrx_word' id='word_1_135' title='bbox 1559 2458 1664 2502; x_wconf 89' lang='lat' dir='ltr'><strong>tam</strong></span> <span class='ocrx_word' id='word_1_136' title='bbox 1697 2450 1921 2504; x_wconf 75' lang='lat' dir='ltr'><strong>historia</strong></span> <span class='ocrx_word' id='word_1_137' title='bbox 1957 2451 2039 2504; x_wconf 55' lang='lat' dir='ltr'><strong>vi-</strong></span> 
     </span>
    </p>
   </div>
   <div class='ocr_carea' id='block_1_24' title="bbox 461 2539 2041 2609">
    <p class='ocr_par' dir='ltr' id='par_1_24' title="bbox 461 2539 2041 2609">
     <span class='ocr_line' id='line_1_24' title="bbox 461 2539 2041 2609; baseline 0.001 -13"><span class='ocrx_word' id='word_1_138' title='bbox 461 2544 672 2605; x_wconf 89' lang='lat' dir='ltr'><strong>deatur,</strong></span> <span class='ocrx_word' id='word_1_139' title='bbox 708 2557 868 2609; x_wconf 87' lang='lat' dir='ltr'><strong>quam</strong></span> <span class='ocrx_word' id='word_1_140' title='bbox 917 2541 1295 2596; x_wconf 71' lang='lat' dir='ltr'><strong>haereticorum</strong></span> <span class='ocrx_word' id='word_1_141' title='bbox 1333 2539 1593 2605; x_wconf 88' lang='lat' dir='ltr'><strong>laudatio,</strong></span> <span class='ocrx_word' id='word_1_142' title='bbox 1627 2555 1747 2596; x_wconf 90' lang='lat' dir='ltr'><strong>cum</strong></span> <span class='ocrx_word' id='word_1_143' title='bbox 1799 2544 1937 2596; x_wconf 73' lang='grc' dir='ltr'>ιιιιιιιι</span> <span class='ocrx_word' id='word_1_144' title='bbox 1985 2553 2041 2598; x_wconf 89' lang='lat' dir='ltr'><strong>et</strong></span> 
     </span>
    </p>
   </div>
   <div class='ocr_carea' id='block_1_25' title="bbox 460 2633 2041 2703">
    <p class='ocr_par' dir='ltr' id='par_1_25' title="bbox 460 2633 2041 2703">
     <span class='ocr_line' id='line_1_25' title="bbox 460 2633 2041 2703; baseline 0.001 -16"><span class='ocrx_word' id='word_1_145' title='bbox 460 2648 611 2689; x_wconf 75' lang='lat' dir='ltr'><strong>mera</strong></span> <span class='ocrx_word' id='word_1_146' title='bbox 659 2634 1061 2703; x_wconf 88' lang='lat' dir='ltr'><strong>vituperatione</strong></span> <span class='ocrx_word' id='word_1_147' title='bbox 1110 2643 1275 2701; x_wconf 87' lang='lat' dir='ltr'><strong>atque</strong></span> <span class='ocrx_word' id='word_1_148' title='bbox 1332 2635 1678 2687; x_wconf 87' lang='lat' dir='ltr'><strong>accusatione</strong></span> <span class='ocrx_word' id='word_1_149' title='bbox 1730 2633 2041 2689; x_wconf 85' lang='lat' dir='ltr'><strong>Catholico-</strong></span> 
     </span>
    </p>
   </div>
   <div class='ocr_carea' id='block_1_26' title="bbox 463 2726 2039 2797">
    <p class='ocr_par' dir='ltr' id='par_1_26' title="bbox 463 2726 2039 2797">
     <span class='ocr_line' id='line_1_26' title="bbox 463 2726 2039 2797; baseline 0.001 -16"><span class='ocrx_word' id='word_1_150' title='bbox 463 2742 605 2783; x_wconf 90' lang='lat' dir='ltr'><strong>rum.</strong></span> <span class='ocrx_word' id='word_1_151' title='bbox 646 2726 832 2797; x_wconf 87' lang='lat' dir='ltr'><strong>Stylus</strong></span> <span class='ocrx_word' id='word_1_152' title='bbox 878 2726 954 2780; x_wconf 90' lang='lat' dir='ltr'><strong>illi</strong></span> <span class='ocrx_word' id='word_1_153' title='bbox 1006 2726 1295 2796; x_wconf 88' lang='lat' dir='ltr'><strong>comptior,</strong></span> <span class='ocrx_word' id='word_1_154' title='bbox 1325 2732 1380 2780; x_wconf 92' lang='lat' dir='ltr'><strong>et</strong></span> <span class='ocrx_word' id='word_1_155' title='bbox 1429 2726 1658 2795; x_wconf 86' lang='lat' dir='ltr'><strong>poeticis</strong></span> <span class='ocrx_word' id='word_1_156' title='bbox 1700 2727 1818 2781; x_wconf 90' lang='lat' dir='ltr'><strong>sine</strong></span> <span class='ocrx_word' id='word_1_157' title='bbox 1861 2727 2039 2789; x_wconf 67' lang='lat' dir='ltr'><strong>taedio,</strong></span> 
     </span>
    </p>
   </div>
   <div class='ocr_carea' id='block_1_27' title="bbox 462 2814 2046 2887">
    <p class='ocr_par' dir='ltr' id='par_1_27' title="bbox 462 2814 2046 2887">
     <span class='ocr_line' id='line_1_27' title="bbox 462 2814 2046 2887; baseline 0 -16"><span class='ocrx_word' id='word_1_158' title='bbox 462 2818 793 2885; x_wconf 85' lang='lat' dir='ltr'><strong>minimeque</strong></span> <span class='ocrx_word' id='word_1_159' title='bbox 844 2817 1072 2885; x_wconf 79' lang='lat' dir='ltr'><strong>ingratis</strong></span> <span class='ocrx_word' id='word_1_160' title='bbox 1114 2818 1337 2870; x_wconf 81' lang='lat' dir='ltr'><strong>vocibus</strong></span> <span class='ocrx_word' id='word_1_161' title='bbox 1378 2816 1569 2870; x_wconf 89' lang='lat' dir='ltr'><strong>utitur.</strong></span> <span class='ocrx_word' id='word_1_162' title='bbox 1612 2814 1775 2886; x_wconf 88' lang='lat' dir='ltr'><strong>Tropi</strong></span> <span class='ocrx_word' id='word_1_163' title='bbox 1830 2832 2046 2887; x_wconf 84' lang='lat' dir='ltr'><strong>quoque</strong></span> 
     </span>
    </p>
   </div>
   <div class='ocr_carea' id='block_1_28' title="bbox 470 2905 2043 2975">
    <p class='ocr_par' dir='ltr' id='par_1_28' title="bbox 470 2905 2043 2975">
     <span class='ocr_line' id='line_1_28' title="bbox 470 2905 2043 2975; baseline 0.001 -17"><span class='ocrx_word' id='word_1_164' title='bbox 470 2922 534 2960; x_wconf 81' lang='lat' dir='ltr'><strong>ac</strong></span> <span class='ocrx_word' id='word_1_165' title='bbox 596 2907 757 2960; x_wconf 89' lang='lat' dir='ltr'><strong>verba</strong></span> <span class='ocrx_word' id='word_1_166' title='bbox 800 2905 1187 2975; x_wconf 83' lang='lat' dir='ltr'><strong>signiﬁcantia,</strong></span> <span class='ocrx_word' id='word_1_167' title='bbox 1258 2906 1486 2975; x_wconf 82' lang='lat' dir='ltr'><strong>gratiam</strong></span> <span class='ocrx_word' id='word_1_168' title='bbox 1532 2905 1634 2973; x_wconf 90' lang='lat' dir='ltr'><strong>ipsi</strong></span> <span class='ocrx_word' id='word_1_169' title='bbox 1684 2920 1807 2960; x_wconf 92' lang='lat' dir='ltr'><strong>cum</strong></span> <span class='ocrx_word' id='word_1_170' title='bbox 1847 2907 2043 2975; x_wconf 80' lang='lat' dir='ltr'><strong>jucun-</strong></span> 
     </span>
    </p>
   </div>
   <div class='ocr_carea' id='block_1_29' title="bbox 463 2996 2043 3069">
    <p class='ocr_par' dir='ltr' id='par_1_29' title="bbox 463 2996 2043 3069">
     <span class='ocr_line' id='line_1_29' title="bbox 463 2996 2043 3069; baseline 0.003 -20"><span class='ocrx_word' id='word_1_171' title='bbox 463 2999 631 3051; x_wconf 72' lang='lat' dir='ltr'><strong>tlitate</strong></span> <span class='ocrx_word' id='word_1_172' title='bbox 662 2996 957 3051; x_wconf 88' lang='lat' dir='ltr'><strong>conciliant</strong></span> <span class='ocrx_word' id='word_1_173' title='bbox 990 3014 1006 3051; x_wconf 88' lang='lat'><strong>:</strong></span> <span class='ocrx_word' id='word_1_174' title='bbox 1044 2996 1144 3051; x_wconf 90' lang='lat' dir='ltr'><strong>nisi</strong></span> <span class='ocrx_word' id='word_1_175' title='bbox 1177 2998 1318 3066; x_wconf 91' lang='lat' dir='ltr'><strong>quod</strong></span> <span class='ocrx_word' id='word_1_176' title='bbox 1353 2996 1622 3051; x_wconf 90' lang='lat' dir='ltr'><strong>interdum</strong></span> <span class='ocrx_word' id='word_1_177' title='bbox 1655 3007 1859 3053; x_wconf 88' lang='lat' dir='ltr'><strong>temere</strong></span> <span class='ocrx_word' id='word_1_178' title='bbox 1888 2999 2043 3069; x_wconf 87' lang='lat' dir='ltr'><strong>ipsis,</strong></span> 
     </span>
    </p>
   </div>
   <div class='ocr_carea' id='block_1_30' title="bbox 465 3086 2045 3159">
    <p class='ocr_par' dir='ltr' id='par_1_30' title="bbox 465 3086 2045 3159">
     <span class='ocr_line' id='line_1_30' title="bbox 465 3086 2045 3159; baseline 0.005 -22"><span class='ocrx_word' id='word_1_179' title='bbox 465 3086 549 3139; x_wconf 77' lang='lat' dir='ltr'><strong>vel</strong></span> <span class='ocrx_word' id='word_1_180' title='bbox 582 3087 807 3140; x_wconf 88' lang='lat' dir='ltr'><strong>nimium</strong></span> <span class='ocrx_word' id='word_1_181' title='bbox 839 3088 1067 3142; x_wconf 88' lang='lat' dir='ltr'><strong>detortis</strong></span> <span class='ocrx_word' id='word_1_182' title='bbox 1104 3088 1322 3151; x_wconf 90' lang='lat' dir='ltr'><strong>utendo,</strong></span> <span class='ocrx_word' id='word_1_183' title='bbox 1355 3087 1408 3141; x_wconf 92' lang='lat' dir='ltr'><strong>iu</strong></span> <span class='ocrx_word' id='word_1_184' title='bbox 1448 3086 1701 3159; x_wconf 76' lang='lat' dir='ltr'><strong>frigidum</strong></span> <span class='ocrx_word' id='word_1_185' title='bbox 1742 3097 1796 3141; x_wconf 88' lang='lat' dir='ltr'><strong>et</strong></span> <span class='ocrx_word' id='word_1_186' title='bbox 1840 3090 2045 3159; x_wconf 85' lang='lat' dir='ltr'><strong>impor-</strong></span> 
     </span>
    </p>
   </div>
   <div class='ocr_carea' id='block_1_31' title="bbox 2130 534 3709 607">
    <p class='ocr_par' dir='ltr' id='par_1_31' title="bbox 2130 534 3709 607">
     <span class='ocr_line' id='line_1_31' title="bbox 2130 534 3709 607; baseline -0.001 -19"><span class='ocrx_word' id='word_1_187' title='bbox 2130 552 2231 589; x_wconf 89' lang='grc' dir='ltr'><strong>πον</strong></span> <span class='ocrx_word' id='word_1_188' title='bbox 2275 537 2375 600; x_wconf 86' lang='grc' dir='ltr'><strong>τὰς</strong></span> <span class='ocrx_word' id='word_1_189' title='bbox 2428 536 2779 607; x_wconf 81' lang='grc' dir='ltr'>ἀλληγορίας,</span> <span class='ocrx_word' id='word_1_190' title='bbox 2841 537 2937 589; x_wconf 61' lang='grc' dir='ltr'>κεῖ</span> <span class='ocrx_word' id='word_1_191' title='bbox 2990 535 3133 589; x_wconf 80' lang='grc' dir='ltr'><strong>κατά</strong></span> <span class='ocrx_word' id='word_1_192' title='bbox 3180 536 3281 607; x_wconf 77' lang='grc' dir='ltr'>τὴν</span> <span class='ocrx_word' id='word_1_193' title='bbox 3335 534 3578 605; x_wconf 73' lang='grc' dir='ltr'><strong>ἱστορίαν</strong></span> <span class='ocrx_word' id='word_1_194' title='bbox 3608 534 3709 605; x_wconf 69' lang='grc' dir='ltr'>τὴν</span> 
     </span>
    </p>
   </div>
   <div class='ocr_carea' id='block_1_32' title="bbox 2130 624 3707 699">
    <p class='ocr_par' dir='ltr' id='par_1_32' title="bbox 2130 624 3707 699">
     <span class='ocr_line' id='line_1_32' title="bbox 2130 624 3707 699; baseline 0 -18"><span class='ocrx_word' id='word_1_195' title='bbox 2130 626 2429 699; x_wconf 78' lang='grc' dir='ltr'><strong>ἑρμηνείαν</strong></span> <span class='ocrx_word' id='word_1_196' title='bbox 2488 629 2832 697; x_wconf 81' lang='grc' dir='ltr'>ποιούμενος.</span> <span class='ocrx_word' id='word_1_197' title='bbox 2886 626 3213 694; x_wconf 82' lang='grc' dir='ltr'>Ταυτολογεϊ</span> <span class='ocrx_word' id='word_1_198' title='bbox 3242 625 3302 679; x_wconf 79' lang='grc' dir='ltr'>δὲ</span> <span class='ocrx_word' id='word_1_199' title='bbox 3332 624 3401 679; x_wconf 81' lang='grc' dir='ltr'><strong>τά</strong></span> <span class='ocrx_word' id='word_1_200' title='bbox 3452 626 3707 681; x_wconf 68' lang='grc' dir='ltr'>π’λεῖστα.</span> 
     </span>
    </p>
   </div>
   <div class='ocr_carea' id='block_1_33' title="bbox 2130 717 3710 793">
    <p class='ocr_par' dir='ltr' id='par_1_33' title="bbox 2130 717 3710 793">
     <span class='ocr_line' id='line_1_33' title="bbox 2130 717 3710 793; baseline -0.001 -21"><span class='ocrx_word' id='word_1_201' title='bbox 2130 720 2226 772; x_wconf 66' lang='grc' dir='ltr'>καὶ</span> <span class='ocrx_word' id='word_1_202' title='bbox 2251 719 2448 790; x_wconf 86' lang='grc' dir='ltr'>ἄχαρίς</span> <span class='ocrx_word' id='word_1_203' title='bbox 2478 736 2594 784; x_wconf 73' lang='grc' dir='ltr'><strong>πως</strong></span> <span class='ocrx_word' id='word_1_204' title='bbox 2625 720 2716 773; x_wconf 83' lang='grc' dir='ltr'>καὶ</span> <span class='ocrx_word' id='word_1_205' title='bbox 2752 720 2923 793; x_wconf 84' lang='grc' dir='ltr'>ἀηδὴς</span> <span class='ocrx_word' id='word_1_206' title='bbox 2966 717 3107 774; x_wconf 76' lang='grc' dir='ltr'>εἶναι</span> <span class='ocrx_word' id='word_1_207' title='bbox 3154 720 3323 783; x_wconf 85' lang='grc' dir='ltr'>δοκεῖ,</span> <span class='ocrx_word' id='word_1_208' title='bbox 3355 719 3494 774; x_wconf 83' lang='grc' dir='ltr'>ἀλλὰ</span> <span class='ocrx_word' id='word_1_209' title='bbox 3522 720 3616 772; x_wconf 68' lang='grc' dir='ltr'>καὶ</span> <span class='ocrx_word' id='word_1_210' title='bbox 3648 720 3710 772; x_wconf 73' lang='grc' dir='ltr'><strong>τὸ</strong></span> 
     </span>
    </p>
   </div>
   <div class='ocr_carea' id='block_1_34' title="bbox 2130 809 3707 883">
    <p class='ocr_par' dir='ltr' id='par_1_34' title="bbox 2130 809 3707 883">
     <span class='ocr_line' id='line_1_34' title="bbox 2130 809 3707 883; baseline 0 -21"><span class='ocrx_word' id='word_1_211' title='bbox 2130 810 2425 881; x_wconf 76' lang='grc' dir='ltr'>Νεστορίω</span> <span class='ocrx_word' id='word_1_212' title='bbox 2464 809 2659 881; x_wconf 85' lang='grc' dir='ltr'>δόγμα,</span> <span class='ocrx_word' id='word_1_213' title='bbox 2686 812 2736 863; x_wconf 78' lang='grc' dir='ltr'>εἰ</span> <span class='ocrx_word' id='word_1_214' title='bbox 2763 812 2858 864; x_wconf 79' lang='grc' dir='ltr'>καὶ</span> <span class='ocrx_word' id='word_1_215' title='bbox 2895 811 3003 883; x_wconf 81' lang='grc' dir='ltr'>πρὸ</span> <span class='ocrx_word' id='word_1_216' title='bbox 3058 811 3356 882; x_wconf 87' lang='grc' dir='ltr'>Νεστορίου</span> <span class='ocrx_word' id='word_1_217' title='bbox 3433 810 3707 881; x_wconf 80' lang='grc' dir='ltr'>ὑπῆρχεν,</span> 
     </span>
    </p>
   </div>
   <div class='ocr_carea' id='block_1_35' title="bbox 2134 896 3707 973">
    <p class='ocr_par' dir='ltr' id='par_1_35' title="bbox 2134 896 3707 973">
     <span class='ocr_line' id='line_1_35' title="bbox 2134 896 3707 973; baseline 0.001 -18"><span class='ocrx_word' id='word_1_218' title='bbox 2134 901 2598 973; x_wconf 62' lang='grc' dir='ltr'>ὐπερευγόμενδς.</span> <span class='ocrx_word' id='word_1_219' title='bbox 2646 896 2817 966; x_wconf 74' lang='grc' dir='ltr'>Οὗτος</span> <span class='ocrx_word' id='word_1_220' title='bbox 2843 902 2901 956; x_wconf 81' lang='grc' dir='ltr'>δέ</span> <span class='ocrx_word' id='word_1_221' title='bbox 2951 905 3099 956; x_wconf 76' lang='grc' dir='ltr'>ἐστιν</span> <span class='ocrx_word' id='word_1_222' title='bbox 3127 905 3155 957; x_wconf 84' lang='grc' dir='ltr'>ὁ</span> <span class='ocrx_word' id='word_1_223' title='bbox 3184 903 3589 973; x_wconf 79' lang='grc' dir='ltr'>Μοψουεστίας,</span> <span class='ocrx_word' id='word_1_224' title='bbox 3645 902 3707 957; x_wconf 86' lang='grc' dir='ltr'>δν</span> 
     </span>
    </p>
   </div>
   <div class='ocr_carea' id='block_1_36' title="bbox 2130 994 3710 1067">
    <p class='ocr_par' dir='ltr' id='par_1_36' title="bbox 2130 994 3710 1067">
     <span class='ocr_line' id='line_1_36' title="bbox 2130 994 3710 1067; baseline 0.002 -20"><span class='ocrx_word' id='word_1_225' title='bbox 2130 995 2227 1048; x_wconf 73' lang='grc' dir='ltr'>καὶ</span> <span class='ocrx_word' id='word_1_226' title='bbox 2254 995 2522 1059; x_wconf 82' lang='grc' dir='ltr'><strong>πλείστας</strong></span> <span class='ocrx_word' id='word_1_227' title='bbox 2567 994 2801 1058; x_wconf 82' lang='grc' dir='ltr'><strong>εὐθύνας</strong></span> <span class='ocrx_word' id='word_1_228' title='bbox 2837 995 3090 1067; x_wconf 82' lang='grc' dir='ltr'><strong>Ἰωάννης</strong></span> <span class='ocrx_word' id='word_1_229' title='bbox 3114 996 3143 1049; x_wconf 78' lang='grc' dir='ltr'><strong>ὁ</strong></span> <span class='ocrx_word' id='word_1_230' title='bbox 3169 996 3481 1061; x_wconf 72' lang='grc' dir='ltr'>Φιλόπονος,</span> <span class='ocrx_word' id='word_1_231' title='bbox 3509 995 3581 1059; x_wconf 81' lang='grc' dir='ltr'>ὡς</span> <span class='ocrx_word' id='word_1_232' title='bbox 3609 996 3710 1050; x_wconf 84' lang='grc' dir='ltr'><strong>αὐ-</strong></span> 
     </span>
    </p>
   </div>
   <div class='ocr_carea' id='block_1_37' title="bbox 2130 1087 3711 1159">
    <p class='ocr_par' dir='ltr' id='par_1_37' title="bbox 2130 1087 3711 1159">
     <span class='ocr_line' id='line_1_37' title="bbox 2130 1087 3711 1159; baseline -0.001 -18"><span class='ocrx_word' id='word_1_233' title='bbox 2130 1087 2221 1151; x_wconf 72' lang='grc' dir='ltr'>τὸς</span> <span class='ocrx_word' id='word_1_234' title='bbox 2249 1103 2405 1157; x_wconf 82' lang='grc' dir='ltr'>φησι,</span> <span class='ocrx_word' id='word_1_235' title='bbox 2458 1088 2557 1156; x_wconf 87' lang='grc' dir='ltr'>τῆς</span> <span class='ocrx_word' id='word_1_236' title='bbox 2603 1087 2863 1158; x_wconf 80' lang='grc' dir='ltr'><strong>τοιαύτης</strong></span> <span class='ocrx_word' id='word_1_237' title='bbox 2890 1087 3189 1159; x_wconf 70' lang='grc' dir='ltr'><strong>ἑρμηνείας</strong></span> <span class='ocrx_word' id='word_1_238' title='bbox 3222 1090 3281 1141; x_wconf 82' lang='grc' dir='ltr'><strong>ὲν</strong></span> <span class='ocrx_word' id='word_1_239' title='bbox 3310 1088 3494 1158; x_wconf 86' lang='grc' dir='ltr'>οίκείῳ</span> <span class='ocrx_word' id='word_1_240' title='bbox 3525 1087 3604 1159; x_wconf 82' lang='grc' dir='ltr'><strong>τῷ</strong></span> <span class='ocrx_word' id='word_1_241' title='bbox 3626 1090 3711 1151; x_wconf 83' lang='grc' dir='ltr'><strong>εἰς</strong></span> 
     </span>
    </p>
   </div>
   <div class='ocr_carea' id='block_1_38' title="bbox 2129 1180 3708 1253">
    <p class='ocr_par' dir='ltr' id='par_1_38' title="bbox 2129 1180 3708 1253">
     <span class='ocr_line' id='line_1_38' title="bbox 2129 1180 3708 1253; baseline -0.001 -20"><span class='ocrx_word' id='word_1_242' title='bbox 2129 1180 2229 1253; x_wconf 80' lang='grc' dir='ltr'>τὴν</span> <span class='ocrx_word' id='word_1_243' title='bbox 2266 1182 2444 1234; x_wconf 85' lang='grc' dir='ltr'><strong>κτίσιν</strong></span> <span class='ocrx_word' id='word_1_244' title='bbox 2495 1182 2772 1252; x_wconf 84' lang='grc' dir='ltr'>πονήματι</span> <span class='ocrx_word' id='word_1_245' title='bbox 2796 1180 3011 1253; x_wconf 65' lang='grc' dir='ltr'>ἐδείχθη</span> <span class='ocrx_word' id='word_1_246' title='bbox 3047 1180 3352 1242; x_wconf 79' lang='grc' dir='ltr'><strong>σπουδαίως</strong></span> <span class='ocrx_word' id='word_1_247' title='bbox 3380 1180 3708 1247; x_wconf 69' lang='grc' dir='ltr'>είσπραττό-</span> 
     </span>
    </p>
   </div>
   <div class='ocr_carea' id='block_1_39' title="bbox 2134 1289 2316 1343">
    <p class='ocr_par' dir='ltr' id='par_1_39' title="bbox 2134 1289 2316 1343">
     <span class='ocr_line' id='line_1_39' title="bbox 2134 1289 2316 1343; baseline 0 -18"><span class='ocrx_word' id='word_1_248' title='bbox 2134 1289 2316 1343; x_wconf 89' lang='grc' dir='ltr'>μενος.</span> 
     </span>
    </p>
   </div>
   <div class='ocr_carea' id='block_1_40' title="bbox 2823 1367 2947 1422">
    <p class='ocr_par' dir='ltr' id='par_1_40' title="bbox 2823 1367 2947 1422">
     <span class='ocr_line' id='line_1_40' title="bbox 2823 1367 2947 1422; baseline 0.016 -2"><span class='ocrx_word' id='word_1_249' title='bbox 2823 1367 2947 1422; x_wconf 86' lang='grc' dir='ltr'><strong>ΛΘ’.</strong></span> 
     </span>
    </p>
   </div>
   <div class='ocr_carea' id='block_1_41' title="bbox 2144 1456 3713 1527">
    <p class='ocr_par' dir='ltr' id='par_1_41' title="bbox 2144 1456 3713 1527">
     <span class='ocr_line' id='line_1_41' title="bbox 2144 1456 3713 1527; baseline 0 -17"><span class='ocrx_word' id='word_1_250' title='bbox 2144 1457 2451 1513; x_wconf 78' lang='grc' dir='ltr'>Ἐυσεϐίου</span> <span class='ocrx_word' id='word_1_251' title='bbox 2480 1456 2589 1511; x_wconf 84' lang='grc' dir='ltr'>τοῦ</span> <span class='ocrx_word' id='word_1_252' title='bbox 2627 1458 2943 1527; x_wconf 71' lang='grc' dir='ltr'>Παμφίλου</span> <span class='ocrx_word' id='word_1_253' title='bbox 2981 1457 3131 1525; x_wconf 82' lang='grc' dir='ltr'>πρὸς</span> <span class='ocrx_word' id='word_1_254' title='bbox 3160 1456 3303 1522; x_wconf 79' lang='grc' dir='ltr'>τοὺς</span> <span class='ocrx_word' id='word_1_255' title='bbox 3332 1456 3485 1524; x_wconf 82' lang='grc' dir='ltr'>ὑπὲρ</span> <span class='ocrx_word' id='word_1_256' title='bbox 3514 1456 3713 1510; x_wconf 69' lang='grc' dir='ltr'>Ἀπολ-</span> 
     </span>
    </p>
   </div>
   <div class='ocr_carea' id='block_1_42' title="bbox 2259 1528 3573 1596">
    <p class='ocr_par' dir='ltr' id='par_1_42' title="bbox 2259 1528 3573 1596">
     <span class='ocr_line' id='line_1_42' title="bbox 2259 1528 3573 1596; baseline 0 -15"><span class='ocrx_word' id='word_1_257' title='bbox 2259 1530 2483 1581; x_wconf 69' lang='grc' dir='ltr'>λωνίου</span> <span class='ocrx_word' id='word_1_258' title='bbox 2506 1528 2614 1581; x_wconf 81' lang='grc' dir='ltr'>τοῦ</span> <span class='ocrx_word' id='word_1_259' title='bbox 2645 1528 2911 1593; x_wconf 81' lang='grc' dir='ltr'><strong>Τυανέως</strong></span> <span class='ocrx_word' id='word_1_260' title='bbox 2954 1528 3311 1595; x_wconf 71' lang='grc' dir='ltr'><strong>Ἱεροκλέους</strong></span> <span class='ocrx_word' id='word_1_261' title='bbox 3333 1529 3573 1596; x_wconf 74' lang='grc' dir='ltr'>λόγους.</span> 
     </span>
    </p>
   </div>
   <div class='ocr_carea' id='block_1_43' title="bbox 2214 1618 3707 1690">
    <p class='ocr_par' dir='ltr' id='par_1_43' title="bbox 2214 1618 3707 1690">
     <span class='ocr_line' id='line_1_43' title="bbox 2214 1618 3707 1690; baseline -0.003 -17"><span class='ocrx_word' id='word_1_262' title='bbox 2214 1618 2553 1690; x_wconf 83' lang='grc' dir='ltr'>Ἀνεγνὼσθη</span> <span class='ocrx_word' id='word_1_263' title='bbox 2587 1619 2846 1672; x_wconf 80' lang='grc' dir='ltr'>Εὐσεὸίου</span> <span class='ocrx_word' id='word_1_264' title='bbox 2863 1618 2957 1672; x_wconf 83' lang='grc' dir='ltr'><strong>τοῦ</strong></span> <span class='ocrx_word' id='word_1_265' title='bbox 2991 1618 3280 1689; x_wconf 82' lang='grc' dir='ltr'>Παμφίλου</span> <span class='ocrx_word' id='word_1_266' title='bbox 3307 1619 3707 1671; x_wconf 84' lang='grc' dir='ltr'>ἀνασκευαστι-</span> 
     </span>
    </p>
   </div>
   <div class='ocr_carea' id='block_1_44' title="bbox 2132 1708 3714 1783">
    <p class='ocr_par' dir='ltr' id='par_1_44' title="bbox 2132 1708 3714 1783">
     <span class='ocr_line' id='line_1_44' title="bbox 2132 1708 3714 1783; baseline -0.002 -18"><span class='ocrx_word' id='word_1_267' title='bbox 2132 1711 2228 1765; x_wconf 69' lang='grc' dir='ltr'><strong>κᾶν</strong></span> <span class='ocrx_word' id='word_1_268' title='bbox 2281 1710 2611 1781; x_wconf 79' lang='grc' dir='ltr'>βιϐλιδάριον</span> <span class='ocrx_word' id='word_1_269' title='bbox 2665 1709 2802 1780; x_wconf 84' lang='grc' dir='ltr'>πρὸς</span> <span class='ocrx_word' id='word_1_270' title='bbox 2854 1711 2982 1774; x_wconf 82' lang='grc' dir='ltr'>τοὺς</span> <span class='ocrx_word' id='word_1_271' title='bbox 3024 1710 3168 1783; x_wconf 78' lang='grc' dir='ltr'>ὑπὲρ</span> <span class='ocrx_word' id='word_1_272' title='bbox 3211 1709 3567 1765; x_wconf 72' lang='grc' dir='ltr'>Ἀπολλωνίου</span> <span class='ocrx_word' id='word_1_273' title='bbox 3615 1708 3714 1762; x_wconf 83' lang='grc' dir='ltr'><strong>τοῦ</strong></span> 
     </span>
    </p>
   </div>
   <div class='ocr_carea' id='block_1_45' title="bbox 2070 1801 3076 1875">
    <p class='ocr_par' dir='ltr' id='par_1_45' title="bbox 2070 1801 3076 1875">
     <span class='ocr_line' id='line_1_45' title="bbox 2070 1801 3076 1875; baseline 0.001 -18"><span class='ocrx_word' id='word_1_274' title='bbox 2070 1819 2112 1874; x_wconf 77' lang='grc' dir='ltr'><strong>Β</strong></span> <span class='ocrx_word' id='word_1_275' title='bbox 2141 1802 2397 1866; x_wconf 70' lang='grc' dir='ltr'>Τυανέως</span> <span class='ocrx_word' id='word_1_276' title='bbox 2438 1802 2771 1875; x_wconf 80' lang='grc' dir='ltr'><strong>Ἱεροκλέους</strong></span> <span class='ocrx_word' id='word_1_277' title='bbox 2786 1803 2834 1835; x_wconf 80' lang='grc'><strong>⁸⁸</strong></span> <span class='ocrx_word' id='word_1_278' title='bbox 2863 1801 3076 1871; x_wconf 82' lang='grc' dir='ltr'><strong>λόγους.</strong></span> 
     </span>
    </p>
   </div>
   <div class='ocr_carea' id='block_1_46' title="bbox 2858 1895 2949 1949">
    <p class='ocr_par' dir='ltr' id='par_1_46' title="bbox 2858 1895 2949 1949">
     <span class='ocr_line' id='line_1_46' title="bbox 2858 1895 2949 1949; baseline 0 0"><span class='ocrx_word' id='word_1_279' title='bbox 2858 1895 2949 1949; x_wconf 86' lang='grc' dir='ltr'>Μ’.</span> 
     </span>
    </p>
   </div>
   <div class='ocr_carea' id='block_1_47' title="bbox 2347 1984 3496 2053">
    <p class='ocr_par' dir='ltr' id='par_1_47' title="bbox 2347 1984 3496 2053">
     <span class='ocr_line' id='line_1_47' title="bbox 2347 1984 3496 2053; baseline 0.003 -15"><span class='ocrx_word' id='word_1_280' title='bbox 2347 1984 3105 2053; x_wconf 68' lang='grc' dir='ltr'>Φιλοστορτίουᾊρειανοῦ</span> <span class='ocrx_word' id='word_1_281' title='bbox 3146 1985 3496 2053; x_wconf 81' lang='grc' dir='ltr'>Ἰστορικόν.</span> 
     </span>
    </p>
   </div>
   <div class='ocr_carea' id='block_1_48' title="bbox 2201 2075 3720 2149">
    <p class='ocr_par' dir='ltr' id='par_1_48' title="bbox 2201 2075 3720 2149">
     <span class='ocr_line' id='line_1_48' title="bbox 2201 2075 3720 2149; baseline -0.001 -17"><span class='ocrx_word' id='word_1_282' title='bbox 2201 2078 2542 2147; x_wconf 81' lang='grc' dir='ltr'>Ἀνεγνώσθη</span> <span class='ocrx_word' id='word_1_283' title='bbox 2563 2077 2655 2149; x_wconf 74' lang='grc'><strong>[25</strong></span> <span class='ocrx_word' id='word_1_284' title='bbox 2670 2075 2760 2148; x_wconf 71' lang='lat' dir='ltr'><strong>R.)</strong></span> <span class='ocrx_word' id='word_1_285' title='bbox 2776 2075 3461 2147; x_wconf 77' lang='grc' dir='ltr'>Φιλοστοργίου,Ἀρειανοῦ</span> <span class='ocrx_word' id='word_1_286' title='bbox 3474 2077 3571 2147; x_wconf 82' lang='grc' dir='ltr'><strong>τὴν</strong></span> <span class='ocrx_word' id='word_1_287' title='bbox 3588 2077 3720 2148; x_wconf 79' lang='grc' dir='ltr'>θρη-</span> 
     </span>
    </p>
   </div>
   <div class='ocr_carea' id='block_1_49' title="bbox 2136 2168 3719 2241">
    <p class='ocr_par' dir='ltr' id='par_1_49' title="bbox 2136 2168 3719 2241">
     <span class='ocr_line' id='line_1_49' title="bbox 2136 2168 3719 2241; baseline -0.002 -16"><span class='ocrx_word' id='word_1_288' title='bbox 2136 2175 2343 2238; x_wconf 78' lang='grc' dir='ltr'>σκείαν,</span> <span class='ocrx_word' id='word_1_289' title='bbox 2366 2172 2442 2234; x_wconf 84' lang='grc' dir='ltr'>ὡς</span> <span class='ocrx_word' id='word_1_290' title='bbox 2474 2170 2632 2241; x_wconf 84' lang='grc' dir='ltr'>δῆθεν</span> <span class='ocrx_word' id='word_1_291' title='bbox 2648 2168 3164 2237; x_wconf 72' lang='grc' dir='ltr'>Ἐκκλησιαστικὴ</span> <span class='ocrx_word' id='word_1_292' title='bbox 3198 2169 3469 2238; x_wconf 82' lang='grc' dir='ltr'>Ἱστορία.</span> <span class='ocrx_word' id='word_1_293' title='bbox 3488 2170 3719 2239; x_wconf 68' lang='grc' dir='ltr'>Ἱστορεῖ</span> 
     </span>
    </p>
   </div>
   <div class='ocr_carea' id='block_1_50' title="bbox 2136 2260 3719 2331">
    <p class='ocr_par' dir='ltr' id='par_1_50' title="bbox 2136 2260 3719 2331">
     <span class='ocr_line' id='line_1_50' title="bbox 2136 2260 3719 2331; baseline -0.001 -15"><span class='ocrx_word' id='word_1_294' title='bbox 2136 2262 2193 2316; x_wconf 77' lang='grc' dir='ltr'>δὲ</span> <span class='ocrx_word' id='word_1_295' title='bbox 2215 2262 2475 2317; x_wconf 87' lang='grc' dir='ltr'>τάναντία</span> <span class='ocrx_word' id='word_1_296' title='bbox 2490 2260 2675 2331; x_wconf 81' lang='grc' dir='ltr'>σχεδὸν</span> <span class='ocrx_word' id='word_1_297' title='bbox 2693 2261 2864 2315; x_wconf 74' lang='grc' dir='ltr'>ἅπασι</span> <span class='ocrx_word' id='word_1_298' title='bbox 2885 2262 2998 2323; x_wconf 83' lang='grc' dir='ltr'>τοῖς</span> <span class='ocrx_word' id='word_1_299' title='bbox 3020 2260 3495 2329; x_wconf 71' lang='grc' dir='ltr'>ἐκκλησιαστικαῖς</span> <span class='ocrx_word' id='word_1_300' title='bbox 3518 2263 3719 2330; x_wconf 55' lang='lat' dir='ltr'><strong>inops-</strong></span> 
     </span>
    </p>
   </div>
   <div class='ocr_carea' id='block_1_51' title="bbox 2138 2353 3717 2427">
    <p class='ocr_par' dir='ltr' id='par_1_51' title="bbox 2138 2353 3717 2427">
     <span class='ocr_line' id='line_1_51' title="bbox 2138 2353 3717 2427; baseline 0.001 -18"><span class='ocrx_word' id='word_1_301' title='bbox 2138 2358 2276 2417; x_wconf 77' lang='grc' dir='ltr'>κοῖς.</span> <span class='ocrx_word' id='word_1_302' title='bbox 2302 2355 2536 2427; x_wconf 81' lang='grc' dir='ltr'>Ἐξαίρει</span> <span class='ocrx_word' id='word_1_303' title='bbox 2553 2357 2678 2419; x_wconf 81' lang='grc' dir='ltr'>τοὺς</span> <span class='ocrx_word' id='word_1_304' title='bbox 2706 2353 3137 2426; x_wconf 77' lang='grc' dir='ltr'>Ἀρειανίζοντας</span> <span class='ocrx_word' id='word_1_305' title='bbox 3152 2354 3413 2419; x_wconf 72' lang='grc' dir='ltr'>ἅπαντας,</span> <span class='ocrx_word' id='word_1_306' title='bbox 3429 2356 3717 2426; x_wconf 83' lang='grc' dir='ltr'>λοιδορίαις</span> 
     </span>
    </p>
   </div>
   <div class='ocr_carea' id='block_1_52' title="bbox 2144 2441 3715 2518">
    <p class='ocr_par' dir='ltr' id='par_1_52' title="bbox 2144 2441 3715 2518">
     <span class='ocr_line' id='line_1_52' title="bbox 2144 2441 3715 2518; baseline 0 -17"><span class='ocrx_word' id='word_1_307' title='bbox 2144 2447 2337 2501; x_wconf 86' lang='grc' dir='ltr'>πλύνει</span> <span class='ocrx_word' id='word_1_308' title='bbox 2358 2449 2483 2512; x_wconf 74' lang='grc' dir='ltr'>τοὺς</span> <span class='ocrx_word' id='word_1_309' title='bbox 2510 2447 2842 2517; x_wconf 79' lang='grc' dir='ltr'>ὀρθοδόξους,</span> <span class='ocrx_word' id='word_1_310' title='bbox 2870 2447 2947 2510; x_wconf 83' lang='grc' dir='ltr'>ὡς</span> <span class='ocrx_word' id='word_1_311' title='bbox 2971 2441 3113 2499; x_wconf 75' lang='grc' dir='ltr'>εἶναι</span> <span class='ocrx_word' id='word_1_312' title='bbox 3141 2447 3240 2518; x_wconf 85' lang='grc' dir='ltr'>τὴν</span> <span class='ocrx_word' id='word_1_313' title='bbox 3271 2448 3513 2517; x_wconf 80' lang='grc' dir='ltr'>ἱστορίαν</span> <span class='ocrx_word' id='word_1_314' title='bbox 3547 2448 3715 2502; x_wconf 82' lang='grc' dir='ltr'>αὐτοῦ</span> 
     </span>
    </p>
   </div>
   <div class='ocr_carea' id='block_1_53' title="bbox 2151 2539 3718 2611">
    <p class='ocr_par' dir='ltr' id='par_1_53' title="bbox 2151 2539 3718 2611">
     <span class='ocr_line' id='line_1_53' title="bbox 2151 2539 3718 2611; baseline 0 -20"><span class='ocrx_word' id='word_1_315' title='bbox 2151 2541 2227 2611; x_wconf 80' lang='grc' dir='ltr'>μὴ</span> <span class='ocrx_word' id='word_1_316' title='bbox 2259 2541 2501 2610; x_wconf 76' lang='grc' dir='ltr'>ἱστορίαν</span> <span class='ocrx_word' id='word_1_317' title='bbox 2531 2539 2753 2610; x_wconf 83' lang='grc' dir='ltr'>μᾶλλον,</span> <span class='ocrx_word' id='word_1_318' title='bbox 2786 2539 2903 2593; x_wconf 87' lang='grc' dir='ltr'>ἀλλ’</span> <span class='ocrx_word' id='word_1_319' title='bbox 2927 2539 3202 2609; x_wconf 73' lang='grc' dir='ltr'>ἐγκώμιον</span> <span class='ocrx_word' id='word_1_320' title='bbox 3239 2540 3339 2609; x_wconf 83' lang='grc' dir='ltr'><strong>μὲν</strong></span> <span class='ocrx_word' id='word_1_321' title='bbox 3368 2539 3480 2592; x_wconf 83' lang='grc' dir='ltr'>τῶν</span> <span class='ocrx_word' id='word_1_322' title='bbox 3508 2540 3718 2609; x_wconf 66' lang='grc' dir='ltr'>αἱρετμ</span> 
     </span>
    </p>
   </div>
   <div class='ocr_carea' id='block_1_54' title="bbox 2140 2629 3714 2701">
    <p class='ocr_par' dir='ltr' id='par_1_54' title="bbox 2140 2629 3714 2701">
     <span class='ocr_line' id='line_1_54' title="bbox 2140 2629 3714 2701; baseline -0.001 -16"><span class='ocrx_word' id='word_1_323' title='bbox 2140 2632 2276 2697; x_wconf 85' lang='grc' dir='ltr'>κῶν,</span> <span class='ocrx_word' id='word_1_324' title='bbox 2294 2630 2461 2701; x_wconf 78' lang='grc' dir='ltr'>ψόγον</span> <span class='ocrx_word' id='word_1_325' title='bbox 2491 2630 2549 2683; x_wconf 78' lang='grc' dir='ltr'>δὲ</span> <span class='ocrx_word' id='word_1_326' title='bbox 2574 2630 2782 2700; x_wconf 82' lang='grc' dir='ltr'>γυμνὸν</span> <span class='ocrx_word' id='word_1_327' title='bbox 2805 2631 2898 2684; x_wconf 75' lang='grc' dir='ltr'>καὶ</span> <span class='ocrx_word' id='word_1_328' title='bbox 2915 2631 3248 2701; x_wconf 81' lang='grc' dir='ltr'>κατηγορίαν</span> <span class='ocrx_word' id='word_1_329' title='bbox 3267 2630 3375 2683; x_wconf 85' lang='grc' dir='ltr'><strong>τῶν</strong></span> <span class='ocrx_word' id='word_1_330' title='bbox 3397 2629 3714 2701; x_wconf 79' lang='grc' dir='ltr'>όρθοδόξων.</span> 
     </span>
    </p>
   </div>
   <div class='ocr_carea' id='block_1_55' title="bbox 2146 2719 3715 2793">
    <p class='ocr_par' dir='ltr' id='par_1_55' title="bbox 2146 2719 3715 2793">
     <span class='ocr_line' id='line_1_55' title="bbox 2146 2719 3715 2793; baseline -0.003 -17"><span class='ocrx_word' id='word_1_331' title='bbox 2146 2725 2302 2776; x_wconf 88' lang='grc' dir='ltr'>Ἔστι</span> <span class='ocrx_word' id='word_1_332' title='bbox 2326 2722 2383 2775; x_wconf 77' lang='grc' dir='ltr'>δὲ</span> <span class='ocrx_word' id='word_1_333' title='bbox 2405 2721 2504 2791; x_wconf 82' lang='grc' dir='ltr'>τὴν</span> <span class='ocrx_word' id='word_1_334' title='bbox 2538 2722 2739 2791; x_wconf 82' lang='grc' dir='ltr'>φράσιν</span> <span class='ocrx_word' id='word_1_335' title='bbox 2769 2719 2853 2792; x_wconf 79' lang='grc' dir='ltr'><strong>[Η</strong></span> <span class='ocrx_word' id='word_1_336' title='bbox 2891 2719 2980 2793; x_wconf 83' lang='grc' dir='ltr'><strong>Η.]</strong></span> <span class='ocrx_word' id='word_1_337' title='bbox 3014 2720 3223 2791; x_wconf 83' lang='grc' dir='ltr'>κομψὸς</span> <span class='ocrx_word' id='word_1_338' title='bbox 3253 2724 3351 2774; x_wconf 80' lang='grc' dir='ltr'>καὶ</span> <span class='ocrx_word' id='word_1_339' title='bbox 3380 2723 3715 2790; x_wconf 85' lang='grc' dir='ltr'>ποιητικαῖς,</span> 
     </span>
    </p>
   </div>
   <div class='ocr_carea' id='block_1_56' title="bbox 2143 2812 3720 2884">
    <p class='ocr_par' dir='ltr' id='par_1_56' title="bbox 2143 2812 3720 2884">
     <span class='ocr_line' id='line_1_56' title="bbox 2143 2812 3720 2884; baseline -0.003 -15"><span class='ocrx_word' id='word_1_340' title='bbox 2143 2816 2259 2869; x_wconf 81' lang='grc' dir='ltr'>ἀλλ’</span> <span class='ocrx_word' id='word_1_341' title='bbox 2289 2815 2352 2868; x_wconf 81' lang='grc' dir='ltr'>οὐ</span> <span class='ocrx_word' id='word_1_342' title='bbox 2400 2814 2724 2884; x_wconf 88' lang='grc' dir='ltr'>κατακόρως</span> <span class='ocrx_word' id='word_1_343' title='bbox 2756 2814 2866 2867; x_wconf 81' lang='grc' dir='ltr'>οὐδ’</span> <span class='ocrx_word' id='word_1_344' title='bbox 2912 2812 3194 2884; x_wconf 86' lang='grc' dir='ltr'>ἀχαρίτοις</span> <span class='ocrx_word' id='word_1_345' title='bbox 3212 2812 3256 2845; x_wconf 80' lang='grc'><strong>⁸⁷</strong></span> <span class='ocrx_word' id='word_1_346' title='bbox 3284 2812 3462 2879; x_wconf 76' lang='grc' dir='ltr'>λέξεσι</span> <span class='ocrx_word' id='word_1_347' title='bbox 3510 2828 3720 2881; x_wconf 81' lang='grc' dir='ltr'>κεχρη-</span> 
     </span>
    </p>
   </div>
   <div class='ocr_carea' id='block_1_57' title="bbox 2148 2904 3722 2979">
    <p class='ocr_par' dir='ltr' id='par_1_57' title="bbox 2148 2904 3722 2979">
     <span class='ocr_line' id='line_1_57' title="bbox 2148 2904 3722 2979; baseline -0.004 -17"><span class='ocrx_word' id='word_1_348' title='bbox 2148 2910 2327 2979; x_wconf 77' lang='grc' dir='ltr'>μένος.</span> <span class='ocrx_word' id='word_1_349' title='bbox 2384 2908 2492 2961; x_wconf 80' lang='grc' dir='ltr'><strong>Καὶ</strong></span> <span class='ocrx_word' id='word_1_350' title='bbox 2518 2909 2551 2978; x_wconf 80' lang='grc' dir='ltr'>ἡ</span> <span class='ocrx_word' id='word_1_351' title='bbox 2579 2905 2758 2978; x_wconf 81' lang='grc' dir='ltr'>τροπὴ</span> <span class='ocrx_word' id='word_1_352' title='bbox 2788 2904 2847 2959; x_wconf 79' lang='grc' dir='ltr'>δὲ</span> <span class='ocrx_word' id='word_1_353' title='bbox 2912 2904 3064 2975; x_wconf 83' lang='grc' dir='ltr'>αὐτῷ</span> <span class='ocrx_word' id='word_1_354' title='bbox 3118 2904 3197 2975; x_wconf 88' lang='grc' dir='ltr'>τῷ</span> <span class='ocrx_word' id='word_1_355' title='bbox 3238 2904 3526 2975; x_wconf 80' lang='grc' dir='ltr'>ὲμφατικῷ</span> <span class='ocrx_word' id='word_1_356' title='bbox 3547 2905 3591 2938; x_wconf 76' lang='grc'><strong>⁸³</strong></span> <span class='ocrx_word' id='word_1_357' title='bbox 3616 2904 3722 2975; x_wconf 77' lang='grc' dir='ltr'><strong>τὴν</strong></span> 
     </span>
    </p>
   </div>
   <div class='ocr_carea' id='block_1_58' title="bbox 2145 2996 3721 3071">
    <p class='ocr_par' dir='ltr' id='par_1_58' title="bbox 2145 2996 3721 3071">
     <span class='ocr_line' id='line_1_58' title="bbox 2145 2996 3721 3071; baseline -0.003 -18"><span class='ocrx_word' id='word_1_358' title='bbox 2145 3002 2306 3071; x_wconf 84' lang='grc' dir='ltr'>χάριν</span> <span class='ocrx_word' id='word_1_359' title='bbox 2339 2998 2478 3070; x_wconf 87' lang='grc' dir='ltr'><strong>μετά</strong></span> <span class='ocrx_word' id='word_1_360' title='bbox 2505 2997 2600 3053; x_wconf 83' lang='grc' dir='ltr'>τοῦ</span> <span class='ocrx_word' id='word_1_361' title='bbox 2631 2997 2786 3068; x_wconf 83' lang='grc' dir='ltr'>ὴδὲος</span> <span class='ocrx_word' id='word_1_362' title='bbox 2813 2996 3099 3066; x_wconf 78' lang='grc' dir='ltr'>ἐφέλκεται</span> <span class='ocrx_word' id='word_1_363' title='bbox 3126 3008 3143 3025; x_wconf 79' lang='grc'><strong><em>⁸</em></strong></span> <span class='ocrx_word' id='word_1_364' title='bbox 3173 2996 3312 3067; x_wconf 78' lang='grc' dir='ltr'>πλὴν</span> <span class='ocrx_word' id='word_1_365' title='bbox 3340 2998 3512 3049; x_wconf 75' lang='grc' dir='ltr'>ἐνίοτε</span> <span class='ocrx_word' id='word_1_366' title='bbox 3533 3012 3721 3067; x_wconf 83' lang='grc' dir='ltr'>παρα-</span> 
     </span>
    </p>
   </div>
   <div class='ocr_carea' id='block_1_59' title="bbox 2148 3087 3726 3160">
    <p class='ocr_par' dir='ltr' id='par_1_59' title="bbox 2148 3087 3726 3160">
     <span class='ocr_line' id='line_1_59' title="bbox 2148 3087 3726 3160; baseline -0.003 -15"><span class='ocrx_word' id='word_1_367' title='bbox 2148 3092 2320 3155; x_wconf 74' lang='grc' dir='ltr'>ϐόλως</span> <span class='ocrx_word' id='word_1_368' title='bbox 2375 3092 2563 3155; x_wconf 78' lang='grc' dir='ltr'>αὐταῖς</span> <span class='ocrx_word' id='word_1_369' title='bbox 2598 3090 2695 3144; x_wconf 78' lang='grc' dir='ltr'>καὶ</span> <span class='ocrx_word' id='word_1_370' title='bbox 2746 3089 2999 3144; x_wconf 78' lang='grc' dir='ltr'>πλεῖστον</span> <span class='ocrx_word' id='word_1_371' title='bbox 3044 3089 3559 3160; x_wconf 74' lang='grc' dir='ltr'>ἀποτετραμμέναις</span> <span class='ocrx_word' id='word_1_372' title='bbox 3583 3087 3726 3160; x_wconf 80' lang='grc' dir='ltr'>χρώο</span> 
     </span>
    </p>
   </div>
   <div class='ocr_carea' id='block_1_60' title="bbox 465 3163 2039 3253">
    <p class='ocr_par' dir='ltr' id='par_1_60' title="bbox 465 3178 2039 3252">
     <span class='ocr_line' id='line_1_60' title="bbox 465 3178 2039 3252; baseline 0.004 -21"><span class='ocrx_word' id='word_1_373' title='bbox 465 3192 653 3232; x_wconf 83' lang='grc' dir='ltr'>ιιιιιιιιιι</span> <span class='ocrx_word' id='word_1_374' title='bbox 691 3194 999 3235; x_wconf 87' lang='lat' dir='ltr'><strong>sermonem</strong></span> <span class='ocrx_word' id='word_1_375' title='bbox 1037 3180 1244 3235; x_wconf 91' lang='lat' dir='ltr'><strong>incidit.</strong></span> <span class='ocrx_word' id='word_1_376' title='bbox 1276 3178 1513 3235; x_wconf 88' lang='lat' dir='ltr'><strong>Ornatur</strong></span> <span class='ocrx_word' id='word_1_377' title='bbox 1546 3180 1613 3235; x_wconf 92' lang='lat' dir='ltr'><strong>ab</strong></span> <span class='ocrx_word' id='word_1_378' title='bbox 1644 3194 1708 3236; x_wconf 91' lang='lat' dir='ltr'><strong>eo</strong></span> <span class='ocrx_word' id='word_1_379' title='bbox 1742 3179 1831 3252; x_wconf 65' lang='grc' dir='ltr'><strong>εί)</strong></span> <span class='ocrx_word' id='word_1_380' title='bbox 1895 3183 2039 3238; x_wconf 88' lang='lat' dir='ltr'><strong>varie</strong></span> 
     </span>
    </p>
   </div>
   <div class='ocr_carea' id='block_1_61' title="bbox 2143 3163 3719 3253">
    <p class='ocr_par' dir='ltr' id='par_1_61' title="bbox 2147 3179 3719 3253">
     <span class='ocr_line' id='line_1_61' title="bbox 2147 3179 3719 3253; baseline -0.001 -18"><span class='ocrx_word' id='word_1_381' title='bbox 2147 3200 2309 3253; x_wconf 89' lang='grc' dir='ltr'>μενος</span> <span class='ocrx_word' id='word_1_382' title='bbox 2358 3183 2437 3245; x_wconf 83' lang='grc' dir='ltr'><strong>είς</strong></span> <span class='ocrx_word' id='word_1_383' title='bbox 2491 3181 2819 3251; x_wconf 81' lang='grc' dir='ltr'>ψυχολογίαν</span> <span class='ocrx_word' id='word_1_384' title='bbox 2863 3180 2959 3234; x_wconf 77' lang='grc' dir='ltr'>καὶ</span> <span class='ocrx_word' id='word_1_385' title='bbox 3018 3179 3401 3249; x_wconf 88' lang='grc' dir='ltr'>ἀκαιρολογίαν</span> <span class='ocrx_word' id='word_1_386' title='bbox 3437 3179 3719 3234; x_wconf 77' lang='grc' dir='ltr'>ἐκπίπτει.</span> 
     </span>
    </p>
   </div>
   <div class='ocr_carea' id='block_1_62' title="bbox 463 3271 2040 3342">
    <p class='ocr_par' dir='ltr' id='par_1_62' title="bbox 463 3271 2040 3342">
     <span class='ocr_line' id='line_1_62' title="bbox 463 3271 2040 3342; baseline 0.003 -19"><span class='ocrx_word' id='word_1_387' title='bbox 463 3272 662 3335; x_wconf 82' lang='lat' dir='ltr'><strong>oratio,</strong></span> <span class='ocrx_word' id='word_1_388' title='bbox 704 3271 787 3324; x_wconf 92' lang='lat' dir='ltr'><strong>vel</strong></span> <span class='ocrx_word' id='word_1_389' title='bbox 826 3272 893 3327; x_wconf 87' lang='lat' dir='ltr'><strong>ad</strong></span> <span class='ocrx_word' id='word_1_390' title='bbox 927 3272 1267 3338; x_wconf 86' lang='lat' dir='ltr'><strong>satietatem;</strong></span> <span class='ocrx_word' id='word_1_391' title='bbox 1318 3272 1391 3327; x_wconf 91' lang='lat' dir='ltr'><strong>ita</strong></span> <span class='ocrx_word' id='word_1_392' title='bbox 1439 3281 1499 3326; x_wconf 91' lang='lat' dir='ltr'><strong>ut</strong></span> <span class='ocrx_word' id='word_1_393' title='bbox 1542 3273 1594 3327; x_wconf 90' lang='lat' dir='ltr'><strong>in</strong></span> <span class='ocrx_word' id='word_1_394' title='bbox 1628 3274 2040 3342; x_wconf 87' lang='lat' dir='ltr'><strong>obscuritatem,</strong></span> 
     </span>
    </p>
   </div>
   <div class='ocr_carea' id='block_1_63' title="bbox 466 3365 2040 3434">
    <p class='ocr_par' dir='ltr' id='par_1_63' title="bbox 466 3365 2040 3434">
     <span class='ocr_line' id='line_1_63' title="bbox 466 3365 2040 3434; baseline 0.003 -19"><span class='ocrx_word' id='word_1_395' title='bbox 466 3377 567 3417; x_wconf 90' lang='lat' dir='ltr'><strong>nec</strong></span> <span class='ocrx_word' id='word_1_396' title='bbox 594 3376 715 3416; x_wconf 90' lang='lat' dir='ltr'><strong>eam</strong></span> <span class='ocrx_word' id='word_1_397' title='bbox 744 3378 960 3432; x_wconf 88' lang='lat' dir='ltr'><strong>semper</strong></span> <span class='ocrx_word' id='word_1_398' title='bbox 988 3375 1219 3434; x_wconf 87' lang='lat' dir='ltr'><strong>gratam,</strong></span> <span class='ocrx_word' id='word_1_399' title='bbox 1257 3365 1469 3420; x_wconf 90' lang='lat' dir='ltr'><strong>occulte</strong></span> <span class='ocrx_word' id='word_1_400' title='bbox 1506 3365 1754 3419; x_wconf 88' lang='lat' dir='ltr'><strong>trahatur</strong></span> <span class='ocrx_word' id='word_1_401' title='bbox 1785 3365 1997 3419; x_wconf 90' lang='lat' dir='ltr'><strong>auditor</strong></span> <span class='ocrx_word' id='word_1_402' title='bbox 2024 3379 2040 3418; x_wconf 90' lang='lat'><strong>:</strong></span> 
     </span>
    </p>
   </div>
   <div class='ocr_carea' id='block_1_64' title="bbox 464 3456 2040 3527">
    <p class='ocr_par' dir='ltr' id='par_1_64' title="bbox 464 3456 2040 3527">
     <span class='ocr_line' id='line_1_64' title="bbox 464 3456 2040 3527; baseline 0.001 -18"><span class='ocrx_word' id='word_1_403' title='bbox 464 3458 521 3509; x_wconf 89' lang='lat' dir='ltr'><strong>in</strong></span> <span class='ocrx_word' id='word_1_404' title='bbox 551 3456 843 3526; x_wconf 83' lang='lat' dir='ltr'><strong>multisque</strong></span> <span class='ocrx_word' id='word_1_405' title='bbox 883 3470 989 3512; x_wconf 90' lang='lat' dir='ltr'><strong>non</strong></span> <span class='ocrx_word' id='word_1_406' title='bbox 1044 3458 1416 3513; x_wconf 88' lang='lat' dir='ltr'><strong>incommodas</strong></span> <span class='ocrx_word' id='word_1_407' title='bbox 1444 3456 1684 3527; x_wconf 87' lang='lat' dir='ltr'><strong>loquitur</strong></span> <span class='ocrx_word' id='word_1_408' title='bbox 1720 3457 2040 3512; x_wconf 86' lang='lat' dir='ltr'><strong>sententias.</strong></span> 
     </span>
    </p>
   </div>
   <div class='ocr_carea' id='block_1_65' title="bbox 466 3546 2045 3617">
    <p class='ocr_par' dir='ltr' id='par_1_65' title="bbox 466 3546 2045 3617">
     <span class='ocr_line' id='line_1_65' title="bbox 466 3546 2045 3617; baseline 0.001 -16"><span class='ocrx_word' id='word_1_409' title='bbox 466 3546 661 3617; x_wconf 84' lang='lat' dir='ltr'><strong>Incipit</strong></span> <span class='ocrx_word' id='word_1_410' title='bbox 694 3558 876 3602; x_wconf 86' lang='lat' dir='ltr'><strong>autem</strong></span> <span class='ocrx_word' id='word_1_411' title='bbox 918 3548 986 3604; x_wconf 87' lang='lat' dir='ltr'><strong>ab</strong></span> <span class='ocrx_word' id='word_1_412' title='bbox 1026 3548 1141 3603; x_wconf 85' lang='lat' dir='ltr'><strong>Arii</strong></span> <span class='ocrx_word' id='word_1_413' title='bbox 1181 3548 1363 3603; x_wconf 90' lang='lat' dir='ltr'><strong>studio</strong></span> <span class='ocrx_word' id='word_1_414' title='bbox 1404 3549 1457 3603; x_wconf 90' lang='lat' dir='ltr'><strong>in</strong></span> <span class='ocrx_word' id='word_1_415' title='bbox 1498 3549 1745 3603; x_wconf 52' lang='lat' dir='ltr'><strong>heresim</strong></span> <span class='ocrx_word' id='word_1_416' title='bbox 1777 3563 1840 3603; x_wconf 92' lang='lat' dir='ltr'><strong>ac</strong></span> <span class='ocrx_word' id='word_1_417' title='bbox 1870 3550 2045 3617; x_wconf 92' lang='lat' dir='ltr'><strong>primo</strong></span> 
     </span>
    </p>
   </div>
   <div class='ocr_carea' id='block_1_66' title="bbox 467 3639 2044 3712">
    <p class='ocr_par' dir='ltr' id='par_1_66' title="bbox 467 3639 2044 3712">
     <span class='ocr_line' id='line_1_66' title="bbox 467 3639 2044 3712; baseline 0.004 -22"><span class='ocrx_word' id='word_1_418' title='bbox 467 3639 702 3708; x_wconf 90' lang='lat' dir='ltr'><strong>incepto,</strong></span> <span class='ocrx_word' id='word_1_419' title='bbox 762 3655 934 3710; x_wconf 87' lang='lat' dir='ltr'><strong>usque</strong></span> <span class='ocrx_word' id='word_1_420' title='bbox 979 3640 1045 3693; x_wconf 88' lang='lat' dir='ltr'><strong>ad</strong></span> <span class='ocrx_word' id='word_1_421' title='bbox 1096 3641 1236 3695; x_wconf 79' lang='lat' dir='ltr'><strong>Aetii</strong></span> <span class='ocrx_word' id='word_1_422' title='bbox 1292 3640 1405 3712; x_wconf 85' lang='lat'><strong>(59)</strong></span> <span class='ocrx_word' id='word_1_423' title='bbox 1452 3640 1755 3710; x_wconf 86' lang='lat' dir='ltr'><strong>impiissimi</strong></span> <span class='ocrx_word' id='word_1_424' title='bbox 1810 3640 2044 3696; x_wconf 91' lang='lat' dir='ltr'><strong>hominis</strong></span> 
     </span>
    </p>
   </div>
   <div class='ocr_carea' id='block_1_67' title="bbox 469 3731 2044 3802">
    <p class='ocr_par' dir='ltr' id='par_1_67' title="bbox 469 3731 2044 3802">
     <span class='ocr_line' id='line_1_67' title="bbox 469 3731 2044 3802; baseline 0.003 -19"><span class='ocrx_word' id='word_1_425' title='bbox 469 3731 890 3784; x_wconf 87' lang='lat' dir='ltr'><strong>revocationem.</strong></span> <span class='ocrx_word' id='word_1_426' title='bbox 940 3731 1130 3785; x_wconf 81' lang='lat' dir='ltr'><strong>Aetius</strong></span> <span class='ocrx_word' id='word_1_427' title='bbox 1164 3732 1250 3786; x_wconf 91' lang='lat' dir='ltr'><strong>hic</strong></span> <span class='ocrx_word' id='word_1_428' title='bbox 1281 3733 1349 3785; x_wconf 91' lang='lat' dir='ltr'><strong>ab</strong></span> <span class='ocrx_word' id='word_1_429' title='bbox 1382 3734 1654 3802; x_wconf 62' lang='lat' dir='ltr'><strong>ipsiszuna</strong></span> <span class='ocrx_word' id='word_1_430' title='bbox 1685 3733 2044 3788; x_wconf 83' lang='lat' dir='ltr'><strong>sentientibus</strong></span> 
     </span>
    </p>
   </div>
   <div class='ocr_carea' id='block_1_68' title="bbox 472 3819 2046 3895">
    <p class='ocr_par' dir='ltr' id='par_1_68' title="bbox 472 3819 2046 3895">
     <span class='ocr_line' id='line_1_68' title="bbox 472 3819 2046 3895; baseline 0.006 -23"><span class='ocrx_word' id='word_1_431' title='bbox 472 3819 768 3887; x_wconf 71' lang='lat' dir='ltr'><strong>haereticis,</strong></span> <span class='ocrx_word' id='word_1_432' title='bbox 802 3823 943 3890; x_wconf 84' lang='lat' dir='ltr'><strong>quod</strong></span> <span class='ocrx_word' id='word_1_433' title='bbox 1000 3822 1118 3876; x_wconf 84' lang='lat' dir='ltr'><strong>illos</strong></span> <span class='ocrx_word' id='word_1_434' title='bbox 1167 3823 1443 3890; x_wconf 86' lang='lat' dir='ltr'><strong>impietate</strong></span> <span class='ocrx_word' id='word_1_435' title='bbox 1492 3834 1775 3893; x_wconf 88' lang='lat' dir='ltr'><strong>superaret</strong></span> <span class='ocrx_word' id='word_1_436' title='bbox 1816 3824 1898 3895; x_wconf 93' lang='lat' dir='ltr'><strong>(ut</strong></span> <span class='ocrx_word' id='word_1_437' title='bbox 1930 3826 2046 3895; x_wconf 87' lang='lat' dir='ltr'><strong>ipse</strong></span> 
     </span>
    </p>
   </div>
   <div class='ocr_carea' id='block_1_69' title="bbox 468 3907 2045 3980">
    <p class='ocr_par' dir='ltr' id='par_1_69' title="bbox 468 3907 2045 3980">
     <span class='ocr_line' id='line_1_69' title="bbox 468 3907 2045 3980; baseline 0.006 -19"><span class='ocrx_word' id='word_1_438' title='bbox 468 3907 866 3978; x_wconf 84' lang='lat' dir='ltr'><strong>Pbilostorgius</strong></span> <span class='ocrx_word' id='word_1_439' title='bbox 920 3910 1006 3964; x_wconf 88' lang='lat' dir='ltr'><strong>vel</strong></span> <span class='ocrx_word' id='word_1_440' title='bbox 1060 3911 1263 3965; x_wconf 89' lang='lat' dir='ltr'><strong>invitus</strong></span> <span class='ocrx_word' id='word_1_441' title='bbox 1322 3911 1511 3980; x_wconf 75' lang='lat' dir='ltr'><strong>refert)</strong></span> <span class='ocrx_word' id='word_1_442' title='bbox 1559 3913 1866 3969; x_wconf 86' lang='lat' dir='ltr'><strong>ministerio</strong></span> <span class='ocrx_word' id='word_1_443' title='bbox 1914 3916 2045 3970; x_wconf 88' lang='lat' dir='ltr'><strong>sub-</strong></span> 
     </span>
    </p>
   </div>
   <div class='ocr_carea' id='block_1_70' title="bbox 472 3998 2045 4075">
    <p class='ocr_par' dir='ltr' id='par_1_70' title="bbox 472 3998 2045 4075">
     <span class='ocr_line' id='line_1_70' title="bbox 472 3998 2045 4075; baseline 0.008 -27"><span class='ocrx_word' id='word_1_444' title='bbox 472 4008 671 4063; x_wconf 83' lang='lat' dir='ltr'><strong>motus,</strong></span> <span class='ocrx_word' id='word_1_445' title='bbox 695 4010 881 4068; x_wconf 87' lang='lat' dir='ltr'><strong>postea</strong></span> <span class='ocrx_word' id='word_1_446' title='bbox 907 4000 974 4055; x_wconf 91' lang='lat' dir='ltr'><strong>ab</strong></span> <span class='ocrx_word' id='word_1_447' title='bbox 998 4001 1317 4069; x_wconf 88' lang='lat' dir='ltr'><strong>impiissimo</strong></span> <span class='ocrx_word' id='word_1_448' title='bbox 1345 3998 1562 4056; x_wconf 80' lang='lat' dir='ltr'><strong>Juliano</strong></span> <span class='ocrx_word' id='word_1_449' title='bbox 1583 4001 1908 4073; x_wconf 86' lang='lat' dir='ltr'><strong>imperatore</strong></span> <span class='ocrx_word' id='word_1_450' title='bbox 1932 4005 2045 4075; x_wconf 72' lang='grc' dir='ltr'><strong>(ϐυ)</strong></span> 
     </span>
    </p>
   </div>
   <div class='ocr_carea' id='block_1_71' title="bbox 473 4089 2049 4166">
    <p class='ocr_par' dir='ltr' id='par_1_71' title="bbox 473 4089 2049 4166">
     <span class='ocr_line' id='line_1_71' title="bbox 473 4089 2049 4166; baseline 0.006 -25"><span class='ocrx_word' id='word_1_451' title='bbox 473 4099 781 4155; x_wconf 89' lang='lat' dir='ltr'><strong>revocatus,</strong></span> <span class='ocrx_word' id='word_1_452' title='bbox 815 4089 1234 4159; x_wconf 86' lang='lat' dir='ltr'><strong>humaniterque</strong></span> <span class='ocrx_word' id='word_1_453' title='bbox 1267 4102 1522 4162; x_wconf 83' lang='lat' dir='ltr'><strong>acceptus</strong></span> <span class='ocrx_word' id='word_1_454' title='bbox 1548 4106 1651 4150; x_wconf 87' lang='lat' dir='ltr'><strong>est.</strong></span> <span class='ocrx_word' id='word_1_455' title='bbox 1683 4095 1752 4151; x_wconf 85' lang='lat' dir='ltr'><strong>Et</strong></span> <span class='ocrx_word' id='word_1_456' title='bbox 1782 4096 1895 4150; x_wconf 63' lang='lat' dir='ltr'><strong>hac</strong></span> <span class='ocrx_word' id='word_1_457' title='bbox 1928 4096 2049 4166; x_wconf 89' lang='lat' dir='ltr'><strong>qui-</strong></span> 
     </span>
    </p>
   </div>
   <div class='ocr_carea' id='block_1_72' title="bbox 472 4178 2050 4247">
    <p class='ocr_par' dir='ltr' id='par_1_72' title="bbox 472 4178 2050 4247">
     <span class='ocr_line' id='line_1_72' title="bbox 472 4178 2050 4247; baseline 0.004 -15"><span class='ocrx_word' id='word_1_458' title='bbox 472 4180 594 4234; x_wconf 87' lang='lat' dir='ltr'><strong>dem</strong></span> <span class='ocrx_word' id='word_1_459' title='bbox 638 4178 809 4247; x_wconf 88' lang='lat' dir='ltr'><strong>ipsins</strong></span> <span class='ocrx_word' id='word_1_460' title='bbox 843 4180 1069 4234; x_wconf 84' lang='lat' dir='ltr'><strong>historia</strong></span> <span class='ocrx_word' id='word_1_461' title='bbox 1103 4195 1210 4235; x_wconf 92' lang='lat' dir='ltr'><strong>uno</strong></span> <span class='ocrx_word' id='word_1_462' title='bbox 1244 4181 1519 4237; x_wconf 86' lang='lat' dir='ltr'><strong>volumine</strong></span> <span class='ocrx_word' id='word_1_463' title='bbox 1558 4199 1654 4239; x_wconf 90' lang='lat' dir='ltr'><strong>sex</strong></span> <span class='ocrx_word' id='word_1_464' title='bbox 1696 4185 1864 4241; x_wconf 85' lang='lat' dir='ltr'><strong>libros</strong></span> <span class='ocrx_word' id='word_1_465' title='bbox 1901 4200 2050 4240; x_wconf 84' lang='lat' dir='ltr'><strong>com-</strong></span> 
     </span>
    </p>
   </div>
   <div class='ocr_carea' id='block_1_73' title="bbox 474 4270 2051 4347">
    <p class='ocr_par' dir='ltr' id='par_1_73' title="bbox 474 4270 2051 4347">
     <span class='ocr_line' id='line_1_73' title="bbox 474 4270 2051 4347; baseline 0.006 -24"><span class='ocrx_word' id='word_1_466' title='bbox 474 4270 656 4341; x_wconf 88' lang='lat' dir='ltr'><strong>plexa,</strong></span> <span class='ocrx_word' id='word_1_467' title='bbox 710 4273 776 4325; x_wconf 85' lang='lat' dir='ltr'><strong>ad</strong></span> <span class='ocrx_word' id='word_1_468' title='bbox 832 4272 936 4327; x_wconf 86' lang='lat' dir='ltr'><strong>hoc</strong></span> <span class='ocrx_word' id='word_1_469' title='bbox 995 4288 1167 4342; x_wconf 86' lang='lat' dir='ltr'><strong>usque</strong></span> <span class='ocrx_word' id='word_1_470' title='bbox 1223 4282 1433 4345; x_wconf 85' lang='lat' dir='ltr'><strong>tempus</strong></span> <span class='ocrx_word' id='word_1_471' title='bbox 1503 4278 1865 4347; x_wconf 86' lang='lat' dir='ltr'><strong>progreditur.</strong></span> <span class='ocrx_word' id='word_1_472' title='bbox 1931 4277 2051 4345; x_wconf 83' lang='lat' dir='ltr'><strong>Ipse</strong></span> 
     </span>
    </p>
   </div>
   <div class='ocr_carea' id='block_1_74' title="bbox 490 4364 2051 4431">
    <p class='ocr_par' dir='ltr' id='par_1_74' title="bbox 490 4364 2051 4431">
     <span class='ocr_line' id='line_1_74' title="bbox 490 4364 2051 4431; baseline 0.005 -17"><span class='ocrx_word' id='word_1_473' title='bbox 490 4377 620 4415; x_wconf 89' lang='lat' dir='ltr'><strong>vero</strong></span> <span class='ocrx_word' id='word_1_474' title='bbox 657 4364 888 4431; x_wconf 88' lang='lat' dir='ltr'><strong>scriptor</strong></span> <span class='ocrx_word' id='word_1_475' title='bbox 920 4364 1149 4417; x_wconf 82' lang='lat' dir='ltr'><strong>mendax</strong></span> <span class='ocrx_word' id='word_1_476' title='bbox 1179 4374 1285 4428; x_wconf 89' lang='lat' dir='ltr'><strong>est,</strong></span> <span class='ocrx_word' id='word_1_477' title='bbox 1332 4375 1388 4419; x_wconf 89' lang='lat' dir='ltr'><strong>et</strong></span> <span class='ocrx_word' id='word_1_478' title='bbox 1415 4364 1612 4422; x_wconf 77' lang='lat' dir='ltr'><strong>fabulis</strong></span> <span class='ocrx_word' id='word_1_479' title='bbox 1637 4368 1857 4421; x_wconf 90' lang='lat' dir='ltr'><strong>minime</strong></span> <span class='ocrx_word' id='word_1_480' title='bbox 1883 4366 2051 4422; x_wconf 89' lang='lat' dir='ltr'><strong>absti-</strong></span> 
     </span>
    </p>
   </div>
   <div class='ocr_carea' id='block_1_75' title="bbox 474 4454 2065 4524">
    <p class='ocr_par' dir='ltr' id='par_1_75' title="bbox 474 4454 2065 4524">
     <span class='ocr_line' id='line_1_75' title="bbox 474 4454 2065 4524; baseline 0.006 -19"><span class='ocrx_word' id='word_1_481' title='bbox 474 4468 640 4517; x_wconf 88' lang='lat' dir='ltr'><strong>nens,</strong></span> <span class='ocrx_word' id='word_1_482' title='bbox 673 4456 1038 4524; x_wconf 69' lang='lat' dir='ltr'><strong>praedicatque</strong></span> <span class='ocrx_word' id='word_1_483' title='bbox 1069 4458 1328 4512; x_wconf 67' lang='lat' dir='ltr'><strong>doctrinae</strong></span> <span class='ocrx_word' id='word_1_484' title='bbox 1374 4460 1609 4514; x_wconf 82' lang='lat' dir='ltr'><strong>maxime</strong></span> <span class='ocrx_word' id='word_1_485' title='bbox 1642 4474 1802 4514; x_wconf 85' lang='lat' dir='ltr'><strong>causa</strong></span> <span class='ocrx_word' id='word_1_486' title='bbox 1832 4454 2065 4515; x_wconf 81' lang='lat' dir='ltr'><strong>Aetium</strong></span> 
     </span>
    </p>
   </div>
   <div class='ocr_carea' id='block_1_76' title="bbox 474 4544 2049 4619">
    <p class='ocr_par' dir='ltr' id='par_1_76' title="bbox 474 4544 2049 4619">
     <span class='ocr_line' id='line_1_76' title="bbox 474 4544 2049 4619; baseline 0.005 -22"><span class='ocrx_word' id='word_1_487' title='bbox 474 4555 529 4597; x_wconf 92' lang='lat' dir='ltr'><strong>et</strong></span> <span class='ocrx_word' id='word_1_488' title='bbox 582 4544 941 4613; x_wconf 76' lang='lat' dir='ltr'><strong>Eurmmium,</strong></span> <span class='ocrx_word' id='word_1_489' title='bbox 1004 4548 1159 4615; x_wconf 82' lang='lat' dir='ltr'><strong>quasi</strong></span> <span class='ocrx_word' id='word_1_490' title='bbox 1226 4549 1326 4603; x_wconf 90' lang='lat' dir='ltr'><strong>soli</strong></span> <span class='ocrx_word' id='word_1_491' title='bbox 1392 4560 1774 4619; x_wconf 85' lang='lat' dir='ltr'><strong>repurgasseut</strong></span> <span class='ocrx_word' id='word_1_492' title='bbox 1831 4551 2049 4619; x_wconf 87' lang='lat' dir='ltr'><strong>pietatis</strong></span> 
     </span>
    </p>
   </div>
   <div class='ocr_carea' id='block_1_77' title="bbox 473 4643 2046 4717">
    <p class='ocr_par' dir='ltr' id='par_1_77' title="bbox 473 4643 2046 4717">
     <span class='ocr_line' id='line_1_77' title="bbox 473 4643 2046 4717; baseline 0.005 -22"><span class='ocrx_word' id='word_1_493' title='bbox 473 4643 730 4709; x_wconf 82' lang='lat' dir='ltr'><strong>dogmata</strong></span> <span class='ocrx_word' id='word_1_494' title='bbox 800 4650 1047 4712; x_wconf 87' lang='lat' dir='ltr'><strong>tempore</strong></span> <span class='ocrx_word' id='word_1_495' title='bbox 1108 4645 1510 4710; x_wconf 87' lang='lat' dir='ltr'><strong>contaminata,</strong></span> <span class='ocrx_word' id='word_1_496' title='bbox 1573 4645 1878 4717; x_wconf 84' lang='lat' dir='ltr'><strong>prodigiose</strong></span> <span class='ocrx_word' id='word_1_497' title='bbox 1940 4646 2046 4703; x_wconf 88' lang='lat' dir='ltr'><strong>hoc</strong></span> 
     </span>
    </p>
   </div>
   <div class='ocr_carea' id='block_1_78' title="bbox 473 4733 2045 4809">
    <p class='ocr_par' dir='ltr' id='par_1_78' title="bbox 473 4733 2045 4809">
     <span class='ocr_line' id='line_1_78' title="bbox 473 4733 2045 4809; baseline 0.003 -21"><span class='ocrx_word' id='word_1_498' title='bbox 473 4736 648 4802; x_wconf 89' lang='lat' dir='ltr'><strong>ipsum</strong></span> <span class='ocrx_word' id='word_1_499' title='bbox 694 4733 1007 4789; x_wconf 85' lang='lat' dir='ltr'><strong>mentiendo</strong></span> <span class='ocrx_word' id='word_1_500' title='bbox 1039 4750 1054 4787; x_wconf 90' lang='lat'><strong>:</strong></span> <span class='ocrx_word' id='word_1_501' title='bbox 1088 4735 1367 4803; x_wconf 88' lang='lat' dir='ltr'><strong>signorum</strong></span> <span class='ocrx_word' id='word_1_502' title='bbox 1412 4747 1619 4804; x_wconf 90' lang='lat' dir='ltr'><strong>autem,</strong></span> <span class='ocrx_word' id='word_1_503' title='bbox 1651 4747 1708 4794; x_wconf 85' lang='lat' dir='ltr'><strong>et</strong></span> <span class='ocrx_word' id='word_1_504' title='bbox 1754 4739 1878 4793; x_wconf 66' lang='lat' dir='ltr'><strong>vitae</strong></span> <span class='ocrx_word' id='word_1_505' title='bbox 1922 4753 2045 4809; x_wconf 83' lang='lat' dir='ltr'><strong>gra-</strong></span> 
     </span>
    </p>
   </div>
   <div class='ocr_carea' id='block_1_79' title="bbox 2142 3270 3719 3345">
    <p class='ocr_par' dir='ltr' id='par_1_79' title="bbox 2142 3270 3719 3345">
     <span class='ocr_line' id='line_1_79' title="bbox 2142 3270 3719 3345; baseline -0.004 -17"><span class='ocrx_word' id='word_1_506' title='bbox 2142 3273 2542 3345; x_wconf 75' lang='grc' dir='ltr'>Περισέὸληται</span> <span class='ocrx_word' id='word_1_507' title='bbox 2563 3273 2619 3326; x_wconf 71' lang='grc' dir='ltr'>δὲ</span> <span class='ocrx_word' id='word_1_508' title='bbox 2647 3270 2797 3341; x_wconf 82' lang='grc' dir='ltr'>αὐτῷ</span> <span class='ocrx_word' id='word_1_509' title='bbox 2828 3270 3084 3333; x_wconf 87' lang='grc' dir='ltr'>ποικίλως</span> <span class='ocrx_word' id='word_1_510' title='bbox 3113 3271 3142 3323; x_wconf 88' lang='grc' dir='ltr'><strong>ό</strong></span> <span class='ocrx_word' id='word_1_511' title='bbox 3166 3270 3321 3338; x_wconf 85' lang='grc' dir='ltr'>λόγος</span> <span class='ocrx_word' id='word_1_512' title='bbox 3344 3270 3440 3324; x_wconf 71' lang='grc' dir='ltr'>καὶ</span> <span class='ocrx_word' id='word_1_513' title='bbox 3469 3272 3528 3323; x_wconf 76' lang='grc' dir='ltr'><strong>ὲν</strong></span> <span class='ocrx_word' id='word_1_514' title='bbox 3549 3272 3719 3341; x_wconf 83' lang='grc' dir='ltr'>κόρῳ,</span> 
     </span>
    </p>
   </div>
   <div class='ocr_carea' id='block_1_80' title="bbox 2141 3360 3723 3433">
    <p class='ocr_par' dir='ltr' id='par_1_80' title="bbox 2141 3360 3723 3433">
     <span class='ocr_line' id='line_1_80' title="bbox 2141 3360 3723 3433; baseline -0.004 -13"><span class='ocrx_word' id='word_1_515' title='bbox 2141 3366 2217 3431; x_wconf 82' lang='grc' dir='ltr'><strong>ὡς</strong></span> <span class='ocrx_word' id='word_1_516' title='bbox 2246 3367 2327 3429; x_wconf 86' lang='grc' dir='ltr'><strong>είς</strong></span> <span class='ocrx_word' id='word_1_517' title='bbox 2360 3365 2422 3419; x_wconf 81' lang='grc' dir='ltr'>τὸ</span> <span class='ocrx_word' id='word_1_518' title='bbox 2451 3364 2663 3433; x_wconf 84' lang='grc' dir='ltr'>ἀσαφὲς</span> <span class='ocrx_word' id='word_1_519' title='bbox 2730 3362 2826 3416; x_wconf 78' lang='grc' dir='ltr'>καὶ</span> <span class='ocrx_word' id='word_1_520' title='bbox 2853 3362 2956 3416; x_wconf 78' lang='grc' dir='ltr'>οὐκ</span> <span class='ocrx_word' id='word_1_521' title='bbox 2984 3360 3074 3414; x_wconf 79' lang='grc' dir='ltr'>ἀεὶ</span> <span class='ocrx_word' id='word_1_522' title='bbox 3098 3362 3291 3433; x_wconf 88' lang='grc' dir='ltr'>χαρίεν</span> <span class='ocrx_word' id='word_1_523' title='bbox 3313 3361 3405 3414; x_wconf 81' lang='grc' dir='ltr'>τὸν</span> <span class='ocrx_word' id='word_1_524' title='bbox 3442 3362 3723 3433; x_wconf 82' lang='grc' dir='ltr'>ἀκροατὴν</span> 
     </span>
    </p>
   </div>
   <div class='ocr_carea' id='block_1_81' title="bbox 2144 3451 3722 3526">
    <p class='ocr_par' dir='ltr' id='par_1_81' title="bbox 2144 3451 3722 3526">
     <span class='ocr_line' id='line_1_81' title="bbox 2144 3451 3722 3526; baseline -0.002 -17"><span class='ocrx_word' id='word_1_525' title='bbox 2144 3454 2534 3526; x_wconf 84' lang='grc' dir='ltr'>ὑποσύρεσθαι.</span> <span class='ocrx_word' id='word_1_526' title='bbox 2571 3454 2657 3508; x_wconf 88' lang='grc' dir='ltr'>Ἐν</span> <span class='ocrx_word' id='word_1_527' title='bbox 2692 3452 2905 3515; x_wconf 78' lang='grc' dir='ltr'>πολλοῖς</span> <span class='ocrx_word' id='word_1_528' title='bbox 2927 3452 2985 3505; x_wconf 81' lang='grc' dir='ltr'>δὲ</span> <span class='ocrx_word' id='word_1_529' title='bbox 3005 3452 3100 3505; x_wconf 74' lang='grc' dir='ltr'>καὶ</span> <span class='ocrx_word' id='word_1_530' title='bbox 3126 3451 3339 3515; x_wconf 73' lang='grc' dir='ltr'>οἰκείως</span> <span class='ocrx_word' id='word_1_531' title='bbox 3363 3452 3722 3524; x_wconf 85' lang='grc' dir='ltr'>γνωμολογεῖ.</span> 
     </span>
    </p>
   </div>
   <div class='ocr_carea' id='block_1_82' title="bbox 2154 3544 3724 3620">
    <p class='ocr_par' dir='ltr' id='par_1_82' title="bbox 2154 3544 3724 3620">
     <span class='ocr_line' id='line_1_82' title="bbox 2154 3544 3724 3620; baseline -0.003 -17"><span class='ocrx_word' id='word_1_532' title='bbox 2154 3550 2379 3620; x_wconf 86' lang='grc' dir='ltr'>Ἱστορεί</span> <span class='ocrx_word' id='word_1_533' title='bbox 2404 3547 2461 3600; x_wconf 86' lang='grc' dir='ltr'>δὲ</span> <span class='ocrx_word' id='word_1_534' title='bbox 2498 3546 2567 3602; x_wconf 83' lang='grc' dir='ltr'><strong>τὰ</strong></span> <span class='ocrx_word' id='word_1_535' title='bbox 2591 3546 2700 3600; x_wconf 85' lang='grc' dir='ltr'>ἀπὸ</span> <span class='ocrx_word' id='word_1_536' title='bbox 2750 3548 2850 3617; x_wconf 81' lang='grc' dir='ltr'>τῆς</span> <span class='ocrx_word' id='word_1_537' title='bbox 2886 3544 3096 3615; x_wconf 83' lang='grc' dir='ltr'>Ἀρείου</span> <span class='ocrx_word' id='word_1_538' title='bbox 3148 3546 3279 3615; x_wconf 71' lang='grc' dir='ltr'>περὶ</span> <span class='ocrx_word' id='word_1_539' title='bbox 3343 3546 3442 3615; x_wconf 80' lang='grc' dir='ltr'>τὴν</span> <span class='ocrx_word' id='word_1_540' title='bbox 3502 3544 3724 3615; x_wconf 78' lang='grc' dir='ltr'>αἵρεσιν</span> 
     </span>
    </p>
   </div>
   <div class='ocr_carea' id='block_1_83' title="bbox 2146 3635 3721 3710">
    <p class='ocr_par' dir='ltr' id='par_1_83' title="bbox 2146 3635 3721 3710">
     <span class='ocr_line' id='line_1_83' title="bbox 2146 3635 3721 3710; baseline -0.003 -16"><span class='ocrx_word' id='word_1_541' title='bbox 2146 3641 2383 3710; x_wconf 85' lang='grc' dir='ltr'>σπουδῆς</span> <span class='ocrx_word' id='word_1_542' title='bbox 2406 3657 2465 3692; x_wconf 88' lang='grc' dir='ltr'><strong>τε</strong></span> <span class='ocrx_word' id='word_1_543' title='bbox 2492 3640 2587 3692; x_wconf 77' lang='grc' dir='ltr'>καὶ</span> <span class='ocrx_word' id='word_1_544' title='bbox 2649 3637 2967 3709; x_wconf 82' lang='grc' dir='ltr'>κατάρξεως</span> <span class='ocrx_word' id='word_1_545' title='bbox 3020 3636 3183 3708; x_wconf 68' lang='grc' dir='ltr'>μέχρι</span> <span class='ocrx_word' id='word_1_546' title='bbox 3216 3635 3319 3706; x_wconf 84' lang='grc' dir='ltr'>τῆς</span> <span class='ocrx_word' id='word_1_547' title='bbox 3363 3637 3570 3690; x_wconf 81' lang='grc' dir='ltr'>Ἀετίου</span> <span class='ocrx_word' id='word_1_548' title='bbox 3620 3635 3721 3690; x_wconf 81' lang='grc' dir='ltr'>τοῦ</span> 
     </span>
    </p>
   </div>
   <div class='ocr_carea' id='block_1_84' title="bbox 2146 3722 3706 3797">
    <p class='ocr_par' dir='ltr' id='par_1_84' title="bbox 2146 3722 3706 3797">
     <span class='ocr_line' id='line_1_84' title="bbox 2146 3722 3706 3797; baseline -0.002 -15"><span class='ocrx_word' id='word_1_549' title='bbox 2146 3729 2576 3782; x_wconf 83' lang='grc' dir='ltr'>δυσσεόεστάτου</span> <span class='ocrx_word' id='word_1_550' title='bbox 2633 3727 3008 3797; x_wconf 79' lang='grc' dir='ltr'>ἀνακλήσεως.</span> <span class='ocrx_word' id='word_1_551' title='bbox 3067 3722 3237 3789; x_wconf 76' lang='grc' dir='ltr'>Οὗτος</span> <span class='ocrx_word' id='word_1_552' title='bbox 3265 3727 3323 3780; x_wconf 81' lang='grc' dir='ltr'>δὲ</span> <span class='ocrx_word' id='word_1_553' title='bbox 3362 3727 3567 3791; x_wconf 80' lang='grc' dir='ltr'>Ἀέτιος</span> <span class='ocrx_word' id='word_1_554' title='bbox 3589 3744 3706 3796; x_wconf 87' lang='grc' dir='ltr'><strong>παρ</strong></span> 
     </span>
    </p>
   </div>
   <div class='ocr_carea' id='block_1_85' title="bbox 2148 3818 3729 3891">
    <p class='ocr_par' dir='ltr' id='par_1_85' title="bbox 2148 3818 3729 3891">
     <span class='ocr_line' id='line_1_85' title="bbox 2148 3818 3729 3891; baseline -0.002 -15"><span class='ocrx_word' id='word_1_555' title='bbox 2148 3821 2332 3876; x_wconf 80' lang='grc' dir='ltr'>αὐτῶν</span> <span class='ocrx_word' id='word_1_556' title='bbox 2396 3821 2497 3891; x_wconf 82' lang='grc' dir='ltr'>μὲν</span> <span class='ocrx_word' id='word_1_557' title='bbox 2553 3820 2664 3875; x_wconf 82' lang='grc' dir='ltr'>τῶν</span> <span class='ocrx_word' id='word_1_558' title='bbox 2716 3819 3177 3889; x_wconf 87' lang='grc' dir='ltr'>συναιρεσιωτῶν,</span> <span class='ocrx_word' id='word_1_559' title='bbox 3239 3818 3410 3873; x_wconf 83' lang='grc' dir='ltr'>διὰτὸ</span> <span class='ocrx_word' id='word_1_560' title='bbox 3438 3821 3729 3884; x_wconf 83' lang='grc' dir='ltr'>κάκείνους</span> 
     </span>
    </p>
   </div>
   <div class='ocr_carea' id='block_1_86' title="bbox 2148 3902 3729 3980">
    <p class='ocr_par' dir='ltr' id='par_1_86' title="bbox 2148 3902 3729 3980">
     <span class='ocr_line' id='line_1_86' title="bbox 2148 3902 3729 3980; baseline -0.003 -15"><span class='ocrx_word' id='word_1_561' title='bbox 2148 3910 2556 3980; x_wconf 78' lang='grc' dir='ltr'>ὑπερϐαλέσθαι</span> <span class='ocrx_word' id='word_1_562' title='bbox 2586 3912 2631 3942; x_wconf 74' lang='grc'><strong><em>⁵⁸</em></strong></span> <span class='ocrx_word' id='word_1_563' title='bbox 2667 3912 2734 3980; x_wconf 81' lang='grc' dir='ltr'>τῇ</span> <span class='ocrx_word' id='word_1_564' title='bbox 2782 3908 3092 3979; x_wconf 75' lang='grc' dir='ltr'>δυσσεϐεία,</span> <span class='ocrx_word' id='word_1_565' title='bbox 3131 3909 3208 3971; x_wconf 84' lang='grc' dir='ltr'>ὡς</span> <span class='ocrx_word' id='word_1_566' title='bbox 3237 3909 3399 3972; x_wconf 83' lang='grc' dir='ltr'>αὐτὸς</span> <span class='ocrx_word' id='word_1_567' title='bbox 3442 3902 3594 3971; x_wconf 73' lang='grc' dir='ltr'>οὗτος</span> <span class='ocrx_word' id='word_1_568' title='bbox 3625 3910 3729 3962; x_wconf 78' lang='grc' dir='ltr'>καὶ</span> 
     </span>
    </p>
   </div>
   <div class='ocr_carea' id='block_1_87' title="bbox 2150 3998 3729 4073">
    <p class='ocr_par' dir='ltr' id='par_1_87' title="bbox 2150 3998 3729 4073">
     <span class='ocr_line' id='line_1_87' title="bbox 2150 3998 3729 4073; baseline -0.005 -16"><span class='ocrx_word' id='word_1_569' title='bbox 2150 4002 2226 4073; x_wconf 83' lang='grc' dir='ltr'>μὴ</span> <span class='ocrx_word' id='word_1_570' title='bbox 2251 4001 2571 4072; x_wconf 85' lang='grc' dir='ltr'>βουλόμενος</span> <span class='ocrx_word' id='word_1_571' title='bbox 2603 4001 2828 4070; x_wconf 76' lang='grc' dir='ltr'>ἱστορεῖ,</span> <span class='ocrx_word' id='word_1_572' title='bbox 2850 4000 2950 4069; x_wconf 85' lang='grc' dir='ltr'>τῆς</span> <span class='ocrx_word' id='word_1_573' title='bbox 2977 3999 3254 4062; x_wconf 88' lang='grc' dir='ltr'>διακονίας</span> <span class='ocrx_word' id='word_1_574' title='bbox 3289 3998 3590 4071; x_wconf 78' lang='grc' dir='ltr'><strong>καθῃρέθη,</strong></span> <span class='ocrx_word' id='word_1_575' title='bbox 3615 3999 3729 4054; x_wconf 83' lang='grc' dir='ltr'>ὑπὸ</span> 
     </span>
    </p>
   </div>
   <div class='ocr_carea' id='block_1_88' title="bbox 2145 4092 3728 4162">
    <p class='ocr_par' dir='ltr' id='par_1_88' title="bbox 2145 4092 3728 4162">
     <span class='ocr_line' id='line_1_88' title="bbox 2145 4092 3728 4162; baseline -0.001 -15"><span class='ocrx_word' id='word_1_576' title='bbox 2145 4092 2204 4147; x_wconf 82' lang='grc' dir='ltr'>δὲ</span> <span class='ocrx_word' id='word_1_577' title='bbox 2233 4094 2326 4146; x_wconf 81' lang='grc' dir='ltr'>τοῦ</span> <span class='ocrx_word' id='word_1_578' title='bbox 2353 4093 2783 4147; x_wconf 80' lang='grc' dir='ltr'>δυσσεϐεστάτου</span> <span class='ocrx_word' id='word_1_579' title='bbox 2831 4092 3124 4145; x_wconf 85' lang='grc' dir='ltr'>Ἰουλιανοῦ</span> <span class='ocrx_word' id='word_1_580' title='bbox 3192 4092 3463 4162; x_wconf 82' lang='grc' dir='ltr'>ἀνεκλήθη</span> <span class='ocrx_word' id='word_1_581' title='bbox 3520 4109 3579 4145; x_wconf 90' lang='grc' dir='ltr'><strong>τε</strong></span> <span class='ocrx_word' id='word_1_582' title='bbox 3630 4094 3728 4145; x_wconf 76' lang='grc' dir='ltr'>καὶ</span> 
     </span>
    </p>
   </div>
   <div class='ocr_carea' id='block_1_89' title="bbox 2149 4182 3725 4255">
    <p class='ocr_par' dir='ltr' id='par_1_89' title="bbox 2149 4182 3725 4255">
     <span class='ocr_line' id='line_1_89' title="bbox 2149 4182 3725 4255; baseline 0.001 -19"><span class='ocrx_word' id='word_1_583' title='bbox 2149 4184 2490 4255; x_wconf 75' lang='grc' dir='ltr'>φιλοφρόνως</span> <span class='ocrx_word' id='word_1_584' title='bbox 2514 4182 2797 4250; x_wconf 81' lang='grc' dir='ltr'>ὲδεξιώθη.</span> <span class='ocrx_word' id='word_1_585' title='bbox 2835 4184 2947 4237; x_wconf 76' lang='grc' dir='ltr'><strong>Καὶ</strong></span> <span class='ocrx_word' id='word_1_586' title='bbox 2981 4185 3015 4253; x_wconf 78' lang='grc' dir='ltr'><strong>ὴ</strong></span> <span class='ocrx_word' id='word_1_587' title='bbox 3068 4184 3169 4253; x_wconf 84' lang='grc' dir='ltr'>μὲν</span> <span class='ocrx_word' id='word_1_588' title='bbox 3202 4184 3411 4253; x_wconf 74' lang='grc' dir='ltr'>ἱστορία</span> <span class='ocrx_word' id='word_1_589' title='bbox 3460 4182 3623 4237; x_wconf 83' lang='grc' dir='ltr'>αὐτοῦ</span> <span class='ocrx_word' id='word_1_590' title='bbox 3654 4184 3725 4237; x_wconf 76' lang='grc' dir='ltr'>δι’</span> 
     </span>
    </p>
   </div>
   <div class='ocr_carea' id='block_1_90' title="bbox 2149 4274 3729 4348">
    <p class='ocr_par' dir='ltr' id='par_1_90' title="bbox 2149 4274 3729 4348">
     <span class='ocr_line' id='line_1_90' title="bbox 2149 4274 3729 4348; baseline 0.001 -19"><span class='ocrx_word' id='word_1_591' title='bbox 2149 4277 2268 4338; x_wconf 78' lang='grc' dir='ltr'>ἑνὸς</span> <span class='ocrx_word' id='word_1_592' title='bbox 2291 4275 2523 4345; x_wconf 75' lang='grc' dir='ltr'>βιϐλίου,</span> <span class='ocrx_word' id='word_1_593' title='bbox 2555 4276 2743 4346; x_wconf 88' lang='grc' dir='ltr'>τόμοις</span> <span class='ocrx_word' id='word_1_594' title='bbox 2772 4275 2833 4339; x_wconf 81' lang='grc' dir='ltr'>ἓξ</span> <span class='ocrx_word' id='word_1_595' title='bbox 2859 4276 3348 4347; x_wconf 82' lang='grc' dir='ltr'>συμπληρουμένη,</span> <span class='ocrx_word' id='word_1_596' title='bbox 3374 4278 3535 4348; x_wconf 79' lang='grc' dir='ltr'>μέχρι</span> <span class='ocrx_word' id='word_1_597' title='bbox 3571 4274 3729 4331; x_wconf 79' lang='grc' dir='ltr'>τοῦδε</span> 
     </span>
    </p>
   </div>
   <div class='ocr_carea' id='block_1_91' title="bbox 2149 4349 3722 4442">
    <p class='ocr_par' dir='ltr' id='par_1_91' title="bbox 2149 4349 3722 4442">
     <span class='ocr_line' id='line_1_91' title="bbox 2149 4349 3722 4442; baseline -0.001 -22"><span class='ocrx_word' id='word_1_598' title='bbox 2149 4368 2367 4439; x_wconf 86' lang='grc' dir='ltr'>πρόεισι</span> <span class='ocrx_word' id='word_1_599' title='bbox 2430 4349 2531 4422; x_wconf 57' lang='grc' dir='ltr'><strong>τοῦ’</strong></span> <span class='ocrx_word' id='word_1_600' title='bbox 2587 4368 2803 4437; x_wconf 86' lang='grc' dir='ltr'>χρόνου.</span> <span class='ocrx_word' id='word_1_601' title='bbox 2873 4369 3030 4421; x_wconf 85' lang='grc' dir='ltr'>Ἔστι</span> <span class='ocrx_word' id='word_1_602' title='bbox 3085 4369 3142 4422; x_wconf 81' lang='grc' dir='ltr'>δὲ</span> <span class='ocrx_word' id='word_1_603' title='bbox 3180 4372 3247 4424; x_wconf 81' lang='grc' dir='ltr'>ὁ¹</span> <span class='ocrx_word' id='word_1_604' title='bbox 3284 4370 3425 4442; x_wconf 85' lang='grc' dir='ltr'>ἀνὴρ</span> <span class='ocrx_word' id='word_1_605' title='bbox 3467 4367 3722 4440; x_wconf 77' lang='grc' dir='ltr'>ψευδολόο</span> 
     </span>
    </p>
   </div>
   <div class='ocr_carea' id='block_1_92' title="bbox 2151 4458 3731 4534">
    <p class='ocr_par' dir='ltr' id='par_1_92' title="bbox 2151 4458 3731 4534">
     <span class='ocr_line' id='line_1_92' title="bbox 2151 4458 3731 4534; baseline 0.001 -21"><span class='ocrx_word' id='word_1_606' title='bbox 2151 4477 2246 4528; x_wconf 91' lang='grc' dir='ltr'><strong>γος</strong></span> <span class='ocrx_word' id='word_1_607' title='bbox 2280 4477 2340 4513; x_wconf 88' lang='grc' dir='ltr'><strong>τε</strong></span> <span class='ocrx_word' id='word_1_608' title='bbox 2388 4461 2484 4513; x_wconf 75' lang='grc' dir='ltr'>καὶ</span> <span class='ocrx_word' id='word_1_609' title='bbox 2538 4459 2659 4513; x_wconf 83' lang='grc' dir='ltr'>οὐδὲ</span> <span class='ocrx_word' id='word_1_610' title='bbox 2719 4458 3041 4530; x_wconf 82' lang='grc' dir='ltr'>μυθολογίας</span> <span class='ocrx_word' id='word_1_611' title='bbox 3093 4462 3455 4534; x_wconf 73' lang='grc' dir='ltr'>ἀπεχόμενος.</span> <span class='ocrx_word' id='word_1_612' title='bbox 3491 4461 3731 4531; x_wconf 76' lang='grc' dir='ltr'>Ἐξαίρει</span> 
     </span>
    </p>
   </div>
   <div class='ocr_carea' id='block_1_93' title="bbox 2151 4552 3731 4625">
    <p class='ocr_par' dir='ltr' id='par_1_93' title="bbox 2151 4552 3731 4625">
     <span class='ocr_line' id='line_1_93' title="bbox 2151 4552 3731 4625; baseline -0.001 -19"><span class='ocrx_word' id='word_1_613' title='bbox 2151 4552 2209 4606; x_wconf 81' lang='grc' dir='ltr'>δὲ</span> <span class='ocrx_word' id='word_1_614' title='bbox 2246 4554 2303 4606; x_wconf 85' lang='grc' dir='ltr'><strong>ὲν</strong></span> <span class='ocrx_word' id='word_1_615' title='bbox 2340 4553 2438 4623; x_wconf 85' lang='grc' dir='ltr'>μὲν</span> <span class='ocrx_word' id='word_1_616' title='bbox 2463 4552 2642 4621; x_wconf 87' lang='grc' dir='ltr'>λόγοις</span> <span class='ocrx_word' id='word_1_617' title='bbox 2694 4553 2929 4623; x_wconf 80' lang='grc' dir='ltr'>μάλιστα</span> <span class='ocrx_word' id='word_1_618' title='bbox 2960 4555 3163 4609; x_wconf 79' lang='grc' dir='ltr'>’Δέτιον</span> <span class='ocrx_word' id='word_1_619' title='bbox 3194 4556 3287 4608; x_wconf 80' lang='grc' dir='ltr'>καὶ</span> <span class='ocrx_word' id='word_1_620' title='bbox 3310 4556 3588 4625; x_wconf 86' lang='grc' dir='ltr'>Εὐνόμιον,</span> <span class='ocrx_word' id='word_1_621' title='bbox 3625 4554 3731 4623; x_wconf 83' lang='grc' dir='ltr'>μό-</span> 
     </span>
    </p>
   </div>
   <div class='ocr_carea' id='block_1_94' title="bbox 2150 4643 3731 4715">
    <p class='ocr_par' dir='ltr' id='par_1_94' title="bbox 2150 4643 3731 4715">
     <span class='ocr_line' id='line_1_94' title="bbox 2150 4643 3731 4715; baseline -0.002 -17"><span class='ocrx_word' id='word_1_622' title='bbox 2150 4661 2275 4708; x_wconf 90' lang='grc' dir='ltr'>νους</span> <span class='ocrx_word' id='word_1_623' title='bbox 2350 4644 2694 4714; x_wconf 79' lang='grc' dir='ltr'>ἀνακαθᾶραι</span> <span class='ocrx_word' id='word_1_624' title='bbox 2747 4644 2817 4698; x_wconf 86' lang='grc' dir='ltr'>τὰ</span> <span class='ocrx_word' id='word_1_625' title='bbox 2879 4647 2979 4715; x_wconf 82' lang='grc' dir='ltr'>τῆς</span> <span class='ocrx_word' id='word_1_626' title='bbox 3027 4644 3310 4709; x_wconf 73' lang='grc' dir='ltr'>εὐσεϐείας</span> <span class='ocrx_word' id='word_1_627' title='bbox 3353 4644 3597 4715; x_wconf 81' lang='grc' dir='ltr'>δόγματα</span> <span class='ocrx_word' id='word_1_628' title='bbox 3644 4643 3731 4713; x_wconf 81' lang='grc' dir='ltr'>τῷ</span> 
     </span>
    </p>
   </div>
   <div class='ocr_carea' id='block_1_95' title="bbox 2148 4737 3728 4811">
    <p class='ocr_par' dir='ltr' id='par_1_95' title="bbox 2148 4737 3728 4811">
     <span class='ocr_line' id='line_1_95' title="bbox 2148 4737 3728 4811; baseline -0.005 -15"><span class='ocrx_word' id='word_1_629' title='bbox 2148 4740 2326 4810; x_wconf 81' lang='grc' dir='ltr'>χρόνῳ</span> <span class='ocrx_word' id='word_1_630' title='bbox 2378 4738 2809 4810; x_wconf 74' lang='grc' dir='ltr'>συγκεχωσμένα</span> <span class='ocrx_word' id='word_1_631' title='bbox 2855 4740 3280 4811; x_wconf 85' lang='grc' dir='ltr'>τερατευόμενος</span> <span class='ocrx_word' id='word_1_632' title='bbox 3315 4743 3374 4794; x_wconf 75' lang='grc' dir='ltr'>ὲν</span> <span class='ocrx_word' id='word_1_633' title='bbox 3419 4737 3728 4810; x_wconf 87' lang='grc' dir='ltr'>τεραστίοις</span> 
     </span>
    </p>
   </div>
   <div class='ocr_carea' id='block_1_96' title="bbox 1754 4872 2425 4933">
    <p class='ocr_par' dir='ltr' id='par_1_96' title="bbox 1754 4872 2425 4933">
     <span class='ocr_line' id='line_1_96' title="bbox 1754 4872 2425 4933; baseline 0.01 -7"><span class='ocrx_word' id='word_1_634' title='bbox 1754 4872 1984 4929; x_wconf 69' lang='lat' dir='ltr'><strong>VARI/ﬁ</strong></span> <span class='ocrx_word' id='word_1_635' title='bbox 2019 4873 2425 4933; x_wconf 86' lang='lat' dir='ltr'><strong>LECTIONES.</strong></span> 
     </span>
    </p>
   </div>
   <div class='ocr_carea' id='block_1_97' title="bbox 536 4986 3695 5066">
    <p class='ocr_par' dir='ltr' id='par_1_97' title="bbox 536 4986 3695 5066">
     <span class='ocr_line' id='line_1_97' title="bbox 536 4986 3695 5066; baseline -0.005 -11"><span class='ocrx_word' id='word_1_636' title='bbox 536 4990 584 5022; x_wconf 70' lang='grc'><strong>’⁸</strong></span> <span class='ocrx_word' id='word_1_637' title='bbox 613 4991 735 5046; x_wconf 70' lang='lat' dir='ltr'><strong>libri</strong></span> <span class='ocrx_word' id='word_1_638' title='bbox 762 4989 1071 5062; x_wconf 75' lang='grc' dir='ltr'>ἱεροκλέωςο</span> <span class='ocrx_word' id='word_1_639' title='bbox 1148 4986 1194 5022; x_wconf 67' lang='grc'>⁸⁷</span> <span class='ocrx_word' id='word_1_640' title='bbox 1219 4989 1403 5044; x_wconf 70' lang='lat' dir='ltr'><strong>malim</strong></span> <span class='ocrx_word' id='word_1_641' title='bbox 1433 4990 1730 5060; x_wconf 82' lang='grc' dir='ltr'>ἀχαρίτως.</span> <span class='ocrx_word' id='word_1_642' title='bbox 1807 4991 1854 5024; x_wconf 76' lang='grc'><strong>’⁸</strong></span> <span class='ocrx_word' id='word_1_643' title='bbox 1893 4993 2204 5065; x_wconf 76' lang='grc' dir='ltr'>ἐκφαντικῷ</span> <span class='ocrx_word' id='word_1_644' title='bbox 2243 5009 2387 5049; x_wconf 89' lang='lat' dir='ltr'><strong>corr.</strong></span> <span class='ocrx_word' id='word_1_645' title='bbox 2418 4995 2482 5050; x_wconf 83' lang='lat' dir='ltr'><strong>A.</strong></span> <span class='ocrx_word' id='word_1_646' title='bbox 2559 4998 2604 5028; x_wconf 83' lang='lat'>”</span> <span class='ocrx_word' id='word_1_647' title='bbox 2632 4992 3064 5066; x_wconf 75' lang='grc' dir='ltr'>ὑπερϐάλλεσθαι</span> <span class='ocrx_word' id='word_1_648' title='bbox 3094 5010 3156 5059; x_wconf 85' lang='grc' dir='ltr'><strong>ς.</strong></span> <span class='ocrx_word' id='word_1_649' title='bbox 3232 4991 3249 5022; x_wconf 90' lang='grc'>¹</span> <span class='ocrx_word' id='word_1_650' title='bbox 3280 4990 3309 5042; x_wconf 81' lang='grc' dir='ltr'>ὁ</span> <span class='ocrx_word' id='word_1_651' title='bbox 3338 4988 3492 5043; x_wconf 82' lang='lat' dir='ltr'><strong>libris</strong></span> <span class='ocrx_word' id='word_1_652' title='bbox 3521 4986 3695 5040; x_wconf 82' lang='lat' dir='ltr'><strong>deest.</strong></span> 
     </span>
    </p>
   </div>
   <div class='ocr_carea' id='block_1_98' title="bbox 1986 5105 2212 5163">
    <p class='ocr_par' dir='ltr' id='par_1_98' title="bbox 1986 5105 2212 5163">
     <span class='ocr_line' id='line_1_98' title="bbox 1986 5105 2212 5163; baseline 0.013 -3"><span class='ocrx_word' id='word_1_653' title='bbox 1986 5105 2212 5163; x_wconf 71' lang='grc' dir='ltr'>ΝΟΤιΕ.</span> 
     </span>
    </p>
   </div>
   <div class='ocr_carea' id='block_1_99' title="bbox 542 5223 1152 5297">
    <p class='ocr_par' dir='ltr' id='par_1_99' title="bbox 542 5223 1152 5297">
     <span class='ocr_line' id='line_1_99' title="bbox 542 5223 1152 5297; baseline 0.002 -16"><span class='ocrx_word' id='word_1_654' title='bbox 542 5223 779 5297; x_wconf 80' lang='grc' dir='ltr'><strong>(56)1η1“.</strong></span> <span class='ocrx_word' id='word_1_655' title='bbox 814 5228 935 5282; x_wconf 86' lang='lat' dir='ltr'><strong>cod.</strong></span> <span class='ocrx_word' id='word_1_656' title='bbox 969 5224 1152 5282; x_wconf 79' lang='lat' dir='ltr'><strong>mn.</strong></span> 
     </span>
    </p>
   </div>
   <div class='ocr_carea' id='block_1_100' title="bbox 545 5296 2044 5369">
    <p class='ocr_par' dir='ltr' id='par_1_100' title="bbox 545 5296 2044 5369">
     <span class='ocr_line' id='line_1_100' title="bbox 545 5296 2044 5369; baseline -0.001 -16"><span class='ocrx_word' id='word_1_657' title='bbox 545 5300 656 5369; x_wconf 78' lang='lat'><strong>(57)</strong></span> <span class='ocrx_word' id='word_1_658' title='bbox 686 5301 1020 5369; x_wconf 15' lang='lat' dir='ltr'><strong>Septemreos</strong></span> <span class='ocrx_word' id='word_1_659' title='bbox 1057 5298 1222 5353; x_wconf 80' lang='lat' dir='ltr'><strong>fuisse</strong></span> <span class='ocrx_word' id='word_1_660' title='bbox 1271 5297 1524 5367; x_wconf 83' lang='lat' dir='ltr'><strong>colligere</strong></span> <span class='ocrx_word' id='word_1_661' title='bbox 1560 5297 1690 5352; x_wconf 90' lang='lat' dir='ltr'><strong>licet</strong></span> <span class='ocrx_word' id='word_1_662' title='bbox 1741 5313 1806 5351; x_wconf 90' lang='lat' dir='ltr'><strong>ex</strong></span> <span class='ocrx_word' id='word_1_663' title='bbox 1866 5296 2044 5369; x_wconf 68' lang='lat' dir='ltr'><strong>libello</strong></span> 
     </span>
    </p>
   </div>
   <div class='ocr_carea' id='block_1_101' title="bbox 475 5367 2043 5437">
    <p class='ocr_par' dir='ltr' id='par_1_101' title="bbox 475 5367 2043 5437">
     <span class='ocr_line' id='line_1_101' title="bbox 475 5367 2043 5437; baseline -0.002 -16"><span class='ocrx_word' id='word_1_664' title='bbox 475 5367 712 5433; x_wconf 72' lang='lat' dir='ltr'><strong>Eusebii,</strong></span> <span class='ocrx_word' id='word_1_665' title='bbox 734 5368 1016 5437; x_wconf 76' lang='lat' dir='ltr'><strong>quiatlhuc</strong></span> <span class='ocrx_word' id='word_1_666' title='bbox 1045 5378 1311 5436; x_wconf 87' lang='lat' dir='ltr'><strong>superest,</strong></span> <span class='ocrx_word' id='word_1_667' title='bbox 1338 5369 1438 5423; x_wconf 89' lang='lat' dir='ltr'><strong>hac</strong></span> <span class='ocrx_word' id='word_1_668' title='bbox 1466 5369 1818 5436; x_wconf 86' lang='lat' dir='ltr'><strong>inscriptione</strong></span> <span class='ocrx_word' id='word_1_669' title='bbox 1854 5386 1867 5422; x_wconf 88' lang='lat'><strong>:</strong></span> <span class='ocrx_word' id='word_1_670' title='bbox 1895 5387 1912 5419; x_wconf 83' lang='grc' dir='ltr'>ι</span> <span class='ocrx_word' id='word_1_671' title='bbox 1937 5367 2043 5419; x_wconf 85' lang='lat' dir='ltr'><strong>Eu-</strong></span> 
     </span>
    </p>
   </div>
   <div class='ocr_carea' id='block_1_102' title="bbox 475 5437 2047 5507">
    <p class='ocr_par' dir='ltr' id='par_1_102' title="bbox 475 5437 2047 5507">
     <span class='ocr_line' id='line_1_102' title="bbox 475 5437 2047 5507; baseline -0.001 -17"><span class='ocrx_word' id='word_1_672' title='bbox 475 5439 607 5492; x_wconf 88' lang='lat' dir='ltr'><strong>sebii</strong></span> <span class='ocrx_word' id='word_1_673' title='bbox 637 5438 900 5505; x_wconf 81' lang='lat' dir='ltr'><strong>Pamphili</strong></span> <span class='ocrx_word' id='word_1_674' title='bbox 938 5437 1204 5507; x_wconf 57' lang='lat' dir='ltr'><strong>Caesarea:</strong></span> <span class='ocrx_word' id='word_1_675' title='bbox 1248 5439 1410 5507; x_wconf 73' lang='lat' dir='ltr'><strong>episc.</strong></span> <span class='ocrx_word' id='word_1_676' title='bbox 1462 5437 1761 5492; x_wconf 80' lang='lat' dir='ltr'><strong>confutatio</strong></span> <span class='ocrx_word' id='word_1_677' title='bbox 1816 5439 2047 5507; x_wconf 86' lang='lat' dir='ltr'><strong>scripto-</strong></span> 
     </span>
    </p>
   </div>
   <div class='ocr_carea' id='block_1_103' title="bbox 476 5506 2049 5588">
    <p class='ocr_par' dir='ltr' id='par_1_103' title="bbox 476 5506 2049 5588">
     <span class='ocr_line' id='line_1_103' title="bbox 476 5506 2049 5588; baseline -0.001 -29"><span class='ocrx_word' id='word_1_678' title='bbox 476 5508 908 5588; x_wconf 40' lang='lat' dir='ltr'><strong>runhilieroclis,</strong></span> <span class='ocrx_word' id='word_1_679' title='bbox 935 5506 1212 5579; x_wconf 79' lang='lat' dir='ltr'><strong>Tyaneum</strong></span> <span class='ocrx_word' id='word_1_680' title='bbox 1258 5506 1473 5562; x_wconf 76' lang='lat' dir='ltr'><strong>Christo</strong></span> <span class='ocrx_word' id='word_1_681' title='bbox 1519 5509 1799 5562; x_wconf 81' lang='lat' dir='ltr'><strong>Servatori</strong></span> <span class='ocrx_word' id='word_1_682' title='bbox 1836 5506 2049 5575; x_wconf 85' lang='lat' dir='ltr'><strong>compa-</strong></span> 
     </span>
    </p>
   </div>
   <div class='ocr_carea' id='block_1_104' title="bbox 477 5588 715 5632">
    <p class='ocr_par' dir='ltr' id='par_1_104' title="bbox 477 5588 715 5632">
     <span class='ocr_line' id='line_1_104' title="bbox 477 5588 715 5632; baseline -0.004 -3"><span class='ocrx_word' id='word_1_683' title='bbox 477 5588 663 5632; x_wconf 72' lang='grc' dir='ltr'>ῐιιιιιιε.</span> <span class='ocrx_word' id='word_1_684' title='bbox 698 5596 715 5628; x_wconf 71' lang='grc' dir='ltr'>ι</span> 
     </span>
    </p>
   </div>
   <div class='ocr_carea' id='block_1_105' title="bbox 548 5645 2033 5716">
    <p class='ocr_par' dir='ltr' id='par_1_105' title="bbox 548 5645 2033 5716">
     <span class='ocr_line' id='line_1_105' title="bbox 548 5645 2033 5716; baseline -0.001 -16"><span class='ocrx_word' id='word_1_685' title='bbox 548 5646 657 5716; x_wconf 83' lang='lat'><strong>(58)</strong></span> <span class='ocrx_word' id='word_1_686' title='bbox 692 5646 934 5701; x_wconf 78' lang='lat' dir='ltr'><strong>Meminit</strong></span> <span class='ocrx_word' id='word_1_687' title='bbox 966 5645 1079 5715; x_wconf 85' lang='lat' dir='ltr'><strong>ejus</strong></span> <span class='ocrx_word' id='word_1_688' title='bbox 1111 5646 1305 5701; x_wconf 84' lang='lat' dir='ltr'><strong>Suidas</strong></span> <span class='ocrx_word' id='word_1_689' title='bbox 1340 5648 1392 5701; x_wconf 89' lang='lat' dir='ltr'><strong>in</strong></span> <span class='ocrx_word' id='word_1_690' title='bbox 1426 5647 1653 5703; x_wconf 89' lang='lat' dir='ltr'><strong>Leontio</strong></span> <span class='ocrx_word' id='word_1_691' title='bbox 1680 5646 2033 5714; x_wconf 81' lang='lat' dir='ltr'><strong>Tripolitano,</strong></span> 
     </span>
    </p>
   </div>
   <div class='ocr_carea' id='block_1_106' title="bbox 2147 5218 3734 5292">
    <p class='ocr_par' dir='ltr' id='par_1_106' title="bbox 2147 5218 3734 5292">
     <span class='ocr_line' id='line_1_106' title="bbox 2147 5218 3734 5292; baseline -0.008 -9"><span class='ocrx_word' id='word_1_692' title='bbox 2147 5227 2356 5283; x_wconf 87' lang='lat' dir='ltr'><strong>Callist.</strong></span> <span class='ocrx_word' id='word_1_693' title='bbox 2398 5228 2492 5284; x_wconf 91' lang='lat' dir='ltr'><strong>lib.</strong></span> <span class='ocrx_word' id='word_1_694' title='bbox 2537 5243 2576 5292; x_wconf 86' lang='grc' dir='ltr'>ι,</span> <span class='ocrx_word' id='word_1_695' title='bbox 2610 5243 2660 5282; x_wconf 92' lang='lat' dir='ltr'><strong>c.</strong></span> <span class='ocrx_word' id='word_1_696' title='bbox 2696 5227 2841 5291; x_wconf 83' lang='lat' dir='ltr'><strong>init.,</strong></span> <span class='ocrx_word' id='word_1_697' title='bbox 2873 5227 2983 5282; x_wconf 82' lang='lat' dir='ltr'><strong>Deo</strong></span> <span class='ocrx_word' id='word_1_698' title='bbox 3022 5227 3247 5282; x_wconf 79' lang='lat' dir='ltr'><strong>invisum</strong></span> <span class='ocrx_word' id='word_1_699' title='bbox 3286 5221 3555 5292; x_wconf 89' lang='lat' dir='ltr'><strong>nominat,</strong></span> <span class='ocrx_word' id='word_1_700' title='bbox 3581 5218 3734 5272; x_wconf 85' lang='lat' dir='ltr'><strong>reci-</strong></span> 
     </span>
    </p>
   </div>
   <div class='ocr_carea' id='block_1_107' title="bbox 2150 5291 3727 5402">
    <p class='ocr_par' dir='ltr' id='par_1_107' title="bbox 2150 5291 3727 5402">
     <span class='ocr_line' id='line_1_107' title="bbox 2150 5291 3727 5402; baseline -0.008 -49"><span class='ocrx_word' id='word_1_701' title='bbox 2150 5308 2469 5402; x_wconf 46' lang='grc' dir='ltr'><strong>ιῖιιιυξοείξη</strong></span> <span class='ocrx_word' id='word_1_702' title='bbox 2494 5291 2685 5353; x_wconf 86' lang='lat' dir='ltr'><strong>eodem</strong></span> <span class='ocrx_word' id='word_1_703' title='bbox 2736 5300 2801 5352; x_wconf 89' lang='lat' dir='ltr'><strong>de</strong></span> <span class='ocrx_word' id='word_1_704' title='bbox 2850 5299 3113 5353; x_wconf 82' lang='lat' dir='ltr'><strong>Eunotnio</strong></span> <span class='ocrx_word' id='word_1_705' title='bbox 3154 5295 3398 5366; x_wconf 66' lang='lat' dir='ltr'><strong>quaedam</strong></span> <span class='ocrx_word' id='word_1_706' title='bbox 3450 5291 3587 5346; x_wconf 89' lang='lat' dir='ltr'><strong>libro</strong></span> <span class='ocrx_word' id='word_1_707' title='bbox 3623 5303 3727 5356; x_wconf 82' lang='lat' dir='ltr'><strong>xu,</strong></span> 
     </span>
    </p>
   </div>
   <div class='ocr_carea' id='block_1_108' title="bbox 2148 5367 3729 5507">
    <p class='ocr_par' dir='ltr' id='par_1_108' title="bbox 2148 5367 3729 5507">
     <span class='ocr_line' id='line_1_108' title="bbox 2298 5370 2330 5402; baseline 0 -5"><span class='ocrx_word' id='word_1_708' title='bbox 2298 5370 2330 5402; x_wconf 76' lang='grc' dir='ltr'><strong>ο</strong></span> 
     </span>
     <span class='ocr_line' id='line_1_109' title="bbox 2148 5367 3729 5507; baseline -0.004 -13"><span class='ocrx_word' id='word_1_709' title='bbox 2148 5367 2609 5507; x_wconf 39' lang='grc' dir='ltr'><strong>ωἳέὶθᾷὁίἕοοιιο</strong></span> <span class='ocrx_word' id='word_1_710' title='bbox 2656 5439 2885 5507; x_wconf 88' lang='lat' dir='ltr'><strong>plurima</strong></span> <span class='ocrx_word' id='word_1_711' title='bbox 2936 5436 3074 5491; x_wconf 90' lang='lat' dir='ltr'><strong>scitu</strong></span> <span class='ocrx_word' id='word_1_712' title='bbox 3119 5437 3426 5507; x_wconf 38' lang='lat' dir='ltr'><strong>dignaunon</strong></span> <span class='ocrx_word' id='word_1_713' title='bbox 3463 5446 3570 5486; x_wconf 91' lang='lat' dir='ltr'><strong>uno</strong></span> <span class='ocrx_word' id='word_1_714' title='bbox 3603 5431 3729 5488; x_wconf 90' lang='lat' dir='ltr'><strong>loco</strong></span> 
     </span>
    </p>
   </div>
   <div class='ocr_carea' id='block_1_109' title="bbox 2153 5504 3623 5581">
    <p class='ocr_par' dir='ltr' id='par_1_109' title="bbox 2153 5504 3623 5581">
     <span class='ocr_line' id='line_1_110' title="bbox 2153 5504 3623 5581; baseline -0.003 -20"><span class='ocrx_word' id='word_1_715' title='bbox 2153 5504 2355 5581; x_wconf 69' lang='lat' dir='ltr'><strong>scripta</strong></span> <span class='ocrx_word' id='word_1_716' title='bbox 2370 5504 2605 5581; x_wconf 49' lang='lat' dir='ltr'><strong>reliquit</strong></span> <span class='ocrx_word' id='word_1_717' title='bbox 2633 5504 2919 5581; x_wconf 85' lang='lat' dir='ltr'><strong>Nicephor.</strong></span> <span class='ocrx_word' id='word_1_718' title='bbox 2949 5508 3159 5581; x_wconf 62' lang='lat' dir='ltr'><strong>Callist.</strong></span> <span class='ocrx_word' id='word_1_719' title='bbox 3191 5508 3242 5559; x_wconf 91' lang='lat' dir='ltr'><strong>in</strong></span> <span class='ocrx_word' id='word_1_720' title='bbox 3274 5504 3477 5581; x_wconf 72' lang='lat' dir='ltr'><strong>Histor.</strong></span> <span class='ocrx_word' id='word_1_721' title='bbox 3612 5570 3623 5581; x_wconf 42' lang='lat'><em>.</em></span> 
     </span>
    </p>
   </div>
   <div class='ocr_carea' id='block_1_110' title="bbox 2224 5576 3729 5647">
    <p class='ocr_par' dir='ltr' id='par_1_110' title="bbox 2224 5576 3729 5647">
     <span class='ocr_line' id='line_1_111' title="bbox 2224 5576 3729 5647; baseline -0.005 -14"><span class='ocrx_word' id='word_1_722' title='bbox 2224 5576 2336 5647; x_wconf 69' lang='lat'><strong>(00)</strong></span> <span class='ocrx_word' id='word_1_723' title='bbox 2369 5579 2493 5643; x_wconf 82' lang='lat' dir='ltr'><strong>Ejus</strong></span> <span class='ocrx_word' id='word_1_724' title='bbox 2547 5581 2645 5633; x_wconf 91' lang='lat' dir='ltr'><strong>hac</strong></span> <span class='ocrx_word' id='word_1_725' title='bbox 2698 5580 2765 5633; x_wconf 85' lang='lat' dir='ltr'><strong>de</strong></span> <span class='ocrx_word' id='word_1_726' title='bbox 2812 5594 2869 5631; x_wconf 87' lang='lat' dir='ltr'><strong>re</strong></span> <span class='ocrx_word' id='word_1_727' title='bbox 2924 5580 2990 5631; x_wconf 88' lang='lat' dir='ltr'><strong>ad</strong></span> <span class='ocrx_word' id='word_1_728' title='bbox 3044 5576 3478 5647; x_wconf 7' lang='lat' dir='ltr'><strong>Aetiumgips‘um</strong></span> <span class='ocrx_word' id='word_1_729' title='bbox 3522 5576 3729 5647; x_wconf 74' lang='lat' dir='ltr'><strong>scripta</strong></span> 
     </span>
    </p>
   </div>
   <div class='ocr_carea' id='block_1_111' title="bbox 2150 5645 3727 5717">
    <p class='ocr_par' dir='ltr' id='par_1_111' title="bbox 2150 5645 3727 5717">
     <span class='ocr_line' id='line_1_112' title="bbox 2150 5645 3727 5717; baseline -0.006 -12"><span class='ocrx_word' id='word_1_730' title='bbox 2150 5645 2377 5717; x_wconf 80' lang='lat' dir='ltr'><strong>epismla</strong></span> <span class='ocrx_word' id='word_1_731' title='bbox 2409 5648 2571 5702; x_wconf 87' lang='lat' dir='ltr'><strong>hodie</strong></span> <span class='ocrx_word' id='word_1_732' title='bbox 2601 5659 2800 5711; x_wconf 88' lang='lat' dir='ltr'><strong>exstat,</strong></span> <span class='ocrx_word' id='word_1_733' title='bbox 2830 5663 2951 5700; x_wconf 91' lang='lat' dir='ltr'><strong>cum</strong></span> <span class='ocrx_word' id='word_1_734' title='bbox 2986 5650 3197 5703; x_wconf 64' lang='lat' dir='ltr'><strong>caeteris</strong></span> <span class='ocrx_word' id='word_1_735' title='bbox 3239 5645 3479 5715; x_wconf 78' lang='lat' dir='ltr'><strong>ejusdem</strong></span> <span class='ocrx_word' id='word_1_736' title='bbox 3529 5645 3727 5711; x_wconf 74' lang='lat' dir='ltr'><strong>imper.</strong></span> 
     </span>
    </p>
   </div>
   <div class='ocr_carea' id='block_1_112' title="bbox 478 5716 3083 5786">
    <p class='ocr_par' dir='ltr' id='par_1_112' title="bbox 478 5716 3083 5786">
     <span class='ocr_line' id='line_1_113' title="bbox 478 5716 3083 5786; baseline 0.002 -21"><span class='ocrx_word' id='word_1_737' title='bbox 478 5716 634 5786; x_wconf 78' lang='lat' dir='ltr'><strong>allata</strong></span> <span class='ocrx_word' id='word_1_738' title='bbox 685 5729 739 5770; x_wconf 92' lang='lat' dir='ltr'><strong>et</strong></span> <span class='ocrx_word' id='word_1_739' title='bbox 793 5718 1103 5773; x_wconf 79' lang='lat' dir='ltr'><strong>narratione</strong></span> <span class='ocrx_word' id='word_1_740' title='bbox 1154 5721 1385 5785; x_wconf 82' lang='lat' dir='ltr'><strong>quadam</strong></span> <span class='ocrx_word' id='word_1_741' title='bbox 1437 5734 1502 5772; x_wconf 82' lang='lat' dir='ltr'><strong>ex</strong></span> <span class='ocrx_word' id='word_1_742' title='bbox 1549 5719 1647 5771; x_wconf 88' lang='lat' dir='ltr'><strong>hac</strong></span> <span class='ocrx_word' id='word_1_743' title='bbox 1693 5717 2037 5786; x_wconf 86' lang='lat' dir='ltr'><strong>Philostorgii</strong></span> <span class='ocrx_word' id='word_1_744' title='bbox 2148 5716 2334 5775; x_wconf 62' lang='lat' dir='ltr'><strong>Graece</strong></span> <span class='ocrx_word' id='word_1_745' title='bbox 2361 5729 2416 5775; x_wconf 89' lang='lat' dir='ltr'><strong>et</strong></span> <span class='ocrx_word' id='word_1_746' title='bbox 2443 5718 2635 5773; x_wconf 81' lang='lat' dir='ltr'><strong>Latine</strong></span> <span class='ocrx_word' id='word_1_747' title='bbox 2666 5719 2809 5774; x_wconf 85' lang='lat' dir='ltr'><strong>edita</strong></span> <span class='ocrx_word' id='word_1_748' title='bbox 2840 5716 3083 5772; x_wconf 86' lang='lat' dir='ltr'><strong>Parisiis.</strong></span> 
     </span>
    </p>
   </div>
   <div class='ocr_carea' id='block_1_113' title="bbox 480 5785 2032 5858">
    <p class='ocr_par' dir='ltr' id='par_1_113' title="bbox 480 5785 2032 5858">
     <span class='ocr_line' id='line_1_114' title="bbox 480 5785 2032 5858; baseline -0.001 -18"><span class='ocrx_word' id='word_1_749' title='bbox 480 5785 730 5849; x_wconf 75' lang='lat' dir='ltr'><strong>historia;</strong></span> <span class='ocrx_word' id='word_1_750' title='bbox 759 5801 1079 5853; x_wconf 81' lang='lat' dir='ltr'><strong>rursumque</strong></span> <span class='ocrx_word' id='word_1_751' title='bbox 1109 5788 1160 5841; x_wconf 93' lang='lat' dir='ltr'><strong>in</strong></span> <span class='ocrx_word' id='word_1_752' title='bbox 1188 5788 1454 5858; x_wconf 81' lang='lat' dir='ltr'><strong>l’hlegone</strong></span> <span class='ocrx_word' id='word_1_753' title='bbox 1474 5786 1777 5853; x_wconf 87' lang='lat' dir='ltr'><strong>Tralliano;</strong></span> <span class='ocrx_word' id='word_1_754' title='bbox 1803 5786 2032 5856; x_wconf 86' lang='lat' dir='ltr'><strong>Nicepb.</strong></span> 
     </span>
    </p>
   </div>
  </div>
