4030 6446
583 442 656 507 ’15
1752 439 2019 500 ΡΗΟΤΙῘ
2059 440 2174 500 PM

2252 439 2565 499 .[ARCH/E
2605 439 2715 499 (ΣΡ.
3776 434 3843 495 76

584 556 753 623 llujus
794 554 1038 611 historiae
1084 552 1205 609 libri
1252 554 1438 608 decem
1472 566 1618 620 sunt,
1649 562 1707 607 ut
1739 554 1828 608 ille
1865 556 1976 623 ipse
2008 556 2161 625 polli-

2263 556 2336 617 ὡς
2371 556 2463 606 καὶ
2496 553 2661 614 αὐτὸς
2710 551 2919 611 ἐκεῖνος
2965 537 3498 617 ἐπαγγέλλεται.⁷Ων
3543 542 3674 611 ἡμῖν
3725 543 3849 601 τοὺς

580 660 756 714 cetur,
793 662 1022 716 quorum
1070 646 1311 715 quinque
1354 646 1616 700 duntaxat
1658 646 1837 716 legere
1860 647 1990 700 mihi
2024 662 2157 700 con-

2267 647 2428 699 πέντε
2461 645 2687 714 γέγονεν
2713 642 3057 709 ἀναγνῶναι,
3090 641 3448 710 περιέχοντας
3475 633 3579 705 (ὡς
3609 633 3847 705 ἔφημεν)

579 736 719 807 tigit,
762 736 1046 790 historiam
1092 733 1436 788 continentes
1482 735 1562 803 (nt
1591 734 1703 804 jam
1738 732 1872 803 dixi)
1901 749 1930 787 a
1961 732 2158 789 Nesto-

2265 733 2373 786 ἀπὸ
2399 733 2499 801 τῆς
2532 730 2830 801 Νεστορίου
2865 727 3215 798 βλασφημίας
3257 727 3423 797 μέχρι
3447 724 3545 794 τῆς
3572 722 3664 776 τοῦ
3696 725 3852 792 αἱρε-

577 830 642 883 rii
673 828 1030 897 blasphemia,
1056 842 1225 896 usque
1267 828 1334 881 ad
1368 825 1510 881 Petri
1556 825 1792 880 haaretici
1826 840 1858 881 ο
1900 828 2031 880 sede
2067 828 2154 880 de-

1556 825 1792 880 ltaaretici
1826 840 1858 881 θ
1900 828 2031 880 sede
2067 828 2154 880 de-
2265 821 2417 874 τικοῦ
2468 823 2673 892 Πέτρου
2715 821 3113 891 καθαιρέσεως.

573 922 887 993 jectionem.

1280 1007 1439 1062 XLII.
2983 1002 3116 1054 MB'.

682 1097 875 1153 Basilii
906 1099 1092 1155 Cilicia
1123 1097 1512 1155 Ecclesiasticaa
1544 1098 1778 1153 Ιιὶειοτίω
1805 1098 1927 1151 libri
1966 1111 2050 1153 ιιι.

2333 1095 2663 1147 Βασιλείαν
2694 1093 2941 1158 Κίλικος
2970 1092 3485 1161 Ἐκκλησιαστικὴ
3530 1096 3781 1162 ἱστορία.

653 1193 819 1248 Lecta
843 1204 928 1247 est
949 1194 1132 1248 Basilii
1158 1192 1344 1246 Cilicis
1369 1193 1606 1246 Historia
1636 1193 1987 1247 ecclesiastica
2015 1192 2153 1263 (67).

2340 1183 2686 1253 Ἀνεγνώσθη
2742 1182 3023 1235 Βασιλείου
3065 1180 3291 1245 Κίλικος
3344 1183 3852 1251 Ἐκκλησιαστικὴ

579 1281 775 1351 Incipit
811 1280 879 1335 ab
920 1282 1136 1335 interitu
1176 1281 1439 1350 Simplicii
1484 1284 1632 1337 urbis
1663 1283 1849 1337 Roma:
1892 1285 2157 1353 episconi,

2266 1276 2523 1345 ἱστορία.
2556 1277 2819 1346 Ἀρχεται
2851 1274 2960 1328 ἀπὸ
2987 1275 3088 1347 τῆς
3112 1275 3366 1345 τελευτῆς
3405 1277 3729 1347 Σιμπλικίου
3762 1280 3852 1332 τοῦ

578 1372 672 1441 qui
738 1375 806 1425 ad
864 1372 1121 1426 Acacium
1197 1370 1860 1442 Constantinopolitanum
1937 1377 2158 1446 scripsit

2283 1367 2527 1437 Ῥώμης,
2563 1368 2621 1430 ὃς
2653 1368 2790 1438 πρὸς
2826 1367 3081 1420 Ἀκάκιον
3110 1369 3201 1421 τὸν
3233 1369 3853 1437 Κωνσταντινουπόλεως

578 1479 648 1521 ne
697 1480 819 1519 cum
870 1465 1033 1520 Petro
1085 1466 1176 1535 qui
1234 1466 1459 1537 Mungns
1512 1474 1926 1539 cognominatus
1968 1479 2074 1535 est,
2105 1481 2160 1525 et

2266 1458 2505 1530 ἔγραψεν
2546 1460 2852 1528 ἀποστῆναι
2895 1460 2995 1528 τῆς
3044 1460 3180 1530 πρὸς
3229 1460 3435 1531 Πέτρον
3478 1462 3572 1515 τὸν
3607 1463 3854 1529 Ἀλεξάν-

579 1567 705 1613 ιιιιιο
770 1558 1155 1613 Alexandriam
1218 1562 1638 1631 corrumpebat,
1703 1564 2155 1618 communicaret.

2263 1550 2481 1619 δρειαν⁶
2514 1550 2913 1619 λυμαινόμενον
2944 1549 3250 1615 κοινωνίας,
3277 1544 3321 1618 ᾧ
3354 1552 3585 1623 ἐπίκλην
3607 1554 3851 1622 Μογγός·

579 1648 680 1705 Hic
726 1650 870 1706 enim
910 1649 1101 1704 Petrus
1140 1660 1382 1706 sanctam
1413 1653 1755 1710 Chalcedone
1798 1655 2033 1710 habitam
2066 1671 2159 1726 sy-

2269 1637 2419 1705 οὖτος
2456 1641 2565 1712 γὰρ
2599 1643 2697 1710 τὴν
2729 1645 2788 1694 ἐν
2834 1642 3140 1713 Καλχηδόνι
3174 1644 3333 1713 ἁγίαν
3371 1644 3591 1701 σύνοδον
3624 1648 3860 1720 δημοσίᾳ

575 1742 776 1795 nodum
808 1742 1025 1811 publice
1055 1750 1222 1812 atque
1259 1744 1311 1797 in
1350 1745 1592 1800 Ecclesia
1626 1748 1975 1804 anathemate
2005 1750 2157 1804 dam-

2267 1738 2363 1790 καὶ
2413 1738 2471 1789 ἐν
2506 1736 2807 1807 Ἐκκλησία
2844 1738 3225 1807 ἁνεθεμάτιζε.
3259 1738 3338 1791 Δι’
3367 1739 3425 1792 ὃν
3473 1741 3567 1793 καὶ
3599 1742 3857 1806 Ἀκάκιος

574 1831 760 1887 nabat.
806 1832 911 1888 Per
952 1849 1114 1901 quem
1165 1844 1219 1888 et
1261 1835 1493 1891 Aeacius
1534 1839 1705 1907 (recte
1744 1840 1963 1908 quidem
2002 1840 2158 1895 initio

2265 1828 2445 1893 καλῶς
2500 1830 2765 1900 πρότερον
2818 1831 2939 1882 κατ’
2967 1830 3135 1883 αὑτοῦ
3183 1832 3564 1903 κεκινημένος,
3628 1833 3856 1905 ὓστερον

571 1934 763 1981 contra
818 1927 994 1995 ipsum
1050 1934 1351 1997 permotus)
1404 1939 1553 1998 post,
1598 1932 1742 2000 quod
1796 1934 1863 1987 ab
1913 1933 2005 1989 illo
2052 1949 2156 1987 non

2265 1923 2363 1975 οὐκ
2392 1923 2879 1992 ἀποστρεφόμενος
2909 1923 3189 1993 αίρετικοῦ
3232 1924 3393 1991 δόξαν
3441 1926 3593 1997 παρὰ
3640 1926 3856 1991 πολλοῖς

575 2018 922 2080 abhorreret,
959 2017 1197 2073 haatetici
1250 2019 1559 2089 opinionem
1612 2022 1753 2091 apud
1807 2024 2005 2079 multos
2052 2040 2155 2079 non

2266 2019 2714 2090 ἐκτήσατο,τοῖς
2745 2019 2802 2071 δὲ
2856 2019 3151 2089 Ῥωμαίοις
3215 2024 3312 2074 καὶ
3372 2022 3476 2077 ὑπὸ
3531 2023 3855 2095 καθαίρεσιν

571 2106 782 2179 cll‘ugit,
812 2123 840 2161 a
870 2105 1133 2164 Romanis
1166 2125 1296 2165 vero
1335 2112 1497 2164 etiam
1534 2115 1662 2167 sede
1694 2125 1869 2170 motus
1901 2126 2006 2179 est,
2041 2132 2160 2184 quae

2262 2109 2479 2162 ἔπεσεν.
2499 2110 2623 2162 Ἐπὶ
2642 2111 2889 2179 Ζήνωνος
2903 2110 2959 2163 δὲ
2981 2111 3041 2163 τὸ
3068 2112 3219 2165 δεῦτε
3230 2130 3321 2183 ρον
3346 2114 3519 2168 ταῦτα
3530 2116 3852 2185 ἐπράττετο.

573 2214 663 2254 res
696 2200 795 2254 sub
825 2197 1042 2253 Zenone
1092 2200 1288 2254 iterum
1342 2214 1604 2272 regnante
1652 2206 1853 2273 agitata
1887 2206 2017 2277 (68).
2049 2206 2162 2259 Au-

2266 2202 2527 2272 Ἀρχεται
2558 2201 2655 2269 μὲν
2689 2197 2783 2255 οὖν
2814 2205 2879 2255 ἐκ
2910 2201 3077 2254 τῶνδε
3107 2202 3215 2255 τῶν
3243 2203 3471 2273 χρόνων,
3509 2206 3605 2257 καὶ
3639 2207 3854 2259 κάτεισι

571 2291 1015 2361 spicaturitaque
1037 2292 1214 2347 abhis
1246 2294 1461 2363 quidem
1483 2298 1839 2365 temporilms,
1878 2298 2157 2367 pervenit-

2266 2295 2429 2365 μέχρι
2457 2292 2715 2362 τελευτῆς
2751 2295 3128 2361 Ἀναστασίου,
3165 2295 3223 2360 ὃς
3267 2298 3585 2350 εἰκοσιεπτὰ
3619 2297 3718 2369 ἐτη
3763 2299 3857 2352 καὶ

571 2397 678 2452 que
706 2382 772 2437 ad
784 2384 1055 2438 Anastasii
1079 2384 1209 2455 imp.
1227 2399 1531 2451 excessum,
1550 2389 1639 2457 qui
1664 2399 1866 2459 septem
1892 2400 1945 2445 et
1968 2391 2156 2461 viginti

2267 2385 2438 2456 μῆνας
2466 2387 2636 2455 τρεῖς,
2664 2385 2739 2448 ὡς
2769 2381 2922 2449 οὗτός
2952 2404 3136 2458 φησιν,
3171 2389 3231 2440 ἐν
3255 2390 3319 2459 τῇ
3353 2388 3606 2460 βασιλείᾳ.
3633 2388 3858 2461 διήρκε-

570 2489 762 2540 annos,
796 2490 1115 2545 mensesque
1142 2486 1335 2539 tres,ut
1376 2478 1463 2533 hic
1494 2480 1703 2546 scribit,
1733 2480 2019 2548 imperavit
2060 2499 2160 2537 cu-

2267 2493 2353 2529 σεν
2374 2492 2387 2506 ⁸
2425 2476 2544 2545 μεθ’
2577 2477 2936 2531 ὃνῚουστῖνον
2968 2479 3060 2531 τὸν
3088 2480 3279 2551 Θρᾷκα
3310 2480 3698 2554 ἀναρρηθῆναι
3729 2481 3858 2553 γρά-

562 2567 655 2637 jus
675 2568 956 2637 imperium
973 2568 1187 2639 excepit
1204 2566 1448 2624 Justinus
1466 2569 1671 2638 Thrax,
1686 2581 1738 2625 ιιι
1752 2572 1948 2627 ibidem
1972 2573 2153 2631 refert.

2264 2586 2352 2639 φει
2404 2569 2810 2640 βασιλέα.Ἀλλ’
2845 2572 2877 2641 ἡ
2916 2571 3016 2641 μὲν
3044 2570 3224 2641 βίϐλος
3272 2572 3409 2643 αὕτη
3466 2572 3707 2626 ἐνταῦθά
3754 2591 3855 2627 που

576 2661 771 2718 Verum
800 2664 873 2718 ibi
904 2661 1017 2718 fere
1048 2663 1137 2718 hic
1165 2664 1303 2719 liber
1332 2666 1652 2728 absolvitur,
1681 2680 1710 2718 a
1739 2664 1957 2722 Zenone
1987 2682 2157 2735 usque

2265 2661 2356 2731 τὴν
2382 2661 2607 2733 Γραφὴν
2638 2662 2853 2732 ἵστησιν
2873 2703 2887 2727 ,
2925 2662 3033 2715 ἀπὸ
3062 2666 3309 2734 Ζήνωνος
3340 2666 3501 2736 μέχρι
3529 2666 3634 2736 τῆς
3667 2667 3856 2720 τελευ-

568 2755 635 2810 ad
669 2755 951 2810 Anastasii
998 2757 1228 2823 exitum,
1261 2768 1316 2811 et
1354 2756 1552 2812 Justini
1601 2758 1918 2813 electionem
1959 2761 2159 2829 pertin-

2268 2753 2355 2821 τῆς
2385 2754 2737 2807 Ἀναστασίου
2770 2754 2984 2824 καὶτῆς
3015 2755 3304 2808 Ἰουστίνου
3336 2756 3696 2829 ἀναρρήσεως
3728 2775 3859 2810 κατ-

568 2862 725 2916 εθηε.
780 2846 966 2901 ltet‘ert
1012 2848 1143 2902 item
1206 2849 1341 2904 alios
1395 2852 1529 2906 duos
1584 2866 1614 2904 a
1670 2866 1728 2905 se
1774 2850 1942 2905 libros
1991 2851 2158 2905 fuisse

2265 2846 2435 2898 ιοῦσα.
2456 2846 2623 2913 Λέγει
2646 2845 2704 2898 δέ
2733 2840 2890 2909 οὗτος
2916 2847 2992 2910 ὡς
3018 2848 3210 2917 εῐησαν
3234 2849 3383 2919 αὐτῷ
3414 2850 3509 2903 καὶ
3540 2850 3738 2920 ἕτεραι
3763 2851 3856 2904 δύο

568 2944 939 3010 conscriptos.
973 2941 1206 3011 primum
1249 2952 1303 2997 et
1355 2944 1617 2997 tertium:
1651 2951 1706 2997 et
1746 2942 1894 2997 illtun
1938 2944 2155 3012 quidem

2269 2939 2636 3008 πεπονημέναι
2669 2938 2863 3009 βίϐλοι,
2894 2938 3087 3010 πρώτη
3124 2940 3218 2993 καὶ
3255 2941 3453 3012 τρίτη·
3486 2935 3562 2995 ὧν
3606 2942 3711 3014 τὴν
3762 2943 3860 3013 μὲν

568 3034 637 3087 ab
693 3033 923 3103 imperio
978 3032 1239 3087 Marciani
1299 3035 1464 3088 ducto
1517 3034 1708 3100 initio,
1766 3035 1832 3088 ad
1882 3033 2155 3089 Zenonem

2269 3029 2366 3081 Ξιπὸ
2395 3031 2716 3100 Μαρκιανοῦ
2747 3032 2841 3084 τοῦ
2878 3030 3143 3101 βασιλέως
3181 3033 3487 3104 ἄρχεσθαι,
3520 3034 3860 3105 καταλήγειν

569 3139 744 3194 usque
777 3124 1025 3194 perduci,
1069 3126 1212 3181 unde
1241 3136 1295 3181 et
1327 3129 1625 3181 secundum
1676 3129 1749 3183 sit
1799 3130 2151 3198 auSpicatus;

2269 3121 2311 3173 52-:
2364 3122 2468 3185 ἕως
2513 3124 2784 3193 Ζήνωνος,
2830 3126 2924 3195 ἀφ’
2955 3122 3016 3181 οὗ
3062 3129 3161 3200 τὴν
3203 3126 3380 3199 ἀρχὴν
3410 3128 3443 3198 ἡ
3472 3127 3712 3198 δευτέρα
3760 3129 3860 3180 ἐπ-

571 3218 791 3271 tertium
830 3233 956 3273 vero
1004 3220 1163 3289 hujus
1212 3220 1437 3275 alterius
1486 3220 1574 3291 9b
1628 3221 1751 3276 libri
1800 3220 1961 3277 linem
2008 3220 2157 3276 exci-

2269 3212 2511 3283 εποίητο,
2545 3214 2645 3285 τὴν
2671 3214 2727 3267 δὲ
2755 3215 2946 3287 τρίτην
2979 3216 3251 3271 ποιεῖσθαι
3292 3217 3579 3287 προοίμιον
3610 3217 3674 3270 τὸ
3704 3218 3860 3281 τέλος

569 3323 729 3381 pere,
759 3327 786 3365 a
817 3308 1015 3366 Justini
1051 3314 1384 3382 temporibus
1419 3313 1743 3381 incipiendo.

2271 3304 2358 3373 τῆς
2386 3305 2645 3378 δευτέρας
2680 3308 2775 3361 καὶ
2821 3309 2930 3361 ἀπὸ
2962 3308 3065 3379 τῆς
3114 3309 3393 3380 βασιλείας
3408 3309 3708 3363 ’1ουστίνου
3753 3311 3862 3364 ἁπ-

2256 3396 2545 3467 ἄρχεσθαι.

643 3490 741 3548 Est
786 3492 875 3548 hic
931 3493 1185 3564 scriptor,
1221 3496 1287 3549 ad
1340 3494 1538 3567 stylum
1592 3496 1737 3565 quod
1783 3497 2000 3563 attinet,
2049 3513 2153 3553 non

2331 3492 2487 3544 Ἔστι
2508 3492 2564 3545 δὲ
2586 3493 2614 3545 ὁ
2641 3496 2996 3565 συγγραφεὺς
3020 3493 3079 3548 οὐ
3112 3494 3233 3550 λίαν
3261 3495 3361 3566 τὴν
3383 3494 3585 3566 φράσιν
3616 3494 3863 3567 ἀπηκρι-

572 3585 731 3641 valde
794 3596 1103 3653 accuratus,
1152 3590 1246 3643 sed
1294 3598 1349 3643 et
1397 3590 1477 3645 sui
1531 3590 1801 3645 interdum
1855 3591 2151 3646 dissimilis.

2267 3582 2533 3652 ϐωμένος,
2569 3584 2709 3640 ἀλλὰ
2750 3588 2848 3641 καὶ
2881 3588 3189 3659 ἀνωμάλως
3238 3587 3378 3658 ἔχων
3427 3588 3562 3658 πρὸς
3582 3588 3605 3620 ⁸
3634 3589 3858 3643 ἑαυτόν.

568 3679 745 3734 Atl‘ert
790 3692 970 3734 autem
1024 3681 1264 3736 maxime
1308 3681 1686 3751 episcoporum
1724 3683 1866 3738 ultro
1910 3683 2156 3752 citroque

2276 3676 2538 3747 (ἐχρηται
2587 3677 2645 3731 δὲ
2682 3680 2918 3749 μάλιστα
2963 3682 3086 3743 ταῖς
3132 3682 3264 3753 παρ’
3298 3680 3548 3751 ἀλλήλων
3578 3682 3697 3735 τῶν
3742 3683 3867 3734 ἐπι.-

570 3772 769 3827 missas
815 3771 1095 3841 epistolas,
1128 3789 1236 3844 quo
1284 3775 1584 3829 narrationi
1641 3790 1773 3841 suae,
1817 3774 2152 3840 utal'ﬁrmat,

2273 3770 2478 3823 ςκόπων
2516 3771 2899 3844 στελλομέναις
2926 3775 3261 3841 ἐπιστολαῖς,
3290 3778 3372 3840 ιίς
3400 3778 3588 3831 πίστιν
3614 3776 3723 3847 (ὥς
3752 3795 3864 3847 φη-

574 3862 733 3918 tidem
778 3863 1037 3918 conciliet
1078 3879 1091 3916 :
1125 3880 1245 3933 quae
1284 3882 1405 3920 cum
1439 3867 1761 3922 immensum
1797 3868 2027 3922 reddant
2058 3882 2155 3921 vo-

2277 3858 2382 3930 itv)
2410 3856 2485 3914 ὧν
2508 3862 2669 3926 αὐτὸς
2699 3864 2935 3934 γράφει·
2968 3864 3025 3917 αἶ
3058 3864 3154 3918 καὶ
3186 3865 3510 3937 πολύστιχον
3545 3866 3774 3920 ποιοῦσι
3805 3867 3868 3920 τὸ

574 3954 774 4019 lumen,
812 3956 865 4009 itt
910 3971 1106 4025 magno
1148 3967 1324 4012 tamen
1362 3960 1648 4012 verborum
1685 3973 1881 4013 acervo
1913 3960 2000 4011 vix
2036 3974 2155 4012 mo-

2277 3952 2463 4007 ιιϐλίον
2492 3958 2586 4008 καὶ
2615 3958 2673 4008 ἐν
2706 3957 2898 4027 πλήθει
2929 3958 3105 4028 λόγων
3165 3960 3359 4030 ὀλίγην
3406 3959 3637 4026 συνάγον
3661 3960 3681 3990 ’⁷
3714 3960 3868 4012 ἱστο-

574 4046 753 4099 dicam
812 4044 1046 4101 afferunt
1102 4047 1409 4113 historiam,
1462 4058 1518 4103 et
1565 4048 1891 4103 narrationis
1937 4049 2157 4115 insuper

2278 4046 2382 4099 >ίαν
2402 4063 2417 4078 ·
2452 4048 2532 4101 διὸ
2560 4051 2655 4102 καὶ
2681 4050 2743 4101 τὸ
2773 4051 2944 4119 σαφὲς
2979 4052 3079 4123 τῆς
3128 4053 3374 4123 ἱστορίας
3410 4050 3490 4123 τῷ
3521 4053 3731 4125 πλήθει
3766 4070 3869 4106 πε-

575 4137 961 4209 perspicuitas,
996 4140 1048 4194 vi
1081 4149 1243 4210 atque
1274 4141 1428 4210 copia
1456 4155 1645 4195 eorum
1672 4156 1791 4210 quae
1821 4138 2157 4207 interjiciun—

1675 4156 1791 4210 qua:
1821 4138 2157 4207 interjiciutt-
2260 4144 2580 4213 ρικόπτεται
2619 4146 2728 4200 τῶν
2765 4148 3266 4219 παρεντιθεμένων.

578 4242 686 4299 tur,
719 4232 1065 4289 rescinditur.

1287 4346 1468 4404 XLIII.
2968 4348 3101 4400 Ml“.

865 4438 1028 4494 Joan.
1070 4436 1389 4505 Philoponus
1434 4441 1486 4492 in
1522 4437 1906 4491 Hexaemeron.
2260 4434 2456 4490 Ἰωάνει

2281 4434 2547 4490 Ιωάννου
2584 4435 2692 4490 τοῦ
2725 4438 3069 4493 Φιλοπόνου
3105 4441 3193 4505 εἷς
3234 4439 3351 4509 τὴν
3381 4441 3566 4511 ἕκτην
3594 4445 3872 4514 ἡμέραν.

650 4529 904 4601 Legimus
934 4529 1196 4586 Joannem
1234 4531 1595 4599 Ρίιίιονοιιιιιιι
1631 4529 1742 4600 (69)
1776 4530 1829 4581 in
1861 4528 2154 4581 Hexaeme-

2331 4529 2670 4601 Ἀνεγνώσθη
2689 4530 2934 4585 Ἰωάννου
2962 4532 3056 4585 τοῦ
3072 4533 3364 4588 Φιλοπόνου
3382 4538 3486 4601 Είς
3500 4536 3615 4604 τὴν
3634 4538 3874 4606 Ἑξαήο-

577 4642 692 4690 ron,
734 4640 843 4694 quo
882 4623 937 4678 in
982 4623 1120 4679 libro
1163 4639 1328 4692 purus
1371 4632 1453 4676 est
1500 4630 1554 4676 et
1587 4622 1787 4686 clarus,
1824 4637 1990 4690 seque
2042 4622 2156 4690 ipse

2283 4624 2633 4690 ιερον.Ἔστι
2659 4625 2716 4677 δέ
2749 4627 2806 4678 ἐν
2835 4626 3013 4699 τούτῳ
3042 4628 3119 4699 τῷ
3146 4629 3338 4699 βιϐλίῳ
3364 4629 3603 4700 καθαρὸς
3637 4631 3744 4702 [29
3774 4630 3874 4703 8.]

576 4718 789 4772 dicendi
833 4715 992 4769 modo
1042 4714 1232 4780 vincit,
1261 4726 1423 4784 atque
1472 4723 1530 4767 ut
1568 4712 1766 4766 Basilio
1804 4710 1997 4781 Magno
2029 4713 2150 4783 pln-

2287 4714 2354 4766 ιαὶ
2385 4714 2563 4786 σαφὴς
2593 4716 2687 4768 καὶ
2714 4717 2976 4787 κρείττων
3027 4721 3092 4791 τῇ
3134 4718 3276 4785 λέξει
3305 4720 3525 4783 ἐαυτοῦ,
3563 4722 3667 4774 καὶ
3722 4739 3878 4793 συμ-

575 4810 771 4862 rimum
828 4806 941 4861 fere
988 4806 1293 4869 consentit,
1346 4806 1425 4860 sic
1481 4819 1578 4873 per
1635 4804 1813 4858 omnia
1867 4802 2151 4858 Theodoro

2288 4806 2453 4858 iwvé‘w
2476 4806 2657 4876 σχεδὸν
2678 4809 2735 4859 ἐν
2758 4810 2869 4870 τοῖς
2898 4809 3170 4874 πλείστοις
3199 4810 3462 4882 Βασιλείῳ
3484 4812 3560 4883 τῷ
3585 4812 3879 4884 Μεγάλῳ,

574 4897 918 4967 Mopsuestia:
961 4907 1248 4966 repugnat,
1287 4896 1377 4965 qui
1425 4895 1564 4950 idem
1611 4894 1724 4963 ipse
1771 4905 2149 4963 argumentum

2291 4897 2601 4949 ,ντιπίπτων
2631 4897 2688 4950 δὲ
2718 4897 2784 4950 δι’
2814 4898 2935 4953 ὅλου
2962 4902 3039 4972 τῷ
3070 4902 3448 4973 Μοψουεστίας
3481 4903 3791 4975 Θεοδώρῳ,
3823 4906 3882 4967 ὃς

574 5003 884 5059 aggressus,
935 4985 1427 5058 lnterpretationem
1478 4985 1734 5042 Geneseoa
1768 4987 1905 5059 (70),
1954 4990 2153 5044 librum

2296 4989 2361 5061 ὴν
2392 4989 2563 5060 αὐτὴν
2595 4988 2851 5042 ὑπόθεσιν
2892 4992 3296 5063 ἐνστησάμενος
3337 4994 3706 5062 Ἐρμηνείαν
3762 4996 3884 5063 τῆς

575 5080 877 5151 inscripsit,
916 5079 1075 5150 cujus
1127 5080 1413 5151 Opiniones
1466 5078 1797 5149 Philoponus
1854 5081 2153 5153 reprehen-

2297 5083 2513 5147 κτίσεως
2554 5081 2615 5133 τὸ
2654 5078 2859 5151 βιϐλίον
2910 5083 3252 5155 ἐπέγραψεν⁸
3287 5077 3349 5137 οὗ
3398 5085 3497 5147 τὰς
3547 5083 3728 5150 δόξας
3801 5087 3888 5139 δι-

575 5176 726 5239 dens,
759 5182 947 5227 contra
981 5174 1132 5229 nisus
1159 5183 1264 5228 est.

2266 5172 2506 5243 ελέγχων
2532 5175 2561 5228 ὁ
2584 5174 2875 5240 Φιλόπονος
2899 5177 3001 5247 τὴν
3024 5177 3275 5233 ἐναντίαν
3300 5176 3591 5248 ἐτράπετο.

1836 5354 2074 5411 vitam
2106 5356 2508 5427 LECTIQNES.

647 5478 666 5506 '
702 5477 790 5529 τδν
823 5476 924 5545 τὴν
947 5473 1359 5546 Ἀλεξάνδρειαν
1384 5493 1446 5539 ς.
1524 5473 1726 5545 ⁶πρδς]
1762 5476 1854 5530 καὶ
1889 5477 2023 5547 πρὸς
2047 5478 2112 5531 Α.
2193 5476 2212 5506 ⁷
2246 5477 2483 5545 συνάγον
2510 5478 2551 5529 Α
2578 5497 2593 5531 :
2630 5479 2961 5546 συναγαγεῖν
2988 5490 3048 5540 ς.

2070 5634 2302 5691 ΝΟΤΑΞ.

643 5746 1039 5825 (ϐ’ἵλΜειιιὶιιὶι
1086 5750 1244 5819 hujus
1277 5750 1516 5825 _Nicc[_ih_.
1553 5749 1761 5825 Callist.
1814 5748 1905 5805 lib.
1939 5766 1978 5815 ι,
2024 5764 2143 5821 cap.
2253 5749 2377 5805 484.

576 5817 696 5892 init.
718 5817 859 5892 Ejus
890 5831 1049 5872 ettatn
1081 5817 1168 5874 est
1192 5823 1313 5877 cnd.
1355 5822 1455 5874 H7
1493 5822 1587 5876 inf.
1768 5891 1776 5892 ί
1813 5891 1822 5892 7
2326 5821 2439 5889 (09)
2482 5818 2648 5885 Hujus
2685 5821 2866 5889 operis
2899 5830 3159 5892 excerpta
3187 5819 3433 5877 invenies
3464 5817 3561 5875 ini.
3592 5822 3715 5873 cmi
3756 5826 3893 5883 1-5.0,

642 5889 753 5958 (68)
786 5886 927 5957 Lege
951 5892 1098 5944 card.
1142 5892 1338 5947 liaron.
1370 5893 1562 5946 Annal.
1606 5904 1734 5946 tom.
1765 5891 1847 5955 Vl,
1882 5892 1947 5946 ad
1982 5891 2045 5945 Α.
2080 5891 2141 5947 C.
2329 5886 2443 5962 (70)
2476 5892 2609 5959 Sup.
2642 5886 2769 5947 cod.
2805 5892 2891 5946 58.
