4030 6444
244 282 303 347 81
1228 289 1757 352 BIBLIOTHECA.
1790 314 1863 328 ·-·
1883 286 2101 352 CODD.
2160 291 2588 355 XLV-XLVII.
3467 288 3537 352 52

244 400 444 462 πάντας
469 400 918 471 ὑπερϐαίνοντα.
935 406 997 459 ’0
1024 406 1091 470 ιζ’
1108 404 1245 474 πρὸς
1265 407 1393 469 τοὺς
1412 406 1668 473 λέγοντας
1688 405 1856 459 (ἔπα-

1964 409 2155 463 voluil.
2197 428 2216 461 ι
2254 439 2321 453 υ-
2353 408 2609 463 Decimus
2664 413 2874 470 sextus,
2914 405 2968 460 in
3015 414 3323 462 asserentes
3369 420 3536 474 opor-

248 495 331 543 ίὲιεν
352 492 574 559 ὁΛὸγος
602 496 800 564 σαρκί.
836 517 856 550 ι
894 499 955 551 '0
990 496 1061 569 ιη’
1077 497 1214 570 πρὸς
1240 500 1368 563 τοὺς
1396 498 1660 567 λέγοντας
1692 500 1854 553 ποίαν

248 584 502 636 δώσουσιν
530 586 585 637 oi
621 586 881 642 Ἰουδαῖοι
910 590 1089 661 δίκην,
1114 591 1162 643 εί
1190 589 1265 660 μὴ
1297 588 1432 643 Θεὸν
1457 592 1853 661 ἑσταύρωσανς

258 677 315 729 '0
359 676 423 728 ιϐ’
454 678 599 747 πρὸς
629 680 768 743 τοὺς
797 682 1062 750 λέγοντας
1097 682 1352 747 Ἰουδαῖός
1380 684 1530 737 ἐστιν
1560 683 1589 736 ὁ
1616 682 1692 754 μὴ
1720 682 1855 736 Θεδν

252 769 623 839 ἐσταυρῶσθαι
650 771 859 840 λέγων.
880 776 939 829 ’0
968 783 1015 829 κ’
1042 776 1182 847 πρὸς
1212 774 1340 839 τοὺς
1366 774 1629 844 λέγοντας
1653 776 1736 829 ὃτι
1763 775 1858 829 καὶ

254 862 480 928 ἄγγελοι
509 864 600 915 ἐπὶ
626 863 719 915 τοῦ
766 865 1030 937 Ἀϐραὰμ
1076 867 1355 931 ἐσθίοντες
1379 855 1442 923 οὐ
1473 868 1693 933 πάντως
1724 885 1859 940 σαρ-

258 953 356 1014 ιξς
382 953 544 1021 φύσιν
572 955 932 1025 ἐπεφέροντο.
951 959 1009 1012 '0
1037 967 1123 1012 κα¹
1145 960 1284 1030 πρὸς
1304 961 1433 1025 τοὺς
1458 962 1858 1033 σμικρύνοντας

264 1046 495 1098 ἕκαστον
522 1047 698 1117 θαῦμα
730 1051 815 1120 τῷ
846 1052 1133 1123 ἀρνεῖσθαι
1177 1053 1276 1125 τὴν
1313 1054 1511 1125 σάρκα.
1546 1055 1641 1128 [53
1672 1055 1764 1128 8.]
1799 1057 1858 1110 '0

276 1137 360 1206 ιβ’
387 1140 505 1204 πρὸς
526 1141 651 1201 τοὺς
686 1140 1040 1211 ζημιοῦντας
1073 1143 1233 1214 ἡμῶν
1262 1145 1325 1199 τὸ
1352 1146 1512 1213 γένος
1550 1146 1628 1217 τῷ
1674 1148 1748 1219 μὴ
1774 1148 1859 1201 λέ-

282 1246 390 1296 rm
412 1232 467 1282 ἐκ
492 1230 591 1299 τῆς
619 1232 851 1301 φύσεως
884 1235 1040 1305 ήμῶν
1078 1236 1333 1307 εἰλῆφθαι
1368 1236 1467 1309 τὴν
1497 1240 1779 1310 ἀπαρχήν.
1801 1239 1857 1293 '0

282 1329 353 1384 ιγ’
373 1322 493 1391 πρὸς
511 1324 641 1387 τοὺς
660 1324 936 1394 λέγοντας
964 1328 1247 1382 πιστεύειν
1274 1329 1460 1394 ἁπλῶς
1482 1326 1564 1394 οἷς
1580 1332 1623 1364 ’⁸
1643 1332 1859 1399 λέγουσι

274 1412 351 1463 ni.
382 1411 453 1479 μὴ
485 1418 789 1467 κατανοεῖν
816 1416 872 1469 τί
911 1418 1123 1488 πρέπον
1152 1419 1186 1490 ἢ
1218 1422 1488 1490 ἀπρεπές.
1529 1420 1589 1474 '0
1619 1421 1698 1474 κδ’
1722 1423 1860 1492 πρὸς

264 1505 381 1566 τοὺς
409 1506 781 1577 ἀναιροῦντας
811 1510 916 1581 τὴν
945 1510 1056 1564 τῶν
1087 1511 1306 1581 φύσεων
1334 1513 1597 1584 διαφορὰν
1631 1515 1770 1584 μετὰ
1799 1515 1861 1567 τὸ

1958 512 2074 557 tere
2097 515 2258 556 voces
2284 500 2431 570 ipsas
2457 500 2748 569 accipere;
2781 514 2888 553 non
2916 507 3098 553 autem
3129 513 3318 553 earum
3351 510 3536 561 sensa,

1957 604 2014 648 nt
2048 608 2169 663 quae
2205 594 2448 649 omnium
2499 605 2716 664 captum
2752 594 3042 659 excedant,
3073 592 3435 649 considerare.
3467 619 3540 630 —

1957 686 2213 742 Decimus
2246 687 2533 757 septimus,
2579 688 2847 743 adversus
2895 688 3139 742 dicentes
3177 703 3192 741 :
3235 704 3255 737 ι
3305 685 3538 739 Verbum

1957 793 2055 850 per
2086 793 2306 834 carnem
2328 795 2544 849 passum
2568 790 2673 835 est.
2707 799 2725 831 ι
2753 810 2825 821 -—-
2849 781 3105 835 Decimus
3133 786 3378 841 octavus,
3409 792 3540 831 cou-

1961 882 2040 928 tra
2075 882 2412 937 asserentes,
2433 872 2624 943 quales
2660 872 2828 928 Judaei
2862 886 3053 942 pcenas
3081 871 3258 925 daturi
3290 870 3537 933 fuissent,

1958 964 2004 1019 si
2045 963 2216 1018 Deum
2265 963 2413 1017 cruci
2458 978 2561 1017 non
2607 962 2925 1017 aliixissent.
2954 992 3025 1002 —
3055 961 3305 1015 Decimus
3335 973 3539 1022 nonus,

1961 1056 2013 1108 in
2048 1055 2382 1108 afﬁrmantes
2422 1051 2669 1108 Judaeum
2710 1053 2863 1106 illum
2909 1066 3051 1113 esse,
3090 1050 3179 1117 qui
3223 1047 3391 1102 Deum
3434 1047 3538 1099 nti-

1960 1148 2106 1201 nime
2133 1146 2452 1200 cruciﬁxum
2483 1152 2711 1198 asseral.
2733 1140 3143 1204 -—Vicesimns,
3175 1149 3363 1193 contra
3391 1137 3541 1190 aien-

1962 1247 2063 1299 tes,
2089 1237 2309 1305 angelos
2329 1250 2442 1297 eos,
2464 1234 2556 1304 qui
2583 1234 2724 1303 apud
2751 1233 3124 1287 Abrahamum
3171 1228 3349 1283 cibum
3392 1243 3543 1281 sum-

1962 1340 2211 1401 pserunt,
2235 1345 2341 1383 non
2378 1329 2640 1383 continuo
2663 1328 2827 1383 etiam
2873 1326 3057 1379 carnis
3108 1334 3359 1377 naturam
3396 1330 3543 1373 attu-

1963 1424 2110 1478 lisse.
2136 1451 2207 1462 —
2233 1420 2539 1476 Vicesimus
2576 1419 2805 1487 primus,
2843 1419 3111 1471 adversus
3143 1430 3259 1480 eos,
3304 1414 3395 1483 qui
3437 1413 3542 1466 mi-

1964 1518 2149 1573 racula
2188 1515 2504 1585 singulatim
2541 1520 2866 1577 extenuant,
2896 1512 3023 1563 dum
3056 1522 3278 1564 carnem
3318 1512 3542 1574 negant.

264 1598 423 1661 πίθος
449 1600 546 1652 καὶ
571 1601 679 1672 τὴν
722 1602 1022 1674 ἀνάληψιν.
1040 1604 1100 1657 Ὀ
1134 1612 1215 1658 κε’
1243 1607 1720 1676 ἀνακεφαλαίωσις
1751 1607 1860 1660 τῶν

1964 1639 2029 1649 -
2060 1608 2365 1664 Vicesimus
2394 1607 2690 1672 secundus,
2713 1608 2979 1661 adversus
3022 1618 3142 1668 eos,
3180 1602 3271 1671 qui
3304 1603 3545 1670 humano

262 1691 395 1743 κατὰ
427 1691 595 1762 μέρος
640 1694 951 1764 ῥηθέντων.
969 1698 1028 1750 '0
1060 1705 1155 1763 κς⁹
1188 1700 1319 1770 περὶ
1360 1700 1461 1770 τῆς
1492 1699 1717 1770 ὕστερον
1750 1718 1858 1773 μη-

1964 1700 2145 1771 generi
2194 1702 2451 1769 damnum
2497 1699 2775 1767 irrogant,
2822 1697 2950 1751 dum
2997 1693 3302 1749 concedere
3353 1693 3547 1745 nolunt

264 1782 503 1854 νυθείσης
548 1786 872 1852 συνθέσεως
916 1790 1037 1862 ἦτοι
1075 1792 1504 1856 πνουσιώσεως,
1526 1793 1585 1846 '0
1616 1795 1698 1859 κζ’
1728 1795 1858 1865 ’περὶ¹

1964 1808 2029 1847 ex
2057 1800 2243 1845 nostra
2284 1797 2476 1843 natura
2514 1788 2841 1859 principium
2880 1795 3153 1856 sumptunt
3185 1797 3328 1838 esse.
3351 1810 3422 1821 —-
3451 1780 3546 1833 Vi-

260 1874 349 1927 τοῦ
380 1877 521 1931 κατὰ
548 1878 646 1931 τὸν
676 1880 874 1934 κοινὸν
916 1882 1217 1952 ἄνθρωπον
1239 1884 1657 1956 ὑποδείγματος.
1687 1887 1857 1958 Δῆλον

1964 1885 2202 1939 cesimus
2246 1882 2463 1944 tertius,
2505 1890 2695 1935 contra
2727 1878 3026 1948 iactantes,
3058 1875 3284 1932 credere
3328 1871 3546 1941 simpli-

260 1966 319 2019 δὲ
339 1970 438 2021 καὶ
466 1971 533 2022 kx
561 1971 733 2041 μόνης
761 1972 1074 2045 αὺτῶνκτῆς
1106 1975 1445 2040 ὑποθέσεως,
1468 1980 1612 2031 ποῖοι
1638 1978 1748 2031 τῶν
1779 1980 1857 2032 είς

1965 1980 2103 2033 citer
2135 1975 2224 2040 iis,
2255 1990 2375 2045 qua:
2398 1976 2687 2038 dicuntur;
2721 1981 2778 2028 et
2811 1987 2917 2027 non
2948 1971 3257 2034 attendere,
3284 1967 3415 2037 quid
3448 1966 3547 2019 de-

276 2064 515 2134 ρημένων
546 2065 717 2135 λόγων
775 2067 841 2120 τὸ
883 2067 1166 2139 ὀρθὸδοξον
1212 2068 1543 2140 κρατύνουσι
1576 2070 1855 2144 φρόνημα,

1969 2084 2101 2126 cens
2149 2069 2241 2133 sit,
2282 2075 2377 2121 aut
2417 2066 2700 2121 indecens.
2726 2096 2795 2106 —
2828 2064 3134 2119 Vicesimus
3173 2070 3424 2130 quartus,
3454 2055 3550 2111 ad-

277 2156 361 2226 με
388 2156 477 2229 Ii}
500 2160 595 2211 καὶ
626 2160 787 2224 τίνες
814 2160 1181 2216 ἐκκλίνουσιν.

1964 2173 2159 2216 versus
2184 2156 2439 2212 tollentes
2479 2167 2803 2210 naturarum
2836 2151 3226 2214 dili‘erent‘tam,
3265 2158 3385 2219 post
3413 2160 3549 2214 pas-

269 2250 458 2304 sionem
486 2260 542 2304 et
563 2252 1402 2311 ascensionem.—Vicesimus
1430 2253 1677 2325 quintus,
1731 2254 2050 2310 summatim
2100 2265 2164 2306 ea
2192 2250 2409 2320 repetit,
2470 2262 2591 2319 quae
2628 2263 2728 2318 per
2781 2257 2963 2316 partes
3019 2245 3278 2299 hactenus
3347 2237 3547 2292 tradita

256 2356 395 2398 sum-
430 2374 499 2383 —
532 2345 689 2414 11a
744 2344 1059 2402 Vicesimus
1094 2356 1304 2412 sextus,
1343 2347 1410 2402 de
1461 2347 1965 2417 post-manifestata
2012 2343 2414 2415 compositione
2468 2356 2565 2397 seu
2629 2337 3211 2395 consubstantiatione.
3262 2361 3337 2374 --
3383 2328 3544 2384 Vice-

253 2442 414 2497 simus
453 2446 771 2510 septimus,
817 2445 887 2497 de
916 2459 980 2498 eo
1009 2446 1149 2514 quod
1183 2445 1483 2500 secundum
1513 2460 1861 2500 communem
1898 2443 2173 2498 hominem
2207 2450 2311 2506 est,
2336 2438 2606 2508 exemplo.
2627 2436 2844 2492 Clarum
2863 2450 2994 2489 vero
3040 2435 3122 2486 vel
3180 2448 3247 2486 ex
3274 2431 3392 2486 solo
3429 2442 3520 2487 ar-

250 2546 499 2603 gumento
519 2537 767 2605 quinam
791 2554 856 2592 ex
886 2541 1269 2610 suprascriptis
1310 2543 1463 2598 libris
1489 2544 1853 2598 orthodoxam
1880 2541 2241 2598 eorroborent
2269 2538 2599 2600 doctrinam,
2627 2535 2835 2605 quique
2869 2534 2938 2588 ab
2972 2547 3034 2587 ea
3072 2532 3380 2585 discedant.

318 2631 435 2683 Ἔτι
466 2633 527 2685 ὲν
553 2633 648 2703 τῷ
666 2634 827 2703 αὑτῷ
851 2636 1034 2707 τεύχει
1060 2637 1485 2709 ἀνεγνώσθησαν
1503 2641 1547 2673 ³⁸
1576 2637 1674 2693 τοῦ
1694 2637 1860 2693 αὐτοῦ

2038 2635 2229 2691 Adhuc
2261 2635 2314 2689 in
2342 2635 2545 2704 [eodem
2588 2630 2708 2700 ipso
2738 2627 3027 2684 Volumine
3075 2625 3177 2696 legi
3226 2635 3338 2678 tres
3399 2622 3547 2691 ejus-

247 2718 386 2787 λέγοι
401 2726 583 2791 τρεῖς,
606 2724 846 2791 μείζους
862 2725 971 2777 τῶν
985 2728 1420 2798 προειρημένων·
1453 2729 1860 2801 Ἐρανιστὴςῆ

1966 2729 2091 2785 dem
2138 2728 2304 2783 libros
2349 2724 2720 2795 superioribus
2768 2720 3020 2790 majores.
3066 2717 3304 2773 Titulum
3352 2716 3548 2786 praefe-

247 2812 662 2882 Πολύμορρος
684 2815 1341 2890 ἔφερονὲπιγραφήν.*Ων
1361 2822 1389 2874 ὁ
1409 2821 1507 2892 μὲν
1520 2821 1761 2893 πρῶτος,
1783 2822 1860 2874 ὅτι

1968 2829 2096 2875 runt
2139 2820 2436 2890 ὲρανιστὴς
2471 2816 2608 2887 (75),
2640 2815 2673 2886 ἢ
2704 2809 3157 2882 Πολύμορφος(ἰι1
3188 2818 3290 2873 est,
3326 2808 3550 2870 sodalis,

244 2905 508 2973 ἄτρεπτος
541 2906 576 2956 ὀ
610 2904 757 2968 Θεὸς
794 2906 999 2975 Λόγοςο
1024 2911 1052 2961 ὁ
1079 2908 1351 2983 δεύτερος,
1384 2912 1466 2964 ὅτι
1492 2911 1800 2983 ἀσύγχυτος
1826 2914 1860 2983 ἡ

1967 2928 2061 2969 seu
2116 2911 2506 2980 multiformis).
2567 2907 2772 2961 Horum
2826 2905 3057 2974 primus,
3103 2903 3277 2958 Deum
3314 2899 3550 2955 Verbum

241 2995 430 3058 ἓνωσις
448 3013 463 3026 ·
500 3000 535 3050 ὁ
563 2998 799 3069 τρίτος,
834 2999 918 3052 ὅτι
950 3001 1167 3072 ἀπαθὴς
1193 3003 1223 3056 ὀ
1251 3002 1386 3067 Θεὸς
1413 3003 1740 3071 Λόγος.¹Ἐτι
1770 3004 1860 3059 καὶ

1967 3002 2306 3056 immutabile
2328 3015 2450 3056 esse
2480 2998 2659 3054 docet.
2691 2996 2864 3060 Alter,
2899 2994 3260 3057 inconfusam,
3297 2993 3549 3047 minime-

246 3087 527 3157 τέταρτος,
565 3090 634 3141 ὲν
684 3081 734 3158 ᾧ
784 3090 1167 3163 συλλογισμοῖς
1210 3095 1314 3165 τῆς
1357 3096 1530 3167 αὐτῆς
1559 3096 1860 3160 ὑποθέσεως

1971 3109 2077 3163 que
2131 3094 2348 3148 ntistam
2405 3092 2662 3146 unionem
2708 3102 2850 3145 esse.
2904 3086 3121 3142 Tertius
3165 3084 3552 3156 impassibiletn

254 3179 768 3249 ὖκεραγωνίζεται.
799 3177 961 3238 Οὗτοι
991 3185 1047 3238 δὲ
1089 3189 1138 3240 oi
1165 3191 1317 3258 τρεῖς
1340 3188 1491 3258 λόγοι
1532 3190 1591 3242 ὲν
1635 3189 1860 3261 διαλόγῳ

1975 3184 2090 3239 sive
2130 3180 2634 3252 imperturbabilem
2684 3192 2806 3233 esse
2849 3177 3014 3231 Deum
3035 3173 3295 3230 Verbum.
3332 3174 3558 3229 Accedit

254 3271 383 3322 εἰσὶν
412 3273 578 3343 αὐτῷ
620 3275 1104 3346 διεσκευασμένοι,
1131 3280 1180 3332 οἱ
1208 3280 1266 3333 δὲ
1294 3280 1445 3335 ἄλλοι
1470 3282 1866 3352 καταλογάδην.

256 3364 432 3435 Σιφης
451 3366 516 3419 δέ
543 3368 710 3419 ἐστιν
746 3368 807 3420 ἐν
835 3370 1008 3422 ἆπασι
1028 3371 1127 3443 τὴν
1152 3372 1377 3442 φράσιν,
1400 3373 1477 3437 ὡς
1497 3373 1756 3445 εὐκρινὴς
1777 3374 1873 3427 καὶ

254 3458 517 3528 καθαρὸς,
546 3460 654 3512 καὶ
689 3460 800 3513 οὐκ
825 3461 1071 3532 ἀμοιρῶν
1104 3465 1198 3516 τοῦ
1230 3465 1406 3535 ἡδέος,
1438 3465 1792 3538 καταλλήλως
1812 3483 1872 3520 τε

259 3552 367 3613 τοῖς
405 3554 692 3623 νοήμασιν
734 3553 1205 3626 ὲνευθηνούμενος
1226 3556 1295 3611 ³⁸.

1975 3283 2221 3344 quartus.
2249 3273 2301 3327 iu
2337 3287 2444 3340 quo
2478 3270 2806 3343 syll0gismis
2852 3268 2968 3324 haec
3013 3267 3200 3323 eadem
3234 3277 3554 3337 argumenta

1975 3367 2191 3420 retexit.
2218 3365 2396 3433 Atque
2454 3365 2509 3418 hi
2559 3363 2784 3432 quidem
2838 3361 2962 3416 libri
3013 3376 3109 3429 per
3164 3361 3436 3429 dialogum
3488 3360 3558 3411 ah

1975 3458 2092 3526 ipso
2139 3457 2430 3525 conscripti
2472 3465 2621 3519 sunt,
2681 3454 2872 3523 reliqui
2926 3467 3056 3506 vero
3108 3451 3447 3515 continenti,
3494 3466 3560 3503 ac

1976 3559 2234 3619 perpetua
2292 3549 2457 3605 serie.
2514 3548 2701 3620 Stylus
2746 3548 2795 3602 ei
2846 3545 2901 3601 in
2932 3545 3184 3601 omnibus
3238 3545 3560 3615 perspicuus

1975 3643 2247 3711 (estenim
2298 3642 2589 3695 distinctus
2642 3655 2707 3695 ac
2757 3638 3163 3707 pttrns)‘ueque
3201 3637 3560 3706 iucunditatis

1977 3747 2171 3803 expers
2197 3748 2213 3785 :
2246 3730 2596 3802 proportione
2617 3745 2743 3784 vero
2763 3730 3014 3784 sensibus
3048 3727 3328 3783 exuberat.

2666 3843 2874 3901 XLVII.

2159 3957 2376 4027 Iosephi
2407 3955 2589 4011 Iudici
2620 3955 2683 4009 de
2709 3955 2841 4009 libro
2869 3952 3101 4007 Iudaico
3127 3952 3247 4005 libri
3272 3966 3372 4005 vtt.

999 3846 1133 3900 MZ'.

295 3957 577 4023 Ἰωσήπου
622 3960 944 4033 Ἰουδαῖοι)
992 3964 1066 4017 τὰ
1104 3964 1257 4019 κατὰ
1306 3963 1632 4031 Ἰουδαίους
1691 3964 1872 4033 πάθη,

547 4032 635 4084 καὶ
664 4034 706 4102 ἡ
742 4031 861 4101 τῆς
902 4032 1302 4104 Ἰερουσαλὴμ
1335 4034 1585 4101 ἅλωσις.

371 4143 691 4217 Ἀνεγνὼσθη
723 4149 1001 4219 Ἰωσήπου
1016 4150 1273 4205 Ἰουδαίου
1284 4151 1357 4205 τὰ
1374 4153 1530 4206 κατὰ
1544 4150 1860 4217 Ἰουδαίους

2051 4138 2182 4208 Legi
2220 4136 2514 4208 Josepltum
2549 4133 2817 4203 ιῐιιιιιιιιιιῐι,
2850 4133 2926 4186 De
2946 4131 3189 4185 Iudaica:
3216 4129 3384 4199 gentis
3412 4128 3566 4182 'cala-

289 4234 467 4304 πάθη,
496 4238 555 4289 ἐν
578 4232 657 4301 οἷς
680 4239 722 4308 ἦ
755 4256 817 4291 τε
840 4241 943 4309 τῆς
975 4241 1332 4313 Ἰερουσαλὴμ
1353 4244 1446 4296 ἐπὶ
1472 4242 1617 4296 τέλει
1649 4243 1760 4295 τῶν
1790 4241 1860 4295 λά

1984 4238 2166 4291 milate
2189 4243 2345 4303 atque
2376 4233 2610 4285 interitu.
2631 4230 2751 4296 Quo
2784 4228 2836 4281 in
2868 4227 3005 4281 libro
3031 4234 3276 4279 extremo
3307 4222 3564 4276 Hieroso-

282 4345 395 4395 των
436 4329 640 4395 ἅλωσις
684 4333 790 4386 καὶ
836 4335 871 4403 ἠ
922 4333 1024 4401 τῆς
1070 4335 1330 4399 Μασάδας
1360 4334 1642 4405 πολίχνης,
1674 4335 1781 4405 πρὸ
1819 4333 1860 4388 δὲ

1983 4331 2250 4403 lymorum
2302 4324 2570 4381 excidium
2616 4331 2822 4386 narrat,
2873 4329 2927 4373 et
2965 4317 3194 4371 Masadae
3231 4315 3411 4384 Oppidi
3457 4332 3471 4368 :
3510 4324 3565 4367 et

275 4421 484 4475 τούτων
510 4425 545 4492 ἡ
574 4424 689 4476 τῶν
709 4425 1078 4489 Ἰωταπάτων,
1106 4427 1164 4479 ὲν
1300 4428 1393 4480 καὶ
1432 4426 1597 4490 αὐτὸς
1616 4426 1860 4498 ’ῐώσηπα

1988 4432 2116 4476 ante
2162 4422 2277 4475 haec
2326 4416 2725 4485 Jotapatornm,
2773 4412 2824 4466 in
2879 4426 2987 4480 quo
3033 4418 3088 4463 et
3144 4409 3258 4474 ipse
3294 4404 3568 4472 Josepltus

272 4514 409 4581 ᾒλω,
443 4517 522 4568 ἔτι
564 4517 629 4569 δὲ
655 4517 997 4587 Γισχάλων²¹
1028 4497 1349 4583 ἅλωσις-καὶ
1370 4519 1548 4574 ἄλλων
1566 4497 1860 4573 Ἰουδαῖκῶι

1986 4522 2207 4583 captus;
2248 4520 2507 4579 praeterea
2538 4505 2917 4563 Gischalorutn
2964 4500 3325 4563 eversionem,
3351 4508 3403 4551 et
3430 4497 3568 4551 alio-

272 4607 559 4675 φρῦνρίων
611 4608 1009 4678 ὲρημία.”Εστι
1053 4611 1111 4663 δὲ
1163 4612 1312 4682 αὐτῷ
1328 4612 1372 4643 ³²
1402 4611 1464 4665 τὸ
1496 4609 1782 4681 σύνταγμα
1821 4613 1860 4663 ὲκ

1988 4621 2107 4661 rum
2134 4602 2483 4659 Judaicorum
2507 4599 2962 4653 munimentorum
2991 4592 3400 4648 desolationem.
3433 4590 3571 4645 Sunt

274 4697 459 4765 λόγοις
484 4700 661 4754 ἑπτά.
689 4700 951 4771 Καθαρὸς
979 4702 1079 4772 τὴν
1100 4703 1322 4774 φράσιν,
1350 4705 1446 4757 καὶ
1478 4703 1697 4774 ἀξίωμα
1718 4703 1860 4771 λόγοι

1988 4710 2170 4754 autem
2191 4695 2350 4766 hujus
2373 4694 2554 4763 operis
2574 4690 2693 4745 libri
2717 4701 2945 4758 septem.
2967 4687 3241 4742 Candidus
3266 4685 3341 4739 illi
3367 4699 3568 4748 sermo,

276 4791 415 4857 μετὰ
440 4792 773 4863 εὐκρινείας
802 4795 899 4847 καὶ
931 4794 1124 4866 ἡδονῆς
1167 4795 1341 4859 δεινὸς
1369 4798 1627 4867 ἐκφῆναι,
1657 4796 1860 4850 πιθανός

1986 4794 2085 4865 qui
2120 4790 2392 4846 rationum
2430 4784 2641 4855 pondus
2674 4793 2835 4851 atque
2871 4790 3202 4836 momentum
3252 4795 3372 4834 cum
3422 4780 3573 4847 puri-

270 4896 328 4932 τε
360 4886 495 4945 ταῖς
528 4883 904 4952 δημηγορίαις
938 4886 1033 4939 καὶ
1059 4886 1332 4957 ἐπίχαρις,
1366 4887 1473 4940 κᾶν
1505 4888 1600 4940 ἐπὶ
1626 4887 1860 4941 τάναντίί

1992 4894 2105 4939 tate
2133 4899 2196 4938 ac
2218 4882 2566 4953 jucunditate
2588 4875 2896 4944 exprimere
2923 4873 3115 4944 possit.
3143 4871 3195 4925 In
3220 4869 3573 4925 concionibns

269 4976 297 5026 ὁ
324 4976 529 5044 καιρὸς
550 4978 697 5046 καλῇ
724 4978 1035 5048 χρήσασθαι
1055 4978 1132 5050 τῷ
1152 4978 1316 5048 λόγῳ,
1342 4978 1515 5043 δεξιὸς
1540 4979 1634 5032 καὶ
1658 4977 1860 5048 γόνιμος

1992 4971 2351 5045 persuadendi
2404 4962 2455 5023 vi
2509 4965 2768 5036 praeditus
2825 4971 2950 5026 est,
3002 4976 3068 5013 ac
3118 4960 3408 5027 gratiosus,
3459 4968 3571 5008 tum

280 5068 701 5139 ἐνθυμημάτων
747 5048 1122 5143 ὲφξὲκάτερα,
1159 5074 1255 5126 καὶ
1288 5070 1698 5141 γνωμολογικὸς
1721 5071 1778 5123 δὲ
1806 5069 1860 5122 ὡ(

1991 5069 2154 5121 etiam
2193 5076 2313 5118 cum
2364 5062 2553 5115 suadet
2587 5052 2967 5126 opportunitas
3009 5051 3309 5105 orationem
3356 5048 3408 5102 in
3437 5062 3572 5100 con-

1535 5246 1623 5302 VA
1633 5244 1773 5300 iile
1811 5240 2214 5299 LECTIONES.

348 5340 533 5415 ’τοῦς
568 5358 636 5405 ς.
716 5343 764 5374 ’θ
798 5342 1116 5415 ἀνεγνώσθη
1155 5341 1250 5398 τοῦ
1273 5338 1462 5396 αὑτοῦ.
1493 5344 1563 5406 A,
1593 5340 2015 5410 ἀνεγνώσθησαν
2048 5336 2213 5391 αὑτοῦ
2277 5350 2316 5397 ς
2347 5371 2361 5385 .
2458 5330 2504 5362 ³⁰
2536 5325 2933 5400 εὐθηνούμενος
2991 5342 3053 5389 ς.
3137 5325 3176 5355 ³¹
3208 5322 3480 5394 χισχάλων
3506 5322 3572 5375 Α.

276 5412 323 5441 ³³
352 5413 496 5464 αὐτὸ
543 5429 610 5476 ς.

1819 5581 2049 5640 NOTAE.

362 5703 479 5769 (75)
510 5701 898 5754 Fmendicalur
930 5698 1171 5753 redditur
1202 5715 1230 5752 a
1252 5697 1522 5753 Gentiano
1548 5696 1783 5769 Ποινοιο
1813 5714 1879 5756 ex
1918 5697 2088 5768 ipsius
2115 5696 2443 5754 Theodoreti
2479 5695 2696 5751 Prtefat.
2747 5691 2994 5749 Sadalam
3054 5704 3153 5760 ego
3196 5702 3352 5753 voco,
3412 5685 3569 5753 quasi

288 5772 712 5833 simledalem.
750 5781 804 5827 ct
832 5772 1071 5835 eiusdem
1105 5771 1427 5829 participem
1456 5768 1734 5828 SYmbolte.
