4030 6458
552 266 620 327 83
1705 278 1975 339 ΡΗΟΤΙΙ
2012 280 2115 340 ΡΑ¹

2218 277 2519 341 IARCILE
2556 280 2668 343 (ΞΡ.
3736 282 3819 341 84

546 381 768 434 trariam
800 392 1004 453 partem
1036 384 1274 443 flectere.
1302 387 1534 446 Dextere
1563 404 1783 461 quoque
1810 403 1863 447 et
1899 393 2115 463 copiose

2222 394 2277 447 εί
2310 412 2397 458 τις
2426 394 2608 458 ἄλλος,
2634 395 2731 449 καί⁸
2754 393 2907 465 παθη
2937 392 3017 465 τῷ
3044 394 3191 466 λόγῳ
3219 396 3570 467 παραστῆσαι
3614 396 3822 450 ἱκανώ-

545 472 964 543 enthymematis
993 479 1045 533 in
1077 488 1365 550 utramque
1418 492 1625 552 partem
1655 484 1845 547 utitur,
1894 496 2115 540 senten-

2224 503 2412 550 τατος,
2438 487 2533 539 καὶ
2561 487 2772 556 ἐγεῖραι
2802 485 2976 550 πάθος
3001 487 3092 541 καὶ
3117 486 3360 558 πραῧναι
3380 488 3772 559 δοκιμώτατος.

547 566 775 635 tiasque,
830 568 875 623 si
915 570 1038 639 quis
1092 572 1266 637 alius,
1295 573 1537 630 adhibet.
1597 573 1841 631 Orationi
1897 577 2119 646 insuper
2151 575 2403 631 allectum
2436 576 2803 647 imprimendi,
2834 588 2891 633 et
2951 578 3259 634 concitandi
3304 589 3505 645 motus,
3563 580 3822 637 eosdem-

546 674 651 729 que
682 675 806 715 mox
836 660 1089 727 leniendi,
1120 674 1206 719 est
1240 667 1633 735 peritissimus.

618 754 786 809 Multa
839 769 971 810 vero
1013 755 1165 826 signa
1230 767 1394 827 atque
1450 762 1693 833 prodigia
1739 762 2115 836 Hierosolyma

2302 760 2480 815 Πολλά
2526 762 2583 814 δὲ
2636 761 2883 830 σύμϐολα
2924 762 3021 817 καὶ
3053 764 3258 834 σημεῖα
3287 762 3437 833 λέγει
3466 764 3824 835 προῦπάρξαι

2228 853 2327 921 τῆς
2358 852 2718 923 Ἰερουσαλὴμ
2750 852 3034 917 ἁλώσεωςο
3070 854 3198 925 βοῦν
3244 873 3305 909 τε
3339 854 3447 926 γὰρ
3482 856 3573 909 ἐπὶ
3623 856 3826 911 θυσίαν

2227 941 2504 1012 ἀγομένην
2530 942 2669 1012 ἄρνα
2688 944 2889 1005 τεκεῖν,
2906 944 3001 996 καὶ
3023 944 3139 1012 φῶς
3158 944 3474 1014 ἀναλάμψαι
3499 944 3557 997 ἐν
3577 945 3656 1014 τῷ
3678 945 3826 1015 ναῷ,

2226 1032 2324 1087 καὶ
2344 1036 2529 1104 φωνῆς
2548 1034 2757 1087 ἐκεῖθεν
2777 1034 3546 1107 ἐπακοῦσαιιΜεταὸαίνομεν
3568 1037 3613 1069 ³³
3630 1037 3829 1091 ἐντεῦ-

2231 1127 2377 1192 θεν,›
2405 1128 2503 1181 καὶ
2535 1128 2635 1191 τὰς
2660 1126 2755 1181 τοῦ
2794 1130 2943 1198 ἱεροῦ
2964 1128 3141 1193 πύλας
3168 1130 3278 1184 οὐδ’
3304 1130 3411 1184 ὑπὸ
3437 1130 3649 1202 ἀνδρῶν
3673 1133 3833 1187 εῐκο-

544 1218 646 1272 viri
690 1222 902 1288 aperire
955 1232 1228 1291 poterant,
1277 1234 1471 1293 sponte
1513 1225 1776 1294 patuisse.
1809 1225 2115 1281 Exercitum

2227 1235 2315 1271 σιν
2358 1218 2719 1288 ἀνοιγομένας
2760 1220 3087 1290 αὐτομάτως
3122 1222 3416 1293 ἀνεῷχθαι,
3442 1225 3537 1276 καὶ
3587 1224 3830 1296 στρατὸν

544 1312 761 1380 vesperi
814 1313 989 1367 visum
1022 1315 1208 1371 'armis
1252 1317 1521 1372 indutum.
1562 1318 1772 1381 Virum,
1807 1319 1893 1373 cui
1925 1334 2115 1374 nomen

2225 1308 2463 1381 ἑσπέρας
2494 1310 2880 1379 ἐπιφαίνεσθαι
2910 1312 3099 1377 ὅπλοις
3140 1314 3690 1385 περιπεφραγμένον,
3719 1316 3827 1370 καὶ

543 1402 706 1459 Jesus
735 1405 981 1473 Ananiae,
1028 1408 1164 1462 nihil
1213 1410 1358 1465 aliud
1392 1411 1552 1466 annis
1597 1426 1693 1465 sex
1739 1421 1793 1466 et
1847 1414 2115 1470 mensibus

2222 1401 2515 1472 ἄνθρωπόν
2541 1420 2663 1456 τινα
2695 1403 2905 1475 (ὄνομα
2935 1404 3087 1475 αὐτῷ
3116 1408 3145 1459 ό
3168 1405 3264 1459 τοῦ
3285 1406 3535 1461 Ἀνανίου
3562 1408 3779 1477 Ἰησοῦς
3803 1408 3827 1478 )

547 1495 722 1549 tribus
756 1498 1021 1561 sonuisse,
1061 1510 1318 1569 tanquam
1368 1501 1552 1557 furore
1603 1503 1904 1570 percitum,
1956 1519 2115 1573 quam

2227 1493 2393 1564 μηδὲν
2426 1494 2555 1547 ἄλλο
2586 1496 3014 1565 ἐπιφθέγγεσθαι
3046 1497 3141 1550 ἐπὶ
3170 1498 3264 1569 ἐτη
3292 1504 3345 1562 ς’
3365 1498 3460 1552 καὶ
3473 1500 3519 1531 ⁸⁸
3546 1498 3723 1570 μῆνας
3739 1508 3823 1568 γ’,

544 1586 837 1643 identidem
877 1607 892 1643 :
938 1608 957 1641 ‹
1014 1588 1135 1654 Vas,
1167 1607 1282 1655 vae,
1328 1592 1665 1659 Jerusalem,
1708 1614 1727 1646 ι
1766 1598 2115 1667 emndemque

2226 1584 2418 1653 ὥσπερ
2449 1584 2885 1657 βεϐακχευμένον
2919 1587 3050 1642 ὄντα
3093 1589 3180 1642 ἐπ’
3213 1588 3348 1642 αὐτὸ
3373 1588 3554 1655 τοῦτο,
3594 1590 3627 1661 ἢ
3668 1592 3731 1645 τὸ
3757 1592 3827 1646 αἱ

542 1689 665 1728 cum
692 1690 754 1729 ea
786 1678 854 1732 de
875 1692 1039 1734 causa
1070 1680 1386 1737 verberibus
1405 1696 1621 1752 quoque
1642 1682 1959 1748 caederetur,
1980 1700 2115 1753 prae-

2225 1679 2293 1747 τῇ
2330 1676 2685 1748 Ἰερουσαλήμ
2706 1694 2720 1708 ο
2751 1678 2810 1743 ὃς
2846 1680 2943 1733 καὶ
2974 1680 3116 1750 ὑπὲρ
3154 1680 3347 1734 τούτου
3379 1682 3645 1747 αἰκισθεὶς
3670 1684 3824 1753 πλὴν

544 1777 628 1823 ter
656 1770 796 1826 hanc
822 1787 987 1828 unam
1019 1790 1230 1842 vocem,
1258 1776 1460 1831 nullam
1489 1775 1738 1831 emisisse
1763 1776 1945 1832 aliain.
1968 1778 2115 1834 llunc

2225 1772 2431 1844 ταύτης
2473 1773 2573 1844 τῆς
2616 1772 2801 1842 φωνῆς
2842 1771 2995 1825 οὐδὲν
3026 1772 3155 1826 ἀλλο
3181 1771 3547 1843 ἀπεκρίνατο,
3580 1773 3637 1827 ἐν
3669 1774 3818 1845 αὐτῇ

546 848 818 902 excidium
873 851 1218 917 praecessisse
1256 864 1665 909 commemorat.
1697 854 1896 911 Bovem
1931 859 1997 911 ad
2031 872 2125 912 sa-

546 939 809 994 crificium
840 940 1058 995 ductam
1094 956 1291 1007 agnum
1324 946 1620 1013 peperisse.
1663 948 1863 1004 Lucem
1894 951 1948 1005 in
1987 961 2125 1004 tem-

548 1032 636 1101 plo
698 1033 1057 1103 splenduisse.
1112 1036 1310 1093 Vocem
1363 1041 1559 1095 exinde
1611 1044 1892 1098 auditam:
1932 1062 1950 1094 ι
1986 1044 2124 1098 Hinc

547 1127 830 1183 abeamus.
870 1147 888 1179 ι
922 1126 1129 1199 Templi
1158 1136 1380 1200 portas,‘
1408 1148 1547 1203 quas
1581 1149 1648 1188 ne
1676 1135 1862 1205 viginti
1903 1135 2123 1205 quidem

541 1860 671 1916 item
695 1864 845 1919 urbis
864 1866 1078 1921 excidio
1114 1883 1239 1922 cum
1266 1869 1575 1935 interesset,
1603 1871 1959 1940 eamdemque
1980 1875 2120 1943 apud

539 1968 602 2009 se
630 1969 817 2011 vocem
852 1957 1231 2027 ingeminaret,
1280 1960 1473 2031 lapidis
1513 1962 1622 2018 ictu
1661 1964 1798 2034 ιιι
1840 1964 1908 2019 ab
1966 1965 2120 2020 hoste

541 2048 783 2101 occisum
812 2063 953 2105 esse.

610 2142 790 2209 Atque
844 2142 961 2196 haec
1007 2143 1226 2212 quidem
1264 2152 1392 2201 ante
1439 2147 1628 2201 urbem
1690 2157 1906 2217 captam
1962 2148 2116 2219 signa

542 2241 841 2287 monstrata
873 2231 1045 2296 fuere,
1097 2235 1339 2290 intestini
1365 2252 1495 2292 vero
1538 2238 1660 2293 belli
1689 2240 1882 2295 seditio
1913 2249 1969 2295 et
2018 2241 2118 2295 ho-

539 2331 654 2378 stes
679 2323 864 2379 urbem
886 2335 1214 2382 everterunt.
1242 2327 1297 2383 ln
1329 2330 1622 2384 zelotarum
1657 2331 1799 2386 enim
1825 2331 2115 2386 factionem

542 2424 599 2468 et
631 2415 952 2471 sicariorum
980 2418 1161 2484 divisi,
1194 2434 1253 2474 se
1281 2430 1468 2476 mutuo
1500 2420 1669 2477 ιιιαωί
1704 2422 2115 2487 interfecerunt,

541 2508 830 2578 ipsumque
857 2510 993 2565 adeo
1025 2511 1334 2581 reipublicte
1375 2528 1571 2585 corpus
1601 2515 1812 2586 vulgus,
1842 2515 1912 2571 ab
1944 2515 2117 2570 utris-

539 2614 651 2669 que
672 2603 869 2658 acerbe
900 2612 985 2658 est
1018 2612 1180 2675 atque
1211 2606 1505 2662 crudeliter
1548 2608 1886 2663 dilaniatum.
1921 2607 2117 2664 Fames

544 2695 671 2747 item
704 2695 784 2749 sic
818 2695 1004 2751 urbem
1036 2696 1256 2763 invasit,
1288 2707 1347 2753 ut
1378 2707 1434 2751 et
1467 2700 1533 2754 ad
1564 2700 1668 2755 alia
1714 2701 1915 2771 ﬂagitia
1937 2702 2116 2759 homi-

541 2800 644 2841 nes
674 2786 887 2855 impulsi
922 2788 1142 2856 fuerint,
1185 2801 1241 2846 et
1279 2791 1475 2848 mulier
1499 2806 1653 2847 suum
1689 2793 1803 2861 ipsa
1831 2794 1995 2849 filium
2025 2810 2117 2850 co—

540 2878 795 2933 mederit.
820 2877 999 2935 Pestis
1024 2882 1207 2937 adhaac
1233 2882 1427 2938 famem
1452 2886 1751 2954 excipiens,
1782 2886 1915 2940 satis
1939 2885 2118 2941 omni-

536 2970 643 3025 bus
683 2971 834 3026 clare
882 2973 1144 3038 ostendit,
1180 2974 1373 3030 divina:
1430 2976 1482 3031 id
1529 2977 1623 3030 ira)
1670 2992 1804 3045 Opus
1850 2991 2004 3043 esse,
2052 2991 2116 3032 ac

546 3060 844 3119 Dominicaa
900 3064 1325 3123 denuntiationis
1367 3069 1766 3140 minarumque,
1800 3070 1917 3127 fore
1956 3072 2116 3126 nimi-

541 3170 660 3209 rum
694 3167 751 3210 ut
776 3156 904 3214 urbs
938 3156 1179 3213 funditus
1216 3175 1403 3214 eversa
1436 3163 1648 3228 periret.

1210 3245 1435 3301 XLVIII.

678 3335 961 3402 Iosephus,
988 3338 1066 3393 vel
1092 3338 1253 3393 Caius
1278 3339 1578 3410 Presbyter.
1608 3342 1680 3395 De
1702 3344 1965 3395 universo.

614 3490 810 3547 Lectus
838 3505 940 3560 est,
967 3494 1233 3565 Josephus
1262 3497 1338 3552 De
1363 3500 1640 3564 universo,-
1684 3501 1775 3569 qui
1814 3499 1951 3553 liber
1987 3498 2113 3553 alibi

538 3581 835 3653 inscriptus
882 3584 1100 3655 legitur,
1134 3585 1209 3641 De
1244 3589 1473 3643 universi
1501 3605 1703 3654 causa;
1749 3589 1801 3643 in
1834 3588 1955 3644 aliis
1989 3603 2116 3643 vero

536 3676 715 3741 libris,
743 3676 822 3732 De
853 3680 1079 3734 universi
1102 3692 1315 3735 natura.
1345 3680 1591 3751 Suntque
1619 3682 1780 3737 libelli
1816 3683 1954 3747 duo,
1990 3684 2116 3751 qui-

538 3770 640 3823 bus
669 3783 853 3825 secum
879 3786 1118 3843 pugnare
1153 3772 1428 3829 Platonem
1465 3776 1640 3829 docet.
1669 3773 1746 3829 De
1776 3776 1954 3829 anima
1983 3790 2117 3845 quo-

540 3874 649 3927 que
696 3864 925 3917 materia
951 3902 967 3926 ,
1009 3872 1063 3918 et
1102 3865 1500 3920 resurrectione
1545 3864 1658 3935 (76)
1700 3866 2021 3931 Alcinoum,
2058 3875 2117 3919 ut

542 3950 773 4004 absurde
836 3966 902 4006 ac
946 3950 1082 4006 falso
1130 3953 1516 4019 disserentem,
1564 3953 1933 4023 reprehendit,
1988 3968 2117 4009 suas

541 4057 671 4096 vero
714 4044 829 4114 ipse
862 4045 1039 4101 dehis
1092 4046 1339 4102 thesibus
1384 4046 1668 4114 opiniones
1694 4046 1954 4116 opponit;
2011 4046 2115 4102 do-

539 4146 737 4207 cetque
764 4136 1071 4193 Iudaeorum
1106 4138 1381 4193 nationem
1414 4138 1572 4209 longe
1610 4152 1751 4201 esse,
1782 4153 1941 4208 quam
1965 4136 2116 4192 Grae-

541 4246 730 4285 corum
767 4228 1155 4300 antiquiorem.
1184 4229 1347 4284 Putat
1370 4228 1726 4298 compositum
1756 4229 2030 4284 hominem
2046 4245 2112 4285 ex

539 4325 699 4393 igne,
754 4334 920 4391 terra,
967 4338 1129 4392 aqua,
1182 4338 1246 4377 ac
1293 4330 1554 4392 praeterea
1602 4336 1633 4376 e
1680 4321 1898 4391 spiritu,
1953 4336 2111 4391 quem

538 4415 775 4468 animum
806 4414 1059 4483 appellat.
1099 4411 1172 4466 De
1214 4428 1322 4483 quo
1364 4412 1553 4482 spiritu
1585 4413 1733 4468 hisce
1772 4412 1953 4467 verbis
1982 4427 2112 4466 usus

2220 1883 2282 1919 τε
2311 1868 2381 1937 τῇ
2411 1865 2612 1920 ἁλώσει
2661 1863 2856 1936 παρὼν
2884 1862 2981 1918 καὶ
3014 1862 3192 1933 ἑαυτῷ
3212 1864 3255 1898 ³⁸
3283 1864 3384 1935 τὴν
3412 1864 3669 1936 τοιαύτην
3696 1883 3820 1935 φω-

2219 1960 2317 2032 νὴν
2352 1960 2617 2028 ἐπειπὼν,
2648 1959 2783 2033 λίθῳ
2814 1959 3035 2032 βληθεὶς
3066 1958 3173 2013 ύπδ
3216 1960 3327 2015 τῶν
3361 1959 3654 2032 πολεμίων,
3687 1963 3821 2014 ἐτε-

2219 2052 2469 2123 λεύτησε.

2290 2145 2383 2218 [56
2408 2144 2503 2217 11.]
2545 2146 2625 2200 Τά
2656 2145 2756 2217 μὲν
2776 2145 2869 2199 οὖν
2890 2142 3278 2217 προδειχθέντα
3302 2142 3401 2213 τῆς
3430 2141 3681 2205 ἁλώσεως
3705 2157 3813 2211 ση-

2221 2242 2349 2309 μεῖα
2381 2238 2592 2294 ταῦτα’
2626 2240 2662 2309 ή
2694 2238 2884 2302 στάσις
2907 2238 2965 2291 δὲ
3013 2236 3123 2292 τῶν
3170 2235 3450 2307 ἐμφυλίων
3495 2235 3529 2306 ἢ
3564 2235 3613 2289 οί
3637 2228 3811 2288 πολέ-

2222 2349 2335 2401 μιοι
2362 2331 2460 2402 τὴν
2489 2330 2646 2385 πόλιν
2675 2329 3007 2401 ἐπόρθησαν.
3032 2330 3125 2391 El;
3156 2326 3404 2396 ζηλωτὰς
3433 2326 3540 2399 γὰρ
3573 2328 3809 2390 ἑαυτοὺς

2217 2423 2314 2478 καὶ
2358 2422 2640 2494 σικαρίους
2682 2421 3072 2491 διαστήσαντες
3107 2418 3373 2487 ἀλλήλους
3417 2436 3479 2472 τε
3523 2417 3806 2486 ἔφθειρον,

2218 2517 2313 2572 καὶ
2361 2517 2423 2572 τὸ
2469 2516 2647 2570 κοινὸν
2682 2515 2841 2585 σῶμα
2874 2517 2902 2568 ὁ
2942 2514 3111 2584 δῆμος
3151 2514 3242 2566 ὑπ’
3269 2513 3472 2583 ἀμφοῖν
3499 2510 3710 2581 πικρῶς
3737 2528 3807 2563 τε

2218 2612 2313 2666 καὶ
2355 2610 2597 2681 ἀνηλεῶς
2625 2608 3019 2680 ἐσπαράττετο.
3055 2607 3230 2676 Λιμός
3272 2622 3331 2659 τε
3364 2604 3505 2658 οὕτω
3536 2604 3808 2673 κατέσχεν

2217 2702 2293 2764 ὡς
2330 2701 2425 2753 καὶ
2458 2700 2538 2762 είς
2580 2698 2717 2754 ἀλλα
2751 2698 2849 2768 μέν
2877 2696 3178 2766 παράνομα
3200 2694 3329 2757 τοὺς
3356 2692 3674 2765 ἀνθρώπους
3705 2693 3809 2745 ἐκ-

2217 2790 2585 2862 διαιτηθῆναι,
2618 2790 2714 2843 καὶ
2741 2791 2976 2858 γυναῖκα
3002 2788 3058 2842 δέ
3084 2788 3146 2842 τὸ
3170 2788 3368 2841 οἰκεῖον
3400 2787 3591 2841 τέκνον
3618 2786 3807 2855 θοινή-

2218 2880 2435 2935 σασθαι.
2471 2880 2582 2934 Καὶ
2606 2879 2683 2950 τῷ
2705 2878 2849 2950 λιμῷ
2876 2879 2904 2931 ό
2930 2877 3117 2947 λοιμὸς
3142 2875 3634 2946 συνεπιλαϐόμενος
3660 2874 3803 2928 ἐδεί-

2217 2990 2317 3026 κνυ
2352 2974 2518 3026 πᾶσιν
2548 2972 2807 3041 ἐμφανῶς
2839 2970 3133 3041 θεομηνίας
3154 2968 3315 3039 ἔργον
3338 2968 3433 3021 καὶ
3459 2965 3559 3036 τῆς
3588 2969 3806 3019 Δεσπο-

2216 3066 2377 3134 τικῆς
2408 3065 2765 3136 προρρήσεως
2793 3064 2888 3117 καὶ
2917 3062 3145 3133 ἀπειλῆς
3190 3062 3291 3134 τήν
3321 3060 3422 3133 τῆς
3456 3059 3665 3125 πόλεως
3693 3059 3805 3115 ὑπ-

2217 3158 2380 3230 άρξαι
2406 3157 2780 3228 πανωλεθρίαν
2810 3157 2904 3210 καὶ⁵
2934 3157 3157 3210 ἅλωσιν.

2918 3249 2971 3301 Μ
2979 3249 3037 3299 Η¹
3046 3288 3059 3301 .

2222 3337 2336 3391 Τοῦ
2363 3339 2550 3393 αὐτοῦ
2584 3337 2826 3409 μᾶλλον
2859 3335 2928 3388 δὲ
2957 3338 3157 3409 *Γαΐου
3191 3334 3624 3409 Πρεσόυτέρου,
3657 3337 3799 3404 περὶ

2735 3406 2847 3475 τῆς
2876 3406 2985 3460 τοῦ
3016 3408 3268 3473 παντός.

2282 3496 2622 3565 Ἀνεγνώσθη
2652 3496 2916 3567 Ἰωσήπου
2942 3495 3081 3563 Περὶ
3102 3495 3207 3548 τοῦ
3220 3493 3473 3559 παντὸς,
3494 3492 3522 3544 ὃ
3537 3492 3594 3544 ὲν
3609 3488 3794 3553 ἄλλοις

2197 3589 2438 3656 ἀνέγνων
2462 3586 2900 3656 ἐπιγραφόμενον
2912 3585 3049 3652 Περὶ
3070 3584 3180 3653 τῆς
3197 3586 3303 3639 τοῦ
3319 3583 3544 3648 παντὸς
3574 3580 3799 3644 αἰτίας»

2199 3683 2257 3735 ἐν
2286 3680 2466 3743 ἄλλοις
2505 3674 2563 3731 δὲ
2602 3677 2742 3745 Περὶ
2767 3675 2875 3745 τῆς
2903 3676 3010 3731 τοῦ
3040 3677 3270 3742 παντὸς
3299 3675 3534 3741 οὐσίας.
3572 3673 3664 3745 [I6
3692 3671 3798 3745 IL]

2204 3775 2361 3827 Ἐστι
2389 3771 2447 3825 δὲ
2467 3773 2524 3824 ἐν
2544 3771 2664 3825 δυσὶ
2687 3770 2963 3839 λογιδίοις.
2987 3768 3238 3823 Δείκνυσι
3268 3768 3325 3821 δὲ
3354 3769 3413 3820 ἐν
3436 3767 3621 3830 αὐτοῖς
3649 3765 3798 3836 πρὸς

2201 3861 2392 3916 ἑαυτὸν
2444 3860 2807 3925 στασιάζοντα
2833 3859 3120 3925 Πλάτωνα,
3174 3858 3387 3928 ἐλέγχει
3432 3856 3490 3911 δὲ
3520 3858 3615 3911 καὶ
3660 3856 3802 3924 περὶ

2211 3958 2394 4030 ψυχῆς
2419 3958 2514 4012 καὶ
2544 3956 2678 4026 ὕλης
2703 3954 2799 4007 καὶ
2825 3949 3173 4011 ἀναστάσεως
3198 3944 3475 3999 Ἀλκίνουν
3504 3941 3709 4009 ἀλόγως
3734 3956 3803 3993 τε

2214 4053 2310 4107 καὶ
2334 4050 2546 4122 ψευδῶς
2578 4048 2803 4102 εἰπόντα
2821 4086 2836 4109 ,
2871 4042 3186 4110 ἀντεισάγει
3214 4040 3272 4094 δέ
3299 4037 3399 4103 τὰς
3432 4035 3640 4097 οίκείας
3666 4035 3805 4104 περὶ

2214 4143 2419 4197 τούτων
2444 4142 2553 4196 τῶν
2579 4138 2890 4194 ὑποθέσεων
2918 4134 3098 4202 δόξας,
3122 4130 3368 4187 δείκνυσί
3395 4146 3455 4183 τε
3490 4125 3806 4199 πρεσϐύτε-

2218 4254 2309 4309 ρον
2340 4236 2608 4306 Ἐλλήνων
2638 4233 2819 4302 πολλῷ
2858 4231 2920 4285 τὺ
2940 4227 3211 4285 Ἰουδαίων
3252 4225 3428 4294 γένος.
3471 4222 3690 4287 Δοξάζει
3738 4220 3807 4273 δὲ

2214 4326 2532 4397 συγκεῖσθαι
2560 4326 2656 4378 τὸν
2686 4323 2975 4394 ἄνθρωπον
3006 4322 3070 4375 ἐκ
3100 4320 3273 4391 πυρὸς
3296 4319 3392 4372 καὶ
3424 4318 3528 4387 γῆς
3550 4317 3644 4370 καὶ
3664 4313 3808 4367 ὕδα-

2211 4438 2324 4484 τος,
2359 4419 2454 4472 καὶ
2487 4417 2568 4471 ἔτι
2601 4419 2666 4471 ἐκ
2695 4414 3026 4485 πνεύματος,
3068 4412 3097 4465 ὃ
3148 4412 3243 4466 καὶ
3287 4410 3467 4482 ψυχὴν
3518 4404 3804 4476 ὀνομάζει.

537 4513 624 4557 est
657 4520 671 4559 :
710 4505 881 4571 Huius
934 4505 1229 4575 principem
1280 4514 1489 4575 partem
1530 4504 1959 4574 apprehendens,
2001 4519 2107 4557 una

2218 4512 2350 4583 Περὶ
2376 4504 2438 4564 οὗ
2467 4508 2772 4580 πνεύματος
2797 4507 2987 4570 αὑταῖς
3016 4505 3228 4571 λέξεσιν
3252 4503 3395 4557 οὕτω
3418 4503 3572 4571 φησι·
3587 4498 3807 4553 Τούτου

540 4614 664 4652 cum
691 4613 917 4669 corpore
946 4600 1217 4665 formavit,
1249 4610 1304 4680 et
1334 4614 1430 4668 per
1453 4600 1633 4654 omnia
1658 4600 1902 4654 membra
1931 4609 2113 4653 artus-

539 4704 647 4759 que
675 4690 814 4743 viam
876 4690 973 4757 ipsi
1012 4688 1283 4760 patefecit.
1320 4688 1422 4756 Qui
1474 4690 1697 4760 spiritus
1730 4690 1943 4759 corpori
1977 4704 2111 4744 con-

538 4783 822 4848 formatus,
868 4793 1147 4853 totumque
1185 4784 1506 4851 pervadens,
1540 4785 1727 4838 eadem
1780 4780 1974 4847 forma,
2004 4797 2110 4853 qua

537 4890 736 4944 corpus
765 4874 868 4928 hoc
897 4884 1195 4942 spectatur,
1220 4874 1509 4942 insignitus
1537 4883 1622 4930 est
1652 4889 1668 4928 :
1699 4882 1951 4927 naturam
1980 4888 2112 4927 vero

540 4964 872 5035 frigidiorem
906 4965 1085 5032 habet,
1120 4966 1188 5019 ad
1222 4965 1323 5019 tria
1349 4964 1459 5031 illa,
1482 4980 1579 5033 per
1600 4979 1718 5033 quae
1740 4978 1936 5033 corpus
1960 4978 2110 5017 com-

539 5064 754 5123 pactum
791 5063 897 5109 est.
935 5054 1057 5111 Haec
1088 5056 1195 5118 ille,
1219 5072 1322 5111 non
1346 5057 1479 5111 satis
1496 5065 1621 5124 apte
1653 5056 1719 5108 ad
1758 5053 2106 5110 Hebrteorum

538 5148 606 5201 de
636 5148 871 5202 hominis
903 5158 1094 5202 natura
1139 5148 1467 5213 doctrinam,
1516 5162 1693 5218 neque
1714 5148 1846 5202 satis
1871 5162 1903 5202 e
1933 5146 2109 5216 digni-

540 5246 650 5291 tate
680 5237 1010 5306 reliquorum
1046 5252 1077 5291 a
1116 5252 1177 5292 se
1205 5239 1409 5294 diserte
1457 5240 1783 5308 scriptorum
1837 5237 2104 5294 elocutus.

544 5328 618 5382 De
669 5329 855 5383 mundi
899 5343 1116 5400 quoque
1179 5331 1527 5400 generatione
1579 5344 1675 5398 per
1720 5329 2101 5397 compendium

2210 4603 2271 4657 τὸ
2316 4603 2648 4674 κυριώτερον
2678 4599 3003 4670 ἀνελόμενος
3038 4597 3155 4667 ἃμα
3189 4595 3267 4665 τῷ
3312 4593 3526 4664 σώματι
3568 4591 3804 4655 ἔπλασε,

2211 4697 2305 4749 καὶ
2332 4693 2422 4748 διὰ
2449 4691 2651 4756 παντὸς
2675 4691 2872 4762 μέλους
2892 4688 2989 4743 καὶ
3012 4686 3216 4759 ἄρθρου
3241 4686 3467 4757 πορείαν
3489 4682 3638 4753 αὐτῷ
3663 4699 3811 4735 κατ-

2211 4783 2510 4838 εσκεύασεν
2522 4784 2567 4816 “
2588 4798 2602 4815 ·
2639 4781 2669 4835 δ
2693 4779 2773 4851 τῷ
2801 4778 3013 4849 σώματι
3039 4775 3392 4847 συμπλασθὲν
3422 4775 3518 4828 καὶ
3544 4774 3633 4827 διὰ
3658 4790 3813 4825 παν-

2207 4876 2300 4938 τὸς
2325 4873 2699 4943 διικνούμενον
2722 4871 2801 4942 τῷ
2830 4869 2985 4940 αύτῷ
3026 4869 3161 4924 εῖδει
3186 4867 3281 4921 τοῦ
3318 4865 3654 4938 βλεπομένου
3685 4863 3810 4917 σώ-

2218 4984 2388 5038 ματος
2420 4965 2757 5029 τετύπωται,
2774 4962 2875 5032 τὴν
2898 4960 3089 5015 οὐσίαν
3115 4959 3173 5014 δέ
3193 4959 3529 5030 ψυχρότερον
3557 4955 3809 5024 ὑπάρχει

2215 5060 2353 5131 πρὸς
2398 5058 2468 5112 τά
2508 5056 2658 5127 τρία,
2686 5054 2754 5108 δι’
2786 5048 2861 5108 ὧν
2910 5053 2972 5107 τὸ
3016 5052 3178 5122 σῶμα
3202 5053 3593 5121 συνήρμοσται.
3634 5046 3811 5101 Οὕτω

2218 5152 2319 5222 μὲν
2364 5145 2458 5203 οὖν
2502 5146 2737 5213 ἀναξίως
2758 5148 2857 5217 τῆς
2882 5163 2940 5199 τε
2969 5145 3077 5199 τῶν
3103 5144 3375 5198 Ἰουδαίων
3409 5142 3537 5212 περὶ
3581 5140 3809 5211 ἀνθρώ-

2213 5258 2316 5294 που
2347 5239 2697 5307 φυσιολογίας
2719 5236 2893 5291 ταῦτα
2924 5237 3093 5290 εἰπὼν
3138 5236 3233 5289 καὶ
3264 5234 3361 5304 τῆς
3410 5232 3576 5304 ἄλλης
3624 5232 3805 5285 αὐτοῦ

2208 5330 2339 5402 περὶ
2368 5329 2497 5391 τοὺς
2530 5328 2723 5397 λόγους
2768 5327 3085 5399 ἀσκήσεως,
3114 5325 3335 5390 διέξεισι
3372 5324 3468 5377 καὶ
3516 5322 3647 5395 περὶ
3690 5322 3808 5397 τῆς

1824 5442 2061 5498 VARle
2106 5441 2513 5499 LECTIUNES.

614 5541 657 5573 ³³
686 5541 1102 5613 μεταϐαίνωμεν
1155 5559 1216 5606 ς’.
1295 5540 1341 5573 ³⁸
1364 5541 1457 5595 καὶ⁸
1479 5555 1588 5597 om.
1623 5542 1685 5595 Α.

1784 5541 1828 5573 ³⁸
1855 5540 2056 5613 ἐαυτῷ]
2084 5540 2246 5605 αὐτὸς
2273 5555 2394 5597 esse
2424 5541 2634 5596 videtur
2663 5537 2718 5592 in
2751 5536 2820 5590 A.

2925 5535 2971 5567 ³⁸
2998 5531 3409 5605 παρεσκεύασεν
3438 5531 3504 5586 A.

2049 5632 2284 5688 ΝΟΤΑΞ.

2049 5634 2092 5687 Ν
2146 5634 2284 5688 TE.

617 5722 728 5793 I70)
758 5724 921 5793 Cujus
974 5726 1038 5782 de
1087 5735 1387 5796 comparat.
1428 5724 1638 5782 Platon.
1689 5734 1741 5781 ct
1780 5726 2003 5783 Aristot.
2044 5634 2256 5781 Iug-llus
2292 5724 2475 5780 Graece
2495 5733 2652 5793 atque
2682 5719 2871 5775 Latine
2902 5716 2951 5772 in
2984 5716 3158 5773 medio
3187 5723 3288 5769 est.
