4030 6494
360 290 428 354 85
1398 289 1921 353 BIBLIOTHECA.
1955 316 2026 331 —
2049 291 2265 353 cono.
2303 290 2643 353 XLVIII-L.
3201 269 3211 280 '
3602 289 3673 352 86

362 398 746 470 ιοσμογονίας
777 400 1195 469 ηφαλαιοῦὦς.
1234 400 1371 471 Περὶ
1404 404 1586 472 μέντοι
1626 402 1865 474 Χριστοῦ
1890 405 1961 457 eo?

2094 401 2335 457 disserit.
2369 402 2440 456 De
2484 400 2703 455 Christo
2730 408 2911 453 autem
2960 414 3090 453 vero
3134 398 3244 453 Deo
3285 397 3563 468 aptissime
3594 398 3673 452 lo-

368 490 628 560 ἁληθινοῦ
662 490 820 543 Θεοῦ
858 490 1021 561 ἡμῶν
1045 492 1122 555 ὡς
1154 490 1381 559 ἔγγιστα
1412 492 1673 563 θεολογεῖ,
1704 496 1895 566 κλῆσίν
1923 515 1983 549 τε

365 584 531 652 αὑτὴν
574 581 1092 653 ἀναφθεγγόμενος
1132 583 1397 652 Χριστοῦ,
1425 585 1520 638 καὶ
1557 586 1654 657 τὴν
1684 588 1747 640 ὲκ
1777 589 1985 659 πατρὸς

363 677 643 746 ἄφραστον
692 678 974 747 γέννησιν
1018 676 1329 747 ἀμέμπτως
1354 677 1784 749 ἀναγράφων.“0
1832 698 1983 746 τινας

367 769 493 829 ista;
515 766 617 819 καὶ
658 766 1022 835 ἁμφιδοξεῖν,
1056 766 1133 828 ὡς
1154 766 1422 836 Ἰωσήπου
1456 766 1542 838 εἴη
1572 767 1634 819 τὸ
1670 770 1982 839 συνταγμά-

368 874 523 921 tam,
556 858 935 912 ἀναπείσειεν.
972 859 1137 913 Οὐδὲν
1182 858 1240 913 δὲ
1284 860 1348 913 τὸ
1387 859 1488 929 τῆς
1535 860 1789 931 φράσεως
1835 861 1980 933 αὐτῷ

377 953 522 1021 πρὶς
560 951 628 1005 τὰ
662 951 936 1005 ὑπόλοιπα
977 951 1074 1006 τοῦ
1114 952 1307 1024 ἀνδρὸς
1345 953 1554 1007 ἀποδεῖ.

456 1038 627 1116 Εὗρον
655 1046 707 1097 δὲ
726 1046 771 1076 ³’
807 1047 874 1098 ὲν
907 1050 1308 1118 παραγραφαῖς
1339 1049 1420 1102 ὃτι
1452 1050 1553 1102 οὐκ
1583 1047 1731 1104 ἔστιν
1763 1051 1791 1104 ὁ
1821 1051 1977 1121 λόγος

392 1136 664 1205 Ἰωσήπου,
701 1138 846 1191 ἀλλὰ
900 1138 1067 1192 Γαΐου
1110 1140 1256 1204 τινὸς
1295 1141 1668 1212 πρεσϐυτέρου
1696 1144 1756 1197 ὲν
1790 1142 1978 1215 Ῥώμῃ

396 1230 758 1300 εωρέὀοντος,
785 1232 850 1285 ὃν
880 1250 1017 1301 φασι
1035 1232 1295 1298 συντάξαι
1324 1236 1418 1288 καὶ
1448 1235 1555 1289 τὸν
1582 1236 1972 1304 Λαϐύρινθον

389 1318 443 1376 οὗ
470 1322 557 1375 καὶ
585 1324 846 1392 διάλογος
878 1326 1109 1396 φέρεται
1135 1328 1276 1398 πρὸς
1302 1328 1545 1399 Πρόκλον
1569 1329 1692 1382 τινὰ
1724 1329 1975 1401 ὑπέρμαο

2091 497 2298 568 quitur,
2341 497 2562 565 quando
2592 504 2648 548 et
2680 494 2850 562 ipsam
2896 493 3097 548 Christi
3136 491 3557 562 appellationem
3592 489 3670 544 illi

2091 590 2359 656 attribuit,
2398 599 2452 644 et
2489 589 2909 644 inenarrabilem
2954 602 3021 641 ex
3055 586 3215 641 Patre
3257 585 3666 654 generationem

2089 682 2227 735 citra
2265 682 2741 749 reprehensionem
2769 679 3047 735 describit.
3083 679 3213 745 Quae
3238 693 3326 732 res
3359 673 3668 744 ambigendi

2089 774 2323 829 fortasse
2355 773 2590 843 cuipiam
2650 788 2870 828 causam
2902 773 3164 843 praebeat,
3205 770 3347 825 sitne
3379 771 3480 823 hoc
3509 766 3667 822 Jose-

2089 867 2178 937 phi
2213 866 2529 936 opusculum
2560 884 2573 920 :
2606 865 2707 920 etsi
2742 864 2877 919 nihil
2909 864 3120 919 dicendi
3150 879 3350 933 genere
3377 877 3405 916 a
3444 860 3666 930 reliquis

2087 960 2328 1029 ejusdem
2356 958 2573 1027 scriptis
2599 956 2847 1013 discedit.

2159 1052 2411 1122 Comperi
2469 1053 2786 1105 adnotatum
2835 1050 3048 1116 fuisse,
3111 1064 3217 1103 non
3272 1063 3394 1104 esse
3441 1046 3662 1117 Jnsephi

2090 1147 2193 1200 hoc
2249 1160 2422 1216 opus,
2475 1146 2569 1199 sed
2631 1144 2746 1199 Caii
2806 1143 3086 1211 cujusdam
3136 1143 3435 1214 presbyteri
3477 1142 3665 1196 Romae

2084 1234 2316 1299 agentis,
2347 1248 2507 1303 quem
2539 1242 2594 1287 et
2623 1242 2900 1286 auctorem
2937 1232 3145 1287 faciunt
3172 1231 3487 1301 Labyrinthi
3516 1249 3534 1286 :
3565 1247 3664 1287 cu-

2079 1329 2166 1395 jus
2197 1327 2361 1381 etiam
2393 1326 2636 1395 dialogus
2657 1335 2740 1380 est
2768 1327 3029 1380 adversus
3066 1324 3315 1379 Proclum
3342 1326 3656 1394 quemdam,

377 1430 462 1480 χον
480 1417 582 1485 τῆς
608 1415 721 1467 τῶν
745 1416 1148 1471 Μοντανιστῶν
1169 1420 1453 1490 αίρέσεως.
1484 1420 1888 1490 Ἀνεπιγράφου
1917 1422 1961 1474 δὲ

2084 1420 2305 1475 lucresis
2338 1419 2786 1474 Montanistarum
2819 1419 3183 1473 defensorem.
3215 1418 3349 1472 Cum
3377 1418 3518 1473 enim
3538 1420 3660 1473 sino

374 1505 828 1574 καταλειφθέντος
874 1509 974 1563 τοῦ
1012 1511 1171 1579 λόγου
1216 1512 1353 1580 φασὶ
1399 1513 1526 1575 τοὺς
1574 1512 1675 1583 μὲν
1704 1513 1961 1582 Ἰωσήποι

2083 1512 2237 1566 titulo
2283 1528 2418 1580 opus
2470 1512 2719 1566 relictum
2769 1522 2953 1576 esset,
2998 1512 3085 1565 alii
3156 1512 3371 1580 quidem
3422 1509 3660 1580 Josepho

370 1599 671 1667 ἐπιγράψαι
692 1641 707 1666 ,
734 1602 873 1665 τοὺς
899 1602 959 1655 δὲ
992 1604 1282 1658 Ἰουστίνου
1312 1604 1407 1659 τοῦ
1443 1607 1748 1676 μάρτυρος,
1779 1606 1961 1670 ἄλλους

2081 1602 2401 1670 inscriptum
2439 1602 2683 1656 referunt
2726 1602 2815 1655 alii
2849 1601 3063 1655 Justiuo
3115 1603 3361 1673 martyri,
3412 1603 3656 1656 nonnulli

370 1692 423 1744 ξὲ
444 1692 734 1762 Εἱρηναίου
754 1694 825 1759 ³⁸,
848 1695 1046 1768 ὥσπερ
1064 1698 1162 1763 κα).
1188 1700 1296 1751 τὸν
1318 1699 1688 1767 Λαϐύρινθόν
1702 1717 1845 1765 τινες
1874 1702 1961 1753 ἐπ-

2081 1694 2302 1762 lrenaco,
2358 1696 2813 1761 quemadmodum
2875 1706 2930 1748 et
2987 1695 3374 1765 Labyrinthum
3435 1694 3656 1767 Origeni

370 1782 605 1852 ἔγραψαν
643 1784 995 1856 Ὠριγένους.
1041 1787 1197 1840 Ἐπεὶ
1240 1787 1405 1841 Γαΐου
1459 1789 1578 1841 ἐστὶ
1628 1789 1850 1861 πόνημα
1901 1794 1961 1863 τῇ

2074 1785 2292 1853 quidam
2326 1786 2585 1840 tribuere.
2614 1787 2826 1855 Alioqui
2852 1787 2966 1842 Caii
3000 1797 3082 1843 est
3113 1803 3248 1856 opus
3289 1790 3529 1858 ejusdem
3568 1806 3657 1845 re-

365 1871 587 1944 ἀληθείς.
606 1874 698 1928 τοῦ
720 1876 769 1907 ⁸³
789 1878 1194 1949 συντεταχότος
1220 1880 1330 1934 τὸν
1352 1881 1742 1950 Λαϐύρινθον,
1773 1883 1850 1946 ὡς
1874 1884 1961 1938 καὶ

2074 1891 2234 1941 νει-ιιι,
2296 1878 2387 1946 qui
2440 1876 2819 1947 Labyrinthum
2866 1880 3173 1947 composuit
3220 1880 3389 1949 12a,
3433 1880 3657 1949 quando

367 1965 527 2027 αᾰτδς
547 1967 604 2019 ὲν
624 1964 698 2036 τῷ
714 1968 873 2020 τέλει
892 1969 1005 2024 τοῦ
1026 1971 1398 2039 Λαϐυρίνθου
1421 1972 1820 2047 διεμαρτύρατο
1841 1976 1969 2031 ἑαυ-

375 2056 467 2109 τοῦ
498 2053 726 2113 siuna:
743 2061 897 2129 Περὶ
922 2062 1036 2131 τῆς
1063 2064 1169 2118 τοῦ
1187 2065 1418 2131 παντὸς
1448 2067 1670 2131 οὐσίας
1700 2066 1965 2134 λόγον.ζΕί

377 2152 420 2203 δ’
446 2154 618 2221 ἕτερος
643 2155 736 2208 καὶ
762 2155 875 2226 οὐχ
906 2150 1069 2220 οὗτός
1105 2158 1277 2225 ἐστιν,
1308 2157 1460 2212 οὗπω
1495 2176 1588 2229 μοι
1615 2159 1843 2229 γέγονεν
1875 2160 1966 2214 εὖ·

369 2242 525 2311 ὅπλον.
559 2245 769 2299 Τοῦ-εον
821 2248 921 2301 τὸν
968 2249 1125 2302 Γάϊον
1157 2249 1525 2323 πρεσϐύτερόν
1555 2270 1686 2322 φασι
1733 2254 1964 2324 γεγενῆ-

358 2336 476 2388 σθαι
494 2337 593 2406 τῆς
620 2340 773 2393 κατὰ
788 2340 1023 2412 Ῥώμην
1050 2341 1138 2414 [57
1164 2342 1259 2415 R.]
1277 2343 1605 2415 Ἐκκλησίας
1628 2346 1721 2399 ἐπὶ
1748 2347 1969 2401 Οὐίκτο-

356 2444 444 2499 ρος
465 2430 555 2480 καὶ
583 2431 905 2502 Ζεφυρὶνου
940 2434 1048 2488 τῶν
1077 2434 1399 2507 ἀρχιερέων,
1435 2437 1879 2510 χειροτονηθῆναι
1908 2438 1964 2492 δὲ

355 2522 507 2573 αὑτὸν
539 2525 642 2575 καὶ
674 2522 860 2576 ἐθνῶν
895 2525 1218 2580 ἐπίσκοπον.
1253 2528 1517 2595 Συντάξαι
1548 2529 1605 2583 δὲ
1634 2532 1729 2584 καὶ
1777 2531 1964 2603 ἕτερον

348 2610 495 2680 λόγον
526 2614 684 2677 ἰδίως
711 2616 866 2669 κατὰ
899 2617 998 2688 τῆς
1022 2618 1368 2689 ’Λρτέμωνος
1397 2621 1681 2692 αἱρέσεως,
1705 2623 1800 2676 καὶ
1821 2624 1966 2678 κατά

344 2705 582 2775 Πρόκλου
620 2707 688 2760 δὲ
728 2709 1084 2763 σπουδαστοῦ
1129 2711 1414 2765 Μοντανοῦ
1454 2715 1753 2769 σπουδαίαν
1777 2715 1962 2770 διάλε-

344 2798 481 2862 iw“
512 2802 950 2872 συντεταχέναι,
983 2804 1042 2856 ὲν
1132 2806 1486 2876 τρισκαίδεκα
1536 2808 1704 2878 μόνας
1740 2812 1960 2863 ἐπιστο-

342 2889 432 2952 λὰς
482 2891 833 2962 ἀριθμεῖται
889 2894 1104 2950 Παύλου
1132 2938 1148 2964 ,
1204 2898 1303 2953 οὐκ
1360 2899 1629 2972 ὲγκρίνων
1678 2900 1777 2973 τὴν
1823 2901 1963 2971 πρὸς

352 2980 672 3053 Ἐϐραίους.

1073 3084 1208 3140 ΜΘ’.

342 3164 441 3221 τοῦ
468 3168 791 3249 ἐγέξτζοις
820 3174 1128 3249 Κυρίλλου
1157 3175 1266 3229 τοῦ
1294 3176 1779 3249 Ἀλεξανδρείας,
1805 3179 1958 3234 κατὰ

503 3245 643 3293 τῶν
668 3245 1011 3312 Νεστορίου
1043 3247 1464 3317 βλασφημιῶν
1484 3245 1659 3319 λόγοι
1703 3257 1767 3304 ε¹’.

404 3329 771 3405 ’Δνεγνώσθη
803 3334 903 3388 τοῦ
949 3338 1007 3389 ὲν
1050 3338 1228 3406 ἁγίοις
1277 3339 1552 3412 Κυρίλλου
1584 3340 1678 3394 τοῦ
1703 3341 1958 3407 Ἀλεξαν-

340 3420 572 3491 Esaiam“
599 3426 783 3482 Κατὰ
811 3426 935 3481 τῶν
958 3429 1064 3485 τοῦ
1089 3433 1423 3501 Νεστορίου
1439 3432 1876 3502 βλασφημιῶν,
1897 3436 1955 3487 ὲν

341 3514 512 3581 lam;
528 3520 731 3574 πέντε.
747 3520 1016 3577 Φυλὰττει
1040 3522 1096 3576 δὲ
1122 3525 1229 3577 κάν
1247 3524 1458 3589 τούτοις
1478 3524 1587 3580 τῶν
1612 3529 1829 3582 οἰκείων
1861 3529 1954 3583 λό·

344 3622 449 3674 των
494 3609 592 3663 τὸν
643 3613 985 3685 χαρακτῆρα
1028 3615 1120 3667 καὶ
1153 3615 1214 3669 τὸ
1250 3615 1483 3686 ἰδίωμα,
1531 3618 1867 3690 σαφέστερος
1896 3620 1953 3673 δέ

347 3700 449 3752 ἐστι
476 3703 572 3756 τοῦ
605 3704 751 3774 πρὸς
790 3704 1049 3776 Ἑρμείαν
1077 3713 1172 3763 καὶ
1202 3708 1297 3762 τοῦ
1333 3711 1472 3779 Περὶ
1502 3711 1614 3782 τῆς
1658 3713 1729 3767 ἐν
1760 3715 1952 3769 Πνεύ-

348 3810 477 3859 part
502 3798 829 3864 λατρείας.
845 3798 909 3853 ὐ
931 3798 986 3853 δὲ
1006 3799 1163 3870 λόγος
1187 3802 1338 3874 αὑτῷ
1364 3805 1734 3875 πεποιημένος
1752 3808 1847 3861 καὶ
1870 3809 1954 3872 είς

354 3885 655 3948 ἰδιάζουσαν
692 3891 851 3945 ξδέαν
884 3893 1350 3966 ὲκὸεσιασμένος,
1382 3898 1477 3951 καὶ
1525 3892 1637 3952 οἷον
1682 3899 1950 3973 λελυμένη

365 3979 456 4029 u‘:
486 3980 547 4033 τὶ
583 3983 785 4055 μέτρον
826 3985 1156 4057 ὑπερορῶσα
1196 3989 1435 4060 ποίησις.

1092 4082 1177 4138 N'.

368 4161 566 4220 Νικίου
594 4171 873 4240 paulo?)
920 4175 1352 4312 uasa'ztbrctoﬁ
1380 4180 1944 4249 Φιλοπόνουικεςρα-

858 4300 863 4303 τ
1032 4264 1181 4300 αιων
1255 4254 1288 4304 ’.

1032 4254 1181 4300 αἰων
1221 4254 1288 4304 ζ’.

416 4324 437 4398 ί
447 4328 465 4379 ί
480 4328 507 4380 ⁷
520 4329 613 4401 Η-]
628 4331 978 4403 ἈνεΥἫῦσθη
995 4335 1189 4388 Νικίου
1209 4336 1623 4408 μοναχοῢζιίατὰ
1638 4338 1757 4392 τῶν
1771 4341 1880 4396 τοῦ
1900 4342 1943 4374 δ’

350 4420 690 4476 Φιὼπόνου
720 4429 1074 4495 κεφαλαίων
1097 4428 1270 4493 ἑπτὰ,
1293 4423 1368 4484 ὧν
1394 4430 1854 4502 διεμνημόνευσεν
1884 4435 1944 4487 ἐν

344 4510 415 4579 τῷ
442 4515 772 4587 γαλουμένῳ
806 4517 974 4572 αὑτοῦ
1014 4520 1158 4590 λόγῳ
1185 4522 1709 4590 ΔιαιτητήςιἚστι
1758 4524 1941 4596 δὲτὴν

2073 1967 2161 2021 ille
2197 1969 2312 2036 ipse
2348 1968 2401 2022 in
2429 1978 2673 2023 extremo
2712 1968 3041 2039 Labyrintho
3094 1980 3350 2024 testatum
3410 1971 3653 2040 reliquit,

2071 2073 2193 2112 esse
2224 2073 2284 2112 se
2324 2057 2445 2112 libri
2483 2058 2558 2111 De
2588 2060 2821 2113 universi
2858 2068 3058 2113 natura
3113 2071 3410 2114 auctorem.
3452 2060 3652 2115 Verum

2071 2148 2159 2202 hic
2189 2164 2255 2201 ne
2280 2147 2417 2202 liber
2442 2147 2531 2204 ille
2556 2149 2650 2215 sit,
2682 2150 2749 2202 de
2797 2163 2905 2219 quo
2955 2152 3165 2220 agiturf,
3201 2166 3269 2204 an
3302 2150 3463 2214 alius,
3512 2166 3653 2205 nou-

2070 2242 2194 2295 dum
2252 2240 2381 2295 mihi
2437 2240 2623 2311 liquet.
2670 2240 2825 2295 I-Iunc
2870 2242 3061 2297 Caium
3108 2242 3221 2313 (77)
3278 2245 3649 2315 presbyterum

2071 2332 2326 2389 Romanae
2368 2335 2626 2390 Ecclesiae
2661 2336 2833 2391 fuisse
2863 2334 3160 2401 afﬁrmant,
3204 2339 3305 2393 sub
3348 2338 3566 2394 Victore
3596 2354 3652 2393 et

2068 2426 2377 2498 Zepliyrino
2415 2428 2801 2498 pontiﬁcibus,
2851 2430 3278 2500 ordinatumque
3326 2440 3378 2485 et
3408 2432 3647 2499 gentium

2065 2521 2400 2590 episcopum,
2436 2521 2726 2591 scripsisse
2761 2536 2977 2591 quoque
3021 2523 3347 2591 peculiarem
3380 2524 3543 2578 alium
3577 2524 3647 2578 li-

2064 2611 2222 2665 brum
2251 2620 2442 2665 contra
2475 2611 2787 2666 Artemonis
2832 2611 3084 2666 hazresim
3117 2611 3254 2680 (78),
3297 2620 3351 2665 et
3384 2612 3647 2669 adversus

2062 2701 2336 2768 Pruclum,
2371 2701 2612 2756 Montani
2650 2703 2973 2770 studiosum,
3018 2714 3327 2757 accuratam
3381 2706 3648 2775 disputa-

2067 2797 2295 2861 tionem,
2326 2796 2379 2849 in
2414 2812 2519 2862 qua
2550 2796 2807 2851 tredecim
2839 2798 3101 2851 duntaxat
3126 2796 3187 2851 Β.
3216 2795 3365 2852 Pauli
3391 2799 3647 2869 epistolas

2062 2896 2343 2943 cnuineret
2374 2888 2509 2958 (79),
2547 2902 2652 2943 non
2683 2897 2901 2960 recepta
2947 2890 3001 2944 in
3039 2905 3260 2945 censum
3301 2905 3385 2953 ea,
3412 2907 3533 2961 quae
3564 2901 3647 2947 est

2059 2982 2126 3035 ad
2162 2981 2441 3038 Hebraeos.

2755 3075 2926 3131 XLIX

2060 3164 2214 3221 Beati
2248 3166 2440 3239 Cyrilli
2471 3169 2827 3224 Alexandrini
2853 3180 3038 3225 contra
3071 3171 3382 3226 Nestorium
3432 3171 3555 3226 libri
3589 3188 3641 3227 ν.

2130 3301 2327 3383 Lectus
2356 3337 2439 3383 est
2479 3327 2541 3383 B.
2580 3328 2814 3401 Cyrillus
2843 3329 3186 3386 Alexandriae
3218 3332 3505 3402 episcopus
3529 3332 3643 3386 Ad-

2056 3435 2235 3474 versus
2268 3420 2624 3490 blasphemia:
2666 3421 2928 3487 Nestorii,
2965 3422 3114 3477 libris
3154 3424 3406 3495 quinque.
3449 3423 3645 3479 SerVat

2057 3510 2110 3566 in
2153 3512 2238 3566 his
2270 3527 2489 3582 quoque
2536 3528 2693 3567 suum
2727 3515 2943 3570 dicendi
2997 3516 3399 3581 characterem,
3442 3525 3498 3571 et
3526 3530 3644 3570 ser-

2056 3603 2233 3658 monis
2256 3604 2664 3673 proprietatem.
2697 3604 2914 3690 glarior
2944 3620 3073 3660 vero
3104 3614 3188 3660 est
3217 3621 3381 3676 quam
3414 3607 3479 3661 ad
3506 3604 3642 3662 Her-

2055 3696 2220 3750 miam
2248 3695 2520 3762 scribens,
2556 3707 2651 3750 aut
2678 3697 2730 3751 in
2767 3696 2918 3751 libris
2962 3696 3037 3752 De
3071 3698 3382 3752 adoratione
3421 3699 3477 3752 in
3511 3698 3637 3769 Spio

2054 3788 2163 3841 ritu
2215 3787 2351 3860 (80).
2405 3788 2601 3843 Sermo
2650 3789 2724 3844 illi
2778 3789 3067 3855 coniictus,
3129 3799 3184 3845 et
3236 3790 3302 3845 ad
3363 3793 3636 3862 prOpriam

2053 3882 2269 3936 dicendi
2303 3882 2535 3937 ﬂirmam
2582 3894 2889 3950 contortus,
2940 3899 3004 3941 ac
3042 3883 3207 3939 veluti
3240 3883 3479 3940 solutum
3530 3900 3638 3941 nu-

2053 3986 2341 4043 merosque
2374 3974 2655 4046 negligens
2696 3984 2959 4030 metrum.

2826 4068 2888 4124 L.

2052 4158 2238 4214 Nicias
2270 4163 2558 4217 monachus
2590 4171 2779 4217 contra
2826 4162 3201 4233 Philopunum,
3255 4162 3527 4227 Severum,
3571 4181 3635 4217 ac

2747 4244 2944 4302 gentes.

2120 4324 2319 4380 Lectus
2348 4325 2535 4381 Nicias
2589 4329 2911 4393 monachus,
2956 4324 3155 4381 Contra
3211 4324 3493 4397 Philoponi
3538 4343 3633 4383 ca-

2048 4420 2158 4486 pita
2204 4431 2419 4490 septem,
2463 4437 2695 4489 quorum
2734 4422 3057 4477 meminerat
3088 4424 3138 4477 in
3174 4424 3316 4480 libro
3351 4440 3509 4493 quem
3546 4424 3633 4478 in-

2047 4513 2266 4578 scripsit
2306 4512 2604 4585 Διαιτήτην
2637 4513 2764 4584 (hoc
2795 4522 2900 4579 est,
2948 4516 3255 4579 arbitrium,
3309 4532 3405 4572 seu
3452 4520 3634 4586 cogni-

342 4604 537 4671 φράσιν
566 4607 784 4671 ἁπλοῦς
837 4609 934 4661 καὶ
964 4609 1230 4683 σύντομος
1259 4616 1353 4667 καὶ
1385 4616 1507 4678 ταῖς
1547 4615 1939 4686 ἀντιρῤήσεσιν

2072 4604 2255 4671 orent),
2294 4605 2471 4676 stylus
2530 4605 2632 4676 ipsi
2696 4605 2929 4674 simplex
2992 4616 3160 4674 atque
3208 4609 3499 4673 concisus,
3576 4620 3633 4662 et

344 4692 524 4758 ἱκανὸς
561 4697 665 4749 καὶ
703 4697 1019 4771 ἀπέριττος.

401 4870 763 4943 ’Δνεγνώσθη
782 4874 839 4928 δὲ
863 4875 957 4929 τοῦ
977 4877 1142 4931 αὐτοῦ
1164 4880 1257 4934 καὶ
1275 4879 1436 4935 Κατὰ
1456 4882 1565 4937 τοῦ
1584 4881 1935 4949 δυσσεϐοῦς

336 4964 632 5031 Σεϐήρου,
658 4966 739 5020 ἐτι
777 4967 833 5021 δὲ
871 4970 967 5022 καὶ
1008 4973 1171 5026 Κατὰ
1216 4972 1537 5041 Ἑλλήνων
1584 4976 1756 5043 λόγοι
1796 4973 1929 5030 δύο.

2042 4696 2485 4765 responsionibus
2557 4695 2897 4753 satisfaciens
2928 4736 2946 4764 ,

2041 4788 2196 4841 dans.

3019 4701 3352 4769 minimeque
3430 4700 3631 4755 redun-

2117 4877 2243 4950 Legi
2278 4879 2518 4949 ejusdem
2546 4887 2601 4934 et
2647 4878 2853 4935 Contra
2897 4883 3116 4953 impium
3173 4884 3420 4942 Severum
3450 4887 3627 4942 adhuc

2039 4973 2207 5027 etiam
2247 4971 2446 5027 Contra
2480 4966 2657 5042 gentes
2691 4974 2855 5029 libros
2898 4978 3053 5033 duos.

1645 5127 1880 5184 VABUE
1917 5126 2331 5184 LECTIONES.

417 5217 464 5246 ⁸⁷
489 5217 547 5268 δὲ
580 5233 692 5272 om.
729 5219 795 5272 Α.
872 5220 917 5253 ³⁸
943 5221 1193 5292 είρηνέου
1249 5241 1311 5289 ς.

340 5300 445 5340 0m.
474 5292 542 5342 Α.

1390 5225 1434 5257 ³³
1464 5224 1559 5279 τοῦ
1587 5226 1630 5281 A
1667 5245 1681 5280 :
1715 5229 1882 5281 αὑτοῦ
1920 5246 1984 5292 ς.

2066 5228 2113 5259 ⁸ο
2152 5224 2418 5301 διάλεξιν]
2450 5228 2505 5282 δὲ
2525 5227 2672 5297 λέξιν
2697 5231 2762 5284 Α.
2840 5230 2884 5264 ⁸³
2912 5231 3282 5304 ἁλεξανδρέως
3311 5237 3373 5288 Α.
3450 5238 3493 5268 δ’
3526 5236 3621 5290 τοῦ

1874 5436 2111 5493 NOTAE.

408 5553 522 5622 (77)
556 5551 786 5629 Vide_B.
820 5552 971 5629 Hier.
1002 5555 1054 5609 in
1101 5554 1381 5624 Cataloqo,
1432 5577 1481 5617 e.
1525 5562 1617 5629 59,
1648 5574 1703 5619 et
1730 5564 1930 5621 Euseb.
2033 5569 2168 5624 Coti.
2212 5572 2336 5626 121.

339 5622 633 5695 ιὶιδζγιηε.
670 5623 776 5690 ﬂ;
804 5635 860 5679 et
894 5625 989 5695 lib:
1021 5643 1079 5692 tt,
1117 5644 1236 5695 cap.
1272 5622 1362 5685 24.

554 5694 643 5774 pe
664 5710 771 5774 qua
808 5694 924 5765 lege
954 5693 1478 5774 'l‘ltcodoret._atque
1525 5703 1749 5774 Niceph.

412 5765 529 5837 (79)
546 5767 685 5832 Quae
707 5765 842 5823 item
898 5769 1167 5824 sententia
1214 5765 1471 5831 tribuitur
1503 5765 1791 5847 Hippolyto
1830 5777 1927 5834 inf.

2106 5641 2221 5715 (80)
2276 5642 2503 5698 Exstant
2551 5643 2711 5698 hodie
2758 5661 2872 5698 xvn
2914 5644 3116 5715 Dialogi
3177 5644 3250 5698 De
3301 5646 3620 5701 admotione

2033 5712 2085 5787 in
2142 5714 2345 5787 spiritu,
2388 5725 2436 5765 et
2500 5717 2755 5782 veritate,
2812 5715 2998 5771 Roma:
3050 5712 3180 5771 editi
3227 5719 3426 5787 interp.
3489 5723 3615 5776 Aut.

2033 5785 2241 5853 Agellio
2264 5786 2433 5853 episc.
