4030 6452
460 270 528 331 87
1584 270 1845 331 ΡΗΟΤΙΙ
1884 269 2051 329 ΡΑΤί

2162 266 2397 327 .RCH/E
2435 266 2550 327 CP.

1206 385 1295 441 ω.

461 481 713 551 llesychii
745 480 1031 551 presbyteri
1072 479 1351 602 Colugtant.
1396 479 1464 533 In
1508 497 1712 535 teneam
1760 493 2046 550 serpentem

1159 567 1173 602 ι
1215 567 1259 602 τι
1298 567 1374 602 1v.

1159 567 1259 603 1οη
1298 567 1374 605 ιν.

534 641 682 697 Lccti
744 649 876 696 sunt
922 640 1178 713 Hesychii
1228 642 1533 713 presbyteri
1588 642 2048 715 Constantinopo-

462 734 615 788 litani
646 731 716 787 In
742 750 945 789 evneum
973 744 1263 803 serpentem
1291 734 1420 789 libri
1459 745 1707 807 quatuor.
1744 735 1937 792 Sermo
1970 740 2045 793 illi

462 826 528 879 ad
559 826 984 882 ostentationem
1018 835 1392 896 comparatus,
1434 838 1489 883 et
1532 830 1870 885 concitandis
1917 830 2048 886 σίτου

462 918 643 973 ctibus
676 920 969 974 meditatus
999 919 1306 974 videbatur.
1334 919 1435 975 Hic
1456 921 1734 978 orationes
1771 923 2048 991 ﬁnguntur

462 1009 663 1082 Moysis
691 1011 758 1064 ad
808 1009 1182 1079 populum,.et
1216 1010 1378 1082 hujus
1427 1011 1669 1067 vicissim
1711 1013 1778 1067 ad
1824 1012 2047 1085 Moysen

463 1103 758 1158 artiﬁciosa
796 1104 1055 1174 alloquia.
1102 1105 1197 1159 Dei
1244 1120 1461 1175 quoque
1494 1106 1559 1159 ad
1592 1104 1814 1178 Moysen
1847 1116 1905 1161 et
1948 1122 2048 1177 po-

463 1196 671 1264 pnlum,
724 1206 781 1250 et
836 1196 1031 1251 horum
1086 1197 1370 1265 utriusque
1437 1214 1650 1252 rursum
1721 1199 1787 1253 ad
1853 1198 2047 1266 Deum,

463 1289 797 1356 precationis
859 1299 1023 1358 atque
1092 1290 1462 1344 excusationis
1532 1290 1704 1344 forma
1766 1306 2049 1347 sermones

463 1380 773 1449 compositi.
841 1381 978 1449 12b
1017 1380 1224 1448 Quibus
1269 1383 1609 1437 orationibus
1642 1398 1892 1451 magnam
1926 1385 2047 1440 libri

466 1478 676 1533 partem
723 1469 1018 1532 consumit,
1069 1470 1261 1539 ingens
1310 1470 1451 1526 mole
1485 1472 1738 1527 volumen
1784 1472 2047 1531 ediciens.

465 1561 637 1616 Porro
677 1560 921 1629 Scriptor
958 1554 1094 1629 ipse,
1130 1572 1391 1631 quantum
1420 1580 1486 1620 ex
1518 1566 1621 1620 hoc
1644 1581 1809 1635 opere
1848 1567 2048 1638 dijudi-

466 1668 596 1706 care
633 1654 784 1719 licet,
829 1655 880 1707 in
912 1655 1233 1709 orthodoais
1262 1665 1347 1712 est
1388 1659 1778 1714 numerandus.

1208 1746 1318 1801 LII.

538 1832 787 1904 Synodus
812 1833 1093 1901 Sidetana,
1139 1838 1354 1907 aliaque
1376 1850 1563 1894 contra
1596 1840 1967 1899 Messalianos.

532 1993 701 2049 Lecta
752 1998 993 2065 synodus
1055 1996 1215 2067 Sydac
1262 1997 1449 2054 habita
1500 2001 1762 2056 adversus
1796 2003 2044 2059 haeresim

462 2088 911 2143 Messalianorum
971 2088 1105 2160 (81),
1161 2091 1266 2146 hoc
1336 2102 1439 2157 est,
1516 2092 1876 2149 Eucbetarum
1952 2112 2046 2150 seu

463 2179 947 2247 Adelphianorum.
1032 2180 1256 2237 Praefuit
1315 2184 1522 2254 synodo
1598 2186 2042 2255 Amphilochius,

465 2271 633 2326 lconii
700 2274 1035 2344 episcopus,
1104 2276 1513 2331 considentibus
1569 2288 1623 2332 et
1679 2279 1801 2335 aliis
1855 2281 2046 2352 viginti

465 2363 707 2433 quinque
736 2365 1026 2435 episcopis.
1080 2366 1138 2421 ln
1178 2369 1369 2422 eodem
1423 2370 1541 2438 ipso
1587 2370 1722 2426 libro
1776 2372 1911 2427 lecta
1964 2384 2050 2429 est

467 2450 642 2520 ipsius
692 2455 884 2524 synodi
914 2456 981 2509 ad
1032 2470 1287 2526 magnum
1344 2456 1683 2525 Flavianum,
1734 2461 2047 2531 episcomtm

470 2545 794 2610 Antiochiae,
857 2545 1131 2619 Synodica
1192 2549 1445 2619 epistola,
1524 2567 1706 2607 rerum
1769 2564 2047 2624 gestarum

466 2638 732 2694 rationem
762 2640 1015 2697 reddens.

538 2726 889 2801 Quapropter
918 2731 1086 2788 etiam
1122 2733 1238 2805 ipse
1289 2734 1583 2793 Flavianus
1642 2740 1908 2809 synodum
1964 2741 2049 2796 in-

468 2821 611 2877 dixit
655 2824 920 2880 adversus
959 2827 1177 2884 eosdem
1231 2828 1351 2884 illos
1395 2829 1701 2897 haereticos,
1743 2834 2051 2890 accedenti-

468 2913 572 2967 bus
610 2915 785 2971 tribus
820 2918 1133 2987 episcopis;
1186 2918 1315 2975 Biza
1365 2921 1630 2978 Seleucize
1669 2922 1808 2995 (82).
1840 2934 1896 2980 et
1934 2924 2050 2980 Ma-

3674 264 3759 325 83

2879 383 3001 445 NA'.

2162 476 2460 545 Ἠσυχίου
2484 476 2899 544 πρεσϐυτέρου
2925 477 3631 544 Κωνσταντινουπόλεως
3654 480 3753 543 εις

2474 548 2581 599 τὸν
2615 548 2890 615 χαλκοῦν
2923 547 3084 616 ὄφιν,
3122 549 3295 617 λόγοι
3323 548 3394 602 δ’.

2220 636 2567 709 ’Δνεγνώσθη
2607 639 2865 710 Ἡσυχίου
2892 638 3270 709 πρεσϐυτέρου
3301 640 3756 693 Κωνσταντινου-

2149 730 2360 793 πόλεως
2394 733 2499 797 Είς
2538 731 2647 786 τὸν
2674 732 2954 802 χαλκοῦν
2987 732 3129 801 ὅφιν
3161 732 3333 800 λόγοι
3362 730 3592 786 δ’.Ἔστι
3627 732 3684 785 δὲ
3718 734 3751 785 ὁ

2148 821 2308 892 λόγος
2335 824 2414 887 είς
2444 824 2706 891 ἐπίδειξιν
2730 825 3190 896 διεσκευασμένος
3238 825 3334 880 καὶ
3363 826 3420 877 ὲν
3454 825 3750 895 ἠθοποιίας

2149 916 2282 970 είδει
2305 915 2579 987 μεμελετη
2586 919 2771 988 μένος,
2800 919 2858 971 ἐν
2880 914 2962 982 οἷς
2981 918 3316 990 δημηγορίαι
3337 934 3396 970 τε
3420 916 3751 971 διατυποῢν-

2147 1024 2241 1061 ται
2286 1007 2381 1061 τοῦ
2426 1009 2705 1073 Μωῦσέως
2752 1009 2889 1082 πρὸς
2918 1010 3011 1064 τὸν
3040 1010 3190 1073 λαὸν.
3222 1010 3319 1064 καὶ
3367 1009 3546 1063 αὐτῶν
3578 1010 3750 1063 πάλιν

2149 1101 2727 1173 κατασχηματίξονται
2754 1105 2892 1176 πρὸς
2919 1104 3011 1158 τὸν
3040 1104 3282 1158 Μωῦσέα
3315 1102 3589 1156 διαλαλιαὶ
3611 1142 3627 1166 ,
3662 1102 3750 1155 ἔτι

2148 1195 2207 1247 δὲ
2242 1197 2336 1249 καὶ
2361 1195 2452 1249 τοῦ
2487 1196 2635 1250 θείου
2666 1198 2804 1267 πρός
2836 1213 2897 1250 τε
2936 1196 3176 1251 Μωῦσέα
3206 1196 3302 1249 καὶ
3345 1195 3439 1248 τὸν
3471 1194 3619 1261 λαὸν,
3647 1197 3748 1251 καὶ

2148 1287 2355 1342 τούτων
2381 1292 2439 1343 ὲν
2468 1293 2625 1360 τύπῳ
2648 1291 2886 1360 δεήσεων
2916 1292 3011 1346 καὶ
3039 1289 3337 1357 ἀπολογίας
3361 1291 3745 1361 ὲκπεποιημὲ-

2148 1400 2232 1436 νοι
2266 1384 2412 1452 λόγοι
2432 1400 2446 1413 ο
2484 1385 2543 1436 ἐν
2576 1377 2659 1446 οἷς
2682 1384 2778 1436 καὶ
2810 1385 2838 1437 ό
2872 1383 3042 1447 πολὺς
3071 1381 3220 1453 αύτῷ
3242 1380 3625 1451 κατηνάλωται
3647 1380 3747 1434 τοῦ

2153 1476 2362 1547 βιϐλίου
2401 1474 2558 1544 λόγος
2583 1515 2598 1537 ,
2636 1475 2961 1545 πολύστιχον
2993 1474 3157 1543 ὄγκον
3202 1460 3748 1543 ἐμπεριειληφώς.⁹0

2150 1566 2207 1619 δέ
2236 1582 2301 1634 γε
2328 1566 2489 1635 ἀνὴρ,
2506 1565 2582 1629 ὡς
2610 1565 2760 1618 ἐστιν
2786 1568 2849 1619 ὲκ
2871 1566 3025 1619 τοῦδε
3051 1564 3219 1618 αύτοῦ
3241 1564 3622 1635 τεκμηριῶσαι
3645 1565 3748 1618 τοῦ
3848 1593 3857 1599 -

2153 1657 2556 1728 συντάγματος,
2595 1657 2705 1711 τῶν
2743 1655 3167 1730 ὀρθοδοξούντων
3182 1655 3229 1688 ⁸³
3263 1655 3434 1709 ἐστίν.

2880 1745 3008 1802 ΝΒ’.

2153 1839 2436 1908 Σύνοδος
2490 1840 2813 1911 γενομένω
2834 1841 2905 1893 ἑν
2935 1839 3082 1911 Σίδῃ
3116 1838 3269 1893 κατὰ
3310 1837 3594 1911 αζρέσεως
3624 1835 3743 1889 τῶι·

2462 1908 2881 1974 Μεσαζιιανῶν,
2918 1909 3112 1979 ἤγουν
3140 1908 3433 1979 Εὺχιτῶν.

2224 2002 2566 2074 ’Δνεγνώσθη
2618 2003 2838 2067 σύνοδος
2883 2002 3151 2073 γενομένη
3198 2004 3256 2054 ἐν
3302 2001 3430 2075 Σίδῃ
3462 1998 3603 2052 κατὰ
3640 2000 3749 2068 τῆς

2152 2096 2420 2166 αἱρέσεως
2479 2094 2589 2149 τῶν
2655 2094 3016 2150 Μεσαλιανῶν
3074 2094 3243 2165 ἢγουν
3312 2091 3558 2162 Εύχιτῶν
3620 2092 3748 2161 ἦτοι

2164 2189 2561 2257 ’Λδελφιανῶψ
2593 2187 2791 2259 ἐξῆρχε
2834 2188 2893 2241 δὲ
2931 2187 3032 2257 τῆς
3070 2186 3292 2239 συνόδου
3330 2183 3685 2253 Ἀμφιλόχιος
3718 2185 3750 2235 ὁ

2130 2283 2245 2336 πού
2281 2283 2505 2337 Ἰκονίου
2524 2282 2590 2347 δ”,
2621 2280 3053 2353 συνεδρευόντων
3078 2278 3229 2349 αὐτῷ
3257 2279 3352 2333 καὶ
3382 2278 3585 2349 ἐτέρων
3615 2279 3749 2329 ἑπι-

2153 2380 2373 2434 σκόπων
2403 2380 2495 2433 τὸν
2523 2381 2758 2452 ἀριθμὸν
2799 2379 2965 2432 πέντε
3008 2378 3103 2431 καὶ
3135 2377 3363 2429 εἴκοσιν.
3383 2377 3471 2428 Ἐν
3503 2377 3567 2445 τῇ
3602 2375 3750 2444 αὐτῇ

2151 2474 2208 2526 δὲ
2241 2471 2405 2542 βίϐλῳ
2427 2471 2744 2542 ἀνεγνώσθη
2775 2470 2877 2540 τῆς
2903 2470 3075 2541 αὐτῆς
3102 2468 3324 2521 συνόδου
3355 2468 3491 2537 πρὸς
3517 2467 3609 2519 τὸν
3641 2466 3751 2536 ps-

2153 2581 2260 2632 γαν
2304 2562 2601 2617 Φλαϐιανδν
2636 2562 2730 2616 τὸν
2767 2561 3105 2632 Ἀντιοχείας
3148 2558 3412 2629 ἐπιστολὴ
3462 2556 3752 2627 συνοδικὴ,

2153 2657 2261 2710 τῶν
2301 2654 2715 2728 πεπραγμένων
2751 2654 3051 2725 ποιουμένη
3092 2654 3192 2725 τὴν
3229 2652 3602 2707 διδασκαλίαν.

2222 2749 2423 2821 Διόπερ
2456 2750 2551 2803 καὶ
2590 2748 2754 2813 αὐτὸς
2784 2746 3130 2817 συναθροίζει
3177 2746 3393 2800 σύνοδον
3437 2745 3582 2799 κατὰ
3634 2744 3760 2797 τῶν

2154 2842 2335 2900 αὐτῶν
2353 2842 2670 2915 αίρετικῶν,
2700 2840 3101 2912 συμπαρόντων
3127 2840 3225 2911 μὲν
3248 2838 3398 2909 αὐτῷ
3428 2840 3762 2891 ἐπισκόπων

2153 2935 2345 3008 τριῶν,
2373 2936 2535 3000 Βίζου
2552 2934 2600 2968 ⁸⁸
2623 2932 2717 2988 τοῦ
2741 2932 3066 2995 Σελευκείας
3095 2932 3190 2984 καὶ
3212 2930 3479 3001 Μαρουθᾶ.
3507 2928 3599 2982 τοῦ
3621 2930 3767 2981 Σου-

471 3006 632 3061 rutha
656 3006 769 3077 (8'5)
798 3010 975 3079 gentis
1009 3009 1475 3081 Supharenorum,
1504 3024 1560 3069 et
1597 3014 1770 3080 Sami,
1802 3017 1868 3070 ad
1912 3031 2049 3083 quos

2162 3006 2416 3101 φαρηνῶν
2444 3028 2632 3092 ἔθνους
2664 3027 2760 3082 καὶ
2789 3026 2973 3095 Σάμου
2993 3041 3007 3055 ⁸
3042 3023 3405 3096 πρεσϐύτεροι
3431 3023 3491 3077 δὲ
3516 3024 3610 3075 καὶ
3634 3022 3766 3074 διὰ-

471 3112 532 3153 se
564 3114 688 3154 cum
735 3104 1062 3173 presbyteri,
1103 3114 1216 3159 tum
1251 3105 1465 3161 diaconi
1524 3108 1590 3162 ad
1649 3109 1870 3177 triginta
1918 3124 2051 3164 con-

2162 3091 2306 3179 κονοί
2357 3122 2728 3195 συμπαρῆσαν
2782 3091 2946 3192 pix-pr.
2994 3091 3426 3191 rptdxov1a.-'Ev
3460 3115 3629 3187 ταύτῃ
3680 3117 3763 3185 τῇ

464 3190 791 3256 junxerunt.
818 3191 999 3248 Noluit
1023 3196 1135 3249 haec
1167 3199 1405 3266 synodus
1424 3199 1749 3267 Adelphium
1779 3203 2053 3270 pmniteu-

472 3285 607 3339 tiam
637 3284 1011 3355 proﬁtentem,
1065 3287 1427 3358 hazresintque
1468 3290 1807 3359 abjurantem
1854 3293 2055 3348 admit-

470 3385 590 3432 tere
644 3394 658 3431 :
696 3378 841 3447 quod
884 3393 1062 3448 neque
1094 3394 1157 3435 ea
1200 3381 1473 3439 haareseos
1526 3384 1823 3454 abjuratio,
1877 3401 2055 3455 neque

472 3468 821 3536 paenitentia,
856 3484 984 3525 vera
1015 3482 1181 3543 atque
1211 3488 1279 3529 ex
1310 3476 1495 3531 animo
1532 3476 1674 3531 facta
1706 3478 2052 3546 probaretur.

472 3561 709 3619 Haeresis
741 3565 902 3635 hujus
926 3576 1179 3621 auctores
1208 3566 1360 3625 fuere
1378 3567 1708 3647 .Adelphius,
1727 3586 1888 3641 quem
1918 3573 2054 3637 dixi,

474 3672 653 3723 neque
679 3660 1098 3727 monachorum,
1132 3675 1309 3730 neque
1349 3664 1696 3719 sacerdotum
1728 3665 1781 3719 in
1808 3667 2053 3722 ordinem

470 3752 667 3818 lectus,
694 3751 789 3806 sed
818 3750 1078 3819 plebeius,
1106 3768 1169 3808 ac
1195 3755 1459 3822 privatus,
1488 3766 1545 3810 et
1580 3756 1809 3825 Sabbas,
1860 3775 2054 3815 mona—

474 3841 701 3895 chorum
748 3840 994 3896 habitum
1043 3843 1362 3912 praeferens,
1413 3862 1574 3915 quem
1616 3863 1679 3902 ex
1736 3850 1811 3904 rei
1857 3861 2053 3905 eventu

472 3933 754 3988 ἁπόκοπον
801 3932 926 4003 (hoc
965 3943 1069 3995 est.
1114 3928 1410 4005 Reaectunt)
1453 3941 1809 3996 nominarunt
1849 3961 1862 3996 :
1916 3944 2056 3999 alter

475 4028 607 4081 item
635 4025 862 4091 Sabbas,
892 4036 947 4079 et
977 4025 1294 4084 Eustathius
1330 4033 1714 4099 venerandus;
1741 4042 1795 4088 et
1823 4034 2053 4103 Dadoes,

474 4129 531 4174 et
558 4106 881 4174 Semesones
909 4118 1070 4188 (85‘),
1111 4120 1374 4176 daemonis
1426 4124 1659 4187 zizania.
1721 4124 1921 4196 aliique
1972 4128 2058 4184 bis

477 4210 839 4265 adhaerentes.
873 4211 1280 4268 Condemnatus
1307 4230 1436 4269 vero
1466 4216 1783 4284 Adelphius,
1834 4218 2059 4290 ejusque

478 4314 837 4361 sectatores:
896 4319 1075 4373 neque
1137 4308 1474 4374 poenitentia:
1535 4312 1716 4363 locum
1760 4311 2055 4381 (quamvis,

2158 3217 2364 3287 συνόδῳ
2423 3217 2714 3286 μετάνοιαν
2783 3213 3257 3283 ἐπαγγελλόμενον
3323 3210 3415 3263 τὸν
3472 3207 3765 3278 ’Δδελφιὺν

2159 3311 2255 3381 140
2298 3309 2394 3381 11.]
2429 3309 2529 3362 οὑκ
2582 3306 2866 3372 ἐδέξαντο,
2919 3306 3042 3361 οὐδὲ
3086 3305 3184 3359 τὴν
3214 3303 3427 3373 αἵρεσιν
3472 3300 3767 3370 ἀπαρνού-

2159 3421 2321 3475 μενον
2348 3402 2699 3474 προσήκαντο
2719 3416 2733 3430 ⁸
2763 3399 2887 3453 οὐδὲ
2922 3399 3031 3470 γὰρ
3061 3398 3128 3451 ὲκ
3155 3397 3411 3468 καρδίας,
3434 3393 3557 3447 οὔτε
3585 3395 3620 3465 ἡ
3647 3393 3765 3463 τῆς

2156 3496 2424 3568 αἱρέσεως
2440 3494 2689 3565 ἄρνησις,
2706 3492 2833 3546 οὔτε
2855 3493 2888 3559 ἡ
2912 3491 3174 3563 μετάνοια
3194 3481 3767 3542 ὲπεδείκνυτοΪΗσαν

2156 3589 2215 3643 δὲ
2251 3589 2302 3641 οἱ
2336 3586 2542 3657 ταύτης
2571 3586 2899 3657 γεννήτορες
2926 3584 3027 3654 τῆς
3054 3582 3317 3654 αἱρέσεως
3346 3578 3625 3648 ’Δδελφιός
3665 3594 3767 3641 τις

2155 3682 2185 3735 ὁ
2212 3681 2420 3752 ῥηθεὶς,
2442 3678 2567 3733 οὔτε
2593 3678 2875 3749 μοναστῶν
2898 3675 3022 3731 οὔτε
3048 3676 3239 3747 ἱερέων
3263 3670 3768 3741 ἔγκατειλεγμένος

2156 3773 2367 3844 κλήρῳ,
2399 3771 2513 3827 ἀλλ’
2540 3772 2599 3826 ὲν
2621 3770 2833 3835 λαῖκοῖς
2864 3769 3276 3840 ἐξεταζόμενος,
3298 3768 3393 3821 καὶ
3424 3765 3602 3827 Σάϐας
3625 3764 3669 3795 ⁸⁸
3688 3762 3769 3816 τὸ

2156 3867 2266 3921 τῶν
2310 3865 2563 3938 μοναχῶν
2611 3864 2869 3927 ύπεισδὺς
2922 3865 3133 3934 σχῆμα,
3170 3862 3230 3938 δν
3260 3862 3325 3914 ὲκ
3353 3860 3451 3930 τῆς
3500 3856 3770 3929 πράξεως

2159 3958 2385 4013 ἐκάλουν
2408 3958 2719 4019 ἀπόκοπον,
2753 3955 2849 4009 καὶ
2877 3955 3062 4024 ἕτερος
3096 3952 3301 4016 Σάϐας,
3328 3952 3423 4005 καὶ
3452 3947 3768 4012 Εὑστάθιος

2171 4051 2457 4121 Ἐδεσηνδς
2474 4050 2517 4082 ⁸⁷
2549 4049 2641 4104 καὶ
2668 4047 2889 4117 Δαδώης
2920 4048 3015 4101 καὶ
3041 4046 3336 4117 Συμεώνης
3348 4044 3417 4111 ⁸⁸,
3450 4042 3558 4097 τῶν
3585 4058 3772 4111 πονη-

2165 4142 2260 4214 ροῦ
2291 4142 2361 4197 τὰ
2394 4140 2643 4207 ζιζάνια,
2680 4140 2777 4194 καὶ
2804 4139 2984 4212 ἕτεροι
3023 4138 3239 4201 τούτοις
3273 4134 3762 4205 συμπαραιρυόμεο

2161 4252 2263 4291 νοι.
2300 4232 2631 4305 Κατεκρίθη
2649 4232 2707 4286 δὲ
2738 4230 3018 4299 ’Λδελφιὸς
3048 4230 3144 4283 καὶ
3168 4230 3218 4282 οἱ
3250 4228 3347 4282 σὺν
3372 4226 3542 4296 αὐτῷ,
3565 4225 3758 4278 καίτοι

2167 4326 2456 4398 μετανοίας
2503 4324 2703 4386 τόπον,
2735 4323 2813 4386 ὡς
2859 4322 3093 4393 ἔφημεν,
3125 4318 3546 4391 ἐπιζητοῦντες·
3600 4314 3756 4386 πλὴν

476 4408 539 4455 ιιι
600 4398 868 4464 diximus,
942 4398 1293 4471 quaesierint)
1353 4414 1645 4471 propterea
1700 4417 2051 4474 repereruntI

2163 4419 2367 4488 ταύτης
2399 4416 2501 4469 οὐκ
2527 4415 2741 4485 ἔτυχον,
2780 4413 2913 4467 διότι
2944 4412 3259 4483 ἐγγράφως,
3293 4410 3388 4472 οὒς
3420 4407 3761 4477 ἀνεθεμάτι-

478 4491 645 4557 quod,
679 4506 818 4561 quos
850 4493 1203 4547 anathemate
1236 4503 1493 4561 tanquam
1546 4493 1898 4553 Messalianos
1941 4515 2062 4554 con-

480 4582 843 4647 demnarant,
897 4597 1022 4638 cum
1081 4583 1167 4639 his
1224 4585 1389 4640 veluti
1455 4588 1798 4643 consortibus
1857 4590 2062 4661 scripto

481 4674 890 4729 communicare
922 4675 1246 4745 deprehensi
1274 4686 1424 4733 sunt.

554 4764 727 4820 Porro
761 4767 978 4836 scripsit
1030 4767 1318 4823 Flavianus
1353 4771 1420 4824 ad
1453 4769 1811 4827 Osroinenses
1856 4776 2061 4845 episto-

481 4859 611 4924 lam,
649 4873 713 4912 ea
735 4874 855 4928 qua:
882 4869 1034 4929 gesta
1059 4872 1262 4927 essent,
1287 4864 1629 4930 edocentem,
1668 4867 1718 4921 in
1753 4883 1858 4938 qua
1893 4869 2061 4925 etiam

481 4950 766 5006 haereticos
816 4954 1055 5021 punitos,
1110 4962 1166 5007 et
1204 4957 1708 5016 excommunicalos
1745 4961 1938 5027 refert,
1982 4976 2062 5017 re-

482 5058 856 5113 sponsumque
902 5055 1008 5109 est,
1046 5047 1288 5115 acceptis
1336 5048 1405 5102 ab
1436 5050 1705 5120 episcOpis
1738 5052 1961 5120 litteris,
2006 5063 2062 5109 et

484 5136 748 5195 Flaviano
796 5155 895 5210 pro
940 5140 1025 5195 his
1084 5141 1275 5210 gratiae
1330 5150 1486 5210 actae,
1539 5151 1704 5213 atque
1751 5160 2058 5200 assensum.

2165 4528 2268 4564 σαν
2294 4509 2371 4574 ὡς
2401 4506 2799 4571 Μεσαλιανοὺς,
2823 4506 3037 4569 τούτοις
3085 4505 3162 4569 ὡς
3208 4504 3506 4575 όμόφροσιν
3539 4500 3774 4569 ἐφωρά-

2165 4604 2341 4675 θησαν
2370 4602 2601 4673 κοινωνή
2611 4616 2825 4664 σαντες.

2235 4784 2484 4856 Ἐγράφη
2532 4782 2588 4836 δὲ
2635 4778 2922 4851 Φλαϐιανῷ
2974 4777 3113 4851 πρὸς
3156 4778 3284 4842 τοὺς
3333 4776 3683 4847 ὲνὈσροήνῃ
3717 4775 3773 4807 ⁸⁸

2164 4873 2423 4944 ἐπιστολὴ
2467 4872 2536 4926 τὰ
2566 4874 2698 4943 περὶ
2743 4872 2945 4934 αὐτοὺς
2991 4868 3308 4941 πραχθέντα
3341 4867 3772 4932 ὲκδιδάσκουσα,

2168 4969 2226 5020 ὲν
2256 4959 2621 5039 ᾖεμφέρεται
2649 4964 2726 5027 ὠς
2748 4965 2799 5017 οἱ
2831 4961 3100 5034 αίρετικοὶ
3127 4959 3513 5030 ὲτυπτήθησαν
3541 4959 3635 5011 κα)⁸
3657 4961 3774 5013 ἀν-

2169 5056 2638 5128 εθεματίσθησανο
2664 5055 2758 5108 καί¹
2785 5055 3106 5124 ἀντεγρὰφη
3134 5051 3289 5124 παρὰ
3307 5050 3416 5103 τῶν
3439 5051 3774 5120 δεξαμένων

2171 5149 2487 5203 ἐπισκόπων
2520 5147 2809 5220 Φλαϐιανῷ
2858 5146 3182 5219 εὐχαριστία
3230 5144 3370 5215 ὑπὲρ
3415 5142 3620 5197 τούτων
3664 5146 3776 5198 καὶ

1756 5260 1993 5317 νΑΒυΕ
2034 5263 2446 5320 LECTIONES.

561 5352 605 5431 ’ς³
639 5353 1032 5431 ὀρθοδόξων-ς.
1102 5356 1171 5431 ’⁸⁸
1191 5357 1861 5431 εἰκονίουᾼΑὼπισκόπων
1886 5361 2042 5431 κε’ίὲν
2074 5379 2135 5425 ς,
2210 5362 2255 5394 ⁸⁸
2281 5360 2445 5431 βύζου
2479 5378 2564 5415 στ.
2638 5362 2684 5394 ⁸⁸
2722 5360 2938 5423 Σᾶϐϐας
2996 5379 3057 5424 ς.
3094 5361 3174 5415 sic
3207 5368 3263 5415 et
3292 5358 3453 5413 infra.
3532 5361 3575 5393 δ’
3608 5360 3767 5413 ὲδεσ·

492 5423 621 5491 ηνὸς
643 5440 790 5477 corr.
810 5426 1159 5497 Α,αἱδεσμὸς
1190 5444 1251 5497 pr
1282 5447 1295 5482 :
1334 5428 1616 5497 αἰδέσιμος
1656 5447 1719 5493 ς.

1816 5430 1862 5462 ⁴⁸
1885 5430 2077 5498 δαδόης
2102 5433 2195 5484 καὶ
2265 5449 2330 5502 ση
2342 5431 2591 5503 μεσώνης
2655 5450 2718 5496 ς.

2795 5432 2838 5465 ⁸⁸
2860 5432 3013 5503 ροἲνῃ
3056 5450 3094 5496 ς
3104 5474 3117 5486 .

1980 5524 2215 5582 NOTAE.

559 5608 670 5682 (8|)
709 5610 781 5682 De
830 5627 935 5680 qua
974 5611 1103 5667 Vide
1138 5612 1464 5667 Theodoret.
1516 5614 1607 5669 lib.
1660 5631 1731 5681 tv,
1781 5630 1832 5669 (ξ.
1883 5616 1981 5682 10;
2022 5626 2073 5672 ct

490 5677 954 5755 Niceph._lil_i_.'x_t.
991 5698 1113 5751 cap.
1149 5683 1239 5753 15,
1280 5686 1337 5739 S.
1382 5685 1572 5755 Ep‘ph.

564 5751 679 5820 (8‘2)
721 5750 779 5806 S.
798 5751 1014 5807 Basilio.

2250 5614 2364 5685 (85)
2400 5616 2493 5669 llle
2544 5616 2771 5670 forsitan
2826 5615 3225 5683 Mesopmamite
3277 5617 3446 5683 episc.
3503 5616 3556 5669 in
3616 5613 3768 5671 llist.

2181 5689 2248 5742 'lc
2281 5693 2441 5741 rebus
2476 5687 2535 5738 Ι).
2566 5687 2850 5755 Chrysnst.
2888 5686 3043 5738 valde
3071 5688 3397 5740 celebratus.

2254 5759 2390 5829 (83')
2430 5758 2716 5828 Symeones
2765 5756 3106 5814 Thcodoreto
3139 5769 3301 5825 atque
3334 5756 3560 5825 Niccph.
