4030 6442
268 258 335 317 so
1296 234 1303 241 ’
1459 264 1985 326 BIBLIOTHECA.
2022 292 2091 303 —
2119 267 2283 328 con.
2316 268 2448 329 LII.
3476 266 3550 331 90

273 376 850 446 συμφωνία.Ἕγραψε
880 379 936 433 δὲ
969 381 1061 433 καὶ
1089 380 1316 445 Διτώῑος
1360 384 1389 435 6
1426 382 1721 452 Ἀρμενίας
1754 381 1873 435 ἐπί-

1989 385 2208 454 Scripsit
2256 395 2311 441 et
2344 385 2556 440 Litoius
2601 384 2717 455 (84)
2784 384 3057 438 Armenia
3104 382 3417 452 episcopus,
3481 386 3551 440 de

277 486 483 533 σκοπος,
513 468 1037 541 διαπυνθανόμενος
1062 474 1127 526 τὰ
1150 474 1276 542 περὶ
1301 474 1408 526 τῶν
1428 474 1868 527 Μεσαλιανιτῶνο

279 560 362 611 καὶ
404 559 624 627 ἐγράφη
662 561 823 631 αὐτῷ
854 566 889 631 ἡ
921 566 1048 635 περὶ
1082 565 1259 618 αὐτῶν
1288 565 1540 637 συνοδικὴ
1570 565 1749 635 ψῆφος
1778 566 1873 618 καί¹

280 652 834 721 ἁπόφασις.Ἔγραφε
878 656 938 708 δὲ
967 658 996 708 6
1031 656 1202 725 μέγας
1232 657 1531 721 Φλαὸιανὸς
1556 660 1649 711 καὶ
1673 659 1873 728 Ἀρμε-

397 741 507 793 τινὶ
532 742 837 812 ἐπισκόπει)
863 744 995 814 περὶ
1022 745 1118 814 τῆς
1144 746 1315 814 αὐτῆς
1348 746 1663 811 ὑποθέσεως
1686 747 1872 801 δεύτε-

286 848 370 899 ρον
390 849 403 860 ·
437 833 495 883 ἐν
515 832 572 884 δέ.
593 835 657 902 τῇ
686 832 942 906 δευτέρᾳ
968 837 1222 906 ἐπιστολῇ
1253 836 1346 907 [18
1374 837 1467 907 Η.]
1496 840 1590 890 καί
1608 840 1653 870 ⁸⁰
1681 838 1875 908 ἔγκλη-

288 939 372 975 σιν
416 924 693 993 προσάγει,
732 925 827 977 ὅτι
869 928 1207 997 προστασίας
1252 931 1398 993 τινὸς
1449 931 1580 1002 παρ’
1610 932 1771 985 αὑτοῦ
1824 934 1873 986 οἱ

294 1016 663 1067 Μεσα).ιανίται
714 1019 1117 1087 τυγχάνουσιν.
1159 1021 1403 1092 Ἔγραψε
1455 1023 1643 1091 μέντοι
1698 1025 1794 1077 καὶ
1844 1028 1874 1080 6

306 1107 919 1172 Κωπαντινουπόλεως
937 1111 1182 1174 Ἀττικὸς
1201 1114 1317 1175 τοῖς
1346 1115 1403 1165 ἐν
1430 1112 1728 1186 Παμφυλίᾳ
1751 1116 1874 1169 ἐπι-

549 1199 635 1251 ἵνα
672 1200 1035 1270 πανταχόθεν
1071 1205 1196 1266 τοὺς
1230 1203 1606 1267 Μεσαλιανοὺς
1643 1204 1719 1264 ὡς
1762 1204 1872 1277 ἄγη

317 1290 393 1341 καὶ
415 1289 544 1361 μύση
568 1291 968 1346 ἁπελαύνωσιν
988 1309 1001 1322 ⁸
1037 1294 1117 1347 ἐτι
1139 1294 1195 1348 δέ
1216 1296 1244 1349 6
1272 1295 1435 1359 αὐτὸς
1462 1296 1557 1349 καὶ
1585 1295 1721 1367 πρὸς
1741 1298 1876 1367 Ἀμ-

310 1382 516 1449 ᾳιὶέχιον
552 1383 645 1435 τὸν
682 1384 855 1453 Σίδης
893 1385 1120 1453 ὁμοίιος.

360 1471 593 1542 Ἔγραψε
625 1475 683 1527 δὲ
717 1478 823 1527 καὶ
862 1477 1131 1542 Σισίννιος
1185 1480 1214 1531 6
1250 1481 1877 1551 Κωνσταντινουπόλεως

298 1566 386 1616 καὶ
411 1566 656 1627 Θεόδοτος
700 1569 732 1621 6
781 1570 1123 1639 Ἀντιοχείας
1171 1574 1359 1645 κοινὴν
1394 1577 1686 1650 ἐπιστολὴν
1739 1581 1876 1650 πρὸς

299 1655 587 1722 Βερενιανδν
609 1660 705 1711 καὶ
745 1660 1022 1733 Ἀμφιλόχ
1033 1682 1109 1716 ιον
1130 1666 1222 1718 καὶ
1247 1666 1467 1731 λοιποὺς
1490 1671 1615 1734 τοὺς
1636 1673 1694 1724 ἐν
1718 1673 1875 1742 Παμ-

1974 478 2313 533 Messalianis
2343 479 2706 547 interrogans,
2738 477 3077 546 missumque
3122 478 3186 530 ad
3217 477 3365 531 illum
3397 493 3555 547 syno-

1974 570 2155 625 dieum
2201 570 2267 624 de
2296 569 2403 623 illis
2449 570 2725 624 decretum
2768 577 2931 637 atque
2976 568 3267 623 sententia.
3322 568 3557 636 Scripsit

1973 675 2189 729 quoque
2236 674 2466 729 magnus
2511 659 2803 714 Flavianus
2853 660 3116 713 Armenio
3168 658 3384 713 cuidam
3440 659 3556 728 epi-

1972 765 2158 819 scopo,
2202 750 2341 819 13a
2389 750 2586 804 iterum
2639 749 2705 803 de
2750 749 2939 803 eadem
2988 752 3103 818 ipsa
3136 765 3237 804 re;
3296 766 3401 819 qua
3435 751 3555 817 qui-

1974 843 2095 896 dem
2122 842 2293 894 altera
2320 840 2568 910 epistola,
2610 841 2775 895 etiam
2823 842 3073 909 queritur
3118 844 3181 895 et‘
3217 842 3552 909 expostulat,

1974 932 2263 1001 patrocinii
2294 932 2438 999 apud
2480 933 2655 1001 ipsum
2699 932 2903 999 aliquid
2957 931 3359 986 Messalianitas
3400 932 3553 985 inve-

1976 1025 2114 1077 nire.
2148 1022 2386 1089 Scripsit
2413 1033 2465 1077 et
2498 1022 2713 1077 Atticus
2763 1023 3404 1091 Constantinopolitanus
3447 1026 3557 1091 epi-

1975 1117 2155 1185 sc0pis
2178 1115 2232 1170 in
2263 1116 2579 1188 Pamphylia
2608 1118 3026 1183 essistentibus,
3057 1128 3116 1172 ut
3147 1119 3383 1187 undique
3411 1117 3555 1171 Mes—

1976 1208 2214 1264 salianos
2249 1208 2413 1264 veluti
2446 1224 2634 1265 sacros
2678 1225 2741 1264 ac
2787 1210 3143 1263 detestandos
3175 1210 3554 1263 ethrbarent.

1976 1292 2116 1360 Quin
2156 1304 2211 1349 et
2238 1296 2375 1350 idem
2407 1297 2473 1349 ad
2508 1298 2954 1368 Amphilochium
3002 1297 3147 1353 Sidae
3178 1297 3559 1367 prtesidentem

1977 1386 2232 1441 similiter
2258 1388 2505 1457 scripsit.

2050 1476 2321 1534 Sisinnius
2371 1480 2497 1534 item
2555 1478 3218 1552 Constantinopolitanus,
3278 1493 3333 1536 et
3380 1482 3562 1534 Theo-

1980 1570 2141 1625 dotus
2170 1570 2564 1635 Anliochenus,
2598 1588 2942 1629 communem
2989 1575 3276 1642 epistolam
3310 1574 3378 1627 ad
3411 1573 3564 1626 Beri-

1980 1660 2226 1726 nianum,
2272 1671 2329 1716 et
2358 1660 2820 1732 Amphilochium,
2864 1674 3202 1733 ceterosque
3252 1665 3303 1717 in
3382 1662 3551 1716 Pam-

302 1748 450 1817 ςυὶξα
475 1750 840 1815 ἐπισκόπους,
871 1749 942 1824 ἧς
962 1756 997 1823 ἡ
1015 1757 1316 1827 ἐπιγραφὴ,
1336 1777 1354 1809 ι
1384 1759 1427 1811 Τ
1430 1762 1508 1823 οἷς
1528 1761 1876 1830 θεοφιλεστά-

1989 1752 2147 1821 philia
2180 1752 2463 1822 episcopos
2493 1754 2794 1824 scripsere,
2831 1756 2986 1823 cujus
3033 1756 3277 1824 epistola:
3312 1754 3429 1808 hzec
3479 1754 3565 1808 in—

300 1858 400 1901 τοις
430 1842 876 1913 συλλειτουργοῖς
914 1846 1214 1919 Βερινιανῷ
1252 1851 1346 1904 καὶ
1388 1852 1739 1925 ’Δμφιλοχίῳ,
1785 1857 1877 1909 καὶ

300 1933 425 1982 πᾶσι
467 1936 574 1992 τοῖς
618 1936 679 1986 ἐν
735 1936 1050 2009 Παμφυλία
1094 1940 1433 2007 ἐπισκόποις,
1478 1944 1739 2009 Σισίννιος
1784 1948 1879 2001 καὶ

304 2021 543 2084 ϐιδξοτος
588 2025 677 2075 καὶ
717 2027 885 2079 πᾶσα
928 2028 959 2091 ἡ
993 2027 1124 2095 ἁγία
1165 2031 1441 2101 σύνοδοςή
1480 2035 1621 2088 κατὰ
1654 2035 1804 2088 θείαν
1832 2038 1876 2069 ⁸¹

313 2111 456 2181 γάᾳν
482 2116 920 2188 συγκροτηθεῖσα
951 2120 1009 2171 ἐν
1042 2123 1107 2192 τῇ
1146 2122 1501 2191 μεγαλοπόλει
1531 2129 1879 2183 Κωνσταντισι

311 2208 529 2259 modist
567 2209 670 2276 τῆς
719 2213 1074 2279 χειροτονίας
1112 2214 1276 2269 ἕνεκα
1319 2217 1413 2270 τοῦ
1462 2217 1876 2288 θεοφιλεστάτου

305 2298 383 2347 ναξ
424 2296 732 2363 ἀγεωτάτου
762 2302 815 2332 ³⁸
862 2304 1166 2358 ἐπισκόπου
1213 2307 1497 2373 Σισιννίου,
1547 2310 1879 2381 θεσπίσματι

296 2389 377 2440 τοῦ
418 2390 829 2446 εὐσεδεστάτου
877 2396 973 2447 καὶ
1021 2395 1367 2467 φιλοχρίστου
1408 2401 1568 2470 ἡμῶν
1614 2402 1881 2473 βασιλέως

294 2478 578 2544 Θεοδοσίου,
607 2484 669 2536 ἐν
699 2486 904 2556 Κυρίῳ
927 2487 1156 2556 χαίρειν.
1194 2507 1212 2540 ι
1235 2490 1323 2543 Ἐν
1348 2491 1520 2567 ταύτῃ
1540 2496 1606 2565 τῇ
1628 2496 1877 2567 συνοδικῇ

293 2574 529 2645 ἐπιστολῇ
561 2578 669 2630 καὶ
706 2578 875 2630 Νέων
908 2581 1205 2643 ἐπίσκοπος
1225 2582 1585 2655 ἐξεφώνησεν,
1620 2586 1695 2650 ὡς
1728 2587 1880 2650 είτις

292 2667 415 2731 μετὰ
444 2667 535 2719 τὸν
580 2667 1054 2739 ἀναθεματισμδν
1089 2672 1367 2745 φωραθείη
1410 2675 1487 2742 τῷ
1528 2676 1706 2747 χρόνῳ
1740 2678 1881 2748 ἤδιὰ

291 2759 538 2825 ῥημάτων
571 2760 609 2830 ἢ
641 2760 738 2813 διὰ
777 2764 1126 2833 πραγμάτων
1155 2767 1233 2827 εἰς
1266 2767 1365 2838 τὴν
1396 2767 1635 2838 ὑποψίαν
1655 2770 1755 2840 τῆς
1792 2772 1881 2824 νό-

291 2868 373 2903 σον
406 2852 618 2924 ταῦ-της
674 2854 1001 2925 ἐμπίπτων,
1033 2858 1228 2928 μηκέτι
1267 2858 1452 2913 λοιπὸν
1503 2863 1666 2917 αὑτὸν
1698 2863 1883 2935 χώραν

285 2946 434 3013 ἔχειν,
472 2947 613 3017 μηδ’
656 2948 726 3001 ἂν
778 2949 1044 3019 μυριάκις
1086 2950 1492 3023 ἐπαγγέλληται
1514 2955 1579 3018 ⁸³,
1606 2955 1703 3026 τὴν
1730 2957 1882 3023 τάξιν

1984 1845 2209 1914 scriptio
2237 1856 2360 1900 est:
2392 1864 2410 1897 ‹
2456 1848 2566 1901 Deo
2593 1848 2935 1902 charissimis
2985 1864 3267 1902 sacrorum
3310 1847 3561 1919 collegis,

1984 1937 2300 2005 Beriniano,
2354 1947 2409 1993 et
2443 1938 2850 2006 Amphilochia,
2900 1941 3266 2011 omnibusque
3316 1939 3452 1994 adeo
3506 1941 3560 1993 in

1986 2029 2299 2101 Pamphylia
2333 2029 2628 2100 episcopis,
2681 2032 2980 2096 Sisinnius,
3031 2043 3199 2102 atque
3245 2033 3563 2087 Theodotus

1984 2131 2040 2175 et
2070 2121 2324 2177 universa
2378 2134 2573 2178 sancta
2630 2127 2896 2195 synodus,
2947 2140 3068 2195 quae
3125 2125 3220 2180 Dei
3276 2126 3473 2195 gratia,
3509 2126 3564 2178 in

1987 2230 2180 2286 magna
2212 2217 2350 2271 urbe
2381 2216 2988 2286 Constantinopolitana
3029 2225 3217 2273 coacta
3267 2228 3379 2281 est,
3426 2233 3562 2272 con-

1987 2308 2237 2362 secrandi
2268 2310 2448 2378 gratia
2490 2308 2601 2364 Deo
2633 2310 2995 2364 amantissimi
3026 2310 3265 2380 episcopi
3313 2308 3565 2373 Sisinnii,

1981 2399 2135 2464 jussu
2166 2409 2220 2454 et
2269 2401 2596 2455 auctoritate
2654 2401 2998 2469 pientissimi,
3036 2411 3090 2456 et
3135 2401 3356 2457 Christo
3404 2402 3561 2455 cbari

1986 2491 2340 2561 Imperatoris
2364 2493 2533 2547 nostri
2565 2492 2882 2555 Theodosii,
2917 2494 3146 2548 salutem
3176 2494 3227 2548 in
3259 2493 3507 2548 Domino.
3542 2512 3562 2545 ι

1988 2582 2045 2638 lu
2110 2600 2172 2639 ea
2224 2585 2337 2653 ipsa
2394 2586 2649 2656 synodica
2685 2586 2915 2653 epistola
2951 2584 3100 2639 Neon
3151 2586 3440 2655 episcOpus
3471 2601 3568 2637 cx-

1989 2675 2263 2741 clamavit,
2308 2684 2386 2741 ut,
2438 2678 2484 2730 si
2536 2678 2660 2749 quis
2715 2687 2835 2745 post
2884 2678 3397 2731 anathematismum
3458 2677 3568 2729 nlln

1990 2775 2237 2835 tempore
2268 2767 2641 2835 deprehensus
2690 2764 2876 2829 fuerit,
2939 2782 2998 2822 re
3047 2777 3138 2821 aut
3167 2767 3351 2833 verbo,
3386 2769 3438 2822 in
3480 2783 3571 2822 su-

1990 2857 2285 2925 Spicionem
2324 2858 2476 2914 mala:
2518 2858 2681 2928 hujus
2735 2867 2901 2913 secta!
2949 2860 3231 2923 incidisse,
3290 2876 3570 2929 nunquam

1989 2962 2176 3021 postea
2211 2950 2385 3005 locum
2439 2961 2643 3017 teneat,
2691 2968 2761 3007 ne
2805 2953 2848 3006 si
2885 2953 3084 3007 millies
3117 2953 3337 3022 quidem
3394 2956 3571 3023 pinni-

283 3038 639 3109 ἀναπληροῦν
684 3038 807 3093 τῶν
855 3042 1295 3110 μετανοούντων·
1356 3047 1794 3113 συγκινδυνεύειν
1836 3052 1882 3083 ⁸⁵

1994 3044 2230 3098 teutibus
2259 3044 2591 3099 constitutas
2620 3058 2811 3112 pinnas
2840 3045 3103 3099 luiturum
3139 3061 3197 3101 se
3225 3046 3569 3114 polliceatur.

287 3130 492 3200 Sta-Lth
512 3132 622 3184 καὶ
648 3132 746 3185 τὸν
780 3134 1184 3204 συγκροτῶντα
1204 3137 1388 3203 αὐτὸν,
1422 3139 1530 3192 εἴτε
1557 3142 1879 3208 ἐπίσκοπος,

1989 3131 2111 3187 Pari
2138 3148 2259 3187 cum
2296 3132 2400 3187 hoc
2428 3134 2671 3203 periculo
2697 3146 2753 3189 et
2775 3149 2897 3189 eum
2928 3134 3168 3202 subjicit,
3202 3137 3293 3204 qui
3341 3151 3573 3189 consen-

291 3222 382 3274 εἴτε
414 3223 581 3287 ἄλλος
619 3242 715 3287 τις
748 3225 862 3293 εἴη.
913 3226 1157 3299 Ἐγράφη
1188 3228 1245 3282 δὲ
1278 3230 1373 3283 καὶ
1402 3232 1661 3307 ἐπιστολὴ
1700 3234 1883 3291 Ἰωάν-

293 3328 370 3364 νου
403 3314 763 3385 Ἀντιοχείας
800 3318 850 3349 ³³
882 3316 1017 3388 πρὸς
1047 3319 1346 3392 Νεστόριον
1389 3324 1518 3395 περὶ
1549 3326 1659 3379 τῶν
1699 3328 1887 3383 Μεσα-

293 3403 549 3460 ὶιανιτῶν.
610 3406 925 3477 Ἑξὴνεγκε
959 3409 1017 3462 δέ
1046 3410 1138 3463 καὶ
1182 3413 1371 3484 ὃρονή
1407 3415 1539 3485 ἁγία
1583 3420 1681 3473 καὶ
1709 3421 1889 3476 οἰκου-

297 3500 480 3567 μενικὴ
512 3496 777 3561 σύνοδος,
814 3500 847 3569 ὴ
882 3501 938 3553 ὲν
980 3500 1190 3574 Ἐφέσῳ
1224 3504 1407 3576 τρίτη.
1439 3507 1886 3579 ἀπογυμνώσασα

296 3589 461 3642 αὐτὼ
484 3590 536 3623 ⁸⁸
570 3591 679 3644 καὶ
707 3591 779 3644 τὰ
811 3592 867 3644 ὲν
892 3592 969 3663 τῷ
998 3593 1279 3667 λεγομένῳ
1300 3598 1482 3651 αὐτῶν
1505 3598 1889 3675 βιϐλίῳ-ἀσκη-

298 3684 421 3754 tam;
464 3684 783 3757 βλάσφημα
828 3688 921 3740 καὶ
962 3690 1212 3760 αίρετικὰ
1267 3692 1561 3761 κεφάλαια,
1608 3697 1704 3750 καὶ
1752 3698 1889 3752 καθε-

302 3777 643 3832 υποδαῖιοῦσα
668 3779 744 3849 τῷ
774 3780 1099 3850 ἀναθέματι.
1120 3784 1368 3855 Ἔγραψε
1391 3786 1448 3839 δέ
1474 3788 1567 3840 καὶ
1594 3788 1890 3860 Ἀρχέλαος

308 3870 335 3919 6
359 3870 693 3940 Καισαρείας
718 3873 823 3942 τῆς
855 3874 1240 3929 Καππαδοκῶν
1272 3878 1569 3942 ἐπίσκοπος
1607 3880 1888 3951 ἀναθεμα-

320 3965 525 4028 tta-rw);
541 3966 997 4034 εἰκοσιτέσσαρας
1014 3967 1123 4019 τῶν
1138 3968 1451 4037 κεφαλαίων
1468 3970 1668 4027 αὐτῶν.
1690 3971 1773 4044 [41
1796 3972 1887 4045 8.]

332 4052 577 4117 iouini;
605 4056 661 4108 δέ
697 4055 828 4109 κατ’
877 4057 1055 4110 αὐτῶν
1093 4060 1188 4110 καὶ
1226 4059 1581 4131 Ἡρακλείδας
1607 4063 1637 4115 6
1669 4063 1891 4131 Νύσσης

332 4144 606 4210 ἐπίσκοπος
635 4148 927 4213 ἐπιστολὰς
953 4149 1067 4215 δύο,
1097 4144 1174 4204 ὧν
1197 4153 1254 4205 ἐν
1283 4156 1348 4225 τῇ
1379 4154 1610 4227 δευτέρᾳ
1638 4159 1731 4209 καὶ
1755 4157 1891 4228 χρῆ-

327 4252 405 4299 σις
428 4241 643 4311 φέρεται
674 4242 778 4311 τῆς
820 4242 1181 4314 ἀρχαιότητος
1231 4245 1339 4299 τῶν
1386 4249 1603 4301 σεπτῶν
1644 4250 1889 4306 εἰκόνων.

381 4510 623 4581 Ἔγραψε
648 4510 705 4563 δὲ
737 4512 919 4582 χρόνῳ
950 4510 1177 4583 ὕστερον
1206 4511 1301 4565 καὶ
1320 4510 1623 4583 Γερόντιος,
1650 4512 1890 4584 πρεσδύ-

310 4622 454 4673 τερος
486 4609 585 4658 καὶ
621 4604 936 4673 ἡγούμενος
968 4603 1078 4656 τῶν
1114 4607 1171 4658 ἐν
1211 4604 1410 4657 Γλίτιδι
1447 4604 1722 4675 μοναχῶν,
1759 4604 1897 4676 πρὸς

323 4696 563 4750 Ἀλύκου
600 4696 1037 4767 ἀρχιεπίσκοπον
1066 4697 1169 4767 τῆς
1197 4698 1255 4749 ἐν
1284 4697 1657 4770 Καππαδοκίᾳ
1683 4700 1894 4753 Καισα-

319 4791 473 4857 ρείας,
511 4790 853 4859 ἐγκλήματα
903 4788 1044 4842 κατὰ
1090 4789 1406 4859 Λαμπετίου
1452 4791 1641 4853 κινῶν,
1691 4790 1750 4855 ὃς
1801 4794 1897 4847 καὶ

312 4884 514 4952 πρῶτο;
556 4884 665 4952 τῆς
707 4883 1009 4953 εἰρημένης
1042 4881 1306 4951 αἱρέσεως
1356 4882 1579 4953 ἴσχυσεν
1629 4882 1895 4953 ἐκκλέψαι

312 4980 365 5026 τὶ
387 4978 483 5047 τῆς
510 4975 827 5047 ἱερωσύνης
858 4976 952 5027 καὶ
994 4974 1246 5028 ὑπελθεῖν
1290 4973 1530 5043 ἀξίωμα,
1566 4973 1794 5044 βέϐηλος
1825 4975 1903 5029 ὣν

322 5071 403 5121 καὶ
437 5069 721 5123 ἀπατεὼν.
764 5068 1019 5132 ’Δλύπιος
1051 5068 1109 5122 δὲ
1143 5068 1188 5101 ⁸⁷
1223 5068 1291 5122 τὰ
1334 5069 1621 5139 γραφέντα
1666 5068 1901 5139 δεξάμε-

1989 3223 2088 3277 tiat
2120 3220 2542 3293 applaudatque,
2586 3223 2701 3279 sive
2736 3226 3049 3294 episc0pus,
3095 3224 3211 3278 sive
3259 3225 3381 3293 quis
3434 3224 3577 3278 alius

1988 3314 2078 3370 ille
2103 3315 2284 3372 fuerit.
2317 3315 2481 3371 Missa
2516 3331 2732 3387 quoque
2772 3316 3003 3386 epistola
3041 3314 3267 3371 Joannis
3311 3316 3425 3387 (85)
3462 3317 3575 3369 An—

1991 3407 2224 3463 tiocheni
2257 3410 2324 3462 ad
2353 3408 2687 3477 Nestorium,
2720 3409 2788 3464 de
2826 3407 3233 3463 Messalianitis.
3261 3405 3412 3463 Fecit
3444 3408 3577 3463 item

1988 3500 2267 3555 decretum
2297 3500 2390 3571 (de
2440 3500 2545 3556 hoc
2578 3500 2693 3571 ipso
2720 3499 2991 3568 Adelphio
3018 3498 3303 3568 heretico)
3341 3513 3493 3552 sacra
3520 3508 3577 3573 ct

1989 3593 2327 3648 tecumenica
2402 3594 2645 3665 synodus
2710 3591 2989 3662 Ephesina
3071 3593 3234 3646 tertia
3270 3630 3287 3655 ,
3329 3607 3452 3661 quae
3521 3598 3577 3645 et

1991 3685 2149 3740 illum
2234 3699 2357 3739 cum
2455 3685 2812 3754 blasphemiis
2909 3684 3289 3754 capitibusque
3399 3683 3578 3737 haere—

1989 3791 2154 3843 seos,
2210 3785 2477 3846 quotquot
2556 3777 2611 3831 in
2676 3776 2893 3831 illorum
2963 3776 3105 3831 libro
3172 3775 3423 3830 Ascetico
3489 3791 3579 3828 es-

1991 3880 2133 3934 sent,
2194 3869 2437 3934 detexit,
2507 3880 2563 3923 et
2617 3868 2952 3923 anathemati
3027 3868 3286 3937 subjecit.
3348 3865 3581 3935 Scripsit

1992 3973 2049 4017 ct
2128 3962 2433 4018 Archelaus
2485 3963 2748 4017 Casareae
2832 3961 3198 4032 Cappadociae
3294 3961 3582 4029 episcopus

1992 4065 2227 4125 quatuor
2246 4066 2299 4109 et
2322 4054 2511 4124 viginti
2542 4054 3030 4108 anathematismos
3045 4053 3283 4121 capitum
3304 4052 3567 4125 ipsorum.

1991 4123 2308 4212 Composuit
2369 4123 2633 4197 adversus
2690 4142 2810 4197 illos
2848 4152 2905 4197 et
2940 4141 3255 4196 Heraclidas
3300 4123 3583 4209 Nyssenus

1991 4238 2279 4307 episcopus
2306 4236 2441 4291 duas
2466 4236 2728 4305 epistolas
2761 4253 2774 4289 ι
2808 4251 3039 4304 quarum
3102 4235 3155 4288 in
3199 4233 3369 4287 altera
3410 4235 3581 4286 etiam

1994 4331 2364 4386 testimonium
2389 4330 2660 4399 quoddam
2700 4327 2926 4384 all‘ertur
2988 4343 3091 4399 pro
3119 4327 3446 4396 antiquitate
3484 4342 3578 4381 sa-

1917 4458 1973 4518 D
1998 4436 2209 4476 crarum
2243 4420 2561 4489 imaginum.

2071 4512 2380 4582 Insequenti
2411 4528 2540 4567 vero
2571 4520 2812 4578 tempore
2858 4511 3158 4566 Gerontius
3201 4525 3417 4579 quoque
3459 4526 3584 4579 pre-

2001 4607 2188 4677 sbyter
2208 4618 2263 4660 et
2295 4604 2583 4674 prazfectus
2606 4604 2995 4659 monachorum
3029 4604 3082 4655 in
3107 4602 3328 4663 Glitide,
3364 4603 3586 4669 scripsit

1999 4700 2065 4753 ad
2116 4698 2373 4769 Alypium
2438 4698 2909 4766 archiepiscopum
2944 4697 3206 4751 Ctesarea:
3231 4695 3584 4764 Cappadociae

1998 4790 2251 4861 querelas
2288 4791 2473 4844 varias
2503 4792 2765 4844 adversus
2798 4787 3168 4858 Lampetium,
3228 4788 3319 4856 qui
3375 4787 3583 4856 primus

1998 4900 2065 4940 ex
2095 4884 2238 4939 dicta
2297 4884 2490 4940 haeresi
2547 4882 2833 4952 subripere
2892 4880 3075 4935 furtim
3113 4880 3247 4951 13b
3288 4878 3583 4934 sacerdotii

1998 4977 2344 5047 dignitatem,
2373 4991 2438 5030 ac
2458 4976 2641 5029 subire
2662 4975 2857 5044 potuit,
2888 4974 3175 5041 -prol'anus
3204 4974 3317 5041 ipse
3354 4984 3475 5023 cum
3497 4983 3585 5021 es—

1996 5078 2102 5135 set,
2132 5080 2293 5138 atque
2333 5069 2618 5139 impostor.
2648 5066 2829 5135 Quare
2864 5068 3114 5137 Alypius,
3157 5066 3397 5134 acceptis
3434 5062 3582 5116 litte-

1624 5181 1856 5238 VARLE
1894 5181 2304 5241 LECTIONES.

376 5302 416 5331 ⁵⁸
443 5301 540 5352 καὶ
568 5315 686 5352 om.
721 5302 782 5353 Α.
861 5300 907 5330 ⁸³
940 5298 1112 5371 θείαν]

316 5369 353 5399 ³⁸
388 5372 687 5440 ἁντιοχέως
714 5378 785 5425 Α.
864 5370 911 5401 ⁸⁸
940 5369 1190 5435 αὑτὸνς.
1266 5371 1311 5404 ⁵⁷
1336 5370 1394 5423 δὲ
1428 5372 1512 5426 A:
1548 5374 1645 5427 καὶ
1717 5390 1781 5437 ς.

1168 5299 1392 5373 θεοῦΑᾼ.
1446 5302 1514 5373 7“
1555 5303 1647 5355 καὶ
1676 5303 1983 5369 ἀγιωτάτου
2018 5305 2142 5358 add.
2178 5305 2241 5357 A.
2316 5304 2363 5337 ⁵³
2392 5302 2766 5373 ἐπαγγέληται
2802 5302 2867 5355 Α.
2945 5300 2991 5333 ⁸⁸
3028 5294 3445 5365 συγκενδυνεύει
3516 5307 3574 5355 ς’.

1811 5485 2046 5542 NOTIE.

384 5585 493 5653 (84)
540 5584 769 5639 Latoius
798 5582 1058 5637 Ecclesiae
1101 5581 1458 5653 Meliﬁtincnsis
1490 5583 1670 5653 fepisc.
1720 5581 1897 5637 Theo-

329 5654 502 5708 doreto
528 5657 622 5709 lib.
660 5669 712 5709 tv
744 5653 888 5707 Ilist.
930 5667 1049 5721 cap.
1084 5654 1172 5718 10,
1214 5652 1456 5717 Latoius,
1489 5652 1717 5721 Niceph.

390 5727 496 5798 (85)
532 5724 876 5781 Patriarcha:
904 5724 1132 5794 aCcipio,
1187 5726 1279 5795 qui
1337 5724 1395 5779 S.
1446 5724 1726 5780 Theodoto
1780 5737 1901 5778 suc-

2008 5584 2191 5648 cessit,
2237 5590 2399 5650 atque
2434 5577 2499 5633 ad
2533 5574 2843 5650 Nest_o_rium
2897 5573 3182 5643 scripsisse
3237 5570 3452 5642 legitur.
3484 5569 3581 5625 Ni-

2009 5647 2289 5725 cepb.rlib.
2312 5647 2452 5718 an,
2484 5664 2614 5719 cap.
2650 5647 2741 5701 35.
