4030 6456
528 297 591 361 91
1679 303 1947 363 ΡΗΟΤΙΙ
1987 304 2494 367 ΡΑΤΒΙΛΒΟΙΙᾸΕ
2534 306 2642 366 CP.
3720 302 3787 365 92

530 417 627 482 ris,
701 415 766 468 ad
830 414 1144 469 Ilormizam
1182 412 1452 469 Comanes
1508 415 1843 484 episcopum,
1902 432 2022 486 qua:
2050 418 2117 471 de

2221 436 2328 484 νος,
2358 420 2493 489 πρὸς
2517 418 2609 471 τὸν
2633 418 2931 471 ἐπίσκοπον
2962 416 3222 486 Κομάνης
3261 414 3526 487 Ὀρμίζην
3546 415 3787 469 ἐπιστέλ-

533 506 823 575 Lampetio
848 514 1255 575 spargerentur,
1300 506 1625 560 excutienda
1666 506 1835 560 misit.
1873 506 2115 561 Accusa-

2217 512 2297 564 λει
2324 512 2389 565 τὰ
2414 511 2545 582 περὶ
2574 511 2889 580 Λαμπετίου
2915 510 3165 576 ἐξετάσαι
3184 507 3474 579 λεγόμενα.
3502 507 3613 571 Καὶ
3634 502 3707 576 ἦν
3724 507 3789 562 τὰ

531 597 698 652 tionis
715 606 876 649 erant
915 597 1089 666 capita
1123 598 1238 652 ha‘c
1270 613 1286 651 :
1315 597 1550 650 Puellam
1609 598 1753 652 ulnis
1809 600 2115 668 amplexum

2217 600 2619 671 ἐγκαλούμενα,
2656 602 2738 654 ὅτι
2767 599 2938 668 κόρην
2969 598 3109 652 κατὰ
3154 597 3328 667 στόμα
3362 596 3528 665 φιλῶν
3563 598 3792 666 ἐνηγκα-

534 698 695 756 atque
736 688 1111 743 exosculatum
1147 689 1341 744 fuisse.
1399 688 1575 759 Ipsum
1619 690 1960 757 Lampetium
1995 708 2120 745 nar-

2275 690 2416 756 ζετο,
2449 691 2544 743 καὶ
2569 691 2651 743 ὅτι
2681 689 2843 752 αὐτὸς
2877 690 3083 751 ἐκεῖνος
3121 687 3225 758 ἔφη
3253 686 3568 758 Δαμπέτιος
3599 686 3657 739 ἐν
3695 687 3793 740 Ἱε-

535 797 708 846 rasse,
748 781 1145 854 Hierosolymis
1198 798 1258 838 se
1298 798 1422 837 cum
1463 784 1766 837 diacouissa
1832 799 2115 852 peccasse;

2221 782 2539 852 ροσολύμοις
2584 782 2723 852 μετά
2756 798 2901 843 τινος
2939 779 3285 851 διακονίσσης
3323 780 3671 848 ἐξαμαρτεῖν,
3701 780 3793 832 καὶ

537 875 934 928 accedentibus
963 876 1085 928 dein
1114 874 1387 929 nonnullis
1431 876 1521 943 qui
1570 875 1758 929 morbo
1798 875 2117 929 medicinam

2219 875 2299 927 ὃτι
2333 872 2740 943 προσελθόντων
2760 872 2806 904 ⁵⁸
2833 871 2994 925 τινῶν
3024 872 3117 925 καὶ
3139 873 3444 941 νοσήματος
3478 871 3620 923 ίασιν
3650 868 3792 935 ἐξαι-

537 975 867 1033 (ιυωτει-οηι,
904 966 1173 1028 adducite,
1208 967 1431 1029 dixisse,
1480 966 1762 1036 pulchram
1811 966 1943 1020 mihi
1972 966 2122 1035 puel-

2220 984 2312 1019 του
2322 965 2496 1035 μένων
2520 965 2647 1034 ἔφη,
2664 984 2681 1016 ι
2707 965 2836 1034 φέρε
2859 964 2986 1034 μίαν
3014 964 3180 1035 κόρην
3210 963 3345 1033 πρὸς
3373 961 3473 1032 ἐμὲ
3491 960 3681 1031 καλὴν,
3704 963 3794 1016 καὶ

539 1056 670 1118 lam,
709 1058 1104 1126 ostendamque
1164 1057 1259 1111 tibi
1310 1058 1770 1111 sanctimoniam:
1821 1073 1915 1112 eos
1969 1060 2116 1124 item,

2220 1057 2381 1123 δείξω
2415 1075 2498 1110 σοι
2532 1057 2863 1128 ἁγιωσύνην,
2897 1076 2916 1109 ι
2952 1056 3044 1109 καὶ
3076 1056 3157 1109 ὅτι
3199 1057 3326 1118 τοὺς
3354 1054 3452 1118 τὰς
3482 1052 3631 1125 ὦρας
3662 1053 3787 1123 ψάλ-

541 1148 639 1215 qui
686 1148 844 1201 statis
874 1150 1022 1203 horis
1050 1150 1361 1217 psallerent,
1392 1150 1535 1204 foede
1568 1149 1826 1211 irrisisse,
1862 1160 1913 1202 et
1936 1150 2123 1203 convi-

2222 1150 2412 1211 λοντας
2443 1147 2842 1219 ἐξεμυκτήριζε
2878 1148 2971 1201 καὶ
2999 1146 3245 1218 διέσυρεν
3277 1146 3352 1209 ὡς
3389 1146 3494 1199 ὑπὸ
3529 1146 3691 1216 νόμον
3718 1145 3796 1198 ἐτι

545 1238 633 1293 tiis
664 1239 1013 1304 insectatum,
1076 1251 1333 1310 tanquam
1397 1242 1499 1311 legi
1546 1241 1725 1295 adhuc
1771 1234 2118 1309 servientes;

2222 1241 2612 1310 τυγχάνοντας.
2648 1240 2757 1293 Καὶ
2785 1239 2919 1292 ἄλλα
2954 1238 3090 1293 ἄττα
3133 1236 3369 1307 ἀθέμιτα
3406 1235 3737 1307 διεϐέϐλητο,
3764 1237 3798 1291 ἃ

542 1329 754 1397 aliaque
773 1332 950 1385 multa
990 1332 1039 1384 id
1081 1347 1250 1399 genus
1272 1330 1474 1386 nefaria
1509 1332 1561 1385 in
1592 1334 1683 1387 illo
1709 1342 2123 1403 accusata,qu:e

2223 1334 2334 1394 τοῖς
2363 1331 2726 1395 Μεσαλιανοῖς
2778 1331 2871 1384 καὶ
2914 1333 3149 1384 ποιεῖται
3200 1330 3292 1382 καὶ
3335 1329 3576 1397 λέγεται,
3620 1327 3797 1391 καθὼς

542 1438 571 1473 a
604 1422 936 1477 Messalianis
972 1432 1027 1478 et
1054 1424 1211 1489 ﬁunt,
1241 1434 1291 1479 et
1324 1425 1596 1478 dicuntur.
1653 1424 2121 1491 Quemadmodum

2225 1425 2319 1477 καὶ
2352 1426 2533 1495 ἡμεῖς,
2561 1427 2636 1487 ὡς
2665 1418 2776 1477 οἶόν
2808 1441 2868 1476 τε
2899 1425 3051 1494 ἡμῖν,
3076 1423 3228 1485 τινὰς
3251 1422 3350 1491 τῆς
3384 1421 3638 1493 τοιαύτης
3667 1420 3801 1476 πλά-

543 1527 597 1566 et
633 1530 753 1581 nos,
818 1516 1014 1582 inquit,
1078 1517 1203 1569 dum
1237 1530 1335 1582 pro
1362 1516 1502 1569 virili
1569 1531 1833 1571 conamur
1861 1518 2123 1585 quosdam

2225 1530 2323 1585 νης
2384 1513 2708 1581 ἀπάγοντες,
2751 1511 2842 1583 [I9
2896 1511 2989 1583 IL]
3040 1511 3165 1582 ἄρτι
3216 1511 3536 1583 βλαστάνειν
3593 1510 3801 1565 ἐκεῖθεν

543 1605 811 1659 abducere
851 1607 918 1659 ab
958 1607 1059 1660 hoc
1081 1620 1286 1671 errore,
1347 1608 1438 1676 qui
1474 1622 1645 1676 nuper
1669 1607 1828 1662 istinc
1860 1608 2125 1677 pullulare

2226 1601 2539 1674 ἀρξαμένης
2569 1603 2635 1664 ⁸³,
2675 1600 2877 1673 πολλὴν
2927 1602 3195 1672 σηπεδόνα
3243 1601 3435 1655 παθῶν
3482 1602 3577 1655 καὶ⁸
3604 1601 3803 1664 κακίας

542 1697 735 1763 ρωρίῑ,
763 1697 1036 1763 ingentem
1063 1712 1195 1751 sane
1228 1699 1567 1766 putredinem
1626 1701 2121 1769 perturbationum,

2225 1692 2326 1755 τάς
2354 1693 2579 1745 ἐκείνων
2610 1691 2788 1763 ψυχὰς
2812 1692 3245 1763 ἐπιϐοσκομένην
3275 1693 3617 1763 ἑωράκαμεν.
3662 1692 3802 1745 Ἀλλ’

543 1796 705 1854 atque
740 1787 1128 1856 improbitatis,
1157 1804 1346 1842 eorum
1378 1791 1670 1856 depascere
1692 1792 1905 1846 animos
1928 1792 2122 1859 depre-

2225 1787 2254 1839 ὅ
2286 1803 2350 1855 γε
2388 1785 2707 1854 Λαμπέτιος
2749 1784 3005 1856 Ὀρμίζου
3045 1785 3143 1853 μὲν
3188 1783 3285 1837 τοῦ
3321 1785 3620 1838 ἐπισκόπου
3649 1784 3805 1838 δικά-

543 1879 858 1933 hendimus.
894 1878 1091 1933 Verum
1124 1880 1209 1934 hic
1229 1879 1565 1950 Lampetius,
1596 1882 1847 1938 Hormiza
1870 1885 2123 1953 episcopo

2225 1878 2431 1943 ζοντος,
2452 1876 2518 1929 Γε
2528 1876 2738 1948 ροντίου
2756 1876 2813 1929 δέ
2830 1876 2924 1929 τοῦ
2950 1876 3326 1949 πρεσϐυτέρου
3350 1875 3802 1947 κατηγοροῦντος,

539 1970 743 2037 judice,
768 1981 823 2024 et
854 1970 1124 2025 Gerontio
1159 1973 1484 2043 presbytero
1513 1981 1719 2038 actore,
1745 1975 1941 2043 partim
1967 1976 2122 2030 testi-

2225 1969 2319 2023 καὶ
2350 1969 2417 2022 τὰ
2454 1968 2554 2037 μὲν
2581 1967 2669 2021 διὰ
2702 1967 2994 2040 μαρτύρων
3039 1967 3397 2038 ἐξελεγχθεὶς,
3432 1968 3500 2021 τὰ
3540 1967 3701 2039 δέτῷ
3727 1971 3806 2022 ol-

542 2064 645 2113 Illis
676 2062 985 2129 convictus,
1038 2063 1237 2131 partim
1294 2078 1389 2117 sua
1439 2066 1555 2134 ipse
1585 2064 1932 2121 confessione
1977 2081 2122 2131 reus,

2225 2060 2356 2131 κείῳ
2384 2062 2621 2131 στόματι
2646 2062 2999 2134 περιπαρεὶς,
3030 2061 3270 2125 ἁπάσαις
3296 2061 3497 2131 ψήφοις
3521 2061 3620 2131 τῆς
3651 2064 3809 2129 ἱερωο

545 2152 787 2205 omnium
816 2153 1039 2206 calculis
1066 2155 1362 2208 sacerdotii
1422 2156 1685 2225 dignitate
1728 2158 2121 2214 submovetur:

2227 2152 2392 2224 σύνης
2435 2152 2765 2224 καθῄρηται,
2819 2155 3111 2225 συμψήφου
3160 2156 3527 2225 γεγενημένου
3575 2155 3673 2209 καὶ
3715 2158 3808 2209 τοῦ

546 2244 879 2297 assentiente
900 2247 1065 2299 etiam
1098 2246 1292 2317 Alypio
1341 2248 1689 2314 Caesariensi,
1740 2252 1833 2318 qui
1862 2251 2121 2305 miserum

2225 2245 2565 2316 Καισαρείας
2606 2246 2885 2311 Ἀλυπίου,
2934 2246 2993 2312 ὃς
3042 2248 3261 2301 καὶτὸν
3315 2248 3548 2301 δείλαιον
3600 2249 3810 2301 ἐκεῖνον

547 2332 695 2387 illum
722 2336 1003 2406 (deceptus
1031 2339 1168 2409 ipse)
1205 2340 1582 2410 presbyterum
1627 2340 1929 2397 ordinarat.
1975 2342 2121 2397 Idem

2225 2336 2593 2409 ἐξαπατηθεὶς
2649 2341 2729 2403 είς
2776 2340 2867 2393 τὸν
2915 2338 3013 2393 τοῦ
3074 2340 3471 2412 πρεσϐυτερίου
3507 2342 3551 2374 ⁶⁰
3606 2342 3811 2412 βαθμὸν

544 2440 676 2479 vero
697 2428 1154 2485 sceleratissimus
1202 2431 1519 2501 Lampetius
1570 2432 1771 2488 librum
1833 2435 2123 2505 quemdam

2224 2430 2490 2499 ἐτύγχανε
2538 2429 2941 2501 προενηνοχώς.
2988 2425 3156 2496 Οὗτος
3214 2432 3272 2486 δέ
3319 2434 3347 2486 ὁ
3401 2433 3813 2504 τρισαλιτήριος

545 2519 867 2585 composuit,
898 2535 1058 2588 quem
1094 2525 1491 2577 Testamentum
1521 2525 1840 2589 nominavit,
1905 2526 1992 2581 cui
2026 2528 2127 2581 im-

2225 2519 2539 2589 Λαμπέτιος
2569 2520 2665 2573 καὶ
2700 2520 2861 2589 λόγον
2888 2520 3011 2573 τινὰ
3044 2520 3363 2589 συνέθηκεν,
3384 2519 3443 2573 ὃν
3473 2520 3567 2574 καὶ
3600 2520 3816 2587 Διαθή·

547 2610 764 2675 pietatis
787 2625 898 2665 sua:
925 2611 1179 2683 dogmata
1200 2617 1446 2683 quaedam
1472 2617 1751 2686 inspersit,
1785 2634 1907 2673 eum
1927 2620 2124 2673 librum

2228 2628 2349 2680 κην
2382 2612 2742 2678 ἐπεκάλεσεν,
2777 2606 2890 2684 ἐνῇ
2920 2613 3013 2665 καί
3040 2614 3218 2666 τινα⁶¹
3248 2614 3345 2684 τῆς
3375 2611 3699 2675 δυσσεϐείας
3724 2612 3816 2666 αὑ-

553 2703 809 2767 Severus,
841 2704 930 2772 qui
964 2706 1359 2761 Antiochenam
1387 2709 1583 2764 invasit
1612 2711 1816 2773 sedem,
1848 2712 2127 2781 presbyter

2226 2704 2321 2760 τοῦ
2345 2706 2674 2778 ἐνέσπαρται
2696 2724 2710 2738 ο
2738 2707 2804 2778 ἥν
2834 2708 2928 2760 καὶ
2953 2706 3191 2777 Σεϐῆρος
3214 2707 3257 2738 ⁶²
3289 2709 3316 2760 ὁ
3349 2707 3440 2760 τὸν
3482 2707 3816 2777 Ἀντιοχικὸν

546 2794 714 2846 etiam
748 2798 1019 2851 exsistens
1043 2796 1323 2857 refutavit.
1379 2802 1614 2869 Alpheus
1651 2812 1832 2857 tamen
1886 2805 2123 2873 quidam,

2229 2798 2418 2867 θρόνον
2448 2798 2728 2862 ὑπεισδὺς,
2758 2798 2839 2852 ἔτι
2885 2798 3274 2870 πρεσϐυτέρων
3315 2799 3527 2871 ἐπέχων
3558 2799 3722 2865 τάξιν
3752 2800 3816 2861 ⁸³,

546 2884 1045 2942 Rhinocorurorum
1101 2891 1427 2960 episcopus,
1480 2892 1820 2963 Lampetium
1870 2895 2128 2965 Apologia

2231 2889 2544 2961 ἀνέτρεψεν.
2591 2890 2840 2959 Ἀλφειὸς
2875 2892 2921 2924 ⁸⁸
2954 2891 3136 2961 μέντοι
3176 2909 3260 2956 τις
3299 2891 3597 2957 ἐπίσκοπος
3638 2892 3822 2946 Ῥινο-

546 2974 811 3038 defendit,
844 2981 998 3047 quasi
1038 2981 1167 3035 nihil
1197 2998 1409 3048 eorum,
1467 2984 1535 3038 de
1579 2986 1776 3053 quibus
1836 3002 2126 3043 accusare-

2229 2982 2511 3052 κορούρων
2541 2983 2587 3015 ⁸⁵
2621 2982 3115 3054 ὑπεραπολογεῖται
3164 2983 3481 3054 Λαμπετίου
3515 2983 3591 3047 ὡς
3645 2983 3820 3054 μηδὲν

547 3075 655 3131 tur,
678 3066 1036 3134 autdixisset,
1072 3082 1161 3124 aut
1201 3071 1439 3127 fecisset.
1486 3074 1599 3128 Etsi
1646 3085 1825 3129 autem
1875 3077 1927 3129 in
1979 3077 2128 3132 edito

550 3158 777 3178 ΜΛΝ
823 3175 840 3178 _
885 3175 930 3178 η
968 3161 1070 3178 ,
1142 3164 1247 3178 ...
1393 3164 1456 3178 .-
1590 3166 1681 3178 ....
1893 3176 1900 3178 μ

2231 3067 2305 3127 ὧν
2334 3074 2596 3146 ἐνεκλήθη
2627 3073 2659 3145 ἢ
2698 3075 2943 3138 είπόντος
2968 3074 3000 3145 ἢ
3034 3076 3363 3144 ποιήσαντος
3384 3088 3399 3104 ⁰
3439 3075 3743 3143 ἐκθέμενος
3768 3074 3822 3131 δδ

545 3158 780 3224 quodam
819 3175 845 3212 a
879 3175 939 3215 se
968 3161 1110 3217 libro
1130 3164 1368 3233 Alpheus
1391 3164 1495 3220 iste
1551 3166 1708 3231 nihil,
1736 3176 1998 3237 quantum
2021 3184 2113 3223 co-

2232 3165 2329 3218 καὶ
2357 3165 2516 3235 λόγον
2558 3166 2680 3219 τινὰ
2707 3165 2859 3219 οὐδὲν
2908 3168 2967 3219 ἐν
3006 3165 3181 3237 αὐτῷ,
3216 3167 3342 3220 ὅσον
3395 3165 3510 3220 ἔστι
3559 3166 3818 3233 συνιδεῖν,

547 3265 831 3317 guoscere
883 3252 1033 3323 licq',
1079 3256 1461 3322 calumniatur,
1497 3260 1748 3315 abdicare
1778 3261 2131 3318 nihilominus

2236 3256 2583 3329 βλασφημεῖ·
2629 3255 2910 3329 καθῃρέθη
2941 3257 3124 3327 μέντοι
3160 3273 3222 3325 γε
3265 3256 3341 3321 ὡς
3388 3256 3457 3310 τά
3498 3257 3821 3327 Λαμπετίου

548 3352 802 3411 tanquam
835 3348 1078 3403 sentiens
1102 3363 1222 3401 cum
1252 3348 1551 3421 Lampetio,
1584 3362 1806 3408 coactus
1830 3364 1935 3408 est.
1970 3354 2122 3410 Alter

2235 3351 2468 3421 φρονῶν.
2503 3348 2612 3403 Καὶ
2659 3345 2909 3419 ’Ἀλφειὸς
2952 3349 3011 3403 δέ
3064 3367 3148 3413 τις
3196 3348 3376 3415 ἄλλος,
3406 3348 3706 3419 ὁμώνυμος
3748 3350 3824 3419 τῷ

544 3433 812 3499 Alpheus,
890 3438 1208 3506 praeceptori
1298 3441 1666 3509 cognominis,
1753 3458 1780 3496 a
1840 3442 2133 3500 Timotheo

2234 3443 2542 3511 καθηγητῇ,
2576 3442 2973 3513 χειροτονηθεὶς
3006 3440 3379 3515 πρεσϐύτερος
3414 3440 3519 3495 ὑπὸ
3552 3441 3825 3511 Τιμοθέου

544 3524 914 3580 Alexandrino
946 3528 1233 3599 presbyter
1254 3532 1561 3597 ordinatus,
1592 3533 1661 3586 ob
1689 3535 1934 3589 eamdem
1964 3536 2135 3590 luere-

2239 3534 2330 3588 τοῦ
2360 3534 2771 3606 Ἀλεξανδρείας
2799 3535 2867 3600 ⁸⁸,
2902 3534 2993 3588 διὰ
3019 3535 3119 3607 τὴν
3164 3535 3334 3604 αὐτὴν
3361 3532 3642 3606 καθῃρέθη
3682 3532 3830 3606 αἰρε-

551 3620 654 3672 situ
704 3620 1077 3687 submovetur,
1143 3631 1202 3676 ut
1251 3622 1551 3689 Ptolomaei,
1623 3625 2133 3681 Rhinocorurorum

2239 3643 2343 3693 σιν,
2376 3625 2451 3689 ὡς
2475 3627 2509 3697 ἡ
2532 3624 2627 3679 τοῦ
2654 3625 2991 3697 Πτολεμαίου
3015 3624 3109 3681 τοῦ
3149 3624 3573 3697 Ῥινοκορούρων
3598 3624 3830 3679 ἐπισκόο

546 3725 765 3779 quoque
791 3710 1058 3781 episcopi,
1088 3715 1155 3768 ad
1176 3716 1427 3770 eumdem
1453 3716 1629 3786 ipsum
1672 3716 2017 3773 Timotheum
2049 3733 2137 3774 re-

2240 3735 2341 3773 που
2393 3718 2531 3788 πρὸς
2583 3715 2852 3788 Τιμόθεον
2894 3718 2987 3772 τὸν
3051 3717 3453 3791 προειρημένον
3511 3710 3831 3772 ἐκδιδάσκει

546 3801 678 3854 latio
717 3810 981 3857 testatur.

916 3819 981 3857 Ir.
2236 3811 2507 3882 ἀναφορὰ.

1274 3897 1411 3957 LIII.
2984 3902 3112 3956 NI".

549 3981 795 4053 Synodus
823 3983 1257 4065 Carthagiuensis
1301 4000 1348 4043 et
1382 3989 1591 4065 Scripta
1639 3994 1882 4059 qumdam
1933 4008 2122 4050 contra

2243 3995 2504 4062 Σύνοδυς
2533 3994 2685 4050 κατὰ
2717 3995 3017 4065 Heia-r102)
3065 3993 3163 4048 καὶ
3185 3992 3531 4065 ,Κελεστίου
3561 3991 3633 4046 ἐν
3659 3995 3834 4063 Καρ-

925 4056 1226 4126 Pelagium,
1265 4070 1420 4130 atque
1455 4056 1765 4119 Gelestium.
2480 4056 2495 4062 ’

1721 4081 1765 4119 rt.
2480 4056 2495 4062 ’
2751 4056 2975 4135 darem]
3004 4063 3312 4121 συστᾶσα.

618 4134 817 4203 Lectus
837 4148 990 4214 liber,
1018 4165 1110 4205 seu
1139 4149 1381 4222 Synodus
1398 4158 1649 4209 adversus
1666 4156 1940 4226 Pelagium
1957 4169 2006 4212 et
2025 4158 2132 4212 Ce-

2307 4157 2649 4228 Ἀνεγνὼσθη
2674 4134 2880 4225 βιϐλίον
2899 4159 2933 4229 ἡ
2971 4157 3133 4212 Κατὰ
3164 4158 3465 4226 Πελαγίου
3495 4158 3598 4212 καὶ
3638 4161 3835 4214 Κελε-

550 4242 737 4294 Iestum
765 4241 898 4312 (86),
932 4243 1267 4313 Carthagine
1312 4249 1364 4301 in
1396 4262 1604 4302 summa
1633 4250 1748 4304 aede
1781 4250 1988 4315 habita,
2027 4251 2137 4305 Ilo-

2248 4248 2412 4303 στίου
2426 4249 2469 4281 ⁸⁷
2483 4250 2749 4315 σύνοδος
2765 4252 2823 4303 ἐν
2837 4249 3169 4321 Καρθαγένῃ
3190 4251 3433 4303 συστᾶσα
3447 4251 3505 4302 ἐν
3525 4252 3590 4321 τῇ
3613 4250 3839 4322 μεγάλῃ

551 4336 706 4388 norio
720 4334 899 4391 Felice
918 4335 1229 4393 Occidentis
1250 4339 1464 4407 imperii
1500 4340 1712 4394 clavum
1735 4350 1975 4396 tenente.
1998 4342 2137 4413 15a

2249 4340 2507 4410 ἐκκλησίᾳ
2553 4340 2799 4395 Φαύστου
2841 4342 3101 4413 Ὀνωρίου
3132 4343 3195 4395 τὸ
3230 4342 3330 4413 τῆς
3374 4342 3634 4412 ἑσπερίου
3675 4342 3840 4414 βασι-

554 4426 817 4484 Przesedit
868 4431 920 4484 in
977 4446 1039 4484 ea
1091 4431 1342 4486 Aurelius
1398 4434 1709 4502 episcopus,
1772 4444 1826 4488 et
1878 4435 2135 4490 Dotianus

2253 4434 2390 4497 tela;
2441 4434 2804 4506 φρουροῦντος
2844 4434 3097 4506 ἀξίωμα*
3135 4435 3333 4507 ἐξῆρχε
3374 4435 3433 4489 δὲ
3474 4434 3692 4507 ταύτης
3740 4437 3844 4507 τῆς

551 4519 806 4575 Ptentesii
847 4523 1034 4590 primae
1065 4523 1209 4577 sedis
1240 4522 1544 4593 Byzacetm
1568 4524 1860 4591 provincia:
1888 4540 1901 4576 :
1942 4525 2138 4592 quibus

2255 4526 2460 4579 ruv680u
2502 4526 2773 4599 Αὐρήλιος
2800 4527 2845 4560 ⁸⁸
2868 4527 3170 4592 ἐπίσκοπος
3218 4529 3312 4581 καὶ
3351 4528 3605 4592 Δοτιανὸς
3641 4530 3692 4562 θ’
3733 4527 3846 4583 Τε-

557 4610 850 4665 adfnerunt
878 4614 1045 4667 variis
1081 4629 1111 4669 e
1143 4616 1444 4683 provinciis
1474 4616 1784 4671 sacerdotio
1818 4626 2137 4687 praestantes

2259 4619 2561 4673 ττεντεσίου
2592 4620 2640 4653 ⁷³
2672 4620 2767 4673 τοῦ
2802 4619 3021 4691 πρώτου
3049 4619 3242 4692 θρόνου
3264 4621 3307 4651 ⁷¹
3349 4619 3619 4692 ἐπαρχίας
3658 4621 3850 4684 Βυζα-

549 4702 680 4765 viri,
711 4716 935 4757 numero
961 4704 1178 4759 ducenti
1201 4716 1437 4774 quatuor
1458 4718 1513 4761 et
1541 4707 1754 4777 viginti.

2256 4712 2428 4782 ιηνῆς.
2446 4706 2528 4776 οἷς
2546 4712 2873 4784 συνήδρευον
2892 4713 2957 4766 ἐκ
2977 4712 3251 4783 διαφόρων
3278 4712 3558 4783 ἐπαρχιῶν
3573 4713 3620 4743 ⁷²
3638 4712 3847 4784 ἄνδρες

624 4794 854 4847 Damnat
892 4795 1007 4849 haec
1039 4798 1277 4867 synodus
1302 4799 1653 4854 anathemate
1695 4813 1814 4864 eos,
1869 4800 2136 4870 quiasse-

1922 4800 1960 4854 ,ιί
1982 4815 2136 4856 asse-
2236 4804 2633 4871 διαπρέποντες
2663 4804 2929 4877 ἱερωσύνῃ
2952 4825 2980 4867 ,ι
2998 4805 3091 4858 τὸν
3116 4804 3347 4875 ἀριθμὸν
3384 4810 3513 4858 σκε’.

551 4891 737 4938 ret-ent
768 4884 880 4953 (87)
918 4887 1186 4941 Adamum
1216 4890 1501 4945 mortalem
1528 4906 1648 4946 esse
1676 4892 1977 4957 conditum,
2026 4908 2133 4946 non

2315 4892 2468 4962 Αὕτη
2498 4895 2532 4963 ἡ
2562 4892 2781 4958 σύνοδος
2806 4896 2929 4957 τοὺς
2963 4894 3160 4966 θνητὸν
3203 4894 3511 4963 πλασθῆναι
3533 4894 3629 4948 τὸν
3658 4892 3804 4948 Ἀδὰ
3815 4913 3853 4963 μ

552 4988 731 5031 auth
765 4981 1226 5048 praevaricationis
1261 4998 1451 5049 causa,
1489 4992 1664 5040 morte
1703 4984 2011 5039 multatmn.
2048 4984 2136 5039 Si-

2264 4983 2510 5052 ιέγοντας
2541 4982 2634 5053 ut
2660 4982 2755 5055 IL]
2788 4982 2922 5036 ἀλλὰ
2960 4984 3035 5055 μὴ
3069 4987 3136 5039 ἐκ
3183 4985 3548 5057 παραϐάσεως
3595 4986 3779 5041 τοῦτο
3806 4988 3855 5021 ⁷⁸

551 5071 752 5126 Iniliter
783 5081 838 5126 et
866 5087 962 5128 eos
1005 5074 1096 5143 qui
1130 5088 1318 5131 recens
1356 5086 1514 5132 natos
1558 5076 1795 5133 infantes
1826 5078 2133 5147 'baptismo

2265 5074 2712 5145 ιαταδικασθῆναι
2767 5075 3201 5149 ἀναθεματίζειο
3263 5077 3525 5145 ὡσαύτως
3575 5079 3723 5145 τοὺς
3786 5082 3856 5133 τὰ

1847 5191 2082 5246 VARIIE
2117 5186 2521 5245 LECTIONES.

621 5280 667 5358 ξε
698 5280 1094 5358 ἐλθόντων-ᾼη-
1126 5285 1546 5358 ’θμάρξαμένους
1572 5288 1650 5358 A.
1715 5287 1760 5319 ⁸⁸
1790 5288 2167 5358 πρεσϐυτέρου
2195 5304 2257 5358 ς’.
2368 5284 2413 5358 (Ϊί
2453 5300 2579 5358 τίνα
2641 5282 2900 5358 τῶν-τῆς
2931 5302 3018 5358 ςς
3059 5286 3131 5358 θ’
3157 5284 3394 5358 ρευῇρρς
3464 5301 3527 5358 ς-
3601 5284 3658 5358 ῗξ
3688 5284 3861 5358 τάξιν

552 5352 765 5429 ἐπέχων
816 5371 890 5429 ς.
954 5354 999 5429 ξι
1030 5352 1457 5429 ρλφιδςἈέείε
1487 5368 1542 5412 et
1574 5357 1738 5413 infra.
1815 5352 1858 5391 ⁸⁸
1897 5352 2333 5429 ρινοκόυρούρων
2358 5355 2653 5429 A._sic__et
2700 5352 2866 5411 infra.
2948 5357 3024 5429 _“
3047 5352 3424 5429 ἀλεξανδρέως
3465 5354 3529 5407 A.
3605 5354 3658 5429 ’ἶ
3684 5356 3862 5408 κελε-

555 5422 670 5499 σίου
848 5423 1157 5499 “pupillo;
1187 5427 1227 5478 A
1263 5426 1537 5499 ;ἀϐρίλιος
1593 5446 1656 5492 ς.
1734 5429 1778 5461 ‘9
1810 5422 2392 5499 Aoftaqu}13td:rtvoc
2420 5426 2489 5499 ΑΖ
2560 5427 2607 5499 ξ¹⁰
2636 5427 3124 5499 τᾼεπτεντεοξίουΑι
3165 5425 3260 5499 τοῦ
3285 5422 3346 5479 τε
3386 5424 3735 5499 πτεντεεςίου
3792 5444 3861 5489 ς.

556 5490 595 5522 ἰ
631 5490 850 5563 πρώτου
890 5490 1106 5567 θρόνου]
1135 5490 1517 5568 πρωτοθρόνου
1553 5490 1697 5553 corr.
1726 5500 1793 5553 Α..
1834 5500 1884 5531 τί
1914 5490 2184 5569 ἐπαρχίας
2213 5495 2621 5567 βυζακηνῆςΑι
2659 5494 2985 5569 Βυξακηνῆς
3018 5497 3292 5567 ἐπαρχίας
3340 5513 3402 5560 ς.
3444 5495 3492 5527 ⁷⁸
3521 5493 3731 5548 τοῦτον
3794 5514 3862 5560 ς.

2074 5590 2307 5648 NOTAE.

631 5678 744 5763 (βο)
776 5680 941 5750 Cujus
961 5681 1179 5763 epistgl‘.
1202 5684 1514 5754 synodalem
1548 5686 1718 5745 habes
1747 5699 1785 5747 t.
1814 5688 1856 5744 Il
1888 5688 2127 5762 Operum
2239 5688 2426 5763 _7(87)
2461 5688 2636 5763 Quam
2688 5689 3021 5763 sententiam
3056 5687 3574 5763 qumquejfnuisse
3622 5685 3864 5744 dicetur

560 5748 622 5803 Ι).
646 5748 875 5821 August.
904 5748 1063 5821 epiSt.
1097 5754 1186 5808 90.
1230 5748 1247 5754 ⁷
1938 5748 1953 5762 ’
2238 5748 2553 5816 Theodorus
2581 5760 2960 5817 Autiochcnus
2995 5748 3092 5815 inf.
3115 5748 3236 5817 cod.
3270 5758 3389 5815 ΓΠ.
