4030 6474
338 319 407 381 93
1378 320 1905 385 BIBLIOTHECA.
1933 352 2003 361 —
2039 326 2257 389 CODD.
2301 328 2621 393 LIII-LIV.
3561 338 3632 403 94

341 436 508 505 βρὲῖδη
544 434 619 487 τὰ
679 432 959 504 ἀρτίτοκα
1003 432 1080 503 μὴ
1132 434 1324 505 χρείαν
1371 434 1516 504 ἔχειν
1564 435 1940 505 βαπτίσματος

2048 439 2272 494 minime
2300 440 2543 509 indigere
2577 443 2843 506 dicerent,
2902 443 3046 512 quod
3079 444 3197 501 illos
3227 457 3449 516 peccato
3467 453 3633 522 origi-

339 530 423 584 διὰ
456 529 518 581 τὸ
545 527 625 596 μὴ
674 526 871 579 ἕλκειν
909 526 1051 581 αὐτὰ
1082 526 1413 598 προγονικὴν
1448 528 1724 600 ἁμαρτίαν
1762 528 1860 596 τὴν
1887 528 1945 592 ἐξ

344 622 505 689 Ἀδὰμ
530 618 969 688 ἁναθεματίζει.
1005 619 1115 673 Καὶ
1140 621 1267 682 τοὺς
1294 620 1556 688 λέγοντας
1586 621 1753 691 μέσον
1780 623 1946 674 τόπον

344 714 610 775 κολάσεως
642 712 746 765 καὶ
790 713 1153 782 παραδείσου,
1185 714 1267 778 είς
1298 713 1357 767 ὃν
1388 715 1484 767 καὶ
1520 713 1589 768 τὰ
1633 714 1946 768 ἀϐάπτιστα

347 807 523 877 βρέφη
557 804 977 874 μετατιθέμενα
1003 805 1103 877 ζῇν
1136 806 1443 877 μακαρίως,
1475 806 1570 859 καὶ
1598 806 1820 869 τούτους
1852 803 1946 859 οὖν

348 900 751 970 ἁναθεματίζει.
784 900 919 953 Ἔτι
948 899 1006 952 δὲ
1032 901 1128 953 καὶ
1150 899 1315 971 ἕτερα
1337 900 1395 965 ἒξ
1419 899 1811 969 ἁναθεματίζει
1838 916 1946 953 πα-

362 994 633 1065 ραπλήσια
669 990 889 1055 τούτοις
932 992 1227 1059 κεφάλαια,
1254 992 1290 1047 ἆ
1330 996 1441 1058 τοῖς
1489 993 1946 1061 Πελαγιανισταῖς

369 1087 467 1140 καὶ
489 1085 858 1148 Κελεστιανοῖς
890 1084 1278 1153 πρεσϐεύεται.

447 1176 661 1246 Ἕτρτᾲε
690 1176 750 1228 δὲ
803 1175 905 1230 καὶ
938 1176 1221 1241 Θεοδόσιος
1250 1178 1347 1230 καὶ
1387 1176 1643 1248 Ὃνὼριος
1687 1179 1735 1231 oi
1768 1178 1943 1249 ’βασι-

378 1272 473 1330 Zzi;
503 1269 628 1336 πρὸς
678 1268 963 1338 Αὖρήλιον
991 1269 1036 1299 ⁷⁸
1065 1270 1368 1322 ἐπίσκοπον
1411 1269 1552 1323 κατὰ
1583 1270 1691 1323 τῶν
1735 1272 1940 1328 αὐτῶν.

378 1360 593 1430 Ἔτραῴε
637 1362 779 1429 μετὰ
817 1362 865 1392 ⁷⁵
890 1359 1067 1413 ταῦτα
1093 1361 1190 1413 καὶ
1223 1362 1636 1424 Κωνσταντῖνος
1681 1362 1707 1412 ὁ
1736 1362 1944 1415 Πλακι-

361 1456 466 1516 ὅίας
486 1454 641 1524 ἀνὴρ,
669 1452 1128 1507 Οὐαλεντινιανοῦ
1153 1454 1209 1506 δὲ
1235 1453 1327 1506 τοῦ
1355 1452 1553 1525 μικροῦ
1578 1454 1779 1523 πατὴρ,
1813 1455 1945 1525 περὶ

357 1547 443 1601 τοῦ
469 1547 822 1615 ἐξορισθῆναι
855 1546 1152 1599 Κελέστιον
1190 1548 1284 1599 τὸν
1314 1546 1620 1616 αἱρετικόν·
1654 1546 1862 1616 ἔγραψε
1887 1547 1944 1600 δὲ

356 1641 448 1710 τὴν
498 1638 618 1692 κατ’
644 1639 823 1692 αὐτοῦ
855 1639 1041 1709 ψῆφον
1075 1641 1212 1708 πρὸς
1257 1637 1614 1691 Οὐολοσιανδν
1635 1639 1682 1670 ⁷⁸
1724 1637 1818 1709 [20
1851 1637 1940 1712 Η.]

357 1734 576 1802 ἔπαρχον
620 1733 862 1796 πόλεως.
901 1731 1149 1801 Ἔγραψε
1203 1731 1261 1783 δὲ
1312 1732 1405 1785 καὶ
1434 1731 1588 1786 Λέων
1640 1734 1668 1784 ὁ
1722 1729 1939 1800 Ῥώμης

2051 530 2134 584 nis
2164 545 2227 584 ex
2259 532 2469 587 Adamo
2506 548 2612 587 non
2638 543 2894 604 putarent
2932 536 3218 595 obnoxios.
3276 541 3378 595 Eos
3415 557 3631 614 quoque

2047 622 2140 693 qui
2172 621 2528 691 aﬂirmarent,
2561 626 2737 681 medio
2765 628 2997 696 quodam
3034 630 3153 684 loco
3197 633 3504 700 paradisum
3542 638 3628 690 in-

2050 724 2132 769 ter
2152 724 2208 769 et
2243 715 2451 772 inferos
2482 734 2587 773 non
2617 720 2927 790 baptizatos
2972 724 3208 782 infantes
3242 728 3398 783 beate
3426 731 3627 786 vivere.

2048 807 2155 863 Sex
2179 809 2306 864 item
2327 810 2434 867 alia
2468 813 2554 868 his
2576 813 2754 868 aﬂinia
2787 818 2985 887 capita,
3046 835 3165 888 qum
3193 836 3221 874 a
3253 820 3629 893 Pelagianistis

2047 912 2101 956 et
2127 902 2455 960 Celestianis
2492 908 2802 976 traduntur,
2846 908 3213 968 ’anathemate
3246 926 3431 984 patres
3466 916 3630 987 jugu-

2046 997 2182 1051 lant.

2074 1228 2079 1239 μ
2119 1179 2469 1251 Scripsernnt
2499 1195 2627 1239 vero
2660 1192 2715 1237 et
2745 1183 3103 1251 Theodosius,
3132 1192 3185 1240 et
3226 1184 3498 1241 Honorius
3524 1188 3630 1242 im-

2048 1282 2333 1341 peratores
2375 1284 2568 1329 contra
2636 1276 2855 1330 eosdem
2899 1279 3184 1334 hazreticos
3228 1281 3293 1334 ad
3350 1281 3629 1336 Aurelium

2047 1364 2383 1434 episcopum.
2447 1365 2578 1420 Post
2634 1367 2751 1422 bare
2795 1371 2959 1424 etiam
3015 1370 3405 1428 Constantinus
3487 1373 3625 1445 (88),

2046 1454 2303 1511 Placidiae
2367 1457 2586 1527 conjux,
2628 1455 2995 1513 Valentiniani
3060 1460 3285 1517 minoris
3328 1471 3503 1530 pater,
3566 1465 3634 1518 de

2046 1551 2283 1607 Celestio
2309 1551 2571 1606 hmretico
2603 1551 2658 1606 in
2686 1551 2939 1606 exsilium
2968 1552 3220 1620 pellendo
3251 1556 3473 1625 scripsit
3518 1556 3630 1626 (89)

2047 1643 2324 1697 decretum
2367 1644 2434 1697 ad
2468 1644 2817 1699 Volusianum
2841 1647 2992 1699 urbis
3010 1646 3347 1715 praefectum.
3380 1648 3481 1715 Qui
3507 1650 3633 1719 qui-

2047 1733 2167 1787 dem
2201 1734 2549 1798 Volusianus,
2581 1746 2786 1790 sanctae
2810 1735 2926 1806 (90)
2975 1735 3196 1791 Helenae
3227 1750 3472 1806 patruus,
3506 1755 3629 1794 cum

358 1827 475 1895 πρὶ
496 1824 601 1876 τῶν
632 1824 1092 1894 ἐπιστρεφόντων
1124 1824 1587 1893 Πελαγιανιστῶν,
1620 1824 1768 1889 ὅπως
1792 1824 1939 1893 ὀφεί-

2048 1825 2300 1891 gentibus
2322 1826 2537 1893 quidem
2564 1836 2691 1881 tunc
2712 1829 2981 1883 sentiebat
3015 1846 3029 1883 :
3067 1839 3123 1883 at
3167 1831 3292 1883 dum
3330 1846 3453 1885 eum
3482 1847 3629 1888 mors

351 1915 523 1968 λουσιν
544 1915 990 1985 ἐπιστρέφοντες
1018 1915 1297 1985 δεχθῆναι,
1323 1916 1404 1967 ὅτι
1435 1915 1730 1986 ἐγγράφως
1761 1914 1941 1968 αὐτῶν

355 2007 416 2059 τὸ
438 2007 677 2076 φρόνημα
713 2007 1248 2077 ἁναθεματίζοντες.
1286 2006 1447 2061 Ἀλλὰ
1477 2009 1571 2060 καὶ
1614 2008 1672 2059 ὲν
1703 2009 1768 2078 τῇ
1806 2007 1943 2078 πρὸς

366 2101 635 2169 Νεστόριον
678 2101 1028 2155 Κελεστίνου
1080 2100 1175 2155 τοῦ
1222 2102 1520 2155 ἐπισκόπου
1560 2100 1782 2173 Ῥώμης
1823 2102 1945 2155 ἐπι-

368 2194 504 2264 στολῇ
533 2196 560 2262 ἡ
593 2194 716 2246 κατ’
746 2194 947 2247 αὐτῶν
975 2193 1218 2261 ἔγκειται
1261 2192 1504 2265 διαϐολή.
1548 2193 1796 2265 Ἔγραψε
1824 2194 1882 2247 δὲ
1918 2196 1946 2247 ὁ

360 2288 502 2351 αὐτὸς
547 2290 666 2351 τοῖς
701 2289 768 2341 ὲν
806 2288 848 2340 Γ
851 2288 1066 2352 αλλίαις
1105 2288 1426 2352 ἐπισκόποις
1471 2287 1598 2357 περί
1626 2305 1687 2340 τε
1724 2288 1824 2359 τῆς
1850 2287 1944 2341 τοῦ

352 2382 493 2449 ἁγίου
522 2383 914 2450 Δύγουστίνου
944 2382 1179 2445 πίστεως
1204 2383 1297 2434 καὶ
1323 2380 1464 2434 κατὰ
1485 2380 1595 2433 τῶν
1621 2380 1943 2443 ἀλαζονευο-

350 2476 515 2542 μένων
550 2476 649 2528 ἐπὶ
670 2478 739 2546 τῇ
774 2475 881 2545 τῆς
914 2475 1179 2545 αἱρέσεως
1202 2474 1442 2543 ἐξουσίᾳ.
1482 2473 1731 2544 Ἔγραψε
1761 2473 1820 2526 δὲ
1843 2473 1941 2527 καὶ

356 2569 676 2638 Ἱερώνυμος
731 2567 1119 2639 πρεσϐύτερος
1180 2568 1317 2638 πρὸς
1365 2568 1735 2637 Κτησιφῶντα
1800 2568 1943 2621 κατὰ

344 2662 443 2713 τῶν
471 2662 756 2730 λεγόντων
804 2661 1080 2715 ἀπάθειαν
1110 2662 1229 2732 ἦτοι
1262 2661 1405 2714 κατὰ
1446 2660 1735 2727 Πελαγίου,
1771 2654 1943 2722 Οὗτος

343 2757 393 2808 δὲ
420 2759 447 2808 ὁ
475 2757 760 2825 Πελάγιος
794 2756 1028 2828 μοναχδς
1070 2751 1159 2826 ἦν,
1194 2753 1442 2826 μαθητὴν
1486 2754 1829 2824 κτησάμενος
1850 2752 1942 2805 τὸν

342 2849 658 2902 Κελέστιον.

2048 1926 2286 1988 legatum
2325 1917 2799 1989 Constantinopoli
2825 1922 3390 1989 agenteminvaderet,
3428 1924 3494 1977 ad
3537 1940 3629 1977 or-

2050 2011 2267 2065 thoxam
2300 2010 2459 2065 ﬁdem
2493 2012 2729 2075 transiit,
2758 2014 3174 2083 baptizatusque
3195 2025 3280 2069 est
3302 2032 3330 2069 a
3357 2016 3416 2069 Β.
3435 2015 3629 2071 Proclo

2048 2102 2667 2173 Constantinopolitano.
2698 2103 2817 2171 Quo
2849 2106 2977 2159 item
3010 2115 3255 2175 tempore
3312 2107 3459 2160 illam
3501 2123 3629 2161 san-

2050 2207 2195 2251 ctam
2231 2196 2511 2251 mulierem
2553 2196 2690 2251 forte
2719 2198 2991 2261 convenit,
3022 2214 3143 2253 cum
3172 2199 3285 2268 ipsa
3314 2200 3628 2270 Hierosoly-

2050 2292 2155 2345 mis
2193 2289 2245 2344 in
2270 2290 2474 2360 regiam
2515 2290 2701 2345 urbem
2750 2291 3082 2345 advenisset.
3138 2291 3373 2362 Scripsit
3417 2303 3473 2348 et
3511 2293 3630 2348 Leo

2048 2382 2422 2437 Romanorum
2446 2382 2603 2438 Pont.
2638 2382 2703 2437 de
2733 2381 3111 2451 Pelagianistis
3136 2385 3434 2448 conversis,
3459 2401 3627 2453 opor-

2048 2483 2186 2542 tere,
2220 2476 2265 2531 si
2295 2474 2408 2544 jam
2437 2477 2729 2531 redeuntes
2752 2475 2921 2545 recipi
2954 2476 3143 2539 velint,
3178 2476 3399 2545 scriptis
3424 2476 3624 2531 tabulis

2048 2584 2293 2624 errorem
2332 2584 2490 2624 suum
2518 2568 2799 2623 detestari.
2831 2569 2886 2622 In
2941 2569 3172 2637 epistola
3205 2584 3421 2639 quoque
3471 2569 3630 2624 Cele-

2048 2662 2175 2717 stini
2205 2662 2433 2716 Roman.
2468 2659 2748 2715 Pontiﬁcis
2779 2661 2845 2715 ad
2889 2659 3222 2726 Nestorium,
3254 2661 3413 2715 iidem
3457 2665 3631 2715 haere-

2050 2754 2141 2809 tici
2177 2753 2666 2822 reprehenduntur.
2702 2753 2937 2822 Scripsit
2978 2751 3121 2806 idem
3149 2764 3204 2807 et
3233 2753 3297 2806 ad
3334 2752 3627 2807 Galliarum

2046 2846 2333 2916 episcopos
2368 2847 2435 2901 de
2476 2847 2579 2901 ﬁde
2634 2845 2697 2899 Β.
2736 2846 3053 2915 Augustini,
3086 2855 3142 2900 et
3173 2854 3363 2900 contra
3392 2860 3508 2912 eos,
3535 2847 3630 2915 qui

340 2940 560 2996 Ιιειττξείδ
595 2940 833 2995 licentia
869 2941 1033 2995 nimis
1063 2941 1192 2996 elati
1233 2939 1644 2995 insolescerent.
1673 2937 1909 3008 Scripsit
1940 2938 2106 2995 etiam
2140 2939 2510 3011 Hieronymus
2540 2942 2831 3011 presbyter
2904 2940 2969 2994 ad
3018 2938 3426 3008 Ctesiphontem
3489 2953 3628 2993 cou-

339 3041 411 3083 tra
475 3043 817 3087 asserentes
875 3034 1145 3087 ἀπάθειαν
1208 3033 1297 3104 (id
1356 3040 1442 3087 est
1528 3030 2020 3101 impassibilitatcm
2083 3031 2194 3102 (91)
2246 3030 2330 3085 vel
2384 3032 2962 3102 imperturbationem)
3029 3045 3128 3085 seu
3190 3037 3381 3085 contra
3460 3029 3623 3086 Pe|a~-

337 3127 495 3193 sium.
562 3126 675 3182 Hic
717 3138 905 3181 autem
939 3127 1202 3198 [Pelagius
1239 3128 1533 3183 monachus
1563 3125 1687 3194 fuit,
1743 3124 2041 3181 Celestium
2072 3125 2396 3195 discipulum
2421 3137 2633 3181 nactus.

1081 3222 1203 3278 ΝΔΙ.

347 3321 551 3390 Ἑτέρα
583 3318 869 3385 σύνοδος
899 3317 1052 3390 κατᾲ
1076 3316 1188 3385 τῆς
1220 3314 1601 3390 Πελαγιανῆς
1625 3314 1942 3386 eratﬁlius-

845 3388 1102 3457 στιανῆς
1140 3387 1420 3457 αἱρέσεως
1432 3425 1447 3439 .

402 3483 772 3553 ’Δνεγνώσειη
796 3484 954 3538 Κατὰ
974 3480 1085 3548 τῆς
1116 3478 1494 3548 Ηελαγιανῆς
1507 3480 1606 3533 καὶ
1621 3483 1940 3535 Κελεστια-

337 3578 450 3645 γῆς
484 3578 810 3645 αΙρέσεως,
843 3568 905 3629 οὗ
934 3576 966 3645 ἡ
997 3573 1301 3645 ἐπιγραφὴ,
1336 3568 1481 3627 Ἴσα
1510 3572 1941 3642 πεπραγμένων

338 3671 393 3722 ἐν
429 3672 547 3732 τοῖς
577 3669 828 3730 δυτικοῖς
857 3666 1193 3735 ἐπισκόποις
1237 3664 1381 3717 κατὰ
1410 3663 1521 3716 τῶν
1553 3662 1941 3733 Νεστοριανῶν

340 3760 658 3827 ὼγμάτων.
715 3760 810 3811 Ἐν
854 3751 899 3825 ᾧ
947 3759 1260 3828 γέγραπται
1291 3754 1365 3819 ὼς
1405 3757 1437 3825 ἡ
1478 3753 1817 3823 Νεστοριανὴ
1848 3752 1941 3805 καὶ

343 3850 687 3919 Κεὶςεστιανὴ
722 3849 939 3919 αἵρεσις
966 3850 999 3918 ἡ
1033 3848 1170 3916 αὐτή
1216 3849 1353 3900 ἐστι.
1381 3848 1539 3915 Φέρει
1573 3846 1628 3898 δὲ
1664 3846 1760 3899 καὶ
1799 3845 1940 3915 μάρ-

341 3958 475 4011 τυρα
518 3941 802 4011 Κύριλλον
842 3940 935 3993 τὸν
980 3939 1424 4010 Ἀλεξανδρείας,
1478 3939 1761 4008 γράφοντα
1804 3936 1942 4007 πρὸς

353 4034 627 4088 Θειδόσιον
673 4034 777 4087 τὸν
812 4032 1038 4103 βασιλέα
1070 4033 1147 4095 ὡς
1196 4033 1230 4103 ἠ
1276 4032 1413 4104 αὐτή
1465 4032 1614 4084 ἐστιν
1658 4031 1874 4100 αἵρεσις
1906 4029 1941 4099 ή

355 4127 689 4197 Νεστοριανὴ
746 4129 814 4197 τῇ
867 4126 1228 4196 Κελεστιανῇ.
1270 4124 1443 4194 Δῆλον
1497 4123 1575 4186 δὲ,
1629 4124 1830 4193 φησίν·
1891 4125 1941 4178 οἱ

354 4216 443 4287 μὲν
485 4219 601 4287 γὰρ
653 4216 1013 4269 Κελεστιανοὶ
1053 4217 1181 4285 περὶ
1224 4214 1318 4269 τοῦ
1374 4214 1628 4282 σώματος
1676 4216 1796 4285 ἦτοι
1832 4213 1943 4268 τῶν

348 4309 521 4377 μελῶν
549 4308 653 4361 τοῦ
684 4309 953 4379 Χριστοῦ,
981 4309 1230 4361 τουτέστι
1264 4308 1365 4377 τῆς
1409 4306 1761 4379 Ἐκκλησίας,
1802 4308 1941 4359 ἀπο-

286 4452 301 4471 ,
346 4402 715 4469 θρασύνονται
741 4402 825 4453 ὅτι
853 4417 962 4471 περ
989 4401 1111 4471 οὐχὶ
1132 4401 1159 4453 ὁ
1181 4399 1334 4463 Θεὸς,
1357 4399 1606 4452 τουτέστι
1636 4399 1698 4452 τὸ
1716 4399 1942 4469 Πνεῦμα

342 4495 402 4546 τὸ
432 4497 618 4562 ἄγων,
664 4496 770 4563 τήν
796 4511 857 4547 τε
886 4494 1071 4547 πίστιν
1113 4493 1296 4556 αὐτοῖς
1336 4495 1429 4545 καὶ
1470 4494 1647 4547 πάντα
1697 4493 1766 4546 τὰ
1802 4492 1940 4561 πρὸς

2762 3222 2898 3280 LIV.

2046 3314 2339 3385 Exemplar
2369 3315 2627 3389 Actorum
2660 3316 2724 3369 ab
2769 3315 3071 3389 Occidentis
3128 3320 3383 3389 episcopis
3443 3330 3628 3374 contra

2402 3384 2775 3449 Nestorianos,
2818 3398 2864 3440 et
2899 3387 3236 3458 Pelagianos.

2111 3478 2306 3534 Lectus
2338 3491 2423 3533 εει
2449 3478 2586 3532 liber
2618 3477 2817 3532 Contra
2868 3478 3220 3549 Pelagianam
3276 3493 3322 3535 et
3362 3481 3622 3536 Celestia-

2044 3588 2167 3625 nam
2193 3571 2461 3634 heresim,
2490 3570 2642 3638 cujus
2668 3570 2782 3623 haec
2824 3570 3109 3638 inscriptio
3146 3589 3161 3625 :
3199 3571 3493 3639 Exemplar
3528 3576 3632 3629 Ac-

2046 3670 2217 3714 torum
2246 3658 2357 3729 (92)
2393 3658 2460 3712 ab
2496 3656 2805 3713 Occidentis
2836 3658 3104 3728 episcopis
3144 3661 3403 3714 adversus
3431 3660 3626 3716 Nesto-

2046 3752 2195 3806 riaua
2222 3752 2492 3820 dogmata.
2536 3749 2634 3803 llic
2652 3748 2819 3803 refert
2844 3751 3088 3805 eamdem
3111 3767 3231 3807 esse
3250 3751 3626 3807 Nestorianam

2044 3852 2098 3898 et
2135 3842 2493 3899 Celeslianam
2547 3844 2842 3897 haeresim:
2884 3852 3186 3912 testemque
3238 3844 3422 3899 laudat
3451 3846 3630 3916 Cyril-

2044 3936 2153 3991 lum
2214 3936 2643 3991 Alexandrinum
2697 3936 3033 4005 episcOpum,
3085 3935 3221 4008 ιω)
3261 3938 3329 3991 ad
3379 3937 3630 3992 Theodo-

2044 4029 2183 4083 sium
2252 4029 2381 4096 imp.
2437 4026 2816 4082 Nestorianam
2867 4037 2922 4082 et
2964 4026 3329 4082 Celestianam
3393 4029 3629 4083 haereses

2043 4122 2358 4191 conspirare
2384 4120 2735 4175 scribentem.
2776 4119 3001 4174 Planum
3056 4121 3107 4175 id
3144 4130 3252 4184 est,
3288 4120 3487 4189 inquit.
3524 4121 3628 4175 Ce-

2043 4213 2259 4269 lestiani
2283 4214 2427 4267 enim
2451 4214 2518 4267 de
2554 4228 2804 4282 corpore,
2838 4228 2937 4267 seu
2973 4211 3233 4267 membris
3263 4212 3487 4275 Christi.
3525 4214 3626 4267 hoc

2042 4316 2125 4362 est
2154 4307 2221 4361 de
2243 4305 2484 4361 Ecclesia
2519 4307 2831 4375 petulanter
2882 4304 2985 4360 ista
3022 4306 3275 4373 iactant:
3308 4322 3414 4360 non
3450 4307 3616 4360 Deum

2044 4401 2242 4469 ipsum,
2281 4398 2334 4453 id
2360 4406 2444 4452 est
2463 4396 2722 4466 Spiritum
2749 4407 3019 4462 sanctum,
3044 4397 3199 4451 fidem
3226 4398 3383 4466 ipsis,
3406 4398 3621 4452 omnia-

2044 4504 2150 4559 que
2183 4493 2249 4542 ad
2288 4488 2479 4551 vitam,
2543 4489 2798 4556 pietatem
2850 4498 2907 4542 et
2956 4487 3184 4543 salutem
3264 4488 3622 4556 necessaria;

344 4588 486 4660 ζωὴν
519 4588 622 4643 καὶ
667 4587 959 4641 εὐσέϐειαν
984 4586 1077 4639 καὶ
1121 4586 1395 4655 σωτηρίαν
1433 4585 1633 4656 διαιρεί
1661 4585 1768 4656 ἰδία
1806 4584 1939 4637 ἑκά-

2048 4579 2296 4649 privatim
2328 4578 2573 4633 dividere
2604 4578 2918 4646 unicuique,
2956 4586 3117 4646 prout
3148 4576 3296 4640 velit,
3354 4578 3446 4630 sed
3480 4593 3618 4631 con~

346 4699 470 4750 στῳ,
501 4680 698 4743 καθὼς
730 4678 1001 4748 βούλεται,
1028 4677 1142 4730 ἀλλ’
1169 4679 1250 4731 ὅτι
1283 4694 1391 4748 περ
1418 4678 1453 4746 ἡ
1482 4679 1936 4745 κατατεταγμὲνη

342 4773 431 4825 τοῦ
462 4771 768 4843 ἀνθρώπου
804 4770 988 4839 φύσις,
1018 4772 1053 4841 ἡ
1091 4769 1179 4824 διὰ
1205 4769 1307 4841 τὴν
1352 4769 1666 4841 παράϐασιν
1710 4770 1807 4821 καὶ
1837 4767 1937 4839 τὴν

1618 4911 1854 4968 VABUE

412 5037 455 5070 ’⁸
479 5034 743 5105 ἁὸρίλιον
796 5052 861 5099 ς.
958 5034 1006 5067 ⁷³
1042 5033 1249 5105 ἔγραψε
1286 5030 1529 5105 δὲμετὰ
1582 5048 1650 5105 ῖς.

2044 4674 2285 4727 stitutam
2311 4658 2545 4724 hominis
2564 4678 2811 4723 naturain
2832 4670 2974 4738 (quae
2988 4672 3612 4738 pertransgressionem,

2042 4775 2097 4818 et
2113 4774 2395 4835 peccatum
2412 4762 2747 4818 beatitudine
2761 4762 2982 4829 excidit,
2997 4772 3157 4830 atque
3173 4777 3203 4815 a
3218 4762 3328 4816 Deo
3350 4769 3621 4829 separata,

1915 4906 2327 4966 LECTIONES.

1757 5032 1804 5064 ⁷⁸
1844 5040 1967 5098 post
2007 5026 2364 5082 Οὐολοσιανὸν
2404 5025 2563 5098 vulgo
2592 5026 2710 5080 hmo
2743 5023 2947 5098 addunt
2974 5036 2997 5098 :_
3020 5015 3175 5098 9:519;
3195 5016 3293 5098 ἦν.
3326 5020 3470 5084 Οεῖος
3511 5020 3625 5098 Δτῆς

526 5092 913 5192 Μελένῃςῖμὲ
966 5092 1137 5192 ’ρρἇῆ
1178 5092 1550 5192 έζληγάῲρων,
1578 5092 1637 5153 ἓν
1669 5102 1726 5155 δὲ
1757 5092 3189 5192 Ξῷαποθνῄσκεινιμεταθέιέενοςᾳπρέςρτἒ
3212 5092 3623 5192 καὶ

359 5164 625 5241 ταρὰ-τοῦ
655 5164 1248 5247 ἁγίόθΠρόκλουίτοῦ
1284 5164 1916 5247 Κῶνσταντινουπόλεως
1945 5188 1960 5201 ·
1992 5164 2164 5247 adeo?)
2190 5164 2301 5247 χὰρ
2353 5168 2551 5247 εὑρέθη
2588 5166 2819 5247 πρέσβις
2857 5164 3208 5247 ἀποσταλεὶς,
3251 5164 3339 5215 ὅτε
3393 5164 3488 5216 καὶ
3552 5166 3620 5233 τῇ

352 5236 471 5319 ἁγίᾳ
510 5236 777 5318 ὲνὲτυὶίεν
813 5236 1279 5318 ὲξἹέροσολύμων
1308 5241 1697 5317 καταλαϐούσῃ
1727 5248 1825 5311 τὴν
1862 5240 2114 5312 βασιλίδα
2145 5236 2548 5305 τῶνπόλεων,
2574 5236 2694 5307 qua:
2727 5238 2781 5291 in
2825 5253 2934 5307 mg.
2966 5236 3131 5290 habet
3164 5236 3206 5287 A
3226 5272 3243 5299 ,
3279 5250 3309 5287 a
3353 5248 3433 5287 rc.
3459 5248 3621 5287 manu

349 5332 550 5374 addita.

1888 5406 2125 5465 NOTJE.

429 5505 543 5569 (88)
583 5504 966 5578 Constantius,
994 5518 1052 5561 ut
1078 5506 1190 5578 jam
1220 5508 1357 5564 alias
1387 5517 1655 5564 notatum.

413 5578 529 5651 (89)
547 5576 734 5651 Quod
751 5580 892 5651 apud
929 5580 990 5633 D.
1018 5575 1217 5635 Baron.
1240 5581 1462 5651 legitur,
1489 5591 1622 5635 tom.
1657 5576 1696 5631 V
1721 5575 1920 5632 Annal.

348 5649 407 5700 ad
439 5650 502 5700 Α.
534 5647 640 5701 Ch.
669 5647 834 5713 4207,
861 5651 1033 5702 initio.

411 5718 525 5844 ’ξω
567 5717 835 5845 Melanilaa,
867 5720 1019 5790 cujus
1048 5719 1168 5777 Vita
1198 5720 1253 5777 in
1281 5719 1547 5791 Metapkr.
1608 5718 1704 5775 ult.
1761 5716 1921 5773 Janu.

466 5805 554 5843 ur.
596 5804 726 5844 lout.
791 5830 803 5841 .

350 5801 398 5842 et
425 5793 500 5844 Su
510 5805 554 5841 r.
596 5804 726 5844 lout.
760 5793 803 5844 l.

2104 5500 2214 5573 (9i)
2250 5500 2329 5573 ita
2366 5501 2471 5557 hoc
2506 5501 2626 5557 loco
2656 5502 2721 5573 ι).
2752 5500 2977 5573 Hieron.
3020 5498 3252 5573 reddidit
3280 5492 3521 5573 tom._ll.

2101 5566 2215 5644 (92)
2250 5569 3257 5644 ’loanenpaypévwv.Eadenrfortna,
3290 5566 3475 5644 quain
3506 5574 3617 5617 ter-

2034 5637 2119 5697 tia'
2134 5637 2373 5711 generali
2399 5637 2628 5712 synodo,
2656 5658 2775 5712 quae
2810 5643 3005 5708 Ephesi
3042 5642 3225 5694 habita
3279 5637 3614 5712 passimpo-

2032 5706 2224 5769 currit.
2243 5714 2386 5767 Ἴσον
2409 5706 2762 5783 ἤράμμὸιτός.
2778 5706 2923 5766 Ἴσον
2950 5712 3276 5780 ἀποφορίας,
3310 5708 3453 5761 Ἴσον
3475 5706 3611 5760 ὐπο-

2040 5786 2343 5856 μνήματος,
2379 5800 2476 5855 pro
2502 5784 2815 5854 exemplari,
2849 5792 2942 5838 aut
2975 5784 3285 5853 descriptio.
