4030 6468
488 313 557 374 95
1580 305 1841 365 ΡΙΙΟΤΙΙ
1878 302 2057 364 PA'I'F

2164 302 2386 363 RCHIE
2426 301 2536 362 (ΖΡ.
3649 287 3732 351 96

488 420 651 475 morti
678 418 877 473 tradita
910 416 1016 488 est)
1063 432 1162 488 pro
1206 417 1397 472 merito
1442 416 1736 472 voluntatis
1800 417 2054 469 uniuscu-

2164 413 2430 482 ἁμαρτίαν
2457 413 2557 481 τῆς
2591 410 2689 477 μέν
2721 408 3118 477 μακαριότητος
3156 401 3465 457 ἐκπεσοῦσα
3501 403 3596 455 καὶ
3625 401 3732 454 τοῦ

482 513 714 582 jusque;
747 511 1008 581 Spiritum
1054 519 1298 565 sanctum
1351 516 1407 564 et
1439 509 1733 578 appellare,
1789 518 1844 562 et
1872 508 2049 578 repel-

488 605 622 659 lere.
675 602 982 658 Nestoriani
1022 618 1152 657 vero
1190 602 1258 656 de
1316 601 1434 671 ipso
1486 602 1648 655 etiam
1687 603 1931 667 corporis
1967 615 2056 654 ca-

487 697 599 764 pile
619 694 861 757 Christo,
892 694 1078 749 eadem
1134 693 1360 755 sentire,
1407 702 1461 747 et
1507 692 1774 745 afﬁrmare
1830 690 2052 745 audent.

488 788 754 838 Asserunt
785 786 951 847 enim,
985 783 1421 852 quandoquidem
1447 792 1639 836 nostra?
1668 781 1919 836 Christus
1958 795 2055 834 na-

488 887 623 932 tura!
648 880 715 931 sit
743 878 1011 946 particeps
1041 875 1237 937 factus,
1289 884 1347 931 et
1393 876 1531 928 Deus
1572 888 1764 927 omnes
1806 871 2053 925 homines

490 972 741 1024 similiter
781 968 961 1021 salvos
994 968 1109 1021 ﬁeri
1146 969 1294 1030 velit,
1358 965 1844 1034 unumquemlibet,
1889 964 2054 1017 etiam

497 1077 594 1130 per
654 1059 864 1112 arbitrii
919 1060 998 1110 sui
1060 1058 1385 1119 libertatem,
1439 1058 1713 1123 proprium
1775 1068 2053 1123 peceatum

490 1156 781 1218 corrigere,
842 1159 896 1204 et
958 1149 1067 1201 Deo
1094 1149 1313 1217 dignum
1352 1164 1408 1202 se
1448 1147 1646 1202 facere.
1692 1146 2052 1213 Quamobrem

489 1243 581 1309 qui
612 1258 673 1296 ex
702 1241 866 1295 Maria
909 1241 978 1294 sit
1010 1242 1209 1303 editus,
1269 1254 1374 1293 non
1404 1253 1525 1292 esse
1552 1237 1807 1302 Verbum,
1868 1238 1959 1289 sed
1988 1252 2055 1290 ex

489 1350 550 1387 ea
581 1334 841 1402 genitum.
866 1335 935 1386 ob
962 1332 1224 1385 naturalis
1257 1330 1549 1385 voluntatis
1584 1329 1925 1398 dignitatem,
1956 1328 2056 1381 ha-

488 1424 619 1479 bere
651 1425 871 1478 verbum
921 1424 1295 1478 concomitans
1331 1442 1347 1479 :
1383 1438 1506 1479 cum
1565 1423 1681 1478 sola
1724 1425 1825 1477 ista
1862 1421 2056 1477 nobili-

490 1524 624 1579 tate,
666 1517 933 1569 eteadem
964 1515 1326 1585 appellatione
1371 1515 1737 1571 communicet
1794 1529 1917 1569 cum
1967 1527 2057 1567 ra-

489 1611 637 1664 tione
664 1608 962 1664 llliationis.

2154 504 2288 557 Θεοῦ
2314 502 2663 573 χωρισθεῖσα,
2692 498 2770 567 τῷ
2806 498 2863 550 δέ
2895 497 3109 565 θανάτῳ
3148 492 3536 564 παραδοθεῖσα,
3581 490 3733 561 αὕτη

2154 595 2297 647 κατά
2316 593 2414 664 τὴν
2439 592 2536 662 τῆς
2560 590 2934 660 προαιρέσεως
2958 588 3114 655 ἀξίαν
3142 586 3202 641 τὸ
3229 584 3453 654 Πνεῦμα
3481 584 3540 637 τὸ
3568 583 3736 652 ἆγιον

2155 686 2251 739 καὶ
2284 684 2673 757 προσκαλεῖται
2706 683 2802 735 καὶ
2835 680 3163 735 ἀπωθεῖται·
3200 680 3248 731 oi
3276 677 3333 731 δὲ
3371 676 3736 746 Νεστοριανοὶ

2155 778 2250 831 καὶ
2277 779 2405 846 περὶ
2435 775 2606 845 αὐτὴν
2636 774 2735 843 τὴν
2764 772 2858 826 τοῦ
2891 770 3143 841 σώματος
3171 768 3435 840 κεφαλὴν,
3462 768 3553 821 τὸν
3582 770 3732 839 Χρι-

2156 867 2300 930 στδν,
2324 868 2422 937 τὴν
2450 867 2620 937 αὐτὴν
2646 867 2884 920 διάνοιαν
2908 866 3001 919 καὶ¹
3021 865 3225 933 τόλμαν
3251 863 3457 932 ἔχουσι.
3488 861 3735 928 Λέγουσι

2154 961 2262 1029 γὰρ
2289 961 2368 1012 ὅτι
2389 960 2512 1012 ἐπεὶ
2548 958 2648 1028 τῆς
2680 958 2951 1029 ἡμετέρας
2994 956 3211 1026 φύσεώς
3241 957 3387 1008 ἐστιν
3416 955 3443 1006 6
3466 951 3732 1021 Χριστὸς,

2154 1055 2182 1106 6
2206 1054 2262 1105 δὲ
2289 1052 2419 1113 Θεὸς
2448 1052 2653 1114 πάντας
2696 1048 3017 1121 ἀνθρώπους
3061 1048 3261 1117 ὁμοίως
3306 1046 3451 1099 θέλει
3482 1044 3734 1114 σωθῆναι

2156 1144 2253 1198 καὶ
2299 1144 2480 1214 οίκείᾳ
2515 1144 2833 1214 προαιρέσει
2879 1140 2970 1212 [45
2994 1139 3086 1211 IL]
3139 1140 3369 1193 ’ἑκαστον
3418 1137 3478 1191 τὸ
3529 1135 3735 1189 ἑαυτοῦ

2156 1240 2401 1307 πταῖσμα
2428 1233 2914 1305 ἐπανορθώσασθαι
2943 1234 3037 1286 καὶ
3064 1232 3213 1296 ἀξιον
3252 1230 3445 1284 ἐαυτὸν
3480 1228 3646 1282 αὐτοῦ
3681 1228 3735 1257 ’⁷

2156 1331 2402 1398 ποιῆσαι,
2433 1328 2518 1382 διὰ
2553 1328 2713 1381 τοῦτο
2742 1326 2843 1379 οὐκ
2870 1326 3017 1379 ἔστιν
3038 1328 3066 1379 ό
3092 1325 3264 1391 Λόγος
3288 1325 3317 1376 6
3344 1321 3579 1391 τεχθεὶς,
3608 1319 3734 1373 ἀλλ’

2155 1424 2185 1476 6
2208 1422 2251 1455 "
2281 1420 2561 1491 γεννηθεὶς
2594 1420 2661 1473 ἐκ
2694 1419 2915 1491 Μαρίας
2939 1418 3027 1471 διὰ
3054 1417 3154 1487 τὴν
3192 1417 3289 1486 τῆς
3318 1417 3554 1484 φυσικῆς
3590 1431 3734 1485 προ-

2156 1512 2421 1583 αιρέσεως
2468 1510 2624 1577 ἀξίαν
2654 1507 2799 1579 εἶχεν
2824 1509 3092 1579 ἑπόμενον
3131 1510 3224 1561 τὸν
3262 1508 3439 1575 λόγον,
3474 1506 3612 1577 μόνη
3658 1506 3739 1573 τῇ

2156 1602 2285 1675 ἀξίᾳ
2314 1602 2409 1657 καὶ
2431 1605 2498 1673 τῇ
2523 1601 2811 1672 ὁμωνυμίᾳ.
2831 1598 3241 1669 κεκοινωνηκὼς
3254 1599 3395 1668 λόγῳ
3416 1598 3515 1667 τῆς
3544 1597 3743 1665 υίότη-

2157 1712 2268 1759 τος.

558 1784 727 1838 Porro
776 1786 893 1839 haec
943 1785 1159 1853 quidem
1206 1783 1535 1855 Pelagiana,
1586 1799 1681 1839 seu
1745 1781 2054 1839 Celestiana

2229 1751 2379 1853 λῦτη
2407 1786 2587 1856 μέντοι
2614 1786 2647 1856 ἠ
2674 1784 2984 1855 Πελαγιανὴ
3014 1784 3132 1854 ἦτοι
3159 1782 3492 1851 Κελεστιανὴ
3520 1780 3747 1851 αἵρεσις

486 1875 729 1939 haeresis,
775 1892 881 1931 non
914 1877 967 1930 in
993 1875 1217 1931 Oriente
1250 1877 1507 1930 duntaxat
1550 1876 1739 1945 viguit,
1762 1876 1855 1929 sed
1893 1876 2056 1929 etiam

485 1967 834 2022 Occidentem
888 1969 1148 2039 pervasit,
1180 1978 1233 2023 et
1261 1968 1594 2037 Carthagine
1654 1968 1707 2022 in
1756 1966 1940 2022 Africa
1990 1968 2059 2022 ab

485 2059 705 2113 Aurelio
750 2069 909 2128 atque
944 2061 1248 2129 Augustino
1290 2060 1648 2129 deprehensa,
1697 2069 1751 2113 et
1789 2060 2056 2124 convicta,

488 2150 764 2218 variisque
798 2150 1008 2219 publice
1034 2152 1275 2206 conciliis
1307 2152 1584 2207 damnata.
1610 2150 1775 2218 Ejecti
1812 2166 1939 2206 vero
1967 2150 2057 2220 qui

487 2256 609 2295 cum
640 2242 724 2295 his
771 2243 1054 2307 sentirent,
1095 2254 1353 2313 tanquam
1398 2242 1656 2304 haeretici,
1686 2252 1839 2298 extra
1871 2243 2060 2298 Eccle-

487 2332 648 2395 siam,
672 2335 998 2402 temporibus
1012 2336 1382 2403 episcoporum
1402 2334 1681 2403 Theophili
1701 2335 2057 2400 Alexandria,

488 2432 542 2476 et
584 2425 879 2480 Innocentii
916 2426 1063 2482 urbis
1114 2428 1315 2493 Roinae,
1356 2438 1463 2482 tam
1514 2444 1541 2482 a
1584 2427 1868 2491 Romanis,
1896 2443 2059 2497 quam

489 2515 787 2581 Africanis,
814 2519 1132 2587 calorisque
1166 2520 1472 2574 Occidentis
1492 2520 1779 2588 episcopis.
1808 2521 2059 2573 Attamen

490 2605 734 2675 Pelagius
788 2609 895 2673 hic,
948 2609 1001 2663 in
1051 2626 1113 2662 ea
1161 2611 1364 2681 synodo
1402 2626 1521 2680 quae
1547 2612 1599 2664 in
1632 2611 1914 2665 Palaestina
1944 2608 2059 2681 (93)

488 2700 784 2764 convenit,
826 2700 911 2753 cui
957 2702 1362 2766 qnatuordecim
1426 2703 1682 2770 pmsules
1741 2703 2060 2764 intererant,

489 2789 766 2843 absolutus
792 2799 897 2855 est,
921 2806 1041 2844 cum
1067 2793 1168 2844 alia
1203 2793 1416 2861 quidem
1441 2794 1771 2861 obiectorum
1798 2794 2059 2861 capitum,

490 2889 549 2932 ut
581 2881 767 2945 stulta,
796 2883 1016 2937 omnino
1039 2887 1377 2955 ahnegasset,
1419 2896 1579 2955 atque
1602 2888 1933 2949 damnasset,
1960 2886 2062 2939 alia

489 2988 619 3027 vero
657 2989 688 3027 a
739 2990 797 3028 se
842 2977 1057 3044 quidem
1117 2978 1254 3031 dicta
1300 2978 1580 3033 confessus
1637 2988 1803 3041 esset,
1853 2995 1957 3032 non
2000 2993 2065 3031 eo

2158 1878 2411 1952 ἦκμασεν
2444 1879 2503 1931 ἐν
2530 1881 2595 1949 τῇ
2623 1877 2876 1948 ἀνατολῇ,
2916 1876 3120 1947 διεδόθη
3153 1876 3211 1928 δέ
3242 1876 3335 1928 καὶ⁸
3363 1876 3423 1928 ἐν
3456 1876 3523 1945 τῇ
3557 1873 3742 1927 δύσει.

2160 1972 2272 2027 Καὶ
2297 1975 2353 2025 ἐν
2382 1972 2480 2041 μὶν
2502 1974 2568 2043 τῇ
2593 1971 2920 2041 Καρταγένῃ
2946 1972 2992 2003 ⁷⁸
3023 1969 3123 2039 τῆς
3156 1969 3419 2040 ’Δφρικῆς
3440 1965 3745 2037 διηλέγχθη

2162 2066 2259 2119 καὶ
2309 2064 2567 2136 ἐφωράθη
2616 2064 2722 2117 ὑπό
2768 2080 2829 2116 τε
2872 2061 3144 2133 Αύρηλίου
3193 2060 3291 2114 καὶ
3342 2060 3746 2127 Αύγουστίνου,

2162 2156 2524 2227 ἀπεκηρύχθη
2547 2156 2603 2209 δέ
2636 2156 2911 2226 διαφόροις
2941 2154 3197 2217 συνόδοις.
3251 2151 3647 2222 Ἐξεδλήθησαν
3675 2152 3749 2203 δὲ

2164 2248 2260 2301 καὶ
2291 2248 2341 2300 οἱ
2370 2246 2512 2301 οὕτω
2541 2246 2865 2318 φρονοῦντες
2892 2243 3341 2315 τῆςἘκκλησίας
3359 2244 3435 2307 ώς
3468 2242 3750 2312 αἱρετικοῒ⁵

2163 2340 2222 2392 ἐν
2250 2342 2363 2403 τοῖς
2392 2339 2602 2409 χρόνοις
2627 2337 2886 2406 Θεοφίλου
2908 2336 3002 2390 τοῦ
3038 2335 3444 2404 Ἀλεξανδρείας
3475 2335 3569 2388 καὶ
3608 2336 3750 2389 Ἰνο-

2163 2428 2375 2481 κεντίου
2413 2429 2630 2499 Ῥώμης
2678 2427 2784 2482 ὑπό
2827 2444 2888 2481 τε
2924 2426 3208 2498 Ῥωμαίων
3257 2429 3353 2479 καὶ
3386 2426 3611 2495 ’Δφρων
3640 2425 3750 2478 καὶ

2162 2521 2271 2575 τῶν
2296 2520 2499 2574 λοιπῶν
2527 2520 2758 2573 δυτικῶν
2786 2518 3123 2572 ἐπισκόπων.
3167 2516 3224 2571 'O
3256 2516 3440 2586 μέντοι
3472 2514 3750 2583 Πελάγιος

2164 2614 2222 2666 ἐν
2245 2613 2580 2685 Παλαιστίνῃ
2609 2612 2828 2664 συνόδου
2858 2611 3130 2680 συστάσης
3153 2608 3670 2678 (τεσσαρεσκαίδεκα
3687 2608 3748 2639 ³ο

2164 2704 2222 2757 δέ
2257 2703 2353 2774 τὴν
2381 2702 2597 2756 σύνοδον
2631 2701 2902 2770 ἐπλήρουν
2928 2698 3224 2770 ἀρχιερεῖς)
3257 2698 3510 2769 ὴθωώθη,
3543 2698 3611 2750 τά
3636 2698 3750 2767 μὲν

2164 2796 2274 2849 τῶν
2310 2794 2620 2864 κεφαλαίων
2665 2791 2942 2855 παντελῶς
2991 2791 3431 2861 ἐξαρνησάμενος
3471 2790 3547 2853 ὡς
3579 2789 3754 2860 μωρὰ

2167 2895 2262 2948 καὶ
2292 2890 2714 2962 ἀναθεματίσας,
2748 2892 2815 2944 τά
2844 2888 2901 2942 δὲ
2941 2888 3220 2958 εἰρηκέναι
3257 2888 3356 2958 μὲν
3386 2888 3581 2957 φήσας,
3614 2885 3753 2955 οὐχὶ

2166 2985 2225 3038 δέ
2249 2985 2325 3047 ὼς
2356 2986 2406 3036 οἱ
2429 2984 2723 3051 κατήγοροι
2757 2979 3093 3050 ἐξειλήφασι,
3127 2976 3428 3048 συμφώνως
3448 2977 3504 3029 δὲ
3536 2976 3752 3046 μᾶλλον

493 3073 670 3118 tamen
692 3080 872 3131 sensu,
898 3084 1005 3136 quo
1045 3080 1388 3124 accusatores
1412 3071 1499 3124 illa
1529 3073 2057 3139 interpretarentur:

2164 3080 2227 3149 τῇ
2259 3075 2518 3146 καθολικῇ
2546 3072 2863 3143 Ἐκκλησία.
2890 3074 2951 3125 Ol
2976 3072 3155 3142 μέντοι
3182 3068 3613 3139 κατηγοροῦντες
3639 3068 3750 3121 αύ-

491 3163 548 3208 at
574 3167 731 3223 prout
771 3173 891 3211 cum
918 3160 1174 3215 Ecclesiae
1196 3163 1477 3217 catholicae
1511 3166 1754 3217 doctrina
1785 3169 2063 3234 conspira-

492 3253 630 3296 rent.
674 3246 1032 3301 Accusatores
1075 3248 1518 3317 erantNeporus,
1556 3262 1610 3307 et
1639 3250 1901 3317 Lazarus,
1933 3254 2061 3310 Gal-

490 3333 577 3388 lici
633 3336 894 3406 episcopi,
947 3338 1083 3409 15a
1131 3342 1223 3409 qui
1282 3344 1569 3410 quaestioni
1614 3345 1682 3399 de
1740 3344 1828 3398 illo
1869 3347 2063 3401 habita:

489 3442 597 3480 non
653 3429 970 3495 interfuere,
1015 3435 1085 3485 ob
1134 3433 1357 3487 alterius
1397 3450 1582 3488 eorum
1634 3436 2058 3492 invaletudinem

490 3522 702 3575 veniam
755 3525 979 3590 precati,
1031 3538 1098 3579 ne
1144 3541 1205 3580 se
1257 3527 1535 3581 sisterent.
1583 3528 1674 3582 Sic
1731 3531 2062 3599 Augustinum

492 3612 606 3681 (94)
646 3615 698 3668 in
729 3615 795 3671 iis
826 3611 947 3685 qua:
970 3620 1036 3671 ad
1071 3618 1345 3673 Aurelium
1374 3619 1718 3691 Carthaginis
1747 3624 2060 3693 episcopum

488 3706 727 3773 scripsit,
769 3708 935 3760 refert.
954 3748 971 3762 .

561 3792 690 3848 Post
733 3796 905 3849 sancti
944 3797 1225 3865 Augustini
1262 3808 1492 3854 mortem
1518 3810 1800 3871 cmperunt
1841 3804 2060 3872 quidam

491 3882 545 3940 in
578 3883 724 3939 clero
755 3886 975 3953 impium
1015 3887 1145 3941 illud
1180 3889 1369 3960 dogma
1402 3906 1686 3957 asserere;
1724 3895 1864 3949 male
1898 3896 2061 3949 etiam

492 3978 639 4047 loqui
672 3980 738 4033 de
756 3978 1091 4051 fAugustino,
1116 3991 1279 4052 atque
1322 3985 1459 4039 adeo
1489 3986 1741 4041 convitiis
1768 3988 2059 4053 incessere,

494 4081 749 4140 tanquam
793 4073 1005 4127 arbitrii
1049 4075 1350 4129 libertatem
1422 4078 1711 4133 tollendam
1766 4080 2059 4135 docuisset.

480 4163 691 4217 Nerum
747 4163 1051 4220 Celestinus
1109 4168 1347 4236 pontifex
1408 4170 1703 4237 Romanus,
1745 4172 1811 4225 de
1873 4182 2064 4227 sancto

490 4254 628 4317 viro,
664 4263 719 4308 et
750 4266 943 4310 contra
966 4272 1060 4311 eos
1084 4259 1170 4327 qui
1207 4260 1345 4313 hanc
1370 4261 1619 4315 haeresim
1654 4262 2059 4326 resuscitareut,

487 4344 606 4412 ejus
655 4362 766 4401 orae
808 4351 1077 4419 episcopis
1122 4353 1369 4407 scribens
1414 4354 1549 4425 (95},
1591 4370 1835 4410 errorem
1889 4372 2065 4426 nuper

2168 3168 2263 3221 τοῦ
2296 3166 2540 3234 Νέπορος
2578 3158 2647 3234 ἦν
2683 3164 2777 3216 καὶ
2810 3162 3058 3231 Λάζαρος
3091 3162 3140 3214 οἱ
3190 3160 3380 3214 Γάλλοι
3426 3160 3745 3222 ἐπίσκοποι,

2168 3259 2218 3313 οἳ
2248 3257 2367 3312 οὐδὲ
2404 3256 2764 3326 παρεγένοντο
2794 3255 2851 3307 ἐν
2895 3257 2962 3324 τῇ
3008 3252 3251 3317 ἐξετάσει
3290 3252 3475 3319 αὑτοῦ,
3519 3252 3609 3305 διὰ
3639 3252 3751 3321 τὴν

2170 3350 2413 3403 κάκωσιν
2452 3347 2682 3418 θατέρου
2710 3344 2890 3399 αὐτῶν
2929 3345 3029 3416 τὴν
3059 3344 3361 3417 παρουσίαν
3392 3343 3750 3415 παραιτησά-

2174 3458 2345 3511 μενοι.
2402 3438 2587 3501 Οὕτως
2621 3438 2980 3505 Δύγουστίνος
3033 3438 3091 3489 ἐν
3129 3439 3244 3503 τοῖς
3296 3437 3437 3507 πρὸς
3469 3436 3753 3509 Αύρήλιον

2170 3532 2261 3586 τὸν
2289 3531 2646 3603 Καρταγένης
2675 3530 2862 3585 πάπαν
2894 3528 3166 3593 διέξεισιν.

2243 3800 2328 3873 [21
2358 3799 2428 3872 Η]
2449 3798 2599 3853 Μετὰ
2619 3798 2801 3870 μέντοι
2829 3815 2892 3866 γε
2913 3798 3140 3853 θάνατον
3156 3795 3250 3849 τοῦ
3269 3796 3327 3849 ἐν
3340 3797 3513 3865 ἁγίοις
3533 3796 3754 3863 Αὐγου-

2170 3896 2351 3948 στίνου
2367 3891 2601 3964 ἤρξαντό
2620 3908 2765 3954 τινες
2786 3891 2894 3943 τῶν
2908 3891 2965 3943 ἐν
2979 3889 3054 3960 τῷ
3079 3889 3264 3961 κλήρῳ
3280 3888 3341 3942 τὸ
3368 3888 3465 3959 μὲν
3482 3887 3753 3951 δυσσεϐὲς

2170 3985 2458 4057 κρατύνειν
2472 3986 2673 4055 δόγμα,
2688 3984 2874 4049 κακῶς
2884 3985 2942 4037 δέ
2954 3984 3133 4052 λέγειν
3149 3983 3507 4051 Αύγουστῖνον
3521 3982 3612 4035 καὶ
3629 3981 3753 4034 δια.-

2172 4079 2358 4149 σύρειν
2383 4077 2459 4141 ὡς
2482 4078 2761 4147 ἀναίρεσιν
2784 4076 2877 4129 τοῦ
2905 4074 3250 4142 αύτεξουσίου
3277 4073 3745 4144 εἰσηγησάμενον

2169 4172 2305 4225 ἀλλά
2351 4171 2448 4224 καὶ
2481 4170 2803 4231 Κελεστϊνος
2847 4170 2876 4221 6
2924 4167 3138 4239 Ῥώμης
3172 4167 3311 4237 ὑπέρ
3342 4184 3401 4220 τε
3447 4166 3540 4219 τού
3592 4164 3749 4218 θείου

2170 4262 2363 4334 ἀνδρὸς
2387 4262 2482 4315 καὶ
2510 4260 2649 4314 κατά
2692 4260 2801 4312 τῶν
2831 4258 3224 4313 ἀνακινούντων
3251 4259 3350 4327 τὴν
3383 4258 3597 4327 αἵρεσιν
3624 4258 3749 4321 τοῖς

2171 4353 2453 4427 ἐγχωρίοις
2465 4353 2691 4423 γράφων
2709 4351 3046 4415 ἐπισκόποις,
3063 4351 3160 4421 τὴν
3185 4351 3511 4421 κινουμένην
3530 4349 3749 4418 πλάνην

490 4450 800 4491 revocatum
846 4442 1110 4496 cohibuit.
1162 4444 1294 4497 Cum
1332 4448 1589 4514 temporis
1618 4446 1739 4502 dein
1772 4463 2057 4518 progressu

2166 4446 2414 4517 ἔστησεν.
2456 4444 2663 4514 Χρόνου
2690 4442 2746 4494 δέ
2769 4442 3054 4510 παριόντος
3086 4441 3178 4494 καὶ
3201 4440 3307 4493 τῶν
3331 4441 3437 4494 ἀπὸ
3460 4440 3558 4511 τῆς
3591 4439 3753 4510 αἱρέ-

487 4540 652 4582 sectae
691 4529 848 4598 hujus
885 4533 1130 4593 homines
1163 4551 1256 4603 per
1288 4537 1510 4591 haeresis
1534 4553 1644 4591 sua:
1666 4538 2061 4608 ahjuratiouem

485 4620 742 4677 Ecclesia:
766 4625 999 4680 restituti
1016 4637 1221 4696 essent,
1246 4630 1439 4682 iterum
1468 4630 1665 4683 malum
1690 4611 1761 4684 ali
1783 4631 1887 4686 illis
1909 4632 2060 4701 prin-

486 4714 686 4782 cipium
738 4720 1002 4785 sumpsit,
1053 4729 1113 4773 ut
1169 4721 1410 4791 Septimo
1452 4724 1706 4791 episcopo
1767 4739 2061 4778 renascens

484 4808 673 4859 eadem
713 4806 847 4872 lues,
901 4820 1186 4879 antequam
1220 4812 1432 4882 longius
1482 4822 1741 4883 serperet,
1781 4813 1943 4869 fuerit
1970 4830 2055 4869 rc-

482 4900 781 4968 primenda,
812 4901 955 4956 datis
988 4904 1053 4956 ad
1085 4903 1313 4959 Leonem
1348 4906 1480 4977 (96);
1512 4904 1698 4959 Romze
1729 4917 1838 4959 tum
1869 4908 2053 4961 sedem

483 4989 832 5059 apostolicam
854 5000 1149 5060 tenentem,
1178 4994 1399 5062 litteris,
1420 4998 1507 5066 qui
1537 4996 1646 5051 Leo
1678 4996 1905 5051 ferventi
1935 4999 2053 5053 zelo

2171 4554 2309 4599 σεως
2358 4537 2445 4589 διὰ
2475 4535 2535 4587 τὸ
2583 4533 2976 4603 ἀναθεματίσαι
3040 4532 3139 4601 τὴν
3182 4533 3386 4585 οἰκείαν
3416 4532 3627 4604 αἵρεσιν
3670 4535 3747 4602 τῇ

2180 4629 2478 4699 Ἐκκλησία
2520 4625 2995 4696 παραδεχοέντων,
3041 4624 3201 4676 πάλιν
3236 4624 3294 4689 ἐξ
3341 4623 3519 4675 αὐτῶν
3562 4624 3749 4693 ἀρχὴν

2165 4720 2437 4790 ἐλάμϐανε
2482 4718 2540 4771 τὸ
2571 4717 2740 4771 κακόν
2767 4731 2778 4743 ·
2814 4716 2948 4769 ἀλλὰ
2985 4716 3253 4783 Σέπτιμος
3294 4714 3591 4778 ἐπίσκοπος
3632 4717 3746 4785 ἀρ-

2165 4813 2403 4883 χομένης
2430 4810 2530 4880 τῆς
2560 4808 2737 4877 λύμης
2776 4808 2972 4877 ἐπέσχε
3003 4810 3101 4876 τὴν
3129 4807 3301 4877 φορὰν
3319 4848 3332 4872 ,
3357 4804 3574 4876 γράψας
3597 4806 3741 4876 πρὸς

2162 4907 2369 4959 Λέοντα
2398 4904 2486 4957 τὸν
2551 4900 2770 4971 Ῥώμης
2822 4899 3121 4971 τηνικαῦτα
3177 4899 3574 4969 προεδρεύοντα
3603 4940 3616 4961 ,
3666 4897 3735 4961 ὃς

2161 4996 2413 5067 διαπύρῳ
2444 4993 2592 5065 ζήλῳ
2617 4992 2758 5045 κατά
2782 4991 2880 5062 τῆς
2907 4990 3224 5072 δυσσεϐείας
3250 4991 3571 5059 ἠγωνίσατο.
3594 4990 3739 5043 Μετ’

1749 5114 1984 5170 VARle
2024 5112 2433 5170 LECTIONES.

485 5222 595 5343 aa"
618 5222 845 5277 αύτοῦΑ
892 5241 906 5279 :
946 5225 1108 5290 αὐτὸς
1161 5244 1224 5291 ς.
1302 5228 1348 5259 ⁷⁸
1374 5227 1487 5281 ἀλλ’
1515 5226 1563 5280 ὁῖ
1595 5228 1710 5282 ἀλλ’
1740 5228 1822 5281 ὅτι
1863 5227 1928 5283 Α.

562 5310 651 5343 σεε
700 5310 760 5343 c.
1786 5318 1793 5323 ’

558 5310 651 5362 ρες
700 5310 760 5355 ς.
1786 5318 1793 5323 “

2040 5230 2088 5261 τ’
2129 5226 2439 5299 χαρταγὲνη
2480 5236 2546 5289 A,
2578 5239 2669 5293 qui
2702 5232 2762 5279 et-
2798 5226 2936 5281 infra
2965 5223 3328 5297 χαρταγένης.
3404 5222 3451 5256 ³⁰
3475 5222 3749 5277 δεκατέ³“

1974 5416 2200 5472 NOTAE.

483 5525 664 5646 41ξὶὸ)
698 5523 955 5597 Diospoli.
995 5525 1057 5582 V.
1101 5526 1163 5580 ι).
1204 5527 1401 5584 Baron.
1441 5540 1571 5584 tom.
1620 5528 1684 5595 V,
1717 5530 1782 5583 ad
1815 5544 1903 5582 an.
1946 5529 2046 5582 Ch.

559 5664 669 5738 (94)
694 5663 870 5738 Forte
921 5668 1013 5738 lib.
1058 5668 1131 5721 De
1174 5669 1332 5737 gestis
1370 5666 1593 5737 Pelagii,
1627 5670 1777 5738 cujus
1809 5670 1919 5736 ipse
1943 5682 2054 5719 me—

486 5736 641 5788 minit
692 5736 784 5789 lib.
830 5751 866 5788 ιι
926 5735 1326 5807 Ιέειιάειξιιιψ,
1370 5741 1420 5792 4.
1480 5735 1771 5797 νυιιιιιιιίε
1831 5735 2056 5807 putatur

2161 5527 2534 5584 intercidisse.

2234 5598 2343 5666 (95)
2391 5600 2518 5661 Qua:
2569 5595 2738 5666 Epist.
2787 5602 2963 5666 exstat
3019 5604 3150 5649 tom.
3200 5590 3292 5648 VII
3340 5592 3399 5647 Β.
3445 5592 3749 5661 Augustin.

2234 5664 2345 5738 (liti)
2380 5667 2506 5735 Eius
2539 5665 2774 5719 nominis
2807 5664 3060 5733 primum.
