4030 6428
525 399 598 467 99
1618 416 1880 476 ΡΗΟΤΙΙ
1920 418 2429 479 ΡΑΤΙΠΑΗΕΗᾸΞ
2464 418 2571 480 CP.

1227 520 1357 578 LVII
1386 564 1401 578 .

569 612 798 682 Appiani
832 614 1177 669 Alexandrini
1206 617 1453 671 Historia:
1482 618 1732 671 Romana:
1768 618 1890 672 libri
1922 634 2069 673 xxxv.

598 703 763 759 Lecta
806 719 891 762 est
950 710 1178 776 Appiani
1239 710 1480 763 Romana
1532 711 1780 776 historia,
1819 711 1895 781 (2)
1935 712 2110 766 tribus

530 795 747 861 quidem
783 797 1168 859 voluminibus,
1219 800 1339 853 libri
1371 815 1498 854 vero
1534 813 1769 869 quatuor
1800 812 1855 855 et
1894 801 2106 867 viginti.

529 886 766 951 Quorum
792 889 997 958 primus
1033 889 1099 944 de
1127 898 1332 959 septem
1362 889 1619 961 Regibus,
1652 891 1903 955 Romulo,
1935 892 2107 946 Numa

528 977 792 1047 Pompilio
824 981 921 1049 (5),
956 980 1106 1034 Anco
1135 981 1383 1042 Hostilio,
1408 995 1462 1037 et
1500 985 1667 1037 altern
1696 986 1847 1040 Anco
1883 982 2105 1048 Marcio,

528 1070 715 1126 Numae
750 1085 962 1141 nepote,
999 1074 1315 1143 Tarquinio,
1366 1076 1555 1130 Servio
1586 1075 1763 1131 Tullio
1788 1075 1887 1146 (4),
1913 1084 1967 1129 et
1999 1073 2107 1127 Lu-

528 1164 614 1217 cio
642 1162 936 1233 Tarquinio
978 1181 1163 1235 agens,
1221 1181 1408 1220 eorum
1457 1182 1644 1236 Opera,
1696 1182 1891 1237 resque
1925 1176 2107 1235 gestas

529 1258 794 1311 continet.
846 1258 1048 1311 llorum
1094 1273 1280 1325 regum
1316 1261 1543 1328 primus,
1573 1270 1766 1313 auctor
1796 1259 1923 1314 licet
1953 1257 2105 1311 urbis

530 1348 736 1414 Romae,
770 1365 833 1403 ac
854 1350 1103 1404 cenditor
1136 1350 1319 1416 fuerit,
1353 1359 1406 1405 et
1442 1361 1666 1420 paterno
1692 1350 1871 1420 potius
1898 1352 2105 1416 animo,

531 1453 691 1506 quam
739 1440 1019 1507 tyrannice
1054 1438 1441 1505 imperaverit;
1480 1453 1651 1493 caesus
1675 1449 1853 1494 tamen
1883 1449 1986 1502 est,
2024 1439 2107 1492 vel

532 1532 612 1594 (ut
639 1528 758 1582 aliis
794 1530 990 1597 placet)
1022 1529 1306 1597 disparuit.
1354 1530 1523 1593 Alter,
1562 1530 1734 1585 nihilo
1768 1533 2109 1596 praecedente

530 1619 582 1672 in
624 1619 939 1684 imperando
972 1618 1214 1683 inferior,
1261 1634 1326 1674 ac
1372 1619 1513 1675 forte
1540 1624 1905 1690 praestantior,
1940 1624 2106 1678 vitam

528 1719 716 1763 exacta
742 1720 901 1762 :etate
927 1710 1117 1763 finivit.
1152 1708 1368 1765 Tertius
1392 1713 1616 1767 fulmine
1639 1714 1776 1768 ictus
1802 1726 1905 1771 est.
1938 1716 2111 1782 Quar-

529 1810 617 1855 tus
650 1803 837 1854 morbo
858 1802 969 1855 vita
996 1803 1250 1857 decessit.
1280 1804 1512 1871 Quintus
1545 1820 1573 1859 a
1607 1806 1919 1875 pastoribus
1946 1806 2108 1875 jugu-

3676 417 3768 483 100

2929 524 3046 579 NZ'.

2402 618 2735 673 Ἀππιανοῦ
2772 615 3069 687 Ῥωμαικὰ
3104 614 3174 668 ἐν
3196 612 3461 681 βιϐλίοις
3487 616 3585 673 κδ’.

2292 710 2631 781 ’Δνεγνώσθη
2669 708 2967 764 Ἀππιανοῦ
3007 705 3301 777 Ῥωμαϊκὴ
3320 709 3576 775 ἱστορία,
3594 709 3649 763 ἐν
3681 710 3772 781 μὲν

2206 805 2425 874 τεύχεσι
2450 807 2597 874 τρισὶ
2620 842 2635 866 ,
2658 802 2836 870 λόγοις
2864 802 2922 855 δὲ
2948 798 3045 855 κδ’.
3068 793 3167 854 Ὦν
3192 802 3221 854 6
3248 801 3347 867 μὲν
3377 800 3595 870 πρῶτος
3620 801 3775 871 τόμος

2206 896 2315 948 τῶν
2349 894 2488 948 ἑπτὰ
2534 893 2797 965 βασιλέων
2818 932 2833 957 ,
2876 890 3158 962 Ῥωμύλου
3180 930 3195 954 ,
3226 891 3422 961 Νουμᾶ
3454 891 3775 959 Πομπιλίου,

2211 989 2417 1056 ’Ἄγκου
2456 987 2721 1041 Ὁστιλίου
2744 1028 2759 1053 ,
2790 986 2886 1041 καὶ
2910 986 3131 1053 ,Ἀγκου
3163 986 3350 1055 ἐτέρου
3376 985 3471 1037 τοῦ
3506 987 3599 1038 καὶ
3628 987 3776 1056 Μαρ-

2206 1077 2327 1130 κίου
2355 1118 2369 1141 ,
2406 1077 2659 1145 ἐπιγόνου
2688 1077 2884 1145 Νουμᾶ
2908 1113 2923 1138 ,
2952 1074 3258 1145 Ταρκυνίου
3274 1074 3341 1137 ⁸⁸,
3380 1074 3622 1143 Ἑρουίου
3652 1074 3779 1126 Τυλ-

2202 1164 2321 1217 λίου
2346 1207 2360 1231 ,
2398 1166 2493 1217 καὶ
2528 1165 2567 1218 Τ
2576 1163 2836 1235 αρκυνίου
2867 1162 3101 1215 Λευκίου
3149 1160 3245 1214 τοῦ
3276 1160 3581 1232 Ταρκυνίου
3602 1200 3616 1223 ,
3662 1161 3780 1214 τού-

2206 1275 2315 1310 των
2358 1260 2466 1312 τῶν
2521 1258 2661 1311 ἑπτά
2689 1257 2823 1325 ἔργα
2859 1272 2917 1308 τε
2944 1259 3038 1309 καὶ
3071 1256 3299 1326 πράξεις
3333 1255 3597 1325 περιέχει.
3628 1246 3725 1306 Ὧν
3751 1256 3777 1306 6

2208 1350 2425 1420 πρῶτος
2464 1351 2692 1419 κτίστης
2719 1366 2779 1401 τε
2824 1348 3043 1418 Ῥώμης
3074 1347 3169 1400 καὶ
3214 1347 3461 1415 οἰκιστὴς
3513 1345 3778 1414 γεγονὼς,

2208 1438 2378 1509 ἄρξας
2431 1456 2490 1490 τε
2545 1436 2830 1507 πατρικῶς
2877 1437 3080 1506 μᾶλλον
3131 1435 3163 1505 ἢ
3211 1435 3579 1505 τυραννικῶς,
3639 1436 3779 1504 ὅμως

2207 1528 2423 1596 ἐσφάγη
2444 1568 2459 1591 ,
2483 1527 2515 1597 ἢ
2548 1527 2620 1586 ὡς
2643 1526 2791 1578 ἄλλοι
2815 1526 2976 1593 φασὶν
2997 1565 3009 1585 ,
3036 1523 3331 1594 ἠφανίσθη.
3372 1524 3429 1575 '0
3456 1523 3511 1574 δὲ
3537 1521 3781 1591 δεύτερος

2208 1619 2359 1671 οὐδὲν
2378 1615 2539 1690 ἦττον
2577 1615 2976 1688 βεῦασιλευκὼς
2996 1616 3041 1646 ⁸⁸
3059 1655 3073 1680 ,
3107 1617 3154 1667 εί
3192 1614 3267 1685 μὴ
3299 1614 3399 1666 καὶ
3438 1614 3639 1683 μᾶλλον
3661 1654 3676 1677 ,
3700 1614 3784 1666 τὸν

2209 1708 2406 1763 ἑαυτοῦ
2444 1708 2558 1779 βίον
2604 1709 2925 1779 ἐτελεύτησε
2962 1708 3205 1777 ﬁdem".
3251 1707 3310 1758 '0
3340 1706 3398 1757 δὲ
3435 1706 3616 1775 τρίτος
3668 1709 3787 1757 ὲκε-

2212 1801 2463 1872 ραυνώθη
2489 1818 2503 1832 ο
2537 1800 2679 1869 νόσῳ
2705 1802 2761 1854 δὲ
2801 1801 2893 1855 τὸν
2926 1800 3040 1869 βίον
3075 1802 3103 1852 6
3137 1798 3399 1869 τέταρτος
3453 1796 3746 1866 ὑπεξῆλθεν
3768 1811 3781 1824 ⁸

528 1893 665 1947 latus
708 1894 889 1963 periit.
946 1892 1145 1948 Sextus
1180 1895 1431 1950 similiter
1483 1912 1674 1962 caesus,
1717 1898 1883 1952 vitam
1934 1908 2105 1955 morte

2207 1893 2236 1943 6
2272 1892 2329 1944 δὲ
2376 1892 2627 1961 πέμπτος
2658 1895 2763 1944 ὑπὸ
2814 1892 3087 1961 ποιμένων
3121 1889 3336 1959 ἐσφάγη
3362 1930 3377 1954 ,
3414 1890 3509 1940 καὶ¹
3559 1890 3587 1940 6
3636 1888 3788 1949 ’ἐκτος

525 1990 898 2041 commutavit.
926 1986 1201 2057 Septimus
1230 1998 1283 2043 et
1318 1990 1448 2042 urbe
1514 2000 1565 2044 et
1616 2007 1782 2061 regno
1820 1993 1889 2046 ob
1921 2001 2106 2062 tyran-

527 2080 707 2132 nidem
755 2089 983 2133 exactus
1013 2087 1116 2147 est.
1152 2077 1279 2134 Inde
1310 2081 1487 2135 soluto
1517 2097 1703 2151 regno,
1754 2085 1820 2136 ad
1854 2084 2109 2139 consules

527 2169 818 2238 imperium
876 2170 1222 2225 translatum.
1277 2170 1400 2226 Haec
1440 2174 1659 2241 quidem
1710 2176 1915 2241 primus
1970 2175 2109 2229 liber

526 2262 907 2329 cumplectitur
938 2279 950 2315 :
988 2262 1130 2315 unde
1156 2261 1458 2331 inscriptio,
1486 2263 1847 2318 Romanorum
1874 2264 2107 2337 Regalis.

526 2349 809 2403 Secundus
838 2349 974 2403 liber
997 2349 1178 2413 habet,
1214 2364 1331 2416 quae
1363 2352 1416 2403 in
1447 2352 1651 2421 reliqua
1687 2351 1859 2417 Italia,
1884 2364 2107 2423 excepta

524 2460 611 2509 ea,
648 2461 767 2515 quae
797 2446 863 2499 ad
911 2460 1059 2498 mare
1087 2443 1290 2497 Ionium
1322 2457 1424 2511 est,
1452 2458 1601 2517 gesta
1627 2458 1752 2503 sunt
1782 2466 1796 2500 :
1822 2450 1939 2519 ejus
1977 2451 2107 2502 titu-

526 2539 650 2590 lus:
703 2535 1063 2590 Romanorum
1111 2534 1327 2590 Italica.
1365 2539 1613 2609 Sequens
1668 2541 1805 2595 liber
1831 2541 2107 2597 Romano-

524 2644 644 2682 rum
676 2629 813 2683 bella
851 2646 973 2684 cum
1015 2632 1355 2685 Samnitibus
1386 2631 1553 2686 refert
1586 2638 1726 2702 (qua:
1762 2650 1895 2703 gens
1923 2636 2107 2703 copio—

523 2737 605 2785 sa,
636 2732 1051 2791 expugualuque
1090 2722 1341 2787 diliicilis,
1385 2731 1442 2777 ut
1510 2725 1593 2777 vix
1640 2726 1796 2779 annis
1830 2727 2103 2796 octogima

524 2814 754 2868 Romani
781 2814 919 2869 bello
943 2816 1194 2884 subigere
1210 2816 1502 2884 potuerint)
1527 2831 1752 2885 qumque
1775 2827 1963 2886 gentes
1983 2835 2102 2871 cum

522 2907 630 2961 illis
687 2905 883 2960 bellum
946 2908 1250 2977 gesserint.
1305 2908 1621 2962 lnscribitur
1671 2926 1684 2962 :
1744 2908 2103 2963 Romanorum

524 2994 838 3051 Samnitico.
889 2996 1129 3062 Quartus
1178 3013 1327 3061 vero,
1372 2997 1514 3067 quod
1564 3013 1685 3052 cum
1712 2997 1880 3054 Gallis
1907 2998 2107 3053 Roma-

524 3105 717 3142 norum
774 3089 912 3143 bella
977 3091 1215 3157 referat,
1284 3092 1599 3145 inscribitur
1662 3110 1676 3147 :
1746 3091 2105 3146 Romanorum

527 3182 665 3252 16a
699 3180 919 3237 Celtica.
954 3182 1044 3237 Sic
1084 3194 1137 3238 et
1176 3184 1366 3254 reliqui
1428 3186 1620 3241 ordine
1656 3186 1798 3241 libri.
1848 3187 2100 3253 Quintus,

521 3275 888 3328 Romanorum
920 3275 1121 3342 Sicula,
1155 3288 1201 3330 et
1236 3275 1539 3341 lnsularis;
1572 3278 1712 3344 quod
1745 3294 1867 3332 cum
1902 3276 2101 3335 Siculis

518 3377 574 3420 et
620 3368 886 3421 Insulanis
914 3379 1058 3437 gesta
1117 3378 1527 3423 commemoret.
1586 3368 1802 3436 Sextus,
1838 3367 2103 3423 Romano-

521 3473 640 3512 rum
677 3457 906 3511 lberica.
962 3458 1262 3526 Septimus,
1318 3456 1674 3510 Romanorum
1708 3455 2101 3523 Hannibalica;

519 3552 661 3621 quod
689 3567 811 3605 cum
860 3549 1164 3606 Hannibale
1196 3550 1457 3604 Punicum
1510 3550 1707 3603 bellum
1745 3551 1964 3605 referat.
1998 3549 2105 3606 0c-

520 3653 699 3706 tavus,
751 3641 968 3711 Libyca,
1006 3642 1212 3696 Punica
1244 3651 1293 3695 et
1331 3639 1637 3695 Numidica.
1676 3642 1879 3708 Nonus,
1909 3640 2107 3696 Roma-

521 3752 711 3790 norum
767 3735 1133 3791 Macedonica.
1176 3736 1444 3801 Decimus,
1503 3734 1867 3788 Romanorum
1915 3735 2103 3790 Graeca

517 3841 565 3883 et
603 3827 812 3883 Ionica.
852 3827 1207 3891 Undecimus,
1244 3827 1608 3881 Romanorum
1634 3828 1860 3897 Syriaca
1887 3840 1933 3882 et
1966 3828 2103 3882 Par-

2208 1984 2411 2053 ὁμοίως
2448 1988 2629 2055 σφαγῇ
2655 1984 2992 2055 κατέστρεψε
3010 1984 3057 2014 ⁸⁸
3090 1982 3182 2035 τὸν
3212 1982 3348 2051 βίον.
3396 1980 3455 2034 '0
3483 1981 3540 2033 δὲ
3570 1981 3793 2049 ἕϐδομος

2208 2072 2413 2142 καὶτῆς
2432 2073 2639 2135 πόλεως
2660 2073 2865 2141 καὶτῆς
2886 2072 3165 2142 βασιλείας
3184 2070 3530 2141 παρανομῶν
3544 2068 3792 2138 ἐξηλάθη·

2208 2159 2269 2225 ἐξ
2306 2154 2367 2213 οὗ
2403 2160 2505 2229 τῆς
2539 2160 2819 2229 βασιλείας
2857 2160 3261 2231 καταλυθείσης
3291 2162 3378 2223 είς
3402 2161 3529 2223 τοὺς
3564 2160 3794 2219 ὑπάτους

2206 2254 2274 2307 τὰ
2306 2253 2405 2323 τῆς
2428 2254 2602 2325 ἀρχῆς
2632 2252 2919 2323 μετετέθη.
2957 2255 3026 2307 Ἀ
3054 2254 3153 2324 μὲν
3178 2251 3271 2308 οὖν
3284 2253 3330 2285 ⁸⁸
3358 2254 3388 2306 6
3411 2253 3628 2323 πρῶτος
3649 2252 3795 2320 λόγος

2185 2346 2452 2417 ,περιέχει
2475 2385 2489 2412 ,
2541 2346 2717 2400 ταῦτά
2752 2348 2869 2399 ἐστι
2899 2363 2913 2377 ⁸
2963 2349 3332 2417 ἐπιγράφεται
3359 2346 3418 2399 δὲ
3462 2344 3797 2411 Ῥωμαϊκῶν

2201 2437 2520 2506 βασιλική·
2551 2440 2579 2491 6
2598 2437 2654 2489 δὲ
2680 2436 2931 2509 δεύτερος
2950 2438 3018 2491 τά
3052 2442 3132 2501 είς
3164 2440 3263 2509 τὴν
3291 2438 3468 2509 ἀλλην
3482 2438 3529 2468 ⁹⁰
3576 2436 3797 2489 Ἰταλίαν

2208 2529 2377 2599 χωρὶς
2401 2530 2500 2598 τῆς
2520 2530 2671 2600 παρὰ
2696 2528 2787 2582 τὸν
2813 2530 3011 2582 κόλπον
3048 2530 3140 2582 τὸν
3183 2529 3375 2583 Ἰόνιον
3402 2531 3445 2561 ⁹¹
3477 2546 3493 2560 ο
3527 2523 3590 2582 οὗ
3624 2530 3655 2597 ἠ
3677 2530 3795 2579 ἐπι-

2207 2619 2395 2689 γραφὴ
2429 2618 2769 2687 Ῥωμαϊκῶν
2808 2620 3092 2685 Ἰταλικὴ.
3134 2620 3191 2672 Ὀ
3215 2620 3271 2673 δὲ
3312 2618 3523 2689 ἐφεξῆς
3561 2618 3798 2689 περιέχει

2205 2711 2296 2764 τὸν
2343 2712 2478 2782 πρὸς
2509 2712 2634 2775 τοὺς
2669 2711 2934 2775 Σαυνίτας
2982 2711 3278 2781 Ῥωμαίων
3318 2713 3604 2782 πόλεμον,
3656 2712 3798 2773 ἔθνος

2210 2802 2354 2873 μέγα
2400 2820 2459 2855 τε
2499 2804 2592 2856 καὶ
2632 2803 2869 2873 χαλεπὸν
2922 2802 3185 2871 πολέμοις
3234 2804 3502 2871 γεγονὸς,
3551 2802 3689 2872 ὅπερ
3746 2804 3800 2853 ἐν

2207 2894 2386 2948 ἐτεσιν
2431 2895 2763 2964 ὀγδοήκοντα
2806 2896 3068 2966 Ῥωμαῖοι
3102 2896 3484 2966 πολεμοῦντες
3514 2897 3667 2967 μόλις
3703 2896 3801 2946 ὐπ-

2207 2987 2479 3058 ηγάγοντο
2502 3026 2517 3052 ,
2566 2989 2665 3040 σὺν
2693 2988 2877 3050 αὐτοῖς
2906 2987 2963 3040 δὲ
3001 2989 3096 3041 καὶ
3139 2988 3241 3042 ὅσα
3282 2988 3480 3050 αὐτοῖς
3513 2988 3802 3057 συνεμάχει

2207 3079 2338 3149 ἔθνη
2362 3095 2375 3108 ο
2407 3079 2772 3149 ἐπιγράφεται
2802 3079 2858 3132 δὲ
2899 3078 3243 3148 Ῥωμαϊκῶν
3270 3083 3637 3149 Σαυνιτική.
3668 3081 3723 3131 ’0
3748 3080 3801 3131 δὲ

2208 3171 2470 3241 τέταρτος
2495 3211 2510 3235 ,
2538 3170 2661 3223 ἐπεὶ
2704 3170 2795 3223 τὸν
2830 3171 2965 3242 πρὸς
2994 3171 3232 3234 Κελτοὺς
3252 3173 3297 3203 θ’
3339 3172 3600 3243 περιέχει
3672 3170 3802 3222 Ῥω-

2215 3263 2391 3334 μαίων
2439 3263 2709 3332 πὸλεμον,
2766 3263 3137 3333 ἐπιγράφεται
3186 3261 3680 3332 Ῥωμαῖκῶνιόυ
3718 3259 3803 3330 lt]

2212 3355 2494 3423 Κελτική.
2527 3356 2640 3409 Καὶ
2666 3358 2715 3409 οἱ
2746 3355 2923 3409 λοιποὶ
2951 3356 3093 3409 κατὰ
3120 3356 3210 3409 τὸν
3236 3357 3411 3409 αὑτὸν
3440 3355 3623 3424 λόγον,
3659 3359 3685 3409 6
3712 3355 3803 3423 μὲν

2210 3448 2462 3518 πέμπτος
2495 3446 2838 3516 Ῥωμαϊκῶν
2855 3446 3141 3514 Σικελικὴ
3167 3447 3265 3499 καὶ
3283 3449 3652 3513 νησιωτικὴ,
3687 3447 3805 3498 ἐπεὶ

2210 3538 2349 3608 πρὸς
2372 3536 2677 3600 Σικελοὺς-’³
2692 3537 2786 3588 καὶ
2812 3535 3104 3605 νησιώτας·
3130 3537 3158 3587 6
3184 3534 3239 3586 δὲ
3264 3536 3433 3599 ’ἐκτος
3466 3533 3805 3604 Ῥωμαϊκῶν

2222 3629 2507 3699 ἰϐηρικήσ
2526 3632 2554 3682 6
2580 3628 2637 3681 δὲ
2656 3628 2884 3698 ἕϐδομος
2899 3626 3242 3696 Ῥωμαϊκῶν
3265 3627 3654 3696 Ἀννιϐαϊκὴ,
3682 3628 3802 3679 ἐπεὶ

2209 3723 2299 3776 τὸν
2330 3722 2467 3794 πρὸς
2529 3720 2778 3775 Ἀννίϐαν
2794 3722 2839 3754 ’³⁸
2868 3720 2960 3775 τὸν
3002 3720 3379 3791 Καρχηδόνιον
3425 3721 3680 3790 περιέχει
3710 3717 3807 3770 πό-

2209 3813 2267 3867 λε
2276 3832 2395 3884 μον,
2416 3815 2445 3866 6
2460 3813 2646 3882 ὄγδοος
2663 3811 3006 3883 Ῥωμαϊκῶν
3023 3811 3250 3879 Διϐυκὴ
3269 3813 3337 3877 ‘-",
3378 3810 3808 3881 Καρχηδονικὴ

518 3922 681 3974 tilica.
733 3918 1120 3981 Duodecimus,
1180 3918 1551 3973 Romanorum
1607 3920 2002 3976 Mithridatica.
2037 3920 2104 3975 Et

2209 3906 2304 3958 καὶ
2327 3902 2655 3972 Νομαδική·
2679 3906 2709 3957 6
2730 3904 2786 3957 δὲ
2815 3904 3002 3967 ἐνατος
3034 3903 3381 3973 Ῥωμαϊκῶν
3395 3903 3805 3967 Μακεδονικήο

518 4012 784 4067 hactenus
819 4012 1039 4081 quidem
1071 4025 1193 4080 quas
1226 4013 1495 4066 adversus
1520 4023 1739 4067 exteras
1762 4023 1950 4082 gentes
1988 4012 2101 4066 Ro.

2207 3998 2237 4049 6
2273 3996 2330 4049 δὲ
2374 3996 2597 4060 δέκατος
2640 3994 2982 4066 Ῥωμαϊκῶν
3029 3995 3361 4064 Ἑλληνικὴ
3388 3998 3495 4051 καὶ
3545 3995 3809 4062 ’1ωνική’

518 4104 697 4158 manis
724 4102 869 4157 edita
924 4103 1192 4167 facinora,
1246 4103 1499 4175 bellaque
1544 4114 1719 4175 gesta,
1769 4117 2099 4171 narrantur;

2207 4092 2235 4142 6
2260 4089 2317 4141 δὲ
2338 4090 2620 4153 ἑνδέκατος
2648 4087 2994 4158 Ῥωμαϊκῶν
3011 4089 3278 4157 Συριακὴ
3303 4090 3717 4160 καὶίηαρθική
3744 4107 3755 4118 ο
3786 4090 3813 4140 ό

516 4198 818 4266 eademque
854 4196 958 4251 boc
1007 4196 1202 4250 ordine
1260 4212 1358 4265 per
1409 4197 1582 4251 libros
1634 4197 1923 4251 distributa
1955 4206 2099 4251 sunt.

2207 4183 2265 4235 δὲ
2292 4183 2592 4246 δωδέκατος
2629 4181 2971 4251 Ῥωμαϊκῶν
2996 4181 3437 4250 Μιθριδάτειος.
3470 4183 3587 4236 Καὶ
3612 4183 3683 4235 τά
3717 4180 3812 4250 μὲν

516 4288 649 4357 Quae
687 4302 816 4343 vero
846 4288 991 4342 inter
1026 4302 1085 4341 se
1123 4287 1357 4343 Romani
1395 4289 1789 4342 tumultuantes
1831 4287 1966 4341 bella
1990 4302 2104 4359 ges-

2208 4274 2343 4346 πρὸς
2361 4274 2691 4343 ἀλλοφύλους
2715 4273 3010 4344 Ῥωμαίοις
3033 4272 3456 4341 ἐπιδεδειγμένα
3470 4273 3620 4343 ἔργα
3638 4290 3699 4325 τε
3720 4272 3813 4324 καὶ

514 4390 727 4445 serunt,
755 4381 1015 4450 deinceps
1050 4380 1173 4433 libri
1214 4390 1679 4445 commemorant,
1714 4395 1943 4449 quorum
1977 4381 2102 4433 inde

2207 4369 2256 4420 οί
2273 4367 2499 4436 πόλεμοι
2520 4366 2565 4398 ⁹⁶
2590 4366 2649 4417 ἐν
2665 4366 2877 4430 τούτοις
2894 4366 2992 4419 καὶ
3018 4364 3162 4419 οὕτω
3180 4366 3451 4436 τυγχάνει
3484 4370 3605 4431 τοῖς
3633 4367 3815 4435 λόγοις

517 4473 750 4527 titulus:
787 4472 1042 4529 Civilium
1079 4471 1351 4526 Bellorum
1384 4473 1621 4541 primus,
1669 4474 1957 4536 secundus,
1996 4481 2101 4524 ter-

2207 4458 2445 4514 ἐνταῦθα
2478 4458 2819 4529 διῃρημέναο
2845 4459 2943 4512 ὅσα
2964 4458 3022 4512 δὲ
3047 4458 3201 4512 αὐτοὶ
3237 4458 3510 4529 Ῥωμαῖοι
3546 4460 3690 4531 πρὸς
3725 4458 3818 4512 άλ-

515 4567 643 4629 tius,
663 4573 718 4617 et
742 4566 937 4618 ordine
971 4564 1038 4616 ad
1068 4578 1265 4617 nonum
1325 4578 1498 4633 usque
1527 4563 1747 4626 librum,
1781 4564 1872 4633 qui
1901 4563 1951 4616 in
1981 4562 2101 4616 uni-

2207 4556 2401 4627 λήλους
2428 4556 2757 4609 ἐστασίασαν
2783 4557 2881 4610 καὶ
2900 4557 3250 4629 ἐπολέμησαν
3267 4597 3282 4621 ,
3306 4560 3361 4610 αἱ
3393 4558 3613 4628 ἐφεξῆς
3638 4558 3818 4629 βίϐλοι

511 4670 733 4711 versum
769 4656 976 4724 primus
1009 4664 1170 4710 estet
1200 4654 1705 4711 vicesimus.Liber
1739 4664 1919 4709 autem
1955 4656 2098 4709 vice-

2207 4649 2486 4719 δηλοῦσιν,
2504 4650 2819 4722 ἐπιγραφὴν
2839 4650 3139 4721 δεξάμεναι
3170 4651 3497 4720 ἐμφυλίων
3516 4653 3733 4720 πρώτη
3750 4652 3816 4711 ".

512 4747 687 4802 simus
735 4749 1030 4811 secundus,
1067 4746 1389 4802 inscribitur
1432 4745 1806 4800 Ekatontaetia
1856 4745 1932 4815 (id
1988 4756 2096 4812 eet,

2207 4743 2518 4813 ἐμφυλίων
2553 4742 2822 4812 δευτέρα,
2848 4746 2944 4797 καὶ
2994 4744 3122 4814 ἐξῆς
3170 4746 3334 4816 μέχρι
3379 4746 3487 4816 τῆς
3526 4743 3824 4816 ἐμφυλίων

515 4855 778 4894 annorum
806 4838 1100 4904 centuria.)
1131 4839 1435 4909 lnsequens
1487 4839 1644 4906 liber,
1680 4839 1903 4893 Dacica.
1932 4839 2096 4894 Vice-

2208 4836 2309 4906 μέν
2342 4836 2537 4905 ἐνάτης
2562 4875 2577 4901 ,
2626 4836 2725 4905 τῆς
2755 4836 2812 4889 δὲ
2841 4836 2971 4906 ὅλης
3002 4838 3245 4908 ἱστορίας
3263 4840 3531 4911 εδκοστῆς
3559 4839 3820 4911 πρώτης.

516 4933 691 4988 simus
747 4941 996 5003 quartus,
1030 4931 1285 4985 Arabica.
1334 4932 1513 5000 Atque
1557 4934 1660 4987 ista
1713 4933 1981 4986 universa:
2016 4931 2100 4986 bi-

2216 4928 2278 4981 ὐ
2314 4927 2372 4980 δὲ
2419 4926 2665 4988 εἰκοστὸς
2705 4925 2959 4996 δεύτερος
2992 4927 3150 4996 λόγος
3190 4931 3583 5000 ἐπιγράφεται
3643 4934 3825 4987 Ἐκα-

512 5027 697 5083 storis:
719 5025 939 5095 partitio
961 5033 1063 5078 est.
1092 5024 1361 5079 Bellorum
1392 5034 1573 5079 autem
1594 5024 1835 5079 civilium
1856 5023 2009 5078 libris
2033 5038 2096 5078 ea

2207 5019 2553 5085 τονταετία,
2586 5019 2616 5070 6
2651 5019 2709 5072 δὲ
2748 5020 2948 5090 ἐφεξῆς
2997 5022 3222 5090 Δακικὴ
3249 5062 3264 5086 ,
3289 5023 3411 5076 ⁵καὶ
3431 5025 3531 5077 6"
3560 5025 3827 5086 εἰκοστὸς

510 5120 745 5187 primum
779 5117 1153 5181 continentur,
1200 5130 1318 5185 quae
1346 5115 1548 5171 Marius
1579 5124 1635 5171 et
1682 5114 1831 5185 Sylla
1873 5114 2014 5168 'nter
2040 5130 2099 5171 se

2207 5112 2463 5183 τέταρτος
2511 5110 2780 5180 Ἀράϐιος
2794 5113 2862 5167 ’⁸.

1806 5230 2040 5288 νΑῐὶιιιΕ
2072 5229 2480 5287 LECTIONES.

580 5322 625 5357 ⁸⁸
651 5324 743 5377 τοῦ
769 5323 1076 5396 Ταρκυνίου
1109 5323 1237 5379 add.
1291 5325 1357 5381 A.
1460 5325 1507 5356 ⁸⁸
1544 5325 1953 5395 βεϐασιλευκὼς
1984 5320 2043 5379 εὖ
2102 5327 2151 5379 εί
2209 5326 2591 5396 Οθεουιιοηυε.
2698 5325 2742 5396 ⁸ί⁷
2773 5325 2983 5396 ζήσας1
3027 5326 3167 5378 deest
3214 5342 3493 5380 annorum
3558 5344 3827 5385 numerus

512 5392 871 5470 llmscltelius.
982 5397 1029 5427 ⁸⁸
1062 5396 1364 5470 κα-τέτρεψε
1431 5392 1554 5470 Δς.’
1595 5397 1675 5470 ’⁸³
1716 5396 1809 5470 οὖν
1839 5414 1947 5451 om.
1984 5401 2047 5451 Α.
2121 5398 2210 5470 __’°
2236 5398 2303 5470 τά
2358 5397 2435 5470 εἰς
2464 5394 2587 5467 τὴν]
2636 5392 2996 5470 ταύτάέστ-ιν
3169 5398 3421 5467 περιέχει
3474 5400 3551 5452 τὰ
3584 5402 3671 5464 είς
3724 5403 3826 5470 τὴν

511 5482 572 5529 ς.
648 5467 714 5544 ‘9-1
744 5466 917 5544 ιώ-νξον
939 5485 1026 5544 ς...
1099 5466 1392 5544 sufﬁt?“
1414 5466 1492 5520 Α;
1528 5466 1658 5544 Eoi};
1680 5469 1920 5544 κόλπους
1972 5485 2071 5544 ς.Δ
2115 5468 2163 5544 ξ³
2189 5467 2325 5536 πρὸς
2359 5466 2774 5544 τοὺςᾼσικελοβὺς
2807 5483 2870 5530 ς.
2907 5466 3265 5544 ,θίάνίϐατον
3543 5472 3594 5503 θ’
3620 5466 3825 5544 λυδικὴ

510 5552 574 5601 ς.
647 5535 695 5568 ⁸⁸
726 5539 976 5609 πολέμιοι
1002 5538 1066 5595 Α.
1143 5538 1187 5569 ’⁷
1206 5536 1402 5609 πρώτη
1432 5536 1556 5608 -β
1584 5537 1665 5593 A:
1698 5537 1915 5608 πρῶτος
1944 5569 2013 5578 -
2044 5535 2297 5606 δεύτερος
2358 5554 2420 5599 ς.
2499 5538 2546 5568 ³³
2572 5539 2668 5590 καὶ
2692 5540 2719 5591 ὁ
2751 5540 2793 5591 Α
2823 5554 2835 5592 :
2897 5537 2925 5589 6
2953 5536 3010 5590 δὲ
3044 5554 3107 5602 ς.
3216 5539 3260 5569 θ’
3286 5539 3575 5609 άρράϐιος
3631 5560 3699 5607 ς.

578 5722 655 5791 (2)
687 5720 762 5773 De
800 5736 905 5789 qua
949 5732 1005 5775 et
1039 5722 1236 5778 Suidas
1280 5740 1293 5776 :
1334 5723 1690 5792 eamdemque
1742 5723 1809 5775 ad
1856 5724 2079 5777 verbum
2192 5721 2337 5775 aliis.

508 5790 645 5863 pene
693 5792 1024 5863 descriptam
1055 5810 1084 5846 e
1120 5794 1261 5863 Plut.
1305 5794 1444 5848 Vitis
1492 5790 1855 5847 observarunt
1911 5794 2077 5847 docti.
2196 5862 2199 5863 ν
2263 5793 2340 5860 (4)
2389 5790 2541 5856 Quod
2593 5805 2746 5845 serva
2798 5802 2958 5849 natus
3013 5800 3182 5848 eSSct.
3240 5791 3476 5863 Dionys.
3541 5794 3818 5852 Halicarn

578 5862 654 5932 (5)
705 5858 841 5930 Lege
881 5858 1061 5929 Tullo,
1095 5879 1157 5916 ex
1212 5862 1384 5931 Livio,
1444 5864 1663 5934 Dionys.
1722 5863 1995 5920 llalicarn.
2025 5874 2081 5919 et
2190 5858 2283 5917 lib.
2324 5858 2397 5915 tv.
