4030 6468
277 440 370 505 illi

1447 435 1982 498 BIBLIOTHECA.
2009 459 2080 472 -
2115 433 2280 495 COD.
2311 432 2493 496 LVII.

3473 427 3576 496 102

339 554 493 610 Οὗτω
514 555 624 624 μὲν
654 553 757 625 τῆς
783 555 913 625 ὅλης
941 554 1187 627 ἱστορίας
1218 556 1252 628 ή
1284 555 1568 626 διαίρεσις.
1611 553 1875 626 Ἐμπεριο

1996 553 2364 624 Jelligeranles
2417 561 2724 621 patrarunt.
2779 551 2981 611 Deinde
3021 565 3142 621 quae
3189 551 3481 622 Pompeius
3520 563 3579 608 et

273 651 449 719 ἔχεται
482 646 604 720 [:23
641 647 681 700 ll
707 647 806 720 ]δὲ
829 651 944 712 τοῖς
975 649 1264 720 ἐμφυλίοις
1286 649 1503 720 πρῶτον
1530 648 1632 720 μὲν
1657 648 1727 701 τὰ
1751 647 1882 716 περὶ

270 743 477 812 Μάριον
500 741 606 792 καὶ
637 741 861 795 Σύλλαν
888 741 1150 812 ἀλλήλοιν
1192 739 1694 812 ἐκπολεμησὰντοιν
1721 779 1737 806 ,
1784 739 1885 792 ἐπ-

271 850 384 887 ειτα
413 831 532 901 τὰέ
573 831 714 901 περὶ
743 832 1042 902 Πομπήϊον
1075 831 1171 885 καὶ
1212 831 1430 884 Ἰούλιον
1450 830 1542 883 τὸν
1591 829 1882 900 Καίσαρα,

273 922 611 979 καὶ-τούτοιν
634 925 698 983 ἐς
729 923 1004 994 ἀλλήλους
1037 925 1457 978 στασιασάντων
1484 924 1580 978 καὶ
1613 922 1885 993 μεγάλαις

284 1015 484 1085 μάχαις
516 1013 932 1082 τροραγὲντοιν
956 1053 972 1078 ,
996 1013 1087 1066 ὅτε
1125 1013 1218 1066 καὶ
1251 1014 1283 1082 ἡ
1310 1011 1452 1082 τύχη
1479 1011 1646 1066 πλέον
1681 1009 1889 1080 Ἰουλίῳ

505 1099 878 1170 παρασχοῦσα
910 1103 968 1165 ἐς
1019 1101 1168 1154 νῶτα
1217 1101 1313 1154 καὶ
1359 1101 1540 1172 φυγὴν
1597 1100 1887 1170 Πομπήϊον

299 1190 534 1261 ἐτρετζρεν·
557 1187 774 1258 ἐφεξῆς
797 1189 856 1242 δὲ
876 1189 946 1242 τὰ
975 1189 1104 1261 περὶ
1142 1187 1453 1242 Ἀντὼνιον’
1477 1189 1571 1242 καὶ
1601 1189 1888 1241 Ὀκτάυῖον

302 1280 532 1347 Καίσαρα
560 1318 577 1341 ,
607 1276 709 1328 τὸν
763 1277 868 1330 καὶ
902 1275 1218 1344 Αύγουστον
1243 1319 1259 1344 ,
1296 1279 1432 1348 πρὸς
1457 1277 1585 1340 τοὺς
1623 1275 1887 1348 ἀνδροφό-

297 1383 402 1426 vsa;
445 1362 538 1416 τοῦ
581 1366 873 1434 προτέρου
921 1365 1238 1436 Καίσαρος,
1287 1364 1411 1418 καθ’
1459 1364 1520 1418 ὃν
1564 1363 1758 1435 καιρὸν
1791 1363 1890 1417 καὶ

290 1455 463 1508 πολλοὶ
486 1454 600 1506 τῶν
635 1456 944 1524 ἐπισήμων
973 1455 1262 1525 Ῥωμαίων
1287 1456 1442 1527 δίκης
1469 1455 1688 1525 ἁπάσης
1716 1454 1888 1526 χωρὶς

283 1548 372 1618 τὴν
404 1549 493 1600 ἐπὶ
531 1545 762 1616 θανάτῳ
801 1546 1131 1618 ἀπήχθησαν
1155 1563 1170 1578 °
1202 1549 1515 1601 τελευταῖον
1540 1547 1599 1600 δὲ
1624 1547 1660 1602 ἃ
1685 1548 1745 1610 ὲς
1784 1545 1884 1600 άλ-

282 1643 469 1712 λήλους
491 1641 808 1695 συνέπεσεν
823 1641 868 1706 ³,
916 1640 1205 1694 Ἀντώνιόν
1230 1658 1374 1711 φημι
1393 1641 1415 1672 ⁸
1437 1643 1528 1695 καὶ
1552 1640 1887 1710 Αῠγουστον,

284 1737 332 1790 οἳ
362 1736 616 1802 πολέμοις
649 1737 958 1806 κρατεροῖς
1003 1734 1270 1805 ἀλλήλους
1311 1733 1718 1806 διεπολέμησαν
1740 1773 1757 1800 ,
1791 1733 1890 1788 καὶ

287 1827 487 1880 πολλῶν
517 1827 928 1899 στρατοπέδων
963 1827 1173 1898 φθορὰν
1218 1828 1615 1898 ἀνειργάσαντο
1637 1866 1652 1890 ,
1702 1826 1752 1879 εί
1794 1826 1890 1880 καὶ

1985 644 2160 700 Julius
2193 645 2379 700 Caasar
2408 656 2714 715 gesserunt,
2751 656 3038 714 postquam
3071 644 3236 698 etiam
3273 644 3324 698 hi
3371 642 3571 698 factio-

1987 739 2149 793 nibus
2197 738 2337 792 inter
2371 751 2432 792 se
2470 738 2821 804 contendere,
2874 735 3187 806 praeliisque
3254 735 3571 804 iungentibus

1987 828 2282 898 conﬂigere
2315 836 2636 896 ceperunt;
2686 829 2906 899 quando
2957 837 3011 882 et
3060 829 3277 882 fortuna
3317 825 3461 881 Julio
3495 830 3579 879 fa-

1987 935 2144 984 vens,
2179 927 2331 989 terga
2361 921 2491 973 dare
2517 933 2580 972 ac
2612 917 2799 990 fugere
2847 919 3164 988 Pompeium
3206 918 3411 987 adegit.
3451 917 3580 973 Post

1987 1013 2056 1065 ab
2090 1011 2328 1066 Antonio
2385 1021 2439 1066 et
2503 1007 2727 1065 Octavio
2761 1010 2998 1077 Caesare,
3040 1012 3132 1080 qui
3194 1019 3248 1065 et
3303 1013 3579 1080 Augustus

1990 1102 2190 1168 dictus,
2223 1111 2376 1174 gesta
2411 1119 2533 1158 cum
2562 1103 2797 1158 Caesaris
2827 1100 2952 1158 Julii
2992 1103 3440 1172 Percussoribus,
3472 1117 3578 1170 qua

1990 1192 2157 1246 etiam
2201 1201 2527 1262 tempestate
2587 1193 2833 1262 plerique
2887 1191 3256 1246 Romanorum
3314 1192 3577 1255 illustres,

1993 1281 2190 1335 indicta
2223 1296 2408 1348 causa,
2461 1287 2529 1338 ad
2571 1295 2802 1336 mortem
2837 1283 3219 1354 raptabantur.
3255 1283 3498 1352 Denique
3527 1294 3581 1335 ct

1991 1388 2112 1442 quae
2151 1375 2292 1429 inter
2319 1375 2465 1444 ipsos
2509 1379 2850 1443 acciderunt,
2887 1376 3208 1440 Antonium,
3256 1377 3474 1445 inquam
3527 1386 3583 1428 et

1991 1464 2319 1534 Augustum,
2357 1467 2642 1522 horrendis
2670 1468 2904 1522 invicem
2940 1466 3093 1522 bellis
3116 1481 3240 1520 cum
3266 1465 3560 1518 multorum

1991 1557 2332 1610 exercituum
2387 1569 2570 1630 strage
2611 1557 3004 1629 conﬁigentes:
3041 1567 3097 1611 et
3131 1559 3174 1612 si
3220 1559 3289 1612 ab
3332 1557 3578 1626 Augusto

1995 1646 2211 1699 tandem
2242 1647 2472 1702 victoria
2503 1649 2677 1715 stetit,
2721 1664 2825 1718 qua
2858 1650 3020 1702 etiam
3057 1665 3083 1701 a
3127 1648 3292 1702 sociis
3328 1649 3582 1702 desertus

1991 1737 2288 1804 Antonius,
2317 1739 2693 1812 in-IEgyptum
2733 1740 3178 1810 proﬂigatus,ubi
3217 1755 3436 1792 manum
3471 1740 3576 1792 sibi

1997 1831 2257 1898 all‘erens,
2291 1832 2454 1886 vitam
2507 1833 2744 1903 abrupit.
2775 1833 2893 1900 Quo
2949 1833 3076 1887 item
3129 1831 3394 1886 librorum
3456 1831 3578 1884 belli

280 1919 574 1990 Αὐγούστῳ
609 1919 858 1990 ὕστερον
891 1921 926 1991 ἡ
957 1919 1084 1991 νίκη
1123 1919 1448 1990 ἐμϐλέψασα
1502 1919 1709 1990 ἔρημον
1752 1938 1888 1992 συμ-

1996 1924 2174 1979 civilis
2211 1925 2345 1996 16b
2379 1925 2570 1979 ultimo
2617 1924 2891 1996 Aﬁgyptus
2917 1926 3262 1988 describitur,
3295 1933 3350 1975 ut
3378 1923 3429 1976 itt
3461 1921 3573 1976 Ro-

290 2014 464 2084 μὰχων
491 2014 577 2074 είς
614 2012 916 2082 Αἴγυπτον
947 2013 1164 2084 φυγάδα
1194 2013 1286 2066 τὸν
1331 2011 1615 2066 Ἀντώνιον
1649 2014 1850 2084 ἦλασεν
1871 2053 1886 2079 ,

292 2107 370 2174 ἐξ
406 2102 466 2178 ἧς
485 2107 584 2160 καί
619 2105 959 2179 αὐτοχειρίᾳ⁸
1007 2105 1100 2158 τδν
1142 2103 1254 2176 βίον
1285 2105 1676 2175 κατέστρεψεν.
1711 2098 1891 2176 ’ᾯτινι

1998 2035 2285 2074 manorum
2326 2028 2651 2090 potestatem
2696 2020 2907 2074 venerit
2946 2036 2963 2071 ι
3001 2026 3167 2088 utque
3215 2032 3303 2072 res
3337 2016 3584 2071 Romana

2002 2110 2057 2165 in
2091 2113 2252 2168 unius
2281 2113 2515 2181 Augusti
2543 2112 2830 2181 imperium
2860 2112 3134 2166 reciderit.

290 2199 388 2252 τῶν
412 2198 702 2268 ἔμφυλίων
746 2198 867 2251 δντι
896 2198 1074 2268 λόγῳ⁵
1120 2195 1420 2266 τελευταίῳ
1462 2197 1558 2250 καὶ
1603 2196 1883 2264 Αἴγυπτος
1919 2199 2214 2272 δηλοῦται,
2258 2204 2334 2268 ὡς
2366 2202 2472 2256 ὑπὸ
2510 2202 2845 2274 Ῥωμαίοις⁶
2879 2203 3099 2272 ἐγένετο
3176 2202 3271 2257 καὶ
3309 2199 3378 2256 τὰ
3452 2202 3587 2254 Ῥω-

288 2291 450 2362 μαίων
473 2291 533 2353 ἐς
571 2289 902 2360 μοναρχίαν
929 2290 1026 2343 καὶ
1057 2287 1369 2356 Αὔγουστον
1413 2287 1814 2360 ἐπανέδραμεν.

347 2385 620 2452 ’Δρχεται
685 2383 797 2452 μὲν
845 2376 941 2434 οὖν
967 2379 1068 2451 τῆς
1099 2379 1341 2451 ἱστορίας
1371 2378 1481 2432 ἀπὸ
1523 2378 1738 2432 Αἰνείου
1788 2378 1882 2434 τοῦ

291 2473 539 2542 Ἀγχίσου
572 2470 678 2524 τοῦ
714 2471 1001 2542 ,Κάπυος
1051 2469 1111 2533 ὃς
1158 2471 1214 2522 ὲν
1243 2468 1322 2539 τῷ
1356 2469 1590 2540 Τρωϊκῷ
1618 2468 1836 2540 ἦκμασε
1858 2469 1878 2500 ⁷

284 2565 500 2635 πολέμῳ
520 2603 537 2626 ,
579 2563 736 2632 μετᾶ
809 2562 868 2614 δὲ
899 2561 996 2632 τὴν
1047 2560 1252 2615 ἅλωσιν
1281 2560 1380 2632 τῆς
1427 2562 1647 2634 Τρωίας
1679 2561 1848 2633 ἔφυγε
1876 2603 1892 2629 ,

280 2657 369 2709 καὶ
388 2655 529 2725 μετὰ
560 2652 808 2724 μακρὰν
831 2651 1046 2722 πλάνην
1068 2650 1375 2705 καταπλεῖθ
1397 2649 1454 2715 ἐς
1482 2668 1603 2704 τινα
1622 2650 1723 2720 τῆς
1760 2652 1896 2704 ἰταο

278 2749 392 2812 λίας
423 2746 688 2814 αἰγιαλὸν
711 2787 727 2809 ,
789 2742 1075 2813 Λὼρεντον
1123 2742 1555 2814 ἐπικαλούμενον
1575 2784 1591 2810 ,
1639 2743 1769 2797 ἔνθα
1797 2743 1896 2797 καὶΙ

281 2839 652 2910 στρατοπεδον
675 2836 853 2890 αὐτοῦ
885 2835 1182 2900 δείκνυται,
1201 2835 1294 2888 καὶ
1313 2833 1413 2906 τὴν
1439 2834 1610 2905 ἀκτὴν
1635 2835 1729 2888 ἀπ’
1752 2834 1890 2887 ὲκεί-

277 2952 362 2986 νεο
410 2933 626 3004 Τροίαν
665 2930 954 2985 καλοῦσιν.
993 2924 1171 3000 τΗρχε
1207 2929 1331 2982 τότε
1387 2927 1746 2999 Ἀϐοριγίνων
1780 2927 1891 2981 τῶν

276 3027 398 3096 τῇδε
436 3023 673 3077 Ἰταλῶν
705 3022 920 3086 Φαῦνος
949 3024 978 3075 ὁ
1004 3021 1097 3074 τοῦ
1129 3022 1360 3092 ¹Ἄρεως.
1387 3020 1445 3085 ὃς
1470 3021 1567 3074 καὶ
1601 3019 1896 3090 ζεύγνυσιν

282 3118 466 3187 Αἰνείᾳ
486 3118 596 3188 τὴν
644 3114 940 3186 θυγατέρα
965 3112 1129 3168 αὑτοῦ
1163 3112 1458 3166 Λαουινίαν
1485 3152 1500 3176 ,
1533 3112 1630 3166 καὶ
1681 3113 1785 3183 γῆν
1815 3112 1894 3166 δί-

285 3211 442 3264 δωσιν
477 3213 544 3263 ὲκ
578 3207 848 3278 περιόδου
883 3205 1116 3258 σταδίων
1144 3190 1512 3274 τετρακοσίων
1531 3207 1573 3257 ν.
1621 3204 1680 3257 '0
1706 3205 1764 3256 δὲ
1799 3203 1897 3257 πό-

287 3304 363 3356 λιν
393 3304 583 3356 ἔκτισε
604 3303 691 3364 ⁸⁸,
732 3298 836 3353 καὶ
875 3298 982 3351 ἀπὺ
1024 3297 1122 3368 τῆς
1156 3295 1413 3364 γυναικὸς
1453 3294 1742 3348 Λαουίνιον
1791 3297 1892 3348 ὲπ-

291 3397 554 3465 ιιι-θύμασε.
592 3394 796 3464 Τρίτῳ
833 3392 890 3445 δὲ
919 3391 1031 3444 ἔτει
1080 3389 1174 3443 τοῦ
1198 3388 1405 3442 Φαύνου
1433 3388 1853 3458 τελευ’τήσαντος
1873 3427 1887 3452 ,

293 3490 562 3559 ἱκὸἐχεται
612 3487 721 3556 τὴν
772 3485 948 3555 ἀρχὴν
971 3484 999 3535 ὁ
1026 3482 1245 3543 Αἰνείας
1291 3481 1434 3534 κατὰ
1469 3479 1531 3532 τὸ
1558 3480 1726 3550 κῆδος
1749 3521 1762 3543 ,
1797 3481 1891 3532 καὶ

297 3582 410 3643 τοὺς
449 3578 819 3650 ’Δϐοριγίνας
870 3574 979 3628 άπὸ
1001 3572 1096 3627 τοῦ
1124 3570 1391 3642 κηδεστοῦ
1421 3571 1653 3624 Λατίνου
1681 3569 1889 3622 Φαύνου

301 3675 545 3736 Λατίνους
568 3671 934 3740 ἱπωνὸμασε.
967 3669 1148 3740 Τρίτῳ
1172 3667 1229 3720 δὲ
1258 3666 1368 3718 ἔτει
1393 3664 1554 3719 πάλιν
1581 3664 1671 3717 διὰ
1691 3665 1890 3718 Λαουι-

304 3767 410 3819 vim
439 3767 538 3837 τὴν
585 3765 844 3834 γυναῖκα
896 3759 1002 3813 ὑπὸ
1046 3756 1377 3811 Ῥουτούλων
1408 3756 1518 3809 τῶν
1555 3755 1888 3828 Τυρρήνων,

312 3857 852 3932 προμνηστευθεῖσαν
889 3851 1067 3906 αὐτῶν
1091 3850 1167 3922 τῷ
1195 3848 1438 3920 βασιλεῖ,
1459 3849 1764 3918 ἀναιρεῖται
1798 3863 1891 3899 πο·

317 3951 463 4020 λὲμου
485 3953 641 4021 νόμῳ
678 3951 710 4002 ὁ
741 3947 967 4010 Αἰνείας
988 3984 1003 4009 ,
1030 3946 1125 3998 καὶ
1149 3945 1248 4014 τὴν
1272 3941 1448 4012 ἀρχὴν
1477 3940 1749 4006 διεδέξατο
1782 3938 1890 3991 eo-

336 4046 508 4116 ρυλέων
530 4085 546 4106 ,
580 4043 886 4103 ’Δσκάνιος
917 4035 1344 4111 μετονομασθεὶς
1366 4075 1381 4098 ,
1407 4033 1465 4098 ὃς
1502 4032 1768 4104 ἐγεννήθη
1814 4029 1892 4102 τῷ

335 4139 500 4210 Αἰνεία
526 4141 583 4191 ὲκ
624 4134 927 4208 Κρεούσης
969 4131 1062 4204 [52
1099 4127 1204 4200 IL]
1242 4131 1342 4197 τῆς
1379 4126 1667 4198 Πριάμου,
1702 4125 1802 4192 τῆς
1834 4125 1893 4177 ἐν

341 4230 455 4300 Ἰλίῳ
485 4229 796 4298 γενομένης
824 4223 974 4294 αὐτῷ
996 4221 1254 4291 γυναικός
1275 4234 1288 4247 ’
1311 4219 1360 4271 οἱ
1386 4218 1444 4271 δὲ
1476 4219 1543 4270 ἐκ
1569 4216 1669 4287 τῆς
1693 4215 1893 4269 Λαουι-

317 4323 419 4386 vix;
462 4323 758 4376 Ἀσκάνιον
787 4315 938 4387 αὑτῷ
963 4310 1290 4384 γεννηθῆναι
1325 4326 1495 4378 φασι,
1528 4307 1620 4362 τὸν
1648 4307 1893 4376 διάδοχον

313 4418 397 4486 τῆς
414 4415 620 4485 ἀρχῆς.
650 4410 946 4466 Ἀσκανίου
975 4408 1033 4460 δὲ
1054 4405 1474 4476 τελευτήσαντος
1508 4401 1619 4454 ἔτει
1645 4399 1894 4470 τετάρτῳ

309 4511 436 4580 μετὰ
466 4513 569 4579 τὴν
609 4505 825 4576 ’Ἄλϐης
850 4505 1050 4558 οἴκισιν
1070 4502 1108 4534 ²¹
1133 4501 1265 4572 (καὶ
1286 4498 1395 4568 γὰρ
1417 4497 1512 4552 καὶ
1532 4490 1687 4560 οὗτος
1707 4496 1892 4550 ἔκτισε

304 4605 448 4656 πάλιν
467 4645 483 4667 ,
512 4601 736 4672 Ἀλϐην
767 4597 1003 4660 καλέσας
1022 4638 1036 4661 ,
1072 4594 1168 4648 καὶ
1197 4592 1304 4648 ἀπὸ
1326 4590 1620 4654 Λαουινίας
1647 4589 1739 4642 τὸν
1764 4587 1894 4642 λαὸν

2074 2381 2332 2436 Historiae
2380 2381 2546 2434 totius
2607 2381 2821 2434 initium
2874 2380 3096 2436 ducitur
3133 2380 3200 2434 ab
3243 2379 3437 2446 Elaea,
3477 2379 3586 2434 ﬁlio

1995 2475 2273 2540 Anchisae,
2306 2474 2397 2528 ﬁlii
2433 2474 2656 2546 Capyis,
2695 2475 2788 2543 qui
2840 2473 3078 2544 Trojano
3129 2472 3268 2526 bello
3318 2471 3585 2535 interfuit,

1996 2570 2202 2637 Ilioque
2233 2579 2396 2638 eapto
2427 2579 2589 2636 atque
2634 2582 2828 2622 everso
2863 2568 3016 2636 fugit,
3058 2576 3113 2620 et
3148 2567 3310 2620 variis
3343 2565 3588 2635 jacmtus

1997 2661 2308 2726 erroribus,
2344 2664 2408 2715 ad
2446 2660 2618 2714 Italia
2663 2661 2936 2730 quoddam
2989 2659 3137 2712 littus
3192 2673 3251 2712 se
3301 2657 3585 2728 applicuit,

2001 2754 2150 2823 quod
2182 2752 2519 2807 Laurentum
2548 2753 2788 2816 dictum;
2817 2753 2906 2806 ubi
2937 2760 2991 2805 et
3020 2758 3201 2805 castra
3228 2749 3372 2804 illius
3404 2760 3588 2802 osten-

2003 2847 2238 2908 duntur,
2268 2853 2324 2898 et
2349 2859 2414 2899 ex
2441 2846 2556 2912 ipso
2578 2859 2673 2898 ora
2716 2843 2805 2897 illa
2841 2843 3111 2896 maritima
3141 2841 3378 2912 Trojana
3409 2840 3582 2896 nomi-

1997 2949 2181 2995 natur.
2211 2938 2519 3008 lmperabat
2542 2950 2654 2994 tum
2694 2938 2764 2991 ibi
2792 2937 3187 3007 Aboriginibus
3218 2937 3387 2991 Italiae
3421 2951 3589 3006 popu-

1995 3029 2064 3085 lis
2093 3028 2334 3094 Faunus,
2390 3027 2579 3085 Martis
2644 3027 2836 3082 ﬁlius:
2889 3029 2982 3097 qui
3021 3036 3076 3082 et
3125 3025 3312 3082 [Baete
3358 3035 3585 3094 nuptum

1997 3122 2165 3176 ﬁliam
2206 3135 2362 3176 suam
2388 3119 2684 3190 ,Laviniam
2733 3119 2904 3186 dedit,
2951 3121 3460 3190 quadringentaque
3505 3116 3585 3187 (5)

1995 3213 2204 3268 circum
2229 3213 2377 3267 circa
2421 3224 2581 3267 terra:
2609 3213 2780 3267 stadia
2822 3213 3094 3278 attribuit,
3125 3214 3213 3266 ubi
3239 3209 3464 3268 -1Eneas
3487 3225 3587 3277 op-

2000 3306 2185 3377 pidum
2209 3306 2520 3372 :ediﬁcavit,
2539 3304 2683 3375 quod
2706 3304 2773 3359 ab
2790 3305 2975 3359 uxoris
2999 3303 3238 3358 Lavinia:
3261 3301 3590 3357 nomineLa-

1997 3398 2200 3452 vinium
2282 3397 2515 3451 vocavit.
2576 3394 2762 3450 Tertio
2819 3394 3020 3448 abhinc
3091 3410 3256 3459 anno,
3315 3394 3588 3448 exstincto

1993 3490 2202 3556 Fauno,
2231 3489 2525 3560 imperium
2550 3498 2744 3542 nactus
2762 3487 2970 3542 {Encas
2995 3497 3102 3548 est,
3137 3486 3260 3554 jure
3277 3484 3586 3552 aliinitatis;

1993 3594 2047 3638 et
2081 3581 2422 3652 Ahorigenes
2461 3580 2530 3634 ob
2582 3579 2896 3634 afﬁnitatem
2935 3577 3114 3633 Latini
3154 3576 3324 3630 Fauni
3361 3576 3588 3630 Latinos

1995 3673 2323 3728 nominavit.
2351 3671 2537 3726 Tertio
2585 3671 2781 3726 iterum
2840 3686 2984 3726 anno
3031 3685 3061 3724 a
3121 3669 3334 3724 Rutulis
3366 3668 3580 3739 populis

1993 3766 2316 3839 Tyrrhenite
2362 3774 2582 3834 propter
2625 3761 2930 3827 Laviniam,
2982 3762 3197 3817 illorum
3244 3762 3375 3831 Regi
3421 3769 3585 3816 antea

1993 3861 2361 3930 desponsam,
2414 3857 2555 3912 bello
2605 3855 3106 3923 tollitur-)Eneas;
3177 3854 3580 3924 imperiumque

1994 3954 2267 4024 Euryleon
2339 3951 2604 4021 suscepit,
2649 3950 2918 4006 Ascanius
2969 3952 3412 4019 cognominatus.
3481 3945 3582 4002 Hic

1993 4045 2183 4101 Aine-.2
2213 4060 2279 4100 ex
2308 4045 2520 4100 Creusa
2555 4043 2758 4099 Priami
2787 4045 2919 4108 lilia,
2954 4058 3116 4112 quam
3148 4043 3198 4096 in
3227 4042 3323 4096 Ilio
3347 4055 3574 4095 uxorem

1995 4139 2283 4206 habuerat,
2315 4139 2456 4192 ﬁlius
2483 4138 2606 4204 fuit,
2640 4138 2741 4192 etsi
2807 4137 2896 4191 alii
2927 4153 2993 4192 ex
3017 4136 3243 4190 Lavinia
3283 4147 3468 4190 natum
3503 4134 3580 4187 illi

1994 4231 2296 4287 Ascanium
2332 4231 2533 4292 ferunt,
2573 4231 2724 4300 regni
2757 4245 3153 4287 successorem.
3204 4228 3420 4283 Mortuo
3453 4226 3579 4282 dein

1995 4323 2259 4390 Ascanio,
2294 4333 2498 4394 quarto
2526 4333 2651 4394 post
2672 4339 2816 4378 anno
2842 4339 3003 4394 quam
3027 4322 3215 4376 Albam
3245 4321 3584 4380 condiderat,

2001 4417 2226 4490 (etenim
2249 4426 2306 4472 et
2336 4417 2427 4471 hic
2455 4417 2710 4486 Oppidum
2738 4415 3004 4481 condidit,
3028 4415 3171 4479 quod
3193 4413 3381 4466 Albam
3406 4411 3588 4465 nomi-

1997 4510 2172 4576 navit,
2212 4519 2378 4578 atque
2416 4524 2480 4564 eo
2506 4524 2570 4562 ex
2603 4507 2832 4562 Lavinio
2872 4506 3144 4562 coloniam
3184 4504 3429 4574 deduxit)
3458 4501 3584 4574 Syl-

1994 4604 2116 4658 vius
2154 4603 2306 4674 regni
2348 4601 2590 4658 habenas
2650 4603 2864 4672 accepit
2913 4618 2926 4653 :
2980 4599 3140 4667 lmjus
3197 4597 3364 4667 Sylvii
3416 4596 3582 4650 ﬁlium

307 4698 654 4770 μετῴκισεν)
713 4694 997 4764 ἐκδέχεται
1027 4690 1125 4762 τὴν
1176 4687 1350 4761 ἀρχὴν
1397 4685 1637 4749 Σιλούιος
1659 4685 1723 4738 ⁸⁸.
1782 4683 1888 4736 Καὶ

1999 4693 2231 4750 ιλΕιιειιιη
2264 4694 2511 4765 Sylvium
2549 4693 2777 4759 faciunt,
2817 4690 3006 4746 Αέιιναε
3060 4691 3182 4745 dein
3219 4689 3388 4743 ﬁlium
3438 4687 3587 4741 Lati-

303 4792 543 4845 Σιλουίου
598 4788 775 4840 παῖδα
811 4786 1031 4841 Αἰνείαν
1074 4781 1314 4836 Σιλούιόν
1344 4797 1508 4849 φασιν
1532 4818 1548 4842 ,
1580 4775 1796 4830 Αἰνείου
1836 4775 1894 4828 δὲ

301 4887 529 4938 Λατῖνον
565 4879 814 4934 Σιλούιον
830 4919 847 4944 ,
869 4877 964 4931 τοῦ
982 4876 1038 4929 δὲ
1069 4874 1290 4936 Κάπυν,
1314 4872 1540 4932 Κάπυος
1559 4869 1616 4923 δὲ
1635 4869 1893 4922 Κάπετον

300 4975 560 5044 γενέσθαι
575 5017 594 5040 ,
631 4971 886 5025 Καπέτου
908 4969 965 5023 δὲ
988 4967 1292 5037 Τιϐερῖνον,
1316 4962 1410 5017 τοῦ
1425 4962 1481 5016 δὲ
1504 4959 1890 5032 Ἀγρίππαν¹³,

299 5065 388 5118 τοῦ
412 5066 476 5118 δὲ
501 5061 814 5134 Ῥωμύλον.
838 5059 949 5114 Καὶ
971 5057 1171 5112 ’τόνδεη
1194 5056 1294 5126 μὲν
1327 5053 1593 5126 βληθῆναι
1620 5049 1892 5123 κεραυνῷο

297 5149 356 5209 οὗ
387 5152 658 5224 γενέσθαι
681 5151 847 5204 παῖδα
873 5149 1172 5204 Ἀϐεντῖνον
1193 5189 1208 5214 ,
1245 5144 1553 5200 Ἀϐεντίνου
1581 5144 1639 5198 δὲ
1672 5143 1893 5215 Πρὸκαν

298 5247 584 5316 γενέσθαι.
624 5245 734 5298 Καὶ
758 5245 892 5298 πᾶσι
916 5242 973 5296 δὲ
1000 5241 1091 5295 τὸν
1125 5238 1367 5293 Σιλούιον
1407 5235 1696 5307 ἐπώνυμον
1723 5231 1887 5290 εἶναι.

297 5343 390 5412 τῷ
419 5342 483 5396 δὲ
513 5341 710 5412 Πράκα
735 5338 828 5393 δύο
853 5336 1144 5408 ἐγενέσθην
1168 5337 1274 5389 υἱοὶ
1294 5335 1360 5401 ¹⁵,
1383 5333 1754 5405 πρεσϐύτερος
1789 5332 1889 5402 μὲν

1996 4803 2126 4842 num
2166 4786 2409 4860 Sylvium
2439 4787 2770 4842 nominant:
2809 4784 2968 4853 cujus
3015 4782 3182 4837 ﬁlium
3229 4781 3438 4852 Capyn,
3482 4780 3584 4833 Ca-

2001 4877 2123 4948 pyis
2155 4893 2285 4933 vero
2319 4877 2578 4947 Capetum
2609 4877 2780 4933 fuisse
2809 4877 2964 4931 aiunt
2993 4916 3008 4942 ,
3050 4884 3104 4931 et
3141 4874 3328 4944 Capeti
3371 4872 3585 4926 Tiberi-

1999 4983 2154 5034 num,
2201 4970 2363 5038 Itujus
2419 4983 2635 5024 rursum
2689 4968 3013 5039 Agrippam,
3078 4966 3234 5036 cujus
3287 4963 3582 5018 Romulum

2001 5061 2172 5114 ﬁlium
2215 5059 2421 5127 ferunt,
2456 5059 2678 5115 fulmine
2713 5060 3009 5124 sublatum,
3045 5059 3237 5114 relicto
3275 5057 3381 5111 ﬁlio
3402 5057 3583 5108 Aven-

2000 5153 2139 5218 tino,
2175 5169 2241 5208 ex
2270 5169 2380 5223 quo
2410 5153 2630 5207 Procas.
2667 5151 2829 5207 Hisce
2875 5153 3127 5205 omnibus
3174 5148 3341 5220 Sylvii
3373 5161 3582 5201 memo-

2006 5256 2133 5300 rant
2150 5247 2395 5300 additum
2417 5254 2858 5316 cognomentum.
2876 5242 3062 5298 Procae
3085 5243 3191 5296 duo
3217 5249 3376 5292 erant
3393 5237 3584 5301 liberi;

1997 5345 2126 5390 natu
2181 5337 2356 5408 major
2394 5335 2654 5393 Nemetor
2695 5337 2798 5408 (6),
2849 5337 3028 5391 minor
3082 5331 3332 5388 Amulius
3383 5329 3580 5385 dictus.

1613 5443 1848 5500 VARUE
1889 5442 2296 5504 LECTIONES.

372 5550 392 5580 ¹
425 5546 627 5600 ἔπειτα
659 5543 720 5596 δὲ
747 5542 818 5596 τὰ
863 5559 923 5606 ς.

1027 5544 1048 5574 ³
1077 5541 1400 5596 ’Δντωνῖνον
1440 5537 1540 5591 καὶ
1575 5537 1660 5590 ὅτι
1691 5537 1835 5591 κατὰ
1865 5535 2097 5608 Ἀϐριον
2121 5540 2272 5593 καίσ.
2317 5557 2378 5604 ς.

2458 5539 2478 5570 ³
2535 5540 2836 5594 συνέπεσον
2863 5557 2924 5603 ς.
3007 5539 3028 5570 ⁸
3050 5546 3177 5590 ante
3207 5551 3350 5606 φημι
3377 5549 3499 5606 cum
3539 5534 3576 5586 A

305 5619 470 5671 misi
509 5621 596 5670 τέ.
676 5615 699 5646 ⁸
727 5605 902 5680 λόγων
937 5612 1051 5666 δντι
1077 5629 1139 5676 ς’.
1205 5613 1226 5644 ⁸
1261 5609 1569 5679 Ῥωμαίους
1587 5626 1647 5672 ς.
1763 5605 2076 5678 ἤκμαζεΑ.
2135 5611 2156 5642 ⁸
2190 5612 2450 5664 κατέπλει
2470 5613 2534 5666 ;\.
2576 5613 2597 5643 ⁹
2627 5611 2812 5664 δίδωσι
2837 5607 3255 5680 γῆντ-σταδίων
3285 5605 3578 5680 κτριῷν-γγς.

307 5689 353 5720 ³⁸
386 5688 546 5782 πόλιν
566 5702 637 5782 ξε
678 5684 964 5782 Ξκτισει-
991 5682 1248 5782 not/gusto;
1268 5681 1549 5782 λαουῖὶνίας
1579 5679 1854 5782 λαρὲἲνιον
1889 5696 1950 5742 ς·.

1734 5765 1836 5803 υιω
1869 5765 1931 5812 ς.

309 5776 372 5824 ς.
456 5759 500 5791 ¹³
563 5755 820 5827 ἀγρόπαν
846 5757 914 5811 Α.
996 5753 1039 5786 ⁸⁸
1064 5753 1217 5808 τόνδε
1260 5756 1302 5806 A
1343 5768 1356 5806 :
1389 5751 1484 5806 τὸν
1517 5768 1578 5815 ς’.

2055 5681 2096 5712 ¹¹
2126 5681 2329 5736 οἶκισιν
2358 5682 2698 5738 Hteschelius
2728 5699 2742 5736 :
2768 5675 3160 5750 Ιίὺὲίόῐκησιν,
3257 5679 3300 5709 "
3329 5675 3579 5738 συλούῖος

1799 5838 2033 5896 ΝΟΤίΕ.

377 5946 461 6016 (5)
487 5944 638 6016 Lego
664 5941 1055 6015 τετρακοσίων.

2087 5930 2160 6004 (Ο)
2195 5929 2363 6000 Vulgo
2393 5929 2662 5983 Numitor.
