4030 6498
367 478 468 542 103

1497 478 1763 539 ΡΗΟΤΙΙ
1800 479 2305 540 ΡΑΤΒῘΛΗΟΗιἘ
2342 478 2451 538 CP.

3532 478 3631 540 1οί

365 594 501 649 Cum
557 593 732 663 major
765 606 895 651 natu
938 596 1108 666 patris
1140 604 1323 651 morte
1367 610 1593 665 regnum
1636 597 1952 651 haereditate

2076 596 2360 668 ίεμέτωρ,
2390 596 2653 666 νεώτερος
2677 594 2735 647 δέ
2779 593 3079 665 Ἀμούλιος.
3127 592 3396 656 Λαϐόντος
3436 593 3492 646 δὲ
3535 589 3633 645 τοῦ

367 686 723 755 suscepisset,
760 687 947 756 junior
971 688 1021 742 vi
1071 696 1127 743 et
1153 703 1249 758 per
1281 686 1435 741 nefas
1473 685 1545 740 illi
1591 686 1815 749 ademit,
1846 685 1952 740 fra-

370 777 580 847 trisque
608 777 776 832 ﬁlium
803 779 1063 849 Egestum
1102 779 1344 843 sustulit,
1384 777 1549 832 filiam
1577 792 1708 832 vero
1740 777 1949 831 Rheam

370 866 610 937 Sylviam
640 870 1001 936 sacerdotem,
1041 885 1109 924 ne
1148 885 1252 940 qua
1293 870 1587 923 liberorum
1631 884 1754 937 spes
1782 878 1949 932 esset,

371 957 521 1012 fecit.
552 959 618 1013 Et
647 958 990 1015 Nemetoretn
1036 963 1282 1030 quidem,
1324 959 1462 1028 17a
1493 959 1615 1012 licet
1642 957 1814 1012 frater
1830 959 1953 1012 vita:

372 1050 747 1115 insidiaretur,
784 1067 991 1105 morum
1053 1052 1306 1120 comitas,
1358 1050 1635 1119 multaque
1689 1050 1951 1105 modestia

375 1143 618 1211 periculo
650 1144 887 1198 exemit:
930 1155 985 1198 at
1012 1143 1242 1209 Rheam,
1268 1147 1410 1213 quod
1434 1152 1621 1197 contra
1665 1143 1953 1198 sacerdotii

373 1234 548 1304 legem
623 1237 951 1304 peperisset,
1010 1237 1276 1301 Amulius,
1332 1246 1389 1290 ut
1432 1236 1666 1306 puniret,
1714 1252 1958 1304 compre-

375 1326 603 1395 hendit,
641 1330 779 1381 duos
831 1343 957 1382 vero
1012 1328 1147 1383 ﬁlios
1197 1344 1264 1381 ex
1306 1344 1366 1382 ea
1409 1340 1566 1382 natos
1609 1329 1661 1381 in
1718 1330 1954 1382 vicinum

374 1413 618 1481 ﬂuvium,
665 1419 749 1471 cui
786 1416 1001 1471 Tiberis
1040 1434 1234 1472 nomen
1270 1430 1375 1485 est,
1406 1418 1826 1489 praecipitandos
1861 1435 1957 1487 pa-

378 1510 622 1563 storibus
657 1512 895 1564 tradidit.
942 1510 1259 1565 Liberorum
1281 1527 1476 1565 nomen
1511 1508 1735 1573 Romus,
1764 1519 1819 1565 et
1852 1510 1961 1565 Ro-

377 1599 553 1654 mulus
578 1600 678 1669 (7),
715 1603 783 1654 ab
821 1602 991 1657 Ainea
1043 1618 1139 1670 per
1174 1613 1404 1656 matrem
1445 1618 1617 1672 genus
1658 1604 1955 1659 trahentes.

376 1688 653 1745 Incertum
699 1694 844 1747 enim
895 1705 1179 1763 parentem
1225 1695 1503 1760 detestati,
1547 1692 1739 1749 Eheu:
1789 1695 1961 1765 magis

377 1786 597 1838 nomine
619 1784 1017 1853 gloriabantur.

450 1874 784 1946 Auspicatur
806 1893 959 1947 ergo,
990 1880 1065 1933 uti
1090 1880 1349 1946 diximus,
1369 1880 1651 1935 historiam
1681 1877 1960 1943 abjEnea,

2050 690 2423 763 πρεσϐυτέρου
2438 690 2591 761 παρὰ
2606 688 2703 743 τοῦ
2722 689 2928 760 πατρὸς
2940 687 3303 751 τελευτῶντος
3315 687 3414 757 τὴν
3431 684 3631 758 ἀρχὴν,

2050 784 2079 836 ὁ
2111 781 2372 852 νεώτερος
2401 779 2558 852 ὕϐρει
2586 780 2681 834 καὶ
2714 779 2807 851 βίᾳ
2831 779 3099 849 κατέσχεν
3131 777 3489 848 ἀφελόμενος.
3520 774 3637 830 Καὶ

2053 874 2142 927 τὸν
2176 874 2274 945 μὲν
2294 872 2312 945 Ῐ
2330 871 2403 927 24
2422 872 2489 927 Η.
2510 872 2530 945 ]
2557 873 2722 926 παῖδα
2744 870 2840 925 τοῦ
2863 870 3093 940 ἀδελφοῦ
3118 871 3381 938 Ἔγεστον
3406 869 3634 926 κτείνει,

2053 967 2152 1036 τὴν
2185 966 2460 1036 θυγατέρα
2487 965 2545 1019 δὲ
2571 965 2730 1019 Ῥέαν
2756 965 3006 1018 Σιλουίαν
3024 964 3068 995 ¹⁶
3092 964 3326 1034 ἱέρειαν,
3353 962 3441 1014 ἶνα
3468 961 3640 1021 ἄπαις

2053 1054 2342 1125 διαμείνῃ,
2391 1053 2788 1125 καθίστησι¹⁷·
2824 1054 2917 1106 τὸν
2960 1053 3144 1123 μέντοι
3200 1051 3492 1120 Νεμέτορα
3534 1049 3640 1118 τῆς

2056 1148 2135 1210 εἰς
2155 1147 2217 1200 τὸ
2247 1147 2407 1218 σῶμα
2448 1146 2743 1216 ἐπιϐουλῆς
2761 1146 2854 1216 “ﬁ
2875 1144 2982 1198 τῶν
3008 1144 3156 1214 ἡϐῶν
3181 1144 3437 1209 ἐξεῖλκε¹⁹
3461 1140 3636 1211 πραό-

2056 1258 2154 1312 της
2184 1242 2279 1293 καὶ¹
2306 1242 2339 1311 ἡ
2374 1241 2541 1311 πολλὴ
2566 1241 2856 1293 ἐπιείκεια.
2873 1239 3017 1292 Ἀλλ’
3044 1240 3078 1309 ἡ
3105 1238 3321 1292 Σιλουία
3340 1238 3466 1291 ἔκυε
3487 1236 3643 1307 παρὰ

2056 1334 2149 1385 τὸν
2187 1333 2351 1403 νόμον
2374 1372 2390 1395 ,
2419 1332 2514 1387 καὶ
2541 1333 2641 1404 τὴν
2681 1333 2778 1403 μὲν
2810 1332 3097 1402 Ἀμούλιος
3134 1331 3227 1384 ἐπί
3261 1329 3482 1384 κολάσει
3516 1344 3647 1380 συν-

2060 1422 2333 1494 ἐλάμϐανε
2355 1465 2368 1489 ,
2398 1423 2494 1476 δύο
2528 1423 2584 1476 δὲ
2632 1424 2831 1487 παῖδας
2866 1425 2931 1477 ἐκ
2965 1424 3127 1494 τῆσδε
3164 1424 3492 1493 γενομένους
3523 1438 3647 1474 ποι-

2064 1515 2221 1583 μέσιν
2260 1515 2462 1569 ἔδωκεν
2482 1556 2496 1580 ,
2522 1518 2601 1578 είς
2632 1516 2721 1567 τὸν
2749 1515 2977 1586 πλησίον
3021 1515 3265 1586 ποταμὸν
3290 1515 3550 1585 ἐμϐαλεῖν
3574 1514 3649 1566 τὲι

2063 1606 2240 1677 βρέφη
2264 1625 2277 1638 ’
2302 1607 2506 1677 Θύϐρις
2530 1602 2597 1678 ἦν
2624 1607 2795 1676 ὄνομα
2818 1608 2897 1678 τῷ
2922 1607 3152 1679 ποταμῷ
3172 1648 3186 1673 ,
3226 1608 3436 1677 Ῥῶμος
3461 1606 3517 1659 δέ
3548 1607 3650 1659 καὶ

2070 1695 2349 1765 Ῥωμύλος
2378 1698 2426 1749 oi
2457 1698 2677 1762 παῖδες,
2715 1697 2776 1762 ἐξ
2805 1699 3019 1751 Αἰνείου
3053 1698 3312 1763 ἕλκοντες
3371 1697 3650 1769 μητρόθεν

2062 1789 2125 1842 τὸ
2154 1789 2313 1855 γένος
2340 1805 2354 1821 ο
2386 1789 2447 1842 τὸ
2480 1790 2590 1862 γὰρ
2621 1790 2716 1844 τοῦ
2749 1791 2945 1860 φύντος
2966 1791 3011 1821 ’⁸
3043 1791 3324 1862 ἄδηλον²¹.

2138 1880 2399 1949 ’Ἀρχεται
2438 1880 2537 1950 μὲν
2574 1876 2690 1944 οὖν,
2722 1880 2797 1943 ὡς
2839 1880 3080 1951 εἴρηται,
3121 1881 3153 1951 ἡ
3185 1879 3393 1951 ἱστορία
3431 1880 3489 1930 ἐν
3530 1881 3655 1932 ἐπιδ

375 1968 556 2022 obiter
592 1970 657 2023 ad
689 1970 787 2023 hos
822 1985 994 2038 usque
1025 1986 1371 2039 progressus,
1396 1973 1488 2024 sed
1509 1986 1536 2024 a
1564 1970 1793 2024 Romulo
1812 1971 1960 2023 urbis

2076 1970 2236 2043 Βρομῇ
2263 1971 2373 2025 ἀπὸ
2402 1972 2613 2025 Αἰνείου
2649 1973 2778 2042 ἄχρι
2799 1973 2909 2025 τῶν
2934 1972 3162 2024 παίδων·
3194 1971 3303 2024 ἀπὸ
3334 1972 3391 2023 δέ
3430 1970 3654 2041 Ῥωμύ-

376 2060 664 2115 conditore
712 2073 965 2117 accurate
1002 2063 1211 2133 singula
1246 2074 1587 2133 persecutus,
1618 2063 1864 2133 perducit
1893 2061 1960 2115 ad

378 2156 708 2223 Augustum,
744 2157 871 2221 imo,
911 2158 1143 2226 sparsim
1172 2158 1389 2225 saltem,
1417 2169 1472 2213 et
1512 2159 1565 2213 in
1615 2167 1959 2224 transcursu,

380 2262 553 2318 usque
584 2248 649 2301 ad
674 2245 998 2318 Traianum.

452 2340 731 2409 Appianus
755 2341 843 2395 hic
863 2356 1063 2411 genere
1088 2341 1491 2397 Alexandrinus
1521 2341 1642 2407 fuit,
1668 2340 1965 2411 Romaeque

380 2430 538 2485 initio
563 2447 756 2486 causas
776 2434 885 2502 egit
920 2449 933 2485 :
970 2448 1090 2487 mox
1125 2433 1321 2502 dignus
1359 2435 1574 2487 habitus
1605 2434 1698 2502 qui
1736 2434 1967 2501 impera-

382 2526 568 2572 torum
604 2520 825 2573 nomine
857 2520 1195 2589 provinciam
1220 2520 1649 2575 atlministraret.
1687 2519 1870 2591 Stylus
1890 2517 1967 2572 illi

383 2612 585 2674 tenuis,
613 2626 674 2665 ac
699 2612 927 2667 minime
965 2613 1312 2667 redundans:
1347 2615 1441 2668 sed
1468 2613 1748 2667 historiam
1790 2611 1967 2681 quoad

379 2705 500 2775 ejus
528 2704 643 2759 fieri
678 2714 876 2776 potest,
902 2719 1087 2759 veram
1113 2706 1341 2768 texit,et
1371 2704 1622 2758 militaris
1645 2703 1967 2771 discipline,

388 2802 433 2854 si
459 2799 581 2868 quis
613 2799 770 2863 alius,
816 2810 1104 2853 enarrator
1150 2809 1253 2853 est.
1285 2798 1540 2853 Oratione
1584 2797 1826 2866 deiectos
1870 2795 1972 2847 mi-

384 2893 536 2946 litum
575 2893 784 2945 animos
805 2895 1038 2961 erigere,
1076 2901 1129 2945 et
1170 2891 1511 2945 ardentiores
1538 2891 1809 2959 mitigare,
1847 2887 1974 2942 affe-

388 2997 617 3054 ctusque
652 2985 976 3052 exprimere,
1016 3000 1080 3039 ac
1108 2984 1151 3038 si
1186 2985 1312 3053 quid
1334 2983 1475 3038 aliud
1513 2983 1712 3036 imitari
1739 2981 1971 3035 dicendo

384 3076 537 3143 licet,
558 3078 762 3147 optime
786 3076 957 3130 novit.
978 3074 1184 3131 Floruit
1202 3088 1381 3131 autem
1413 3075 1635 3145 Traiani
1665 3084 1720 3128 et
1741 3072 1970 3127 Adriani

390 3172 748 3241 temporibus.

1084 3262 1266 3318 L-vm.
1408 3332 1415 3339 θ

608 3358 820 3411 Arriani
858 3357 1137 3421 Parthica,
1176 3356 1482 3426 Bithynica,
1515 3366 1561 3407 et
1588 3354 1720 3408 alia.

465 3447 615 3503 Lecti
651 3451 1016 3504 suntArriani
1050 3450 1128 3521 (8)
1165 3449 1535 3502 Parthicarum
1570 3448 1688 3501 libri
1732 3454 1976 3515 septem-

397 3541 598 3596 decim.
662 3541 758 3596 Hie
820 3544 950 3595 item
1005 3543 1244 3596 ninnium
1285 3542 1488 3611 optime
1536 3556 1620 3594 res
1674 3550 1854 3608 gestas
1902 3536 1979 3603 (9)

399 3633 694 3688 Alexandri
733 3635 877 3704 regis
913 3634 1273 3688 Macedonum
1302 3635 1649 3702 conscripsit.
1676 3632 1833 3685 Aliud
1852 3632 1979 3685 itent

2062 2064 2155 2116 λου
2201 2063 2296 2117 τοῦ
2351 2065 2595 2117 οἰκιστοῦ
2630 2064 2986 2136 λεπτομερῶς
3034 2063 3251 2117 ἅπαντα
3295 2061 3566 2128 διεξιοῦσα
3594 2062 3643 2092 “

2063 2155 2279 2210 κάτεισι
2312 2156 2476 2226 μέχρι
2509 2156 2602 2208 τοῦ
2648 2154 2925 2209 Σεϐαστοῦ
2966 2196 2982 2221 ,
3038 2154 3316 2225 σποράδην
3349 2153 3404 2207 δὲ
3469 2155 3563 2207 καὶ
3592 2152 3657 2217 ἐξ

2064 2246 2365 2316 ἐπιδρομῆς
2397 2246 2494 2299 καὶ
2519 2246 2623 2309 ἕως
2646 2245 2941 2318 Τραϊανοῦ.

2139 2332 2311 2402 Οὗτος
2330 2340 2396 2393 δὲ
2430 2341 2459 2392 ὁ
2501 2340 2799 2403 Ἀππιανὺς
2839 2340 2904 2393 τὸ
2948 2340 3046 2411 μὲν
3078 2340 3233 2408 γένος
3272 2334 3341 2410 ἦν
3402 2338 3659 2403 Ἀλεξαν-

2065 2428 2247 2500 δρεὺς,
2297 2430 2356 2483 ἐν
2399 2428 2591 2501 Ῥώμῃ
2625 2429 2682 2483 δὲ
2730 2430 2801 2483 τά
2851 2429 3048 2500 πρῶτα
3099 2428 3278 2491 δίκαις
3341 2429 3655 2499 συνηγόρει,

2069 2523 2259 2577 ἔπειτα
2292 2522 2349 2577 δὲ
2377 2525 2472 2577 καὶ
2506 2522 2771 2595 βασιλέων
2811 2520 3195 2592 ἐπιτροπεύειν
3226 2520 3455 2591 ἠξιώθη.
3495 2522 3659 2574 Ἐστι

2068 2614 2126 2667 δέ
2152 2613 2253 2684 τὴν
2290 2614 2494 2684 φράσιν
2521 2614 2818 2684 άπέριττος
2854 2615 2949 2666 καί
2982 2614 3147 2683 ἰχνὸς,
3181 2613 3280 2685 τὴν
3308 2612 3363 2665 δέ
3390 2614 3655 2681 ἱστορίαν,

2070 2706 2147 2771 ὡς
2178 2701 2289 2761 οἷόν
2319 2707 2367 2760 τ’
2393 2706 2535 2771 ἐστὶ,
2560 2706 2885 2779 φιλαλήθης,
2920 2707 3014 2759 καί
3040 2704 3424 2775 στρατηγικῶν
3444 2704 3531 2757 διὰ
3555 2702 3659 2773 τῆς

2066 2800 2318 2872 ίστορίας
2355 2798 2632 2870 μεθόδων,
2675 2800 2723 2851 εί
2763 2799 2857 2851 καί
2895 2798 2942 2829 ’³
2983 2815 3067 2861 τις
3104 2796 3296 2861 ἄλλος,
3350 2797 3657 2868 ὑποφήτης,

2073 2893 2277 2963 ἐπᾶραί
2298 2910 2357 2944 τε
2403 2892 2583 2960 λόγοις
2613 2892 3084 2958 τεταπεινωμένον
3120 2891 3377 2960 φρόνημα
3424 2887 3661 2959 στρατοῦ

2076 2989 2170 3040 καὶ
2203 2985 2533 3056 διαπραῦναι
2567 2985 2902 3055 φλεγμαῖνον
2943 2986 3041 3039 καὶ
3069 2984 3241 3045 πάθος
3290 2981 3529 3041 δηλῶσαι
3563 2978 3664 3033 καὶ

2077 3079 2197 3132 εἴτι
2234 3079 2363 3131 ἄλλο
2391 3078 2571 3145 λόγοις
2602 3076 3019 3148 ἐκμιμήσασθαι
3047 3076 3289 3147 ἄριστος.
3318 3075 3571 3145 Ἤκμασε
3601 3071 3667 3125 δὲ

2078 3172 2137 3224 ἐν
2158 3172 2270 3232 τοῖς
2294 3169 2511 3240 χρόνοις
2542 3168 2812 3239 Τραϊανοῦ
2841 3169 2937 3222 καὶ
2977 3166 3280 3239 Ἀδριανοῦ.

2815 3259 2950 3316 NH'.

2556 3354 2869 3423 Ἀρῤιανοῦ
2917 3352 3200 3423 Παρθικιί,

2162 3447 2505 3518 Ἀνεγνὼσθη
2551 3447 2838 3520 Ἀρριανοῦ
2881 3447 3149 3516 Παρθικὰ
3179 3447 3236 3498 ἐν
3295 3444 3517 3515 βιϐλίοις
3575 3442 3671 3508 ιζ’.

2084 3533 2239 3601 οὗτος
2275 3541 2330 3591 δὲ
2382 3540 2670 3593 συντάττει
2739 3540 2960 3593 πάντων
3017 3539 3242 3609 ἄμεινον
3273 3539 3365 3590 καὶ
3424 3538 3490 3590 τά
3525 3539 3675 3589 κατὰ

2096 3631 2447 3703 Ἀλέξανδρον
2479 3630 2571 3684 τὸν
2593 3631 2877 3684 Μακεδόνα
2899 3672 2912 3695 ,
2949 3629 3028 3683 ἔτι
3066 3631 3123 3684 δὲ
3154 3630 3250 3683 καὶ
3279 3628 3446 3699 ἄλλην
3488 3645 3677 3697 πραγ-

395 3741 533 3796 0pus
570 3728 620 3780 in
650 3728 878 3796 gratiam
931 3727 1197 3798 Bithynia:
1239 3729 1428 3796 patria:
1460 3727 1612 3797 (hinc
1639 3725 1785 3779 enim
1824 3732 1968 3776 natu:

2092 3725 2343 3795 ματείαν,
2376 3724 2445 3776 τὰ
2484 3725 2691 3795 πάτρια
2724 3723 2823 3791 τῆς
2865 3722 3142 3788 Βιθυνίας,
3175 3721 3233 3786 ἐξ
3263 3716 3330 3792 ἧς
3372 3722 3465 3773 καί
3508 3720 3680 3781 αὐτὸς

396 3821 506 3886 est)
539 3820 867 3889 composuit,
895 3820 1297 3892 Bithynicorum
1338 3823 1514 3877 titulo.
1560 3819 1968 3877 Edideratetal

2088 3819 2214 3887 ἔφυ,
2252 3818 2564 3889 ἐπιγράψας
2599 3818 2660 3868 τὸ
2690 3816 2892 3886 βιϐλίον
2929 3814 3273 3869 Βιθυνιακάο
3296 3812 3639 3885 συγγράῇεπ
3661 3832 3683 3866 ι

399 3912 588 3966 Alanis
605 3924 756 3981 gesta
782 3931 796 3980 ;
827 3929 984 3983 quem
1023 3916 1217 3968 librum
1262 3914 1544 3969 Alanicam
1594 3915 1895 3982 ins‘cripsit.
1928 3909 1968 3963 it

2089 3910 2145 3963 δὲ
2187 3909 2281 3963 καλ⁵
2307 3909 2375 3962 τά
2406 3909 2550 3961 κατὰ
2593 3907 2869 3970 Ἀλανοὺς,
2898 3907 2963 3977 ἢν
3006 3904 3317 3975 ἐπέγραψεν
3334 3902 3680 3968 Ἀλανικὴν,

401 4004 581 4075 primo
613 4005 705 4059 illo
728 4021 890 4075 opere
929 4008 1065 4061 bella
1101 4024 1128 4060 a
1175 4008 1394 4061 Parthis
1433 4019 1489 4063 et
1532 4007 1793 4062 Romanis
1839 4016 1968 4075 gest:

2092 4000 2379 4070 Διέρχεται
2414 4000 2469 4053 δὲ
2500 4002 2557 4053 ἐν
2586 3998 2760 4071 ταύτῃ
2782 3999 2827 4031 ³⁸
2862 4001 2928 4069 τῇ
2962 4000 3317 4069 πραγματείᾳ
3356 3997 3481 4059 τοὺς
3511 3996 3683 4048 πολέ-

404 4096 594 4161 refert,
630 4101 793 4152 ductu
838 4109 1000 4169 atque
1046 4102 1302 4172 auspiciis
1335 4100 1557 4173 Trajani
1610 4098 1980 4169 imperatoris.

404 4190 533 4246 Vult
560 4192 791 4247 Parthos
833 4209 861 4247 a
906 4193 1126 4266 Scythis
1165 4197 1435 4267 originem
1467 4198 1702 4250 ducere:
1736 4192 1991 4247 Macedo-

407 4302 535 4340 num
558 4298 737 4341 autetn
772 4289 1062 4357 imperium
1098 4291 1428 4355 excussisse,
1474 4304 1597 4344 cum
1633 4288 1841 4358 pridem
1871 4300 1992 4339 ser-

2098 4111 2252 4164 μους,
2289 4094 2383 4156 οὓς
2442 4093 2791 4163 ἐπολέμησαν
2826 4092 3092 4163 Ῥωμαῖοι
3136 4090 3233 4145 καὶ
3284 4090 3492 4161 Πάρθοι
3536 4090 3683 4141 Ῥω-

2098 4187 2272 4259 μαίων
2318 4187 2727 4258 αὐτοκράτορος
2770 4187 2924 4249 ὄντος
2969 4183 3266 4256 Τραϊανοῦ.
3317 4184 3453 4253 Φησὶ
3489 4183 3547 4235 δέ
3612 4181 3686 4233 τδ

2097 4279 2333 4349 Πάρθων
2383 4279 2540 4347 γένος
2594 4276 2903 4340 Σκυθικὸν,
2959 4275 3267 4349 ἀποστῆναι
3324 4272 3381 4325 δὲ
3412 4272 3510 4342 τῆς
3566 4270 3688 4324 τῶν

407 4380 636 4434 vitutem
678 4381 1032 4449 serviissent,
1062 4381 1246 4437 Persis
1290 4398 1394 4436 una
1434 4381 1855 4444 rebellantibus,
1894 4378 1968 4431 hac

2094 4369 2426 4424 Μακεδόνων
2483 4368 2875 4439 ἐπικρατείας,
2914 4365 3031 4434 ἆμα
3088 4364 3318 4435 Περσῶν
3370 4378 3692 4433 καταστρα-

418 4472 755 4539 potissimum
792 4475 859 4528 de
911 4490 1094 4530 causa.
1119 4478 1355 4530 Arsaces
1399 4484 1453 4529 et
1487 4472 1769 4528 Teridates
1797 4472 1965 4524 fratre

2099 4463 2310 4532 φέντων
2348 4461 2517 4515 πάλαι
2545 4460 2834 4525 δουλωθέν,
2866 4458 2931 4511 δι’
2957 4458 3139 4513 αἰτίαν
3168 4459 3445 4530 τοιαύτην.
3488 4457 3692 4527 Ἀρσά-

408 4573 563 4616 erant
602 4565 897 4630 Arsacidas,
951 4582 1017 4620 ex
1065 4565 1175 4621 tilio
1218 4567 1438 4621 Arsacze
1474 4564 1755 4633 Phriapita
1803 4561 1993 4632 geniti.

411 4650 477 4706 Hi
504 4651 818 4709 Phereclem
849 4658 916 4711 ab
939 4660 1208 4712 Antiocho
1233 4674 1355 4727 rege
1381 4657 1563 4729 (quem
1603 4657 1762 4711 deum
1792 4669 1994 4723 cogno-
2025 4660 2070 4715 Ι)
2102 4648 2221 4700 υἱοῦ

412 4746 967 4817 mentoappellabant)
992 4748 1110 4816 ejus
1127 4764 1238 4802 ora:
1267 4749 1563 4817 Satrapam
1602 4744 1989 4809 constitutum,

409 4838 557 4905 quod
592 4838 762 4892 altero
790 4839 1025 4894 fratrum
1057 4842 1208 4895 abuti
1243 4856 1342 4911 per
1372 4840 1479 4893 vim
1506 4837 1652 4892 fwde
1684 4844 1997 4902 conaretur,

414 4930 795 4984 contumeliam
842 4948 946 4986 non
1000 4932 1262 4996 ferentes,
1319 4943 1625 4993 necarunt;
1685 4928 1823 4998 17b
1869 4943 2001 4981 con-

2099 4571 2205 4624 κης
2228 4554 2326 4608 καὶ
2372 4553 2684 4624 Τηριδάτης
2718 4552 2890 4623 ἧστην
2934 4549 3148 4619 ἀδελφὼ
3196 4548 3542 4621 Ἀρσακίδαι,
3587 4547 3690 4600 τοῦ

2321 4647 2591 4719 Ἀρσάκου
2650 4644 2745 4697 τοῦ
2812 4643 3112 4713 Φριαπίτου
3172 4643 3449 4710 ἀπόγονοι.
3525 4633 3693 4695 Οὗτοι

2098 4740 2376 4813 Φερεκλέα
2419 4739 2512 4791 τὸν
2549 4737 2653 4791 ὑπὸ
2711 4738 2757 4770 ³⁸
2804 4737 3080 4806 Ἀντιόχου
3111 4733 3205 4787 τοῦ
3248 4733 3513 4803 βασιλέως
3540 4732 3692 4803 (θεὸν

2101 4835 2264 4890 αὑτὸν
2300 4833 2532 4901 ἐπίκλην
2557 4830 2887 4901 ὠνόμαζον),
2920 4829 3013 4903 [55
3045 4828 3134 4899 IL]
3168 4828 3283 4881 ἀλλ’
3306 4828 3360 4880 οἵ
3381 4844 3443 4895 γε
3490 4828 3695 4895 Ἀρσα-

2102 4928 2244 4983 κίδαι
2293 4928 2386 4979 τὸν
2433 4926 2539 4976 ὑπὸ
2588 4925 2861 4993 Ἀντιόχου
2918 4923 3204 4992 σατράπην
3255 4920 3437 4973 αὐτῶν
3486 4918 3531 4950 ’⁸
3585 4918 3691 4985 τῆς

418 5021 551 5074 sciis
569 5022 732 5076 etiam
759 5023 885 5077 aliis
903 5022 1409 5094 quinque.Gentem
1438 5026 1619 5092 itaque
1641 5021 1968 5075 Macedonum

2102 5022 2289 5092 χώρας
2317 5018 2668 5072 καταστάντα
2708 5016 2985 5086 Φερεκλέα
3007 5056 3022 5080 ,
3056 5018 3178 5068 ἐπεὶ
3200 5014 3290 5066 τὸν
3330 5013 3517 5083 ἓτερον
3577 5011 3691 5063 τῶν

414 5112 699 5181 pellentes,
731 5114 1015 5185 imperium
1065 5118 1164 5186 ipsi
1214 5118 1589 5183 abripuerunt,
1639 5129 1963 5182 magnamqu

2107 5113 2352 5181 ἀδελφῶν
2394 5111 2656 5183 ἐπείρασε
2707 5109 3073 5180 βιασάμενος,
3103 5109 3203 5160 οὐκ
3230 5107 3543 5174 ἐνεγκόντες
3586 5102 3689 5174 τὴν

1738 5227 1824 5284 VA
1835 5226 1967 5281 Rl/E
2004 5226 2406 5282 LECTIONES.

490 5326 534 5357 "‘
562 5328 817 5397 σερουῖαν
848 5345 933 5383 στ.
1012 5330 1054 5365 ¹τ
1085 5326 1375 5396 καθίστησι
1404 5325 1499 5379 καί
1524 5326 1617 5378 τὸν
1646 5342 1727 5397 στ.
1787 5324 2044 5397 -ξθγσῷμα
2072 5324 2167 5397 τοῦ
2194 5323 2431 5397 ἀδελφοῦ
2455 5322 2746 5397 ἐπιϐουλῆς
2778 5339 2860 5375 στ.

2941 5320 2984 5352 ¹⁹
3017 5318 3187 5383 ἐξεῖλε
3212 5331 3356 5369 «ου’.
3376 5316 3440 5369 Α.
3519 5317 3563 5346 ²⁰
3590 5315 3695 5385 φύ-

422 5386 1203 5466 σαντοςἙοίιινείψωυεετυε,
1241 5386 1335 5450 sed
1364 5407 1418 5466 et
1447 5396 1586 5448 infra
1616 5412 1666 5461 p.
1699 5394 1902 5466 R7680.
1930 5386 1992 5466 ὃ]
2054 5396 2181 5466 τοὺς
2214 5386 2421 5463 φύντας
2457 5395 2537 5455 εἰς
2569 5386 3046 5466 τοὺςίφυ-ομένους
3071 5401 3125 5466 9}
3160 5405 3223 5466 _P-
3258 5386 3418 5466 1959»
3443 5388 3475 5439 4
3520 5390 3611 5466 καξί
3662 5390 3693 5439 ὁ

423 5468 553 5525 παῖς
585 5469 677 5519 καὶ
707 5464 886 5535 ὁφύςξ
916 5468 989 5522 cf.
1043 5483 1131 5536 p._
1160 5467 1286 5533 165,
1322 5464 1409 5520 16.
1453 5466 1589 5536 7175,
1621 5467 1710 5520 55.
1743 5465 1870 5536 6152
1904 5465 1995 5536 57.
2069 5465 2111 5497 ²¹
2143 5476 2267 5534 post
2296 5466 2489 5536 ἄδηλον

1692 5539 1737 5568 ²⁸
1761 5534 2035 5599 διεξιοῦσα
2062 5536 2157 5588 καὶ
2190 5536 2314 5591 κάτ.
2350 5534 2417 5591 Α.

428 5536 633 5608 μᾶλλον
663 5533 1078 5607 ἐγκαυχώμενοι
1103 5533 1266 5608 ἦσαν,
1293 5553 1404 5592 om.
1434 5534 1591 5591 ACE.

428 5604 474 5634 ’τί
498 5606 676 5659 αὐτῶν
697 5610 741 5658 Α
768 5622 783 5661 :
818 5604 986 5679 αὐτῆς
1017 5624 1102 5662 στ.

514 5806 592 5874 (7)
628 5805 799 5875 Vulgo
832 5807 1045 5864 Remus.

2522 5479 2643 5531 quae
2669 5456 3030 5523 addebantur,
3067 5458 3488 5531 βδελυττόμενον
3506 5456 3691 5531 τούτῳ

2524 5526 2571 5566 ³⁷⁸
2598 5532 2694 5587 καί
2733 5534 2861 5587 add.
2894 5532 2954 5584 Β.
3041 5528 3088 5560 ³⁸
3116 5530 3253 5600 αὐτῇ
3285 5526 3352 5584 Δ.
3427 5530 3472 5561 ³⁸
3493 5526 3600 5580 ἀπὸ
3622 5532 3693 5582 Α.

1997 5718 2234 5776 ΝΟΤΙΕ.

2192 5811 2269 5882 (9)
2298 5810 2480 5867 Libris
2507 5825 2628 5875 vm,
2653 5810 2742 5879 qni
2780 5807 3051 5882 hodieque
3078 5817 3314 5882 exstant.
3344 5805 3704 5882 Oc_t_avtts_ta_-

504 5876 581 5953 (β)
610 5875 1076 5953 Nicomedieusem
1112 5880 1241 5940 facit
1268 5883 1412 5939 hunc
1446 5881 1769 5953 scriptorem
1805 5880 2004 5939 Suidas
2117 5875 2261 5936 me‘n'
2293 5885 2556 5950 peculiari
2603 5875 2758 5936 titulo
2798 5875 2985 5934 lndicd
3038 5880 3377 5935 inscribitur.
3418 5876 3547 5931 Vide
3593 5876 3700 5937 inf.

430 5946 487 6000 in
522 5946 775 6010 Arriano,
799 5964 959 6015 quem
984 5950 1117 6018 lege.

2114 5956 2235 6008 cod.
2271 5953 2361 6008 9i.
