4030 6466
246 372 339 434 105
1049 340 1055 345 ’
1391 361 1461 419 1n
1476 356 1923 418 BLIOTHECA.
1964 378 2029 389 οε-
2060 355 2227 417 con.
2265 355 2415 414 1.1x.

3410 346 3509 421 106

241 480 385 550 ὓϐριν
412 474 623 530 ἀνετλόν
653 489 711 525 τε
738 472 828 525 τὸν
878 470 1180 540 ὑϐρίσαντα
1207 511 1220 534 ,
1258 470 1349 521 καὶ
1396 467 1607 537 ἑτέροις
1650 465 1814 517 πέντε

1933 470 2055 515 sunt
2105 461 2406 529 potentiam
2463 461 2791 528 consecuti;
2849 470 3003 519 utet
3058 478 3180 518 cum
3247 465 3509 523 Romanis

237 570 329 639 τὴν
368 565 570 637 πρᾶξιν
619 563 1121 631 ἀνακυινωσάμενοι
1147 561 1240 613 καὶ
1271 561 1330 612 τὸ
1362 560 1515 622 ἔθνος
1565 557 1819 613 Μακεδό-

1933 568 2081 622 atquo
2140 567 2283 622 saepe
2334 551 2506 606 Marte
2544 554 2947 620 contenderint,
3009 556 3280 611 interdmn
3337 560 3504 615 etiam

243 638 339 712 νων
376 658 420 688 ⁸⁷
452 638 794 724 ἀπέστησαν,
829 654 923 708 καὶ
957 653 1083 707 καθ’
1111 654 1341 715 ἑαυτοὺς
1378 648 1580 722 ἦρξαν,
1611 650 1705 703 καὶ
1727 650 1820 701 ἐπὶ

1933 645 2147 700 victoria
2183 644 2323 698 bello
2352 644 2506 713 potiti
2572 647 2885 714 superiores
2910 648 3285 704 discesserint.
3311 650 3512 708 Narrat
3541 716 3545 720 _

244 752 376 821 μέγα
406 750 693 818 δυνάμεως
717 747 946 817 ἤλασαν,
988 747 1063 809 ὡς
1112 746 1211 798 καὶ
1255 745 1544 812 Ῥωμαίοις
1569 742 1821 813 ἀντιρρό-

1933 738 1987 792 td
2027 738 2141 791 hare
2164 738 2402 791 Parthos
2434 738 2762 793 Sesostritlis
2786 738 3166 811 Egyptiorum
3202 743 3345 812 regis
3376 729 3549 799 tem-r

242 858 364 921 non;
395 842 576 911 μάχας
605 839 819 904 θέσθαι,
845 838 1018 893 ἐνίοτε
1048 838 1106 890 δὲ
1141 838 1237 890 καὶ
1294 837 1415 906 μεθ’
1452 836 1663 889 ἑαυτῶν
1718 835 1818 904 τὴν

1933 843 2075 896 pore,
2110 837 2162 883 et
2202 826 2434 883 Jandusi
2472 827 2828 898 Scytharum,
2858 846 2922 883 ex
2981 830 3203 901 Scythia
3254 833 3305 886 in
3359 849 3508 899 eum,
3590 908 3593 911 Α

237 930 382 999 νίκην
410 932 638 998 ἔχοντας
692 929 790 982 τοῦ
834 927 1073 996 πολέμου
1125 926 1403 980 ἀπελθεῖν.
1437 926 1689 994 Πάρθους
1744 925 1804 976 δέ

234 1040 391 1091 φησιν
418 1023 511 1075 ἐπὶ
542 1021 915 1091 Σεσώστριδος
946 1019 1042 1073 τοῦ
1071 1020 1390 1087 Αίγυπτίων
1416 1018 1681 1088 βασιλέως
1713 1017 1809 1071 καὶ

247 1114 506 1167 ἰανδύσου
538 1112 635 1166 τοῦ
669 1112 893 1165 Σκυθῶν
925 1113 1031 1165 ἀπὸ
1056 1113 1157 1182 τῆς
1188 1112 1337 1179 σφῶν
1360 1110 1544 1181 χώρας
1574 1109 1810 1173 Σκυθίας

1921 935 2084 988 quem
2118 936 2261 975 nunc
2294 930 2501 985 tenent,
2539 921 2714 975 locum
2746 923 3082 991 demigrasse
3111 943 3123 977 :
3160 928 3356 992 quibus
3383 925 3518 981 Tra-

1915 1017 2077 1085 janus
2130 1015 2497 1070 Romanorum
2553 1016 2687 1085 imp.
2727 1031 2823 1086 per
2877 1017 2983 1069 vim
3038 1016 3249 1085 fractis,
3307 1019 3514 1076 foedere

1925 1110 2058 1173 icto,
2096 1122 2273 1179 regem
2307 1111 2612 1164 constituit.

239 1208 314 1269 εἰς
346 1208 443 1275 τὴν
468 1206 564 1258 νῦν
598 1206 927 1275 μετοικῆσαι
951 1222 963 1234 ·
998 1203 1088 1266 οὓς
1145 1207 1175 1258 6
1210 1204 1497 1273 Ῥωμαίων
1564 1204 1925 1274 αὐτοκράτωρ
1966 1204 2235 1272 Τραϊανὸς
2286 1204 2430 1257 κατὰ
2485 1204 2688 1274 κράτος
2741 1206 3085 1270 ταπεινώσας
3144 1206 3516 1268 ὑποσπόνδους

241 1298 481 1366 ἀφῆκεν,
538 1298 706 1360 αὐτὸς
771 1299 957 1360 αὐτοῖς
1027 1297 1119 1351 τὸν
1174 1297 1402 1367 βασιλέα
1466 1297 1977 1367 καταστησάμενος.
2076 1346 2093 1357 ,

303 1385 473 1453 Οὗτος
497 1394 526 1443 6
574 1392 863 1461 Ἀρριανὸς
896 1388 1195 1462 φιλόσοφος
1235 1392 1329 1464 [25
1360 1392 1456 1463 IL]
1491 1393 1589 1462 μὲν
1619 1389 1689 1464 ἦν
1726 1393 1827 1463 τὴν

234 1477 562 1547 ἐπιστήμην,
596 1473 675 1541 εἷς
716 1479 826 1532 τῶν
860 1479 1138 1550 ὀμιλητῶν
1174 1482 1541 1552 Ἐπικτήτου,
1578 1484 1721 1536 κατὰ
1768 1483 1827 1536 δὲ

232 1575 350 1635 τοὺς
382 1575 615 1644 χρόνους
650 1574 937 1645 Ἀδριανοῦ
963 1576 1058 1628 καὶ
1097 1577 1416 1629 Ἀντο›νίνου
1450 1577 1547 1630 τοῦ
1569 1578 1700 1631 Πίου
1732 1580 1826 1632 καὶ

234 1663 459 1733 Μάρκου
484 1664 583 1715 τοῦ
622 1664 941 1717 Ἀντωνίνου
988 1664 1338 1734 ὲγνωρίζετοο
1384 1666 1738 1737 ἐπωνόμαζον
1767 1666 1825 1719 δὲ

232 1755 387 1807 αὑτὸν
421 1755 753 1823 Ξενοφῶντα
790 1756 934 1810 νέον.
976 1756 1074 1809 Διὰ
1112 1756 1167 1808 δὲ
1197 1756 1258 1808 τὸ
1284 1759 1383 1826 τῆς
1416 1756 1664 1819 παιδείας
1706 1757 1824 1809 ἐπί-

233 1863 401 1916 σημον
440 1847 611 1909 ἄλλας
640 1863 699 1900 τε
727 1846 1019 1910 πολιτικὰς
1054 1847 1229 1918 ἀρχὰς
1266 1848 1588 1920 ἐπιστεύθη,
1621 1849 1714 1904 καὶ
1746 1851 1826 1913 είς

232 1938 289 1991 τὸ
315 1938 425 1991 τῶν
468 1939 695 1991 ὑπάτων
719 1937 892 2008 ἀνέϐη
924 1939 1097 2001 τέλος.
1153 1940 1401 2009 Ἔγραψε
1425 1938 1479 1992 δὲ
1513 1940 1695 2008 βιϐλία
1726 1942 1822 1994 καὶ

229 2034 408 2103 ἔτερα,
437 2032 547 2085 τῶν
568 2033 667 2102 μὲν
686 2031 1007 2100 Διιιτριόῶὸ⁴
1021 2033 1380 2101 Ἐπικτήτου
1400 2035 1492 2087 τοῦ
1507 2034 1826 2089 διδασκάλου

229 2129 323 2181 ὃσα
354 2131 518 2198 ἴσμεν
560 2129 742 2199 βιϐλία
780 2131 925 2183 ὀκτὼ
953 2171 967 2194 ,
999 2132 1110 2184 τῶν
1137 2132 1196 2184 δὲ
1226 2131 1510 2200 Ὀμιλιῶν
1536 2132 1629 2185 τοῦ
1660 2131 1827 2185 αὐτοῦ

241 2218 569 2291 Ἐπικτήτου
595 2221 776 2291 βιϐλία
800 2222 1030 2277 δώδεκα.
1049 2223 1252 2293 ’ἰσχνὸς
1276 2222 1334 2275 δὲ
1361 2223 1462 2294 τὴν
1486 2224 1689 2295 φράσιν
1711 2224 1828 2277 ἐστὶ

229 2312 319 2363 καὶ
350 2312 602 2381 μιμητὴς
634 2311 711 2374 ὠς
733 2312 954 2380 ἀληθῶς
979 2312 1346 2380 Ξενοφῶντος.
1374 2315 1514 2367 Φασὶ
1563 2313 1621 2366 δὲ
1658 2314 1825 2367 αὑτὸν

231 2404 317 2455 καὶ
349 2402 523 2471 ἕτερα
545 2403 780 2471 γράψαι,
816 2405 852 2455 ἃ
916 2402 1070 2456 οὔπω
1127 2406 1206 2466 είς
1256 2405 1541 2475 ἡμετέραν
1598 2405 1828 2473 ἀφίκετο

228 2492 445 2558 γνῶσιν.
490 2492 660 2561 Δῆλον
686 2493 744 2545 δὲ
791 2492 869 2555 ὡς
902 2493 1023 2545 οὐδὲ
1066 2495 1367 2564 ῥητορικῆς
1399 2495 1589 2563 σοφίας
1639 2512 1696 2547 τε
1730 2498 1829 2549 καὶ

229 2581 511 2652 δυνάμεως
540 2583 868 2637 ἀπελείπετο
890 2584 957 2639 ²⁶.

963 2678 1095 2732 ΝΘ’.

229 2766 499 2833 Σύνοὸος
526 2768 565 2835 ἡ
606 2768 758 2821 κατὰ
796 2768 906 2822 τοῦ
959 2770 1028 2821 ἐν
1074 2770 1267 2838 ἁγίοις
1306 2770 1593 2826 Ἰωάννου
1640 2784 1829 2839 πίερα-

756 2842 950 2908 νόμως
987 2840 1295 2898 συστᾶσα.

307 2926 660 3001 Ἀνέγνὼσθη
702 2932 922 2985 συνόδου
962 2933 1064 3001 τῆς
1108 2933 1443 3003 παρανόμως
1477 2934 1621 2991 κατὰ.
1643 2933 1737 2986 τοῦ
1768 2934 1828 2987 ὲν

227 3021 404 3087 ἁγίοις
449 3023 711 3075 Ἰωάννου
735 3023 831 3075 τοῦ
880 3025 1274 3094 Χρυσοστὸμου
1326 3026 1821 3096 συγκροτηθείσης,
1858 3071 1900 3128 C

227 3109 492 3128 .τ.-
793 3116 803 3128 .
1077 3115 1303 3128 ,....
1469 3116 1734 3128 .--.-..

223 3115 279 3164 ἐν
378 3114 633 3184 ὑπῆρχον
668 3116 1038 3185 κατάρχοντες
1075 3115 1337 3183 Θεόφιλός
1365 3133 1428 3168 τε
1457 3118 1487 3169 6
1507 3118 1551 3148 ²⁹
1585 3116 1832 3181 Ἀλεξαν-

222 3207 431 3277 δρείας,
482 3209 795 3269 Ἀκὰκιοςό
832 3210 1062 3280 Βεροίας
1110 3210 1193 3273 ³⁸,
1250 3210 1523 3279 Ἀντίοχος
1552 3211 1581 3263 ό
1628 3210 1828 3266 Πτολε-

226 3300 442 3368 μαΐδος,
491 3304 587 3354 καὶ
637 3303 664 3353 ὁ
722 3300 1056 3373 Σεϐηριανὺς
1096 3301 1379 3370 Γαϐἁλων,
1421 3302 1517 3356 καὶ
1544 3304 1777 3373 Κυρῖνος
1802 3305 1831 3357 ὁ

223 3393 580 3463 Καλχηδόνος
614 3394 679 3460 ³¹,
703 3396 751 3447 οἱ
779 3396 848 3447 τὰ
881 3394 1115 3464 μάλιστα
1146 3394 1429 3466 δυσμενῶς
1456 3398 1674 3466 ἔχοντες
1694 3396 1831 3467 πρὸς

221 3487 309 3538 τὸν
329 3488 535 3559 ἄνδρα.
571 3488 635 3539 οἳ
671 3487 789 3557 ἅμα
815 3488 1017 3553 πάντα,
1050 3489 1142 3541 καὶ
1168 3490 1354 3559 κριταὶ
1394 3490 1490 3541 καὶ
1535 3490 1831 3560 κατήγοροι

223 3580 313 3634 καὶ
343 3582 636 3650 μάρτυρες
689 3575 851 3650 ἦσαν.
901 3581 989 3633 Ἐν
1045 3582 1411 3651 ὑπομνήμασι
1464 3581 1521 3634 δὲ
1567 3581 1742 3634 ταῦτα
1785 3580 1831 3611 ³³

224 3673 478 3742 ἐπράχθη
532 3678 604 3739 ιγ’
638 3674 703 3705 ³³⁸
740 3673 881 3726 ἀλλὰ
917 3674 984 3727 τὰ
1020 3675 1122 3743 μὲν
1152 3673 1475 3727 δυοκαίδεκα
1534 3672 1680 3725 κατὰ
1736 3671 1830 3725 τοῦ

226 3764 401 3831 ἁγίου,
438 3764 511 3817 τὸ
541 3763 596 3816 δὲ
626 3765 1075 3833 τρισκαιδέκατον
1107 3766 1353 3835 περιέχει
1383 3765 1451 3818 τὰ
1485 3764 1627 3818 κατὰ
1663 3762 1832 3835 Ἦρα-

224 3856 436 3909 κλείδου
467 3855 565 3907 τοῦ
598 3859 676 3918 εἰς
710 3856 947 3925 Ἔφεσον
976 3857 1069 3909 ὑπ’
1108 3855 1277 3910 αὑτοῦ
1329 3856 1829 3926 χειροτονηθέντας,

224 3946 389 4019 οὗπερ
420 3949 552 4003 οὐδὲ
578 3948 678 4019 τὴν
704 3949 1029 4020 καθαίρεσιν
1055 3948 1283 4020 ἴσχυσαν
1314 3948 1833 4019 τελειῶσαι,ὲτέρων

221 4040 383 4093 τινῶν
447 4039 838 4093 κωλυσάντων.
908 4039 966 4091 Ὀ
1016 4038 1071 4091 δὲ
1128 4040 1437 4109 κατήγορος
1481 4036 1830 4108 Ἡρακλείδου

220 4134 314 4202 τῆς
339 4135 659 4203 Μαγνήτων
690 4132 899 4193 πόλεως
931 4132 1231 4194 ἐπίσκοπος
1267 4126 1337 4201 ἦν
1365 4130 1591 4199 ὀνόματι
1621 4130 1819 4184 Μακά-

226 4243 359 4294 ριος.
405 4226 471 4277 '0
504 4224 563 4276 δὲ
588 4224 683 4276 τοῦ
716 4224 990 4295 μακαρίου
1033 4224 1281 4277 Ἰωάννου
1322 4223 1609 4294 προφανὴς
1638 4222 1833 4293 ἐχθρὸς

232 4318 322 4367 καὶ
356 4316 595 4388 πρῶτος
645 4317 954 4385 κατήγορος
1004 4314 1259 4384 Ἰωάννης
1289 4316 1317 4366 6
1372 4315 1621 4378 διάκονος
1664 4313 1831 4368 αὑτοῦ

2009 1390 2110 1447 Hic
2156 1394 2445 1461 Arrianus,
2492 1394 2830 1462 professione
2867 1394 3241 1463 philosophus,
3295 1413 3434 1450 unus
3463 1397 3515 1449 in

1937 1482 2169 1551 Epicteti
2209 1484 2589 1548 familiaribus,
2630 1486 2877 1548 Adriani,
2916 1495 2971 1539 ct
3018 1486 3277 1540 Antonini
3326 1486 3428 1551 Pii,
3464 1496 3520 1541 et

1932 1571 2101 1627 Marci
2151 1575 2413 1629 Antonini
2462 1576 2855 1645 imperatorum
2912 1578 3248 1645 temporibus
3308 1579 3515 1649 viguit;

1931 1676 1985 1720 et
2013 1667 2084 1721 ob
2112 1668 2445 1735 singularem
2487 1669 2795 1724 doctrinam
2829 1669 2978 1741 (novi
3009 1670 3389 1738 Xenophontis
3429 1688 3516 1727 co-

1931 1768 2283 1827 gnomentum
2302 1760 2551 1830 adeptus)
2572 1776 2693 1816 cum
2711 1763 2847 1816 alios
2874 1764 2924 1816 in
2942 1765 3212 1831 republica
3240 1763 3519 1832 magistra-

1931 1860 2015 1904 tus
2034 1851 2226 1919 gessit,
2253 1861 2363 1905 tum
2383 1854 2449 1905 ad
2475 1854 2648 1921 ipsum
2671 1868 2886 1922 quoque
2909 1855 3246 1908 consulatum
3268 1855 3519 1923 aliquan-

1937 1944 2008 1998 do
2039 1944 2307 2014 pervenit.
2333 1945 2564 2013 Scripsit
2585 1955 2637 2000 et
2685 1946 2789 1999 alia
2824 1946 3094 2000 volumina
3122 1963 3136 1999 :
3172 1946 3518 2001 Dissertatio:

1931 2051 2054 2087 nam
2103 2034 2333 2103 Epicteti
2376 2038 2724 2106 prarceptoris
2768 2037 2923 2107 (10),
2978 2052 3114 2106 quos
3149 2040 3419 2105 novimus,
3451 2039 3517 2094 li-

1929 2126 2058 2181 bros
2089 2136 2256 2181 octo:
2306 2126 2623 2182 Sermonum
2676 2144 2806 2184 vero
2852 2131 3021 2198 ipsius
3074 2130 3303 2198 Epicteti
3356 2131 3521 2187 libros

1930 2218 2241 2273 duodecim.
2279 2219 2449 2274 Exilis
2494 2220 2568 2275 illi
2603 2222 2823 2275 dicendi
2874 2223 3183 2288 character,
3221 2232 3275 2276 et
3330 2236 3519 2277 revera

1930 2307 2310 2380 Xenophontis
2362 2313 2609 2367 imitator
2649 2323 2750 2368 est.
2789 2315 2917 2368 Alia
2942 2317 3070 2369 item
3120 2314 3411 2385 scripsisse
3437 2315 3519 2369 l‘e-

1929 2406 2091 2463 runt;
2127 2412 2249 2467 quae
2297 2407 2482 2454 tamen
2529 2400 2595 2453 ad
2630 2410 2823 2454 manus
2875 2415 3022 2455 meas
3059 2404 3298 2455 nondum
3332 2418 3523 2471 pervea

1932 2498 2148 2541 nerunt.
2198 2487 2421 2543 Certum
2454 2506 2591 2545 sane
2637 2491 2787 2556 illud,
2840 2492 3128 2547 rhetoricae
3174 2510 3517 2565 nequaquam

1932 2578 2217 2646 sapientiae
2243 2594 2309 2633 ac
2342 2578 2624 2635 facultatis
2654 2582 2969 2650 imperitum
3007 2582 3194 2636 fuisse.

2664 2670 2801 2727 LIX.

1933 2758 2182 2829 Synodus
2227 2761 2332 2833 [ad
2377 2764 2637 2837 Quercum
2672 2764 2846 2837 (11)]
2902 2767 3199 2836 illegitima,
3234 2780 3416 2821 contra
3450 2769 3516 2823 Β.

2357 2834 2621 2887 Joannem
2655 2834 3114 2905 Citrysbslonium.

2005 2919 2230 2975 Lectum
2260 2930 2345 2976 est
2381 2921 2664 2991 illegitime
2692 2931 2943 2978 coactum
2969 2926 3233 2980 adversus
3262 2936 3519 2979 sanctum

1933 3008 2201 3065 Joannem
2233 3011 2690 3082 Chrysostomnm
2718 3014 3137 3070 conciliabulum
3173 3035 3187 3070 :
3218 3017 3303 3069 cui
3334 3017 3519 3084 praesi-

1938 3107 2033 3157 des
2102 3103 2395 3158 adfuerunt
2445 3103 2780 3174 TheOphilus
2860 3105 3228 3170 Alexandriae,
3284 3108 3521 3161 Aeacius

1936 3192 2215 3250 Berthma:
2241 3195 2379 3265 (12),
2424 3196 2731 3251 Antiochus
2773 3196 3124 3251 Ptolemaidis
3160 3198 3296 3269 (l5),
3362 3198 3525 3253 Seve-

1940 3286 2127 3341 rianus
2173 3286 2531 3356 Cahalorum,
2587 3298 2642 3343 et
2686 3289 2923 3359 Cyrinus
2987 3290 3352 3345 Chalcedonis
3381 3292 3520 3363 (14),

1936 3382 2182 3451 episcopi
2221 3383 2384 3451 :qui,
2418 3382 2620 3436 infesto
2644 3383 2697 3435 in
2746 3382 2896 3436 illum
2939 3383 3120 3437 animo
3158 3398 3280 3436 cum
3316 3394 3521 3449 essent,

1904 3477 2093 3532 ’simul
2144 3479 2324 3532 omnia
2372 3488 2423 3533 et
2464 3479 2701 3547 judices,
2753 3489 2807 3532 et
2845 3488 3217 3543 accusatores,
3259 3489 3315 3533 et
3352 3490 3523 3534 testes

1935 3578 2113 3624 erant.
2155 3569 2437 3624 Tredecim
2485 3572 2602 3624 haec
2657 3570 2966 3624 actionibus
3010 3581 3224 3638 peracta
3263 3589 3277 3623 :
3318 3572 3524 3627 duode-

1935 3666 2040 3720 cim
2078 3666 2296 3733 quidem
2352 3674 2543 3720 contra
2593 3676 2842 3719 sanctum
2890 3665 3366 3735 Cbrysostomum,
3406 3676 3517 3721 ter-

1936 3758 2224 3812 tiatlecitna
2279 3770 2468 3813 contra
2521 3756 2887 3823 Heraclidem,
2937 3772 3100 3825 quem
3152 3758 3403 3827 Ephesiis
3433 3758 3522 3813 ille

1932 3851 2217 3904 ordinarat
2261 3851 2577 3920 episcopum
2615 3867 2629 3903 :
2688 3849 2847 3916 hujus
2899 3858 3078 3903 tamen
3124 3850 3518 3918 depositionem

1934 3943 2170 3996 validam
2235 3943 2486 4009 reddere,
2538 3943 2660 3996 aliis
2740 3942 3016 3996 nonnullis
3079 3942 3517 4011 prohibentibus,

1936 4036 2159 4091 minime
2216 4045 2533 4105 potuerunt.
2589 4034 2892 4089 Heraclidae
2930 4044 3221 4089 accusator
3252 4034 3525 4090 Macarius

1936 4128 2158 4196 quidam
2207 4128 2430 4183 nomine
2484 4127 2609 4191 fuit,
2664 4127 2972 4198 Magnetum
3018 4127 3337 4197 episcOpus;
3378 4128 3522 4182 beati

1934 4219 2159 4274 Joannis
2204 4233 2337 4274 vero
2382 4219 2558 4289 palam
2606 4220 2821 4281 hostis,
2869 4220 3188 4288 primusque
3233 4228 3524 4273 accusator

1937 4309 2198 4378 Joannes,
2225 4312 2342 4381 ejus
2379 4313 2661 4367 diaconus.
2696 4312 2933 4366 Accusat
2962 4312 3049 4365 hic
3077 4311 3252 4380 primo
3284 4310 3522 4380 Chryso-

221 4400 306 4474 ἦν.
346 4406 680 4476 Κατηγόρει
711 4404 769 4458 δὲ
821 4405 919 4457 τοῦ
981 4404 1374 4475 Χρυσοστόμου
1426 4405 1509 4457 ὅτι
1543 4420 1601 4457 τε
1665 4404 1826 4457 αὑτὸν

1938 4412 2174 4457 stommn
2209 4406 2421 4459 actione
2450 4405 2614 4459 illalze
2641 4404 2746 4458 sibi
2780 4405 3026 4472 injuriae;
3064 4406 3206 4472 quod
3237 4420 3295 4458 se
3332 4404 3525 4471 ejecisa

222 4496 515 4567 ἠδίκησεν,
563 4498 833 4567 ἀφορίσας
864 4497 1030 4550 αὑτὸν
1053 4537 1068 4558 ,
1107 4497 1242 4549 διότι
1289 4496 1385 4550 τὸν
1429 4498 1632 4550 οἰκεῖον
1666 4496 1830 4577 παξδα

222 4588 498 4641 Εὑλὰλιον
526 4589 711 4658 ἔτυψε·
737 4589 996 4659 δεύτερον
1027 4589 1105 4653 δὲ,
1135 4589 1218 4642 ὅτι
1260 4588 1515 4660 Ἰωάννης
1544 4607 1627 4651 τις
1662 4606 1829 4658 μονα-

228 4681 313 4745 ιὲις
361 4681 427 4745 ἐξ
459 4680 772 4750 ἐπιτροπῆς
822 4681 919 4733 τοῦ
964 4681 1361 4750 Χρυσοστόμου
1408 4680 1725 4751 ὲτυπτήθη,
1754 4681 1829 4744 ὣς

222 4786 374 4840 φησι,
409 4774 510 4826 καὶ
538 4772 709 4844 ἐσύρη
745 4773 843 4827 καὶ
895 4771 1032 4843 μετὰ
1077 4771 1188 4823 τῶν
1223 4772 1608 4843 δαιμονῶντων
1648 4774 1828 4840 ἐσιδη-

1939 4504 2020 4550 set
2053 4495 2193 4566 18a
2223 4496 2294 4550 ob
2328 4496 2688 4550 domesticum
2737 4508 2963 4564 puerum
3029 4495 3298 4549 Eulalium
3332 4497 3516 4565 pulsa-

1941 4598 2077 4643 tum.
2107 4590 2354 4644 Alterum
2391 4599 2509 4643 erat
2554 4590 2761 4642 crimen
2795 4589 2938 4658 quod
2985 4588 3359 4661 JoannesUS)
3395 4592 3522 4662 qui-

1904 4682 2062 4741 .dam
2123 4681 2423 4735 monachus
2470 4680 2692 4750 jubente
2746 4681 3143 4750 Chrysostomo
3200 4685 3522 4737 verberatus

1940 4785 2109 4839 esset,
2150 4785 2207 4827 ut
2282 4774 2378 4839 ait,
2418 4788 2481 4827 ac
2526 4782 2789 4842 raptatus,
2845 4774 3128 4844 ferrcaque
3175 4786 3364 4830 catena
3412 4776 3521 4829 the-

1565 4886 1798 4941 VARUE
1820 4885 2223 4944 LECTIONES.

308 4983 355 5012 ’⁷
395 4980 558 5043 ἔθνος
588 4981 694 5032 τῶν
726 4980 933 5033 Μακεδ.
970 4999 1030 5044 ς’.
1140 4980 1184 5012 ³⁸
1217 4981 1519 5033 ἀπελίπετο
1552 4980 1616 5034 Α.

227 5051 267 5082 ³²
291 5051 476 5103 ταῦτα
503 5053 549 5103 Α
588 5068 602 5103 :
636 5050 777 5103 αὑτὰ
807 5069 868 5115 ς.

970 4999 1030 5044 ς’.
1140 4981 1184 5012 ³⁸
1217 4981 1519 5033 ἀπελίπετο
1552 4981 1616 5034 Α.
1730 4981 1775 5010 ³⁸
1832 4981 1859 5032 ὁ
1912 4995 2007 5048 pos

948 5052 993 5081 ³³
1033 5056 1100 5119 ιγ’
1127 5051 1175 5105 Α
1209 5067 1224 5104 :
1259 5051 1391 5104 δέκα
1417 5050 1553 5119 πρὸς
1592 5051 1704 5113 τοῖς
1738 5049 1917 5120 τρισίν
1949 5069 2010 5115 ς.

1912 4990 2034 5048 post
2062 4998 2120 5034 τε
2164 4982 2291 5037 add.
2325 4982 2389 5033 A.

2481 4981 2526 5011 ω
2562 4980 2815 5051 βερῤοίας
2847 4999 2907 5045 εἴ·
3013 4981 3055 5011 ³³
3089 4979 3429 5050 Χαλκηδόνος
3459 4999 3521 5046 ς.
3554 5022 3555 5025 η

1828 5142 2060 5199 NOTAE.

295 5235 419 5305 (11))
456 5232 637 5305 Hodie
684 5243 924 5301 quatuor
966 5234 1235 5289 duntaxat
1274 5234 1448 5290 libros
1503 5234 1727 5289 Arriani
1776 5234 1829 5288 in

225 5304 469 5376 Epicteti
501 5304 821 5357 Euchiridio
850 5305 1100 5374 legimus.

295 5376 419 5443 (ll)
450 5373 631 5428 Locus
657 5383 777 5428 erat
810 5371 961 5427 trans
1007 5389 1185 5439 mare,
1224 5376 1303 5429 sic
1339 5383 1586 5438 vocatus,
1624 5371 1829 5427 Rudini

227 5442 583 5509 suburbinm,
620 5445 797 5513 inquit
824 5442 1035 5498 Pallad.
1074 5443 1563 5512 Helenopolitanns
1616 5444 1831 5510 episco-

227 5532 348 5585 pus,
397 5515 686 5586 αὐτόπτης
742 5529 928 5570 rerum
977 5514 1039 5567 B.
1083 5516 1457 5586 Chrysostomi
1516 5514 1831 5583 primusque

228 5585 564 5652 descriptor.

300 5651 769 5724 (121Εχςί1ειυιιι
827 5654 985 5723 hujus
1033 5656 1085 5709 in
1116 5653 1385 5710 Joannem
1419 5654 1613 5724 odium
1661 5651 1829 5707 refert

229 5723 534 5787 Palladius,
587 5727 731 5794 quod
785 5742 909 5781 cum
964 5726 1201 5782 venisset
1252 5726 1303 5780 in
1357 5727 1566 5790 urbem,
1603 5723 1831 5778 honesto

234 5806 452 5852 careret
487 5796 745 5864 hospitio.

481 5892 760 5951 Ρλτιιοι..
794 5890 913 5951 Gn.
946 5890 1104 5953 Cll].

2013 5237 2105 5309 (15
2144 5233 2385 5309 Quornm
2416 5236 2659 5309 facinora
2688 5235 3197 5309 (inqnitUCIirysost.
3236 5235 3288 5309 in
3330 5248 3424 5286 sua
3453 5216 3521 5288 ad

1945 5305 2347 5376 pseudosynod.
2398 5307 2559 5373 epist.
2612 5306 2760 5376 apud
2805 5305 3268 5376 Pallad.)_sa’cn_li
3312 5318 3520 5373 quoque

1944 5374 2155 5431 theatra
2186 5374 2408 5429 canunt.
2452 5376 2579 5430 Vide
2610 5374 2821 5428 Pallad.
2860 5386 3022 5441 atque
3052 5374 3277 5441 Niceph.

2015 5448 2128 5517 (M)
2168 5447 2304 5517 lluic
2339 5461 2368 5501 a
2407 5445 2517 5500 Deo
2544 5447 2840 5517 llllllllS_S:lm
2891 5455 3076 5514 postea
3127 5458 3365 5509 poenam,
3404 5442 3523 5516 lege

1939 5515 2082 5587 apud
2114 5516 2340 5583 Nlccph.
2374 5517 2546 5587 ea“,
2580 5519 2682 5570 sub
2710 5515 2806 5569 ﬁn.

2012 5588 2127 5658 (15)
2182 5580 2261 5641 De
2305 5587 2371 5642 iis
2412 5580 2673 5658 [ortassis
2720 5580 3277 5658 unus,_qui_Longos
3309 5582 3524 5658 “fratrea

1939 5651 2267 5783 fatigari},
2303 5658 2371 5713 ab
2410 5655 2712 5726 Theophila
2742 5651 2999 5711 submissi
3036 5651 3273 5709 fuerant.
3307 5652 3383 5710 De
3406 5655 3522 5725 quis

1979 5744 2039 5783 us
2108 5743 2136 5781 a
2183 5744 2211 5781 a
2254 5762 2271 5781 .

1979 5744 2039 5784 115
2067 5743 2271 5783 ιόιιίια.

3167 5880 3205 5939 ὼ
