4030 6440
546 340 646 407 107

1689 339 1956 400 PHOTII
1999 337 2509 397 PATRIARCH/E
2544 338 2652 397 CP.

3718 347 3819 413 108

540 457 923 513 moniacorum
970 470 1126 513 more
1168 455 1448 512 astrictus.
1493 454 1762 517 Tertium,
1807 455 1951 524 quod
2004 468 2128 523 pre-

2239 452 2534 522 ροςρόρησε·
2570 451 2778 521 τρίτον,
2810 453 2890 505 ὅτι
2918 453 2987 507 τὰ
3025 456 3293 528 κειμήλια
3334 458 3381 490 ³⁸
3428 458 3635 531 πλῆθος
3687 464 3820 519 πολῦ

544 552 805 606 tiosarnm
848 563 1031 604 rerum
1078 563 1327 620 magnam
1355 548 1464 602 vim
1494 548 1908 603 divendidisset.
1949 546 2128 613 Quar—

542 648 656 693 tum
706 638 940 704 crimen,
997 639 1141 707 quod
1197 653 1469 693 marmora
1519 637 1579 691 S.
1632 635 1960 702 Anastasiar,
2009 649 2130 705 qua:

539 729 829 784 Nectarius
872 728 946 783 illi
993 730 1242 784 ecclesiae
1284 727 1652 783 marmoribus
1690 726 1953 780 ornanda:
2003 724 2130 780 reli-

541 830 757 887 querat,
785 820 902 889 ipse
929 820 1284 875 vendidisset.
1312 820 1598 886 Quintum,
1637 818 1781 888 quod
1812 831 1911 886 per
1935 824 2129 871 contu-

542 912 761 967 meliam
792 912 1028 983 appellet
1067 912 1295 967 clericos
1323 910 1480 976 viles,
1512 918 1830 978 corruptos,
1862 909 1976 962 suis
2004 907 2131 962 usi-

541 1006 643 1060 bus
675 1015 867 1075 sponte
915 1015 1159 1074 paratos,
1196 1003 1645 1070 triobolaresque.
1690 999 1939 1065 Sextum,
1985 999 2129 1069 quod

541 1109 790 1152 sanetum
814 1096 1173 1167 Epiphanium
1193 1096 1419 1149 delirum
1433 1104 1486 1149 et
1503 1094 1782 1162 parvulum
1801 1092 2128 1147 daemonium

538 1188 852 1257 appellarit.
885 1188 1211 1257 Septimum,
1244 1186 1387 1255 quod
1432 1183 1732 1240 Severiano
1765 1183 1879 1251 (16)
1914 1184 2130 1237 calum-

536 1280 687 1332 niam
719 1279 1036 1344 struxisset,
1071 1278 1311 1332 incitatis
1338 1286 1530 1331 contra
1568 1291 1694 1331 eum
1734 1275 1958 1330 decanis
1989 1274 2125 1345 (l7).

538 1366 829 1435 Octavum,
864 1370 1006 1438 quod
1030 1368 1407 1438 sycophantiis
1434 1368 1653 1437 plenum
1688 1367 1887 1422 librum
1924 1364 1981 1420 in
2016 1365 2129 1421 cle-

541 1476 662 1514 rum
714 1462 1060 1531 conscripsit.
1113 1460 1349 1526 Nonum,
1384 1462 1528 1529 quod
1560 1460 1727 1515 totius
1759 1460 1893 1514 cleri
1941 1458 2129 1512 habito

541 1560 833 1615 conventu,
884 1562 993 1605 tres
1068 1551 1325 1605 diaconos
1378 1551 1586 1612 citarit,
1644 1551 1925 1613 Acacium,
1985 1548 2128 1603 Eda-

540 1641 750 1708 phium,
779 1649 834 1694 et
857 1638 1144 1706 Joannem,
1176 1650 1232 1694 et
1258 1640 1414 1709 quasi
1447 1638 1730 1693 humerale
1762 1639 1935 1708 ipsius
1963 1637 2129 1692 furati

537 1742 739 1797 essent,
774 1732 1079 1797 accusarit;
1114 1746 1390 1801 quaerens,
1442 1740 1627 1784 utrum
1666 1740 1723 1785 et
1765 1730 1831 1783 ad
1869 1730 2034 1784 alium
2061 1727 2129 1783 il-

538 1823 628 1877 lud
671 1838 827 1877 usum
868 1822 1108 1892 aliquem
1169 1823 1461 1891 cepissent.
1514 1820 1818 1883 Decimum,
1857 1821 2002 1889 quod
2030 1819 2143 1874 An-

542 1914 751 1968 tonium
799 1916 1181 1983 sepulcrorum
1243 1914 1562 1968 violatorem
1613 1914 1947 1975 convictum,
2012 1910 2130 1981 epi-

539 2018 763 2073 sc0pum
800 2003 1091 2058 ordinarit.
1139 2002 1524 2068 Undecimum,
1574 2005 1719 2072 quod
1744 2001 2010 2058 Joannem
2046 2017 2131 2055 co-

544 2096 733 2150 mitem
777 2096 833 2149 in
876 2095 1109 2149 tumultu
1146 2094 1369 2149 militari
1404 2095 1518 2165 ipse
1545 2095 1869 2164 prodiderit.
1906 2093 2125 2147 Duode-

542 2188 769 2251 cimum,
799 2188 942 2256 quod
991 2201 1167 2256 neque
1211 2186 1468 2241 incedens
1506 2186 1573 2239 ad
1624 2186 1904 2254 templum,
1951 2198 2129 2254 neque

543 2278 880 2347 ingrediens,
914 2276 1086 2333 Deum
1126 2286 1380 2345 precatus
1421 2277 1513 2331 sit.
1561 2275 1841 2331 Decimum
1882 2275 2122 2338 tertium,

543 2372 691 2436 quod
715 2371 835 2422 sine
874 2368 1033 2421 altari
1075 2368 1427 2421 diaconorum
1464 2377 1519 2420 et
1552 2368 1993 2437 presbyterorum
2031 2380 2125 2419 or-

545 2460 852 2513 dinationes
906 2458 1123 2512 fecerit.
1176 2459 1455 2513 Decimum
1504 2468 1782 2527 quartum,
1825 2456 1971 2527 quod
2022 2470 2128 2511 una

543 2551 886 2605 ordinatione
916 2561 1153 2619 quatuor
1196 2549 1357 2605 simul
1402 2548 1687 2619 episcopos
1716 2549 1938 2603 crearit.
1970 2547 2129 2602 Deci-

544 2658 690 2697 mum
716 2642 989 2713 quintum,
1036 2643 1182 2713 quod
1228 2642 1484 2696 mulieres
1515 2640 1779 2710 suscipiat
1811 2640 1949 2711 (18),
1980 2642 2129 2694 solus

548 2751 673 2789 cum
707 2734 861 2798 solis,
912 2734 1034 2788 aliis
1088 2733 1343 2789 omnibus
1384 2731 1531 2787 foras
1568 2731 1806 2787 emissis.
1849 2731 2126 2786 Decimum

553 2838 794 2891 sextum,
821 2828 962 2896 quod
1012 2827 1381 2881 haereditatem
1422 2841 1451 2878 a
1505 2824 1705 2879 Thecla
1739 2823 2002 2889 relictam,
2036 2838 2130 2892 per

543 2920 886 2975 Theodulum
934 2915 1255 2972 vendiderit.
1295 2915 1571 2969 Decimum
1620 2915 1928 2982 septimum,
1985 2914 2129 2982 quod

547 3011 804 3066 Ecclesiae
832 3010 1033 3065 reditus
1057 3022 1214 3062 neruo
1241 3007 1454 3062 noverit
1468 3021 1574 3076 quo
1603 3006 1817 3060 abeant.
1850 3006 2129 3060 Decimum

538 3109 818 3166 octavum,
865 3101 1007 3169 quod
1053 3099 1407 3169 Serapionem
1462 3097 1575 3170 (19)
1616 3107 1955 3165 accusatum,
1995 3112 2129 3151 cau-

2238 542 2522 613 διέπρασε·
2577 542 2862 613 τέταρτον,
2908 546 2991 599 ὅτι
3048 548 3118 600 τὰ
3176 551 3447 622 μάρμαρα
3506 552 3610 621 τῆς
3664 556 3823 621 ἁγίας

2251 635 2648 701 ’Δναστασίας,
2694 636 2730 690 ἀ
2761 638 2807 669 ⁸⁸
2849 638 3157 711 Νεκτάριος
3199 645 3281 707 είς
3310 646 3672 718 μαρμάρωσιν
3718 649 3822 719 τῆς

2234 726 2533 797 ἐκκλησίας
2557 728 2886 795 ἐναπέθετο,
2934 724 3092 796 οὗτος
3122 733 3409 805 διέπρασε·
3443 737 3718 806 πέμπτον,
3739 742 3821 794 ὅτι

2232 817 2361 878 τοὺς
2388 816 2686 887 κληρικοὺς
2730 817 2962 888 ἀτίμους
3002 822 3099 875 καὶ
3139 823 3580 894 διεφθαρμένους
3603 830 3696 880 καὶ
3729 830 3823 894 αὐ-

2229 908 2680 977 τοπαραχρήτους
2694 907 2738 939 “
2764 910 2857 961 καὶ
2889 892 3601 985 τριοϐολιμαίουςῖύϐρίζει·
3634 892 3817 984 ἕκτον,

2229 998 2311 1051 ὅτι
2341 998 2432 1051 τὸν
2453 999 2610 1067 ἅγιον
2661 999 2975 1069 Ἐπιφάνιον
3006 1002 3171 1073 λῆρον
3206 1007 3390 1061 ἐκάλει
3432 1009 3473 1040 ³⁷
3505 1010 3601 1063 καὶ
3632 1011 3823 1082 δαιμο-

2230 1090 2441 1161 νιάριον
2467 1106 2482 1121 ·
2548 1091 2802 1160 ἕϐδομον,
2842 1092 2925 1146 ὅτι
2971 1096 3115 1149 κατὰ
3159 1098 3493 1170 Σεϐηριανοῦ
3555 1104 3824 1175 συσκευὴν

2232 1182 2551 1253 ἐποιήσατο,
2596 1183 2688 1255 [56
2719 1183 2813 1255 R.]
2850 1186 3081 1254 κινήσας
3125 1190 3245 1242 κατ’
3271 1193 3439 1246 αὐτοῦ
3479 1194 3605 1256 τοὺς
3660 1195 3823 1249 δεκα-

2230 1273 2377 1338 νούς·
2409 1274 2623 1342 ὄγδοον,
2659 1277 2739 1329 ὅτι
2768 1278 2863 1329 καὶ
2892 1278 3037 1332 κατὰ
3065 1280 3161 1333 τοῦ
3200 1283 3403 1355 κλήρου
3432 1288 3823 1354 συκοφαντικδν

2233 1366 2435 1436 βιϐλίον
2501 1368 2926 1421 κατεσκεύασεν·
2994 1370 3238 1440 ἔννατον,
3303 1375 3386 1428 ὅτι
3444 1379 3825 1448 συγκροτήσας

2233 1459 2512 1528 συνέδριον
2541 1462 2743 1521 παντὸς
2773 1460 2867 1513 τοῦ
2886 1460 3093 1532 κλήρου
3124 1466 3319 1536 ἔστησε
3347 1470 3495 1537 τρεῖς
3515 1469 3821 1535 διακόνους,

2244 1547 2522 1611 Ἀκάκιον,
2570 1548 2824 1616 Ἐδάιριον
2846 1591 2860 1613 ,
2906 1552 3161 1623 Ἰωάννην
3183 1594 3196 1616 ,
3231 1559 3620 1626 κατηγορήσας
3660 1558 3737 1621 ὡς
3764 1560 3825 1611 τὸ

2237 1638 2509 1708 μαφόριον
2532 1638 2575 1668 ³⁸
2593 1639 2757 1692 αὐτοῦ
2783 1640 3290 1710 κλέψαντας,λέγων
3306 1646 3397 1715 Μὴ
3422 1648 3515 1700 καὶ
3535 1649 3612 1710 εἰς
3628 1648 3757 1700 ἄλλο
3771 1665 3823 1715 τι

2230 1727 2362 1781 αὐτὸ
2390 1726 2582 1780 ἐλαϐον
2605 1744 2620 1793 ;
2642 1728 2889 1794 δέκατον,
2922 1732 3003 1783 ὃτι
3034 1731 3318 1785 Ἀντώνιον
3337 1733 3657 1805 ἐλεγχθέντα
3685 1753 3825 1805 τυμη

2171 1827 2215 1883 Β
2246 1818 2496 1890 ϐωρύχον
2539 1822 2951 1893 ἐχειροτόνησεν
2986 1823 3286 1877 ἐπίσκοπον
3309 1841 3324 1854 ·
3398 1825 3705 1888 ἑνδέκατον,
3742 1827 3823 1879 ὅτι

2245 1911 2498 1979 Ἰωάννην
2537 1912 2628 1963 τὸν
2660 1913 2878 1982 κόμητα
2918 1916 2975 1967 ἐν
3016 1918 3080 1985 τῇ
3108 1916 3299 1968 στάσει
3324 1916 3436 1969 τῶν
3476 1918 3826 1987 στρατιωτῶν

2232 2002 2393 2064 αὐτὸς
2459 2003 2862 2072 κατεμήνυσεν·
2929 2003 3261 2069 δωδέκατον,
3316 2005 3399 2058 ὅτι
3444 2003 3567 2057 οὔτε
3616 2003 3827 2075 προῖὼν

2230 2093 2439 2161 ηὔξατο
2487 2096 2569 2156 είς
2621 2096 2722 2162 τὴν
2754 2096 3057 2165 ἐκκλησίαν
3088 2097 3213 2149 οὔτε
3240 2097 3450 2150 εἰσιών·
3511 2097 3828 2166 τρισκαιδέ-

2230 2200 2420 2248 κατον,
2452 2185 2535 2236 ὅτι
2569 2185 2698 2238 ἄνευ
2751 2185 3137 2257 θυσιαστηρίου
3183 2190 3519 2259 χειροτονίας
3560 2190 3827 2243 διακόνων

2230 2278 2325 2330 καὶ
2350 2279 2735 2349 πρεσϐυτέρων
2780 2280 3025 2350 ἐποίησε·
3071 2281 3691 2350 τεσσαρεσκαιδέκατον,
3741 2280 3824 2333 ὅτι

2232 2366 2422 2437 ἐνμιᾷ
2486 2369 2795 2438 χειροτονίᾳ
2863 2368 2954 2439 [ἳϐ
3005 2367 3101 2439 IL]
3166 2369 3440 2439 τέσσαρας
3490 2371 3828 2431 ἐπισκόπους

2231 2459 2478 2529 ἐποίησε·
2510 2460 3018 2527 πεντεκαιδέκατον,
3048 2461 3127 2512 ὅτι
3158 2459 3371 2529 δέχεται
3428 2462 3699 2527 γυναῖκας
3732 2477 3832 2529 μο-

2230 2551 2579 2620 νοπρόςμονα
2616 2552 2660 2583 ³⁸
2689 2592 2702 2614 ,
2740 2551 2950 2613 πάντας
2995 2550 3275 2604 ἐκϐάλλων
3316 2551 3384 2581 ³⁸·
3414 2550 3539 2613 ἔξω·
3582 2548 3830 2616 ἑξκαιδε-

2233 2657 2430 2703 κατον,
2460 2642 2541 2694 ὅτι
2576 2641 2675 2704 τὴν
2707 2642 3075 2712 κληρονομίαν
3100 2642 3198 2713 τὴν
3229 2642 3338 2695 ἀπὸ
3352 2644 3398 2675 ⁴⁰
3417 2642 3623 2706 Θέκλας
3652 2661 3829 2696 κατα-

2232 2732 2543 2799 λειφθεῖσαν
2570 2734 2823 2805 πέπρακε
2848 2734 2936 2787 διὰ
2971 2734 3285 2787 Θεοδούλου·
3322 2735 3823 2799 ἑπτακαιδέκατον,

2232 2824 2314 2876 ὅτι
2337 2823 2405 2877 τὰ
2439 2826 2699 2896 προσόδια
2714 2825 3157 2896 τῆςἙκκλησίας
3179 2806 3354 2889 οὐδεὶς
3379 2823 3485 2879 οἶδε
3512 2826 3614 2880 ποῦ
3640 2828 3829 2898 ἀπῆλ-

2234 2916 2346 2969 θεν·
2365 2918 2833 2973 ὀκτωκαιδέκατον
2848 2920 2929 2971 ὅτι
2953 2919 3285 2989 Σαραπίωνα
3306 2918 3408 2972 ὑπὸ
3426 2918 3592 2989 ἓγκλη
3602 2937 3681 2989 μα
3698 2919 3831 2973 ὄντα

2234 3005 2605 3077 πρεσϐύτερον
2625 3009 3052 3079 ἐχειροτόνησεν·
3078 3009 3575 3075 ἐννεακαιδέκατον,
3592 3011 3681 3063 ὅτι
3700 3012 3829 3074 τοὺς

2235 3099 2588 3160 κοινωνικοὺς
2649 3099 2752 3168 τῆς
2807 3100 3136 3170 οἰκουμένης
3187 3102 3328 3153 κατά
3374 3099 3603 3171 γνώμην
3656 3099 3830 3152 αὐτοῦ

548 3208 774 3262 sumque
804 3161 968 3247 etiam
1005 3201 1116 3246 tum
1154 3161 1448 3253 dicentem,
1471 3161 1861 3260 presbyterum
1901 3161 2125 3243 ordina-

2234 3188 2651 3257 ὲγκλεισθέντας
2684 3161 2797 3257 ικαὶ
2856 3161 3289 3262 τελευτήσαντας
3338 3161 3398 3245 ἐν
3447 3161 3515 3262 si")
3556 3161 3569 3171 -
3603 3191 3829 3262 φυλακῇ

546 3288 640 3342 rit.
712 3284 987 3338 Decimum
1038 3296 1260 3344 novum,
1296 3282 1440 3349 quod
1479 3281 1947 3334 communicantes
2002 3293 2126 3332 cum

547 3381 680 3435 orbe
730 3378 983 3431 universo
1027 3374 1174 3445 (20),
1218 3374 1389 3444 ipsius
1437 3372 1720 3428 voluntate
1768 3370 2025 3433 inclusos,
2072 3378 2129 3422 ct

548 3474 600 3525 in
639 3468 884 3524 custodia
930 3476 1197 3532 mortuos,
1247 3464 1661 3533 contempserit,
1708 3472 1767 3517 ut
1796 3478 1863 3516 ne
1893 3476 2127 3530 corpora

546 3564 762 3633 quidem
812 3562 1051 3631 ipsorum
1093 3558 1386 3629 sepultura:
1416 3555 1726 3611 mandanda
1768 3556 1995 3610 curarit.
2036 3552 2125 3606 Vi-

547 3655 836 3719 cesimum,
873 3652 1017 3721 quod
1061 3650 1259 3719 injuria
1295 3648 1706 3704 sanctissimum
1748 3646 2009 3701 Acacium
2045 3645 2127 3699 af—

540 3746 761 3810 -l'ecerit,
812 3754 866 3796 et
920 3756 989 3796 ne
1031 3740 1099 3794 ad
1142 3738 1477 3810 colloquium
1535 3737 1755 3808 quidem
1800 3737 1975 3807 ipsum
2032 3737 2129 3790 ad-

538 3836 781 3890 miserit.
858 3832 1189 3889 Vicesimum
1252 3832 1508 3902 primum,
1561 3830 1706 3899 quod
1764 3828 2127 3900 Porphyrium

534 3928 925 3999 presbyterum
963 3925 1249 3994 Eutropio,
1279 3933 1338 3979 ut
1370 3925 1423 3979 in
1461 3923 1715 3978 exsilium
1737 3922 1982 3990 pelleret,
2019 3930 2127 3973 tra-

549 4020 768 4073 diderit.
802 4017 1131 4073 Vicesimum
1165 4018 1488 4081 secundum,
1514 4014 1801 4084 quoditem
1840 4011 2125 4067 Berenium

524 4107 888 4162 sacerdotem
923 4106 1272 4161 contumeliis
1323 4106 1506 4159 multis
1552 4104 1696 4158 male
1723 4112 2003 4171 acceptum
2036 4104 2127 4155 de-

547 4200 750 4254 diderit
776 4198 911 4269 (2|).
955 4198 1284 4252 Vicesimum
1316 4196 1565 4261 tertium,
1592 4195 1738 4264 quod
1780 4194 1858 4248 illi
1887 4194 1986 4248 soli
2016 4194 2132 4247 bal-

546 4307 712 4346 neum
762 4289 1149 4356 succendatur,
1194 4276 1373 4343 etubi
1419 4287 1639 4352 laverit,
1679 4285 1949 4356 Sarapion
1976 4284 2129 4339 clau-

521 4383 1008 4450 ~datlabrum,ita
1062 4393 1120 4437 ut
1165 4382 1307 4436 alius
1354 4393 1514 4435 nemo
1564 4372 1729 4433 lavet.
1779 4379 2045 4446 Quartum
2075 4388 2131 4431 et

2233 3283 2485 3353 ὑπερεῖδε
2518 3321 2535 3347 ,
2583 3282 2678 3335 καὶ
2736 3281 2855 3334 οὐδὲ
2911 3284 3234 3353 προπέμψαι
3266 3285 3309 3314 “
3362 3283 3434 3337 τὰ
3482 3283 3829 3353 σκηνώματα

2231 3373 2410 3428 αὐτῶν
2439 3373 2782 3445 κατηξίωσεν
2807 3374 2873 3405 ⁸³·
2934 3376 3200 3439 εἰκοστὸν,
3235 3377 3318 3429 ὃτι
3373 3376 3465 3429 τὸν
3514 3375 3829 3445 ἁγιώτατον

2243 3466 2497 3519 ’Δκάκιον
2529 3465 2718 3537 ὕϐρισε
2750 3467 2845 3520 καὶ⁸
2893 3465 3019 3519 οὕτε
3065 3466 3227 3535 λόγου
3281 3467 3586 3536 μετέδωκεν
3643 3467 3824 3537 αὐτῷ·

2230 3557 2474 3610 εἰκοστὸν
2492 3557 2730 3628 πρῶτον,
2745 3559 2827 3611 ὅτι
2846 3558 3154 3629 Πορφύριον
3171 3559 3260 3612 τὸν
3283 3559 3660 3630 πρεσϐύτερον
3680 3576 3829 3628 παρ-

2230 3648 2432 3702 έδωκεν
2461 3649 2749 3719 Εὐτροπίῳ
2771 3649 3139 3720 ἐξορισθῆναι·
3163 3652 3405 3704 εἰκοστὸν
3430 3652 3709 3721 δεύτερον,
3743 3652 3827 3704 ὅτι

2231 3742 2328 3795 καὶ
2367 3741 2619 3812 Βενέριον
2650 3743 2696 3774 ⁸³
2730 3742 3105 3813 πρεσϐύτερον
3133 3742 3417 3812 παρέδωκε
3450 3742 3569 3813 μεθ’
3606 3743 3828 3812 ὕϐρεος

2231 3834 2453 3904 πολλῆς·
2502 3832 2746 3887 εἰκοστὸν
2796 3833 3004 3904 τρίτον,
3047 3836 3129 3888 ὃτι
3184 3835 3332 3906 αὑτῷ
3399 3837 3545 3907 μόνῳ
3593 3835 3829 3906 λουτρὸν

2231 3928 2577 3990 ὐποκαίεται,
2605 3926 2699 3978 καὶ⁵
2734 3928 2875 3995 μετά
2907 3926 2968 3979 τὸ
3012 3925 3305 3979 λούσασθαι
3332 3928 3493 3980 αὑτὸν
3521 3929 3828 3998 Σαραπίων

2229 4018 2452 4072 ἀπολύει
2474 4018 2518 4049 δ’·
2538 4018 2637 4086 τὴν
2662 4017 2915 4086 ἔμϐασιν,
2940 4018 3081 4071 ὥστε
3106 4018 3265 4073 ἄλλον
3292 4019 3413 4072 τινὰ
3447 4020 3522 4090 μὴ
3539 4019 3825 4073 λούεσθαι·

2235 4110 2481 4162 εἰκοστὸν
2525 4110 2809 4179 τέταρτον,
2845 4110 2929 4162 ὅτι
2967 4110 3195 4173 πολλοὺς
3238 4112 3572 4181 ἀμαρτύρως
3607 4113 3829 4182 ἐχειρο-

2232 4201 2483 4271 τόνησεν·
2527 4202 2773 4254 είκοστδν
2793 4204 3068 4271 πέμπτον,
3085 4203 3165 4257 ὅτι
3200 4202 3357 4273 μόνος
3378 4202 3543 4255 ἐσθίει
3567 4203 3826 4268 ἀσώτως,

2233 4289 2343 4354 ζῶν
2360 4290 2684 4343 Κυκλώπων
2707 4290 2840 4359 βίον·
2863 4292 3109 4345 εἰκοστὸν
3130 4292 3287 4344 ἕκτον
3308 4292 3389 4344 ὅτι
3406 4292 3571 4355 αὐτὸς
3588 4308 3830 4360 κατηγο-

2238 4384 2340 4453 ρεῖ,
2359 4381 2521 4445 αὐτὸς
2555 4386 2845 4453 μαρτυρεῖ,
2873 4384 3036 4447 αὐτὸς
3051 4382 3409 4453 ἀποφαίνεται
3429 4383 3544 4454 (καὶ
3568 4381 3735 4452 δῆλον
3763 4385 3833 4435 ἐκ

547 4477 892 4541 vicesimum,
924 4476 1068 4546 quod
1116 4475 1237 4529 sine
1293 4472 1523 4528 testibus
1570 4470 1707 4541 180
1745 4470 1942 4524 multos
1980 4469 2128 4523 ordi-

2234 4473 2346 4526 τῶν
2379 4474 2509 4543 περὶ
2543 4475 2863 4545 Μαρτύριον
2886 4474 2980 4528 τὸν
3020 4476 3474 4545 πρωτοδιάκονον,
3505 4475 3601 4529 καὶ
3626 4476 3695 4527 ἐκ
3715 4475 3833 4527 τῶν

526 4564 714 4619 νηοτὶι.
741 4564 999 4631 Quintum
1029 4572 1085 4618 et
1110 4563 1453 4627 vicesimum,
1479 4562 1624 4630 quod
1653 4560 1802 4616 solus
1834 4559 1947 4631 (22)
1977 4561 2125 4624 edat,

2239 4564 2370 4635 περὶ
2390 4565 2768 4637 Προαιρέσιον,
2796 4567 2950 4636 φασὶ,
2968 4568 3060 4620 τὸν
3078 4567 3285 4630 Λυκίας
3305 4566 3647 4637 ἐπίσκοπον)·
3670 4568 3832 4619 εἰκο-

1857 4693 2091 4752 VARIAE
2119 4696 2526 4754 LECTIONES.

620 4794 665 4825 ”
686 4810 794 4846 των
828 4793 1126 4872 κειμηλίων
1158 4791 1222 4847 Α.
1256 4791 1344 4872 “"5
1365 4788 1424 4872 ἃ]
1446 4786 1605 4872 6565;.
1682 4788 1728 4819 ³⁸
1743 4790 2263 4872 αὐτρπαρακλήτους
2292 4808 2401 4872 mg:
2422 4793 2710 4872 editorum.
2731 4862 2744 4872 .
2789 4791 3197 4872 ξτόιπεκάλειιςζ
3269 4792 3314 4823 ³⁸
3338 4793 3752 4872 νῴμοφόρξςινιςζτ
3788 4796 3836 4825 ³ο

1254 4861 1322 4892 δ”
1396 4858 1644 4913 ἐκϐαλὼν
1674 4875 1735 4922 ς.

553 4863 720 4934 μόνας
750 4864 887 4934 πρὸς
920 4865 1087 4931 μόνας
1116 4879 1176 4926 ς.
1254 4863 1322 4892 δ”
1396 4863 1644 4913 ἐκϐαλὼν
1674 4875 1735 4922 ς.
1812 4863 1859 4889 ⁸ο
1883 4863 1960 4913 ἀπ

553 4950 643 4987 σεν
676 4952 736 4998 ς.
812 4934 858 4966 ⁸³
898 4934 1146 4998 Βερένιον
1177 4950 1238 4997 ς.
1308 4931 1354 4969 δι
1380 4929 1660 4984 ἀποκλείει
1687 4942 1798 4998 mg.
1834 4931 1960 4984 edd.

544 4950 643 4987 σεν
676 4952 736 4998 ς.
812 4934 858 4966 ⁸³
898 4934 1146 5003 Βερένιον
1177 4950 1238 4997 ς.

1812 4857 1859 4889 ⁸ο
1883 4858 2014 4933 ἀπὸ]
2046 4857 2270 4930 praestat
2296 4857 2423 4917 ὑπό.
2498 4863 2542 4895 ⁸³
2566 4861 2891 4933 προπέμψαι
2915 4874 3035 4932 post
3058 4860 3238 4915 αὐτῶν
3265 4857 3415 4931 punit
3444 4857 3503 4927 ς’.
3540 4857 3551 4863 ⁷
3577 4863 3624 4894 ⁸²
3654 4864 3837 4933 ἠξίω-

2063 5046 2302 5107 NOTAE.

622 5141 736 5213 (16)
771 5142 848 5196 De
896 5142 1153 5213 quoivide
1199 5140 1433 5213 Niceph.
1482 5137 1576 5213 lib.
1598 5153 1748 5213 Δπριιι,
1796 5153 1916 5210 cap.
1943 5138 2001 5205 9,
2034 5140 2135 5194 sub

526 5208 646 5279 lin,
678 5225 733 5267 et
760 5208 961 5280 Georg.
990 5212 1255 5280 Alexand.
1288 5210 1414 5263 inlr.
1442 5208 1564 5280 cod.
1593 5208 1683 5263 96.

2312 5141 2425 5212 (20)
2480 5142 2617 5204 Τοὺς
2647 5141 3000 5205 κοινωνικοῦς
3044 5142 3144 5209 τῆς
3176 5142 3522 5212 οἰκουμένης,
3567 5157 3707 5212 quos
3744 5158 3845 5201 se-

2239 5213 2459 5283 quentis
2506 5212 2665 5283 libelli
2705 5229 2754 5265 c.
2790 5213 2879 5283 10,
2920 5212 3271 5283 κοινωνικούς
3329 5213 3432 5283 τῆς
3473 5213 3842 5283 Ἐκκλησίας,

624 5278 737 5353 (l7)
776 5278 1022 5353 Δεκανοὶ,
1053 5280 1121 5353 S._
1145 5279 1409 5349 Epiphan.
1452 5278 1638 5353 lib._tu
1668 5289 1914 5353 extremo
1948 5287 2138 5333 contra
2242 5278 2293 5353 id
2324 5293 2449 5353 estL
2477 5281 2819 5345 καθολικοὺς,
2862 5281 3328 5353 Isaaciusdvocat.
3367 5278 3490 5336 Illos
3520 5278 3717 5348 nempe
3752 5278 3847 5340 di-

552 5347 747 5408 haa'res'.
784 5356 847 5418 f.,
878 5354 927 5406 οἱ
958 5352 1029 5404 τά
1059 5347 1290 5420 σώματα
1317 5347 1763 5420 περιστέλλοντες
1792 5348 1901 5420 τῷν
1932 5364 2141 5420 κοιμωέ

2240 5352 2317 5407 cit
2345 5369 2375 5405 a
2407 5351 2711 5423 TheOphilo
2755 5351 3062 5423 submissos
3097 5351 3393 5407 Catholicae
3424 5353 3847 5408 communionis

530 5425 789 5509 ίίιιένωνο.
820 5416 881 5477 Et
940 5416 2001 5509 N°.Ve':_'_99:_g‘!‘__£9!!!_}*‘§?P.°°::a
2026 5416 2153 5509 ’.τί
2243 5416 2578 5509 censeas?
2612 5422 2938 5509 μωμεοειεξιξ.
2968 5420 3446 5509 fissuram":
3474 5423 3845 5509 οτίβθτειίειθ-

555 5487 903 5564 ᾇσκητρίαις,
942 5493 1044 5564 καὶ-
1063 5491 1378 5552 κανονικαῖς
1401 5489 1674 5558 κάμνουσι
1732 5487 1863 5558 περὶ
1905 5489 2003 5553 τὴν
2031 5487 2141 5540 τῶν
2249 5506 2368 5564 rum
2410 5487 2796 5564 accusatores;
2818 5491 3038 5564 Certum
3072 5490 3123 5544 id
3151 5504 3215 5545 ex
3244 5492 3508 5559 Palladio,
3539 5487 3600 5547 εί
3624 5489 3842 5564 Georg.

536 5562 829 5633 ιλειψάνων
844 5562 1106 5633 ἐκφοράν.

628 5628 751 5713 (l8).
800 5628 1699 5713 olympiadem-atqueﬁicetam,
1726 5636 1785 5685 et
1823 5628 1955 5685 alias
1980 5629 2139 5686 beato

552 5699 753 5756 'Joanni
783 5699 1155 5756 ministrantes
1189 5701 1461 5769 intelligit.

634 5772 747 5843 (l9)
786 5771 919 5829 Vide
945 5770 1229 5830 Socratem
1264 5770 1358 5827 lib.
1390 5783 1476 5825 vn.

2248 5561 2401 5616 Alex.
2434 5561 2561 5615 infr.
2598 5564 2723 5617 cod.
2759 5560 2943 5614 XCVI.

2323 5631 2435 5701 (Ἡ)
2469 5631 2879 5701 Berrhmeusem
2911 5629 3082 5701 episc.

2246 5698 2685 5829 ωὓὲὶὲὲἐιιυεειε
2732 5698 2894 5756 affert
2940 5699 3140 5773 Georg.
3179 5703 3453 5761 Alexand.
3491 5704 3543 5758 in
3577 5702 3689 5757 vita
3728 5702 3844 5758 inl'.
