4030 6484
270 358 360 423 109

1383 348 1912 409 BIBLIOTHECA.
1952 369 2013 381 -ο
2055 346 2219 406 COD.
2246 345 2400 405 LIX.

3412 341 3510 405 110

267 468 378 521 στὸν
407 461 654 530 ἕϐδομον,
682 458 763 511 ὅτι
779 456 1005 528 γρόνθον
1022 457 1191 510 ἔδωκε
1210 457 1455 526 Μέμνονι
1470 458 1527 509 ἐν
1547 460 1658 519 τοῖς
1675 456 1837 508 Ἀπο-

1964 462 2365 524 intemperanter
2418 452 2714 523 Cyclopum
2776 452 2939 505 vitam
3015 451 3238 520 degens.
3305 450 3511 504 Vicesi‘

269 556 481 617 στόλοις,
505 553 603 604 καὶ
639 550 855 621 ῥέοντος
884 548 980 601 τοῦ
1011 548 1243 617 αἵματος
1267 549 1331 599 ἐκ
1351 546 1444 600 τοῦ
1466 547 1728 616 στόματος
1745 547 1841 599 αὐ-

1940 561 2086 601 mum
2144 554 2383 610 sextum,
2433 544 2578 613 quod
2632 542 2772 597 idem
2819 544 2936 612 ipse
2982 551 3223 608 accuset,
3262 541 3513 609 idemque

265 646 346 701 τοῦ
379 646 681 715 προήνεγκε
704 643 772 694 τὰ
804 641 1100 711 μυστήρια⁸
1164 639 1408 693 εἰκοστὸν
1443 638 1652 706 ὄγδοον,
1678 639 1763 691 ὅτι
1783 640 1841 692 ἐν

1956 636 2096 691 .estis
2134 637 2226 699 sit,
2268 650 2335 689 ac
2361 634 2547 703 judex.
2588 633 2815 688 Planum
2864 633 2918 688 id
2961 648 3082 688 esse
3103 649 3167 687 ex
3211 633 3342 697 illis,
3394 648 3514 702 quae

265 737 420 808 θρόνῳ
446 733 742 788 ἀποδύεται
772 732 870 785 καὶ
892 732 1140 785 ἐνδύεται
1163 730 1259 784 καὶ
1276 730 1535 783 πάστιλον
1553 731 1598 763 ⁸⁸
1616 727 1837 800 τρώγειο

1939 743 2062 781 cum
2121 726 2385 796 Martyrio
2442 720 2880 790 archidiacono,’
2916 733 2971 779 et
3035 740 3157 778 cum
3210 723 3514 779 Proaeresio

265 828 492 881 εἰκοστὸν
549 825 792 887 ἔννατον,
841 824 926 877 ὅτι
963 824 1059 876 καὶ
1097 825 1201 893 χρή
1212 839 1361 891 ματα
1390 824 1506 883 τοῖς
1543 820 1638 873 ὑπ’
1678 818 1842 873 αὑτοῦ

1956 818 2120 889 Lycize
2174 819 2435 888 episcopo
2487 827 2637 887 gesta
2676 817 3012 897 refcrantur:
3063 815 3389 872 Vicesimum
3424 830 3515 870 se-

265 918 743 991 χειροτονουμένοις
778 915 1099 979 ἐπισκόποις
1141 916 1377 979 δίδωσιν,
1434 913 1520 969 ῖνα
1548 913 1616 967 δι’
1648 912 1829 967 αὐτῶν

265 1012 525 1078 ιαταπονῇ
561 1008 657 1061 τοῦ
684 1006 912 1078 κλήρου.

1939 910 2191 979 ptimum,
2246 909 2391 977 quod
2444 923 2623 978 pugno
2663 907 2779 978 (25)
2828 907 3138 963 contuderit
3177 907 3516 961 Memnonem

1930 1002 1986 1056 in
2042 1001 2426 1071 Apostolorum
2481 1015 2636 1056 sacra
2695 1001 2831 1064 aede,
2896 1008 2949 1055 et
3001 1000 3260 1068 sanguine
3311 1013 3377 1052 ex
3423 1011 3519 1052 ore

266 1106 419 1175 ipsius
469 1113 745 1167 manante,
806 1101 1161 1157 nihilominus
1222 1100 1569 1156 eucharistiaa
1630 1098 1891 1153 obtulerit
1947 1096 2231 1168 mysteria.
2296 1094 2628 1150 Vicesimum
2686 1105 2959 1160 octavum,
3010 1097 3155 1164 quod
3208 1094 3263 1148 in
3323 1095 3520 1149 throno

265 1198 470 1252 exuitur
506 1204 563 1250 et
614 1195 879 1260 induitur,
918 1203 975 1248 et
1006 1193 1281 1263 pastillum
1313 1193 1427 1264 (24)
1452 1193 1584 1247 edit.
1619 1191 1950 1247 Vieesimum
1992 1204 2215 1252 nonum,
2243 1188 2401 1257 'quod
2464 1189 2739 1258 epiSCOpis
2808 1202 2837 1241 a
2903 1201 2962 1242 se
3026 1186 3291 1241 ordinatis
3356 1198 3521 1255 pecu-

266 1290 375 1345 nias
403 1288 685 1357 largiatur,
720 1295 780 1340 ut
801 1301 898 1353 per
931 1287 1051 1341 illos
1092 1286 1373 1341 laboribus
1405 1285 1608 1340 clerum
1640 1285 1935 1354 opprimat.

329 1381 405 1434 Τὰ
427 1381 525 1450 μὲν
550 1381 695 1435 κατὰ
715 1380 760 1412 ⁸⁸
792 1380 886 1433 τοῦ
917 1381 1072 1449 ἁγίου
1112 1380 1385 1450 κεφάλαια
1404 1379 1597 1434 ταῦτα’
1632 1381 1839 1442 ἐκεῖνος

264 1470 313 1523 δὲ
342 1469 603 1540 τέταρτον
625 1469 993 1541 προσκληθεὶς
1012 1472 1071 1524 οὐ
1097 1470 1454 1541 παρεγένετο,
1471 1470 1841 1542 δηλοποιήσας

265 1564 367 1621 τοῖς
381 1559 905 1628 προσκαλουμένοις,
923 1561 1005 1613 ὅτι
1023 1577 1042 1610 ι
1065 1561 1125 1612 Εἰ
1146 1562 1272 1622 τοὺς
1290 1561 1588 1631 προφανεῖς
1610 1558 1840 1628 ἐχθροὺς

267 1652 363 1705 ἀπὸ
376 1651 476 1719 τῆς
490 1650 700 1714 τάξεως
710 1652 818 1703 τῶν
838 1654 1129 1720 κρινόντων
1154 1650 1551 1720 παραστέλλετε
1574 1650 1617 1682 ’⁵⁷
1634 1648 1847 1719 ἕτοιμός

267 1744 373 1810 είμι
388 1743 481 1795 καὶ
496 1742 929 1811 παραγενέσθαι,
954 1743 1049 1795 καὶ
1073 1742 1482 1810 ἀπολογεῖσθαι,
1503 1740 1649 1804 εῖτίς
1675 1741 1727 1793 τί
1743 1757 1845 1809 μου

266 1833 573 1902 κατηγορεῖ·
593 1834 639 1884 εί
655 1833 712 1885 δὲ
721 1832 879 1885 τοῦτο
893 1833 1137 1885 ποιεῖνού
1153 1831 1429 1903 βούλεσθε,
1443 1830 1632 1894 ὁσάκις
1646 1832 1710 1885 ἂν
1722 1833 1851 1884 ἀπο-

269 1920 525 1990 στείλητε,
548 1921 701 1974 οὐδὲν
722 1922 883 1975 πλέον
904 1922 1292 1992 ἀνυσθήσεται.
1320 1942 1340 1975 ›
1360 1923 1661 1991 Ἑξήτασαν
1677 1922 1756 1984 δὲ,
1773 1920 1848 1983 ὼς

267 2008 542 2077 ἐνόμισαν,
568 2010 633 2062 ἐκ
653 2012 763 2063 τῶν
791 2011 1104 2078 κεφαλαίων
1150 2011 1361 2065 τούτων
1406 2011 1467 2064 τὸ
1492 2010 1712 2082 πρῶτον
1754 2011 1847 2062 καὶ

267 2104 323 2156 τὸ
344 2103 636 2173 δεύτερον,
693 2099 813 2155 εἶτα
862 2104 1101 2173 ἤρξαντο
1153 2105 1284 2173 περὶ
1350 2102 1702 2173 Ἡρακλείδου
1757 2104 1851 2155 καὶ

268 2195 565 2250 Παλλαδίου
609 2193 708 2248 τοῦ
758 2193 1190 2259 Ἐλενουπόλεως
1230 2194 1338 2249 τῶν
1375 2194 1693 2249 ἐπισκόπων
1763 2193 1853 2261 ἐξ-

270 2289 500 2351 ετάζειν·
536 2289 634 2340 καὶ
665 2288 909 2340 ἐπέδωκε
948 2287 994 2318 ⁸³
1044 2287 1290 2340 λίόελλον
1346 2287 1510 2340 πάλιν
1550 2289 1578 2339 ὁ
1617 2288 1851 2357 μοναχδς

282 2378 569 2446 Ἰωάννης,
603 2371 665 2431 οὗ
700 2379 729 2431 ὁ
758 2378 1005 2441 διάκονος
1042 2377 1298 2444 Ἰωάννης
1343 2378 1401 2430 ἐν
1430 2380 1551 2440 ταῖς
1589 2378 1730 2432 κατὰ
1754 2377 1849 2429 τοῦ

268 2469 656 2539 Χρυσοστόμου
708 2470 1069 2540 κατηγορίαις
1114 2470 1382 2540 ἐμνήσθη,
1413 2470 1661 2538 ἐγκαλῶν
1710 2469 1881 2523 κατὰη

281 2562 633 2630 Ἡρακλείδου
686 2563 769 2615 ὅτι
819 2563 1264 2634 Ὡριγενειαστής
1312 2564 1450 2627 ἐστι,
1495 2561 1582 2633 ['37
1613 2560 1706 2632 IL]
1758 2562 1853 2614 καὶ

268 2654 345 2707 ὅτι
375 2654 621 2722 κλέπτης
643 2655 902 2725 ἐφωράοη
928 2656 986 2707 ὲν
1008 2654 1316 2727 Καισαρείᾳ
1339 2654 1444 2723 τῆς
1466 2653 1853 2723 Παλαιστίνης,

274 2744 470 2813 ἱμάτια,
523 2743 619 2796 τοῦ
671 2744 923 2797 διακόνου
970 2744 1255 2797 ’Λκυλίνου
1300 2741 1546 2796 κλέπτων
1571 2783 1587 2806 ,
1632 2744 1726 2795 καὶ
1772 2743 1856 2795 ὅτι

271 2836 456 2900 αὑτὸν,
495 2836 658 2906 φησὶν
681 2876 696 2899 ,
736 2838 763 2889 ὁ
809 2836 1110 2899 ἐπίσκοπος
1164 2835 1419 2905 Ἰωάννης
1459 2834 1699 2888 τοιοῦτον
1724 2833 1855 2886 ὄντα

270 2927 348 2988 εἰς
373 2926 615 2992 Ἔφεσον
646 2926 1072 2996 ἐχειροτόνησεν.
1123 2925 1398 2980 Ἐνεκάλει
1432 2926 1476 2958 ‘9
1508 2925 1566 2979 δὲ
1611 2925 1705 2978 καὶ
1735 2924 1854 2978 κατ’

2020 1378 2145 1433 ﬂare
2180 1378 2543 1433 accusationis
2573 1377 2627 1430 in
2653 1384 2901 1431 sanctum
2936 1375 3112 1429 virum
3141 1373 3319 1441 capita
3345 1381 3469 1427 sunt
3504 1390 3517 1426 :

1950 1470 2044 1538 qui
2092 1469 2309 1537 quidem
2351 1478 2605 1533 quartum
2668 1465 2971 1536 appellatus
3032 1481 3138 1519 non
3192 1464 3521 1532 comparuit,

1953 1561 2252 1615 citautibus
2302 1558 2416 1629 (25)
2460 1560 2793 1628 respondens
2830 1576 2843 1611 :
2905 1575 2924 1607 ι
2964 1555 3021 1611 Si
3068 1564 3291 1623 apertos
3341 1557 3525 1608 hostes

1949 1653 2188 1722 judicum
2222 1651 2414 1706 ordine
2442 1648 2846 1713 sulnnoveritis,
2896 1657 3115 1718 praesto,
3150 1648 3348 1717 inquit,
3382 1661 3523 1710 sum,

1952 1760 2144 1812 tneque
2196 1744 2424 1805 sistam;
2473 1751 2532 1794 ut
2567 1742 2610 1794 si
2648 1742 2772 1809 quis
2823 1754 2910 1794 me
2966 1743 3261 1805 accusarit,
3303 1752 3523 1793 causam

1951 1838 2127 1891 dicam
2163 1853 2174 1887 :
2210 1835 2291 1888 sin
2318 1833 2370 1887 id
2408 1833 2589 1887 facere
2632 1831 3088 1895 detrectaveritis,
3127 1830 3339 1899 quoties
3384 1829 3525 1882 cita-

1950 1928 2099 1993 bilis,
2160 1926 2293 1981 nihil
2348 1924 2665 1995 proﬁcietis.
2703 1942 2722 1974 ›
2768 1921 3162 1977 Examinarunt
3218 1923 3421 1991 itaque,
3468 1928 3527 1974 ut

1951 2019 2236 2090 putabant,
2271 2019 2463 2072 horum
2493 2016 2736 2070 omnium
2778 2023 2943 2084 caput
2966 2014 3203 2084 primum
3233 2027 3299 2068 ac
3328 2028 3526 2069 secun-

1953 2113 2101 2165 dum.
2138 2109 2275 2162 Hinc
2300 2115 2584 2175 cmperunt
2627 2107 2679 2160 in
2737 2105 3104 2170 Heraclidem,
3132 2115 3189 2159 et
3224 2104 3527 2159 Palladium

1952 2198 2301 2269 ilelenopolis
2348 2198 2486 2270 (264),
2547 2196 2835 2267 episcopos
2890 2199 3102 2260 ambos,
3151 2196 3527 2264 conquirere:

1954 2304 2007 2349 et
2035 2292 2274 2347 Joannes
2296 2290 2605 2347 monachus
2634 2290 2807 2358 (cujus
2848 2288 3086 2342 Joannes
3118 2287 3377 2343 diaconus
3413 2284 3531 2357 [Ἧι

1954 2385 2006 2439 in
2040 2385 2155 2438 suis
2183 2383 2330 2437 beati
2361 2381 2738 2450 Chrysostomi
2790 2378 3234 2435 accusationibus
3268 2378 3532 2431 memine-

1953 2476 2059 2545 rat)
2090 2473 2328 2527 libellum
2371 2471 2558 2526 itidem
2594 2471 2858 2540 porrexit,
2894 2485 3159 2524 accusans
3189 2468 3531 2522 Heraclidem

1955 2568 2097 2635 quod
2144 2563 2459 2635 Origenista
2507 2572 2673 2627 esset,
2728 2572 2784 2618 et
2818 2562 3077 2616 Caesarea:
3123 2561 3426 2615 Palmstinzc
3478 2561 3532 2613 iu

1954 2657 2100 2712 furto
2149 2656 2526 2726 deprehensus
2575 2654 2784 2720 fuisset,
2829 2653 3065 2723 Aquilini
3098 2652 3311 2707 diaconi
3370 2652 3536 2706 vesti‘

1958 2759 2136 2803 menta
2204 2750 2457 2812 furatus;
2505 2757 2559 2801 et
2616 2748 2866 2815 quamvis
2927 2745 3055 2800 talis
3105 2754 3271 2809 esset,
3339 2742 3533 2812 inquit.

1955 2838 2196 2895 Joannes
2221 2840 2510 2909 cpiscopus
2559 2835 2922 2904 Ephesiorum
2952 2850 3074 2890 eum
3108 2836 3422 2905 episcopum
3453 2848 3539 2887 or-

1958 2932 2184 2986 dinavit.
2229 2931 2468 2986 Accusat
2514 2938 2781 2998 praeterea
2843 2928 3018 2997 ipsum
3066 2927 3537 2998 Cbrysostomum,

269 3017 437 3073 αὐτοῦ
506 3017 599 3070 τοῦ
649 3019 1062 3088 Χρυσοστόμου,
1106 3018 1183 3082 ὡς
1239 3017 1411 3071 πολλὰ
1464 3017 1610 3072 κακά
1664 3015 1853 3069 παθὼν

1959 3025 2103 3094 quod
2158 3022 2327 3077 multa
2376 3019 2818 3091 Origenistaruni
2859 3035 3024 3074 causa
3081 3021 3307 3073 adversa
3348 3032 3540 3087 passus

270 3112 435 3183 χάριν
467 3111 580 3163 τῶν
624 3109 1078 3179 Ὠριγενειαστῶν
1105 3110 1196 3163 διὰ
1224 3109 1577 3181 Σαραπίωνος
1605 3108 1702 3162 καὶ
1726 3108 1857 3178 παρ’

270 3200 437 3254 αὑτοῦ
458 3198 672 3252 ἐκείνου
689 3200 757 3251 ⁸⁸.
780 3194 913 3252 Εἶτα
939 3199 1144 3253 τούτων
1164 3199 1556 3263 ἐξετασθέντων
1586 3197 1857 3269 ἐξητάσθη

268 3294 437 3348 πάλιν
479 3292 542 3345 τὸ
573 3292 791 3345 ἔννατον
833 3292 1131 3361 κεφάλαιον
1162 3291 1272 3346 τῶν
1309 3290 1695 3362 ἐγκλημάτων,
1737 3285 1858 3342 εἶτα

268 3386 329 3438 τὸ
368 3384 621 3438 εἰκοστὸν
650 3385 898 3454 ἕϐδομον.

339 3474 489 3531 Εἶτα
537 3477 697 3530 πάλιν
738 3477 1118 3546 κατηγόρησεν
1174 3476 1447 3540 Ἰσαάκιος
1477 3478 1520 3509 ⁸¹
1555 3477 1854 3542 ἐπίσκοπος

268 3568 362 3621 τοῦ
408 3566 769 3637 Ἡρακλείδου
809 3566 885 3627 ὠς
926 3565 1362 3638 Ὠριγενειαστοῦ
1396 3567 1490 3619 καὶ
1528 3567 1604 3629 ὡς
1635 3568 1709 3637 μὴ
1736 3585 1858 3639 κπα-

275 3660 639 3729 ραδεχθὲντος
664 3659 753 3731 [27
788 3658 884 3731 IL]
912 3659 1225 3729 Ἐπιφανίῳ
1257 3658 1333 3729 τῷ
1386 3659 1680 3729 ἁγιωτάτῳ
1723 3664 1859 3730 μήτε

273 3758 350 3819 ei;
380 3754 560 3824 εὐχὴν
598 3753 735 3823 μήτε
760 3754 841 3816 είς
868 3751 1229 3805 συνεστίασιν.
1264 3751 1538 3805 Ἐπέδωκε
1564 3752 1621 3805 δὲ
1645 3753 1673 3804 ὁ
1699 3753 1860 3817 αὐτὸς

284 3849 567 3910 Ἰσιακαῖς
614 3846 709 3898 καὶ
739 3845 981 3897 λίὸελλον
1027 3844 1168 3897 κατὰ
1199 3842 1293 3897 τοῦ
1326 3845 1739 3914 Χρυσοστόμου,
1767 3862 1862 3897 πε-

276 3939 540 4007 ριέχοντα
571 3934 764 3988 ταῦτα’
797 3935 1035 4005 πρῶτον,
1070 3934 1201 4004 περὶ
1231 3934 1326 3987 τοῦ
1357 3934 1619 3996 πολλάκις
1651 3952 1860 4005 μνημο-

274 4028 569 4091 νωθέντος
619 4026 864 4080 Ἰωάννου
894 4025 989 4078 τοῦ
1018 4025 1277 4097 μοειαχοῦ,
1309 4026 1391 4079 ὅτι
1420 4026 1584 4097 ἐδὰρη
1621 4026 1712 4079 διὰ
1737 4028 1864 4092 τοὺς

287 4117 740 4187 Ὠριγενειαστὰς
764 4117 858 4169 καὶ
891 4118 973 4169 ὅτι
1003 4116 1453 4187 ὲσιδηροφόρησε·
1473 4117 1746 4188 δεύτερον,
1781 4118 1863 4170 ὅτι

271 4213 301 4263 ὁ
331 4209 616 4279 μακάριος
652 4208 967 4277 Ἐπιφάνιος
997 4206 1085 4259 διὰ
1114 4209 1241 4271 τοὺς
1277 4209 1865 4279 ὨριγενειαστὰςἋμο

277 4302 517 4371 μώνιον,
556 4300 846 4370 Εὑθύμιον,
880 4300 1161 4368 Εὑσέϐιον,
1193 4302 1288 4355 καὶ
1345 4301 1726 4371 Ἡρακλείδην,
1770 4303 1865 4357 καὶ

1967 3115 2098 3171 sita
2134 3114 2454 3183 Sarapione,
2487 3114 2743 3183 quodque
2798 3114 2941 3167 hunc
2990 3111 3080 3165 ille
3133 3125 3161 3163 a
3203 3124 3262 3163 se
3308 3109 3538 3162 miserit.

1963 3207 2168 3264 Horum
2197 3208 2381 3276 itaque
2407 3206 2719 3275 cognitione
2767 3211 3011 3274 peracta,
3046 3200 3362 3270 inquisitum
3391 3199 3544 3253 deiu-

1962 3315 2092 3370 ceps
2138 3298 2305 3354 estin
2351 3304 2515 3365 caput
2579 3311 2781 3350 nonum
2829 3292 3257 3353 accusationum,
3306 3304 3430 3344 mox
3484 3288 3541 3342 in

1962 3391 2280 3459 vicesimum
2311 3389 2620 3458 septimum.

2035 3482 2225 3537 Postea
2282 3495 2500 3535 rursum
2546 3476 2918 3547 lsaaeius(28l
2950 3477 3235 3546 cpiscopus
3296 3473 3542 3531 Heracli-

1963 3576 2084 3632 dem
2110 3581 2329 3629 accusat
2355 3582 2415 3626 ut
2447 3572 2808 3641 Origeuistam
2829 3612 2844 3636 ,
2882 3572 3205 3638 minimeque
3234 3580 3542 3639 susceptum

1963 3684 1993 3723 a
2029 3666 2373 3722 sanctissimo
2401 3664 2725 3735 Epiphanio,
2763 3679 2938 3731 neque
2977 3664 3030 3717 in
3061 3663 3413 3731 precationis,
3450 3678 3544 3716 ne-

1964 3773 2071 3827 que
2118 3758 2172 3811 in
2226 3757 2473 3811 ciborum
2519 3756 2977 3810 communionem.
3032 3752 3267 3807 Protulit
3317 3762 3372 3808 et
3402 3755 3543 3807 idem

1969 3850 2210 3904 lsaacius
2246 3847 2499 3904 libellum
2546 3856 2733 3902 contra
2766 3846 3209 3914 besostomum,
3265 3846 3379 3900 haec
3430 3846 3543 3898 fere

1966 3941 2370 3995 continentem:
2396 3939 2657 4003 Primum,
2691 3939 2757 3992 de
2786 3937 2993 3993 Joanne
3024 3938 3313 4002 monacho,
3350 3938 3546 4005 saepius

1960 4031 2073 4101 jam
2104 4032 2404 4096 nominato,
2436 4032 2579 4101 quod
2608 4042 2830 4101 propter
2856 4030 3189 4099 Origenistas
3216 4029 3543 4097 vapulasset,

1966 4134 2022 4179 et
2044 4127 2185 4179 ferro
2209 4126 2423 4178 vinctus
2445 4124 2658 4178 luisset.
2687 4122 3016 4185 Secundum,
3042 4121 3184 4189 quod
3206 4121 3396 4175 beatus
3422 4121 3550 4188 Epi-

1969 4216 2201 4283 phanius
2236 4224 2457 4283 propter
2497 4215 2596 4270 hos
2624 4213 2962 4280 Origeuistas
2992 4212 3131 4281 (29),
3178 4212 3545 4274 Ammonium,

1968 4306 2342 4377 Eutltymium,
2377 4306 2691 4369 Eusebium,
2717 4303 3095 4376 iHeraelidem,
3138 4313 3191 4358 et
3226 4304 3545 4366 Palladium,

274 4394 588 4448 Παλλάδιον
616 4395 715 4446 οὐκ
759 4392 993 4462 ἠθέλησε
1048 4392 1395 4463 κοινωνῆσαν
1422 4393 1627 4462 τρίτον,
1654 4394 1736 4447 ὃτι
1763 4393 1856 4465 τὴν

1966 4400 2367 4453 communicare
2402 4414 2524 4453 cum
2583 4399 2676 4454 illo
2741 4399 3020 4455 noluisset.
3068 4398 3331 4464 Tertium,
3387 4397 3549 4466 19a,

274 4485 597 4553 φιλοξενίαν
623 4486 824 4547 ἀθετεῖ,
868 4485 1175 4553 μονοσιτίαν
1200 4484 1555 4554 ἐπιτηδεύων·
1585 4486 1864 4556 τέταρτον,

273 4579 358 4631 ὅτι
390 4578 487 4629 ἐπ’
539 4578 833 4646 ἐκκλησίας
858 4577 1008 4644 λέγει
1030 4578 1307 4647 τράπεζαν
1338 4578 1625 4648 Ἐριννύων
1656 4580 1869 4648 πεπλη-

1977 4488 2123 4557 quod
2162 4487 2610 4558 hospitalitatem,
2648 4489 2795 4544 solus
2829 4490 3073 4559 quotidie
3100 4489 3278 4543 cibum
3309 4488 3550 4556 capiens,

1980 4578 2279 4632 desereret.
2316 4579 2603 4645 Quartum,
2655 4582 2799 4650 quod
2834 4582 2887 4634 in
2935 4579 3175 4634 Ecclesia
3208 4579 3375 4645 dicat,
3402 4594 3552 4633 meu-

579 4724 586 4731 .
1589 4670 1825 4725 VARIIE
1866 4669 2270 4725 LECTIONES.

349 4746 396 4777 ιδ
432 4742 693 4796 παστῖλον
726 4759 784 4805 ς.
860 4740 906 4772 ⁸⁸
931 4741 1032 4812 μὲν
1062 4740 1152 4794 οὖν
1180 4739 1322 4793 κατὰ
1342 4759 1403 4805 ς.
1479 4742 1524 4772 ⁸⁷
1556 4742 1946 4812 παραστείλετε
1977 4743 2043 4797 Α.
2118 4742 2163 4772 ⁸⁸
2189 4741 2435 4795 ἀπέδωκε
2460 4760 2518 4805 ς.
2594 4743 2638 4775 ⁸³
2668 4744 2908 4810 ἐγκαλεῖ.
2986 4742 3033 4773 ⁵ο
3063 4750 3183 4812 post
3199 4742 3409 4794 ἐκείνου
3434 4758 3555 4796 cunt

275 4816 515 4871 Aoniisi
541 4813 879 4866 ἀπέστειλεν.
956 4811 999 4842 ³¹
1026 4811 1255 4872 Ἰσάκιος
1285 4812 1349 4877 Α,
1379 4822 1433 4864 et
1460 4825 1511 4880 p.
1538 4812 1652 4865 18a
1676 4812 1747 4865 29
1770 4811 2020 4864 Ἰσάκιον.

1799 4900 2031 4959 NOTAE.

354 4998 478 5067 (25)
510 4994 742 5066 Γρόνθον
778 4995 963 5059 ἔδωκε,
1047 4995 1556 5066 συγκαμπτομὲνων
1615 4994 1724 5048 τῶν
1784 4995 1877 5048 δαρ-

281 5070 531 5131 κτύλων,
563 5077 620 5118 ut
650 5067 909 5120 describit
931 5067 1389 5139 Theophylact.et
1422 5077 1529 5120 vet.
1563 5069 1726 5135 gloss.
1756 5068 1876 5119 red-

281 5143 363 5195 dit
390 5152 659 5207 pugnum.

356 5203 494 5277 ((2.ιῖ
510 5206 646 5277 Post
689 5203 999 5277 divinorum
1057 5205 1875 5277 mysteriorumperceptionem

284 5274 701 5343 addit'Niceplt.
735 5274 828 5329 lib.
856 5290 977 5339 xm,
1008 5274 1128 5344 cap.
1168 5276 1227 5340 9,
1263 5292 1328 5329 ex
1358 5274 1602 5329 Palladio
1628 5286 1683 5329 et
1727 5277 1866 5333 aliis.

281 5351 529 5417 Pwpter
575 5354 791 5414 Sputum
823 5346 1111 5417 nimirum.
1163 5346 1419 5413 Idemque
1479 5347 1695 5417 caeteris
1745 5360 1871 5400 sua-

285 5414 438 5474 sisse
474 5417 712 5486 tradunt.
746 5414 835 5481 qui
866 5414 926 5468 Β.
967 5415 1248 5486 Chrysost.
1282 5429 1367 5486 res
1402 5415 1762 5481 scripserunt.

364 5489 486 5555 (25)
531 5485 813 5555 Discrepat
875 5484 1120 5539 nonnihil
1182 5485 1240 5537 Β.
1283 5484 1505 5555 Joannis
1563 5484 1868 5552 responsio,

286 5553 416 5628 quae
444 5553 529 5611 est
549 5556 690 5628 apud
726 5553 951 5628 Niceph.
991 5554 1086 5628 lib.
1119 5569 1387 5628 ηιμ-εει).
1423 5553 1489 5628 1-5
1526 5563 1635 5607 ext.

364 5628 488 5694 (~26)
538 5625 705 5693 Cujus
754 5624 984 5695 insignis
1027 5625 1115 5681 ille
1148 5623 1403 5693 Dialogus
1442 5623 1495 5677 in
1535 5623 1784 5681 manibus
1812 5624 1880 5680 de

288 5699 356 5753 B.
382 5698 671 5764 Cbrysost.
708 5696 840 5749 vita.

2059 4996 2171 5136 £27)
2202 4999 2377 5065 Supra
2418 5013 2539 5067 cap.
2567 4998 2620 5051 ‘2.

2080 5068 2242 5136 ‘28)D.
2296 5069 2493 5122 Baron.
2550 5070 2617 5122 ad

2080 5068 2242 5137 28)D.
2296 5069 2493 5122 Bai-on.
2550 5070 2617 5122 ad
2658 5083 2860 5121 annum
2905 5069 3109 5124 Christi
3172 5071 3296 5135 405,
3350 5082 3456 5125 tom
3494 5070 3556 5123 V.

1988 5135 2119 5208 l_egit
2155 5135 2307 5208 'liic_
2350 5139 2572 5192 Aeacius
2632 5139 2929 5208 episcopum
3006 5140 3386 5203 Heraclidem,
3449 5148 3558 5192 etc.

1986 5204 2260 5281 [orassis
2290 5206 2527 5281 Isaaeins
2578 5204 2669 5281 ille
2699 5213 2996 5265 monachus
3019 5252 3033 5274 ,
3081 5227 3241 5281 quem
3271 5225 3374 5265 una
3437 5224 3560 5263 cum

1988 5275 2731 5349 Tlieopliiloiélegtandriam
2820 5282 3033 5334 venisse
3099 5275 3275 5335 refert
3330 5281 3560 5349 Niceph.

1980 5346 2205 5408 lib.x|tt,
2241 5362 2274 5419 (ξ
2302 5347 2389 5419 l7.
2441 5346 2648 5402 Pallad.
2682 5349 2931 5403 eumdem
2982 5350 3231 5419 Syrulum
3278 5346 3562 5417 circum'fo-

1982 5431 2224 5490 raucam,
2253 5415 2509 5490 falsorum
2544 5421 2933 5490 monachorum
2984 5415 3174 5475 ducem
3223 5422 3478 5490 appellat.

2052 5484 2387 5558 (‘29)0mittit
2412 5486 2660 5558 fortassis
2676 5487 3018 5554 Dioscorum,
3050 5484 3306 5558 quartum
3332 5492 3386 5544 iu
3416 5490 3562 5545 Lon-

1979 5556 2400 5632 gis-fratribus,
2449 5557 2778 5622 adeenscre,
2833 5559 2973 5627 quod
3025 5556 3093 5632 is;
3124 5569 3252 5614 ante
3302 5562 3567 5632 synodum

1991 5626 2302 5699 inchoatam
2344 5637 2587 5699 mortuus
2609 5639 2777 5699 esset
2799 5626 3023 5699 ,jteste
3052 5626 3279 5699 Niceph.
3312 5626 3405 5685 lib.
3441 5648 3567 5697 xui,

1994 5709 2045 5747 c.
2081 5695 2147 5748 15
2171 5732 2186 5749 .
2226 5693 2302 5751 De
2326 5698 2522 5765 quibus
2547 5698 2713 5751 etiam
2764 5697 2862 5753 inl'.
2887 5712 2937 5753 c.
2967 5698 3037 5753 96
3077 5693 3222 5756 circa
3254 5702 3398 5757 med.
