  <div class='ocr_page' id='page_1' title='image "/cluster/home/n/w/nwhite01/storage/ocr_20150623/103:no.3/coo.31924054870070/069.png"; bbox 0 0 4030 6430; ppageno 0'>
   <div class='ocr_carea' id='block_1_1' title="bbox 507 342 603 410">
    <p class='ocr_par' dir='ltr' id='par_1_1' title="bbox 507 342 603 410">
     <span class='ocr_line' id='line_1_1' title="bbox 507 342 603 410; baseline 0 -1"><span class='ocrx_word' id='word_1_1' title='bbox 507 342 603 410; x_wconf 76' lang='lat'><strong>111</strong></span> 
     </span>
    </p>
   </div>
   <div class='ocr_carea' id='block_1_2' title="bbox 1634 343 2591 405">
    <p class='ocr_par' dir='ltr' id='par_1_2' title="bbox 1634 343 2591 405">
     <span class='ocr_line' id='line_1_2' title="bbox 1634 343 2591 405; baseline -0.004 0"><span class='ocrx_word' id='word_1_2' title='bbox 1634 346 1898 405; x_wconf 81' lang='grc' dir='ltr'>ΙἮΟΤΙΙ</span> <span class='ocrx_word' id='word_1_3' title='bbox 1936 344 2214 403; x_wconf 74' lang='lat' dir='ltr'>PATRIA</span> <span class='ocrx_word' id='word_1_4' title='bbox 2226 343 2444 402; x_wconf 61' lang='lat' dir='ltr'><strong>RCHJE</strong></span> <span class='ocrx_word' id='word_1_5' title='bbox 2482 344 2591 401; x_wconf 87' lang='lat' dir='ltr'><strong>CP.</strong></span> 
     </span>
    </p>
   </div>
   <div class='ocr_carea' id='block_1_3' title="bbox 3661 338 3760 403">
    <p class='ocr_par' dir='ltr' id='par_1_3' title="bbox 3661 338 3760 403">
     <span class='ocr_line' id='line_1_3' title="bbox 3661 338 3760 403; baseline 0.04 -4"><span class='ocrx_word' id='word_1_6' title='bbox 3661 338 3760 403; x_wconf 75' lang='grc'><strong>112</strong></span> 
     </span>
    </p>
   </div>
   <div class='ocr_carea' id='block_1_4' title="bbox 505 442 2090 525">
    <p class='ocr_par' dir='ltr' id='par_1_4' title="bbox 505 454 2077 525">
     <span class='ocr_line' id='line_1_4' title="bbox 505 454 2077 525; baseline -0.004 -11"><span class='ocrx_word' id='word_1_7' title='bbox 505 473 623 514; x_wconf 82' lang='lat' dir='ltr'><strong>sam</strong></span> <span class='ocrx_word' id='word_1_8' title='bbox 654 470 776 513; x_wconf 86' lang='lat' dir='ltr'><strong>esse</strong></span> <span class='ocrx_word' id='word_1_9' title='bbox 809 456 1071 511; x_wconf 79' lang='lat' dir='ltr'><strong>furiarum</strong></span> <span class='ocrx_word' id='word_1_10' title='bbox 1122 456 1362 525; x_wconf 88' lang='lat' dir='ltr'><strong>plenam.</strong></span> <span class='ocrx_word' id='word_1_11' title='bbox 1425 454 1682 522; x_wconf 83' lang='lat' dir='ltr'><strong>Quintum</strong></span> <span class='ocrx_word' id='word_1_12' title='bbox 1707 454 1853 524; x_wconf 90' lang='lat' dir='ltr'><strong>quod</strong></span> <span class='ocrx_word' id='word_1_13' title='bbox 1887 455 1940 508; x_wconf 91' lang='lat' dir='ltr'><strong>in</strong></span> <span class='ocrx_word' id='word_1_14' title='bbox 1984 454 2077 507; x_wconf 87' lang='lat' dir='ltr'><strong>Ec-</strong></span> 
     </span>
    </p>
   </div>
   <div class='ocr_carea' id='block_1_5' title="bbox 2194 442 3759 525">
    <p class='ocr_par' dir='ltr' id='par_1_5' title="bbox 2194 442 3759 524">
     <span class='ocr_line' id='line_1_5' title="bbox 2194 442 3759 524; baseline -0.003 -18"><span class='ocrx_word' id='word_1_15' title='bbox 2194 456 2456 524; x_wconf 68' lang='grc' dir='ltr'>ρωμένην·</span> <span class='ocrx_word' id='word_1_16' title='bbox 2481 455 2756 522; x_wconf 83' lang='grc' dir='ltr'>πέμπτον,</span> <span class='ocrx_word' id='word_1_17' title='bbox 2783 454 2866 507; x_wconf 82' lang='grc' dir='ltr'>ὅτι</span> <span class='ocrx_word' id='word_1_18' title='bbox 2912 452 3183 521; x_wconf 82' lang='grc' dir='ltr'>καυχᾶται</span> <span class='ocrx_word' id='word_1_19' title='bbox 3220 450 3308 501; x_wconf 77' lang='grc' dir='ltr'>ἐπ’</span> <span class='ocrx_word' id='word_1_20' title='bbox 3353 442 3649 518; x_wconf 72' lang='grc' dir='ltr'>ἐκκλησίαξ</span> <span class='ocrx_word' id='word_1_21' title='bbox 3713 453 3759 484; x_wconf 75' lang='grc'>⁸²</span> 
     </span>
    </p>
   </div>
   <div class='ocr_carea' id='block_1_6' title="bbox 506 546 2082 619">
    <p class='ocr_par' dir='ltr' id='par_1_6' title="bbox 506 546 2082 619">
     <span class='ocr_line' id='line_1_6' title="bbox 506 546 2082 619; baseline -0.006 -13"><span class='ocrx_word' id='word_1_22' title='bbox 506 551 669 607; x_wconf 84' lang='lat' dir='ltr'><strong>clesia</strong></span> <span class='ocrx_word' id='word_1_23' title='bbox 705 565 764 606; x_wconf 89' lang='lat' dir='ltr'><strong>se</strong></span> <span class='ocrx_word' id='word_1_24' title='bbox 799 552 869 606; x_wconf 84' lang='lat' dir='ltr'><strong>ita</strong></span> <span class='ocrx_word' id='word_1_25' title='bbox 898 552 1065 619; x_wconf 90' lang='lat' dir='ltr'><strong>jactet</strong></span> <span class='ocrx_word' id='word_1_26' title='bbox 1100 567 1114 604; x_wconf 90' lang='lat'><strong>:</strong></span> <span class='ocrx_word' id='word_1_27' title='bbox 1155 550 1405 617; x_wconf 76' lang='lat' dir='ltr'><strong>Depereo,</strong></span> <span class='ocrx_word' id='word_1_28' title='bbox 1434 546 1794 616; x_wconf 77' lang='lat' dir='ltr'><strong>insanio(30).</strong></span> <span class='ocrx_word' id='word_1_29' title='bbox 1823 548 2044 601; x_wconf 73' lang='lat' dir='ltr'><strong>Sextum</strong></span> <span class='ocrx_word' id='word_1_30' title='bbox 2067 585 2082 607; x_wconf 85' lang='lat'><strong>,</strong></span> 
     </span>
    </p>
   </div>
   <div class='ocr_carea' id='block_1_7' title="bbox 507 636 2086 712">
    <p class='ocr_par' dir='ltr' id='par_1_7' title="bbox 507 636 2086 712">
     <span class='ocr_line' id='line_1_7' title="bbox 507 636 2086 712; baseline -0.005 -15"><span class='ocrx_word' id='word_1_31' title='bbox 507 643 813 712; x_wconf 85' lang='lat' dir='ltr'><strong>oportuisse</strong></span> <span class='ocrx_word' id='word_1_32' title='bbox 859 642 1009 696; x_wconf 88' lang='lat' dir='ltr'><strong>illntn</strong></span> <span class='ocrx_word' id='word_1_33' title='bbox 1061 641 1444 710; x_wconf 88' lang='lat' dir='ltr'><strong>interpretari,</strong></span> <span class='ocrx_word' id='word_1_34' title='bbox 1497 653 1745 707; x_wconf 60' lang='lat' dir='ltr'><strong>quaenam</strong></span> <span class='ocrx_word' id='word_1_35' title='bbox 1781 637 1886 691; x_wconf 63' lang='lat' dir='ltr'><strong>illa:</strong></span> <span class='ocrx_word' id='word_1_36' title='bbox 1935 636 2086 689; x_wconf 68' lang='lat' dir='ltr'><strong>furiae</strong></span> 
     </span>
    </p>
   </div>
   <div class='ocr_carea' id='block_1_8' title="bbox 505 725 2085 801">
    <p class='ocr_par' dir='ltr' id='par_1_8' title="bbox 505 725 2085 801">
     <span class='ocr_line' id='line_1_8' title="bbox 505 725 2085 801; baseline -0.006 -13"><span class='ocrx_word' id='word_1_37' title='bbox 505 743 686 788; x_wconf 87' lang='lat' dir='ltr'><strong>essent</strong></span> <span class='ocrx_word' id='word_1_38' title='bbox 711 750 726 800; x_wconf 91' lang='lat'><strong>;</strong></span> <span class='ocrx_word' id='word_1_39' title='bbox 759 740 814 787; x_wconf 93' lang='lat' dir='ltr'><strong>et</strong></span> <span class='ocrx_word' id='word_1_40' title='bbox 843 733 971 801; x_wconf 83' lang='lat' dir='ltr'><strong>quid</strong></span> <span class='ocrx_word' id='word_1_41' title='bbox 1005 732 1094 797; x_wconf 98' lang='lat' dir='ltr'><strong>sit,</strong></span> <span class='ocrx_word' id='word_1_42' title='bbox 1127 730 1382 799; x_wconf 84' lang='lat' dir='ltr'><strong>Depereo,</strong></span> <span class='ocrx_word' id='word_1_43' title='bbox 1411 730 1653 791; x_wconf 73' lang='lat' dir='ltr'><strong>insanio;</strong></span> <span class='ocrx_word' id='word_1_44' title='bbox 1681 730 1776 782; x_wconf 88' lang='lat' dir='ltr'><strong>has</strong></span> <span class='ocrx_word' id='word_1_45' title='bbox 1808 727 1952 781; x_wconf 85' lang='lat' dir='ltr'><strong>enim</strong></span> <span class='ocrx_word' id='word_1_46' title='bbox 1981 725 2085 779; x_wconf 82' lang='lat' dir='ltr'><strong>Ec-</strong></span> 
     </span>
    </p>
   </div>
   <div class='ocr_carea' id='block_1_9' title="bbox 507 817 2084 891">
    <p class='ocr_par' dir='ltr' id='par_1_9' title="bbox 507 817 2084 891">
     <span class='ocr_line' id='line_1_9' title="bbox 507 817 2084 891; baseline -0.006 -13"><span class='ocrx_word' id='word_1_47' title='bbox 507 824 670 878; x_wconf 88' lang='lat' dir='ltr'><strong>clesia</strong></span> <span class='ocrx_word' id='word_1_48' title='bbox 732 838 894 878; x_wconf 88' lang='lat' dir='ltr'><strong>voces</strong></span> <span class='ocrx_word' id='word_1_49' title='bbox 944 823 1178 891; x_wconf 81' lang='lat' dir='ltr'><strong>ignorat.</strong></span> <span class='ocrx_word' id='word_1_50' title='bbox 1239 821 1576 890; x_wconf 87' lang='lat' dir='ltr'><strong>Septimum,</strong></span> <span class='ocrx_word' id='word_1_51' title='bbox 1619 819 1761 888; x_wconf 89' lang='lat' dir='ltr'><strong>quod</strong></span> <span class='ocrx_word' id='word_1_52' title='bbox 1814 817 2084 872; x_wconf 74' lang='lat' dir='ltr'><strong>licentiam</strong></span> 
     </span>
    </p>
   </div>
   <div class='ocr_carea' id='block_1_10' title="bbox 510 909 2085 986">
    <p class='ocr_par' dir='ltr' id='par_1_10' title="bbox 510 909 2085 986">
     <span class='ocr_line' id='line_1_10' title="bbox 510 909 2085 986; baseline -0.005 -16"><span class='ocrx_word' id='word_1_53' title='bbox 510 918 854 986; x_wconf 78' lang='lat' dir='ltr'><strong>peccantibus</strong></span> <span class='ocrx_word' id='word_1_54' title='bbox 891 915 1149 983; x_wconf 66' lang='lat' dir='ltr'><strong>prtcbeat,</strong></span> <span class='ocrx_word' id='word_1_55' title='bbox 1188 917 1266 968; x_wconf 87' lang='lat' dir='ltr'><strong>sic</strong></span> <span class='ocrx_word' id='word_1_56' title='bbox 1296 914 1496 967; x_wconf 83' lang='lat' dir='ltr'><strong>docens</strong></span> <span class='ocrx_word' id='word_1_57' title='bbox 1530 928 1543 964; x_wconf 89' lang='lat'><strong>:</strong></span> <span class='ocrx_word' id='word_1_58' title='bbox 1593 930 1610 963; x_wconf 82' lang='grc' dir='ltr'><strong>ι</strong></span> <span class='ocrx_word' id='word_1_59' title='bbox 1643 909 1702 965; x_wconf 89' lang='lat' dir='ltr'><strong>Si</strong></span> <span class='ocrx_word' id='word_1_60' title='bbox 1729 910 1920 963; x_wconf 90' lang='lat' dir='ltr'><strong>iterum</strong></span> <span class='ocrx_word' id='word_1_61' title='bbox 1957 924 2085 978; x_wconf 86' lang='lat' dir='ltr'><strong>pec-</strong></span> 
     </span>
    </p>
   </div>
   <div class='ocr_carea' id='block_1_11' title="bbox 509 1001 2083 1076">
    <p class='ocr_par' dir='ltr' id='par_1_11' title="bbox 509 1001 2083 1076">
     <span class='ocr_line' id='line_1_11' title="bbox 509 1001 2083 1076; baseline -0.006 -15"><span class='ocrx_word' id='word_1_62' title='bbox 509 1009 675 1068; x_wconf 84' lang='lat' dir='ltr'><strong>casti.</strong></span> <span class='ocrx_word' id='word_1_63' title='bbox 736 1007 998 1076; x_wconf 73' lang='lat' dir='ltr'><strong>poeniteat</strong></span> <span class='ocrx_word' id='word_1_64' title='bbox 1030 1008 1225 1059; x_wconf 87' lang='lat' dir='ltr'><strong>iterum</strong></span> <span class='ocrx_word' id='word_1_65' title='bbox 1275 1022 1287 1058; x_wconf 91' lang='lat'>:</span> <span class='ocrx_word' id='word_1_66' title='bbox 1355 1013 1409 1058; x_wconf 90' lang='lat' dir='ltr'><strong>et</strong></span> <span class='ocrx_word' id='word_1_67' title='bbox 1473 1004 1685 1072; x_wconf 88' lang='lat' dir='ltr'><strong>quoties</strong></span> <span class='ocrx_word' id='word_1_68' title='bbox 1740 1001 2083 1071; x_wconf 76' lang='lat' dir='ltr'><strong>peccaveris.</strong></span> 
     </span>
    </p>
   </div>
   <div class='ocr_carea' id='block_1_12' title="bbox 509 1092 2084 1167">
    <p class='ocr_par' dir='ltr' id='par_1_12' title="bbox 509 1092 2084 1167">
     <span class='ocr_line' id='line_1_12' title="bbox 509 1092 2084 1167; baseline -0.004 -17"><span class='ocrx_word' id='word_1_69' title='bbox 509 1100 628 1153; x_wconf 68' lang='lat' dir='ltr'><strong>veni</strong></span> <span class='ocrx_word' id='word_1_70' title='bbox 667 1101 735 1152; x_wconf 87' lang='lat' dir='ltr'><strong>ad</strong></span> <span class='ocrx_word' id='word_1_71' title='bbox 771 1113 889 1162; x_wconf 91' lang='lat' dir='ltr'><strong>me,</strong></span> <span class='ocrx_word' id='word_1_72' title='bbox 919 1113 1017 1167; x_wconf 83' lang='lat' dir='ltr'><strong>ego</strong></span> <span class='ocrx_word' id='word_1_73' title='bbox 1065 1108 1115 1151; x_wconf 89' lang='lat' dir='ltr'><strong>tc</strong></span> <span class='ocrx_word' id='word_1_74' title='bbox 1154 1098 1356 1150; x_wconf 90' lang='lat' dir='ltr'><strong>sanabo</strong></span> <span class='ocrx_word' id='word_1_75' title='bbox 1393 1094 1529 1165; x_wconf 77' lang='lat' dir='ltr'><strong>(5i).</strong></span> <span class='ocrx_word' id='word_1_76' title='bbox 1559 1112 1578 1145; x_wconf 72' lang='grc' dir='ltr'><strong>ι</strong></span> <span class='ocrx_word' id='word_1_77' title='bbox 1621 1094 1909 1157; x_wconf 84' lang='lat' dir='ltr'><strong>Octavum,</strong></span> <span class='ocrx_word' id='word_1_78' title='bbox 1943 1092 2084 1161; x_wconf 85' lang='lat' dir='ltr'><strong>quod</strong></span> 
     </span>
    </p>
   </div>
   <div class='ocr_carea' id='block_1_13' title="bbox 510 1186 2084 1259">
    <p class='ocr_par' dir='ltr' id='par_1_13' title="bbox 510 1186 2084 1259">
     <span class='ocr_line' id='line_1_13' title="bbox 510 1186 2084 1259; baseline -0.006 -13"><span class='ocrx_word' id='word_1_79' title='bbox 510 1193 563 1246; x_wconf 92' lang='lat' dir='ltr'><strong>in</strong></span> <span class='ocrx_word' id='word_1_80' title='bbox 595 1191 837 1246; x_wconf 80' lang='lat' dir='ltr'><strong>Ecclesia</strong></span> <span class='ocrx_word' id='word_1_81' title='bbox 873 1193 1071 1245; x_wconf 83' lang='lat' dir='ltr'><strong>docens</strong></span> <span class='ocrx_word' id='word_1_82' title='bbox 1120 1190 1490 1259; x_wconf 87' lang='lat' dir='ltr'><strong>blasphctnet,</strong></span> <span class='ocrx_word' id='word_1_83' title='bbox 1525 1186 1801 1242; x_wconf 88' lang='lat' dir='ltr'><strong>Christum</strong></span> <span class='ocrx_word' id='word_1_84' title='bbox 1836 1193 2084 1239; x_wconf 76' lang='lat' dir='ltr'><strong>orantem</strong></span> 
     </span>
    </p>
   </div>
   <div class='ocr_carea' id='block_1_14' title="bbox 510 1280 2085 1348">
    <p class='ocr_par' dir='ltr' id='par_1_14' title="bbox 510 1280 2085 1348">
     <span class='ocr_line' id='line_1_14' title="bbox 510 1280 2085 1348; baseline -0.007 -10"><span class='ocrx_word' id='word_1_85' title='bbox 510 1285 630 1339; x_wconf 87' lang='lat' dir='ltr'><strong>ideo</strong></span> <span class='ocrx_word' id='word_1_86' title='bbox 707 1297 954 1337; x_wconf 84' lang='lat' dir='ltr'><strong>noncsse</strong></span> <span class='ocrx_word' id='word_1_87' title='bbox 1017 1283 1300 1345; x_wconf 81' lang='lat' dir='ltr'><strong>auditum,</strong></span> <span class='ocrx_word' id='word_1_88' title='bbox 1352 1280 1494 1348; x_wconf 89' lang='lat' dir='ltr'><strong>quod</strong></span> <span class='ocrx_word' id='word_1_89' title='bbox 1563 1292 1666 1331; x_wconf 91' lang='lat' dir='ltr'><strong>non</strong></span> <span class='ocrx_word' id='word_1_90' title='bbox 1728 1286 1784 1329; x_wconf 92' lang='lat' dir='ltr'><strong>ut</strong></span> <span class='ocrx_word' id='word_1_91' title='bbox 1837 1284 2085 1343; x_wconf 84' lang='lat' dir='ltr'><strong>oportet,</strong></span> 
     </span>
    </p>
   </div>
   <div class='ocr_carea' id='block_1_15' title="bbox 511 1366 2084 1442">
    <p class='ocr_par' dir='ltr' id='par_1_15' title="bbox 511 1366 2084 1442">
     <span class='ocr_line' id='line_1_15' title="bbox 511 1366 2084 1442; baseline -0.007 -12"><span class='ocrx_word' id='word_1_92' title='bbox 511 1383 737 1430; x_wconf 82' lang='lat' dir='ltr'><strong>orasset.</strong></span> <span class='ocrx_word' id='word_1_93' title='bbox 811 1373 1058 1435; x_wconf 84' lang='lat' dir='ltr'><strong>Nonum,</strong></span> <span class='ocrx_word' id='word_1_94' title='bbox 1118 1373 1265 1442; x_wconf 90' lang='lat' dir='ltr'><strong>quod</strong></span> <span class='ocrx_word' id='word_1_95' title='bbox 1312 1374 1378 1424; x_wconf 88' lang='lat' dir='ltr'><strong>ad</strong></span> <span class='ocrx_word' id='word_1_96' title='bbox 1453 1369 1772 1425; x_wconf 85' lang='lat' dir='ltr'><strong>seditionem</strong></span> <span class='ocrx_word' id='word_1_97' title='bbox 1833 1366 2084 1436; x_wconf 86' lang='lat' dir='ltr'><strong>populum</strong></span> 
     </span>
    </p>
   </div>
   <div class='ocr_carea' id='block_1_16' title="bbox 513 1455 2088 1533">
    <p class='ocr_par' dir='ltr' id='par_1_16' title="bbox 513 1455 2088 1533">
     <span class='ocr_line' id='line_1_16' title="bbox 513 1455 2088 1533; baseline -0.006 -15"><span class='ocrx_word' id='word_1_98' title='bbox 513 1463 966 1533; x_wconf 60' lang='lat' dir='ltr'><strong>concitaretwﬂ),</strong></span> <span class='ocrx_word' id='word_1_99' title='bbox 1038 1463 1200 1515; x_wconf 87' lang='lat' dir='ltr'><strong>ctiam</strong></span> <span class='ocrx_word' id='word_1_100' title='bbox 1257 1461 1516 1514; x_wconf 77' lang='lat' dir='ltr'><strong>adversus</strong></span> <span class='ocrx_word' id='word_1_101' title='bbox 1586 1458 1873 1527; x_wconf 84' lang='lat' dir='ltr'><strong>synodum.</strong></span> <span class='ocrx_word' id='word_1_102' title='bbox 1928 1455 2088 1510; x_wconf 85' lang='lat' dir='ltr'><strong>Deci-</strong></span> 
     </span>
    </p>
   </div>
   <div class='ocr_carea' id='block_1_17' title="bbox 513 1543 2082 1621">
    <p class='ocr_par' dir='ltr' id='par_1_17' title="bbox 513 1543 2082 1621">
     <span class='ocr_line' id='line_1_17' title="bbox 513 1543 2082 1621; baseline -0.007 -14"><span class='ocrx_word' id='word_1_103' title='bbox 513 1570 677 1617; x_wconf 90' lang='lat' dir='ltr'><strong>mum,</strong></span> <span class='ocrx_word' id='word_1_104' title='bbox 728 1554 868 1621; x_wconf 78' lang='lat' dir='ltr'><strong>quod</strong></span> <span class='ocrx_word' id='word_1_105' title='bbox 920 1568 984 1604; x_wconf 74' lang='lat' dir='ltr'><strong>ex</strong></span> <span class='ocrx_word' id='word_1_106' title='bbox 1040 1550 1291 1619; x_wconf 89' lang='lat' dir='ltr'><strong>gentibus</strong></span> <span class='ocrx_word' id='word_1_107' title='bbox 1341 1548 1643 1617; x_wconf 85' lang='lat' dir='ltr'><strong>quosdam,</strong></span> <span class='ocrx_word' id='word_1_108' title='bbox 1691 1546 1781 1615; x_wconf 88' lang='lat' dir='ltr'><strong>qui</strong></span> <span class='ocrx_word' id='word_1_109' title='bbox 1815 1543 2082 1599; x_wconf 83' lang='lat' dir='ltr'><strong>Christia-</strong></span> 
     </span>
    </p>
   </div>
   <div class='ocr_carea' id='block_1_18' title="bbox 509 1636 2085 1708">
    <p class='ocr_par' dir='ltr' id='par_1_18' title="bbox 509 1636 2085 1708">
     <span class='ocr_line' id='line_1_18' title="bbox 509 1636 2085 1708; baseline -0.006 -9"><span class='ocrx_word' id='word_1_110' title='bbox 509 1660 606 1699; x_wconf 89' lang='lat' dir='ltr'><strong>nos</strong></span> <span class='ocrx_word' id='word_1_111' title='bbox 660 1643 811 1696; x_wconf 76' lang='lat' dir='ltr'><strong>valde</strong></span> <span class='ocrx_word' id='word_1_112' title='bbox 861 1641 1219 1706; x_wconf 66' lang='lat' dir='ltr'><strong>amisissent,</strong></span> <span class='ocrx_word' id='word_1_113' title='bbox 1274 1640 1642 1708; x_wconf 84' lang='lat' dir='ltr'><strong>suscepisset.</strong></span> <span class='ocrx_word' id='word_1_114' title='bbox 1693 1647 1748 1691; x_wconf 85' lang='lat' dir='ltr'><strong>et</strong></span> <span class='ocrx_word' id='word_1_115' title='bbox 1800 1637 1852 1690; x_wconf 92' lang='lat' dir='ltr'><strong>in</strong></span> <span class='ocrx_word' id='word_1_116' title='bbox 1898 1636 2085 1690; x_wconf 86' lang='lat' dir='ltr'><strong>Eccle-</strong></span> 
     </span>
    </p>
   </div>
   <div class='ocr_carea' id='block_1_19' title="bbox 506 1728 2082 1803">
    <p class='ocr_par' dir='ltr' id='par_1_19' title="bbox 506 1728 2082 1803">
     <span class='ocr_line' id='line_1_19' title="bbox 506 1728 2082 1803; baseline -0.008 -12"><span class='ocrx_word' id='word_1_117' title='bbox 506 1738 583 1792; x_wconf 90' lang='lat' dir='ltr'><strong>sia</strong></span> <span class='ocrx_word' id='word_1_118' title='bbox 634 1737 878 1800; x_wconf 86' lang='lat' dir='ltr'><strong>haberet,</strong></span> <span class='ocrx_word' id='word_1_119' title='bbox 956 1744 1121 1803; x_wconf 87' lang='lat' dir='ltr'><strong>atque</strong></span> <span class='ocrx_word' id='word_1_120' title='bbox 1171 1732 1646 1801; x_wconf 75' lang='lat' dir='ltr'><strong>defenderct(53).</strong></span> <span class='ocrx_word' id='word_1_121' title='bbox 1701 1728 2082 1790; x_wconf 87' lang='lat' dir='ltr'><strong>Undecimuut,</strong></span> 
     </span>
    </p>
   </div>
   <div class='ocr_carea' id='block_1_20' title="bbox 2190 539 3763 611">
    <p class='ocr_par' dir='ltr' id='par_1_20' title="bbox 2190 539 3763 611">
     <span class='ocr_line' id='line_1_20' title="bbox 2190 539 3763 611; baseline -0.001 -17"><span class='ocrx_word' id='word_1_122' title='bbox 2190 544 2382 611; x_wconf 83' lang='grc' dir='ltr'>λέγων’</span> <span class='ocrx_word' id='word_1_123' title='bbox 2420 541 2581 611; x_wconf 80' lang='grc' dir='ltr'>Ἐρῶ,</span> <span class='ocrx_word' id='word_1_124' title='bbox 2614 543 2921 610; x_wconf 78' lang='grc' dir='ltr'>μαίνομαι,</span> <span class='ocrx_word' id='word_1_125' title='bbox 2967 541 3059 592; x_wconf 80' lang='grc' dir='ltr'><strong>καὶ</strong></span> <span class='ocrx_word' id='word_1_126' title='bbox 3079 541 3124 572; x_wconf 75' lang='grc'><strong>⁵³</strong></span> <span class='ocrx_word' id='word_1_127' title='bbox 3153 542 3233 592; x_wconf 83' lang='grc' dir='ltr'>ὅτι</span> <span class='ocrx_word' id='word_1_128' title='bbox 3255 539 3456 608; x_wconf 83' lang='grc' dir='ltr'>ὀφείλει</span> <span class='ocrx_word' id='word_1_129' title='bbox 3492 539 3763 609; x_wconf 78' lang='grc' dir='ltr'>ἑρμηνεῦ-</span> 
     </span>
    </p>
   </div>
   <div class='ocr_carea' id='block_1_21' title="bbox 2191 626 3758 701">
    <p class='ocr_par' dir='ltr' id='par_1_21' title="bbox 2191 626 3758 701">
     <span class='ocr_line' id='line_1_21' title="bbox 2191 626 3758 701; baseline -0.004 -16"><span class='ocrx_word' id='word_1_130' title='bbox 2191 651 2280 686; x_wconf 87' lang='grc' dir='ltr'><strong>σαι</strong></span> <span class='ocrx_word' id='word_1_131' title='bbox 2311 634 2451 692; x_wconf 89' lang='grc' dir='ltr'>τίνες</span> <span class='ocrx_word' id='word_1_132' title='bbox 2474 632 2610 684; x_wconf 74' lang='grc' dir='ltr'>εἰσὶν</span> <span class='ocrx_word' id='word_1_133' title='bbox 2642 630 2936 701; x_wconf 85' lang='grc' dir='ltr'>Ἑριννύες,</span> <span class='ocrx_word' id='word_1_134' title='bbox 2973 631 3067 681; x_wconf 80' lang='grc' dir='ltr'><strong>καὶ</strong></span> <span class='ocrx_word' id='word_1_135' title='bbox 3087 628 3139 680; x_wconf 89' lang='grc' dir='ltr'><strong>τί</strong></span> <span class='ocrx_word' id='word_1_136' title='bbox 3172 630 3289 679; x_wconf 84' lang='grc' dir='ltr'>ἐστι</span> <span class='ocrx_word' id='word_1_137' title='bbox 3310 628 3371 678; x_wconf 79' lang='grc' dir='ltr'>τὸ</span> <span class='ocrx_word' id='word_1_138' title='bbox 3392 626 3758 695; x_wconf 83' lang='grc' dir='ltr'>λέγειν,Έρὼ,</span> 
     </span>
    </p>
   </div>
   <div class='ocr_carea' id='block_1_22' title="bbox 2182 715 3761 793">
    <p class='ocr_par' dir='ltr' id='par_1_22' title="bbox 2182 715 3761 793">
     <span class='ocr_line' id='line_1_22' title="bbox 2182 715 3761 793; baseline -0.004 -18"><span class='ocrx_word' id='word_1_139' title='bbox 2182 724 2499 792; x_wconf 70' lang='grc' dir='ltr'>μαίνομαι·</span> <span class='ocrx_word' id='word_1_140' title='bbox 2522 726 2555 792; x_wconf 81' lang='grc' dir='ltr'>ὴ</span> <span class='ocrx_word' id='word_1_141' title='bbox 2574 723 2681 793; x_wconf 86' lang='grc' dir='ltr'>γὰρ</span> <span class='ocrx_word' id='word_1_142' title='bbox 2706 722 3005 791; x_wconf 82' lang='grc' dir='ltr'><strong>Ἐκκλησία</strong></span> <span class='ocrx_word' id='word_1_143' title='bbox 3033 721 3133 772; x_wconf 83' lang='grc' dir='ltr'><strong>οὐκ</strong></span> <span class='ocrx_word' id='word_1_144' title='bbox 3153 715 3259 773; x_wconf 77' lang='grc' dir='ltr'>οἶδε</span> <span class='ocrx_word' id='word_1_145' title='bbox 3287 718 3462 771; x_wconf 82' lang='grc' dir='ltr'>ταῦτα</span> <span class='ocrx_word' id='word_1_146' title='bbox 3479 734 3491 746; x_wconf 91' lang='grc'><strong>·</strong></span> <span class='ocrx_word' id='word_1_147' title='bbox 3519 719 3674 771; x_wconf 76' lang='grc' dir='ltr'>ἕκτον</span> <span class='ocrx_word' id='word_1_148' title='bbox 3692 721 3761 786; x_wconf 70' lang='grc'><strong>⁵⁵,</strong></span> 
     </span>
    </p>
   </div>
   <div class='ocr_carea' id='block_1_23' title="bbox 2187 810 3767 884">
    <p class='ocr_par' dir='ltr' id='par_1_23' title="bbox 2187 810 3767 884">
     <span class='ocr_line' id='line_1_23' title="bbox 2187 810 3767 884; baseline -0.001 -15"><span class='ocrx_word' id='word_1_149' title='bbox 2187 818 2270 869; x_wconf 83' lang='grc' dir='ltr'>ὃτι</span> <span class='ocrx_word' id='word_1_150' title='bbox 2293 815 2478 869; x_wconf 82' lang='grc' dir='ltr'>ἄδειαν</span> <span class='ocrx_word' id='word_1_151' title='bbox 2497 816 2725 884; x_wconf 80' lang='grc' dir='ltr'><strong>παρέχει</strong></span> <span class='ocrx_word' id='word_1_152' title='bbox 2739 817 2848 877; x_wconf 79' lang='grc' dir='ltr'>τοῖς</span> <span class='ocrx_word' id='word_1_153' title='bbox 2872 814 3266 883; x_wconf 82' lang='grc' dir='ltr'>ἁμαρτάνουσι,</span> <span class='ocrx_word' id='word_1_154' title='bbox 3285 811 3572 875; x_wconf 83' lang='grc' dir='ltr'><strong>διδάσκων,</strong></span> <span class='ocrx_word' id='word_1_155' title='bbox 3590 829 3609 861; x_wconf 86' lang='grc' dir='ltr'><strong>ι</strong></span> <span class='ocrx_word' id='word_1_156' title='bbox 3636 810 3767 867; x_wconf 84' lang='grc' dir='ltr'><strong>Ἐὰν</strong></span> 
     </span>
    </p>
   </div>
   <div class='ocr_carea' id='block_1_24' title="bbox 2190 902 3765 978">
    <p class='ocr_par' dir='ltr' id='par_1_24' title="bbox 2190 902 3765 978">
     <span class='ocr_line' id='line_1_24' title="bbox 2190 902 3765 978; baseline -0.001 -19"><span class='ocrx_word' id='word_1_157' title='bbox 2190 906 2354 960; x_wconf 75' lang='grc' dir='ltr'>πάλιν</span> <span class='ocrx_word' id='word_1_158' title='bbox 2376 908 2627 978; x_wconf 75' lang='grc' dir='ltr'><strong>ἁμάρτῃς</strong></span> <span class='ocrx_word' id='word_1_159' title='bbox 2652 907 2729 971; x_wconf 79' lang='grc'>⁸³,</span> <span class='ocrx_word' id='word_1_160' title='bbox 2768 905 2929 960; x_wconf 89' lang='grc' dir='ltr'>πάλιν</span> <span class='ocrx_word' id='word_1_161' title='bbox 2960 906 3313 975; x_wconf 70' lang='grc' dir='ltr'><strong>μετανόησον,</strong></span> <span class='ocrx_word' id='word_1_162' title='bbox 3350 904 3444 955; x_wconf 78' lang='grc' dir='ltr'>καὶ</span> <span class='ocrx_word' id='word_1_163' title='bbox 3476 902 3665 965; x_wconf 80' lang='grc' dir='ltr'><strong>ὁσάκις</strong></span> <span class='ocrx_word' id='word_1_164' title='bbox 3698 904 3765 957; x_wconf 81' lang='grc' dir='ltr'><strong>ἂν</strong></span> 
     </span>
    </p>
   </div>
   <div class='ocr_carea' id='block_1_25' title="bbox 2187 994 3757 1071">
    <p class='ocr_par' dir='ltr' id='par_1_25' title="bbox 2187 994 3757 1071">
     <span class='ocr_line' id='line_1_25' title="bbox 2187 994 3757 1071; baseline -0.004 -18"><span class='ocrx_word' id='word_1_165' title='bbox 2187 998 2468 1071; x_wconf 79' lang='grc' dir='ltr'><strong>ἁμάρτῃς,</strong></span> <span class='ocrx_word' id='word_1_166' title='bbox 2503 998 2624 1051; x_wconf 79' lang='grc' dir='ltr'>ἐλθὲ</span> <span class='ocrx_word' id='word_1_167' title='bbox 2660 998 2797 1068; x_wconf 84' lang='grc' dir='ltr'>πρός</span> <span class='ocrx_word' id='word_1_168' title='bbox 2825 1015 2915 1066; x_wconf 87' lang='grc' dir='ltr'><strong>με,</strong></span> <span class='ocrx_word' id='word_1_169' title='bbox 2951 998 3044 1051; x_wconf 76' lang='grc' dir='ltr'><strong>καὶ</strong></span> <span class='ocrx_word' id='word_1_170' title='bbox 3086 996 3195 1064; x_wconf 84' lang='grc' dir='ltr'>ἐγώ</span> <span class='ocrx_word' id='word_1_171' title='bbox 3243 1013 3303 1047; x_wconf 78' lang='grc' dir='ltr'><strong>σε</strong></span> <span class='ocrx_word' id='word_1_172' title='bbox 3341 994 3668 1065; x_wconf 86' lang='grc' dir='ltr'>θεραπεύσω</span> <span class='ocrx_word' id='word_1_173' title='bbox 3692 1012 3707 1027; x_wconf 89' lang='grc'><strong>·</strong></span> <span class='ocrx_word' id='word_1_174' title='bbox 3738 1014 3757 1046; x_wconf 76' lang='grc' dir='ltr'><strong>ι</strong></span> 
     </span>
    </p>
   </div>
   <div class='ocr_carea' id='block_1_26' title="bbox 2186 1085 3767 1159">
    <p class='ocr_par' dir='ltr' id='par_1_26' title="bbox 2186 1085 3767 1159">
     <span class='ocr_line' id='line_1_26' title="bbox 2186 1085 3767 1159; baseline -0.003 -16"><span class='ocrx_word' id='word_1_175' title='bbox 2186 1090 2414 1159; x_wconf 77' lang='grc' dir='ltr'>ἕϐδομον</span> <span class='ocrx_word' id='word_1_176' title='bbox 2444 1091 2511 1155; x_wconf 68' lang='grc'>⁸³,</span> <span class='ocrx_word' id='word_1_177' title='bbox 2541 1091 2624 1142; x_wconf 81' lang='grc' dir='ltr'><strong>ὅτι</strong></span> <span class='ocrx_word' id='word_1_178' title='bbox 2653 1090 2962 1159; x_wconf 79' lang='grc' dir='ltr'><strong>βλασφημεῖ</strong></span> <span class='ocrx_word' id='word_1_179' title='bbox 2998 1090 3085 1141; x_wconf 88' lang='grc' dir='ltr'>ἐπ’</span> <span class='ocrx_word' id='word_1_180' title='bbox 3142 1086 3457 1156; x_wconf 88' lang='grc' dir='ltr'>ἐκκλησίας,</span> <span class='ocrx_word' id='word_1_181' title='bbox 3487 1085 3659 1152; x_wconf 85' lang='grc' dir='ltr'>λέγων</span> <span class='ocrx_word' id='word_1_182' title='bbox 3685 1087 3767 1139; x_wconf 80' lang='grc' dir='ltr'>ὅτι</span> 
     </span>
    </p>
   </div>
   <div class='ocr_carea' id='block_1_27' title="bbox 2185 1175 3766 1253">
    <p class='ocr_par' dir='ltr' id='par_1_27' title="bbox 2185 1175 3766 1253">
     <span class='ocr_line' id='line_1_27' title="bbox 2185 1175 3766 1253; baseline -0.006 -20"><span class='ocrx_word' id='word_1_183' title='bbox 2185 1184 2214 1233; x_wconf 84' lang='grc' dir='ltr'><strong>ὁ</strong></span> <span class='ocrx_word' id='word_1_184' title='bbox 2243 1183 2287 1213; x_wconf 83' lang='grc'><strong>⁵⁷</strong></span> <span class='ocrx_word' id='word_1_185' title='bbox 2313 1181 2544 1253; x_wconf 83' lang='grc' dir='ltr'>Χριστὸς</span> <span class='ocrx_word' id='word_1_186' title='bbox 2579 1182 3021 1250; x_wconf 78' lang='grc' dir='ltr'>προσευξάμενος</span> <span class='ocrx_word' id='word_1_187' title='bbox 3039 1181 3139 1232; x_wconf 82' lang='grc' dir='ltr'><strong>οὐκ</strong></span> <span class='ocrx_word' id='word_1_188' title='bbox 3166 1175 3516 1247; x_wconf 78' lang='grc' dir='ltr'><strong>εἰσηκούσθη,</strong></span> <span class='ocrx_word' id='word_1_189' title='bbox 3538 1176 3659 1226; x_wconf 70' lang='grc' dir='ltr'>ἐπεὶ</span> <span class='ocrx_word' id='word_1_190' title='bbox 3691 1176 3766 1244; x_wconf 80' lang='grc' dir='ltr'>μὴ</span> 
     </span>
    </p>
   </div>
   <div class='ocr_carea' id='block_1_28' title="bbox 2184 1264 3769 1346">
    <p class='ocr_par' dir='ltr' id='par_1_28' title="bbox 2184 1264 3769 1346">
     <span class='ocr_line' id='line_1_28' title="bbox 2184 1264 3769 1346; baseline -0.008 -17"><span class='ocrx_word' id='word_1_191' title='bbox 2184 1276 2412 1339; x_wconf 87' lang='grc' dir='ltr'>δεόντως</span> <span class='ocrx_word' id='word_1_192' title='bbox 2441 1274 2805 1346; x_wconf 82' lang='grc' dir='ltr'>προσηύξατο·</span> <span class='ocrx_word' id='word_1_193' title='bbox 2825 1273 3008 1340; x_wconf 78' lang='grc' dir='ltr'>ὄγδοον</span> <span class='ocrx_word' id='word_1_194' title='bbox 3031 1271 3097 1334; x_wconf 80' lang='grc'><strong>⁵⁸,</strong></span> <span class='ocrx_word' id='word_1_195' title='bbox 3118 1270 3199 1322; x_wconf 82' lang='grc' dir='ltr'>ὅτι</span> <span class='ocrx_word' id='word_1_196' title='bbox 3224 1270 3335 1329; x_wconf 80' lang='grc' dir='ltr'>τοῖς</span> <span class='ocrx_word' id='word_1_197' title='bbox 3358 1268 3508 1331; x_wconf 78' lang='grc' dir='ltr'>λαοῖς</span> <span class='ocrx_word' id='word_1_198' title='bbox 3530 1264 3769 1318; x_wconf 84' lang='grc' dir='ltr'>ὑποϐάλ-</span> 
     </span>
    </p>
   </div>
   <div class='ocr_carea' id='block_1_29' title="bbox 2186 1355 3768 1431">
    <p class='ocr_par' dir='ltr' id='par_1_29' title="bbox 2186 1355 3768 1431">
     <span class='ocr_line' id='line_1_29' title="bbox 2186 1355 3768 1431; baseline -0.008 -10"><span class='ocrx_word' id='word_1_199' title='bbox 2186 1369 2266 1421; x_wconf 87' lang='grc' dir='ltr'><strong>λει</strong></span> <span class='ocrx_word' id='word_1_200' title='bbox 2320 1368 2635 1431; x_wconf 76' lang='grc' dir='ltr'>στασιάζειν</span> <span class='ocrx_word' id='word_1_201' title='bbox 2668 1366 2714 1398; x_wconf 76' lang='grc'><strong><em>⁵⁸</em></strong></span> <span class='ocrx_word' id='word_1_202' title='bbox 2744 1365 2887 1418; x_wconf 82' lang='grc' dir='ltr'>κατὰ</span> <span class='ocrx_word' id='word_1_203' title='bbox 2915 1362 3017 1431; x_wconf 79' lang='grc' dir='ltr'><strong>τῆς</strong></span> <span class='ocrx_word' id='word_1_204' title='bbox 3063 1359 3282 1413; x_wconf 81' lang='grc' dir='ltr'>συνόδου</span> <span class='ocrx_word' id='word_1_205' title='bbox 3301 1372 3315 1387; x_wconf 80' lang='grc'><strong>⁹</strong></span> <span class='ocrx_word' id='word_1_206' title='bbox 3345 1356 3563 1410; x_wconf 74' lang='grc' dir='ltr'>ἔννατον</span> <span class='ocrx_word' id='word_1_207' title='bbox 3591 1355 3659 1420; x_wconf 77' lang='grc'><strong>⁸⁸,</strong></span> <span class='ocrx_word' id='word_1_208' title='bbox 3686 1356 3768 1408; x_wconf 87' lang='grc' dir='ltr'>ὅτι</span> 
     </span>
    </p>
   </div>
   <div class='ocr_carea' id='block_1_30' title="bbox 2189 1445 3771 1527">
    <p class='ocr_par' dir='ltr' id='par_1_30' title="bbox 2189 1445 3771 1527">
     <span class='ocr_line' id='line_1_30' title="bbox 2189 1445 3771 1527; baseline -0.011 -16"><span class='ocrx_word' id='word_1_209' title='bbox 2189 1458 2457 1527; x_wconf 86' lang='grc' dir='ltr'>’Έλληνας</span> <span class='ocrx_word' id='word_1_210' title='bbox 2509 1456 2679 1509; x_wconf 82' lang='grc' dir='ltr'>πολλὰ</span> <span class='ocrx_word' id='word_1_211' title='bbox 2713 1454 2860 1507; x_wconf 79' lang='grc' dir='ltr'>κακὰ</span> <span class='ocrx_word' id='word_1_212' title='bbox 2900 1454 3013 1514; x_wconf 83' lang='grc' dir='ltr'>τοῖς</span> <span class='ocrx_word' id='word_1_213' title='bbox 3046 1449 3389 1519; x_wconf 85' lang='grc' dir='ltr'>Χριστιανοῖς</span> <span class='ocrx_word' id='word_1_214' title='bbox 3418 1445 3771 1513; x_wconf 83' lang='grc' dir='ltr'>διαθεμένους</span> 
     </span>
    </p>
   </div>
   <div class='ocr_carea' id='block_1_31' title="bbox 2186 1538 3771 1617">
    <p class='ocr_par' dir='ltr' id='par_1_31' title="bbox 2186 1538 3771 1617">
     <span class='ocr_line' id='line_1_31' title="bbox 2186 1538 3771 1617; baseline -0.01 -14"><span class='ocrx_word' id='word_1_215' title='bbox 2186 1550 2482 1615; x_wconf 83' lang='grc' dir='ltr'>ὑπεδέξατο</span> <span class='ocrx_word' id='word_1_216' title='bbox 2516 1548 2609 1601; x_wconf 74' lang='grc' dir='ltr'><strong>καὶ</strong></span> <span class='ocrx_word' id='word_1_217' title='bbox 2635 1548 2747 1617; x_wconf 81' lang='grc' dir='ltr'>ἔχει</span> <span class='ocrx_word' id='word_1_218' title='bbox 2790 1549 2847 1599; x_wconf 86' lang='grc' dir='ltr'><strong>ἐν</strong></span> <span class='ocrx_word' id='word_1_219' title='bbox 2881 1548 2946 1614; x_wconf 76' lang='grc' dir='ltr'>τῇ</span> <span class='ocrx_word' id='word_1_220' title='bbox 2986 1542 3285 1612; x_wconf 78' lang='grc' dir='ltr'>Ἐκκλησία</span> <span class='ocrx_word' id='word_1_221' title='bbox 3320 1539 3415 1593; x_wconf 75' lang='grc' dir='ltr'>καὶ</span> <span class='ocrx_word' id='word_1_222' title='bbox 3444 1538 3771 1609; x_wconf 76' lang='grc' dir='ltr'>προΐσταται</span> 
     </span>
    </p>
   </div>
   <div class='ocr_carea' id='block_1_32' title="bbox 2185 1629 3772 1703">
    <p class='ocr_par' dir='ltr' id='par_1_32' title="bbox 2185 1629 3772 1703">
     <span class='ocr_line' id='line_1_32' title="bbox 2185 1629 3772 1703; baseline -0.011 -8"><span class='ocrx_word' id='word_1_223' title='bbox 2185 1642 2397 1695; x_wconf 76' lang='grc' dir='ltr'>αὐτῶν·</span> <span class='ocrx_word' id='word_1_224' title='bbox 2436 1641 2659 1693; x_wconf 81' lang='grc' dir='ltr'>δέκατον</span> <span class='ocrx_word' id='word_1_225' title='bbox 2688 1640 2772 1692; x_wconf 81' lang='grc' dir='ltr'>ὅτι</span> <span class='ocrx_word' id='word_1_226' title='bbox 2810 1636 3080 1689; x_wconf 89' lang='grc' dir='ltr'>ἐπιϐαίνει</span> <span class='ocrx_word' id='word_1_227' title='bbox 3125 1632 3432 1703; x_wconf 80' lang='grc' dir='ltr'>ἀλλοτρίαις</span> <span class='ocrx_word' id='word_1_228' title='bbox 3478 1629 3772 1698; x_wconf 80' lang='grc' dir='ltr'>ἐπαρχίαις</span> 
     </span>
    </p>
   </div>
   <div class='ocr_carea' id='block_1_33' title="bbox 2185 1717 3772 1803">
    <p class='ocr_par' dir='ltr' id='par_1_33' title="bbox 2185 1717 3772 1803">
     <span class='ocr_line' id='line_1_33' title="bbox 2185 1717 3772 1803; baseline -0.011 -17"><span class='ocrx_word' id='word_1_229' title='bbox 2185 1733 2281 1787; x_wconf 73' lang='grc' dir='ltr'><strong>καὶ</strong></span> <span class='ocrx_word' id='word_1_230' title='bbox 2308 1733 2607 1803; x_wconf 86' lang='grc' dir='ltr'>χειροτονεί</span> <span class='ocrx_word' id='word_1_231' title='bbox 2636 1728 2966 1788; x_wconf 78' lang='grc' dir='ltr'>ἐπισκόπους</span> <span class='ocrx_word' id='word_1_232' title='bbox 2987 1742 3000 1756; x_wconf 77' lang='grc' dir='ltr'><strong>ο</strong></span> <span class='ocrx_word' id='word_1_233' title='bbox 3032 1725 3339 1787; x_wconf 75' lang='grc' dir='ltr'>ἑνδέκατον,</span> <span class='ocrx_word' id='word_1_234' title='bbox 3361 1723 3441 1774; x_wconf 85' lang='grc' dir='ltr'><strong>ὅτι</strong></span> <span class='ocrx_word' id='word_1_235' title='bbox 3484 1720 3698 1790; x_wconf 78' lang='grc' dir='ltr'>ὑϐρίζει</span> <span class='ocrx_word' id='word_1_236' title='bbox 3728 1717 3772 1750; x_wconf 71' lang='grc'><strong>⁸³</strong></span> 
     </span>
    </p>
   </div>
   <div class='ocr_carea' id='block_1_34' title="bbox 509 1810 2090 1897">
    <p class='ocr_par' dir='ltr' id='par_1_34' title="bbox 509 1822 2089 1897">
     <span class='ocr_line' id='line_1_34' title="bbox 509 1822 2089 1897; baseline -0.005 -16"><span class='ocrx_word' id='word_1_237' title='bbox 509 1830 651 1897; x_wconf 83' lang='lat' dir='ltr'><strong>quod</strong></span> <span class='ocrx_word' id='word_1_238' title='bbox 708 1828 939 1882; x_wconf 87' lang='lat' dir='ltr'><strong>aliorum</strong></span> <span class='ocrx_word' id='word_1_239' title='bbox 985 1826 1204 1880; x_wconf 78' lang='lat' dir='ltr'><strong>invadat</strong></span> <span class='ocrx_word' id='word_1_240' title='bbox 1235 1824 1349 1897; x_wconf 69' lang='grc'><strong>(54)</strong></span> <span class='ocrx_word' id='word_1_241' title='bbox 1394 1823 1723 1894; x_wconf 75' lang='lat' dir='ltr'><strong>provincias,</strong></span> <span class='ocrx_word' id='word_1_242' title='bbox 1769 1822 2089 1887; x_wconf 81' lang='lat' dir='ltr'><strong>ordittetqtte</strong></span> 
     </span>
    </p>
   </div>
   <div class='ocr_carea' id='block_1_35' title="bbox 2194 1810 3772 1897">
    <p class='ocr_par' dir='ltr' id='par_1_35' title="bbox 2194 1810 3772 1886">
     <span class='ocr_line' id='line_1_35' title="bbox 2194 1810 3772 1886; baseline -0.01 -8"><span class='ocrx_word' id='word_1_243' title='bbox 2194 1826 2312 1886; x_wconf 77' lang='grc' dir='ltr'>τοὺς</span> <span class='ocrx_word' id='word_1_244' title='bbox 2336 1822 2667 1885; x_wconf 76' lang='grc' dir='ltr'>ἐπισκόπους</span> <span class='ocrx_word' id='word_1_245' title='bbox 2684 1820 2778 1874; x_wconf 78' lang='grc' dir='ltr'>καὶ</span> <span class='ocrx_word' id='word_1_246' title='bbox 2807 1816 3173 1885; x_wconf 85' lang='grc' dir='ltr'>ἐκπιγγάτους</span> <span class='ocrx_word' id='word_1_247' title='bbox 3205 1813 3415 1867; x_wconf 83' lang='grc' dir='ltr'>κελεύει</span> <span class='ocrx_word' id='word_1_248' title='bbox 3438 1810 3772 1881; x_wconf 79' lang='grc' dir='ltr'>ἐκϐληθῆναι</span> 
     </span>
    </p>
   </div>
   <div class='ocr_carea' id='block_1_36' title="bbox 511 1912 2088 1988">
    <p class='ocr_par' dir='ltr' id='par_1_36' title="bbox 511 1912 2088 1988">
     <span class='ocr_line' id='line_1_36' title="bbox 511 1912 2088 1988; baseline -0.008 -13"><span class='ocrx_word' id='word_1_249' title='bbox 511 1921 710 1975; x_wconf 86' lang='lat' dir='ltr'><strong>ibidem</strong></span> <span class='ocrx_word' id='word_1_250' title='bbox 749 1919 1032 1988; x_wconf 87' lang='lat' dir='ltr'><strong>episcopos</strong></span> <span class='ocrx_word' id='word_1_251' title='bbox 1060 1917 1194 1988; x_wconf 76' lang='lat'><strong>(55).</strong></span> <span class='ocrx_word' id='word_1_252' title='bbox 1260 1916 1669 1979; x_wconf 89' lang='lat' dir='ltr'><strong>Duodecimum,</strong></span> <span class='ocrx_word' id='word_1_253' title='bbox 1706 1914 1848 1982; x_wconf 86' lang='lat' dir='ltr'><strong>quod</strong></span> <span class='ocrx_word' id='word_1_254' title='bbox 1876 1912 2088 1981; x_wconf 88' lang='lat' dir='ltr'><strong>episco-</strong></span> 
     </span>
    </p>
   </div>
   <div class='ocr_carea' id='block_1_37' title="bbox 511 2002 2088 2079">
    <p class='ocr_par' dir='ltr' id='par_1_37' title="bbox 511 2002 2088 2079">
     <span class='ocr_line' id='line_1_37' title="bbox 511 2002 2088 2079; baseline -0.008 -14"><span class='ocrx_word' id='word_1_255' title='bbox 511 2025 607 2079; x_wconf 90' lang='lat' dir='ltr'><strong>pos</strong></span> <span class='ocrx_word' id='word_1_256' title='bbox 632 2008 826 2076; x_wconf 81' lang='lat' dir='ltr'><strong>injuria</strong></span> <span class='ocrx_word' id='word_1_257' title='bbox 854 2006 1048 2062; x_wconf 80' lang='lat' dir='ltr'><strong>alliciat</strong></span> <span class='ocrx_word' id='word_1_258' title='bbox 1080 2015 1132 2062; x_wconf 84' lang='lat' dir='ltr'><strong>et</strong></span> <span class='ocrx_word' id='word_1_259' title='bbox 1162 2005 1520 2073; x_wconf 84' lang='grc' dir='ltr'>ἐκπιδγάτους</span> <span class='ocrx_word' id='word_1_260' title='bbox 1581 2002 1729 2075; x_wconf 80' lang='grc'>(56),</span> <span class='ocrx_word' id='word_1_261' title='bbox 1781 2003 1941 2056; x_wconf 89' lang='lat' dir='ltr'><strong>domo</strong></span> <span class='ocrx_word' id='word_1_262' title='bbox 1993 2014 2088 2054; x_wconf 90' lang='lat' dir='ltr'><strong>sua</strong></span> 
     </span>
    </p>
   </div>
   <div class='ocr_carea' id='block_1_38' title="bbox 513 2092 2092 2170">
    <p class='ocr_par' dir='ltr' id='par_1_38' title="bbox 513 2092 2092 2170">
     <span class='ocr_line' id='line_1_38' title="bbox 513 2092 2092 2170; baseline -0.008 -14"><span class='ocrx_word' id='word_1_263' title='bbox 513 2101 843 2170; x_wconf 83' lang='lat' dir='ltr'><strong>pellijubeat</strong></span> <span class='ocrx_word' id='word_1_264' title='bbox 864 2138 879 2153; x_wconf 94' lang='lat'><strong>.</strong></span> <span class='ocrx_word' id='word_1_265' title='bbox 910 2098 1188 2153; x_wconf 88' lang='lat' dir='ltr'><strong>Decimum</strong></span> <span class='ocrx_word' id='word_1_266' title='bbox 1218 2100 1467 2163; x_wconf 87' lang='lat' dir='ltr'><strong>tertium,</strong></span> <span class='ocrx_word' id='word_1_267' title='bbox 1496 2098 1637 2165; x_wconf 87' lang='lat' dir='ltr'><strong>quod</strong></span> <span class='ocrx_word' id='word_1_268' title='bbox 1663 2094 1889 2149; x_wconf 78' lang='lat' dir='ltr'><strong>clericos</strong></span> <span class='ocrx_word' id='word_1_269' title='bbox 1922 2092 2092 2147; x_wconf 83' lang='lat' dir='ltr'><strong>inusi-</strong></span> 
     </span>
    </p>
   </div>
   <div class='ocr_carea' id='block_1_39' title="bbox 516 2181 2088 2258">
    <p class='ocr_par' dir='ltr' id='par_1_39' title="bbox 516 2181 2088 2258">
     <span class='ocr_line' id='line_1_39' title="bbox 516 2181 2088 2258; baseline -0.005 -16"><span class='ocrx_word' id='word_1_270' title='bbox 516 2190 641 2244; x_wconf 83' lang='lat' dir='ltr'><strong>tatis</strong></span> <span class='ocrx_word' id='word_1_271' title='bbox 699 2189 915 2258; x_wconf 87' lang='lat' dir='ltr'><strong>iujuriis</strong></span> <span class='ocrx_word' id='word_1_272' title='bbox 988 2188 1439 2256; x_wconf 87' lang='lat' dir='ltr'><strong>contumeliisque</strong></span> <span class='ocrx_word' id='word_1_273' title='bbox 1497 2184 1755 2240; x_wconf 79' lang='lat' dir='ltr'><strong>aﬂecerit.</strong></span> <span class='ocrx_word' id='word_1_274' title='bbox 1809 2181 2088 2236; x_wconf 84' lang='lat' dir='ltr'><strong>Decimum</strong></span> 
     </span>
    </p>
   </div>
   <div class='ocr_carea' id='block_1_40' title="bbox 512 2270 2091 2349">
    <p class='ocr_par' dir='ltr' id='par_1_40' title="bbox 512 2270 2091 2349">
     <span class='ocr_line' id='line_1_40' title="bbox 512 2270 2091 2349; baseline -0.006 -17"><span class='ocrx_word' id='word_1_275' title='bbox 512 2288 799 2349; x_wconf 85' lang='lat' dir='ltr'><strong>quartum,</strong></span> <span class='ocrx_word' id='word_1_276' title='bbox 833 2278 977 2347; x_wconf 83' lang='lat' dir='ltr'><strong>quod</strong></span> <span class='ocrx_word' id='word_1_277' title='bbox 1007 2278 1238 2330; x_wconf 88' lang='lat' dir='ltr'><strong>alioruut</strong></span> <span class='ocrx_word' id='word_1_278' title='bbox 1273 2274 1521 2343; x_wconf 87' lang='lat' dir='ltr'><strong>deposita</strong></span> <span class='ocrx_word' id='word_1_279' title='bbox 1580 2275 1630 2327; x_wconf 80' lang='lat' dir='ltr'><strong>vi</strong></span> <span class='ocrx_word' id='word_1_280' title='bbox 1674 2272 1937 2344; x_wconf 75' lang='lat' dir='ltr'><strong>rapuerit.</strong></span> <span class='ocrx_word' id='word_1_281' title='bbox 1988 2270 2091 2324; x_wconf 86' lang='lat' dir='ltr'><strong>De-</strong></span> 
     </span>
    </p>
   </div>
   <div class='ocr_carea' id='block_1_41' title="bbox 511 2366 2089 2437">
    <p class='ocr_par' dir='ltr' id='par_1_41' title="bbox 511 2366 2089 2437">
     <span class='ocr_line' id='line_1_41' title="bbox 511 2366 2089 2437; baseline -0.005 -13"><span class='ocrx_word' id='word_1_282' title='bbox 511 2371 712 2436; x_wconf 85' lang='lat' dir='ltr'><strong>cimum</strong></span> <span class='ocrx_word' id='word_1_283' title='bbox 775 2369 1025 2437; x_wconf 87' lang='lat' dir='ltr'><strong>quintum</strong></span> <span class='ocrx_word' id='word_1_284' title='bbox 1047 2408 1062 2431; x_wconf 91' lang='lat'><strong>,</strong></span> <span class='ocrx_word' id='word_1_285' title='bbox 1097 2366 1239 2436; x_wconf 90' lang='lat' dir='ltr'><strong>quod</strong></span> <span class='ocrx_word' id='word_1_286' title='bbox 1274 2366 1391 2419; x_wconf 86' lang='lat' dir='ltr'><strong>sine</strong></span> <span class='ocrx_word' id='word_1_287' title='bbox 1427 2372 1730 2428; x_wconf 79' lang='lat' dir='ltr'><strong>conventu,</strong></span> <span class='ocrx_word' id='word_1_288' title='bbox 1786 2373 2089 2431; x_wconf 67' lang='lat' dir='ltr'><strong>praeterque</strong></span> 
     </span>
    </p>
   </div>
   <div class='ocr_carea' id='block_1_42' title="bbox 514 2450 2091 2519">
    <p class='ocr_par' dir='ltr' id='par_1_42' title="bbox 514 2450 2091 2519">
     <span class='ocr_line' id='line_1_42' title="bbox 514 2450 2091 2519; baseline -0.006 -6"><span class='ocrx_word' id='word_1_289' title='bbox 514 2460 644 2513; x_wconf 85' lang='lat' dir='ltr'><strong>cleri</strong></span> <span class='ocrx_word' id='word_1_290' title='bbox 699 2468 971 2518; x_wconf 81' lang='lat' dir='ltr'><strong>mentem,</strong></span> <span class='ocrx_word' id='word_1_291' title='bbox 1023 2458 1260 2510; x_wconf 86' lang='lat' dir='ltr'><strong>ordinet.</strong></span> <span class='ocrx_word' id='word_1_292' title='bbox 1318 2455 1599 2509; x_wconf 87' lang='lat' dir='ltr'><strong>Decimum</strong></span> <span class='ocrx_word' id='word_1_293' title='bbox 1649 2462 1894 2516; x_wconf 78' lang='lat' dir='ltr'><strong>sextum,</strong></span> <span class='ocrx_word' id='word_1_294' title='bbox 1947 2450 2091 2519; x_wconf 87' lang='lat' dir='ltr'><strong>quod</strong></span> 
     </span>
    </p>
   </div>
   <div class='ocr_carea' id='block_1_43' title="bbox 513 2542 2093 2622">
    <p class='ocr_par' dir='ltr' id='par_1_43' title="bbox 513 2542 2093 2622">
     <span class='ocr_line' id='line_1_43' title="bbox 513 2542 2093 2622; baseline -0.006 -18"><span class='ocrx_word' id='word_1_295' title='bbox 513 2552 626 2622; x_wconf 72' lang='lat'><strong>(57)</strong></span> <span class='ocrx_word' id='word_1_296' title='bbox 650 2550 993 2621; x_wconf 84' lang='lat' dir='ltr'><strong>Origenistas</strong></span> <span class='ocrx_word' id='word_1_297' title='bbox 1027 2548 1333 2616; x_wconf 88' lang='lat' dir='ltr'><strong>receperit:</strong></span> <span class='ocrx_word' id='word_1_298' title='bbox 1358 2542 1946 2613; x_wconf 82' lang='lat' dir='ltr'><strong>communicantes(58)</strong></span> <span class='ocrx_word' id='word_1_299' title='bbox 1965 2555 2093 2595; x_wconf 85' lang='lat' dir='ltr'><strong>vero</strong></span> 
     </span>
    </p>
   </div>
   <div class='ocr_carea' id='block_1_44' title="bbox 512 2632 2090 2704">
    <p class='ocr_par' dir='ltr' id='par_1_44' title="bbox 512 2632 2090 2704">
     <span class='ocr_line' id='line_1_44' title="bbox 512 2632 2090 2704; baseline -0.006 -9"><span class='ocrx_word' id='word_1_300' title='bbox 512 2658 634 2696; x_wconf 74' lang='lat' dir='ltr'><strong>cum</strong></span> <span class='ocrx_word' id='word_1_301' title='bbox 683 2642 926 2697; x_wconf 83' lang='lat' dir='ltr'><strong>Ecclesia</strong></span> <span class='ocrx_word' id='word_1_302' title='bbox 980 2641 1313 2704; x_wconf 87' lang='lat' dir='ltr'><strong>monachos,</strong></span> <span class='ocrx_word' id='word_1_303' title='bbox 1342 2639 1443 2691; x_wconf 87' lang='lat' dir='ltr'><strong>etsi</strong></span> <span class='ocrx_word' id='word_1_304' title='bbox 1497 2634 1970 2691; x_wconf 87' lang='lat' dir='ltr'><strong>counueudatitias</strong></span> <span class='ocrx_word' id='word_1_305' title='bbox 2003 2632 2090 2686; x_wconf 79' lang='lat' dir='ltr'><strong>lit-</strong></span> 
     </span>
    </p>
   </div>
   <div class='ocr_carea' id='block_1_45' title="bbox 514 2724 2093 2798">
    <p class='ocr_par' dir='ltr' id='par_1_45' title="bbox 514 2724 2093 2798">
     <span class='ocr_line' id='line_1_45' title="bbox 514 2724 2093 2798; baseline -0.007 -9"><span class='ocrx_word' id='word_1_306' title='bbox 514 2747 660 2790; x_wconf 82' lang='lat' dir='ltr'><strong>teras</strong></span> <span class='ocrx_word' id='word_1_307' title='bbox 691 2733 957 2787; x_wconf 84' lang='lat' dir='ltr'><strong>all&#39;errent</strong></span> <span class='ocrx_word' id='word_1_308' title='bbox 981 2776 996 2798; x_wconf 92' lang='lat'><strong>,</strong></span> <span class='ocrx_word' id='word_1_309' title='bbox 1027 2733 1079 2785; x_wconf 91' lang='lat' dir='ltr'><strong>in</strong></span> <span class='ocrx_word' id='word_1_310' title='bbox 1115 2746 1391 2786; x_wconf 89' lang='lat' dir='ltr'><strong>carcerem</strong></span> <span class='ocrx_word' id='word_1_311' title='bbox 1431 2728 1709 2795; x_wconf 75' lang='lat' dir='ltr'><strong>coniectos</strong></span> <span class='ocrx_word' id='word_1_312' title='bbox 1735 2741 1841 2780; x_wconf 90' lang='lat' dir='ltr'><strong>non</strong></span> <span class='ocrx_word' id='word_1_313' title='bbox 1870 2724 2093 2780; x_wconf 89' lang='lat' dir='ltr'><strong>dimise-</strong></span> 
     </span>
    </p>
   </div>
   <div class='ocr_carea' id='block_1_46' title="bbox 514 2815 2091 2892">
    <p class='ocr_par' dir='ltr' id='par_1_46' title="bbox 514 2815 2091 2892">
     <span class='ocr_line' id='line_1_46' title="bbox 514 2815 2091 2892; baseline -0.006 -14"><span class='ocrx_word' id='word_1_314' title='bbox 514 2825 622 2878; x_wconf 86' lang='lat' dir='ltr'><strong>rit:</strong></span> <span class='ocrx_word' id='word_1_315' title='bbox 655 2823 787 2892; x_wconf 86' lang='lat' dir='ltr'><strong>quin</strong></span> <span class='ocrx_word' id='word_1_316' title='bbox 817 2832 873 2877; x_wconf 87' lang='lat' dir='ltr'><strong>et</strong></span> <span class='ocrx_word' id='word_1_317' title='bbox 907 2824 959 2875; x_wconf 88' lang='lat' dir='ltr'><strong>itt</strong></span> <span class='ocrx_word' id='word_1_318' title='bbox 989 2838 1056 2878; x_wconf 87' lang='lat' dir='ltr'><strong>eo</strong></span> <span class='ocrx_word' id='word_1_319' title='bbox 1082 2823 1379 2875; x_wconf 83' lang='lat' dir='ltr'><strong>morientes</strong></span> <span class='ocrx_word' id='word_1_320' title='bbox 1401 2860 1417 2884; x_wconf 94' lang='lat'><strong>,</strong></span> <span class='ocrx_word' id='word_1_321' title='bbox 1460 2834 1529 2873; x_wconf 90' lang='lat' dir='ltr'><strong>ne</strong></span> <span class='ocrx_word' id='word_1_322' title='bbox 1560 2817 1809 2871; x_wconf 83' lang='lat' dir='ltr'><strong>iuviserit</strong></span> <span class='ocrx_word' id='word_1_323' title='bbox 1836 2815 2091 2884; x_wconf 87' lang='lat' dir='ltr'><strong>quidem.</strong></span> 
     </span>
    </p>
   </div>
   <div class='ocr_carea' id='block_1_47' title="bbox 512 2907 2091 2984">
    <p class='ocr_par' dir='ltr' id='par_1_47' title="bbox 512 2907 2091 2984">
     <span class='ocr_line' id='line_1_47' title="bbox 512 2907 2091 2984; baseline -0.006 -15"><span class='ocrx_word' id='word_1_324' title='bbox 512 2916 791 2971; x_wconf 86' lang='lat' dir='ltr'><strong>Decimum</strong></span> <span class='ocrx_word' id='word_1_325' title='bbox 816 2916 1106 2984; x_wconf 89' lang='lat' dir='ltr'><strong>septimum</strong></span> <span class='ocrx_word' id='word_1_326' title='bbox 1130 2954 1146 2980; x_wconf 95' lang='lat'><strong>,</strong></span> <span class='ocrx_word' id='word_1_327' title='bbox 1170 2914 1313 2983; x_wconf 87' lang='lat' dir='ltr'><strong>quod</strong></span> <span class='ocrx_word' id='word_1_328' title='bbox 1343 2912 1521 2966; x_wconf 90' lang='lat' dir='ltr'><strong>aliena</strong></span> <span class='ocrx_word' id='word_1_329' title='bbox 1548 2908 1815 2977; x_wconf 86' lang='lat' dir='ltr'><strong>mancipia</strong></span> <span class='ocrx_word' id='word_1_330' title='bbox 1854 2907 2091 2961; x_wconf 89' lang='lat' dir='ltr'><strong>nondum</strong></span> 
     </span>
    </p>
   </div>
   <div class='ocr_carea' id='block_1_48' title="bbox 516 2997 2094 3073">
    <p class='ocr_par' dir='ltr' id='par_1_48' title="bbox 516 2997 2094 3073">
     <span class='ocr_line' id='line_1_48' title="bbox 516 2997 2094 3073; baseline -0.008 -10"><span class='ocrx_word' id='word_1_331' title='bbox 516 3010 884 3073; x_wconf 81' lang='lat' dir='ltr'><strong>manumissa,</strong></span> <span class='ocrx_word' id='word_1_332' title='bbox 924 3009 1030 3061; x_wconf 89' lang='lat' dir='ltr'><strong>imo</strong></span> <span class='ocrx_word' id='word_1_333' title='bbox 1060 3017 1115 3061; x_wconf 92' lang='lat' dir='ltr'><strong>et</strong></span> <span class='ocrx_word' id='word_1_334' title='bbox 1140 3012 1431 3069; x_wconf 85' lang='lat' dir='ltr'><strong>accusata,</strong></span> <span class='ocrx_word' id='word_1_335' title='bbox 1464 3002 1751 3072; x_wconf 86' lang='lat' dir='ltr'><strong>episcopos</strong></span> <span class='ocrx_word' id='word_1_336' title='bbox 1794 2997 2094 3052; x_wconf 90' lang='lat' dir='ltr'><strong>ordinarit.</strong></span> 
     </span>
    </p>
   </div>
   <div class='ocr_carea' id='block_1_49' title="bbox 515 3089 2096 3166">
    <p class='ocr_par' dir='ltr' id='par_1_49' title="bbox 515 3089 2096 3166">
     <span class='ocr_line' id='line_1_49' title="bbox 515 3089 2096 3166; baseline -0.008 -11"><span class='ocrx_word' id='word_1_337' title='bbox 515 3102 794 3155; x_wconf 84' lang='lat' dir='ltr'><strong>Decimum</strong></span> <span class='ocrx_word' id='word_1_338' title='bbox 845 3109 1136 3162; x_wconf 84' lang='lat' dir='ltr'><strong>octavum,</strong></span> <span class='ocrx_word' id='word_1_339' title='bbox 1194 3096 1343 3166; x_wconf 88' lang='lat' dir='ltr'><strong>quod</strong></span> <span class='ocrx_word' id='word_1_340' title='bbox 1396 3097 1571 3166; x_wconf 84' lang='lat' dir='ltr'><strong>ipsum</strong></span> <span class='ocrx_word' id='word_1_341' title='bbox 1627 3093 1774 3149; x_wconf 88' lang='lat' dir='ltr'><strong>hunc</strong></span> <span class='ocrx_word' id='word_1_342' title='bbox 1832 3089 2096 3146; x_wconf 87' lang='lat' dir='ltr'><strong>lsaacium</strong></span> 
     </span>
    </p>
   </div>
   <div class='ocr_carea' id='block_1_50' title="bbox 515 3190 1125 3262">
    <p class='ocr_par' dir='ltr' id='par_1_50' title="bbox 515 3190 1125 3262">
     <span class='ocr_line' id='line_1_50' title="bbox 515 3190 1125 3262; baseline -0.007 -15"><span class='ocrx_word' id='word_1_343' title='bbox 515 3192 658 3247; x_wconf 85' lang='lat' dir='ltr'><strong>male</strong></span> <span class='ocrx_word' id='word_1_344' title='bbox 688 3206 831 3262; x_wconf 83' lang='lat' dir='ltr'><strong>saepe</strong></span> <span class='ocrx_word' id='word_1_345' title='bbox 862 3190 1125 3245; x_wconf 88' lang='lat' dir='ltr'><strong>multarit.</strong></span> 
     </span>
    </p>
   </div>
   <div class='ocr_carea' id='block_1_51' title="bbox 585 3278 2097 3351">
    <p class='ocr_par' dir='ltr' id='par_1_51' title="bbox 585 3278 2097 3351">
     <span class='ocr_line' id='line_1_51' title="bbox 585 3278 2097 3351; baseline -0.002 -14"><span class='ocrx_word' id='word_1_346' title='bbox 585 3284 790 3338; x_wconf 83' lang='lat' dir='ltr'><strong>Harum</strong></span> <span class='ocrx_word' id='word_1_347' title='bbox 848 3285 1261 3339; x_wconf 86' lang='lat' dir='ltr'><strong>accusationum</strong></span> <span class='ocrx_word' id='word_1_348' title='bbox 1316 3283 1555 3351; x_wconf 89' lang='lat' dir='ltr'><strong>primum</strong></span> <span class='ocrx_word' id='word_1_349' title='bbox 1598 3288 1798 3349; x_wconf 83' lang='lat' dir='ltr'><strong>caput,</strong></span> <span class='ocrx_word' id='word_1_350' title='bbox 1847 3280 1991 3347; x_wconf 86' lang='lat' dir='ltr'><strong>quod</strong></span> <span class='ocrx_word' id='word_1_351' title='bbox 2042 3278 2097 3334; x_wconf 86' lang='lat' dir='ltr'><strong>id</strong></span> 
     </span>
    </p>
   </div>
   <div class='ocr_carea' id='block_1_52' title="bbox 516 3376 2094 3448">
    <p class='ocr_par' dir='ltr' id='par_1_52' title="bbox 516 3376 2094 3448">
     <span class='ocr_line' id='line_1_52' title="bbox 516 3376 2094 3448; baseline -0.001 -18"><span class='ocrx_word' id='word_1_352' title='bbox 516 3389 675 3431; x_wconf 87' lang='lat' dir='ltr'><strong>antea</strong></span> <span class='ocrx_word' id='word_1_353' title='bbox 705 3378 787 3445; x_wconf 93' lang='lat' dir='ltr'><strong>(ut</strong></span> <span class='ocrx_word' id='word_1_354' title='bbox 811 3376 1097 3448; x_wconf 85' lang='lat' dir='ltr'><strong>rebantur)</strong></span> <span class='ocrx_word' id='word_1_355' title='bbox 1121 3378 1487 3433; x_wconf 76' lang='lat' dir='ltr'><strong>exattiiuatum</strong></span> <span class='ocrx_word' id='word_1_356' title='bbox 1518 3383 1687 3439; x_wconf 84' lang='lat' dir='ltr'><strong>esset,</strong></span> <span class='ocrx_word' id='word_1_357' title='bbox 1714 3386 1973 3430; x_wconf 78' lang='lat' dir='ltr'><strong>excutere</strong></span> <span class='ocrx_word' id='word_1_358' title='bbox 1998 3387 2094 3428; x_wconf 88' lang='lat' dir='ltr'><strong>no-</strong></span> 
     </span>
    </p>
   </div>
   <div class='ocr_carea' id='block_1_53' title="bbox 516 3465 2096 3539">
    <p class='ocr_par' dir='ltr' id='par_1_53' title="bbox 516 3465 2096 3539">
     <span class='ocr_line' id='line_1_53' title="bbox 516 3465 2096 3539; baseline -0.006 -12"><span class='ocrx_word' id='word_1_359' title='bbox 516 3473 766 3539; x_wconf 88' lang='lat' dir='ltr'><strong>luerunt;</strong></span> <span class='ocrx_word' id='word_1_360' title='bbox 827 3481 881 3524; x_wconf 86' lang='lat' dir='ltr'><strong>at</strong></span> <span class='ocrx_word' id='word_1_361' title='bbox 939 3471 993 3524; x_wconf 88' lang='lat' dir='ltr'><strong>itt</strong></span> <span class='ocrx_word' id='word_1_362' title='bbox 1042 3472 1340 3524; x_wconf 88' lang='lat' dir='ltr'><strong>secnnduut</strong></span> <span class='ocrx_word' id='word_1_363' title='bbox 1413 3478 1469 3521; x_wconf 90' lang='lat' dir='ltr'><strong>et</strong></span> <span class='ocrx_word' id='word_1_364' title='bbox 1520 3469 1815 3536; x_wconf 86' lang='lat' dir='ltr'><strong>septimum</strong></span> <span class='ocrx_word' id='word_1_365' title='bbox 1870 3465 2096 3533; x_wconf 90' lang='lat' dir='ltr'><strong>inquisi-</strong></span> 
     </span>
    </p>
   </div>
   <div class='ocr_carea' id='block_1_54' title="bbox 517 3561 2095 3634">
    <p class='ocr_par' dir='ltr' id='par_1_54' title="bbox 517 3561 2095 3634">
     <span class='ocr_line' id='line_1_54' title="bbox 517 3561 2095 3634; baseline -0.003 -13"><span class='ocrx_word' id='word_1_366' title='bbox 517 3576 649 3621; x_wconf 84' lang='lat' dir='ltr'><strong>tum.</strong></span> <span class='ocrx_word' id='word_1_367' title='bbox 702 3563 829 3620; x_wconf 77' lang='lat' dir='ltr'><strong>Mox</strong></span> <span class='ocrx_word' id='word_1_368' title='bbox 882 3567 1105 3619; x_wconf 86' lang='lat' dir='ltr'><strong>tertium</strong></span> <span class='ocrx_word' id='word_1_369' title='bbox 1162 3579 1381 3634; x_wconf 90' lang='lat' dir='ltr'><strong>quoque</strong></span> <span class='ocrx_word' id='word_1_370' title='bbox 1433 3562 1854 3619; x_wconf 86' lang='lat' dir='ltr'><strong>accnsationisa</strong></span> <span class='ocrx_word' id='word_1_371' title='bbox 1886 3561 2095 3616; x_wconf 82' lang='lat' dir='ltr'><strong>Joanne</strong></span> 
     </span>
    </p>
   </div>
   <div class='ocr_carea' id='block_1_55' title="bbox 517 3652 2093 3726">
    <p class='ocr_par' dir='ltr' id='par_1_55' title="bbox 517 3652 2093 3726">
     <span class='ocr_line' id='line_1_55' title="bbox 517 3652 2093 3726; baseline -0.008 -10"><span class='ocrx_word' id='word_1_372' title='bbox 517 3662 744 3716; x_wconf 86' lang='lat' dir='ltr'><strong>diacono</strong></span> <span class='ocrx_word' id='word_1_373' title='bbox 774 3660 931 3714; x_wconf 72' lang='lat' dir='ltr'><strong>facta:</strong></span> <span class='ocrx_word' id='word_1_374' title='bbox 967 3667 1127 3726; x_wconf 89' lang='lat' dir='ltr'><strong>caput</strong></span> <span class='ocrx_word' id='word_1_375' title='bbox 1155 3656 1516 3710; x_wconf 79' lang='lat' dir='ltr'><strong>examinatur.</strong></span> <span class='ocrx_word' id='word_1_376' title='bbox 1552 3653 1608 3707; x_wconf 84' lang='grc' dir='ltr'>ιιι</span> <span class='ocrx_word' id='word_1_377' title='bbox 1632 3667 1697 3707; x_wconf 92' lang='lat' dir='ltr'><strong>eo</strong></span> <span class='ocrx_word' id='word_1_378' title='bbox 1728 3653 1905 3721; x_wconf 88' lang='lat' dir='ltr'><strong>capite</strong></span> <span class='ocrx_word' id='word_1_379' title='bbox 1926 3652 2093 3705; x_wconf 85' lang='lat' dir='ltr'><strong>Arsa-</strong></span> 
     </span>
    </p>
   </div>
   <div class='ocr_carea' id='block_1_56' title="bbox 519 3742 2098 3817">
    <p class='ocr_par' dir='ltr' id='par_1_56' title="bbox 519 3742 2098 3817">
     <span class='ocr_line' id='line_1_56' title="bbox 519 3742 2098 3817; baseline -0.006 -15"><span class='ocrx_word' id='word_1_380' title='bbox 519 3749 636 3805; x_wconf 78' lang='lat' dir='ltr'><strong>rius</strong></span> <span class='ocrx_word' id='word_1_381' title='bbox 659 3746 1097 3817; x_wconf 81' lang='lat' dir='ltr'><strong>archipresbyter</strong></span> <span class='ocrx_word' id='word_1_382' title='bbox 1119 3746 1277 3813; x_wconf 76' lang='lat'><strong>(58&#39;),</strong></span> <span class='ocrx_word' id='word_1_383' title='bbox 1314 3745 1404 3815; x_wconf 88' lang='lat' dir='ltr'><strong>qui</strong></span> <span class='ocrx_word' id='word_1_384' title='bbox 1432 3744 1530 3813; x_wconf 90' lang='lat' dir='ltr'><strong>ipsi</strong></span> <span class='ocrx_word' id='word_1_385' title='bbox 1555 3742 1945 3812; x_wconf 84' lang='lat' dir='ltr'><strong>Chrysostomo</strong></span> <span class='ocrx_word' id='word_1_386' title='bbox 1972 3754 2098 3794; x_wconf 87' lang='lat' dir='ltr'><strong>suc-</strong></span> 
     </span>
    </p>
   </div>
   <div class='ocr_carea' id='block_1_57' title="bbox 521 3833 2098 3908">
    <p class='ocr_par' dir='ltr' id='par_1_57' title="bbox 521 3833 2098 3908">
     <span class='ocr_line' id='line_1_57' title="bbox 521 3833 2098 3908; baseline -0.006 -12"><span class='ocrx_word' id='word_1_387' title='bbox 521 3844 706 3906; x_wconf 77' lang='lat' dir='ltr'><strong>cessit,</strong></span> <span class='ocrx_word' id='word_1_388' title='bbox 738 3851 792 3895; x_wconf 90' lang='lat' dir='ltr'><strong>et</strong></span> <span class='ocrx_word' id='word_1_389' title='bbox 836 3840 1046 3893; x_wconf 87' lang='lat' dir='ltr'><strong>Atticus</strong></span> <span class='ocrx_word' id='word_1_390' title='bbox 1073 3839 1351 3908; x_wconf 84' lang='lat' dir='ltr'><strong>presbyter</strong></span> <span class='ocrx_word' id='word_1_391' title='bbox 1385 3836 1526 3907; x_wconf 73' lang='lat'><strong>(59),</strong></span> <span class='ocrx_word' id='word_1_392' title='bbox 1567 3836 1751 3891; x_wconf 89' lang='lat' dir='ltr'><strong>nescio</strong></span> <span class='ocrx_word' id='word_1_393' title='bbox 1782 3849 1890 3903; x_wconf 90' lang='lat' dir='ltr'><strong>quo</strong></span> <span class='ocrx_word' id='word_1_394' title='bbox 1935 3833 2098 3889; x_wconf 90' lang='lat' dir='ltr'><strong>modo</strong></span> 
     </span>
    </p>
   </div>
   <div class='ocr_carea' id='block_1_58' title="bbox 522 3926 2097 3998">
    <p class='ocr_par' dir='ltr' id='par_1_58' title="bbox 522 3926 2097 3998">
     <span class='ocr_line' id='line_1_58' title="bbox 522 3926 2097 3998; baseline -0.006 -11"><span class='ocrx_word' id='word_1_395' title='bbox 522 3944 687 3988; x_wconf 87' lang='lat' dir='ltr'><strong>testes</strong></span> <span class='ocrx_word' id='word_1_396' title='bbox 750 3931 1000 3993; x_wconf 83' lang='lat' dir='ltr'><strong>adhibiti,</strong></span> <span class='ocrx_word' id='word_1_397' title='bbox 1046 3940 1235 3983; x_wconf 86' lang='lat' dir='ltr'><strong>contra</strong></span> <span class='ocrx_word' id='word_1_398' title='bbox 1287 3931 1503 3981; x_wconf 86' lang='lat' dir='ltr'><strong>beatum</strong></span> <span class='ocrx_word' id='word_1_399' title='bbox 1532 3926 1981 3998; x_wconf 84' lang='lat' dir='ltr'><strong>Chrysostomum</strong></span> <span class='ocrx_word' id='word_1_400' title='bbox 2017 3932 2097 3979; x_wconf 85' lang='lat' dir='ltr'><strong>te-</strong></span> 
     </span>
    </p>
   </div>
   <div class='ocr_carea' id='block_1_59' title="bbox 521 4014 2099 4088">
    <p class='ocr_par' dir='ltr' id='par_1_59' title="bbox 521 4014 2099 4088">
     <span class='ocr_line' id='line_1_59' title="bbox 521 4014 2099 4088; baseline -0.004 -10"><span class='ocrx_word' id='word_1_401' title='bbox 521 4025 839 4079; x_wconf 84' lang='lat' dir='ltr'><strong>stimonium</strong></span> <span class='ocrx_word' id='word_1_402' title='bbox 881 4022 1173 4085; x_wconf 79' lang='lat' dir='ltr'><strong>dixerunt;</strong></span> <span class='ocrx_word' id='word_1_403' title='bbox 1216 4029 1273 4074; x_wconf 93' lang='lat' dir='ltr'><strong>ut</strong></span> <span class='ocrx_word' id='word_1_404' title='bbox 1305 4029 1359 4074; x_wconf 89' lang='lat' dir='ltr'><strong>et</strong></span> <span class='ocrx_word' id='word_1_405' title='bbox 1408 4019 1653 4088; x_wconf 89' lang='lat' dir='ltr'><strong>Elpidius</strong></span> <span class='ocrx_word' id='word_1_406' title='bbox 1692 4017 1994 4088; x_wconf 88' lang='lat' dir='ltr'><strong>presbyter.</strong></span> <span class='ocrx_word' id='word_1_407' title='bbox 2023 4014 2099 4071; x_wconf 87' lang='lat' dir='ltr'><strong>li-</strong></span> 
     </span>
    </p>
   </div>
   <div class='ocr_carea' id='block_1_60' title="bbox 518 4108 2100 4182">
    <p class='ocr_par' dir='ltr' id='par_1_60' title="bbox 518 4108 2100 4182">
     <span class='ocr_line' id='line_1_60' title="bbox 518 4108 2100 4182; baseline -0.005 -12"><span class='ocrx_word' id='word_1_408' title='bbox 518 4118 677 4180; x_wconf 88' lang='lat' dir='ltr'><strong>dem,</strong></span> <span class='ocrx_word' id='word_1_409' title='bbox 709 4127 764 4170; x_wconf 89' lang='lat' dir='ltr'><strong>et</strong></span> <span class='ocrx_word' id='word_1_410' title='bbox 815 4130 936 4169; x_wconf 90' lang='lat' dir='ltr'><strong>cum</strong></span> <span class='ocrx_word' id='word_1_411' title='bbox 980 4114 1111 4182; x_wconf 85' lang='lat' dir='ltr'><strong>ipsis</strong></span> <span class='ocrx_word' id='word_1_412' title='bbox 1158 4113 1326 4167; x_wconf 87' lang='lat' dir='ltr'><strong>etiam</strong></span> <span class='ocrx_word' id='word_1_413' title='bbox 1380 4112 1612 4167; x_wconf 86' lang='lat' dir='ltr'><strong>Aeacius</strong></span> <span class='ocrx_word' id='word_1_414' title='bbox 1663 4111 1985 4181; x_wconf 83' lang='lat' dir='ltr'><strong>presbyter,</strong></span> <span class='ocrx_word' id='word_1_415' title='bbox 2044 4108 2100 4163; x_wconf 92' lang='lat' dir='ltr'><strong>in</strong></span> 
     </span>
    </p>
   </div>
   <div class='ocr_carea' id='block_1_61' title="bbox 518 4200 2095 4277">
    <p class='ocr_par' dir='ltr' id='par_1_61' title="bbox 518 4200 2095 4277">
     <span class='ocr_line' id='line_1_61' title="bbox 518 4200 2095 4277; baseline -0.004 -18"><span class='ocrx_word' id='word_1_416' title='bbox 518 4217 772 4277; x_wconf 86' lang='lat' dir='ltr'><strong>quartum</strong></span> <span class='ocrx_word' id='word_1_417' title='bbox 820 4205 1221 4261; x_wconf 89' lang='lat' dir='ltr'><strong>criminationis</strong></span> <span class='ocrx_word' id='word_1_418' title='bbox 1265 4212 1429 4273; x_wconf 88' lang='lat' dir='ltr'><strong>caput</strong></span> <span class='ocrx_word' id='word_1_419' title='bbox 1479 4202 1662 4257; x_wconf 88' lang='lat' dir='ltr'><strong>testati</strong></span> <span class='ocrx_word' id='word_1_420' title='bbox 1714 4209 1874 4256; x_wconf 89' lang='lat' dir='ltr'><strong>sunt.</strong></span> <span class='ocrx_word' id='word_1_421' title='bbox 1936 4200 2095 4255; x_wconf 85' lang='lat' dir='ltr'><strong>Post-</strong></span> 
     </span>
    </p>
   </div>
   <div class='ocr_carea' id='block_1_62' title="bbox 520 4292 2097 4368">
    <p class='ocr_par' dir='ltr' id='par_1_62' title="bbox 520 4292 2097 4368">
     <span class='ocr_line' id='line_1_62' title="bbox 520 4292 2097 4368; baseline -0.005 -16"><span class='ocrx_word' id='word_1_422' title='bbox 520 4314 679 4368; x_wconf 82' lang='lat' dir='ltr'><strong>quam</strong></span> <span class='ocrx_word' id='word_1_423' title='bbox 712 4300 786 4353; x_wconf 89' lang='lat' dir='ltr'><strong>ita</strong></span> <span class='ocrx_word' id='word_1_424' title='bbox 833 4313 1065 4354; x_wconf 83' lang='lat' dir='ltr'><strong>excussa</strong></span> <span class='ocrx_word' id='word_1_425' title='bbox 1107 4296 1257 4351; x_wconf 86' lang='lat' dir='ltr'><strong>luere</strong></span> <span class='ocrx_word' id='word_1_426' title='bbox 1292 4297 1441 4359; x_wconf 70' lang='lat' dir='ltr'><strong>haec,</strong></span> <span class='ocrx_word' id='word_1_427' title='bbox 1476 4295 1718 4364; x_wconf 66' lang='lat' dir='ltr'><strong>praedicti</strong></span> <span class='ocrx_word' id='word_1_428' title='bbox 1768 4292 2097 4363; x_wconf 82' lang='lat' dir='ltr'><strong>presbyteri,</strong></span> 
     </span>
    </p>
   </div>
   <div class='ocr_carea' id='block_1_63' title="bbox 2190 1900 3775 1986">
    <p class='ocr_par' dir='ltr' id='par_1_63' title="bbox 2190 1900 3775 1986">
     <span class='ocr_line' id='line_1_63' title="bbox 2190 1900 3775 1986; baseline -0.011 -18"><span class='ocrx_word' id='word_1_429' title='bbox 2190 1916 2288 1986; x_wconf 83' lang='grc' dir='ltr'><strong>τῆς</strong></span> <span class='ocrx_word' id='word_1_430' title='bbox 2315 1914 2493 1977; x_wconf 86' lang='grc' dir='ltr'>οίκίας</span> <span class='ocrx_word' id='word_1_431' title='bbox 2524 1911 2686 1965; x_wconf 80' lang='grc' dir='ltr'>αὑτοῦ</span> <span class='ocrx_word' id='word_1_432' title='bbox 2705 1927 2718 1941; x_wconf 82' lang='grc'><em>’</em></span> <span class='ocrx_word' id='word_1_433' title='bbox 2752 1910 3073 1973; x_wconf 84' lang='grc' dir='ltr'>δωδέκατον,</span> <span class='ocrx_word' id='word_1_434' title='bbox 3105 1908 3186 1960; x_wconf 85' lang='grc' dir='ltr'>ὅτι</span> <span class='ocrx_word' id='word_1_435' title='bbox 3208 1906 3333 1967; x_wconf 83' lang='grc' dir='ltr'>τοὺς</span> <span class='ocrx_word' id='word_1_436' title='bbox 3365 1902 3664 1972; x_wconf 74' lang='grc' dir='ltr'>κληρικοὺς</span> <span class='ocrx_word' id='word_1_437' title='bbox 3689 1900 3775 1967; x_wconf 82' lang='grc' dir='ltr'>ξέ-</span> 
     </span>
    </p>
   </div>
   <div class='ocr_carea' id='block_1_64' title="bbox 2189 1991 3776 2073">
    <p class='ocr_par' dir='ltr' id='par_1_64' title="bbox 2189 1991 3776 2073">
     <span class='ocr_line' id='line_1_64' title="bbox 2189 1991 3776 2073; baseline -0.011 -15"><span class='ocrx_word' id='word_1_438' title='bbox 2189 2020 2307 2066; x_wconf 85' lang='grc' dir='ltr'>ναις</span> <span class='ocrx_word' id='word_1_439' title='bbox 2337 2002 2561 2073; x_wconf 78' lang='grc' dir='ltr'>ὓϐρεσιν</span> <span class='ocrx_word' id='word_1_440' title='bbox 2588 1999 2819 2070; x_wconf 72' lang='grc' dir='ltr'>ὑϐρίζει·</span> <span class='ocrx_word' id='word_1_441' title='bbox 2841 1996 3310 2067; x_wconf 79' lang='grc' dir='ltr'>τρισκαιδέκατον,</span> <span class='ocrx_word' id='word_1_442' title='bbox 3334 1994 3415 2046; x_wconf 78' lang='grc' dir='ltr'>ὅτι</span> <span class='ocrx_word' id='word_1_443' title='bbox 3444 1991 3776 2062; x_wconf 80' lang='grc' dir='ltr'>παραθήκας</span> 
     </span>
    </p>
   </div>
   <div class='ocr_carea' id='block_1_65' title="bbox 2190 2081 3777 2163">
    <p class='ocr_par' dir='ltr' id='par_1_65' title="bbox 2190 2081 3777 2163">
     <span class='ocr_line' id='line_1_65' title="bbox 2190 2081 3777 2163; baseline -0.01 -16"><span class='ocrx_word' id='word_1_444' title='bbox 2190 2093 2479 2163; x_wconf 84' lang='grc' dir='ltr'>ἀλλοτρίας</span> <span class='ocrx_word' id='word_1_445' title='bbox 2506 2092 2724 2162; x_wconf 73' lang='grc' dir='ltr'>ἥρπασε</span> <span class='ocrx_word' id='word_1_446' title='bbox 2762 2090 2854 2160; x_wconf 80' lang='grc' dir='ltr'><strong>βίᾳ</strong></span> <span class='ocrx_word' id='word_1_447' title='bbox 2873 2103 2887 2118; x_wconf 74' lang='grc'>⁸</span> <span class='ocrx_word' id='word_1_448' title='bbox 2911 2084 3504 2157; x_wconf 84' lang='grc' dir='ltr'>τεσσαρεσκαιδέκατον</span> <span class='ocrx_word' id='word_1_449' title='bbox 3535 2083 3621 2137; x_wconf 81' lang='grc' dir='ltr'>ὅτι</span> <span class='ocrx_word' id='word_1_450' title='bbox 3646 2081 3777 2135; x_wconf 79' lang='grc' dir='ltr'>ἄνευ</span> 
     </span>
    </p>
   </div>
   <div class='ocr_carea' id='block_1_66' title="bbox 2191 2172 3789 2254">
    <p class='ocr_par' dir='ltr' id='par_1_66' title="bbox 2191 2172 3789 2254">
     <span class='ocr_line' id='line_1_66' title="bbox 2191 2172 3789 2254; baseline -0.01 -15"><span class='ocrx_word' id='word_1_451' title='bbox 2191 2185 2466 2254; x_wconf 86' lang='grc' dir='ltr'>συνεδρίου</span> <span class='ocrx_word' id='word_1_452' title='bbox 2500 2187 2595 2237; x_wconf 80' lang='grc' dir='ltr'>καὶ</span> <span class='ocrx_word' id='word_1_453' title='bbox 2645 2181 2798 2253; x_wconf 78' lang='grc' dir='ltr'>παρὰ</span> <span class='ocrx_word' id='word_1_454' title='bbox 2836 2178 3061 2249; x_wconf 84' lang='grc' dir='ltr'>γνώμην</span> <span class='ocrx_word' id='word_1_455' title='bbox 3093 2177 3187 2231; x_wconf 80' lang='grc' dir='ltr'>τοῦ</span> <span class='ocrx_word' id='word_1_456' title='bbox 3229 2177 3432 2246; x_wconf 85' lang='grc' dir='ltr'>κλήρου</span> <span class='ocrx_word' id='word_1_457' title='bbox 3487 2174 3635 2228; x_wconf 81' lang='grc' dir='ltr'>ποιεῖ</span> <span class='ocrx_word' id='word_1_458' title='bbox 3681 2172 3789 2234; x_wconf 77' lang='grc' dir='ltr'><strong>τὰς</strong></span> 
     </span>
    </p>
   </div>
   <div class='ocr_carea' id='block_1_67' title="bbox 2190 2265 3779 2351">
    <p class='ocr_par' dir='ltr' id='par_1_67' title="bbox 2190 2265 3779 2351">
     <span class='ocr_line' id='line_1_67' title="bbox 2190 2265 3779 2351; baseline -0.011 -19"><span class='ocrx_word' id='word_1_459' title='bbox 2190 2278 2558 2351; x_wconf 84' lang='grc' dir='ltr'>χειροτονίας·</span> <span class='ocrx_word' id='word_1_460' title='bbox 2602 2274 3110 2337; x_wconf 83' lang='grc' dir='ltr'>πεντεκαιδέκατον,</span> <span class='ocrx_word' id='word_1_461' title='bbox 3138 2272 3220 2325; x_wconf 80' lang='grc' dir='ltr'>ὅτι</span> <span class='ocrx_word' id='word_1_462' title='bbox 3267 2271 3393 2331; x_wconf 72' lang='grc' dir='ltr'>τοὺς</span> <span class='ocrx_word' id='word_1_463' title='bbox 3427 2266 3527 2338; x_wconf 78' lang='grc' dir='ltr'>μὲν</span> <span class='ocrx_word' id='word_1_464' title='bbox 3566 2265 3779 2335; x_wconf 86' lang='grc' dir='ltr'>Ὠριγε-</span> 
     </span>
    </p>
   </div>
   <div class='ocr_carea' id='block_1_68' title="bbox 2189 2353 3783 2432">
    <p class='ocr_par' dir='ltr' id='par_1_68' title="bbox 2189 2353 3783 2432">
     <span class='ocr_line' id='line_1_68' title="bbox 2189 2353 3783 2432; baseline -0.012 -9"><span class='ocrx_word' id='word_1_465' title='bbox 2189 2369 2443 2432; x_wconf 77' lang='grc' dir='ltr'>νειαστὰς</span> <span class='ocrx_word' id='word_1_466' title='bbox 2462 2366 2700 2431; x_wconf 82' lang='grc' dir='ltr'>ἐδέξατο,</span> <span class='ocrx_word' id='word_1_467' title='bbox 2725 2366 2851 2427; x_wconf 77' lang='grc' dir='ltr'>τοὺς</span> <span class='ocrx_word' id='word_1_468' title='bbox 2878 2363 2935 2416; x_wconf 85' lang='grc' dir='ltr'><strong>δέ</strong></span> <span class='ocrx_word' id='word_1_469' title='bbox 2949 2361 3295 2421; x_wconf 80' lang='grc' dir='ltr'>κοινωνικοὺς</span> <span class='ocrx_word' id='word_1_470' title='bbox 3324 2358 3423 2426; x_wconf 78' lang='grc' dir='ltr'>τῆς</span> <span class='ocrx_word' id='word_1_471' title='bbox 3441 2353 3783 2424; x_wconf 82' lang='grc' dir='ltr'>Ἐκκλησίας</span> 
     </span>
    </p>
   </div>
   <div class='ocr_carea' id='block_1_69' title="bbox 2196 2448 3785 2532">
    <p class='ocr_par' dir='ltr' id='par_1_69' title="bbox 2196 2448 3785 2532">
     <span class='ocr_line' id='line_1_69' title="bbox 2196 2448 3785 2532; baseline -0.008 -19"><span class='ocrx_word' id='word_1_472' title='bbox 2196 2462 2333 2532; x_wconf 83' lang='grc' dir='ltr'>μετὰ</span> <span class='ocrx_word' id='word_1_473' title='bbox 2356 2460 2697 2513; x_wconf 85' lang='grc' dir='ltr'>συστατικῶν</span> <span class='ocrx_word' id='word_1_474' title='bbox 2729 2456 2979 2518; x_wconf 83' lang='grc' dir='ltr'>ἐλθόντας</span> <span class='ocrx_word' id='word_1_475' title='bbox 3002 2452 3347 2523; x_wconf 84' lang='grc' dir='ltr'>γραμμάτων</span> <span class='ocrx_word' id='word_1_476' title='bbox 3377 2449 3472 2502; x_wconf 80' lang='grc' dir='ltr'>καὶ</span> <span class='ocrx_word' id='word_1_477' title='bbox 3499 2450 3558 2501; x_wconf 90' lang='grc' dir='ltr'><strong>ἐν</strong></span> <span class='ocrx_word' id='word_1_478' title='bbox 3584 2448 3656 2517; x_wconf 76' lang='grc' dir='ltr'>τῇ</span> <span class='ocrx_word' id='word_1_479' title='bbox 3681 2462 3785 2513; x_wconf 81' lang='grc' dir='ltr'><strong>φυ-</strong></span> 
     </span>
    </p>
   </div>
   <div class='ocr_carea' id='block_1_70' title="bbox 2192 2538 3785 2625">
    <p class='ocr_par' dir='ltr' id='par_1_70' title="bbox 2192 2538 3785 2625">
     <span class='ocr_line' id='line_1_70' title="bbox 2192 2538 3785 2625; baseline -0.013 -16"><span class='ocrx_word' id='word_1_480' title='bbox 2192 2556 2331 2625; x_wconf 85' lang='grc' dir='ltr'>λακῇ</span> <span class='ocrx_word' id='word_1_481' title='bbox 2363 2553 2660 2623; x_wconf 82' lang='grc' dir='ltr'>βληθέντας</span> <span class='ocrx_word' id='word_1_482' title='bbox 2682 2552 2783 2603; x_wconf 83' lang='grc' dir='ltr'><strong>οὐκ</strong></span> <span class='ocrx_word' id='word_1_483' title='bbox 2804 2547 3064 2613; x_wconf 79' lang='grc' dir='ltr'>ἐξείλετο,</span> <span class='ocrx_word' id='word_1_484' title='bbox 3109 2544 3244 2599; x_wconf 86' lang='grc' dir='ltr'>ἀλλὰ</span> <span class='ocrx_word' id='word_1_485' title='bbox 3277 2544 3370 2595; x_wconf 69' lang='grc' dir='ltr'><strong>καὶ</strong></span> <span class='ocrx_word' id='word_1_486' title='bbox 3409 2538 3785 2599; x_wconf 76' lang='grc' dir='ltr'>ἀποθανόντας</span> 
     </span>
    </p>
   </div>
   <div class='ocr_carea' id='block_1_71' title="bbox 2192 2628 3787 2715">
    <p class='ocr_par' dir='ltr' id='par_1_71' title="bbox 2192 2628 3787 2715">
     <span class='ocr_line' id='line_1_71' title="bbox 2192 2628 3787 2715; baseline -0.013 -15"><span class='ocrx_word' id='word_1_487' title='bbox 2192 2648 2249 2699; x_wconf 92' lang='grc' dir='ltr'><strong>ἐν</strong></span> <span class='ocrx_word' id='word_1_488' title='bbox 2277 2646 2414 2715; x_wconf 85' lang='grc' dir='ltr'>αὐτῇ</span> <span class='ocrx_word' id='word_1_489' title='bbox 2438 2643 2545 2695; x_wconf 78' lang='grc' dir='ltr'>οὐδ’</span> <span class='ocrx_word' id='word_1_490' title='bbox 2571 2644 2706 2705; x_wconf 77' lang='grc' dir='ltr'>ὅλως</span> <span class='ocrx_word' id='word_1_491' title='bbox 2729 2642 2775 2674; x_wconf 80' lang='grc'><strong>⁸³</strong></span> <span class='ocrx_word' id='word_1_492' title='bbox 2797 2638 3159 2707; x_wconf 80' lang='grc' dir='ltr'>ἐπεσκέψατο·</span> <span class='ocrx_word' id='word_1_493' title='bbox 3185 2633 3567 2699; x_wconf 86' lang='grc' dir='ltr'>ἐξκαιδέκατον</span> <span class='ocrx_word' id='word_1_494' title='bbox 3600 2629 3671 2695; x_wconf 79' lang='grc'>⁸³,</span> <span class='ocrx_word' id='word_1_495' title='bbox 3703 2628 3787 2680; x_wconf 81' lang='grc' dir='ltr'>ὅτι</span> 
     </span>
    </p>
   </div>
   <div class='ocr_carea' id='block_1_72' title="bbox 2191 2720 3790 2803">
    <p class='ocr_par' dir='ltr' id='par_1_72' title="bbox 2191 2720 3790 2803">
     <span class='ocr_line' id='line_1_72' title="bbox 2191 2720 3790 2803; baseline -0.011 -13"><span class='ocrx_word' id='word_1_496' title='bbox 2191 2737 2413 2799; x_wconf 84' lang='grc' dir='ltr'>δούλους</span> <span class='ocrx_word' id='word_1_497' title='bbox 2445 2733 2758 2803; x_wconf 85' lang='grc' dir='ltr'>ἀλλοτρίους</span> <span class='ocrx_word' id='word_1_498' title='bbox 2792 2732 2961 2802; x_wconf 83' lang='grc' dir='ltr'>μήπω</span> <span class='ocrx_word' id='word_1_499' title='bbox 2985 2725 3471 2797; x_wconf 82' lang='grc' dir='ltr'>ἐλευθερωθέντας,</span> <span class='ocrx_word' id='word_1_500' title='bbox 3507 2720 3649 2775; x_wconf 76' lang='grc' dir='ltr'>ἀλλὰ</span> <span class='ocrx_word' id='word_1_501' title='bbox 3696 2720 3790 2773; x_wconf 74' lang='grc' dir='ltr'><strong>καὶ</strong></span> 
     </span>
    </p>
   </div>
   <div class='ocr_carea' id='block_1_73' title="bbox 2194 2812 3789 2899">
    <p class='ocr_par' dir='ltr' id='par_1_73' title="bbox 2194 2812 3789 2899">
     <span class='ocr_line' id='line_1_73' title="bbox 2194 2812 3789 2899; baseline -0.015 -15"><span class='ocrx_word' id='word_1_502' title='bbox 2194 2827 2654 2899; x_wconf 88' lang='grc' dir='ltr'>διαϐεϐλημένους</span> <span class='ocrx_word' id='word_1_503' title='bbox 2681 2823 3091 2894; x_wconf 87' lang='grc' dir='ltr'>ἐχειροτόνησεν</span> <span class='ocrx_word' id='word_1_504' title='bbox 3119 2816 3451 2877; x_wconf 79' lang='grc' dir='ltr'>ἐπισκόπους</span> <span class='ocrx_word' id='word_1_505' title='bbox 3476 2828 3490 2841; x_wconf 76' lang='grc'><strong><em>⁸</em></strong></span> <span class='ocrx_word' id='word_1_506' title='bbox 3525 2812 3789 2865; x_wconf 79' lang='grc' dir='ltr'>ἑπτακαι-</span> 
     </span>
    </p>
   </div>
   <div class='ocr_carea' id='block_1_74' title="bbox 2193 2902 3792 2987">
    <p class='ocr_par' dir='ltr' id='par_1_74' title="bbox 2193 2902 3792 2987">
     <span class='ocr_line' id='line_1_74' title="bbox 2193 2902 3792 2987; baseline -0.014 -11"><span class='ocrx_word' id='word_1_507' title='bbox 2193 2922 2439 2987; x_wconf 87' lang='grc' dir='ltr'>δέκατον,</span> <span class='ocrx_word' id='word_1_508' title='bbox 2462 2920 2544 2973; x_wconf 85' lang='grc' dir='ltr'>ὅτι</span> <span class='ocrx_word' id='word_1_509' title='bbox 2569 2918 2729 2971; x_wconf 82' lang='grc' dir='ltr'>αὑτὸν</span> <span class='ocrx_word' id='word_1_510' title='bbox 2756 2916 2946 2970; x_wconf 83' lang='grc' dir='ltr'>τοῦτον</span> <span class='ocrx_word' id='word_1_511' title='bbox 2973 2913 3242 2967; x_wconf 86' lang='grc' dir='ltr'>Ἰσαάκιον</span> <span class='ocrx_word' id='word_1_512' title='bbox 3265 2906 3436 2962; x_wconf 84' lang='grc' dir='ltr'>πολλὰ</span> <span class='ocrx_word' id='word_1_513' title='bbox 3464 2904 3597 2976; x_wconf 78' lang='grc' dir='ltr'>παρ’</span> <span class='ocrx_word' id='word_1_514' title='bbox 3626 2902 3792 2955; x_wconf 80' lang='grc' dir='ltr'>αὑτοῦ</span> 
     </span>
    </p>
   </div>
   <div class='ocr_carea' id='block_1_75' title="bbox 2198 3010 2773 3084">
    <p class='ocr_par' dir='ltr' id='par_1_75' title="bbox 2198 3010 2773 3084">
     <span class='ocr_line' id='line_1_75' title="bbox 2198 3010 2773 3084; baseline -0.01 -15"><span class='ocrx_word' id='word_1_515' title='bbox 2198 3013 2400 3084; x_wconf 88' lang='grc' dir='ltr'>συνέϐη</span> <span class='ocrx_word' id='word_1_516' title='bbox 2430 3010 2773 3081; x_wconf 87' lang='grc' dir='ltr'>κακωθῆναι.</span> 
     </span>
    </p>
   </div>
   <div class='ocr_carea' id='block_1_76' title="bbox 2276 3254 3796 3337">
    <p class='ocr_par' dir='ltr' id='par_1_76' title="bbox 2276 3254 3796 3337">
     <span class='ocr_line' id='line_1_76' title="bbox 2276 3254 3796 3337; baseline -0.016 -7"><span class='ocrx_word' id='word_1_517' title='bbox 2276 3276 2498 3330; x_wconf 85' lang='grc' dir='ltr'>Τούτων</span> <span class='ocrx_word' id='word_1_518' title='bbox 2526 3271 2621 3325; x_wconf 80' lang='grc' dir='ltr'><strong>οὖν</strong></span> <span class='ocrx_word' id='word_1_519' title='bbox 2675 3269 2781 3324; x_wconf 84' lang='grc' dir='ltr'><strong>τῶν</strong></span> <span class='ocrx_word' id='word_1_520' title='bbox 2808 3264 3155 3337; x_wconf 87' lang='grc' dir='ltr'>κατηγοριῶν</span> <span class='ocrx_word' id='word_1_521' title='bbox 3192 3262 3251 3316; x_wconf 76' lang='grc' dir='ltr'><strong>τὸ</strong></span> <span class='ocrx_word' id='word_1_522' title='bbox 3304 3260 3404 3330; x_wconf 74' lang='grc' dir='ltr'><strong>μὲν</strong></span> <span class='ocrx_word' id='word_1_523' title='bbox 3436 3257 3659 3329; x_wconf 84' lang='grc' dir='ltr'>πρῶτον</span> <span class='ocrx_word' id='word_1_524' title='bbox 3696 3254 3796 3309; x_wconf 58' lang='lat' dir='ltr'><strong>ﬁt:</strong></span> 
     </span>
    </p>
   </div>
   <div class='ocr_carea' id='block_1_77' title="bbox 2196 3346 3796 3438">
    <p class='ocr_par' dir='ltr' id='par_1_77' title="bbox 2196 3346 3796 3438">
     <span class='ocr_line' id='line_1_77' title="bbox 2196 3346 3796 3438; baseline -0.016 -17"><span class='ocrx_word' id='word_1_525' title='bbox 2196 3367 2265 3438; x_wconf 83' lang='grc' dir='ltr'><strong>δὴ</strong></span> <span class='ocrx_word' id='word_1_526' title='bbox 2307 3362 2729 3435; x_wconf 80' lang='grc' dir='ltr'>προεξετασθέν,</span> <span class='ocrx_word' id='word_1_527' title='bbox 2768 3359 2843 3423; x_wconf 86' lang='grc' dir='ltr'>ὡς</span> <span class='ocrx_word' id='word_1_528' title='bbox 2875 3354 3145 3427; x_wconf 76' lang='grc' dir='ltr'>ἐνόμιζον,</span> <span class='ocrx_word' id='word_1_529' title='bbox 3193 3351 3377 3405; x_wconf 84' lang='grc' dir='ltr'>οὐκέτι</span> <span class='ocrx_word' id='word_1_530' title='bbox 3403 3346 3704 3419; x_wconf 88' lang='grc' dir='ltr'>ἐξητάσθη,</span> <span class='ocrx_word' id='word_1_531' title='bbox 3734 3346 3796 3397; x_wconf 82' lang='grc' dir='ltr'><strong>τὸ</strong></span> 
     </span>
    </p>
   </div>
   <div class='ocr_carea' id='block_1_78' title="bbox 2197 3438 3796 3530">
    <p class='ocr_par' dir='ltr' id='par_1_78' title="bbox 2197 3438 3796 3530">
     <span class='ocr_line' id='line_1_78' title="bbox 2197 3438 3796 3530; baseline -0.016 -13"><span class='ocrx_word' id='word_1_532' title='bbox 2197 3463 2257 3518; x_wconf 82' lang='grc' dir='ltr'>δὲ</span> <span class='ocrx_word' id='word_1_533' title='bbox 2283 3461 2534 3530; x_wconf 88' lang='grc' dir='ltr'>δεύτερον</span> <span class='ocrx_word' id='word_1_534' title='bbox 2563 3454 2838 3527; x_wconf 77' lang='grc' dir='ltr'>ἐξητάσθη</span> <span class='ocrx_word' id='word_1_535' title='bbox 2867 3449 3043 3505; x_wconf 82' lang='grc' dir='ltr'>καὶτὸ</span> <span class='ocrx_word' id='word_1_536' title='bbox 3073 3448 3318 3516; x_wconf 73' lang='grc' dir='ltr'>ἕϐδομον.</span> <span class='ocrx_word' id='word_1_537' title='bbox 3354 3438 3487 3497; x_wconf 77' lang='grc' dir='ltr'>Εἶτα</span> <span class='ocrx_word' id='word_1_538' title='bbox 3514 3438 3796 3530; x_wconf 80' lang='grc' dir='ltr'>ἐξητάσθη</span> 
     </span>
    </p>
   </div>
   <div class='ocr_carea' id='block_1_79' title="bbox 2200 3527 3796 3620">
    <p class='ocr_par' dir='ltr' id='par_1_79' title="bbox 2200 3527 3796 3620">
     <span class='ocr_line' id='line_1_79' title="bbox 2200 3527 3796 3620; baseline -0.018 -12"><span class='ocrx_word' id='word_1_539' title='bbox 2200 3553 2362 3607; x_wconf 86' lang='grc' dir='ltr'>πάλιν</span> <span class='ocrx_word' id='word_1_540' title='bbox 2393 3527 2454 3603; x_wconf 62' lang='lat' dir='ltr'><strong>&quot;eo</strong></span> <span class='ocrx_word' id='word_1_541' title='bbox 2479 3549 2660 3620; x_wconf 89' lang='grc' dir='ltr'>τρίτον</span> <span class='ocrx_word' id='word_1_542' title='bbox 2677 3545 2931 3614; x_wconf 71' lang='grc' dir='ltr'>ἔγκλημα</span> <span class='ocrx_word' id='word_1_543' title='bbox 2951 3541 3059 3593; x_wconf 83' lang='grc' dir='ltr'><strong>τῶν</strong></span> <span class='ocrx_word' id='word_1_544' title='bbox 3078 3539 3184 3591; x_wconf 82' lang='grc' dir='ltr'>ὑπὸ</span> <span class='ocrx_word' id='word_1_545' title='bbox 3209 3534 3304 3587; x_wconf 78' lang='grc' dir='ltr'>τοῦ</span> <span class='ocrx_word' id='word_1_546' title='bbox 3330 3531 3579 3585; x_wconf 86' lang='grc' dir='ltr'>διακόνου</span> <span class='ocrx_word' id='word_1_547' title='bbox 3613 3527 3796 3582; x_wconf 78' lang='grc' dir='ltr'>Ἰωάν-</span> 
     </span>
    </p>
   </div>
   <div class='ocr_carea' id='block_1_80' title="bbox 2201 3904 3798 3989">
    <p class='ocr_par' dir='ltr' id='par_1_80' title="bbox 2201 3904 3798 3989">
     <span class='ocr_line' id='line_1_80' title="bbox 2201 3904 3798 3989; baseline -0.018 -11"><span class='ocrx_word' id='word_1_548' title='bbox 2201 3919 2296 3976; x_wconf 79' lang='grc' dir='ltr'>οίδ’</span> <span class='ocrx_word' id='word_1_549' title='bbox 2327 3924 2474 3982; x_wconf 83' lang='grc' dir='ltr'>ὅπως</span> <span class='ocrx_word' id='word_1_550' title='bbox 2506 3922 2784 3989; x_wconf 82' lang='grc' dir='ltr'>μάρτυρες</span> <span class='ocrx_word' id='word_1_551' title='bbox 2806 3914 3041 3986; x_wconf 80' lang='grc' dir='ltr'>ἔστησαν</span> <span class='ocrx_word' id='word_1_552' title='bbox 3075 3909 3170 3962; x_wconf 76' lang='grc' dir='ltr'><strong>καὶ</strong></span> <span class='ocrx_word' id='word_1_553' title='bbox 3202 3904 3297 3959; x_wconf 82' lang='grc' dir='ltr'><strong>τοῦ</strong></span> <span class='ocrx_word' id='word_1_554' title='bbox 3315 3905 3473 3970; x_wconf 83' lang='grc' dir='ltr'>ἁγίου</span> <span class='ocrx_word' id='word_1_555' title='bbox 3507 3914 3798 3989; x_wconf 62' lang='grc' dir='ltr'>κατεμαρέ</span> 
     </span>
    </p>
   </div>
   <div class='ocr_carea' id='block_1_81' title="bbox 2200 3988 3797 4086">
    <p class='ocr_par' dir='ltr' id='par_1_81' title="bbox 2200 3988 3797 4086">
     <span class='ocr_line' id='line_1_81' title="bbox 2200 3988 3797 4086; baseline -0.019 -15"><span class='ocrx_word' id='word_1_556' title='bbox 2200 4018 2445 4086; x_wconf 87' lang='grc' dir='ltr'>τύρησαν</span> <span class='ocrx_word' id='word_1_557' title='bbox 2462 4030 2478 4045; x_wconf 87' lang='grc'><strong>·</strong></span> <span class='ocrx_word' id='word_1_558' title='bbox 2510 3988 2607 4066; x_wconf 63' lang='grc' dir='ltr'>καί.</span> <span class='ocrx_word' id='word_1_559' title='bbox 2645 4007 2906 4068; x_wconf 84' lang='grc' dir='ltr'>Ἐλπίδιος</span> <span class='ocrx_word' id='word_1_560' title='bbox 2934 4004 2992 4057; x_wconf 81' lang='grc' dir='ltr'>δὲ</span> <span class='ocrx_word' id='word_1_561' title='bbox 3013 4005 3041 4056; x_wconf 86' lang='grc' dir='ltr'><strong>ό</strong></span> <span class='ocrx_word' id='word_1_562' title='bbox 3063 3998 3450 4086; x_wconf 77' lang='grc' dir='ltr'>πρεσϐύτερος.</span> <span class='ocrx_word' id='word_1_563' title='bbox 3487 3991 3581 4086; x_wconf 76' lang='grc' dir='ltr'>[ϐθ</span> <span class='ocrx_word' id='word_1_564' title='bbox 3608 3990 3715 4086; x_wconf 37' lang='lat' dir='ltr'><strong>R.]‘</strong></span> 
     </span>
    </p>
   </div>
   <div class='ocr_carea' id='block_1_82' title="bbox 2202 4080 3799 4170">
    <p class='ocr_par' dir='ltr' id='par_1_82' title="bbox 2202 4080 3799 4170">
     <span class='ocr_line' id='line_1_82' title="bbox 2202 4080 3799 4170; baseline -0.019 -10"><span class='ocrx_word' id='word_1_565' title='bbox 2202 4080 2356 4160; x_wconf 71' lang='grc' dir='ltr'>αὐτοὶ</span> <span class='ocrx_word' id='word_1_566' title='bbox 2405 4104 2463 4157; x_wconf 80' lang='grc' dir='ltr'>δὲ</span> <span class='ocrx_word' id='word_1_567' title='bbox 2510 4095 3027 4170; x_wconf 84' lang='grc' dir='ltr'>κατεμαρτύρησαν,</span> <span class='ocrx_word' id='word_1_568' title='bbox 3074 4090 3171 4143; x_wconf 74' lang='grc' dir='ltr'><strong>καὶ</strong></span> <span class='ocrx_word' id='word_1_569' title='bbox 3237 4088 3334 4140; x_wconf 81' lang='grc' dir='ltr'><strong>σὺν</strong></span> <span class='ocrx_word' id='word_1_570' title='bbox 3391 4084 3575 4146; x_wconf 79' lang='grc' dir='ltr'>αὐτοῖς</span> <span class='ocrx_word' id='word_1_571' title='bbox 3629 4080 3727 4134; x_wconf 78' lang='grc' dir='ltr'>καὶ</span> <span class='ocrx_word' id='word_1_572' title='bbox 3768 4080 3799 4130; x_wconf 79' lang='grc' dir='ltr'>ὁ</span> 
     </span>
    </p>
   </div>
   <div class='ocr_carea' id='block_1_83' title="bbox 2204 4169 3794 4269">
    <p class='ocr_par' dir='ltr' id='par_1_83' title="bbox 2204 4169 3794 4269">
     <span class='ocr_line' id='line_1_83' title="bbox 2204 4169 3794 4269; baseline -0.017 -20"><span class='ocrx_word' id='word_1_573' title='bbox 2204 4194 2575 4269; x_wconf 86' lang='grc' dir='ltr'>πρεσϐύτερος</span> <span class='ocrx_word' id='word_1_574' title='bbox 2615 4169 2891 4251; x_wconf 71' lang='grc' dir='ltr'>’Ᾰκάκιος,</span> <span class='ocrx_word' id='word_1_575' title='bbox 2940 4183 3033 4238; x_wconf 74' lang='grc' dir='ltr'><strong>ἐπὶ</strong></span> <span class='ocrx_word' id='word_1_576' title='bbox 3079 4181 3159 4249; x_wconf 85' lang='grc' dir='ltr'>τῷ</span> <span class='ocrx_word' id='word_1_577' title='bbox 3193 4177 3437 4245; x_wconf 84' lang='grc' dir='ltr'>τετάρτῳ</span> <span class='ocrx_word' id='word_1_578' title='bbox 3485 4169 3794 4269; x_wconf 72' lang='grc' dir='ltr'>κεφαλαίῳ.</span> 
     </span>
    </p>
   </div>
   <div class='ocr_carea' id='block_1_84' title="bbox 2204 4261 3796 4346">
    <p class='ocr_par' dir='ltr' id='par_1_84' title="bbox 2204 4261 3796 4346">
     <span class='ocr_line' id='line_1_84' title="bbox 2204 4261 3796 4346; baseline -0.019 -4"><span class='ocrx_word' id='word_1_579' title='bbox 2204 4288 2421 4342; x_wconf 88' lang='grc' dir='ltr'>Τούτων</span> <span class='ocrx_word' id='word_1_580' title='bbox 2451 4280 2542 4337; x_wconf 82' lang='grc' dir='ltr'><strong>οὖν</strong></span> <span class='ocrx_word' id='word_1_581' title='bbox 2596 4277 2991 4346; x_wconf 76' lang='grc' dir='ltr'>ἐξετασθέντων</span> <span class='ocrx_word' id='word_1_582' title='bbox 3025 4271 3177 4327; x_wconf 81' lang='grc' dir='ltr'>αύτοί</span> <span class='ocrx_word' id='word_1_583' title='bbox 3214 4286 3273 4323; x_wconf 86' lang='grc' dir='ltr'><strong>τε</strong></span> <span class='ocrx_word' id='word_1_584' title='bbox 3306 4270 3354 4321; x_wconf 88' lang='grc' dir='ltr'><strong>οί</strong></span> <span class='ocrx_word' id='word_1_585' title='bbox 3394 4261 3796 4337; x_wconf 83' lang='grc' dir='ltr'>προειρημένοι</span> 
     </span>
    </p>
   </div>
   <div class='ocr_carea' id='block_1_85' title="bbox 520 4350 2090 4478">
    <p class='ocr_par' dir='ltr' id='par_1_85' title="bbox 520 4384 2090 4462">
     <span class='ocr_line' id='line_1_85' title="bbox 520 4384 2090 4462; baseline -0.006 -17"><span class='ocrx_word' id='word_1_586' title='bbox 520 4406 583 4447; x_wconf 79' lang='lat' dir='ltr'><strong>ae</strong></span> <span class='ocrx_word' id='word_1_587' title='bbox 617 4402 813 4462; x_wconf 67' lang='lat' dir='ltr'><strong>praeter</strong></span> <span class='ocrx_word' id='word_1_588' title='bbox 862 4404 958 4445; x_wconf 89' lang='lat' dir='ltr'><strong>eos</strong></span> <span class='ocrx_word' id='word_1_589' title='bbox 985 4389 1275 4444; x_wconf 64' lang='lat' dir='ltr'><strong>Eudtemou</strong></span> <span class='ocrx_word' id='word_1_590' title='bbox 1304 4398 1358 4443; x_wconf 89' lang='lat' dir='ltr'><strong>et</strong></span> <span class='ocrx_word' id='word_1_591' title='bbox 1389 4386 1718 4449; x_wconf 89' lang='lat' dir='ltr'><strong>Onesimus,</strong></span> <span class='ocrx_word' id='word_1_592' title='bbox 1768 4384 2090 4440; x_wconf 86' lang='lat' dir='ltr'><strong>sententiam</strong></span> 
     </span>
    </p>
   </div>
   <div class='ocr_carea' id='block_1_86' title="bbox 2194 4350 3797 4478">
    <p class='ocr_par' dir='ltr' id='par_1_86' title="bbox 2205 4350 3797 4451">
     <span class='ocr_line' id='line_1_86' title="bbox 2205 4350 3797 4451; baseline -0.019 -18"><span class='ocrx_word' id='word_1_593' title='bbox 2205 4377 2587 4451; x_wconf 87' lang='grc' dir='ltr'>πρεσϐύτεροι,</span> <span class='ocrx_word' id='word_1_594' title='bbox 2612 4374 2705 4427; x_wconf 71' lang='grc' dir='ltr'><strong>καὶ</strong></span> <span class='ocrx_word' id='word_1_595' title='bbox 2722 4368 3004 4436; x_wconf 82' lang='grc' dir='ltr'>Εὐδαίμων</span> <span class='ocrx_word' id='word_1_596' title='bbox 3022 4366 3103 4417; x_wconf 74' lang='grc' dir='ltr'>ἔτι</span> <span class='ocrx_word' id='word_1_597' title='bbox 3129 4362 3223 4415; x_wconf 83' lang='grc' dir='ltr'><strong>καὶ</strong></span> <span class='ocrx_word' id='word_1_598' title='bbox 3257 4361 3568 4428; x_wconf 88' lang='grc' dir='ltr'>Ὀνήσιμος,</span> <span class='ocrx_word' id='word_1_599' title='bbox 3597 4350 3797 4424; x_wconf 74' lang='grc' dir='ltr'><strong>ῂτοίν-</strong></span> 
     </span>
    </p>
   </div>
   <div class='ocr_carea' id='block_1_87' title="bbox 1873 4594 2582 4656">
    <p class='ocr_par' dir='ltr' id='par_1_87' title="bbox 1873 4594 2582 4656">
     <span class='ocr_line' id='line_1_87' title="bbox 1873 4594 2582 4656; baseline -0.006 -2"><span class='ocrx_word' id='word_1_600' title='bbox 1873 4600 2110 4656; x_wconf 80' lang='lat' dir='ltr'><strong>VARUE</strong></span> <span class='ocrx_word' id='word_1_601' title='bbox 2167 4594 2582 4656; x_wconf 84' lang='lat' dir='ltr'><strong>LECTIONES.</strong></span> 
     </span>
    </p>
   </div>
   <div class='ocr_carea' id='block_1_88' title="bbox 595 4724 1017 4799">
    <p class='ocr_par' dir='ltr' id='par_1_88' title="bbox 595 4724 1017 4799">
     <span class='ocr_line' id='line_1_88' title="bbox 595 4724 1017 4799; baseline 0 0"><span class='ocrx_word' id='word_1_602' title='bbox 595 4726 639 4799; x_wconf 63' lang='grc' dir='ltr'><strong>ξ’</strong></span> <span class='ocrx_word' id='word_1_603' title='bbox 663 4724 928 4799; x_wconf 59' lang='grc' dir='ltr'>ἐκκλησίᾳ</span> <span class='ocrx_word' id='word_1_604' title='bbox 958 4742 1017 4799; x_wconf 66' lang='grc' dir='ltr'><strong>ς,τ</strong></span> 
     </span>
    </p>
   </div>
   <div class='ocr_carea' id='block_1_89' title="bbox 523 4791 1713 4860">
    <p class='ocr_par' dir='ltr' id='par_1_89' title="bbox 523 4791 1713 4860">
     <span class='ocr_line' id='line_1_89' title="bbox 523 4791 1713 4860; baseline -0.005 -13"><span class='ocrx_word' id='word_1_605' title='bbox 523 4795 569 4829; x_wconf 81' lang='grc'><strong>⁸⁷</strong></span> <span class='ocrx_word' id='word_1_606' title='bbox 598 4795 677 4847; x_wconf 80' lang='grc' dir='ltr'><strong>ὅτι</strong></span> <span class='ocrx_word' id='word_1_607' title='bbox 709 4797 758 4849; x_wconf 88' lang='grc' dir='ltr'><strong>εί</strong></span> <span class='ocrx_word' id='word_1_608' title='bbox 790 4791 828 4847; x_wconf 66' lang='grc' dir='ltr'>δ’</span> <span class='ocrx_word' id='word_1_609' title='bbox 847 4791 913 4848; x_wconf 69' lang='grc' dir='ltr'><strong>Αῖ</strong></span> <span class='ocrx_word' id='word_1_610' title='bbox 988 4794 1034 4825; x_wconf 82' lang='grc'><strong>⁵⁸</strong></span> <span class='ocrx_word' id='word_1_611' title='bbox 1057 4793 1239 4860; x_wconf 75' lang='grc' dir='ltr'>ὄγδοον</span> <span class='ocrx_word' id='word_1_612' title='bbox 1268 4792 1311 4843; x_wconf 85' lang='grc' dir='ltr'>Α</span> <span class='ocrx_word' id='word_1_613' title='bbox 1339 4809 1352 4844; x_wconf 92' lang='lat'>:</span> <span class='ocrx_word' id='word_1_614' title='bbox 1405 4791 1634 4860; x_wconf 77' lang='grc' dir='ltr'>ἔννατον</span> <span class='ocrx_word' id='word_1_615' title='bbox 1655 4805 1713 4860; x_wconf 69' lang='grc' dir='ltr'><strong>ς.</strong></span> 
     </span>
    </p>
   </div>
   <div class='ocr_carea' id='block_1_90' title="bbox 525 4858 2110 4934">
    <p class='ocr_par' dir='ltr' id='par_1_90' title="bbox 525 4858 2110 4934">
     <span class='ocr_line' id='line_1_90' title="bbox 525 4858 2110 4934; baseline -0.004 -17"><span class='ocrx_word' id='word_1_616' title='bbox 525 4863 733 4934; x_wconf 78' lang='grc' dir='ltr'>ὑϐρίζει</span> <span class='ocrx_word' id='word_1_617' title='bbox 764 4895 835 4904; x_wconf 94' lang='lat'><strong>-—-</strong></span> <span class='ocrx_word' id='word_1_618' title='bbox 858 4858 1158 4918; x_wconf 80' lang='grc' dir='ltr'>δωδέκατον</span> <span class='ocrx_word' id='word_1_619' title='bbox 1180 4878 1288 4915; x_wconf 82' lang='grc' dir='ltr'>υιιι.</span> <span class='ocrx_word' id='word_1_620' title='bbox 1314 4862 1379 4915; x_wconf 82' lang='grc' dir='ltr'>Α.</span> <span class='ocrx_word' id='word_1_621' title='bbox 1456 4862 1500 4891; x_wconf 71' lang='grc'><strong>⁰²</strong></span> <span class='ocrx_word' id='word_1_622' title='bbox 1530 4858 1637 4910; x_wconf 76' lang='grc' dir='ltr'>οὐδ’</span> <span class='ocrx_word' id='word_1_623' title='bbox 1663 4858 1799 4920; x_wconf 84' lang='grc' dir='ltr'>ὅλως</span> <span class='ocrx_word' id='word_1_624' title='bbox 1826 4858 1900 4909; x_wconf 85' lang='lat' dir='ltr'><strong>A:</strong></span> <span class='ocrx_word' id='word_1_625' title='bbox 1928 4858 2026 4909; x_wconf 82' lang='grc' dir='ltr'><strong>οὐκ</strong></span> <span class='ocrx_word' id='word_1_626' title='bbox 2051 4870 2110 4921; x_wconf 80' lang='grc' dir='ltr'><strong>ς.</strong></span> 
     </span>
    </p>
   </div>
   <div class='ocr_carea' id='block_1_91' title="bbox 1094 4689 3794 4783">
    <p class='ocr_par' dir='ltr' id='par_1_91' title="bbox 1094 4689 3794 4783">
     <span class='ocr_line' id='line_1_91' title="bbox 1094 4689 3794 4783; baseline -0.004 -8"><span class='ocrx_word' id='word_1_627' title='bbox 1094 4723 1140 4755; x_wconf 81' lang='grc'>⁸³</span> <span class='ocrx_word' id='word_1_628' title='bbox 1171 4724 1265 4775; x_wconf 84' lang='grc' dir='ltr'><strong>καί</strong></span> <span class='ocrx_word' id='word_1_629' title='bbox 1306 4722 1347 4774; x_wconf 79' lang='grc' dir='ltr'>Α</span> <span class='ocrx_word' id='word_1_630' title='bbox 1380 4740 1392 4776; x_wconf 92' lang='lat'><strong>:</strong></span> <span class='ocrx_word' id='word_1_631' title='bbox 1426 4720 1585 4773; x_wconf 73' lang='grc' dir='ltr'>ἕκτον</span> <span class='ocrx_word' id='word_1_632' title='bbox 1616 4736 1676 4782; x_wconf 86' lang='grc' dir='ltr'><strong>ς.</strong></span> <span class='ocrx_word' id='word_1_633' title='bbox 1752 4717 1799 4749; x_wconf 65' lang='grc'><strong>⁵⁵</strong></span> <span class='ocrx_word' id='word_1_634' title='bbox 1830 4716 1990 4770; x_wconf 80' lang='grc' dir='ltr'>ἐκτον</span> <span class='ocrx_word' id='word_1_635' title='bbox 2019 4719 2062 4769; x_wconf 85' lang='grc' dir='ltr'><strong>Α</strong></span> <span class='ocrx_word' id='word_1_636' title='bbox 2094 4736 2106 4769; x_wconf 93' lang='lat'>:</span> <span class='ocrx_word' id='word_1_637' title='bbox 2131 4716 2361 4783; x_wconf 76' lang='grc' dir='ltr'>ἕϐδομον</span> <span class='ocrx_word' id='word_1_638' title='bbox 2384 4731 2447 4779; x_wconf 80' lang='grc' dir='ltr'><strong>ς.</strong></span> <span class='ocrx_word' id='word_1_639' title='bbox 2499 4711 2568 4783; x_wconf 13' lang='grc'>,⁵⁸</span> <span class='ocrx_word' id='word_1_640' title='bbox 2588 4709 2909 4783; x_wconf 70' lang='grc' dir='ltr'>ἁμαρτᾲνῃς</span> <span class='ocrx_word' id='word_1_641' title='bbox 2937 4723 2997 4771; x_wconf 83' lang='grc' dir='ltr'><strong>ς’-</strong></span> <span class='ocrx_word' id='word_1_642' title='bbox 3052 4705 3120 4783; x_wconf 56' lang='grc'>,⁸⁸</span> <span class='ocrx_word' id='word_1_643' title='bbox 3141 4703 3368 4783; x_wconf 56' lang='grc' dir='ltr'>ἓξδρμον</span> <span class='ocrx_word' id='word_1_644' title='bbox 3396 4700 3441 4753; x_wconf 85' lang='grc' dir='ltr'><strong>Α</strong></span> <span class='ocrx_word' id='word_1_645' title='bbox 3468 4689 3699 4783; x_wconf 63' lang='grc' dir='ltr'>ε’δγδοξξν</span> <span class='ocrx_word' id='word_1_646' title='bbox 3714 4711 3794 4783; x_wconf 47' lang='grc' dir='ltr'><strong>ξιξ</strong></span> 
     </span>
    </p>
   </div>
   <div class='ocr_carea' id='block_1_92' title="bbox 1790 4781 2619 4851">
    <p class='ocr_par' dir='ltr' id='par_1_92' title="bbox 1790 4781 2619 4851">
     <span class='ocr_line' id='line_1_92' title="bbox 1790 4781 2619 4851; baseline -0.006 -12"><span class='ocrx_word' id='word_1_647' title='bbox 1790 4790 1835 4819; x_wconf 70' lang='lat'><strong>‘9</strong></span> <span class='ocrx_word' id='word_1_648' title='bbox 1882 4787 2192 4851; x_wconf 75' lang='grc' dir='ltr'>στασιάζειν</span> <span class='ocrx_word' id='word_1_649' title='bbox 2252 4781 2346 4839; x_wconf 75' lang='grc' dir='ltr'>καὶ</span> <span class='ocrx_word' id='word_1_650' title='bbox 2380 4781 2524 4835; x_wconf 84' lang='grc' dir='ltr'>κατὰ</span> <span class='ocrx_word' id='word_1_651' title='bbox 2559 4798 2619 4845; x_wconf 80' lang='grc' dir='ltr'>ς’.</span> 
     </span>
    </p>
   </div>
   <div class='ocr_carea' id='block_1_93' title="bbox 2716 4765 3799 4834">
    <p class='ocr_par' dir='ltr' id='par_1_93' title="bbox 2716 4765 3799 4834">
     <span class='ocr_line' id='line_1_93' title="bbox 2716 4765 3799 4834; baseline -0.015 -3"><span class='ocrx_word' id='word_1_652' title='bbox 2716 4765 2761 4810; x_wconf 64' lang='grc' dir='ltr'>δο</span> <span class='ocrx_word' id='word_1_653' title='bbox 2787 4765 3006 4832; x_wconf 58' lang='grc' dir='ltr'>ἔννατον</span> <span class='ocrx_word' id='word_1_654' title='bbox 3038 4775 3083 4828; x_wconf 81' lang='grc' dir='ltr'><strong>Α</strong></span> <span class='ocrx_word' id='word_1_655' title='bbox 3132 4792 3148 4829; x_wconf 76' lang='grc' dir='ltr'><strong>ι</strong></span> <span class='ocrx_word' id='word_1_656' title='bbox 3188 4765 3413 4828; x_wconf 75' lang='grc' dir='ltr'>δέκατον</span> <span class='ocrx_word' id='word_1_657' title='bbox 3460 4786 3522 4834; x_wconf 88' lang='grc' dir='ltr'>ς.</span> <span class='ocrx_word' id='word_1_658' title='bbox 3628 4766 3673 4797; x_wconf 72' lang='grc'><strong>⁸³</strong></span> <span class='ocrx_word' id='word_1_659' title='bbox 3710 4765 3799 4817; x_wconf 82' lang='grc' dir='ltr'><strong>ὃτι</strong></span> 
     </span>
    </p>
   </div>
   <div class='ocr_carea' id='block_1_94' title="bbox 2205 4853 2751 4913">
    <p class='ocr_par' dir='ltr' id='par_1_94' title="bbox 2205 4853 2751 4913">
     <span class='ocr_line' id='line_1_94' title="bbox 2205 4853 2751 4913; baseline -0.013 -5"><span class='ocrx_word' id='word_1_660' title='bbox 2205 4857 2249 4887; x_wconf 74' lang='grc'>⁸⁸</span> <span class='ocrx_word' id='word_1_661' title='bbox 2272 4853 2660 4907; x_wconf 77' lang='grc' dir='ltr'>ἑκκαιδέκατον</span> <span class='ocrx_word' id='word_1_662' title='bbox 2690 4865 2751 4913; x_wconf 88' lang='grc' dir='ltr'><strong>ς.</strong></span> 
     </span>
    </p>
   </div>
   <div class='ocr_carea' id='block_1_95' title="bbox 2093 5003 2318 5095">
    <p class='ocr_par' dir='ltr' id='par_1_95' title="bbox 2093 5003 2318 5095">
     <span class='ocr_line' id='line_1_95' title="bbox 2093 5003 2318 5095; baseline 0.009 -2"><span class='ocrx_word' id='word_1_663' title='bbox 2093 5003 2318 5095; x_wconf 60' lang='lat' dir='ltr'><strong>norm.</strong></span> 
     </span>
    </p>
   </div>
   <div class='ocr_carea' id='block_1_96' title="bbox 596 5194 2105 5283">
    <p class='ocr_par' dir='ltr' id='par_1_96' title="bbox 596 5194 2105 5283">
     <span class='ocr_line' id='line_1_96' title="bbox 596 5194 2105 5283; baseline -0.013 -15"><span class='ocrx_word' id='word_1_664' title='bbox 596 5213 711 5283; x_wconf 79' lang='lat'><strong>(50)</strong></span> <span class='ocrx_word' id='word_1_665' title='bbox 729 5210 997 5283; x_wconf 42' lang='lat' dir='ltr'><strong>Quadam.</strong></span> <span class='ocrx_word' id='word_1_666' title='bbox 1014 5203 1247 5271; x_wconf 80' lang='lat' dir='ltr'><strong>exempl.</strong></span> <span class='ocrx_word' id='word_1_667' title='bbox 1280 5204 1395 5255; x_wconf 72' lang='lat' dir='ltr'><strong>haec</strong></span> <span class='ocrx_word' id='word_1_668' title='bbox 1423 5196 1585 5253; x_wconf 87' lang='lat' dir='ltr'><strong>verba</strong></span> <span class='ocrx_word' id='word_1_669' title='bbox 1609 5197 1870 5266; x_wconf 81' lang='lat' dir='ltr'><strong>superiori</strong></span> <span class='ocrx_word' id='word_1_670' title='bbox 1902 5209 2023 5263; x_wconf 89' lang='lat' dir='ltr'><strong>cap.</strong></span> <span class='ocrx_word' id='word_1_671' title='bbox 2051 5194 2105 5260; x_wconf 82' lang='grc'>5,</span> 
     </span>
    </p>
   </div>
   <div class='ocr_carea' id='block_1_97' title="bbox 527 5274 1245 5342">
    <p class='ocr_par' dir='ltr' id='par_1_97' title="bbox 527 5274 1245 5342">
     <span class='ocr_line' id='line_1_97' title="bbox 527 5274 1245 5342; baseline -0.024 -1"><span class='ocrx_word' id='word_1_672' title='bbox 527 5274 870 5341; x_wconf 72' lang='grc' dir='ltr'>ωιιιὶιιθῖιιθι·</span> <span class='ocrx_word' id='word_1_673' title='bbox 912 5274 1245 5342; x_wconf 74' lang='lat' dir='ltr'><strong>adiungunt.</strong></span> 
     </span>
    </p>
   </div>
   <div class='ocr_carea' id='block_1_98' title="bbox 599 5331 2103 5423">
    <p class='ocr_par' dir='ltr' id='par_1_98' title="bbox 599 5331 2103 5423">
     <span class='ocr_line' id='line_1_98' title="bbox 599 5331 2103 5423; baseline -0.016 -15"><span class='ocrx_word' id='word_1_674' title='bbox 599 5331 1168 5423; x_wconf 49' lang='grc' dir='ltr'>ζ’ἵξῧέοοιιιιιε-ιῖὶιτῖι.</span> <span class='ocrx_word' id='word_1_675' title='bbox 1224 5337 1657 5423; x_wconf 50' lang='grc' dir='ltr'><strong>οὲρ.21,“)ῖί(ίε</strong></span> <span class='ocrx_word' id='word_1_676' title='bbox 1695 5334 1757 5389; x_wconf 90' lang='grc' dir='ltr'>Β.</span> <span class='ocrx_word' id='word_1_677' title='bbox 1805 5333 1967 5388; x_wconf 82' lang='lat' dir='ltr'><strong>Basil.</strong></span> <span class='ocrx_word' id='word_1_678' title='bbox 2024 5331 2103 5385; x_wconf 86' lang='lat' dir='ltr'><strong>De</strong></span> 
     </span>
    </p>
   </div>
   <div class='ocr_carea' id='block_1_99' title="bbox 526 5407 1671 5493">
    <p class='ocr_par' dir='ltr' id='par_1_99' title="bbox 526 5407 1671 5493">
     <span class='ocr_line' id='line_1_99' title="bbox 526 5407 1671 5493; baseline -0.017 -15"><span class='ocrx_word' id='word_1_679' title='bbox 526 5407 709 5493; x_wconf 56' lang='lat' dir='ltr'><strong>pwitit.’</strong></span> <span class='ocrx_word' id='word_1_680' title='bbox 735 5431 791 5493; x_wconf 81' lang='lat' dir='ltr'><strong>et</strong></span> <span class='ocrx_word' id='word_1_681' title='bbox 817 5420 875 5473; x_wconf 89' lang='lat' dir='ltr'><strong>S.</strong></span> <span class='ocrx_word' id='word_1_682' title='bbox 905 5407 1436 5493; x_wconf 58' lang='lat' dir='ltr'><strong>Epiphatt.m(.&#39;onlra</strong></span> <span class='ocrx_word' id='word_1_683' title='bbox 1475 5407 1671 5493; x_wconf 47' lang='lat' dir='ltr'><strong>Nova}:</strong></span> 
     </span>
    </p>
   </div>
   <div class='ocr_carea' id='block_1_100' title="bbox 598 5475 1894 5561">
    <p class='ocr_par' dir='ltr' id='par_1_100' title="bbox 598 5475 1894 5561">
     <span class='ocr_line' id='line_1_100' title="bbox 598 5475 1894 5561; baseline -0.015 -14"><span class='ocrx_word' id='word_1_684' title='bbox 598 5475 710 5561; x_wconf 69' lang='lat'><strong>(32)</strong></span> <span class='ocrx_word' id='word_1_685' title='bbox 745 5475 1150 5561; x_wconf 71' lang='lat' dir='ltr'><strong>LegeNiceph.</strong></span> <span class='ocrx_word' id='word_1_686' title='bbox 1192 5483 1266 5561; x_wconf 64' lang='lat' dir='ltr'><strong>Lib</strong></span> <span class='ocrx_word' id='word_1_687' title='bbox 1296 5496 1435 5561; x_wconf 53' lang='lat'><strong>11&quot;,.</strong></span> <span class='ocrx_word' id='word_1_688' title='bbox 1457 5495 1578 5546; x_wconf 91' lang='lat' dir='ltr'><strong>cap.</strong></span> <span class='ocrx_word' id='word_1_689' title='bbox 1602 5480 1680 5561; x_wconf 40' lang='lat'><strong>.16</strong></span> <span class='ocrx_word' id='word_1_690' title='bbox 1722 5486 1775 5530; x_wconf 89' lang='lat' dir='ltr'><strong>et</strong></span> <span class='ocrx_word' id='word_1_691' title='bbox 1807 5475 1894 5528; x_wconf 86' lang='lat' dir='ltr'><strong>l7.</strong></span> 
     </span>
    </p>
   </div>
   <div class='ocr_carea' id='block_1_101' title="bbox 597 5492 1730 5631">
    <p class='ocr_par' dir='ltr' id='par_1_101' title="bbox 597 5492 1730 5631">
     <span class='ocr_line' id='line_1_101' title="bbox 598 5492 1730 5561; baseline -0.018 -14"><span class='ocrx_word' id='word_1_692' title='bbox 598 5492 687 5561; x_wconf 78' lang='grc'><strong>(52</strong></span> <span class='ocrx_word' id='word_1_693' title='bbox 745 5492 887 5557; x_wconf 84' lang='lat' dir='ltr'><strong>Lege</strong></span> <span class='ocrx_word' id='word_1_694' title='bbox 917 5492 1150 5554; x_wconf 84' lang='lat' dir='ltr'><strong>Niceph.</strong></span> <span class='ocrx_word' id='word_1_695' title='bbox 1192 5492 1266 5536; x_wconf 85' lang='lat' dir='ltr'><strong>lib</strong></span> <span class='ocrx_word' id='word_1_696' title='bbox 1296 5496 1418 5542; x_wconf 77' lang='lat' dir='ltr'><strong>xm,</strong></span> <span class='ocrx_word' id='word_1_697' title='bbox 1457 5495 1578 5546; x_wconf 90' lang='lat' dir='ltr'><strong>cap.</strong></span> <span class='ocrx_word' id='word_1_698' title='bbox 1614 5492 1680 5530; x_wconf 75' lang='grc' dir='ltr'><strong>ιο</strong></span> <span class='ocrx_word' id='word_1_699' title='bbox 1722 5494 1730 5526; x_wconf 88' lang='lat' dir='ltr'><strong>t</strong></span> 
     </span>
     <span class='ocr_line' id='line_1_102' title="bbox 597 5492 1730 5631; baseline -0.018 -14"><span class='ocrx_word' id='word_1_700' title='bbox 597 5492 711 5631; x_wconf 49' lang='grc' dir='ltr'><strong>(ὅόζ</strong></span> <span class='ocrx_word' id='word_1_701' title='bbox 742 5559 1071 5631; x_wconf 49' lang='grc' dir='ltr'>ῘΕνδέκατον</span> <span class='ocrx_word' id='word_1_702' title='bbox 1105 5557 1159 5609; x_wconf 91' lang='lat' dir='ltr'><strong>in</strong></span> <span class='ocrx_word' id='word_1_703' title='bbox 1191 5552 1379 5607; x_wconf 75' lang='lat' dir='ltr'><strong>Graeco</strong></span> <span class='ocrx_word' id='word_1_704' title='bbox 1424 5548 1730 5631; x_wconf 73' lang='lat' dir='ltr'><strong>legendum.</strong></span> 
     </span>
    </p>
   </div>
   <div class='ocr_carea' id='block_1_102' title="bbox 598 5620 1817 5703">
    <p class='ocr_par' dir='ltr' id='par_1_102' title="bbox 598 5620 1817 5703">
     <span class='ocr_line' id='line_1_103' title="bbox 598 5620 1817 5703; baseline -0.009 -20"><span class='ocrx_word' id='word_1_705' title='bbox 741 5630 966 5703; x_wconf 58' lang='lat' dir='ltr'><strong>lfliceph.</strong></span> <span class='ocrx_word' id='word_1_706' title='bbox 1015 5628 1108 5703; x_wconf 83' lang='lat' dir='ltr'><strong>lib.</strong></span> <span class='ocrx_word' id='word_1_707' title='bbox 1137 5639 1248 5703; x_wconf 50' lang='lat' dir='ltr'><strong>3m</strong></span> <span class='ocrx_word' id='word_1_708' title='bbox 1281 5663 1295 5685; x_wconf 93' lang='lat'><strong>,</strong></span> <span class='ocrx_word' id='word_1_709' title='bbox 1325 5635 1444 5703; x_wconf 74' lang='lat' dir='ltr'><strong>cap.</strong></span> 
     </span>
    </p>
   </div>
   <div class='ocr_carea' id='block_1_103' title="bbox 620 5640 2065 5771">
    <p class='ocr_par' dir='ltr' id='par_1_103' title="bbox 620 5640 2065 5771">
     <span class='ocr_line' id='line_1_104' title="bbox 620 5640 1539 5699; baseline -0.015 -14"><span class='ocrx_word' id='word_1_710' title='bbox 620 5640 685 5686; x_wconf 62' lang='lat'><strong>33</strong></span> <span class='ocrx_word' id='word_1_711' title='bbox 741 5640 966 5699; x_wconf 73' lang='lat' dir='ltr'><strong>Niceph.</strong></span> <span class='ocrx_word' id='word_1_712' title='bbox 1015 5640 1108 5681; x_wconf 83' lang='grc' dir='ltr'>ιιι).</span> <span class='ocrx_word' id='word_1_713' title='bbox 1150 5640 1248 5677; x_wconf 77' lang='lat' dir='ltr'><strong>xm</strong></span> <span class='ocrx_word' id='word_1_714' title='bbox 1281 5663 1295 5685; x_wconf 93' lang='lat'><strong>,</strong></span> <span class='ocrx_word' id='word_1_715' title='bbox 1325 5640 1444 5688; x_wconf 86' lang='lat' dir='ltr'><strong>cap.</strong></span> <span class='ocrx_word' id='word_1_716' title='bbox 1484 5640 1539 5673; x_wconf 76' lang='grc' dir='ltr'><strong>υ.</strong></span> 
     </span>
     <span class='ocr_line' id='line_1_105' title="bbox 620 5640 2065 5771; baseline -0.015 -15"><span class='ocrx_word' id='word_1_717' title='bbox 620 5640 710 5771; x_wconf 45' lang='lat'><strong>35;</strong></span> <span class='ocrx_word' id='word_1_718' title='bbox 744 5700 854 5771; x_wconf 67' lang='lat' dir='ltr'><strong>[loc</strong></span> <span class='ocrx_word' id='word_1_719' title='bbox 899 5712 1016 5766; x_wconf 85' lang='lat' dir='ltr'><strong>cap.</strong></span> <span class='ocrx_word' id='word_1_720' title='bbox 1052 5697 1105 5750; x_wconf 92' lang='lat' dir='ltr'><strong>iu</strong></span> <span class='ocrx_word' id='word_1_721' title='bbox 1136 5689 1532 5771; x_wconf 65' lang='lat' dir='ltr'><strong>Baron.Ann_al.</strong></span> <span class='ocrx_word' id='word_1_722' title='bbox 1571 5682 2065 5771; x_wconf 32' lang='lat' dir='ltr'><strong>libatlesideratur.</strong></span> 
     </span>
    </p>
   </div>
   <div class='ocr_carea' id='block_1_104' title="bbox 620 5753 2097 5839">
    <p class='ocr_par' dir='ltr' id='par_1_104' title="bbox 620 5753 2097 5839">
     <span class='ocr_line' id='line_1_106' title="bbox 620 5753 2097 5839; baseline -0.012 -15"><span class='ocrx_word' id='word_1_723' title='bbox 620 5753 707 5839; x_wconf 59' lang='lat'><strong>365</strong></span> <span class='ocrx_word' id='word_1_724' title='bbox 739 5753 1083 5839; x_wconf 57' lang='lat' dir='ltr'><strong>Repraesentat</strong></span> <span class='ocrx_word' id='word_1_725' title='bbox 1124 5763 1561 5830; x_wconf 78' lang='lat' dir='ltr'><strong>vocemignotam</strong></span> <span class='ocrx_word' id='word_1_726' title='bbox 1593 5763 1754 5839; x_wconf 72' lang='lat' dir='ltr'><strong>atque</strong></span> <span class='ocrx_word' id='word_1_727' title='bbox 1781 5753 2097 5819; x_wconf 75' lang='lat' dir='ltr'><strong>inauditam,</strong></span> 
     </span>
    </p>
   </div>
   <div class='ocr_carea' id='block_1_105' title="bbox 2207 5163 3620 5263">
    <p class='ocr_par' dir='ltr' id='par_1_105' title="bbox 2207 5163 3620 5263">
     <span class='ocr_line' id='line_1_107' title="bbox 2207 5163 3620 5263; baseline -0.008 -15"><span class='ocrx_word' id='word_1_728' title='bbox 2207 5196 2252 5248; x_wconf 85' lang='lat' dir='ltr'><strong>si</strong></span> <span class='ocrx_word' id='word_1_729' title='bbox 2297 5163 2421 5263; x_wconf 82' lang='lat' dir='ltr'><strong>quis</strong></span> <span class='ocrx_word' id='word_1_730' title='bbox 2451 5190 2921 5263; x_wconf 11' lang='lat' dir='ltr'><strong>forsitangaliquid‘</strong></span> <span class='ocrx_word' id='word_1_731' title='bbox 2946 5196 3293 5263; x_wconf 59' lang='lat' dir='ltr'><strong>exearecte</strong></span> <span class='ocrx_word' id='word_1_732' title='bbox 3320 5183 3620 5252; x_wconf 81' lang='lat' dir='ltr'><strong>exsculpat.</strong></span> 
     </span>
    </p>
   </div>
   <div class='ocr_carea' id='block_1_106' title="bbox 2278 5258 3184 5335">
    <p class='ocr_par' dir='ltr' id='par_1_106' title="bbox 2278 5258 3184 5335">
     <span class='ocr_line' id='line_1_108' title="bbox 2278 5258 3184 5335; baseline -0.004 -20"><span class='ocrx_word' id='word_1_733' title='bbox 2278 5258 2392 5335; x_wconf 75' lang='lat'><strong>(37)</strong></span> <span class='ocrx_word' id='word_1_734' title='bbox 2434 5264 2650 5330; x_wconf 80' lang='lat' dir='ltr'><strong>Longos</strong></span> <span class='ocrx_word' id='word_1_735' title='bbox 2675 5258 2871 5335; x_wconf 76' lang='lat' dir='ltr'><strong>fratres</strong></span> <span class='ocrx_word' id='word_1_736' title='bbox 2912 5258 3184 5335; x_wconf 67' lang='lat' dir='ltr'><strong>intelligit.</strong></span> 
     </span>
    </p>
   </div>
   <div class='ocr_carea' id='block_1_107' title="bbox 2278 5322 3800 5404">
    <p class='ocr_par' dir='ltr' id='par_1_107' title="bbox 2278 5322 3800 5404">
     <span class='ocr_line' id='line_1_109' title="bbox 2278 5322 3800 5404; baseline -0.011 -15"><span class='ocrx_word' id='word_1_737' title='bbox 2278 5322 2391 5404; x_wconf 62' lang='lat'><strong>{38}</strong></span> <span class='ocrx_word' id='word_1_738' title='bbox 2420 5335 2501 5388; x_wconf 82' lang='lat' dir='ltr'><strong>Ad</strong></span> <span class='ocrx_word' id='word_1_739' title='bbox 2554 5322 2892 5386; x_wconf 69' lang='lat' dir='ltr'><strong>aecusautlos</strong></span> <span class='ocrx_word' id='word_1_740' title='bbox 2922 5322 3155 5404; x_wconf 51' lang='lat' dir='ltr'><strong>[:ongos,</strong></span> <span class='ocrx_word' id='word_1_741' title='bbox 3188 5343 3214 5379; x_wconf 89' lang='lat' dir='ltr'><strong>a</strong></span> <span class='ocrx_word' id='word_1_742' title='bbox 3243 5322 3488 5392; x_wconf 89' lang='lat' dir='ltr'><strong>Theoph.</strong></span> <span class='ocrx_word' id='word_1_743' title='bbox 3520 5323 3800 5404; x_wconf 54' lang='lat' dir='ltr'><strong>Constan-</strong></span> 
     </span>
    </p>
   </div>
   <div class='ocr_carea' id='block_1_108' title="bbox 2206 5391 3797 5485">
    <p class='ocr_par' dir='ltr' id='par_1_108' title="bbox 2206 5391 3797 5485">
     <span class='ocr_line' id='line_1_110' title="bbox 2206 5391 3797 5485; baseline -0.004 -31"><span class='ocrx_word' id='word_1_744' title='bbox 2206 5391 2386 5485; x_wconf 46' lang='lat' dir='ltr'><strong>ut.pr</strong></span> <span class='ocrx_word' id='word_1_745' title='bbox 2436 5404 2659 5485; x_wconf 58' lang='lat' dir='ltr'><strong>ttti_sstts,</strong></span> <span class='ocrx_word' id='word_1_746' title='bbox 2716 5391 3168 5485; x_wconf 47' lang='lat' dir='ltr'><strong>utvelt‘thalladio</strong></span> <span class='ocrx_word' id='word_1_747' title='bbox 3206 5391 3441 5462; x_wconf 62' lang='lat' dir='ltr'><strong>constat,</strong></span> <span class='ocrx_word' id='word_1_748' title='bbox 3490 5402 3545 5450; x_wconf 89' lang='lat' dir='ltr'><strong>et</strong></span> <span class='ocrx_word' id='word_1_749' title='bbox 3586 5391 3797 5460; x_wconf 87' lang='lat' dir='ltr'><strong>Georg.</strong></span> 
     </span>
    </p>
   </div>
   <div class='ocr_carea' id='block_1_109' title="bbox 2206 5469 3798 5615">
    <p class='ocr_par' dir='ltr' id='par_1_109' title="bbox 2206 5469 3798 5615">
     <span class='ocr_line' id='line_1_111' title="bbox 2206 5469 2960 5528; baseline -0.004 -2"><span class='ocrx_word' id='word_1_750' title='bbox 2206 5469 2471 5528; x_wconf 61' lang='lat' dir='ltr'><strong>Aleiand.</strong></span> <span class='ocrx_word' id='word_1_751' title='bbox 2508 5474 2602 5526; x_wconf 72' lang='lat' dir='ltr'><strong>ini.</strong></span> <span class='ocrx_word' id='word_1_752' title='bbox 2630 5472 2750 5525; x_wconf 84' lang='lat' dir='ltr'><strong>cod.</strong></span> <span class='ocrx_word' id='word_1_753' title='bbox 2775 5469 2960 5524; x_wconf 82' lang='lat' dir='ltr'><strong>XCVI.</strong></span> 
     </span>
     <span class='ocr_line' id='line_1_112' title="bbox 2276 5534 3798 5615; baseline -0.005 -17"><span class='ocrx_word' id='word_1_754' title='bbox 2276 5544 2407 5615; x_wconf 78' lang='lat'><strong>(38&#39;)</strong></span> <span class='ocrx_word' id='word_1_755' title='bbox 2433 5542 2766 5615; x_wconf 75' lang='lat' dir='ltr'><strong>Nicephorus</strong></span> <span class='ocrx_word' id='word_1_756' title='bbox 2804 5555 2925 5595; x_wconf 90' lang='lat' dir='ltr'><strong>eum</strong></span> <span class='ocrx_word' id='word_1_757' title='bbox 2950 5539 3062 5593; x_wconf 91' lang='lat' dir='ltr'><strong>suis</strong></span> <span class='ocrx_word' id='word_1_758' title='bbox 3087 5539 3326 5609; x_wconf 86' lang='lat' dir='ltr'><strong>depingit</strong></span> <span class='ocrx_word' id='word_1_759' title='bbox 3358 5536 3656 5600; x_wconf 86' lang='lat' dir='ltr'><strong>coloribus,</strong></span> <span class='ocrx_word' id='word_1_760' title='bbox 3696 5534 3798 5590; x_wconf 84' lang='lat' dir='ltr'><strong>lib.</strong></span> 
     </span>
    </p>
   </div>
   <div class='ocr_carea' id='block_1_110' title="bbox 2098 5601 2600 5681">
    <p class='ocr_par' dir='ltr' id='par_1_110' title="bbox 2098 5601 2600 5681">
     <span class='ocr_line' id='line_1_113' title="bbox 2098 5601 2600 5681; baseline 0.002 -14"><span class='ocrx_word' id='word_1_761' title='bbox 2098 5601 2103 5611; x_wconf 61' lang='grc'><em>’</em></span> <span class='ocrx_word' id='word_1_762' title='bbox 2205 5601 2324 5676; x_wconf 73' lang='lat' dir='ltr'><strong>xui,</strong></span> <span class='ocrx_word' id='word_1_763' title='bbox 2362 5601 2481 5681; x_wconf 76' lang='lat' dir='ltr'><strong>cap.</strong></span> <span class='ocrx_word' id='word_1_764' title='bbox 2508 5601 2600 5668; x_wconf 68' lang='lat'><strong>28.</strong></span> 
     </span>
    </p>
   </div>
   <div class='ocr_carea' id='block_1_111' title="bbox 2276 5674 3801 5754">
    <p class='ocr_par' dir='ltr' id='par_1_111' title="bbox 2276 5674 3801 5754">
     <span class='ocr_line' id='line_1_114' title="bbox 2276 5674 3801 5754; baseline -0.006 -17"><span class='ocrx_word' id='word_1_765' title='bbox 2276 5674 2388 5754; x_wconf 78' lang='lat'><strong>(39)</strong></span> <span class='ocrx_word' id='word_1_766' title='bbox 2429 5674 2591 5735; x_wconf 64' lang='lat' dir='ltr'><strong>&#39;hlem</strong></span> <span class='ocrx_word' id='word_1_767' title='bbox 2634 5691 2795 5754; x_wconf 72' lang='lat' dir='ltr'><strong>puto,</strong></span> <span class='ocrx_word' id='word_1_768' title='bbox 2841 5681 2929 5750; x_wconf 84' lang='lat' dir='ltr'><strong>qui</strong></span> <span class='ocrx_word' id='word_1_769' title='bbox 2968 5681 3190 5735; x_wconf 84' lang='lat' dir='ltr'><strong>Arsacia</strong></span> <span class='ocrx_word' id='word_1_770' title='bbox 3237 5678 3518 5741; x_wconf 83' lang='lat' dir='ltr'><strong>successit,</strong></span> <span class='ocrx_word' id='word_1_771' title='bbox 3566 5674 3636 5729; x_wconf 89' lang='lat' dir='ltr'><strong>de</strong></span> <span class='ocrx_word' id='word_1_772' title='bbox 3687 5687 3801 5745; x_wconf 83' lang='lat' dir='ltr'><strong>quo</strong></span> 
     </span>
    </p>
   </div>
   <div class='ocr_carea' id='block_1_112' title="bbox 2202 5751 2826 5821">
    <p class='ocr_par' dir='ltr' id='par_1_112' title="bbox 2202 5751 2826 5821">
     <span class='ocr_line' id='line_1_115' title="bbox 2202 5751 2826 5821; baseline -0.005 -14"><span class='ocrx_word' id='word_1_773' title='bbox 2202 5751 2428 5813; x_wconf 81' lang='lat' dir='ltr'><strong>Niceph.</strong></span> <span class='ocrx_word' id='word_1_774' title='bbox 2460 5768 2608 5821; x_wconf 87' lang='lat' dir='ltr'><strong>supr.</strong></span> <span class='ocrx_word' id='word_1_775' title='bbox 2637 5751 2693 5806; x_wconf 33' lang='lat' dir='ltr'><strong>&#39;c.</strong></span> <span class='ocrx_word' id='word_1_776' title='bbox 2738 5753 2826 5805; x_wconf 72' lang='lat'><strong>&#39;29.</strong></span> 
     </span>
    </p>
   </div>
  </div>
