4030 6428
458 415 559 482 115

1527 414 1793 475 PHOTII
1826 414 2336 475 PATRIARCHzE
2378 417 2485 475 ΕΡ.

3629 402 3730 470 116

456 530 822 594 Timarchum,
879 543 1000 599 quae.
1051 528 1305 599 princeps
1369 536 1452 582 est
1517 528 1824 581 orationum
1881 529 2032 597 ejus,

2150 527 2391 597 ιιάρχου,
2432 527 2491 589 ὃς
2512 529 2627 579 ἐστι
2658 529 2749 579 καὶ
2786 526 3003 597 πρῶτος
3036 524 3146 576 τῶν
3173 521 3337 576 αὑτοῦ
3360 520 3557 589 λόγων,
3592 521 3683 573 καὶ
3708 524 3735 573 6

453 632 510 679 et
535 621 719 676 Falsa:
765 621 1063 691 legationis.
1114 620 1297 676 Tertia
1345 635 1478 676 vero
1521 629 1576 675 et
1618 620 1806 674 ultima
1838 619 2037 675 Contra

454 716 862 788 Ctesiphontem.
920 714 1055 770 Tres
1098 716 1245 770 enim
1294 715 1558 769 duntaxat
1599 713 1869 783 legitimas
1917 727 2039 767 esse

454 810 620 863 hasce
646 809 829 863 ferunt
867 825 882 862 :
943 806 1198 877 epistolas
1223 820 1350 860 vero
1381 820 1571 859 novem
1602 804 1739 874 (45).
1766 802 2040 870 Quamob-

458 916 573 955 rem
638 899 885 953 nonnulli
933 899 1213 955 orationes
1244 897 1360 965 ejus
1387 896 1601 950 Gratias
1649 897 2038 959 nominarunt,

457 1008 580 1046 cum
607 993 677 1046 oh
704 990 970 1047 orationis
996 991 1228 1061 gratiam
1258 999 1368 1043 tum
1409 1003 1437 1041 a
1470 1002 1696 1043 numero
1728 986 2036 1053 Charilum;

456 1081 643 1136 Musas
704 1097 832 1136 vero
889 1081 1147 1152 epistolas
1175 1082 1465 1145 dixerunt,
1497 1095 1525 1132 a
1572 1094 1798 1133 numero
1848 1093 2040 1132 novem

456 1171 755 1227 Musarum.
786 1173 1184 1228 Circumfertur
1219 1182 1273 1225 et
1314 1172 1432 1240 ejus
1466 1171 1568 1223 alia
1596 1171 1791 1235 oratio,
1824 1169 2042 1222 Deliaco

456 1265 541 1319 lea:
596 1265 893 1335 inscripta;
926 1281 1085 1334 quam
1141 1274 1319 1319 tamen
1349 1262 1708 1334 Cicilins(46)
1750 1275 1855 1315 non
1906 1262 2041 1315 reci-

455 1357 569 1426 pit,
611 1357 707 1410 sed
745 1355 811 1410 ad
857 1354 1085 1408 alterum
1114 1352 1433 1408 IEschinem
1474 1353 1860 1407 Atheniensem
1899 1350 2038 1422 (47),

456 1446 574 1517 ejus
606 1443 893 1514 aqualem,
926 1445 1065 1498 hanc
1089 1444 1416 1506 orationem,
1453 1452 1511 1496 ut
1540 1452 1775 1511 partum,
1812 1440 2001 1496 refert.

527 1535 818 1592 [Eschiues
851 1537 938 1589 hic
963 1549 1103 1590 unus
1130 1542 1214 1589 est
1244 1536 1296 1587 in
1345 1536 1530 1588 decem
1555 1531 1782 1588 Grmcim
1808 1533 2042 1588 oratorio

456 1630 561 1683 bus
594 1646 606 1682 :
641 1627 732 1696 qui
767 1635 1054 1680 accusatus
1104 1625 1394 1694 aliquando
1421 1640 1449 1678 a
1492 1624 1855 1679 Demosthene
1901 1622 2044 1678 male

457 1719 620 1773 obita:
686 1717 988 1786 legationis,
1041 1717 1335 1771 damnatus
1387 1716 1508 1772 ideo
1574 1730 1680 1770 non
1731 1723 1837 1779 est,
1898 1713 2041 1785 quod

2142 619 2651 687 Παραπρεσϐείας,
2677 617 2856 687 τρίτος
2888 617 2946 669 δέ
2985 617 3079 670 καὶ
3109 617 3152 646 ⁷¹
3185 615 3492 676 τελευταῖος
3519 614 3548 666 6
3578 615 3735 666 Κατὰ

2142 708 2589 779 Κτησιφῶντος.
2625 710 2785 779 Τρεῖς
2817 708 2925 778 γάρ
2955 707 3148 778 μόνους
3171 705 3337 760 αὑτοῦ
3368 721 3503 774 φασι
3535 704 3580 736 ⁷³
3606 720 3737 774 γνη-

2144 804 2292 865 σίους
2325 798 2486 868 εἶναι,
2508 801 2602 855 καὶ
2632 801 2786 854 ἐννέα
2802 800 3096 862 ἐπιστολάς
3117 816 3130 829 ·
3157 799 3237 852 διὸ
3264 798 3391 861 τοὺς
3419 798 3519 869 μὲν
3546 797 3736 865 λόγους

2151 896 2319 949 αὐτοῦ
2342 912 2487 957 τινες
2516 894 2770 961 Χάριτας
2804 893 3096 963 ὠνόμασαν
3121 891 3211 944 διά
3245 907 3306 943 τε
3328 889 3390 943 τὸ
3424 888 3613 959 χαρίεν
3641 887 3733 941 τοῦ

2144 987 2301 1055 λόγου
2332 985 2538 1039 καὶτὸν
2565 985 2797 1055 ἀριθμὸν
2824 984 2932 1036 τῶν
2963 983 3239 1052 Χαρίτων,
3266 970 3518 1044 Μούσας
3548 979 3606 1033 δέ
3640 979 3737 1044 τὰς

2144 1078 2435 1142 ἐπιστολὰς
2460 1076 2545 1150 [61
2576 1075 2669 1148 IL]
2698 1076 2788 1129 διὰ
2810 1076 2901 1128 τὸν
2921 1074 3153 1146 ἀριθμὸν
3170 1074 3278 1126 τῶν
3307 1074 3461 1126 ἐννέα
3480 1072 3732 1125 Μουσῶν.

2144 1173 2373 1242 Φέρεται
2389 1171 2444 1224 δὲ
2471 1168 2635 1222 αὑτοῦ
2658 1168 2751 1221 καὶ
2774 1166 2933 1229 ἄλλος
2952 1166 3132 1233 λόγος,
3157 1166 3186 1217 6
3214 1163 3510 1231 Δηλιακὸς
3528 1164 3734 1229 νόμος-υ

2146 1264 2246 1318 οὒκ
2287 1263 2531 1334 ἐγκρίνει
2564 1261 2621 1314 δὲ
2650 1259 2815 1313 αὐτὸν
2840 1262 2868 1313 6
2920 1258 3205 1321 Καικίλιος
3238 1257 3305 1320 ⁷⁸,
3336 1255 3450 1309 ἀλλ’
3477 1254 3737 1324 Αἰσχίνην

2145 1355 2305 1409 ἄλλον
2345 1354 2642 1424 σύγχρονον
2688 1351 2841 1405 τοῦδε
2877 1350 3163 1421 Ἀθηναῖον
3183 1348 3275 1402 τὸν
3337 1347 3551 1418 πατέρα
3595 1340 3737 1399 εἶναι

2144 1445 2242 1499 τοῦ
2271 1444 2431 1513 λόγου
2463 1443 2654 1514 φησίν.

2218 1529 2387 1598 Οὗτος
2422 1536 2450 1588 6
2479 1534 2735 1605 Αἰσχίνης
2768 1529 2851 1597 εἷς
2884 1528 2952 1603 ἦν
2984 1531 3091 1585 τῶν
3116 1531 3250 1585 δέκα
3285 1529 3552 1601 ρητόρων.
3584 1527 3738 1579 Κατ-

2146 1628 2442 1700 ηγορηθείς
2478 1627 2537 1681 δὲ
2605 1624 3054 1696 παραπρεσϐείας
3090 1622 3195 1677 61:6
3220 1620 3602 1692 Δημοσθένους
3638 1618 3736 1688 ούχ

2147 1721 2311 1787 ἐάλω,
2328 1721 2422 1774 ἆτε
2438 1718 2502 1789 δὴ
2531 1717 2803 1771 Εὐϐούλου
2829 1715 2923 1770 τοῦ
2958 1714 3312 1786 δημαγωγοῦ,
3332 1706 3376 1781 ᾧ
3401 1710 3736 1782 ὑπηρέτησε,

459 1808 719 1873 Eubulus,
751 1809 917 1864 homo
934 1808 1233 1878 popularis,
1249 1807 1336 1864 cui
1360 1807 1730 1862 subservierat
1752 1805 2041 1874 aliquando

2150 1810 2660 1881 συναγωνισαμένου
2705 1806 2855 1877 αὐτῷ
2903 1808 3048 1860 κατά
3098 1804 3380 1873 Δηλιακὸς
3434 1804 3492 1855 ἐν
3528 1800 3605 1871 τῷ
3637 1818 3743 1853 παο

456 1899 771 1968 ἐΕεοΙιὶηεε,
825 1898 1242 1956 Demosthenem
1280 1914 1387 1954 una
1438 1914 1776 1969 oppugnans,
1833 1909 2041 1953 tantum

2153 1907 2492 1981 ρασκευάσαι
2525 1906 2652 1969 τοὺς
2690 1903 2953 1967 δικαστὰς
2991 1901 3289 1973 ἀναστῆναι
3317 1902 3397 1954 ἔτι
3421 1900 3515 1953 τοῦ
3556 1901 3740 1969 Δημο-

457 1992 723 2058 eﬂ‘ecerit,
759 2003 817 2046 ut
850 2001 1141 2062 antequam
1174 1992 1391 2047 dicendi
1432 1990 1597 2046 ﬁnem
1648 1990 2041 2047 Demosthenes

2151 2000 2370 2065 σθένους
2406 2000 2681 2068 λέγοντος.
2714 1998 2981 2068 ’Υστερον
3019 1996 3075 2050 δέ
3103 1998 3492 2065 κατηγορήσας
3518 1992 3610 2046 τοῦ
3639 1992 3745 2061 ψη-

456 2081 701 2149 fecisset,
720 2082 932 2150 iudices
956 2090 1335 2152 exsurgerent.
1364 2081 1492 2137 Post
1522 2096 1652 2135 vero
1683 2097 1805 2137 cum
1855 2096 2041 2150 repre-

456 2173 742 2230 hendisset
784 2172 1075 2228 Eschines
1126 2173 1403 2228 decretum
1460 2171 1595 2243 (48),
1646 2187 1710 2227 ac
1750 2172 1796 2228 si
1847 2181 2040 2228 contra

460 2269 633 2338 legem
664 2266 928 2337 scriptum
971 2275 1139 2333 esset,
1182 2268 1327 2338 quod
1368 2282 1435 2322 ex
1488 2267 1869 2338 Ctesiphontis
1913 2282 2042 2323 sen-

458 2359 634 2414 tentia
658 2359 795 2429 (49),
841 2359 1220 2414 Demosthenis
1253 2360 1396 2416 bono
1425 2361 1688 2430 scriptum
1734 2359 1950 2427 fuerat;
1989 2370 2045 2416 et

459 2450 688 2504 multam
726 2450 843 2520 ipse
896 2450 999 2505 sibi
1053 2449 1453 2518 praeﬁuivisset,
1520 2452 1572 2506 ui
1628 2461 1816 2506 contra
1868 2452 2041 2522 legem

461 2543 719 2612 scriptum
748 2556 867 2598 esse
894 2544 1207 2598 ostenderet
1245 2560 1259 2598 :
1290 2543 1392 2598 hoc
1424 2558 1528 2598 non
1554 2552 1798 2612 ostenso,
1832 2552 1890 2598 ut
1921 2558 2044 2613 pro-

461 2634 706 2699 miserat,
745 2634 922 2704 patria
955 2635 1139 2690 cessit.
1172 2634 1354 2700 Quare
1382 2637 1445 2690 aJ
1497 2634 1869 2691 Alexandrum
1925 2634 2041 2707 (50)

459 2723 695 2796 Philippi
729 2726 897 2780 lilium
936 2726 991 2780 in
1036 2725 1167 2780 Asia
1202 2726 1615 2796 belligerautem
1676 2729 1864 2797 fugere
1921 2728 2044 2783 ani-

460 2831 610 2871 mum
638 2816 883 2883 induxit;
918 2817 1177 2873 sustinuit
1207 2827 1412 2883 tamen,
1456 2819 1640 2872 audito
1688 2818 1807 2889 ejus
1864 2818 2039 2885 obitu,

460 2917 519 2964 et
550 2908 770 2977 cognito
803 2908 992 2979 plenos
1024 2922 1142 2963 esse
1194 2908 1476 2963 turbarum
1532 2924 1901 2965 successores.
1962 2910 2043 2965 Ad

460 3000 712 3054 Rhodum
770 3000 936 3070 igitur
974 3000 1337 3070 adnavigavit,
1372 3000 1425 3054 in
1459 3015 1630 3069 eaque
1682 3001 1886 3057 diutius
1931 3001 2044 3055 ha:-

462 3106 593 3147 rens
620 3092 818 3159 insula,
854 3107 1054 3163 pueros
1085 3093 1284 3148 docuit.
1321 3092 1646 3148 Mirantibus
1677 3108 1807 3149 vero
1827 3094 2045 3149 audito.

462 3182 637 3247 ribus,
699 3184 1161 3255 llazrcntibusque,
1222 3194 1404 3240 tantus
1458 3197 1642 3241 orator
1688 3202 1812 3242 cum
1876 3195 2041 3254 esset,

460 3273 736 3342 quomodo
788 3288 817 3326 a
873 3270 1235 3327 Demosthene
1300 3262 1475 3329 victus
1532 3275 1790 3331 cessisset
1841 3295 1863 3331 ιη
1894 3294 1912 3328 ι
1960 3277 2041 3341 Si,

461 3364 661 3433 inquit,
695 3364 923 3419 bestiam
956 3365 1124 3431 ipsam
1150 3363 1606 3427 (Demosthenem
1654 3367 1910 3421 nimirum
1966 3367 2045 3421 fe-

462 3468 579 3509 ram
621 3453 922 3524 appellans)
982 3455 1298 3522 audissetis,
1363 3471 1469 3511 non
1521 3457 1710 3525 utique
1760 3457 2044 3513 haesitare-

463 3546 533 3599 tis
556 3544 690 3613 (51).
740 3562 759 3599 ι
802 3543 999 3599 Fertur
1043 3545 1117 3600 ibi
1152 3549 1364 3615 primus
1402 3557 1459 3602 et
1492 3549 1758 3613 ﬁctiones,
1795 3561 1851 3604 et
1910 3565 2047 3619 quas

461 3637 642 3692 ferunt
666 3637 1106 3703 declamationes,
1132 3639 1220 3694 illo
1243 3639 1295 3694 in
1318 3641 1429 3695 otio
1453 3643 1841 3712 composuisse.
1869 3642 2050 3697 Senex

462 3730 682 3781 demum
711 3743 743 3782 e
776 3727 967 3783 Rhodo
1003 3730 1057 3783 in
1092 3729 1316 3785 Samum
1349 3732 1628 3801 migravit,
1659 3732 1896 3805 fatisque
1918 3749 2050 3790 con-

462 3825 656 3878 cessit.
692 3823 950 3878 Obscuris
981 3832 1137 3877 natus
1164 3834 1249 3879 est
1301 3826 1653 3893 parentibus;
1709 3837 1865 3897 patre
1922 3829 2046 3898 qui-

462 3911 586 3967 dem
619 3913 923 3980 Atrometo,
968 3924 1142 3970 matre
1194 3931 1324 3972 vero
1375 3916 1710 3974 Glaucothea
1781 3922 2043 3975 sacerdo-

2150 2090 2419 2161 φίσματος
2447 2090 2524 2154 ὡς
2544 2088 2927 2162 παρανόμου,ὃ
2962 2087 3503 2156 κατάΚτησιφῶντος
3533 2082 3743 2155 ἔγραψε

2147 2182 2519 2254 Δημοσθένης,
2572 2182 2664 2235 καὶ
2692 2181 2883 2252 ὁρίσας
2926 2179 2987 2232 τὸ
3017 2178 3321 2250 πρόστιμον
3347 2175 3440 2249 [ἳ9
3463 2174 3553 2247 ΙΙ.]
3579 2176 3743 2238 αὐτὸς

2146 2274 2348 2345 ἑαυτῷ,
2382 2273 2477 2327 ἐὰν
2532 2273 2607 2345 μὴ
2636 2272 2786 2355 δείξῃ
2818 2272 3155 2343 παράνομον,
3214 2271 3289 2341 μὴ
3318 2268 3498 2334 δείξας
3523 2270 3568 2301 ⁷ο
3594 2268 3673 2330 ὡς
3699 2268 3745 2300 ⁷³

2148 2367 2414 2436 ὑπέσχετο
2433 2365 2660 2431 ἐξέπεσε
2684 2364 2783 2435 τῆς
2815 2362 3092 2435 πατρίδος.
3114 2362 3227 2416 Καὶ
3253 2361 3391 2432 πρὸς
3424 2361 3522 2430 μὲν
3553 2359 3744 2424 Ἀλέξ-

2146 2459 2341 2531 ανδρον
2395 2457 2488 2511 τὸν
2513 2455 2781 2509 Φιλίππου
2818 2456 2877 2508 ἐν
2919 2454 3076 2525 Ἀσία
3108 2452 3473 2525 στρατεύοντα
3518 2450 3745 2519 φεύγειν

2144 2549 2410 2621 ὁρμηθεὶς
2434 2546 2724 2618 ἐπεσχέθη,
2756 2545 2849 2599 τὸν
2882 2544 3093 2599 ἐκείνου
3117 2544 3347 2597 θάνατον
3367 2541 3605 2605 ἀκούσας
3654 2543 3749 2595 καὶ

2150 2641 2383 2712 μεστοὺς
2418 2638 2665 2711 θορύϐων
2702 2637 2831 2702 τοὺς
2864 2636 3075 2691 ἐκείνου
3109 2634 3299 2707 μαθὼν
3332 2634 3631 2705 διαδόχους,
3667 2635 3748 2697 είς

2158 2733 2339 2787 Ῥόδον
2377 2732 2434 2786 δέ
2460 2730 2699 2795 πλεύσας
2729 2730 3019 2800 κατέμεινε
3048 2728 3259 2800 χρόνον,
3292 2729 3351 2781 ἐν
3378 2721 3420 2796 ᾧ
3434 2728 3559 2790 τοὺς
3589 2729 3747 2792 νέους

2146 2825 2424 2879 ἐπαίδευε.
2450 2820 2854 2893 Θαυμαζόντων
2879 2821 2935 2874 δὲ
2969 2820 3078 2874 τῶν
3118 2820 3422 2892 ἀκροατῶν,
3477 2820 3571 2873 καὶ
3612 2821 3746 2873 ἀπο-

2146 2917 2389 2989 ρούντων
2432 2915 2584 2979 ὅπως
2611 2912 2883 2984 τοσαύτην
2914 2913 3053 2985 ἔχων
3093 2913 3324 2983 δύναμιν
3356 2911 3450 2965 τοῦ
3509 2913 3745 2985 γράφειν

2145 3009 2252 3064 ὑπὸ
2308 3007 2683 3080 Δημοσθένους
2730 3006 2961 3079 ἡττήθη,
2999 3005 3103 3077 ἔφη
3127 3023 3141 3038 ·
3177 3025 3195 3057 ι
3233 3006 3293 3058 Εἰ
3324 3004 3594 3075 ἠκούσατε
3649 3004 3745 3058 τοῦ

2146 3098 2341 3171 θηρίου
2375 3097 2587 3152 ἐκείνου
2638 3096 2852 3167 (θηρίον
2874 3095 3057 3149 καλῶν
3079 3096 3171 3147 τὸν
3206 3092 3613 3165 Δημοσθένην),
3645 3094 3748 3147 οὒκ

2154 3188 2219 3243 ἂν
2252 3190 2382 3260 ὑμῖν
2434 3189 2594 3242 τοῦτο
2618 3189 2884 3259 ἠπόρητο.
2913 3207 2929 3238 ι
2975 3186 3210 3256 Λέγεται
3241 3186 3297 3239 δέ
3328 3178 3484 3249 οὗτος
3528 3184 3747 3256 πρῶτος

2152 3280 2333 3333 ἐκεῖσε
2389 3278 2668 3349 σχολάζων
2696 3279 2766 3332 τὰ
2808 3279 3105 3349 πλάσματα
3139 3278 3233 3332 καί
3290 3276 3390 3341 τὰς
3441 3277 3747 3347 λεγομένας

2155 3369 2386 3442 μελέτας
2409 3369 2701 3426 συνθεῖναι.
2740 3370 2995 3441 Γηράσας
3023 3369 3081 3423 δὲ
3106 3369 3213 3424 ἀπὸ
3239 3369 3421 3423 Ῥόδου
3452 3371 3532 3433 εἰς
3562 3369 3747 3439 Σάμον

2156 3463 2412 3534 μετέστη,
2444 3465 2606 3516 κάκεῖ
2645 3462 2892 3534 τελευτᾷ.
2924 3457 3035 3515 Ἦν
3072 3462 3130 3515 δέ
3163 3461 3372 3532 πατρὸς
3404 3462 3499 3532 μὲν
3553 3461 3747 3532 Ἀτρο-

2158 3558 2356 3628 μήτου,
2417 3556 2624 3628 μητρὸς
2647 3555 2705 3609 δὲ
2755 3554 3098 3618 Γλαυκοθέας
3135 3554 3236 3623 τῆς
3273 3554 3492 3624 ίερείας,
3527 3554 3745 3623 ἀσήμου

2154 3650 2376 3717 γένους⁶
2410 3648 2674 3719 ἀδελφοὺς
2704 3648 2760 3700 δὲ
2789 3644 2903 3717 εἶχε
2933 3646 3046 3713 δύο,
3078 3645 3376 3715 Ἀφόϐητον
3406 3646 3499 3698 καὶ
3519 3644 3747 3714 Φιλόχα-

2155 3758 2261 3812 ριν.
2302 3741 2375 3795 Τὸ
2400 3741 2500 3812 μὲν
2528 3736 2621 3794 οὖν
2650 3739 2868 3813 πρῶτον
2890 3737 3333 3810 ἐτριταγωνίστει
3358 3736 3748 3808 μεγαλόφωνος

2150 3831 2247 3899 ὣν,
2273 3831 2465 3886 ἔπειτα
2496 3830 2888 3901 ἐγραμμάτευε
2922 3832 2989 3900 τῇ
3049 3827 3236 3901 βουλῇ,
3276 3828 3370 3882 καὶ
3418 3828 3537 3881 κατ’
3561 3827 3747 3896 ὀλίγον

2149 3925 2242 3978 ἐπὶ
2266 3924 2328 3977 τὸ
2349 3924 2700 3995 δημαγωγεῖν
2723 3922 2983 3993 προῆλθε.
3016 3922 3128 3993 Τῆς
3156 3921 3213 3974 δέ
3256 3921 3365 3974 τῶν
3389 3919 3745 3985 Φιλιππιζόν-

465 4012 516 4056 te
552 4003 685 4074 (52).
719 4002 939 4061 Fratres
982 4006 1118 4063 duos
1158 4009 1369 4071 habuit,
1407 4009 1749 4081 Aphobetum
1778 4023 1834 4067 et
1862 4012 2041 4067 Philo-

2150 4031 2254 4069 των
2286 4016 2346 4069 ὲν
2388 4014 2642 4086 Ἀθήναις
2698 4014 2895 4085 μοίρας
2928 4007 3031 4084 ἦν’
3086 4012 3166 4067 διὸ
3197 4012 3293 4066 καὶ
3346 4011 3747 4065 διεπολιτεύετο

463 4094 676 4152 charin.
729 4096 910 4165 Initio,
945 4101 1370 4171 tertiarum(53)
1423 4104 1657 4173 partium
1722 4104 2040 4160 histrionem

2150 4106 2499 4177 Δημοσθένει.
2535 4104 2831 4177 Διακοῦσαι
2869 4104 2927 4158 δὲ
2956 4103 3117 4157 αὐτὸν
3144 4103 3435 4167 Πλάτωνος
3463 4103 3556 4156 καὶ
3583 4102 3745 4154 ’Λντ-

462 4189 572 4259 egit
603 4190 737 4261 (54),
784 4201 844 4246 ut
877 4201 995 4246 erat
1035 4194 1237 4250 vocalis
1273 4213 1288 4249 :
1329 4195 1531 4251 deinde
1566 4196 1789 4252 tabellio
1823 4198 2036 4253 senatui

2150 4198 2343 4269 αλκίδᾳ
2377 4197 2513 4266 φασὶ
2575 4195 2935 4267 μαθητεῦσαι,
2977 4196 3072 4250 καὶ
3105 4192 3245 4248 εἷναί
3269 4196 3312 4226 ⁷⁸
3340 4213 3393 4248 τι
3423 4195 3517 4248 καὶ
3545 4192 3745 4247 ἐκατέ-

461 4279 599 4346 fuit;
648 4292 763 4351 post
796 4298 927 4339 vero
960 4301 1065 4340 non
1094 4286 1183 4340 diu
1226 4287 1291 4341 ad
1324 4288 1722 4355 rempublicam
1750 4303 1811 4344 se
1845 4297 2040 4344 contu-

2155 4307 2248 4361 pou
2273 4289 2472 4360 δεῖγμα
2506 4287 2594 4341 διὰ
2637 4287 2746 4340 τῶν
2783 4286 3035 4357 Αἰσχίνου
3069 4287 3245 4355 λόγων
3275 4287 3353 4352 ⁷⁷,
3404 4284 3464 4338 τὸ
3508 4283 3746 4355 μέγεθος

462 4369 524 4426 lit
571 4372 830 4444 :l‘uitque
886 4375 1120 4430 Athenis
1172 4377 1374 4432 Atticis
1424 4377 1855 4449 Philippicarum
1914 4393 2041 4449 par-

2151 4381 2263 4435 τῶν
2290 4380 2570 4451 ὀνομάτων
2604 4381 2699 4432 καὶ
2722 4377 2818 4451 τὴν
2846 4378 3150 4449 σεμνότητα
3178 4377 3224 4410 ’⁷⁸
3254 4376 3363 4430 τῶν
3382 4376 3741 4445 πλασμάτων.

463 4474 598 4521 tium
628 4470 945 4536 studiosus;
988 4485 1095 4543 qua
1123 4470 1289 4525 etiam
1325 4471 1392 4527 de
1415 4486 1579 4529 causa
1615 4489 1645 4528 a
1672 4472 2041 4529 Demosthene

2155 4473 2433 4538 Διονύσιος
2463 4472 2521 4527 δέ
2554 4489 2686 4526 ποτε
2718 4473 2747 4526 6
2777 4472 3037 4543 σοφιστὴς
3069 4468 3404 4543 ἐντυχὼντῷ
3430 4468 3570 4524 κατά
3600 4466 3744 4536 Τιμ-

1252 4660 1255 4661 ν
1721 4636 1951 4691 VARI/li
1992 4636 2401 4694 LECTIONES.

532 4726 575 4799 ’ξ
605 4725 662 4780 δὲ
689 4728 717 4779 6
742 4727 835 4799 καὶ
859 4746 948 4799 go
998 4729 1043 4761 '"
1071 4728 1205 4799 φησί
1234 4728 1301 4799 A.
1378 4728 1705 4799 ⁷³Κικίλλος
1740 4730 1805 4783 A.
1837 4730 2083 4794 Κικίλιος
2112 4749 2171 4795 ς.
2230 4734 2274 4764 ⁷³⁵
2291 4733 2454 4797 δείξει
2491 4752 2551 4797 ς.

456 4791 528 4869 ἦν
550 4796 630 4851 ἔτι
666 4815 725 4862 ς.
801 4797 846 4829 ⁷⁷
871 4791 964 4851 διὰ
991 4791 1102 4851 τῶν
1128 4791 1197 4837 '—
1220 4798 1393 4868 λόγων
1422 4798 1464 4852 A
1490 4816 1505 4852 :
1538 4799 1629 4852 τὸν
1649 4791 1719 4841 —'
1749 4800 1907 4868 λόγον
1932 4819 1991 4865 ς.
2065 4791 2078 4794 ⁷
2099 4791 2147 4833 τῖ
2178 4804 2211 4873 ἡ
2235 4791 2599 4873 σεμνότηξΛ.

1974 4914 2208 4972 NOTAE.

2073 5016 2127 5076 D
2225 5012 2337 5080 (50)
2373 5013 2509 5067 Vide
2542 5012 2682 5066 Plut.
2712 5008 2956 5073 opuscul.
2995 5006 3083 5080 10,
3119 5017 3262 5061 orat.
3295 5005 3347 5059 in
3377 5003 3581 5080 ﬁsch.

2226 5070 2338 5151 (δι)
2373 5083 2502 5138 Vide
2547 5082 2686 5135 Plin.
2721 5070 2927 5151 Hister.
2995 5070 3087 5151 lib.
3143 5070 3735 5151 vn_,___c.5_0;etl_)lin.

2158 5142 2394 5207 Second.
2446 5152 2541 5207 lib.
2576 5168 2634 5219 ιι,
2663 5151 2824 5220 epist.
2862 5150 2917 5213 5,
2943 5158 2995 5204 et
3026 5149 3182 5201 Auct.
3207 5146 3336 5201 Vide
3362 5145 3552 5201 ΑΞει-ἰι.
3588 5142 3737 5195 ἀνώ-

2628 4734 2674 4764 τ³
2710 4732 2889 4798 δείξας
2917 4729 3065 4791 δὲὼς
3092 4745 3154 4792 ς.
3229 4726 3277 4763 ⁷⁸
3308 4720 3452 4779 εῖναί
3473 4741 3526 4777 τι
3549 4722 3645 4777 καί
3670 4720 3738 4777 A3

555 5083 646 5145 46)
680 5082 840 5136 Forte
868 5082 1139 5145 Caecilius,
1172 5081 1327 5150 cujus
1357 5082 1595 5136 oratoris
1621 5082 1872 5136 meminit
1900 5082 2042 5141 Plut.

555 5012 644 5080 65)
668 5011 823 5066 Nunc
856 5011 925 5065 12
954 5010 1225 5077 leguntur.

555 5013 644 5080 65)
668 5013 823 5066 Nunc
856 5013 925 5065 12
954 5013 1225 5077 leguntur.

531 5013 646 5206 (δεῖ)
680 5082 840 5136 Forte
868 5082 1139 5162 Caecilius,
1172 5081 1327 5150 cujus
1357 5082 1595 5136 oratoris
1621 5082 1872 5136 meminit
1900 5082 2042 5141 Plut.

462 5153 515 5222 i_n
592 5154 666 5206 ita
691 5152 960 5205 Demosth.
988 5162 1037 5205 et
1063 5152 1279 5222 Dionys.
1313 5150 1597 5222 Halicarn.
1634 5151 1802 5222 Epist.
1828 5153 1894 5222 ad
1919 5167 2043 5222 pop.

460 5220 734 5277 Deliacum
770 5231 949 5275 autem
981 5224 1122 5275 hanc
1148 5220 1308 5276 etiam
1329 5220 1601 5275 Plutarch.
1624 5220 2047 5290 Aliscbiuiabju-
2155 5240 2346 5292 νυμον.

436 5293 606 5363 .dicat
630 5292 730 5363 lib.
768 5292 841 5345 De
860 5294 1190 5345 decemorat.
1798 5361 1807 5363 μ
1841 5362 1845 5363 ί
1961 5286 1972 5290 ’
2227 5286 2340 5361 (52)
2359 5291 2576 5363 Ἱέρεια,
2596 5291 2719 5347 alibi
2743 5290 3051 5362 τελέστρια,
3076 5286 3229 5358 quasi
3262 5287 3564 5340 initiati-ix:
3590 5286 3737 5355 apud

535 5362 646 5432 (47)
682 5360 1016 5415 Socraticum
1042 5370 1433 5430 cognomento,
1469 5366 1536 5419 de
1564 5373 1757 5431 quoet
1797 5361 1887 5416 hic
1925 5375 2043 5427 seq.
2158 5363 2314 5418 Suid.

502 5447 586 5487 ac.
625 5442 678 5485 et
708 5433 861 5487 Suid.

464 5445 869 5571 paiisilubgigii
904 5502 1043 5554 idem
1085 5502 1397 5571 ἀνώνυμος,
1425 5501 1549 5556 vitae
1599 5499 2047 5571 Eseltinisﬂscri-

464 5568 585 5643 ptor
614 5568 638 5625 z'
658 5571 783 5625 Ὅτι
817 5572 1055 5643 ἠδυνήθη
1083 5568 1300 5641 κινῆσαι
1350 5570 1449 5642 τὴν
1480 5571 1816 5643 κατηγορίαν
1844 5568 2046 5627 Εὐϐού-

464 5640 557 5694 λου
581 5642 1123 5710 συναγωνισαμένου,
1151 5640 1255 5695 etc.

536 5711 649 5782 (49)
682 5712 944 5782 Ementlo,
976 5712 1003 5764 ὃ
1032 5712 1173 5763 κατὰ
1216 5711 1585 5781 Κτησιφῶντα
1615 5712 1831 5782 ἐγράφη
1851 5715 2041 5782 Δημο-

466 5780 664 5905 legisset,
690 5781 774 5860 fel
803 5780 1025 5847 trajecta
1048 5798 1194 5846 voce,
1220 5782 1247 5834 6
1278 5780 2039 5855 ﬁnépquwOé'VO'JcEypws

519 5867 777 5905 τησιφων.

519 5867 777 5919 τησιφων.

2228 5432 2340 5501 (55)
2372 5430 2487 5486 Cic.
2518 5430 2709 5486 Divina
2736 5432 2788 5485 in
2819 5429 2978 5501 Verr.
3018 5428 3096 5482 sic
3124 5428 3302 5501 reddit
3340 5428 3430 5480 τὸν
3457 5442 3737 5501 τριταγωο

2156 5496 2461 5565 νιστοῦντα,
2495 5502 2587 5571 qui
2628 5504 2805 5557 rarius
2867 5500 2933 5553 ad
2976 5500 3239 5571 agendum
3261 5496 3734 5571 _regred_iebatur,

2152 5588 2316 5641 quam
2349 5574 2437 5640 qui
2476 5566 2838 5626 secundarum
2868 5577 3034 5624 esset.
3076 5567 3222 5621 Idem
3260 5566 3556 5623 Tertiarius
3589 5580 3736 5633 quo-

2156 5657 2261 5712 que
2288 5644 2467 5697 dictus
2500 5643 2717 5712 legitur.

2157 5703 2186 5835 l'
2222 5712 2334 5835 (5f)
2358 5712 2509 5779 Quod
2537 5703 2586 5766 ei
2624 5708 2900 5765 Demosth.
2920 5706 3287 5778 exprobravit.
3307 5716 3449 5762 orat.
3486 5705 3562 5761 De
3587 5703 3739 5767 falsa

2176 5799 2269 5835 ρηα
2303 5824 2315 5835 .

2176 5793 2315 5849 egal.
