4030 6446
282 392 365 453 lii
1013 336 1026 341 -
1363 381 1892 444 BIBLIO’I‘HECA.
1925 385 2176 446 —COD.
2219 385 2407 446 LXII;
3424 377 3526 446 ΠΒ

272 511 412 572 ἀρχου
433 497 699 570 λόγῳ,καὶ
729 498 828 568 τὴν
841 495 1016 568 ἀρχὴν
1037 496 1308 564 ἀναγνοὺς
1335 496 1432 548 τοῦ
1467 497 1756 568 προοιμίου
1771 498 1838 563 ⁷⁸,

1949 498 2096 552 civili
2126 497 2485 554 contentione
2515 494 2795 549 dissensit.
2825 494 3071 549 Platonis
3095 508 3311 564 quoque
3360 497 3520 548 audi-

276 619 293 650 ι
317 595 501 651 Οὐδένα
526 592 745 646 πώποτε
783 591 907 644 οὔτε
947 589 1167 662 γραφὴν
1197 590 1552 660 γραψάμενος
1604 590 1730 643 οὕτε
1774 591 1834 643 ἐν

1944 601 2135 652 torem,
2171 601 2224 645 et
2252 589 2587 644 Anatalcidte
2611 587 2725 656 (55)
2749 589 3074 656 discipulum
3100 588 3268 643 fuisse
3287 587 3478 642 ferunt
3505 606 3520 642 :

267 687 768 757 εὐθύναιςλυπὴσας,
788 705 912 736 ιι-ι
935 684 1057 738 Είθε
1073 685 1300 748 πολλοὺς
1316 685 1562 755 ἐγράψω,
1579 685 1706 754 ἔφη.
1725 683 1837 737 εἴθε

1944 689 1994 736 et
2028 689 2158 734 sunt
2205 681 2491 749 utriusque
2530 678 2606 732 rei
2641 678 2842 732 indicio
2871 678 3021 748 20b
3072 677 3352 733 Eschinis
3404 694 3531 732 ora-

270 783 469 844 πολλοὺς
496 779 796 847 ὲλύπησας,
815 778 904 832 ἵνα
931 777 1147 840 πλείους
1177 777 1582 839 καταλελοιπὼς
1607 777 1838 846 ἐτύγχα-

1947 774 2142 838 tiones,
2185 789 2308 828 cum
2364 773 2654 828 verborum
2714 772 3042 839 granditate,
3092 779 3205 824 tum
3262 772 3530 840 gravitate

267 891 338 936 νες
364 872 581 940 λόγουςέ
616 890 634 922 ι
674 869 849 933 οὕτως
901 868 1045 940 ἥσθη
1099 867 1180 938 τῷ
1208 869 1522 939 χαρακτῆρι
1557 866 1651 921 τοῦ
1684 869 1838 939 ῥήτο-

1947 865 2300 921 inventionis.
2361 864 2652 935 Dionysius
2720 878 2850 918 vero
2895 864 3142 934 sophista
3197 863 3336 935 (56),
3401 879 3524 918 cum

270 981 362 1034 ρος.
926 967 931 974 ’
1947 955 2089 1010 forte
2117 957 2170 1010 in
2189 956 2306 1025 ejus
2328 956 2656 1019 orationem,
2681 970 2846 1025 quam
2873 955 3136 1009 adversus
3169 955 3530 1008 Timarchum

270 1055 451 1120 habuit,
489 1051 797 1114 incidisset,
837 1049 980 1104 lecto
1025 1049 1279 1118 prommii
1305 1049 1423 1117 ejus
1472 1051 1579 1105 hoc
1635 1049 1922 1119 principio,
1967 1065 1987 1099 ι
2037 1047 2296 1114 Equidem
2326 1046 2458 1101 nulli
2521 1061 2761 1114 unquam
2823 1055 2918 1100 aut
2986 1047 3039 1100 in
3107 1041 3312 1113 judicio
3377 1046 3526 1114 peri-

267 1147 420 1201 culum
441 1145 643 1207 creavi,
679 1153 770 1198 aut
811 1144 864 1197 in
891 1143 1196 1199 rationibus
1236 1145 1516 1215 exigendis
1553 1143 1814 1198 molestus
1854 1141 1950 1207 l'ui,
1987 1161 2006 1193 ι
2039 1141 2244 1196 dixisse
2264 1139 2485 1196 fertur:
2526 1158 2546 1192 ι
2579 1137 2800 1194 Utinam
2871 1139 3056 1196 multis
3117 1155 3259 1212 saepe
3315 1141 3529 1212 pericu-

266 1239 354 1291 lum
386 1252 664 1303 creasses;
707 1237 912 1289 utinam
948 1237 1132 1291 multis
1165 1237 1427 1291 molestus
1473 1235 1694 1299 fuisses,
1748 1245 1808 1289 ut
1847 1233 2048 1290 multas
2082 1232 2137 1288 id
2194 1247 2368 1304 genus
2418 1232 2697 1288 orationes
2749 1232 2910 1287 nobis
2975 1231 3288 1302 reliquisses
3319 1233 3466 1303 (57)!
3503 1251 3532 1284 ν

263 1333 392 1387 Adeo
425 1341 505 1386 est
536 1332 774 1386 oratoris
803 1331 968 1399 hujus
1003 1332 1326 1387 charactere
1356 1331 1688 1386 delectatus.

323 1427 460 1478 Ἔστι
493 1425 552 1478 δὲ
579 1428 608 1478 ὁ
639 1425 796 1492 λόγος
835 1426 984 1496 αὐτῷ
1011 1425 1203 1497 ὥσπερ
1268 1426 1548 1495 αὐτοφυὴς
1598 1426 1694 1481 καὶ
1729 1427 1828 1481 αὐ-

1998 1429 2094 1482 Est
2121 1424 2242 1496 ejus
2258 1427 2435 1482 oratio
2456 1433 2708 1496 tauquam
2724 1435 2918 1494 sponte
2949 1436 3074 1478 nata
3103 1432 3160 1480 ct
3184 1434 3528 1494 extempora-

262 1517 530 1587 τοσχὲὄιος,
561 1521 624 1568 οὐ
657 1516 911 1570 τοσοῦτον
943 1517 1120 1581 διδοὺς
1150 1520 1250 1586 τὴν
1274 1519 1474 1591 τέχνην
1504 1519 1831 1588 ἀποθαυμά-

1944 1534 2062 1583 tea;
2083 1533 2190 1573 non
2213 1528 2416 1573 tantam
2447 1518 2602 1579 artis,
2635 1527 2894 1587 quantam
2919 1517 3120 1587 ingenii
3152 1517 3322 1586 ipsius
3346 1518 3522 1572 adrui-

263 1607 359 1670 ζειν
381 1606 423 1636 ⁸⁸
459 1603 554 1657 τοῦ
583 1605 778 1676 ἀνδρὸς
807 1605 931 1658 ὅσον
959 1606 1059 1676 τὴν
1085 1605 1250 1675 φύσιν
1271 1622 1285 1637 ·
1337 1611 1433 1660 καὶ
1453 1610 1561 1679 γὰρ
1593 1608 1694 1661 ὅσα
1723 1609 1834 1660 δει-

1944 1609 2205 1664 rationem
2236 1610 2537 1664 concitans.
2581 1607 2792 1662 Etenim
2841 1623 2964 1661 cum
3001 1608 3227 1678 grandia
3256 1608 3438 1662 omnia
3476 1609 3530 1662 in

261 1702 452 1768 νότητος
487 1697 693 1765 ἔχεται,
735 1696 918 1750 ταῦτα
950 1697 1097 1749 ἐστιν
1121 1698 1306 1768 εὑρεῖν
1339 1699 1491 1765 παρὰ
1522 1701 1637 1763 τοῖς
1653 1698 1833 1766 λόγοις

1944 1700 2048 1772 ajus
2074 1701 2420 1756 orationibus
2456 1700 2718 1770 reperias,
2751 1713 2861 1753 tum
2893 1713 3015 1768 quae
3056 1703 3293 1754 maxime
3319 1710 3526 1755 natura:

262 1787 422 1853 αὑτοῦ,
445 1789 540 1840 καὶ
567 1787 603 1841 ἃ
625 1787 844 1856 φύσεως
874 1789 1076 1858 μᾶλλόν
1115 1791 1234 1842 ἐστι
1285 1789 1578 1860 δείγματα.
1611 1789 1749 1861 Περί
1771 1807 1830 1843 τε

1944 1791 2306 1860 praestantiam
2357 1792 2668 1845 ostendant.
2721 1789 2777 1842 In
2837 1789 3060 1843 vocibus
3103 1789 3248 1842 enim
3296 1790 3528 1858 simplex

261 1881 350 1950 γὰρ
379 1881 472 1949 τὴν
497 1879 798 1948 ὀνομασίαν
837 1880 990 1932 ἐστὶν
1047 1880 1257 1951 ἀφελὴς
1287 1881 1382 1933 καὶ
1418 1880 1682 1950 εὔσημος,
1738 1881 1834 1935 καὶ

1944 1893 1993 1938 et
2025 1881 2315 1948 candidus,
2351 1882 2534 1936 clarus
2570 1889 2778 1945 tamen,
2800 1889 2852 1933 et
2903 1883 2955 1933 in
3022 1883 3330 1935 orationum
3380 1897 3531 1936 com-

263 1970 372 2037 περὶ
392 1967 485 2039 τὴν
503 1969 616 2021 τῶν
639 1968 815 2037 λόγων
838 1969 1088 2024 σύνθεσιν
1119 1971 1243 2026 οὔτε
1267 1971 1410 2038 ἄγαν
1425 1974 1615 2037 ἄτονος
1643 1972 1834 2045 ὥσπερ

271 2060 594 2130 Ἰσοκράτης,
652 2060 780 2113 οὕτε
837 2063 1203 2132 πεπιεσμένος
1248 2065 1344 2118 καὶ
1405 2067 1835 2136 συνεσφιγμένος

260 2141 481 2224 ὥσπερό
510 2154 747 2217 Λυσίαςο
777 2153 1125 2226 πνεύματιδέ
1169 2157 1264 2210 καὶ
1299 2157 1439 2228 τόνῳ
1467 2157 1620 2211 οὐδὲν
1650 2161 1833 2230 Δημο-

262 2245 457 2308 σθένους
482 2245 797 2300 ἀπολείπει.
831 2247 1084 2316 Σχήματι
1129 2247 1187 2301 δὲ
1211 2249 1480 2320 κέχρηται
1503 2249 1746 2313 διανοίας
1773 2267 1836 2304 τε

261 2341 339 2392 καὶ
364 2336 578 2404 λέξεως,
607 2338 669 2390 οὐ
698 2338 836 2408 πρὸς
870 2339 930 2391 τὸ
981 2339 1160 2392 δοκεῖν
1196 2357 1249 2392 τι
1286 2342 1385 2393 σὺν
1432 2341 1598 2413 τέχνῃ
1630 2342 1834 2411 λέγειν,

259 2431 377 2485 ἀλλὰ
451 2432 586 2503 πρὸς
659 2431 724 2486 τὸ
778 2432 1210 2500 ἀναγκαιότατον
1270 2436 1386 2497 τοῖς
1453 2435 1836 2506 ὑποκειμένοις

261 2525 546 2594 πράγμασι.
589 2525 680 2578 Διὸ
719 2526 814 2578 καὶ
845 2525 1203 2598 ἀπάνουργός
1237 2543 1357 2589 πως
1415 2528 1445 2580 6
1486 2527 1643 2596 λόγος
1695 2523 1836 2582 εἶναι

260 2617 403 2680 δοκεῖ,
434 2616 526 2670 καὶ
552 2615 630 2679 ὡς
651 2616 751 2681 τὰς
788 2619 848 2670 ἐν
874 2617 1071 2687 πλήθει
1096 2619 1387 2690 ῥητορείας
1418 2621 1514 2673 καὶ
1539 2621 1665 2682 τοὺς
1688 2620 1835 2673 ἰδιω-

262 2709 423 2770 τικοὺς
448 2707 646 2774 λόγους
678 2709 720 2740 ⁸¹
757 2708 996 2778 μάλιστα
1036 2709 1339 2780 ἐμπρέπων
1360 2725 1377 2743 ο
1410 2710 1507 2764 καὶ⁸
1565 2712 1677 2783 γὰρ
1713 2712 1836 2766 οὐδὲ

262 2797 667 2868 ἐπιχειρήμασιν
718 2797 839 2851 οὐδὲ
900 2798 1255 2870 ἐνθυμήμασι
1320 2800 1552 2871 συνεχής
1602 2818 1689 2866 τις
1740 2802 1837 2855 καὶ

259 2890 362 2945 λίαν
395 2889 483 2961 [64
541 2889 1119 2962 Β.1ὲκ6ε6ιασμένος.
1171 2893 1275 2946 Τδν
1334 2892 1518 2963 μέντοι
1566 2893 1834 2947 Λυσανίου

259 2981 498 3051 Αἰσχίνην
526 2981 680 3036 ἄλλοι
709 2999 769 3035 τε
809 2981 906 3036 καὶ
923 2983 1188 3054 Φρύνιχος
1242 2983 1468 3054 μᾶλλον,
1509 2983 1568 3037 δν
1597 2987 1692 3038 καὶ
1720 2986 1837 3039 Σω-

260 3075 499 3146 κρατικὸν
545 3073 829 3141 καλοῦσιν,
863 3077 945 3140 είς
973 3077 1102 3141 τοὺς
1150 3075 1406 3146 ἀρίστους
1439 3076 1704 3147 ἐγκρίνει,
1736 3093 1839 3131 κα-

1935 1975 2229 2045 positione,
2311 1988 2488 2042 neque
2543 1972 2700 2027 valde
2751 1971 3039 2040 languidus
3121 1981 3180 2026 ut
3235 1970 3530 2033 Isocrates,

1936 2084 2113 2138 neque
2182 2075 2500 2122 contractus
2547 2074 2604 2120 et
2671 2065 2931 2119 astrictus
2987 2073 3049 2116 ιιι
3071 2063 3290 2133 \Lysias
3337 2081 3352 2118 :
3411 2065 3530 2133 ipso

1934 2162 2160 2230 insuper
2205 2160 2400 2229 spiritu
2457 2174 2523 2214 ac
2576 2158 2932 2214 contentione
2983 2156 3119 2210 nihil
3169 2154 3532 2211 Demosthene

1935 2255 2188 2311 inferior.
2239 2254 2624 2310 Schematibus
2652 2263 2920 2324 praeterea
2958 2269 3081 2307 cum
3110 2253 3526 2312 sententiarum.

1936 2356 2050 2400 tum
2077 2346 2366 2400 verborum
2402 2345 2476 2400 ita
2511 2359 2643 2399 usus
2677 2354 2782 2408 est,
2805 2351 2912 2397 nun
2949 2351 3056 2396 tam
3093 2352 3152 2396 ιιι
3187 2353 3328 2405 arte,
3362 2358 3527 2412 quam

1937 2454 2035 2506 pro
2071 2436 2331 2502 subjectae
2369 2436 2444 2491 rei
2477 2451 2542 2491 ac
2597 2435 2814 2506 negotii,
2837 2434 3188 2498 necessitate,
3226 2432 3412 2488 dicere
3449 2432 3532 2487 vi-

1935 2533 2150 2588 deatur.
2190 2529 2558 2597 Quamobrem
2623 2539 2678 2584 et
2717 2528 2948 2598 simplex
2991 2536 3157 2596 atque
3195 2527 3531 2581 inelaborata

1934 2623 2054 2694 ejus
2095 2632 2320 2693 apparet
2356 2623 2543 2688 dictio,
2581 2635 2647 2675 ac
2675 2622 2842 2675 veluti
2881 2618 3129 2690 populari
3179 2618 3438 2682 orationi,
3474 2631 3532 2674 et

1935 2712 2149 2782 privato
2206 2712 2444 2765 sermoni
2487 2711 2724 2765 maxime
2797 2711 3146 2765 conveniens.
3210 2705 3330 2762 Non
3382 2709 3531 2763 enim

1935 2799 2021 2854 vel
2062 2798 2117 2853 in
2150 2797 2693 2862 ratiocinationibus,
2727 2797 2810 2851 vel
2841 2797 2893 2851 in
2928 2795 3355 2866 enthymematis
3392 2795 3533 2848 mul-

1941 2901 2050 2957 tus,
2085 2891 2424 2961 nimiumque
2460 2900 2707 2946 coactus.
2735 2890 3009 2946 Carterum
3046 2887 3366 2943 [Eschinem
3392 2886 3531 2955 (58),

1936 2981 2194 3054 Lysania:
2283 2983 2478 3048 lilium,
2568 2997 2731 3052 quem
2812 2995 2868 3036 et
2947 2979 3289 3035 Socraticum
3362 2979 3534 3032 nomi-

1938 3083 2092 3141 nant,
2126 3090 2251 3129 cum
2285 3075 2374 3128 alii
2405 3076 2608 3143 plures,
2647 3084 2758 3127 tum
2789 3072 3134 3143 Phrynichus
3154 3071 3269 3142 (59)
3307 3070 3535 3138 potissi-

259 3167 369 3219 νόνα
427 3168 570 3238 μετά
612 3183 677 3237 γε
725 3167 854 3231 τοὺς
906 3165 1159 3240 πρώτους
1204 3168 1452 3223 Ἀττικοῦ
1506 3168 1665 3238 λόγου
1717 3170 1838 3232 τοὺς

1951 3182 2121 3231 mum,
2165 3165 2216 3219 in
2246 3165 2468 3234 optimis
2525 3165 2858 3226 oratoribus,
2913 3172 2973 3216 ut
3027 3162 3270 3232 regulam
3316 3163 3533 3224 statuit,

257 3260 450 3313 ἐκείνου
478 3259 919 3330 ἀποφαινόμενος
940 3260 1133 3330 λόγους
1162 3260 1232 3314 ⁸³.

983 3432 1106 3487 ΞΒ’.

259 3526 636 3598 Πραξαγόρου
659 3526 982 3599 Ἀθηναίου
1013 3527 1125 3595 τῆς
1149 3529 1300 3582 κατὰ
1330 3528 1438 3581 τὸν
1459 3528 1661 3599 Μέγαν
1687 3532 1844 3583 Κων-

553 3596 880 3652 σταντῖνον
915 3599 1182 3666 ἱστορίας
1213 3600 1427 3663 βιϐλία
1450 3600 1534 3663 β’.

321 3691 406 3763 [50
444 3690 539 3764 Η.)
581 3689 926 3760 ’Δνεγνώσθη
952 3691 1316 3764 Πραξαγόρου
1346 3695 1392 3726 ⁸³
1420 3693 1514 3747 τοῦ
1541 3695 1842 3766 Ἀθηναίου

262 3782 346 3852 τῆς
369 3783 532 3837 Κατὰ
555 3782 876 3850 τὸνΜέγαν
886 3783 1634 3854 Κωνσταντῖνονὶστορίας
1661 3785 1843 3856 βιϐλία

263 3876 360 3931 δύο.
390 3878 480 3930 Ἐν
518 3871 602 3939 οἷς
630 3875 813 3943 λόγοις
861 3875 1116 3942 διέξεισιν
1153 3876 1238 3929 ὅτι
1264 3877 1293 3928 6
1342 3877 1525 3948 πατὴρ
1554 3879 1844 3930 Κωνσταν·

265 3968 392 4021 τίνου
418 3969 804 4033 Κωνστάντιος
847 3968 1146 4040 Βρετανίας
1195 3969 1514 4022 ἐϐασίλευσε
1556 3969 1624 4034 ⁸⁸,
1664 3970 1842 4036 Μαξι-

268 4063 399 4130 μῖνος
422 4061 480 4114 δὲ
513 4060 616 4131 τῆς
651 4059 874 4133 Ῥώμης
907 4062 999 4114 καὶ
1025 4062 1125 4130 τῆς
1150 4061 1318 4132 ἄλλης
1356 4063 1585 4126 Ἰταλίας
1618 4063 1712 4116 καὶ
1753 4064 1842 4118 Σι-

266 4152 455 4214 κελίας,
480 4154 512 4206 6
533 4153 592 4206 δὲ
643 4152 832 4224 ἕτερος
856 4153 1163 4222 Μαξιμῖνος
1194 4157 1295 4225 τῆς
1326 4171 1387 4207 τε
1447 4153 1701 4216 Ἑλλάδος
1747 4157 1842 4208 καὶ

264 4244 351 4312 τῆς
386 4246 540 4298 κάτω
583 4245 770 4309 Ἀσίας
801 4246 899 4299 καὶ
956 4246 1207 4318 Θρᾴκης·
1263 4247 1644 4318 Διοκλητιανὺς
1697 4248 1777 4312 δὲ,
1814 4250 1843 4302 6

262 4336 345 4388 καὶ
373 4337 480 4388 τῶν
509 4335 687 4390 ἄλλων
718 4336 1119 4407 πρεσϐύτατος,
1170 4338 1272 4409 τῆς
1298 4355 1359 4391 τε
1409 4339 1664 4404 Βιθυνίας
1703 4336 1843 4412 ἦρχε

263 4425 344 4478 καὶ
369 4427 463 4496 τῆς
505 4427 768 4498 Ἀραϐίας
796 4429 893 4481 καὶ
919 4429 1018 4499 τῆς
1042 4429 1252 4497 Λιϐύης
1279 4428 1373 4483 καὶ
1403 4431 1502 4500 τῆς
1537 4431 1839 4500 Αἰγύπτου,

1944 3257 2178 3328 ejusque
2211 3256 2502 3312 orationes
2541 3266 2676 3326 post
2717 3255 2883 3310 Attici
2939 3253 3209 3311 sermonis
3261 3253 3534 3323 principes

1944 3349 2197 3406 COIIOCaL

2665 3429 2826 3496 LXII.

2022 3535 2351 3604 Praxagorw
2382 3533 2718 3615 Atheniensis
2735 3536 2813 3656 (et:
2845 3533 3005 3616 rebus
3033 3532 3372 3589 Constantini
3411 3533 3531 3588 Μα-

2617 3619 2706 3656 οηι
2756 3621 2769 3654 ι
2812 3619 2856 3656 rt
2881 3618 2942 3656 tt.

2617 3619 2706 3672 gn:
2735 3618 2856 3656 tum
2881 3618 2942 3658 tt.

2017 3697 2167 3751 Lecti
2210 3706 2337 3751 sunt
2373 3696 2704 3764 Praxagorae
2734 3695 3088 3750 Atheniensis
3115 3695 3189 3750 De
3208 3697 3366 3766 gestis
3393 3695 3533 3751 Con-

1943 3794 2164 3848 stantini
2205 3791 2391 3861 Magni
2420 3792 2769 3844 historiarum
2795 3789 2935 3845 libro
2967 3791 3074 3845 duo
3107 3809 3121 3844 :
3163 3791 3366 3856 quibus
3403 3806 3532 3844 nar-

1947 3895 2032 3938 rat
2058 3882 2409 3939 Constantini
2471 3893 2684 3950 patrem
2713 3881 3099 3938 Constantium
3145 3881 3442 3935 Britanniae
3480 3891 3536 3934 et

1947 3974 2220 4045 Hispania:
2246 3974 2357 4045 (60)
2397 3975 2735 4044 imperasse;
2768 3974 3124 4029 Maximinum
3175 3973 3362 4028 Romae
3391 3973 3531 4045 (61),

1944 4076 1999 4122 et
2032 4074 2244 4121 ca‘tera:
2279 4065 2466 4126 Italiae,
2497 4075 2662 4135 atque
2719 4064 2922 4120 Siciliae
2956 4078 3184 4135 regnum
3250 4064 3488 4118 tenuisse
3517 4082 3530 4116 :

1943 4158 2176 4212 alterum
2207 4171 2338 4211 vero
2371 4155 2727 4210 Maximinum
2779 4155 3072 4216 Graeciam,
3131 4152 3532 4215 Macedoniam,

1951 4251 2331 4317 minoremque
2363 4249 2578 4312 Asiam,
2603 4261 2668 4302 ac
2704 4246 3000 4300 Thraciam
3035 4259 3332 4314 occupasse
3363 4262 3377 4297 :
3407 4244 3535 4298 Dio-

1945 4339 2238 4396 cletianum
2261 4347 2468 4402 autem,
2502 4338 2596 4408 qui
2647 4345 2878 4391 czeteros
2909 4345 3068 4389 actate
3110 4334 3375 4398 anteibat,
3433 4332 3528 4386 Bi-

1948 4431 2196 4502 thyniam
2267 4430 2562 4496 habuisse;
2624 4428 2886 4484 Arabiam
2945 4428 3097 4491 item,
3155 4435 3210 4481 et
3268 4425 3534 4490 Africam,

262 4521 378 4589 ὅσην
403 4523 432 4574 6
465 4521 658 4584 Νεῖλος
688 4521 1062 4592 ἐπερχόμενος
1087 4521 1263 4592 ἄρδει.
1296 4521 1400 4574 Τὸν
1429 4520 1522 4576 οὖν
1548 4525 1838 4578 Κωνσταν-

1947 4533 2112 4593 atque
2141 4521 2362 4592 Egypti
2398 4536 2616 4576 omnem
2645 4536 2797 4576 oram
2825 4534 2986 4589 quam
3031 4517 3182 4573 Nilus
3219 4517 3394 4571 alluit.
3427 4515 3532 4586 Igi-

263 4615 390 4666 τίνον
409 4616 438 4666 6
468 4615 654 4685 πατὴρ
680 4612 894 4683 πέμπει
939 4613 1090 4683 παρὰ
1123 4614 1171 4647 ⁸⁸
1201 4613 1590 4684 Διοκλητιανδν
1638 4617 1721 4680 είς
1749 4617 1841 4670 Νι-

264 4704 543 4776 κομήδειαν
578 4704 1097 4775 παιδευθησόμενον.
1124 4703 1325 4775 Παρὼν
1359 4705 1438 4768 δὲ,
1472 4707 1628 4777 φησὶ,
1661 4708 1840 4774 Μαξι-

267 4796 402 4861 μῖνος
433 4795 585 4865 ὁτῆς
632 4797 785 4852 κάτω
835 4795 1018 4859 Ἀσίας
1075 4794 1376 4865 βασιλεύων
1421 4796 1503 4860 εἰς
1546 4796 1839 4860 ἐπιϐουλὰς

263 4883 475 4956 ὥρμησε
522 4886 618 4941 τοῦ
679 4887 823 4951 νέου,
873 4887 970 4942 καὶ
1025 4888 1162 4960 προς
1204 4888 1386 4960 μάχην
1429 4887 1605 4941 λέοντι
1655 4887 1834 4960 ἀγρίῳ

1949 4624 2035 4668 tur
2061 4613 2484 4668 Constantinum
2519 4621 2675 4681 pater
2708 4612 2775 4664 ad
2825 4609 3228 4664 Diocletianum
3279 4608 3537 4663 Nicome-

1947 4704 2092 4758 diam
2121 4702 2482 4757 erudiendum
2519 4701 2690 4756 misit.
2725 4698 2933 4753 Aderat
2962 4708 3074 4752 Ittm
3103 4697 3248 4752 forte
3279 4697 3533 4751 Maximi-

1960 4810 2064 4850 nus
2087 4795 2202 4861 ille,
2233 4794 2328 4864 qui
2363 4793 2608 4849 inferiori
2638 4792 2784 4847 Asiae
2812 4791 3182 4861 imperitabat,
3218 4799 3274 4844 et
3306 4789 3533 4844 insidias

1941 4887 2280 4943 adolescenti
2325 4888 2551 4942 tendere
2576 4885 2817 4940 animum
2859 4884 3147 4949 inducens,
3181 4883 3248 4936 ad
3296 4898 3533 4953 pugnam

1530 5000 1768 5057 VARUE
1804 5001 2213 5060 LECTIONES.

329 5095 374 5172 Τ.
403 5100 695 5172 ’ἶρορέμίον
723 5096 797 5172 ᾡς
827 5096 1024 5172 θρδένα
1042 5096 1851 5172 -γρᾳψάμενρςὼφθηνρῦῖε
1885 5118 1956 5172 ςέ
2023 5102 2071 5134 ⁸⁸
2102 5101 2385 5172 ἀποθαυμ.
2417 5099 2520 5172 τὴν
2545 5099 2742 5172 τεχνην
2771 5115 2832 5172 ς.
2907 5097 2966 5172 εξ·
2984 5097 3103 5158 ταῖς
3124 5123 3196 5172 -τ
3219 5090 3530 5172 ῥητορείαις

267 5167 350 5219 καὶ
373 5166 486 5229 τοῖς
514 5166 802 5228 ἰδιωτικοῖς
835 5167 1017 5235 λόγοις
1041 5187 1104 5233 ς.

267 5303 307 5337 ⁸³
327 5303 478 5378 παρᾶ
497 5308 542 5361 Δ
569 5322 582 5358 :
609 5306 749 5376 πρός
782 5325 844 5372 ς.

1209 5166 1260 5243 ῗί
1296 5166 1421 5243 βοεὲ
1448 5166 1662 5243 λόγόυς
1683 5168 1774 5243 in}!
1799 5170 1882 5223 ὅτι
1913 5171 1962 5243 ρὶ
1991 5166 2339 5243 μαργαρῖται
2373 5201 2447 5212 -
2473 5166 2640 5224 πολυ
2660 5166 2720 5243 ἐν
2747 5169 2814 5239 τῇ
2846 5168 3050 5243 χρήσει·
3070 5166 3224 5243 ponit
3247 5167 3440 5243 Anqute
3472 5180 3525 5230 ι).

265 5235 358 5314 ξξὲσ
388 5237 659 5314 leguntur.
702 5306 714 5314 _
752 5235 800 5267 ⁸³
848 5237 1229 5311 Πραξαγόρου]
1275 5235 1632 5312 πραξαγόρου
1666 5238 1762 5293 τοῦ
1797 5235 2146 5314 πραξαγόρου
2179 5235 2244 5298 Ᾱ.

2348 5243 2395 5275 ⁸³
2429 5239 2761 5314 Βρεττανίας
2788 5233 2949 5291 ’ἀει
2979 5236 3224 5298 Σικιλίας
3255 5233 3415 5288 ἐϐασ.
3465 5251 3532 5298 ς’.

1791 5394 2026 5456 NO’I'JE.

338 5488 453 5561 (55)
486 5489 584 5544 Inl'.
621 5491 742 5545 cod.
777 5490 1036 5546 CCLXIV
1079 5499 1136 5546 et
1187 5490 1240 5544 in
1302 5490 1583 5546 Plutarchi
1640 5490 1834 5545 Decem

268 5563 560 5615 oratoribus
591 5561 972 5617 Leodamantis
997 5562 1212 5617 auditor
1238 5561 1458 5618 dicitur.
1493 5563 1676 5618 Suidat
1710 5575 1839 5618 vero

270 5630 642 5685 Alcidamantis
664 5631 879 5686 Eleatze.

335 5700 448 5832 ἔξω
479 5700 642 5770 Cujus
668 5703 830 5756 vitam
859 5701 1027 5758 habes
1051 5703 1192 5774 apud
1228 5701 1409 5757 Laert.
1439 5701 1534 5758 lib.
1569 5717 1627 5756 ll.

358 5772 446 5832 υτ)
471 5770 602 5824 InIr.
636 5773 756 5827 cod.
789 5771 1016 5826 CLVIII.

358 5771 446 5842 57)
471 5770 602 5842 InIr.
636 5773 756 5827 cod.
789 5771 1016 5826 CLVIII.

334 5840 444 5911 (58)
475 5841 637 5910 Cujus
675 5844 839 5899 vitam
866 5844 1032 5901 habes
1063 5846 1202 5915 apud
1233 5843 1416 5900 Lacrt.
1460 5844 1554 5900 lib.
1585 5858 1642 5900 tt.

2017 5498 2130 5566 (so)
2165 5497 2261 5550 IuI‘.
2300 5498 2420 5552 cod.
2449 5494 2677 5552 (:Lvut.

2172 5568 2412 5642 Ἰϐηρίας
2474 5569 2575 5621 hoc
2626 5567 2745 5621 loco
2775 5577 2874 5636 pro
2904 5561 3154 5626 Σικελίας
3218 5559 3530 5633 legendum,

1941 5638 2186 5693 historia:
2215 5638 2456 5692 monent.

2011 5709 2126 5778 (61)
2159 5707 2565 5778 Maximianum,
2597 5703 2949 5763 Maximinum
2985 5711 3041 5758 et
3067 5702 3333 5760 Licinium
3359 5701 3528 5772 intpp.

1935 5777 2150 5837 videtur
2176 5777 2535 5834 confundere.
