4030 6456
462 370 565 436 119

1566 368 1831 427 PHOTII
1871 364 2383 426 PATRIARClI/E
2423 369 2532 427 ΟΡ.

3618 372 3719 437 τεο

455 501 576 540 cum
613 484 753 553 21a
814 482 931 538 fero
997 482 1151 537 leone
1202 481 1491 534 iucundam
1541 480 1872 546 composuit.
1932 478 2027 532 llic

2133 479 2423 547 καθίστησι
2448 478 2539 530 τὸν
2568 478 2813 531 νεανίαν·
2846 482 2874 533 6
2893 479 2950 533 δὲ
2980 479 3041 533 τὸ
3065 481 3166 549 μὲν
3193 480 3383 550 θηρίον
3438 486 3720 556 κρατήσας

461 588 586 630 vero
622 575 792 629 feram
826 590 1110 642 superans.
1145 575 1365 639 occidit,
1423 574 1883 644 deprehensisque
1942 579 2030 630 in-

455 668 632 729 sidiis,
665 672 732 722 ad
777 678 985 735 patrem
1016 667 1258 736 confugit
1294 686 1306 722 :
1342 682 1449 736 quo
1490 670 1597 721 vita
1635 668 1795 724 simul
1832 677 1887 721 et
1922 670 2026 722 im-

453 764 608 831 perio
642 762 846 827 functo,
886 778 1107 829 regnum
1148 763 1289 817 filius
1324 764 1560 832 excepit.

526 856 603 910 Eo
628 856 849 923 potitus,
887 856 1072 913 Gallos
1120 866 1171 912 et
1204 856 1527 923 Germanos,
1559 867 1748 927 gentes
1775 860 2033 913 ﬁnitimas

456 964 521 1004 ac
549 950 836 1015 barbaras,
890 950 942 1003 in
984 960 1309 1019 potestatem
1347 952 1578 1019 redegit.
1627 953 1855 1022 Cognito
1907 953 2031 1008 dein

456 1043 884 1111 impotenter'ac
910 1042 1194 1113 tyrannice
1224 1044 1463 1099 subditis
1490 1044 1763 1112 imperare
1798 1043 2034 1098 Maxen-

456 1137 587 1190 tium
642 1136 769 1204 (hic
800 1146 921 1204 post
963 1135 1316 1191 Maximinum
1353 1137 1544 1191 Roma:
1588 1137 2031 1207 dominabatur),

456 1226 862 1293 expeditionem
893 1227 1152 1281 adversus
1173 1241 1296 1281 eum
1334 1227 1593 1293 suscepit,
1626 1241 1816 1293 poenas
1851 1234 2035 1297 tyran-

460 1318 604 1371 nidis
637 1317 688 1371 in
739 1318 988 1372 subditos
1016 1326 1332 1372 exacturus.
1370 1316 1490 1370 Mox
1544 1317 1727 1381 prmlio
1762 1318 2031 1382 superior.

456 1408 510 1463 in
565 1389 745 1476 fugam
776 1419 1069 1480 tyrannum
1121 1408 1415 1463 convertit.
1482 1407 1577 1463 Ille
1629 1423 1758 1463 vero
1795 1408 2033 1475 fugiens,

454 1514 615 1569 quem
673 1500 922 1553 hostibus
973 1514 1069 1567 per
1123 1499 1304 1552 dolum
1359 1498 1636 1552 interitum
1694 1499 2037 1555 machinatus

452 1603 555 1653 est,
588 1592 703 1657 ipse
739 1594 957 1659 reperit,
988 1592 1039 1644 in
1074 1592 1304 1652 foveam,
1338 1605 1498 1656 quam
1558 1590 1680 1644 aliis
1726 1600 2033 1660 paraverat,

453 1682 686 1736 delatus.
732 1681 900 1747 Hujus
930 1690 1092 1745 caput
1126 1681 1355 1735 Romani
1394 1696 1421 1733 a
1453 1696 1680 1749 corpore
1736 1691 2031 1743 resectum,

2131 570 2329 633 ἀνεῖλε,
2353 570 2453 638 τῆς
2481 571 2538 624 δέ
2563 570 2855 639 ἐπιϐουλῆς
2880 571 3203 639 αίσθόμενος
3227 572 3419 641 φεύγει
3451 573 3587 642 πρὸς
3631 579 3722 633 τδν

2134 663 2364 731 πατέρα.
2396 656 2472 716 UE
2504 662 2595 714 τὸν
2623 662 2737 721 βίον
2770 662 3017 726 λιπόντος
3069 665 3099 716 6
3132 666 3263 726 παῖς
3289 665 3570 735 ἐκδέχεται
3621 669 3715 741 τὴν

2133 752 2435 822 βασιλείαν.

2205 847 2420 916 Ταύτης
2462 847 2519 900 δέ
2553 847 2749 911 ἐπιϐἀς
2798 847 3039 910 Κελτοὺς
3085 849 3178 901 καὶ
3218 850 3554 920 Γερμανοὺς,
3590 851 3718 924 ἐθνη

2133 939 2402 1009 πρόσοικα
2445 940 2538 992 καὶ
2572 937 2822 1008 βάρϐαρα
2846 981 2860 1003 ,
2894 941 3619 1010 κατεστρέψατο.ἰὶσελ.γῶς
3654 948 3709 1001 δὲ

2133 1032 2229 1082 καλ⁵
2256 1028 2469 1100 βαρέως
2512 1030 2619 1082 τῶν
2649 1029 2905 1100 ὑπηκόων
2951 1029 3144 1099 ἄρχειν
3184 1032 3488 1098 Μαξέντιον
3533 1034 3739 1101 μαθὼν·

2137 1114 2314 1192 (οὗτος
2360 1123 2406 1175 δ’
2467 1120 2555 1193 ἀρ’
2616 1116 2685 1191 ἦν
2755 1121 2894 1191 μετὰ
2943 1122 3254 1190 Μαξιμῖνον
3277 1123 3388 1176 τῶν
3430 1125 3489 1177 ἐν
3535 1124 3720 1198 Ῥώμῃ

2134 1214 2412 1279 καταστὰς
2433 1213 2668 1285 κύριος),
2696 1215 3056 1283 ἐστράτευσεν
3084 1214 3172 1267 ἐπ’
3221 1214 3405 1278 αὑτὸν,
3440 1216 3596 1279 δίκας
3624 1219 3722 1286 τῆς

2136 1308 2218 1369 εἰς
2250 1308 2378 1370 τοὺς
2431 1307 2767 1377 ἀρχομένους
2797 1307 3147 1376 παρανομίας
3181 1308 3577 1378 πραττόμενος.
3611 1311 3722 1365 Καὶ

2139 1398 2286 1469 μάχῃ
2337 1399 2568 1469 νικήσας
2599 1400 2657 1461 ἐς
2684 1399 2862 1469 φυγὴν
2893 1398 3111 1469 ἔτρεψε.
3142 1400 3365 1467 Φεύγων
3405 1400 3483 1461 δὲ,
3510 1402 3579 1470 ἢν
3611 1407 3721 1468 τοῖς

2136 1490 2415 1560 πολεμίοις
2443 1491 2606 1553 αὐτὸς
2650 1491 2930 1553 ἀπωλείας
2962 1491 3313 1563 ἐδολορῤάφει
3370 1494 3620 1564 μηχανὴν
3650 1497 3717 1560 ⁸⁸,

2134 1583 2340 1652 ταύτην
2386 1582 2584 1653 εὕρατο
2612 1582 2710 1634 τοῦ
2754 1582 2871 1651 βίου
2903 1585 3311 1654 καταστροφὴν,
3346 1588 3411 1656 τῇ
3458 1589 3589 1655 παρ’
3623 1590 3722 1643 αὑ-

2136 1674 2231 1728 τοῦ
2262 1673 2775 1746 κατασκευασθείσῃ
2804 1673 3031 1745 διώρυγι
3083 1674 3421 1743 περιπεσών.
3451 1676 3564 1746 Τὴν
3602 1680 3723 1747 μέν-

452 1770 729 1840 hastazque
783 1771 1119 1839 impositum,
1180 1786 1277 1838 per
1339 1773 1529 1826 urbem
1592 1774 1924 1839 gestabant:
1978 1782 2027 1828 et

2136 1782 2217 1817 τοι
2242 1764 2434 1818 τούτου
2490 1763 2737 1833 κεφαλήν
2773 1780 2922 1827 τινες
2955 1763 3064 1818 τῶν
3108 1764 3397 1834 Ῥωμαίων
3420 1766 3722 1835 ἀποτεμόν-

451 1863 645 1919 victori
693 1863 1056 1920 Constantino
1114 1866 1346 1922 libentes
1384 1881 1443 1921 se
1479 1882 1542 1921 ac
1572 1867 1816 1924 volentes
1866 1869 2027 1923 etiam

2136 1872 2225 1918 τες
2270 1854 2365 1908 καὶ
2404 1855 2547 1924 ξύλῳ
2583 1856 2923 1925 ἀρτήσαντες
2954 1854 3051 1924 τὴν
3114 1854 3270 1908 πόλιν
3312 1856 3719 1926 περιεπὸλευον.

452 1954 616 2025 hujus
649 1958 798 2026 regni
830 1959 1021 2013 incola:
1057 1959 1404 2017 dediderunt.

524 2140 727 2193 Audito
786 2155 1004 2194 rursum
1057 2140 1327 2197 Licinium
1377 2160 1595 2213 quoque
1640 2149 1931 2204 crudeliter
1979 2159 2036 2206 et

454 2230 753 2287 inhumane
792 2233 906 2288 suis
933 2232 1107 2299 abuti,
1142 2236 1227 2289 cui
1268 2252 1395 2305 pars
1421 2238 1507 2292 illa
1545 2238 1759 2308 imperii
1792 2240 2031 2299 obvene-

452 2333 559 2388 rat,
591 2339 756 2394 quam
782 2325 1113 2381 Maximinus
1158 2328 1240 2395 (is
1275 2330 1366 2398 qui
1396 2330 1759 2389 Constantino
1786 2350 1882 2403 per
1916 2336 2032 2390 len-

455 2429 575 2468 nem
609 2416 834 2470 insidias
871 2420 1182 2485 Struxerat)
1227 2431 1491 2483 tenuerat,
1519 2434 1864 2493 mortemque
1885 2426 2034 2482 obie-

451 2517 535 2560 rat
573 2525 586 2560 :
621 2523 725 2561 non
777 2509 957 2564 ferens
1014 2511 1413 2566 intolerandam
1467 2516 1681 2572 civibus
1714 2517 1821 2570 vim
1861 2528 2030 2588 atque

454 2594 708 2659 injuriam
738 2597 949 2664 inferri,
1004 2604 1191 2669 capias
1223 2603 1350 2657 item
1382 2615 1573 2661 contra
1623 2608 1769 2664 hunc.
1820 2611 2029 2680 eduxit,

452 2701 560 2752 quo
625 2689 968 2757 tyrannidem
1034 2691 1278 2758 legitimo
1335 2707 1701 2753 commutarct
1776 2701 2029 2770 imperio.

450 2776 696 2831 Licinius
731 2778 885 2844 vero,
944 2778 1219 2835 intellecta
1259 2782 1310 2837 in
1361 2798 1422 2838 se
1465 2785 1834 2855 expeditione,
1885 2800 2029 2847 metu

451 2869 750 2934 perculsus,
840 2870 1238 2927 immanitatem
1318 2877 1493 2940 texit,
1566 2878 2032 2952 humanitatisque

450 2961 686 3022 speciem
723 2961 1037 3030 prteferens,
1088 2964 1443 3033 jnreinrando
1480 2969 1645 3023 etiam
1682 2985 1741 3026 se
1795 2974 2033 3029 obstrin-

451 3052 554 3114 xit,
590 3054 916 3108 clementem
950 3056 1207 3126 deinceps
1242 3058 1478 3114 subditis
1503 3061 1769 3130 futurum,
1801 3082 2030 3137 qtneqne

2136 1948 2534 2016 Κωνσταντίνῳ
2575 1947 2633 2001 δὲ
2658 1947 2752 2000 καὶ
2794 1946 2949 2017 ἦδεή
2993 1946 3246 2018 βασιλεία
3287 1948 3586 2019 προθύμως
3627 1952 3722 2005 καὶ

2136 2040 2408 2111 χαίρουσα
2441 2037 2887 2111 προσεχώρησεν.

2221 2130 2377 2183 Ἐπεὶ
2402 2132 2459 2184 δὲ
2489 2132 2583 2185 καὶ
2609 2131 2849 2186 Λικίνιον
2880 2132 3048 2202 ὠμῶς
3072 2134 3164 2187 καὶ
3194 2122 3593 2204 ἀπανθρώπωξ
3610 2139 3721 2199 τοῖς

2135 2225 2399 2295 ὑπηκόοις
2442 2226 2893 2296 ἀποκεχρημένον
2936 2227 3267 2281 ἐπυνθάνετο
3313 2220 3502 2299 (οὗτος
3528 2229 3585 2281 δὲ
3621 2229 3721 2297 τῆς

2139 2321 2333 2391 μοίρας
2354 2320 2570 2391 ἐκείνης
2600 2320 2966 2383 ἐϐασίλευσεν,
2988 2316 3055 2391 ἦς
3089 2319 3391 2389 Μαξιμῖνος
3409 2321 3438 2373 6
3466 2322 3568 2391 τὴν
3598 2322 3717 2373 ἐπι-

2136 2413 2329 2485 ϐουλὴν
2378 2414 2772 2484 Κωνσταντίνῳ
2817 2414 2904 2467 διά
2950 2414 3045 2467 τοῦ
3087 2413 3303 2476 λέοντος
3334 2414 3719 2484 προσενεγκὼν

2135 2508 2442 2574 ἐπεστάτει,
2485 2508 2652 2563 αὐτοῦ
2695 2508 2786 2561 τδν
2831 2509 2945 2578 βίον
2987 2508 3296 2577 λιπόντος),
3335 2510 3433 2562 οὐκ
3478 2508 3719 2576 ἐνεγκὼν

2133 2600 2421 2669 ὁμοφύλων
2479 2600 2635 2671 ὕϐριν
2678 2602 2951 2671 ἀφόρητον
2997 2605 3320 2672 ἐστράτευεν
3373 2605 3458 2656 ἐπ’
3517 2604 3713 2668 αὑτὸν,

2132 2695 2231 2759 τῆς
2261 2694 2576 2761 τυραννίδος
2615 2694 2775 2746 αὐτὸν
2802 2697 2882 2757 εἰς
2915 2695 2973 2746 τὺ
3007 2694 3305 2761 βασιλικῶς
3335 2696 3523 2766 ἄρχειν
3556 2712 3716 2764 μετασ

2136 2781 2543 2852 στησόμενος⁸⁷.
2564 2784 2798 2845 Λικίνιος
2821 2784 2877 2836 δὲ
2907 2784 3003 2854 τὴν
3027 2783 3117 2836 τοῦ
3150 2783 3414 2852 βασιλέως
3443 2788 3719 2855 ἐπιστρα-

2132 2873 2282 2927 τείαν
2314 2874 2561 2936 ἀκούσας
2613 2874 2703 2927 καὶ
2754 2875 2955 2939 δείσας,
2983 2874 3219 2946 ἔκρυπτέ
3252 2892 3312 2927 τε
3342 2875 3440 2945 τὴν
3458 2876 3718 2945 ὠμότητα

2133 2966 2546 3035 φιλανθρωπίας
2574 2966 2642 2997 ⁸⁷”
2693 2968 3065 3037 προσχήματι.
3097 2968 3189 3020 καὶ
3210 2968 3404 3037 ὅρκους
3440 2968 3717 3021 ὓπέτεινεν

2132 3055 2338 3123 ἀγαθόν
2384 3072 2443 3107 τε
2491 3055 2682 3108 ἐαυτὸν
2721 3057 2833 3117 τοῖς
2875 3056 2979 3108 ὑπὸ
3008 3057 3168 3124 χεῖρα
3212 3056 3595 3126 παρασχέσθαι
3626 3058 3718 3110 καὶ

453 3143 657 3199 fmdere
690 3145 796 3198 icto
823 3146 1182 3215 promisisset,
1221 3149 1429 3219 integre
1449 3162 1813 3210 servaturum.
1842 3157 2027 3224 Quam

2146 3147 2212 3211 ἃς
2244 3146 2402 3199 ἔθετο
2434 3146 2667 3209 σπονδὰς
2701 3150 2985 3216 συντηρεῖν
3033 3148 3447 3216 ἀπαραϐάτους.
3480 3150 3574 3201 Διὸ
3598 3150 3717 3202 τότε

449 3236 637 3289 obrem
702 3237 840 3292 bello
901 3239 1348 3307 tuncimperator
1378 3242 1662 3298 abstinuit.
1697 3243 1826 3298 Post
1852 3254 2028 3302 tamen

452 3328 546 3395 (ut
580 3328 971 3395 conquiescere
1011 3331 1334 3398 improbitas
1384 3334 1610 3404 nequit)
1649 3336 1834 3391 violati
1863 3337 2030 3403 juris-

442 3418 666 3483 jnrandi
698 3435 875 3484 reum,
929 3430 1092 3489 atque
1150 3421 1201 3475 in
1257 3438 1420 3479 omne
1473 3422 1797 3494 flagitiorum
1858 3442 2029 3493 genus

449 3510 749 3580 delapsum,
786 3512 1098 3582 ingentibus
1147 3514 1348 3583 prteliis
1385 3530 1730 3586 oppugnaus,
1770 3516 2029 3574 Nicome-

450 3602 553 3656 dia:
599 3603 889 3668 inclusum,
939 3605 1176 3661 obsedit.
1214 3605 1352 3659 Hinc
1402 3607 1663 3677 supplicis
1717 3610 1903 3664 habitu
1961 3612 2027 3667 ad

449 3693 873 3749 Constantinum
928 3695 1177 3765 fugienti,
1230 3699 1545 3763 ademptum
1590 3700 1878 3770 imperium
1918 3714 2023 3768 est,

447 3793 506 3845 et
532 3785 893 3841 Constantino
929 3786 1128 3855 Magno
1154 3789 1435 3843 traditum.
1480 3788 1595 3853 Sic,
1636 3794 1867 3862 quaesito
1916 3797 2031 3865 pri-

447 3879 572 3932 dem
601 3878 764 3949 digno
812 3880 1165 3947 imperatore,
1202 3881 1304 3935 sibi
1360 3884 1575 3938 tandem
1611 3884 1701 3939 ille
1739 3886 1850 3954 jam
1886 3889 2027 3943 dicta

447 3969 678 4037 imperia
718 3970 900 4024 omnia
932 3970 1252 4025 vindicavit.
1315 3971 1561 4028 Patrium
1611 3976 1757 4031 enim
1802 3994 2027 4049 regnum

444 4060 782 4116 inereditatis
836 4061 956 4128 jure
1004 4063 1159 4126 adiit,
1216 4065 1520 4120 Romanum
1579 4068 1766 4134 etiam,
1837 4085 2029 4126 everso

444 4149 740 4205 Maximino
805 4152 958 4223 (69.),
1017 4154 1237 4209 Grmciae
1292 4172 1507 4227 quoque
1562 4174 1625 4213 ac
1677 4159 2025 4228 Macedonia,

444 4243 778 4313 minorisque
800 4244 964 4306 Asiae,
997 4254 1182 4313 exuto,
1223 4257 1276 4300 ut
1311 4248 1565 4315 diximus,
1591 4266 1761 4315 regno
1795 4252 2023 4309 Licinio.

443 4330 827 4387 Verumtamen
885 4343 941 4387 et
992 4335 1217 4389 alterius
1267 4338 1461 4405 partis,
1514 4340 1599 4393 cui
1659 4340 2026 4396 Diocletianus

2136 3237 2235 3306 μὲν
2274 3239 2302 3289 6
2338 3238 2591 3306 βασιλεὺς
2643 3238 2855 3306 ἀπέστη
2895 3238 2989 3290 τοῦ
3030 3240 3290 3308 πολεμεῖν
3322 3256 3337 3271 ·
3377 3239 3609 3310 ὕστερον
3640 3242 3715 3303 δέ.

2132 3326 2255 3380 ἐπεὶ
2285 3327 2451 3380 κακία
2489 3328 2717 3398 ἠρεμεῖν
2746 3328 2843 3397 ούχ
2871 3328 2958 3380 οἵα
2988 3328 3047 3381 τέ
3095 3330 3232 3392 ἐστι,
3265 3331 3359 3382 καὶ
3382 3330 3490 3384 τῶν
3540 3332 3717 3401 ὅρκων

2130 3419 2459 3490 ὴφειδηκότα
2498 3418 2592 3471 καὶ
2636 3420 2691 3482 ἐς
2733 3421 2841 3472 πᾶν
2868 3421 3169 3491 κακότητος
3216 3420 3515 3490 ἐληλακότα
3547 3441 3713 3477 κατα-

2131 3512 2447 3582 πολεμήσας
2496 3512 2696 3581 μάχαις
2744 3514 3041 3582 καρτεραῖς
3076 3513 3125 3546 ⁸⁸
3151 3514 3243 3566 καὶ
3275 3516 3332 3566 ἐν
3374 3516 3438 3584 τῇ
3468 3514 3717 3585 Νικομη-

2130 3604 2249 3674 δείᾳ
2316 3604 2641 3671 συγκλείσας
2702 3603 3031 3673 ἐπολιόρκει.
3092 3605 3364 3658 Κάκεῖθεν
3415 3607 3471 3657 ἐν
3540 3606 3714 3659 ίκέτου

2131 3693 2269 3765 πρὸς
2305 3694 2526 3763 βασιλέα
2558 3693 2943 3762 καταφυγόντα
2980 3694 3224 3761 σχήματι
3256 3693 3553 3745 κατέλιπεν
3588 3693 3633 3725 ⁸⁹
3681 3695 3713 3764 ἠ

2132 3786 2401 3857 βασιλεία,
2438 3788 2533 3840 καὶ
2574 3785 2772 3854 συνέϐτ·Ι
2798 3786 2889 3838 τὸν
2932 3786 3123 3852 Μέγαν
3155 3786 3586 3847 Κωνσταντῖνον,
3619 3784 3718 3852 τῆς

2135 3876 2377 3947 μεγάλης
2408 3876 2581 3945 ἀρχῆς
2606 3875 2697 3927 τον
2723 3874 2871 3941 ἀξιον
2890 3875 3272 3943 ἐπιζητούσης,
3301 3878 3380 3938 εἰς
3404 3876 3597 3929 ἑαυτὸν
3620 3876 3717 3938 τὰς

2130 3968 2428 4038 είρημένας
2472 3967 2742 4036 βασιλείας
2773 3967 3202 4020 ἐπισπάσασθαιο
3227 3967 3321 4036 τῆς
3354 3986 3412 4020 τε
3458 3968 3566 4038 γὰρ
3610 3985 3713 4020 πα-

2129 4059 2313 4131 τρῴας
2328 4058 2666 4130 κληρονόμος
2698 4060 2935 4126 ἐγένετο,
2969 4061 3064 4113 καλ⁸
3097 4061 3196 4129 τῆς
3218 4060 3509 4129 Ῥωμαίων
3542 4080 3712 4116 κατα-

2129 4148 2293 4212 λύσας
2315 4148 2637 4216 Μαξιμῖνον,
2655 4149 2905 4213 Ἑλλάδος
2956 4168 3015 4203 τε
3039 4152 3132 4203 καλ.
3153 4152 3492 4216 Μακεδονίας
3511 4152 3601 4225 [65
3621 4152 3709 4225 R.]

2129 4245 2222 4296 καὶ
2260 4242 2358 4311 τῆς
2392 4242 2545 4295 κάτω
2594 4242 2778 4305 Ἀσίας
2807 4243 3128 4313 παραλύσας
3166 4246 3263 4313 τῆς
3290 4246 3464 4315 ἀρχῆς
3493 4248 3587 4300 τὸν
3612 4251 3707 4317 ρη.

2130 4333 2291 4385 θέντα
2324 4333 2584 4387 Λικίνιον,
2626 4333 2702 4385 Οὐ
2742 4335 2846 4403 μὴν
2874 4334 3011 4387 ἀλλά
3045 4338 3134 4388 καὶ
3166 4337 3264 4405 τῆς
3292 4337 3460 4409 ἄλλης
3485 4340 3705 4409 μοίρας.

442 4423 755 4491 praefuerat,
816 4425 1104 4492 imperium
1164 4428 1263 4481 sibi
1327 4426 1595 4496 adjnnxit.
1668 4430 1799 4485 Nam
1859 4432 2022 4485 etiam

2133 4420 2194 4495 ἧς
2227 4421 2365 4495 ἦρχε
2384 4425 2783 4496 Διοκλητιανὸς,
2816 4428 2977 4491 αὐτὸς
3006 4430 3051 4461 ⁹⁰
3087 4430 3384 4498 ἀνεδήσατο
3420 4432 3500 4502 [5i
3538 4432 3627 4503 IL]
3652 4432 3711 4485 τὸ

441 4514 583 4568 hanc
614 4516 761 4583 216
810 4516 934 4570 belli
961 4517 1085 4586 jure
1114 4517 1408 4574 Maximino
1440 4521 1748 4590 ademptam
1783 4525 2019 4589 tenebat,

441 4606 531 4671 qui
566 4604 899 4660 Diocletiano
932 4619 1294 4671 successerat.
1349 4610 1611 4665 Licinius.
1676 4612 1863 4666 Victor
1922 4614 2019 4668 ita-

440 4712 566 4764 que,
594 4703 649 4749 et
684 4710 846 4750 unum
880 4712 945 4751 ex
981 4700 1234 4754 omnibus
1260 4702 1546 4769 imperium
1585 4702 1848 4767 conﬂans,
1884 4720 2009 4759 mox

2128 4517 2328 4586 κράτος
2357 4535 2370 4547 ·
2396 4521 2423 4571 6
2446 4518 2554 4586 γὰρ
2584 4519 2821 4581 Λικίνιος
2845 4520 2939 4573 καὶ
2960 4520 3166 4589 ταύτην
3192 4520 3337 4591 εἶχεν
3366 4524 3455 4592 ὑφ’
3480 4526 3671 4577 ἑαυτὸν
3691 4564 3706 4587 ,

2127 4606 2436 4677 Μαξιμίνου
2469 4609 2512 4641 ⁹¹
2545 4609 2787 4677 πολέμου
2826 4610 2974 4679 νόμῳ
3020 4612 3256 4680 ἀφελὼν,
3289 4612 3346 4675 6;
3391 4614 3707 4681 Διοκλητια-

2125 4700 2215 4752 νοῦ
2246 4700 2485 4771 διάδοχος
2515 4703 2780 4770 ἐγεγόνει.
2811 4704 3233 4774 Κρατυνάμενος
3257 4707 3301 4737 ³⁸
3335 4702 3427 4758 οὖν
3457 4708 3549 4758 καὶ
3578 4705 3707 4775 μίαν

440 4787 758 4856 Byzantium
799 4790 1178 4858 cognominem
1209 4792 1311 4845 sibi
1349 4792 1623 4846 civitatem
1652 4792 1796 4847 fecit.
1834 4792 2021 4847 liefert

2133 4794 2300 4858 δείξας
2337 4795 2435 4865 τὴν
2472 4796 2765 4864 σύμπασαν
2796 4797 3091 4866 βασιλείαν,
3124 4798 3295 4862 κτίζει
3332 4800 3393 4852 τὸ
3418 4800 3705 4864 Βυζάντιον

438 4888 618 4934 autem
648 4877 1008 4948 Praxagoras.
1046 4883 1259 4937 tametsi
1315 4884 1556 4952 gentium
1613 4892 1777 4938 sectae
1833 4885 2018 4942 adh“:-

438 4984 584 5032 rcns,
618 4970 763 5021 omni
800 4971 1057 5024 virtutmn
1084 4981 1243 5041 atque
1274 4973 1574 5028 honestatis
1600 4990 1823 5045 genere,
1846 4977 2021 5029 omni-

436 5074 541 5127 que
569 5061 703 5114 adeo
731 5059 1007 5125 felicitate,
1038 5078 1225 5119 omnes
1247 5065 1472 5119 omnino
1502 5066 1594 5135 qui
1625 5067 2023 5122 antecesserint

439 5152 828 5222 imperatores,
892 5155 1048 5211 facile
1118 5158 1445 5213 obscurasse
1506 5160 1926 5214 Constantinum
1993 5176 2009 5215 :

437 5241 629 5309 quibus
672 5254 727 5298 et
760 5247 864 5299 duo
898 5247 1064 5315 ipsius
1093 5247 1448 5304 Historiarum
1480 5250 1598 5306 libri
1633 5252 2014 5307 terminantur.

2126 4887 2415 4955 ἐπώνυμον
2468 4888 2664 4956 ἐαυτῷ.
2706 4890 2874 4956 Φησὶν
2925 4884 3017 4942 οὖν
3049 4891 3077 4941 6
3120 4890 3500 4960 Πραξαγόρας,
3530 4889 3704 4943 καίτοι

2128 4976 2226 5046 τὴν
2255 4978 2554 5046 θρησκείαν
2579 4978 2776 5046 Ἕλλην
2807 4978 2899 5042 ὢν,
2932 4980 3012 5031 ὅτι
3040 4979 3186 5047 πάσῃ
3224 4981 3391 5047 ἀρετῇ
3429 4979 3522 5030 καὶ
3548 4977 3705 5030 καλο-

2128 5067 2367 5138 καγαθίᾳ
2400 5069 2495 5123 καὶ
2515 5070 2679 5122 παντὶ
2712 5070 3048 5139 εὐτυχήματι
3088 5072 3297 5131 πάντας
3324 5072 3449 5132 τοὺς
3480 5072 3584 5138 πρὸ
3612 5068 3704 5120 αύ-

2125 5158 2221 5211 τοῦ
2309 5159 2764 5229 βεϐασιλευκότας
2850 5165 2877 5214 6
2964 5162 3212 5231 βασιλεὺς
3297 5164 3702 5222 Κωνσταντῖνος

2125 5251 2501 5319 ἀπεκρύψατο.
2545 5252 2631 5305 Ἐν
2668 5247 2747 5315 οἷς
2772 5254 2934 5307 αὐτοῦ
2966 5255 3060 5309 καὶ
3100 5256 3147 5308 οἱ
3177 5255 3269 5308 δύο
3301 5252 3699 5326 συμπεραιοῦν·

2123 5360 2215 5395 ται
2240 5342 2409 5409 λόγοι.

1738 5448 1973 5504 VARI/13
2017 5453 2428 5509 LECTIONES.

508 5532 553 5565 ⁸⁸
591 5538 701 5621 τοῖς
723 5537 847 5621 πολἒ
873 5567 939 5577 --
963 5538 1217 5621 μηχανὴν
1236 5539 1279 5589 Α
1302 5537 1499 5621 iambi;
1530 5542 1640 5603 τοῖς
1667 5542 1946 5621 πολεμίοις
1971 5544 2320 5621 ὲδολορῤἁφει
2346 5549 2593 5621 μηχανὴν
2624 5552 2719 5621 τῆς
2752 5551 3029 5613 ἀπωλείας
3063 5569 3123 5614 ς.
3200 5550 3247 5583 ⁸⁷
3280 5548 3693 5621 μεταστησάμε-

438 5619 547 5685 νιίς.
623 5602 693 5685 17°
730 5602 987 5685 ὠμότητα
1020 5602 1108 5685 id}!
1137 5602 1546 5685 φιλανθρωπίας
1586 5602 1649 5685 ς.
1728 5614 1777 5643 ⁸⁸³
1805 5602 2191 5685 κρατεραῖςξο

442 5675 590 5741 μῖνον
621 5672 991 5731 Casaubmzus.
1068 5678 1111 5708 ⁹²
1142 5672 1543 5747 κρατυνόμενος
1569 5672 1634 5733 Α.

2267 5618 2312 5657 ⁸9
2346 5618 2760 5685 κατέλειπενς.
2838 5623 2883 5654 ⁹⁰
2918 5621 3078 5685 αὐτὸς
3106 5622 3227 5676 add.
3281 5618 3356 5678 Ἀ.
3434 5622 3477 5653 ⁸⁸
3525 5618 3697 5683 Mago-

2006 5749 2048 5802 ί.)
2174 5790 2185 5805 .

498 5834 607 5905 εἰδὲ)
644 5835 753 5890 lino
790 5854 966 5893 \‘craus
989 5840 1277 5909 Maxentio,
1304 5860 1363 5896 cx
1400 5843 1636 5898 historiae
1672 5843 1792 5897 fulc.
