4030 6472
239 386 307 451 121
1293 377 1823 439 BIBLIOTHECA.
1858 375 2114 436 -—COD.
2153 374 2372 436 LXIII.

3354 373 3456 438 122

286 493 412 552 Ἔτος
448 489 501 541 δὲ
531 485 629 555 τῆς
660 485 877 551 ἡλικίας
921 480 1026 555 ἦγε
1075 485 1331 555 δεύτερον
1376 488 1472 541 καὶ
1511 486 1758 540 εἰκοστὸν

1932 485 2123 540 Annos
2156 493 2320 538 natus
2337 482 2610 538 eratduos
2641 480 2932 536 admodum
2951 491 3006 536 et
3031 481 3224 551 viginti
3249 481 3454 537 Praxa-

235 579 546 655 Πραξαγόρας,
568 577 644 641 ώς
671 578 832 641 αὑτός
864 594 1054 648 φησιν,
1081 578 1169 632 ὅτε
1212 576 1384 630 ταῦτα
1419 578 1751 648 συνέγραφε.

235 672 546 741 Συνεγράψατο
569 670 624 723 δὲ
669 670 698 722 6
731 670 895 733 αὐτὸς
923 671 1018 723 καὶ
1046 669 1208 740 ἕτερα
1256 670 1439 740 βιϐλία
1471 671 1567 724 δύο
1614 671 1753 739 Περὶ

232 761 1113 831 τῶν’.4οήνῃσιβασιυιευσάντων,
1133 763 1251 825 ἔτος
1273 765 1449 817 ἀνύων
1462 765 1760 817 ἐννεακαι-

231 858 421 908 δέκατον.
466 851 726 916 Συνέταξε
762 852 820 905 δὲ
869 853 966 905 καὶ
1007 851 1172 921 ἕτερα
1204 852 1382 922 βιϐλία
1421 853 1480 917 ἒξ
1515 855 1624 919 Εἰς
1645 852 1758 906 τὸν

229 947 319 1001 τῶν
331 944 666 998 Μακεδόνων
685 943 955 1008 βασιλέα
985 944 1405 1012 Ἁλέξανδρον,
1430 945 1756 1015 τριακοστὸν

232 1038 401 1106 πρῶτον
422 1035 648 1090 ἐλαύνων
688 1035 953 1092 ἐνιαυτόν.
997 1037 1152 1089 Ἔστι
1184 1035 1242 1090 δὲ
1279 1037 1378 1108 τὴν
1424 1036 1631 1107 φράσιν
1657 1054 1756 1090 σα-

229 1132 309 1199 φὴς
344 1130 421 1182 καὶ
463 1128 608 1198 ἡδὺς,
650 1128 830 1196 ὀλίγον
875 1127 934 1181 δὲ
989 1126 1085 1181 τοῦ
1132 1127 1346 1192 δέοντος
1393 1130 1752 1200 ἀτονώτερος.

228 1223 449 1292 Κέχρηται
475 1220 528 1272 δὲ
567 1218 778 1290 Ἰωνικῇ
804 1219 852 1252 ’³
881 1219 1171 1291 διαλέκτῳ.

909 1310 1033 1368 ΞΓ.

345 1405 660 1471 Προκοπίου
679 1404 941 1472 ῥήτορος
975 1405 1251 1473 ἱστορικὰ
1275 1405 1489 1470 βιϐλία
1507 1403 1583 1474 η’.

285 1494 588 1566 ’Δνεγνώσθη
613 1496 925 1566 Προκοπίου
951 1495 1044 1550 τοῦ
1078 1498 1309 1568 ῥήτορος
1348 1495 1678 1565 Ἰστορικόν
1697 1498 1756 1552 ὲν

227 1589 404 1658 βιϐλίοις
428 1587 584 1642 ὀκτώ.
627 1588 855 1659 Ἱστορεί
885 1589 941 1642 δὲ
978 1589 1048 1643 τά
1077 1590 1172 1642 ἐπὶ
1215 1591 1598 1645 ’ῐουστινιανοῦ
1629 1608 1756 1646 συν-

224 1680 453 1750 ενεχθέντα
481 1682 616 1750 πρὸς
644 1698 703 1733 τε
725 1682 941 1750 Πέρσας
984 1680 1282 1751 Ῥωμαίοις
1311 1684 1407 1737 καὶ
1439 1684 1577 1755 πρὸς
1620 1685 1757 1749 Βαν-

1861 591 2045 648 goras,
2079 583 2138 629 ut
2178 576 2246 630 de
2290 589 2349 629 se
2399 573 2517 644 ipse
2561 581 2814 638 testatur,
2851 586 2976 626 cum
3013 577 3128 628 haec
3167 589 3452 629 commen-

1863 677 2094 725 taretur.
2149 666 2464 736 Seripserat
2520 678 2577 722 et
2615 665 2772 720 libris
2843 665 3059 721 duobus
3105 665 3182 719 De
3246 667 3458 736 regibus

1860 760 2215 826 Athenarum,
2245 774 2456 814 annum
2493 773 2664 828 agens
2697 757 3194 813 undevicesimum.
3223 760 3459 827 Compo-

1860 854 1969 906 suit
1998 867 2213 922 quoque
2254 852 2621 906 Historiarum
2655 851 2824 907 libros
2848 865 2941 906 sex
2983 850 3056 905 De
3108 852 3261 905 rebus
3298 851 3457 920 gestis

1859 945 2150 999 Alexandri
2187 943 2370 1015 Magni
2421 945 2560 1012 regis
2617 942 2997 1007 Macedonum,
3049 944 3226 1012 primo
3260 955 3314 997 et
3347 945 3460 998 tri-

1860 1035 2069 1089 cesimo
2110 1037 2288 1089 artatis
2319 1051 2484 1089 anno.
2533 1033 2722 1104 Stylus
2765 1033 2844 1088 illi
2879 1043 3102 1101 apertus
3148 1045 3232 1088 est
3274 1033 3456 1102 aciu-

1860 1128 2111 1193 cuudus;
2162 1127 2408 1181 nonnihil
2462 1137 2643 1181 tamen
2684 1141 2842 1196 {equo
2892 1125 3229 1193 languidior.
3279 1126 3457 1181 louica

1861 1237 1994 1278 vero
2019 1231 2076 1277 et
2101 1222 2220 1290 ipse
2262 1235 2396 1274 usus
2424 1229 2510 1274 est
2543 1219 2803 1274 dialecto.
3486 1233 3494 1290 ε

2572 1310 2761 1367 LXIII.
3487 1291 3498 1322 ί

2037 1404 2289 1475 Procopii
2324 1405 2551 1458 rhetoris
2585 1406 2950 1460 Historiarum
2985 1405 3114 1461 libri
3155 1422 3274 1463 vm.

1927 1498 2208 1570 Leguutur
2267 1497 2517 1567 Procopii
2595 1496 2733 1567 (62')
2789 1498 3031 1554 rhetoris
3092 1497 3462 1554 Historiarum

1856 1592 1984 1647 libri
2035 1603 2180 1647 octo.
2216 1589 2416 1645 Narrat
2455 1606 2579 1662 qua:
2625 1593 2728 1646 sub
2767 1589 3080 1646 Justiniano
3131 1593 3464 1662 imperatore

1858 1679 2092 1735 Romani
2129 1696 2253 1736 cum
2289 1663 2493 1746 Persis,
2521 1679 2783 1736 Vandalis
2804 1695 2868 1735 ac
2889 1679 3112 1736 Gottbis
3137 1697 3454 1752 gesserunt,

223 1770 372 1840 δήλους
400 1771 441 1801 ’⁸
487 1771 580 1822 καὶ
629 1769 884 1833 Γότθους,
909 1770 946 1826 ἀ
997 1771 1316 1842 Βελισάριος
1355 1773 1402 1805 ’⁵
1431 1774 1755 1844 στρατηγῶν

1880 1775 2026 1828 luctu
2090 1773 2436 1843 potissimum
2488 1772 2778 1838 Belisarii,
2849 1773 2974 1828 belli
3035 1774 3380 1841 imperatoris
3443 1793 3458 1829 :

221 1861 492 1932 διεπράξατο
553 1861 811 1932 μάλιστα·
864 1855 909 1928 ᾧ
978 1864 1080 1916 καὶ
1127 1862 1196 1916 τά
1252 1863 1428 1917 πολλά
1483 1867 1512 1918 6
1574 1867 1758 1936 ῥήτωρ

223 1953 360 2006 συνὼν
381 1951 471 2023 τὴν
518 1952 763 2023 ἱστορίαν
801 1951 863 2017 ἐξ
902 1947 978 2006 ὧν
1008 1951 1128 2022 ὕψει
1155 1952 1463 2025 παρείληφε
1485 1957 1758 2026 συνεγρά-

220 2041 344 2112 (vero.
585 2107 589 2111 ~

282 2137 357 2187 Ἐν
373 2134 460 2203 μὲν
477 2129 570 2188 οὗν
590 2135 668 2207 τῷ
695 2133 899 2205 πρώτῳ
921 2135 1108 2204 βιϐλίῳ
1131 2135 1387 2202 διέξεισιν
1406 2135 1482 2200 ὡς
1502 2137 1765 2203 ἀποϐιοὺς

229 2224 511 2293 Ἀρκάδωςὸ
563 2225 856 2294 Ῥωμαίων
900 2225 1155 2296 βασιλεὺς
1193 2228 1464 2299 θεοδοσίῳ
1494 2229 1572 2301 τῷ
1613 2230 1766 2284 παιδὶ

228 2313 508 2386 Ἰοδιγέρδην
535 2317 627 2369 τὸν
657 2319 704 2348 ’⁸
736 2318 966 2392 Περσῶν
992 2319 1218 2389 βασιλέα
1247 2321 1524 2391 κηδεμόνα
1551 2323 1770 2377 κατέλι-

222 2423 299 2460 πεν
321 2408 368 2461 ἐν
406 2412 517 2472 ταῖς
545 2409 838 2482 διαθήκαις
863 2429 876 2444 ο
907 2415 935 2467 6
965 2414 1022 2466 δὲ
1078 2413 1285 2479 ταύτας
1327 2415 1623 2485 δεξάμενος
1668 2419 1769 2471 ἐπ-

220 2501 405 2570 ιτρόπευ
414 2520 466 2555 σε
485 2502 583 2557 τοῦ
605 2505 797 2567 παιδὸς
822 2506 1117 2578 σωφρόνως
1144 2509 1241 2562 καὶ
1261 2508 1530 2581 Θεοδοσίῳ
1550 2509 1651 2582 τὴν
1668 2512 1768 2582 βα-

222 2592 388 2644 σιλείαν
416 2593 728 2650 διεσώσατο.
759 2592 897 2650 Εἶτα
917 2599 1281 2670 Οὐαραράνης
1304 2599 1395 2652 τὸν
1438 2599 1771 2672 Ἱσδιγέρδην

218 2684 572 2753 τελευτήσαντα
637 2687 1027 2760 διαδεξάμενος
1070 2693 1450 2760 ἐστράτευσεν
1496 2693 1592 2747 ἐπὶ
1631 2695 1772 2747 Ῥω-

221 2777 402 2846 μαίους·
433 2782 740 2835 Ἀνατολίου
769 2783 826 2835 δὲ
856 2783 953 2836 τοῦ
985 2783 1086 2852 τῆς
1125 2783 1299 2854 Ἑῲας
1331 2784 1640 2856 στρατηγοῦ
1663 2803 1772 2840 πα-

220 2869 272 2936 ρὰ
312 2871 581 2926 Θεοδοσίου
630 2875 709 2937 εἰς
756 2873 974 2945 Πέρσας
1007 2876 1102 2928 ἐπὶ
1151 2875 1422 2948 πρεσῦείᾳ
1486 2876 1774 2939 σταλέντος

216 2962 533 3035 Οὔαραράνης
566 2967 594 3017 6
623 2966 850 3034 Περσῶν
883 2966 1139 3035 βασιλεὺς
1159 2968 1260 3038 τὴν
1294 2968 1595 3038 πρεσὸείαν
1617 2965 1776 3032 δεξά-

217 3073 346 3124 μενος
383 3059 688 3130 ὑπέστρεψε
741 3059 974 3122 σπονδὰς
1014 3059 1262 3129 θέμενος.
1304 3055 1440 3112 Εἶτα
1472 3060 1718 3131 Περόζης
1744 3062 1774 3113 6

1864 1882 1984 1920 cum
2015 1881 2122 1934 quo
2147 1867 2332 1920 rhetor
2353 1865 2466 1938 (6'6)
2503 1866 2590 1920 hic
2619 1867 2709 1919 ditt
2741 1865 3080 1935 multumque
3103 1866 3460 1921 familiariter

1865 1965 2136 2018 versatus,
2182 1970 2303 2024 quae
2345 1954 2522 2009 oculis
2570 1963 2940 2025 spectaverat,
2988 1956 3265 2011 memorize
3307 1973 3460 2010 man-

1865 2047 2037 2102 davit.

1939 2138 2122 2194 Primo
2183 2139 2366 2211 itaque
2424 2139 2566 2196 libro
2627 2141 2817 2196 islhtec
2879 2152 3298 2198 commemorat.
3356 2143 3468 2196 Ar-

1868 2231 2062 2288 cadius
2143 2233 2516 2289 Romanorum
2605 2235 2942 2304 imperator,
3013 2238 3124 2290 vita
3209 2238 3467 2301 functus,

1871 2323 2183 2380 Theodosio
2222 2325 2335 2380 ﬁlio
2369 2336 2604 2382 tutorem
2651 2326 2990 2396 lsdigerdam
3036 2343 3220 2398 regem
3273 2329 3471 2384 Persa-

1875 2435 1993 2473 rum
2027 2422 2346 2476 teSIamenti
2385 2422 2586 2477 tabulis
2636 2423 2876 2493 reliquit.
2915 2423 3125 2490 Quibus
3148 2425 3238 2480 ille
3270 2427 3471 2485 tabulis

1872 2515 2138 2582 acceptis,
2169 2530 2399 2583 puerum
2439 2513 2741 2569 liberaliter
2757 2515 2969 2582 eduxit,
3001 2531 3344 2588 regnumque
3394 2518 3471 2573 illi

1875 2618 2084 2662 sartum
2123 2616 2324 2661 tectum
2361 2608 2624 2662 servavit.
2655 2605 2787 2663 lude
2821 2606 3152 2675 Vararanes,
3183 2609 3466 2679 lsdigerda

1878 2708 2116 2762 mortuo,
2153 2701 2477 2766 succedens,
2515 2709 2708 2754 contra
2739 2698 3020 2756 Romanos
3049 2700 3249 2756 bellum
3281 2703 3470 2766 movit;

1879 2807 2068 2846 verum
2101 2791 2386 2854 Anatolio,
2434 2795 2574 2847 duce
2600 2791 2866 2855 Orientis,
2908 2792 2977 2846 ad
3011 2792 3212 2848 Persas
3248 2793 3300 2847 in
3330 2793 3475 2864 lega-

1879 2884 2079 2936 tionem
2119 2897 2149 2936 a
2198 2881 2510 2936 Theodosio
2554 2883 2760 2948 misso,
2811 2881 3121 2938 Vararancs
3181 2883 3474 2939 Persarum

1881 2991 1997 3041 rex,
2025 2976 2297 3045 legatione
2339 2976 2549 3041 audita,
2580 2977 2799 3030 domum
2831 2977 2942 3032 icto
2973 2975 3180 3033 ﬁndere
3224 2979 3473 3034 revertit.

1883 3071 2012 3126 Post
2039 3070 2158 3125 haec
2196 3069 2434 3124 Perozes
2466 3067 2766 3124 Persarum
2815 3085 2932 3133 rex,
2967 3069 3299 3140 lsdigerdam
3338 3071 3477 3126 alte-

214 3150 404 3220 Περσῶν
435 3152 712 3221 βασιλεὺς,
750 3152 1086 3223 Ἰσδιγέρδην
1105 3153 1263 3207 ἄλλον
1292 3152 1382 3206 τὸν
1416 3154 1770 3224 Οὐαραράνου

1887 3178 2028 3229 rum,
2052 3161 2349 3216 Vararauze
2380 3161 2572 3226 filium,
2609 3161 2914 3229 excipiens,
2945 3161 3014 3214 iis
3043 3160 3254 3216 llunuis
3277 3161 3474 3216 bellum

212 3242 347 3294 παῖδα
376 3242 778 3312 διαδεξάμενος,
823 3244 1134 3315 ἐπολέμησε
1165 3243 1302 3314 πρὸς
1333 3243 1588 3308 Οΰννους,
1622 3246 1774 3309 ἔθνος

213 3331 329 3385 οὕτω
351 3334 720 3404 καλουμένους
769 3334 1118 3404 Ἐφθαλίτας,
1151 3336 1245 3399 οὓς
1263 3337 1358 3389 καὶ
1398 3338 1645 3400 Λευκοῦς
1670 3354 1775 3389 κα-

211 3423 336 3478 λοῦσι
362 3441 378 3458 ο
429 3427 615 3481 λευκοὶ
663 3426 770 3497 γάρ
798 3429 904 3481 εἰσι
932 3427 1030 3481 καὶ
1057 3429 1158 3482 οὐκ
1202 3427 1442 3499 ἄμορφοι
1475 3429 1574 3482 τὰς
1602 3428 1774 3498 ὄψεις,

213 3521 299 3574 οόδ’
316 3522 486 3589 ὅμοιοι
516 3523 633 3583 τοῖς
671 3519 852 3584 ἄλλοις
874 3519 1098 3583 Οὗννοις
1128 3537 1143 3552 ·
1176 3519 1303 3574 οὔτε
1349 3520 1458 3590 γὰρ
1493 3520 1775 3592 νομαδικοί

213 3617 325 3667 εἰσιν
348 3611 468 3665 οὔτε
511 3612 696 3683 ἄγριοι
714 3653 730 3679 ,
759 3613 898 3666 ἀλλά
932 3613 1177 3685 πολιτείᾳ
1201 3631 1263 3666 τε
1287 3614 1506 3684 νομίμῳ
1538 3614 1777 3685 χρῶνται

215 3708 288 3758 καὶ
320 3707 419 3759 ὑπὸ
449 3707 605 3774 σεςῶν
637 3705 863 3776 βασιλέα
892 3708 1201 3760 τάττονται.
1235 3705 1632 3776 Προσοικοῦσίν
1657 3706 1779 3766 δὲ’⁷

217 3800 327 3868 πρὸς
376 3800 585 3872 βορρᾶν
627 3799 828 3869 ἄνεμον
887 3800 1126 3870 Πέρσαις
1159 3815 1173 3828 ·
1229 3799 1311 3852 διὸ
1351 3799 1445 3852 καὶ
1485 3799 1780 3870 ὁροθεσίων

216 3892 350 3944 ἕνεκα
369 3895 455 3944 ἐπὶ
470 3894 602 3955 τοὺς
618 3892 940 3961 Ἐιρθαλίτας
961 3891 1205 3962 Περόζης
1223 3893 1605 3961 ἐστράτευσεν.
1624 3892 1784 3946 Ἀλλὰ

217 3985 263 4038 τὶ
283 3986 369 4054 μὲν
419 3990 643 4056 πρῶτον
688 3985 1020 4055 δυσχωρίαις
1063 3984 1380 4056 περιπεσὼν
1410 3988 1472 4038 ἐκ
1525 3984 1782 4055 προνοίας

217 4075 305 4127 τῶν
331 4076 690 4144 Ἐτξθαλιτῷν,
713 4076 956 4147 αἰσχρῶς
987 4077 1080 4128 καὶ
1116 4076 1268 4146 μόλις
1298 4076 1532 4140 σπονδὰς
1554 4076 1784 4147 θέμενος

216 4170 496 4240 ὑπέστρεψε
531 4187 546 4200 ·
582 4168 958 4239 προσεκύνησε
987 4169 1096 4241 γὰρ
1135 4168 1232 4222 ἆτε
1287 4169 1477 4239 κύριον
1500 4170 1592 4223 τὸν
1627 4170 1788 4240 βασι-

217 4262 295 4314 λέα
327 4263 427 4315 τῶν
472 4262 832 4331 Ἐφθαλιτῶν,
868 4261 960 4314 καὶ
987 4262 1200 4332 μήποτε
1231 4261 1652 4333 ἐπιστρατεύειν
1701 4262 1784 4314 δι-

1880 3247 2082 3318 intulit,
2105 3256 2199 3325 qui
2234 3254 2558 3323 Eplitbalitze
2583 3252 2699 3323 (64)
2733 3263 2789 3308 et
2836 3253 3063 3308 Candidi
3087 3255 3473 3308 nominantur:

1879 3355 2008 3400 sunt
2030 3345 2174 3399 enim
2210 3345 2316 3398 albi
2349 3343 2589 3397 coloris:
2629 3353 2797 3412 utque
2825 3345 3043 3413 egregia
3077 3345 3279 3414 specie,
3316 3344 3398 3399 sic
3423 3354 3479 3398 et

1881 3440 2100 3494 caeteris
2125 3437 2334 3493 llunnis
2375 3437 2684 3493 dissimiles.
2734 3435 2922 3506 Neque
2960 3436 3315 3490 Numidarum
3363 3435 3476 3508 (65)

1886 3533 1992 3586 ritu
2018 3541 2308 3602 vagantur,
2346 3529 2431 3584 vel
2470 3539 2720 3598 agrestes
2749 3539 2874 3584 sunt
2903 3548 2916 3596 ;
2944 3531 3039 3584 sed
3077 3530 3296 3583 civilem
3330 3530 3474 3583 inter

1885 3625 2034 3694 ipsos
2083 3624 2404 3678 societatem
2443 3619 2655 3691 legibus
2702 3628 2949 3683 tuentur,
2997 3621 3326 3688 regibusque
3363 3621 3478 3674 suis

1885 3715 2271 3785 subjiciuntur.
2328 3713 2391 3768 lli
2425 3713 2490 3767 ad
2528 3713 2750 3767 boream
2794 3709 2985 3767 Persis
3025 3712 3248 3766 ﬁnitimi
3290 3721 3422 3766 sunt
3455 3731 3470 3776 ;

1885 3808 2046 3877 22a
2101 3806 2460 3876 quamobrem
2535 3804 2702 3859 etiam
2761 3803 2950 3857 finium
3014 3803 3482 3872 lerminorumque

1889 3914 2052 3954 causa
2078 3903 2131 3952 in
2168 3897 2515 3965 Ephtbalitas
2547 3896 2786 3951 Perozes
2810 3896 3117 3950 exercitum
3156 3897 3348 3961 duxit;
3387 3897 3480 3947 sel

1887 3992 2326 4062 EplIllialitarum
2355 3991 2594 4054 val'ritie,
2627 3991 2694 4043 ad
2740 3990 2925 4057 iniqua
2971 3989 3208 4058 primum
3243 3985 3360 4042 loca
3385 3987 3484 4041 de-

1889 4083 2052 4148 latus,
2089 4081 2450 4152 ignominiose
2501 4089 2558 4134 et
2600 4081 2692 4133 vix
2755 4079 2988 4134 salutem
3038 4086 3252 4145 pactus,
3290 4077 3480 4132 rediit.

1891 4177 2140 4232 Adoraus
2171 4174 2342 4239 enim,
2381 4183 2641 4243 tanquam
2681 4172 2986 4235 dominum,
3036 4170 3483 4242 prthalitarum

1891 4283 2100 4336 regem,
2129 4275 2182 4319 et
2211 4279 2486 4332 nunquam
2529 4269 2714 4331 postea
2751 4259 2952 4314 bellqu
2987 4275 3047 4314 se
3089 4267 3364 4312 moturum
3394 4257 3486 4323 ju-

216 4355 530 4422 ομοσὲμενος
571 4353 882 4422 ἀπηλλάγη.
942 4354 1408 4423 Παρασπονδὴσας
1447 4353 1505 4406 δὲ
1562 4352 1770 4423 ὕστεροε

1895 4361 2190 4429 rejurando
2256 4357 2629 4422 conﬁrmans,
2679 4355 2870 4409 evasit.
2924 4353 3106 4421 Ruplo
3169 4360 3344 4404 tamen
3397 4349 3487 4403 ille

222 4446 298 4495 καί
330 4446 372 4476 ’⁸
417 4445 862 4516 ἐπιστρατεύσας
919 4446 1130 4510 ἀκλεῶς
1154 4447 1269 4516 ἃμα
1285 4446 1364 4516 τῷ
1394 4448 1558 4500 παντὶ
1571 4446 1770 4518 στρατι]

1896 4463 2085 4524 postea
2119 4450 2346 4516 laedere,
2379 4450 2667 4515 ductisqtte
2699 4448 2895 4501 iterum
2929 4446 3123 4512 copiis,
3153 4441 3298 4497 {inde
3321 4440 3487 4494 simul

217 4535 480 4610 διεφθάρη.
508 4541 740 4610 τάφροις
763 4542 874 4591 τισὶ
898 4540 994 4594 καὶ
1015 4539 1238 4611 διώρυξι
1263 4543 1308 4572 '9
1340 4539 1656 4611 περιπεσὼν
1709 4540 1770 4593 δι-

1895 4511 2017 4594 cum
2042 4540 2190 4593 omni
2233 4537 2480 4592 exercitu
2514 4537 2698 4604 periit,
2733 4534 2897 4589 fossis
2931 4534 3255 4602 quibusdam
3300 4547 3362 4584 ac
3397 4546 3490 4598 pu-

219 4632 641 4700 εσκευασμένοις,
690 4633 953 4700 τέταρτον
994 4632 1051 4684 δὲ
1077 4633 1171 4685 καὶ
1198 4632 1444 4685 εἰκοστὸν
1491 4631 1594 4699 τῆς
1627 4631 1770 4700 βασι-

1897 4632 1998 4686 leis
2031 4633 2099 4684 ab
2132 4632 2286 4685 hoste
2322 4630 2650 4696 comparatis
2686 4628 2931 4692 haustus,
2973 4641 3094 4679 cum
3135 4632 3388 4693 quartum
3434 4633 3491 4677 ct

219 4716 342 4781 λείας
364 4721 533 4773 αὐτοῦ
586 4720 826 4774 ἐλαύνων
863 4721 1112 4774 ἐνιαυτόν
1142 4738 1156 4751 ·
1217 4723 1274 4773 ὲν
1368 4720 1462 4772 καὶ
1490 4720 1584 4772 τὸν
1619 4721 1770 4772 πολυ·

1897 4725 2218 4777 vicesimmn
2269 4730 2525 4791 regnaret
2562 4734 2762 4772 annum
2789 4734 2805 4785 ;
2849 4715 3065 4785 quando
3092 4726 3147 4770 et
3178 4715 3492 4770 celebratus

221 4806 457 4878 θρύλητον
484 4812 498 4842 ¹
528 4812 834 4882 μάργαρον,
859 4813 1032 4881 ὅσπερ
1059 4810 1118 4876 ἐξ
1143 4813 1281 4874 ὠτὸς
1296 4812 1388 4865 τοῦ
1415 4810 1590 4878 δεξιοῦ
1616 4811 1770 4881 Ili-:96-

1900 4814 1990 4867 ille
2018 4814 2169 4877 uuio,
2199 4827 2358 4880 quem
2387 4809 2610 4863 dextera
2638 4809 2888 4878 gestabat
2914 4822 3068 4871 aure,
3107 4806 3290 4876 periit.

223 4897 298 4960 ζου
321 4902 698 4974 ἀπεκρέματο,
723 4905 923 4974 συνέὸν]
956 4905 1344 4975 ἀφανισθῆναί·

277 4988 360 5060 [68
390 4993 487 5064 li.)
525 5012 544 5045 ‹
570 4995 694 5047 "Ott
724 4995 774 5048 οἱ
805 4997 1142 5065 μαργαρῖται
1183 4996 1275 5048 καὶ
1296 4975 1574 5066 μάργαροι
1601 4996 1762 5063 λέγον

1978 5006 1996 5039 ι
2034 4986 2338 5054 Margariue
2376 4984 2512 5054 (66),
2553 4994 2607 5038 et
2659 4982 2921 5052 margari,
2961 4991 3016 5037 et
3053 4981 3381 5051 margarida:
3411 4979 3493 5033 di-

223 5097 295 5136 ται
323 5085 414 5138 καὶ
447 5088 809 5159 μαργαρίδαι.
839 5087 1084 5158 Εὕρηται
1109 5088 1218 5158 γὰρ
1266 5090 1294 5140 ὁ
1328 5088 1612 5158 μάργαρος
1642 5105 1770 5156 παρέ

1901 5091 2118 5134 cuntur.
2156 5078 2439 5132 Invenitur
2472 5077 2621 5132 enim
2669 5075 2944 5144 Margatus
2973 5075 3066 5129 hic
3115 5075 3255 5144 apud
3287 5071 3491 5125 Proco-

1459 5201 1691 5256 VARUE
1728 5198 2134 5254 LEUTIONES.

280 5295 322 5326 ”
342 5295 397 5348 δὲ
428 5297 528 5349 καὶ
568 5296 781 5364 Ἰωνικῇ
817 5314 876 5360 ς.
955 5296 1000 5328 9‘
1022 5294 1314 5357 Βανδίλους
1341 5295 1406 5350 Α.
1483 5297 1529 5328 θδ
1549 5294 1770 5348 Βελισσέ

1880 5310 1903 5357 ς
1931 5311 1990 5358 ς.
2024 5305 2076 5349 et
2111 5293 2200 5346 hic
2229 5300 2281 5344 et
2309 5289 2474 5344 inira.
2551 5287 2597 5320 ⁹⁶
2629 5283 2745 5359 τὸν]
2767 5285 2878 5340 τῶν
2910 5285 2976 5338 Α.
3055 5285 3100 5316 9"
3121 5279 3390 5351 ὀροθετῶν
3421 5279 3490 5335 Α.

223 5362 260 5394 ⁸⁸
287 5367 376 5418 καὶ
398 5385 516 5420 om.
549 5367 614 5420 A.
691 5369 736 5401 ⁹⁹
758 5362 1048 5437 διωρύξεσι
1072 5372 1137 5423 Α.
1219 5367 1236 5397 ³
1268 5365 1708 5436 πολυθρύλλητον
1742 5362 1802 5429 ςς

1739 5453 1973 5511 NOTAE.

285 5550 421 5617 (62‘)
449 5550 606 5604 Suid.
645 5550 863 5605 lllustrii
894 5559 1313 5620 cognomentum
1351 5551 1425 5603 illi
1461 5550 1671 5617 tribuit,
1698 5564 1795 5620 pa-

227 5619 483 5690 triamque
512 5621 816 5675 Caasaream
849 5619 1123 5676 Palaestini.
1148 5621 1289 5690 Lege
1321 5621 1395 5674 ibi
1425 5621 1597 5689 plura.

285 5689 391 5758 (65)
432 5690 682 5744 Scribam
714 5690 880 5746 fuisse
925 5692 1148 5746 Belisar.
1185 5689 1338 5747 histis
1363 5690 1519 5746 Suid.

287 5753 395 5829 (οι)
432 5759 568 5814 Vide
593 5760 694 5814 iul'.
720 5763 843 5815 cod.
884 5761 1073 5816 LXIV.

285 5831 393 5906 (65)
419 5829 692 5888 Nomades
722 5832 976 5888 dicuntur
1001 5833 1142 5888 l’liu.
1175 5831 1266 5889 lib.
1303 5848 1355 5899 v,
1385 5847 1504 5903 cap.
1537 5832 1590 5896 5,
1617 5846 1644 5884 a
1669 5845 1794 5901 per-

1906 5545 2182 5602 mutandis
2224 5543 2454 5614 pabulis.

1971 5618 2085 5688 (66)
2119 5604 2236 5688 lloc'
2258 5614 2530 5688 scliolion,
2566 5611 2742 5665 alieno
2775 5611 2892 5688 loco
2932 5609 2984 5663 in
3028 5605 3265 5687 exempl.
3297 5604 3491 5660 Grmco

1905 5677 2105 5756 prioris
2138 5685 2394 5756 editionis
2421 5677 2774 5746 collocatum,
2808 5682 2912 5735 huc
2940 5689 3202 5748 tauquam
3235 5677 3289 5730 in
3325 5691 3486 5731 suam

1901 5755 2086 5814 sedem
2116 5755 2465 5814 retraximus.
