4030 6422
528 368 630 433 123

1651 371 1916 432 ΡΠΟΤΙΙ
1952 374 2459 435 PATRIARCH/E
2498 376 2608 435 CP.

3699 374 3795 442 124

531 484 677 551 pium
711 481 1009 547 rhetorem,
1039 483 1286 551 aliosque
1315 482 1577 538 classicos
1600 485 1917 553 scriptores.
1965 487 2107 541 Mar-

2226 503 2267 539 :s
2304 486 2595 557 Προκοπίῳ
2642 484 2720 555 τῷ
2766 486 2955 556 ῥήτορι
2981 484 3075 538 καὶ
3109 484 3287 549 ἄλλοις
3317 487 3338 517 ¹
3372 485 3669 555 ἀξιολόγοις
3693 530 3708 555 ,
3738 489 3797 543 τὸ

525 573 727 640 garidze
761 582 845 629 est
867 574 1007 643 apud
1042 574 1433 644 Praxagoram,
1490 573 1729 628 Ionicum
1754 577 2101 643 scriptorem,

526 663 664 718 libro
689 667 927 719 secundo
952 663 1315 719 Historiarum
1337 666 1401 719 de
1418 665 1520 719 vita
1544 664 1883 720 Constantini
1898 666 2105 736 .Ilagm',

524 764 580 808 et
614 754 751 810 alios
787 756 915 810 item
936 766 1210 811 auctores.
1235 754 1545 825 Margaritze
1570 771 1701 811 vero
1724 757 1980 826 frequens
2000 768 2106 825 est,

526 856 582 899 et
608 860 636 899 a
666 847 850 900 multis
881 858 1222 915 usurpatum.
1262 865 1281 898 ι

599 935 806 993 Dehinc
840 946 962 1007 post
996 937 1236 992 Perozen
1272 938 1541 1002 Cabades,
1576 938 1835 993 minimus
1868 950 1999 993 natu
2040 940 2109 993 ii-

527 1027 656 1090 Iius,
717 1043 943 1096 regnum
1003 1029 1240 1098 excepit.
1283 1028 1332 1083 Is
1382 1029 1701 1084 violatarum
1754 1030 1930 1100 legum
1986 1047 2111 1087 reus

528 1116 726 1183 factus,
761 1119 814 1172 in
855 1120 1178 1185 custodiam,
1228 1121 1312 1174 cui
1360 1119 1563 1176 Lethes
1600 1137 1820 1185 nomen,
1861 1124 1929 1175 ab
1976 1123 2111 1191 ipsis

532 1206 713 1261 Persis
752 1209 970 1275 missus,
1016 1210 1203 1263 uxoris
1248 1210 1465 1263 tandem
1510 1210 1697 1263 fraude
1737 1211 1997 1279 dilapsus,
2044 1214 2111 1267 ad

532 1296 835 1355 Euthalitas
876 1300 1125 1368 confugit
1154 1320 1168 1356 :
1202 1316 1434 1371 quorum
1469 1317 1591 1356 cum
1640 1303 1911 1372 ingentem
1945 1304 2111 1359 colle-

532 1388 700 1458 gisset
743 1392 1067 1457 exercitum,
1117 1406 1277 1461 quem
1319 1392 1371 1445 in
1423 1391 1621 1447 Persas
1662 1394 1836 1457 duxit,
1880 1411 2109 1464 regnum

532 1479 651 1533 sine
684 1494 859 1550 pugna
912 1484 1295 1551 recuperavit:
1332 1491 1388 1537 ct
1426 1483 1619 1538 Blasen
1650 1483 1839 1538 Perozi
1884 1484 2108 1540 fratrem

525 1570 636 1635 jam
664 1582 773 1624 tum
795 1587 891 1641 pro
912 1587 969 1627 se
995 1583 1336 1642 regnantem,
1365 1576 1641 1629 desertum
1661 1592 1689 1629 a
1719 1578 1833 1631 suis
1862 1588 2111 1645 captum-

528 1675 655 1729 que,
689 1662 812 1716 oleo
847 1663 1078 1717 ferventi
1114 1664 1165 1718 in
1189 1665 1382 1720 oculos
1412 1664 1579 1720 misso
1615 1667 1721 1736 (sic
1752 1668 1896 1721 enim
1925 1667 2110 1725 Persis

527 1751 775 1806 solemne
819 1756 926 1816 est)
960 1757 1284 1810 excmcavit.
1347 1757 1478 1822 Quae
1538 1758 1763 1828 insuper
1816 1759 2108 1815 Pacurium

528 1842 672 1899 inter
720 1846 1009 1901 Persarum
1076 1864 1259 1920 regem
1325 1861 1381 1905 et
1426 1851 1670 1907 Arsacen
1727 1852 2113 1909 Armeniorum

527 1937 896 2007 contigerunt.
927 1940 1102 2008 deque
1142 1957 1422 2012 magorum
1450 1944 1685 1998 consilio
1714 1943 1946 2001 Pacurio
1979 1962 2114 2000 con-

533 2040 613 2083 tra
634 2031 874 2087 Arsacen
907 2033 1055 2099 dato,
1095 2035 1197 2090 nisi
1231 2033 1478 2091 fabulosa
1525 2038 1641 2092 haec
1692 2044 1843 2104 sunt,
1892 2040 2120 2108 scripsit

530 2131 747 2178 auctor.

604 2208 745 2265 Idem
777 2213 866 2267 ille
914 2212 1162 2269 Cabades
1192 2214 1486 2271 Euthalitis
1515 2217 1716 2287 ingenti
1769 2232 1879 2273 aere
1917 2219 2118 2274 obstri-

532 2314 675 2371 ctus,
704 2306 771 2360 ab
801 2307 1098 2362 Anastasio
1146 2307 1341 2378 imper.
1376 2310 1661 2377 pecuniam
1736 2320 1981 2365 mutuam
2023 2326 2119 2381 po-

534 2394 781 2451 stulavit.
814 2399 987 2462 Quam
1033 2397 1123 2451 ubi
1165 2414 1271 2452 non
1321 2398 1655 2467 impetravit,
1704 2399 1847 2454 nulla
1890 2400 1994 2454 alia
2049 2403 2115 2457 de

534 2502 699 2542 causa
734 2490 1013 2558 repentina
1045 2491 1361 2545 incursione
1384 2491 1579 2545 bonam
1601 2491 1876 2547 Armenia:
1902 2504 2115 2562 partem

531 2581 790 2647 vastavit,
815 2580 1177 2651 Amidamque
1203 2583 1443 2639 obsedit.
1481 2583 1618 2637 Dum
1652 2598 1782 2639 vero
1803 2585 1871 2639 ah
1902 2601 1991 2649 ea,
2023 2602 2119 2655 po-

530 2672 732 2726 tiundae
762 2687 857 2742 spe
886 2674 1109 2738 amissa,
1142 2674 1373 2738 recedit,
1396 2673 1602 2729 foedum
1637 2676 2117 2730 meretricularum

532 2766 901 2834 spectaculum
940 2764 1199 2820 iterandae
1252 2765 1556 2821 obsidionis
1601 2781 1822 2821 causam
1867 2768 2115 2838 praebuit.

532 2856 616 2911 Ira
647 2856 811 2926 igitur
840 2871 906 2912 ac
944 2855 1130 2911 furore
1166 2857 1404 2925 percitus
1435 2856 1681 2913 Cubades
1730 2860 1783 2913 in
1832 2861 2120 2917 obsidione

537 2947 878 3017 perdurans,
928 2950 1120 3004 urbem
1174 2950 1225 3004 vi
1271 2960 1582 3019 expugnat,
1635 2951 1894 3022 civesque
1931 2968 2121 3009 servos

534 3056 657 3096 esse
690 3040 866 3111 jubet.
903 3040 1099 3097 Postea
1132 3050 1311 3096 tamen
1344 3042 1630 3112 plerosque
1665 3044 1912 3114 captivos
1948 3046 2120 3114 gratis

2206 576 2262 628 δὲ
2292 578 2621 646 μαργαρίδαι
2653 576 2806 645 παρά
2852 593 2911 629 τε
2956 577 3287 649 Πραξαγόρᾳ
3332 579 3596 642 ίωνίζοντι
3628 582 3684 634 ἐν
3730 586 3796 653 τῇ

2208 667 2347 732 Περὶ
2371 669 2482 719 νὺν
2501 666 2703 735 Μέγαν
2720 667 3181 720 Κωνσταντῒνον
3202 668 3682 740 δευτέρᾳΊστορίᾳ,
3707 675 3800 724 καὶ

2208 758 2340 827 παρ’
2383 756 2584 818 ἄλλοις.
2615 758 2679 808 υἱ
2721 755 2779 809 δὲ
2821 760 3157 827 μαργαρῖται
3188 758 3417 827 σύνηθες
3441 757 3534 811 καὶ
3576 760 3710 813 πολὺ
3744 762 3799 814 ἐν

2209 849 2274 918 τῇ
2312 847 2527 916 χρήσεμ
2568 866 2587 899 ι

2282 936 2417 992 Εἶτα
2454 941 2594 1009 μετά
2638 940 2886 1009 Περόζην
2928 940 2957 993 ό
2986 938 3253 1002 νεώτατος
3287 939 3381 1012 ῑδε
3412 939 3503 1013 11.]
3537 942 3650 1006 υίὸς
3682 945 3799 996 Κα-

2212 1029 2378 1099 ϐἀδης
2420 1028 2495 1091 ὡς
2523 1028 2889 1093 ἐϐασίλευσεν,
2933 1031 3079 1092 ὅπως
3106 1046 3166 1081 τε
3203 1032 3222 1060 ⁸
3266 1030 3599 1101 παρανομῶν
3634 1033 3711 1095 είς
3743 1034 3800 1085 τὸ

2209 1118 2309 1188 τῆς
2364 1116 2552 1187 Λήθης
2610 1118 2872 1188 φρούριον
2925 1118 3016 1171 ὑπ’
3065 1119 3245 1171 αὐτῶν
3285 1120 3510 1190 Περσῶν
3560 1121 3799 1193 ἐνετέθη,

2212 1210 2361 1272 ὅπως
2386 1226 2445 1262 τε
2472 1208 2651 1262 λαθὼν
2673 1210 2760 1262 διὰ
2790 1210 2893 1279 τῆς
2926 1210 3187 1277 γυναικὸς
3213 1214 3291 1275 είς
3322 1214 3450 1276 τοὺς
3478 1212 3798 1281 Ἐφθαλίτας

2212 1295 2444 1365 ἀπέδρα,
2477 1296 2571 1349 καὶ
2599 1296 2746 1360 ὅπως
2777 1299 2957 1350 ἐκεῖσε
2989 1298 3259 1369 κηδεύσας
3281 1341 3295 1363 ,
3329 1302 3548 1372 στρατῷ
3576 1303 3799 1374 μεγάλῳ

2225 1388 2562 1456 Ἐφθαλιτῶν
2591 1390 2683 1441 ἐπὶ
2718 1390 2934 1457 Πέρσας
2972 1390 3191 1457 ἐλάσας,
3226 1393 3471 1463 ἀμαχητὶ
3500 1394 3602 1463 τὴν
3626 1395 3799 1465 ἀρχὴν

2211 1478 2568 1550 ἀνεκτήσατο,
2598 1480 2694 1533 καὶ
2744 1481 2941 1534 Βλὰσιν
2971 1481 2991 1512 ι
3020 1482 3114 1534 τὸν
3151 1484 3391 1553 Περόζου
3422 1485 3650 1554 ἀδελφὸν
3687 1488 3797 1540 ἀντ’

2212 1572 2380 1625 αὐτοῦ
2410 1572 2808 1641 βασιλεύσαντα
2836 1574 3045 1645 ἔρημον
3090 1573 3273 1628 λαϐὼν
3300 1576 3407 1628 τῶν
3441 1578 3798 1647 ἀμυνομένων

2211 1664 2571 1730 ἐξετύφλωσέ,
2591 1664 2711 1728 ζέον
2730 1665 2909 1718 ἔλαιον
2925 1669 3036 1728 τοῖς
3052 1666 3351 1737 ὀφθαλμοῖς
3362 1670 3540 1739 ήνεῳγ
3547 1670 3731 1739 μένοις
3746 1670 3800 1703 ⁸⁸

2217 1758 2485 1826 ὲπεγχέας
2505 1774 2519 1787 ⁸
2548 1758 2737 1829 τρόπῳ
2759 1758 2867 1827 γὰρ
2894 1758 3027 1828 τῷδε
3056 1759 3261 1828 Πέρσαι
3287 1760 3601 1828 τυφλοῦσιν.
3624 1763 3708 1813 Τά
3741 1780 3799 1815 τε

2220 1851 2348 1918 περὶ
2376 1849 2682 1920 Πακουρίου
2713 1849 2806 1902 τοῦ
2844 1849 3069 1919 Περσῶν
3102 1849 3366 1918 βασιλέως
3391 1852 3485 1904 καὶ
3530 1853 3798 1922 Ἀρσάκου

2230 1942 2529 2012 Ἀρμενίων
2598 1942 2698 2010 τῆς
2757 1959 2816 1994 τε
2858 1942 2968 1995 τῶν
3020 1943 3286 1996 ὲπαοιδῶν
3325 1943 3611 2014 ὑποθήκης
3659 1946 3800 1999 κατά

2230 2032 2500 2103 Ἀρσάκου
2539 2034 2622 2103 τῷ
2664 2034 2951 2105 Πακουρίῳ
2996 2036 3393 2105 γεγενημένης,
3416 2037 3465 2089 εί
3498 2036 3572 2106 μὴ
3634 2035 3801 2105 μῦθος

2217 2124 2393 2177 ταῦτα
2435 2124 2708 2180 συνέθετο.

2295 2214 2418 2267 Ὅτι
2444 2213 2704 2285 Καϐάδης
2728 2216 2755 2269 ό
2794 2214 3194 2286 προειρημένος
3239 2215 3419 2282 δφλων
3454 2214 3803 2282 Ἐφθαλίταις

2218 2308 2476 2377 χρήματα
2492 2309 2842 2362 Ἀναστάσιον
2882 2308 3103 2377 βασιλέα
3128 2308 3307 2378 ⁴ᾐτεῖτό
3337 2309 3383 2360 οί
3416 2307 3679 2370 δανεῖσαι,
3711 2307 3802 2359 τοῦ

2217 2399 2274 2452 δὲ
2313 2400 2387 2470 μὴ
2424 2400 2603 2463 δόντος
2629 2400 2756 2453 ἄνευ
2800 2401 2964 2471 ἄλλης
3013 2401 3191 2461 αἰτίας
3233 2399 3430 2469 ἀθρόον
3475 2399 3649 2451 πολλά
3694 2399 3802 2468 τῆς

2233 2490 2525 2559 Ἀρμενίας
2572 2490 2881 2561 κατέδραμε
2908 2492 3001 2544 καὶ
3036 2490 3260 2559 Ἀμίδαν
3302 2490 3629 2559 ἐπολιόρκει,
3664 2490 3802 2541 ἀπο-

2224 2581 2393 2653 ρήσας
2419 2581 2476 2634 δὲ
2510 2578 2797 2652 ἀνεχώρει,
2822 2580 3192 2653 ἀναχωροῦντι
3220 2582 3277 2635 δὲ
3310 2582 3342 2652 ἡ
3378 2581 3487 2634 τῶν
3516 2580 3804 2651 ἑταιρίδων

2221 2673 2496 2741 γυναικῶν
2537 2673 3098 2745 αίσχροπραγμοσύνη
3144 2674 3291 2726 αἰτία
3314 2673 3415 2742 τῆς
3450 2672 3805 2743 ὑποστροφῆς

2220 2765 2480 2833 κατέστη,
2514 2765 2609 2817 καὶ
2642 2763 3013 2835 πολιορκήσας
3053 2764 3211 2835 θυμῷ
3259 2765 3356 2817 καὶ
3382 2765 3519 2835 ὀργῇ
3547 2765 3805 2833 Καϐἁδης

2218 2856 2320 2926 τήν
2341 2872 2400 2908 τε
2426 2854 2578 2908 πόλιν
2621 2855 2763 2908 κατά
2785 2854 2986 2925 κράτος
3026 2854 3149 2924 ἔσχε
3176 2854 3271 2908 καὶ
3305 2856 3431 2918 τοὺς
3456 2856 3514 2907 ὲν
3544 2856 3683 2925 αὐτῇ
3717 2856 3809 2923 ὴν-

2219 2946 2603 3018 δραποδίσατο.
2636 2947 2903 3018 ’Υστερον
2938 2946 2997 2999 δὲ
3028 2946 3256 3009 πολλοὺς
3290 2947 3397 2999 τῶν
3437 2946 3806 3017 αίχμαλώτων

2220 3038 2403 3107 ἀφῆκε
2438 3039 2638 3109 προῖκα
2661 3074 2677 3101 ,
2703 3036 2799 3102 οὒς
2838 3039 2930 3091 καί
2974 3038 3325 3103 Ἀναστάσιος
3369 3041 3426 3104 ὲς
3468 3041 3539 3093 τὰ
3569 3041 3807 3109 μάλιστα

535 3135 755 3189 domum
794 3135 1031 3198 remisit,
1066 3150 1204 3204 quos
1237 3144 1291 3190 et
1312 3134 1643 3191 Anastasius
1666 3138 1816 3193 omni
1840 3145 1925 3193 est
1954 3138 2116 3194 bene-

2226 3131 2415 3200 ὲφιλοφ
2425 3131 2712 3202 ρονήσατο.

534 3224 787 3278 volentize
819 3239 1020 3294 genere
1048 3225 1386 3295 complexus.

605 3315 836 3385 Cognito
887 3331 1017 3370 vero
1045 3316 1295 3372 Amidam
1345 3318 1608 3385 obsideri,
1642 3319 1892 3390 ingentes
1928 3321 2120 3377 admo-

536 3406 662 3461 dum
688 3407 951 3463 adversus
974 3406 1170 3462 Persas
1194 3410 1515 3465 Anastasius
1544 3411 1651 3480 22
1674 3412 1701 3464 b
1732 3413 1920 3483 capias
1943 3414 2115 3480 misit,

537 3498 739 3555 creatis
766 3498 993 3555 ducibus
1028 3500 1340 3555 Areobindo
1392 3502 1637 3558 Orientis
1683 3505 1843 3569 duce,
1870 3507 1960 3576 qui
1994 3505 2121 3578 Oly-

538 3586 665 3653 brii“,
693 3586 810 3655 ejus
835 3589 929 3657 qui
959 3588 1119 3656 paulo
1149 3598 1277 3643 ante
1305 3591 1357 3644 in
1397 3589 1695 3647 Occidente
1726 3593 2115 3663 imperaverat,

539 3692 705 3749 gener
732 3690 851 3733 erat
885 3679 1112 3735 :Cclere
1144 3681 1270 3735 item
1308 3682 1592 3752 magistro,
1637 3681 1880 3740 Patricio
1905 3701 2122 3755 quoque

540 3770 773 3840 Phryge,
807 3780 863 3825 et
906 3769 1139 3841 IIypatio
1171 3784 1404 3841 cognato
1455 3775 1723 3843 patruele.
1774 3776 1857 3830 Ad
1886 3788 2123 3847 quatuor

542 3869 720 3914 autem
765 3860 931 3917 hosce
980 3864 1147 3919 duces
1194 3874 1547 3921 accesserunt
1594 3876 1650 3921 et
1686 3865 1968 3933 Justinus,
2029 3872 2120 3938 qui

539 3952 814 4006 Anastasii
861 3953 1145 4021 imperium
1188 3954 1424 4024 excepit,
1472 3955 1677 4026 aliique
1720 3957 1939 4027 plurimi
1981 3961 2123 4015 bello

541 4052 863 4110 praestantes
892 4044 1014 4099 viri.
1043 4045 1357 4099 Exercitum
1396 4054 1609 4101 tantum
1642 4065 1921 4119 nunquam
1945 4067 1973 4105 a
2003 4052 2118 4106 Ro-

541 4133 719 4186 manis
764 4132 816 4186 in
864 4131 1055 4188 Persas
1097 4134 1325 4189 missum
1380 4135 1584 4191 f'erunt.
1622 4138 1691 4192 At
1738 4138 1866 4193 dum
1912 4156 2123 4196 moram

540 4228 848 4280 cunctando
893 4235 1141 4295 nectunt,
1174 4238 1329 4298 capta
1359 4229 1555 4284 civitas
1585 4241 1692 4297 est,
1728 4245 1905 4301 neque
1948 4234 2112 4289 simul

539 4331 729 4371 omnes
769 4333 895 4373 cum
946 4317 1186 4387 Cabade,
1219 4332 1474 4377 conserta
1507 4337 1691 4389 manu,
1719 4324 2121 4394 conﬂixerunt;

539 4409 635 4462 sed
685 4410 913 4463 seorsim
955 4409 1156 4480 singuli
1204 4414 1436 4483 turpiter
1475 4413 1631 4477 victi,
1689 4416 1877 4470 multis
1903 4432 2122 4471 suorum

2294 3310 2416 3363 Ὅτι
2456 3308 2918 3379 πολιορκουμένην
2947 3309 3172 3378 Ἀμίδαν
3215 3310 3403 3379 μαθὼν
3457 3311 3809 3376 Ἀναστάσιος

2222 3401 2632 3472 στρατεύματος
2681 3400 2885 3470 πλῆθος
2940 3400 3058 3454 λίαν
3106 3400 3247 3453 κατά
3295 3401 3519 3469 Περσῶν
3572 3401 3808 3468 ἔστειλε,

2222 3494 2559 3564 στρατηγοὺς
2609 3492 2908 3562 ἐπιστήσας
2978 3492 3313 3562 Ἀρεόϐινδόν
3381 3509 3441 3543 τε
3488 3494 3581 3545 τὸν
3632 3494 3811 3564 Ἑῲας

2222 3584 2548 3655 στρατηγὸν,
2592 3583 2651 3644 ὃς
2678 3578 2747 3652 ἦν
2802 3581 3084 3651 Ὀλυϐρίου
3113 3584 3134 3614 ⁸
3188 3582 3454 3654 κηδεστὴς
3494 3583 3587 3636 τοῦ
3624 3584 3813 3656 μικρῷ

2222 3672 2459 3744 πρόσθεν
2487 3672 2587 3739 τῆς
2630 3671 2901 3742 Ἐσπέρας
2929 3671 3366 3741 βασιλεύσαντος,
3392 3674 3604 3744 Κέλερά
3625 3693 3686 3728 τε
3720 3678 3813 3728 τὸν

2226 3766 2549 3837 μάγιστρον,
2580 3764 2875 3833 Πατρίκιόν
2904 3782 2965 3817 τε
3005 3765 3096 3819 τὸν
3147 3766 3365 3836 Φρύγα,
3406 3768 3502 3819 καὶ
3550 3768 3813 3822 ’Υπάτιον

2221 3860 2315 3912 τὸν
2354 3859 2554 3911 οἰκεῖον
2576 3856 2910 3923 ἀδελφιδοῦν.
2933 3850 3093 3910 Οὗτοι
3115 3858 3214 3927 μὲν
3241 3854 3337 3912 οὖν
3363 3860 3662 3931 στρατηγοὶ
3686 3862 3813 3913 τέσ-

2226 3966 2413 4021 σαρες,
2464 3948 2632 4017 συνῆν
2657 3948 2714 4002 δὲ
2750 3948 2935 4013 αὐτοῖς
2972 3950 3068 4002 καὶ
3102 3952 3386 4013 Ἰουοτῖνος
3415 3954 3443 4004 ό
3471 3952 3607 4022 μετά
3654 3954 3815 4006 Ἀναο

2231 4040 2448 4094 στάσιον
2484 4038 2809 4110 βασιλεύσας
2843 4041 2887 4105 ⁸,
2922 4040 3075 4094 ἄλλοι
3107 4058 3166 4093 τε
3194 4041 3379 4097 πολλοὶ
3403 4045 3497 4097 καὶ
3521 4045 3717 4112 ἀγαθοὶ
3746 4044 3816 4097 τά

2227 4131 2464 4201 πολέμια
2488 4146 2502 4161 ο
2538 4131 2857 4201 στράτευμα
2891 4132 2999 4202 γὰρ
3022 4131 3267 4184 τοιοῦτον
3306 4130 3503 4186 οὔποτε
3536 4136 3627 4186 ἐπὶ
3668 4134 3815 4203 Ilip-

2227 4241 2326 4285 σας
2362 4222 2653 4290 Ῥωμαίοις
2700 4223 2832 4290 φασὶ
2861 4222 3141 4292 ξυστῆναι,
3183 4223 3299 4276 ἀλλ’
3328 4225 3746 4295 ὑστερησάντων
3778 4229 3811 4296 ὴ

2226 4316 2381 4377 πόλις
2438 4314 2603 4376 ἑάλω,
2660 4314 2755 4366 καὶ
2798 4314 2895 4384 οὐχ
2946 4314 3065 4383 ἅμα
3111 4315 3337 4386 Καϐάδῃ
3376 4316 3814 4387 πολεμήσαντες,

2226 4407 2363 4461 ἀλλά
2385 4406 2554 4477 χωρὶς
2584 4406 2836 4466 ἔκαστοι,
2878 4403 3095 4468 ἀκλεῶς
3140 4406 3553 4477 ἀπηλλάγησαν,
3586 4407 3817 4469 πολλοὺς

541 4501 884 4567 desideratis,
920 4502 1314 4558 discesserunt.
1346 4502 1591 4560 Tandem
1625 4512 1831 4570 tamen,
1863 4507 2116 4561 ductisad

2226 4498 2336 4551 τῶν
2386 4497 2603 4550 οἰκείων
2664 4495 3049 4559 ἀποϐαλόντες.
3079 4497 3345 4568 ’Ὕστερον
3393 4499 3448 4551 δὲ
3486 4500 3544 4562 ἐς
3587 4500 3816 4567 Ἀμίδαν

540 4590 788 4644 Amidam
823 4593 1018 4661 c0piis,
1056 4592 1244 4647 urbem
1271 4594 1586 4661 cinxerunt,
1619 4596 1821 4665 diuque
1850 4597 2124 4654 hzerentes

543 4680 795 4747 Romani,
824 4682 1020 4739 Persas
1048 4684 1310 4752 inclusos,
1342 4696 1398 4741 et
1438 4702 1621 4742 rerum
1659 4687 1841 4757 inopia
1868 4688 2126 4743 laboran-

542 4785 645 4840 tes,
670 4775 737 4829 ad
759 4785 965 4845 septem
997 4792 1264 4832 annorum
1290 4779 1543 4834 inducias
1577 4780 1982 4847 compulerunt,
2027 4795 2127 4834 au-

540 4866 785 4922 ctoribus
804 4866 993 4923 Celere
1028 4866 1276 4925 Romano
1300 4880 1356 4925 et
1380 4870 1665 4941 Aspevede
1696 4870 1882 4926 Persa.

610 5042 821 5099 Taurus
870 5044 1095 5102 Cilicum
1123 5065 1275 5104 mons
1304 5065 1399 5119 per
1430 5051 1786 5121 Cappadocas
1838 5052 2072 5121 primum
2102 5069 2119 5119 ;

540 5142 595 5187 et
623 5134 913 5191 Armenios
940 5153 1061 5193 sese
1085 5142 1351 5207 extendit,
1382 5156 1448 5196 ac
1485 5150 1713 5207 terram,
1743 5156 1880 5212 quos
1903 5151 2121 5206 vocant,

541 5222 1089 5293 Persarmeniorum;
1145 5230 1343 5287 dehinc
1382 5246 1479 5300 per
1516 5232 1758 5289 Albanos
1806 5234 2122 5303 porrigitur,

544 5321 598 5366 et
619 5312 820 5381 Iberos,
848 5327 903 5372 et
930 5334 1278 5390 quascunque
1306 5322 1440 5377 alias
1463 5324 1545 5378 sui
1580 5324 1723 5390 juris
1757 5334 1966 5393 gentes,
2003 5338 2125 5393 quae

546 5403 729 5463 Persis
752 5408 898 5465 dicto
925 5412 1227 5480 audientes,
1252 5413 1321 5469 iis
1350 5416 1402 5470 in
1421 5414 1554 5470 locis
1587 5416 1858 5473 habitant.
1890 5415 2123 5471 Praeter-

2231 4589 2552 4660 ἀφικόμενοι
2580 4587 2934 4659 ἐπολιόρκουν
2961 4588 3059 4658 τὴν
3088 4588 3240 4642 πόλιν
3268 4605 3283 4621 θ
3319 4590 3816 4660 χρονοτριϐούντων

2230 4683 2307 4748 δὲ,
2336 4683 2385 4735 oi
2414 4681 2564 4744 ἐντὸς
2583 4681 2811 4750 Πέρσαι,
2829 4681 2929 4751 ήδη
2953 4680 3011 4734 δὲ
3037 4681 3132 4735 καὶ
3156 4681 3540 4751 ἀπορούμενοι,
3564 4684 3619 4744 ἐς
3653 4699 3821 4734 σπον-

2230 4775 2325 4839 δάς
2357 4773 2650 4843 Ῥωμαίοις
2681 4772 2855 4825 ἔτεσιν
2887 4773 3028 4825 ἑπτὰ
3063 4772 3369 4844 συνέϐησαν
3394 4816 3409 4840 ,
3439 4774 3675 4845 Κέλερος
3716 4776 3819 4843 μὲν

2234 4865 2375 4935 ὑπὲρ
2414 4864 2721 4934 Ῥωμαίων,
2765 4863 3088 4917 Ἀσπευέδου
3126 4864 3184 4918 δὲ
3225 4865 3349 4918 ἀντὶ
3388 4866 3616 4936 Περσῶν
3640 4867 3814 4931 αύτάς

2232 4956 2638 5027 ποιησαμένων.

2302 5047 2425 5099 ’Ὀτι
2467 5045 2529 5097 τὸ
2561 5043 2798 5097 Κιλίκων
2832 5044 2853 5075 ⁷
2877 5043 3003 5115 ὅρος
3042 5045 3073 5098 ό
3098 5045 3311 5113 Ταῦρος
3355 5046 3577 5116 ἀμείϐει
3623 5045 3725 5116 μὲν
3751 5048 3820 5101 τὰ

2231 5137 2425 5209 πρῶτα
2443 5134 2840 5198 Καππαδόκας,
2866 5137 2959 5188 καὶ
2974 5136 3296 5206 Ἀρμενίους
3322 5137 3417 5190 καὶ
3432 5136 3545 5190 τῶν
3568 5138 3820 5207 Περσαρ-

2235 5228 2435 5299 μενίων
2478 5224 2577 5295 τὴν
2618 5224 2743 5294 γῆν,
2770 5221 2891 5279 εἶτα
2929 5225 3249 5289 Ἀλϐανοὺς,
3303 5228 3398 5280 καὶ
3424 5226 3668 5298 Ἴϐηρας,
3722 5232 3820 5280 καὶ

2230 5320 2331 5372 ὅσα
2352 5316 2486 5370 ἄλλα
2515 5317 2786 5385 αὐτόνομα
2819 5316 2946 5386 ἔθνη
2977 5319 3073 5370 καὶ
3102 5317 3340 5387 Πέρσαις
3369 5321 3613 5389 κατήκοα
3640 5318 3819 5390 ταύτῃ

2230 5408 2840 5480 ᾧκηνται.⁹Υπερϐάντι
2867 5407 2925 5462 δὲ
2964 5408 3091 5473 τοὺς
3137 5408 3362 5481 Ἰϐήρων
3392 5411 3414 5444 ⁸
3459 5411 3618 5482 ὄρους
3645 5411 3822 5482 ἀτρα-

1893 5599 2121 5657 VARIA'S
2158 5595 2559 5654 LECTIONES.

619 5733 1135 5819 fpostdllprc_cttttt
1179 5738 1222 5819 A
1253 5736 1512 5819 omisife.
1591 5738 1611 5767 ³
1643 5755 1700 5819 τε
1736 5739 1813 5791 A:
1848 5738 1903 5792 δὲ
1926 5755 1985 5802 ς.
2068 5737 2085 5768 "
2108 5738 2309 5807 βλάσην
2342 5754 2404 5801 ς.

555 5802 735 5867 σιλεὺς
759 5820 819 5868 ς.
895 5808 915 5840 ⁷
938 5807 1243 5870 ΚίλικοςΛ.
1322 5812 1341 5840 ⁸
1376 5807 1620 5878 Ἰϐήρους
1656 5811 1717 5862 A.

2480 5734 2521 5766 ’δ’
2562 5734 2933 5807 ἀνεῳγμένοις
2952 5753 3016 5802 ς.
3122 5739 3144 5771 ⁵
3176 5734 3504 5807 Ὀλυμϐρίου
3526 5752 3584 5801 ς.
3662 5737 3683 5768 ⁶
3718 5734 3818 5807 βα-
