4030 6452
246 432 320 499 125
1276 424 1806 485 BIBLIOTH'ECA.

1863 452 1918 461 -
1947 427 2113 487 COD.
2145 426 2375 487 LXIII.
3352 417 3454 482 126

240 540 455 605 πόςίστιν
480 534 536 587 ἐν
562 531 892 605 στενοχωρίᾳ
923 533 1094 606 πολλῇ
1142 533 1236 588 ἐπὶ
1283 534 1533 599 σταδίους
1564 537 1765 605 πεντή-
1792 538 1831 593 Α

1868 552 2053 608 gresso
2083 551 2213 592 vero
2252 523 2530 590 [berorum
2576 532 2730 594 lines.
2761 530 2957 585 semita
2984 529 3235 600 quaedam
3263 546 3459 588 occur.

238 625 781 696 κσκα⁹ὲξικνουμένη,
813 624 950 696 αὕτη
976 644 1036 679 τε
1057 629 1091 697 ἠ
1121 626 1367 698 ἀτραπὸς
1400 628 1457 691 ἐς
1486 627 1763 697 ἀπότομόν

1868 628 1938 682 rit
1979 627 2395 697 angustissima,
2441 624 2635 678 stadiis
2685 621 2798 676 fere
2844 621 3127 690 sexaginta
3180 622 3294 693 (67)
3330 640 3458 693 pro.

235 742 325 781 τινα
346 722 429 775 καὶ
450 720 582 782 ὅλως
608 718 809 774 ἄϐατον
835 718 1061 790 τελευτᾷ
1093 719 1271 790 χῶρον
1303 737 1318 751 ·
1351 720 1520 781 δίοδος
1544 721 1652 792 γὰρ
1674 721 1766 773 οὐ·

1867 717 2073 783 ducta,
2115 732 2235 787 qua:
2307 717 2361 770 in
2449 716 2741 783 abruptum
2794 716 3082 781 quemdam
3136 714 3458 783 penitusque

233 814 354 883 δεμία
377 810 646 879 φαίνεται,
682 808 824 877 πλήν
874 826 937 878 γε
966 809 1030 879 δὴ
1056 809 1139 862 ὅτι
1195 809 1386 878 ὥσπερ
1423 811 1545 864 τινὰ
1581 827 1764 882 χειρο-

1868 809 2073 863 invium
2099 806 2305 861 desinit
2344 806 2524 862 locum
2552 823 2566 860 :
2598 804 2689 858 ubi
2720 818 2897 873 neque
2931 803 3199 856 transitus
3230 816 3458 873 apparet

231 906 409 973 minmv
433 900 619 952 πυλίδα
646 898 883 953 ἐνταῦθα
913 901 947 969 ὴ
972 899 1135 969 φύσις
1167 900 1389 971 ἐξεῦρεν
1426 941 1441 964 ,
1473 903 1507 972 ἢ
1533 901 1762 955 Κασπία

1867 899 2031 962 ullus,
2063 907 2428 968 praeterquam
2461 906 2619 965 porta
2639 904 2899 964 tanquam
2927 909 3089 948 manu
3115 905 3454 960 constructa,

230 1000 278 1048 ἐκ
310 992 387 1065 [69
414 989 497 1061 [1.]
544 990 778 1043 παλαιοῦ
812 990 1040 1061 ἐκλήθη.
1075 991 1147 1043 Τὸ
1180 990 1235 1045 δὲ
1265 992 1478 1046 ἐνθένδε
1510 993 1667 1047 πεδία
1699 991 1761 1046 τέ

1866 991 2067 1047 ibidem
2100 1006 2131 1046 a
2164 1000 2359 1044 natura
2404 990 2725 1054 constituta,
2764 1004 2884 1056 qua:
2916 986 3111 1056 Caspia
3159 988 3272 1058 (68)
3312 990 3455 1042 anti-

226 1094 341 1143 ἑστιν
368 1085 626 1155 ἱππήλατα
648 1085 745 1138 καὶ
778 1085 987 1139 ὑδάτων
1012 1086 1225 1139 πολλῶν
1260 1088 1496 1157 ἀτέχνως
1523 1087 1760 1156 ἔμπλεα,

1868 1085 2051 1155 quitus
2135 1084 2299 1139 dicta.
2352 1081 2508 1138 Ultra
2592 1096 2715 1137 eam
2798 1092 3015 1152 portam
3086 1083 3265 1151 campi
3328 1092 3453 1137 sunt

224 1181 297 1233 καὶ
310 1178 438 1248 χώρα
453 1176 617 1247 πολλὴ
637 1177 928 1240 ίππόὸοτός
958 1195 1015 1231 τε
1033 1176 1124 1249 [55
1143 1177 1181 1231 ΙΙ
1254 1178 1349 1232 καὶ
1363 1179 1537 1241 ἄλλως
1553 1178 1722 1232 ὑπτία
1745 1217 1761 1243 ,

1865 1175 2575 1247 equitationiaccommodi,
2615 1184 2671 1229 et
2698 1175 2898 1228 nativis
2933 1174 3090 1243 aquis
3132 1174 3347 1240 referti,
3388 1190 3450 1230 ac

225 1266 271 1325 οὗ
300 1270 352 1340 δὴ
378 1269 437 1321 τὰ
468 1266 680 1321 Οΰννων
710 1268 840 1339 ἔθνη
871 1268 1060 1338 σχεδόν
1093 1286 1145 1322 τι
1176 1270 1356 1323 πάντα
1382 1271 1596 1341 ἵδρυται
1634 1270 1762 1343 ἄχρι

1903 1268 2016 1339 egio
2046 1267 2212 1323 multa
2260 1268 2417 1338 equis
2444 1268 2753 1337 pascendis,
2782 1275 2836 1320 et
2859 1267 3018 1336 plana
3046 1284 3061 1322 :
3106 1268 3195 1321 ubi
3229 1267 3458 1322 llunno-

223 1366 267 1425 ἐς
282 1362 362 1431 τὴν
396 1359 635 1415 Μαιῶτιν
663 1359 921 1429 διήκοντα
972 1360 1190 1431 λίμνην.
1233 1356 1309 1416 Οὗ
1339 1362 1403 1431 δὴ
1429 1363 1498 1433 ἢν
1545 1362 1645 1431 μὲν
1674 1363 1765 1417 διὰ

1866 1376 1984 1415 rum
2015 1360 2127 1414 fere
2140 1368 2331 1429 gentes
2358 1374 2547 1415 omnes
2570 1359 2841 1424 habitant,
2868 1374 3041 1428 usque
3064 1359 3129 1413 ad
3157 1358 3456 1413 Maeotidem

222 1456 296 1523 τῆς
319 1452 531 1517 πυλίδος,
561 1447 629 1523 ἧς
667 1452 794 1523 ἄρτι
817 1452 1116 1523 ἐμνήσθην,
1149 1452 1304 1506 ἴωσιν
1335 1454 1392 1516 ἐς
1440 1454 1507 1507 τὰ
1536 1453 1763 1524 Περσῶν

1866 1452 2207 1521 pertinentes
2275 1451 2551 1521 paludem.
2609 1451 2673 1505 lli
2722 1451 2767 1505 si
2805 1454 3028 1519 quando
3070 1467 3165 1520 per
3202 1452 3457 1521 Caspiam

222 1541 293 1593 ui
325 1538 591 1607 Ῥωμαίων
636 1538 767 1610 ἢθη,
802 1540 1133 1611 ἀκραιφνέσι
1167 1544 1281 1606 τοῖς
1329 1540 1517 1605 ἵπποις
1548 1542 1719 1596 ἵενται
1743 1557 1757 1572 ·

1864 1550 2077 1613 portam
2117 1541 2297 1614 (cujus
2340 1544 2500 1596 modo
2550 1542 2798 1613 memini)
2837 1542 2889 1596 in
2930 1542 3217 1598 Persarum
3264 1552 3321 1597 ct
3349 1542 3451 1596 Ro-

223 1632 366 1698 μόνοις
407 1632 509 1702 γὰρ
550 1633 661 1693 τοῖς
692 1633 1011 1703 είρημένοις
1059 1635 1402 1705 πεντήκοντα
1434 1636 1476 1667 ¹⁶
1527 1635 1763 1697 σταδίοις

1867 1647 2153 1688 manorum
2190 1634 2469 1704 regionem
2515 1635 2780 1699 tendunt,
2831 1634 3059 1704 integris
3094 1635 3250 1703 cquis
3295 1650 3458 1703 quam

220 1724 295 1792 τῆς
339 1722 631 1791 δυσχωρίας
674 1723 1189 1795 ταλαιπωροῦνται,
1243 1727 1405 1796 οἵπερ
1440 1728 1499 1789 ἐς
1546 1727 1586 1758 ¹¹
1635 1728 1763 1791 τοὺς

1867 1722 2256 1777 incitatissimo
2317 1739 2479 1778 cursu
2524 1721 2797 1778 feruntur.
2842 1722 2979 1777 Nam
3044 1724 3329 1792 sexaginta
3372 1724 3457 1777 bis

229 1812 420 1883 Ἰϐηρίας
453 1813 633 1883 ὅρους,
661 1812 853 1884 ῶσπερ
873 1815 1106 1886 ἐρρήθη,
1129 1816 1409 1887 διήκουσιν
1429 1828 1445 1845 ·
1475 1815 1564 1870 ἐπ’
1595 1816 1763 1880 ἄλλας
1796 1843 1820 1898 Ῑ

1869 1814 2158 1877 duntaxat,
2191 1829 2310 1883 qua:
2340 1813 2599 1879 diximus,
2634 1814 2831 1868 stadiis
2857 1830 2978 1868 cum
3008 1813 3109 1869 loci
3135 1813 3457 1868 diiiicullate

216 1908 257 1959 δέ
303 1923 435 1969 τινας
472 1904 687 1970 ἐξόδους
736 1907 906 1969 ίόντες
952 1907 1102 1978 πόνῳ
1135 1925 1197 1961 τε
1233 1908 1416 1979 πολλῷ
1459 1910 1554 1963 καὶ
1607 1910 1760 1980 μόλις

1868 1906 2286 1969 conﬂictantur,
2333 1915 2599 1977 quotquot
2639 1906 2705 1961 ad
2757 1906 2947 1961 Iberiae
2995 1907 3127 1960 lines
3170 1914 3457 1975 penetrare

216 2001 278 2060 είς
315 1998 375 2052 τὰ
415 1998 638 2068 Περσῶν
684 1999 782 2053 καὶ
852 1999 1145 2070 Ῥωμαίων
1192 1999 1297 2071 ἥϐη
1344 2002 1761 2072 παραγίνονται.

1867 1998 2059 2053 volunt
2090 2017 2103 2053 :
2136 2014 2259 2053 cum
2301 2008 2481 2052 tamen
2522 2013 2620 2067 per
2663 1998 2801 2052 alios
2832 1998 3095 2066 quosdam
3123 1998 3302 2053 exitus
3330 2013 3458 2067 pro-

215 2092 357 2161 Ὅπερ
394 2092 582 2161 ἐπειδὴ
629 2093 658 2145 ό
705 2091 976 2146 Φιλίππου
1028 2093 1384 2165 Ἀλέξανδρος
1435 2095 1759 2166 κατενόησε,

1866 2091 2016 2157 fecti,
2049 2105 2243 2160 magno
2271 2090 2462 2144 labore
2485 2103 2630 2159 aegre
2656 2088 2945 2158 aliquando
2976 2090 3028 2142 in
3064 2088 3359 2143 Persarum
3392 2103 3457 2143 ac

215 2182 354 2245 πύλας
373 2200 426 2236 τε
457 2184 514 2236 ἐν
540 2183 707 2255 χώρῳ
735 2184 816 2255 τῷ
846 2185 1127 2257 εἰρημένῳ
1158 2187 1491 2259 ἐτεκτήνατο
1524 2188 1620 2241 καὶ
1656 2206 1753 2256 gou-

1867 2182 2235 2236 Romanorum
2268 2196 2421 2236 oram
2458 2180 2802 2250 perveniant.
2842 2180 2998 2247 Quod
3024 2181 3113 2236 ubi
3146 2182 3458 2235 Alexander

212 2273 459 2344 λακτήριον
485 2276 888 2344 κατεστήσατο.
920 2276 1094 2329 Τοῦτο
1148 2278 1206 2330 ἐν
1233 2281 1355 2340 ταῖς
1388 2277 1754 2332 Ἀναστασίου

1866 2273 2096 2343 Philippi
2143 2273 2287 2328 (ilius
2332 2273 2761 2337 animadvertit,
2806 2284 2995 2343 portas
3033 2275 3088 2327 iu
3137 2273 3285 2327 dicto
3334 2272 3457 2327 loco

212 2366 403 2436 ἡμέραις
422 2365 807 2440 Ἀμὸαζούκης
847 2371 1116 2440 κατεῖχεν,
1137 2365 1339 2433 Οὗννος
1374 2371 1476 2440 μὲν
1498 2371 1559 2424 τὸ
1592 2372 1635 2402 ³³
1665 2371 1760 2441 γέν

1865 2365 2264 2419 εχιεόίῦοιινῑιι
2297 2363 2665 2433 ριίεείάίοίιιιο
2694 2364 2895 2419 ibidem
2934 2364 3150 2431 relicto,
3206 2363 3456 2418 munivit.

210 2472 295 2518 νος,
332 2455 614 2526 Ῥωμαίοις
652 2457 709 2509 δὲ
733 2458 828 2511 καὶ
867 2459 1214 2530 ’Λναστασίῳ
1244 2460 1419 2528 φίλος,
1451 2462 1511 2525 ὃς
1542 2462 1639 2515 καὶ
1669 2464 1760 2517 ἐν-

1867 2455 1920 2510 Id
1951 2457 2349 2511 munimentum
2395 2455 2671 2511 Anastasii
2712 2456 3060 2526 imperatoris
3114 2456 3458 2526 temporibus

209 2543 432 2615 ιχτίριζεν
457 2547 801 2619 Ἀναστασίῳ
821 2548 865 2579 ⁸³
885 2550 984 2613 τὰς
1007 2550 1202 2613 πύλας.
1220 2551 1278 2605 Ὀ
1305 2551 1361 2605 δὲ
1383 2551 1485 2621 τῆς
1514 2552 1611 2623 μὲν
1630 2570 1763 2624 προ-

1868 2547 2198 2603 Ambazuces
2250 2547 2463 2612 tenuit,
2501 2547 2664 2601 domo
2702 2547 2951 2615 Hunnus,
2996 2546 3367 2601 Romanorum
3404 2556 3459 2601 et

207 2640 369 2709 θυμίας
411 2639 737 2710 ἀπεδέχετο,
782 2642 887 2695 οὐκ
926 2642 1211 2713 ἀνεδέχετο
1242 2643 1301 2696 δὲ
1348 2642 1447 2715 τὴν
1473 2645 1755 2714 φροντίδα.

1865 2640 2139 2694 Anastasii
2175 2640 2413 2705 amicus,
2444 2640 2534 2710 qui
2573 2649 2629 2694 et
2658 2650 2843 2711 portas
2870 2640 2988 2696 illas
3016 2641 3193 2695 eidem
3226 2641 3456 2710 principi

206 2730 420 2799 Καὸάδης
467 2731 524 2784 δέ
568 2732 993 2803 τελευτήσαντος
1047 2733 1438 2803 Ἀμὸαζούκου
1499 2736 1761 2790 ἐϐιάσατο

1864 2732 2105 2787 tradidit.
2161 2732 2306 2803 23a
2336 2732 2433 2786 illc
2467 2732 2908 2788 benevolentiam
2940 2732 3159 2802 quidem
3186 2732 3449 2801 suscepit,

203 2820 301 2885 τοὺς
333 2821 519 2884 παῖδας
566 2825 663 2876 καὶ
700 2824 801 2887 τὰς
854 2822 1029 2887 πύλας
1058 2823 1238 2895 ἔσχεν.
1278 2826 1630 2890 ’Λναστάσιος
1677 2827 1752 2893 δὲ,

1866 2831 1921 2877 at
1949 2822 2049 2877 loci
2073 2839 2258 2878 curam
2289 2826 2563 2880 nonitem.
2594 2822 2778 2893 Itaque
2793 2823 3062 2889 Cabades,
3083 2833 3299 2879 mortuo
3328 2825 3457 2877 Am-

200 2911 299 2965 ἐπεὶ
319 2912 371 2965 αἱ
395 2915 529 2985 πρὸς
563 2914 821 2985 Καόἀδην
857 2914 1107 2984 ἐγένοντο
1142 2916 1390 2984 σπονδαὶ,
1428 2918 1587 2970 πόλιν
1622 2918 1758 2971 ἐδεί-

1866 2913 2086 2981 baznce,
2115 2915 2342 2983 deiectis
2363 2930 2460 2987 per
2489 2917 2596 2970 vim
2630 2917 2750 2985 eius
2770 2915 2978 2983 liberis,
3009 2927 3191 2987 portas
3220 2931 3457 2986 occupa-

201 3020 311 3073 ματο
335 3006 388 3057 ἐν
415 3007 603 3077 χωρίῳ
634 3008 820 3076 Δαρᾶς
851 3008 1055 3078 ἐχυρὰν
1091 3007 1136 3039 ⁸⁸
1159 3008 1386 3078 Περσῶν
1412 3009 1512 3063 οὐκ
1538 3009 1753 3063 ἐθελόν-

1865 3007 1960 3061 vit.
1987 3007 2333 3074 Anastasius,
2368 3008 2544 3077 pactis
2566 3022 2690 3063 cum
2722 3007 2937 3062 Cabade
2971 3007 3227 3073 induciis,
3268 3008 3456 3061 urbem

198 3113 300 3157 των,
330 3097 417 3149 καὶ
444 3098 641 3169 ἑτέραν
683 3098 839 3152 πόλιν
870 3101 927 3152 ἐν
959 3099 1291 3169 Ἀρμενίοις,
1327 3102 1613 3167 ἐγγυτάτω
1639 3102 1749 3156 τῶν
1777 3112 1789 3161 t

1869 3098 1947 3173 :de
1993 3115 2096 3155 suo
2144 3099 2417 3172 nomine,]
2461 3098 2644 3156 Persis
2672 3102 3122 3171 repugnantibus,
3171 3100 3460 3155 aediﬁcavit

198 3188 571 3261 Περσαρμενίας
616 3192 801 3262 ὁρίων,
836 3193 962 3264 ἥτις
999 3194 1130 3264 πρὶν
1179 3194 1430 3248 ἐκαλεῖτο
1466 3195 1755 3249 Θεοδοσίου

1870 3196 1913 3247 in
1949 3195 2172 3263 regione
2208 3194 2378 3250 Daras
2411 3204 2467 3249 et
2506 3192 2701 3249 Ancbu
2736 3210 2750 3248 :
2787 3193 3015 3249 alteram
3062 3193 3192 3248 item
3252 3194 3304 3247 in
3355 3192 3461 3247 Ar-

196 3280 339 3346 πὸλις,
358 3283 449 3337 ἅτε
472 3283 757 3338 Θεοδοσίου
790 3286 998 3349 πόλεως
1021 3285 1158 3358 αὐτῇ
1181 3285 1402 3358 ἀξίωμα
1422 3288 1547 3341 ἀντὶ
1564 3287 1757 3359 κώμης

1869 3285 2069 3351 menia,
2103 3286 2351 3354 proxime
2400 3285 2467 3339 ad
2517 3282 2913 3338 Persarmeniae
2959 3284 3113 3347 lines,
3144 3297 3265 3351 qua;
3308 3281 3460 3352 prius

196 3374 544 3443 περιθεμένου.

1868 3375 2316 3446 Theodosiopolis
2347 3378 2516 3441 dicta,
2557 3376 2700 3445 quod
2738 3375 3077 3430 Theodosius
3121 3373 3254 3443 imp.
3306 3372 3459 3427 urbis

1858 3468 2183 3539 dignitatem
2216 3468 2439 3539 ignobili
2477 3469 2595 3522 vico
2631 3468 2992 3523 attribuisset.

248 3547 357 3602 Ὅτι
397 3550 757 3603 Ἀναστασίου
824 3551 1274 3619 τελευτήσαντος,
1318 3552 1499 3605 καίτοι
1539 3552 1754 3607 πολλῶν

1928 3559 2221 3615 Anastasio
2276 3562 2386 3613 vita
2450 3558 2660 3625 functo,
2724 3557 2975 3628 quamvis
3030 3556 3183 3611 multi
3240 3554 3457 3626 generis

196 3639 333 3694 ὄντων
358 3641 465 3694 τῶν
491 3642 629 3713 πρὸς
646 3643 835 3709 γένους
855 3642 897 3673 ¹⁸
927 3643 1097 3708 ἀξίων
1113 3644 1215 3712 τῆς
1252 3642 1558 3712 βασιλείας,
1598 3644 1740 3696 πάνν

1865 3651 2113 3707 claritate
2166 3650 2399 3722 imperio
2446 3650 2592 3722 digni
2653 3650 3052 3721 reperirentur,
3104 3648 3320 3703 casteris
3372 3662 3456 3702 re-

196 3749 280 3787 των
318 3736 518 3806 ταύτης
580 3736 1013 3807 ἀπεληλαμένων
1081 3737 1371 3802 Ἶουστῖνος
1418 3738 1519 3809 τὴν
1576 3738 1753 3809 ἀρχὴν

1867 3743 2062 3810 pulsam
2099 3742 2296 3812 passis,
2342 3741 2590 3797 Justinus
2636 3741 2879 3797 succedit
2910 3758 2925 3795 :
2956 3742 3022 3793 ad
3078 3754 3236 3808 quem
3283 3737 3458 3793 Caba-

195 3826 445 3891 διεδέξατο.
488 3827 634 3898 Πρὸς
663 3828 722 3881 δν
763 3828 1045 3898 Καϐάδης,
1104 3829 1323 3900 Χοσρόῃ
1365 3828 1441 3900 τῷ
1493 3830 1751 3900 νεωτάτῳ

1864 3832 1972 3898 des,
2051 3846 2162 3901 quo
2248 3832 2357 3885 lilio
2421 3840 2550 3885 natu
2608 3831 2833 3885 minimo
2900 3828 3160 3884 Cbosroa:
3232 3842 3455 3898 regnum

196 3921 315 3973 παιδὶ
339 3921 432 3990 τὴν
479 3922 760 3991 βασιλείαν
798 3923 1010 3993 μέλλων
1042 3923 1304 3991 ἀσφαλῶς
1337 3923 1747 3990 καταλιπεῖνη,

1867 3934 1974 3979 Luto
2033 3925 2387 3994 relinqueret,
2438 3924 2649 3979 litteras
2683 3922 2855 3987 dedit,
2903 3920 3151 3990 adoptari
3206 3920 3274 3974 ab
3339 3918 3458 3989 ipso

194 4014 461 4082 γράμματα
507 4013 750 4084 ἔγραψεν
795 4014 1177 4085 υίοποιηθῆναι
1200 4014 1352 4084 αὐτῷ
1376 4014 1469 4067 τὸν
1492 4014 1747 4085 Χοσρόην

1865 4018 2142 4073 Cbosroen
2213 4017 2517 4085 postulans.
2618 4013 2865 4070 Justinus
2942 4011 3271 4083 postulantis
3357 4026 3456 4066 vo-

194 4104 496 4173 αἰτούμενος.
551 4107 839 4169 Ἰουστϊνος
867 4106 923 4159 δὲ
951 4107 1323 4178 ιτεριχαρὶίςετ
1370 4105 1592 4169 ἐδέξατο
1650 4105 1751 4176 τὴν

1866 4128 1964 4165 .nm
2019 4111 2251 4167 libenter
2303 4110 2535 4180 accepit,
2605 4117 2663 4163 ut
2707 4118 2762 4163 et
2820 4106 3166 4161 Justinianus
3249 4103 3457 4158 sororis

193 4195 391 4264 σίτησιν,
422 4197 563 4250 ἀλλά
586 4214 649 4265 γε
678 4197 744 4268 δὴ
772 4198 866 4250 καὶ
907 4198 1329 4261 Ἰουστινιανὸςὸ
1358 4198 1613 4267 ἀνεψιὸς,
1648 4197 1751 4269 ἤδη

1866 4205 1971 4275 ajus
2000 4204 2163 4269 (ilius,
2191 4203 2281 4272 qui
2339 4202 2485 4271 regni
2530 4201 2706 4257 hreres
2741 4200 3084 4270 sperabatur.
3127 4195 3235 4252 Sed
3278 4194 3457 4250 Procli

194 4288 396 4352 ἐπίδοξος
455 4288 534 4342 ὢν
595 4290 693 4360 τὴν
762 4290 1042 4359 βασιλείαν
1093 4289 1423 4355 ἐκδέξασθαι
1462 4290 1524 4343 ³⁸.
1588 4289 1752 4343 Ἀλλὰ

1865 4296 2147 4363 quaestoris
2186 4291 2430 4346 consiliis
2472 4290 2802 4345 sententiam
2853 4295 3154 4350 mutarunt,
3203 4300 3378 4353 neque
3426 4300 3456 4337 a

194 4380 398 4447 Πρόκλου
415 4381 512 4434 τοῦ
534 4382 860 4450 κυαίστορος
886 4383 927 4413 ¹⁹
958 4383 1080 4445 ταῖς
1112 4380 1449 4452 συμϐουλαῖς
1475 4382 1746 4452 μετέμελε

1865 4384 2074 4439 Iustino
2098 4383 2371 4438 Chosroes
2396 4392 2480 4437 est
2508 4384 2820 4451 adoptatus.
2860 4379 3092 4450 Legibus
3125 4378 3271 4431 enim
3314 4376 3456 4430 iilios

194 4469 243 4520 τὰ
259 4472 494 4537 δόξαντα,
526 4474 622 4526 καὶ
654 4473 904 4543 Χοσρόης
935 4472 1226 4542 ἐσποιητὸς
1250 4472 1366 4536 υίὸς
1407 4473 1680 4544 ’1ουστίνῳ
1699 4474 1745 4506 ²⁰
1774 4457 1785 4518 Ῑ

1864 4476 2124 4531 bonorum
2196 4474 2368 4543 patris
2442 4486 2825 4532 successores,
2898 4484 3135 4539 suosque
3212 4467 3455 4522 heredes

191 4564 268 4615 ei):
306 4565 549 4631 ἐγένετο·
592 4565 683 4617 τὸν
740 4565 849 4634 γὰρ
885 4564 999 4617 υἱὸν
1034 4563 1241 4632 ἔφασκε
1276 4562 1373 4616 καὶ
1404 4563 1748 4635 κληρονόμον

1865 4565 2121 4620 exsistere
2145 4564 2343 4619 aiebat.
2376 4562 2510 4616 Hinc
2541 4578 2639 4631 pro
2668 4561 2912 4615 Chosroe
2936 4570 2990 4613 et
3020 4572 3173 4629 pace,
3205 4574 3235 4612 a
3270 4556 3456 4612 Persis

193 4649 303 4707 εἷναι
346 4656 447 4725 τῆς
502 4654 766 4725 πατρῴας
834 4655 1010 4725 ἀρχῆς
1075 4655 1330 4724 νόμιμον.
1370 4654 1496 4707 Ἐπὶ
1526 4655 1583 4708 δὲ
1611 4656 1743 4718 τοὺς

1863 4658 2078 4721 Seoses,
2098 4656 2189 4725 qui
2213 4655 2469 4711 Cabaden
2495 4655 2704 4723 pridem
2722 4662 2992 4717 servarat,
3010 4661 3066 4705 et
3085 4650 3293 4705 Beodes
3310 4649 3454 4720 (69),

193 4746 295 4813 περὶ
314 4745 563 4816 Χοσρόην
630 4746 821 4813 λόγους
852 4747 948 4799 καὶ
976 4744 1074 4817 τὴν
1105 4746 1335 4817 εἰρήνην
1375 4745 1603 4816 Περσῶν
1642 4746 1744 4816 μὲν

1859 4766 1887 4803 a
1920 4748 2181 4802 Romanis
2213 4762 2343 4802 vero
2377 4746 2627 4808 Ruﬁnus,
2658 4755 2713 4799 et
2756 4744 3043 4816 Hypatius,
3073 4742 3231 4812 legati
3272 4742 3449 4796 missi.

196 4836 364 4909 Σεόσης
387 4840 416 4891 ὁ
452 4839 713 4910 Καόἐιδην
744 4838 926 4902 σώσας
956 4838 1129 4892 πάλαι
1170 4841 1265 4892 καὶ
1298 4839 1553 4908 Βεόδης²¹
1588 4838 1750 4892 ἐστά-

1866 4842 1927 4897 Et
1968 4842 2174 4898 Beodes
2204 4842 2423 4912 quidem
2474 4839 2696 4894 Seosem
2730 4838 2870 4908 apud
2916 4836 3113 4892 Persas
3162 4835 3457 4890 calumnia-

195 4928 352 4997 λησαν,
411 4932 704 5002 Ῥωμαίων
733 4932 789 4986 δὲ
832 4932 1115 5001 Ῥουιρῖνος
1167 4934 1264 4985 καὶ
1307 4931 1589 4995 Ὑπάτιος.
1639 4930 1751 4983 Καὶ

1859 4946 1968 4999 tus,
1994 4936 2103 4989 vita
2133 4932 2452 5005 privandum
2486 4930 2714 4987 curavit.
2742 4928 2973 4983 Rufinus
2999 4943 3133 4983 vero
3158 4926 3450 4997 Hypatium

196 5020 358 5093 Βεόδης
389 5026 495 5095 μὲν
525 5026 727 5096 Σεόσην
757 5025 995 5097 Πέρσαις
1027 5024 1360 5079 ἐνδιαϐαλὼν
1393 5024 1754 5095 ἀναιρεθῆναι

1864 5028 2002 5098 apud
2060 5028 2446 5098 imperatorem
2510 5023 2914 5089 insimulando,
2974 5021 3296 5092 magistratu
3364 5019 3455 5072 de.

196 5116 453 5185 πτοίηκε,
494 5118 777 5186 Ῥουφῖνος
803 5116 861 5169 δὲ
904 5117 1164 5170 ’Υπάτιον
1192 5116 1274 5179 είς
1302 5116 1525 5186 βασιλέα
1563 5115 1750 5169 διαϐα-
1857 5121 2012 5190 jecit.

193 5202 277 5255 λὼν
313 5207 689 5275 παραλυθῆναι
723 5207 824 5276 τῆς
866 5209 1041 5279 ἀρχῆς
1094 5206 1532 5276 παρεσκεύασεν.

1408 5292 1643 5347 VARle
1682 5291 2089 5347 LECTIONES.

247 5381 264 5411 ’
297 5385 637 5455 πεντήκοντα
663 5390 704 5439 Α
739 5384 814 5449 ιε’
838 5402 897 5449 ς.
966 5386 1010 5417 ¹⁰
1033 5384 1296 5455 ἐξήκοντα
1318 5407 1378 5453 ς.
1497 5388 1535 5418 ¹¹
1560 5390 1640 5450 είς
1672 5405 1731 5452 ς.
1812 5387 1856 5419 ¹²
1881 5388 1943 5439 τὸ
1980 5403 2090 5439 οιιι.
2115 5388 2180 5441 A.
2260 5386 2305 5418 ¹⁸
2330 5386 2687 5440 Ἀναστασίου
2719 5386 2785 5455 Α.
2865 5385 2910 5455 f‘
2940 5384 3121 5453 Δαρᾶς
3144 5379 3348 5455 ἐχυρὰ-ν
3369 5379 3407 5431 Λ
3436 5397 3450 5434 :

190 5455 377 5529 Λπῤῥιίς
399 5452 498 5508 καὶ
524 5456 718 5529 ’ᾼγχοῦ
750 5474 808 5520 ς.
890 5452 1125 5529 "mystae:
1148 5474 1214 5529 ς’.-
1289 5452 1341 5488 ¹⁶ί
1361 5457 1559 5529 καταλ.
1581 5461 1714 5529 ἀσφ.
1752 5475 1814 5522 ς.
1923 5458 1966 5488 ¹⁷
2012 5458 2329 5529 περιχαρῶς
2358 5476 2421 5522 ς.
2523 5458 2566 5489 ¹⁸
2592 5452 2955 5519 ἀναδέξασθαι
2986 5452 3052 5507 Α.
3157 5453 3199 5483 ¹⁹
3224 5452 3456 5505 κυέστοο

194 5528 324 5585 μνᾶ
356 5543 370 5578 :
408 5527 753 5598 κοαιίστορος
785 5544 856 5592 ς’.
935 5527 981 5557 ¹⁰
1022 5525 1311 5581 Ἰουστίνου
1334 5545 1395 5592 ς.
1471 5527 1520 5559 ³⁸
1548 5528 1762 5597 Βεώδης
1783 5545 1841 5591 ς.
2087 5525 2098 5529 ’
2147 5525 2178 5529 ’⁷
2225 5525 2235 5527 ’
3184 5553 3197 5566 ο

1698 5618 1932 5675 NOTAE.

249 5711 446 5775 {67):tl.
476 5710 892 5780 quinquaginta.
935 5779 942 5780 γ
1433 5779 1439 5780 ί
1576 5778 1583 5780 ξ
1936 5711 2047 5780 (69)
2085 5710 2254 5764 Aliter
2296 5709 2561 5778 Heliades,
2597 5709 2649 5765 in
2682 5708 2971 5779 Procopio,
3012 5703 3289 5776 Rapbacle
3343 5700 3454 5758 Vo-

200 5780 350 5851 λειω
390 5780 466 5832 De
531 5779 741 5847 Caspiis
806 5779 977 5846 portis
1028 5780 1324 5851 geographi
1394 5778 1633 5845 videndi,
1702 5790 1757 5837 ct
1864 5778 2139 5837 latcrrano
2172 5783 2487 5848 interprete.

194 5845 352 5913 Quant.
378 5854 555 5912 (ξω-1.,
583 5845 866 5917 Arrianus,
899 5858 1005 5906 etc.
