4030 6458
524 378 623 438 127

524 585 660 657 ginti
695 584 930 638 medium
970 583 1257 649 iuterjacct
1289 584 1547 651 spatium,
1591 580 1771 634 Hunni
1822 579 2107 635 incolunt:

526 678 618 747 qui
671 676 787 732 suis
831 675 959 730 olim
1008 674 1220 743 legibus
1266 674 1546 742 degentes,
1583 672 1634 725 iu
1683 670 1883 725 Justiui
1938 683 2109 730 nuper

526 775 856 836 potestatem
886 772 1152 819 venerunt
1179 781 1193 815 :
1221 772 1278 814 ut
1302 761 1412 827 jam
1436 762 1679 815 Cherson
1735 757 1960 812 Romani
2002 766 2113 811 ter-

1652 373 1919 433 PIIOTII
1961 372 2473 433 PATRIARCHE
2514 372 2625 432 CP.

594 492 749 561 Quod
793 493 934 546 inter
976 491 1273 559 Bosporum
1320 500 1373 543 et
1401 489 1738 545 Chersonem
1782 490 1995 542 dierum
2023 488 2105 541 vi-
2136 493 2182 547 Λ

3685 374 3779 437 128

2284 486 2407 537 Ὅτι
2434 485 2634 554 μεταξὺ
2659 486 2703 517 ²¹
2736 485 3017 557 Βοσπόρου
3042 484 3138 538 καὶ
3163 484 3477 556 Χερσῶνος,
3495 481 3553 535 αἲ
3581 483 3785 556 διέχου-

2218 596 2299 631 σιν
2324 577 2572 647 ἀλλήλων
2596 577 2711 630 ὁδον
2728 578 2952 650 ἡμερῶν
2998 580 3173 631 εἴκοσι
3220 576 3289 629 τὰ
3304 577 3362 629 ἐν
3388 574 3541 646 μέσῳ
3557 575 3787 633 Ούννικὰ

2216 671 2345 742 ἔθνη
2400 670 2672 740 αὐτόνομα
2702 670 2832 723 ὄντα
2882 670 3149 741 πρότερον
3219 668 3493 738 Ἰουστίνῳ
3549 670 3789 737 κατήκοα

2214 762 2458 829 γέγονεν·
2484 761 2591 831 ἠδὲ
2616 760 2843 829 Χερσὼν
2859 762 3065 830 ἐσχάτη
3099 760 3201 827 τῆς
3234 758 3547 830 Ῥωμαῖκῆς
3582 758 3789 829 ὑπῆρχε

525 858 706 913 minus
758 857 969 925 imperii
1019 865 1183 910 esset.
1234 855 1600 909 Accesserunt
1645 862 1699 907 et
1731 851 1867 906 lberi
1900 851 2113 905 Justino

2233 857 2317 925 (ἧς
2380 854 2818 933 Προσεχῴρησαν
2848 855 2906 908 δὲ
2944 855 3039 907 καὶ
3095 854 3317 924 Ἴϐηρες
3364 853 3636 923 ’1ουστίνῳ
3680 854 3791 923 ἅμα

528 952 723 1018 imper.
779 964 884 1002 una
938 963 1058 1001 cum
1112 947 1435 1015 Gurgogene
1485 942 1598 1013 (70)
1650 957 1838 996 eorum
1891 940 2046 1002 duce.
2082 954 2113 991 a

528 1040 714 1097 Persis
743 1040 881 1094 male
929 1039 1169 1094 tractati.
1209 1037 1324 1102 Qua
1374 1038 1439 1090 de
1472 1050 1635 1089 causa
1670 1032 1945 1088 Romanos
1976 1032 2114 1086 inter

530 1142 584 1187 et
617 1132 815 1187 Persas
851 1131 1045 1185 bellum
1082 1129 1310 1184 exarsit.

610 1223 813 1277 Vivens
850 1224 1149 1276 etiamnum
1188 1218 1433 1273 lustinus
1464 1217 1516 1271 in
1550 1216 1867 1273 societatem
1902 1215 2117 1285 imperii

532 1312 726 1368 ascivit
764 1310 1165 1375 Iustinianum,
1206 1310 1319 1375 qui,
1358 1317 1574 1361 mortuo
1617 1306 1918 1371 avunculo,
1972 1304 2121 1361 solus

533 1403 760 1471 imperio
797 1402 1000 1471 potitus
1034 1409 1137 1455 est.
1176 1398 1473 1453 Belisarius
1504 1406 1559 1452 et
1618 1396 1765 1452 Sitas
1809 1396 2119 1467 praetoriani

533 1494 736 1547 milites
794 1491 1045 1554 luerunt,
1096 1506 1208 1559 quo
1262 1501 1505 1559 tempore
1556 1487 1898 1544 Justinianus
1939 1488 2123 1559 c0pias

533 1587 812 1639 ducebat:
848 1602 876 1637 a
921 1583 1137 1637 Justino
1186 1598 1315 1637 vero
1358 1582 1619 1637 militibus
1664 1583 1717 1636 in
1768 1581 1938 1637 Daras
1984 1597 2125 1652 pra:-

533 1678 706 1731 fectus
750 1677 1039 1732 Belisarius
1069 1676 1230 1731 datus
1272 1688 1400 1731 est:
1445 1691 1568 1729 cum
1600 1686 1655 1730 et
1697 1675 1995 1743 Procopius
2038 1674 2126 1729 hic

531 1771 768 1837 scriptor
820 1784 849 1822 a
910 1768 1157 1823 consiliis
1212 1768 1291 1822 illi
1346 1768 1583 1822 additus.
1642 1766 1950 1837 lmperante
2005 1776 2126 1836 post

2216 948 2547 1018 Γουργένη²³
2572 947 2651 1018 τῷ
2676 947 2825 1015 σφῶν
2854 947 3102 1017 ἡγεμόνι,
3132 947 3239 999 ὑπὸ
3268 946 3493 1017 Περσῶν
3515 947 3786 998 ταλαιπω·

2221 1040 2497 1111 ρούμενοι.
2539 1040 2649 1094 Καὶ
2707 1038 2850 1110 ὑπὲρ
2884 1039 3064 1092 αὐτῶν
3105 1038 3401 1109 Ῥωμαίοις
3440 1036 3535 1091 καὶ
3561 1037 3795 1106 Πέρσαις

2220 1130 2392 1203 ᾑρέθη
2410 1131 2454 1161 ⁸⁸
2494 1129 2749 1199 πόλεμος.

2292 1223 2415 1276 Ὅτι
2441 1222 2521 1275 ἔτι
2554 1221 2665 1285 ζῶν
2680 1220 2962 1283 ’1ουστῖνος
3005 1219 3381 1274 ’ῐοιδστινιανὸν
3413 1219 3673 1273 κοινωνὸν
3705 1223 3799 1291 τῆς

2225 1312 2501 1383 βασιλείας
2554 1313 2873 1383 ἐποιήσατο,
2900 1311 3326 1381 τελευτήσαντος
3353 1311 3410 1365 δέ
3436 1310 3533 1364 τοῦ
3578 1311 3723 1364 θείου
3746 1314 3801 1376 ἐς

2227 1404 2388 1475 μόνον
2428 1403 2801 1458 ’1ουστινιανδν
2818 1403 2887 1456 τὰ
2910 1404 3007 1473 τῆς
3029 1403 3208 1473 ἀρχῆς
3231 1402 3615 1472 περιελήλυθε.
3647 1404 3802 1457 Βελι-

2228 1496 2414 1565 σὰριος
2444 1495 2501 1548 δὲ
2553 1496 2647 1548 καὶ
2677 1495 2935 1556 Σίττας¹¹
2963 1495 3249 1564 δορυφόρω
3280 1494 3455 1563 ἣστ-ην
3497 1495 3804 1547 Ἰουστινια-

2226 1588 2317 1641 νοῦ
2371 1588 2450 1640 ἔτι
2482 1588 2937 1659 στρατηγοῦντος.
2983 1586 3077 1658 [54
3110 1585 3202 1657 H.]
3250 1586 3385 1639 Ὑπὸ
3412 1585 3470 1639 δὲ
3518 1585 3804 1639 ἰουστίνου

2226 1681 2335 1734 τῶν
2378 1681 2436 1733 ἐν
2468 1681 2648 1749 Δαρᾶς
2662 1681 2712 1712 ⁸⁸
2757 1679 3076 1748 καταλόγων
3104 1678 3423 1749 Βελισάριος
3453 1679 3639 1748 ἄρχων
3664 1696 3799 1731 κατο

2228 1771 2381 1840 έστη,
2412 1768 2506 1842 [72
2535 1769 2626 1841 IL]
2646 1771 2736 1823 ὅτε
2769 1770 2863 1823 καὶ
2895 1769 3203 1839 Προκόπιος
3234 1770 3263 1821 ὁ
3290 1770 3647 1837 συγγραφεὺς
3676 1770 3810 1838 σύμ-

530 1860 649 1915 solo
665 1860 813 1930 23b
858 1858 1192 1927 Justiuiano,
1251 1859 1363 1914 dux
1401 1859 1640 1914 Orientis
1679 1866 1896 1915 creatus
1925 1857 2128 1912 Belisa-

2233 1833 2431 1925 ϐουλος.
2446 1861 2594 1932 αὐτῷ
2612 1833 2814 1933 ηρέθη.
2833 1833 3295 1932 Μοναρχήσαντος
3325 1833 3381 1913 δέ
3411 1833 3809 1913 ν’ίου-στινιανοῦ

533 1955 644 2005 rius
680 1954 731 2005 ia
764 1954 957 2007 Persas
996 1968 1219 2007 movere
1248 1952 1436 2022 jussus
1465 1961 1572 2008 est.
1604 1951 1851 2007 Cabades
1883 1950 2124 2006 Perozen

531 2060 731 2109 genere
775 2043 1020 2111 Persam,
1066 2044 1333 2113 dignitate
1385 2058 1688 2107 merauem,
1722 2042 1987 2099 exercitui
2027 2058 2127 2097 suo

532 2132 796 2202 pra-fecit.
829 2135 963 2189 Cum
995 2146 1175 2189 autem
1202 2146 1431 2205 uterque
1457 2134 1758 2191 exercitum
1786 2135 1931 2189 circa
1958 2134 2128 2190 Daras

534 2227 778 2292 haberet,
826 2227 1090 2284 Belisario
1142 2227 1378 2283 Perozes
1443 2228 1806 2293 denuntiavit,
1876 2236 2124 2297 paratum

536 2316 638 2370 sibi
665 2317 718 2370 in
750 2318 883 2372 urbe
919 2319 1169 2374 balineum
1207 2320 1433 2374 haberet
1464 2337 1481 2373 :
1516 2319 1698 2374 lavare
1723 2319 1867 2373 enim
1906 2328 2126 2387 postero

535 2407 621 2461 die
646 2409 800 2464 velle.
834 2410 1199 2475 Quamobrem
1242 2410 1472 2464 Romani
1527 2412 1593 2464 ad
1641 2426 1875 2480 pugnam
1911 2409 2128 2464 fortiter

534 2514 595 2553 se
657 2512 1065 2569 compararunt.
1107 2500 1164 2555 In
1210 2503 1328 2556 acie
1386 2503 1509 2557 dein
1558 2502 1841 2571 utriusque
1880 2502 2125 2557 exercitu

534 2593 855 2656 constituto,
898 2594 1146 2649 Andreas
1193 2596 1411 2664 quidam
1462 2595 1781 2666 Byzantius,
1826 2596 2126 2666 gymnasti-

540 2681 620 2735 cis
653 2681 767 2753 (71)
808 2686 1297 2739 exercitationibus
1353 2696 1517 2754 atque
1567 2686 1835 2752 palaestra:
1881 2687 2124 2755 Byzantii

536 2770 828 2839 praefectus
878 2774 991 2844 (qui
1044 2784 1097 2827 et
1144 2772 1322 2839 Buzze,
1400 2775 1631 2828 militum
1688 2790 1813 2830 cum
1862 2774 2128 2829 Belisario

546 2862 790 2924 tribuno,
836 2863 1167 2917 domesticus
1202 2864 1461 2927 haerebat,
1494 2864 1652 2917 Buzm
1688 2880 1887 2934 corpus
1927 2865 1980 2919 in
2014 2865 2128 2920 bal-

538 2966 643 3005 neo
689 2967 886 3007 curare
938 2952 1173 3021 solitus),
1230 2969 1351 3007 cum
1404 2955 1469 3008 ad
1519 2954 1798 3019 singulare
1849 2963 2124 3009 certamen

537 3055 894 3114 provocatum
929 3055 1093 3109 esset,
1123 3046 1340 3115 ignotus
1361 3047 1633 3105 omnibus.
1663 3047 1744 3101 bis
1770 3044 2128 3114 depugnandi)

543 3136 719 3190 victor
746 3136 1001 3199 decessit,
1024 3147 1377 3207 coeptumque
1407 3138 1651 3205 prmlium
1684 3137 1959 3193 finierunt.
1996 3136 2124 3192 Post
2152 3164 2199 3223 ρ

540 3227 737 3282 iterum
791 3229 1082 3283 commisso
1128 3231 1270 3284 inter
1312 3247 1407 3285 eos
1441 3231 1646 3299 praelia,
1698 3230 1923 3283 Romani
1969 3229 2128 3299 longe

542 3317 853 3385 superiores
885 3331 1201 3384 evaserunt,
1226 3337 1347 3374 cum
1388 3322 1591 3388 ingenti
1635 3321 1922 3374 Persarum
1959 3320 2129 3375 clade.

543 3407 661 3475 Quo
697 3409 899 3463 factum
933 3420 1037 3477 est,
1069 3422 1127 3464 ut
1162 3428 1287 3465 cum
1318 3412 1580 3466 Romanis
1610 3411 1973 3481 exindejusto
1999 3427 2135 3479 pra»

542 3498 616 3554 lio
646 3500 907 3557 dimicare
947 3503 1324 3568 detrectarint,
1358 3504 1698 3559 incursiones
1739 3515 1919 3559 tamen
1965 3504 2137 3558 utrin—

543 3607 651 3661 que
694 3591 871 3648 facula.

545 3685 709 3738 αὐτοῦ
740 3686 925 3739 οὐκέτι
959 3686 1149 3755 ἤθελον
1186 3688 1249 3741 ἐκ
1276 3687 1372 3742 τοῦ
1404 3688 1590 3752 εὐθέος
1621 3690 1803 3760 μάχην
1823 3688 2121 3757 διενεγκεῖν
2151 3688 2218 3751 ές

549 3778 813 3843 ἐγίνοντο.

621 3868 868 3924 Cabades
916 3872 1142 3926 alterum
1184 3873 1237 3926 in
1284 3874 1597 3929 Armeniam
1642 3876 1902 3932 Romanis
1940 3878 2131 3932 subdi-

550 3970 661 4016 tam
708 3964 1007 4018 exercitum
1043 3965 1211 4030 misit,
1240 3968 1330 4036 qui
1363 3983 1427 4022 ex
1472 3968 1868 4035 Persarmenis,
1905 3978 1962 4024 et
1996 3970 2134 4024 Sau-

554 4055 682 4109 nitis
717 4053 815 4126 [αι.
861 4054 1140 4127 Sauritis].
1180 4067 1233 4111 et
1280 4056 1502 4112 Saberis
1551 4058 1660 4128 (72)
1706 4060 2010 4115 constabat.
2043 4061 2137 4116 llis

554 4144 882 4201 Mermeroes
932 4149 1101 4216 copiis
1156 4147 1464 4214 prmfectus.
1514 4149 1815 4204 Dorotheus
1859 4166 1986 4206 vero
2032 4152 2139 4205 Ar-

558 4239 752 4292 meniae
780 4239 909 4301 dux,
939 4248 990 4292 et
1020 4238 1211 4305 Sittas,
1238 4240 1330 4309 qui
1352 4250 1407 4294 et
1429 4242 1522 4294 toti
1553 4241 1679 4294 huic
1706 4240 1954 4296 Romano
1984 4257 2142 4297 exer-

553 4331 684 4384 citui
736 4330 984 4399 przefuit,
1044 4347 1203 4384 manu
1258 4347 1379 4385 cum
1438 4333 1593 4386 hoste
1642 4346 1927 4397 conserta,
1980 4334 2137 4402 pauci

558 4423 791 4491 majores
823 4423 979 4491 longe
1018 4425 1206 4493 copias
1243 4434 1573 4493 superarunt
1608 4442 1621 4477 :
1660 4427 1801 4479 unde
1832 4437 1885 4478 et
1918 4427 2137 4479 domum

2230 1954 2550 2026 Βελισάριος
2571 1955 2671 2025 τῆς
2699 1954 2819 2007 ’Ἕω
2846 1954 3154 2024 στρατηγὸς
3183 1952 3463 2014 καταστὰς
3481 1953 3580 2005 ἐπὶ
3597 1952 3814 2022 Πέρσας

2230 2045 2544 2114 στρατεύειν
2598 2045 2878 2099 ἐτέτακτο.
2936 2044 3196 2110 Καὸάδης
3222 2043 3279 2096 δέ
3318 2042 3567 2112 Περόξην
3637 2042 3807 2109 ἄνδρα

2229 2136 2476 2205 Πέρσην,
2537 2135 2873 2207 μιρῤἀνην¹⁷
2920 2134 2979 2189 δὲ
3025 2134 3084 2187 τὸ
3151 2132 3390 2203 ἀξίωμα,
3452 2131 3546 2186 τοῦ
3611 2133 3815 2186 οἰκείου

2230 2227 2462 2297 στρατοῦ
2494 2228 2738 2297 ἡγεμόνα
2769 2227 3146 2297 κατεστήσατο
3167 2242 3179 2255 ·
3214 2225 3309 2279 καὶ
3348 2224 3514 2295 ἄμφω
3543 2224 3611 2278 τὰ
3648 2241 3810 2293 στρα-

2226 2320 2474 2390 τεύματα
2512 2321 2642 2389 περὶ
2670 2320 2852 2388 Δαρᾶς
2881 2315 3472 2388 ἐστρατοπεδεύσαντο.
3502 2315 3616 2368 Καὶ
3639 2316 3814 2385 Περά-

2228 2411 2329 2480 ξης
2364 2411 2668 2481 Βελισαρίῳ
2727 2410 2918 2479 ἐδήλου
2984 2409 3043 2461 ἐν
3111 2407 3435 2477 παρασκευῇ
3465 2404 3527 2458 τδ
3554 2407 3614 2458 ἐν
3655 2405 3814 2458 πόλει

2231 2504 2509 2573 βαλανεῖον
2564 2503 2751 2572 ἔχειν·
2803 2499 3092 2571 βούλεσθαι
3131 2499 3241 2570 γὰρ
3304 2497 3470 2551 αὐτὸν
3516 2496 3821 2550 λούσασθαι

2228 2597 2294 2664 τῇ
2331 2593 2675 2665 ύστεραίᾳεθ.
2750 2592 2842 2645 Διὸ
2894 2592 2959 2661 δὴ
3006 2590 3268 2660 Ῥωμαῖοι
3299 2588 3368 2642 τὰ
3410 2590 3468 2651 ἐς
3502 2588 3605 2659 τὴν
3685 2606 3823 2658 συμο

2231 2685 2450 2755 δολὴν²⁹
2486 2683 2770 2755 κρατερῶς,
2836 2682 3181 2754 ἐξηρτύοντο.
3236 2679 3607 2750 Παρατάξεως
3633 2680 3694 2733 δὲ
3736 2696 3824 2747 γε·

2229 2776 2459 2845 νομένης
2488 2775 2753 2844 ἐκατέρου
2805 2773 3237 2844 στρατεύματος,
3305 2769 3566 2841 Ἀνδρέας
3598 2787 3687 2833 τις
3719 2768 3827 2823 Βυ-

2230 2868 2444 2932 ζάντιος
2512 2865 2867 2935 παιδοτρίϐης
2900 2865 2994 2919 καὶ
3054 2863 3400 2934 παλαίστρας
3440 2864 3500 2915 ἐν
3531 2860 3827 2929 Βυζαντίῳ

2232 2956 2604 3027 προεστηκὼς,
2640 2957 2698 3021 ὃς
2720 2957 2786 3027 δὴ
2819 2957 2915 3011 καὶ
2942 2958 2999 3009 ἐν
3030 2958 3144 3020 τοῖς
3195 2955 3290 3010 τοῦ
3323 2954 3526 3019 Βούζου
3586 2953 3685 3007 τοῦ
3734 2968 3832 3005 συ·-

2230 3046 2662 3119 στρατηγοῦντος
2678 3046 2980 3118 Βελισαρίῳ
3008 3046 3231 3110 οἰκείοις
3252 3044 3575 3115 ἐτύγχανεν,
3614 3044 3713 3100 an
3733 3042 3829 3096 τοῦ

2230 3140 2432 3202 Βούζω
2497 3139 2747 3210 σώματος
2776 3140 2835 3193 ἐν
2864 3137 3130 3209 βαλανείῳ
3162 3135 3623 3207 ἐπιμελούμενος,
3669 3126 3833 3196 οὗτος

2233 3230 2586 3301 προκλήσεως
2604 3232 2662 3293 ἐς
2680 3229 3019 3301 μονομαχίαν
3042 3229 3420 3299 γεγενημένης
3447 3226 3632 3280 λαθὼν
3650 3226 3835 3280 ἃπαν-

2230 3340 2349 3386 τας,
2379 3322 2633 3399 δεύτερον
2667 3324 3080 3392 μονομαχήσας,
3112 3320 3467 3391 ἐνίκησε,καὶ
3500 3317 3825 3389 ἀρξαμένου

2233 3412 2327 3466 τοῦ
2364 3413 2603 3483 πολέμου
2631 3412 2976 3484 διελύθησαν.
3012 3413 3284 3483 ’Ὕστερον
3315 3411 3371 3463 δὲ
3403 3410 3566 3463 πάλιν
3598 3409 3839 3464 συστάν-

2234 3522 2329 3568 τος
2371 3505 2555 3569 αὐτοῖς
2604 3504 2845 3575 πολέμου
2905 3503 3087 3574 πολλῷ
3110 3501 3511 3573 καθυπέρτεροι
3554 3501 3838 3569 Ῥωμαῖοι

2236 3593 2487 3661 ἐγένοντο
2532 3594 2627 3647 καὶ
2667 3593 2892 3665 Περσῶν
2936 3592 3161 3656 πολὺς³⁰
3190 3592 3360 3663 ἐρρύη
3392 3591 3573 3661 φόνος,
3608 3590 3709 3643 καὶ
3738 3589 3836 3641 ἀπ’

2260 3686 2569 3757 Ῥωμαίους
2591 3688 2658 3752 ³³,
2707 3685 2885 3756 ἔφοδοι
2908 3686 2964 3738 δὲ
2996 3684 3055 3751 ἐξ
3120 3683 3423 3755 ἐπιδρομῆς
3491 3677 3839 3751 ἀμφοτέροις

2315 3870 2440 3923 Ὅτι
2468 3865 2731 3934 Καδάδης
2793 3864 2923 3918 ἄλλο
2956 3864 3277 3933 στράτευμα
3311 3862 3367 3924 ἐς
3404 3859 3704 3931 Ἀρμενίαν
3736 3859 3843 3929 τὴν

2249 3958 2547 4030 Ῥωμαίοις
2574 3957 2845 4026 κατήκοον
2870 3954 3135 4024 ἔπεμψεν,
3156 3954 3184 4007 ὃ
3209 3954 3273 4023 δὴ
3306 3953 3624 4021 στράτευμα
3656 3952 3845 4022 Περσ-

2242 4051 2521 4124 αρμενίων
2586 4050 2682 4102 καὶ
2722 4047 2997 4100 Σαυνιτῶν
3057 4046 3152 4099 καὶ
3186 4045 3436 4115 Σαϐίρων
3461 4044 3504 4074 ³⁸
3534 4039 3622 4114 ἦν·
3654 4043 3846 4111 τούτῳ

2243 4145 2320 4215 τῷ
2345 4140 2561 4214 στρατῷ
2610 4140 2944 4211 Μερμερόης
2989 4140 3195 4209 ἡγεῖτο.
3235 4137 3515 4205 Δωρόθεος
3537 4136 3592 4189 δὲ
3623 4138 3652 4189 ὁ
3702 4136 3843 4205 Ἀρο

2250 4235 2438 4307 μενίας
2480 4231 2807 4300 στρατηγὸς,
2840 4230 2934 4282 καλ⁵
2962 4228 3176 4294 Σίττας,
3203 4227 3262 4290 ὃς
3285 4228 3488 4289 παντὸς
3532 4227 3846 4294 ἐφεστήκει

2241 4325 2396 4380 τοῦδε
2435 4322 2528 4374 τοῦ
2564 4318 2878 4391 Ῥωμαϊκοῦ
2951 4319 3358 4389 στρατεύματος
3381 4357 3395 4380 ,
3462 4315 3848 4385 συμϐαλόντες

2239 4422 2351 4482 τοῖς
2409 4415 2691 4485 πολεμίοις
2731 4413 2905 4480 ὀλίγοι
2969 4411 3105 4464 πολὺ
3168 4410 3436 4463 πλειόνων
3489 4407 3844 4479 ἐκράτησανο

2248 4510 2308 4575 ἐξ
2343 4502 2404 4563 οὗ
2430 4506 2494 4575 δὴ
2527 4503 2726 4571 καὶξέπ’
2748 4502 2961 4555 οίκουοί
2982 4502 3025 4532 ³³
3048 4501 3175 4571 τῇδε
3214 4500 3423 4569 Πέρσαι
3450 4494 3846 4569 ἀνεχώρησαν.

2242 4605 2378 4657 Τότε
2425 4602 2520 4654 καὶ
2584 4597 2720 4651 ἄλλα
2768 4596 2867 4666 μὲν
2904 4593 3152 4664 Περσικὰ
3184 4591 3360 4661 χωρία
3404 4590 3667 4658 Ῥωμαῖοι
3703 4605 3849 4640 κατ-

556 4512 735 4567 Persre
781 4514 1058 4583 fugerunt.
1101 4515 1217 4570 Hac
1264 4517 1553 4572 occasione
1589 4517 1815 4571 Romani
1858 4533 1979 4571 cum
2030 4517 2137 4571 alia

558 4602 790 4657 Persicae
842 4606 1079 4671 regionis
1129 4616 1472 4675 occuparunt
1525 4606 1675 4670 loca,
1737 4614 1847 4659 tmn
1898 4605 2137 4659 Pharan-

560 4696 729 4759 gium,
764 4697 903 4760 quod
955 4705 1174 4760 vocant,
1221 4707 1503 4766 ceperunt,
1542 4698 1682 4750 unde
1716 4711 1907 4749 aurum
1955 4694 2130 4750 Persaa

2243 4694 2423 4762 έσχον,
2477 4687 2743 4757 κατέσχον
2770 4685 2827 4737 δὲ
2861 4684 2959 4738 καὶ
2996 4684 3056 4735 τὸ
3083 4683 3398 4752 Φαράγγιον
3470 4677 3848 4747 καλούμενον,

558 4784 899 4850 rlfodientcs,
934 4788 1046 4856 regi
1103 4792 1362 4857 pendunt.
1415 4788 1548 4842 Zani
1598 4804 1747 4851 vero,
1789 4788 1952 4841 Sauni
1999 4789 2130 4840 anti-

2244 4780 2468 4851 ὂθενιδὴ
2508 4779 2605 4832 καὶ
2642 4776 2735 4829 τὸν
2766 4774 2971 4846 χρυσὸν
3002 4773 3211 4844 Πέρσαι
3251 4772 3579 4841 ὀρύσσοντες
3616 4766 3854 4837 βασιλεῖ

560 4877 745 4946 quitus
796 4879 1086 4947 appellati,
1135 4881 1330 4945 liberi,
1381 4891 1434 4935 et
1488 4881 1757 4935 latronum
1813 4881 1916 4933 ritu
1967 4880 2130 4933 vicina

2246 4876 2493 4947 φέρουσι.
2515 4870 2625 4924 Καὶ
2651 4867 2850 4931 Τζάνοι
2872 4866 2953 4931 δὲ,
2975 4866 3026 4918 oi
3056 4865 3223 4918 πάλαι
3247 4862 3406 4915 Σάνοι
3422 4861 3468 4891 ³⁸
3483 4858 3851 4927 καλούμενοι,

563 4968 882 5036 populantes
932 4970 1073 5035 loca,
1108 4970 1243 5025 Sitta
1294 4972 1429 5026 duce
1475 4972 1625 5036 victi,
1664 4972 1714 5023 in
1746 4971 1835 5038 jus
1872 4980 2130 5036 nostrum,

2244 4965 2534 5033 αὐτόνομοι
2564 4963 2718 5024 ὄντες
2752 4960 2846 5013 καὶ
2873 4958 3320 5031 λῃστρικώτερον
3348 4953 3479 5012 τοὺς
3523 4948 3855 5021 πλησιοχώ-

562 5060 933 5130 ύῐιίοιιριηίιυε
974 5063 1354 5129 concedentes,
1392 5062 1685 5117 Christiani
1733 5062 1859 5116 facti
1906 5071 2054 5124 sunt,
2088 5068 2130 5113 et

2248 5057 2434 5131 ρους³1⁵
2501 5052 2953 5123 κατατρέχοντες,
3000 5049 3106 5102 ὑπὸ
3154 5048 3321 5100 Σίττα
3370 5058 3853 5113 καταστρατηγηο

1847 5195 2082 5252 VARle
2127 5193 2528 5248 LECTIONES.

635 5314 680 5342 ”
708 5314 789 5385 ὅτι
810 5313 879 5365 τὰ
913 5312 1115 5385 μεταξύ
1142 5318 1203 5367 A.
1280 5316 1325 5346 ’³
1353 5315 1706 5385 Γουργογένει
1725 5332 1784 5379 ς.
1862 5312 2201 5385 ’δμὴρέθηὲμ
2228 5312 2410 5385 malim
2432 5311 2598 5385 ήρθη.
2676 5312 2725 5385 ’ξ
2748 5309 2909 5385 Σίλας
2941 5324 3003 5385 ςε
3080 5304 3126 5336 ’⁸
3144 5304 3325 5384 ᾼάροις
3345 5303 3408 5366 Α,
3446 5302 3536 5385 {illi
3564 5299 3733 5385 Sifﬂel
3762 5298 3857 5385 ξηξ

569 5382 671 5437 fra.
749 5384 792 5414 ’⁷
829 5368 1083 5453 μηράνηῦ
1108 5402 1167 5447 ς.
1244 5386 1287 5416 ³⁸
1320 5395 1437 5452 post
1462 5368 1865 5453 ύᾶτέραίᾴόιιιη
1896 5368 2119 5436 Α’ὁιιιίἐί
2150 5382 2274 5475 ἔφη.
2351 5382 2395 5413 ²⁹
2432 5368 2911 5447 Ιῖὺτῗσυσιὸουλήν.
2946 5368 3273 5475 έξηρτοῦντο
3314 5390 3373 5437 ς’.
3452 5371 3497 5450 ξ’)
3538 5368 3710 5428 πολῦς
3838 5383 3852 5426 ;

574 5452 798 5475 _-~n-s.-
828 5471 853 5475 _
960 5455 999 5475 ις
1042 5456 1095 5475 ι-
1121 5455 1264 5475 νηηη
1300 5456 1389 5475 γρη
1415 5473 1428 5475 -
1466 5459 1482 5475 ι
1535 5473 1544 5475 _
1587 5453 1896 5475 συμμης...Δ
1935 5470 1964 5475 -
2068 5454 2110 5475 n
2146 5452 2213 5475 ν.-
2258 5453 2406 5475 .1--.“
2436 5469 2468 5475 _
2568 5452 2615 5475 an
2642 5451 2808 5475 -1...Li
2864 5451 2886 5475 Α
3002 5446 3022 5475 ³
3077 5445 3231 5475 VL...“
3269 5446 3293 5475 Α
3333 5462 3344 5473 .
3374 5444 3564 5475 τηιιυω
3606 5455 3641 5475 ρ-
3713 5436 3852 5475 nhhi

572 5425 798 5523 1301305;
820 5425 939 5516 ξίν
960 5455 1001 5485 ³²
1036 5425 1095 5516 ἐς
1110 5425 1896 5523 ἲρωμαῦλυέ.Ᾰ’;’””ἶ’ωἷιῖιῖους
1928 5425 1992 5516 ςῖ
2027 5520 2036 5523 _
2068 5425 2110 5483 ὖ
2146 5425 2406 5521 Σζιέήρων
2431 5469 2490 5515 ς.
2568 5452 2615 5483 ³³
2639 5425 2918 5503 οιειιια.Ἀ.
2989 5425 3236 5499 Ἧι’Σάινοι
3261 5425 3344 5497 Αἶ
3374 5441 3570 5495 Σαῦνοι
3606 5455 3665 5503 ς·
3713 5436 3856 5490 “(ibi

572 5521 763 5589 legitur
799 5523 1059 5595 Ἰσαυροι.
1094 5520 1469 5578 Casaubouus.
1549 5525 1591 5555 ³⁵
1631 5526 1743 5583 τοῖς
1770 5520 2168 5591 πλησιοχώροις
2186 5539 2246 5585 ς.

2090 5629 2322 5685 NOTAE.

2258 5750 2387 5804 Trin
2398 5767 2424 5801 ιι
2436 5765 2503 5801 ut.

790 5746 1169 5822 gui'gcnearst
1200 5752 1251 5804 in
1281 5750 1545 5820 Proc0pio
1564 5752 1939 5805 .V'ulatcrrani.
1967 5820 1988 5822 _
2016 5821 2020 5822 ν
2258 5750 2503 5822 Trinuut.
2834 5811 2872 5822 η
2998 5810 3010 5822 ⁸
3182 5807 3217 5822 μ.

2329 5822 2439 5891 (72;
2475 5818 2547 5873 Ita
2584 5830 2797 5887 quoque
2834 5811 3011 5868 lluuni
3045 5811 3219 5866 vocati
3257 5814 3402 5861 sunt.

650 5812 761 5883 ιη)
790 5816 1170 5889 Παιδοτρίϐης,
1199 5812 1777 5891 ιυοεὶειοίεχοῐυίιον,
1806 5823 1942 5893 apud
1966 5820 2143 5877 Plaut.
