4030 6428
235 325 313 386 129
1307 312 1841 375 BIBLIOTHECA.
1876 339 1946 349 --
1972 315 2135 376 COD.
2162 318 2380 377 LXIII;

3344 324 3446 389 130

229 435 373 493 θέντες
401 429 476 491 εἰς
505 426 566 480 τὸ
582 426 848 497 ἡμέτερόν
872 442 932 478 τε
960 425 1399 497 μεταϐληοέντες
1424 428 1749 498 Χριστιανοὶ

1866 432 2116 487 Romanis
2166 444 2382 504 parent,
2432 444 2490 490 nt
2535 436 2701 491 etiam
2758 436 2809 492 iu
2854 436 3048 492 horum
3097 441 3296 496 castris
3339 458 3444 497 una

227 524 431 594 γεγόνασι
467 518 559 570 καὶ
578 520 834 585 κατήκοοι
879 515 1195 585 Ῥωμαίος,
1224 516 1299 580 ὡς
1338 519 1433 571 καὶ
1468 519 1526 581 ἐς
1554 517 1749 584 λόγους

227 610 409 683 στρατοῦ
450 608 755 677 Ῥωμαϊκοῦ
790 607 1248 661 κατατάττεσθαι.

277 708 373 759 Ὀτι
428 700 679 769 Καὸἀδης
741 700 911 769 ἄμφω
956 701 1066 752 τῶν
1107 700 1541 770 στρατευμάτων
1580 699 1749 753 αὐτοῦ

221 796 512 869 ἡττηθέντων
548 795 607 844 ἐν
649 792 857 862 ἀπορίᾳ
884 788 975 863 ἦν,
1023 791 1461 860 Ἀλαμούνδαρος
1504 791 1561 844 δὲ
1592 793 1619 843 6
1642 792 1752 845 τῶν

221 888 338 955 παρὰ
376 884 599 951 Πέρσαις
628 881 963 951 Σαρακηνῶν
994 880 1271 950 βασιλεὺς,
1304 880 1444 952 ἀνὴρ
1472 879 1548 933 ὣν
1580 881 1754 942 δεινὸς

219 986 270 1034 :‘1
286 980 491 1048 πολέμια
518 977 610 1030 καὶ
630 974 982 1043 δραστήριος,
998 972 1055 1035 ὃς
1073 972 1118 1003 ³⁸
1139 966 1342 1039 ὲςγόνυ
1360 973 1432 1025 τά
1466 974 1754 1042 Ῥωμαίων

218 1072 359 1124 ἔκλινε
416 1067 710 1139 πράγματα
749 1064 896 1115 ἔτεσι
932 1064 1298 1132 πεντήκοντα,
1336 1058 1491 1126 οὗτος
1522 1063 1753 1116 ὑπέθετο

219 1161 401 1230 Καὸἀδη
424 1159 477 1221 ὲς
521 1156 855 1225 Ἀντιόχειαν
906 1154 1030 1207 τότε
1090 1153 1404 1223 ἀφύλακτον
1436 1150 1603 1208 οὖσαν
1657 1154 1755 1207 καὶ

216 1252 268 1303 τὰ
302 1247 507 1317 ταύτῃ³⁷
560 1246 737 1315 χωρία
801 1243 1073 1297 ἐσϐαλεῖν.
1136 1244 1302 1305 Γνοὺς
1328 1243 1387 1296 δὲ
1429 1242 1753 1313 Βελισάριος

217 1342 329 1394 κατὰ
367 1341 519 1408 τάχος
579 1334 903 1405 ὑπηντίαζε,
967 1336 1283 1404 στράτευμα
1329 1334 1595 1403 Ίσαύρων
1657 1336 1756 1388 καὶ

227 1430 412 1501 Ἀρέθαν
432 1429 518 1480 τὸν
536 1426 579 1458 ³⁸
602 1427 709 1479 τῶν
741 1428 892 1496 παρὰ
908 1427 1203 1496 Ῥωμαίοις
1234 1426 1572 1497 Σαρακηνῶν
1607 1425 1756 1496 βασι⁹

216 1525 288 1575 iis
314 1523 415 1589 ἅμα
436 1520 525 1571 τοῦ
574 1519 776 1572 οἰκείου
837 1518 1283 1587 συνεπαγόμενος
1337 1517 1470 1571 λαοῦ
1490 1518 1557 1571 ³⁸.
1596 1519 1755 1570 Ἀλαο

218 1614 468 1686 μούνδαρος
498 1611 555 1663 δὲ
582 1610 676 1664 καὶ
738 1609 1042 1680 Ἀζαρέθης
1086 1610 1406 1681 ὀρρωδήσας
1452 1612 1540 1662 ἐπ’
1598 1610 1753 1663 οἴκου

217 1699 478 1775 απεχὼρει·
513 1704 607 1756 καὶ
638 1702 962 1772 Βελισὰριος
1015 1702 1224 1765 εἵπετο,
1261 1700 1380 1754 οὔτι
1400 1702 1445 1733 ⁸ο
1477 1704 1535 1765 ἐς
1563 1704 1755 1773 χεῖρας

1855 526 2107 592 ρθτιιιίειίν
2134 527 2442 581 tnilitariul.

1925 702 2193 767 Cabades,
2242 705 2447 759 amisso
2496 714 2727 775 utroque
2780 708 3047 773 exercitu,
3088 709 3254 762 animi
3307 726 3444 781 pen-

1855 795 2036 849 debat.
2079 794 2184 849 Sed
2224 796 2622 851 Alemundarns
2667 798 3005 853 Persicorum
3043 801 3443 856 Saracenorum

1857 903 1974 951 rex,
2011 888 2092 941 vir
2132 888 2271 942 bello
2323 905 2449 944 acer
2503 907 2567 943 ac
2623 900 2899 956 strenuus,
2936 907 3023 945 res
3074 893 3444 948 Romanorum

1857 981 2011 1034 valde
2075 980 2330 1049 infregit,
2393 983 2551 1037 annis
2610 984 3026 1053 quinquaginta.
3089 984 3187 1039 llic
3241 985 3444 1041 Cabadi

1856 1074 2151 1138 suggessit,
2230 1072 2395 1145 25a
2454 1075 2798 1129 Antiochiam
2857 1078 3111 1145 prtesidio
3164 1077 3444 1143 nudatam,

1857 1162 2201 1231 finitimaque
2242 1165 2544 1219 invaderet.
2571 1166 2886 1231 Belisarius,
2925 1183 2981 1222 re
3008 1170 3244 1235 cognita,
3276 1184 3440 1238 quam

1858 1255 2189 1309 maturrime
2238 1259 2501 1325 occurrit,
2547 1259 2759 1313 eductis
2812 1260 3118 1313 Isaurorum
3167 1262 3362 1330 c0piis,
3394 1270 3451 1314 et

1854 1341 2061 1395 Aretha
2119 1342 2489 1397 Romanarum
2554 1346 2788 1413 partium
2848 1345 3247 1400 Saracenorum
3299 1361 3447 1417 rege,

1855 1433 1946 1499 qui
2009 1449 2167 1486 suam
2236 1434 2354 1501 ipse
2414 1444 2627 1503 gentem
2698 1434 2979 1490 ductabat.
3047 1436 3451 1489 Alamundarus

1856 1536 2009 1583 vero.
2042 1532 2095 1576 et
2146 1524 2447 1578 Azarethes
2492 1534 2637 1578 metu
2683 1539 2997 1591 percussus,
3042 1535 3188 1579 retro
3229 1526 3447 1580 domum

1856 1626 1913 1665 se
1966 1611 2189 1680 recepit.
2248 1611 2313 1665 Et
2363 1609 2657 1667 Belisarius
2710 1628 2853 1680 pone
2924 1615 3279 1682 sequebatur,
3338 1630 3444 1670 non

1860 1714 1967 1756 tam
2016 1718 2139 1757 cum
2195 1702 2351 1757 home
2408 1718 2604 1758 manus
2652 1718 2943 1758 conserere
2986 1705 3233 1775 cupidus,
3287 1722 3449 1775 quam

217 1800 353 1852 ἐλθεῖν
378 1794 823 1867 προαιρούμενος,
851 1795 951 1864 τὴν
978 1794 1229 1860 δίωξινδὲ
1255 1793 1752 1869 σχηματιζόμενος.

1866 1806 1922 1848 ιιι
1974 1810 2097 1850 eum
2154 1796 2365 1861 insequi
2418 1810 2477 1849 se
2534 1797 2811 1864 fingeret:
2851 1798 3022 1851 donec
3071 1799 3254 1853 multis
3307 1800 3447 1869 vulgi

225 1889 352 1942 Ἀλλὰ
377 1866 432 1939 τό
463 1903 525 1955 γε
558 1885 761 1957 πλῆθος
795 1885 1123 1955 ἐλοιδορεῖτο
1147 1885 1316 1956 αὐτῷ,
1355 1884 1448 1957 [55
1485 1884 1576 1956 ΙΙ.]
1610 1866 1757 1956 πρῶ-

213 1997 282 2033 τον
336 1980 425 2048 μὲν
470 1979 572 2031 ούκ
630 1977 711 2038 εἰς
734 1976 795 2028 τὺ
829 1976 1100 2045 ἐμφανές·
1160 1976 1285 2029 ἐπεὶ
1327 1976 1385 2029 δὲ
1416 1977 1679 2047 ἐμφανῶς
1710 1976 1753 2007 ιι

211 2074 442 2137 ἑκάκιζον,
480 2072 629 2125 ἄκων
663 2071 955 2140 συγκροτεί
996 2069 1089 2121 τὸν
1120 2069 1382 2140 πόλεμον.
1416 2072 1528 2123 Καὶ
1556 2069 1626 2122 τὰ
1653 2068 1755 2139 μὲν

211 2165 367 2233 πρῶτα
414 2162 719 2215 πιπτόντων
780 2160 1122 2231 ἑκατέρωθεν
1176 2160 1570 2231 ἀγχώμαλοςή
1604 2162 1756 2232 μάχη

210 2257 406 2324 ἐγένετο,
432 2254 624 2306 ἔπειτα
652 2254 709 2306 δὲ
731 2254 1034 2326 τραπέντος
1065 2251 1160 2306 τοῦ
1185 2254 1317 2324 περὶ
1359 2254 1592 2325 Ἀρέθαν
1622 2253 1754 2306 λαοῦ

210 2350 282 2400 καὶ
321 2347 419 2398 τῶν
450 2345 713 2416 Ἰσαύρων
778 2345 919 2397 κατά
948 2345 1152 2415 κράτος
1183 2344 1379 2397 ἐνίκων
1441 2345 1652 2414 Πέρσαι
1674 2344 1718 2375 ⁸⁸
1739 2360 1754 2377 ·

208 2441 282 2492 καί
306 2441 347 2490 εἰ
373 2438 444 2507 μὴ
488 2436 598 2489 ἀπὸ
627 2436 722 2489 τοῦ
784 2436 953 2489 ἵππου
1002 2435 1248 2498 καταϐὰς
1282 2435 1604 2506 Βελισάριος
1643 2436 1759 2497 τοῖς

210 2528 686 2598 καταλελειμμένοις
716 2528 1072 2581 συνετάττετο
1106 2529 1200 2580 καὶ
1226 2526 1485 2597 ἠμύνετο,
1514 2528 1757 2588 ἅπαντες

209 2622 258 2674 ἂν
308 2620 680 2691 διεφθάρησαν.
747 2618 1047 2690 Ἀζαρέθης
1080 2618 1130 2650 ⁸³
1197 2618 1385 2688 μέντοι
1445 2621 1475 2671 ὁ
1530 2619 1759 2688 Περσῶν

210 2713 470 2781 στρατηγὸς
537 2711 883 2779 ὑποστρέψας
931 2712 1070 2781 πρὸς
1094 2711 1141 2742 ⁸⁵
1173 2710 1437 2780 Καὸάδην
1493 2711 1596 2763 οὐκ
1651 2711 1760 2763 ἀπ-

206 2805 354 2856 ώνατο
384 2804 479 2873 τῆς
520 2801 616 2875 ['75
648 2800 742 2874 ιι]
770 2802 927 2872 νίκης
950 2819 964 2833 ·
992 2802 1222 2864 πολλοὺς
1258 2802 1367 2871 γὰρ
1388 2797 1457 2871 ἦν
1486 2804 1579 2854 καὶ
1598 2801 1760 2863 αὐτὸς

205 2895 457 2951 ἀπώαλὼν
494 2898 555 2948 ὲν
593 2899 659 2967 τῇ
712 2896 881 2965 μάχῃ,
928 2898 975 2947 εἰ
1025 2896 1120 2949 καί
1173 2896 1310 2948 πολὺ
1368 2894 1590 2957 πλείους
1644 2894 1759 2946 τῶν

203 2988 478 3042 ἀντιπάλων
540 2988 947 3059 διεφθάρησανο
1006 2987 1088 3041 διὸ
1109 2990 1167 3040 ὲν
1210 2988 1324 3049 τοῖς
1368 2986 1589 3057 ἀτίμοις
1642 2986 1761 3038 ἐτέ-

204 3096 284 3131 λει.

1866 1888 2153 1949 conviciis,
2213 1888 2446 1956 primum
2505 1888 2723 1957 quidem
2786 1888 2964 1955 clam,
3034 1892 3228 1945 deinde
3284 1892 3449 1946 etiam

1856 1980 2035 2050 palam
2092 1980 2416 2044 lacessitus,
2473 1981 2676 2035 invitus
2726 1981 2791 2034 ad
2846 1997 3084 2051 pugnam
3146 1984 3447 2038 descendit.

1857 2070 2198 2125 Cadentibus
2229 2072 2388 2126 initio
2420 2071 2605 2125 multis
2638 2073 2917 2141 mrinque,
2950 2089 3015 2128 ac
3047 2076 3222 2139 cassis,
3254 2090 3453 2145 anceps

1859 2162 1948 2215 diu
1982 2176 2160 2231 pugna
2191 2161 2291 2215 fuit
2321 2179 2337 2227 ;
2370 2163 2545 2216 versis
2586 2163 2781 2216 dehinc
2816 2164 2871 2217 in
2902 2163 3077 2234 fugam
3108 2166 3324 2220 Arethm
3355 2184 3452 2223 co-

1860 2254 1985 2323 piis,
2013 2263 2178 2321 atque
2205 2251 2428 2317 lsauris,
2466 2270 2494 2306 a
2523 2254 2706 2308 Persis
2732 2264 2945 2308 summa
2980 2258 3180 2311 virtute
3209 2272 3453 2327 pugnan-

1860 2347 2031 2406 tibus.
2089 2346 2319 2400 victoria
2371 2346 2526 2401 Stetit
2570 2362 2583 2399 :
2626 2358 2687 2399 ut
2737 2347 2837 2400 nisi
2889 2363 2954 2401 ex
3002 2363 3143 2417 equo
3185 2353 3254 2404 ad
3287 2350 3451 2419 pedes

1861 2440 2160 2495 Belisarius
2202 2439 2515 2504 desiliisset,
2567 2454 2630 2492 ac
2675 2438 2900 2508 reliquis
2945 2453 3065 2493 sese
3105 2439 3451 2512 adiungendo

1861 2532 2123 2586 auxilium
2167 2530 2463 2594 attulisset,
2498 2530 2829 2584 debellatum
2876 2544 2941 2583 eo
2985 2531 3072 2585 die
3102 2541 3266 2596 esset,
3292 2533 3444 2587 carsi-

1861 2640 1967 2694 que
2014 2625 2080 2677 ad
2132 2639 2300 2678 unum
2338 2637 2533 2677 omnes
2568 2622 2942 2676 internecione
2994 2622 3249 2678 fuissent.
3295 2622 3451 2678 Atta-

1869 2731 1989 2769 men
2022 2714 2327 2768 Azarethes
2358 2712 2652 2767 Persarum
2686 2714 2811 2777 dux,
2845 2716 3063 2768 domum
3094 2716 3160 2768 ad
3188 2715 3451 2771 Cabaden

1862 2822 2137 2869 reversus,
2176 2805 2417 2859 victoriae
2450 2804 2690 2859 fructum
2729 2821 2834 2859 non
2867 2806 3004 2860 tulit.
3038 2806 3269 2860 Suorum
3305 2808 3450 2862 enim

1863 2898 2062 2951 multos
2123 2897 2175 2950 in
2238 2895 2422 2963 prazlio
2479 2896 2779 2961 amiserat,
2832 2896 2961 2952 licet
3016 2899 3451 2952 adversariorum

1862 2987 2045 3058 plures
2087 2986 2435 3042 cecidissent.
2477 2986 2849 3053 Quamobrem
2898 2989 3241 3044 inhonoratis
3278 2990 3453 3044 adnu-

1865 3096 2014 3134 mera
2027 3089 2111 3134 lllS
2145 3088 2249 3133 est.

261 3169 368 3222 Ὀτι
411 3170 729 3242 Βελισάριον
757 3171 785 3222 ὁ
808 3167 1065 3238 βασιλεὺς
1094 3168 1153 3231 ἐς
1172 3168 1217 3201 ’⁵⁸
1256 3165 1553 3230 Βυζάντιον
1598 3182 1760 3235 μετα-

1937 3168 2141 3223 Evocat
2163 3167 2688 3237 Constantinopolim
2704 3168 3042 3224 Justinianns
3065 3170 3452 3240 imperatorem

204 3259 567 3331 καλεσάμενος,
602 3260 687 3329 ἐφ’
718 3253 764 3327 ᾧ
796 3259 891 3312 ἐπὶ
950 3256 1263 3321 Βανδάλους
1286 3256 1332 3287 ⁸⁸
1372 3255 1757 3327 στρατεύσειε,

204 3352 368 3406 Σίτταν
388 3354 694 3423 φυλάξοντα
717 3352 762 3383 ⁸⁷
786 3353 886 3421 τὴν
916 3350 1091 3421 Ἐᾠαν
1124 3348 1447 3404 ἀπέστειλεν
1465 3369 1477 3379 ·
1502 3351 1561 3402 ὲν
1590 3341 1634 3416 ᾧ
1668 3349 1764 3402 καὶ

204 3444 383 3513 Πέρσαι
446 3446 593 3499 κατά
626 3444 914 3513 Ῥωμαίων
962 3443 1307 3508 ἐσϐάλλουσι,
1362 3442 1458 3496 καὶ
1509 3442 1763 3495 Καόἁδου

203 3541 601 3610 τελευτήσαντος
634 3540 661 3592 6
694 3540 825 3600 παῖς
866 3537 1117 3606 Χοσρόης
1144 3536 1245 3605 τὴν
1298 3535 1577 3606 βασιλείαν
1616 3534 1766 3588 ὲκδέο

204 3651 349 3701 χεται.
392 3634 675 3700 Ῥουφῖνος
703 3631 759 3683 δὲ
797 3630 893 3683 καὶ
931 3626 1284 3699 Ἀλέξανδρος
1308 3629 1403 3682 καὶ
1430 3628 1634 3697 Θωμᾶς
1668 3627 1765 3680 σὺν

218 3727 507 3797 Ἑρμογένει
561 3725 711 3795 παρά
774 3723 1026 3794 Χοσρόην
1080 3722 1479 3793 παραγίνονται
1507 3721 1600 3775 ἐπὶ
1630 3738 1765 3790 πρε-

210 3817 382 3869 σὸείαν·
412 3814 494 3878 οἷς
517 3818 621 3885 τὴν
646 3815 873 3885 εἰρήνην
902 3814 1210 3885 ἀπέραντον
1232 3812 1404 3884 ἔφησε
1426 3812 1618 3865 θέσθαι
1636 3810 1767 3863 δέκα

208 3908 281 3958 καὶ
307 3908 494 3959 ἑκατὸν
553 3906 951 3976 κεντηναρίοις.
1021 3904 1183 3957 Ἀλλὰ
1206 3904 1329 3957 τότε
1367 3904 1465 3973 μὲν
1489 3903 1767 3974 ἄπρακτοι

206 4000 493 4072 διελύθησαν
525 4041 543 4067 ,
610 3999 839 4068 ὕστερον
885 3999 941 4050 δὲ
1007 3998 1107 4067 τὴν
1159 3997 1468 4068 ἀπέραντον
1545 3997 1769 4067 εἰρήνην

208 4084 704 4157 ἑσπείσαντοξὲκτον
724 4091 827 4161 ήδη
851 4088 1078 4161 ἕτοςτὴν
1115 4089 1406 4159 βασιλείαν
1448 4089 1767 4141 Ἰουστινιαε

206 4185 279 4237 νοῦ
325 4186 560 4254 ἔχοντος.
613 4184 721 4236 Καὶ
750 4185 1020 4252 Ῥωμαῖοι
1060 4183 1159 4254 μὲν
1184 4182 1255 4235 τά
1286 4198 1348 4234 τε
1370 4182 1635 4252 χρήματα
1674 4181 1769 4233 καὶ

208 4274 253 4327 τὸ
300 4276 605 4343 Φαράγγιον
658 4274 752 4327 καὶ
798 4273 1039 4326 Βῶλονδει
1101 4274 1161 4325 τὸ
1215 4273 1476 4344 φρούριον
1533 4272 1771 4343 Πέρσαις

209 4367 507 4436 παρέδοσαν,
578 4366 781 4436 Πέρσαι
834 4366 893 4417 δὲ
933 4365 1226 4434 Ῥωμαίοις
1262 4365 1330 4419 τά
1398 4382 1460 4417 τε
1518 4362 1769 4432 Δαζικῆς

1864 3262 2209 3324 Belisarium,
2240 3273 2300 3315 ut
2340 3260 2465 3315 inde
2498 3262 2840 3315 inVandalos
2856 3263 3258 3332 expeditionem
3277 3262 3457 3317 susci-

1862 3356 1978 3420 piat
2007 3373 2021 3408 :
2048 3352 2372 3422 Orientique
2406 3354 2686 3407 custodem
2717 3352 2927 3407 Settam
2964 3354 3242 3423 imposuit.
3292 3354 3457 3409 Hisce

1872 3447 2211 3515 temporibus
2248 3458 2305 3501 et
2329 3446 2511 3500 Persae
2561 3462 2685 3500 cum
2726 3444 2993 3499 Romanis
3038 3459 3456 3513 concurrerunt,

1866 3546 1944 3599 et,
1979 3534 2201 3589 Cabade
2227 3548 2463 3599 mortuo,
2502 3534 2645 3587 filius
2678 3533 2953 3587 Chosroes
3000 3535 3149 3603 regni
3214 3534 3458 3591 habenas

1867 3628 2133 3697 suscepit.
2163 3626 2459 3695 Missiergo
2482 3628 2549 3681 ad
2578 3641 2703 3680 eum
2729 3626 2913 3696 legati,
2938 3627 3189 3691 Rufinus,
3221 3630 3459 3682 Alexan-

1868 3720 1989 3782 der,
2025 3717 2289 3782 Thomas,
2346 3726 2398 3772 et
2439 3716 2807 3787 Hermogenes
2835 3736 2849 3772 :
2882 3720 3079 3788 quibus
3110 3719 3461 3788 paeemvelle

1867 3826 1927 3866 se
1953 3810 2133 3864 facere
2172 3810 2310 3863 dixit
2339 3818 2679 3878 perpetuam,
2722 3812 3164 3865 centenariorum
3203 3811 3459 3865 nimirum

1870 3912 2089 3957 centum
2110 3911 2166 3956 et
2188 3902 2401 3965 decem,
2438 3899 2637 3956 Verum
2689 3917 2748 3956 re
2795 3913 2906 3955 tum
2942 3902 3145 3957 infecta
3182 3903 3462 3958 discesse-

1872 4003 1999 4049 runt
2031 4012 2045 4048 :
2084 4008 2185 4047 nec
2210 3993 2314 4048 nisi
2349 4003 2536 4063 postea
2566 3995 2862 4048 constituta
2891 4003 3153 4063 pactaque
3204 4010 3314 4065 pax
3371 3995 3462 4049 illa

1871 4097 1955 4142 est
1982 4095 2267 4156 perpetua,
2319 4087 2625 4155 imperante
2678 4096 2892 4140 sextum
2932 4086 3047 4157 (73)
3097 4084 3210 4153 jam
3260 4103 3462 4141 annum

1872 4179 2213 4256 Justiniano.
2235 4176 2339 4234 Per
2355 4194 2474 4233 eam
2492 4177 2725 4233 Romani
2756 4180 3038 4247 pecunias,
3072 4178 3463 4248 Pharangium,

1873 4283 1928 4328 et
1953 4273 2146 4328 Boium
2174 4289 2358 4329 arcem
2408 4273 2594 4328 Persis
2635 4272 3011 4335 reddiderunt,
3066 4272 3167 4325 etsi
3220 4272 3464 4325 vicissim

1874 4364 2141 4421 Romanis
2178 4363 2471 4419 Laziorum
2508 4365 2562 4417 in
2594 4364 2791 4418 ﬁnibus
2817 4363 3037 4433 oppida.
3093 4371 3146 4415 et
3172 4361 3463 4431 Dagarem,

208 4458 305 4526 ὅρια
334 4460 425 4511 καὶ
457 4459 782 4530 Δά’ίαριν’⁸⁹,
817 4457 985 4528 ἄνδρα
1018 4456 1224 4524 ἀγαθὸν
1253 4456 1323 4509 τά
1356 4455 1617 4526 πολέμια,
1650 4456 1760 4509 ἀντ¹

1874 4460 2052 4515 virum
2088 4458 2230 4513 bello
2258 4468 2541 4514 strenuum
2575 4455 2799 4527 (tradito
2830 4470 2932 4525 pro
2970 4469 3036 4509 eo
3060 4463 3114 4508 et
3152 4454 3325 4509 altero
3355 4471 3462 4510 non

207 4551 343 4604 αὑτοῦ
361 4552 553 4621 ἓτερον
576 4548 971 4620 κεκομισμένοι
988 4548 1033 4580 ⁶⁰
1055 4549 1156 4601 οὐκ
1205 4547 1388 4617 ἀφανῆ
1443 4547 1636 4619 ἄνδρα.
1663 4549 1768 4601 Εὐ-

208 4642 283 4705 βπ
328 4643 511 4713 μέντοι
561 4642 813 4714 ἐκατέρῳ
870 4642 1084 4711 βασιλεῖ
1132 4639 1429 4711 ἐπιϐουλὴν
1456 4639 1761 4711 ξυνηνέχθη

207 4734 432 4799 γενέσθαι
468 4736 608 4803 πρὸς
648 4734 757 4788 τῶν
811 4733 1086 4803 ὑπηκόων.
1112 4734 1224 4787 Καὶ
1255 4734 1501 4802 Χοσρόην
1546 4733 1646 4802 μὲν
1674 4732 1772 4785 ἅτε

209 4825 455 4898 θορυϐώδη
484 4830 583 4882 καὶ
603 4829 842 4882 ἄτακτον
858 4828 885 4878 6
904 4826 1133 4897 Περσῶν
1154 4829 1395 4895 μισήσας
1412 4823 1571 4889 λεὼς,
1591 4824 1777 4878 Καΰὰ-

207 4914 281 4984 δην
300 4916 383 4969 τὸν
403 4918 595 4985 Ζάμου
613 4916 705 4970 τοῦ
730 4916 962 4984 ἀδελφοῦ
985 4914 1147 4968 παῖδα
1164 4914 1390 4984 βασιλέα
1412 4915 1597 4985 σφίσιν
1618 4914 1774 4967 ἐϐου-

210 5003 441 5062 λεύσαντο
473 5008 803 5079 στήσασθαι·
829 5008 968 5061 ἀλλὰ
996 5007 1160 5077 γνοὺς
1183 5007 1211 5059 6
1238 5007 1491 5078 Χοσρόης
1517 5007 1768 5077 Ζάμην⁸¹

208 5113 255 5149 τε
302 5100 388 5153 τὸν
453 5101 687 5169 ἀδελφὸν
744 5101 839 5153 καὶ
908 5099 1037 5163 τοὺς
1096 5097 1295 5161 ἄλλους
1347 5096 1615 5166 ἀδελφοὺς
1646 5097 1765 5167 ἅμα

1879 4549 2105 4620 ignobili
2129 4549 2270 4613 viro)
2300 4548 2654 4603 remiserunt.
2715 4546 2837 4599 Mox
2880 4546 3102 4614 utrique
3145 4545 3463 4615 imperatori

1876 4650 2099 4696 structae
2122 4640 2335 4696 insidia;
2361 4656 2389 4693 a
2408 4639 2663 4695 subditis.
2703 4637 2978 4692 Cliosroen
3001 4634 3243 4705 quidem,
3263 4647 3323 4691 ut
3351 4647 3468 4691 tur-

1879 4731 2090 4788 bulenti
2121 4729 2649 4801 intemperantisqne
2685 4728 2888 4798 ingenii
2918 4726 3116 4790 virum,
3167 4726 3347 4781 Persae
3377 4728 3462 4781 in-

1880 4823 2055 4877 visum
2092 4838 2213 4876 cum
2238 4822 2463 4887 habent,
2500 4818 2756 4874 Cabadeu
2817 4818 2995 4873 Zama:
3027 4818 3217 4872 fratris
3248 4818 3364 4887 ejus
3398 4817 3465 4871 li-

1876 4914 2034 4976 lium,
2069 4926 2251 4981 regem
2288 4910 2392 4965 sibi
2428 4909 2611 4963 facere
2630 4908 2996 4963 constituunt.
3055 4910 3174 4975 Quo
3220 4907 3457 4978 cognito,

1878 5005 2151 5061 Chosroes
2201 5003 2402 5058 Zamen
2448 5002 2600 5075 241)
2635 5004 2881 5069 fratrem,
2941 5002 3289 5072 reliquosque
3340 5014 3464 5070 ger-

1877 5112 2091 5159 manos,
2125 5108 2180 5151 et
2212 5096 2609 5166 coniurationis
2630 5096 2814 5151 socios
2832 5105 3012 5150 necat.
3067 5096 3159 5150 Sic
3195 5091 3463 5161 tranquil-

1502 5253 1738 5309 VARle
1778 5253 2075 5311 LECTION
2084 5253 2188 5309 ES.

264 5398 301 5428 “
320 5397 377 5460 ὃς
404 5396 531 5451 add.
560 5396 627 5450 Λ.

212 5468 247 5499 ⁸⁸
271 5468 385 5521 οὔτε
429 5484 489 5531 ς.
599 5468 643 5497 ⁸⁸
685 5465 809 5519 ἐπεὶ
848 5465 1071 5534 ἀφανῶς
1111 5465 1171 5530 gi.

209 5538 245 5568 ⁸³
269 5541 339 5601 εἰς
370 5556 431 5602 ς.
508 5537 553 5569 δ’
578 5538 869 5601 Βανδίλους
895 5537 961 5591 Λ.
1038 5535 1083 5568 ⁸⁷
1111 5534 1427 5606 φυλάξαντα
1458 5553 1518 5599 ς’.

214 5608 350 5673 μένον
378 5626 442 5673 ς.
518 5609 560 5639 ³¹
592 5609 774 5679 Ζάμον
816 5625 875 5670 ς’.

736 5396 792 5467 "_
811 5396 983 5467 ταύτῃ
1010 5393 1718 5467 ᾼιιβοενανίιιιιιιίδιερὴαηὶ
1749 5412 1762 5450 :
1793 5395 2001 5463 ταύτης
2033 5413 2095 5459 ς’.

1005 5465 1071 5527 ὥς
1111 5465 1171 5530 gi.
1277 5466 1321 5496 δ’
1354 5466 1550 5520 ἐνίκων
1582 5467 1792 5535 Πέρσαι
1842 5468 2189 5539 κατακράτος
2217 5484 2278 5531 ς.

1038 5535 1083 5568 ⁸⁷
1111 5534 1427 5606 φυλάξαντα
1458 5553 1518 5599 ς’.
1605 5536 1651 5567 ⁸⁸
1676 5535 1869 5606 βὸλων.
1963 5540 2007 5589 ³9
2035 5538 2278 5606 Δαγάρηι

2214 5396 2259 5429 ³⁸
2292 5396 2386 5450 τὸν
2435 5411 2545 5451 οιη.
2572 5398 2638 5452 Α.
2745 5398 2790 5430 ³ο
2828 5396 2909 5465 τῷ
2939 5394 3125 5465 οἰκείῳ
3148 5423 3217 5434 —
3252 5392 3365 5463 λαῷ
3400 5410 3463 5459 ς.

2381 5450 2747 5548 ⁵³’ᾼΔζαριθης
2768 5486 2831 5548 Ξ.
2878 5450 2891 5468 ⁸
2928 5468 2993 5548 ft
3013 5450 3150 5533 πρός
3183 5465 3255 5517 A:
3287 5450 3364 5525 εἰς

1963 5540 2007 5589 ³9
2035 5538 2292 5609 Δαγὰρην
2323 5556 2380 5602 ς.
2476 5540 2522 5570 ⁸ο
2563 5538 2728 5592 αὑτοῦ
2763 5539 2820 5592 δὲ
2857 5538 2948 5591 καὶ
2972 5538 3161 5605 ἕτερον
3180 5550 3464 5605 κεκοσμη-

1742 5677 1973 5736 NOTAE.

269 5793 369 5863 (75)
404 5794 650 5865 Septimo
675 5797 887 5866 imperii
921 5812 1084 5861 anno,
1122 5796 1297 5867 inquit
1330 5797 1561 5868 Procop.
