4030 6460
518 348 616 416 131
1646 343 1907 404 ΡΗΟΤΙΙ
1947 343 2122 403 PATf

2226 341 2456 403 RCII/E
2501 342 2610 402 CP.
3694 337 3793 404 132

519 462 634 516 lata
677 473 767 514 res
798 467 903 525 est,
935 458 1204 529 quiesque
1238 458 1385 513 data.
1418 455 1663 513 Cabades
1696 465 1903 519 tamen,
1935 455 2114 509 Zama:

2226 453 2324 507 τῶν
2380 454 2760 523 μετασχόντων
2791 452 2837 483 ⁸³
2887 451 2985 522 τῆς
3018 450 3214 522 βουλῆς
3246 451 3455 506 ἀνελὼν
3480 450 3577 525 τὴν
3608 455 3793 508 στάσιν

522 550 689 612 filius,
710 550 1002 603 admodum
1031 548 1379 611 adolescens,
1437 546 1722 617 prudentia
1759 544 2108 615 Chanarangi

2226 548 2454 601 ἔπαυσε.
2515 545 2772 613 Καϐάδης
2827 544 2942 597 δὲὸ
2974 544 3235 615 Ζάμου⁸³,
3292 546 3484 617 κομιδῇ
3546 546 3662 610 νέος
3699 547 3791 614 ὣν,

522 639 1162 712 Διιεῐεί-ῡιιιισηιτευιί)
1213 640 1415 694 caedem
1462 637 1672 708 effugit,
1725 652 1834 709 quo
1894 636 2111 693 nomine

2226 639 2441 709 προνοίᾳ
2497 637 2861 707 Χαναράγγου
2922 635 3290 706 τοῦἈδέργου
3322 637 3622 690 Δουϐάνδου
3650 637 3697 669 ⁸⁵
3718 637 3793 690 δι-

528 735 622 788 bie
668 744 855 802 postea
896 747 926 785 a
969 732 1215 786 Chosroe
1261 738 1345 784 est
1391 730 1733 785 interfectus.
1799 727 2110 783 Justiniano

2226 732 2397 799 ἔφυγε
2438 730 2531 783 τὸν
2595 730 2860 784 θάνατον’
2919 730 3013 783 καὶ
3072 730 3101 781 6
3155 728 3525 798 Χαναράγγης
3575 727 3793 799 ὕστερον

525 839 742 902 quoque
772 825 963 892 imper.
1016 823 1168 893 plebs
1238 822 1425 876 Roma
1466 822 1693 876 insidias
1745 819 2107 889 comparavit,

526 926 717 971 creato
785 916 1115 985 imperatore
1176 913 1417 986 (tametsi
1476 913 1819 983 repugnaret)
1879 910 2111 982 Hypatio

532 1007 807 1063 Anastasii
841 1008 982 1076 ejus,
1025 1007 1454 1075 quiitnperarat,
1498 1005 1764 1075 patruele,
1804 1015 1929 1059 nata
1962 1004 2111 1059 sedi-

533 1099 702 1162 tione,
738 1105 971 1166 ortoque
999 1096 1233 1150 tumultu
1261 1111 1291 1151 e
1321 1097 1677 1151 contentione
1723 1095 1971 1149 ludorum
2000 1093 2114 1149 cir—

533 1192 777 1244 sensium
803 1188 939 1259 (75).
996 1188 1177 1242 Caesar
1218 1189 1402 1256 itaque
1438 1185 1799 1251 Justinianus,
1844 1185 2108 1240 Belisario

534 1291 589 1336 et
617 1282 816 1337 Mundo
845 1280 1071 1335 ducibus
1102 1294 1255 1342 usus,
1278 1279 1567 1349 Hypatium
1614 1277 1834 1344 occidit,
1886 1277 2112 1332 multos-

539 1389 645 1442 que
707 1372 1101 1439 conjurationis
1148 1372 1314 1441 hujus
1363 1372 1543 1425 socios
1568 1369 1810 1437 sustulit,
1863 1370 2022 1439 plane
2057 1378 2118 1424 ut

544 1465 746 1519 civium
779 1474 905 1518 tunc
924 1463 988 1517 ad
1011 1464 1231 1531 triginta
1263 1461 1429 1515 millia
1459 1461 1835 1516 occubueriut.
1872 1462 2117 1531 Impera-

540 1559 641 1611 tori
668 1557 943 1625 suppetias
966 1554 1267 1611 ali‘erehant
1294 1554 1581 1620 Boraides,
1631 1563 1686 1609 et
1720 1553 1909 1609 Justus
1947 1554 2119 1609 Justi-

537 1650 685 1704 niani
727 1648 916 1702 fratris
950 1646 1116 1703 illius.

2213 822 2302 876 διὰ
2362 820 2577 875 τοῦτο³⁵
2608 821 2714 873 ὑπὸ
2745 820 2989 891 Χοσρόου
3019 819 3313 890 ἀνῄρηται.
3362 819 3792 871 Ἰουσειτινιανὸνἐ

2213 912 2273 966 δὲ
2299 913 2326 965 6
2359 913 2530 983 δῆμος
2568 910 2939 965 ἐπιϐουλεύων
2989 909 3255 963 ’Υπάτιον
3287 910 3511 973 ἄκοντα,
3533 910 3624 961 τὸν
3654 910 3799 963 Ἀνα-

2217 1002 2439 1056 στασίου
2494 1002 2592 1055 τοῦ
2654 1001 3106 1073 βεϐασιλευκότος
3171 1000 3512 1069 ἀδελφιδοῦν,
3575 1000 3797 1077 βασιλέα

2218 1093 2368 1161 σφῶν
2402 1093 2861 1163 άνηγόρευσαν⁸⁷,
2889 1092 3190 1163 ἀρξάμενοι
3217 1092 3319 1160 τῆς
3378 1092 3675 1161 ἐπιϐουλῆς
3706 1094 3799 1148 καὶ

2215 1184 2316 1253 τῆς
2372 1185 2615 1248 στάσεως
2649 1184 2757 1237 ἀπὸ
2797 1184 2897 1253 τῆς
2934 1186 2992 1236 ὲν
3021 1186 3135 1247 τοῖς
3177 1184 3560 1255 ίπποδρομίοις
3592 1183 3797 1254 ἔριδοςο

2220 1274 2474 1344 βασιλεὺς
2499 1274 2556 1327 δὲ
2583 1273 2994 1339 Ἰουστινιανδς,
3026 1272 3328 1343 Βελισαρίῳ
3350 1290 3410 1325 τε
3443 1274 3537 1325 καὶ⁵
3577 1273 3801 1346 Μούνδῳ

2216 1368 2330 1428 τοῖς
2371 1367 2699 1437 στρατηγοῖς
2726 1363 3030 1435 χρώμενος,
3062 1365 3157 1417 τόν
3181 1382 3241 1417 τε
3282 1365 3545 1417 Ὑπάτιον
3585 1362 3801 1420 κᾶθεῖλε

2218 1459 2313 1512 καὶ
2367 1457 2597 1520 πολλοὺς
2636 1457 2744 1509 τῶν
2798 1456 3115 1509 στασιωτῶν
3165 1457 3398 1521 ἀνεῖλεν,
3439 1458 3567 1527 ἄχρι
3623 1460 3715 1512 καὶ
3748 1462 3803 1524 ὲς

2216 1552 2368 1622 τρεῖς
2401 1550 2669 1623 μυριάδας
2697 1549 2790 1603 τοῦ
2822 1549 3206 1618 ἀναιρεθέντος
3232 1547 3363 1602 λαοῦ
3402 1549 3801 1616 συντελοῦντος.

2220 1643 2601 1713 Συνέπραττον
2633 1641 2690 1695 δὲ
2720 1640 2798 1712 τῷ
2828 1640 3042 1712 βασιλεῖ
3084 1641 3349 1712 Βοραῖδης
3368 1641 3413 1672 ⁵⁸
3438 1642 3533 1694 καὶ
3556 1641 3801 1710 Ἰοῦστος,

2220 1734 2270 1787 οἱ
2295 1732 2463 1787 αὑτοῦ
2492 1732 2728 1802 ἀνεψιοί.

608 1826 665 1881 lu
708 1841 774 1881 eo
811 1826 929 1896 ipso
979 1825 1121 1880 libro
1153 1833 1340 1879 narrat
1394 1825 1462 1879 de
1512 1822 1874 1892 Triboniano,
1937 1825 2029 1896 qui
2089 1840 2120 1881 e

2240 1883 2256 1898 ο
2303 1826 2393 1879 Ἐν
2424 1823 2574 1894 αὐτῷ
2591 1824 2649 1877 δὲ
2676 1823 2757 1894 τῷ
2788 1822 2932 1895 λόγῳ
2992 1822 3121 1895 περὶ
3168 1823 3546 1895 Τριϐωνιανοῦ
3608 1824 3702 1879 τοῦ
3736 1827 3798 1879 ὲκ

537 1915 852 1987 Pamphylia
880 1930 1051 1983 genus
1072 1914 1251 1979 duxit,
1306 1924 1361 1968 et
1384 1915 1671 1982 quaestoris
1701 1930 1898 1970 munus
1960 1916 2118 1982 obiit,

538 2007 715 2076 deque
764 2007 993 2059 avaritia
1047 2005 1312 2075 ejusdem,
1382 2020 1447 2060 ac
1505 2006 1982 2076 blandiloquentia.
2046 2005 2123 2062 De

539 2096 752 2153 Joanne
775 2099 902 2152 item
924 2098 1303 2167 Cappadocum
1332 2096 1593 2166 praelecto
1654 2099 1927 2166 praetorio,
1974 2099 2123 2169 ejus-

541 2205 649 2259 qtte
686 2189 845 2257 ,vitiis
894 2189 1164 2257 plurimis.
1237 2188 1307 2244 Ut
1363 2190 1635 2245 Antonina
1692 2190 1939 2246 Belisarii
1990 2206 2125 2247 con-

538 2278 635 2350 jux
654 2294 749 2347 per
772 2278 1128 2347 Euphemiam
1159 2280 1324 2334 ﬁliam
1351 2280 1470 2349 ejus
1502 2281 1695 2336 callide
1729 2281 1997 2337 Joannem
2019 2284 2128 2337 cir-

544 2372 901 2434 cumvenerit,
959 2381 1015 2425 et
1046 2372 1272 2427 insidias
1300 2373 1617 2441 imperatori
1664 2385 1881 2430 struere
1918 2375 2125 2444 patefe-

545 2463 683 2514 cerit
718 2471 923 2528 :utque
963 2461 1206 2527 demum,
1240 2462 1474 2518 Eusebio
1513 2464 1695 2535 Cyzici
1751 2467 2010 2537 episcopo
2056 2483 2121 2522 ex

547 2553 759 2606 insidiis
799 2552 1003 2618 occiso,
1044 2553 1194 2623 impii
1225 2556 1446 2610 sceleris
1476 2572 1703 2613 consors
1725 2560 1962 2623 habitus,
2004 2576 2126 2616 cor-

544 2646 1080 2713 porequaestionibus
1100 2649 1364 2714 cruciato,
1396 2650 1755 2707 inclementer
1794 2654 2008 2709 tandem
2062 2670 2126 2710 ac

546 2749 735 2790 severe
760 2736 1107 2808 proscriptus
1139 2739 1233 2793 sit.

620 3000 786 3056 Libro
828 3003 1066 3057 secundo
1119 3001 1316 3058 Rerum
1368 3002 1715 3062 Persicarum
1768 3008 1872 3064 ista
1933 3009 2120 3067 refert.

2224 1917 2552 1990 Παμφυλίας
2611 1917 2864 1980 ἕλκοντος
2924 1917 2988 1969 τὸ
3047 1918 3205 1985 γένος
3249 1916 3543 1982 διέξεισιν,
3601 1916 3661 1981 ὃς
3712 1919 3806 1989 τὴν

2223 2010 2547 2080 κυαίστορος
2564 2011 2609 2042 ⁵⁸
2635 2008 2845 2062 διεῖπεν
2903 2007 3099 2079 ἀρχὴν,
3171 2008 3301 2079 περί
3330 2026 3391 2061 τε
3412 2008 3513 2077 τῆς
3553 2009 3809 2080 φιλοχρη-

2226 2099 2430 2170 ματίας
2476 2101 2572 2152 καὶ
2599 2102 2702 2169 τῆς
2732 2099 2898 2169 ἄλλης
2950 2098 3229 2170 αἱμυλίας,
3271 2100 3522 2170 καὶπερὶ
3566 2100 3807 2154 Ἰωάννου

2223 2190 2319 2243 τοῦ
2338 2192 2583 2263 ὲπάρχου
2613 2190 2709 2244 τοῦ
2741 2192 2806 2243 ὲκ
2826 2191 3235 2257 Καππαδοκῶν,
3267 2193 3367 2262 τῆς
3384 2209 3445 2244 τε
3472 2192 3810 2263 πανουργίας

2225 2283 2321 2336 καὶ
2348 2282 2652 2353 ἀπληστίας
2678 2283 2775 2337 καὶ
2820 2284 2993 2353 μέθης
3026 2285 3121 2336 καὶ
3153 2284 3251 2354 τῆς
3276 2284 3443 2354 ἄλλης
3476 2285 3804 2355 κακότητος·

2224 2373 2375 2436 ὅπως
2407 2390 2466 2427 τε
2505 2374 2799 2427 ’Λντωνῖνα
2824 2376 2857 2443 ἡ
2891 2372 2984 2425 τοῦ
3016 2372 3335 2444 Βελισαρίου
3363 2373 3504 2445 γυνὴ
3527 2373 3598 2426 δι’
3628 2374 3807 2445 Εὐφη-

2230 2464 2359 2534 μίας
2391 2465 2489 2535 τῆς
2525 2465 2689 2518 αὑτοῦ
2727 2464 3000 2534 θυγατρὸς
3039 2467 3512 2536 φρεναπατήσασα
3554 2465 3810 2537 Ἰωάννην

2228 2556 2321 2628 [36
2350 2554 2441 2627 IL]
2465 2555 2749 2609 ἐπίϐουλον
2776 2555 2945 2621 ἔδειξε
2975 2556 3264 2625 βασιλέως,
3286 2559 3436 2622 ὅπως
3459 2574 3522 2610 τε
3554 2557 3804 2629 ὕστερον,

2226 2646 2489 2700 Εὑσεϐίου
2511 2647 2605 2700 τοῦ
2640 2647 2939 2700 ἐπισκόπου
2980 2646 3219 2710 Κυζίκου
3240 2649 3297 2713 ὲξ
3322 2648 3620 2721 ἐπιϐουλῆς
3658 2652 3812 2704 ἀναι-

2230 2740 2496 2812 ρεθέντος,
2522 2740 2789 2809 συνεργὸς
2815 2739 3140 2808 ὑπονοηθεὶς
3166 2740 3262 2795 τοῦ
3288 2743 3598 2813 μιάσματος
3615 2743 3810 2815 ᾐκίσθη

2225 2831 2287 2884 τὸ
2318 2831 2478 2899 σῶμα
2526 2832 2618 2884 καὶ
2652 2830 2865 2895 ἀκλεῶς
2881 2831 2927 2863 ⁸⁸
2966 2831 3153 2905 ἐξορίᾳ
3189 2835 3364 2905 πικρᾷ
3399 2835 3495 2889 καὶ
3529 2835 3814 2907 τελευταία

2227 2923 2527 2994 παρεδόθη.

2303 3015 2427 3069 Ὅτι
2456 3017 2515 3070 ὲν
2546 3014 2623 3087 τῷ
2649 3014 2889 3088 δευτέρῳ
2918 3016 3060 3087 λόγῳ
3092 3016 3347 3085 διέξεισιν
3397 3018 3547 3083 ὅπως
3584 3038 3647 3073 τε
3714 3022 3815 3075 Χο-

551 3092 827 3146 Chosroen
867 3094 1067 3147 invidia
1093 3094 1451 3160 stimulatum,
1477 3100 1619 3167 quod
1638 3098 1835 3153 Africae
1865 3100 2122 3157 ditionent

2231 3108 2400 3179 σρόην
2427 3106 2739 3178 μελετῶντα
2781 3107 2940 3161 λῦσαι
2970 3107 3071 3171 τὰς
3103 3109 3331 3172 σπονδὰς
3386 3110 3474 3163 διὰ
3504 3112 3604 3182 τὴν
3651 3113 3755 3166 τῶν
3771 3115 3813 3146 ⁶ί

551 3184 783 3239 Romani
838 3195 1105 3249 tenerent,
1155 3188 1414 3257 pacisque
1454 3201 1739 3259 propterea
1779 3192 1981 3247 [mdera
2017 3195 2122 3248 sol-

2239 3201 2527 3271 Ῥωμαίων
2578 3202 2722 3256 κατά
2772 3200 2979 3272 Λιϐύην
2996 3201 3040 3233 ⁶¹
3066 3203 3428 3272 ἐπικράτειαν
3465 3179 3676 3275 (φθόνῳ
3704 3207 3811 3278 γὰρ

550 3290 678 3329 vere
702 3286 1003 3345 parantem,
1041 3279 1266 3346 Vitiges,
1324 3279 1648 3336 Gottltorum
1687 3297 1802 3349 rex,
1843 3299 1937 3352 per
1959 3283 2127 3352 Ligu-

550 3382 641 3421 res
672 3373 939 3436 quosdam
968 3366 1198 3436 legatos,
1222 3368 1345 3422 dein
1377 3379 1432 3422 et
1463 3384 1557 3438 per
1595 3370 1859 3426 Basacum
1887 3374 2127 3429 collocu-

551 3466 660 3519 tus,
705 3458 880 3526 tnagis
905 3456 1281 3512 inﬂammavit.
1319 3457 1578 3524 Quocum
1608 3461 1734 3515 item
1768 3471 2011 3531 tempore
2034 3464 2129 3517 Ar-

551 3547 713 3601 menii
745 3563 775 3601 a
816 3546 1077 3602 Romanis
1094 3547 1442 3614 defecissent,
1481 3550 1619 3604 Sitta
1649 3553 1789 3606 duce
1839 3558 2128 3624 pugnando

550 3640 900 3709 interempto,
937 3638 1234 3709 Persisque
1291 3656 1353 3696 se
1404 3644 1805 3711 permisissent,
1866 3659 2126 3717 perpetua

551 3731 666 3793 illa,
713 3740 1010 3796 utvocant,
1059 3734 1208 3799 pacis
1269 3731 1477 3789 foedera
1533 3750 1787 3804 rumpere
1834 3738 2126 3804 Cltosroes,

550 3824 860 3892 bellumque
925 3838 1115 3893 gerere
1177 3828 1419 3881 animum
1474 3828 1707 3885 induxit.
1782 3828 2127 3889 Justinianus

552 3915 880 3983 imperator,
915 3929 973 3969 re
1030 3917 1275 3983 cognita,
1330 3917 1679 3973 Anastasium
1735 3920 1967 3990 legatum
2027 3925 2130 3979 mi-

548 4007 620 4061 sit
661 4008 934 4060 hortatum
996 4022 1065 4061 ne
1129 4023 1316 4075 pacem
1363 4008 1621 4064 solveret.
1660 4010 1862 4066 Eadem
1926 4025 2129 4084 tempe-

2228 3292 2507 3360 ἐϐάλλετο)
2559 3294 2866 3361 Οὐῖτιγις⁶³
2918 3293 2945 3345 6
2993 3294 3102 3347 τῶν
3147 3294 3360 3349 Γότθων
3416 3295 3674 3366 βασιλεὺς
3729 3300 3815 3354 διά

2228 3400 2389 3438 τινων
2402 3385 2569 3453 Διγοὺ
2578 3402 2686 3454 ρων
2709 3384 3236 3456 κοινολογησάμενος
3260 3387 3461 3457 μᾶλλον
3483 3389 3811 3463 ὲπιῦτρυνεν·

2229 3476 2349 3532 εἶτα
2386 3478 2480 3531 καὶ
2510 3478 2796 3531 Βασσάκου
2815 3480 2860 3510 ⁸⁸
2890 3479 3008 3550 ἅμα
3037 3481 3146 3534 τῶν
3194 3483 3499 3553 Ἀρμενίων
3532 3486 3806 3541 ἀποστάν-

2227 3587 2338 3623 των
2395 3570 2494 3639 μὲν
2513 3571 2557 3603 ⁸⁸
2598 3569 2887 3640 Ῥωμαίων
2921 3572 3019 3624 καὶ
3070 3574 3265 3627 Σίτταν
3293 3576 3387 3628 τὸν
3419 3580 3730 3648 στρατηγὸν
3758 3582 3813 3633 ὲν

2233 3663 2382 3733 μάχῃ
2452 3663 2785 3729 ἀνελόντων,
2863 3664 3103 3733 Πέρσαις
3165 3666 3223 3719 δὲ
3281 3672 3812 3742 προσχωρησάντων,

2228 3753 2329 3815 τὰς
2377 3753 2718 3823 ἀπεράντους
2766 3755 3070 3817 σπονδάς⁶⁶
3098 3758 3445 3829 καλουμένας
3474 3761 3644 3826 λύσας
3710 3765 3816 3816 Χο-
3930 3778 3967 3807 ιῑῖ

2232 3845 2399 3915 σρὸης
2416 3846 2673 3917 πολεμεῖν
2691 3847 2853 3916 ἔγνω,
2890 3846 2981 3920 [76
3008 3846 3104 3921 R.]
3138 3850 3516 3918 Ίουστινιανὺς
3537 3855 3591 3909 δὲ
3628 3855 3815 3926 μαθὼν
3924 3862 3967 3904 ῖ-έ)

2230 3939 2553 4007 παραίνεσιν
2581 3940 2730 4011 αὐτῷ
2758 3940 2824 3993 δι’
2860 3941 3224 3995 Ἀναστασίου
3248 3946 3495 4015 προσῆγε
3522 3947 3597 4019 μὴ
3634 3967 3811 4021 παρα-

2232 4030 2501 4083 σπονδεῖν.
2547 4030 2635 4083 Ἐν
2655 4030 2828 4101 τούτῳ
2876 4031 2972 4084 καὶ¹
3003 4032 3253 4101 Οὑῖτιγις
3275 4037 3627 4106 αἰχμάλωτος
3663 4043 3813 4113 παρὰ

549 4109 689 4153 state
726 4109 781 4154 et
827 4097 1033 4170 Vitiges
1062 4116 1090 4153 a
1132 4099 1398 4154 Belisario
1454 4112 1675 4171 captus,
1746 4105 2129 4163 Constantino-

2229 4119 2546 4191 Βελισαρίου
2592 4124 2671 4185 είς
2730 4122 3024 4187 Βυζάντιον
3065 4124 3413 4198 ἀνεπέμφθη.
3452 4115 3704 4203 Χοῖρόης
3755 4135 3811 4187 δὲ

550 4193 716 4261 polim
741 4203 824 4247 est
847 4195 1065 4248 missus.
1085 4194 1364 4248 Chosroes
1384 4194 1736 4250 nihilominus
1756 4197 2127 4257 Romanorum

2228 4211 2601 4282 τάῬωμαίων
2655 4213 2781 4283 ὅρια
2833 4213 3202 4284 καταδραμὼν
3265 4218 3367 4288 τὴν
3437 4219 3657 4293 Σούρων
3717 4223 3811 4276 πό·
3926 4242 3967 4275 ετ

553 4286 691 4337 lines
724 4285 986 4343 invadens
1017 4286 1282 4341 Surorum
1305 4296 1562 4365 oppidum
1600 4295 1768 4361 cepit,
1789 4293 2122 4366 Surinosque

2231 4301 2316 4354 λιν
2349 4299 2461 4356 εἷλε
2490 4305 2587 4357 καὶ
2620 4304 2900 4375 Σούρηνας
2920 4307 2963 4338 ⁸⁷
3020 4285 3478 4378 ἠνδραποδίσατο.
3545 4285 3818 4381 ”’Υστερον
3930 4336 3935 4343 δ

548 4375 601 4429 in
633 4376 949 4431 servitutem
984 4379 1230 4436 abduxit.
1261 4382 1415 4452 25a
1456 4382 1562 4437 Sed
1603 4383 1817 4438 tandem
1875 4385 2122 4438 undecim

2237 4394 2421 4463 μέντοι
2484 4396 2564 4458 εἰς
2609 4395 2901 4467 δισχιλίους
2954 4398 3000 4430 ⁸⁸
3041 4375 3136 4453 καί
3195 4401 3423 4471 μυρίους
3485 4402 3646 4467 ὄντας
3693 4375 3819 4469 τοὺς

546 4468 887 4532 captivorum
924 4470 1091 4524 millia
1117 4472 1368 4528 ducentis
1410 4474 1590 4528 aureis
1614 4482 1949 4542 permutans,
1992 4474 2122 4530 libe-

2237 4486 2621 4557 αἰχμαλώτους
2673 4488 2821 4541 δυοῖν
2861 4490 3127 4561 όμολογία
3192 4468 3564 4564 κεντηναρίων
3607 4496 3818 4567 ἀφῆκεν

550 4570 641 4609 ros
699 4572 890 4612 oruues
915 4560 1145 4625 dimisit,
1192 4562 1438 4618 Caudido
1500 4564 1835 4634 Sergiopolis
1873 4566 2122 4635 episcopo

2237 4546 2503 4641 ἅπαντας,
2566 4546 2831 4633 Ιέανδίδου
2883 4546 2977 4633 τοῦ
3032 4546 3818 4656 ἐπισκόπου.Σεργιουπόλιεως

548 4646 836 4712 pecuniam
871 4647 1113 4715 pollicito
1146 4667 1160 4704 :
1192 4652 1286 4719 qui
1317 4667 1437 4707 cum
1485 4656 1769 4723 promissis
1803 4670 1908 4710 non
1938 4666 2130 4725 staret,

2237 4668 2451 4722 ἐκτῖσαι
2477 4667 2538 4721 τὸ
2564 4669 2725 4739 χρέος
2767 4670 3145 4742 ὑποσχομένου
3179 4673 3223 4704 θ’
3245 4690 3258 4703 ⁸
3290 4676 3319 4726 6
3355 4675 3411 4728 δὲ
3441 4654 3542 4745 τῆς
3584 4678 3818 4749 ὖποσχέ-

548 4734 615 4787 ad
679 4734 881 4804 justam
955 4738 1369 4796 dissolutionem
1429 4746 1657 4801 adactus
1707 4757 1808 4802 est.
1859 4747 2122 4806 Cltosroes

2240 4776 2378 4822 σεως
2427 4759 2705 4832 ἀλογήσας
2752 4762 2853 4833 τὴν
2877 4763 3091 4818 δικαίαν
3156 4767 3548 4837 εἰσεπράττετο
3585 4770 3815 4825 ἔκτισιν.
3928 4800 3967 4837 τε,

548 4826 671 4880 dein
696 4826 1023 4899 Hierapolim
1082 4833 1336 4889 obsidere
1390 4847 1652 4904 coeperat,
1715 4855 1838 4894 cum
1898 4841 1974 4896 illi
2026 4842 2122 4897 Be-

2236 4851 2484 4921 Χοσρόης
2506 4826 2562 4904 δέ
2580 4826 2676 4923 τὴν
2691 4826 2995 4923 Ἰεράπολιν
3020 4826 3333 4926 πολιορκεῖν
3350 4857 3487 4927 ἁρξά
3496 4876 3676 4927 μενος,
3699 4861 3818 4913 ἐπεὶ

548 4921 718 5021 rhtete
750 4924 1042 5021 episcopus
1072 4926 1180 4996 (cui
1215 4929 1412 4999 Magno
1445 4934 1666 5004 nomen)
1691 4933 1871 5002 pondo
1918 4937 2122 5007 argenti

2232 4941 2262 4992 6
2300 4942 2530 5011 Βεροίας
2560 4943 2607 4974 ⁷ο
2635 4921 2784 5014 αὑτῷ
2817 4945 3117 5010 ἐπίσκοπος
3142 4921 3822 5021 ἀργύρου-σταθμάδισχί-

550 5011 656 5066 duo
691 5013 859 5068 millia
895 5018 1165 5084 promisit.
1227 5019 1402 5077 Solvit
1435 5023 1617 5092 itaque
1636 5024 1973 5081 obsidionem
2009 5042 2125 5094 rex,

1821 5179 2053 5235 VARl/E
2092 5183 2501 5242 LECTIONES.

624 5267 671 5357 ξ’
710 5270 1316 5357 τοῖςημετασχοῦσιὲἉ
1385 5271 1647 5357 "ﬁlatim?
1678 5275 1786 5357 Α..-
1848 5275 1901 5357 _“
1932 5276 2229 5357 Δουνάντου
2272 5298 2333 5344 ς’.
2431 5282 2475 5314 ⁵⁵
2508 5281 2593 5334 διὰ
2638 5282 2796 5337 τοῦτο
2853 5284 3080 5357 ὕστερον
3110 5305 3169 5351 ς’.

552 5338 997 5422 [ἀνηγόρευσεν
1029 5338 1139 5422 ς.-.
1195 5343 1242 5373 ⁸⁸
1276 5338 1637 5422 Βαραῒδηςξςὲ
1721 5347 1788 5422 ’⁸³
1810 5345 1918 5422 τὴν
1943 5347 2043 5422 tofi
2064 5338 2419 5422 κοιαίστωρος
2439 5369 2518 5422 g._
2607 5354 2651 5383 ⁸ο
2674 5355 2914 5422 ἀνηλεῶς

551 5407 696 5493 ξύων
724 5407 814 5463 Α(
904 5410 958 5493 ⁸1
975 5411 1002 5462 6
1042 5411 1317 5493 ,Ὑίττιγις
1358 5407 1419 5493 ξε
1591 5407 1982 5493 Βασάκουᾼξδτε
2019 5418 2133 5486 ἅμα
2162 5437 2221 5493 ς.
2326 5407 2370 5451 ⁵⁵
2554 5422 2654 5491 μὲν
2713 5407 2822 5483 τῶν

552 5478 597 5507 ⁸⁷
627 5478 799 5550 Σύρον
824 5508 894 5520 -
921 5482 1179 5552 Συρίνους
1220 5478 1280 5545 ς.
1371 5483 1418 5515 ⁸⁸
1459 5483 1660 5553 χιλίους
1696 5502 1756 5548 ς.
1836 5486 1880 5517 ⁶⁹
1902 5478 2310 5558 ὑποσχουμένου
2346 5478 2412 5555 ςξ
2466 5478 2519 5523 τί
2538 5478 2800 5563 Βερῤοίοίς
2830 5478 2888 5559 ςιξ

2063 5600 2295 5661 NOTAE.

626 5682 738 5809 (7f;
772 5701 792 5734 ι
824 5684 969 5737 Adeo
991 5685 1329 5764 Quadnbadi,
1368 5706 1387 5768 ρ
1419 5696 1500 5741 est
1538 5687 1592 5741 in
1624 5687 1889 5759 Procopio
1909 5691 2122 5772 Latino.

626 5753 715 5809 (7n
768 5752 1003 5809 Ponulus
1036 5757 1231 5809 nbtuuc
1256 5757 1487 5809 factione
1516 5757 1716 5809 Veneta
1749 5772 1804 5809 et
1842 5762 2069 5809 Prasmn
2101 5764 2206 5809 divi

624 5752 736 5819 (75)
768 5752 1231 5823 Popttlus’nbique
1256 5757 1487 5812 factione
1516 5757 1717 5815 Veneta
1749 5752 1814 5817 et'
1842 5762 2070 5817 Prasina
2101 5764 2307 5819 divisus
2336 5774 2475 5819 erat.
2513 5761 2888 5834 (Puonorws.)

3266 5289 3311 5321 ⁸⁸
3360 5289 3723 5359 Ἰουστινιανῷ
3753 5308 3813 5355 ς.

3120 5359 3161 5388 ⁶¹
3195 5358 3302 5411 τῶν
3332 5361 3452 5413 add.
3488 5362 3549 5412 A.

3032 5428 3075 5458 ιι
3102 5427 3443 5499 καλουμένας
3488 5430 3717 5495 σπονδάς
3750 5448 3810 5496 ς.

2234 5032 2326 5085 λια
2356 5033 2531 5101 ἔθετο,
2554 5034 2766 5107 ἀπέστη
2812 5035 2912 5107 τῆς
2957 5038 3297 5111 πολιορκίας,
3344 5041 3693 5113 ὁμολογήσας
3726 5044 3819 5095 καὶ
3924 5086 3968 5121 ιο

3648 5360 3692 5392 ⁸¹
3722 5364 3818 5414 Λιο
3966 5414 3967 5421 η
