4030 6440
279 339 381 403 133

1419 335 1951 399 BIBLIOTHECA.
1987 361 2059 371 -
2102 336 2266 397 COD.
2310 336 2533 397 LXIII.

3466 334 3569 400 134

275 452 460 519 πὰσης
513 446 824 517 ἀποστῆναι
854 446 955 514 τῆς
1014 444 1208 515 Ἐᾠας,
1246 445 1297 497 εἰ
1329 444 1461 498 δέκα
1511 445 1718 516 χρυσοῦ
1764 463 1879 499 κεν⁴

1996 446 2271 515 pollicitus
2323 446 2512 500 adha-c
2555 445 2703 499 omni
2757 444 2895 498 adeo
2933 444 3174 499 Orientis
3205 444 3577 501 Romanorum

274 543 510 609 τηνάρια
570 538 745 593 λάϐοι.
803 536 1015 607 Βούζης
1040 538 1095 590 δὲ
1126 539 1155 589 ό
1189 538 1287 607 τῆς
1329 536 1506 607 Ἔῲας
1538 540 1871 607 στρατηγὸς,

276 631 575 701 ἀξιόμαχον
606 630 802 682 ἑαυτὸν
833 629 935 681 οὐκ
972 628 1224 698 οἰόμενος
1262 628 1341 698 τῷ
1367 629 1611 701 Χοσρόῃ,
1641 625 1742 682 ὧδε
1768 630 1873 681 κά-

277 726 427 777 κεῖσε
461 721 893 792 περιεπλανᾶτο.
946 720 1198 790 Χοσρόης
1237 718 1295 772 δὲ
1319 718 1414 772 ἐπὶ
1443 719 1679 787 Βέροιαν
1711 737 1878 791 στρα-

276 815 478 877 τεύσας
505 815 628 885 ᾔτει
668 813 769 883 μὲν
796 811 969 866 πολλὰ
1020 813 1303 883 χρήματα,
1343 810 1527 864 λαϐὼν
1552 812 1612 864 δὲ
1634 813 1875 883 δισχίλια

278 904 504 975 σταθμὰ
530 904 795 976 ἀργυρίου
840 904 976 958 ἄλλα
1019 901 1260 955 τοσαῦτα
1318 902 1764 973 προσεπεςήτει,
1799 905 1875 972 μὴ

276 996 572 1051 διδούντων
619 996 663 1025 ἰ
717 994 773 1047 δὲ
827 993 1066 1065 ἰσχυρῶς
1106 991 1440 1064 ἐπολιόρκει.
1486 992 1593 1045 Τοῦ
1629 994 1685 1047 δὲ
1722 996 1877 1064 σφῶν

286 1088 588 1140 ἐπισκόπου
617 1085 1069 1155 παραγενομένου
1108 1084 1151 1114 ⁷⁸
1172 1085 1383 1154 (Μέγας
1404 1080 1473 1154 ἦν
1503 1085 1675 1154 ὄνομα
1702 1085 1874 1157 αὐτῷ)

289 1179 387 1232 καὶ
413 1178 658 1247 Χοσρόην
673 1177 1034 1246 λιπαροῦντος
1064 1176 1192 1238 τοὺς
1216 1177 1316 1246 μὲν
1346 1176 1413 1228 Βε
1424 1176 1663 1247 ροιαίους
1690 1178 1877 1231 κακῶν

285 1267 515 1327 ἀπαθεῖς
553 1268 769 1336 ἀσῆκεν
802 1267 960 1331 ἱέναι,
995 1269 1103 1335 ὅπη
1149 1266 1302 1335 φίλον
1334 1268 1553 1339 ἑκάστῳ
1578 1268 1666 1337 εἴη
1693 1286 1708 1300 ο
1740 1272 1788 1322 οἰ
1819 1269 1878 1323 δὲ

282 1357 619 1427 στρατιῶται
645 1360 696 1410 oi.
728 1358 973 1410 πλεῖστοι
999 1357 1220 1421 ἑκόντες
1259 1359 1475 1412 εἵποντο
1508 1361 1878 1431 στρατευόμεο

277 1465 359 1500 vet.
400 1449 646 1521 Χοσρόῃ,
711 1451 793 1503 ὅτι
844 1450 1043 1512 αὐτοὺς
1070 1453 1097 1502 ὁ
1122 1449 1376 1519 βασιλεὺς
1421 1452 1531 1504 τῶν
1566 1454 1877 1520 συντάξεων

280 1543 600 1612 ἀπεστέρει.
654 1543 904 1614 Χοσρόης
947 1542 1025 1604 δὲ,
1090 1543 1216 1595 ἐπεὶ
1273 1544 1535 1614 χρήματα
1583 1547 1879 1616 Ἀντιοχεῖς

280 1635 516 1703 αἰτήσας
563 1635 667 1688 οὐκ
718 1635 934 1700 ἐλαϐεν,
987 1634 1300 1706 ἐπολιόρκει
1361 1636 1459 1707 τὴν
1511 1638 1877 1708 Ἀντιόχειανο

282 1723 536 1791 σφοδρῶς
553 1724 612 1775 δὲ
630 1723 1103 1794 πολιορκουμένης
1119 1725 1443 1789 Θεόκτιστος
1459 1728 1554 1781 καὶ
1564 1729 1874 1799 Μελάτζης,

1988 539 2199 593 ditione
2233 552 2293 592 se
2330 554 2708 603 excessurum,
2733 538 2777 592 si
2816 537 2964 592 mille
2981 537 3099 591 auri
3131 538 3310 607 pondo
3341 547 3579 607 caperet.

1977 630 2194 684 Interea
2226 629 2423 696 Buzes,
2459 632 2565 685 dux
2619 629 2885 695 Orientis,
2916 631 3131 685 viribus
3185 632 3299 685 suis
3352 629 3582 696 dillisus,

1978 736 2100 775 cum
2199 720 2444 776 Cltosroe
2513 737 2758 792 pugnare
2834 722 3170 788 detrectans,
3225 723 3582 778 circumcirca

1977 814 2289 875 oberrabat.
2346 815 2491 885 Ergo
2522 814 2765 868 Berhteze
2814 813 3036 869 admeto
3076 815 3347 879 exercitu,
3402 816 3577 871 Chos-

1978 922 2103 961 roes
2134 906 2486 976 pecuniarum
2554 906 2781 959 nimium
2816 915 3080 973 quantum
3120 905 3435 975 postulavit,
3486 921 3582 960 ac-

1980 999 2264 1069 ceptisque
2293 997 2483 1068 pondo
2529 998 2740 1066 argenti
2777 996 3015 1049 millibus
3054 998 3291 1060 duobus,
3345 997 3576 1051 alte:um

1981 1099 2190 1145 tantum
2220 1090 2402 1159 exegit
2430 1108 2443 1143 :
2477 1103 2640 1159 quam
2672 1089 2801 1157 quia
2836 1088 2985 1143 cives
3019 1103 3288 1142 summam
3316 1104 3421 1142 non
3444 1103 3576 1157 pen-

1980 1182 2200 1246 debant,
2236 1182 2416 1236 valide
2437 1182 2626 1234 urbem
2681 1188 2977 1249 oppugnat.
3037 1179 3236 1233 Verum
3280 1181 3577 1235 accedente

1981 1269 2179 1339 Magno
2224 1268 2405 1338 oppidi
2456 1268 2734 1337 episcopo.
2789 1277 2842 1319 et
2872 1267 3151 1321 Cltosroen
3218 1267 3578 1335 deprecante,

1980 1360 2629 1415 Berhoeensesimmunes
2663 1360 2976 1428 liberosque
2998 1360 3151 1411 abire
3182 1359 3452 1426 permisit,
3476 1374 3584 1428 quo

1980 1454 2213 1522 quisque
2264 1451 2441 1506 vellet.
2499 1451 2642 1505 Hinc
2701 1450 2945 1519 plerique
3005 1451 3169 1504 etiam
3212 1450 3451 1502 militum
3513 1452 3582 1503 ad

1979 1546 2260 1600 Chosroen
2288 1559 2382 1598 sua
2437 1553 2633 1613 sponte
2676 1543 3034 1604 transierunt,
3087 1542 3231 1609 quod
3290 1542 3585 1611 stipendiis

1979 1638 2396 1704 eosimperator
2430 1634 2759 1689 fraudasset.
2809 1632 2892 1687 Ab
2947 1632 3309 1687 Antiocltenis
3328 1632 3586 1686 similiter

1983 1727 2269 1795 pecuniam
2305 1726 2580 1781 Cltosroes
2610 1725 2909 1793 postulans,
2949 1741 3050 1780 nec
3083 1727 3404 1793 intpetrans,
3432 1734 3585 1779 arcte

283 1814 399 1882 ἅμα
428 1813 541 1865 τῶν
572 1815 859 1883 ἑπομένων
878 1816 1065 1879 αὐτοῖς
1088 1814 1198 1869 ἀπὸ
1228 1816 1323 1869 τοῦ
1358 1819 1594 1873 Λιϐάνου
1614 1837 1879 1891 στρατιω-

1983 1819 2331 1872 Antiochiam
2389 1818 2581 1873 cinxit.
2618 1817 2866 1886 Cumque
2904 1831 2997 1871 rex
3028 1826 3250 1886 urgeret
3280 1816 3581 1876 obsidium.

279 1904 415 1969 τῶν,
456 1904 847 1970 ὑπεξελθόντες
884 1906 1107 1975 ἔφυγον,
1142 1908 1238 1960 καὶ
1282 1907 1425 1962 οὕτω
1456 1911 1704 1982 Χοσρόης
1743 1915 1879 1967 ἀτα-

280 1995 587 2064 λαιπώρως
621 1998 954 2068 ’Λντιόχειαν
975 2002 1363 2071 παρεστήσατο
1378 2003 1617 2067 καὶτοὺς
1658 2007 1717 2059 ἐν
1740 2006 1877 2079 αὐτῇ

278 2087 740 2157 ἠνδραποδίσατο.
796 2090 1089 2157 Πρέσϐεων
1126 2092 1184 2145 δὲ
1234 2093 1368 2164 παρ’
1415 2094 1580 2148 αὐτὸν
1630 2096 1879 2167 ἡκόντων

295 2180 552 2231 Ἰωάννου
582 2197 643 2232 τε
670 2180 763 2233 τοῦ
802 2182 1083 2250 Ῥουφίνου
1104 2185 1199 2237 καὶ
1247 2185 1541 2240 Ἰουλιανοῦ
1564 2188 1658 2242 τοῦ
1698 2206 1881 2261 γραμ-

286 2269 513 2337 ματέως
576 2271 689 2324 τῶν
732 2273 1088 2346 ἀπορρήτων,
1133 2276 1231 2330 καὶ
1270 2278 1475 2349 πολλῆς
1507 2280 1880 2351 δικαιολογίας

280 2364 611 2432 ἀναμεταξὺ
636 2364 816 2418 αὐτῶν
838 2383 896 2418 τε
922 2368 1015 2420 καὶ
1040 2369 1279 2439 Χοσρόου
1302 2374 1702 2444 γεγενημένης,
1727 2376 1881 2442 τέλος

282 2452 544 2521 ἀλλήλοις
572 2454 877 2525 συνέϐησαν
903 2457 989 2525 ἐφ’
1008 2450 1052 2524 ᾧ
1078 2458 1326 2529 Χοσρόην
1350 2464 1407 2515 ὲν
1440 2463 1538 2533 μὲν
1558 2463 1636 2533 τῷ
1667 2482 1883 2535 παραυ-

280 2542 417 2596 τίκα
438 2546 773 2615 κενηνάρια
822 2550 1164 2618 πεντήκοντα
1198 2552 1351 2623 παρὰ
1373 2553 1419 2585 ’³
1471 2555 1759 2626 Ῥωμαίων
1785 2557 1884 2610 λα-

284 2635 480 2701 ϐόντα,
526 2638 688 2690 πέντε
719 2638 777 2691 δὲ
818 2640 1123 2711 φερόμενον
1141 2642 1386 2698 ἐπέτειον
1415 2644 1574 2701 ἄλλον
1603 2648 1649 2679 ⁷⁸
1676 2649 1882 2719 δασμὸν

283 2729 371 2791 εἰς
435 2730 530 2781 τὸν
575 2732 753 2784 πάντα
817 2734 1013 2798 αἰῶνα,
1062 2735 1234 2807 μηδὲν
1290 2738 1490 2802 αὐτοὺς
1540 2741 1883 2811 ἐργάσασθαι

286 2820 612 2891 περαιτέρω
652 2824 819 2876 κακόν
839 2839 851 2850 ·
888 2823 1149 2895 πρέσϐεις
1171 2843 1231 2879 τε
1254 2828 1416 2881 πάλιν
1440 2831 1590 2900 παρὰ
1616 2830 1885 2900 βασιλέως

287 2910 689 2981 στελλομένους
714 2916 812 2975 τὰς
846 2916 991 2984 ἀμφὶ
1046 2919 1113 2987 τῇ
1146 2919 1341 2989 εἰρήνη
1372 2919 1418 2949 ⁷⁸
1453 2920 1686 2983 σπονδάς
1718 2922 1884 2991 ἐμϐε-

284 3003 728 3076 ϐαιωθήσεσθαι.
774 3006 937 3061 ’Δλλὰ
981 3010 1159 3063 καίτοι
1198 3011 1373 3065 ταῦτα
1403 3010 1493 3083 [57
1521 3012 1615 3083 IL]
1656 3013 1883 3084 θέμενος

1984 1908 2339 1962 'I‘lteoctistus
2391 1918 2448 1961 et
2523 1907 2805 1971 Mnlatzes,
2867 1922 2971 1960 una
3021 1922 3143 1959 cum
3194 1908 3262 1961 iis
3312 1905 3583 1960 militibus

1984 2015 2124 2069 quos
2149 2015 2178 2053 a
2209 1999 2415 2054 Libano
2442 2014 2627 2054 secum
2652 2000 2941 2064 duxerant,
2973 1998 3111 2052 clam
3132 1998 3320 2052 urbem
3351 1998 3580 2067 egressi,

1990 2094 2279 2163 fugerunt.
2318 2093 2395 2147 lta
2430 2092 2704 2147 Chosroes
2763 2091 2879 2145 sine
2906 2091 3093 2145 labore
3130 2090 3481 2144 Antiochiam
3514 2089 3584 2143 ad

1982 2186 2322 2241 deditionem
2341 2185 2625 2255 compulit,
2690 2184 2949 2253 civesque
2984 2182 3039 2237 in
3070 2183 3393 2236 servitutem
3425 2183 3585 2236 rede-

1983 2279 2061 2349 git
2088 2278 2224 2348 (76).
2286 2278 2420 2332 Inde
2445 2277 2610 2347 legati
2652 2276 2718 2331 ad
2745 2276 2893 2330 illum
2922 2274 3098 2339 missi,
3130 2273 3370 2329 Joannes
3401 2270 3583 2326 Ruﬁni

1984 2370 2153 2435 illius,
2219 2380 2275 2425 et
2324 2367 2573 2424 Julianus
2609 2378 2946 2424 secretorum
2990 2366 3172 2420 scriba
3225 2383 3240 2419 :
3281 2364 3581 2433 multisque

1984 2462 2131 2517 ultro
2153 2462 2406 2531 citroque
2424 2461 2492 2516 de
2514 2460 2687 2530 aequis
2710 2457 3123 2531 conditionibus
3149 2456 3348 2512 habitis
3370 2471 3585 2510 sermo-

1986 2556 2173 2618 nibus,
2213 2554 2434 2607 tandem
2492 2552 2794 2607 convenit:
2834 2559 2891 2603 ut
2924 2549 3169 2603 Chosroe
3222 2547 3337 2617 (77)
3395 2547 3581 2601 statim

1986 2646 2221 2702 Romani
2318 2646 2561 2715 quinque
2606 2657 2898 2696 aureorum
2981 2641 3148 2694 millia
3202 2650 3580 2702 numerarent,

1987 2742 2320 2811 quingentos
2355 2752 2486 2791 vero
2513 2750 2709 2791 aureos
2743 2732 3060 2803 quotannis,
3122 2733 3309 2786 tributi
3344 2731 3579 2785 alterius

1986 2836 2232 2899 nomine,
2267 2840 2526 2902 perpetuo
2559 2829 2883 2900 penderent,
2919 2825 3050 2880 nihil
3090 2839 3150 2880 se
3174 2824 3433 2893 deinceps
3461 2838 3581 2875 mo-

1985 2927 2159 2983 lestia:
2196 2925 2485 2978 allaturum
2528 2918 2868 2992 promittenti
2908 2934 2921 2971 :
2956 2928 3122 2987 utque
3176 2916 3325 2970 missi
3380 2915 3580 2968 iterum

1987 3020 2055 3073 ab
2086 3018 2419 3088 imperatore
2444 3014 2627 3085 legati,
2668 3014 2819 3082 pacis
2842 3020 3112 3067 conventa
3139 3008 3448 3062 ﬁrmarent.
3479 3004 3584 3061 Ve-

282 3097 572 3167 Χοσρόης,
596 3100 687 3152 ἐπί
716 3117 775 3153 τε
804 3101 903 3172 τὴν
947 3103 1258 3173 Ἀπάμειαν
1308 3105 1398 3177 ⁴ᾔει
1437 3107 1507 3172 ⁷⁸,
1550 3107 1723 3178 Θωμᾶ
1758 3108 1879 3163 τότε

1988 3127 2106 3166 rum
2131 3111 2298 3165 etiam
2336 3108 2424 3163 his
2465 3107 2538 3161 ita
2568 3106 2904 3176 compositis,
2949 3103 3223 3159 Cltosroes
3281 3099 3581 3168 Apameam

282 3190 453 3257 ἁρχιε
463 3189 795 3257 ρατεύοντος,
823 3194 919 3246 καὶ
938 3194 1043 3264 χρή
1053 3211 1199 3264 ματα
1222 3196 1434 3264 μεγάλα
1452 3197 1844 3268 εἰσεπράττετο
1862 3214 1877 3229 ⁸

275 3278 451 3340 τέλος
490 3281 561 3332 τά
582 3297 643 3333 τε
701 3282 821 3351 ἱερὰ
872 3285 969 3337 καὶ
1023 3284 1089 3337 τὰ
1129 3285 1459 3356 ἀναθήματα
1492 3286 1671 3341 πάντα
1698 3286 1883 3343 λαϐὼν

272 3368 477 3423 ἀπιὼν
510 3370 702 3441 ᾤχετο.
746 3374 832 3427 Ἐν
859 3368 903 3443 ᾧ
934 3376 1180 3447 καὶπερὶ
1233 3378 1344 3431 τῶν
1387 3378 1591 3449 τιμίων
1622 3380 1717 3433 καὶ
1740 3379 1883 3443 ζωο-

274 3462 470 3515 ποιῶν
492 3463 669 3528 ξύλων
724 3465 1301 3539 τεθαυματούργηται.
1346 3470 1577 3541 Εἴρηται
1611 3471 1709 3524 καὶ
1734 3472 1882 3535 ὅπως

274 3556 551 3625 Χοσρόης
592 3557 950 3629 ἱπποδρόμιον
994 3561 1114 3612 ἐκεῖ
1165 3561 1448 3614 ἐθεάσατο.
1487 3562 1625 3614 Ἀλλ’
1674 3563 1881 3617 ἐκεῖθεν

275 3645 553 3716 Χοσρόης
586 3648 677 3699 ἐπὶ
716 3648 964 3704 Χαλκίδα
1015 3650 1176 3704 πάλιν
1208 3652 1251 3682 ⁷⁷
1284 3652 1601 3722 ἐπορεύετο,
1643 3653 1784 3723 ὑπὲρ
1812 3650 1882 3724 ἦς

275 3736 383 3789 δύο
412 3735 598 3789 λαϐὼν
628 3741 958 3810 ηντηνάρια
996 3741 1040 3772 ⁷⁸
1082 3743 1237 3813 παρὰ
1265 3742 1377 3795 τῶν
1414 3743 1710 3797 οἰκούντων
1741 3745 1880 3797 ἁπο-

277 3828 589 3899 λιόρκητον
618 3830 785 3884 εῐασε.
820 3833 932 3884 Καὶ
986 3833 1081 3885 ἐπὶ
1118 3834 1383 3887 Ἔδεσσαν
1416 3834 1473 3887 δὲ
1498 3835 1542 3866 ⁷⁸
1570 3835 1879 3905 πορευθεὶς,

276 3920 387 3972 δύο
416 3920 603 3973 λαϐὼν
631 3924 980 3995 κεντηνάρια,
1006 3924 1118 3976 τισὶ
1139 3924 1197 3977 δὲ
1222 3925 1318 3978 καὶ
1346 3925 1695 3996 θεοσημείαις
1724 3927 1883 3980 ἀπει-

278 4010 506 4078 ληθεὶς,
562 4012 956 4083 ἁπολιόρκητον
1008 4016 1159 4067 εἴασε
1198 4017 1483 4087 κάκείνην.
1539 4016 1689 4083 Αὕτη
1732 4018 1881 4072 ἐστὶν

281 4103 563 4167 Ἔδεσσα,
586 4105 642 4155 ἐν
716 4104 963 4174 Αῦγαρός
985 4122 1046 4158 τε
1073 4108 1166 4161 καὶ
1197 4107 1266 4159 τὰ
1282 4125 1347 4160 πε
1358 4109 1410 4178 pl.
1436 4107 1689 4180 Αὔγαρον
1712 4109 1881 4163 πάλαι

280 4195 437 4263 πρὸς
498 4194 734 4264 Χριστοῦ
799 4196 1074 4268 ἐπράχθη.
1134 4190 1304 4262 Οὗτος
1342 4198 1400 4252 δὲ
1444 4200 1472 4251 ὁ
1508 4198 1758 4270 Αΰγαρος
1787 4201 1882 4255 καὶ

277 4291 427 4360 παρ’
460 4290 773 4359 Αὔγουστον
825 4294 919 4348 τὸν
980 4298 1104 4350 τότε
1158 4297 1452 4369 Ῥωμαίων
1498 4299 1882 4371 αὐτοκράτορα

278 4384 694 4454 παραγεγονὼς
726 4382 974 4453 φίλοίτε
1026 4390 1083 4451 ἐς
1130 4389 1200 4442 τὰ
1232 4390 1472 4459 μάλιστα
1512 4391 1878 4462 ἐχρημάτισε,

1985 3201 2288 3273 profectus,
2331 3199 2420 3254 ubi
2456 3198 2697 3253 Thomas
2718 3196 3009 3266 episcopus
3042 3192 3391 3262 praesidebat,
3416 3205 3570 3259 mag-

1986 3308 2115 3347 nam
2148 3293 2197 3347 ei
2230 3291 2584 3360 pecuniarum
2615 3288 2724 3341 vim
2745 3284 3077 3355 impetravit,
3141 3298 3205 3336 ac
3250 3282 3465 3335 tandem
3491 3295 3581 3333 sa-

1983 3401 2078 3443 cra
2109 3399 2264 3449 vasa,
2320 3383 2651 3450 templisque
2676 3379 2926 3434 dedicata
2976 3376 3228 3429 universa
3256 3388 3444 3427 secum
3476 3387 3579 3423 au-

1985 3481 2186 3541 l'erens,
2225 3475 2476 3530 discessit
2505 3490 2519 3525 :
2560 3473 2701 3525 inter
2734 3484 2854 3537 qua:
2885 3469 3030 3523 circa
3050 3466 3342 3520 adorandae
3397 3478 3462 3518 ac
3490 3464 3574 3516 vi-

1983 3568 2159 3623 viﬁca:
2194 3567 2378 3621 crucis
2402 3564 2609 3632 lignum
2646 3560 2971 3615 miraculum
3002 3557 3231 3625 contigit
3265 3555 3402 3626 (78).
3434 3552 3577 3608 Nar-

1984 3669 2139 3714 ratur
2169 3658 2332 3711 etiam
2359 3656 2515 3709 ludos
2543 3662 2828 3724 equestres
2861 3650 3058 3705 ibidem
3082 3658 3381 3716 spectasse.
3445 3645 3579 3701 lude

1983 3751 2051 3805 ad
2076 3749 2389 3805 Chalcidem
2406 3745 2594 3802 urbem
2616 3760 2939 3817 progressus
2956 3755 3062 3808 est,
3081 3756 3134 3796 et
3149 3741 3256 3811 25
3271 3743 3297 3794 b
3324 3740 3579 3795 ducentis

1985 3843 2173 3898 aureis
2199 3843 2267 3895 ab
2302 3840 2499 3895 incolis
2558 3838 2790 3903 exactis,
2843 3839 2961 3892 sine
2993 3836 3275 3891 obsidione
3326 3832 3576 3888 recessit.

1985 3934 2149 3988 Venit
2179 3933 2307 3986 hinc
2345 3931 2635 3994 Edessam,
2671 3939 2727 3984 et
2760 3930 3092 3982 tantumdem
3122 3925 3378 3980 abstulit:
3412 3939 3476 3980 ac
3498 3924 3578 3979 si-

1987 4026 2109 4095 gnis
2131 4024 2462 4094 quibusdam
2499 4021 2699 4077 divinis
2724 4022 3037 4083 deterritus,
3072 4021 3213 4073 hanc
3241 4033 3458 4088 quoque
3488 4032 3581 4070 ur-

1984 4119 2108 4172 bem
2138 4132 2246 4170 non
2279 4116 2516 4171 obsedit.
2562 4114 2713 4184 (llaec
2746 4114 2947 4171 Edessa
2984 4114 3070 4167 illa
3094 4124 3178 4167 est
3211 4114 3263 4166 iu
3303 4129 3408 4181 qua
3466 4114 3578 4165 Au-

1982 4226 2148 4281 garus
2181 4210 2317 4281 (79),
2359 4223 2589 4280 quaeque
2620 4209 2677 4263 in
2714 4210 2805 4263 illo
2825 4208 3132 4278 antiquitus
3167 4222 3264 4274 per
3292 4205 3573 4260 Christum

1984 4312 2202 4373 patrata
2236 4321 2251 4370 ;
2284 4302 2537 4371 idemque
2558 4302 2649 4357 hic
2697 4300 2970 4371 Attgarus,
3017 4300 3109 4368 qui
3138 4301 3204 4351 ad
3241 4297 3574 4367 Augustum,

1989 4405 2118 4449 tunc
2156 4394 2526 4449 Romanorum
2559 4394 2945 4463 imperatorem
2974 4391 3272 4460 profectus,
3303 4388 3480 4443 amico
3510 4403 3579 4443 eo

276 4478 382 4527 καὶ
420 4477 527 4546 τὴν
559 4478 613 4538 ἐς
641 4478 709 4529 τὰ
737 4480 910 4532 οἰκεῖα
961 4481 1223 4535 ἐπάνοδον
1258 4482 1424 4553 σοφίᾳ
1473 4484 1879 4554 κατεπράξατο.

1991 4490 2043 4543 in
2068 4489 2262 4558 primis
2290 4502 2444 4551 usus,
2477 4496 2535 4541 ut
2568 4488 2640 4541 illi
2672 4487 2739 4540 ad
2770 4501 2898 4541 suos
2938 4485 3117 4539 redire
3144 4482 3359 4536 nonnisi
3401 4481 3577 4535 soler-

289 4566 449 4619 ‘AD.’
484 4568 512 4618 ὃ
550 4584 612 4634 γε
642 4568 890 4639 Χοσρόης
924 4571 983 4637 ἐξ
1015 4572 1271 4643 Ἐδέσσης
1301 4574 1522 4645 ἀπάρας
1567 4576 1883 4647 ἐπορεύετο.

275 4657 425 4708 Τότε
465 4657 562 4709 καὶ
590 4656 679 4728 [77
719 4657 812 4731 ιι.]
873 4660 1256 4727 Ἰουστινιανὸς
1319 4664 1528 4733 ἔγραψε
1579 4667 1693 4728 τοῖς
1760 4670 1890 4737 πρέ-

278 4746 505 4815 σϐεσιν,
528 4750 863 4804 ἐπιτελέσειν
880 4752 947 4806 τὰ
966 4755 1292 4809 συντεθέντα
1308 4757 1610 4829 ὁμολογῶν.
1639 4760 1887 4830 Χοσρόης

1988 4581 2059 4635 tia
2085 4579 2321 4648 quadam
2350 4577 2423 4631 sit
2452 4577 2681 4646 datum).
2707 4574 2813 4638 ,Sic
2859 4575 3022 4644 igitur
3054 4573 3326 4627 Chosroes
3357 4570 3574 4624 Edessa

1984 4670 2261 4725 discessit.
2284 4668 2361 4723 Ea
2394 4669 2558 4724 etiam
2592 4676 2914 4735 tempestate
2946 4664 3138 4733 legatis
3169 4662 3285 4716 suis
3305 4660 3575 4716 Justinia-

1986 4774 2090 4813 nus
2122 4758 2429 4828 rescripsit,
2484 4765 2733 4826 paratum
2786 4769 2846 4809 se
2892 4762 3050 4823 pacta
3106 4760 3373 4807 conventa
3424 4747 3575 4819 pacis

1580 4918 1814 4975 VARIE
1854 4918 2264 4977 LECTIONES.

336 5032 388 5062 τι
415 5029 673 5083 διδόντων
707 5049 767 5096 ς’.

870 5030 919 5109 ξ’
946 5035 1407 5109 παραγεναμένου
1446 5037 1512 5089 Δ.
1553 5037 1633 5109 _"
1661 5035 1838 5109 παρᾲ]
1877 5038 2013 5109 πρὸς
2042 5038 2105 5090 A-

279 5101 325 5132 "
366 5104 467 5173 ᾕει
494 5104 541 5153 Δ
566 5110 581 5154 :
608 5102 695 5171 εἴη
719 5119 781 5167 ς’.
854 5103 897 5137 ⁷⁷
930 5101 1086 5157 πόλιν
1123 5121 1183 5168 ς.
1245 5101 1305 5137 ’⁷⁸
1335 5107 1666 5177 κεντηνάρια
1689 5101 1870 5162 λαϐὼν
1899 5101 1958 5172 ξ.

2211 5035 2260 5068 ⁷⁸
2291 5034 2450 5090 ἄλλον
2481 5035 2527 5089 Α
2582 5050 2595 5087 :

3058 5029 3105 5062 ⁷⁵
3134 5028 3234 5103 τὴν
3257 5027 3481 5099 εἰρήνην
3503 5042 3566 5090 ς.

2037 5109 2081 5140 ⁷⁹
2120 5105 2179 5160 δὲ
2216 5108 2341 5162 add.
2377 5106 2442 5159 A.

2656 5050 2686 5103 μ
2698 5031 2854 5087 ἄλλον
2880 5049 2942 5095 ς.

1814 5222 2050 5279 NOTAE.

351 5338 476 5418 (79)
506 5336 911 5410 AdditProcop.
950 5356 970 5391 ι
1010 5338 1322 5409 Urbemque
1351 5350 1550 5412 praeter
1574 5340 1769 5412 templa
1795 5341 1876 5399 in-
1930 5332 1944 5343 ’
1974 5347 2189 5418 jubare.

282 5410 492 5463 tetulit.
535 5426 555 5457 ι

2052 5396 2267 5489 ζῆἐὴὀθ
2297 5414 2492 5489 quot).
2525 5412 2723 5489 camp.
2763 5420 2900 5489 _l.0lll.
2937 5408 2977 5489 ι,
3001 5407 3070 5489 ad
3093 5396 3565 5489 an.Cltr‘.~5l,ﬂekx:

350 5478 476 5548 (τι)
512 5477 585 5534 Ut
611 5475 882 5534 Chosroes
917 5479 969 5534 in
1007 5494 1248 5550 prtesens
1268 5480 1671 5551 {quinquaginta
1705 5481 1870 5536 millia
1981 5468 2329 5544 Da‘ma'scent;
2372 5468 2571 5540 lib.”
2651 5482 2879 5536 Orlltod.
2937 5468 3085 5551 fidei.
3146 5468 3405 5551 σῶμ-17.
3471 5468 3561 5521 "bi

282 5540 575 5629 nummum
614 5563 901 5603 aureorum
939 5540 1582 5629 ac'totidettt'quotatttiis
1609 5566 1873 5629 perpetuo
1976 5540 2261 5629 ﬁlia—giarus
2307 5552 2774 5629 inominaturLEt
2808 5551 2901 5629 lib:
2936 5540 2949 5601 i
3019 5540 3227 5629 Contra
3280 5540 3565 5629 [fortemq-

581 5632 753 5753 n|tlzq)ue
783 5633 879 5674 eos
910 5619 1051 5675 ultra
1076 5619 1327 5679 lacessat.
1362 5620 1481 5693 (Sic
1512 5619 1739 5690 Procup.
1764 5621 1872 5677 Vo-

352 5758 474 5823 (18)
502 5758 796 5815 Ζωοποιῶν
857 5757 1052 5824 ξυλων.
1080 5760 1395 5830 Apparente
1442 5765 1679 5832 desuper
1732 5762 1873 5832 ignis

1977 5610 2129 5683 ὲᾶέὸεῗ
2160 5610 2357 5682 Euseb.
2407 5626 2503 5679 lib.
2537 5642 2584 5677 e.
2638 5624 2723 5689 l3,
2788 5618 3063 5689 Agbarus;
3122 5614 3247 5669 aliis
3299 5610 3557 5666 Acbarus.

1977 5698 2113 5756 Vide
2136 5708 2187 5753 ct
2212 5696 2339 5753 Sur.
2383 5698 2449 5751 16
2481 5696 2618 5765 Aug.
