4030 6448
278 333 381 398 13¹7

1393 334 1919 393 BIBIJOTHECA.
1954 360 2025 369 -
2064 335 2229 395 COD.
2275 338 2476 399 LXIV.

3472 346 3573 411 138

280 452 323 503 6‘
346 448 583 517 Περσῶν
614 444 867 514 ἀλλήλοις
893 442 1099 506 ἐθεντο,
1134 442 1293 497 ἐλυσε
1324 444 1382 497 δὲ
1410 444 1660 514 Χοσρόης
1692 461 1753 496 τε
1785 445 1881 498 αὑ-

1986 460 2140 502 sroes
2164 448 2456 503 Persarum
2490 464 2582 506 rex
2639 451 2874 507 invicem
2921 455 3346 514 constituerant.
3383 461 3574 516 Solve-

280 540 374 603 τὸς
413 538 515 591 καὶ
559 536 845 597 Ἰουστίνος
876 535 1121 603 διάδοχος
1168 536 1556 589 Ἰουστινιανοῦ
1581 537 1880 601 καταστὰς,

283 628 543 699 δευτέρου
566 626 726 689 ἔτους
756 625 855 695 τῆς
900 625 1077 695 ἀρχῆς
1125 624 1276 695 αὐτῷ
1313 625 1404 698 [80
1422 625 1514 699 IL]
1549 629 1885 701 περαιουμέ-

286 739 379 776 νου
401 722 471 771 9⁸.
516 720 849 789 Ἀρχόμενος
876 717 934 771 δὲ
983 717 1235 771 ἐντεῦθεν
1275 719 1373 787 τῆς
1403 719 1645 791 ἱστορίας
1668 721 1883 776 κάτεισι

293 815 459 884 μέχρι
498 811 726 864 δεκάτου
772 809 932 873 ἔτους
958 809 1124 863 αὐτοῦ
1154 809 1251 863 τοῦ
1288 810 1551 880 πολέμου.
1589 813 1885 883 Μέμνηται

294 906 353 959 δέ
382 906 443 957 ἐν
475 904 606 973 τῷδε
635 900 709 972 τῷ
734 900 941 973 πρώτῳ
983 900 1080 954 τοῦ
1115 901 1321 971 βιϐλίου
1354 902 1497 974 λόγῳ
1522 905 1617 957 καὶ
1643 904 1715 958 τὰ
1742 905 1883 959 κατὰ

312 996 679 1051 ’1ουστινιανὸν
703 994 993 1064 ἱστορῆσαι
1012 1009 1025 1023 ⁸
1058 994 1121 1046 οὑ
1160 993 1267 1065 μὴν
1286 994 1423 1049 ἀλλὰ
1447 995 1605 1065 δῆλός
1622 998 1772 1050 ἐστιν
1803 996 1881 1062 ὠς

312 1093 415 1145 καὶ
440 1089 625 1160 ἐφεῆς
650 1088 756 1141 τῶν
781 1087 915 1140 δέκα
940 1087 1116 1154 λόγων
1163 1087 1385 1157 ἐτέρους
1418 1089 1696 1154 συνέταξε.
1729 1089 1884 1154 Διέξ-

318 1204 425 1241 εισι
480 1187 529 1238 δὲ
567 1187 623 1236 ἐν
658 1185 759 1255 μὲν
784 1183 923 1253 τῷδε
946 1182 1024 1254 τῷ
1047 1183 1190 1255 λόγῳ
1232 1185 1382 1247 ὅπως
1415 1184 1470 1237 al
1497 1185 1722 1237 σπονδαὶ
1754 1203 1884 1239 συν-

320 1278 588 1349 εχύθησαν,
642 1276 931 1329 ἰουστίνου
984 1276 1083 1345 μὲν
1150 1276 1240 1329 διὰ
1302 1277 1669 1347 Κομεντιόλου
1712 1279 1885 1331 Σουα-

313 1378 421 1430 νίαν
442 1373 590 1444 παρὰ
631 1373 875 1440 Χοσρὸου
921 1373 1305 1434 ἀπαιτοῦντος.
1338 1373 1503 1426 αὑτοῦ
1539 1374 1595 1428 δὲ
1631 1375 1883 1429 ὑποτιθε-

303 1468 479 1537 μένου,
505 1467 565 1518 οὗ
593 1466 780 1534 μέντοι
833 1464 1106 1527 διδοῦντος
1134 1466 1202 1525 ⁸⁸,
1231 1466 1382 1529 ὅπως
1416 1482 1476 1517 τε
1500 1468 1531 1537 ή
1560 1467 1882 1521 Μεσοποτα-

297 1558 391 1628 μία
440 1560 593 1610 πᾶσα
652 1557 898 1628 ἐσείσθη,
949 1557 1236 1628 προοίμιον
1276 1558 1385 1612 τῶν
1431 1559 1883 1631 ἐπελευσομένων

293 1649 474 1704 κακῶν
506 1649 800 1719 γενομένη.

358 1743 483 1795 Ὀτι
520 1743 592 1795 τὰ
617 1745 633 1775 ¹
670 1745 808 1814 πρὸς
845 1738 1016 1812 Εὗρον
1047 1743 1246 1813 ἄνεμον
1278 1744 1372 1797 τοῦ
1411 1745 1677 1809 Τανάϊδος
1704 1746 1880 1817 Τοῦρ-
1917 1798 1958 1852 Β

289 1851 373 1886 xm
400 1835 688 1904 νέμονται,
722 1837 770 1888 οἱ
795 1836 965 1889 πάλαι
990 1837 1349 1904 Μασσαγέται
1378 1837 1399 1866 ²
1430 1834 1884 1904 καλούμενοι,οὒς

285 1920 494 1998 Πέρται
529 1930 705 1999 οἰκείᾳ
735 1929 958 2002 γλώσσῃ
991 1929 1393 1998 Κερμιχίωνάς
1419 1947 1569 1998 φασι.
1598 1930 1704 1983 Καὶ
1730 1928 1883 1982 αὐτοὶ

280 2018 337 2070 δέ
366 2023 427 2073 ἐν
460 2019 542 2087 τῷ
561 2020 681 2072 τότε
719 2022 868 2092 δῶρα
905 2024 998 2074 καὶ
1022 2023 1281 2092 πρέσϐεις
1316 2023 1452 2091 πρὸς
1479 2022 1704 2093 βασιλέα
1748 2022 1882 2074 Ἰου-

284 2114 469 2165 στῖνον
519 2112 785 2176 ἔστειλαν,
845 2114 1092 2183 δεόμενοι
1142 2114 1215 2185 μὴ
1269 2115 1824 2179 ὑποδέξασθαιαὺτδν
1860 2113 1881 2145 ⁸

278 2205 413 2266 τοὺς
449 2204 711 2275 Ἀϐάρους
733 2221 747 2234 ·
772 2207 800 2259 6
819 2206 876 2258 δὲ
892 2207 958 2259 τὰ
984 2206 1133 2277 δῶρα
1157 2206 1341 2260 λαϐὼν
1374 2207 1471 2260 καὶ
1498 2207 1883 2276 ἀντιφιλοφρο-

282 2296 606 2367 νησάμενος
628 2297 900 2350 ἀπέλυσεν
936 2299 1018 2361 είς
1042 2297 1109 2350 τὰ
1149 2300 1343 2353 οἰκεῖα.
1388 2300 1510 2361 Τοῖς
1533 2299 1591 2351 δὲ
1630 2298 1882 2369 Ἀϐἀροις

281 2387 520 2459 ὕστερον
552 2388 819 2455 ἐλθοῦσιν,
846 2390 943 2442 καὶ
968 2390 1268 2443 Παννονίαν
1296 2390 1627 2459 οίκῆσαικαὶ
1654 2392 1881 2462 εἰρήνης

276 2482 471 2549 τυχεῖν
491 2479 791 2549 δεομένοις,
844 2480 931 2533 διὰ
968 2480 1062 2532 τὸν
1086 2480 1221 2551 πρὸς
1243 2481 1370 2543 τοὺς
1414 2479 1691 2550 Τούρκους
1720 2480 1879 2549 λόγον

280 2570 381 2623 καὶ
405 2570 509 2633 τὰς
539 2571 813 2640 συνθήκας
845 2571 946 2623 οὐκ
975 2572 1293 2627 ἐσπείσατο.

354 2660 485 2715 Ὀτι
512 2661 614 2732 τήν
634 2660 744 2714 τῶν
770 2661 1073 2731 σκωλήκων
1103 2663 1320 2731 γένεσιν
1370 2663 1509 2735 ἀνὴρ
1539 2664 1755 2733 Πέρσης
1780 2664 1879 2734 βα-

280 2751 596 2815 σιλεύοντος
659 2752 1040 2806 ’1ουστινιανοῦ
1094 2754 1152 2807 ἐν
1210 2753 1496 2825 Βυζαντίῳ
1560 2755 1875 2822 ὑπέδειξεν,

275 2845 440 2899 οὔπω
476 2846 743 2916 πρότερον
768 2847 1122 2919 ἐγνωσμένην
1172 2847 1488 2918 Ῥωμαίοις.
1530 2843 1696 2914 Οὗτος
1727 2851 1783 2903 δέ
1815 2851 1879 2903 ἐκ

274 2940 480 3011 Σηρῶν
502 2943 767 3011 ὁρμηθεὶς
790 2943 818 2994 6
853 2941 1071 3013 Πέρσης
1094 2942 1155 2995 τὸ
1182 2943 1409 3013 σπέρμα
1438 2942 1549 2997 τῶν
1578 2944 1879 3016 σκωλήκων

273 3034 335 3085 ἐν
374 3033 617 3103 νάρθηκι
672 3033 854 3087 λαϐὼν
890 3034 1053 3105 μέχρι
1107 3033 1408 3098 Βυζαντίου
1438 3035 1753 3101 διεσώσατο,
1786 3037 1879 3090 καὶ

272 3126 382 3179 τοῦ
408 3126 573 3196 ἔαρος
600 3124 907 3197 ἀρξαμένου
930 3127 1023 3178 ἐπὶ
1044 3128 1143 3196 τὴν
1177 3126 1384 3199 τροφὴν
1419 3128 1529 3181 τῶν
1560 3128 1875 3198 συκαμίνων
1903 3145 1948 3207 c

275 3219 509 3289 φύλλων
534 3222 785 3290 ἐπαφῆκε
817 3221 886 3273 τὰ
920 3220 1214 3290 σπέρματα
1238 3236 1252 3250 ο
1280 3220 1348 3274 τὰ
1368 3221 1425 3273 δὲ
1452 3223 1731 3290 τραφέντα
1768 3225 1881 3287 τοῖς

274 3309 515 3380 φύλλοις
563 3308 946 3381 ἐπτεροφύησέ
998 3304 1057 3362 τε
1089 3310 1185 3363 καὶ
1217 3305 1389 3362 τᾶλλα
1425 3310 1741 3380 είργάσατο.
1779 3304 1881 3365 Ὧν

272 3404 388 3473 τήν
420 3420 480 3457 τε
515 3404 728 3470 γένεσιν
762 3403 859 3457 καὶ
880 3403 980 3473 τὴν
1013 3402 1278 3474 ἐργασίαν
1310 3406 1338 3457 6
1370 3404 1624 3474 βασιλεὺς
1660 3406 1881 3460 Ἰουστί-

275 3516 377 3561 νος
404 3496 633 3568 ὕστερον
682 3499 797 3560 τοῖς
826 3497 1095 3569 Τούρκοις
1125 3498 1411 3562 ὑποδείξας
1458 3497 1801 3568 ἐθάμϐησεν·
1830 3501 1878 3553 oi

278 3592 399 3661 γὰρ
423 3589 662 3661 Τοῦρκοι
718 3590 841 3643 τότε
872 3590 942 3643 τά
999 3607 1058 3644 τε
1100 3587 1293 3661 Σηρῶν
1347 3589 1595 3660 ἐμπόρια
1628 3590 1880 3654 καὶτοὺς

279 3681 511 3751 λιμένας
545 3683 817 3751 κατεῖχον.
850 3681 1038 3736 Ταῦτα
1093 3682 1149 3735 δέ
1184 3681 1316 3753 πρὶν
1364 3681 1464 3751 μὲν
1508 3681 1717 3751 Πέρσαι
1745 3698 1879 3735 κατ-

286 3776 457 3843 εῖχον,
506 3773 845 3842 Ἐφθαλάνου
878 3774 937 3828 δέ
981 3774 1076 3827 τοῦ
1121 3772 1463 3843 Ἐφθαλιτῶν
1507 3773 1795 3844 βασιλέως,
1820 3772 1879 3838 ἐξ

288 3861 349 3921 οὗ
380 3867 554 3920 καὶτὸ
575 3868 733 3936 γένος
760 3866 887 3937 ἔσχε
916 3866 1016 3939 τήν
1037 3868 1256 3938 κλῆσιν,
1276 3865 1523 3938 Περόζην
1546 3867 1641 3919 καὶ
1664 3865 1879 3936 Πέρσας

287 3963 614 4031 νικήσαντος
640 3960 997 4032 ἀφῃρέθησαν
1024 3959 1124 4029 μὲν
1144 3958 1351 4012 τούτων
1372 3958 1661 4029 οἱΠέρσαι,
1688 3957 1881 4010 δεσπό-

285 4070 381 4107 ται
398 4054 452 4106 δέ
468 4055 810 4123 κατέστησαν
826 4052 1159 4122 Ἐφθαλίται·
1181 4050 1274 4114 οὓς
1291 4050 1471 4121 μικρῷ
1489 4049 1614 4103 ὖστε
1624 4067 1713 4120 ρον
1729 4050 1876 4122 μάχη

288 4147 614 4215 νικήσαντες
662 4145 898 4216 Τοῦρκοι
940 4144 1161 4213 ἀφεῖλον
1196 4142 1256 4207 ἐξ
1295 4143 1477 4196 αὐτῶν
1534 4143 1631 4196 καὶ¹
1676 4140 1873 4197 ταῦτα.

372 4239 656 4301 ’1ουστῖνος
713 4237 769 4289 δέ
821 4238 1113 4307 Ζήμαρχον
1158 4237 1217 4299 ἐς
1265 4236 1395 4298 τοὺς
1426 4234 1706 4306 Τούρκους
1744 4234 1879 4305 πρέ-

284 4332 423 4385 σϐυν
478 4330 799 4384 ἀπέστειλεν
815 4345 829 4359 ·
896 4329 956 4394 ὃς

278 4426 414 4487 τοὺς
440 4423 722 4495 Τούρκους
750 4424 845 4476 καὶ
874 4425 932 4486 ἐς
960 4421 1030 4476 τὰ
1074 4422 1312 4494 μάλιστα
1367 4421 1789 4494 φιλοφρονηθεὶς
1821 4422 1879 4485 ἐς

1988 549 2112 593 rant
2138 555 2200 595 ea
2230 541 2504 598 Chosroes
2551 543 2688 613 ipse,
2725 554 2779 600 et
2801 544 3052 602 Justinus
3086 534 3235 618 (84),.
3276 550 3573 610 Justiuiani

1982 629 2096 699 jam
2186 649 2494 699 successor,
2547 649 2789 692 exeunte
2859 639 3033 694 altero
3114 641 3327 711 imperii
3404 636 3570 702 anno.

1988 720 2127 777 Illuc
2227 740 2359 794 ergo
2412 729 2784 782 narrationem
2866 731 3218 800 auspicatus,
3279 738 3453 806 pergit
3505 739 3572 794 ad

1987 831 2188 868 amium
2220 832 2389 883 usque
2412 818 2535 872 belli
2565 820 2859 873 decimum.
2889 820 3133 877 Meminit
3162 839 3290 880 vero
3319 825 3421 880 hoc
3452 827 3572 896 ipso

1987 908 2164 976 primo
2217 908 2510 964 voluminis
2564 910 2725 975 libro,
2762 913 3051 981 scripsisse
3088 931 3303 985 quoque
3351 933 3410 973 se
3452 936 3572 988 quat

1986 1001 2088 1055 sub
2119 1000 2426 1058 Justiniano
2460 1013 2609 1074 gesta
2631 1018 2778 1069 sunt,
2808 1008 2918 1062 imo
2952 1020 3008 1063 et
3042 1008 3222 1080 plures
3237 1028 3360 1066 eum
3382 1013 3571 1068 decem

1987 1093 2138 1147 hisce
2184 1094 2535 1161 subjunxisse
2564 1098 2752 1163 libros,
2794 1101 2930 1155 satis
2979 1103 3267 1158 manifeste
3324 1116 3568 1175 apparet.

1986 1182 2186 1237 Narrat
2209 1195 2391 1241 autem
2418 1190 2519 1242 hoc
2539 1189 2701 1251 libro,
2741 1206 2847 1259 qua
2881 1194 3091 1249 ratione
3122 1207 3277 1264 pacta
3306 1208 3571 1252 coovenla

1986 1275 2095 1328 sint
2153 1274 2439 1344 dissoluta,
2496 1295 2616 1333 cum
2666 1280 2916 1338 Justinus
3000 1300 3096 1353 per
3172 1285 3568 1343 Comentiolmu

1987 1367 2245 1421 Suaniam
2277 1384 2305 1422 a
2333 1369 2575 1425 Chosroe
2631 1384 2922 1442 repeteret,
2952 1376 3065 1445 ipse
3098 1393 3225 1433 vero
3257 1380 3423 1434 verbo
3450 1381 3571 1449 qui-

1986 1458 2107 1513 dem
2141 1461 2509 1528 promitteret,
2559 1462 2667 1518 nun
2705 1478 2885 1521 tamen
2932 1484 2993 1522 re
3049 1481 3352 1536 pratstaret.
3384 1472 3571 1527 Refert

1985 1562 2039 1605 et
2071 1553 2121 1605 in
2150 1564 2259 1607 tota
2290 1555 2677 1626 Mesopotamia
2716 1569 2916 1615 terram
2935 1564 3195 1630 movisse,
3224 1564 3438 1619 initium
3482 1566 3568 1619 ni-

1985 1645 2182 1699 mirum
2228 1649 2623 1715 calamitatum,
2656 1667 2777 1721 quae
2801 1656 3105 1709 subsecutae
3133 1668 3281 1711 sunt.

2060 1740 2118 1793 In
2151 1739 2373 1795 Oriente
2417 1745 2483 1798 ad
2539 1742 2765 1799 Tanaim
2791 1745 2951 1801 Turci
2975 1748 3195 1816 degunt,
3229 1749 3319 1818 qui
3390 1750 3567 1806 Masa-

1985 1842 2121 1902 geta:
2155 1835 2456 1903 antiquitus
2486 1837 2638 1900 dicti,
2672 1852 2702 1889 a
2756 1837 2940 1894 Persis
2970 1855 3067 1895 sua
3113 1842 3296 1912 lingua
3352 1841 3567 1898 Kermi-

1986 1924 2197 1977 Chiones
2215 1926 2575 1993 appellantur.
2602 1928 2665 1982 Hi
2715 1938 3041 1999 tempestate
3077 1933 3178 1988 hac
3203 1934 3408 2005 legatos
3441 1954 3564 1992 cum

1986 2019 2306 2074 muneribus
2332 2020 2403 2074 ad
2440 2018 2712 2075 Justinum
2757 2024 2890 2093 imp.
2930 2024 3199 2093 legarunt,
3246 2042 3313 2082 ne
3357 2029 3567 2084 Λυαῖος

1986 2113 2253 2181 reciperet
2282 2112 2653 2171 obsecrantes.
2688 2116 2783 2171 Ille
2827 2133 3051 2172 munera
3076 2119 3308 2175 libenter
3336 2124 3565 2193 accepit,

1985 2204 2245 2273 omnique
2274 2206 2410 2259 adeo
2452 2204 2844 2263 benevolentia:
2875 2218 3040 2278 atque
3070 2209 3422 2267 humanitatis
3476 2230 3571 2283 ge-

1986 2312 2119 2351 nere
2180 2298 2499 2366 complexus
2549 2300 2768 2354 domum
2820 2303 3051 2358 remisit.
3114 2304 3361 2373 Cumque
3402 2307 3567 2359 Abari

1984 2400 2110 2440 mox
2147 2388 2509 2443 accessissent
2543 2388 2655 2459 (qui
2717 2388 3054 2447 Pannoniam
3109 2394 3375 2461 habitare,
3408 2411 3571 2465 pace«

1983 2495 2090 2549 que
2114 2478 2619 2537 fruiRomanorum
2662 2485 3050 2556 precabantur)
3076 2488 3147 2541 ob
3199 2488 3381 2542 datam
3424 2487 3568 2543 Tur-

1983 2572 2064 2627 cis
2092 2572 2272 2636 fidem,
2293 2584 2589 2643 pactasque
2614 2578 2977 2642 conditiones,
2998 2580 3267 2648 repulsam
3304 2582 3565 2638 tulerunt.

2054 2663 2386 2734 Bombycnm
2425 2665 2542 2735 (85)
2597 2668 2865 2737 originem
2916 2671 3081 2725 homo
3126 2675 3343 2741 quidam
3372 2674 3565 2739 Persa,

1983 2755 2288 2813 Justiniano
2316 2760 2636 2826 imperante,
2656 2760 3125 2832 Constantinopoli
3157 2766 3415 2830 ostendit,
3437 2784 3568 2821 nun-

1983 2865 2146 2918 quam
2176 2860 2336 2905 antea
2366 2850 2633 2906 Romanis
2665 2855 2959 2922 cognitam.
2992 2855 3089 2909 llic
3113 2856 3275 2912 Persa
3309 2873 3341 2913 e
3370 2859 3565 2914 Serum

1987 2943 2208 3011 regione
2230 2943 2530 3013 profectus,
2555 2947 2822 2999 vermium
2849 2961 3032 3001 semen
3077 2948 3248 3003 ferula
3274 2948 3564 3014 inclusum,

1983 3032 2507 3104 Constantinopolim
2545 3036 2754 3091 salvum
2786 3037 3095 3105 deportavit
3140 3039 3304 3110 266,
3337 3056 3401 3095 ac
3438 3057 3569 3096 vere

1984 3119 2208 3175 ineunte
2238 3123 2289 3175 in
2321 3122 2640 3178 alimentum
2674 3126 2809 3180 mori
2841 3124 2985 3181 foliis
3014 3129 3225 3184 semina
3262 3130 3521 3200 imposuit
3549 3151 3562 3164 ο

1982 3227 2102 3279 qua:
2150 3210 2296 3269 foliis
2327 3215 2555 3279 nutrita,
2581 3226 2635 3269 et
2660 3217 2712 3271 in
2749 3217 2863 3274 alas
2891 3234 2951 3273 se
2994 3221 3309 3287 induerunt,
3338 3236 3393 3279 et
3430 3225 3568 3280 niire

1980 3314 2265 3372 ceperunt
2291 3306 2528 3372 operari.
2564 3305 2708 3375 Ergo
2733 3309 3058 3380 bombycum
3084 3322 3284 3379 ortum,
3319 3317 3567 3371 texendi-

1980 3409 2086 3463 que
2120 3396 2411 3450 artificium
2444 3414 2565 3453 cum
2591 3409 2715 3468 post
2754 3398 2952 3457 Turcis
2978 3403 3227 3461 Justinus
3259 3407 3566 3476 imperator

1979 3488 2331 3555 ostendisset,
2362 3491 2720 3546 vehementer
2734 3493 3134 3563 obstupuerunt
3166 3514 3330 3564 ;nam
3368 3502 3562 3555 Serum

1981 3579 2055 3632 illi
2098 3589 2209 3633 tum
2263 3584 2506 3650 emporia
2552 3595 2851 3652 portusque
2904 3589 3177 3655 tenebant,
3229 3606 3349 3660 quae
3388 3593 3566 3649 Persa:

1981 3671 2134 3739 prius
2189 3683 2491 3729 tenuerant.
2553 3676 2926 3743 Ephthalanus
2967 3678 3113 3733 enim
3166 3681 3562 3751 Ephtalitarnm

1981 3776 2075 3815 rex
2110 3764 2158 3833 (a
2178 3779 2285 3832 qtto
2313 3773 2368 3817 et
2398 3765 2814 3833 appellationem
2843 3767 3157 3821 universum
3182 3785 3353 3838 genus
3376 3775 3563 3845 traxit)

1981 3853 2220 3909 Perozen
2279 3865 2333 3908 et
2383 3854 2577 3910 Persas
2601 3872 2725 3911 cum
2759 3859 2979 3914 vicisset
3010 3860 3152 3929 (86),
3182 3864 3423 3917 sumeti
3480 3866 3567 3921 his

1980 3948 2115 4003 locis
2164 3950 2367 4013 Persae,
2402 3965 2585 4004 rerum
2636 3967 2767 4004 vero
2806 3952 2957 4021 potiti
2999 3964 3127 4007 sunt
3186 3955 3517 4024 Ephthalita:
3545 4000 3564 4025 ,

1979 4056 2117 4110 quos
2140 4028 2263 4109 post
2291 4041 2451 4111 paulo
2486 4042 2651 4098 Turci
2678 4045 2864 4112 prwlio
2896 4057 3241 4113 superantes,
3283 4049 3367 4103 his
3394 4053 3563 4106 etiam

1981 4134 2177 4188 finibus
2211 4135 2556 4204 pepulerunt.

2049 4222 2297 4277 Justinus
2351 4222 2708 4279 Zemarchum
2747 4228 2815 4279 ad
2844 4224 3053 4281 Turcos
3106 4227 3341 4298 legatum
3378 4231 3563 4288 misit:

1011 4330 1107 4383 atat
1160 4329 1431 4401 λαμπρῶς
1499 4329 1757 4393 ἑστιάσας
1818 4346 1877 4381 τε

1986 4315 2071 4382 qui
2096 4326 2150 4367 et
2173 4315 2389 4384 publice
2435 4330 2529 4369 eos
2566 4316 2743 4385 epulis
2790 4318 3095 4386 excipiens,
3127 4321 3385 4389 omnique
3427 4324 3568 4379 adeo

1981 4407 2143 4462 ofﬁcii
2176 4422 2374 4478 genere
2405 4419 2685 4477 exceptus,
2726 4407 3255 4480 ConstantinOpolim
3304 4413 3568 4470 remissus

278 4517 344 4569 τὸ
367 4514 665 4579 Βυζάντιον
703 4514 951 4585 ἐπανῄει.
1007 4516 1099 4569 Διὸ
1127 4516 1220 4569 καὶ
1248 4517 1276 4569 6
1308 4516 1557 4585 Χοσρόης
1583 4516 1670 4568 ἐπ’
1696 4513 1878 4567 Αἰθίο-

1986 4512 2085 4557 est.
2115 4500 2479 4568 Quamobrem
2505 4503 2670 4556 etiam
2695 4502 2968 4559 Chosroes
2994 4505 3045 4557 in
3074 4503 3379 4575 Aithiopas,
3414 4507 3570 4562 ami-

278 4625 418 4672 πας,
454 4605 641 4675 φίλους
676 4606 837 4669 ὄντας
859 4606 1316 4677 Ῥωμαίοις,τοὺς
1341 4608 1511 4662 πάλαι
1535 4607 1634 4678 μὲν
1653 4608 1878 4679 Μακρο-

279 4702 438 4763 ϐίους
464 4699 561 4752 νῦν
608 4700 666 4753 δὲ
724 4699 1023 4770 Ὀμηρίτας
1074 4700 1468 4770 καλουμένους,
1519 4701 1876 4771 ἐστράτευσε,

280 4793 384 4846 καὶ
408 4792 502 4845 τόν
525 4809 588 4844 τε
607 4791 629 4821 ⁸
657 4790 882 4862 βασιλέα
908 4793 1017 4845 τῶν
1047 4792 1187 4863 Ὀμη
1198 4791 1360 4861 ριτῶν
1385 4791 1770 4863 Σανατοὺρκην
1790 4792 1878 4845 διὰ

280 4883 582 4955 Μηράνους
613 4882 707 4936 τοῦ
740 4882 966 4954 Περσῶν
998 4882 1310 4954 στρατηγοῦ
1336 4883 1644 4955 ἐζώγρησε,
1687 4886 1791 4953 τήν
1815 4900 1878 4936 τε

280 4975 443 5029 πόλιν
472 4974 655 5028 αὐτῶν
689 4974 1046 5046 ἐξεπόρθησε,
1069 4975 1164 5029 καὶ
1193 4976 1255 5029 τὸ
1282 4974 1435 5040 ἔθνος
1463 4976 1872 5047 παρεστήσατο.

282 5066 523 5132 Διέξεισι
549 5066 608 5119 δέ
638 5068 734 5121 καὶ
779 5067 929 5131 ὅπως
972 5066 1249 5137 Ἀρμένιοι
1280 5066 1376 5140 [59
1410 5066 1502 5140 Η.]
1537 5067 1645 5120 ὑπὸ
1666 5067 1876 5137 Σουρή-

282 5175 381 5211 νου
404 5159 426 5190 ⁵
448 5158 804 5229 κακούμενοι,
860 5159 957 5213 καὶ
1004 5159 1241 5228 μάλιστα
1283 5160 1413 5231 περὶ
1443 5158 1541 5231 τὴν
1568 5158 1874 5224 εὐσέϐειαν,

1981 4609 2075 4648 cos
2106 4594 2286 4664 populi
2311 4591 2538 4646 Romani
2595 4593 2746 4663 (olim
2794 4593 3117 4662 Macrobios,
3146 4610 3287 4650 nunc
3319 4594 3538 4653 Homeri
3565 4626 3573 4643 θ

1983 4695 2068 4740 tas
2126 4686 2446 4755 appellatos)
2502 4687 2899 4755 expeditionem
2959 4687 3220 4757 suscepit,
3278 4701 3570 4758 regemque

1982 4777 2386 4833 Homeritarum
2420 4778 2782 4846 Sanaturcen,
2804 4791 2969 4849 opera
3003 4778 3242 4836 Meranis
3274 4780 3569 4836 Persarum

1984 4872 2161 4934 ducis,
2197 4873 2380 4924 vivum
2440 4872 2606 4939 cepit,
2644 4871 2889 4939 urheque
2919 4887 3106 4926 eorum
3135 4873 3368 4942 direpta,
3415 4874 3572 4928 inco-

1984 4962 2063 5018 las
2093 4962 2421 5031 subjugavit.
2455 4962 2699 5015 Armenii
2732 4977 2762 5016 a
2797 4960 2995 5017 Surina
3024 4962 3162 5016 male
3188 4964 3393 5032 accepti
3424 4962 3569 5034 (πω-ε

1984 5060 2131 5114 xime
2176 5059 2230 5113 in
2285 5058 2504 5127 pietatis
2548 5056 2940 5128 religionisque
3006 5058 3246 5129 negotio)
3282 5059 3565 5125 Surinam,

1985 5155 2362 5227 coniuratione
2404 5154 2573 5209 facta.
2611 5170 2710 5225 per
2752 5152 3086 5218 Vardanum,
3116 5154 3292 5226 (cujus
3341 5152 3565 5208 fratrem

1594 5295 1830 5353 νΔΙὶΙᾸ]
1869 5294 2278 5351 LECTIONES.

366 5410 416 5441 ”
445 5408 614 5461 αὑτοῦ
642 5407 707 5463 Α.
787 5410 833 5442 ⁹⁹
863 5410 1098 5477 διδόντος
1143 5431 1202 5477 ς.

290 5480 444 5548 ρίνου
469 5491 523 5535 et
540 5481 800 5551 Σουρίναν
856 5499 918 5545 ς.

1288 5414 1305 5445 ι
1332 5412 1426 5485 τὰ]
1477 5414 1605 5471 libri
1649 5434 1731 5472 ετ.
1810 5418 1830 5447 ³
1856 5416 2165 5486 μασαγέται
2215 5433 2274 5478 ς.

2371 5412 2600 5466 ἀὐτῶν
2653 5426 2737 5480 pr.
2791 5410 2858 5464 A.
2934 5409 3043 5462 δτε
3076 5407 3201 5463 add.
3243 5408 3310 5461 A.
3385 5407 3404 5437 '
3437 5407 3571 5460 Ζου-

1820 5570 2046 5629 NOTJE.

366 5685 484 5755 (84)
504 5686 750 5742 Justinus
764 5687 972 5757 junior.

365 5758 481 5829 (85)
517 5761 589 5813 De
611 5760 697 5812 his
730 5756 785 5812 et
832 5758 1138 5882 Theolihpl.
1181 5759 1486 5815 Simocatcs
1518 5756 1613 5813 lib.
1638 5773 1734 5824 vn,
1762 5756 1866 5817 inf.

365 5829 424 5882 d.
488 5844 596 5882 sec.
661 5837 716 5882 et
771 5828 1002 5882 Procoo.
1084 5831 1156 5882 ib.
1214 5846 1309 5882 1v:
1376 5828 1603 5882 Nicenh.
1662 5843 1866 5882 auouue

294 5829 424 5886 cod.
462 5828 596 5884 sec.
661 5837 716 5883 et
771 5828 1002 5898 Procop.
1062 5828 1156 5883 lib.
1214 5846 1309 5899 1v;
1376 5828 1603 5899 Niceph.
1662 5843 1878 5898 quaque

538 5921 813 5985 ΡΔτιιοι..
853 5921 973 5983 Gn.
1007 5921 1169 5983 CIII.

1997 5685 2089 5741 lih.
2125 5703 2257 5739 xvn.
2294 5703 2416 5756 cap.
2445 5688 2536 5743 52.

2052 5757 2161 5829 (86)
2190 5757 2324 5814 Vide
2352 5772 2505 5829 supr.
2540 5758 2771 5829 Procop.
2796 5759 2973 5829 princ.
2998 5757 3125 5816 cod.
3154 5759 3245 5813 65.

3176 5921 3216 5981 5
