4030 6474
488 333 588 397 139

1646 329 1906 390 ΡΗΟΤΙΙ
1946 327 2449 388 PATRIARCHIE
2486 329 2593 389 CP.

3635 331 3739 398 140

486 444 788 499 Manuelem
815 443 905 497 ille
929 441 1307 512 interfecerat)
1340 451 1394 497 et
1418 441 1580 494 alium
1610 441 1897 508 quemdam
1925 439 2056 494 Ver-

2160 438 2250 492 τόν
2278 457 2336 492 τε
2361 441 2640 510 Σουρήναν
2679 439 2958 510 όμοφρονή
2970 456 3161 504 σαντες
3191 441 3280 494 διὰ
3311 441 3647 515 Οὐαρδάνου,
3677 440 3744 502 οὗ

485 539 612 592 dum
669 536 1024 601 occiderunt;
1050 545 1106 589 et
1131 551 1160 588 a
1193 535 1372 590 Persis
1401 534 1716 589 defici-entes
1747 535 1813 588 ad
1857 533 2060 588 Roma-

487 643 585 682 nos
619 628 908 694 transiere,
956 627 1258 696 relictoque
1307 627 1506 696 oppido
1530 627 1674 694 quod
1728 626 2060 691 incolebant,

486 721 642 777 Dubii
672 722 910 786 nomine,
945 721 998 774 in
1026 720 1395 773 Romanorum
1432 719 1702 785 regionem
1729 721 2060 787 commigra-

485 823 632 868 runt.
691 814 869 881 Atque
931 813 1046 866 haec
1084 813 1198 878 ipsa
1250 812 1588 880 potissimum
1659 825 1821 863 causa
1884 811 2062 865 Persis

482 906 584 960 fuit
616 905 897 973 rumpendi
932 903 1175 967 faederis,
1222 904 1666 971 induciarmnque
1701 917 1822 955 cmn
1853 900 2056 956 Roma-

485 998 589 1052 nis.
631 997 987 1051 Dcsciverunt
1046 1007 1165 1063 post
1215 997 1314 1050 hos
1343 997 1525 1050 statim
1579 996 1739 1047 etiam
1775 995 1974 1059 Iberes,
2004 1004 2060 1049 et

485 1089 735 1159 Gorgene
793 1089 940 1156 ipsos
969 1087 1224 1148 ducente,
1253 1087 1318 1139 ad
1374 1085 1648 1140 Romanos
1702 1089 2056 1140 transierunt.

481 1181 794 1252 Metropolis
829 1191 1010 1236 autem
1040 1179 1319 1235 [berorum
1370 1178 1604 1249 Tiphilis
1658 1187 1784 1235 tunc
1809 1191 1948 1235 erat.

551 1359 858 1414 Marcianus
902 1358 1100 1413 Justini
1162 1359 1292 1428 imp.
1351 1358 1631 1428 patruelis,
1678 1358 1918 1416 Orientis
1950 1361 2056 1414 dux

475 1451 586 1521 jam
613 1453 972 1514 renuntiatus,
993 1453 1042 1505 in
1066 1453 1460 1519 expeditionem
1480 1455 1740 1508 adversus
1757 1454 2054 1519 Chosroen,

479 1555 672 1596 octavo
733 1545 861 1610 imp.
921 1542 1118 1596 Justini
1185 1559 1314 1597 ann.
1386 1545 1580 1598 missus
1649 1555 1752 1600 est.
1822 1543 2058 1599 Joannes

467 1650 606 1692 ,vero
639 1635 908 1689 Armenia:
948 1635 1053 1687 dux
1074 1646 1126 1688 et
1174 1635 1420 1690 Meranes
1471 1637 1777 1699 Persarum,
1851 1638 1941 1706 qui
2002 1647 2058 1691 et

476 1725 880 1790 Baramaanes,
944 1728 1242 1780 exercitum
1316 1727 1656 1794 colligebant.
1737 1729 1800 1781 Et
1863 1731 2056 1780 Arme-

477 1819 582 1872 niis
645 1819 862 1887 quidem
957 1819 1137 1872 socios
1206 1834 1264 1872 se
1345 1820 1789 1886 conjunxernut,
1845 1821 2050 1883 Colchi,

476 1911 702 1979 Abasgi,
750 1919 806 1963 et
852 1908 1053 1964 Saroes
1105 1925 1199 1962 rex
1250 1909 1546 1962 Alanorum
1587 1929 1598 1962 :
1655 1911 1893 1962 Meranae
1925 1925 2056 1965 vero

477 1999 658 2054 Sabiri
687 2001 825 2071 (S7),
861 2011 914 2054 et
947 2003 1190 2070 Dagaues
1221 2013 1274 2055 et
1333 1999 1595 2054 Dilmaina
1630 2017 1782 2070 gens.
1823 2003 2056 2057 Murcia-

481 2109 582 2146 nus
611 2094 676 2145 ad
726 2092 1110 2146 Nisibenorum
1167 2093 1375 2156 urbem,
1417 2091 1586 2160 signis
1615 2092 1848 2158 Cullnlis,
1885 2092 2057 2146 Μονο-

478 2200 600 2238 nem
646 2184 702 2237 in
759 2183 937 2254 fugam
997 2183 1304 2238 convertit:
1339 2199 1514 2251 eoque
1577 2185 1764 2250 pra-lio
1833 2185 1977 2237 mille
2002 2194 2057 2238 et

477 2277 739 2330 ducentos
791 2276 1008 2340 cecidit,
1079 2276 1222 2345 27a
1283 2276 1434 2330 vivos
1493 2277 1632 2344 cepit
1694 2278 2053 2346 septuaginta,

479 2368 743 2423 Romanis
764 2377 976 2438 septem
999 2370 1264 2424 duntaxat
1299 2368 1640 2423 desideratis.
1673 2367 1793 2423 Mox
1842 2369 2055 2423 Nisibe-

478 2478 669 2518 norum
703 2463 903 2516 moenia
937 2460 1216 2517 obsidione
1245 2461 1735 2529 cinxit.Chosroes,
1767 2476 1825 2518 re
1847 2472 2057 2516 mature

477 2553 716 2622 cognita,
740 2552 1099 2621 quadraginta
1137 2553 1384 2619 equitmn
1418 2553 1614 2616 millia,
1661 2553 1901 2622 peditum
1925 2567 2056 2608 vero

478 2645 714 2715 amplius
739 2629 959 2701 ceittum
1000 2647 1331 2710 conducens,
1367 2645 1626 2699 auxilium
1660 2645 1823 2710 ferre,
1845 2655 1902 2699 et
1931 2661 2055 2698 cum

477 2735 742 2793 Romanis
778 2736 1070 2804 conﬂigere
1134 2737 1464 2806 properavit.
1521 2737 1731 2791 Interea
1766 2736 1872 2791 loci
1915 2737 2057 2806 apud

481 2831 874 2898 imperatorem
905 2828 1213 2884 Marcianus
1244 2828 1483 2883 aﬂectati
1510 2829 1716 2898 imperii
1748 2837 2055 2893 accusatur,

479 2933 534 2975 et
552 2921 838 2976 calumniae
872 2921 1030 2976 [idem
1063 2921 1330 2976 adhibens
1348 2919 1620 2986 Justinus,
1643 2921 1918 2975 exercitus
1934 2935 2056 2974 eum

479 3015 716 3083 imperio
753 3014 1045 3080 submovit,
1073 3013 1532 3082 Tbeudorumque
1556 3013 1847 3068 Justiniani
1887 3011 2056 3066 tilium

2118 516 2127 521 ’
2162 531 2254 586 τὸν
2285 532 2515 601 ἀδελφὸν
2536 533 2794 605 Μανουὴλ
2821 533 3116 603 ἐτύγχανεν
3149 533 3374 599 ἀνελὼν,
3400 537 3495 590 καὶ
3527 537 3595 590 δι’
3623 539 3747 592 ἑτέ-

2164 639 2260 693 ρου
2289 624 2433 687 τινὸς
2456 624 2698 695 Οὐάρδου
2749 623 2982 693 ἀνεῖλον,
3022 627 3116 678 καὶ
3150 627 3375 696 Περσῶν
3405 629 3748 694 ἀποστάντες

2176 712 2468 783 Ῥωμαίοις
2532 715 2983 786 προσεχώρησαν,
3026 718 3090 769 τὸ
3127 718 3351 781 Δούϐιος
3383 720 3446 771 τὸ
3475 720 3744 791 πόλισμα,

2161 807 2219 858 ὲν
2247 798 2290 870 ᾧ
2316 803 2618 874 κατῴκουν,
2643 805 3001 869 ἀπολιπόντες
3031 808 3127 860 καὶ
3164 809 3301 879 πρὸς
3336 812 3406 863 τὰ
3451 809 3747 880 Ῥωμαίων

2161 898 2267 966 ήθη
2319 897 2604 966 γενόμενοι
2630 913 2643 926 ο
2682 898 2776 949 καὶ
2808 897 2967 950 τοῦτο
3002 899 3238 967 μάλιστα
3285 900 3475 968 γέγονε
3503 903 3604 970 τῆς
3632 903 3746 956 τῶν

2162 989 2388 1057 Περσῶν
2415 989 2547 1058 πρὸς
2582 989 2888 1058 Ῥωμαίους
2908 990 3150 1042 σπονδῶν
3173 993 3524 1056 καταλύσεως
3543 997 3741 1050 αἴτιον.

2175 1081 2514 1152 ’Ᾱπέστήσαν
2539 1082 2594 1135 δὲ
2625 1083 2935 1153 παραυτίκα
2965 1083 3060 1135 καὶ
3083 1084 3199 1152 ’16η
3209 1101 3321 1152 ρες,
3340 1087 3435 1137 καὶ
3456 1087 3747 1158 προσεχώ-

2165 1188 2336 1240 ρησαν
2380 1173 2695 1242 Ῥωμαίοις,
2738 1173 3035 1241 Γοργένους
3065 1173 3246 1226 αὐτῶν
3273 1177 3701 1245 ἡγεμονεύοντος
3722 1194 3738 1210 ⁸

2159 1259 2228 1334 ἦν
2278 1264 2337 1316 δὲ
2390 1263 2501 1316 τῶν
2553 1263 2778 1334 Ἰϐήρων
2830 1263 2953 1316 τότε
2992 1267 3024 1334 ή
3069 1265 3324 1333 Τίφιλις⁶
3379 1269 3738 1337 μητρόπολις.

2234 1354 2356 1408 Ὀτι
2379 1356 2693 1426 Μαρκιανὸς
2721 1358 2748 1408 6
2774 1356 2870 1408 τοῦ
2907 1356 3193 1411 Ἰουστίνου
3229 1357 3323 1410 τοῦ
3361 1358 3624 1428 βασιλέως
3650 1360 3740 1425 ἐξ·-

2161 1449 2406 1518 άδελφος,
2435 1450 2534 1518 τῆς
2573 1449 2686 1502 Ἕω
2713 1449 3118 1520 χειροτονηθεὶς
3168 1454 3493 1521 στρατηγὸς,
3538 1453 3618 1516 εἰς
3646 1454 3739 1506 τὸν

2161 1541 2297 1611 πρὸς
2317 1542 2563 1611 Χοσρόην
2607 1542 2844 1610 πόλεμον
2902 1542 3076 1613 ὀγδόῳ
3127 1542 3238 1595 ἔτει
3296 1545 3394 1614 τῆς
3451 1543 3737 1599 Ἰουστίνου

2161 1631 2435 1702 βασιλείας
2458 1631 2932 1696 ὲξαποστέλλεται.
2966 1633 3051 1704 [8i
3086 1633 3176 1704 8.]
3207 1635 3461 1704 Ἰωάννης
3490 1637 3545 1689 δὲ
3583 1639 3610 1690 6
3638 1639 3744 1708 τῆς.

2171 1724 2461 1794 Ἀρμενίας
2489 1725 2795 1795 στρατηγὸς
2827 1726 2921 1778 καὶ
2974 1727 3225 1796 Μιρανης
3246 1727 3264 1756 ⁷
3297 1729 3324 1780 6
3349 1726 3457 1780 τῶν
3486 1728 3734 1798 Περσῶν,

2156 1819 2182 1870 6
2212 1817 2306 1869 καὶ
2341 1817 2734 1887 Βαραμαάνης,
2768 1819 2866 1887 τὴν
2900 1819 3186 1888 στρατείαν
3221 1819 3592 1889 συνήθροιζον.
3625 1823 3737 1874 Καὶ

2156 1910 2268 1968 τοῖς
2305 1908 2403 1976 μὲν
2467 1908 2774 1976 Ἀρμενίοις
2827 1909 3162 1977 συνεμάχουν
3215 1908 3436 1978 Κόλχοι,
3479 1909 3736 1978 Ἀὗασγοὶ

2157 1999 2250 2051 καὶ
2285 1998 2511 2068 Σαρώης
2543 1999 2564 2029 ⁸
2597 2001 2626 2052 6
2667 1999 2904 2052 ’Δλανῶν
2961 1999 3232 2069 βασιλεὺς,
3285 1999 3362 2070 τῷ
3401 2000 3457 2053 δὲ
3518 2002 3739 2073 Μιράνῃ

2158 2092 2379 2163 Σάσιροι
2412 2095 2506 2144 καὶ
2532 2093 2772 2155 Δαγάνες
2799 2095 2818 2124 ³
2847 2093 2941 2146 καὶ
2969 2094 3029 2144 τὸ
3046 2093 3336 2162 Διλμαϊνὸν
3369 2093 3540 2156 ἔθνος.
3574 2095 3740 2148 Πολε-

2161 2189 2339 2257 μήσας
2369 2188 2411 2218 ¹⁰
2441 2186 2496 2239 δὲ
2517 2190 2544 2240 ὁ
2573 2186 2890 2258 Μαρκιανὸς
2917 2186 3008 2238 τὸν
3036 2187 3287 2258 Μιράνην
3310 2187 3438 2255 περὶ
3465 2186 3561 2257 τήν
3588 2187 3740 2240 Νισι-

2157 2280 2337 2351 6ηνῶν
2368 2281 2410 2312 “
2441 2279 2595 2332 πόλιν
2627 2279 2789 2332 αὐτὸν
2817 2279 2914 2348 μὲν
2949 2281 3007 2342 ἐς
3062 2280 3242 2349 φυγὴν
3273 2278 3518 2348 ἔτρεψεν,
3562 2279 3738 2332 ἀνεῖλε

2156 2374 2213 2427 δὲ
2240 2375 2300 2426 ἐν
2330 2375 2396 2443 τῇ
2433 2374 2580 2443 μάχῃ
2629 2372 2833 2442 χιλίους
2879 2372 2973 2424 καὶ
3019 2371 3347 2435 διακοσίους,
3391 2373 3486 2425 καὶ
3536 2372 3738 2436 ζῶντες

2157 2463 2471 2535 ἐλήφθησαν
2496 2469 2571 2516 ο’·
2619 2462 2906 2532 Ῥωμαίων
2963 2462 3020 2515 δὲ
3074 2463 3263 2530 ἄνδρες
3303 2463 3345 2492 ¹²
3394 2462 3743 2533 ἀνῃρέθησαν

2158 2555 2201 2618 ζ’
2227 2574 2240 2588 ⁸
2272 2555 2580 2625 ἐπολιόρκει
2627 2571 2686 2607 τε
2746 2555 2846 2625 ήδη
2875 2554 2966 2607 καὶ
3002 2555 3060 2607 τὸ
3087 2555 3196 2608 τῶν
3225 2555 3535 2626 Νισιϐηνῶν
3563 2555 3605 2586 ¹³
3628 2557 3744 2608 τεῖ-

2158 2666 2271 2718 χος.
2320 2649 2569 2719 Χοσρόης
2612 2645 2878 2699 δὲταῦτα
2933 2645 3121 2715 μαθὼν
3177 2647 3586 2716 τεσσαράκοντα
3637 2647 3742 2716 μὲν

2158 2740 2404 2811 χιλιάδας
2445 2739 2655 2792 ἱππέων
2687 2739 2752 2802 ³⁸,
2783 2736 2966 2802 πεζῶν
3011 2738 3068 2791 δὲ
3097 2737 3240 2807 ὑπὲρ
3265 2737 3362 2801 τὰς
3399 2739 3592 2791 ἑκατὸν
3613 2756 3744 2792 συν-

2157 2835 2386 2904 αγείρας
2412 2832 2676 2904 ἠπείγετο
2695 2829 2908 2900 βοηθεῖν
2932 2830 3028 2883 καὶ
3051 2829 3310 2899 πολεμεῖν
3331 2829 3739 2900 -⁹Ρωμαίους¹⁵.

2159 2926 2250 2978 Ἐν
2270 2924 2445 2994 τούτῳ
2471 2922 2528 2975 δὲ
2561 2919 2906 2975 διαϐάλλεται
2930 2921 2957 2970 6
2981 2920 3298 2990 Μαρκιανὸς
3327 2919 3406 2990 τῷ
3425 2919 3635 2989 βασιλεί
3661 2921 3746 2984 ὠς

2159 3017 2298 3089 ἐρῶν
2346 3014 2681 3086 τυραννίδος,
2724 3013 2819 3067 καὶ
2856 3013 2886 3064 6
2925 3012 3181 3082 βασιλεὺς
3223 3012 3268 3043 ¹⁶
3303 3012 3545 3075 πεισθεὶς
3577 3012 3745 3065 αὐτὸν

482 3105 680 3160 Tziron
731 3114 1111 3174 cognomento,
1165 3105 1399 3160 suilecit.
1431 3104 1565 3160 I‘Iinc
1608 3104 1840 3159 turbatis
1869 3103 2052 3169 rebus,

2165 3108 2262 3178 μὲν
2283 3106 2559 3174 παρέλυσε
2584 3105 2685 3173 τῆς
2718 3102 2913 3172 ἀρχῆς,
2963 3101 3238 3172 Θεόδωρον
3268 3102 3744 3168 ἀντικαταστήσας

478 3198 712 3251 Romani
754 3211 974 3267 quoque
1011 3196 1354 3252 obsidionem
1387 3185 1687 3260 sdlveruut,
1716 3204 1772 3249 et
1791 3192 2058 3250 Chosroes

476 3294 650 3347 varas
679 3299 1045 3362 oppugnatam
1083 3290 1268 3344 urbem
1298 3289 1348 3344 vi
1371 3289 1530 3358 cepit.

562 3649 938 3721 Theophylacti
969 3554 1661 3704 Simocahf‘lyliuoriarum
1701 3646 1825 3700 libri
1866 3662 1986 3703 vui.

548 3825 700 3883 Lecti
757 3835 884 3883 sunt
928 3826 1316 3897 Theophylacti
1380 3823 1710 3894 ειμι-πίθου,
1756 3833 1814 3880 et
1857 3823 2061 3880 Scriba:

477 3929 603 3974 octo
632 3918 753 3974 libri
786 3917 1168 3972 Historiarum.
1199 3915 1293 3971 Est
1325 3916 1412 3972 hic
1437 3915 1869 3986 Theophylactus
1900 3915 2060 3971 domo

476 4011 791 4082 Egyptius.
832 4010 1008 4064 Dictio
1041 4010 1183 4063 illius
1230 4007 1458 4064 Veneris
1490 4008 1694 4077 aliquid
1727 4009 1908 4075 habet,
1953 4009 2057 4065 nisi

476 4106 620 4174 quod
654 4104 898 4173 liguratis
924 4102 1164 4168 vocibus,
1197 4110 1252 4155 et
1277 4100 1582 4170 allegoricis
1597 4099 1845 4155 sensibus
1876 4102 2059 4171 putide

475 4197 639 4252 nimis
693 4211 758 4250 ac
811 4194 1126 4262 frequenter
1156 4196 1222 4248 ad
1256 4193 1558 4248 satietatem
1616 4209 1770 4259 usus,
1805 4195 1857 4248 in
1903 4193 2058 4262 frigi-

474 4293 696 4345 ditatem
742 4289 1031 4359 quamdam
1081 4301 1145 4341 ac
1173 4285 1443 4354 juveniles
1496 4285 1728 4354 ineptias
1766 4284 2058 4339 dilabatur.

2161 3200 2254 3252 τὸν
2282 3198 2375 3252 τοῦ
2404 3193 2779 3250 Ἰουστινιανοῦ
2819 3194 3013 3259 παῖδα,
3051 3193 3247 3264 Τζίρον
3280 3194 3531 3265 ἐπίκλην.
3579 3193 3744 3247 Ἀτα-

2161 3291 2281 3358 ξίας
2320 3290 2376 3342 δὲ
2404 3289 2492 3342 διὰ
2512 3288 2686 3342 ταῦτα
2715 3286 3000 3359 συμϐάσης
3039 3287 3138 3358 τῆς
3162 3305 3220 3341 τε
3259 3288 3576 3360 πολιορκίας
3612 3288 3747 3343 Ῥω-

2164 3384 2315 3453 μαῖοι
2337 3382 2662 3451 ἀπέσχοντο,
2687 3383 2780 3435 κα).
2800 3381 3046 3452 Χοσρόης
3077 3381 3141 3433 τὸ
3165 3381 3346 3452 Δαρὰς
3375 3380 3744 3452 πολιορκήσας

2163 3476 2549 3546 παρεστήσατο
2584 3475 2646 3528 ¹⁷.

2875 3565 2998 3620 EE’.

2164 3661 2592 3732 Θεοφυλάκτου
2644 3661 2763 3716 ἀπὸ
2822 3659 3113 3732 ἐπάρχων(
3162 3660 3264 3714 καὶ
3312 3657 3742 3729 ἀντιγραφέως,

2755 3733 2929 3800 λόγοι
2972 3730 3145 3784 ὀκτώ.

2245 3825 2585 3897 Ἀνεγνὼσθη
2625 3823 3006 3894 Θεοφυλάκτου
3046 3824 3156 3877 ἀπὸ
3181 3824 3438 3893 ἐπάρχων
3471 3824 3562 3877 καὶ
3591 3823 3749 3876 ἀντι-

2163 3921 2425 3990 γραφέως
2457 3920 2709 3990 ἱστοριῶν
2747 3918 2895 3986 λόγοι
2934 3915 3262 3970 ὀκτώ.¹Ἐστι
3292 3915 3348 3968 δὲ
3379 3907 3533 3978 οὗτος
3557 3917 3584 3968 6
3612 3915 3748 3967 Θεο-

2162 4013 2435 4083 φὺλακτος
2467 4011 2544 4082 τῷ
2587 4011 2736 4080 γένει
2793 4007 3112 4078 Αἰγύπτιος.
3179 4006 3242 4061 Ἢ
3305 4008 3487 4076 μέντοι
3541 4008 3746 4077 φράσις

2160 4106 2310 4175 αὑτῷ
2331 4105 2444 4175 ἔχει
2485 4103 2587 4175 μέν
2624 4121 2676 4156 τι
2709 4090 2928 4173 χάριτος
2949 4143 2964 4167 ,
3012 4101 3151 4170 πλήν
3178 4117 3241 4167 γε
3295 4100 3359 4171 δή
3393 4101 3425 4170 η
3471 4099 3578 4152 τῶν
3610 4116 3743 4170 τρο-

2162 4197 2340 4251 πικῶν
2383 4195 2582 4261 λέξεων
2621 4195 2716 4248 καὶ
2768 4194 2867 4263 τῆς
2917 4193 3289 4265 ἀλληγορικῆς
3327 4191 3536 4253 ἐννοίας
3567 4207 3743 4244 κατα-

2163 4287 2332 4358 κορὴς
2381 4286 2576 4356 χρῆσις
2626 4286 2708 4347 εἰς
2749 4283 3116 4354 ψυχρολογίαν
3164 4281 3288 4336 τινὰ
3337 4282 3432 4334 καὶ
3482 4281 3743 4350 νεανικὴν

473 4382 858 4438 Verumtamen
889 4391 946 4434 et
971 4379 1360 4434 sententiarum
1407 4377 1494 4431 illa
1528 4375 1830 4444 interjectio
1880 4376 2056 4428 minus

2161 4374 2556 4445 ἀπειροκαλίαν
2601 4374 2958 4444 ἀποτελευτᾷ.
3005 4373 3080 4426 Οὐ
3115 4372 3221 4444 μὴν
3252 4371 3389 4424 ἀλλὰ
3438 4371 3532 4424 καὶ
3568 4372 3600 4440 ή
3637 4371 3744 4440 τῆς

469 4485 796 4545 opportuna,
819 4473 1154 4543 diligentiam
1185 4471 1361 4540 arguit
1386 4479 1439 4525 et
1465 4472 1760 4536 curiosam,
1781 4479 1835 4524 et
1868 4483 2059 4538 super-

473 4584 787 4623 vacaneam.
833 4566 1041 4622 Caetera
1092 4565 1286 4633 bonus,
1341 4566 1394 4620 in
1427 4562 1900 4634 reprehensionem
1950 4574 2054 4613 non

474 4662 722 4715 incurrit.
758 4660 1102 4728 iAuspicatur
1130 4657 1160 4711 ἐι
1188 4655 1433 4711 Mauricii
1468 4654 1718 4723 imperio,
1772 4651 2056 4722 pergitque

474 4753 600 4807 dum
631 4751 839 4806 Phoeas
865 4757 1084 4806 creatus
1113 4749 1413 4820 imperator
1447 4759 1553 4804 est.

543 4934 704 4990 Libro
730 4935 908 5005 primo
943 4934 1058 4989 haec
1092 4942 1280 4989 narrat
1309 4932 1421 5002 (88)
1451 4952 1464 4988 :
1508 4933 1800 4990 Mauricius
1832 4949 1860 4987 a
1889 4934 2054 4989 Tibe-

471 5027 556 5083 rio
589 5036 716 5081 tnnc
745 5027 1048 5096 imperante
1090 5025 1430 5080 renuntiatus
1473 5026 1766 5094 imperator
1806 5034 1891 5080 est
1917 5025 2052 5096 (89),

2159 4471 2537 4541 γνωμολογίας
2575 4471 2675 4523 οὐκ
2715 4472 2773 4523 ὲν
2829 4471 3007 4540 καιρῷ
3056 4469 3378 4541 παρενθήκη
3422 4468 3740 4538 φιλοτιμίας

2157 4568 2276 4620 ἐστὶ
2305 4565 2597 4637 περιέργου
2640 4564 2735 4618 καὶ
2775 4564 3060 4635 περιττῆς.
3091 4563 3172 4615 Τὰ
3225 4563 3271 4615 δ’
3310 4562 3446 4615 ἄλλα
3472 4560 3532 4614 οὔ
3573 4578 3622 4612 τι
3677 4562 3739 4622 ἐς

2159 4658 2354 4729 μῶμον
2383 4657 2510 4728 ἥκει
2542 4656 2605 4710 ¹⁸.
2636 4657 2902 4727 Ἀρχεται
2927 4655 2984 4708 δὲ
2998 4654 3106 4710 ἀπὸ
3136 4655 3233 4724 τῆς
3259 4654 3434 4725 ἀρχῆς
3452 4653 3545 4706 τοῦ
3579 4654 3746 4707 Manu-

2162 4750 2375 4820 ρικίου,
2433 4750 2529 4802 καὶ
2603 4747 2816 4802 κάτεισι
2889 4747 3053 4819 μέχρι
3112 4749 3214 4817 τῆς
3267 4747 3431 4800 Φωκᾶ
3490 4746 3741 4816 ἀναρρή-

2168 4859 2322 4905 σεως.

2246 4932 2333 4986 Ἐν
2364 4933 2462 5002 μὲν
2500 4926 2592 4985 οὗν
2617 4931 2694 5002 τῷ
2719 4931 2920 5004 πρώτῳ
2938 4932 3080 5000 λόγῳ
3099 4931 3353 5004 διέξεισιν
3377 4931 3521 4993 ὅπως
3538 4930 3566 4981 6
3587 4929 3744 4983 Μαυ-

2165 5024 2337 5095 ρίκιος
2388 5023 2493 5077 ὑπὸ
2543 5023 2796 5094 Τιϐερίου
2868 5026 2962 5078 τοῦ
3031 5023 3296 5094 βασιλέως
3348 5022 3743 5094 ἀναγορεύεται

1779 5137 2014 5193 VABIA‘J
2055 5135 2354 5192 LECTION
2363 5137 2467 5192 ES.

543 5235 766 5306 ⁶τιφλὶς
807 5253 883 5306 κς.
962 5235 982 5266 ⁷
1016 5231 1288 5306 Μηράνης
1320 5249 1384 5306 ς.
1463 5229 1716 5306 ῗΣαρόης
1765 5247 1823 5293 ς.

1903 5229 2188 5291 ’Δαϐάνες
2245 5230 2340 5282 καὶ
2395 5229 2455 5281 τὸ
2510 5229 2839 5299 Διλιμνιτῶν
2901 5229 3170 5284 Labbeus.
3250 5229 3293 5260 ¹⁰
3324 5227 3620 5298 πολεμίσας
3675 5249 3739 5295 ς.

476 5308 515 5339 ¹¹
558 5299 858 5361 Νισιὸινῶν
887 5307 952 5359 Α.
1027 5306 1069 5342 ³³
1097 5299 1217 5374 post
1245 5299 1440 5374 ἄνδρες
1465 5302 1516 5354 in
1549 5301 1594 5354 A
1623 5301 1817 5374 lacuna
1845 5300 2086 5374 quinque
2123 5300 2207 5374 vel
2245 5301 2737 5374 sexAlitterarnm.
2806 5302 2864 5374 γ¹³
2899 5301 3189 5354 Νισιὸινῶν
3216 5299 3280 5374 Α.
3363 5300 3406 5330 ³⁸
3440 5299 3638 5374 ἱππέας
3673 5304 3741 5354 Α.

475 5378 518 5409 ⁸⁸
555 5378 847 5448 Ῥωμαίοις
872 5395 932 5441 ς.

474 5461 566 5504 sus
607 5443 1022 5519 quatuordecim
1049 5443 1226 5501 vacui.
1309 5444 1350 5475 ’⁸
1373 5443 1498 5512 ἥκοι
1551 5459 1610 5504 ς.

1008 5369 1164 5430 ²⁶κ“αἱ
1211 5369 1460 5444 βασιλεὺς
1492 5369 1736 5434 πεισθεὶς
1791 5371 1836 5424 Α
1863 5408 1877 5433 ,
1926 5369 2020 5423 καὶ
2051 5370 2297 5432 πεισθεὶς
2321 5373 2349 5423 6
2375 5369 2628 5440 βασιλεὺς
2659 5390 2718 5435 ς.

2801 5373 2841 5403 ¹⁷
2884 5382 3004 5442 post
3031 5373 3416 5442 παρεστήσατο
3456 5372 3508 5424 in
3547 5371 3592 5421 Α
3623 5385 3751 5423 ver-

1985 5534 2218 5591 NOTAE.

544 5631 655 5702 (87)
694 5631 852 5687 Iidem
885 5635 1053 5694 forte,
1085 5633 1175 5700 qui
1209 5647 1329 5700 sup.
1363 5629 1550 5685 Saberi
1582 5645 1608 5682 a
1646 5629 1870 5702 Procop.
1903 5627 2052 5682 dicti.

547 5699 658 5772 (88)
703 5703 990 5772 Nicephor.
1023 5699 1493 5758 Callistus’eadcm
1542 5708 1730 5756 narrat
1779 5699 1872 5754 lib.
1917 5713 2052 5754 xvttt

473 5776 652 5828 acules.
688 5773 965 5840 llistoriw,
997 5790 1045 5829 c.
1079 5773 1165 5827 45.

2237 5628 2349 5700 (89)
2381 5627 2509 5699 Ejus
2539 5629 2776 5683 nominis
2799 5628 2890 5693 IV,
2925 5644 3085 5700 quem
3113 5626 3476 5698 Jejunatorem
3509 5623 3753 5695 appella-

2165 5709 2308 5756 runt.
2332 5699 2416 5755 De
2453 5715 2560 5768 quo
2596 5715 2714 5770 sup.
2752 5714 2967 5769 quoque
2999 5699 3090 5754 lib.
