4030 6458
239 370 334 437 141

1342 369 1870 433 BIBLIOTHECA;
1910 393 1982 404 -
2017 367 2183 428 COD.
2244 365 2416 427 LXV.

3413 367 3513 431 142

236 483 513 557 βασιλεὺς,
565 482 813 535 Ἰωάννου
845 482 966 533 κατ’
996 481 1171 533 ἐκεῖνο
1201 482 1394 551 καιροῦ
1418 483 1517 550 τῆς
1543 483 1821 534 Κωνστανο

1941 476 2133 531 loanne
2175 480 2365 531 eadem
2398 485 2719 546 tempestate
2761 475 3374 548 ConstantinOpolitanw
3412 481 3518 535 Ec-

234 569 981 639 τινοοπολιτῶνἘκκλησίας
1026 571 1446 641 προεστηκότος·
1497 573 1597 624 ὅσα
1633 590 1695 625 τε
1742 574 1822 636 εἰς

236 662 517 721 νουθεσίαν
544 654 672 713 εἷπε
697 659 1007 731 Μαυρικίου
1027 698 1044 725 ,
1084 659 1307 733 Ἰωάννῃ
1352 659 1431 729 τῷ
1463 660 1747 729 κυαίστορι
1777 660 1820 692 ¹⁹

238 754 520 827 χρώμενος
582 750 846 821 ὑπουργῷ
888 749 999 804 τῶν
1061 750 1259 819 λόγων,
1294 751 1355 815 ὃς
1389 752 1526 823 πρός
1554 770 1615 805 τε
1659 752 1822 805 αὐτὸν

241 848 552 918 Μαυρίκιον
593 843 810 898 καὶτὸν
852 842 1025 913 δῆμον
1062 844 1162 914 τὴν
1219 846 1278 898 ὲν
1306 844 1384 914 τῷ
1441 844 1585 915 λόγῳ
1623 845 1824 915 πρᾶξιν

248 940 455 1009 ἐτάχθη
494 934 725 1008 πληροῦν
758 934 851 989 τοῦ
917 935 1205 1005 βασιλέως·
1252 937 1401 998 ὅπως
1440 955 1501 990 τε
1532 937 1683 1007 αύτῷ
1725 938 1825 1010 τὴν

249 985 455 1009 ""I."6
503 985 716 1008 "'"IV'V'
769 985 844 989 νῆ’
917 985 1183 1005 Υ“’⁷“”“““⁹
1256 985 1398 998 '"'"
1452 985 1500 990 "
1535 985 1679 1007 ""1'
1737 985 1819 1010 "|'

204 985 220 1106 ἓ
256 1032 531 1101 θυγατέρα
560 1028 949 1099 κατενεγύησεν
967 1030 1013 1061 ²⁰
1030 1047 1044 1059 ⁵
1077 1030 1227 1093 ὅπως
1254 1047 1315 1083 τε
1338 1033 1403 1101 τῇ
1437 1031 1701 1102 ὑστεραίᾳ
1724 1033 1825 1100 τῆς

260 1126 553 1195 Μαυρικίου
597 1124 957 1194 ἀναρρήσεως
1003 1123 1325 1195 ἐτελεύτησε
1345 1162 1360 1187 ,
1396 1125 1493 1177 καὶ
1526 1124 1604 1187 ὼς
1633 1125 1822 1198 πρὶνῆ

270 1214 736 1284 τελευτῆσαιαύτὺν
764 1211 903 1269 εἶδεν
926 1216 1049 1285 ὄψιν
1075 1216 1342 1285 λέγουσαν
1368 1217 1538 1289 αὐτῷ,
1562 1217 1701 1271 Τάδε
1721 1236 1824 1283 σοι,

275 1309 484 1378 Τιϐέριε,
511 1308 572 1360 τὸ
600 1308 886 1379 τρισάγιον
916 1307 1009 1380 [40
1032 1307 1123 1381 Η.]
1155 1308 1323 1378 λέγει·
1346 1311 1410 1363 Οἱ
1440 1311 1697 1381 τύραννοι
1726 1312 1827 1380 τῆς

267 1402 498 1459 ἀσεϐείας
538 1404 581 1433 ’ί
634 1403 727 1455 ἐπὶ
775 1402 876 1472 τῆς
932 1405 1031 1473 σῆς
1074 1404 1352 1473 βασιλείας
1390 1404 1452 1458 οὐ
1508 1405 1828 1476 φοι-θήσουσι

255 1495 440 1566 χρόνοι.
477 1490 588 1547 Ἦν
619 1496 665 1548 δ’
695 1495 805 1565 ἄρα
843 1495 1018 1549 ταῦτα
1047 1497 1093 1528 ²²
1127 1499 1312 1550 ἐκεῖνα
1342 1496 1652 1567 τραγῳδίας
1685 1496 1829 1561 τινὸς

255 1590 649 1659 πρνιαγὸρευσις
674 1590 772 1659 τῆς
820 1589 925 1642 ἀνά
956 1588 1048 1642 τὸν
1083 1590 1426 1660 παλαμναῖον
1463 1591 1660 1644 Φωκᾶν
1703 1591 1829 1643 ἀνο-

250 1680 497 1749 σιουργοῦ
547 1680 882 1751 τυραννίδος·
934 1680 1016 1733 ἔτι
1050 1681 1107 1734 δὲ
1142 1684 1234 1735 καὶ
1274 1682 1351 1747 ὡς
1386 1683 1523 1753 πρὸς
1562 1681 1831 1751 Ἀϐάρους

246 1772 337 1841 ἢδη
367 1772 556 1841 μικρῷ
587 1771 821 1842 πρόσθεν
841 1771 904 1824 τὸ
936 1771 1160 1844 Σίρμιον
1180 1772 1650 1845 πολιορκήσαντας
1674 1775 1829 1828 Mau-

247 1864 411 1933 ρίκιος
450 1864 691 1926 σπονδάς
720 1864 893 1929 ἔθετο,
938 1865 1022 1917 ἀν’
1048 1866 1094 1896 ’³
1136 1864 1255 1929 ἔτος
1294 1866 1526 1919 ἕκαστον
1556 1869 1668 1929 τοῖς
1696 1866 1832 1938 βαρ·
1860 1850 1909 1909 Β

247 1957 432 2025 ϐάροις
464 1955 796 2025 συνθέμενος
832 1956 1341 2025 ἐγκαταϐάλλεσθαι
1374 1957 1442 2011 δι’
1470 1960 1771 2029 ὲμπορείας
1789 1960 1837 1993 ’⁸

238 2048 487 2119 ἀργύρου
515 2066 573 2102 τε
597 2049 692 2101 καὶ
708 2047 937 2121 ἐσθῆτος
960 2049 1163 2121 χρυσοῦ
1180 2050 1428 2121 χιλιάδας
1449 2058 1523 2105 π’.
1548 2052 1615 2104 Αἳ
1640 2053 1837 2124 μέχρις

240 2140 511 2194 ἐνιαυτῶν
551 2140 643 2194 δύο
668 2141 987 2213 διήρκεσαν,
1018 2142 1123 2195 ὑπὸ
1148 2143 1247 2212 τῆς
1280 2142 1626 2215 βαρϐαρικῆς
1656 2146 1835 2217 ἀπλη-

240 2232 395 2327 στίας
448 2231 727 2327 λυθεῖσαν
762 2234 935 2327 είκοσι
1116 2234 1371 2327 χιλιάδων
1405 2237 1613 2327 χρυσού
1635 2238 1663 2289 6
1700 2236 1855 2327 ﬁép—K

239 2324 407 2395 ϐαρος
429 2323 755 2396 προσθήκην
772 2323 976 2395 ἐζήτει.
993 2318 1156 2388 Ἐξοῦ
1170 2323 1324 2389 λύσις
1339 2328 1531 2394 γέγονε
1547 2326 1658 2380 τῶν
1673 2343 1835 2380 σπον-

236 2417 337 2471 δῶν
364 2436 380 2449 ·
416 2418 515 2470 καὶ
547 2416 828 2471 ἁλίσκεται
868 2417 972 2470 ὑπὸ
1003 2416 1112 2470 τῶν
1144 2416 1441 2489 βαρϐάρων
1490 2419 1771 2491 Σιγγηδὼν
1800 2420 1834 2491 ἡ

240 2508 393 2573 πόλις
430 2511 530 2563 καὶ
559 2508 846 2577 Αύγούστα
892 2509 1071 2564 καὶτὸ
1088 2510 1435 2581 Βιμινάκιον,
1460 2513 1835 2582 πολιορκεῖται

240 2603 295 2655 δὲ
320 2602 421 2655 καὶ
462 2600 753 2670 Ἀγχίαλος
775 2600 949 2665 πόλις.
983 2601 1095 2655 Καὶ
1121 2600 1521 2672 πρεσϐεύονται
1563 2602 1836 2666 Ἑλτιίδιος

241 2694 330 2746 καὶ
356 2690 733 2761 Κομεντὶολος
769 2691 1060 2762 Ῥωμαίων
1107 2693 1368 2764 πρέσϐεις
1416 2694 1555 2764 πρὸς
1584 2693 1678 2747 τὸν
1729 2695 1837 2748 τῶν

251 2784 506 2853 Ἀϐάρων
557 2784 833 2851 Χαγάνον,
875 2782 966 2854 [84
1002 2781 1094 2855 R.]
1128 2785 1223 2838 καὶ
1275 2785 1622 2855 άτιμοῦνται,
1648 2784 1744 2839 ἆτε
1772 2785 1837 2858 δὴ

234 2878 617 2949 Κομεντιόλου
654 2878 1182 2949 παρρησιασαμένου
1214 2878 1351 2950 πρὸς
1376 2878 1471 2932 τὸν
1534 2878 1835 2951 βάρϐαρον.

233 2970 341 3025 Τοῦ
372 2973 439 3026 δὲ
463 2975 859 3044 ἐπιγενομένου
886 2973 1044 3036 ἔτους
1078 2974 1243 3029 πάλιν
1280 2974 1550 3038 Ἐλπίδιος
1582 2974 1722 3045 πρὸς
1747 2973 1838 3027 τὸν

232 3067 504 3136 Χαγάνον
554 3067 1010 3138 διαπρεσϐεύεται
1090 3067 1184 3120 ἐπὶ
1236 3067 1316 3139 τῷ
1369 3068 1463 3120 καὶ
1514 3067 1613 3130 τὰς
1666 3067 1839 3119 εἴκοσι

236 3159 499 3229 χιλιάδας
532 3159 920 3231 προστεθῆναι,
957 3161 1053 3213 καὶ
1082 3158 1265 3214 λαϐὼν
1312 3159 1608 3229 Ταργίτιόν
1636 3161 1685 3192 ’³
1713 3176 1840 3213 τινα

236 3253 349 3306 ἀπὸ
374 3251 497 3304 τῶν
555 3229 804 3322 Ἀϐάρων
845 3254 904 3316 ἐς
961 3250 1258 3316 Βυζάντιον
1311 3246 1468 3324 ἧκεν.
1518 3252 1672 3305 Ἐπεὶ
1699 3252 1756 3306 δὲ
1787 3252 1837 3304 οἱ
1868 3229 1910 3287 C

238 3344 521 3415 βάρϐαροι
553 3345 600 3374 ’⁸
631 3344 802 3399 πολλὰ
829 3345 940 3398 τῶν
983 3344 1272 3416 Ῥωμαίων
1305 3344 1605 3415 ἐληΐζοντο,
1635 3345 1841 3417 Ταργί-

237 3455 354 3502 τιος
423 3439 508 3501 είς
546 3438 794 3492 Χαλκίδα
836 3440 1001 3508 νῆσον
1064 3437 1402 3510 ἐξορίζεται,
1456 3437 1644 3510 μηνῶν
1673 3437 1733 3505 ἓξ
1771 3440 1837 3509 τῇ

242 3530 439 3601 ἑξορίᾳ
478 3530 928 3601 παραταθέντων.
963 3531 1278 3600 Στρατηγδς
1305 3530 1362 3584 δὲ
1393 3528 1640 3601 αἱρεθεὶς
1661 3529 1705 3561 ³⁷
1730 3530 1842 3582 Κο-

246 3620 538 3690 μεντίολος
564 3622 703 3674 κατὰ
738 3622 1070 3693 Σκλαϐήνων
1103 3622 1509 3694 ἠνδραγάθησε.
1552 3623 1664 3677 Καὶ
1691 3623 1841 3686 ὅπως

246 3714 417 3767 πάλιν
479 3715 509 3766 6
561 3714 813 3781 Χαγάνος
862 3716 964 3778 τὰς
1026 3714 1259 3778 σπονδὰς
1302 3716 1511 3785 συγχεῖ.
1545 3714 1656 3768 Καὶ
1710 3714 1842 3785 περὶ

248 3806 603 3877 Βουγολὸϐρα
639 3808 684 3839 ³⁸
725 3808 819 3861 τοῦ
870 3808 1071 3878 μάγου·
1123 3808 1389 3878 πόρθησις
1447 3824 1509 3861 τε
1572 3806 1842 3860 πλείστων

250 3898 465 3951 πόλεων
504 3899 835 3969 Ῥωμαϊκῶν
864 3899 970 3953 ὑπὸ
998 3901 1109 3953 τῶν
1150 3899 1463 3970 βαρϐάρων.

319 3985 463 4042 Εἶτα
482 3989 576 4044 τὸν
591 3991 826 4061 πόλεμον
845 3990 1066 4059 διέξεισι
1081 3991 1189 4045 τῶν
1202 3991 1428 4063 Περσῶν
1442 3991 1536 4045 καὶ
1552 3989 1843 4060 Ῥωμαίων

249 4084 336 4135 τὸν
367 4084 468 4135 ἐπὶ
490 4083 585 4137 τὸν
607 4083 686 4136 Νύ
696 4101 774 4154 μφ
784 4101 859 4137 ιον
877 4085 1121 4155 ποταμὸν
1144 4085 1235 4138 τόν
1259 4102 1319 4137 τε
1338 4085 1515 4155 γάμον
1532 4083 1841 4153 Μαυρικίου

252 4177 347 4227 καὶ
380 4175 815 4245 Κωνσταντίνης
835 4176 935 4246 τῆς
954 4176 1205 4245 Τιϐερίου
1221 4175 1510 4247 θυγατρός.
1530 4173 1847 4244 Διαλαμϐά-

250 4281 329 4316 νει
346 4264 408 4317 δὲ
436 4264 537 4318 καὶ
558 4266 685 4335 περὶ
713 4264 808 4318 τοῦ
833 4266 1130 4337 γενομένου
1157 4264 1518 4337 ἐμπρησμοῦ,
1546 4264 1605 4328 ὃς
1625 4265 1670 4296 ²⁹
1692 4267 1749 4318 ἐν
1766 4263 1846 4334 τῷ

251 4357 406 4427 φὸρῳ
436 4358 584 4410 κατὰ
620 4358 688 4411 τὰ
722 4358 988 4430 προοίμια
1016 4359 1115 4430 τῆς
1148 4358 1429 4428 βασιλείας
1458 4358 1771 4428 Μαυρικίου
1800 4358 1845 4390 ³⁰

252 4448 488 4517 συνέϐη,
521 4449 617 4501 καὶ
647 4451 777 4520 περὶ
810 4450 909 4519 τῆς
938 4450 1275 4521 ἀναιρέσεως
1302 4450 1573 4503 Παυλίνου
1594 4449 1689 4503 τοῦ
1715 4449 1849 4520 περὶ

1930 568 2106 623 clesiae
2136 569 2317 623 sedem
2357 567 2889 638 Ieneute.Praccepta
2933 569 3176 639 qmedam
3225 571 3522 642 imperator

1930 659 2191 715 Mauricio
2225 660 2392 727 dedit,
2420 658 2640 714 Joannis
2673 660 2959 729 quaestoris
2992 661 3057 715 ad
3093 676 3212 717 eam
3248 680 3361 718 rem
3394 680 3524 734 0pc-

1932 769 1991 807 ra
2043 769 2195 815 usus,
2247 754 2339 820 qni
2396 753 2462 807 ad
2512 752 2831 808 Mauricium
2891 754 3089 824 ipsum,
3159 757 3524 828 populumque

1932 845 2096 901 verba
2147 845 2349 909 facere,
2390 845 2736 916 imperatoris
2785 847 2905 903 loco
2944 847 3132 916 jussus
3176 858 3279 904 est.
3327 849 3519 904 Filiam

1932 939 2193 994 Mauricio
2248 939 2501 993 Tiberius
2534 940 2842 1007 deSpomlit,
2896 951 3218 1010 posteroque
3250 941 3337 996 die
3360 957 3524 1010 quam

1932 1044 2150 1089 creatus
2200 1033 2495 1087 Mauricius
2526 1041 2629 1097 est,
2677 1033 2764 1087 hic
2795 1035 2903 1089 vita
2933 1035 3168 1089 decessit
3194 1034 3329 1105 (90).
3363 1034 3525 1089 Morti

1932 1127 2145 1182 vicinus
2173 1127 2347 1180 visum
2376 1126 2527 1192 vidit,
2581 1127 2680 1180 hac
2718 1127 2864 1181 edita
2904 1141 3036 1182 voce
3070 1143 3085 1181 :
3120 1125 3264 1189 Tibi,
3298 1142 3332 1181 ο
3361 1125 3525 1181 Tibe-

1935 1221 2003 1286 ri,
2075 1220 2312 1273 Trinitas
2366 1219 2506 1273 Dcus
2575 1219 2806 1281 mmtiat.
2890 1219 3186 1288 impietatis
3241 1218 3526 1288 tyrannica

1935 1325 2201 1383 tempora,
2237 1322 2287 1366 te
2317 1312 2639 1378 imperante,
2691 1312 2911 1367 minime
2939 1322 3184 1366 ventura.
3228 1311 3529 1367 Denuntia-

1936 1408 2028 1462 bat
2071 1407 2329 1461 nimirum
2372 1407 2691 1476 tragmdiam
2744 1405 2966 1460 nefaria:
3017 1405 3369 1476 tyrannidisa
3402 1420 3528 1459 cru-

1935 1500 2039 1555 deli
2088 1498 2267 1555 Phoca
2302 1499 2673 1567 scelerateque
2722 1498 3068 1568 occupandae.
3120 1496 3254 1553 Cum
3302 1497 3525 1560 Abaris,

1936 1594 2027 1663 qui
2049 1593 2160 1661 jam
2198 1593 2454 1647 Sirmium
2483 1592 2738 1647 obsidere
2771 1600 3068 1658 cmperant,
3104 1589 3347 1644 inducias
3374 1589 3530 1642 Mau-

1937 1688 2102 1741 ricius
2146 1686 2296 1751 fecit,
2352 1702 2413 1741 ea
2462 1686 2599 1757 lege,
2652 1695 2709 1738 ut
2761 1684 3015 1739 Barbaris
3069 1685 3362 1752 quotannis
3404 1699 3527 1737 cum

1939 1777 2166 1846 pecunia
2197 1786 2501 1839 numerata,
2553 1786 2663 1830 tum
2697 1776 2963 1842 vestibus,
3019 1777 3161 1846 27b
3194 1777 3312 1831 auri
3352 1776 3531 1845 pondo

1938 1868 2105 1923 millia
2144 1870 2418 1938 octoginta
2452 1870 2733 1938 penderet.
2788 1868 2938 1936 Quar,
2967 1885 3088 1923 cum
3117 1870 3395 1924 biennium
3444 1872 3531 1924 in-

1939 1958 2111 2012 ducize
2163 1969 2396 2013 servata:
2426 1956 2679 2025 fuissent,
2726 1960 3008 2015 barbarica
3039 1961 3269 2028 quadam
3299 1971 3353 2015 et
3383 1962 3532 2015 inex-

1937 2048 2120 2118 plebili
2167 2050 2468 2119 cupiditate
2506 2048 2696 2105 soluta:
2749 2059 2917 2105 sunt:
2954 2050 3141 2119 viginti
3185 2052 3330 2105 enim
3366 2052 3530 2105 millia

1939 2139 2172 2208 amplius
2206 2139 2285 2211 (ut
2318 2150 2535 2195 centum
2577 2142 2783 2211 essent)
2809 2141 3161 2196 additamenti
3201 2142 3318 2197 vice
3344 2152 3533 2212 postn-

1938 2233 2143 2287 labant.
2190 2233 2327 2289 llinc
2380 2235 2748 2304 postissimum
2806 2244 2975 2303 ruptae
3030 2235 3260 2291 induciae
3291 2276 3307 2302 ,
3336 2248 3535 2307 capta-

1939 2342 2045 2397 que
2078 2345 2108 2383 a
2139 2327 2400 2383 Barbaris
2446 2328 2720 2397 Singedon
2772 2327 3054 2397 oppidum,
3103 2328 3344 2398 Augusta
3376 2329 3533 2396 item,

1938 2429 1993 2477 et
2041 2419 2437 2487 Viminacium;
2482 2421 2703 2476 obsessa
2752 2429 2805 2474 et
2856 2420 3150 2475 Anchialos
3196 2421 3345 2475 urbs.
3385 2419 3536 2476 Missi

1940 2515 2311 2570 Romanorum
2376 2513 2539 2584 legati
2600 2512 2864 2581 Elpidius,
2934 2523 2989 2568 et
3040 2512 3415 2571 Comentiolus
3466 2518 3534 2570 ad

1937 2606 2243 2661 Abarorum
2301 2604 2641 2676 Chaganum,
2692 2605 2807 2675 qui,
2860 2606 3002 2676 quod
3047 2605 3269 2662 liberius
3326 2608 3539 2663 locutus

1941 2699 2084 2770 apud
2131 2697 2433 2753 Barbarum
2500 2697 2872 2753 Comentiolus
2919 2707 3085 2763 esset,
3146 2701 3539 2756 contumeliose

1940 2789 2170 2858 accepti.
2201 2787 2460 2843 Vertente
2502 2802 2669 2852 anno,
2700 2785 2943 2855 Elpialius
2978 2803 3191 2842 rursum
3227 2790 3293 2843 ad
3321 2789 3537 2860 Cliaga-

1940 2897 2069 2936 num
2124 2881 2180 2935 in
2235 2880 2559 2949 legationem
2628 2877 2926 2949 profectus,
3009 2879 3199 2950 viginti
3253 2896 3312 2937 se
3369 2882 3534 2936 millia

1941 2975 2250 3029 additurum
2330 2973 2627 3043 quotannis
2699 2970 3048 3040 pollicetur:
3100 2982 3155 3028 et
3222 2974 3535 3045 Targetium

1942 3064 2233 3135 quemdam
2267 3063 2499 3135 legatum
2540 3066 2609 3118 ab
2641 3066 2836 3120 Abaris
2869 3064 3163 3134 accipiens,
3212 3066 3538 3122 Constanti-

1946 3156 2184 3225 nopolim
2229 3156 2398 3210 misit.
2450 3153 2745 3225 Postquam
2794 3172 2922 3211 vero
2953 3156 3117 3211 Abari
3163 3155 3537 3213 Romanorum

1944 3263 2125 3318 agros,
2177 3248 2389 3318 praedas
2443 3262 2667 3318 magnas
2729 3258 2971 3318 agentes,
3052 3249 3427 3319 diripuissent,
3484 3252 3537 3304 in

1943 3339 2254 3396 Chalcidem
2294 3338 2526 3394 insulam
2570 3339 2857 3410 Targetius
2883 3342 3221 3411 deportatur,
3249 3358 3346 3397 sex
3383 3360 3536 3398 men-

1944 3434 2083 3489 sium
2137 3433 2209 3489 illi
2245 3433 2440 3489 exsilio
2488 3436 2731 3489 decreto.
2787 3433 3158 3490 Comentiolus
3203 3437 3398 3491 deinde
3443 3438 3540 3493 ad-

1945 3540 2135 3581 versus
2181 3524 2407 3580 Sclavos
2435 3525 2540 3579 dux
2577 3535 2818 3593 creatus,
2848 3541 2958 3579 rem
2991 3526 3252 3594 praeclare
3295 3510 3539 3582 fortiter—

1944 3633 2049 3688 que
2077 3620 2263 3689 gessit.
2311 3618 2504 3673 Pacem
2550 3619 2744 3674 iterum
2791 3634 2915 3672 cum
2946 3619 3205 3674 Romanis
3251 3618 3542 3690 Chagauus

1947 3712 2147 3766 turbat.
2203 3710 2366 3765 Refer
2418 3720 2611 3765 auctor
2649 3711 2719 3765 de
2767 3710 3095 3765 Boscolobra
3145 3726 3321 3779 mago,
3364 3721 3420 3765 et
3475 3714 3543 3767 de

1947 3805 2238 3858 multarum
2293 3805 2506 3859 urbium
2539 3803 2910 3859 Romanorum
2947 3816 3043 3874 per
3072 3802 3343 3858 Barbaros
3383 3819 3548 3874 expuo

1951 3896 2227 3966 gnaﬁonc.

2018 3989 2214 4042 Narrat
2257 4004 2418 4059 porro
2448 3990 2737 4043 Persarum
2779 3987 3259 4059 Romanorumque
3299 3988 3546 4059 praalium

1947 4082 2012 4135 ad
2062 4081 2388 4152 Nymphium
2444 4080 2640 4136 llurneu
2673 4081 2810 4153 (91).
2852 4080 3080 4149 Nuptias
3117 4082 3246 4135 item
3275 4081 3549 4145 Mauricii.

1947 4185 2003 4229 et
2056 4172 2432 4229 Constantina;
2484 4173 2686 4229 Tiberii
2724 4174 2867 4229 tiliae.
2921 4173 3111 4229 Refert
3146 4184 3200 4230 et
3232 4175 3543 4230 incendium

1950 4270 2002 4323 in
2036 4268 2154 4323 foro
2185 4276 2393 4333 natum,
2431 4268 2531 4323 sub
2556 4266 2769 4321 initium
2796 4268 3010 4337 imperii
3044 4267 3292 4323 Mauricii
3354 4269 3547 4339 Angu-

1962 4360 2031 4415 sti
2066 4360 2201 4433 (92).
2244 4360 2320 4414 De
2370 4357 2580 4413 Paulini
2617 4358 2843 4413 veneﬁci
2896 4374 3047 4424 nece,
3093 4367 3149 4413 et
3194 4359 3457 4414 miraculo
3493 4361 3548 4413 in

1953 4452 2092 4521 pelvi
2144 4450 2410 4520 Glycerite
2460 4450 2739 4520 martyris.
2780 4450 3062 4516 Quomodo
3091 4458 3144 4504 et
3173 4448 3409 4505 Joannes
3455 4468 3550 4520 pa-

250 4540 341 4593 τού
367 4540 656 4610 θαύματος
699 4541 795 4594 τοῦ
834 4542 977 4596 κατὰ
1006 4542 1107 4613 τὴν
1150 4543 1357 4613 κόγχην
1393 4542 1433 4594 Γ
1436 4542 1696 4613 λυκερίας
1748 4542 1836 4613 τῆς

1954 4545 2212 4610 triarcha,
2242 4544 2383 4611 quod
2416 4542 2645 4597 Caesaris
2686 4542 2857 4596 lenior
2888 4552 3032 4597 esset
3064 4543 3366 4611 sententia,
3400 4544 3555 4612 igni-

254 4634 565 4705 μάρτυρος,
601 4635 752 4699 ὅπως
795 4652 855 4687 τε
899 4636 1155 4705 Ἰωάννης
1184 4638 1210 4689 6
1246 4635 1618 4706 πατριάρχης,
1652 4634 1836 4704 φιλαν-

1951 4640 2053 4693 bus
2104 4653 2228 4693 esse
2279 4637 2598 4691 tradendum
2656 4636 3105 4704 prazstigiatorem
3162 4637 3551 4705 pronuntiarit,

254 4724 508 4795 θρωπότε
518 4742 613 4795 ρον
629 4725 913 4790 δοκοῦντος
936 4729 1081 4797 ἔχειν
1102 4727 1193 4780 τοῦ
1221 4726 1507 4799 βασιλέως,
1528 4729 1689 4791 αὐτὸς
1708 4729 1836 4799 πυρὶ

1948 4728 2194 4797 Apostoli
2258 4729 2423 4782 etiam
2488 4728 2669 4781 verbis
2730 4727 2781 4780 in
2850 4727 3217 4782 testimonium
3273 4730 3553 4795 adhibitis,

256 4816 638 4887 παραδοθῆναι
665 4819 755 4872 τὸν
783 4820 957 4890 γόητα
975 4820 1359 4891 διισχυρίζετο,
1386 4820 1836 4891 παρυφαίνωνξτᾷ

1955 4821 2053 4890 (De
2085 4820 2390 4888 rene/iciis).
2438 4819 2616 4885 Quare
2654 4818 2911 4873 Paulinus
2940 4835 3065 4873 cum
3096 4820 3227 4886 ﬁlio,
3259 4821 3557 4891 impietatis

256 4908 399 4978 λόγῳ
421 4909 521 4961 καὶ
550 4910 651 4979 τὴν
674 4910 1041 4983 ἁποστολικὴν
1069 4913 1230 4982 ῥῆσιν
1248 4912 1315 4943 ³¹⁶
1347 4911 1443 4965 καὶ
1469 4913 1552 4965 ὅτι
1580 4912 1836 4976 Παυλίνὸς

1956 4926 2107 4978 :cque
2157 4925 2273 4974 reo,
2315 4925 2445 4963 ense
2480 4908 2750 4977 percussi,
2798 4909 2993 4979 capitis
3039 4924 3229 4979 poenas
3265 4911 3555 4969 dederunt.

258 5016 310 5051 τε
331 5002 485 5053 καὶὸ
515 5003 676 5068 παῖς,
722 5004 979 5069 κοινωνὸς
1028 5004 1105 5059 ὣν
1150 5008 1252 5073 τῆς
1300 5004 1579 5070 ἀσεϐείας,
1608 5004 1708 5077 τὴν
1757 5004 1836 5057 ἐπ’

1958 5004 2161 5058 ΑάΙιωο
2194 5004 2260 5057 de
2290 5002 2542 5068 praesidio
2567 5002 2963 5068 Aobumorum,
2999 5011 3055 5059 et
3078 5002 3262 5060 Acbae.
3287 5002 3345 5059 ln
3365 5006 3556 5061 eodem

1583 5148 1817 5204 VARIA‘J
1848 5141 2262 5202 LECTIONES.

328 5238 371 5269 ¹⁹
400 5238 718 5314 κοιαίστορι
759 5259 820 5306 ς.
895 5244 942 5274 ὀ
969 5242 1357 5314 κατηγγύησεν
1387 5263 1449 5309 ς.
1525 5246 1569 5277 ²¹
1595 5243 1878 5307 εὐσεϐείας
1925 5257 2007 5312 pr.
2053 5239 2121 5293 A.
2151 5237 2437 5314 __’_'_ra6'c_a
2465 5238 2592 5298 add.
2620 5238 2799 5314 A_:_in
2833 5253 2954 5314 qua
2979 5241 3049 5314 sit
3070 5239 3259 5295 ultima
3284 5242 3562 5314 sequentis

258 5308 513 5387 vocabuli
543 5307 747 5387 littera,
813 5330 920 5368 non
960 5307 1174 5382 liquet.
1230 5307 1276 5347 ²’³
1297 5307 1411 5387 avi
1434 5333 1494 5380 ς.
1579 5316 1629 5387 ³⁵7
1656 5307 2035 5387 ἐμπορίαςίς.
2149 5311 2195 5342 ³³
2225 5309 2554 5387 αργήιτιον-
2584 5319 2638 5362 et
2668 5307 3148 5387 infrall‘apyﬁrtog
3180 5329 3241 5375 ς·.
3286 5382 3306 5387 Α
3352 5307 3562 5387 ίθμβᾲρ-

258 5378 500 5456 ϐαροιᾳΑ
527 5398 551 5456 Δτ
590 5383 786 5456 ᾇϐαροι
829 5403 888 5449 ς.
992 5378 1034 5417 ’θ
1064 5385 1414 5456 προαιρεθεὶς
1542 5455 1546 5456 ν
1617 5386 1662 5417 ’⁸
1690 5378 2041 5454 Βοσκολόϐρα
2081 5398 2143 5456 ς.
2240 5380 2284 5456 ’_°
2315 5380 2375 5456 ὃς
2400 5378 2600 5456 ἑλέ-ὼς
2644 5398 2728 5456 ς’.-
2775 5380 2860 5456 βξ
2896 5378 3245 5456 Μαύρικίου-
3280 5378 3563 5456 βασιλειᾲς

262 5466 327 5512 ς.
356 5520 367 5528 ι
403 5450 449 5481 ³¹
492 5453 540 5505 εξ
596 5449 769 5518 θέλέις
804 5457 879 5527 μὴ
918 5449 1204 5525 φοϐεῖσθαι
1233 5449 1333 5528 τὴν
1370 5455 1641 5523 ἐξουσίαν,
1684 5457 1747 5509 τὸ
1777 5449 1985 5524 ἀγαθὸν
2014 5452 2171 5528 ποίει
2191 5451 2288 5528 καὶ
2323 5451 2391 5528 τά
2424 5450 2609 5528 ἐξῆςς
2646 5452 2740 5528 καὶ
2773 5449 2986 5528 ἕκδικός
3026 5453 3143 5503 ἐστι
3176 5449 3359 5528 τῷςτὸ
3391 5454 3563 5528 κακὸν

260 5520 609 5647 ῗίἀὲσοντι·
638 5528 699 5579 οὐ
743 5517 1015 5599 γᾶρ”εἱκῆ
1068 5529 1167 5601 τὴν
1197 5517 1478 5601 μάχαιραν
1518 5517 1696 5599 φορεῖ.
1746 5517 1929 5597 (Rom.
1975 5538 2096 5586 xm,
2143 5523 2223 5590 5.)
2258 5521 2485 5591 ταύτην,
2510 5517 2686 5591 οἶμαὶ
2735 5522 2902 5591 φησίν
2963 5517 3334 5597 ἀποστολικὴν
3399 5523 3562 5595 ρῆσιν

299 5610 312 5643 Ι
425 5632 442 5647 ο

258 5607 350 5663 mg
374 5607 442 5647 Α.

1784 5681 2014 5741 NOTAE.

334 5782 429 5849 (90
479 5782 709 5852 Nicepb.
742 5783 842 5837 lib.
875 5798 1017 5850 χιιι,
1049 5798 1098 5838 c.
1130 5782 1182 5837 7.
2051 5779 2162 5850 (92)
2196 5776 2330 5834 Ibid.
2375 5794 2492 5849 cap.
2532 5779 2621 5832 51.

338 5784 454 5925 (9ιῖ
493 5852 725 5925 Niceph.
754 5853 852 5912 lib.
890 5868 1047 5922 xvm,
1083 5868 1201 5925 cap.
1237 5853 1291 5911 8.

338 5852 454 5925 (91)
493 5852 725 5927 Niceph.
754 5853 852 5912 lib.
890 5868 1047 5922 xvm,
1083 5868 1201 5926 cap.
1237 5853 1291 5911 8.
