4030 6452
555 390 658 454 1'43

1724 394 1988 454 PIIOTII
2030 395 2536 457 PATRIARCIL’E
2575 401 2686 462 (ΣΡ.

3724 421 3817 485 Mi

551 507 689 560 libro
732 504 1019 560 Persarum
1067 502 1550 575 Romanorumque
1584 521 1759 576 pugna
1803 522 2136 561 commemo-

2244 505 2458 576 θανάτῳ
2502 509 2853 580 ἀπήχθησαν,
2891 512 3033 584 ξίφει
3073 517 3166 569 τὸν
3212 517 3325 588 βίον
3369 525 3820 598 καταστρεψάμεο

548 609 722 662 ratur,
747 608 912 667 utque
944 597 1166 654 Joannis
1202 598 1341 652 illius
1371 599 1734 653 Barbarornm
1761 610 1884 656 astu
1922 615 2144 670 Oppreso

546 707 639 746 sus
686 692 846 747 fuerit
875 689 1010 762 (9S).
1046 690 1275 760 Magnus
1312 692 1438 746 item
1486 693 1576 746 ille
1612 702 1769 746 terra:
1802 703 2002 756 motus,
2052 703 2142 762 qui

542 785 648 840 sub
695 786 906 840 initium
952 800 1164 854 quoque
1216 785 1549 854 principatus
1601 784 1844 840 Mauricii
1899 785 2140 841 accidit:

547 881 720 949 deque
787 878 1028 946 ejusdem
1107 877 1388 931 consulatu
1438 875 1576 947 (94).
1645 876 1717 931 Ut
1782 877 2137 944 Philippicus,

543 970 777 1025 Caesaris
823 972 980 1024 ducta
1031 969 1137 1023 ﬁlia
1185 969 1297 1039 28
1346 986 1379 1022 a
1418 968 1621 1024 Gordia
1672 983 1858 1037 gener,
1903 966 2144 1023 Orientis

545 1064 756 1134 imperii
794 1065 898 1118 dnx
936 1065 1280 1118 renuntiatus
1316 1081 1331 1120 :
1366 1079 1562 1132 resque
1604 1062 1862 1132 praaclare
1889 1077 1950 1115 ac
1982 1061 2035 1114 fe
2051 1062 2145 1115 rti-

547 1166 629 1209 ter
675 1160 900 1225 gesserit
949 1176 964 1212 :
1017 1157 1188 1226 deque
1242 1171 1463 1224 egressu
1508 1154 1735 1208 Romani
1789 1153 2062 1208 exercitus
2109 1168 2142 1208 e

544 1247 740 1315 Media,
790 1261 954 1318 utque
997 1265 1149 1318 aqua:
1206 1249 1430 1318 penuria
1498 1247 1852 1301 vehementer
1910 1244 2139 1299 Romani

545 1343 862 1399 laborarint.
888 1344 959 1398 Ut
986 1347 1112 1396 item
1131 1342 1438 1394 Arzaninen
1461 1340 1754 1407 regionem,
1776 1337 2140 1390 Romanorum

547 1435 651 1488 dux
691 1437 740 1486 in
773 1435 1005 1503 prmdam
1039 1436 1151 1488 suis
1177 1434 1410 1498 dederit,
1464 1435 1635 1500 deque
1669 1430 1899 1484 Romani
1929 1429 2140 1484 exerci-

547 1538 630 1580 tus
685 1526 1001 1580 fortitudine
1035 1544 1049 1580 :
1082 1535 1136 1580 et
1165 1527 1240 1580 uti
1283 1525 1571 1580 Persarum
1625 1525 1732 1577 dux
1781 1522 2043 1592 quidquid
2073 1521 2140 1576 ad

543 1614 946 1685 Martyropolim
975 1631 1224 1686 agrorum
1277 1623 1359 1671 est
1411 1616 1666 1670 vastavit.
1703 1613 1924 1684 Legalio
1970 1613 2133 1668 etiam

543 1707 827 1762 Persarum
878 1724 1004 1774 una,
1048 1719 1097 1761 et
1131 1709 1258 1762 item
1307 1708 1476 1764 altera
1503 1707 1569 1762 ad
1599 1706 1897 1761 Romanos.
1935 1705 2001 1760 Et
2027 1706 2142 1761 hac

543 1800 760 1868 quidem
791 1799 934 1854 libro
972 1815 1009 1854 I.

2245 613 2328 652 νοι
2354 599 2419 652 ³⁸.
2449 598 2569 652 Ἐτι
2597 617 2657 653 τε
2681 604 2809 672 περὶ
2851 605 2961 658 τῶν
3013 607 3303 679 ’Λφούμων
3342 613 3438 664 καὶ
3489 613 3686 678 Ἀκϐἄς
3716 619 3821 672 τῶν

2246 691 2542 762 φρουρίων·
2567 695 2956 766 ἐμπεριέχεται
2981 699 3037 752 δὲ
3069 700 3147 769 τῷ
3179 703 3322 774 λόγῳ
3352 704 3500 776 μάχη
3542 707 3823 779 Ῥωμαίων

2248 785 2344 834 καὶ
2400 785 2662 853 Περσῶν,
2707 790 2801 840 καὶ
2835 791 2984 854 ὅπως
3024 794 3053 845 6
3101 793 3353 866 Ἰωάννης
3404 796 3449 828 ³³
3493 815 3825 874 καταστρατ-

2249 877 2466 943 ηγεῖται
2499 877 2604 930 ὑπὸ
2655 879 2765 932 τῶν
2815 881 3128 956 βαρϐάρων.
3171 888 3293 941 Ἔτι
3349 889 3407 942 δὲ
3450 892 3545 944 καὶ
3587 895 3616 946 6
3655 898 3824 965 μέγας

2245 965 2474 1037 σεισμὸς
2505 968 2552 998 ⁸⁵
2580 970 2608 1020 6
2641 973 2933 1041 γενόμενος
2975 977 3118 1031 κατά
3157 978 3254 1049 τὴν
3299 981 3476 1053 ἀρχὴν
3505 983 3604 1054 τῆς
3629 987 3822 1056 ἀναγο-

2248 1059 2487 1128 ρεύσεως
2520 1061 2856 1131 Μαυρικίου,
2891 1067 2985 1120 καὶ
3024 1071 3150 1139 περὶ
3189 1071 3290 1139 τῆς
3345 1073 3614 1138 ὑπατείας
3644 1067 3822 1134 αὐτοῦ.

2249 1149 2438 1214 Ὅπως
2463 1169 2522 1205 τε
2558 1153 2602 1185 ³⁵
2633 1155 2984 1221 Φιλιππικὺς.
3016 1161 3044 1212 6
3073 1162 3160 1212 ἐπ’
3202 1163 3405 1236 ἀδελφῇ
3438 1165 3533 1218 τοῦ
3569 1166 3826 1237 βασιλέως

2245 1240 2447 1314 Γορδία
2472 1246 2752 1316 γαμϐρὸς,
2783 1249 2885 1317 τῆς
2921 1251 3062 1320 ἑῴας
3102 1253 3387 1325 δυνάμεως
3420 1261 3826 1330 προχειρίζεται

2247 1335 2575 1407 στρατηγὸς,
2606 1338 2701 1391 καὶ
2725 1340 3086 1412 ἀνδραγαθίαι
3110 1346 3154 1377 ³⁸
3175 1347 3365 1413 αὐτοῦ,
3401 1350 3751 1422 ἀναχώρησίς
3770 1374 3826 1409 τε

2244 1428 2310 1479 ὲκ
2333 1428 2432 1495 τῆς
2462 1429 2716 1502 Μηδικῆς
2761 1433 2872 1485 τῶν
2911 1433 3237 1506 Ῥωμαίων,
3268 1440 3362 1493 καὶ
3413 1441 3564 1504 ὅπως
3607 1444 3828 1518 ἀνυδρία

2242 1520 2304 1573 τὸ
2344 1519 2653 1592 Ῥωμαϊκὸν
2697 1525 3096 1594 ἐκινδύνευσεν,
3147 1529 3294 1594 ὅπως
3333 1549 3390 1585 τε
3423 1534 3524 1604 τὴν
3569 1536 3828 1607 ’Λρζανη-

2243 1613 2340 1684 νὴν
2364 1612 2592 1684 χώρανό
2636 1614 2925 1687 Ῥωμαίων
2977 1624 3282 1693 στρατηγὸς
3311 1629 3560 1699 προνομῇ
3598 1631 3828 1700 παραδέ-

2242 1701 2456 1769 δωκεν,
2507 1705 2762 1773 ἀριστεία
2807 1725 2868 1761 τε
2906 1712 3008 1782 τῆς
3047 1711 3342 1783 Ῥωμαίων
3391 1717 3712 1790 δυνάμεως,
3741 1725 3830 1776 καὶ

2241 1800 2393 1862 ὅπως
2419 1798 2488 1853 τὰ
2531 1801 2676 1856 κατά
2719 1803 2819 1875 τὴν
2852 1806 3280 1879 Μαρτυρόπολιν
3310 1812 3338 1864 6
3377 1814 3606 1886 Περσῶν
3637 1834 3828 1888 στρατ-

534 1892 676 1963 ηγὸς
706 1891 1120 1964 κατεπόρθησε,
1169 1891 1434 1963 πρεσϐεία
1477 1909 1537 1945 τε
1571 1890 1799 1962 Περσῶν
1842 1889 1980 1960 πρὸς
2027 1889 2335 1961 Ῥωμαίους
2367 1895 2564 1965 πρώτη
2600 1899 2693 1949 καὶ
2714 1897 2966 1968 δευτέρα.
2991 1901 3180 1958 Ταῦτα
3239 1905 3340 1976 μὲν
3397 1908 3455 1962 ἐν
3515 1908 3597 1980 τῷ
3640 1911 3832 1982 πρώτῳ

543 1984 686 2054 λόγῳ
695 2025 706 2038 .

616 2075 782 2130 Libro
833 2076 1093 2140 secundo,
1141 2077 1206 2130 de
1237 2086 1419 2129 monte
1455 2073 1598 2128 Izala
1654 2074 1766 2143 agit
1803 2092 1817 2128 :
1851 2074 2023 2144 deque
2051 2073 2137 2127 in-
2177 2082 2220 2138 Β

543 2169 836 2224 sultatione
896 2179 1084 2236 atque;
1122 2167 1384 2238 jactanlia
1440 2167 1726 2221 Persarum
1791 2163 2143 2233 Cardarigae,

545 2264 820 2317 exercitus
857 2263 993 2326 apud
1025 2276 1124 2316 eos
1157 2261 1330 2315 ducis.
1373 2261 1444 2314 De
1469 2273 1645 2329 pugna
1677 2260 1804 2314 item
1831 2257 2141 2327 Philippici,

544 2364 596 2409 et
627 2353 992 2407 Rmnanorum
1030 2369 1150 2408 cum
1185 2353 1504 2422 Cardariga,
1561 2361 1615 2406 et
1650 2350 1830 2406 Persis
1868 2351 1933 2404 ad
1967 2349 2146 2404 Arza-

547 2463 759 2500 moncm
788 2455 1016 2517 pugnata
1048 2463 1062 2498 :
1093 2455 1259 2516 utque
1285 2445 1614 2514 Pbilippicus
1638 2461 1744 2499 non
1774 2443 2143 2499 manufactam

547 2540 834 2610 imaginem
890 2549 1107 2609 gestans
1144 2539 1378 2604 obierit,
1423 2539 1771 2607 lnstraritqne
1819 2531 2143 2601 exercitum,

545 2647 610 2687 ac
656 2631 882 2685 victoria
937 2631 1259 2702 perillustris
1290 2646 1455 2701 penes
1494 2629 1768 2686 Romanos
1819 2630 1983 2686 fuerit
2023 2649 2037 2684 :
2087 2643 2146 2688 et

539 2727 621 2780 uti
654 2725 832 2795 imago
870 2725 956 2780 illa
990 2741 1096 2778 non
1139 2723 1469 2788 manufacta,
1499 2727 1562 2778 ad
1591 2725 1903 2779 Simeonem
1935 2724 2143 2778 Amida:

539 2818 853 2887 episc0pnm
884 2833 1004 2872 cum
1043 2818 1390 2872 veneratione
1415 2820 1577 2872 missa
1607 2819 1678 2870 sit
1713 2835 1726 2871 :
1769 2816 2135 2872 Barbarorum

543 2925 734 2979 agrum
769 2909 997 2963 Romani
1038 2909 1329 2978 depraadati
1361 2921 1511 2974 sunt,
1544 2909 1788 2979 fugitque
1813 2909 2141 2979 Cardagiras

545 3001 611 3054 ad
654 3003 842 3055 urbem
908 3000 1097 3056 Daras.
1158 3001 1349 3056 Dareni
1408 3003 1476 3054 ab
1537 3005 1672 3055 urbe
1725 3003 1898 3070 ipsum
1953 2999 2140 3070 proﬂi-

545 3106 763 3163 garunt,
807 3095 1013 3148 viribus
1047 3095 1280 3148 hostium
1307 3093 1421 3161 jam
1457 3093 1712 3148 fractum.
1765 3094 1839 3148 De
1883 3093 2142 3148 Romanis

545 3185 806 3241 militibus
835 3201 866 3240 e
903 3184 1109 3252 Quarto
1137 3185 1493 3241 Partbeorum
1529 3187 1736 3256 legione
1791 3185 2090 3241 vulneratis
2124 3205 2136 3240 :

540 3281 617 3334 ita
637 3290 961 3346 vocanteos,
984 3281 1073 3350 qui
1101 3280 1376 3336 Berrhuaa:
1431 3280 1565 3335 urbe
1593 3281 1794 3351 Syriae,
1829 3295 2138 3335 common-

543 3373 760 3427 bantur.
789 3371 1158 3426 Romanorum
1189 3373 1465 3441 expeditio
1509 3374 1560 3426 in
1592 3373 1919 3426 Arzaninem
1960 3372 2136 3440 regio-

541 3465 976 3529 nem,Marnthas
993 3463 1244 3518 etJovius
1261 3465 1375 3534 ejus
1387 3480 1494 3518 ora:
1505 3465 1667 3518 duces
1684 3463 1748 3516 ad
1762 3461 2140 3532 Philippicmn,

543 3568 597 3611 et
618 3555 892 3612 Romanos
921 3556 1253 3612 defecerunt.
1299 3557 1544 3610 Privatas
1575 3557 1759 3625 copias
1789 3557 2138 3624 Cardarigas,

544 3650 742 3720 quibus
793 3651 1066 3704 Romanos
1119 3665 1186 3704 ex
1245 3649 1460 3704 insidiis
1509 3650 1837 3713 adoriretur,
1892 3649 2128 3718 collegit.

543 3743 827 3798 Heraclius
870 3741 1008 3812 (eius
1056 3741 1316 3806 Heraclii,
1369 3741 1459 3810 qui
1503 3750 1620 3810 post
1658 3742 1955 3811 imperator
1999 3739 2133 3806 fuit,

547 3838 720 3907 pater)
754 3853 781 3888 a
821 3835 1127 3905 Philippico
1171 3835 1235 3888 ad
1269 3835 1479 3888 hostem
1525 3834 1860 3900 speculatum
1903 3834 2138 3889 emissus

547 3929 774 3983 miriﬁce
823 3938 1069 3983 servatus
1111 3937 1216 3981 est.
1247 3927 1322 3981 De
1349 3926 1578 3980 Zaberta
1608 3927 1825 3981 homine
1844 3926 2007 3981 Persa
2052 3927 2138 3981 hic

548 4023 744 4090 agitur,
767 4031 934 4090 utque
955 4035 983 4074 a
1015 4020 1429 4075 Chlomarorum
1454 4019 1853 4088 oppugnatione
1869 4021 2138 4075 cessarint

550 4113 800 4168 Romani.
837 4113 1028 4166 Adhuc
1076 4113 1145 4168 de
1175 4111 1342 4167 effusa
1380 4113 1632 4181 turpique
1669 4111 1954 4182 Philippici
1987 4113 2132 4181 fuga,

549 4207 875 4276 turbatoque
899 4207 1090 4261 ordine
1120 4205 1350 4260 Romani
1383 4204 1678 4259 exercitus.
1706 4204 1780 4258 De
1813 4204 2004 4257 morbo
2025 4219 2132 4273 quo

546 4297 878 4368 Philippicus
933 4307 1216 4366 correptus
1249 4304 1352 4359 est,
1394 4304 1449 4350 et
1493 4296 1560 4350 de
1594 4294 1867 4360 Heraclio,
1899 4296 2131 4351 Heraclii

547 4397 666 4456 post
715 4386 1061 4457 imperatoris
1107 4394 1284 4456 patre,
1318 4401 1370 4438 tn
1418 4386 1692 4439 exercitus
1739 4401 1924 4440 curam
1967 4387 2132 4440 advo-

543 4489 685 4544 cato,
712 4479 954 4549 utquein
1004 4478 1335 4532 meridianos
1368 4475 1550 4530 Medos
1579 4476 1946 4531 Romanorum
1970 4491 2129 4531 exer-

546 4573 712 4625 citum
783 4571 1184 4640 subimperatnr
1229 4569 1317 4622 ille
1375 4567 1610 4633 duxerit,
1646 4577 1696 4622 et
1733 4583 1858 4623 vere
1887 4567 2126 4635 ineunte,

545 4664 698 4734 23b
726 4663 779 4717 in
814 4663 1099 4717 Persarum
1143 4675 1305 4732 agros
1334 4659 1565 4714 Romani
1612 4659 1929 4729 irruperint.
1962 4660 2126 4715 Com-

2336 2071 2424 2124 Ἐν
2477 2072 2534 2126 δὲ
2570 2072 2650 2143 τῷ
2698 2074 2934 2147 δευτέρῳ
2973 2077 3332 2149 διαλαμϐάνει
3365 2086 3626 2156 περὶτοῦ
3681 2087 3832 2159 ὅρους

2247 2163 2342 2216 τοῦ
2385 2162 2562 2228 Ἰζαλά
2593 2165 2656 2227 ³⁷,
2695 2169 2822 2239 περί
2861 2187 2920 2223 τε
2951 2171 3052 2242 τῆς
3085 2175 3228 2228 κατά
3261 2175 3352 2227 τὸν
3382 2177 3753 2250 Καρδαρηγάν
3790 2182 3830 2213 ³⁸

2247 2257 2340 2310 τὸν
2384 2258 2495 2313 τῶν
2542 2261 2766 2330 Περσῶν
2823 2265 3132 2334 στρατηγὸν
3171 2267 3512 2338 ἀλαζονείας,
3565 2273 3717 2337 ὅπως
3775 2291 3830 2326 τε

2247 2349 2581 2402 Φιλιππικοῢ
2611 2368 2668 2403 τε
2697 2355 2788 2406 καὶ
2816 2353 2902 2424 [41
2939 2354 3034 2427 Η.]
3078 2357 3365 2427 Ῥωμαίων
3401 2361 3540 2432 πρὸς
3575 2363 3670 2416 τὸν
3693 2365 3834 2436 Καρ·

2245 2439 2496 2512 δαρηγάν
2522 2445 2568 2476 ³⁹
2605 2446 2701 2498 καὶ
2744 2447 2962 2518 Πέρσας
3011 2449 3158 2522 μάχη
3193 2455 3323 2524 περὶ
3357 2454 3420 2506 τὸ
3467 2455 3761 2527 Ἀρζάμων
3791 2458 3831 2489 ⁸⁸

2249 2533 2513 2604 συνέστη,
2547 2540 2642 2589 καὶ
2675 2537 2822 2601 ὅπως
2850 2541 2878 2592 6
2912 2541 3238 2607 Φιλιππικὸς
3280 2545 3380 2616 τὴν
3414 2547 3832 2620 ἀχειροποίητον

2247 2627 2434 2680 εἰκόνα
2459 2629 2641 2699 φέρων
2669 2631 2890 2702 περιῄει
2917 2633 3269 2703 καθαγιάζων
3294 2637 3355 2690 τὸ
3386 2638 3724 2710 στράτευμα,
3747 2643 3833 2695 καὶ

2245 2719 2323 2781 ώς
2392 2719 2516 2791 νίκη
2571 2723 2983 2796 ἐπιφανεστάτη
3039 2729 3163 2781 τότε
3223 2729 3515 2798 Ῥωμαίων
3575 2733 3830 2800 ἐγένετο,

2244 2811 2395 2876 ὅπως
2432 2815 2551 2885 τεή
2590 2815 3011 2889 ἀχειροποίητος
3053 2819 3190 2889 πρὸς
3221 2821 3516 2894 Συμεώνην
3564 2824 3662 2878 τὸν
3717 2825 3833 2877 ἐπί-

2249 2917 2453 2957 σκοπον
2491 2905 2717 2977 Ἀμίδης
2739 2908 2779 2938 “
2805 2909 2944 2978 μετά
2979 2911 3408 2984 σεϐασμιότητος
3426 2917 3830 2973 ἀποστέλλεται.

2244 2995 2576 3052 Σκυλεύεται
2609 2999 2665 3052 δὲ
2697 3001 2802 3054 ὑπὸ
2840 3001 3130 3073 Ῥωμαίων
3153 3006 3212 3056 τὸ
3235 3005 3532 3077 βάρϐαρον,
3570 3011 3670 3062 καὶ
3707 3007 3834 3078 φεύ-

2245 3105 2332 3156 γει
2377 3093 2404 3144 6
2438 3091 2810 3163 Καρδαρηγάν
2849 3095 2890 3125 ¹⁵¹
2929 3097 3024 3149 ἐπὶ
3068 3097 3127 3149 τὸ
3162 3087 3342 3168 Δαράς
3373 3101 3437 3131 ⁸³·
3471 3104 3567 3154 καὶ
3609 3103 3758 3166 ὅπως
3787 3106 3832 3156 οἱ

2245 3181 2479 3251 Δαρηνοὶ
2502 3183 2610 3235 ἀπὸ
2642 3183 2736 3236 τοῦ
2771 3186 2968 3251 ἄστεος
3005 3189 3168 3242 αὐτὸν
3193 3192 3626 3263 ἀποπέμπονται
3666 3195 3752 3249 διὰ
3776 3197 3832 3248 τὸ

2246 3273 2389 3326 κατὰ
2439 3275 2642 3342 κράτος
2699 3276 3023 3348 ἡττηθῆναι.
3079 3279 3266 3344 Ὅπως
3323 3299 3381 3334 τε
3441 3283 3468 3335 6
3544 3285 3834 3356 Ῥωμαίων

2249 3365 2590 3436 στρατιώτης
2625 3366 2688 3419 τὸ
2732 3369 2894 3440 σῶμα
2937 3373 3333 3444 κατετέτρωτο’
3387 3371 3455 3445 ἦν
3489 3376 3545 3428 δὲ
3588 3378 3693 3447 τῆς
3729 3379 3833 3431 τῶν

2249 3457 2731 3528 Κουαρτοπαρθῶν
2775 3461 3013 3529 τάξεως,
3042 3463 3184 3517 οὕτω
3232 3465 3586 3536 καλουμένων
3636 3470 3744 3523 τῶν
3781 3473 3835 3525 ὲν

2249 3547 2445 3618 Βεροίᾳ
2477 3550 2630 3603 πόλει
2653 3552 2755 3621 τῆς
2787 3553 2990 3623 Συρίας
3019 3555 3117 3619 τάς
3151 3557 3437 3627 διατριϐὰς
3467 3561 3831 3632 ποιουμένων.

2246 3641 2383 3711 Περί
2429 3659 2489 3695 τε
2541 3644 2641 3714 τῆς
2673 3645 3064 3716 ἐπιστρατείας
3120 3648 3410 3719 Ῥωμαίων
3453 3651 3498 3683 ⁸⁸
3542 3653 3692 3706 κατά
3737 3652 3836 3722 τῆς

2256 3734 2632 3806 Ἀρζανηνῆς,
2686 3737 2780 3790 καὶ
2819 3739 2968 3803 ὅπως
3015 3741 3315 3812 Μαρουθᾶς
3365 3745 3459 3798 καὶ
3531 3745 3743 3810 Ἰώϐιος
3787 3750 3835 3800 οἱ

2242 3832 2511 3902 ἡγεμόνες
2555 3834 2727 3904 αὐτῆς
2781 3835 3144 3905 αὐτομολοῦσι
3189 3839 3327 3908 πρὸς
3375 3840 3705 3895 Φιλιππικὸν
3745 3844 3837 3896 καὶ

2252 3923 2580 3994 Ῥωμαίους.
2623 3925 2734 3977 Καὶ
2785 3927 2914 3994 περὶ⁹
2955 3927 3054 3996 τῆς
3106 3927 3381 3998 ἰδιωτικῆς
3418 3931 3706 4002 δυνάμεως
3743 3933 3838 4002 τῆς

2241 4016 2723 4089 συναθροισθείσης
2751 4019 2858 4072 ὑπὸ
2895 4019 2990 4072 τοῦ
3022 4021 3395 4094 Καρδαρηγαν
3435 4023 3480 4054 ⁴⁵
3511 4026 3590 4086 εἰς
3645 4025 3708 4077 τὸ
3753 4025 3836 4090 ἐξ·

2239 4109 2518 4179 ἀπατῆσαι
2561 4109 2889 4180 Ῥωμαίους.
2926 4110 3019 4182 [25
3047 4111 3136 4184 3.]
3171 4115 3278 4168 Καὶ
3317 4115 3466 4178 ὅπως
3510 4117 3838 4186 Ἡράκλειος

2236 4203 2264 4254 6
2321 4201 2646 4270 Ἡρακλείου
2705 4204 2800 4255 τοῦ
2862 4205 3266 4278 αὐτοκράτορος
3343 4209 3528 4281 πατὴρ
3582 4210 3696 4264 ὑπὸ
3745 4209 3838 4263 τοῦ

2235 4290 2568 4346 Φιλιππικοῦ
2590 4291 2685 4345 ἐπὶ
2702 4297 3025 4366 κατασκοπῇ
3061 4295 3167 4347 τῶν
3199 4296 3480 4367 πολεμίων
3505 4299 3840 4361 ἀποσταλεὶς

2235 4379 2559 4451 παραδόξως
2584 4381 2935 4445 διασώζεται.
2967 4384 3080 4436 Καὶ
3123 4386 3252 4456 περὶ
3277 4387 3525 4458 Ζαϐέρτα
3552 4391 3650 4442 τοῦ
3698 4391 3841 4460 Πέρ-

2236 4486 2354 4535 σου,
2384 4470 2479 4522 καὶ
2507 4470 2655 4533 ὅπως
2670 4469 2769 4538 τῆς
2800 4469 2910 4523 τῶν
2944 4471 3252 4543 Χλομαρῶν
3268 4473 3313 4505 ’⁵⁸
3350 4475 3676 4543 πολιορκίας
3703 4476 3840 4527 Ῥω-

2236 4564 2383 4633 μαῖοι
2420 4562 2739 4631 ἀπέσχοντο.
2778 4563 2900 4614 Ἔτι
2923 4562 2979 4615 δὲ
3004 4564 3132 4634 περὶ
3157 4565 3255 4635 τῆς
3281 4565 3484 4636 ἀθρόας
3507 4567 3603 4619 καὶ
3635 4568 3840 4636 ἀλόγου

2232 4655 2410 4724 φυγῆς
2439 4653 2768 4708 Φιλιππικοῦ
2787 4696 2802 4719 ,
2851 4654 3066 4726 καὶτῆς
3091 4657 3390 4728 γενομένης
3411 4657 3643 4721 ἀταξίας
3663 4660 3779 4719 τοῖς
3795 4657 3839 4688 ⁸⁷

547 4751 808 4819 plectitur
849 4760 904 4806 et
957 4753 1044 4806 hic
1081 4751 1239 4816 liber,
1272 4760 1330 4804 ut
1357 4758 1545 4804 contra
1577 4749 1788 4804 Aharos
1821 4750 2133 4806 Contentio-

2253 4745 2584 4818 Ῥωμαϊκοῖς
2614 4747 3085 4818 ὲκστρατεύμασι.
3125 4749 3261 4819 Περί
3292 4765 3352 4801 τε
3380 4749 3480 4819 τῆς
3507 4748 3840 4820 ἐνεχθείσης

546 4844 629 4896 Ius
664 4842 1065 4913 expeditionem
1140 4844 1467 4912 susceperit,
1525 4842 1987 4910 subimperatores
2040 4859 2137 4898 na-

544 4946 666 4989 Ctus
697 4935 992 4988 Maximum
1023 4943 1076 4990 et
1107 4934 1349 5002 Castum,
1381 4944 1548 5004 utque
1593 4937 1756 4989 rebus
1802 4936 1869 4990 ab
1914 4935 1978 4989 iis
2009 4951 2140 5005 pra:-

543 5025 689 5082 clarc
720 5025 984 5081 adversus
1015 5025 1225 5080 Abaros
1261 5025 1449 5096 gestis,
1503 5025 1661 5079 vivus
1695 5025 1911 5079 tandem
1945 5025 2143 5080 Castus

545 5120 598 5174 in
659 5119 900 5174 hostium
963 5118 1176 5173 venerit
1219 5127 1601 5187 potestatenr:
1645 5127 1810 5186 utque
1856 5117 2141 5172 Ansimutb

2242 4839 2320 4910 τῷ
2341 4837 2657 4908 Φιλιππικῷ
2694 4839 2886 4902 νόσου,
2943 4841 3038 4892 καὶ
3090 4840 3173 4893 ὅτι
3220 4840 3542 4911 Ἡράκλειος
3588 4843 3618 4893 6
3663 4841 3840 4912 'Hpa-

2246 4931 2430 4984 κλείου
2473 4929 2569 4984 τοῦ
2609 4930 3014 5002 αὐτοκράτορος
3049 4932 3230 5004 πατὴρ
3269 4934 3367 4996 τάς
3400 4933 3698 5004 φροντίδας
3741 4932 3845 5002 τῆς

2247 5022 2547 5092 ἡγεμονίας
2563 5021 2880 5093 ἀναδέχεται
2907 5022 2976 5078 ⁸⁸.
2997 5023 3187 5088 Ὅπως
3204 5041 3262 5076 τε
3292 5027 3406 5088 τοῖς
3437 5024 3846 5095 μεσημϐρινοῖς

2248 5116 2350 5183 τῆς
2379 5113 2634 5184 Μηδικῆς
2662 5113 2994 5184 προσϐάλλει
3019 5115 3048 5168 6
3085 5114 3188 5183 τῆς
3227 5113 3515 5184 Ῥωμαίων
3547 5113 3846 5184 δυνάμεως

1823 5269 2057 5325 νΑΙὶΙᾹΞ
2099 5267 2507 5324 LECTIONES.

615 5400 659 5428 τ’
691 5413 878 5452 non“.
911 5393 1456 5468 καταστρεψόμενοιξί
1519 5393 1564 5425 ⁸³
1599 5390 1845 5468 Ἰωάνχου
1879 5407 1939 5468 ς.
2021 5388 2067 5422 ³⁸
2089 5391 2266 5468 6_post
2303 5387 2526 5468 σεισμὸς
2550 5388 2693 5468 add.
2861 5389 2924 5468 _”
2954 5404 3014 5440 τε
3037 5387 3066 5439 6
3091 5387 3228 5468 φιλ.-
3260 5405 3351 5468 ς..-
3399 5388 3443 5420 ³⁵
3470 5387 3566 5440 καὶ
3595 5386 3657 5468 αξ
3685 5384 3847 5468 ἀνδρ.

706 5471 747 5502 ³⁷
776 5469 963 5536 ’Ἰξαλα
1011 5485 1070 5532 ς.
1122 5456 1550 5534 ’³⁸’Καδαρίγαν
1605 5482 1671 5536 ς.
1746 5462 1790 5494 ³⁸
1828 5464 1922 5536 καὶ
1957 5470 2082 5536 ante
2125 5460 2209 5536 ῬΣ
2239 5475 2366 5536 οιιιζ
2399 5456 2494 5536 Α.-
2549 5457 2595 5490 ⁸⁸
2629 5456 2926 5536 Ἀρζα-μιὶξν
2975 5475 3036 5536 ς.
3089 5457 3161 5536 ,⁸⁸
3205 5459 3420 5536 ἀμήδης
3463 5476 3534 5536 ⁸ςς.
3586 5456 3657 5536 ,δ’
3682 5457 3847 5525 Καρ-

545 5509 604 5637 ξᾷγέ
614 5509 864 5637 pitag“;

573 5616 584 5644 -’
616 5608 738 5674 τοῖς
769 5626 880 5665 om.
915 5611 982 5665 A.
1062 5609 1107 5640 ⁸⁸
1129 5608 1414 5678 ἀνεδέχετο
1465 5625 1524 5670 ς’.

941 5538 988 5570 δι
1020 5528 1203 5608 ’δάρας
1236 5543 1298 5591 Α.
1378 5528 1426 5567 ⁸⁵
1459 5528 1750 5603 Ῥωμαίων
1801 5533 1896 5585 καὶ
1945 5532 2092 5584 κατὰ
2147 5531 2251 5601 τῆς
2296 5528 2596 5601 ἀζαρνίνης
2627 5547 2666 5592 ς
2675 5567 2688 5582 ο

2767 5526 2820 5561 ’τ
2852 5526 3175 5598 Καρδαρίγα
3220 5526 3318 5593 ς(
3359 5526 3404 5562 ⁸⁸
3429 5527 3732 5602 χλομάρων
3781 5543 3844 5590 ς.

2045 5740 2280 5798 NOTAE.

621 5858 728 5916 (93)
754 5855 975 5925 Niceplt.
1013 5862 1104 5915 ιιι».
1137 5875 1292 5923 XVIII,
1328 5876 1446 5930 cap.
1493 5861 1578 5915 15.

2305 5856 2416 5925 (at)
2447 5855 2581 5911 Ibid.
2619 5855 2703 5909 ιθ.
