4030 6446
293 415 406 480 145

1424 417 1960 479 BIBLIOTIIECA.
2000 445 2070 454 --
2108 421 2273 482 COD.
2317 420 2484 480 LXV.

3486 408 3594 471 H6

296 530 752 601 ὑποστράτηγος
797 528 892 583 καὶ
949 529 1027 593 ὡς
1086 529 1247 601 ἔαρος
1308 529 1430 600 ὥρᾳ
1487 531 1892 599 προσϐάλλουσι

2008 535 2328 602 pedestrium
2370 531 2652 600 cupiarum
2696 526 3062 581 Romanarum
3099 523 3382 591 tributum,
3417 525 3586 579 Abari

311 623 589 692 Ῥωμαῖοι
614 621 762 675 κατά
803 623 904 692 τῆς
932 620 1161 692 Περσῶν
1197 621 1499 686 πολιτείας·
1539 623 1900 692 διαλαμϐάνει

299 731 362 767 τε
391 713 472 777 ὡς
495 712 865 783 Κομεντίολος
895 713 1040 765 κατά
1068 713 1178 765 τῶν
1235 712 1485 783 Ἀϐάρων
1515 715 1897 786 ὲκστρατεύει,

301 806 452 874 ἔχων
480 807 935 876 ὑποστρατήγους
976 807 1223 876 Μαρῖνον
1277 807 1370 858 καὶ
1414 806 1663 868 Κάστον.
1699 809 1795 861 καὶ
1825 809 1902 873 ὡς

306 897 694 966 εὐδοκιμοῦσιν
737 890 889 949 οὗτοι
941 897 1082 950 κατά
1120 897 1230 949 τῶν
1253 895 1533 967 Ἀϐάρων,
1578 897 1805 969 ὕστερον
1843 900 1902 954 δὲ

317 991 625 1060 ζωγρεῖται
663 990 689 1041 ὁ
739 987 785 1019 ⁸³
847 989 1088 1053 Κάστος.
1145 990 1255 1042 Kal
1315 990 1396 1042 ὅτι
1457 990 1746 1058 Ἀνσιμοὺθ
1805 991 1898 1044 τὸν

325 1080 562 1150 ἒξαρχον
587 1080 679 1146 τῆς
697 1079 930 1149 πεζικῆς
959 1080 1248 1151 Ῥωμαίων
1275 1082 1560 1152 δυνάμεως
1587 1085 1638 1136 οί
1669 1085 1900 1156 Ἀϐαροι

334 1171 569 1241 ζωγρέαν
588 1170 792 1234 έλαϐον,
827 1171 922 1224 καὶ
957 1172 1302 1244 κατέδραμον
1327 1175 1394 1226 τὰ
1417 1175 1522 1228 ἀνά
1548 1176 1646 1246 τὴν
1667 1176 1900 1249 ,Θρᾴκην

337 1267 390 1316 αἱ
427 1264 663 1332 δυνάμεις
699 1263 903 1319 αὐτῶν.
940 1264 1054 1316 Kal
1106 1266 1472 1334 Κομεντιόλου
1516 1267 1803 1338 διάσκεψις
1851 1271 1900 1323 εί

329 1354 432 1423 χρὴ
470 1351 809 1405 ἐπιτίθεσθαι
853 1356 968 1416 τοῖς
1019 1354 1066 1386 ⁸ο
1111 1354 1400 1425 Ἀϐάροις,
1445 1357 1538 1410 καὶ
1585 1358 1900 1430 δημηγορία

321 1445 412 1496 ἐπὶ
441 1444 500 1496 τὸ
529 1444 641 1496 δεῖν
673 1445 1037 1511 ἐπιτίθεσθαι,
1079 1449 1172 1500 καὶ
1207 1449 1664 1522 ἀντιδημηγορία.
1701 1453 1891 1516 Ὅπως

313 1534 462 1602 φωνὴ
499 1532 823 1602 ἐμπεσοῦσα
851 1534 929 1603 τῷ
958 1535 1176 1606 στρατῷ
1205 1537 1315 1590 τῶν
1349 1538 1596 1608 Ἀϐάρων
1617 1539 1899 1608 ἄπρακτον

309 1625 408 1693 τὴν
432 1625 529 1678 τοῦ
564 1627 608 1657 ⁸¹
647 1627 1018 1696 Κόμεντιόλου
1052 1628 1298 1681 ἐπίθεσιν
1340 1629 1439 1700 τὴν
1474 1630 1618 1684 κατά
1654 1628 1749 1688 τοῦ
1783 1632 1900 1684 Χα-

308 1718 478 1783 γάνου
505 1717 829 1788 εἰργάσατο.
861 1718 973 1770 Καὶ
1013 1721 1142 1789 περὶ
1175 1718 1354 1773 Βουσᾶ
1392 1719 1489 1772 τοῦ
1535 1720 1896 1791 στρατιώτου,

306 1806 455 1869 ὅπως
490 1824 552 1860 τε
607 1809 652 1838 ⁵²
691 1808 947 1877 κυνηγῶν
986 1807 1128 1861 έάλω
1173 1809 1277 1862 ὑπὸ
1319 1807 1429 1861 τῶν
1485 1809 1754 1880 Ἀϐάρων,
1804 1811 1900 1863 καὶ

2001 627 2185 679 vivum
2220 625 2485 694 ceperint,
2511 629 2566 677 et
2609 620 2660 675 in
2692 619 2983 674 Thraciam
3030 617 3402 672 incursionem
3438 631 3591 670 exer-

2003 719 2145 774 citus
2209 731 2402 772 eorum
2452 714 2662 779 fecerit,
2708 709 3050 767 Comentiolo
3105 710 3324 763 interim
3388 710 3587 763 delibe-

2003 819 2181 874 rante,
2210 824 2278 862 an
2309 807 2504 862 Abaris
2535 813 2850 860 occurreret
2878 823 2890 858 :
2927 802 3224 871 habitaque
3257 812 3339 856 est
3381 803 3432 855 in
3463 818 3582 856 eam

2002 901 2332 957 sententiam
2386 897 2603 964 concio,
2636 905 2691 951 et
2749 896 2919 948 altera
2976 895 3101 946 item
3159 901 3370 956 contra,
3423 907 3488 945 ne
3525 907 3583 945 se

2003 992 2145 1048 hosti
2191 990 2470 1060 objiceret.
2509 985 2791 1054 Quomodo
2842 994 2998 1039 ortus
3031 985 3084 1036 in
3129 983 3323 1037 castris
3373 983 3583 1035 Abarn-

2003 1099 2124 1138 rum
2152 1095 2362 1146 rumor,
2404 1077 2727 1135 Comentioli
2758 1076 3018 1130 adversus
3060 1074 3382 1143 Chaganum
3445 1074 3588 1124 irru-

2003 1174 2242 1242 ptionem
2276 1172 2485 1226 irritam
2523 1168 2734 1224 fecerit.
2765 1168 2843 1221 De
2875 1165 3012 1218 Busa
3052 1163 3244 1227 milite,
3281 1164 3371 1232 qui
3413 1164 3464 1216 in
3507 1179 3589 1214 vc-

2003 1266 2226 1321 natione
2253 1264 2320 1319 ab
2346 1263 2542 1318 Abaris
2575 1271 2790 1329 captus,
2816 1268 2872 1314 et
2894 1276 2922 1311 a
2948 1257 3085 1327 {suis
3116 1256 3390 1326 negleclus
3453 1271 3588 1308 conv

2005 1362 2369 1422 temptusqne,
2422 1352 2688 1406 Barbaros
2738 1366 2856 1405 eam
2905 1349 2976 1403 ob
3005 1362 3224 1402 causam
3276 1361 3591 1416 nppngnan-

2004 1447 2195 1500 darum
2242 1447 2452 1500 urbium
2487 1445 2768 1498 machinas
2816 1443 3084 1496 fabricare
3132 1442 3340 1507 primus
3379 1440 3590 1494 docuit.

2005 1538 2094 1595 Uti
2127 1540 2412 1611 Chaganus
2449 1537 2657 1592 Beroen
2707 1535 3016 1599 obsederit,
3051 1533 3145 1589 sed
3181 1533 3314 1586 nihil
3350 1529 3595 1602 profece-

2005 1631 2096 1685 rit.
2147 1629 2410 1684 Similiter
2443 1639 2498 1682 et
2534 1627 2853 1682 Diocletiani
2891 1625 3079 1679 urbem
3107 1625 3455 1694 oppugnarit,
3501 1638 3592 1676 ne-

2002 1738 2108 1794 que
2159 1722 2367 1792 ceperit
2417 1733 2616 1775 tamen.
2663 1718 2983 1772 Mauricium
3021 1718 3400 1786 imperatorem
3449 1715 3594 1769 Con-

2003 1814 2357 1882 stantinopoli
2389 1813 2456 1867 ab
2490 1811 2764 1867 incondita
2805 1811 3194 1882 Byzantiorum
3226 1809 3380 1878 plebe
3407 1810 3593 1861 convi-

302 1899 457 1962 ὃπως
511 1900 620 1953 ὑπὸ
672 1901 780 1952 τῶν
819 1901 1111 1970 ὁμοφύλων
1172 1901 1507 1971 ὑπεροφθεὶς
1558 1903 1776 1972 πρῶτος
1813 1904 1898 1957 διὰ

2008 1909 2108 1962 ciis
2133 1915 2441 1974 exceptum.
2469 1907 2611 1975 quod
2636 1905 2704 1958 ob
2735 1919 2821 1958 res
2853 1902 3141 1957 infeliciter
3179 1917 3300 1955 cum
3338 1899 3602 1954 Bai-buris

298 1988 469 2043 τοῦτο
514 1992 644 2053 τοὺς
687 1991 956 2062 Ἀϐάρους
1008 1991 1408 2062 πολιορκητικὰ
1443 1992 1653 2062 ὄργανα
1693 1993 1898 2060 ἐδίδαξε

297 2080 871 2144 κατασκευάζεσθαι.⁴
901 2081 1091 2144 Ὅπως
1129 2099 1190 2136 τε
1234 2083 1339 2135 ὑπὸ
1379 2081 1474 2136 τοῦ
1515 2084 1770 2152 Χαγάνου
1809 2102 1901 2137 πο-

297 2171 612 2242 λιορκεῖται
651 2172 848 2244 Βερόη,
883 2175 976 2226 καὶ
1006 2175 1155 2238 ὅπως
1207 2176 1576 2246 ἀποτυγχάνει
1601 2176 1696 2230 τοῦ
1725 2179 1906 2248 ἐγχειο

300 2266 584 2334 ρήματος.
627 2267 818 2330 Ὅπως
865 2284 924 2320 τε
992 2267 1382 2338 Διοκλητιανοῦ
1435 2269 1590 2324 πόλιν
1640 2273 1668 2324 ὁ
1741 2272 1905 2335 αὐτὸς

297 2358 685 2429 πολιορκήσας
726 2361 1024 2432 ἀπρακτεῖ.
1054 2361 1176 2428 ,Καὶ
1223 2361 1419 2424 ὅπωςό
1452 2362 1709 2431 βασιλεὺς
1752 2365 1908 2418 Μαυ-

303 2452 492 2520 ρίκιος
545 2452 653 2506 ὑπὸ
692 2452 784 2506 τοῦ
837 2453 1094 2520 ἀγελαίου
1143 2453 1385 2524 πλήθους
1429 2455 1540 2508 τῶν
1595 2457 1928 2522 Βυζαντίων·

298 2543 636 2614 ἐλοιδορεῖτο
668 2545 755 2599 διὰ
785 2545 854 2599 τά
879 2547 986 2598 ἀπὸ
1031 2546 1140 2599 τῶν
1171 2546 1466 2618 βαρϐάρων
1521 2549 1908 2620 συμϐεϐηκότα

299 2642 444 2709 περὶ
465 2643 569 2710 τὴν
606 2642 878 2712 Εὐρώπην
911 2643 1324 2713 δυστυχήματα,
1350 2646 1496 2708 ὅπως
1528 2663 1587 2697 τε
1629 2646 1906 2716 ἐκπέμπει

301 2733 629 2800 στρατηγὸν
651 2735 742 2786 τὸν
771 2735 1048 2803 Ἰωάννην,
1073 2735 1132 2787 ὃν
1150 2736 1454 2788 ἐπεκάλουν
1471 2736 1821 2790 Μυστάκωνα
1840 2737 1909 2801 ⁸³,

296 2825 736 2895 ὑποστράτηγον
777 2825 928 2896 αὐτῷ
968 2827 1457 2898 καταστησάμενος
1507 2829 1820 2897 Δρόκτωνα,
1847 2830 1906 2894 ὃς

2009 2011 2212 2072 gestas,
2251 1999 2464 2068 Europa
2523 1996 2717 2052 afflicta
2749 2007 2912 2052 esset.
2957 1996 3168 2049 Misisse
3226 1995 3408 2064 itaque
3432 1993 3594 2046 Joan-

2010 2110 2156 2157 nem,
2180 2102 2542 2162 cognomcnto
2568 2089 2906 2160 Mystacona,
2931 2090 3053 2144 belli
3085 2090 3298 2152 ducem,
3325 2087 3596 2141 Droctoue

2013 2186 2114 2254 ipsi
2164 2185 2597 2251 subimperatore
2640 2179 2941 2234 attributa:
3011 2180 3103 2248 qui
3192 2179 3474 2231 obsessam
3529 2176 3596 2228 ab

2005 2276 2201 2331 Abaris
2235 2273 2668 2341 Adrianopolim,
2722 2287 2900 2340 pugna
2940 2287 3061 2326 cum
3105 2274 3258 2324 hoste
3299 2267 3593 2322 commissa

2005 2383 2248 2439 praesens
2284 2367 2540 2421 servavit.
2566 2364 2957 2434 Complectitnr
3001 2364 3165 2416 etiam
3212 2362 3298 2415 bic
3333 2361 3490 2423 liber,
3539 2367 3597 2411 ut

1962 2534 1964 2537 ι
2007 2477 2186 2516 arcem
2229 2461 2518 2515 Persarum
2556 2460 2848 2528 quamdam
2883 2460 2930 2510 vi
2983 2471 3180 2523 capere
3212 2453 3492 2508 llerachns
3524 2452 3597 2505 sit

2008 2568 2298 2623 aggressus
2330 2568 2344 2607 :
2371 2561 2423 2605 et
2454 2550 2520 2605 de
2552 2549 2837 2616 Bejudaes,
2868 2549 2948 2603 sic
2978 2548 3123 2627 dicto
3153 2545 3400 2609 castello,
3429 2554 3598 2613 utque

2006 2643 2312 2699 incredibili
2343 2642 2564 2712 Saperis
2599 2641 2788 2696 militis
2822 2640 3162 2704 fortitudine,
3198 2636 3428 2691 Romani
3458 2650 3598 2704 prae-

2010 2739 2208 2792 sidium
2248 2736 2590 2807 ochparint.
2625 2733 2866 2804 Denique
2901 2744 2960 2787 ut
2984 2732 3326 2800 Philippicas
3359 2730 3410 2782 in
3444 2727 3594 2795 regia

2015 2833 2152 2884 urbe
2183 2831 2654 2901 Constantinopoli
2688 2829 3036 2884 remanserit.

292 2920 402 2969 καὶ
443 2919 919 2990 πολιορκουμένης
970 2919 1076 2972 ὑπὸ
1117 2920 1228 2973 τῶν
1277 2920 1526 2991 Ἀϐάρων
1595 2922 1694 2991 τῆς
1748 2922 2246 2992 Ἀδριανουπόλεως
2301 2923 2350 2954 ⁸³⁵
2412 2923 2692 2994 συμμίξας
2755 2925 2866 2984 τοῖς
2935 2919 3218 2988 πολεμίοις
3275 2918 3375 2988 τὴν
3441 2916 3599 2969 πόλιν

291 3009 398 3082 [ιέ-
456 3011 555 3084 Η.]
611 3014 929 3068 διεσώσατο.
985 3015 1362 3084 Διαλαμϐάνει
1419 3016 1477 3069 δὲ
1536 3016 1632 3069 καὶ
1683 3017 1831 3080 ὅπως
1873 3020 1901 3071 ὁ
1951 3021 2273 3090 Ἡράκλειος
2312 3021 2573 3092 φρούριον
2599 3019 2871 3090 Περσικὸν
2945 3016 3209 3087 ἐνεχείρει
3238 3019 3348 3079 τοῖς
3408 3013 3598 3075 ὅπλοις

288 3106 489 3167 ἑλεῖν,
538 3107 796 3178 καὶπερὶ
838 3107 934 3160 τοῦ
968 3108 1256 3170 Βεῖουδάες
1296 3107 1586 3179 φρουρίου,
1623 3107 1720 3161 καὶ
1754 3110 1905 3172 ὅπως
1945 3112 2236 3183 παραδόξῳ
2304 3112 2559 3184 ἀριστείᾳ
2605 3113 2862 3182 Σάπηρος
2909 3111 3006 3164 τοῦ
3056 3112 3391 3182 στρατιώτου
3454 3101 3600 3162 εἷλον

287 3201 358 3253 τὸ
402 3203 674 3272 φρούριον
725 3201 1005 3272 Ῥωμαῖοι.
1037 3203 1148 3257 Kal
1173 3203 1270 3274 τὴν
1303 3203 1564 3274 ὲνδημίαν
1603 3203 1659 3258 δὲ
1703 3206 2032 3260 Φιλιππικοῦ
2062 3210 2190 3280 περὶ
2217 3208 2278 3262 τὸ
2304 3209 2579 3280 βασίλειον
2602 3209 2759 3266 ἄστυ.

383 3294 456 3346 '0
485 3294 543 3346 δὲ
591 3294 770 3366 τρίτος
820 3295 980 3363 λόγος
1023 3296 1280 3362 διέξεισιν
1327 3297 1479 3360 ὅπως
1517 3303 1904 3369 χειροτονεῖται

2082 3279 2270 3356 Tertio
2301 3279 2460 3355 libro.
2505 3299 2561 3354 In
2591 3300 2870 3368 Philippici
2909 3299 3082 3353 locum
3119 3279 3409 3352 Orientalis
3457 3298 3604 3352 utili—

291 3389 431 3442 ἀντὶ
484 3389 815 3442 Φιλιππικοῦ
871 3392 1183 3463 στρατηγὸς
1232 3393 1262 3446 ὁ
1314 3392 1555 3463 Πρίσκος
1611 3394 1712 3463 τῆς
1764 3394 1908 3466 ἑῴας

292 3482 602 3549 δυνάμεως
633 3522 648 3544 ,
700 3484 848 3546 ὅπως
915 3501 976 3535 τε
1039 3484 1366 3548 Φιλιππικὸς
1445 3485 1908 3559 διαφθονούμενος

299 3574 546 3644 Πρίσκῳ
604 3577 741 3645 πρὸς
798 3576 1122 3646 Ἡράκλειον
1180 3577 1423 3649 ἔγραψεν
1475 3579 1776 3649 ἐμφανίσαι
1829 3579 1907 3649 τῷ

305 3665 534 3735 στρατῴ
578 3665 686 3718 τῶν
736 3669 1005 3736 σιτήσεων
1053 3668 1236 3721 αὐτῶν
1259 3669 1360 3740 τὴν
1415 3670 1666 3739 μείωσιν,
1699 3671 1792 3723 καὶ
1825 3671 1908 3723 ὅτι

307 3758 556 3828 Πρίσκος
605 3759 1002 3828 προσπελάζων
1047 3760 1127 3832 τῷ
1176 3761 1525 3834 στρατοπέδῳ
1571 3764 1673 3815 οὐκ
1724 3763 1906 3833 ἀπέϐη

303 3849 403 3902 τοῦ
438 3852 610 3904 ῖππου
643 3852 784 3906 κατά
828 3853 890 3906 τὸ
936 3853 1170 3908 παλαιὸν
1198 3855 1319 3919 ἔθος
1365 3856 1462 3908 καὶ¹
1497 3855 1671 3919 οὕτως
1722 3855 1910 3925 ἡσπά-

308 3959 448 3994 σατο
488 3943 552 3996 τὸ
639 3945 1057 4014 στρατιωτικόν
1117 3946 1198 4001 διὸ
1242 3948 1304 4001 τὸ
1349 3948 1396 3980 ⁵⁸
1470 3949 1904 4020 στρατιωτικὸν,

303 4040 390 4088 ὅτι
415 4053 475 4088 τε
515 4038 574 4090 αί
617 4040 859 4106 σιτήσεις
895 4039 1263 4110 ὑπετέμνοντο
1305 4042 1402 4095 xal
1453 4041 1535 4095 ὅτι
1567 4040 1865 4111 ὴτιμοῦντο
1889 4083 1905 4107 ,

307 4128 669 4194 ἐστασίαζον.
712 4131 824 4184 Kal
863 4132 1100 4202 Πρίσκος
1126 4133 1386 4205 ὲλιφρέδα
1417 4135 1464 4166 ⁸⁵
1494 4134 1618 4196 δοὺς
1635 4133 1735 4205 τὴν
1759 4135 1910 4203 ἀχει-

307 4220 610 4288 ροποίητον
640 4222 705 4272 δι’
728 4223 900 4290 αὐτῆς
927 4222 1250 4295 ἐκλιπαρεῖν
1279 4225 1340 4277 τὸ
1365 4224 1568 4294 πλῆθος
1589 4223 1904 4294 ἐτέχναζεν

303 4313 355 4363 οξ
376 4311 436 4364 δὲ
461 4314 556 4364 καὶ
574 4311 783 4382 ταύτην
802 4313 973 4378 λίθοις
991 4314 1204 4370 ἔϐαλον.
1222 4315 1314 4368 Διὸ
1338 4314 1532 4384 φεύγει
1559 4315 1657 4386 μὲν
1683 4316 1740 4368 ὲν
1757 4316 1913 4368 Κων-

306 4405 576 4476 σταντίνῃ
607 4405 864 4476 Πρίσκος,
895 4406 992 4460 καὶ
1029 4408 1266 4478 αἱρεῖται
1299 4406 1404 4460 ὑπὸ
1436 4409 1537 4477 τῆς
1570 4405 1832 4476 στρατιᾶς
1857 4405 1904 4438 ³⁷

305 4499 600 4570 Γερμανὸς
632 4500 819 4563 αὐτοῖς
874 4501 1181 4570 στρατηγὸς
1228 4498 1516 4562 ἀκούσιος·
1563 4499 1659 4552 καὶ
1702 4496 1911 4566 ταύτης

304 4592 412 4660 τῆς
473 4591 792 4660 τυραννίδος
843 4592 1155 4662 κρατούσης
1217 4591 1412 4644 πολλαὶ
1465 4591 1619 4660 παρὰ
1684 4587 1910 4659 Περσῶν

2012 3394 2101 3447 tiae
2151 3394 2260 3448 dux
2301 3393 2564 3448 suffectus
2609 3393 2828 3447 Priscus
2868 3412 2880 3446 :
2929 3392 3013 3445 cui
3067 3391 3402 3460 Philippicns
3461 3391 3602 3444 invi-

2010 3486 2145 3540 dens
2181 3485 2432 3540 Heraclio
2465 3487 2705 3555 scripsit,
2740 3495 3104 3539 commeatum
3131 3483 3417 3545 exercitui,
3453 3483 3604 3536 ciba-

2009 3581 2201 3650 riaque
2255 3581 2548 3634 minueret.
2587 3578 2812 3632 Priscus
2846 3593 3068 3648 quoque
3098 3577 3149 3630 in
3183 3585 3363 3630 castra
3423 3577 3604 3643 profc-

2011 3682 2266 3736 cms,non
2298 3671 2434 3741 (94°)
2454 3672 2520 3724 ad
2544 3672 2706 3741 pedes
2726 3670 2894 3724 veteri
2912 3683 3086 3734 more,
3109 3683 3176 3722 cx
3192 3682 3330 3738 equo
3347 3668 3602 3722 desiliens

2012 3763 2210 3816 milites
2252 3763 2530 3818 salutavit.
2580 3763 2767 3831 Itaque
2821 3761 3118 3825 exercitus,
3154 3770 3264 3813 tmn
3321 3761 3466 3828 quod
3503 3775 3604 3814 an-

2012 3871 2153 3909 nona
2220 3856 2402 3910 accisa
2449 3864 2597 3909 esset
2635 3866 2798 3924 atque
2862 3863 3092 3922 angusta
3128 3851 3263 3921 ωδ),
3301 3863 3414 3905 tum
3458 3853 3600 3919 quod

2011 3947 2131 4002 sine
2165 3948 2370 4002 honore
2391 3955 2531 4000 esset
2570 3945 2638 3999 ab
2667 3946 2758 3999 illo
2793 3945 3032 4009 habitus,
3073 3942 3299 3995 militari
3329 3941 3603 3996 seditione

2014 4038 2374 4093 tumultuatus
2415 4048 2518 4091 est.
2551 4036 2772 4090 Priscus
2808 4035 2919 4103 (96)
2956 4032 3272 4104 eliphrepha
3298 4049 3404 4087 ttnn
3441 4047 3603 4086 manu

2013 4129 2154 4183 facta
2193 4129 2286 4182 illa
2337 4130 2570 4198 imagine
2610 4129 2744 4198 ipsis
2794 4128 3013 4191 tradita,
3069 4128 3287 4195 placare
3345 4141 3439 4194 per
3481 4140 3602 4179 eam

2012 4224 2320 4293 gregarium
2376 4223 2602 4276 militem
2655 4222 2882 4278 tentavit
2913 4239 2926 4275 :
2962 4221 3054 4274 sed
3086 4220 3232 4272 illam
3267 4219 3432 4272 etiam
3471 4218 3606 4284 lapi-

2012 4314 2170 4368 dibus
2220 4314 2515 4384 petierunt.
2569 4313 2738 4380 Igitur
2771 4311 2914 4382 29a
2962 4309 3386 4364 Constantinam
3441 4309 3602 4380 fugit.

2011 4404 2220 4459 Invitus
2256 4405 2471 4458 interim
2499 4405 2568 4458 ab
2597 4406 2843 4458 exercitu
2873 4403 2980 4456 dux
3015 4402 3245 4472 elegitur
3276 4399 3602 4455 Germanus.

2015 4497 2150 4550 Dum
2187 4497 2302 4551 baac
2349 4511 2444 4563 per
2474 4496 2580 4550 vim
2629 4506 2793 4565 atque
2823 4494 3112 4548 tumultttm
3146 4502 3436 4562 geruntur,
3469 4495 3608 4547 inul-

2016 4589 2086 4644 tis
2137 4588 2353 4643 interim
2389 4585 2619 4642 Romani
2657 4603 2687 4639 a
2729 4586 2913 4640 Persis
2940 4585 3342 4639 calamitatibus
3395 4583 3605 4643 afﬂicti.

307 4681 603 4752 συμφοραὶ
633 4685 749 4746 τοῖς
793 4682 1085 4753 Ῥωμαίοις
1106 4683 1547 4738 ὲναπετίκτοντο.
1572 4682 1664 4736 Διὸ
1683 4682 1780 4737 καὶ
1811 4680 1905 4752 βα-

2019 4683 2197 4747 Quare
2226 4679 2413 4734 Prisco
2437 4681 2734 4748 imperator
2757 4678 3079 4745 dignitatem
3111 4677 3332 4740 adimit,
3381 4678 3611 4748 ejusque

309 4775 501 4837 σιλεὺς
535 4775 700 4828 παύει
738 4774 838 4844 μὲν
863 4775 1126 4847 Πρίσκον,
1155 4775 1580 4830 ἀνταποστέλλει
1606 4763 1666 4830 δέ
1693 4775 1786 4848 [88
1815 4773 1910 4847 3.]

304 4866 648 4918 Φιλιππικὸν
699 4867 864 4922 πάλιν
919 4869 1247 4940 στρατηγόν.
1301 4869 1364 4922 Ἢ
1410 4869 1469 4922 δὲ
1526 4869 1759 4939 στρατιά
1817 4869 1912 4922 καὶ

306 4955 457 5025 πρὸς
486 4957 652 5010 αὑτὸν
699 4959 1012 5024 ἐστασίαζε.
1043 4961 1155 5014 Καὶ
1194 4959 1565 5032 πολιορκεῖται
1611 4961 1713 5030 μὲν
1753 4962 1912 5016 Κων-

309 5049 580 5099 σταντῖνα
609 5048 714 5103 ὑπὸ
756 5049 1006 5120 Περσῶν,
1037 5051 1227 5121 ῥύεται
1255 5052 1313 5105 δὲ
1344 5053 1456 5107 τῶν
1501 5053 1760 5107 κινδύνων
1786 5055 1912 5106 ἐπι-

311 5140 554 5203 στάντος
577 5142 719 5214 αὑτῇ
753 5143 1060 5213 Γερμανοῦ.
1103 5145 1217 5199 Καὶ
1254 5145 1491 5216 πόλεμος
1535 5147 1776 5217 Πέρσαις
1818 5146 1913 5198 καὶ

2021 4773 2076 4825 in
2109 4773 2282 4826 locum
2330 4770 2695 4841 Philippicum
2747 4771 2943 4826 iterum
2985 4772 3174 4825 ducem
3198 4770 3384 4824 mittit.
3417 4770 3522 4825 Sed
3553 4782 3609 4825 ct

2022 4862 2107 4917 his
2136 4879 2375 4928 rursum,
2433 4863 2650 4917 turbato
2697 4862 2965 4927 exercitu,
3023 4861 3428 4915 tumultuatum.
3467 4863 3609 4916 Con-

2023 4957 2264 5012 stantina
2282 4955 2393 5025 (97)
2408 4970 2436 5008 a
2457 4954 2638 5010 Persis
2663 4957 2902 5009 obsessa.
2929 4954 3314 5022 periculisque,
3334 4953 3608 5009 Germano

2023 5047 2302 5116 Suppetias
2329 5048 2557 5110 ferente,
2597 5046 2875 5098 eximitur.
2923 5043 3174 5099 Prwlium
3223 5044 3496 5099 Romanos
3525 5043 3610 5096 in-

2023 5152 2104 5195 ter
2129 5150 2184 5194 et
2209 5139 2404 5194 Persas
2425 5143 2493 5192 ad
2525 5136 2930 5208 Martyropolim
2963 5139 3338 5194 commissum.
3370 5135 3607 5191 Victoria

1624 5279 1857 5335 VARIAE
1900 5271 2309 5332 LECTIONES.

382 5393 434 5426 "
465 5393 495 5445 ὁ
521 5394 644 5448 add.
671 5396 734 5449 A.
807 5397 858 5428 ⁸ο
877 5400 992 5461 τοῖς
1016 5401 1054 5454 Α
1086 5398 1241 5453 ετότε
1279 5416 1338 5462 ς.

310 5467 461 5527 λεως
491 5482 556 5528 ς.
629 5466 674 5498 ⁸⁸
698 5467 781 5520 διὸ
818 5471 912 5522 καὶ
939 5471 1002 5522 τὸ
1028 5487 1090 5534 ς.

1418 5399 1461 5430 ⁸⁸
1490 5399 1583 5452 τοῦ
1625 5399 1750 5453 add.
1785 5400 1846 5450 Α.

1170 5471 1217 5501 ³⁸
1242 5470 1514 5539 ιλιφρέφα
1549 5488 1609 5534 ς.

1923 5399 1967 5429 ⁸³
1991 5393 2075 5465 τε]
2121 5411 2179 5446 τε
2221 5392 2314 5444 καὶ
2342 5409 2402 5454 ς’.

1689 5471 1735 5501 ⁸⁷
1770 5468 2032 5537 στρατιᾶς
2055 5462 2172 5535 Ἴης
2206 5481 2218 5516 :
2256 5462 2544 5533 στρατείας
2585 5480 2646 5525 ς’.

2483 5392 2529 5422 ⁵³
2568 5392 2932 5461 μουστάκωνα
2961 5410 3022 5456 ς.
3101 5393 3144 5422 ⁵⁸
3183 5390 3608 5461 νἈνδριανουπὸ-

2724 5465 2769 5495 ⁵⁸
2801 5460 3262 5534 Μαρτυρούπολιν
3288 5462 3329 5514 Α
3340 5500 3353 5517 .
3619 5481 3622 5484 '

1821 5557 2057 5614 NOTAE.

389 5655 539 5725 (ω’)
568 5653 701 5710 Vide
736 5657 805 5712 cl.
852 5659 911 5711 ν.
941 5656 1080 5713 Justi
1108 5658 1273 5730 Lipsii
1315 5658 1528 5729 epistol.
1569 5657 1622 5712 in
1665 5657 1807 5712 notis
1837 5657 1905 5710 ad

371 5727 625 5781 templar.
658 5726 931 5781 Graecum.

312 5742 625 5791 exemplar.
658 5742 931 5783 mecum.

395 5796 516 5864 (95)
550 5796 779 5878 Nicepb.
804 5799 900 5856 lib.
940 5816 978 5867 ι,
1017 5815 1135 5872 cap.
1166 5800 1255 5865 fl,
1279 5800 1437 5856 aliam
1464 5799 1728 5856 tumultus
1750 5796 1909 5868 huius

319 5882 555 5924 satisan)
577 5870 776 5923 reddit.

2095 5650 2205 5722 (96)
2249 5652 2323 5706 De
2367 5667 2530 5705 aurea
2578 5652 2814 5721 imagine
2855 5650 3221 5720 accipiendam
3248 5665 3442 5722 voccm
3486 5651 3620 5702 bar-

2018 5721 2203 5779 haram
2237 5723 2481 5792 ὲλφρέφα
2523 5738 2617 5776 seu
2646 5722 2912 5792 ὲλιφρξδα,
2944 5723 3162 5792 quidam
3208 5721 3295 5778 hic
3328 5732 3604 5776 notarunt.

2093 5791 2459 5865 (97)Niceph.
2496 5793 2594 5848 lib.
2637 5791 2795 5860 xviii,
2831 5809 2948 5864 cap.
2986 5791 3072 5846 Η.
