3926 6420
502 421 598 480 117

1657 415 1922 476 ΡΗΟΤΙΙ
1962 414 2069 475 PA’.

2174 413 2471 474 [ARCHE
2509 413 2620 474 CP.
3650 420 3745 486 HS

501 534 694 591 illustri
735 548 799 588 eo
840 533 924 587 die
968 545 1134 600 penes
1167 531 1441 586 Romanos
1477 529 1596 594 fuit,
1627 529 1846 584 Maruza
1871 530 2066 598 Persa-

2183 529 2470 598 Ῥωμαίοις
2505 531 2646 583 κατὰ
2695 530 2793 600 τὴν
2831 529 3334 602 Μαρτυρόπολιν-³⁸
3377 529 3605 600 γίνεται,
3655 544 3747 595 καὶ

499 645 616 682 rttm
645 628 801 692 duce,
839 643 958 680 runt
993 629 1164 681 tribus
1190 641 1409 678 suorum
1444 624 1701 683 millibus.
1735 626 1800 676 ad
1835 624 2074 677 interne-

496 720 709 773 cionem
774 734 954 782 caeso,
1017 719 1193 788 captis
1250 732 1380 772 vero
1435 717 1599 770 mille.
1658 714 2067 776 Reconciliato,

495 812 792 866 Aristolinli
859 827 1068 880 opera,
1129 824 1250 864 eum
1304 811 1630 877 imperatore
1679 806 1943 872 exercitu,
2005 803 2072 858 ad

497 921 676 958 arcem
710 904 1103 974 Giligerdorum
1135 903 1307 956 virtus
1329 903 1663 971 captivorum
1700 899 1931 952 militum
1959 896 2075 951 eni-

497 995 595 1047 tuit
630 1010 642 1044 :
678 1002 731 1047 et
762 992 1054 1060 Gregorius
1105 993 1217 1064 (98)
1267 991 1570 1046 Antiochiae
1601 990 1908 1058 episcopus,
1954 1002 2074 1039 sus-

495 1095 649 1152 cepta
700 1086 1002 1156 legatione,
1061 1085 1416 1154 Philippicnm
1489 1084 1726 1136 restituit
1785 1078 2070 1134 exercitui.

494 1175 896 1247 Martyropolis,
931 1176 1081 1231 Sittm
1133 1175 1412 1230 fraudibus
1459 1191 1485 1228 a
1521 1175 1703 1228 Persis
1746 1183 1901 1241 capta
1939 1173 2070 1247 (99).

494 1272 830 1342 Philippirus
875 1273 1048 1328 oilicio
1091 1274 1338 1343 dejit-itnr
1362 1315 1376 1338 ,
1417 1271 1786 1341 suffertusque
1808 1273 1876 1326 ab
1905 1273 2074 1340 impe-

393 1415 416 1425 ρ
493 1379 678 1422 ratore
733 1365 995 1420 Mauricio
1045 1366 1097 1419 in
1157 1363 1273 1430 ejus
1314 1363 1490 1418 loenm
1541 1364 1935 1429 Comentiolus,
1985 1363 2070 1417 cui

495 1458 806 1511 mandatum
827 1455 1287 1524 commissumque
1319 1455 1514 1510 bellum
1534 1466 1614 1508 est
1649 1455 1943 1512 Persicum.
1968 1453 2073 1510 Ge-

492 1556 562 1600 tm
584 1548 696 1601 sive
725 1547 923 1611 Sclavi,
954 1561 1016 1600 ea
1055 1555 1393 1615 tempestate,
1427 1547 1606 1600 vicina
1637 1546 1879 1600 Thrasia:
1903 1562 2074 1616 popu-

493 1638 745 1693 labantur
783 1654 796 1688 :
832 1636 998 1690 Roma
1031 1639 1291 1691 adversus
1316 1637 1688 1706 Longibardos
1714 1654 1861 1690 arma
1883 1637 2074 1693 indue-

489 1730 625 1785 bat:
667 1729 851 1783 Africa
895 1743 1111 1798 quoque
1159 1729 1462 1785 Maurusios
1513 1731 1788 1795 superavit
1822 1729 1918 1801 (l).
1964 1729 2073 1784 Co-

488 1821 753 1877 mentiolo
807 1822 965 1886 duce,
1013 1831 1308 1891 pugnatum
1361 1820 1516 1888 juxta
1571 1820 1923 1875 Sisarbanum
1969 1821 2069 1892 (2),

2174 619 2366 671 νικῶσι
2405 618 2666 688 Ῥωμαῖοι
2698 619 2986 690 λαμπρῶς,
3033 619 3127 672 ἆτε
3166 621 3257 672 τοῦ
3291 622 3511 689 Περσῶν
3544 643 3744 698 στρατ-

2171 709 2309 778 ηγοῦ
2353 708 2617 779 Μαρούξα
2660 709 2754 763 καὶ
2791 709 3104 778 τρισχιλίων
3141 710 3435 774 πεσόντων,
3485 716 3671 783 χιλίων
3689 719 3745 772 δὲ

2175 799 2587 871 ζωγρηθέντων.
2624 801 2732 853 Καὶ
2762 800 3144 854 διαλλάσσεται
3195 803 3331 873 πρὸς
3356 806 3448 858 τὴν
3483 808 3747 880 αὐτοκρά-

2172 907 2306 959 τορα
2344 889 2412 943 δι’
2457 891 2865 962 Ἀριστοϐούλου
2889 891 2950 944 τὸ
3004 893 3402 962 στρατόπεδον·
3444 897 3653 964 γίνεταί
3687 920 3745 956 τε

2174 981 2316 1034 κατὰ
2343 979 2404 1032 τὸ
2428 982 2684 1052 φρούριον
2715 982 3055 1052 Γιληγερδῶν
3081 984 3126 1016 ⁸³
3153 984 3260 1037 τῶν
3285 986 3578 1056 δεσμωτῶν
3613 990 3744 1045 Ῥω·

2177 1074 2352 1143 μαίων
2374 1074 2640 1143 ἀριστεία.
2668 1075 2777 1128 Καὶ
2806 1076 3106 1144 Γρηγόριος
3133 1079 3160 1129 6
3200 1078 3528 1148 Ἀντιοχείας
3560 1083 3748 1152 ἀρχιε-

2179 1167 2302 1236 ρεὺς
2347 1167 2672 1219 Φιλιππικὸν
2721 1167 2809 1219 διὰ
2861 1168 3158 1236 πρεσϐείας
3210 1170 3612 1240 ἀποκαθίστησι
3672 1175 3746 1245 τῷ

2175 1258 2563 1328 στρατεύματι.
2609 1259 2915 1312 Ἀλίσκεται
2945 1259 2999 1311 δὲ
3046 1260 3151 1312 ὑπὸ
3187 1261 3412 1331 Περσῶν
3445 1264 3478 1334 ἡ
3524 1266 3747 1334 Μαρτυ-

2177 1350 2396 1420 ρόπολις
2419 1351 2507 1404 διὰ
2530 1351 2692 1405 Σίττα
2719 1351 2874 1422 δόλῳ,
2903 1352 2996 1404 καὶ
3027 1352 3527 1423 ἀποχειροτονείται
3561 1357 3752 1410 Φιλιπ-

2174 1441 2354 1507 πικὸς,
2411 1443 2506 1496 καὶ
2563 1443 2919 1507 Κομεντίολος
2964 1445 3079 1496 ἀντ’
3123 1443 3288 1497 αὐτοῦ
3331 1446 3423 1499 τὸν
3486 1448 3752 1518 Περσικὸν

2175 1535 2280 1587 ὑπὸ
2327 1533 2420 1588 τοῦ
2471 1536 2874 1606 αὐτοκράτορος
2916 1537 3235 1590 πιστεύεται
3287 1539 3543 1608 πόλεμον.
3579 1543 3642 1594 Οἱ
3697 1543 3752 1597 δὲ

2173 1627 2334 1679 Γέται
2365 1627 2486 1697 ἦτοι
2508 1627 2742 1681 Σκλάϐοι
2772 1628 2840 1681 τὰ
2867 1631 2997 1698 περὶ
3017 1632 3116 1697 τὴν
3138 1630 3360 1702 Θρᾴκην
3378 1631 3750 1702 ἐλυμαίνοντο,

2173 1717 2208 1786 ἠ
2247 1715 2434 1785 Ῥώμη
2456 1715 2512 1770 δὲ
2537 1717 2673 1787 πρὸς
2702 1717 2829 1781 τοὺς
2853 1720 3258 1790 Λογγιϐἁρδους
3287 1721 3332 1752 ⁸⁸
3363 1722 3751 1790 ἁνθωπλίζετο,

2174 1809 2268 1861 καὶ
2301 1809 2475 1878 Λιϐύη
2506 1810 2614 1862 τῶν
2648 1811 3012 1880 Μαυρουσίων
3059 1815 3417 1883 περιεγίνετο.
3460 1818 3756 1887 Κομεντιό-

488 1928 660 1983 prope
685 1911 918 1975 Nisibin,
1013 1879 1194 1967 Persis
1235 1879 1398 1982 atque
1425 1913 1706 1966 Romanis.
1739 1879 2067 1983 Romani‘(?i)

2175 1899 2268 1954 λου
2299 1901 2355 1954 δὲ
2380 1879 2816 1973 στρατηγοῦντος
2857 1879 3260 1976 συμπλέκονται
3300 1910 3431 1980 περὶ
3466 1879 3754 1983 τὸ.Σισάρ-

490 2009 713 2063 militari
741 2009 938 2064 virtute
961 2010 1273 2080 superiores
1303 2024 1547 2075 evasere,
1577 2009 1822 2063 Heraclio
1855 2011 2066 2065 hastam

490 2100 709 2156 fortiter
765 2111 877 2157 tum
922 2103 1193 2156 vibrante.
1244 2101 1455 2156 Cecidit
1481 2116 1546 2156 eo
1583 2100 1766 2171 prmlio
1811 2101 2069 2157 Phraates

491 2193 606 2262 ipse
637 2195 977 2247 Persicarum
1011 2192 1290 2262 copiarum
1336 2191 1466 2256 dux,
1509 2191 1813 2260 castrisque
1843 2191 2069 2259 direptis

491 2285 672 2353 opima
723 2285 896 2355 spolia
953 2284 1113 2340 lecta.
1165 2285 1359 2337 Baram
1409 2283 1513 2354 (4),
1570 2282 1764 2338 Turcis
1819 2285 2064 2348 devictis,

488 2393 716 2446 magnas
745 2393 808 2432 ex
831 2377 911 2431 eis
933 2392 1063 2446 opes
1095 2377 1397 2431 llormisdae
1442 2377 1552 2446 regi
1595 2376 1982 2445 suppeditavit,
2014 2385 2069 2431 et

489 2469 709 2524 strictos
733 2468 913 2538 gladio
945 2467 1163 2523 Suaniaa
1193 2468 1432 2522 minatus
1461 2478 1564 2522 est.
1601 2467 1828 2522 Romani
1859 2476 2063 2532 autem,

487 2559 742 2614 ductante
779 2558 1026 2613 Romano
1050 2559 1281 2629 quodam
1326 2559 1570 2624 nomine,
1594 2570 1852 2615 conserta
1901 2576 2066 2615 manu

487 2665 612 2707 cum
641 2652 883 2706 exercitu
912 2651 1151 2716 Barami,
1173 2652 1488 2721 collatisque
1518 2653 1659 2707 inter
1684 2668 1743 2707 se
1762 2653 1954 2722 signis,
1988 2654 2068 2708 vi—

487 2743 641 2798 ribus
691 2742 968 2809 fortiores,
996 2745 1258 2798 illustrem
1305 2745 1540 2800 retulere
1574 2745 1883 2802 victoriam.
1928 2745 2069 2800 l-lor-

487 2835 693 2889 misdas
722 2837 791 2890 ob
816 2835 1022 2890 cladem
1051 2845 1351 2904 acceptam,
1391 2851 1488 2905 per
1524 2837 1875 2906 opprobrium
1935 2853 2069 2892 con-

489 2927 896 2996 tunielianiqne,
925 2927 1155 2982 Baratno
1179 2938 1384 2982 vestem
1423 2931 1569 2983 misit
1597 2929 1936 2985 muliebrem.
1969 2931 2068 2986 Hie

491 3016 884 3069 contumeliam
911 3015 1152 3070 vicissim
1195 3028 1250 3070 et
1279 3016 1538 3084 injuriatn
1578 3019 1810 3084 nlturus,
1833 3020 1970 3072 datis
1997 3021 2065 3073 ad

485 3118 609 3158 eum
643 3102 842 3159 litteris
865 3104 962 3174 (5),
993 3106 1272 3175 inscripsit
1305 3123 1319 3159 :
1350 3105 1654 3162 Chrosroes
1689 3109 1810 3162 tiliae
1843 3107 1969 3178 (non
2005 3108 2066 3161 fi-

487 3194 584 3262 lio)
623 3194 942 3249 Hormisdae.
982 3195 1096 3250 Hoc
1118 3195 1256 3251 bello
1285 3207 1338 3252 et
1367 3199 1640 3263 Armenii,
1671 3199 1916 3254 Sabbatii
1943 3217 2068 3271 per-

491 3287 748 3342 suasione
776 3288 1014 3353 adducti,
1053 3288 1318 3343 Joannem
1354 3289 1431 3358 (6)
1462 3291 1652 3344 dueem
1685 3308 1839 3345 suam
1882 3304 2067 3347 sustu-

485 3375 686 3445 lerunt,
716 3387 770 3434 et
795 3380 859 3432 ad
894 3378 1089 3434 Persas
1119 3383 1352 3434 deiicere
1384 3382 1664 3449 parabant.
1703 3382 2069 3438 Comentiolus

484 3470 705 3525 interim
748 3472 817 3526 ab
853 3472 1184 3540 imperatore
1235 3471 1456 3535 missus,
1505 3483 1559 3526 et
1591 3475 1882 3528 militarem
1914 3476 2069 3531 sedat

483 3563 871 3626 tuinultum,et
891 3561 1210 3620 Sabbatium
1241 3566 1766 3637 Constantinopolim
1792 3569 1956 3632 ducit,
1975 3570 2065 3640 qui

485 3654 552 3708 ad
582 3653 785 3710 bestias
823 3656 896 3710 ibi
935 3657 1246 3719 damnatus,
1283 3658 1514 3715 Caesaris
1548 3673 1726 3716 tamen
1781 3662 2066 3716 clementia

486 3747 649 3802 morti
683 3749 931 3828 eripitur.
965 3750 1285 3807 Hormisdas
1309 3751 1570 3808 Saramen
1608 3755 1871 3810 adversus
1902 3755 2070 3810 Barac

489 3857 635 3896 mum
658 3842 856 3898 mittit:
891 3859 1176 3915 pugnaque
1205 3849 1407 3902 victum
1445 3849 1585 3919 29b
1617 3850 1876 3904 Saramen
1907 3850 2070 3904 Bara-

488 3948 612 3986 mus
641 3933 944 4003 elephantis
990 3937 1358 3991 devorandum
1389 3941 1608 4006 objecit,
1641 3950 1693 3994 et
1725 3941 1900 4009 palam
1932 3955 2068 3994 con-

490 4033 576 4077 tra
609 4023 950 4081 Hormisdam
983 4043 1132 4082 arma
1162 4031 1304 4084 tulit.
1331 4029 1429 4084 llic
1452 4030 1715 4085 Baramus
1747 4047 1812 4085 eo
1847 4033 2069 4088 honoris

488 4128 616 4174 ante
671 4119 1027 4175 defectionem
1090 4121 1264 4176 fuerat
1313 4133 1553 4189 evectus,
1593 4135 1652 4176 ut
1679 4123 1727 4177 ei
1761 4139 1789 4176 a
1823 4139 1948 4192 rege
1979 4139 2068 4180 se-

487 4209 666 4264 cundo
694 4226 854 4267 nemo
899 4213 1142 4268 omnium
1171 4215 1435 4285 dignitate
1459 4217 1855 4271 antecelluerit.
1893 4217 2068 4273 Curo-

486 4299 681 4369 palatze
721 4301 862 4355 enim
897 4302 997 4370 (7),
1025 4311 1085 4356 ut
1137 4303 1397 4358 Romanis
1447 4306 1664 4370 dicitur,
1707 4321 1919 4361 summo
1953 4323 2069 4359 ma-

487 4392 719 4460 gistratu
763 4390 980 4448 functus
1029 4403 1133 4449 est.
1162 4395 1538 4451 Reeensentur
1563 4397 1667 4451 hoc
1688 4412 1907 4467 quoque
1929 4396 2070 4454 libro

2176 1993 2337 2046 ϐανον
2385 1995 2612 2066 πλησίον
2669 1997 2893 2060 Νίσιϐος
2936 1999 3142 2070 Πέρσαι
3187 2002 3281 2054 καὶ
3327 2003 3606 2074 Ῥωμαῖοι,
3665 2009 3756 2060 καὶ

2175 2085 2370 2139 νικῶσι
2398 2087 2540 2140 κατὰ
2585 2089 2785 2159 κράτος
2826 2091 3107 2160 Ῥωμαῖοι,
3152 2093 3476 2164 Ἡρακλείου
3519 2115 3756 2168 περιφα-

2176 2177 2282 2240 νῶς
2311 2179 2786 2248 ὲνευδοκιμοῦντος
2811 2182 2887 2251 τῷ
2911 2183 3130 2250 δόρατι·
3166 2185 3356 2237 πίπτει
3387 2186 3496 2256 γὰρ
3536 2189 3627 2240 καὶ
3664 2190 3757 2240 αὐ-

2173 2268 2264 2330 τὸς
2293 2269 2322 2319 ὁ
2347 2269 2454 2320 τῶν
2487 2269 2712 2338 Περσῶν
2738 2271 3043 2342 στρατηγὸς
3075 2275 3349 2344 Φραάτης,
3377 2279 3470 2329 καὶ
3496 2278 3755 2331 σκυλεύε-

2174 2377 2266 2413 ται
2304 2361 2362 2413 τὸ
2390 2360 2670 2432 πολέμιον.
2708 2363 2830 2416 Ἔτι
2859 2364 2916 2416 δὲ
2945 2364 3304 2436 διαλαμϐάνει
3337 2369 3483 2432 ὅπως
3508 2373 3534 2423 ὀ
3562 2371 3756 2442 Βαρὰμ

2175 2451 2454 2522 Τούρκους
2511 2454 2995 2525 καταπολεμήσας,
3033 2459 3126 2510 καὶ
3163 2460 3330 2514 πολὺν
3363 2461 3592 2514 πλοῦτον
3628 2463 3757 2533 Ὀρ-

2179 2545 2340 2616 μίσδᾳ
2375 2545 2449 2616 τῷ
2493 2545 2704 2616 βασιλεῖ
2744 2549 2955 2600 ἐκεῖθεν
2989 2553 3326 2620 χορηγήσας,
3375 2548 3476 2623 ἦρε
3509 2554 3605 2623 τὴν
3646 2554 3754 2623 μά-

2176 2656 2374 2708 χαιραν
2407 2641 2501 2692 καὶ
2533 2641 2676 2694 κατὰ
2715 2642 2975 2707 Σουανίας
2999 2660 3012 2673 ·
3065 2647 3324 2715 Ῥωμαῖοι
3361 2645 3416 2699 δὲ
3466 2648 3756 2716 Ῥωμανοῦ

2177 2732 2611 2800 στρατηγοῦντος
2676 2735 3082 2803 συμπλέκονται
3139 2738 3335 2808 Βαρὰμ
3385 2739 3480 2791 καὶ
3531 2739 3609 2808 τῷ
3669 2741 3756 2793 ὑπ’

2174 2822 2324 2892 αὐτῴ
2353 2823 2394 2854 ⁸³
2429 2824 2665 2894 στρατῷ,
2720 2825 2812 2878 καὶ
2861 2827 3002 2881 κατὰ
3030 2829 3231 2898 κράτος
3277 2828 3492 2886 νικῶσι.
3526 2831 3633 2884 Kal.
3687 2831 3759 2894 ὡς

2172 2912 2262 2964 διὰ
2288 2914 2386 2981 τὴν
2423 2909 2593 2986 ἧτταν
2643 2915 2938 2986 Ὀρμίσδας
2964 2917 3042 2984 τῷ
3073 2918 3270 2988 Βαρὰμ
3296 2919 3638 2985 ἐπονειδὶζων
3667 2939 3761 2990 γυ·

2175 3004 2423 3056 ναικείαν
2452 3005 2692 3059 ἔστειλεν
2715 3005 2920 3076 ἐσθῆτα
2944 3024 2959 3038 ³
2984 3010 3012 3060 6
3037 3009 3094 3061 δὲ
3128 3008 3442 3080 ἀνθύϐριζε,
3475 3011 3760 3083 θυγατέρα

2174 3097 2580 3168 Χοσρόου,ἀλλ’
2627 3100 2726 3168 οὐχ
2777 3100 2893 3153 υίὸν
2932 3100 3224 3171 Ὁρμίσδαν
3271 3105 3384 3165 τοῖς
3432 3103 3760 3174 γράμμασιν

2175 3191 2636 3261 ἐπιγραφόμενος.
2677 3193 2764 3245 Ἐν
2786 3185 2829 3259 ᾧ
2854 3194 2948 3245 καὶ
2983 3193 3258 3262 Ἀρμένιοι
3287 3193 3591 3266 ὑποθήκαις
3621 3197 3760 3248 Σαϐ-

2173 3283 2359 3335 ϐατίου
2407 3284 2498 3336 τὸν
2537 3283 2582 3314 ⁸⁸
2622 3283 2722 3353 μὲν
2759 3285 2910 3352 σφῶν
2954 3286 3258 3354 στρατηγὸν
3302 3287 3555 3358 Ἰωάννην
3603 3290 3758 3342 ἀναι-

2176 3375 2350 3444 ροῦσι,
2385 3373 2478 3446 [15
2509 3374 2600 3447 Η.]
2654 3379 2995 3448 προσχωρεῖν
3035 3377 3092 3430 δὲ
3140 3378 3381 3448 Πέρσαις
3421 3380 3756 3450 ἐγχειροῦσι.

2171 3467 2534 3537 Κομεντίολος
2587 3467 2644 3520 δὲ
2699 3469 2911 3532 σταλεὶς
2968 3469 3072 3522 ὑπὸ
3124 3469 3220 3522 τοῦ
3274 3470 3537 3538 βασιλέως
3575 3473 3678 3543 τήν
3699 3489 3757 3524 τε

2172 3563 2362 3615 στάσιν
2411 3561 2739 3626 κατευνάζει
2787 3563 2881 3616 καὶ
2937 3563 3238 3616 Σαϐϐάτιον
3279 3565 3324 3596 ⁶³
3358 3565 3416 3627 ἐς
3465 3563 3759 3627 Βυζάντιον

2169 3651 2292 3718 ἄγει
2315 3666 2329 3680 ⁶
2355 3653 2383 3704 6
2403 3651 2459 3704 δὲ
2486 3652 2695 3722 θηρίοις
2725 3652 2858 3723 βορὰ
2874 3653 3128 3721 γενέσθαι
3159 3651 3604 3718 καταδικάζεται,
3637 3654 3762 3721 φιλ-

2170 3744 2456 3815 ανθρωπίᾳ
2484 3744 2540 3798 δὲ
2572 3745 2820 3816 βασιλικῇ
2853 3745 2946 3798 τοῦ
2999 3746 3230 3799 θανάτου
3273 3745 3587 3800 ἀπολύεται.
3633 3749 3761 3817 Ὁρ-

2175 3836 2372 3906 μίσδας
2407 3837 2463 3890 δὲ
2493 3838 2755 3909 Σαράμην
2786 3838 2929 3891 κατὰ
2953 3839 3150 3909 Βαρὰμ
3179 3840 3531 3893 ἀποστέλλει·
3558 3841 3762 3911 Βαράμ

2169 3927 2226 3980 δὲ
2269 3928 2418 4000 μάχῃ
2461 3929 2692 3998 νικήσας
2720 3930 2984 4000 Σαράμην
3021 3929 3330 3997 ἐλεφάντων
3367 3930 3533 4001 βορὰν
3572 3932 3762 4001 ἐποιή-

2173 4037 2302 4073 σατο
2341 4022 2435 4074 καὶ
2478 4021 2780 4091 ἁναφανδδν
2825 4023 2964 4075 κατὰ
3009 4023 3272 4092 Ὀρμίσδα
3318 4025 3758 4094 παρατάσσεται.

2186 4111 2245 4165 '0
2291 4112 2350 4165 δὲ
2400 4112 2598 4184 Βαρὰμ
2630 4113 2726 4166 ἐπὶ
2773 4113 2998 4166 τοσοῦτο
3018 4114 3249 4185 διδάξῃς
3302 4111 3370 4186 ἦν
3419 4115 3762 4186 κεχωρηκὼς

2172 4204 2304 4275 πρὶν
2344 4205 2389 4237 ⁸⁵
2419 4204 2452 4275 ἢ
2483 4206 2778 4276 μελετῆσαι
2802 4207 2870 4259 τὰ
2907 4207 3008 4276 τῆς
3047 4208 3386 4272 ἀποστασίας
3414 4210 3489 4271 ὡς
3517 4212 3660 4278 μετά
3696 4227 3760 4278 γε

2174 4295 2404 4366 βασιλέα
2428 4297 2628 4367 μηδένα
2654 4297 2763 4350 τῶν
2790 4298 3011 4351 πάντων
3044 4299 3266 4367 μείζονα
3295 4301 3454 4366 δόξαν
3483 4301 3629 4372 ἔχειν
3660 4304 3762 4356 αύ-

2171 4389 2266 4441 τοῢ
2287 4406 2300 4421 ·
2333 4389 2361 4442 ὃ
2392 4391 2501 4460 γὰρ
2531 4389 2950 4461 κουροπαλάτην
2976 4392 3023 4423 ⁸⁸
3065 4392 3325 4462 Ῥωμαῖοι
3352 4394 3600 4458 καλοῦσι,
3625 4397 3762 4450 ταύ-

488 4482 688 4550 obiter,
730 4499 851 4553 qua:
897 4485 1228 4556 temporibus
1287 4487 1444 4557 longe
1486 4489 1884 4558 antiquioribus
1915 4499 2064 4558 gesta

2174 4501 2273 4553 της
2295 4483 2542 4552 ὰπήλαυε
2585 4483 2683 4552 τῆς
2711 4483 2898 4553 τιμῆς.
2951 4484 3369 4554 Ἐμπεριέχεται
3411 4486 3466 4538 δὲ
3505 4487 3583 4556 τῷ
3615 4486 3764 4557 λόγῳ

489 4575 715 4630 fuerunt
753 4594 768 4630 :
832 4579 1178 4648 breviterque
1239 4591 1529 4634 narrantur
1571 4597 1657 4647 ea,
1687 4597 1807 4650 qua:
1831 4585 1932 4636 sub
1981 4581 2068 4637 Ju-

2174 4578 2267 4630 καὶ
2303 4575 2584 4646 ἁναδρομὴ
2629 4577 2737 4628 τῶν
2787 4577 3248 4646 συγκυρησάντων
3280 4579 3408 4649 περὶ
3448 4581 3575 4642 τοὺς
3623 4597 3764 4650 πρε-

487 4668 633 4723 stino
658 4678 711 4723 et
737 4668 956 4726 Tiberio
982 4674 1231 4741 angustis
1252 4681 1572 4727 evenerunt.
1607 4672 1909 4728 Hortuisdac
1932 4689 2067 4743 quo-

2174 4666 2467 4737 σϐυτέρους
2500 4667 2744 4736 χρόνους,
2781 4668 2876 4718 καὶ
2902 4668 3165 4736 σύντομος
3215 4671 3494 4739 ἀφήγησις
3520 4671 3627 4721 τῶν
3665 4688 3762 4722 κε-

487 4774 592 4826 que
619 4759 908 4815 Persarum
946 4763 1090 4832 regis
1127 4764 1424 4817 crudelitas
1483 4764 1796 4833 exponitur,
1847 4774 1901 4818 et
1939 4765 2068 4819 Per-

2174 4760 2479 4830 κινημένων
2501 4758 2592 4809 ἐπὶ
2613 4760 2710 4828 τῆς
2742 4758 3018 4827 βασιλείας
3055 4759 3354 4812 Ἰουστίνου’
3373 4762 3467 4814 καὶ
3498 4763 3758 4830 Τιϐερίου

487 4867 672 4907 sarum
703 4868 887 4924 regum
925 4856 1096 4909 series
1139 4870 1168 4908 a
1204 4857 1379 4924 capite
1403 4858 1718 4912 arcessitur.
1749 4857 1926 4926 Atque
1954 4859 2068 4914 haec

2174 4854 2280 4906 τῶν
2310 4851 2746 4921 αὐτοκρατόρων,
2783 4854 2875 4904 καὶ
2932 4853 3061 4922 περὶ
3103 4853 3204 4922 τῆς
3243 4853 3524 4924 ὠμότητος
3559 4855 3761 4924 ’ωρμί-

488 4946 705 5017 quidem
735 4945 875 5004 libre
894 4947 1071 5001 tertio.

2177 4945 2301 4998 σδου
2337 4943 2430 4996 τοῦ
2473 4944 2697 5013 Περσῶν
2750 4943 3043 5012 βασιλέως,
3085 4946 3178 4997 καὶ
3205 4946 3306 5013 τῆς
3349 4947 3626 5018 Περσικῆς
3662 4966 3766 5017 γεω

2175 5035 2436 5103 νεαρχίας
2464 5034 2762 5102 ἀφήγησις.
2789 5033 2974 5087 Ταῦτα
3001 5033 3101 5102 μὲν
3127 5033 3220 5087 καὶ
3253 5035 3281 5085 ὁ
3310 5039 3379 5102 γ’.

1787 5125 2027 5180 ἾΑΒΙίΕ
2068 5126 2475 5181 LECTIONES.
3162 5163 3172 5178 .

562 5193 610 5226 ”
635 5195 956 5266 γιλιγέρδων
988 5213 1048 5260 ς.
1129 5197 1173 5228 θ’
1205 5197 1604 5267 λαγγιϐἀρδους
1661 5197 1860 5252 habere
1925 5200 2137 5251 videtur
2161 5198 2226 5250 A.
2305 5199 2348 5228 ⁶¹
2381 5198 2470 5267 Cm?
2511 5196 2672 5249 αὐτὸν
2719 5216 2780 5262 ς.
2860 5198 2904 5228 θ’
2925 5195 3043 5266 τὸν]
3076 5196 3172 5248 καὶ
3203 5195 3296 5248 τὸν
3323 5215 3384 5261 ς.
3461 5199 3507 5230 ⁸³
3544 5197 3772 5252 Σαϐϐά-

489 5283 603 5320 τιον
634 5282 724 5335 mg
761 5283 776 5320 :
818 5268 942 5321 libri
998 5266 1330 5336 συμϐάτιον.
1394 5268 1439 5300 ⁸⁸
1460 5269 1700 5338 τοσούτῳ
1723 5267 1790 5334 Α,
1816 5267 2292 5393 τοσοῦτοὰθυςὶᾋῐ⁸⁸
2319 5266 2470 5340 πρὶν]
2502 5269 2561 5320 τὸ
2605 5271 2734 5340 πρὶν
2761 5269 2826 5322 Α.
2903 5267 2947 5298 ⁸⁸
2982 5267 3050 5336 ἢν
3088 5267 3194 5335 γὰρ
3245 5269 3662 5339 κουροπαλὰτου
3701 5286 3766 5333 ς.

561 5431 892 5504 (98)0ratio
920 5431 1170 5502 Gregorii
1208 5440 1292 5486 est
1334 5431 1476 5502 apud
1525 5431 1748 5502 Nicepb.
1781 5433 1876 5487 lib.
1908 5446 2065 5499 xvnt,
2246 5434 2322 5504 (7'5)
2349 5433 2572 5504 Nicepli.
2605 5433 2702 5489 iib.
2740 5446 3044 5504 Xvitt,_cap.
3088 5430 3175 5504 18.

489 5517 611 5570 cap.
642 5501 707 5573 15
729 5514 783 5556 et
821 5502 908 5556 16.
1045 5501 1053 5502 “
1332 5501 1380 5573 ς
1661 5501 1664 5502 ⁷
1885 5572 1892 5573 ί
1969 5572 1976 5573 ί
2035 5570 2049 5573 _
2247 5501 2324 5573 (4)
2361 5501 2622 5558 Varainus
2658 5506 2746 5557 hic
2787 5512 2873 5555 est
2902 5501 3129 5569 Nicepb.
3161 5503 3255 5557 lib.
3299 5517 3457 5567 xvm,
3501 5516 3622 5571 cap.
3671 5503 3768 5560 l9.

561 5571 674 5643 (99)
728 5574 800 5626 De
829 5573 966 5626 Sitla
1003 5587 1130 5643 vero
1164 5571 1446 5641 transfuga
1480 5588 1602 5641 cap.
1653 5573 1738 5638 17,
1763 5584 1818 5627 et
1844 5572 1930 5643 hic
1965 5570 2066 5626 inf.
2355 5575 2578 5643 Niceph.
2609 5574 2735 5629 ibid.

559 5640 767 5714 (“Qui
798 5658 828 5695 a
859 5643 1062 5714 Graecis
1088 5640 1342 5695 Maurusii
1365 5640 1725 5714 appellantur,
1751 5659 1846 5698 eos
1877 5642 2072 5698 liorua-
2251 5640 2328 5714 (6)
2355 5640 2517 5711 Cujus
2543 5655 2598 5698 et
2629 5661 2750 5713 sup.
2781 5642 2988 5697 mentio
3021 5641 3112 5696 lib.
3141 5659 3179 5697 I.

559 5649 638 5713 (1)
666 5649 764 5708 Qui
798 5658 828 5695 a
859 5649 1062 5697 Graacis
1088 5649 1342 5695 Maurusii
1365 5649 1725 5711 appellantur,
1751 5659 1846 5698 eos
1877 5649 2072 5698 liorua-
2251 5649 2305 5714 (6
2355 5649 2517 5711 Cujus
2543 5655 2598 5698 et
2629 5661 2750 5713 sup.
2781 5649 2988 5697 mentio
3021 5649 3112 5696 lib.
3141 5659 3179 5697 I.

493 5711 547 5763 ni
575 5722 632 5786 _e_t_
663 5712 928 5786 ipdigenze
948 5711 1172 5786 Maurus»
1193 5723 1409 5766 vocant.
1440 5713 1636 5786 Strabo
1660 5713 1752 5767 lib.
1791 5727 1924 5786 xvii.
2176 5783 2216 5786 _
2250 5649 2330 5786 (7)
2371 5715 2476 5786 Qui
2510 5728 2692 5786 antea,
2722 5715 2974 5786 praetorio
2999 5715 3309 5786 praefectus.
3339 5712 3530 5786 Latine
3549 5711 3768 5770 dictus.

494 5781 642 5905 ll)(2)
677 5781 1024 5906 Sistputrorum
1096 5784 1284 5838 urbem
1329 5799 1451 5854 sup.
1481 5785 1762 5840 nominare
1831 5783 2061 5854 Procop.
2175 5781 2268 5838 Tn'
2302 5781 2417 5856 lege
2447 5783 2566 5839 Pet.
2610 5781 2773 5841 Fabri
2823 5783 3060 5840 Semost.
3091 5784 3183 5840 lib.
3223 5801 3261 5855 ι,
3292 5801 3414 5855 cap.
3447 5785 3504 5852 1,
3545 5793 3601 5837 et
3650 5788 3774 5840 duo

519 5868 529 5903 ι
574 5889 588 5904 .
628 5867 662 5906 ιι
697 5867 746 5904 vi
787 5867 817 5906 e
844 5869 927 5906 ur.
2169 5871 2320 5906 seua.

519 5862 588 5905 ib.
628 5867 662 5907 ιι
697 5862 927 5907 videtur.
2169 5871 2320 5926 seqq.
