3926 6444
370 395 485 460 149

1512 380 2038 465 BIBLIOTHECA.
2071 430 2140 441 —-
2164 404 2328 465 con.
2353 402 2526 467 LXV.

3559 397 3661 461 150

459 509 525 563 ⁸0
570 507 629 561 δὲ
672 505 931 579 τέταρτος
961 507 1344 578 διαλαμϐάνει,
1377 511 1524 577 ὅπως
1555 530 1615 565 τε
1666 514 1905 585 Πέρσαις
1945 516 1973 566 6

2148 514 2385 580 Quartus
2420 513 2558 566 liber
2581 512 2684 566 ista
2728 508 3127 580 complectitur.
3160 506 3244 564 Uti
3276 509 3414 578 apud
3457 508 3654 564 Persas

371 602 645 672 ἐμφύλιος
710 598 1043 671 ἐκρατύνετο
1104 601 1372 672 πόλεμος,
1434 605 1529 658 καὶ
1586 606 1687 658 ὅσα
1744 606 1975 660 συνεκύ-

379 712 516 767 ρησε
539 697 584 727 ⁸⁷
613 693 758 747 κατὰ
798 694 897 762 τὴν
942 694 1231 765 τυραννίδα
1268 694 1465 767 Βαρὰμ
1507 697 1748 768 τρόπαιά
1792 714 1853 750 τε
1883 700 1976 751 καὶ

376 790 775 859 εὐτυχήματα*
805 788 899 840 καὶ
927 790 959 858 ἡ
990 788 1083 840 τοῦ
1126 790 1466 860 Φερεχάνους
1510 790 1790 861 ἀναίρεσις
1825 793 1975 862 καὶὴ

380 883 674 953 Ζαδέσπρα
690 880 1082 950 προσχώρησις
1106 881 1149 912 ³⁸
1166 898 1179 911 ’
1197 882 1345 945 ὅπως
1369 900 1431 933 τε
1461 881 1565 934 ὑπὸ
1590 883 1808 936 Βινδόου
1842 883 1975 936 καθ-

389 978 638 1043 αιρεῖται
672 976 762 1043 τῆς
813 972 1090 1042 βασιλείας
1144 972 1479 1044 Ὀρμίσδαςο
1528 976 1675 1037 ὅπως
1706 991 1764 1027 τε
1806 974 1975 1044 ᾔτησε

396 1072 621 1142 δέσμιος
653 1071 719 1123 ῶν
740 1070 1151 1139 δημηγορῆσαι,
1181 1071 1275 1123 καὶ
1316 1071 1392 1134 ὡς
1436 1072 1782 1143 δημηγορεῖ·
1827 1074 1975 1136 ὅπως

404 1182 465 1218 τε
506 1165 709 1232 Βινδόης
761 1163 1091 1232 δημηγορεῖ,
1137 1163 1231 1217 καὶ
1280 1162 1693 1237 κατασφάζεται
1746 1164 1975 1215 ἐνώπιον

421 1257 673 1326 ὐρμίσδα
699 1257 726 1307 6
755 1254 847 1325 [89
881 1254 971 1326 IL]
1003 1258 1129 1318 παῖς
1171 1258 1266 1309 καὶ
1293 1256 1646 1325 τεμαχίξεται
1674 1258 1705 1327 ἡ
1739 1255 1972 1325 βασιλὶς,

398 1348 488 1399 καὶ
519 1344 815 1413 τυφλοῦται
844 1346 939 1399 καὶ
974 1346 1133 1407 αὐτὸς
1173 1345 1499 1415 Ὀρμίσδας·
1539 1345 1689 1407 ὅπως
1716 1362 1775 1397 τε
1815 1344 1972 1397 ὕστε-

390 1454 483 1507 ρον
513 1437 619 1489 ὑπὸ
666 1437 759 1490 τοῦ
805 1438 994 1517 παιδὸς
1037 1437 1297 1507 Χοσρόου,
1334 1436 1392 1488 ὃν
1431 1437 1729 1507 ἐστήσαντο
1768 1438 1975 1509 Πέρσαι

386 1528 642 1598 βασιλέα,
697 1529 955 1599 ῥοπάλοις
998 1532 1328 1599 ἀναιρεῖται.
1374 1529 1735 1599 Ἐπικρὰτειά
1778 1547 1835 1582 τε
1876 1532 1975 1600 τῆς

382 1622 707 1691 τυραννίδος
744 1622 961 1693 Βαρὰμ,
1009 1622 1103 1674 καὶ
1146 1621 1292 1690 φυγὴ
1334 1622 1579 1692 Χοσρόου
1622 1620 1715 1674 :06
1750 1622 2005 1689 Περσῶν

387 1716 687 1785 βασιλέως,
714 1718 865 1779 ὅπως
898 1734 954 1769 τε
984 1716 1081 1769 ἐπὶ
1104 1718 1163 1769 τὸ
1192 1716 1527 1787 Κιρκήνσιον
1549 1717 1576 1768 6
1611 1716 1838 1785 Περσῶν
1878 1716 1976 1786 βα-

385 1808 575 1872 cdt-:6;
611 1810 995 1879 παραγίνεται,
1031 1810 1430 1879 προσχωρήσας
1452 1808 1749 1878 Μαύρικίῳ
1774 1806 1852 1876 τῷ
1880 1807 1976 1861 αύ-

381 1903 709 1973 τοκράτορι,
734 1904 882 1965 ὅπως
906 1919 963 1953 τε
994 1900 1454 1971 διαπρεσϐεύεται
1474 1900 1608 1969 πρὸς
1631 1900 1814 1953 αὐτόν.
1848 1901 1983 1972 Περὶ
2008 1866 2058 1924 Β

379 1994 593 2064 Βαρὰμ
609 1994 666 2047 δὲ
690 1994 871 2057 πάλιν,
904 1995 1053 2056 ὅπως
1072 1993 1469 2063 τεχναζὸμενος
1501 1994 1592 2046 ὑπ’
1613 1994 1793 2047 αὐτῶν
1818 1994 1983 2064 ἀναῤ-

380 2084 629 2156 ῥηθῆναι
657 2083 907 2153 βασιλεὺς
939 2083 1033 2136 καὶ
1073 2082 1148 2152 μὴ
1200 2083 1378 2152 τυχὼν
1414 2083 1607 2137 ἑαυτὸν
1644 2085 1981 2154 ἀνηγόρευσε

384 2179 644 2249 βασιλέα.
674 2179 860 2236 Ὅπως
907 2177 935 2226 6
981 2174 1238 2245 βασιλεὺς
1271 2175 1522 2245 Χοσρόην
1559 2176 1651 2227 ἐπὶ
1692 2176 1793 2244 τὴν
1831 2174 1985 2246 ἱερὰν

386 2272 551 2324 πόλιν
584 2271 829 2341 μετάγει,
858 2268 1133 2341 βασίλειον
1176 2269 1326 2333 αύτῷ
1357 2269 1656 2338 θεραπείαν
1702 2268 1981 2339 συστησά-

384 2380 580 2433 μενος.
613 2362 723 2415 Καὶ
771 2361 902 2431 περὶ
959 2360 1069 2412 τῶν
1126 2360 1592 2431 συγκυρησάντων
1639 2361 1838 2432 Βαρὰμ
1889 2360 1986 2413 καὶ

382 2456 609 2526 Χοσρὸῃ
640 2454 747 2525 πρὸ
783 2452 881 2523 τῆς
928 2452 1241 2522 Ῥωμαῖκῆς
1274 2452 1610 2523 συμμαχίας,
1638 2453 1734 2505 καὶ
1763 2453 1839 2516 ὡς
1866 2453 1986 2505 δια-

387 2547 878 2618 πρεσϐευσάμενος
905 2544 1102 2615 Βαρὰμ
1126 2544 1264 2615 πρὸς
1292 2545 1386 2597 τὸν
1409 2545 1794 2615 αὐτοκράτορα
1824 2547 1985 2599 Μαυ-

390 2641 574 2710 ρίκιον
590 2639 998 2708 ἀποπέμπεται,
1012 2636 1469 2707 διαπρεσϐεύεται
1484 2638 1539 2690 δὲ
1558 2638 1721 2691 πάλιν
1737 2640 1987 2710 Χοσρόης

386 2734 490 2785 καὶ
509 2732 792 2801 τυγχάνει.
820 2731 1011 2793 Ὅπως
1033 2733 1059 2782 6
1083 2730 1341 2799 βασιλεὺς
1366 2730 1459 2783 τὸν
1480 2732 1579 2799 τῆς
1608 2731 1920 2802 Μελιτηνῆς
1941 2734 1986 2765 ⁸⁸

389 2827 550 2898 ἱερέα
601 2828 718 2897 ἃμα
765 2826 810 2859 ⁷ο
861 2826 1149 2897 Γρηγορίῳ
1204 2826 1282 2893 τῷ
1345 2826 1682 2895 Ἀντιοχείας
1734 2828 1989 2897 ἀρχιερεῖ

384 2919 534 2989 πρὸς
567 2919 812 2989 Χοσρόην
860 2918 1160 2987 ἐξέπεμψε.
1194 2918 1334 2988 Περὶ
1380 2918 1483 2988 τῆς
1524 2917 1841 2987 δολοφονίας
1878 2921 1985 2973 Bat—

387 3016 535 3087 ρὰμ,
558 3016 627 3087 ἢν
652 3016 938 3086 Ζαμὲρδης
960 3016 1053 3068 καὶ
1082 3015 1407 3086 Ζοανάμϐης
1424 3017 1467 3048 τί
1493 3018 1985 3084 συνεσκευάσαντο,

384 3112 495 3163 καὶ
525 3111 655 3179 περὶ
695 3110 788 3163 τοῦ
820 3111 983 3178 φόνου
1015 3109 1121 3162 τῶν
1149 3110 1230 3173 είς
1271 3109 1433 3164 τοῦτο
1480 3110 1984 3182 συμπραξαμένων.

2080 607 2279 661 bellum
2331 606 2623 660 invaluerit
2676 604 3012 666 intestinum,
3066 616 3292 673 quaeque
3336 604 3390 657 in
3436 603 3654 659 Barami

2081 700 2365 770 tyrannide
2396 698 2696 753 acciderint
2727 697 2989 759 victoriae,
3017 710 3080 749 ac
3106 711 3195 750 res
3223 697 3493 751 secundae.
3548 698 3665 751 Cte-

2077 797 2199 849 dem
2260 796 2389 849 item
2438 793 2775 848 Pherechani
2805 833 2819 857 ,
2882 805 3303 859 successumque
3354 788 3664 857 Zadesprm.

2079 890 2363 956 Quomodo
2424 904 2451 941 a
2504 888 2710 940 Bindoe
2740 886 2816 956 (8)
2847 901 3014 953 regno
3043 894 3236 938 exutus
3264 882 3601 947 Hormisdas,
3633 900 3664 938 ο

2081 982 2314 1037 vinculis
2358 995 2577 1035 causam
2609 979 2790 1033 dicere
2815 977 3119 1047 postularit,
3163 989 3431 1044 causaque
3484 974 3653 1037 dicta,

2080 1077 2437 1129 concinnatus
2468 1073 2537 1127 sit
2568 1082 2622 1127 et
2648 1072 2903 1125 Bindoes.
2951 1068 3007 1122 ln
3041 1070 3346 1123 Hormisdtc
3389 1067 3665 1134 ocnlisju-

2082 1168 2295 1236 gnlatus
2326 1166 2492 1230 lilius,
2517 1164 2700 1233 regina
2728 1164 2802 1233 (9)
2838 1177 3055 1232 quoque
3082 1163 3135 1215 in
3165 1176 3347 1230 partes
3376 1161 3607 1215 disserta
3646 1178 3659 1213 :

2080 1260 2196 1327 ipse
2235 1268 2541 1312 exemcatus
2585 1256 2901 1309 llormisdas
2936 1272 2949 1307 :
2989 1263 3109 1322 post
3158 1254 3322 1305 etiam
3367 1268 3394 1304 a
3424 1251 3666 1304 Chosroe

2084 1353 2198 1407 tilio
2253 1368 2372 1417 suo,
2406 1367 2564 1419 quem
2629 1350 2807 1404 Persae
2852 1363 3033 1417 regem
3086 1348 3187 1402 sibi
3245 1347 3664 1407 constitueram,

2085 1449 2316 1503 fustibus
2364 1455 2586 1501 necatus
2626 1455 2730 1499 est.
2778 1443 3105 1515 Tyrannidis
3148 1442 3361 1495 Barami
3406 1441 3667 1510 potentia,

2080 1552 2134 1595 et
2184 1540 2427 1596 Chosroe
2464 1538 2754 1592 Persarum
2790 1537 2931 1607 regis
2978 1536 3123 1605 fuga,
3161 1544 3326 1603 utque
3375 1535 3441 1587 ad
3479 1534 3666 1586 Circe-

2077 1636 2216 1692 sium
2246 1634 2475 1695 delatus,
2512 1633 2577 1686 ad
2622 1629 2934 1684 Mauricium
2968 1629 3350 1695 imperatorem
3408 1628 3661 1681 tendens.

2080 1729 2402 1798 legationem
2464 1726 2531 1780 ad
2590 1740 2712 1780 eum
2767 1723 2997 1777 miserit.
3039 1721 3273 1774 Rursum
3310 1720 3377 1772 de
3414 1719 3666 1783 Baramo,

2084 1824 2161 1875 uti
2187 1821 2314 1875 dum
2356 1827 2472 1874 astu
2526 1826 2728 1889 ageret,
2764 1828 2823 1870 ut
2861 1830 2953 1869 rex
2985 1815 3052 1867 ab
3086 1814 3190 1866 illis
3217 1821 3522 1875 crearetur,
3566 1825 3669 1863 nec

2086 1912 2195 1966 voti
2246 1911 2401 1965 ﬁeret
2454 1922 2696 1977 compos,
2757 1920 2936 1974 regem
2990 1918 3049 1957 se
3104 1904 3220 1970 ipse
3277 1900 3665 1970 pronuntiarit.

2087 2002 2368 2071 Quomodo
2414 2000 2601 2055 Caesar
2644 1995 2970 2066 Hierapolim
3022 1991 3311 2046 deduxerit
3365 1990 3668 2053 Chosroen,

2086 2095 2269 2150 addita
2311 2097 2473 2146 etiam
2522 2089 2725 2143 familia
2780 2102 2904 2156 rege
2938 2087 3094 2155 digna
3133 2084 3267 2155 (10).
3320 2083 3519 2149 Deiis,
3550 2097 3673 2150 qmc

2088 2196 2238 2255 gesta
2267 2182 2550 2237 Chnsroen
2604 2181 2747 2233 inter
2792 2189 2848 2233 et
2873 2178 3185 2237 Baramum,
3222 2183 3511 2241 antequam
3548 2187 3670 2224 cmn

2088 2275 2350 2331 Romanis
2402 2272 2577 2327 foedus
2609 2270 2766 2324 ﬁeret
2799 2285 2813 2322 :
2862 2278 3027 2336 utque
3064 2267 3128 2318 ad
3183 2264 3502 2317 Mauricium
3537 2262 3670 2331 imp.

2088 2369 2359 2441 legatione
2392 2367 2579 2430 missa,
2622 2363 2885 2417 Baramus
2934 2361 3209 2429 repulsam
3256 2359 3462 2423 tulerit,
3529 2355 3681 2409 Cho-

2088 2477 2242 2517 sroes
2270 2468 2459 2516 contra
2484 2454 2810 2526 impetrarit.
2828 2454 2903 2508 De
2928 2452 3196 2522 legatione
3227 2448 3581 2517 Domitiani(l
3601 2449 3671 2514 l),

2086 2554 2359 2611 Meletina:
2391 2549 2650 2621 episcopi,
2687 2557 2741 2603 et
2763 2546 3009 2615 Gregorii
3044 2543 3291 2612 praesulis
3335 2541 3666 2603 Antiochiae,

2089 2647 2160 2701 ab
2200 2646 2533 2715 imperatore
2593 2643 2657 2694 ad
2710 2639 2989 2693 Chosroen
3030 2635 3220 2689 missa.
3274 2634 3348 2687 De
3406 2646 3539 2686 nece
3570 2630 3679 2683 Ba-

2088 2752 2243 2794 ramn
2268 2749 2367 2805 per
2396 2734 2639 2789 fraudem
2667 2746 2697 2785 a
2727 2729 2993 2785 Zamerda
3049 2724 3428 2782 etZoanamba
3461 2730 3672 2793 parata,

2087 2842 2384 2898 eorumque
2412 2826 2579 2891 caede,
2595 2825 2685 2894 qui
2710 2823 2786 2878 rei
2823 2821 3030 2876 conscii
3060 2818 3309 2873 fuissent.
3337 2818 3411 2870 De
3442 2815 3670 2878 Bindoe.

2090 2921 2310 2975 homine
2357 2919 2544 2983 Persa,
2586 2928 2754 2986 utque
2793 2929 2824 2968 e
2858 2913 3081 2967 Perside
3114 2911 3335 2980 Ingerit,
3378 2912 3521 2979 quod
3550 2925 3675 2979 per-

2089 3028 2373 3069 cussorum
2417 3010 2633 3065 Barami
2677 3007 2895 3077 “socius
2935 3014 3099 3072 esset;
3139 3005 3205 3059 de
3251 3003 3599 3072 Martyropoli
3647 3017 3679 3056 a

2090 3110 2335 3166 Chosroe
2390 3103 2894 3161 Romanisreddita
2926 3100 3105 3171 30a,
3156 3099 3330 3166 deque
3378 3096 3517 3150 Sitta
3564 3096 3679 3166 (12)

386 3203 542 3273 Περὶ
576 3202 789 3256 Βινδόου
816 3202 909 3254 :06
936 3201 1174 3273 Πέρσου,
1200 3201 1295 3254 καὶ
1322 3201 1471 3265 ὅπως
1500 3202 1827 3272 δραπετεύει
1850 3203 1986 3274 Περ-

2094 3201 2331 3257 ﬂammis
2384 3209 2600 3255 exusto.
2651 3194 2842 3250 Oratio
2892 3195 3020 3246 item
3071 3189 3330 3244 solemnis
3372 3188 3584 3255 publice
3613 3187 3684 3241 de

388 3296 545 3359 σίᾰα,
570 3296 667 3365 τῆς
695 3294 836 3349 κατὰ
870 3296 1069 3366 Βαρὰμ
1109 3294 1404 3366 ἐπιϐουλῆς
1441 3296 1699 3357 κοινωνὸς
1722 3294 1983 3364 γεγονώς.

388 3388 598 3453 Ὅπως
641 3390 675 3460 ἡ
734 3389 1157 3461 Μαρτυρόπολις
1205 3389 1312 3442 ὑπὸ
1366 3388 1611 3459 Χοσρόου
1670 3388 1984 3443 ἀποδίδοται

2094 3302 2315 3361 recepta
2378 3289 2513 3344 urbe
2565 3287 2745 3342 habita
2806 3300 2835 3338 a
2896 3282 3209 3338 Domitiano
3262 3278 3682 3335 Melitiuensium

2091 3386 2341 3458 praesule.
2376 3382 2441 3436 Et
2472 3383 2539 3435 de
2571 3380 2656 3436 his
2688 3386 2922 3448 quatuor
2948 3376 3106 3430 liber.

399 3482 725 3552 Ῥωμαίοις,
754 3483 849 3535 καὶ
882 3482 1013 3553 περὶ
1040 3482 1139 3551 τῆς
1170 3483 1214 3513 τ’
1243 3482 1408 3535 Σίττα
1470 3482 1559 3535 διὰ
1599 3483 1773 3555 πυρὸς
1841 3483 2211 3554 ἀναιρέσεως,
2277 3481 2374 3533 καὶ
2426 3475 2754 3549 ἑορταστικὴ
2845 3471 2940 3526 τοῦ
2993 3470 3293 3524 ἐπισκόπου
3374 3468 3683 3540 Μελιτηνῆς

390 3580 747 3649 (Δομετιανὸς
767 3578 940 3650 ὄνομα
956 3578 1126 3649 αὐτῷ)
1152 3579 1246 3631 ἐπὶ
1265 3582 1333 3650 τῇ
1356 3580 1628 3650 ἀναλήψει
1651 3579 1745 3634 τοῦ
1767 3582 1982 3645 ἄστεος.
2030 3581 2121 3635 Ἐν
2152 3574 2236 3642 οἷς
2263 3578 2360 3631 καὶ
2388 3577 2417 3628 6
2450 3575 2712 3644 τέταρτος
2746 3570 2925 3637 λόγος.

481 3672 545 3725 ’0
569 3672 625 3725 δὲ
656 3672 904 3742 πέμπτος
936 3672 1208 3738 διέξεισιν,
1241 3673 1389 3736 ὅπως
1430 3673 1676 3743 Χοσρόης
1707 3675 1735 3726 6
1762 3674 1991 3745 Περσῶν

397 3763 659 3834 βασιλεὺς
706 3762 911 3833 ἀπορία
952 3762 1051 3832 τὴν
1086 3762 1266 3833 ψυχὴν
1304 3763 1780 3834 κατατρυχόμενος
1822 3765 1990 3835 ἐπρέ-

397 3858 569 3910 σόευε
593 3857 683 3909 τὸν
701 3857 757 3907 ἐν
781 3856 1021 3926 μάρτυσι
1038 3856 1285 3925 Σέργιον,
1310 3855 1369 3908 ὃν
1393 3855 1575 3909 καὶτὰ
1602 3855 1768 3909 λοιπὰ
1792 3856 1987 3930 [4491.]

398 3952 658 4024 βάρϐαρα
692 3952 1089 4023 πρεσϐεύουσιν
1126 3952 1275 4022 ἕΟνη,
1306 3952 1460 4007 λύσιν
1491 3954 1602 4006 τῶν
1639 3955 1990 4025 δυστυχημά-

392 4064 511 4099 των
546 4047 758 4117 εὑρείνο
795 4046 893 4099 καὶ
922 4046 997 4109 ὡς
1028 4045 1247 4117 σταυρῴ
1275 4046 1463 4117 χρυσῷ
1489 4046 1855 4117 λιθοκολλήτῳ
1878 4047 1992 4099 ὲτί-

401 4156 611 4210 μησεν·
643 4138 896 4193 ἐντεῦθέν
920 4156 978 4191 τε
1016 4138 1335 4210 Ζαδὲσπρας
1373 4139 1461 4192 διὰ
1498 4139 1664 4192 Ῥοσᾶ
1694 4140 1995 4209 δολοφονεῖ-

396 4250 494 4286 ται
523 4231 869 4302 Βλησχάνους
902 4232 1226 4302 ὑποθήκαις,
1264 4231 1360 4285 καὶ
1411 4227 1583 4284 τᾶλλα
1618 4231 1837 4303 θυμήρη
1897 4233 2002 4284 Χο-

398 4328 544 4396 σρόῃ
607 4327 862 4396 συναντᾷ.
911 4327 1047 4396 Περὶ
1099 4326 1192 4377 :06
1269 4325 1712 4390 ὲκδανεισθέντος
1773 4326 1999 4396 χρυσίου

396 4419 623 4490 Χοσρόῃ
655 4417 732 4488 τῷ
766 4418 992 4487 Περσῶν
1022 4417 1235 4486 βασιλεῖ
1275 4412 1378 4470 ὑπὸ
1408 4418 1718 4488 Μαυρικίου
1754 4416 1848 4470 :06
1896 4419 1997 4469 αὐ-

395 4512 762 4583 τοκράτορος,
816 4512 912 4563 καὶ
961 4509 1037 4573 ὡς
1087 4511 1448 4579 χειρογραφεῖ
1505 4509 1753 4579 Χοσρόης
1799 4510 1861 4563 τὸ
1909 4510 2000 4563 δά-

397 4618 631 4670 νεισμα.
682 4600 954 4670 Πρεσϐεία
996 4617 1055 4652 τε
1085 4600 1329 4669 Χοσρόου
1376 4600 1462 4668 ἐφ’
1485 4592 1529 4667 ᾧ
1565 4601 1871 4669 ἀποστῆναι
1896 4602 2004 4654 K0-

2170 3672 2402 3740 Quintus
2435 3668 2596 3723 Liber
2629 3667 2890 3727 continet,
2924 3670 2984 3715 ut
3016 3659 3180 3715 animi
3211 3659 3427 3725 dubius,
3455 3666 3512 3713 et
3541 3670 3685 3727 περὶ*

2097 3766 2389 3828 Cbosroes,
2418 3760 2705 3816 Persarum
2732 3772 2845 3823 rex,
2874 3756 3090 3810 beatum
3115 3751 3362 3820 Sergium
3393 3760 3685 3820 martyrem

2098 3869 2389 3915 veneratus
2438 3856 2530 3917 sit,
2576 3868 2734 3921 quem
2769 3861 2822 3904 et
2872 3850 3129 3902 Barbarae
3184 3847 3435 3899 nationes
3479 3848 3687 3898 honore

2100 3952 2316 4007 allicere
2364 3947 2803 4009 consuevissent,
2857 3956 2962 4012 quo
3008 3940 3272 3995 malorum
3307 3938 3685 3991 liberationem

2100 4045 2396 4114 reperiant.
2433 4042 2608 4110 thue
2657 4052 2820 4092 cruce
2864 4049 3027 4088 aurea
3056 4033 3193 4102 (13),
3227 4029 3538 4101 margaritis
3571 4030 3686 4084 dis-

2106 4140 2297 4203 tincta,
2334 4151 2456 4190 emn
2514 4131 2840 4189 honorarit:
2884 4128 3121 4196 indeque
3145 4124 3434 4192 Zadesprae
3462 4121 3687 4175 fraudu-

2106 4233 2249 4287 lenta
2296 4245 2391 4298 per
2418 4229 2656 4281 Rhosam
2689 4222 2887 4289 caedes,
2930 4217 3160 4274 consilio
3187 4213 3525 4279 Blescbanis,
3551 4211 3690 4266 alia-

2110 4340 2235 4394 que,
2275 4338 2393 4392 qua:
2424 4336 2493 4375 ex
2530 4317 2698 4373 animi
2737 4313 3006 4369 sententia
3049 4310 3309 4366 Chosroae
3345 4306 3687 4362 obvenerint.

2101 4415 2178 4469 De
2213 4413 2327 4465 auri
2370 4408 2595 4480 pecunia
2656 4414 2841 4459 mutua
2881 4401 3142 4456 Chosroa:
3176 4397 3461 4451 Persarum
3503 4395 3611 4463 regi
3659 4410 3691 4448 a

2103 4504 2364 4560 Mauricio
2384 4504 2575 4570 imper.
2606 4499 2753 4561 data,
2776 4494 3129 4563 ejusdemque
3154 4491 3298 4557 regis
3325 4488 3691 4556 chirographo

2105 4608 2339 4667 acceptae
2364 4596 2623 4665 pecunia.
2666 4589 2888 4659 Legatio
2916 4587 3046 4640 item
3076 4584 3332 4637 Cliosroze
3366 4592 3423 4636 ut
3453 4582 3690 4634 Comen-

404 4693 693 4764 μεντίολον
717 4693 818 4763 τῆς
839 4695 939 4763 ἠγε
950 4694 1162 4763 μονίας,
1182 4694 1279 4746 καὶ
1305 4693 1609 4763 χειροτονία
1632 4692 1852 4762 Nape-06
1881 4694 1986 4748 ἀντ’

2108 4660 2248 4747 tiolo'
2267 4660 2541 4744 exercitus
2582 4684 2904 4755 praefectura
2930 4678 3285 4732 adimeretur.
3314 4674 3523 4728 Narsen
3577 4671 3691 4739 (M)

400 4784 802 4854 Κομεντιὸλου,
831 4786 926 4838 καὶ
954 4784 1241 4854 συμμαχία
1274 4784 1564 4854 Ῥωμαίων
1604 4784 1747 4838 κατὰ
1786 4784 1881 4839 τοῦ
1909 4803 2002 4838 τυ-

405 4877 615 4948 ράννου
648 4876 865 4947 Βαράμ.
898 4877 1007 4929 Καὶ
1035 4876 1167 4946 περὶ
1203 4875 1311 4929 τῶν
1339 4874 1641 4945 βασιλικῶν
1676 4874 1865 4946 δώρων
1891 4876 2000 4929 τῶν

404 4968 721 5021 σταλέντων
750 4969 966 5040 Χοσρὸῃ
989 4968 1094 5020 ὑπὸ
1124 4967 1219 5020 :06
1256 4967 1659 5038 αὐτοκράτορος
1677 4984 1691 4998 ο
1734 4970 1830 5021 καὶ
1854 4968 2003 5031 ὅπως

402 5060 511 5125 τὰς
560 5061 706 5125 κὶεῖς
755 5059 849 5113 :06
881 5060 1060 5131 Δαρὰς
1101 5062 1129 5113 6
1172 5059 1421 5131 Χοσρόης
1460 5060 1549 5113 διὰ
1572 5059 1669 5113 τοῦ
1719 5061 2001 5129 πρέσϐεως

2104 4798 2236 4854 ergo
2252 4780 2626 4837 Comentiolus
2660 4789 3032 4832 successorem
3066 4773 3256 4826 habuit
3290 4788 3305 4838 ;
3334 4769 3695 4822 foederatum-

2105 4895 2209 4947 que
2244 4875 2614 4929 Romanorum
2639 4875 2900 4925 adversus
2922 4870 3117 4923 Baram
3141 4877 3431 4937 tyrannum
3470 4858 3691 4914 bellum.

2104 4967 2180 5020 De
2212 4966 2377 5034 regiis
2406 4963 2660 5017 Chosroe:
2681 4962 2748 5015 ab
2779 4963 3107 5030 imperatore
3140 4956 3321 5010 missis
3356 4949 3692 5011 muneribus,

2104 5069 2271 5125 utque
2306 5055 2484 5107 claves
2528 5054 2676 5107 urbis
2720 5052 2889 5105 Daras
2929 5052 3015 5104 ille
3065 5066 3158 5120 per
3192 5046 3415 5101 Dolbam
3458 5042 3692 5110 legatum

1732 5179 1964 5235 VARI/El
2002 5175 2408 5232 LECTIONES.

485 5276 554 5354 "_
593 5273 943 5354 συνεκύρωσε
980 5292 1041 5338 ς.
1149 5273 1193 5303 ⁸⁸
1224 5272 1574 5343 προχώρησις
1607 5290 1667 5336 ς.

407 5348 463 5379 τ’
491 5344 615 5418 τῆς]
648 5347 749 5416 τῆς
777 5344 871 5398 τοῦ
904 5362 988 5399 στ.

1764 5272 1807 5304 ⁶⁹
1840 5270 2145 5342 Μελιτινῆς
2185 5288 2244 5334 ς’.

2353 5269 2399 5301 ⁷⁰
2438 5269 2554 5340 ἃμα
2603 5268 2680 5337 τῷ
2740 5266 2910 5336 Γρηγ.
2974 5280 3032 5325 ς’.
3135 5260 3179 5290 ⁷³
3222 5250 3559 5322 Ζωανάμϐης
3628 5266 3688 5311 ς.

1937 5425 2171 5483 NOTAE.

517 5528 575 5598 8)
601 5526 829 5599 Nicepb.
855 5527 953 5582 lib.
991 5541 1142 5590 xvui,
1170 5540 1287 5599 cap.
1317 5525 1403 5599 19.

518 5590 574 5669 9)
615 5600 680 5653 Ut
703 5590 758 5653 et
784 5600 1008 5669 Roxane
1035 5600 1173 5663 apud
1204 5590 1436 5669 Ctesiatn
1464 5591 1779 5669 in_Persicis_
1804 5590 1930 5669 ἰοῖς.

492 5662 606 5741 (lii)
633 5670 768 5723 Cum
818 5668 1001 5723 multis
1044 5662 1359 5741 muneribus
1407 5666 1592 5735 regiis,
1634 5663 1808 5733 inquit
1840 5662 2002 5716 Nice-

414 5738 712 5817 phorglib.
738 5755 892 5817 xviii,
922 5754 1042 5805 cap.
1075 5738 1167 5817 29.

495 5811 609 5879 (11)
650 5809 892 5865 Mauricii
928 5804 1141 5878 cognati
1170 5804 1393 5875 Niceph.
1434 5806 1651 5879 ibidem.

498 5872 611 5947 ΗΞ)
658 5883 712 5937 ln
744 5896 960 5937 crucem
997 5872 1184 5935 actum
1225 5872 1395 5935 Silam
1440 5876 1605 5934 refert
1637 5872 1860 5945 Niceph.
1908 5872 1999 5927 lib.

2106 5532 2279 5583 mn,
2321 5530 2442 5583 cap.
2499 5514 2591 5577 ‘20,
2650 5521 2699 5564 et
2747 5511 2892 5583 prius
2927 5517 3085 5561 etiam
3134 5505 3398 5577 lapidibus
3439 5503 3692 5557 obrutmn

2108 5589 2303 5655 Evagr.
2342 5582 2435 5640 lib.
2472 5600 2546 5647 vt,
2578 5600 2698 5655 cap.
2731 5582 2817 5635 18.

2181 5646 2294 5729 (ινδ)
2326 5646 2551 5726 Niceph.
2582 5646 2675 5707 lib'.
2708 5669 2864 5720 xvm,
2895 5665 3015 5719 cap.
3050 5648 3111 5703 2l
3150 5665 3165 5716 ;
3198 5655 3250 5702 et
3282 5646 3373 5701 lib.
3409 5661 3541 5709 xvn,
3569 5660 3703 5711 cap.

2110 5730 2294 5871 i7tu)
2325 5799 2457 5855 Ibid.
2495 5812 2613 5867 cap.
2645 5795 2735 5850 an.
