3926 6446
361 365 457 430 151

1531 364 1789 427 ΡΗΟΤΙΙ
1826 368 2333 428 PATRIARCHE
2372 369 2480 429 (ΣΡ.

3528 364 3629 433 152

357 488 556 543 Cmsari
604 486 890 541 remiserit.
945 484 1133 540 Oratio
1181 486 1469 540 Domitiani
1516 484 1767 539 Melitinaa
1826 488 1943 555 ι·ρὶ-

2080 487 2329 550 .όλϐζα⁷³
2360 486 2710 557 παραδέδωκε
2760 487 2838 556 τῷ
2886 487 3116 558 βασιλεῖ.
3168 489 3495 560 Δημηγορία
3536 489 3631 542 τοῦ

358 581 531 649 scopi,
580 594 685 648 qua
735 579 981 631 hortatur
1011 577 1309 643 llonmuos,
1349 589 1404 631 ut
1463 580 1588 633 belli
1625 584 1940 635 societatem

362 673 644 743 foedusque
683 672 867 725 ineant
906 688 1027 725 cum
1076 671 1320 726 Chosroe
1361 682 1545 725 contra
1578 672 1791 733 Baram,
1823 688 1945 741 qua:

360 764 487 818 item
510 776 635 819 ante
661 781 1008 833 congressum
1051 781 1113 818 ac
1150 764 1390 833 prtelium
1427 763 1795 818 Bernanorum
1822 782 1943 818 cum

360 854 546 909 Persis
595 855 766 909 felicia
799 856 1024 911 Cbosroi
1075 860 1418 924 secundaque
1448 859 1749 919 evenerint,
1783 868 1947 925 utque

364 951 648 1002 thesauros
698 951 873 1017 regius
925 967 1044 1002 cum
1102 953 1244 1019 regia
1283 950 1395 1018 ipsa
1428 949 1643 1004 Persica
1673 951 1948 1003 Cbosroes

366 1044 631 1110 receperit
678 1057 773 1109 per
798 1041 1060 1096 Bindoen.
1105 1042 1428 1111 Conjunctio
1461 1042 1825 1095 llonnanormn
1856 1059 1949 1096 en-

367 1134 577 1203 piarmn
619 1149 740 1187 cum
780 1150 845 1189 ex
898 1135 1175 1197 Armenia,
1236 1147 1344 1187 tum
1394 1151 1460 1188 ex
1493 1134 1733 1189 Oriente.
1766 1133 1950 1203 Pugna

369 1244 491 1284 Cum
523 1228 773 1294 Baramo,
806 1229 1141 1296 virtoriaque
1173 1227 1327 1281 Valde
1368 1227 1716 1281 memoranda
1750 1227 1951 1281 Roma-

368 1333 587 1370 norum.
616 1318 732 1382 Quo
762 1318 811 1369 in
844 1316 1046 1385 pradin,
1079 1314 1263 1367 Narsis
1289 1316 1473 1378 ductu,
1500 1316 1641 1383 rapti
1672 1324 1723 1369 et
1766 1313 1951 1379 Turci,

368 1411 459 1477 qui
499 1419 606 1460 tum
627 1410 677 1463 in
705 1410 878 1461 fronte
911 1408 1089 1461 crucis
1114 1408 1324 1476 signum
1354 1410 1636 1474 gestabant
1656 1408 1788 1477 (15),
1810 1409 1953 1475 quod

370 1501 471 1556 sibi
495 1502 905 1570 impresserant,
947 1509 1004 1553 ut
1036 1500 1249 1568 ipsimet
1274 1501 1589 1561 narrabant,
1623 1500 1956 1567 depellenda:

374 1594 454 1649 sic
488 1594 614 1645 olim
640 1594 741 1646 luis
768 1592 1071 1661 pestilentis
1115 1608 1305 1646 causa.
1342 1590 1473 1657 Quae
1503 1592 1627 1644 item
1658 1593 1707 1643 in
1737 1592 1958 1645 Perside

370 1704 398 1739 a
428 1686 730 1741 Golinduch
780 1696 923 1747 acta,
962 1701 1231 1755 quamque
1262 1684 1349 1737 illa
1394 1685 1556 1737 vitam
1603 1686 1955 1739 monasticam

369 1779 539 1848 egerit
581 1789 796 1833 austere
841 1776 975 1849 (l6).
1023 1778 1278 1831 Cbosroa:
1312 1779 1362 1831 in
1418 1778 1695 1847 pristinam
1754 1779 1956 1846 regiam

2046 579 2377 650 Δομετιανοῦ
2421 580 2751 649 Μελιτηνῆς,
2790 582 3177 652 προτρέπουσα
3226 581 3286 634 τὸ
3325 581 3632 647 Ῥωμαϊκὸν

2048 672 2361 740 συμμαχεῖν
2418 671 2637 743 Χοσρόῃ
2699 670 2843 723 κατὰ
2899 671 3129 741 Βαράμ’
3185 672 3280 724 καὶ
3332 673 3461 741 περὶ
3523 672 3633 724 τῶν

2049 763 2517 833 συγκυρησάντων
2544 763 2588 793 ⁷⁷
2623 764 3016 833 εὐτυχημάτων
3044 763 3150 833 πρὸ
3182 764 3279 833 τῆς
3310 766 3353 797 ⁷⁵
3390 765 3633 832 συμπλο-

2049 857 2153 924 κῆς
2193 857 2485 925 Ῥωμαίων
2517 874 2577 909 τε
2610 858 2705 909 καί
2740 858 2965 927 Περσῶν
2998 858 3235 928 Χοσρόῃ,
3275 858 3369 910 καί⁸
3404 858 3554 920 ὅπως
3585 858 3632 909 οἰ

2053 949 2325 1019 βασιλικοὶ
2354 950 2620 1019 θησαυροὶ
2655 951 2722 1003 τά
2746 967 2804 1002 τε
2838 951 3083 1020 Περσικὰ
3117 950 3361 1019 βασίλεια
3388 949 3636 1002 ἀποκαθ-

2055 1041 2269 1091 ίσταται
2313 1040 2527 1110 Χοσρόῃ
2570 1039 2658 1091 διὰ
2706 1040 2947 1094 Βινδόου.
2991 1041 3225 1101 "Evam;
3258 1038 3366 1091 τῶν
3403 1038 3641 1107 Ῥωμαῖ-

2052 1130 2166 1182 κῶν
2198 1130 2483 1202 δυνάμεων
2509 1131 2797 1201 Ἀρμενίας
2821 1149 2877 1183 τε
2903 1133 2993 1184 καὶ
3020 1133 3118 1201 τῆς
3155 1130 3347 1201 Ἐᾠας,
3375 1132 3465 1182 καὶ
3492 1130 3641 1199 μάχῃ

2055 1226 2197 1278 κατὰ
2231 1225 2447 1293 Βαρὰμ,
2477 1226 2571 1278 καὶ
2600 1227 2723 1294 νίκη
2762 1224 3048 1293 Ῥωμαίων
3080 1225 3551 1294 περιφανεστάτη·
3585 1224 3643 1273 ἐν

2054 1312 2089 1390 ᾗ
2133 1317 2305 1387 μάχῃ,
2346 1315 2563 1387 Ναρσοῦ
2609 1316 3065 1385 στρατηγοῦντος,
3120 1318 3214 1368 καὶ
3251 1316 3483 1385 Τοῦρκοι
3516 1333 3644 1367 συν-

2056 1408 2397 1477 ελήφθησαν,
2432 1409 2480 1459 οἳ
2517 1408 2748 1461 ἐπὶτῶν
2801 1408 3068 1477 μετώπων
3109 1408 3197 1459 τὸν
3238 1407 3406 1459 τύπον
3450 1407 3646 1477 ἔφερον

2059 1502 2151 1554 τοῦ
2198 1502 2458 1572 σταυροῦ,
2502 1502 2529 1553 ὂ
2573 1503 2853 1564 ἐπέθεντο,
2884 1504 2958 1563 ὡς
2992 1503 3190 1555 ἐκεῖνοι
3232 1500 3537 1571 διηγοῦντο,
3567 1501 3648 1561 εἰς

2060 1596 2384 1666 ἀπαλλαγὴν
2429 1596 2474 1626 ⁷⁸
2523 1595 2623 1662 τῆς
2671 1598 2715 1629 ⁷⁷
2770 1595 2938 1649 πάλαι
2993 1594 3413 1665 προσπεσούσης
3464 1595 3651 1655 αὐτοῖς

2061 1688 2320 1758 λοιμικῆς
2355 1689 2535 1741 νόσου.
2572 1688 2654 1740 Τὰ
2688 1688 2829 1741 κατὰ
2870 1688 2966 1758 τὴν
3006 1687 3289 1757 Γολινδούχ
3329 1688 3385 1738 ἐν
3428 1685 3654 1755 Περσίδι

2066 1782 2350 1849 γεγονότα,
2374 1782 2471 1833 καί
2501 1776 2612 1833 οἷον
2636 1781 2817 1850 ἐκείνη
2853 1782 2967 1849 βίον
2994 1779 3293 1849 ἀσκητικὸν
3320 1778 3653 1847 ἠγωνίσατο.

369 1871 687 1942 posdiminii
748 1873 976 1936 reditus,
1030 1888 1256 1939 quaeque
1294 1872 1431 1924 dona
1490 1872 1680 1938 Sergio
1732 1871 1957 1940 martyri

2080 1873 2471 1938 Ἐπανάζευξίς
2497 1890 2559 1925 τε
2583 1874 2823 1945 Χοσρόου
2849 1874 2928 1935 εἰς
2950 1872 3019 1924 τὰ
3044 1873 3222 1924 οἰκεῖα
3248 1870 3515 1941 βασίλεια.
3542 1868 3660 1921 Καὶ

374 1965 608 2018 miserit.
628 1963 709 2018 Ad
732 1966 981 2018 eumdem
1008 1975 1254 2017 sanetum
1271 1964 1446 2015 virum
1475 1963 1670 2031 legatio
1691 1963 1957 2032 ejusdem,

376 2066 438 2109 ut
466 2071 532 2109 ex
558 2054 798 2119 Hierem,
825 2072 945 2123 qua:
965 2055 1226 2123 religione
1250 2055 1562 2109 Christiana
1595 2063 1732 2114 erat.
1763 2055 1963 2108 liberos

381 2150 682 2217 suscipere,
721 2158 775 2200 et
813 2148 1084 2217 qumnmlu
1137 2147 1242 2199 voti
1277 2162 1497 2212 compos
1525 2147 1788 2212 redditus,
1822 2148 1961 2199 dona

378 2241 575 2295 iterum
638 2240 853 2309 egregia
910 2238 1108 2306 templo
1184 2238 1298 2304 ejus
1355 2239 1608 2308 martyris
1681 2238 1963 2293 dedicarit.

380 2333 652 2387 Chosroes
689 2332 989 2402 tyrannidis
1030 2345 1335 2395 consortes,
1366 2342 1527 2399 atque
1562 2332 1697 2385 adeo
1725 2329 1965 2385 Bindoen

382 2427 580 2493 ipsum,
641 2434 697 2477 ut
750 2425 839 2492 qui
890 2425 941 2477 in
984 2439 1160 2492 regem
1206 2440 1420 2477 manutu
1470 2434 1733 2488 armarat,
1778 2426 1968 2477 mortis

381 2533 544 2587 poena
583 2518 898 2571 vindicavit.
926 2515 1002 2569 De
1034 2517 1099 2569 iis
1130 2532 1249 2583 qua:
1307 2517 1687 2584 przenuutiavit
1732 2515 1971 2569 Chosro-

384 2610 644 2681 es,v(l(i‘)
676 2610 812 2675 fore,
851 2608 990 2680 30b
1037 2618 1094 2662 ut
1126 2607 1353 2661 Romani
1388 2610 1670 2679 tyrannide
1695 2610 1864 2676 pressi
1898 2619 1976 2661 tu-

387 2706 807 2759 umltuarentur.
847 2703 1071 2774 Legatio
1112 2702 1274 2757 Probi
1332 2703 1795 2759 Chalcedonensis
1839 2719 1976 2773 prre-

389 2799 515 2852 fecti
551 2815 564 2850 :
602 2805 655 2851 et
688 2798 754 2849 de
802 2798 1036 2865 imagine
1071 2797 1314 2865 Deiparze
1342 2796 1602 2866 Virginis,
1656 2812 1887 2865 qmeqne
1920 2797 1973 2851 in

390 2910 453 2945 ea
505 2893 773 2962 legatione
820 2890 1138 2945 acciderint.
1186 2891 1529 2955 Imperatoris
1552 2892 1617 2945 ad
1649 2892 1974 2945 Anchialum

391 2987 623 3055 Europa:
678 2989 866 3039 urbem
916 2984 1181 3055 proiectio
1212 2984 1379 3055 (17),
1412 2992 1468 3039 et.
1515 2984 1658 3052 quod
1706 2984 1755 3037 ei
1790 2985 1841 3037 in
1883 3000 1980 3039 sue

392 3082 634 3134 oblatum
685 3090 990 3148 pnrtentum
1049 3078 1161 3149 (18)
1200 3096 1215 3145 ;
1264 3089 1431 3147 utque
1468 3079 1687 3133 domum
1735 3082 1800 3133 ad
1834 3082 1978 3149 pala-

2067 1968 2195 2039 περί
2248 1968 2356 2020 τῶν
2391 1966 2694 2020 σταλέντων
2738 1966 2927 2036 δώρων
2963 1965 3113 2035 παρὰ
3158 1964 3400 2034 Χοσρόου
3445 1961 3663 2031 Σεργίῳ

2064 2060 2143 2129 τῷ
2180 2061 2444 2130 μάρτυρι.
2481 2060 2756 2129 Πρεσϐεία
2780 2076 2837 2111 τε
2867 2057 2959 2110 τοῦ
2991 2058 3158 2109 αὐτοῦ
3204 2057 3342 2127 πρὸς
3366 2055 3458 2108 τὸν
3489 2053 3661 2106 αὐτὸν

2069 2153 2241 2219 ἅγιον,
2273 2152 2415 2205 ὥστε
2442 2154 2507 2205 ὲκ
2531 2155 2629 2221 τῆς
2654 2152 2857 2221 Σειρέμ
2889 2150 2935 2181 ⁷⁸
2964 2147 3461 2218 παιδοποιήσασθαι
3487 2164 3497 2173 ·
3525 2146 3671 2215 Χρι-

2072 2246 2265 2314 στιανὴ
2300 2246 2355 2297 δὲ
2384 2244 2683 2313 ἐτύγχανεν
2735 2242 2895 2312 αὐτη.
2925 2241 3015 2313 [92
3049 2241 3145 2313 R.]
3181 2241 3291 2294 Καὶ
3323 2242 3368 2272 ⁷³
3404 2239 3670 2308 ἐπιτυχίσι

2070 2356 2129 2389 τε
2178 2338 2279 2404 τῆς
2317 2338 2612 2406 αἰτήσεως,
2647 2337 2743 2392 καὶ
2791 2336 2981 2405 δώρων
3026 2334 3332 2387 πολυτελῶν
3388 2330 3673 2396 ἀποστολὴ

2076 2431 2205 2501 παρ’
2254 2430 2419 2482 αὐτοῦ
2460 2432 2540 2492 εἰς
2588 2430 2678 2481 τὸν
2704 2427 2841 2481 νεὼν
2889 2426 2985 2479 τοῦ
3035 2427 3332 2497 μάρτυρος.
3369 2426 3557 2483 Ὅπως
3601 2439 3675 2474 τε

2074 2522 2325 2593 Χοσρόης
2360 2522 2486 2575 τοὺς
2518 2519 2987 2591 κεκοινωνηκότας
3016 2521 3083 2589 τῇ
3111 2516 3387 2589 τυραννίδι
3410 2516 3504 2567 καί⁸
3540 2513 3677 2567 Βιν-

2075 2616 2201 2685 δόην
2228 2614 2410 2679 αὐτὸν,
2432 2614 2505 2677 ώς
2529 2615 2670 2666 κατὰ
2695 2612 2957 2683 βασιλέως
2985 2614 3171 2682 χεῖρας
3195 2611 3423 2681 ἄραντα,
3452 2608 3680 2677 θανάτῳ

2075 2710 2319 2763 διώλεσε.
2375 2708 2510 2777 Περὶ
2558 2707 2665 2759 τῶν
2694 2704 3210 2777 προαγορευθέντων
3255 2702 3359 2755 ὐπὸ
3402 2701 3681 2770 Χοσρόου,

2078 2804 2172 2855 καὶ
2202 2802 2279 2863 ώς
2314 2801 2597 2853 στασιάσει
2625 2798 2695 2851 τὰ
2736 2796 3024 2867 Ῥωμαίων
3050 2796 3354 2865 πράγματα
3384 2791 3684 2860 τυράννοις

2078 2893 2424 2947 δουλεύοντα.
2456 2891 2730 2963 Πρεσϐεία
2763 2907 2823 2942 τε
2867 2888 3080 2958 Πρόϐου
3124 2886 3217 2939 τοῦ
3252 2883 3594 2953 Καλχηδόνος
3626 2882 3683 2913 ⁸ο

2082 2989 2374 3058 προέδρου,
2411 2984 2511 3038 καί⁹
2537 2984 2665 3055 περὶ
2694 2983 2794 3052 τῆς
2822 2981 3031 3043 εἰκόνος
3059 2979 3156 3049 τῆς
3184 2979 3551 3047 Θεομήτορος,
3579 2974 3684 3026 καὶ

2082 3084 2181 3136 ὅσοι
2216 3080 2357 3134 κατὰ
2402 3079 2502 3149 τὴν
2548 3076 2848 3147 πρεσϐείαν
2904 3076 3207 3144 ἀπήντησε.
3248 3070 3515 3140 Ἐκδημία
3538 3069 3584 3099 ⁸⁸
3622 3085 3684 3119 τε

398 3174 531 3227 ιὶυιη
588 3174 829 3238 revertit,
873 3188 995 3228 cum
1048 3171 1267 3227 Persica
1303 3170 1519 3240 legatio,
1556 3170 1642 3225 cui
1684 3172 1971 3228 Zalamban

2086 3178 2182 3231 τοῦ
2225 3174 2632 3245 αὐτοκράτορος
2674 3172 2768 3225 ἐπὶ
2794 3170 2890 3240 τὴν
2922 3169 3018 3239 τῆς
3054 3165 3324 3237 Εὐρώπης
3370 3161 3685 3231 Ἀγχίαλον,

396 3278 653 3337 praeerat,
687 3268 799 3336 jam
836 3266 1162 3321 advenisset.
1198 3267 1262 3321 Et
1291 3267 1342 3320 in
1389 3268 1475 3321 his
1503 3267 1640 3321 liber
1675 3270 1914 3336 quintus.

2101 3270 2197 3324 καί¹
2227 3270 2356 3338 περὶ
2389 3265 2484 3319 τοῦ
2516 3267 2953 3331 συναντήσαντος
2992 3258 3141 3329 αὐτῷ
3179 3260 3236 3310 ἐν
3272 3256 3327 3309 ὐῒ
3371 3256 3685 3325 φάσματος.

400 3365 591 3428 Ὅπως
612 3381 671 3415 τε
701 3364 1040 3435 ὑπέστρεψεν
1074 3367 1154 3428 εἰς
1179 3363 1250 3417 τὰ
1272 3365 1521 3434 βασίλεια
1544 3368 1572 3419 ὁ
1605 3367 1985 3442 αὐτοκράτωρ,
2026 3370 2327 3441 πρεσϐείας
2362 3365 2638 3436 Περσικῆς
2666 3360 2968 3428 ἐπιστάσης
2994 3358 3082 3411 διὰ
3140 3354 3425 3419 Ζαλαϐζάν
3458 3352 3523 3406 ⁸⁸.
3594 3351 3691 3404 Ἐν

400 3453 483 3522 οἷς
518 3460 611 3511 καὶ
643 3460 671 3511 ὁ
704 3460 953 3529 πέμπτος
982 3458 1159 3522 λόγος.

475 3556 641 3611 Libro
690 3567 843 3612 sexto
876 3556 994 3610 haec
1038 3556 1259 3610 insunt:
1312 3555 1388 3608 uti
1426 3564 1715 3610 exeuntem
1749 3572 1816 3611 ex
1860 3559 1994 3612 urbe

400 3651 728 3718 Augustum,
764 3647 973 3701 marina
1021 3656 1318 3715 tempestas
1355 3648 1632 3715 exceperit
1669 3664 1683 3702 :
1717 3656 1883 3718 utque
1928 3651 1992 3701 ad

406 3739 724 3797 Heracleam
776 3739 913 3809 (19),
947 3740 1072 3792 dum
1103 3740 1174 3792 ibi
1211 3749 1604 3805 commoratur,
1652 3751 1997 3795 monstrosus

406 3845 598 3903 partus
644 3841 846 3886 natus:
909 3830 1087 3885 infans
1129 3833 1412 3896 manibus,
1462 3841 1517 3885 et.
1567 3832 1739 3885 oculis
1783 3847 1995 3897 carens,

409 3930 598 3983 adth
645 3938 702 3982 et
735 3926 1043 3996 superciliis
1088 3942 1152 3980 ac
1205 3928 1499 3996 palpebris,
1534 3931 1600 3979 ad
1634 3926 1809 3979 rentur
1835 3926 1998 3994 piscis

409 4021 583 4076 cauda
615 4019 951 4089 appendente
984 4036 997 4071 :
1031 4026 1086 4072 et
1111 4020 1380 4089 quomodo
1407 4017 1676 4071 sublatum
1710 4018 1812 4071 hoc
1839 4032 1996 4069 ruon-

411 4125 605 4169 strum.
654 4114 730 4167 De
766 4114 940 4167 tribus
980 4113 1086 4166 illis
1122 4113 1350 4176 Sclavis,
1378 4111 1616 4164 citharas
1652 4106 2000 4176 importanti-

413 4211 535 4271 bus,
585 4208 675 4275 qui
722 4222 788 4260 ex
829 4206 1031 4261 Oceani
1078 4205 1325 4274 partibus
1368 4204 1434 4258 ad
1477 4204 1792 4274 Chagannm
1845 4203 1999 4256 missi

414 4301 752 4365 ferebantur,
789 4308 844 4353 et
872 4314 901 4351 a
930 4297 1194 4351 Mauricio
1235 4300 1558 4365 imperatore
1597 4294 1823 4365 spectati
1851 4301 1997 4347 sunt.

416 4393 642 4463 Legatio
670 4393 798 4446 item
831 4391 1162 4445 Francorum
1190 4390 1254 4443 ad
1277 4388 1572 4454 Caesarem,
1600 4404 1703 4457 qua
1731 4386 2002 4454 stipendio

418 4501 479 4540 se
515 4485 586 4539 illi
628 4484 957 4539 militaturos
995 4482 1239 4551 polliciti,
1279 4481 1551 4548 repulsam
1578 4480 1835 4531 tulerunt.
1870 4476 2000 4529 Bos-

2176 3554 2235 3607 Ὀ
2270 3550 2327 3603 δὲ
2350 3549 2506 3608 ἕκτος
2542 3543 2700 3608 λόγος
2730 3538 2996 3608 περιέχει,
3027 3536 3176 3595 ὅπως
3206 3531 3314 3583 ἀπὸ
3350 3530 3450 3599 τῆς
3478 3526 3693 3589 πόλεως

2097 3648 2293 3714 ἐξιόντι
2316 3642 2394 3710 τῷ
2420 3638 2633 3710 βασιλεί
2649 3632 2916 3702 ἐνέσκηψε
2937 3627 3146 3681 κλύδων
3165 3624 3471 3683 θαλάττιος.
3496 3622 3695 3682 Ὅπως

2098 3710 2157 3791 τε
2188 3735 2316 3805 περὶ
2356 3728 2710 3799 Ἡράκλειαν,
2746 3724 2925 3774 ἐκεῖσε
2955 3717 3052 3771 τοῦ
3086 3715 3351 3786 βασιλέως
3388 3710 3698 3781 διατρίϐον-

2099 3847 2212 3891 τος,
2249 3803 2412 3896 τέρας
2461 3817 2728 3888 ἐγεννήθη
2758 3815 2825 3879 ⁸³,
2869 3812 3079 3893 παιδίον
3133 3811 3271 3879 μήτε
3317 3809 3503 3877 χεῖρας
3548 3803 3696 3896 μήτε

2100 3894 2325 3993 ὄμματα
2357 3918 2479 3985 ἕχον
2513 3916 2648 3983 μήτε
2673 3909 2845 3979 ὀφρῦς
2887 3910 3023 3977 μήτε
3061 3905 3331 3974 βλέφαρα,
3375 3899 3509 3993 πρδς
3613 3894 3699 3965 τῷ

2108 3988 2264 4081 ἰσχίῳ
2297 4008 2474 4079 ἰχθύος
2502 4004 2639 4074 οὐρὰ
2683 4000 3041 4069 ἁπεκρέματο
3068 4012 3081 4026 ο
3116 3994 3210 4047 καί
3250 3994 3397 4052 ὅπως
3434 3990 3495 4041 τὸ
3530 3988 3701 4057 τέρας

2105 4106 2365 4176 ἀνῄρητο.
2419 4098 2552 4170 Περί
2587 4096 2694 4148 τῶν
2724 4092 2892 4163 τριῶν
2942 4086 3271 4157 Σκλαϐηνῶν
3318 4084 3425 4135 τῶν
3462 4082 3701 4176 κιθάρας

2108 4171 2545 4266 ἐπι-φερομένων,
2576 4188 2625 4241 οἳ
2656 4189 2719 4240 ἐκ
2764 4185 2875 4237 τῶν
2922 4181 3104 4253 μερῶν
3148 4178 3242 4230 τοῦ
3283 4173 3537 4228 Ὠκεανοῦ
3580 4171 3705 4223 ἐλέ-

2108 4262 2441 4358 γοντονπρδς
2470 4284 2563 4336 τὸν
2586 4280 2841 4347 Χαγάνον
2876 4274 3215 4329 ἀπεστάλθαι
3235 4288 3250 4303 ο
3275 4273 3327 4324 οἳ
3357 4272 3449 4322 καὶ
3480 4267 3573 4337 HS
3604 4262 3702 4335 IL]

2113 4378 2548 4447 ἐνεφανίσθησαν
2581 4371 2875 4441 Μαυρικίῳ
2918 4369 2997 4437 τῷ
3048 4366 3279 4435 βασιλεῖ.
3326 4359 3597 4433 Πρεσϐεία
3639 4373 3708 4447 τε

2111 4446 2380 4541 Φράγκων
2409 4465 2455 4497 ⁸⁵
2481 4466 2615 4536 πρὸς
2665 4463 2755 4515 τὸν
2802 4460 3027 4529 βασιλέα
3066 4456 3151 4525 ἐφ’
3175 4450 3219 4523 ᾧ
3252 4453 3559 4523 συμμαχεῖν
3607 4446 3709 4541 ire!

421 4594 538 4639 sus,
566 4588 622 4632 et
648 4577 837 4632 Bettus
869 4577 1186 4646 legationem
1219 4575 1359 4627 hanc
1388 4587 1416 4625 a
1442 4570 1821 4626 Tbeodoricbo
1850 4568 1971 4620 miss

2110 4563 2324 4632 δώροις,
2360 4560 2455 4611 κοιλ¹
2508 4554 2829 4624 ἀποστροφὴ
2870 4552 2969 4622 τῆς
3014 4551 3316 4618 αἰτήσεως·
3360 4545 3559 4601 Βόσσος
3606 4538 3711 4591 καὶ

421 4669 665 4725 obibant.
698 4669 773 4722 De
807 4684 970 4737 grege
1002 4681 1320 4729 cervorum;
1364 4673 1532 4732 utque
1568 4663 1758 4731 ingens
1782 4657 2004 4729 quidam

425 4762 535 4817 telo
572 4764 711 4815 ictus
751 4760 805 4813 in
835 4760 1024 4813 silvam
1058 4776 1117 4814 se
1161 4756 1491 4813 contulerit:
1528 4755 1852 4823 insequente
1881 4766 2010 4806 vero

425 4856 710 4919 bastifero,
747 4862 803 4911 et
842 4855 1014 4909 altero
1045 4856 1171 4908 item
1205 4852 1439 4922 Gepaado
1468 4848 1604 4919 (20),
1640 4857 1696 4902 ut
1739 4848 1827 4901 hic
1863 4845 2012 4899 illum

2114 4631 2311 4715 Βέττος
2340 4651 2389 4704 οἱ
2419 4647 2703 4717 πρέσϐεις,
2731 4646 2758 4697 ὁ
2784 4645 2842 4696 δὲ
2869 4641 3195 4703 ἀποστείλας
3233 4640 3461 4708 ὀνόματι
3492 4631 3711 4687 Θεοδώ-

2118 4764 2288 4819 ριχος.
2314 4744 2452 4813 Περὶ
2474 4741 2573 4811 τῆς
2598 4738 2800 4808 ἀγέλης
2826 4736 2935 4788 τῶν
2966 4734 3202 4802 ἐλάφων,
3228 4733 3323 4784 καὶ
3350 4730 3497 4789 ὅπως
3526 4729 3559 4796 ἡ
3588 4723 3715 4819 μεμί-

2278 4836 2535 4908 βάλλεται
2566 4834 2658 4886 καὶ
2707 4832 2788 4894 εἰς
2832 4830 3040 4900 λόχμην
3074 4826 3197 4880 τινὰ
3246 4822 3460 4893 φεύγει,
3510 4819 3602 4872 καί
3631 4815 3715 4877 ὡς

1706 4982 1940 5040 VARle
1984 4974 2392 5036 LECTlONES.

505 5121 550 5151 ⁷³
580 5118 744 5172 δόλϐα
778 5134 839 5181 ς.
917 5116 963 5147 ⁷⁸
1001 5112 1475 5183 συγκυρωσάντων
1511 5127 1573 5183 ς’.

436 5260 480 5293 ⁸³
500 5263 769 5332 Φράγγων
794 5260 861 5311 Α.

505 5121 550 5151 ⁷³
580 5118 744 5172 δόλϐα
778 5134 839 5181 ς.
917 5116 963 5147 ⁷⁸
1001 5112 1475 5183 συγκυρωσάντων
1511 5127 1573 5174 ς.
1653 5109 1700 5141 ⁷⁵
1738 5109 1837 5175 τῆς
1889 5103 2012 5158 add.
2055 5104 2120 5155 A.
2199 5103 2244 5130 ⁷⁵
2270 5103 2391 5180 libri
2441 5103 2777 5162 ἐπαλλαγὴν.
2855 5103 2896 5120 τ’
2927 5105 3027 5157 της
3048 5103 3196 5173 _auu.

435 5193 480 5221 ”
519 5192 612 5245 καὶ
658 5190 783 5242 add.
825 5189 890 5241 A.
959 5186 1003 5219 ⁸⁸
1034 5185 1377 5254 Χαλκηδόνος
1411 5200 1473 5246 ς.
1548 5180 1594 5211 ⁸ο
1634 5178 1871 5248 ἐκδημία
1913 5191 1973 5226 τε
2016 5172 2061 5226 A
2094 5171 2232 5225 ικαὶ
2285 5166 2555 5235 ἐκδημίαν
2605 5180 2665 5226 ς.
2738 5164 2783 5193 ⁸³
2813 5159 3105 5230 Ζαλαμϐαν
3134 5173 3196 5219 ς’.

2199 5099 2244 5130 ⁷⁸
2270 5096 2391 5150 libri
2441 5090 2777 5162 ἐπαλλαγὴν.
2853 5087 2900 5120 ⁷⁷
2927 5088 3027 5157 τῆς
3077 5085 3205 5140 add.
3237 5088 3305 5141 Α.
3346 5080 3395 5113 ⁷⁸
3429 5075 3613 5161 Ἰερὲμ
3644 5092 3719 5138 ς.

2199 5171 2232 5218 ιὶ
2285 5166 2555 5218 ἐκδημίαν
2605 5180 2665 5218 ς.
2738 5164 2783 5193 ⁸⁷
2813 5159 3105 5218 Ζαλαμόἇν
3134 5173 3196 5218 ς’.
3289 5155 3337 5187 ⁸³
3376 5146 3611 5218 ἐγενηθη
3646 5162 3716 5209 ςο

1959 5336 2197 5394 NOTAE.

540 5448 623 5518 l5)
654 5448 849 5502 Narrat
884 5446 1071 5501 eadem
1122 5442 1351 5512 Nicepb.
1382 5440 1475 5493 lib.
1514 5453 1669 5500 xvnt,
1717 5449 1836 5502 cap.
1867 5432 1958 5486 30.

510 5447 626 5590 ἰίϐ)
661 5521 801 5590 Lege
834 5518 1009 5572 Vitam
1037 5519 1174 5590 apud
1208 5514 1432 5590 Nicepll.
1461 5509 1555 5590 lib:
1594 5523 1744 5590 xvut,
1776 5520 1893 5590 cap.
1922 5503 1958 5590 εἰ

834 5501 1009 5572 Vitam
1037 5519 1174 5590 apud
1208 5501 1432 5590 Nicepll.
1461 5509 1555 5590 lib:
1594 5523 1744 5590 xvttt,
1776 5501 1893 5590 cap.

445 5604 474 5642 a
502 5572 815 5657 (ξιιοίαιινῖἷεη
865 5572 1107 5643 nonnihil
1150 5572 1353 5640 recedit
1379 5583 1493 5657 Gr;
1508 5580 1775 5644 Menolog.
1808 5575 1868 5627 11
1915 5572 2024 5626 Jul.

539 5660 649 5729 16⁵)
680 5659 906 5729 Niceph.
944 5659 1036 5711 lib.
1079 5671 1397 5729 xvmtcap.
1426 5652 1520 5705 27.

543 5726 638 5795 17)’
662 5726 886 5799 Nicepb.
926 5730 1055 5783 ibid.
1085 5744 1206 5796 eap.
1237 5726 1327 5799 9.8.

520 5787 634 5870 (18)
677 5787 873 5868 Georg.
910 5787 1355 5870 Cedrenfcauini
1404 5794 1492 5849 hic
1521 5801 1705 5870 partus
1743 5787 2031 5870 monstrosi

455 5858 721 5927 meminit.
780 5858 863 5925 Αἷι
909 5884 1041 5936 ergo
1101 5867 1222 5921 κυνί
1251 5866 1390 5922 forte
1422 5882 1491 5921 an
1522 5858 1630 5925 hoc
1668 5865 1784 5918 loco
1838 5875 1934 5932 pro
1979 5858 2035 5911 ὐῖ

2127 5431 2310 5485 leaas.

2357 5499 2580 5567 Nireph.
2610 5498 2704 5551 lib.
2735 5509 2894 5569 svnt.
2927 5491 3174 5569 rap._55.

2205 5557 2320 5641 (20')
2367 5557 2503 5622 ’Υπδ
2550 5566 2815 5628 Γέπαιδος
2864 5557 3292 5641 ἱιιίνιί-(ὶερτιρ-ρε
3322 5560 3498 5641 populi
3546 5557 3730 5641 pomi:

2136 5630 2355 5703 nantu'r,
2392 5644 2459 5693 ab
2493 5643 2593 5693 hoc
2622 5649 2842 5691 auctore
2861 5646 2918 5687 ut
2940 5647 2992 5686 et
3020 5630 3173 5688 Suid.
3206 5633 3503 5703 Γήπαιδες,
3531 5630 3728 5703 scribit

2136 5700 2358 5783 etymol.
2382 5714 2429 5763 οἰ
2454 5708 2737 5783 λεγόμενοι
2757 5700 3732 5783 Aoyvl6a960t_olovét!e:i1rat6£c,§§

2138 5771 2318 5836 Γέτῶν
2374 5771 2666 5840 παῖδεξέι
2707 5771 2975 5833 recentior
3008 5771 3238 5845 quidam
3308 5774 3529 5829 Graecus
3588 5788 3601 5825 :
3658 5771 3735 5824 Οἱ

2137 5850 2375 5924 υῦγγροι
2405 5852 2660 5919 ἐλεγοντο
2674 5849 2737 5902 τὸ
2767 5847 2998 5901 παλαιὸν
3030 5847 3325 5917 Γήπαιδες.
