3926 6484
321 442 438 506 153

1499 443 2027 508 ΒΙΒΠΟΤΗΕΟᾹ.
2057 475 2127 483 -
2163 450 2328 511 COD.
2372 451 2535 512 LXV.

3530 454 3632 521 154

323 556 696 611 ὲπιδιώκεται
727 553 834 608 ὑπό
861 573 1008 619 τινος
1036 556 1146 610 τῶν
1185 557 1501 628 δορυφόρων
1532 560 1577 591 ⁸⁵
1605 561 1701 613 καὶ
1736 561 1926 630 ἐτέρου

2061 565 2103 619 μὶ)
2157 581 2320 621 aurea
2396 573 2722 621 ornamenta
2770 581 2837 621 ex
2892 567 3106 622 insidiis
3160 566 3546 636 interfecerit,
3579 582 3634 626 et

323 651 485 714 τινὸς
515 649 796 719 Γήπαιδος
826 648 895 712 ⁸⁸,
927 649 1078 711 ὅπως
1104 666 1165 702 τε
1195 651 1224 702 6
1245 651 1544 724 δορυφόρος
1574 651 1666 706 διὰ
1691 653 1764 706 τά
1799 654 1932 723 περ).

333 746 504 799 αὑτὸν
542 744 779 814 χρύσεια
815 743 1205 813 δολοφονεῖται,
1254 744 1352 798 καὶ
1393 744 1468 807 ὡς
1508 744 1687 816 χρόνῳ
1737 745 1934 816 μακρῷ

336 837 572 909 ὕστερον
597 840 627 891 ὁ
654 837 867 907 Γήπαις
895 835 1251 904 δολοψονῆσαι
1283 837 1558 908 φωραθεὶς
1589 837 1724 908 πυρὶ
1757 855 1934 908 παρα-

343 934 578 988 δίδοται.
614 930 880 1003 Στρατεία
923 929 1169 1000 Ἀὅάρων
1194 929 1336 984 κατὰ
1387 929 1674 998 Ῥωμαίων
1705 929 1800 981 καὶ
1834 945 1934 980 πο-

351 1027 582 1098 λιορκὶα
596 1023 894 1093 Σιγγιδόνος
916 1023 1016 1092 τῆς
1031 1022 1260 1087 πόλεως,
1281 1021 1590 1093 χειροτονία.
1609 1039 1668 1074 τε
1695 1022 1936 1091 Πρίσκου

364 1119 464 1174 τοῦ
494 1115 812 1190 στρατηγοῦ,
845 1116 941 1168 κα)⁸
972 1115 1120 1178 ὅπως
1142 1114 1235 1166 τοῦ
1253 1115 1394 1166 κατὰ
1411 1115 1510 1178 τὴν
1533 1111 1809 1183 Εὐρώπην
1839 1131 1937 1166 πο-

369 1215 535 1283 λέμου
556 1213 733 1265 τοῦτον
761 1211 1162 1279 προεστήσατο.
1197 1208 1308 1261 Ka‘t
1336 1208 1484 1270 ὅπως
1517 1207 1544 1258 6
1579 1207 1830 1274 Χαγάνος
1859 1207 1941 1268 είς

370 1306 656 1378 Δριζίττερα
677 1303 974 1372 γενόμενος
1004 1302 1094 1354 τὸν
1112 1301 1250 1354 νεὼν
1295 1299 1647 1371 Ἀλεξάνδρου
1674 1298 1767 1352 τοῦ
1802 1299 1942 1369 μάρ-

363 1414 515 1467 τυρος
547 1394 898 1466 ἐπυρπόλησε
924 1393 970 1425 ⁸⁷
989 1434 1004 1460 ,
1041 1393 1136 1446 καὶ
1164 1394 1312 1456 ὅπως
1345 1394 1404 1446 ὲν
1425 1391 1778 1462 Τζουρουλὼν
1804 1392 1850 1423 ⁸³
1875 1395 1940 1461 τῇ

356 1491 506 1541 πόλει
565 1488 831 1556 Ῥωμαῖοι
871 1485 1321 1553 συγκλεισθέντες
1376 1484 1483 1537 ὑπὸ
1540 1484 1637 1536 τοῦ
1686 1486 1942 1552 Χαγάνου

347 1579 799 1651 πολιορκοῦνται,
835 1581 982 1642 ὅπως
1019 1595 1080 1631 τε
1105 1577 1242 1648 δόλῳ
1281 1578 1565 1646 φενακίζει
1609 1577 1702 1630 τὸν
1737 1576 1946 1648 βάρϐα-

349 1692 442 1743 ρον
479 1675 509 1725 6
538 1672 850 1742 Μαυρίκιος
897 1671 992 1725 καὶ
1026 1671 1127 1740 τῆς
1173 1670 1494 1741 πολιορκίας
1538 1669 1766 1737 ἀπάγει.
1800 1672 1943 1740 Πρε-

347 1765 510 1817 σὸεία
543 1765 590 1798 ⁸⁹
619 1782 681 1817 τε
727 1765 972 1834 Ἀδάρων
1025 1763 1160 1835 πρὸς
1201 1764 1529 1833 Ῥωμαίους,
1582 1764 1677 1815 κα)¹
1716 1764 1817 1815 ὅσα
1869 1761 1948 1833 τῷ

356 1857 720 1928 Ἀρδαγάστῳ
749 1859 813 1908 ὲκ
845 1855 944 1925 τῆς
987 1854 1273 1924 Ῥωμαίων
1320 1855 1606 1923 ἀπήντησε
1643 1854 1944 1922 δυνάμεως,

2041 656 2202 727 longo
2229 667 2352 726 post
2378 658 2668 713 intervallo
2694 659 2858 713 caedis
2889 674 3014 714 reus
3045 659 3442 726 deprehensus,
3477 661 3634 715 flam-

2045 749 2148 802 mis
2181 752 2431 804 traditus.
2475 750 2779 804 Abarorum
2805 763 2993 804 contra
3044 751 3317 804 Romanos
3340 755 3632 821 expeditio,

2044 841 2301 909 urbisque
2353 839 2665 909 Singidouis
2717 843 3012 897 obsidium.
3077 842 3159 897 Uti
3208 841 3430 898 Priscus
3480 845 3632 914 (21),

2045 935 2168 988 belli
2229 936 2333 987 dux
2383 935 2644 996 delectus,
2679 944 2734 988 et
2777 937 2985 990 militiae
3028 935 3303 1002 Europam
3347 936 3636 1004 praefectus

2047 1026 2140 1081 sit.
2172 1025 2247 1081 Ut
2293 1025 2585 1096 Cbaganus
2622 1027 2959 1096 Driziperam
2993 1029 3202 1084 delatus
3230 1029 3368 1083 beati
3404 1030 3660 1084 Alexanv

2047 1119 2128 1170 dri
2197 1120 2456 1190 martyris
2521 1121 2775 1190 templum
2834 1122 3111 1176 obsederit
3175 1140 3190 1176 :
3248 1133 3302 1176 et
3369 1124 3639 1191 quomodo

2049 1210 2286 1264 Tzurulo
2315 1213 2513 1281 oppido
2550 1213 2790 1266 inclusos
2824 1212 3101 1268 Romanos
3132 1213 3423 1285 Cbaganus
3452 1219 3641 1270 cinxe-

2050 1306 2164 1358 rit:
2213 1314 2377 1372 utque
2421 1303 2720 1360 Mauricius
2759 1318 2880 1360 astu
2917 1307 3204 1375 deceptum
3247 1305 3545 1361 Barbarum
3574 1309 3642 1362 ab

2050 1396 2335 1450 obsidione
2375 1398 2661 1452 averterit.
2713 1397 2877 1451 Missa
2930 1397 2999 1452 ab
3027 1398 3224 1451 Abaris
3256 1399 3322 1452 ad
3371 1399 3646 1452 Romanos

2052 1487 2293 1556 legatio,
2330 1497 2384 1542 et
2439 1503 2558 1557 quae
2606 1489 2940 1560 Ardagastus
2994 1490 3062 1544 ab
3111 1492 3350 1545 exercitu
3404 1491 3647 1545 Bottiano

2053 1581 2326 1647 acceperit
2359 1581 2724 1646 incommoda,
2773 1591 3038 1650 prwterea
3080 1597 3200 1649 quae
3244 1584 3345 1637 sub
3370 1581 3647 1638 Tatimero

2056 1687 2197 1732 acta.
2231 1677 2524 1731 Alexandri
2575 1677 2801 1732 Tribuni
2837 1677 3064 1731 militum
3110 1677 3395 1745 fortitudo,
3455 1676 3648 1736 Roma-

2059 1785 2360 1839 normnqne
2405 1785 2492 1823 res
2528 1768 2743 1824 fortiter
2779 1781 2962 1840 gestaa,
3006 1781 3060 1824 et
3101 1769 3420 1824 Sclavorum
3454 1769 3646 1822 interi-

2061 1869 2168 1923 tus,
2223 1859 2526 1927 horumque
2560 1859 2803 1913 vicissim
2856 1859 2908 1912 in
2957 1857 3234 1913 Romanos
3283 1860 3539 1927 impetus.
3572 1857 3649 1912 De

341 1951 427 2002 ἔτι
469 1951 529 2003 δὲ
560 1950 656 2002 καὶ
685 1950 754 2001 τὰ
798 1950 940 2002 κατὰ
979 1948 1071 2000 τὸν
1111 1947 1357 2017 Τατίμερ
1383 1947 1448 2001 9°.
1493 1946 1856 2016 Ἀνδραγαθία
1890 1963 1948 1999 τε

2061 1951 2314 2007 monstris
2333 1957 2397 2006 ad
2429 1952 2628 2020 regiam
2663 1953 2850 2005 urbem
2874 1952 3170 2023 natis(2‘:’.),
3205 1953 3464 2014 infantes,
3503 1967 3646 2006 unus

340 2041 445 2095 τοῦ
513 2042 803 2108 Ῥωμαίων
858 2040 1157 2111 ταξιάρχου
1204 2039 1555 2110 Ἀλεξάνδρου
1583 2079 1596 2105 ,
1641 2039 1737 2091 καὶ
1784 2037 1944 2109 ἀνδρ-

340 2137 558 2203 αγαθία
594 2135 905 2204 Ῥωμαίων,
937 2136 1032 2188 κα)⁵
1063 2134 1389 2204 Σκλαϐηνῶν
1426 2132 1726 2204 ἀναίρεσις,
1761 2133 1947 2202 ἕφοδός

341 2247 403 2280 τε
431 2227 770 2297 Σκλαὸηνῶν
793 2227 937 2280 κατὰ
977 2227 1290 2299 Ῥωμαίων.
1331 2229 1465 2298 Περὶ
1504 2227 1616 2280 τῶν
1645 2226 1947 2297 τεχθέντων

343 2320 603 2390 τεράτων
635 2318 742 2390 πρὸ
774 2317 869 2371 τοῦ
914 2317 1126 2381 ἄστεως
1155 2317 1198 2350 ⁹¹
1228 2316 1332 2387 τῆς
1373 2317 1669 2386 βασιλίδος,
1706 2316 1782 2379 ὡς
1810 2317 1857 2348 ⁸³
1887 2315 1948 2368 τὸ

347 2414 452 2484 μὲν
518 2409 589 2484 ἦν
628 2414 674 2446 ⁸³
733 2412 1039 2483 τετράπουν
1095 2411 1333 2476 παιδίον,
1405 2412 1467 2464 τὸ
1525 2410 1582 2463 δὲ
1631 2410 1943 2481 δικόρυφον.

375 2507 549 2569 Οπως
595 2507 834 2576 Πρίσκος
883 2507 1386 2577 ἀποχειροτονεῑται
1435 2504 1514 2574 τῷ
1565 2504 1750 2558 δοῦναι
1790 2505 1838 2537 ’⁵
1870 2504 1947 2574 τῷ

343 2602 598 2670 Χαγάνῳ
647 2601 758 2653 ἀπὸ
784 2600 887 2670 τῆς
924 2599 1034 2652 τῶν
1074 2599 1404 2669 Σκλαϐηνῶν
1436 2599 1480 2630 ⁸⁵
1510 2598 1682 2662 λείας,
1725 2597 1946 2650 καὶσΠέ-

2052 2043 2260 2111 biceps,
2289 2043 2428 2097 alter
2455 2043 2784 2112 quadrupes.
2822 2040 2914 2096 Uti
2951 2042 3134 2097 Prisco
3170 2043 3454 2110 imperium
3487 2043 3650 2098 fuerit

2052 2135 2372 2205 abrogatum
2429 2136 2584 2207 (23),
2639 2136 2782 2205 quod
2842 2145 3053 2205 partem
3110 2137 3304 2204 prredae
3349 2151 3380 2189 e
3442 2135 3650 2189 Sclavis

2053 2229 2298 2280 abducue
2349 2227 2492 2298 31a
2523 2229 2782 2297 Cbagano
2837 2229 3117 2292 donasset,
3171 2226 3358 2296 utique
3424 2242 3522 2295 pro
3573 2227 3648 2280 Hii

2054 2321 2250 2376 Petrus
2277 2322 2538 2391 Europaeo
2571 2323 2708 2376 bello
2733 2325 2838 2378 dux
2867 2321 3218 2391 prmﬁclatnr.
3261 2321 3333 2374 De
3361 2320 3652 2376 Theodoro

2056 2415 2186 2467 item
2221 2413 2400 2482 legato
2445 2415 2510 2468 ad
2541 2414 2861 2483 Chaganum
2890 2429 2920 2468 a
2950 2415 3136 2468 Prisco
3167 2415 3244 2468 ire
3288 2415 3464 2483 jusso,
3496 2422 3553 2469 et
3586 2415 3652 2469 de

2055 2506 2172 2572 ejus
2221 2506 2511 2568 doctrina,
2558 2516 2722 2575 atque
2769 2522 2948 2560 rerum
3006 2507 3365 2578 gerendarum
3412 2506 3655 2561 dexteri-

2057 2608 2186 2652 tate.
2229 2597 2293 2652 Et
2337 2599 2388 2651 in
2422 2599 2502 2652 bis
2545 2599 2682 2654 liber
2716 2611 2925 2653 sextus.

345 2711 482 2764 τρος
515 2697 1032 2764 άντιχειροτονείται
1101 2693 1407 2764 στρατηγὸς
1436 2695 1535 2760 τῆς
1575 2692 1718 2746 κατὰ
1793 2691 1891 2760 τὴν
1920 2688 2196 2760 Εὐρώπην
2255 2691 2465 2761 μάχης’
2518 2691 2613 2744 καὶ
2685 2693 2814 2762 περ).
2858 2690 3142 2762 Θεοδώρου
3191 2691 3287 2746 τοῦ
3342 2693 3650 2763 πρέσΰεως,

348 2789 650 2850 σταλέντος
676 2785 723 2819 ³⁸
771 2787 906 2858 πρὸς
948 2788 1040 2841 τδν
1084 2788 1337 2854 Χαγάνον
1391 2786 1496 2839 ὑπὸ
1541 2785 1636 2838 τοῦ
1686 2784 1949 2855 Πρίσκου,
1990 2783 2091 2854 τῆς
2122 2802 2182 2836 τε
2217 2784 2348 2856 περὶ
2395 2784 2559 2838 αὑτὸν
2598 2785 2850 2848 παιδείας
2896 2787 2989 2838 καὶ
3015 2785 3344 2856 δεξιότητος.
3416 2787 3504 2838 Ἐν
3570 2779 3654 2849 οἷς

345 2887 448 2938 καὶ
491 2885 519 2936 6
550 2884 710 2944 ἕκτος
741 2882 921 2949 λόγος.

438 2978 502 3030 '0
533 2977 591 3029 δὲ
621 2978 847 3046 ’ἐδδομος
875 2975 1032 3042 λόγος
1059 2975 1416 3044 διαλαμϐάνει
1441 2976 1570 3047 περὶ
1603 2976 1700 3046 τῆς
1725 2993 1958 3048 γεγενη-

349 3073 534 3142 μένης
555 3069 783 3134 ἀταξίας
803 3071 923 3130 ταῖς
940 3069 1227 3137 Ῥωμαίων
1245 3068 1564 3138 δυνάμεσιν,
1585 3068 1867 3139 ἀριστείαν
1895 3085 1957 3121 τε

357 3163 663 3232 Ῥωμαίων
707 3163 847 3215 κατὰ
887 3160 1214 3231 Σκλαϐηνῶν
1248 3161 1367 3229 ἤτοι
1400 3161 1614 3214 Γετῶν·
1649 3161 1811 3214 Γέται
1846 3161 1954 3231 γὰρ

344 3255 412 3308 τὸ
440 3254 681 3306 παλαιὸν
712 3253 1026 3308 ἐκαλοῦντο.
1059 3253 1170 3305 Καὶ
1199 3253 1329 3324 περὶ
1356 3253 1464 3305 τῶν
1505 3253 1564 3304 ὲν
1587 3253 1798 3322 ’Λσίμῳ
1812 3255 1857 3285 ⁹⁷
1888 3255 1955 3324 τῇ

346 3349 603 3419 Θρᾳκῴᾳ
635 3347 788 3398 πόλει
821 3347 1011 3417 Πέτρῳ
1045 3363 1104 3399 τε
1137 3348 1366 3409 καὶτοῖς
1399 3346 1646 3409 πολίταις
1675 3345 1956 3416 συμϐεϐη-

347 3443 562 3495 κότων.
591 3440 703 3493 Καὶ
737 3440 812 3502 ὡς
857 3440 1208 3509 Πιράγαστος
1253 3439 1281 3490 ὁ
1322 3439 1424 3507 τῆς
1474 3439 1583 3490 τῶν
1632 3438 1958 3505 Σκλαὸηνῶν

349 3537 651 3602 δυνάμεως
679 3533 953 3602 φύλαρχος
979 3533 1250 3603 ἀνῄρηται
1274 3549 1287 3562 ⁶
1320 3531 1411 3604 [95
1441 3531 1533 3605 Β.)
1567 3535 1663 3585 καὶ
1691 3533 1961 3602 ἀνδραγα-

352 3630 448 3682 (vi:
488 3628 796 3696 Ῥωμαίων.
831 3628 964 3696 Περὶ
989 3626 1089 3695 τῆς
1118 3625 1374 3693 ἀνυδρίας
1408 3628 1508 3694 τῆς
1539 3626 1958 3697 παρακολουθη-

357 3725 541 3791 siin;
589 3723 707 3782 ταῖς
741 3719 1030 3789 Ῥωμαίων
1059 3719 1347 3787 δυνάμεσι.
1385 3719 1492 3770 Καὶ
1521 3719 1671 3782 ὅπως
1717 3719 1811 3771 τοῦ
1860 3721 1963 3771 Πέ-

354 3835 494 3886 τρο-δ
544 3812 1099 3882 καταπολεμηθέντος
1143 3812 1248 3863 ὑπὸ
1282 3810 1612 3881 Σκλαδηνῶν
1631 3811 1679 3842 ³⁸
1723 3811 1962 3881 Πρίσκος

357 3905 523 3970 αὖθις
557 3907 766 3973 γίνεται
817 3903 1145 3976 στρατηγός.
1181 3902 1418 3964 Θάνατος
1441 3902 1691 3954 Ἰωάννου
1713 3902 1808 3954 τοῦ
1839 3903 1959 3971 Νη-

359 4000 598 4055 στευτοῦ
633 3997 1283 4061 Κωνσταντινουπόλεως,
1320 3995 1415 4047 καὶ
1463 3994 1593 4063 περὶ
1660 3993 1770 4046 τῶν
1805 3994 1962 4046 ἐκδα-

356 4091 752 4145 νεισθέντων⁹⁹
803 4089 952 4160 αῦτῷ
1005 4088 1304 4160 χρημάτων
1354 4087 1458 4140 ὑπὸ
1513 4085 1963 4155 Μαυρικίου,καὶ

356 4185 498 4256 περὶ
523 4184 618 4236 τοῦ
647 4186 706 4236 ἐν
733 4185 802 4254 τῇ
831 4182 1093 4254 ὁμολογίᾳ
1119 4181 1659 4251 χειρογραφήματος.
1695 4181 1788 4232 καὶ
1814 4181 1964 4243 ὅπως

355 4277 452 4328 διὰ
482 4275 649 4344 τιμῆς
681 4268 814 4344 ἦγεν
838 4274 866 4325 6
896 4271 1222 4342 φιλευσεδὴς
1251 4270 1327 4332 ὡς
1355 4270 1571 4338 άληθῶς
1601 4269 1963 4340 αὐτοκράτωρ

353 4367 432 4418 τὰ
469 4363 766 4434 εὑρεθέντα
793 4361 872 4432 τῷ
902 4363 1153 4431 ἀρχιερεῖ
1186 4360 1325 4430 μετὰ
1351 4360 1580 4412 θάνατον
1615 4358 1803 4429 ῥάκια.
1830 4357 1965 4427 Περὶ

355 4459 475 4512 τῶν
506 4454 875 4524 Μαυρουσίων
915 4454 1027 4507 τῶν
1061 4453 1485 4523 συστραφέντων
1512 4451 1654 4504 κατὰ
1683 4450 1968 4521 Καρχηδό-

356 4566 456 4612 νος
491 4552 591 4620 τῆς
628 4547 860 4609 πόλεως,
896 4546 990 4597 καὶ
1018 4544 1166 4607 ὅπως
1192 4545 1258 4613 τῇ
1289 4540 1383 4594 τοῦ
1417 4541 1700 4594 Γενναδίου
1732 4542 1905 4612 τόλμῃ
1937 4540 1966 4590 ὁ

360 4641 609 4710 πόλεμος
641 4637 922 4692 ἔσϐεστο¹.
950 4638 1058 4690 Καὶ
1087 4636 1215 4708 περὶ
1242 4633 1337 4688 τοῦ
1366 4635 1607 4704 κομήτου
1637 4631 1734 4686 τοῦ
1767 4634 1967 4701 φανέν-

2140 2969 2304 3024 Libro
2364 2969 2598 3036 septimo
2650 2969 2834 3038 agitur
2881 2969 2947 3022 de
2997 2968 3228 3022 turbatis
3283 2967 3654 3024 llmuanorum

2059 3061 2366 3125 ordinibus,
2396 3061 2822 3130 eormndemque
2845 3062 3009 3116 rebus
3032 3059 3246 3115 fortiter
3269 3061 3436 3130 gestis
3462 3069 3655 3114 contra

2063 3153 2307 3216 Sclavos,
2362 3155 2476 3207 sive
2507 3152 2672 3208 Getas
2706 3173 2719 3207 :
2768 3157 2870 3208 hoc
2910 3153 3053 3206 enim
3092 3153 3308 3208 nomine
3347 3154 3655 3220 antiquitus

2062 3247 2318 3316 appellati
2342 3255 2490 3300 sunt.
2523 3245 2596 3299 De
2629 3247 2692 3299 iis
2721 3262 2842 3316 quae
2874 3247 2925 3300 in
2963 3246 3181 3316 ignobili
3204 3246 3438 3316 quodam
3473 3245 3657 3300 Thra-

2062 3340 2161 3393 ciae
2192 3340 2390 3408 oppido
2420 3338 2582 3393 Petro
2611 3347 2663 3393 et
2688 3339 2880 3394 incolis
2907 3339 3224 3394 acciderunt
3255 3357 3269 3392 :
3307 3350 3470 3407 utque
3503 3337 3658 3392 Scia-

2065 3447 2255 3484 vorum
2318 3428 2606 3498 prmfectus
2665 3429 2980 3499 Piragastus
3033 3430 3104 3484 sit
3161 3428 3521 3483 interfectus.
3583 3429 3660 3483 De

2066 3523 2296 3576 militum
2335 3520 2708 3574 Romanorum
2743 3522 2968 3585 virtute,
3003 3520 3132 3575 licet
3163 3535 3423 3589 aquarum
3455 3521 3657 3590 ingenti

2066 3615 2294 3684 penuria
2333 3624 2740 3684 premerentur.
2771 3613 2934 3668 Petro
2973 3629 3003 3667 a
3043 3613 3250 3668 Selavis
3291 3629 3468 3682 pugna
3500 3628 3662 3681 supe-

2068 3715 2209 3768 rato,
2267 3707 2486 3761 Priscus
2536 3706 2734 3760 iterum
2769 3686 2892 3760 belii
2945 3707 3243 3774 imperator
3279 3707 3522 3760 delectus
3554 3716 3659 3759 est.

2063 3798 2254 3854 Obitus
2280 3798 2503 3854 Joarmis
2533 3809 2895 3866 cognomento
2938 3797 3272 3868 Jejuuatoris
3307 3798 3444 3869 (24),
3481 3798 3656 3866 patri-

2066 3895 2248 3947 archae
2307 3891 2943 3960 Constantinopolitani;
3001 3894 3179 3961 deque
3233 3903 3421 3944 mutuo
3443 3907 3472 3942 ιι
3503 3891 3663 3943 Mau-

2068 3987 2201 4040 rieio
2250 3986 2580 4054 imperatore
2633 3993 2852 4054 accepta
2905 3984 3171 4052 pecunia,
3229 3983 3468 4048 datoque
3530 3985 3658 4037 aeris

2066 4080 2273 4149 accepti
2325 4077 2672 4147 c0nfessique
2721 4076 3088 4148 chirographo
3149 4093 3164 4144 ;
3232 4087 3545 4146 quantoque
3602 4077 3658 4128 in

2066 4173 2243 4244 pretio
2292 4187 2418 4226 vere
2468 4171 2588 4239 pius
2624 4180 2887 4240 angustus
2938 4169 3026 4224 ille
3063 4170 3284 4225 relictas
3351 4186 3381 4224 a
3430 4170 3664 4240 pra-snle

2066 4276 2189 4337 post
2243 4275 2473 4320 mortem
2531 4279 2804 4333 pannosas
2853 4271 3031 4318 vestes
3065 4263 3177 4334 (25)
3245 4263 3516 4318 habuerit.
3582 4262 3660 4315 De

2067 4359 2464 4414 Maurusiorum
2502 4358 2763 4412 adversus
2811 4355 3236 4426 Chartbagincm
3288 4355 3657 4424 expeditione,

2068 4464 2234 4524 utque
2264 4450 2531 4508 Gennadii
2568 4449 2888 4506 fortitudine
2918 4449 3118 4504 bellum
3168 4449 3295 4503 illud
3326 4449 3664 4503 exstinctum

2068 4549 2158 4602 sit.
2203 4546 2278 4599 De
2326 4555 2562 4610 cometa,
2609 4545 2700 4613 qui
2742 4544 2858 4598 dies
2910 4542 3220 4610 complures
3271 4541 3418 4596 visus
3445 4550 3547 4594 est.
3585 4539 3664 4595 De

2071 4639 2326 4693 intestino
2371 4638 2512 4707 apud
2556 4635 2766 4690 Turcos
2789 4675 2804 4699 ,
2839 4645 2895 4689 ct
2922 4633 3065 4688 civili
3096 4633 3236 4687 bello
3271 4649 3285 4686 :
3334 4631 3570 4687 accessit
3593 4633 3666 4685 de

360 4753 457 4799 τος
492 4737 586 4788 ἐπὶ
613 4735 829 4807 ἡμέρας
859 4735 1084 4798 πολλάς.
1112 4732 1250 4803 Περὶ
1276 4730 1371 4784 τοῦ
1393 4730 1658 4801 ἐμφυλίου
1680 4729 1919 4799 πολέμου
1942 4729 1951 4758 ¹

2069 4731 2384 4784 eorumdem
2431 4728 2709 4798 republica
2753 4726 3014 4788 narratio,
3070 4736 3128 4778 ut
3172 4724 3473 4780 Turcorum
3518 4723 3666 4778 Cha-

358 4827 466 4880 τοῦ
505 4828 802 4897 γενομένου
833 4830 944 4890 τοῖς
974 4825 1262 4896 Τούρκοις,
1282 4823 1379 4877 καὶ
1411 4824 1469 4875 ὲν
1497 4823 1714 4876 ἐκθέσει
1745 4821 1816 4874 τὰ
1837 4821 1965 4890 περὶ

359 4920 469 4989 τῆς
494 4917 603 4971 τῶν
619 4919 878 4971 Τούσκων
901 4917 1199 4980 πολιτείας.
1218 4913 1330 4970 Καὶ
1348 4915 1424 4978 ὡς
1445 4916 1536 4967 τὸν
1558 4912 1830 4982 ἐθνάρχην
1855 4913 1964 4964 τῶν

2073 4837 2244 4889 ganus
2273 4821 2408 4890 (26),
2446 4815 2896 4888 Ἐριιιιιυιίιοτυιιι
2938 4818 3184 4888 principe
3215 4818 3525 4884 interfecto,
3580 4828 3663 4870 to-

2076 4927 2181 4967 tam
2204 4929 2324 4968 eam
2355 4922 2568 4984 gentem
2597 4913 2874 4984 subegerit
2907 4930 2922 4967 :
2961 4921 3022 4966 ut
3046 4913 3421 4981 Agarenorum
3472 4909 3661 4964 adhunc

1652 5052 1886 5106 VARUE
1943 5021 2348 5106 damnosus.

441 5152 493 5182 tu
527 5148 636 5222 τῷν
687 5147 1004 5222 ξρρυφόρων
1058 5148 1138 5202 A:
1181 5147 1490 5222 δορυφόρου
1548 5165 1587 5210 ς
1593 5187 1607 5201 ο

364 5293 823 5364 τιχειροτονείται
851 5293 1004 5364 add.
1027 5291 1125 5364 _A.

365 5359 677 5433 Σκαυῆνων
704 5367 770 5426 Α,
839 5359 945 5413 ὑπὸ
982 5361 1091 5414 τῶν
1121 5359 1472 5432 Σκλαῧήνωνί
1511 5379 1571 5426 ς.

1693 5149 1739 5178 ⁸⁸
1773 5146 1846 5196 rs
1856 5145 2014 5196 πεδοε
2045 5147 2087 5196 Α

441 5163 493 5182 ’π
527 5165 636 5201 των
687 5163 1004 5218 οορυφορων
1058 5163 1138 5202 A:
1181 5163 1490 5222 οορυφορου
1548 5165 1607 5210 ς.
1693 5163 1739 5178 σν
1773 5163 1951 5214 ιηπεο

365 5221 528 5283 σϐεις
553 5219 617 5273 Α.
687 5218 736 5250 ⁹⁰
775 5219 1082 5289 Ἰάτίμερον
1149 5237 1210 5284 ς.
1289 5221 1333 5253 9‘
1369 5221 1562 5280 ἄστεος
1607 5236 1670 5282 ς.
1745 5217 1792 5289 Ῡί
1827 5214 1924 5286 ὡς]

2061 5163 2115 5200 1.
2214 5163 2252 5173 "'
2291 5163 2651 5212 εποΑιορκησε
2683 5163 2745 5205 ς.
2809 5163 2855 5174 νυ
2905 5163 2914 5193 l

2061 5219 2076 5267 ι
2113 5232 2196 5289 pr.
2228 5215 2290 5268 Α.
2367 5214 2521 5289 ξξῆν
2563 5229 2679 5289 pm.
2725 5227 2809 5289 ρι’.
2848 5213 2914 5289 ᾼ.

1205 5291 1251 5322 ⁸⁸
1289 5291 1588 5360 Σκαυηνῶν
1646 5289 1693 5342 Α
1722 5287 1810 5360 sic
1853 5284 1923 5340 et
1957 5286 2124 5360 infra.
2153 5287 2199 5319 ⁸⁸
2262 5284 2444 5360 σταλ.)
2476 5284 2585 5360 ’τοῦ

1653 5362 1700 5392 ⁹⁹
1733 5358 2186 5413 ὲνδανεισθέντων
2224 5374 2286 5420 ς’.

2214 5145 2256 5173 ⁸⁷
2291 5141 2651 5212 ἐπολιόρκησε
2683 5159 2745 5205 ς.
2809 5139 2855 5174 ⁸⁸
2895 5139 3240 5212 Τζουρουλῷγ
3268 5157 3330 5212 ς.
3405 5135 3448 5167 ⁸³
3499 5135 3641 5212 πρέ-

3003 5213 3052 5241 ⁹⁸
3093 5211 3169 5278 τῷ
3226 5211 3412 5262 δοῦναι
3451 5232 3521 5278 —_-_
3555 5211 3650 5258 αν-

2498 5284 2591 5339 τοῦ
2647 5275 2800 5340 σταλ.
2844 5282 2911 5336 Α.
2986 5281 3031 5314 ³⁷
3065 5275 3266 5353 ἁσῆμῳ
3301 5295 3400 5353 κστ.
3480 5275 3526 5307 ’⁸
3554 5278 3657 5334 ὑπὸ

2368 5359 2384 5386 ¹
2419 5352 2610 5412 ἐσϐετο
2649 5372 2712 5418 ς.
2790 5355 2812 5385 ³
2855 5353 3097 5426 πολέμου
3127 5352 3238 5408 om.
3283 5352 3348 5405 A.

1881 5452 2119 5513 NOTAE.

444 5551 562 5623 (21)
593 5551 820 5622 Nicepb.
864 5553 975 5605 haec
1005 5554 1194 5607 cadent
1226 5553 1317 5606 lib.
1346 5567 1501 5617 xvm,
1538 5567 1659 5622 cap.
1690 5551 1780 5607 28.

446 5624 562 5694 (22)
595 5625 724 5676 Ibid.
764 5638 885 5692 cap.
918 5623 1006 5678 55.

450 5695 569 5762 (-25)
602 5694 733 5746 Ibid.
770 5710 891 5762 cap.
931 5694 1029 5748 εδ.

451 5764 570 5832 (24)
599 5764 786 5831 Quarti
839 5766 998 5836 hujus
1049 5767 1281 5836 nominis
1302 5805 1318 5831 ,
1344 5766 1410 5821 de
1447 5779 1556 5836 quo
1578 5764 1960 5835 legendusBa-

371 5851 501 5892 ron.
529 5836 681 5887 card.
718 5844 850 5890 tom.
882 5834 969 5889 VII
1014 5847 1066 5887 et
1097 5835 1230 5890 Vill.

451 5905 596 5976 (25)
624 5905 847 5977 Nicepb.
877 5907 969 5961 lib.
996 5907 1135 5974 MK,
1167 5924 1286 5974 rap.
1315 5907 1408 5973 5.5,
1447 5907 1864 5964 lectuiumaddit
1894 5906 1958 5961 li-

2065 5567 2284 5621 gneum.
2320 5549 2415 5605 Hic
2446 5565 2550 5604 non
2589 5559 2733 5602 recte
2757 5564 2786 5602 a
2811 5549 3131 5621 quibusdam
3155 5542 3508 5621 mnijnanne
3532 5547 3650 5602 Ele-

2064 5617 2412 5694 elnosyuario
2458 5621 2825 5694 Alexandrino
2878 5617 3245 5694 confunditur.
3284 5619 3649 5694 M_inus__eti:nu

2067 5689 2349 5771 recteipro
2385 5705 2573 5771 saneto
2607 5691 2825 5771 habitus
2842 5691 3253 5771 ’ἰδυῖα-βοεᾸο
3322 5689 3648 5771 mulir-ron:

2066 5773 2107 5819 t.
2139 5758 2473 5816 Vlll'Aunal.
2507 5763 2574 5816 ad
2600 5777 2690 5815 an.
2714 5759 2816 5814 Cb.
2840 5759 2966 5825 595,
2995 5775 3061 5814 ex
3085 5759 3144 5812 Β.
3181 5758 3435 5829 Gregorii
3467 5758 3650 5828 Magni

2062 5837 2408 5890 auctoritate.

2137 5905 2265 5977 (26)
2301 5903 2528 5976 Nicepb.
2557 5903 2651 5962 lib.
2673 5919 2831 5969 xvm,
2871 5916 2994 5972 cap.
3015 5901 3105 5958 50.
3165 5945 3174 5960 .
