3926 6454
489 417 598 483 155

1692 404 1958 468 ΡΗΟΤΙΙ
1999 399 2514 464 ΡΑΤΒΙΑΒΟΗᾹΞ
2552 401 2663 460 CP.

3667 397 3764 460 156

483 542 539 586 et
571 530 895 588 Colchorum
935 537 1148 599 gentem
1190 533 1563 581 trecentarum
1605 522 1833 576 millium
1881 528 2054 586 strage

2185 513 2558 584 Ἐφθαλιτῶν³
2600 516 2629 566 6
2674 511 2925 582 Χαγάνος
2976 512 3085 566 τῶν
3127 509 3388 582 Τούρκων
3425 510 3628 564 ἀνελὼν
3673 515 3765 565 καὶ

484 629 766 689 ceciderit,
840 635 1003 693 utque
1053 625 1422 691 insurgentem
1479 620 1734 671 adversus
1757 629 1815 668 se
1862 613 2066 667 Turum

481 720 838 781 interfecerit,
885 735 990 787 quo
1024 716 1241 770 nomine
1290 713 1532 767 victoria:
1579 711 1822 764 nuntiam
1851 709 2064 776 episto~

479 812 586 866 lam
617 812 879 865 Mauricio
912 810 1042 877 imp.
1072 807 1372 875 scripserit.
1416 805 1559 858 Idem
1594 803 1808 855 Aharos
1848 811 2066 869 quoque

481 904 788 973 subiugum
820 902 991 954 victos
1039 900 1204 952 misit.
1243 897 1429 951 Refert
1449 905 1503 950 et
1538 897 1604 948 de
1638 893 1910 964 gentibus,
1947 905 2067 960 quae

481 995 694 1066 Taugas
735 993 1000 1057 incolunt,
1023 1002 1077 1045 et
1105 993 1169 1045 de
1214 989 1404 1054 Nucri,
1437 990 1491 1042 in
1519 1003 1653 1056 quas
1681 986 1871 1040 devicti
1901 986 2064 1038 Abari

481 1089 709 1158 dispersi
750 1097 876 1142 sunt
929 1087 1062 1158 (27).
1092 1085 1222 1140 Item
1251 1086 1316 1138 de
1339 1083 1467 1145 Var,
1518 1093 1572 1136 et
1603 1081 1802 1146 Chuni,
1835 1093 2063 1148 quorum

477 1197 605 1251 pars
649 1196 844 1249 magna
890 1179 1001 1249 jam
1056 1179 1233 1232 indea
1280 1174 1570 1230 Justiniani
1623 1172 1979 1241 temporibus,
2012 1169 2063 1223 in

477 1271 690 1342 Europa
727 1274 882 1327 sedes
923 1273 1143 1334 habent,
1172 1272 1488 1337 Abarosque
1533 1283 1652 1322 sese
1695 1267 2060 1319 nominarunt.

479 1363 779 1418 Turcornm
831 1363 1104 1430 regionem
1149 1371 1305 1415 terra:
1334 1359 1524 1423 motui,
1565 1373 1627 1412 ac
1679 1358 1813 1426 pesti
1845 1357 2064 1409 minime

477 1456 787 1510 obnoxiam.
813 1452 919 1508 RDe
963 1465 1142 1508 numne
1191 1453 1281 1520 qui
1335 1453 1545 1504 Aureus
1584 1451 1653 1503 sit
1683 1451 1877 1512 dictus,
1911 1451 2064 1502 acde

476 1543 589 1611 ipsa
623 1546 774 1606 urbe,
820 1541 1053 1611 Tangas.
1105 1542 1178 1594 De
1205 1540 1559 1610 bornbyeibus
1618 1539 1754 1609 (‘28),
1791 1541 1879 1607 qni
1913 1555 1975 1591 ex
2005 1553 2063 1592 se

474 1645 650 1690 vestes
694 1637 919 1704 gignunt
952 1635 1180 1697 sericas,
1215 1643 1264 1686 et
1302 1633 1444 1700 quod
1498 1632 1657 1685 serici
1715 1631 1827 1700 (-29)
1871 1631 2062 1699 ingens

471 1729 726 1796 gignatur
755 1727 820 1779 ad
845 1726 1126 1780 Chubdam
1158 1725 1369 1787 urbem,
1404 1724 1545 1794 31!)
1578 1739 1738 1793 qnam
1769 1723 2058 1792 appellant,

469 1819 648 1888 copia,
707 1833 937 1888 qumque
970 1819 1022 1872 in
1077 1817 1183 1872 illis
1229 1818 1505 1871 vermibus
1537 1816 1897 1885 glomerandis
1945 1814 2058 1867 lieri

2171 607 2445 670 δουλώσας
2471 607 2530 659 τὸ
2557 605 2763 671 ἔθνοςδ,
2793 605 2874 658 ἔτι
2902 605 2962 657 δὲ
2990 605 3087 658 καὶ
3112 605 3240 668 τοὺς
3261 604 3482 673 Ὀγωρ⁵
3508 604 3568 655 τὸ
3593 604 3760 668 ἔθνος,

2170 703 2264 756 καὶ
2292 701 2356 768 δὴ
2386 702 2480 753 καὶ
2511 700 2638 760 τοὺς
2669 699 2915 768 Κόλχους
2961 698 3092 768 ἄχρι
3134 697 3434 768 τριάκοντα
3487 696 3763 766 μυριάδων

2169 793 2497 864 διέφθειρεν.
2517 791 2678 844 Ἀλλὰ
2710 791 2924 844 καὶτὸν
2957 790 3340 842 ἐπαναστάντα
3371 787 3460 859 [46
3490 787 3583 858 Η.ι
3611 787 3756 858 αύτῷ

2170 885 2428 956 Τουροὺμ
2464 883 2671 936 ἀνελὼν
2713 883 2978 935 ἐπινίκιον
3012 881 3303 951 ἐπιστολὴν
3360 880 3649 950 Μαυρικίῳ
3690 879 3765 948 τῷ

2167 977 2535 1046 αὐτοκράτορι
2567 976 2808 1028 ἔστειλεν
2833 991 2848 1008 ο
2898 974 3232 1028 ἐδουλώσατο
3257 973 3314 1026 δέ
3345 973 3441 1026 καὶ
3473 973 3760 1040 Ἀϐάρους.

2168 1068 2402 1132 Διέξεισι
2445 1068 2502 1121 δὲ
2555 1068 2650 1120 καὶ
2699 1067 2828 1136 περὶ
2861 1065 2969 1118 τῶν
3006 1065 3147 1118 κατὰ
3177 1065 3276 1135 τὴν
3304 1065 3523 1132 Ταυγὰς
3546 1066 3565 1095 ⁸
3595 1065 3762 1117 ἐθνῶν

2167 1157 2265 1211 καὶ
2294 1159 2422 1229 περὶ
2451 1156 2543 1209 τοῦ
2576 1159 2853 1228 Μουκρὶτ,
2878 1158 2936 1209 ἐν
2980 1151 3061 1220 οἷς
3103 1158 3151 1208 οἱ
3179 1156 3409 1226 Ἀϐαροι
3442 1157 3762 1226 ἡττηθέντες

2165 1249 2563 1320 διεσπάρησαν.
2596 1250 2705 1302 Καὶ
2745 1250 2873 1317 περὶ
2921 1247 3016 1300 τοῦ
3069 1248 3217 1316 Οὑᾶιρ
3265 1248 3357 1301 καὶ
3405 1248 3614 1299 Χουνὶ⁸
3659 1248 3763 1301 τῶν

2167 1341 2358 1406 ἐθνῶν,
2395 1340 2455 1405 ἐξ
2503 1335 2577 1394 ῶν
2609 1343 2700 1394 ἐπὶ
2739 1338 3118 1395 Ἰουστινιανοῦ
3150 1341 3430 1409 ἀπόμοιρα
3459 1339 3628 1391 τῶνδε
3660 1339 3762 1390 τῶν

2165 1435 2334 1487 ἐθνῶν
2367 1435 2591 1504 ἐνδημεῖ
2623 1439 2689 1505 τῇ
2721 1433 2959 1505 Εὐρώπῃ
2983 1475 2997 1497 ,
3024 1433 3073 1485 οἳ
3108 1435 3202 1486 καὶ
3242 1433 3507 1501 Ἀϐάρους
3537 1433 3763 1495 ἑαυτοὺς

2165 1529 2538 1598 ἐπεφήμισαν.
2577 1529 2686 1580 Καὶ
2717 1527 2790 1590 ώς
2827 1527 3150 1596 ήἸόύρκων
3195 1524 3349 1595 χώρα
3392 1523 3619 1592 σεισμοῦ
3666 1525 3758 1576 καὶ

2164 1618 2355 1689 λοιμοῦ
2391 1619 2746 1689 άπείρατοςθ.
2789 1617 2924 1685 Περί
2969 1634 3028 1670 τε
3074 1615 3167 1668 τοῦ
3216 1615 3421 1684 χρυσοῦ
3467 1614 3763 1681 λεγομένου

2163 1711 2347 1782 ὅρους,
2380 1711 2476 1763 καὶ
2507 1711 2634 1780 περὶ
2663 1711 2762 1779 τῆς
2793 1708 3016 1776 Ταυγὰς
3036 1749 3051 1772 ,
3084 1708 3213 1778 περί
3243 1724 3302 1759 τε
3327 1707 3435 1759 τῶν
3468 1706 3763 1771 σκωλήκων

2164 1804 2274 1856 τῶν
2300 1803 2597 1856 τικτόντων
2623 1804 2722 1870 τὴν
2756 1801 2961 1870 ἐσθῆτα
2983 1801 3080 1870 τὴν
3106 1800 3358 1870 σηρικὴν,
3379 1799 3474 1851 καὶ
3499 1799 3572 1861 ὡς
3598 1795 3760 1868 πολλή

469 1910 652 1965 solita.
685 1909 759 1963 De
807 1909 980 1974 Indis,
1031 1909 1120 1977 qui
1151 1908 1383 1963 candido
1425 1917 1551 1960 sunt
1584 1921 1832 1975 corpore.
1875 1893 2054 1958 Disce-

2163 1897 2275 1949 ἐστι
2307 1897 2436 1966 περὶ
2465 1895 2564 1966 τὴν
2604 1895 2905 1964 λεγομένην
2936 1893 3184 1947 Χουϐδὰν
3215 1896 3248 1963 ἡ
3283 1895 3383 1961 τῆς
3417 1891 3695 1962 μετάξεως
3721 1891 3762 1921 ¹⁰

469 2004 638 2072 ptalio
674 2001 912 2071 Chagani
963 2016 1087 2055 cum
1139 1999 1346 2065 Prisco,
1382 1999 1447 2052 de
1483 1997 1975 2067 Singidonensihus
2004 1996 2056 2048 in

467 2095 787 2150 servitutem
803 2094 1155 2156 abducendis,
1174 2091 1457 2160 Priscique
1474 2090 1746 2145 contraria
1767 2087 2055 2152 sententia,

468 2197 635 2256 utque
683 2202 800 2242 eam
863 2189 1052 2241 urbem
1081 2183 1304 2238 Priscus
1337 2182 1586 2237 servarit.
1615 2182 1745 2248 Quae
1787 2196 1884 2250 per
1937 2179 2058 2232 Dal-

466 2280 688 2333 matiam
720 2277 942 2332 Barbari
969 2280 1241 2347 gesserint
1281 2289 1525 2343 quasque
1546 2275 1706 2327 urbes
1737 2272 2054 2326 everterint.

465 2370 748 2437 Quomodo
783 2369 1040 2425 Gundoes
1088 2384 1117 2423 a
1153 2367 1342 2422 Prisco
1387 2368 1647 2421 adversus
1690 2365 1962 2420 Barbaros
2000 2364 2054 2418 in

466 2459 789 2515 Dalmatiam
835 2460 1056 2525 missus,
1097 2473 1184 2514 res
1225 2458 1440 2514 fortiter
1468 2459 1720 2522 gesserit.

535 2732 948 2788 Undevicesimo
1000 2731 1214 2802 imperii
1255 2729 1505 2784 Mauricii
1561 2743 1704 2782 anno
1761 2727 2058 2781 Monachus

461 2826 677 2895 quidam
716 2835 944 2879 mortem
986 2825 1097 2889 illi,
1132 2824 1424 2892 liberisque
1459 2822 1576 2892 ejus
1621 2821 1734 2890 (50)
1780 2820 2052 2888 prmdixit.

471 2915 675 2970 Stricto
713 2915 857 2970 enim
909 2915 1128 2984 gladio,
1160 2929 1188 2967 a
1227 2914 1346 2967 l'oro
1379 2916 1446 2967 ad
1487 2912 1676 2982 palatii
1729 2911 2054 2964 vestibulum

460 3019 818 3075 procurrens,
861 3003 1176 3058 Manricium
1206 3019 1310 3056 una
1348 3018 1469 3056 cum
1510 3002 1694 3055 liberis
1731 3002 1880 3054 ferro
1911 3000 2057 3052 occi-

460 3113 579 3153 sum
605 3098 666 3153 iri
687 3098 986 3152 denuntiat.
1009 3096 1148 3161 Quin
1173 3106 1226 3150 et
1265 3095 1604 3150 Herodianus
1629 3096 1846 3164 quidam
1877 3096 2054 3161 impe-

2160 1987 2396 2054 γένεσις,
2429 1988 2525 2039 καὶ
2547 1987 2616 2038 τὰ
2652 1987 2780 2057 περὶ
2805 1985 2974 2054 αὐτὴν
3003 1984 3231 2053 νόμιμα.
3271 1983 3382 2036 Καὶ
3427 1982 3554 2050 περὶ
3577 1983 3618 2012 ¹¹
3656 1980 3762 2033 τῶν

2173 2075 2348 2128 Ἰνδῶν
2381 2076 2488 2128 τῶν
2513 2074 2722 2128 λευκῶν
2757 2075 2817 2127 τὸ
2850 2074 3032 2144 σῶμα.
3065 2072 3311 2136 Διάλεξις
3334 2075 3470 2140 πρὸς
3505 2072 3602 2124 τὸν
3626 2071 3757 2140 Πρί-

2162 2183 2291 2220 σκον
2317 2168 2571 2235 Χαγάνου
2603 2168 2734 2239 περὶ
2766 2165 3205 2236 ἀνδραποδισμοῦ
3237 2168 3336 2237 τῆς
3358 2165 3398 2195 ¹¹
3427 2164 3757 2232 Σιγγιδόνος,

2160 2259 2256 2311 καὶ
2285 2259 2567 2328 ἀντιλογία
2599 2259 2840 2330 Πρίσκου
2875 2259 3013 2328 πρὸς
3044 2259 3206 2311 αὑτὸν
3229 2298 3243 2321 ,
3278 2258 3373 2312 καὶ
3406 2258 3555 2320 ὅπως
3582 2258 3611 2308 ὁ
3640 2256 3761 2326 Πρί-

2163 2370 2293 2415 σκος
2324 2353 2615 2422 Σιγγιδόνα
2647 2351 2811 2417 σώζει
2842 2352 2940 2423 τὴν
2972 2351 3300 2405 πόλιν.”οσα
3348 2370 3409 2405 τε
3448 2352 3595 2406 κατὰ
3626 2349 3759 2403 A1).-

2163 2445 2362 2516 ματίαν
2393 2447 2440 2498 oi
2475 2445 2740 2516 βάρϐαροι
2765 2444 3130 2514 διεπράξαντο
3164 2445 3260 2498 καὶ
3299 2446 3484 2508 πόλεις
3527 2443 3761 2512 ἐπόρθη-

2161 2556 2282 2604 σαν,
2313 2540 2461 2602 ὅπως
2512 2555 2573 2591 τε
2617 2539 2645 2590 ὁ
2679 2537 2962 2601 Γουνδουῖς
2985 2539 3026 2570 ¹³
3077 2539 3230 2609 παρά
3267 2539 3508 2608 Πρίσκου
3547 2539 3760 2600 σταλεὶς

2159 2633 2302 2686 κατὰ
2339 2632 2447 2685 τῶν
2486 2633 2543 2684 ἐν
2579 2631 2863 2703 Δαλματίᾳ
2906 2631 3197 2704 βαρϐάρων
3237 2633 3580 2704 ἠρίστευσεν.

2235 2727 2358 2778 Ὅτι
2388 2724 2464 2794 τῷ
2491 2725 2962 2794 ἐννεακαιδεκάτῳ
2996 2725 3107 2777 ἔτει
3150 2726 3250 2795 τῆς
3297 2725 3578 2794 βασιλείας
3612 2729 3764 2780 Μαυ-

2163 2817 2342 2889 ρικίου
2392 2817 2760 2889 προαγορεύει
2813 2819 3049 2888 μοναχός
3082 2835 3164 2880 τις
3195 2818 3285 2870 τὸν
3327 2819 3494 2872 αὐτοῦ
3534 2819 3762 2873 θάνατον

2159 2909 2257 2964 κα)⁸
2281 2909 2389 2962 τῶν
2417 2911 2628 2962 τέκνων
2652 2926 2666 2939 ’
2721 2909 2875 2979 ξίφος
2910 2911 3019 2979 γὰρ
3047 2908 3366 2978 γυμνώσας,
3403 2911 3512 2964 ἀπὸ
3539 2913 3640 2963 τοῦ
3671 2912 3762 2979 φό-

2162 3017 2255 3071 ρου
2283 3002 2445 3071 μέχρι
2467 3001 2576 3054 τῶν
2606 3002 2921 3071 προαυλίων
2949 3001 3058 3053 τῶν
3087 3002 3406 3071 ἀνακτόρων
3442 3001 3760 3073 διαδραμὼν

2158 3093 2322 3148 αὐτόν
2349 3111 2410 3146 τε
2444 3094 2751 3161 Μαυρίκιον
2781 3095 2875 3148 καὶ
2897 3096 2963 3148 τὰ
2989 3096 3156 3147 τέκνα
3183 3095 3326 3164 ξίφει
3349 3095 3605 3149 τεθνάναι
3636 3115 3762 3166 προ-

460 3189 630 3245 ratori
666 3199 926 3244 eventura
974 3190 1359 3257 prmnnutiavit
1405 3189 1560 3258 (5i):
1604 3187 1801 3241 famem
1839 3187 2052 3241 scilicet

2163 3185 2478 3257 ηγόρευσεν.
2501 3186 2665 3239 Ἀλλὰ
2714 3189 2808 3240 καὶ
2841 3188 3175 3257 Ἠρωδιανός
3224 3205 3311 3250 τις
3359 3188 3588 3258 ὀνόματι
3616 3188 3661 3221 ’⁸
3689 3189 3761 3260 τῷ

458 3282 640 3347 illam,
669 3282 922 3352 qurelpost
942 3282 992 3335 in
1017 3284 1215 3336 castris
1237 3291 1376 3336 orta.
1418 3279 1490 3335 Ut
1513 3281 1817 3334 incredibili
1843 3279 2054 3346 Chaga-

2165 3277 2382 3348 βασιλεῖ
2405 3278 2578 3330 διεῖπε
2621 3279 2690 3331 τά
2721 3279 3133 3350 συμϐησόμενα.
3163 3282 3298 3351 Περὶ
3325 3279 3421 3332 τοῦ
3459 3280 3764 3350 συμϐάντος

457 3385 560 3428 nus
572 3372 906 3426 humanitate
919 3373 1181 3426 esurienti
1203 3371 1464 3426 exercitui
1481 3373 1720 3441 quinque
1739 3371 1950 3425 dierum
1975 3371 2054 3424 in-

2163 3369 2324 3438 λιμοῦ
2346 3371 2387 3402 ⁸³
2417 3373 2529 3434 τοῖς
2560 3371 2970 3442 στρατεύμασι,
3010 3373 3104 3426 καὶ
3136 3372 3212 3435 ὡς
3239 3375 3266 3425 6
3295 3373 3549 3441 Χαγάνος
3584 3391 3763 3444 παρα-

457 3465 645 3521 ducias
661 3465 1227 3535 concesserit,qnibus
1261 3467 1467 3534 absque
1488 3476 1634 3518 metu
1666 3463 2054 3518 Barbarorums

2163 3459 2298 3531 δόξω
2328 3462 2712 3532 φιλανθρωπίᾳ
2736 3464 3118 3534 πενθημέρους
3151 3465 3385 3528 σπονδὰς
3414 3468 3527 3528 τοῖς
3562 3466 3614 3518 λι
3623 3466 3763 3536 μώτο

455 3568 789 3615 commeatus
811 3574 1134 3628 annonaque
1165 3558 1402 3628 terretur
1449 3556 1733 3619 Romanis,
1779 3564 1950 3624 utque
1977 3555 2054 3608 vi«

2163 3572 2346 3610 τουσιν
2374 3555 2546 3621 ἔθετο,
2575 3557 2652 3619 ὡς
2683 3558 2748 3610 ἂν
2776 3559 2804 3610 6
2833 3557 3182 3628 ἐπισιτισμὸς
3209 3559 3315 3610 ἀπὸ
3336 3559 3442 3610 τῶν
3471 3559 3762 3629 βαρϐάρων

457 3653 641 3708 cissim
671 3669 700 3706 a
728 3651 916 3708 Prisco
942 3653 1099 3706 donis
1132 3654 1427 3706 honoratus
1455 3691 1471 3718 ,
1500 3651 1552 3704 in
1599 3650 1844 3718 proxima
1873 3648 2054 3719 Mysiae

2163 3651 2274 3712 τοῖς
2305 3648 2600 3718 Ῥωμαίοις
2624 3650 2788 3721 ἀδεὴς
2811 3650 2987 3704 ἔσοιτο
3007 3667 3020 3681 ’
3051 3653 3146 3705 καὶ
3172 3653 3246 3715 ὠς
3273 3653 3567 3723 ἀρώμασιν
3591 3654 3638 3683 ¹⁶
3661 3653 3762 3706 ὑπὸ

457 3745 573 3800 loca
626 3745 958 3799 discesserit.
983 3744 1038 3796 ln
1063 3742 1234 3811 Mysia
1264 3744 1551 3812 Chaganus
1571 3757 1692 3796 cum
1720 3740 2054 3796 Comcntiolo

2163 3743 2404 3813 Πρίσκου
2429 3742 2811 3814 φιλοτιμηθεὶς
2834 3745 2926 3796 ἐπὶ
2949 3743 3018 3797 τὰ
3040 3745 3182 3798 κατά
3209 3745 3429 3799 Μυσίαν
3455 3745 3758 3816 ἐχώρησεν.

460 3834 634 3905 signis
663 3832 878 3888 collatis
905 3831 1184 3898 conﬂixit,
1215 3833 1554 3903 perﬁdiaque
1589 3832 1912 3886 Comentioli
1948 3833 2056 3886 lto-

457 3940 740 3980 manorum
780 3926 1069 3989 exercitus,
1099 3925 1253 3979 clade
1277 3935 1522 3993 accepta,
1547 3940 1721 3979 casus
1744 3941 1772 3977 a
1801 3925 2056 3980 Barbaris

453 4027 560 4083 est,
590 4018 713 4088 fuga
737 4019 954 4074 interim
980 4018 1188 4087 dilapso
1219 4018 1561 4073 Comentiolo
1591 4035 1605 4071 :
1641 4033 1804 4087 quem
1833 4019 1897 4072 ad
1933 4017 2054 4071 Dri-

463 4112 704 4180 ziperam
736 4111 924 4165 urbem
953 4110 1061 4182 (52
1092 4110 1368 4178 )deletum
1401 4111 1547 4164 cives
1571 4149 1587 4176 ,
1622 4118 1679 4164 ut
1715 4110 2049 4180 transfugam

457 4200 757 4268 repellunt:
784 4215 952 4269 quare
976 4200 1097 4253 inde
1119 4201 1184 4252 ad
1226 4199 1409 4253 Muros
1432 4201 1637 4270 longos,
1661 4215 1796 4267 quos
1837 4208 2050 4254 vocant.

455 4292 546 4347 ille
579 4308 638 4348 se
667 4292 888 4361 recepit.
926 4291 1148 4345 Barhari
1171 4308 1334 4360 porro
1365 4308 1503 4360 pone
1533 4295 1888 4360 insequentes
1924 4290 2015 4344 Dri

455 4386 693 4454 ziperam
730 4386 984 4454 capiunt,
1026 4395 1082 4440 et
1117 4386 1412 4440 Alexandri
1446 4385 1704 4454 martyris
1741 4385 1939 4451 templo
1968 4384 2050 4436 in-

457 4491 642 4540 censo,
665 4493 862 4546 corpus
881 4493 1044 4544 capsa
1075 4479 1422 4531 extrahentes
1441 4475 1789 4531 contumeliis
1808 4474 2050 4529 alliciunt

458 4568 556 4639 (53
582 4566 622 4638 ).
651 4567 847 4623 Verum
877 4569 1055 4622 divina
1093 4585 1216 4623 mox
1243 4571 1374 4623 ultio
1416 4569 1669 4639 martyris
1689 4577 1776 4624 est.
1810 4567 2045 4622 violato-

455 4675 542 4714 res
573 4671 888 4715 consecuta.
922 4662 1137 4729 Septem
1180 4661 1324 4716 enim
1358 4659 1598 4731 Cltaguni
1635 4661 1727 4714 lilii
1775 4676 1883 4714 una
1915 4661 2040 4725 die,

453 4749 732 4821 inguinum
756 4753 944 4806 morho
967 4754 1225 4821 correpti.
1260 4754 1558 4822 perierunt.
1582 4751 1953 4806 Comentiolus
1981 4751 2035 4806 in

454 4841 540 4896 his
573 4843 746 4898 turbis
783 4843 1250 4912 Constantinopoli
1291 4846 1481 4900 lueret.
1524 4843 1782 4899 Barbaris
1821 4844 2039 4898 interim

451 4933 520 4989 ad
548 4933 734 4989 Muros
762 4935 944 5005 longos
983 4937 1214 5007 propius.
1241 4937 1640 4992 accedentibus.
1669 4936 1824 4992 Unde
1856 4945 2038 4992 tantus

2171 3835 2260 3898 Ὣς
2293 3835 2532 3905 συνῆψεν
2574 3835 2603 3887 ὁ
2653 3835 2911 3904 Χαγάνος
2947 3837 3076 3906 περὶ
3109 3837 3208 3907 τὴν
3234 3837 3451 3890 Μυσίαν
3484 3839 3624 3908 πρὸς
3656 3840 3759 3890 Κο-

2161 3927 2442 3997 μεντίολον
2470 3927 2672 3998 μάχην,
2691 3928 2951 3999 ἐπιϐουλῇ
2980 3929 3037 3982 δὲ
3066 3929 3432 3998 Κομεντιόλου
3457 3929 3763 4000 διαφθείρε-

2156 4037 2248 4073 ται
2294 4020 2400 4072 ὑπὸ
2445 4020 2557 4073 τῶν
2598 4020 2893 4092 βαρϐάρων
2932 4021 2994 4074 τὸ
3028 4021 3360 4092 Ῥωμαϊκόν.
3410 4023 3524 4076 Καὶ
3572 4022 3762 4091 φεύγει

2157 4112 2548 4180 Κομεντίολος.
2577 4114 2670 4166 καὶ
2697 4115 2833 4185 πρὸς
2867 4115 3172 4187 Δριζίπερα
3195 4116 3236 4146 ³⁷
3266 4115 3364 4184 τὴν
3393 4115 3547 4168 πόλιν
3577 4133 3756 4184 παρα-

2156 4204 2388 4272 γίνεται,
2421 4205 2518 4258 καὶ
2548 4207 2938 4276 ἀποπέμπεται
2964 4211 3065 4279 τῆς
3100 4208 3308 4270 πόλεως
3337 4207 3414 4270 ὡς
3441 4207 3643 4275 φυγὰς,
3663 4208 3753 4260 καὶ

2156 4294 2294 4364 πρὸς
2339 4295 2408 4348 τὰ
2447 4298 2636 4367 μακρὰ
2666 4297 3027 4367 παραγίνεται
3053 4300 3229 4371 τείχη.
3269 4300 3330 4351 Οἱ
3377 4298 3435 4351 δὲ
3484 4297 3758 4367 βάρϐαροι

2153 4387 2384 4439 κατόπιν
2439 4388 2610 4451 ἰόντες
2665 4390 2880 4459 πρῶτον
2927 4392 2996 4442 τὰ
3046 4391 3350 4462 Δριζίπερα
3383 4389 3630 4460 αἱροῦσι,
3669 4392 3760 4443 καὶ

2151 4477 2246 4529 τὸν
2263 4477 2618 4549 Ἀλεξάνδρου
2639 4479 2735 4532 τοῦ
2766 4481 3043 4551 μάρτυρος
3071 4483 3460 4554 ἐμπρήσαντες
3484 4479 3640 4545 νεὼν,
3669 4480 3761 4533 καὶ

2145 4567 2214 4659 ⁵τὸ
2269 4568 2429 4639 σῶμα
2488 4571 2589 4641 τῆς
2641 4571 2818 4643 θήκης
2867 4573 3200 4644 ἐκσύραντες
3247 4574 3501 4644 ὕϐρισαν.
3537 4573 3668 4624 Θεία
3704 4572 3759 4624 δέ

2152 4661 2278 4732 δίκη
2310 4663 2546 4735 μετῆλθε
2573 4664 2706 4728 τοὺς
2743 4665 3005 4736 ὑϐριστὰς
3051 4667 3145 4721 τοῦ
3199 4668 3505 4739 μάρτυροςο
3539 4668 3637 4740 [196
3668 4665 3758 4737 R.]

2152 4754 2296 4808 ἑπτὰ
2335 4756 2445 4826 γὰρ
2492 4756 2680 4820 παῖδες
2701 4757 2798 4810 τοῦ
2824 4759 3078 4828 Χαγάνου
3100 4762 3156 4812 ἐν
3184 4761 3368 4832 ἡμέρᾳ
3399 4762 3498 4832 μιᾷ
3527 4760 3760 4830 βουϐῶσι

2153 4848 2398 4918 περιληφ
2413 4849 2597 4914 θέντες
2623 4852 3008 4921 ἐτελεύτησαν.
3028 4854 3395 4924 Κομεντίολος
3413 4855 3468 4907 δὲ
3495 4855 3632 4924 μετά
3652 4853 3758 4905 τῶν

2155 4937 2402 5009 θορύϐων
2434 4940 2662 5012 ἐνδημεῖ
2689 4945 2755 5014 τῇ
2795 4944 3390 5009 Κωνσταντινουπόλει,
3418 4946 3467 4997 οἱ
3513 4944 3570 4996 δὲ
3619 4943 3753 5015 βάρ-

1722 5049 1955 5106 VARIAZ
2010 5049 2430 5108 LECTIONES.

524 5149 545 5179 ³
571 5149 682 5202 τῶν
708 5149 1051 5216 Ἐφθαλιτῶν
1093 5149 1200 5202 τῶν
1227 5149 1470 5202 άϐδελῶν
1504 5149 1537 5218 ἥ

451 5237 584 5273 σατο
617 5239 678 5285 ς.
755 5222 777 5253 ⁸
802 5221 988 5292 Ὄγωρ
1017 5221 1062 5272 Α
1097 5235 1110 5270 :
1146 5219 1323 5290 Ἀγὰρ

449 5292 712 5358 χουνιτῶν
745 5292 811 5345 Α.
891 5294 911 5324 θ
945 5289 1384 5360 άπείραστοςς.
1462 5291 1504 5322 ³ο
1542 5289 1782 5359 μετάξης
1825 5305 1901 5360 ίςο

454 5360 498 5393 ³⁸
532 5361 764 5416 ὀνόιιατι
789 5363 913 5417 add.
937 5366 1002 5417 A.
1081 5359 1124 5394 η
1154 5362 1314 5433 λιμοῦ
1345 5379 1488 5416 corr.
1517 5363 1563 5412 A
1605 5377 1619 5412 :
1656 5359 1882 5429 λοιμοῦς
1907 5379 1968 5425 ς.

1543 5165 1622 5200 τοι
1646 5147 1756 5201 τῶν
1799 5148 2137 5215 Ἐφταλιτῶν
2164 5151 2231 5204 Α.

1361 5237 1422 5285 ς,
1464 5217 1716 5291 Labwa
1752 5217 2042 5286 Ἀϐασγῶν
2072 5220 2156 5273 vel
2207 5221 2477 5289 Ἀϐάρων.
2561 5225 2581 5254 ⁸
2616 5224 2861 5291 Ταύγαςο

1993 5291 2034 5321 “
2069 5291 2167 5361 καὶ
2209 5292 2276 5343 τὰ
2311 5294 2441 5361 περὶ
2480 5293 2578 5347 Λ.’

2048 5360 2435 5432 ¹⁶δωρήμασιν
2469 5363 2735 5435 Scaliger.
2778 5360 2788 5366 ⁷
2817 5365 2858 5397 ¹⁷
2884 5365 3187 5436 Δριξίπερα
3209 5383 3270 5429 ς.
3300 5365 3380 5419 sic
3413 5364 3650 5417 etinl't'a.

2334 5150 2356 5182 ⁸
2386 5150 2481 5203 καὶ
2503 5151 2779 5231 δουλέλσας
2812 5155 2873 5207 τὸ
2911 5152 3063 5231 ἔθνος
3106 5151 3149 5206 Α
3189 5170 3207 5231 _:
3267 5154 3328 5206 τὸ
3356 5153 3505 5231 ἔθνος
3530 5149 3758 5231 ἐδουλιώς

2941 5226 2958 5255 ⁷
3000 5201 3210 5293 Ννουκρὶ
3232 5241 3316 5276 στ.
3385 5224 3405 5252 ⁸
3437 5201 3599 5275 Χϐυνὶ
3627 5201 3759 5273 τῶν]

2647 5296 2690 5324 ¹²
2721 5297 2826 5366 τῆς
2863 5297 2903 5348 Α
2940 5314 2953 5350 :
2987 5294 3080 5366 τοῦ
3117 5292 3176 5358 ς.
3285 5294 3340 5366 ’δέ
3365 5292 3664 5366 Γουνδο-ύης
3696 5307 3756 5355 ς·-

1985 5453 2219 5512 NOTAE.

537 5543 648 5616 (2⁷
674 5546 693 5616 )
717 5545 1009 5614 Nicephor.
1037 5546 1132 5599 lib.
1172 5563 1329 5612 xvm,
1363 5563 1485 5616 eap.
1525 5548 1628 5601 50."

563 5615 778 5684 28)οθ
805 5619 1063 5671 bisetiam
1106 5633 1265 5686 supra
1295 5622 1346 5671 in
1373 5615 1700 5684 Theophane
1753 5615 2041 5686 Byzantio,

451 5695 506 5742 et
537 5685 764 5756 I’rocop.
796 5687 889 5741 lib.
921 5703 997 5751 IV,
1031 5698 1084 5739 et
1119 5685 1411 5755 Nicephnr.
1465 5688 1502 5739 Ι.
1536 5703 1690 5754 xvm,
1719 5702 1842 5756 cap.
1873 5688 1963 5741 50.

527 5755 637 5826 (29
662 5757 678 5824 )
711 5757 822 5826 Τῆς
855 5758 1116 5826 μετὰξης.
1135 5758 1388 5821 Μέταξαν
1404 5759 1638 5811 sericum
1662 5755 2042 5812 esse’crudum

459 5828 692 5898 nondum
716 5825 877 5880 lotum
895 5867 909 5890 ,
937 5843 1114 5895 neque
1135 5828 1388 5894 tinctum,
1415 5828 1506 5881 sed
1528 5828 1796 5898 αὐτοφυὲς
1819 5846 1831 5881 :
1853 5844 1918 5881 ex
1941 5845 2046 5897 qua

457 5895 783 5953 vestimenta
811 5899 982 5954 serica
1038 5897 1398 5954 conliciantur
1429 5900 1627 5954 docent
1653 5895 2046 5969 lexicographi.

2156 5546 2294 5602 Vide
2325 5547 2549 5604 Suidam
2591 5566 2720 5604 voce
2747 5549 2921 5620 Σῆρες
2951 5559 3003 5604 et
3029 5551 3260 5621 Συρική.

2222 5621 2359 5691 (50')
2387 5621 2610 5690 Niceph.
2637 5623 2730 5676 lib.
2759 5635 2917 5685 xvul,
2950 5637 3071 5690 cap.
3096 5621 3181 5676 15.

2224 5690 2327 5760 (τι
2357 5692 2374 5759 )
2407 5691 2543 5748 una.

2225 5759 2244 5828 (7
2263 5761 2367 5834 ϐξ.)
2401 5761 2528 5834 Yide
2553 5777 2670 5831 qum
2697 5761 3002 5816 notavimus
3027 5777 3146 5832 sup.
3169 5761 3296 5834 Aad,(i
3315 5761 3470 5834 hujus
3493 5759 3760 5819 auctoris.

2226 5833 2373 5902 (55)
2405 5830 2630 5904 Niceph.
2669 5834 2764 5889 lib.
2793 5848 2944 5904 xvnt,
2974 5830 3209 5903 cap—“28.
