3926 6478
384 418 493 484 157

1505 428 2030 492 ΒῘΒΕῘΟΤΗΕΟΑ.
2071 459 2143 469 ·-
2180 436 2341 498 COD.
2379 441 2547 502 LXV.

3547 450 3658 514 158

381 538 548 604 ϐαροι
578 535 707 602 τοῖς
722 551 974 604 μακροτς
1004 541 1626 610 πλησιαςουσιτείχεσι.
1661 545 1773 598 Καὶ
1804 546 1854 596 οἱ
1873 546 1968 599 τοῦ

2084 550 2702 624 Bonstautin0politanos
2744 566 2918 609 terror
2953 555 3191 621 invasit,
3242 565 3301 609 ιιι
3354 556 3424 611 de
3459 555 3671 628 Europa

381 625 686 692 Βυζαντίου
719 628 811 680 ἐπὶ
837 627 1090 681 τοσοῦτον
1118 629 1330 683 ἔδεισαν
1351 672 1365 693 ,
1398 633 1474 695 ὡς
1521 635 1615 687 καὶ
1658 636 1976 690 καταλιπεῖν

380 719 661 792 Εὐρώπην
693 722 786 772 καὶ
815 721 953 790 πρὸς
986 722 1082 792 τὴν
1106 722 1294 776 Ἀσίαν
1325 726 1699 796 περαιωθῆναι
1729 729 1974 798 διεμελέ-

378 829 584 881 τησαν.
615 812 985 882 Πρεσϐεύεται
1021 814 1065 866 δ’
1094 815 1188 869 οὖν
1215 817 1362 886 ὅμως
1392 820 1419 869 ὁ
1451 818 1702 886 βασιλεὺς
1727 820 1864 890 πρὸς
1883 821 1973 874 τὸν

381 906 641 973 Χάγανον
686 906 750 958 δι’
777 907 1148 976 Ἀρμάτωνος,
1185 911 1280 962 καὶ
1322 910 1516 981 δώροις
1565 911 1837 982 λαμπροῖς
1880 915 1973 966 καὶ

391 1001 734 1072 προσθήκαις
761 1000 969 1068 χρυσοῦ
1003 1001 1254 1069 χιλιάδων
1282 1003 1455 1055 εἴκοσι
1484 1005 1660 1057 πείθει
1691 1007 1844 1074 μόλις
1874 1008 1972 1073 τὴν

398 1094 629 1163 εἰρήνην
657 1093 924 1159 δέξασθαι,
957 1093 1206 1162 λέγοντα⁸
1227 1095 1427 1162 Κρίναι
1462 1099 1489 1149 ὁ
1517 1095 1649 1159 Θεὸς
1679 1099 1779 1150 ἀνὰ
1811 1100 1973 1165 μέσον

401 1186 649 1253 Χαγάνου
675 1187 766 1238 καὶ
795 1187 1107 1257 Μαυρικίου
1137 1187 1229 1240 καὶ
1255 1190 1358 1241 ἀνὰ
1387 1189 1855 1259 μέσονῬωμαίων
1879 1193 1972 1245 καὶ

403 1279 638 1350 Ἀϐάρων
662 1280 724 1333 η,
756 1281 892 1348 Περὶ
921 1282 1030 1334 τῶν
1061 1282 1337 1350 φανέντων
1372 1283 1854 1354 ἀνθρωπομόρφων
1882 1303 1972 1338 τε-

395 1372 572 1440 ράτων
594 1374 654 1424 ὲν
678 1375 790 1435 τοῖς
811 1372 1073 1444 Νειλῷοις
1107 1374 1282 1440 ὕδασι,
1316 1376 1408 1429 καὶ
1443 1379 1572 1448 περὶ
1604 1379 1704 1448 τῆς
1729 1380 1823 1432 τοῦ
1843 1380 1971 1432 Νεί-

383 1461 476 1514 λου
527 1463 848 1528 ἀναϐάσεως
891 1466 1039 1530 δόξαι
1090 1467 1355 1538 διάφοροι.
1393 1469 1451 1521 '0
1501 1470 1557 1522 δὲ
1612 1473 1971 1540 συγγραφεὺς

377 1555 784 1628 Ἀγαθαρχίδου
807 1561 848 1592 ¹⁹
877 1558 969 1612 τοῦ
1005 1560 1223 1612 Κνιδίου
1253 1560 1344 1632 [47
1368 1561 1458 1632 IL]
1491 1566 1556 1632 τῇ
1597 1562 1721 1633 δόξῃ
1747 1564 1970 1632 προστί-

374 1647 537 1702 θεῖαι
563 1667 577 1680 ·
603 1669 678 1721 φη
689 1652 738 1704 σὶ
760 1653 813 1705 δὲ
838 1647 994 1713 οὗτος
1018 1654 1100 1706 ἀν’
1116 1654 1160 1685 ²⁰
1190 1653 1307 1717 ἔτος
1329 1655 1560 1709 ἕκαστον
1599 1657 1655 1708 ὲν
1693 1659 1804 1719 τοῖς
1828 1656 1971 1710 κατὰ

371 1740 479 1809 τὴν
511 1743 802 1795 Αἰθιοπίαν
833 1744 1104 1812 μεγάλους
1146 1747 1240 1798 καὶ
1290 1749 1531 1816 συνεχεῖς
1581 1748 1826 1815 γίνεσθαι
1872 1750 1972 1818 δμ-

373 1833 551 1900 ερους
581 1836 692 1888 ἀπὸ
727 1837 956 1905 Θερινῶν
984 1838 1204 1907 τροπῶν
1237 1839 1398 1909 μέχρι
1427 1840 1528 1910 τῆς
1556 1843 1846 1914 ἰσημερίας
1869 1843 1969 1912 τῆς

2085 645 2378 700 deserenda
2406 685 2422 709 ,
2449 657 2502 701 et
2533 649 2585 702 in
2616 649 2798 702 Asiam
2826 650 3245 703 transmittendo
3273 651 3668 709 deliberarent.

2085 735 2432 803 Legationem
2464 740 2647 808 itaque
2679 741 2952 808 extemplo
2982 742 3279 810 imperator
3313 757 3406 811 per
3440 742 3670 798 Harma-

2085 837 2262 880 touam
2287 829 2353 883 ad
2381 829 2694 898 Cbaganum
2723 833 3038 884 mittendam
3067 833 3306 894 censuit,
3343 832 3670 900 Splendidis-

2083 924 2187 987 que
2221 921 2551 985 muneribus,
2582 931 2635 974 et
2678 924 2866 993 viginti
2899 923 3127 976 millium
3146 925 3260 977 auri
3291 927 3464 992 pondo
3485 943 3668 981 acces-

2081 1012 2234 1064 sione
2260 1052 2273 1073 ,
2305 1027 2486 1079 pacem
2515 1029 2654 1082 :egre
2690 1015 2914 1068 redemit
2953 1033 2966 1068 :
2995 1015 3208 1068 dicente
3240 1016 3328 1068 illo
3359 1033 3372 1068 :
3410 1035 3426 1066 ι
3457 1014 3671 1069 Judicet

2085 1098 2226 1151 Deus
2260 1097 2572 1167 Cbaganum
2619 1100 2759 1153 inter
2787 1110 2839 1154 et
2881 1100 3212 1166 Mauritium,
3261 1118 3510 1156 romanos
3542 1104 3669 1155 item

2082 1189 2224 1243 inter
2253 1189 2394 1259 32a
2425 1205 2487 1244 ac
2522 1189 2844 1246 Barbarus.»
2887 1193 2958 1245 De
2993 1195 3246 1246 monstris
3271 1195 3400 1262 (55‘)
3438 1196 3668 1247 humana

2083 1283 2252 1334 l'orma
2288 1285 2338 1335 in
2376 1281 2491 1336 Nilo
2519 1281 2741 1337 ilutninc
2783 1286 2912 1338 visis
2940 1324 2955 1348 ,
2989 1286 3162 1352 deque
3195 1283 3300 1339 Nili
3332 1287 3671 1340 incremento

2081 1385 2241 1446 atque
2268 1380 2518 1434 eluvione
2554 1379 2714 1432 variae
2744 1381 3224 1448 discrepantesque
3250 1381 3552 1434 sententiae.
3575 1381 3672 1433 llic

2081 1485 2208 1524 vero
2259 1471 2492 1539 scriptor
2527 1469 2901 1538 Agatharcidm
2941 1469 3136 1523 Gnidio
3176 1472 3667 1542 asseutitur(54).

2081 1561 2383 1627 Quotannis
2415 1561 2558 1614 cnim
2604 1561 2690 1613 ille
2722 1562 2795 1614 ait
2841 1561 2894 1613 in
2929 1560 3222 1630 Ethiopia:
3262 1562 3396 1616 locis
3437 1579 3661 1633 magnos

2081 1653 2532 1721 continentesque
2567 1653 2691 1706 eteli
2728 1653 2928 1706 imbres
2955 1653 3202 1706 decidere
3249 1655 3316 1705 ab
3345 1655 3530 1708 testivo
3561 1654 3673 1708 sol-

2079 1748 2227 1801 sdtio
2246 1787 2261 1812 ,
2292 1749 2357 1799 ad
2376 1763 2544 1815 usque
2559 1746 2800 1798 autumni
2830 1743 3235 1812 mquinoctium.
3262 1743 3376 1798 Non
3403 1745 3520 1798 sine
3539 1760 3671 1798 cau-

2078 1853 2134 1892 sa
2167 1840 2348 1908 itaque
2379 1841 2658 1909 augustius
2691 1839 2868 1892 hieme
2915 1837 3092 1891 Nilum
3123 1835 3290 1890 ﬂuere
3315 1876 3328 1900 ,
3364 1837 3505 1906 quod
3545 1851 3672 1888 suas

371 1926 436 1977 ὲν
471 1926 555 1995 τῷ
606 1928 908 1998 μετοπώρῳ
957 1929 1249 2000 γινομένης
1305 1931 1426 1983 καθ’
1448 1931 1684 1985 ’έκαστα’
1735 1933 1972 2001 εὐλόγως

2084 1933 2336 1985 duntaxat
2363 1948 2393 1986 e
2422 1931 2657 1984 fontibus
2682 1940 2869 1998 suapte
2884 1941 3077 1982 natura
3104 1940 3257 1982 natas
3274 1929 3435 1981 vehat
3460 1929 3669 1993 nudas;

369 2015 476 2072 οὖν
498 2020 592 2071 τὶν
620 2021 811 2073 Νεῖλον
834 2024 890 2072 ὲν
923 2022 1024 2089 μὲν
1046 2022 1123 2090 τῷ
1150 2021 1378 2092 χειμῶνι
1403 2024 1810 2086 συστέλλεσθαι,
1830 2026 1970 2080 κατὰ

2084 2032 2366 2091 Ιιὶἓδιίὶιθ,
2399 2026 2810 2079 decurrentibus
2847 2024 2899 2077 iu
2931 2020 3112 2075 Nilum
3136 2037 3204 2075 ex
3242 2019 3521 2091 [Etltiopia
3567 2019 3674 2072 im"

372 2112 549 2180 φύσιν
596 2111 786 2182 ἔχοντα
824 2113 978 2182 ρύσιν
1025 2113 1132 2164 ἀπὸ
1180 2113 1354 2182 μόνων
1383 2113 1489 2166 τῶν
1524 2115 1714 2167 ἑαυτοῦ
1754 2116 1968 2185 πηγῶν,

371 2204 528 2254 κατὰ
576 2201 632 2253 δὲ
677 2202 740 2253 τὸ
773 2200 930 2271 θέρος
977 2201 1064 2254 διὰ
1106 2204 1231 2265 τοὺς
1265 2204 1476 2256 ἐκεῖθεν
1505 2206 1860 2275 ἐκχεομένους
1893 2207 1972 2268 είς

373 2293 548 2346 αύτδν
578 2294 821 2363 ὄμϐρους
851 2294 1152 2363 λαμϐάνειν
1182 2293 1277 2364 τὴν
1308 2293 1554 2364 αὔξησιν.
1592 2296 1780 2350 Ταῦτα
1810 2297 1909 2367 μὲν
1927 2301 1970 2330 ²¹

373 2387 480 2438 καὶ
504 2388 535 2439 ὁ
561 2386 813 2455 ἕϐδομος.

469 2479 528 2532 '0
561 2480 619 2532 δὲ
658 2479 844 2548 ὄγδοος
891 2479 1048 2547 λόγος
1092 2480 1447 2550 διαλαμϐάνει
1485 2483 1634 2546 ὅπως
1666 2486 1693 2537 ὁ
1722 2483 1973 2554 Χοσρόης

373 2568 472 2622 διὰ
505 2569 607 2632 τὰς
638 2570 939 2640 ἐπιδρομὰς
989 2570 1099 2622 τῶν
1149 2572 1482 2642 Σαρακηνῶν
1526 2574 1634 2626 τῶν
1689 2575 1790 2626 ὑπὸ
1835 2575 1974 2627 Ῥω-

380 2661 577 2730 μαίοις
618 2662 965 2731 ταττομένων
1002 2662 1157 2716 λῦσαι
1209 2663 1308 2726 τὰς
1354 2663 1587 2728 σπονδὰς
1633 2665 1972 2736 ἐνεχείρησε,

377 2755 425 2806 Γ
427 2755 664 2824 εωργίου
693 2754 749 2807 δὲ
783 2755 919 2825 πρὸς
950 2756 1112 2808 αὐτὸν
1138 2755 1424 2820 σταλέντος
1454 2759 1508 2809 αἱ
1546 2758 1772 2810 σπονδαὶ
1808 2776 1978 2828 μεμε-

378 2847 589 2912 νήκασι
609 2863 627 2879 ο
656 2847 751 2900 καὶ
789 2847 1060 2918 Γεὼργιος
1089 2850 1416 2919 ἁτιμάζειαι
1449 2850 1525 2914 ὡς
1551 2851 1799 2914 εἰπόντος
1838 2853 1980 2906 Χοσ-

381 2940 517 3012 ρόου
560 2941 648 2995 διὰ
683 2941 957 3013 Γεώργιον
1001 2943 1230 3006 ἀλύτους
1246 2946 1291 2976 ²¹
1338 2947 1526 3016 τηρεῖν
1571 2945 1668 3008 τὰς
1725 2945 1976 3012 σπονδὰς,

379 3032 506 3084 ἀλλ’
537 3032 596 3083 οὐ
626 3032 714 3085 διὰ
741 3034 831 3086 τὸν
867 3034 1094 3103 βασιλέα
1128 3036 1653 3106 Μαυρίκιον.”οπως
1677 3055 1736 3090 τε
1764 3040 1980 3107 Κομεν-

377 3123 568 3184 τίολος
597 3125 887 3194 προδοσίας
915 3127 1180 3195 κρίνεται,
1212 3129 1308 3182 καὶ
1352 3129 1644 3196 διαλλαγαὶ
1692 3130 1799 3184 τῶν
1842 3131 1978 3183 Ῥω-

383 3215 611 3284 μαϊκῶν
646 3220 1068 3288 στρατευμάτων
1119 3220 1257 3289 πρὸς
1299 3220 1481 3287 αὐτὸν,
1511 3223 1604 3275 καὶ
1643 3223 1792 3285 ὅπως
1821 3219 1977 3288 αὖθις

381 3305 500 3357 ὑπὸ
553 3304 645 3358 τοῦ
693 3307 1094 3380 αὐτοκράτορος
1131 3310 1437 3381 στρατηγὸς
1473 3311 1774 3366 στέλλεται.
1812 3312 1977 3383 Μάχη

392 3395 686 3466 Ῥωμαίων
704 3400 799 3451 καὶ
817 3400 1087 3470 Ἀϐάρων,
1106 3402 1540 3472 στρατηγοῦντος
1561 3403 1804 3471 Πρίσκου
1826 3405 1920 3456 καὶ
1935 3404 1980 3434 ⁸³

380 3490 778 3560 Κομεντιόλου,
809 3493 905 3545 καὶ
936 3492 1294 3561 Κομεντιόλου
1336 3493 1434 3564 μὲν
1462 3494 1750 3565 ἀπομάχου
1784 3495 1874 3548 διά
1899 3512 1980 3547 τι-

379 3599 492 3647 νας
525 3586 914 3654 προσποιήσεις
944 3584 1096 3649 ὄντος
1116 3624 1131 3648 ,
1170 3586 1410 3656 Πρίσκου
1436 3586 1492 3638 δὲ
1522 3586 1601 3658 τῷ
1632 3587 1981 3658 στρατοπέδῳ

385 3678 664 3748 παρόντος
693 3679 968 3748 Ἀριστεία
985 3679 1272 3749 Ῥωμαίων
1289 3683 1386 3734 καὶ
1409 3681 1688 3751 ἀναίρεσις
1699 3680 1806 3734 τῶν
1822 3681 1984 3734 Ἀϐά-

388 3788 509 3841 ρων
555 3771 716 3842 μέχρι
761 3773 1042 3842 τεσσάρων
1078 3772 1353 3842 χιλιάδων.
1389 3775 1632 3843 Δευτέρα
1673 3775 1818 3844 μάχη
1840 3815 1854 3838 ,
1886 3773 1982 3827 καὶ

384 3865 675 3934 ἀναίρεσις
726 3865 835 3917 τῶν
879 3865 1060 3918 αὐτῶν
1114 3865 1241 3936 ἄχρι
1286 3865 1541 3936 χιλιάδων
1593 3865 1768 3919 ἐννέα.
1811 3866 1981 3937 Τρίτη

391 3959 570 4026 μάχη,
597 3957 691 4010 καὶ
712 3957 791 4010 ἔτι
810 3957 919 4009 τῶν
941 3958 1120 4011 αὐτῶν
1143 3958 1371 4030 ὖλεθρος
1397 3958 1560 4028 μέχρι
1583 3958 1981 4011 πεντεκαίδεκα

387 4046 670 4115 χιλιάδων.
703 4048 952 4118 Τετάρτη
992 4050 1163 4119 μάχη,
1195 4048 1290 4101 καὶ
1335 4047 1460 4119 νίκη
1495 4049 1659 4101 πάλιν
1694 4048 1981 4117 Ῥωμαίων

387 4141 648 4211 λαμπρὰ,
680 4141 773 4194 καὶ
811 4141 1090 4212 ἀναίρεσις
1122 4141 1368 4213 Ἀϐάρων
1385 4144 1430 4173 υ
1471 4143 1589 4212 ἅμα
1634 4143 1673 4194 Γ
1677 4141 1918 4212 ηπαίδων
1935 4143 1983 4174 ³⁵

390 4231 653 4302 χιλιάδων
692 4232 1010 4301 τριάκοντα.
1046 4234 1277 4304 Πέμπτη
1325 4235 1497 4304 μάχη,
1549 4231 1644 4286 καὶ
1693 4233 1814 4304 νίκη
1852 4234 1983 4286 Ῥω-

389 4323 596 4391 μαίων,
627 4326 720 4376 καὶ
747 4323 1028 4392 ἀναίρεσις
1061 4325 1310 4396 Ἀϐάρων
1329 4366 1344 4390 ,
1381 4327 1474 4378 καὶ
1508 4324 1711 4388 ἅλωσις
1740 4324 1847 4378 τῶν
1881 4325 1979 4396 μὲν

384 4416 788 4487 ζωγρηθέντων
821 4418 1068 4489 Ἀϐάρων
1109 4419 1442 4490 τρισχιλίων,
1473 4420 1649 4483 ἄλλων
1675 4420 1732 4472 δὲ
1776 4419 1982 4490 βαρϐά-

385 4526 505 4578 ρων
534 4510 1004 4578 τετρακισχιλίων,
1035 4511 1126 4563 καὶ
1161 4511 1363 4578 ἐτέρων
1392 4511 1671 4580 δισχιλίων
1720 4511 1815 4562 καὶ
1858 4510 1976 4562 δια-

2073 2117 2286 2184 bribus,
2307 2133 2559 2172 crescere
2579 2117 2804 2169 nimium
2824 2125 3086 2186 quantum
3107 2155 3144 2180 ,,
3161 2121 3322 2183 atque
3363 2111 3576 2180 augeri.
3603 2109 3669 2163 Et

2075 2213 2190 2267 btec
2220 2212 2438 2281 quidem
2468 2210 2606 2264 libro
2627 2209 2882 2277 septimo.

2147 2485 2382 2541 Octavus
2403 2486 2517 2538 [me
2539 2483 2648 2536 fere
2664 2480 3060 2550 complectitur:
3079 2477 3353 2532 Cbosroen
3374 2470 3671 2526 obillorum

2080 2574 2475 2629 Saracenorum
2525 2571 2637 2641 (55)
2667 2613 2681 2636 ,
2713 2572 2802 2638 qui
2850 2565 3112 2622 Romanis
3147 2565 3446 2632 parebant,
3485 2560 3675 2613 incur-

2079 2667 2289 2727 siones,
2323 2677 2574 2730 rumpere
2624 2660 2870 2714 inducias
2909 2667 3189 2720 conatum,
3223 2652 3440 2719 Georgii
3491 2661 3672 2703 tamen

2081 2757 2348 2825 legatione
2368 2768 2708 2821 persuasum,
2741 2750 2916 2805 fmdus
2944 2759 3148 2803 sartum
3175 2757 3374 2799 tectum
3404 2758 3670 2807 servasse;

2089 2847 2383 2916 Georgium
2412 2844 2523 2917 (56)
2552 2859 2679 2898 vero
2703 2843 2934 2897 Caesaris
2957 2841 3382 2909 indignationem
3412 2836 3675 2889 incurris-

2080 2954 2140 2994 se
2161 2979 2175 3002 ,
2206 2938 2348 3007 quod
2371 2937 2636 2991 Cbosroes
2675 2935 2903 2988 dixisset
2954 2947 3034 2996 se,
3081 2930 3296 2998 Georgii
3330 2927 3671 2997 potissimum

2079 3031 2250 3099 gratia
2283 3070 2298 3093 ,
2336 3044 2441 3082 non
2480 3029 2823 3098 imperatoris
2854 3025 3095 3078 Mauricii
3128 3036 3292 3077 causa
3313 3060 3328 3085 ,
3356 3029 3526 3073 ratam
3565 3033 3665 3086 pa-

2085 3141 2202 3181 cem
2234 3122 2452 3188 fecisse,
2482 3132 2540 3174 ut
2569 3117 2935 3175 Comentiolus
2965 3115 3284 3184 proditionis
3319 3127 3440 3166 reus
3481 3120 3668 3174 actus,

2085 3235 2208 3273 mox
2243 3215 2608 3270 Romanorum
2641 3211 2740 3265 sibi
2781 3210 3011 3263 militum
3044 3209 3274 3268 animos,
3321 3202 3668 3266 conciliarit;

2084 3325 2247 3383 atque
2258 3327 2375 3366 eam
2405 3309 2474 3364 ob
2493 3322 2606 3360 rem
2623 3308 2729 3359 dux
2755 3305 2949 3360 iterum
2964 3301 3238 3358 exercitus
3257 3300 3324 3354 ab
3344 3300 3673 3367 imperatore

2085 3413 2297 3460 creatus
2331 3404 2422 3458 sit.
2474 3400 2841 3454 Romanorum
2891 3413 3068 3466 pugna
3123 3402 3586 3450 commemoratur
3619 3397 3676 3442 et

2081 3496 2407 3559 Abarorum,
2430 3493 2616 3548 Prisco
2637 3489 3040 3545 etComentiolo
3056 3487 3283 3541 ducibus
3300 3504 3313 3540 :
3330 3483 3675 3539 Comentiolo

2085 3596 2264 3641 tamen
2288 3585 2474 3638 nescio
2497 3583 2624 3651 quid
2665 3590 2921 3635 causante
2944 3619 2959 3642 ,
2992 3589 3046 3633 et
3079 3594 3107 3631 a
3141 3591 3313 3647 pugna
3345 3575 3668 3636 abstinente,

2083 3679 2409 3736 Priscovero
2427 3676 2614 3745 copias
2632 3676 2883 3728 ducente.
2906 3671 3129 3725 Militum
3165 3668 3534 3723 Romanorum
3567 3665 3674 3721 for-

2107 3775 2302 3836 titudo,
2322 3781 2373 3826 et
2393 3771 2694 3825 Abarorum
2715 3768 2888 3821 caedes
2906 3774 3141 3835 quatuor
3157 3759 3669 3816 millium.Pr:elium

2085 3869 2214 3922 item
2239 3863 2500 3929 alterum,
2529 3861 2954 3927 eormndemque
2978 3857 3284 3911 Abarorum
3318 3851 3542 3906 millium
3570 3866 3670 3903 no-

2082 3972 2203 4011 vem
2244 3965 2474 4023 strages.
2512 3951 2694 4007 Tertia
2729 3964 2908 4018 pugna
2938 3963 3060 4002 cum
3095 3944 3408 4016 quindecim
3443 3941 3669 3994 millium

2083 4050 2236 4105 clade
2264 4048 2589 4101 Abarorum.
2625 4043 2899 4108 Quartum
2928 4054 3115 4094 rursus
3143 4037 3386 4106 pratlium
3407 4033 3669 4088 illustrem

2083 4141 2346 4198 Romanis
2393 4138 2675 4194 victoriam
2724 4133 3043 4196 concessit,
3088 4130 3243 4184 caesis
3287 4128 3355 4182 ad
3423 4127 3672 4180 interne-

2082 4238 2294 4292 cionem
2323 4232 2624 4285 Abarorum
2652 4237 2705 4281 et
2736 4226 3036 4294 Geptedum
3081 4223 3189 4293 (57
3215 4226 3234 4291 )
3291 4221 3512 4290 triginta
3547 4217 3665 4270 mil-

2085 4330 2246 4384 libus.
2298 4324 2493 4392 Quinta
2546 4323 2597 4376 in
2659 4334 2835 4390 pugna
2893 4332 3058 4386 penes
3115 4315 3388 4367 Romanos
3443 4310 3669 4364 victoria

2082 4435 2296 4492 quoque
2323 4418 2472 4472 stetit
2506 4435 2520 4470 :
2557 4414 2682 4468 ειεςὶ
2707 4412 2962 4481 captique
2993 4409 3156 4461 Abari
3179 4448 3194 4472 ,
3221 4420 3286 4459 ac
3306 4404 3414 4456 vivi
3450 4402 3668 4472 quidem

2084 4517 2138 4570 in
2157 4522 2474 4584 potestatem
2499 4521 2697 4562 venere
2722 4506 2786 4558 ad
2823 4506 2926 4557 tria
2961 4501 3125 4555 millia
3151 4541 3168 4565 ,
3197 4508 3520 4553 caaterorum
3537 4495 3671 4548 Bar-

382 4602 611 4665 κοσίων,
643 4601 739 4655 καὶ
767 4601 1024 4672 Σαϐήνων
1042 4603 1087 4633 ²⁶
1115 4603 1367 4672 χιλιάδων
1394 4603 1538 4656 ὀκτώ
1558 4619 1572 4633 ·
1608 4602 1668 4667 ἐξ
1697 4595 1771 4656 ὧν
1800 4604 1826 4656 ὁ
1861 4604 1975 4655 Χα-

2084 4605 2336 4659 barormn
2366 4595 2878 4668 quatuor;aliorum
2905 4591 2970 4644 ad
3019 4591 3132 4644 lucc
3157 4589 3263 4642 duo
3304 4586 3468 4640 millia
3503 4595 3556 4638 et
3575 4586 3673 4637 du-

381 4693 559 4759 γάνος
582 4695 871 4763 ἀπατήσας
903 4694 995 4746 τὸν
1025 4694 1404 4765 αὐτοκράτορα
1434 4697 1558 4758 τοὺς
1589 4694 1978 4766 ζωγρηθέντας

396 4783 668 4854 Ἀϐάρους
715 4787 966 4840 ἀνέλαϐε.
998 4787 1134 4858 Περὶ
1167 4787 1266 4857 τῆς
1298 4789 1659 4858 Κομεντιόλου
1706 4789 1977 4858 μελαγχο-

379 4876 534 4940 λίας,
571 4878 667 4931 καὶ
693 4879 841 4944 ὅπως
869 4882 936 4950 τῇ
968 4879 1158 4932 τούτου
1187 4881 1415 4953 ἀϐουλίᾳ
1435 4882 1636 4952 πλῆθος
1663 4882 1972 4951 Ῥωμαίων,

381 4971 529 5038 πρὸς
544 4970 970 5026 Φιλιππούπολιν
999 4973 1330 5041 ἀπαίροντος
1348 4976 1411 5040 ’⁷,
1430 4975 1508 5044 τῷ
1526 4975 1682 5045 κρύει
1699 4973 1971 5028 διώλοντο.

394 5061 489 5126 Ὦς
520 5063 726 5134 Πέτρος
751 5063 906 5129 αὖθις
932 5065 1242 5137 στρατηγὸς
1285 5067 1384 5134 τῆς
1428 5065 1700 5137 Εὐρώπης
1747 5065 1850 5118 ὑπὸ
1874 5065 1971 5118 τοῦ

2083 4698 2321 4764 centi,et
2349 4695 2664 4750 Sclavorum
2699 4702 2822 4743 octo
2849 4687 3035 4741 millia.
3076 4685 3266 4740 Postea
3307 4692 3488 4738 tamen
3530 4680 3671 4736 Cha-

2082 4806 2290 4861 ganus,
2322 4788 2546 4854 decepto
2579 4783 2840 4837 Mauricio
2869 4783 3229 4848 imperatore,
3266 4777 3421 4829 vivos
3460 4775 3672 4827 Abaros

2080 4883 2306 4952 recepit.
2333 4880 2404 4934 De
2420 4877 2746 4934 Comentioli
2767 4873 3050 4946 praefracto
3069 4886 3301 4926 interore
3316 4868 3408 4940 (58
3431 4869 3480 4935 );
3505 4877 3672 4932 utque

2078 4974 2195 5044 ejus
2229 4973 2532 5028 temeritate
2563 4970 2932 5024 Romanorum
2973 4967 3172 5035 c0piaa,
3203 4979 3338 5032 quas
3375 4964 3438 5014 ad
3471 4960 3674 5029 Philip-

2083 5065 2314 5134 popolim
2334 5061 2601 5132 proﬁcisci
2623 5061 2862 5130 iubebat,
2880 5059 3078 5130 frigore
3094 5060 3201 5114 sint
3216 5073 3277 5112 ex
3287 5055 3516 5110 stinctaa.
3536 5051 3675 5119 Quo-

1711 5197 1952 5253 VARUE
1988 5192 2286 5250 LECTlON
2296 5192 2400 5248 ES.

465 5320 512 5351 "’
551 5319 798 5389 Ἀϐάρων
830 5321 902 5373 A:
939 5320 1233 5394 βαρϐάρων
1259 5341 1317 5387 ς.
1349 5324 1394 5356 ¹⁹
1440 5321 1839 5393 ’Δγαθαρχίδου
1866 5320 2158 5374 Scltoltus:
2186 5317 2306 5370 libri
2334 5313 2656 5384 ἁναρχίδου.

465 5391 568 5424 ιιῖπη
593 5391 997 5424 λΛεκιυηιιΙΙηΙη
1023 5393 1255 5424 nime..."
1283 5394 1371 5424 ειη
1427 5410 1438 5424 .
1492 5394 1545 5424 ιι
1657 5396 1698 5424 ιι
1727 5393 1826 5424 ..δη
1851 5387 1944 5424 ΛΞ..
1965 5390 2055 5424 νηῖ
2080 5407 2117 5424 ρ
2219 5389 2265 5419 η
2281 5385 2511 5424 autem...
2534 5385 2564 5424 Δ
2614 5403 2656 5422 -η

921 5405 997 5444 tto
1022 5393 1256 5447 Diodoro
1283 5394 1393 5450 Sic.
1427 5410 1462 5454 ι,
1487 5394 1576 5446 41.
1657 5396 1698 5424 ¹¹
1726 5393 1826 5461 μὲν
1851 5393 1944 5444 οὖν
1965 5393 2060 5442 καὶ
2080 5407 2140 5453 ς.
2219 5393 2265 5419 ¹²
2281 5393 2571 5447 ὰλύτουςΑ
2614 5403 2627 5438 :
2655 5393 2856 5442 αὐτοὺς
2885 5398 2946 5444 ς’.
3025 5393 3071 5409 ³ο
3093 5393 3316 5462 alterum
3341 5393 3435 5425 και
3454 5393 3671 5440 λομεν-

921 5461 969 5492 ¹⁴⁵
1011 5462 1366 5536 ἈϐἁρωνΑς
1404 5465 1778 5536 βαρϐάρωνς.
1844 5463 1891 5494 ³⁵
1921 5460 2175 5532 γηπέδων
2204 5457 2272 5513 Α.
2347 5457 2394 5489 ’⁸
2419 5456 2750 5527 Σιλαϐήνων
2811 5467 2921 5522 mg.
2979 5450 3026 5480 ’⁷
3057 5449 3384 5515 ἀπαιροντες
3440 5458 3672 5514 apogra-

385 5391 569 5443 derim
593 5391 775 5459 ὄρεσιν
793 5393 997 5444 collato
1022 5391 1256 5447 Diodoro
1283 5394 1393 5450 Sic.
1427 5410 1462 5454 ι,
1487 5394 1576 5446 41.

380 5462 572 5513 τιόλου
602 5462 725 5514 add.
758 5461 804 5512 Α

386 5533 562 5602 phum
616 5531 903 5602 Stephani.

2759 5310 2804 5342 ²⁰
2833 5307 2940 5362 ἀνὰ
2971 5325 3030 5371 ς.
3056 5315 3178 5374 post
3199 5301 3486 5357 Αἰθιοπίαν
3515 5299 3671 5354 addi-

2219 5389 2265 5419 “
2281 5375 2571 5447 ἀλύτουξΑ
2614 5403 2627 5438 :
2655 5381 2856 5442 αὐτοὺς
2885 5398 2946 5444 ς’.
3025 5378 3071 5409 ³³
3093 5377 3316 5447 alterum
3341 5375 3435 5425 καὶ
3454 5375 3671 5440 Κομεν-

1913 5622 2146 5680 ΝΟΤΑΕ.

464 5697 632 5767 (35‘)
658 5698 880 5767 Niceph.
921 5698 1018 5755 lib.
1046 5715 1217 5764 xvnt,
1252 5714 1300 5755 c.
1332 5697 1423 5753 26.
1463 5698 1537 5753 De
1570 5696 1692 5753 Nilo
1727 5698 1849 5752 vide
1878 5696 1980 5753 Hc-

391 5771 644 5824 rodotum
691 5779 745 5822 et
770 5769 982 5825 Melam.

471 5844 488 5906 ί
511 5839 612 5906 ’54)
639 5838 725 5893 Al.
752 5839 1094 5894 Anar‘chidm.

466 5908 574 5978 (35
596 5916 617 5981 )
641 5909 878 5981 Duplicis
897 5913 1113 5981 generis
1140 5910 1443 5969 Saracenos
1461 5911 1596 5969 alios
1618 5910 1803 5967 Persis
1824 5949 1841 5979 ,
1863 5909 1976 5967 Ro-

2089 5693 2268 5749 manis
2296 5691 2434 5747 alios
2467 5690 2686 5760 iunctos
2718 5685 2950 5741 didicisti
2974 5682 3301 5760 ex_[’rocop.
3335 5692 3524 5750 supra.

2159 5764 2273 5833 (⁸56)
2305 5755 2532 5834 Νξορρῖι.
2563 5761 2656 5814 lib.
2689 5773 2849 5834 xviri,
2877 5755 3125 5834 cap.'37.
3178 5823 3189 5834 .

2157 5818 2302 5904 (‘57,)
2333 5818 2465 5886 Vide
2485 5840 2710 5904 snp.au
2737 5829 2770 5881 6
2801 5818 2962 5894 hujus
2988 5823 3245 5904 auctoris.

2160 5894 2309 5978 (38')
2335 5894 2672 5974 Nicephilib.
2696 5913 2853 5964 xvm,
2878 5913 2998 5967 cap.
3030 5894 3120 5949 5'1.
