1963 3216
217 200 269 235 159

811 200 946 229 ΡΗΟΤΙΙ
966 201 1220 230 ΡΑΤΚιΑιίΕιὲΕ
1241 202 1295 232 CP.

1799 204 1847 235 160

218 258 298 286 modo
327 257 425 284 Petrus
452 256 551 283 iterum
567 256 630 283 betn
645 264 698 283 nux
716 258 797 284 totius
825 257 957 291 Europae,
976 258 1008 284 ab

1068 258 1262 293 ιύτοκράτορος
1279 257 1492 293 προχειρίζεται.
1507 257 1574 292 Περί
1588 266 1617 284 τε
1630 258 1675 284 τοῦ
1688 259 1778 293 γάμου
1791 261 1848 296 [τοῦ

218 306 381 339 imperatore
395 309 504 331 creatus
520 304 566 330 sit.
593 303 663 338 32b
676 304 714 331 De
741 304 842 338 nuptiis
862 304 1008 332 Theodosii

216 351 265 377 filii
281 350 401 377 Mauricii
415 349 460 384 (59
471 349 481 384 )
492 370 499 381 ,
516 355 543 376 et
556 349 617 376 filia:
630 349 768 377 Germani.
789 349 889 377 Urbem
906 350 1008 384 regiam

219 397 287 423 fame
301 404 332 423 ea
343 400 502 430 tempestate
515 395 654 422 laborasse
667 403 674 427 ;
685 403 834 430 precesque
847 396 873 422 in
888 396 1008 422 Ecclesia

219 442 346 469 fundente
358 442 489 469 Mauricio
500 460 509 473 ,
525 441 629 476 plebem
651 448 713 469 esse
736 442 925 469 tumttltnatam
940 442 1008 476 (40).

192 496 194 498 ·
218 487 256 514 De
266 488 538 522 ejusmansuetttdine
545 495 576 515 ac
591 487 712 518 lenitate.
722 487 892 521 milittttnque
904 488 1012 522 ablega-

220 534 309 565 tione;
324 539 407 568 utque
421 535 515 561 eodetn
530 535 583 561 sint
597 535 640 561 die
652 533 897 561 revoeatiJ‘etrum
916 535 950 561 ab
960 534 1011 561 Au-

218 583 298 612 gusto
315 579 426 606 missum
440 599 447 611 ,
461 585 490 606 ttt
505 579 578 606 ontni
599 587 650 613 ope
663 583 745 613 atque
765 587 846 613 opere
865 579 1012 607 Thracicas

218 627 312 660 copias
335 628 367 653 ad
393 627 543 661 oppesitam
573 627 633 654 lstri
650 627 735 660 ripam
764 627 909 654 distineret
930 627 1008 663 (4|);

220 673 308 707 deque
331 673 459 699 divinitus
481 672 591 700 Petrntn
620 673 774 707 appellante
792 680 867 700 voce.
898 672 1010 699 Tumul-

222 723 341 744 tttantem
361 727 466 745 rursum
484 719 507 745 in
539 719 636 746 castris
654 720 849 752 Romanorum,
868 724 896 747 et
918 724 1011 747 contra

223 763 381 791 Manricium
394 764 477 791 factio
492 765 628 797 instituta,
643 765 729 792 electo
743 766 925 793 ab‘incondita
942 766 1012 792 mul-

223 810 336 837 titudine
364 810 453 837 Phoca
474 810 541 845 (42).
563 812 662 838 Petrus
684 811 745 846 fuga
766 812 875 839 interim
897 812 1012 838 salutem

222 857 328 889 quaerit,
342 861 368 883 et
382 857 523 884 seditionis
535 859 567 884 ad
581 858 770 891 imperatorem
781 866 873 885 rumor
883 859 1012 885 defertur.

221 901 303 929 Plebs
326 908 415 930 autem
432 911 446 929 a
462 903 558 937 Sergio
579 909 660 938 atque
675 904 773 931 Cosma
797 905 913 931 tribunis
928 904 1013 938 plebis

221 948 339 981 pritnutn
355 948 479 981 incitata,
500 949 579 976 novis
606 950 715 975 sanere
736 950 816 976 rebus
841 949 953 983 incipit;
970 957 1013 976 re-

221 993 345 1027 pertique
369 994 545 1021 Prasinorutn
572 994 607 1021 Μ.
626 994 657 1021 ι).
673 993 846 1026 ,Venetorum
865 1002 930 1022 vero
957 1001 1012 1022 tre-

221 1039 295 1066 cettti
321 1040 462 1066 duntaxat.
486 1040 554 1067 llinc
577 1041 689 1075 plebeiis
720 1042 845 1068 donativa
867 1041 1014 1069 Mauricius

223 1085 347 1119 praebuit.
368 1085 497 1120 Sequitur
508 1088 541 1113 ad
565 1087 758 1114 tumultuantes
774 1087 872 1114 milites
893 1088 1014 1122 ejusdem

225 1132 332 1166 legatio,
347 1137 373 1160 et
392 1133 537 1168 legationis
553 1134 679 1167 repulsa;
702 1139 785 1168 utqtte
805 1134 907 1166 regiam
921 1136 1014 1161 urbent

224 1178 350 1211 praesidio
369 1179 507 1206 munierit.
533 1179 676 1206 Exercitus
692 1180 725 1206 ad
741 1179 923 1207 Theodosium
941 1180 1015 1207 Matt<

223 1224 282 1251 ricii
303 1224 335 1251 F.
353 1224 462 1260 legatio,
481 1225 577 1259 ipsum,
599 1231 645 1252 attt
665 1234 787 1253 socerum
815 1227 888 1254 illitis
912 1235 1017 1262 germa-

224 1277 287 1296 num
313 1270 370 1296 dari
399 1270 449 1297 sibi
485 1271 676 1304 imperatorem
707 1272 857 1306 postulans.
886 1272 952 1306 Ejus
978 1273 1014 1299 rei

225 1316 335 1342 nuntitts
351 1316 384 1343 ad
400 1317 527 1344 Mauricii
550 1325 630 1345 aures
650 1318 758 1351 accidit,
777 1319 893 1353 indeque
923 1327 1017 1353 suspe-

224 1361 279 1389 ctio
295 1362 321 1389 in
343 1361 518 1394 Germanum,
539 1368 567 1390 ut
581 1364 731 1398 tyrannidis
750 1370 900 1392 auctorem.
921 1365 1016 1398 Minm.

225 1406 416 1441 minarumque
438 1408 551 1442 Augusti
580 1409 605 1435 in
630 1409 795 1436 Germanum
828 1418 876 1444 per
893 1409 1017 1438 Theodo-

225 1452 294 1479 sinut
319 1460 448 1488 generum
476 1454 576 1480 delatio
601 1463 608 1481 :
632 1460 659 1482 et
683 1455 811 1482 Germani
843 1456 869 1482 in
898 1455 1018 1491 Deiparm

227 1499 367 1531 templum.
387 1505 414 1525 ιιι
438 1500 463 1525 itt
478 1500 581 1532 asylum
606 1500 667 1534 fuga
687 1501 755 1536 (45).
778 1502 847 1528 llittc
868 1502 968 1537 Cyrus,
992 1508 1018 1529 et

226 1544 382 1579 Stephanus
403 1547 543 1574 eunuchus
573 1547 629 1581 (qui
656 1548 770 1575 Caesaris
796 1548 888 1575 liberis
915 1556 1018 1575 morum

1060 303 1167 339 παιδὸς]
1184 304 1324 330 Θεοδοσίου
1346 304 1393 330 τοῦ
1410 303 1504 334 παιδὸς
1521 304 1673 337 Μαυρικίου
1688 304 1735 330 ἐπὶ
1751 306 1784 340 τῇ
1801 306 1848 332 θυ-

1060 351 1142 384 γατρὶ
1155 349 1307 385 Γερμανοῦ.
1322 350 1377 376 Καὶ
1392 349 1514 385 περὶτῆς
1531 349 1662 381 σιτοδείας
1675 350 1725 384 τῆς
1737 351 1848 385 γενομέ-

1060 405 1109 431 νης
1128 398 1159 431 τῇ
1177 396 1293 430 βασιλίδι
1306 396 1360 423 τῶν
1376 396 1491 429 πόλεων,
1505 396 1551 422 καὶ
1565 396 1614 430 τῆς
1629 396 1772 431 συμϐάσης
1787 397 1849 423 ἀτα-

1061 442 1120 475 ξίας
1134 442 1187 468 τῶν
1203 442 1295 477 δήμων
1313 441 1498 473 λιτανεύοντος
1509 441 1555 468 τοῦ
1571 442 1713 477 βασιλέως,
1727 442 1773 468 καὶ
1789 444 1849 477 περὶ

1060 489 1109 523 τῆς
1126 488 1315 523 μακροθυμίας
1328 488 1423 520 αὑτοῦ,
1434 488 1481 515 καὶ
1494 487 1601 523 ἐξορίας
1612 487 1666 514 τῶν
1679 488 1849 521 στρατιωτῶν

1061 536 1108 561 καὶ
1123 534 1293 569 μονοημέρου
1309 534 1548 565 ἐπανόδου.’¹οπως
1563 533 1717 567 Μαυρίκιος
1729 533 1850 559 ἐπέστελ-

1061 581 1090 607 λε
1098 581 1120 596 ’⁸
1132 581 1234 615 Πέτρον
1248 581 1328 607 παντὶ
1343 581 1436 615 τρόπῳ
1450 580 1499 611 τὰς
1512 579 1645 614 Θρακῲας
1661 579 1706 615 [97
1721 580 1767 615 IL]
1779 580 1851 606 δυνά-

1063 635 1124 661 μεις
1140 628 1180 657 εἰς
1201 626 1231 652 τὸ
1249 626 1397 661 ἀντιπέρας
1413 625 1460 651 τοῦ
1473 626 1580 660 Ἴστρου
1596 624 1758 658 διατρίϐειν,
1781 624 1851 655 ὅπως

1061 682 1091 699 τε
1108 673 1167 699 Θεία
1183 673 1350 708 προσέπεσεν
1367 671 1442 706 ὀμφὴ
1455 671 1493 706 τῷ
1507 671 1613 706 Πέτρῳ.
1628 670 1681 695 Καὶ
1696 670 1770 700 ὅπως
1788 669 1849 695 στά-

1064 729 1105 751 σις
1120 721 1178 751 ταῖς
1196 719 1363 753 Ῥωμαϊκαῖς
1379 717 1555 753 είσήρρησεη
1570 717 1702 750 δυνάμεσι
1714 734 1721 747 ,
1744 715 1790 741 καὶ
1809 724 1852 741 τυ-

1064 766 1156 801 ραννὶς
1184 765 1298 799 συνέστη
1323 764 1393 790 κατὰ
1417 764 1465 789 τοῦ
1485 763 1697 797 αὐτοκράτορος,
1712 762 1794 788 Φωκᾶ
1807 762 1850 787 τοῦ

1062 812 1194 847 τυράννου
1209 811 1261 837 ὑπὸ
1274 810 1320 836 τοῦ
1340 809 1457 845 πλήθους
1472 808 1780 844 ἀναρρηθέντος.’¹οπως
1792 815 1819 833 τε
1831 807 1851 823 ³⁸

1064 856 1336 892 φεύγειΠέτρος,καὶ
1347 856 1444 890 ὃπωςή
1456 855 1548 886 στάσις
1561 854 1748 888 διαγγέλλεται
1763 853 1800 887 τῷ
1807 853 1851 887 βα-

1067 905 1144 931 σιλεῖ.
1155 903 1210 930 Kal
1226 904 1300 934 ὅπως
1309 902 1342 928 τὰ
1358 901 1454 936 πρῶτα
1462 900 1505 926 διὰ
1513 900 1568 926 τῶν
1582 900 1730 935 δημάρχων
1744 899 1851 934 Σεργίου

1065 951 1113 977 καὶ
1128 950 1228 985 Κοσμᾶ
1241 948 1466 984 πολυπραγμονεῖ
1477 948 1507 974 τὸ
1519 947 1620 981 πλῆθος
1632 945 1686 971 τῶν
1697 946 1798 980 δήμων,
1807 945 1852 970 καὶ

1065 997 1221 1032 εὑρίσκεται
1246 995 1388 1031 Πρασίνων
1413 995 1461 1028 μὲν
1476 997 1537 1029 ,αφπ
1557 993 1677 1019 Βενέτων
1695 991 1723 1017 δὲ
1744 993 1850 1017 ἐννακο-

1066 1042 1170 1074 crium",
1186 1042 1233 1067 καὶ
1248 1042 1321 1071 ὅπως
1339 1042 1394 1071 τοῖς
1409 1040 1564 1074 δημοτικοῖς
1574 1039 1595 1054 ³³
1614 1037 1768 1072 φιλοτιμίας
1785 1044 1850 1070 παρ-

1066 1090 1170 1123 έσχετο.
1189 1086 1324 1124 Πρεσϐεία
1338 1095 1366 1112 τε
1380 1086 1426 1112 τοῦ
1444 1086 1643 1120 αὐτοκράτορος
1654 1083 1723 1119 πρὸς
1737 1084 1785 1114 τὰς
1796 1091 1852 1109 στα-

1066 1135 1213 1167 σιαζούσας
1236 1133 1384 1168 δυνάμεις,
1413 1133 1460 1159 κα).
1486 1131 1599 1167 [4811.]
1624 1129 1782 1165 ἀποστροφὴ
1807 1129 1851 1163 τῆς

1067 1180 1230 1216 πρεσϐείας·
1246 1180 1319 1210 ὅπως
1338 1187 1368 1204 τε
1389 1179 1570 1214 περιφρουρεῖ
1594 1177 1642 1211 τὴν
1668 1175 1790 1211 βασιλίδα
1804 1175 1852 1200 τῶν

1067 1226 1182 1252 πόλεων.
1204 1224 1339 1260 Πρεσόεία
1361 1233 1391 1250 τε
1408 1224 1463 1249 τῶν
1481 1223 1694 1258 στρατευμάτων
1712 1221 1778 1257 πρὸς
1793 1221 1852 1246 Θεο-

1066 1272 1155 1297 δόσιον
1180 1271 1227 1297 τον
1250 1270 1405 1305 Μαυρικίου
1428 1270 1495 1300 υἱὸν,
1513 1268 1625 1302 ἀξιοῦσα
1648 1268 1664 1303 ἢ
1691 1267 1798 1302 αὐτὲινῆ
1812 1266 1852 1292 τὸν

1067 1317 1199 1352 πενθερὸν
1213 1317 1353 1352 Γερμανὸν
1366 1316 1479 1351 βασιλέα
1496 1315 1571 1350 σφῶν
1581 1312 1853 1350 ἀναρρηθῆναιννῶ-

1068 1364 1110 1395 σίς
1125 1373 1154 1389 τε
1170 1364 1273 1389 τούτων
1295 1364 1334 1393 εἰς
1354 1362 1507 1397 Μαυρίκιον
1522 1362 1673 1396 ἀφιγμένη,
1690 1360 1736 1386 καὶ
1750 1360 1853 1386 ὑπόνοια

1068 1411 1108 1441 εἰς
1124 1410 1263 1445 Γερμανὸν
1278 1409 1316 1440 ὠς
1331 1409 1416 1435 αἴτιον
1434 1409 1482 1443 τῆς
1496 1408 1662 1442 τυραννίδος,
1679 1407 1726 1433 καὶ
1750 1405 1851 1440 ἀπειλὴ,

1068 1456 1116 1483 καὶ
1131 1457 1246 1491 μήνυσις
1259 1456 1308 1490 τῆς
1327 1455 1466 1490 βασιλικῆς
1482 1455 1596 1490 ἀπειλῆς
1618 1454 1662 1480 διὰ
1675 1453 1722 1480 τοῦ
1737 1452 1853 1487 γαμϐροῦ

1068 1502 1219 1534 Θεοδοσίου,
1236 1503 1282 1528 καὶ
1307 1502 1452 1536 καταφυγὴ
1475 1499 1615 1536 Γερμανοῦ
1632 1500 1703 1535 πρὸς
1727 1499 1770 1525 τὸν
1790 1497 1852 1524 νεὼν

1069 1548 1118 1583 τῆς
1136 1548 1316 1583 Θεομήτορος.
1327 1547 1387 1574 Τῶν
1401 1547 1492 1581 Κύρου
1506 1546 1552 1573 καὶ
1564 1546 1701 1579 Στεφάνου
1714 1545 1758 1571 τοῦ
1771 1543 1855 1570 εὐνού-

227 1591 374 1624 praefectus
399 1591 499 1628 fuerat)
523 1593 556 1619 ad
580 1593 746 1620 Germanum
765 1594 851 1626 missi,
874 1599 903 1621 ttt
919 1595 1016 1629 templo

1070 1603 1118 1629 χου
1129 1594 1160 1623 ³³,
1177 1593 1206 1624 ὃς
1223 1594 1369 1628 ἐπίτροπος
1395 1593 1522 1619 ἐτέτακτο
1544 1593 1600 1623 τοῖς
1618 1591 1751 1627 βασιλέως
1772 1590 1853 1622 παισὶ,

229 1635 431 1670 digrederetur;
449 1639 495 1664 sed
508 1638 582 1665 irrita
600 1638 698 1673 legatio
707 1638 769 1667 fuit.
788 1639 916 1667 Fustibus
933 1648 1018 1667 etesus

227 1682 397 1711 Theodosius
412 1692 426 1711 a
444 1685 715 1718 parente.Manricio,
736 1687 808 1719 quod
833 1694 928 1713 socero
955 1695 1019 1713 suas

228 1728 316 1755 mitias
332 1729 489 1756 indicasset.
514 1729 643 1757 Germani
659 1737 673 1757 e
693 1730 793 1764 templo
806 1730 836 1757 Β.
851 1730 970 1766 Virginis
985 1732 1020 1758 ad

229 1775 338 1802 Sancta:
356 1776 465 1810 Sophia;
481 1776 624 1809 transitus,
646 1781 672 1803 et
690 1777 798 1810 iterata,
811 1781 841 1803 ut
856 1777 917 1803 inde
930 1777 1020 1811 digre-

230 1823 329 1853 diatttr,
347 1821 481 1854 hortatio;
494 1822 541 1849 sed
558 1830 610 1856 qua
628 1822 694 1848 nihil
709 1822 897 1857 persuadet-tr,
912 1822 1020 1850 Andrea

229 1868 346 1902 qttodatn
373 1875 512 1902 egressum
532 1868 717 1901 dissuadente.
735 1870 797 1896 dum
817 1870 943 1903 precandi
959 1877 1021 1903 gra-

230 1914 267 1940 tia
284 1914 411 1948 templum
433 1914 585 1948 freqttenlat
601 1914 669 1949 (44).
685 1914 784 1941 Turba:
804 1915 914 1946 iterum,
927 1915 1021 1942 incen-

231 1961 358 1995 diumque
398 1959 512 1987 Urbana:
552 1962 647 1988 domus
675 1960 862 1992 Constantini.
896 1962 1019 1995 patricii,

231 2014 310 2041 quem
329 2005 440 2040 Lardyn
460 2006 539 2040 vulgo
562 2005 791 2040 cognominabant
813 2005 880 2040 (45).
899 2005 1019 2033 Mauricii

231 2053 355 2080 mstnatio
373 2060 405 2079 ac
418 2052 492 2086 fuga,
518 2057 599 2086 utque
616 2051 803 2079 exortamaris
817 2056 964 2086 tempestas
980 2051 1022 2078 fu-

231 2107 292 2134 gam
301 2099 352 2134 ipsi
366 2099 535 2126 interciderit
544 2098 612 2133 (46).
622 2097 766 2125 Theodosii
778 2098 824 2125 filii
837 2098 868 2125 ad
881 2098 1020 2126 Chosroen

232 2146 336 2178 missio,
363 2146 538 2179 reduetioqne
563 2145 652 2172 Nicma
666 2152 697 2171 ex
722 2145 821 2172 indicio
834 2145 926 2172 annuli
938 2145 1020 2180 33a,

232 2199 311 2227 quem
328 2191 381 2218 filio
404 2199 501 2226 parens
517 2191 663 2218 Mauricius
689 2191 759 2226 signi
785 2196 948 2226 tesserasque
964 2192 1023 2218 loco

232 2239 391 2266 tradiderat.
405 2237 577 2266 Urbanorum
594 2239 628 2264 ad
655 2243 812 2273 tyrannum,
831 2239 857 2265 in
875 2239 975 2273 quibus
996 2243 1024 2266 et

1071 1642 1139 1676 πρὸς
1155 1641 1295 1676 Γερμανὺν
1311 1639 1447 1675 ἀποστολὴ
1471 1640 1511 1671 είς
1536 1639 1565 1665 τὺ
1587 1638 1707 1671 ἐξελθεῖν
1722 1638 1800 1664 αὐτὸν
1812 1636 1854 1662 τοῦ

1071 1687 1134 1714 ναοῦ
1148 1688 1194 1714 καὶ
1208 1686 1329 1721 ἀπραξία
1338 1695 1345 1701 ·
1360 1687 1407 1712 καὶ
1420 1687 1436 1720 ἡ
1448 1686 1491 1712 διὰ
1502 1685 1608 1720 ράὒδων
1620 1684 1788 1720 μαστίγωσις
1796 1683 1855 1708 Θεο-

1070 1734 1158 1761 δοσίου
1169 1734 1216 1760 τοῦ
1231 1733 1326 1764 παιδὸς
1339 1733 1391 1759 ὑπὸ
1405 1732 1452 1758 τοῦ
1469 1732 1571 1767 πατρὸς
1585 1732 1665 1757 ἕνεκα
1679 1731 1729 1766 τῆς
1741 1730 1804 1765 πρὸς
1816 1729 1857 1755 τὸν

1071 1780 1201 1815 πενθερὸν
1216 1779 1442 1815 καταμηνύσεως.
1461 1779 1516 1805 Καὶ
1541 1779 1737 1813 μεταφοίτησις
1759 1777 1857 1811 Γερμα-

1071 1827 1118 1854 νοῦ
1137 1827 1191 1853 ἀπὸ
1211 1826 1259 1853 τοῦ
1276 1827 1329 1853 νεὼ
1342 1826 1393 1861 τῆς
1409 1826 1580 1860 Θεομήτορος
1593 1826 1639 1851 ἐπὶ
1653 1825 1704 1859 τὴν
1721 1824 1798 1857 ἁγίαν
1813 1822 1856 1848 Σο-

1073 1874 1148 1908 φίαν,
1164 1873 1211 1899 καὶ
1235 1873 1317 1899 πάλιν
1342 1872 1511 1908 πρόσκλησις
1535 1873 1581 1898 ὲπὶ
1604 1871 1635 1897 τὺ
1659 1871 1794 1904 ἐξελθεῖν,
1816 1869 1858 1894 καὶ

1072 1918 1361 1953 ἀπείθεια,⁷Λνδρέσι“
1388 1919 1460 1949 τινὸς
1489 1917 1609 1952 συνεχῶς
1634 1916 1780 1950 φοιτῶντος
1804 1915 1858 1945 ταῖς

1072 1966 1220 1997 λιτανείαις
1240 1965 1289 2000 τὴν
1309 1964 1398 1997 ἔξοδον
1420 1963 1617 1995 κεκωλυκότος.
1636 1963 1752 1998 Θὸρυϐοί
1770 1970 1797 1987 τε
1817 1960 1858 1986 καὶ

1073 2012 1237 2047 ἐμπρησμὸς
1250 2012 1299 2047 τῆς
1315 2011 1386 2038 κατὰ
1400 2011 1450 2045 τὴν
1464 2010 1541 2036 πόλιν
1556 2010 1644 2041 οἰκίας
1661 2008 1857 2036 Κωνσταντίνου

1073 2057 1120 2084 τοῦ
1137 2057 1293 2091 πατρικίου,
1309 2056 1339 2082 ὃν
1354 2056 1462 2090 Λαρδῦν
1472 2056 1494 2071 ³⁵
1510 2055 1637 2081 ἐπεκάλει
1653 2054 1689 2081 τὰ
1702 2054 1800 2088 πλήθη*
1816 2051 1858 2077 καὶ

1074 2103 1175 2139 ἀπορία
1198 2102 1353 2138 Μαυρικίου
1379 2102 1426 2128 κα)¹
1450 2101 1711 2135 ἀπόδρασις.”υπιυς
1735 2099 1859 2126 κλύδωνος

1074 2149 1216 2183 γεγονότος
1236 2148 1358 2183 ἐγκοπὴν
1384 2147 1453 2182 πρὸς
1474 2148 1525 2181 τὴν
1549 2146 1699 2182 ἀπόδρασιν
1724 2144 1858 2180 λαμὸάνει.

1075 2195 1131 2221 Καὶ
1152 2194 1289 2228 ἀποστολὴ
1311 2192 1452 2219 Θεοδοσίου
1466 2192 1511 2218 τοῦ
1527 2192 1621 2222 παιδὸς
1641 2192 1709 2227 πρὸς
1733 2189 1858 2223 Χοσρόην,

1076 2240 1123 2266 καὶ
1147 2239 1305 2273 ὑποστροφὴ
1333 2238 1413 2264 πάλιν
1430 2238 1483 2264 ἀπὸ
1498 2238 1616 2268 Νικαίας
1633 2239 1665 2272 τῇ
1680 2235 1803 2268 ἐπιδείξει
1817 2231 1859 2259 τοῦ

234 2284 409 2311 llehdomites
433 2290 502 2317 erat,
529 2292 688 2312 concursus.
707 2285 854 2319 Imperium
869 2285 1016 2312 Germanus

1075 2284 1227 2315 δακτυλίου,
1243 2283 1256 2309 ὃ
1275 2281 1308 2318 ἦν
1323 2284 1363 2314 εἰς
1380 2282 1506 2317 σύνθημα
1518 2282 1556 2316 τῷ
1573 2282 1648 2309 παιδὶ
1665 2282 1740 2316 παρὰ
1754 2279 1798 2306 τοῦ
1814 2286 1859 2304 πα-

233 2330 364 2357 affectans
387 2334 449 2357 voto
475 2330 584 2361 excidit,
607 2329 726 2357 Prasinis
751 2337 781 2357 se
805 2338 866 2357 euttt
883 2335 1023 2358 creaturos

234 2378 425 2411 imperatorem
442 2378 614 2412 negantibus,
634 2378 716 2411 quod,
728 2382 758 2403 ut
773 2377 823 2411 ipsi
839 2377 1020 2410 affirmabant,

233 2424 361 2452 factionis
374 2429 447 2451 esset
461 2424 625 2451 Venetorum
638 2423 707 2458 (47).
724 2423 794 2458 Ergo
808 2423 913 2450 Phocas
924 2424 1023 2450 deinde

235 2472 260 2498 in
277 2470 378 2505 templo
391 2470 421 2497 Β.
439 2470 561 2503 Joannis,
575 2471 648 2506 quod
662 2474 704 2497 est
717 2470 743 2497 in
758 2469 891 2504 Septimo,
903 2471 1022 2504 impera-

1077 2331 1141 2367 τρὸς
1165 2329 1385 2363 ποιηθέν.’¹υπως
1402 2337 1432 2354 τε
1458 2329 1526 2363 πρὸς
1550 2328 1596 2354 τὸν
1620 2328 1751 2363 τύραννον
1773 2326 1795 2352 οι
1817 2323 1858 2349 τοῦ

1078 2378 1183 2408 ἄστεως
1194 2377 1227 2409 ³⁸⁸,
1249 2377 1279 2403 ἐν
1294 2374 1335 2408 οἷς
1351 2374 1385 2411 ἦν
1397 2376 1418 2391 ³⁷
1436 2376 1483 2401 καὶ
1498 2376 1512 2401 ὀ
1529 2375 1671 2409 Ἐδομίτης
1681 2375 1713 2407 ³³,
1729 2369 1858 2407 προσεχώ-

1079 2423 1274 2459 ρησαν.”οπιυς
1289 2431 1318 2448 τε
1334 2422 1473 2457 Γερμανὸς
1489 2421 1703 2452 κατασκευάζων
1717 2417 1801 2452 ἑαυτῷ
1815 2416 1858 2449 τὴν

1078 2471 1217 2506 βασιλείαν
1239 2469 1440 2505 ἀποτυγχάνει,
1454 2468 1509 2495 τῶν
1535 2467 1677 2503 Πρασίνων
1701 2465 1859 2493 ἀπειπόντων

888 2537 1004 2565 VARUS
1023 2537 1225 2565 LECTIONES.

266 2588 289 2604 ³⁸
305 2586 411 2613 ἔστελλε
427 2595 457 2618 ς.

283 2586 469 2628 [ἔστελλε-ς..
513 2586 535 2628 ξ’
551 2585 688 2628 εἰσείρησε
704 2593 734 2626 gr

234 2631 317 2658 γικης
337 2632 369 2655 ς.

406 2622 428 2637 ³³
445 2621 574 2656 εὐνούχου
603 2623 625 2647 Α
642 2630 648 2647 :
665 2622 681 2655 ἡ

774 2584 796 2599 ³⁰
813 2591 843 2609 τε
856 2583 916 2610 add.
934 2584 967 2609 Α.
1006 2583 1028 2599 ³ί
1042 2583 1218 2618 ἐννακοσίων]
1239 2583 1294 2616 τ’ς.

774 2627 833 2644 avo:
852 2628 881 2644 ς.
920 2619 943 2634 ³⁸
957 2618 1080 2644 Ἀνδοέου
1097 2628 1127 2644 c.
1173 2619 1195 2634 ³⁸
1210 2619 1294 2644 Λάοδι

236 2623 317 2658 γικῆς
337 2632 369 2655 ς.
406 2622 428 2637 ³³
445 2621 574 2656 εὐνούχου
603 2623 625 2647 Α
642 2630 648 2647 :
665 2620 833 2681 ήμιᾱιέρενος
852 2628 881 2651 ς.
920 2620 943 2634 ³⁵
953 2620 1080 2662 ξΑνδρέου
1097 2628 1127 2651 ς.

236 2660 259 2675 ⁵⁵
276 2659 372 2690 ἄστεος
387 2667 417 2691 ς.
453 2657 475 2672 ³⁷
491 2655 524 2692 ἦν
539 2657 600 2684 add.
616 2656 649 2683 A.
688 2656 710 2671 "‘
726 2655 732 2664 '
757 2654 869 2689 οομίτης
883 2654 905 2679 Δ
923 2662 930 2680 ;
963 2654 1121 2690 Εϐοομήτης
1138 2663 1169 2687 ς.

1333 2584 1355 2599 ³³
1367 2584 1423 2615 τοῖς
1438 2582 1596 2617 δημοτικοῖς
1610 2584 1650 2609 Λ;
1667 2582 1717 2617 τῆς
1733 2581 1857 2617 δημιουρ,-

1173 2619 1195 2634 ³⁸
1210 2612 1317 2655 λάρδυν
1332 2629 1362 2652 ς.
1381 2612 1442 2646 vide
1464 2612 1593 2646 iiut»:ch
1616 2612 1721 2650 nostra,
1736 2612 1774 2651 p."
1787 2612 1859 2640 H95.

999 2710 1114 2740 NOTAE.

274 2766 348 2802 (59)
366 2765 476 2799 Niecph.
495 2765 637 2802 lih._xvttt,
656 2769 715 2795 cap.
730 2761 776 2787 57.

275 2800 349 2837 (40)
369 2802 434 2828 Ibid.
449 2808 510 2834 cap.
526 2800 569 2826 58.
650 2833 656 2837 Ι
766 2832 771 2837 Ι
899 2830 905 2836 1

276 2833 619 2873 (ti)'t‘§it:cph._Christum
650 2833 737 2873 ipsum
766 2833 792 2857 in
817 2833 921 2873 somnis
946 2837 1029 2866 appa-

243 2868 340 2904 ruisse,
360 2868 574 2904 illauriciutnquu
591 2868 739 2904 appellasse
752 2871 857 2893 narrat.

279 2902 455 2943 (ᾇέγΝιριιμιι,
474 2902 615 2943 lihjnttt,
631 2911 691 2937 cap.
704 2902 747 2929 59.

281 2946 335 2979 (ἱῦ)
352 2943 461 2976 Niu-ph.
480 2942 543 2968 ibid.

1119 2761 1176 2796 (ιι)
1193 2761 1259 2788 lhid.

1115 2797 1172 2832 (45)
1187 2797 1254 2824 Ibid.
1277 2804 1339 2831 cap.
1355 2797 1400 2823 40.
1490 2831 1495 2832 γ
1574 2831 1595 2832 η
1660 2830 1664 2832 ἓ
1761 2825 1774 2832 ν

1115 2827 1172 2867 (46)
1186 2827 1436 2867 Podagra'qunque
1454 2831 1561 2859 dolores
1573 2830 1717 2866 Nicephor.
1735 2827 1857 2861 αάιυηςιι-

1117 2868 1173 2903 (47)
1186 2868 1300 2902 Niceph.
1319 2867 1386 2894 ibid.
