3926 6440
253 349 361 412 165

1247 330 1774 395 BIBLIOTHECA;
1803 354 1875 364 —
1918 327 2135 389 CODD.
2196 322 2620 384 LXVI-LXIX.

3447 318 3549 383 166

253 460 455 528 ρικόν.
486 458 755 527 ’Δρχεται
782 450 891 506 απὸ
914 450 1018 519 τῆς
1054 446 1330 518 βασιλείας
1376 446 1539 501 Νίνου
1568 445 1663 498 καὶ
1691 443 1859 512 Σεμι-

1991 454 2048 492 us
2072 440 2302 492 arcessit
2334 436 2551 490 initiqu
2586 449 2617 487 a
2644 432 2807 500 Nino,
2839 442 2893 485 et
2916 430 3301 496 Semiramide,
3346 432 3549 500 pergit-

260 556 483 623 ράμεως
510 592 527 615 ,
558 549 656 603 καὶ
690 546 903 600 κάτεισι
941 542 1105 612 μέχρι
1133 540 1243 593 τῶν
1269 539 1364 593 τοῦ
1402 538 1667 608 βασιλέως
1709 535 1859 587 Ἀλε-

261 643 488 713 ξάνδρου
523 640 753 711 χρόνων.
804 632 1245 704 Συμπεραίνεται
1275 631 1332 683 δὲ
1378 628 1542 683 αὑτοῦ
1570 630 1604 697 ἡ
1649 625 1859 695 ἱστορία

260 736 317 786 ἐν
338 734 524 800 λόγοις
548 731 591 783 θ’
623 728 742 782 κατ’
771 724 1091 793 ἐπωνυμίαν
1111 722 1219 775 τῶν
1243 719 1286 774 θ’
1308 720 1560 785 Μουσῶν,
1592 716 1823 779 Κλειοῦς
1841 756 1857 783 ,

262 825 523 889 Θαλείας,
571 819 883 889 Πολυμνίας
914 818 999 882 ⁸¹,
1058 813 1440 883 Μελπομένης,
1494 808 1858 881 Τερψιχόρης,

266 917 585 987 Εὐτέρπης,
656 910 1011 979 Καλλιόπης,
1072 904 1373 977 Ἐρατοῦς,
1433 902 1739 974 Οὐρανίηςο
1801 901 1861 953 ὲν

271 1006 313 1084 ᾖ
344 1010 449 1062 καὶ
503 1009 571 1059 τὰ.
611 1006 748 1057 κατὰ
818 1001 1167 1070 Ἀλέξανδρον
1203 998 1297 1052 τὸν
1339 996 1628 1052 Μακεδόνα
1648 990 1864 1057 ’διέξει-

283 1120 397 1157 σιν.
562 1150 567 1155 λ

364 1196 515 1249 Ἔστι
535 1192 587 1247 δὲ
614 1191 712 1261 τὴν
738 1188 940 1265 φράσιν
965 1186 1236 1253 Ἰωνίζων,
1261 1185 1355 1240 καὶ
1376 1184 1469 1237 τοῦ
1493 1183 1863 1255 προσήκοντος

288 1290 450 1344 πλέον
494 1290 554 1356 τῇ
604 1285 870 1354 συντομία
919 1280 1334 1352 ἀποχρώμενος,
1376 1276 1488 1331 οὐδ’
1542 1277 1671 1329 ἄλλο
1714 1275 1864 1329 οὐδὲν

281 1385 427 1446 ἄξιον
452 1382 736 1449 Θαυμάσαι
770 1378 864 1429 καὶ
891 1375 1136 1445 ζηλῶσαι
1159 1372 1569 1442 ἐνδεικνύμενος
1603 1369 1741 1439 πλὴν
1768 1368 1870 1436 τῆς

274 1475 416 1528 κατὰ
465 1472 565 1541 τὴν
606 1471 851 1540 ἱστορίαν
904 1468 1217 1537 μαθήσεως.
1257 1458 1426 1528 Οὗτος
1477 1464 1538 1517 τὸ
1573 1462 1672 1533 μὲν
1714 1463 1869 1530 γένος

270 1565 443 1620 αὐτοῦ
479 1564 578 1617 καὶ
609 1562 869 1633 πατρίδα,
909 1561 984 1622 ὡς
1028 1559 1188 1621 αὐτὸς
1227 1558 1433 1621 ἐκεῖνός
1463 1573 1645 1625 φησιν,
1682 1554 1872 1626 ὥσπερ

272 1657 557 1725 Ὅμηρος,
590 1653 905 1722 ἁποσιωπᾷ,
934 1652 1017 1703 ὅτι
1053 1651 1107 1704 δὲ
1139 1648 1425 1718 διατρίϐων
1455 1645 1749 1717 ἐνέΣικελίᾳ
1774 1662 1873 1714 φυ-

269 1748 378 1817 γῆς
416 1748 586 1799 ’ἑνεκα
618 1746 718 1815 τὴν
766 1744 1009 1814 ἱστορίαν
1041 1742 1353 1806 συνέταξεν,
1393 1740 1785 1807 ἀποφαίνεται,
1813 1736 1872 1789 τὸ

1961 543 2066 599 que
2094 528 2159 581 ad
2184 526 2481 581 Alexandri
2511 523 2688 595 Magni
2716 533 2981 591 tempora.
3005 520 3185 575 Libris
3208 536 3401 575 novem
3429 521 3552 574 uni-

1960 635 2119 675 versa
2148 618 2543 683 cmnprehensa
2576 624 2659 670 est
2691 613 2944 677 historia,
2972 612 3159 666 inditis
3187 613 3410 665 totidem
3431 611 3551 666 Mu-

1962 729 2145 771 sarum
2183 711 2518 774 nominibus,
2556 709 2729 772 Clius,
2778 705 3008 769 Thaliae,
3054 704 3371 775 Polymuiar,
3420 704 3553 759 Mel-

1964 819 2222 874 pomeues
2247 842 2263 866 ,
2348 800 2729 869 Terpsichore:
2754 837 2770 863 ,
2832 795 3124 865 {Euterpes
3156 840 3169 859 ,
3244 796 3513 863 Calliopes
3536 837 3553 861 ,

1964 896 2163 950 Eratus
2198 894 2332 966 (00),
2367 904 2418 948 et
2466 892 2701 953 Uraniae,
2728 905 2836 960 quo
2875 889 2929 943 in
2961 882 3128 958 opcre
3156 897 3209 943 et
3250 887 3553 943 Alexandri

1967 990 2110 1060 regis
2133 987 2489 1043 Macedonum
2518 994 2671 1055 gesta
2697 982 2890 1037 refert.

2041 1164 2218 1221 Ionica
2242 1162 2474 1217 dialecto
2507 1172 2590 1217 est
2614 1176 2778 1228 usus;
2807 1170 2959 1215 tanta
2985 1175 3200 1231 quoque
3227 1160 3364 1213 citra
3398 1160 3560 1213 deco-

1970 1274 2091 1313 rum
2120 1255 2390 1311 brevitate
2418 1254 2682 1319 adhibita,
2738 1263 2794 1305 ut
2823 1264 3021 1322 praeter
3050 1254 3246 1305 nudam
3282 1263 3559 1320 gestarum

1970 1365 2153 1404 rerum
2178 1347 2570 1410 narrationem,
2597 1345 2735 1399 nihil
2762 1345 3091 1408 mirandum,
3117 1355 3210 1397 aut
3237 1345 3560 1397 imitandum

1980 1440 2191 1494 all'erat.
2241 1438 2424 1493 Genus
2463 1447 2522 1490 et.
2560 1438 2820 1507 patriam,
2863 1448 2921 1491 ut
2954 1448 3010 1491 ct
3047 1438 3163 1506 ipse
3215 1453 3319 1491 non
3356 1438 3564 1493 inlicia-

1973 1546 2080 1600 tur,
2114 1534 2333 1589 Homeri
2363 1533 2634 1602 exemplo,
2662 1533 2863 1601 proruit
2890 1532 3134 1587 silentio.
3162 1530 3218 1585 In
3259 1530 3441 1586 Sicilia
3484 1543 3565 1584 ta-

1975 1643 2096 1682 men
2147 1626 2322 1680 exsilii
2364 1640 2526 1679 causa
2574 1626 2855 1694 degentem
2882 1662 2896 1687 ,
2950 1623 3236 1678 historiam
3279 1625 3566 1692 st-ripsisse

1977 1728 2220 1789 apparet.
2259 1715 2411 1781 Quod
2451 1734 2578 1786 ergo
2630 1715 2996 1770 necessarium
3045 1724 3185 1779 erat,
3242 1714 3478 1782 patriam
3509 1724 3565 1767 et

406 1807 735 1903 ἀναγκαῖόν,
762 1807 998 1905 πατρίδα
1028 1836 1202 1886 εἰπεῖν
1233 1834 1329 1885 καὶ
1350 1833 1528 1899 γένος,
1555 1830 1775 1903 παρεὶς,
1810 1828 1870 1882 τὸ

1991 1828 2141 1883 genus
2180 1812 2420 1879 proﬁteri
2455 1811 2504 1863 id
2543 1810 2733 1863 omisit
2760 1808 2896 1879 (61),
2945 1810 3088 1877 quod
3142 1819 3322 1861 autem
3367 1807 3566 1873 ahjecti

270 1928 327 1979 δὲ
361 1927 463 1978 καὶ
502 1926 874 1996 μικροψυχίαν
904 1926 1166 1994 ἐμφαῖνον
1216 1925 1274 1975 ἐν
1304 1923 1490 1992 μνήμῃ
1535 1919 1870 1990 πεποιηκώς.

272 2019 390 2070 Καὶ
414 2019 476 2070 τὸ
503 2019 570 2070 ἐκ
589 2019 761 2069 τόσων
790 2018 846 2068 δὲ
876 2015 971 2069 καὶ
1020 2016 1193 2068 τόσων
1225 2015 1565 2083 συνειλέχθαι
1593 2011 1743 2082 αὐτῷ
1775 2010 1873 2082 τὴν

277 2112 535 2182 ἱστορίαν
568 2109 930 2179 σεμνύνεσθαι
963 2107 1022 2160 οὐ
1054 2108 1193 2161 πάνυ
1241 2106 1420 2176 ψυχῆς
1466 2106 1527 2158 τὸ
1555 2105 1877 2174 μικρολόγον

272 2222 339 2257 τε
372 2205 474 2257 καὶ
499 2204 601 2271 τὴν
656 2198 992 2269 παιδαριώδη
1048 2199 1358 2267 φιλοτιμίαν
1401 2196 1798 2265 ἀποσειομένης
1832 2195 1877 2226 ⁸²

277 2293 589 2357 ἀπόδειξις.
608 2294 746 2364 Φησὶ
768 2290 812 2344 δ’
838 2292 986 2360 ὅμως
1014 2290 1103 2342 τὸν
1122 2289 1337 2359 πρῶτον
1364 2287 1511 2359 αὐτῷ
1534 2289 1581 2322 ⁸³
1604 2292 1705 2358 τῆς
1737 2289 1882 2341 ἱστο-

278 2387 411 2455 ρίας
443 2382 784 2453 συνειλέχθαι
806 2384 870 2435 ἐκ
906 2381 1079 2449 λόγων
1113 2381 1211 2451 μὲν
1237 2381 1283 2411 ⁵⁸
1309 2377 1412 2449 φο’,
1456 2372 1530 2433 ὧν
1568 2379 1809 2450 πατέρας
1837 2369 1880 2429 λ’

281 2478 383 2531 καὶ
411 2484 461 2529 α’
488 2472 963 2546 ἀπομνημονεύει·
983 2471 1074 2525 τὸν
1096 2470 1154 2523 δὲ
1178 2470 1427 2538 δεύτερον
1449 2470 1514 2521 ὲκ
1532 2467 1750 2539 βιϐλίων
1777 2471 1881 2535 σην,

284 2568 655 2639 συγγραφέων
706 2565 763 2618 δὲ
796 2562 874 2618 κε’
904 2580 920 2596 ·
977 2564 1071 2617 καὶ
1124 2562 1215 2615 τὸν
1261 2562 1442 2633 τρίτον
1472 2560 1530 2613 δὲ
1573 2561 1640 2612 ὲκ
1665 2556 1884 2629 βιϐλίων

286 2664 397 2735 μὲν
425 2663 473 2695 ⁸⁸
510 2661 581 2731 χ’,
620 2658 984 2729 συγγραφέων
1018 2657 1075 2710 δὲ
1103 2662 1196 2722 κς¹
1217 2673 1231 2686 ο
1264 2655 1357 2709 τὸν
1388 2655 1585 2735 μέντοι
1621 2650 1886 2721 τέταρτον

288 2734 361 2808 ὲκ
424 2752 648 2824 βιϐλίων
696 2751 792 2820 μὲν
828 2756 937 2816 ων’,
973 2747 1332 2818 συγγραφέων
1365 2746 1424 2798 δὲ
1466 2734 1637 2815 13"“-
1664 2744 1757 2796 καὶ
1797 2742 1888 2795 τὸν

296 2848 557 2917 πέμπτον
607 2844 664 2897 δὲ
694 2845 740 2875 ⁸⁷
758 2845 820 2895 ἐκ
862 2842 1081 2912 βιϐλίων
1141 2841 1241 2911 μὲν
1285 2840 1372 2871 ⁵⁷⁹·
1430 2845 1494 2904 σ’,
1529 2836 1888 2906 συγγραφέων

289 2940 355 2992 δὲ
416 2945 509 3002 κς¹
540 2938 585 2969 ⁵⁸
618 2953 631 2966 '
663 2938 754 2988 τὸν
792 2936 846 2989 δὲ
876 2935 1034 2988 ἕκτον
1076 2934 1140 2986 ἐκ
1192 2931 1411 3003 βιϐλίων
1443 2930 1615 3000 μὲν..,
1649 2943 1890 2996 συγγρα-

290 3035 445 3101 φέων
474 3032 598 3097 δὲ..,
630 3032 720 3084 τὸν
746 3031 801 3082 δὲ
827 3030 1055 3099 ἕϐδομον
1085 3029 1151 3081 ἐκ
1186 3026 1407 3097 βιϐλίων
1445 3025 1612 3095 μὲν..,
1648 3038 1893 3091 συγγρα-

290 3127 448 3196 φέων
468 3126 598 3181 δὲ...
625 3124 716 3178 τὸν
750 3123 807 3176 δὲ
840 3122 1027 3190 ὃγδοον
1068 3122 1135 3174 ἐκ
1166 3120 1386 3191 βιϐλίων
1413 3118 1513 3189 μὲν
1546 3152 1606 3171 ...
1645 3131 1890 3186 συγγρα-

1977 1917 2061 1960 est
2096 1905 2262 1959 animi
2305 1903 2600 1968 indicium,
2643 1901 2946 1974 [exsilium]
2988 1902 3268 1955 memoria:
3304 1902 3564 1970 prodidit.

1976 1997 2155 2051 Animi
2184 2010 2400 2065 quoque
2439 1997 2676 2048 nondum
2722 2010 2947 2063 prorsus
3012 1995 3228 2048 inanem
3281 1994 3568 2060 puerilem-

1978 2103 2083 2158 que
2112 2088 2337 2156 gloriam
2368 2085 2728 2155 repudiantis,
2755 2099 3010 2151 magnum
3036 2084 3170 2137 satis
3190 2093 3570 2151 argumentum

1980 2189 2089 2243 εει,
2110 2192 2140 2232 ε
2170 2190 2303 2247 quot
2330 2177 2659 2245 quantisque
2683 2176 3048 2244 scriptoribus
3076 2174 3305 2228 historia
3340 2173 3569 2227 collecta

1982 2272 2072 2337 sit,
2101 2271 2332 2340 jactare.
2367 2269 2459 2322 Ait
2485 2268 2631 2323 enim
2663 2269 3022 2337 compositum
3053 2267 3247 2321 librum
3273 2268 3508 2337 primum
3541 2280 3573 2321 ε

1983 2363 2138 2418 libris
2166 2361 2481 2431 quingentis
2523 2370 2578 2415 et
2626 2360 2992 2429 septuaginta,
3031 2374 3264 2429 quorum
3319 2370 3575 2414 auctores

1985 2471 2152 2511 unum
2188 2462 2245 2508 et
2274 2453 2492 2523 triginta
2517 2462 2936 2508 commemorat.
2965 2450 3191 2505 Librum
3219 2465 3349 2505 vero
3372 2466 3575 2507 secun-

1987 2551 2111 2606 dum
2143 2563 2174 2603 e
2200 2547 2356 2601 libris
2388 2547 2640 2601 ducentis
2670 2556 2727 2599 et
2751 2555 2897 2612 octo,
2925 2547 3251 2613 scriptorum
3284 2560 3413 2598 xxv.
3440 2542 3578 2598 Ter-

1990 2643 2121 2696 tium
2163 2656 2193 2694 e
2240 2638 2397 2694 libris
2438 2655 2528 2705 nc,
2563 2637 2919 2706 scriptoribus
2959 2652 3087 2692 vero
3132 2652 3230 2692 sex
3277 2646 3333 2691 et
3360 2637 3576 2706 viginti.

1989 2734 2254 2801 Quartum
2290 2747 2320 2787 e
2362 2748 2528 2785 xxxvr
2575 2731 2903 2798 scriptorum
2957 2728 3112 2784 libris
3158 2730 3489 2799 octingentis
3524 2739 3580 2782 et

1990 2827 2407 2898 quinquaginta.
2446 2824 2731 2891 Quintum,
2780 2840 2812 2879 e
2857 2824 3103 2879 ducentis
3137 2824 3315 2888 libris,
3346 2836 3580 2889 quorum

1992 2926 2287 2993 scriptores
2307 2938 2400 2979 sex
2422 2933 2477 2978 et
2504 2922 2718 2992 viginti.
2749 2922 2842 2976 Sic
2864 2922 2929 2977 de
2958 2921 3181 2989 reliquis
3201 2919 3335 2991 (6‘2).
3366 2917 3582 2972 Nonum

1993 3031 2024 3071 e
2064 3016 2220 3069 libris
2245 3054 2261 3069 .
2287 3052 2302 3067 .
2328 3058 2341 3071 .
2369 3053 2383 3068 .
2425 3015 2717 3068 collectum
2751 3014 3010 3077 allirmat,
3042 3011 3410 3080 scriptoribus
3448 3023 3584 3063 vero

1998 3110 2235 3179 triginta.
2265 3110 2442 3176 Atque
2472 3109 2586 3161 haec
2618 3106 2732 3161 fere
2790 3106 3164 3176 Cephalaeonis
3198 3104 3453 3160 historia.

291 3221 449 3288 ςέων
476 3221 607 3287 δὲ.,,
648 3220 740 3271 καὶ
790 3217 883 3271 τὸν
914 3216 1135 3270 ἔννατον
1174 3214 1232 3268 δὲ
1266 3216 1310 3249 ⁵⁹
1338 3215 1404 3268 ἐκ
1462 3212 1681 3266 Βιϐλίων
1718 3211 1887 3279 μὲν..,
1928 3203 2291 3276 συγγραφέων
2322 3203 2379 3256 δὲ
2405 3203 2701 3273 τριάκοντα
2731 3219 2746 3234 ο
2779 3203 2836 3255 ὲν
2866 3196 2945 3265 οἷς
2968 3202 3066 3255 καὶ
3095 3203 3129 3270 ή
3232 3198 3587 3269 Κεφαλίωνος

294 3319 548 3393 ἱστορία.

1082 3430 1210 3484 ΞΘθ.
1256 3432 1271 3447 ⁴

383 3527 689 3598 Ἦσυχίου
725 3523 1140 3593 ἰλλουστρίου
1201 3520 1501 3589 καθολικὴ
1548 3519 1817 3589 Ἱστοριά.

388 3743 737 3814 ’Ᾱνεγνώσθη
790 3760 879 3813 μοι
908 3742 954 3773 ⁸³
981 3739 1185 3811 βιϐλίον
1224 3736 1496 3809 ἱστορικὸν
1544 3736 1619 3799 ὡς
1661 3737 1717 3788 ὲν
1766 3751 1891 3788 συνσ-

298 3839 434 3910 ὀψει
465 3837 741 3907 κοσμικῆς
774 3835 1035 3904 ἱστορίας·
1066 3834 1093 3885 ὁ
1122 3833 1179 3885 δὲ
1208 3831 1561 3903 συγγραφεὺς
1588 3828 1837 3898 Ἡσύχιος
1866 3828 1894 3879 ὁ

298 3931 668 4000 Ἰλλούστριος
695 3929 763 3993 ⁶¹,
802 3928 1073 3995 Μιλήσιος
1111 3926 1209 3993 μὲν
1244 3927 1307 3977 ὲκ
1350 3922 1626 3993 πατρίδος,
1678 3921 1809 3982 παῖς
1837 3918 1893 3972 δὲ

316 4025 581 4095 Ἠσυκίου
610 4024 703 4077 καὶ
735 4020 1057 4089 Φιλοσοφίας
1089 4020 1131 4050 ⁶¹
1157 4060 1171 4083 τ
1212 4016 1334 4069 καθ’
1364 4016 1391 4068 δ
1421 4016 1513 4067 καὶ
1546 4016 1578 4084 ἡ
1614 4010 1893 4083 ἐπιγραφὴ

301 4118 406 4172 τοῦ
442 4116 647 4187 βιϐλίου
680 4115 819 4185 μετὰ
853 4114 947 4165 τοῦ
978 4113 1022 4144 ⁸³
1059 4110 1297 4182 ἱστορίας
1338 4110 1653 4178 Ῥωμαῖκῆς
1710 4123 1770 4158 τε
1801 4106 1895 4159 καὶ

305 4210 660 4279 παντοδαπῆς
688 4205 969 4277 τυγχάνει.
1023 4204 1286 4274 Ἀρχεται
1338 4202 1436 4272 μὲν
1491 4197 1583 4253 οὖν
1640 4199 1746 4252 ἀπὸ
1798 4198 1896 4268 τῆς

303 4302 406 4356 τοῦ
438 4302 611 4371 Βήλου
662 4300 757 4352 τοῦ
819 4297 1123 4369 Ἀσσυρίων
1159 4296 1421 4366 βασιλέως
1446 4293 1739 4363 βασιλείας.
1764 4291 1897 4344 κάτ-

302 4409 421 4446 εισι
466 4392 525 4444 δὲ
584 4391 745 4461 μέχρι.
798 4391 895 4460 τῆς
935 4390 1189 4458 τελευτῆς
1246 4385 1629 4449 Ἀναστασίου,
1664 4384 1721 4447 ὃς
1762 4384 1896 4435 Ῥωο

306 4483 494 4555 μαίων
520 4482 742 4550 γέγονεν
770 4482 1125 4551 αὐτοκράτωρ
1144 4478 1270 4550 [104
1297 4475 1412 4548 1ὶ.].
1444 4478 1602 4530 Ἔστι
1629 4475 1684 4527 δὲ
1713 4473 1899 4526 σύντο-

309 4593 419 4646 μος
441 4574 539 4628 καλ⁵
558 4573 870 4642 καλλιεπὴς
898 4572 1040 4636 λέξει
1060 4588 1119 4623 τε
1142 4571 1250 4640 γὰρ
1270 4569 1315 4600 ⁸⁸
1334 4568 1544 4637 ἁνθηρᾷ
1561 4567 1655 4620 καὶ
1676 4565 1805 4635 εὐσή
1816 4581 1898 4635 μῳ

307 4668 619 4735 κέχρηται,
652 4666 747 4716 καὶ
778 4666 811 4733 ἡ
846 4662 1089 4732 συνθήκη
1120 4659 1212 4714 τοῦ
1245 4660 1404 4727 λόγου
1441 4659 1582 4711 κατὰ
1612 4658 1767 4724 λόγον
1798 4655 1898 4708 αὑ-

306 4756 395 4825 τῷ
446 4756 807 4827 ἡρμοσμένηο
858 4752 1178 4823 κυριολογίᾳ
1212 4751 1308 4821 μὲν
1351 4749 1585 4820 μάλιστα
1640 4746 1844 4817 χαίρων
1880 4761 1895 4777 ⁸

308 4851 363 4900 εἱ
393 4849 453 4901 δέ
481 4865 584 4900 που
620 4849 713 4901 καὶ
737 4846 989 4917 τρέφοιτο
1012 4846 1055 4877 ⁸⁸
1077 4884 1093 4908 ,
1133 4843 1212 4913 τῷ
1244 4860 1303 4895 τε
1340 4843 1566 4913 εὐσήμῳ
1600 4840 1695 4893 καὶ
1725 4842 1902 4910 ἐμφα-

304 4944 606 5001 τικωτόιτω
662 4942 1009 5016 τῆς-λέξεως
1062 4940 1224 5011 ἥδυνε
1289 4939 1389 5010 μὲν
1450 4941 1516 5009 τῇ
1567 4940 1742 5009 τροπῇ
1814 4937 1904 4990 τὸν

1912 3428 1959 3490 C

2712 3407 2902 3462 LXIX.

1994 3508 2239 3578 Hesychii
2281 3506 2513 3578 illustris
2549 3501 2745 3556 Milesii
2791 3503 3030 3578 historia:
3068 3502 3381 3578 omnigenoz,
3433 3510 3589 3578 atque

2068 3571 2323 3632 Romanis
2377 3576 2497 3627 libri
2539 3589 2590 3626 vr
2647 3583 2696 3625 et
2744 3590 2824 3625 res
2878 3591 2910 3624 a
2948 3571 3161 3625 Justiuo
3201 3573 3408 3624 seniore
3452 3573 3580 3637 imp.

2062 3660 2242 3720 gesta).

2065 3741 2260 3793 Lectus
2292 3746 2347 3791 et
2378 3736 2661 3790 historicus
2692 3733 2824 3787 liber
2851 3732 3096 3802 (auctore
3152 3731 3428 3802 Hesychio
3471 3732 3587 3804 (65)

1996 3832 2216 3897 illustri,
2252 3830 2427 3901 patria
2461 3829 2694 3890 Milesio,
2730 3826 2982 3897 llesychii
3007 3834 3061 3879 et
3088 3825 3306 3893 Sophia:
3334 3825 3584 3894 tilio)qui

1995 3926 2161 3980 veluti
2214 3921 2634 3991 comprehensio
2673 3922 2919 3986 quaedam
2950 3927 3032 3972 est
3064 3919 3229 3972 totius
3276 3920 3345 3972 de
3384 3920 3590 3972 mundo

1996 4018 2261 4081 historiae,
2296 4027 2352 4071 ut.
2377 4017 2501 4069 inde
2540 4030 2768 4085 quoque
2798 4014 2986 4068 titulus
3024 4013 3278 4067 Romanw
3309 4014 3494 4078 simul,
3534 4024 3591 4067 et

1996 4110 2288 4176 omnigena:
2329 4108 2572 4161 historia:
2618 4088 3046 4183 inscriptionem
3089 4103 3365 4174 prml‘erat.
3394 4104 3591 4172 Incipit

1998 4216 2025 4252 a
2062 4200 2189 4253 Belo
2215 4199 2354 4270 341)
2392 4198 2745 4268 Assyriorum
2786 4213 2933 4267 rege,
2990 4208 3043 4250 et
3076 4197 3127 4249 in
3158 4196 3434 4250 Anastasii
3478 4195 3592 4247 Ro—

1998 4308 2283 4346 manorum
2336 4290 2682 4359 imperatoris
2733 4304 3017 4343 excessum
3054 4289 3273 4342 desiuit.
3323 4288 3591 4342 Conrisus

1999 4399 2084 4440 est
2117 4394 2283 4451 atque
2321 4384 2576 4436 disertus.
2625 4380 2759 4433 Nam
2825 4391 2881 4435 et
2915 4381 3159 4435 dictione
3226 4396 3354 4434 usus
3400 4379 3591 4432 ﬂorida

2000 4493 2063 4532 ac
2101 4476 2472 4545 signiﬁcante,
2508 4484 2564 4527 et
2617 4475 2729 4542 ipsa
2752 4474 3017 4527 orationis
3044 4484 3316 4526 structura
3352 4472 3466 4539 pari
3510 4480 3595 4525 est

2003 4570 2214 4623 ratione
2249 4568 2316 4621 ab
2354 4567 2447 4620 illo
2485 4566 2789 4631 elaborata,
2833 4566 2959 4619 dum
3011 4567 3301 4617 verborum
3356 4565 3595 4618 maxime

2003 4662 2202 4731 gaudet
2242 4659 2594 4727 proprietate.
2653 4656 2838 4710 Sicubi
2880 4670 3009 4710 vero
3054 4655 3345 4709 dictionem
3386 4655 3597 4724 signiti-

2006 4762 2241 4815 cantem,
2274 4750 2438 4804 etiam
2476 4763 2598 4801 cum
2636 4748 2872 4801 maxima
2921 4748 3193 4815 emphasi,
3247 4757 3493 4801 sectatur
3520 4747 3594 4801 ita

2011 4857 2108 4898 sua
2160 4839 2516 4894 translatione
2550 4837 2858 4891 auditorem
2905 4836 3170 4900 oblectat,
3202 4847 3261 4889 ut
3309 4835 3477 4889 nihilo
3500 4836 3598 4889 ob-

2015 4933 2254 4998 scurius,
2294 4930 2425 4999 quin
2466 4929 2612 4983 forte
2649 4927 2872 4994 clarius,
2922 4942 3037 4983 rem
3080 4928 3152 4983 ob
3197 4926 3388 4983 oculos
3430 4936 3598 4997 ponat

1612 5071 1848 5126 VARIAE
1878 5066 2288 5125 LECTIONES.

388 5174 438 5205 ⁸¹
468 5170 810 5241 Πολυμνείας
844 5189 905 5237 ς.
1003 5171 1049 5203 ⁸³
1078 5170 1449 5240 ἁποσειμένης
1476 5169 1541 5223 A.

312 5262 382 5308 ς.
457 5241 504 5274 ⁸⁷
536 5242 594 5296 δὲ
622 5238 760 5295 add.
806 5244 874 5296 A.
950 5242 1014 5273 ’τ’
1058 5242 1155 5309 μὲν
1204 5238 1315 5296 oui.
1355 5238 1422 5295 A.
1536 5239 1583 5271 ⁸⁸
1607 5238 1710 5311 κς]

313 5384 365 5416 ⁸⁸
398 5382 659 5454 τέρψοιτο
694 5399 753 5447 ς.

1639 5169 1688 5201 ⁵⁸
1719 5167 1867 5237 αὐτῷ
1902 5168 2024 5221 add.
2054 5167 2121 5220 A.

2228 5163 2277 5195 ⁸⁸⁵
2316 5161 2415 5231 μὲν
2444 5162 2508 5214 ὲκ
2530 5161 2705 5230 λόγων
2738 5179 2798 5226 ς.
2898 5161 2944 5193 ⁸⁵
2979 5162 3079 5232 μὲν
3112 5163 3235 5215 add.
3269 5162 3335 5217 A.

3444 5162 3492 5194 56

1761 5232 1849 5291 καί
1897 5238 1980 5291 vel
2039 5240 2116 5290 κδ’
2178 5236 2470 5304 (incertum
2518 5234 2685 5300 enim)
2736 5235 2803 5285 A.
2853 5232 3066 5304 lacuum
3120 5234 3320 5304 eaedem
3381 5233 3436 5286 in
3484 5234 3595 5287 AC.

312 5306 364 5347 δ’
396 5312 454 5366 δὲ
482 5322 608 5383 ante
637 5314 701 5365 ὲκ
740 5314 864 5369 add.
894 5314 962 5367 A.
1040 5306 1086 5344 σδ
1115 5329 1206 5383 μοι
1238 5313 1362 5367 add.
1396 5312 1463 5367 A.
1543 5312 1587 5343 ⁶ί
1631 5306 1931 5381 ἰλόύστριος
1967 5309 2033 5361 Α.
2115 5308 2159 5339 ⁶²
2193 5306 2391 5374 Σοφίας
2422 5321 2479 5367 ς.

2558 5304 2604 5335 ⁸³
2633 5304 2727 5356 τοῦ
2763 5302 2887 5357 add.
2920 5305 2985 5359 A.
3063 5304 3107 5335 ⁸³
3128 5302 3237 5374 γὰρ
3270 5320 3379 5357 om.
3414 5320 3497 5373 pr.
3528 5305 3595 5357 A.

1855 5487 2089 5546 NOTAE.

393 5592 514 5665 (60)
548 5592 651 5658 Qui
678 5590 818 5665 liber
846 5586 945 5642 inl'.
984 5585 1287 5665 advocatur
1318 5584 1443 5665 cod.
1476 5580 1602 5665 tot.

402 5650 749 5737 (61')_Strabo
767 5660 859 5713 lib.
889 5672 1008 5737 x_m,
1035 5660 1086 5737 in
1111 5654 1323 5737 Troade
1346 5652 1704 5737 _G_ergcthium
1740 5650 1909 5710 fuisse

314 5726 475 5795 lmhc
501 5726 866 5801 Cepltalonem
896 5730 1060 5801 docet
1094 5735 1152 5779 ut
1182 5735 1237 5779 et
1264 5726 1478 5801 Suidas.

400 5804 518 5876 (62)
566 5794 807 5873 Quatuor
858 5800 950 5856 hic
1008 5796 1271 5853 librorum
1334 5794 1576 5854 calculus
1624 5802 1907 5850 auctorum

2017 5584 2335 5639 eorumdem
2376 5593 2643 5638 tomurum
2678 5586 2863 5653 periit.

2091 5656 2204 5727 (65)
2236 5657 2307 5708 De
2331 5671 2439 5723 quo
2463 5656 2721 5727 legendus
2742 5654 2958 5710 Suidas.
2992 5656 3180 5709 Exstat
3203 5655 3599 5713 Gnaeo-latina

2017 5727 2181 5795 hujus
2207 5727 2443 5793 epilome
2472 5726 2713 5794 Catalogi
2736 5727 2974 5778 virorum
3000 5729 3259 5781 doctrinm
3308 5729 3467 5782 laude
3498 5731 3605 5783 cla-

2022 5813 2208 5879 rorun}
2244 5796 2515 5865 alpltabcti
2544 5796 2687 5873 serie
2722 5796 2862 5867 typis
2894 5797 3259 5857 Plautinianis
3287 5799 3457 5854 edita.
