  <div class='ocr_page' id='page_1' title='image "/cluster/home/n/w/nwhite01/storage/ocr_20150623/103:no.3/coo.31924054870070/097.png"; bbox 0 0 3926 6438; ppageno 0'>
   <div class='ocr_carea' id='block_1_1' title="bbox 483 353 583 419">
    <p class='ocr_par' dir='ltr' id='par_1_1' title="bbox 483 353 583 419">
     <span class='ocr_line' id='line_1_1' title="bbox 483 353 583 419; baseline 0.02 -2"><span class='ocrx_word' id='word_1_1' title='bbox 483 353 583 419; x_wconf 83' lang='grc'>167</span> 
     </span>
    </p>
   </div>
   <div class='ocr_carea' id='block_1_2' title="bbox 1643 341 2601 405">
    <p class='ocr_par' dir='ltr' id='par_1_2' title="bbox 1643 341 2601 405">
     <span class='ocr_line' id='line_1_2' title="bbox 1643 341 2601 405; baseline -0.001 0"><span class='ocrx_word' id='word_1_2' title='bbox 1643 343 1908 405; x_wconf 89' lang='lat' dir='ltr'><strong>PHOTII</strong></span> <span class='ocrx_word' id='word_1_3' title='bbox 1944 341 2455 403; x_wconf 64' lang='lat' dir='ltr'><strong>PATRIARCHZE</strong></span> <span class='ocrx_word' id='word_1_4' title='bbox 2490 344 2601 404; x_wconf 90' lang='lat' dir='ltr'><strong>CP.</strong></span> 
     </span>
    </p>
   </div>
   <div class='ocr_carea' id='block_1_3' title="bbox 3631 346 3735 411">
    <p class='ocr_par' dir='ltr' id='par_1_3' title="bbox 3631 346 3735 411">
     <span class='ocr_line' id='line_1_3' title="bbox 3631 346 3735 411; baseline 0.029 -3"><span class='ocrx_word' id='word_1_5' title='bbox 3631 346 3735 411; x_wconf 84' lang='lat'><strong>168</strong></span> 
     </span>
    </p>
   </div>
   <div class='ocr_carea' id='block_1_4' title="bbox 482 450 2061 537">
    <p class='ocr_par' dir='ltr' id='par_1_4' title="bbox 482 455 2059 537">
     <span class='ocr_line' id='line_1_4' title="bbox 482 455 2059 537; baseline -0.006 -18"><span class='ocrx_word' id='word_1_6' title='bbox 482 482 646 537; x_wconf 87' lang='lat' dir='ltr'><strong>quam</strong></span> <span class='ocrx_word' id='word_1_7' title='bbox 671 462 716 520; x_wconf 87' lang='lat' dir='ltr'><strong>si</strong></span> <span class='ocrx_word' id='word_1_8' title='bbox 744 462 890 519; x_wconf 91' lang='lat' dir='ltr'><strong>nulla</strong></span> <span class='ocrx_word' id='word_1_9' title='bbox 914 462 1085 534; x_wconf 80' lang='lat' dir='ltr'><strong>ﬁgura</strong></span> <span class='ocrx_word' id='word_1_10' title='bbox 1120 475 1253 517; x_wconf 91' lang='lat' dir='ltr'><strong>usus</strong></span> <span class='ocrx_word' id='word_1_11' title='bbox 1275 457 1490 514; x_wconf 75' lang='lat' dir='ltr'><strong>fuisset.</strong></span> <span class='ocrx_word' id='word_1_12' title='bbox 1512 455 1774 512; x_wconf 70' lang='lat' dir='ltr'><strong>Veritatis</strong></span> <span class='ocrx_word' id='word_1_13' title='bbox 1795 462 2059 527; x_wconf 71' lang='lat' dir='ltr'><strong>pmterea</strong></span> 
     </span>
    </p>
   </div>
   <div class='ocr_carea' id='block_1_5' title="bbox 2173 450 3739 537">
    <p class='ocr_par' dir='ltr' id='par_1_5' title="bbox 2173 450 3739 530">
     <span class='ocr_line' id='line_1_5' title="bbox 2173 450 3739 530; baseline 0.005 -25"><span class='ocrx_word' id='word_1_14' title='bbox 2173 451 2454 523; x_wconf 71' lang='grc' dir='ltr'><strong>ὶκροατὴν,</strong></span> <span class='ocrx_word' id='word_1_15' title='bbox 2493 453 2646 507; x_wconf 83' lang='grc' dir='ltr'><strong>οὐδὲν</strong></span> <span class='ocrx_word' id='word_1_16' title='bbox 2670 452 2727 507; x_wconf 75' lang='grc' dir='ltr'>δὲ</span> <span class='ocrx_word' id='word_1_17' title='bbox 2779 450 2965 527; x_wconf 86' lang='grc' dir='ltr'>ἦττον,</span> <span class='ocrx_word' id='word_1_18' title='bbox 3009 456 3058 509; x_wconf 81' lang='grc' dir='ltr'>εί</span> <span class='ocrx_word' id='word_1_19' title='bbox 3091 455 3166 527; x_wconf 76' lang='grc' dir='ltr'><strong>μὴ</strong></span> <span class='ocrx_word' id='word_1_20' title='bbox 3197 453 3291 508; x_wconf 62' lang='grc' dir='ltr'><strong>καλ⁸</strong></span> <span class='ocrx_word' id='word_1_21' title='bbox 3320 455 3521 526; x_wconf 85' lang='grc' dir='ltr'><strong>μᾶλλον</strong></span> <span class='ocrx_word' id='word_1_22' title='bbox 3550 462 3739 530; x_wconf 80' lang='grc' dir='ltr'>σαφῶς</span> 
     </span>
    </p>
   </div>
   <div class='ocr_carea' id='block_1_6' title="bbox 482 548 1608 627">
    <p class='ocr_par' dir='ltr' id='par_1_6' title="bbox 482 548 1608 627">
     <span class='ocr_line' id='line_1_6' title="bbox 482 548 1608 627; baseline -0.012 -13"><span class='ocrx_word' id='word_1_23' title='bbox 482 559 652 614; x_wconf 86' lang='lat' dir='ltr'><strong>sehic</strong></span> <span class='ocrx_word' id='word_1_24' title='bbox 701 555 953 627; x_wconf 82' lang='lat' dir='ltr'><strong>inprimis</strong></span> <span class='ocrx_word' id='word_1_25' title='bbox 977 553 1281 609; x_wconf 91' lang='lat' dir='ltr'><strong>studiosum</strong></span> <span class='ocrx_word' id='word_1_26' title='bbox 1313 548 1608 622; x_wconf 74' lang='lat' dir='ltr'><strong>promittit.</strong></span> 
     </span>
    </p>
   </div>
   <div class='ocr_carea' id='block_1_7' title="bbox 550 725 2064 804">
    <p class='ocr_par' dir='ltr' id='par_1_7' title="bbox 550 725 2064 804">
     <span class='ocr_line' id='line_1_7' title="bbox 550 725 2064 804; baseline -0.007 -13"><span class='ocrx_word' id='word_1_27' title='bbox 550 734 823 791; x_wconf 81' lang='lat' dir='ltr'><strong>Caeterum</strong></span> <span class='ocrx_word' id='word_1_28' title='bbox 850 747 987 804; x_wconf 87' lang='lat' dir='ltr'><strong>opus</strong></span> <span class='ocrx_word' id='word_1_29' title='bbox 1015 746 1107 788; x_wconf 85' lang='lat' dir='ltr'><strong>sex</strong></span> <span class='ocrx_word' id='word_1_30' title='bbox 1138 731 1193 785; x_wconf 94' lang='lat' dir='ltr'><strong>in</strong></span> <span class='ocrx_word' id='word_1_31' title='bbox 1237 741 1422 801; x_wconf 89' lang='lat' dir='ltr'><strong>partes</strong></span> <span class='ocrx_word' id='word_1_32' title='bbox 1452 728 1709 785; x_wconf 87' lang='lat' dir='ltr'><strong>divisum.</strong></span> <span class='ocrx_word' id='word_1_33' title='bbox 1746 727 1962 784; x_wconf 87' lang='lat' dir='ltr'><strong>Primus</strong></span> <span class='ocrx_word' id='word_1_34' title='bbox 1992 725 2064 781; x_wconf 87' lang='lat' dir='ltr'><strong>li-</strong></span> 
     </span>
    </p>
   </div>
   <div class='ocr_carea' id='block_1_8' title="bbox 478 817 2057 895">
    <p class='ocr_par' dir='ltr' id='par_1_8' title="bbox 478 817 2057 895">
     <span class='ocr_line' id='line_1_8' title="bbox 478 817 2057 895; baseline -0.006 -12"><span class='ocrx_word' id='word_1_35' title='bbox 478 828 600 893; x_wconf 90' lang='lat' dir='ltr'><strong>ber,</strong></span> <span class='ocrx_word' id='word_1_36' title='bbox 653 842 771 895; x_wconf 76' lang='lat' dir='ltr'><strong>qua:</strong></span> <span class='ocrx_word' id='word_1_37' title='bbox 807 826 1005 881; x_wconf 91' lang='lat' dir='ltr'><strong>bellum</strong></span> <span class='ocrx_word' id='word_1_38' title='bbox 1041 821 1337 890; x_wconf 86' lang='lat' dir='ltr'><strong>Trojanum</strong></span> <span class='ocrx_word' id='word_1_39' title='bbox 1382 830 1818 885; x_wconf 89' lang='lat' dir='ltr'><strong>antecesserunt,</strong></span> <span class='ocrx_word' id='word_1_40' title='bbox 1867 817 2057 874; x_wconf 81' lang='lat' dir='ltr'><strong>refert.</strong></span> 
     </span>
    </p>
   </div>
   <div class='ocr_carea' id='block_1_9' title="bbox 482 911 2060 984">
    <p class='ocr_par' dir='ltr' id='par_1_9' title="bbox 482 911 2060 984">
     <span class='ocr_line' id='line_1_9' title="bbox 482 911 2060 984; baseline -0.007 -10"><span class='ocrx_word' id='word_1_41' title='bbox 482 919 785 983; x_wconf 87' lang='lat' dir='ltr'><strong>Secundus,</strong></span> <span class='ocrx_word' id='word_1_42' title='bbox 821 919 888 971; x_wconf 92' lang='lat' dir='ltr'><strong>ab</strong></span> <span class='ocrx_word' id='word_1_43' title='bbox 917 914 1012 970; x_wconf 93' lang='lat' dir='ltr'><strong>llio</strong></span> <span class='ocrx_word' id='word_1_44' title='bbox 1033 924 1189 984; x_wconf 88' lang='lat' dir='ltr'><strong>capto</strong></span> <span class='ocrx_word' id='word_1_45' title='bbox 1213 914 1280 967; x_wconf 92' lang='lat' dir='ltr'><strong>ad</strong></span> <span class='ocrx_word' id='word_1_46' title='bbox 1306 914 1536 967; x_wconf 82' lang='lat' dir='ltr'><strong>Romam</strong></span> <span class='ocrx_word' id='word_1_47' title='bbox 1568 928 1737 981; x_wconf 83' lang='lat' dir='ltr'><strong>usque.</strong></span> <span class='ocrx_word' id='word_1_48' title='bbox 1758 911 2060 976; x_wconf 88' lang='lat' dir='ltr'><strong>conditam,</strong></span> 
     </span>
    </p>
   </div>
   <div class='ocr_carea' id='block_1_10' title="bbox 484 1002 2063 1081">
    <p class='ocr_par' dir='ltr' id='par_1_10' title="bbox 484 1002 2063 1081">
     <span class='ocr_line' id='line_1_10' title="bbox 484 1002 2063 1081; baseline -0.006 -15"><span class='ocrx_word' id='word_1_49' title='bbox 484 1022 660 1081; x_wconf 81' lang='lat' dir='ltr'><strong>gesta.</strong></span> <span class='ocrx_word' id='word_1_50' title='bbox 709 1009 950 1073; x_wconf 90' lang='lat' dir='ltr'><strong>Tertius,</strong></span> <span class='ocrx_word' id='word_1_51' title='bbox 992 1024 1112 1077; x_wconf 71' lang='lat' dir='ltr'><strong>qua:</strong></span> <span class='ocrx_word' id='word_1_52' title='bbox 1161 1007 1229 1060; x_wconf 87' lang='lat' dir='ltr'><strong>ab</strong></span> <span class='ocrx_word' id='word_1_53' title='bbox 1275 1006 1410 1059; x_wconf 87' lang='lat' dir='ltr'><strong>urbe</strong></span> <span class='ocrx_word' id='word_1_54' title='bbox 1446 1004 1665 1060; x_wconf 89' lang='lat' dir='ltr'><strong>condita</strong></span> <span class='ocrx_word' id='word_1_55' title='bbox 1711 1004 1812 1058; x_wconf 92' lang='lat' dir='ltr'><strong>sub</strong></span> <span class='ocrx_word' id='word_1_56' title='bbox 1846 1002 2063 1070; x_wconf 79' lang='lat' dir='ltr'><strong>regibus</strong></span> 
     </span>
    </p>
   </div>
   <div class='ocr_carea' id='block_1_11' title="bbox 481 1096 2061 1169">
    <p class='ocr_par' dir='ltr' id='par_1_11' title="bbox 481 1096 2061 1169">
     <span class='ocr_line' id='line_1_11' title="bbox 481 1096 2061 1169; baseline -0.008 -10"><span class='ocrx_word' id='word_1_57' title='bbox 481 1104 820 1169; x_wconf 88' lang='lat' dir='ltr'><strong>acciderunt,</strong></span> <span class='ocrx_word' id='word_1_58' title='bbox 851 1102 1023 1156; x_wconf 89' lang='lat' dir='ltr'><strong>donec</strong></span> <span class='ocrx_word' id='word_1_59' title='bbox 1054 1098 1368 1155; x_wconf 88' lang='lat' dir='ltr'><strong>consulibus</strong></span> <span class='ocrx_word' id='word_1_60' title='bbox 1395 1096 1579 1152; x_wconf 75' lang='lat' dir='ltr'><strong>Romae</strong></span> <span class='ocrx_word' id='word_1_61' title='bbox 1607 1096 1808 1151; x_wconf 81' lang='lat' dir='ltr'><strong>creatis</strong></span> <span class='ocrx_word' id='word_1_62' title='bbox 1834 1109 2061 1164; x_wconf 78' lang='lat' dir='ltr'><strong>regnum</strong></span> 
     </span>
    </p>
   </div>
   <div class='ocr_carea' id='block_1_12' title="bbox 482 1186 2055 1263">
    <p class='ocr_par' dir='ltr' id='par_1_12' title="bbox 482 1186 2055 1263">
     <span class='ocr_line' id='line_1_12' title="bbox 482 1186 2055 1263; baseline -0.009 -9"><span class='ocrx_word' id='word_1_63' title='bbox 482 1215 603 1255; x_wconf 85' lang='lat' dir='ltr'><strong>esse</strong></span> <span class='ocrx_word' id='word_1_64' title='bbox 631 1197 814 1263; x_wconf 85' lang='lat' dir='ltr'><strong>desiit,</strong></span> <span class='ocrx_word' id='word_1_65' title='bbox 846 1202 1270 1258; x_wconf 83' lang='lat' dir='ltr'><strong>commemorat;</strong></span> <span class='ocrx_word' id='word_1_66' title='bbox 1296 1189 1617 1261; x_wconf 84' lang='lat' dir='ltr'><strong>Olympiade</strong></span> <span class='ocrx_word' id='word_1_67' title='bbox 1643 1186 1868 1243; x_wconf 87' lang='lat' dir='ltr'><strong>circiter</strong></span> <span class='ocrx_word' id='word_1_68' title='bbox 1893 1201 2055 1241; x_wconf 80' lang='lat' dir='ltr'><strong>sexa-</strong></span> 
     </span>
    </p>
   </div>
   <div class='ocr_carea' id='block_1_13' title="bbox 485 1277 2061 1361">
    <p class='ocr_par' dir='ltr' id='par_1_13' title="bbox 485 1277 2061 1361">
     <span class='ocr_line' id='line_1_13' title="bbox 485 1277 2061 1361; baseline -0.01 -16"><span class='ocrx_word' id='word_1_69' title='bbox 485 1292 687 1361; x_wconf 88' lang='lat' dir='ltr'><strong>gesima</strong></span> <span class='ocrx_word' id='word_1_70' title='bbox 730 1297 943 1342; x_wconf 83' lang='lat' dir='ltr'><strong>octava.</strong></span> <span class='ocrx_word' id='word_1_71' title='bbox 993 1284 1251 1350; x_wconf 85' lang='lat' dir='ltr'><strong>Quartus,</strong></span> <span class='ocrx_word' id='word_1_72' title='bbox 1295 1297 1362 1337; x_wconf 62' lang='lat' dir='ltr'><strong>ex</strong></span> <span class='ocrx_word' id='word_1_73' title='bbox 1416 1295 1525 1350; x_wconf 88' lang='lat' dir='ltr'><strong>quo</strong></span> <span class='ocrx_word' id='word_1_74' title='bbox 1583 1277 1833 1333; x_wconf 88' lang='lat' dir='ltr'><strong>consules</strong></span> <span class='ocrx_word' id='word_1_75' title='bbox 1874 1278 2061 1331; x_wconf 66' lang='lat' dir='ltr'><strong>Romae</strong></span> 
     </span>
    </p>
   </div>
   <div class='ocr_carea' id='block_1_14' title="bbox 484 1369 2059 1453">
    <p class='ocr_par' dir='ltr' id='par_1_14' title="bbox 484 1369 2059 1453">
     <span class='ocr_line' id='line_1_14' title="bbox 484 1369 2059 1453; baseline -0.008 -18"><span class='ocrx_word' id='word_1_76' title='bbox 484 1382 838 1453; x_wconf 62' lang='lat' dir='ltr'><strong>prtefuerunt,</strong></span> <span class='ocrx_word' id='word_1_77' title='bbox 881 1380 987 1433; x_wconf 89' lang='lat' dir='ltr'><strong>hoc</strong></span> <span class='ocrx_word' id='word_1_78' title='bbox 1036 1386 1143 1442; x_wconf 91' lang='lat' dir='ltr'><strong>est,</strong></span> <span class='ocrx_word' id='word_1_79' title='bbox 1181 1393 1211 1430; x_wconf 84' lang='lat' dir='ltr'><strong>a</strong></span> <span class='ocrx_word' id='word_1_80' title='bbox 1260 1373 1598 1444; x_wconf 78' lang='lat' dir='ltr'><strong>sexagesima</strong></span> <span class='ocrx_word' id='word_1_81' title='bbox 1646 1381 1838 1426; x_wconf 86' lang='lat' dir='ltr'><strong>octava</strong></span> <span class='ocrx_word' id='word_1_82' title='bbox 1871 1369 2059 1441; x_wconf 87' lang='lat' dir='ltr'><strong>Olym-</strong></span> 
     </span>
    </p>
   </div>
   <div class='ocr_carea' id='block_1_15' title="bbox 487 1458 2062 1543">
    <p class='ocr_par' dir='ltr' id='par_1_15' title="bbox 487 1458 2062 1543">
     <span class='ocr_line' id='line_1_15' title="bbox 487 1458 2062 1543; baseline -0.011 -14"><span class='ocrx_word' id='word_1_83' title='bbox 487 1473 648 1543; x_wconf 90' lang='lat' dir='ltr'><strong>piade</strong></span> <span class='ocrx_word' id='word_1_84' title='bbox 680 1485 851 1539; x_wconf 90' lang='lat' dir='ltr'><strong>usque</strong></span> <span class='ocrx_word' id='word_1_85' title='bbox 896 1469 962 1523; x_wconf 92' lang='lat' dir='ltr'><strong>ad</strong></span> <span class='ocrx_word' id='word_1_86' title='bbox 1009 1481 1255 1532; x_wconf 68' lang='lat' dir='ltr'><strong>ccxxx&quot;,</strong></span> <span class='ocrx_word' id='word_1_87' title='bbox 1294 1480 1415 1520; x_wconf 90' lang='lat' dir='ltr'><strong>cum</strong></span> <span class='ocrx_word' id='word_1_88' title='bbox 1449 1461 1723 1524; x_wconf 81' lang='lat' dir='ltr'><strong>consules,</strong></span> <span class='ocrx_word' id='word_1_89' title='bbox 1766 1458 1908 1515; x_wconf 79' lang='lat' dir='ltr'><strong>Julio</strong></span> <span class='ocrx_word' id='word_1_90' title='bbox 1947 1459 2062 1512; x_wconf 69' lang='lat' dir='ltr'><strong>Ca3-</strong></span> 
     </span>
    </p>
   </div>
   <div class='ocr_carea' id='block_1_16' title="bbox 484 1552 2061 1629">
    <p class='ocr_par' dir='ltr' id='par_1_16' title="bbox 484 1552 2061 1629">
     <span class='ocr_line' id='line_1_16' title="bbox 484 1552 2061 1629; baseline -0.01 -10"><span class='ocrx_word' id='word_1_91' title='bbox 484 1580 609 1619; x_wconf 87' lang='lat' dir='ltr'><strong>sare</strong></span> <span class='ocrx_word' id='word_1_92' title='bbox 647 1563 821 1617; x_wconf 86' lang='lat' dir='ltr'><strong>solum</strong></span> <span class='ocrx_word' id='word_1_93' title='bbox 852 1561 1175 1629; x_wconf 85' lang='lat' dir='ltr'><strong>imperante,</strong></span> <span class='ocrx_word' id='word_1_94' title='bbox 1212 1571 1332 1610; x_wconf 89' lang='lat' dir='ltr'><strong>esse</strong></span> <span class='ocrx_word' id='word_1_95' title='bbox 1356 1556 1660 1609; x_wconf 89' lang='lat' dir='ltr'><strong>desierunt.</strong></span> <span class='ocrx_word' id='word_1_96' title='bbox 1683 1552 1884 1619; x_wconf 80' lang='lat' dir='ltr'><strong>Quinto</strong></span> <span class='ocrx_word' id='word_1_97' title='bbox 1920 1552 2061 1605; x_wconf 88' lang='lat' dir='ltr'><strong>libro</strong></span> 
     </span>
    </p>
   </div>
   <div class='ocr_carea' id='block_1_17' title="bbox 484 1644 2062 1722">
    <p class='ocr_par' dir='ltr' id='par_1_17' title="bbox 484 1644 2062 1722">
     <span class='ocr_line' id='line_1_17' title="bbox 484 1644 2062 1722; baseline -0.01 -10"><span class='ocrx_word' id='word_1_98' title='bbox 484 1672 546 1712; x_wconf 86' lang='lat' dir='ltr'><strong>ea</strong></span> <span class='ocrx_word' id='word_1_99' title='bbox 595 1663 910 1717; x_wconf 86' lang='lat' dir='ltr'><strong>narrantur,</strong></span> <span class='ocrx_word' id='word_1_100' title='bbox 952 1666 1071 1722; x_wconf 76' lang='lat' dir='ltr'><strong>qua:</strong></span> <span class='ocrx_word' id='word_1_101' title='bbox 1103 1668 1133 1704; x_wconf 89' lang='lat' dir='ltr'><strong>a</strong></span> <span class='ocrx_word' id='word_1_102' title='bbox 1177 1649 1302 1704; x_wconf 87' lang='lat' dir='ltr'><strong>Julii</strong></span> <span class='ocrx_word' id='word_1_103' title='bbox 1346 1646 1577 1701; x_wconf 68' lang='lat' dir='ltr'><strong>Caesaris</strong></span> <span class='ocrx_word' id='word_1_104' title='bbox 1620 1644 1847 1713; x_wconf 81' lang='lat' dir='ltr'><strong>imperio</strong></span> <span class='ocrx_word' id='word_1_105' title='bbox 1892 1655 2062 1710; x_wconf 90' lang='lat' dir='ltr'><strong>usque</strong></span> 
     </span>
    </p>
   </div>
   <div class='ocr_carea' id='block_1_18' title="bbox 2163 544 3742 619">
    <p class='ocr_par' dir='ltr' id='par_1_18' title="bbox 2163 544 3742 619">
     <span class='ocr_line' id='line_1_18' title="bbox 2163 544 3742 619; baseline 0.007 -23"><span class='ocrx_word' id='word_1_106' title='bbox 2163 544 2225 597; x_wconf 79' lang='grc' dir='ltr'><strong>τὸ</strong></span> <span class='ocrx_word' id='word_1_107' title='bbox 2256 546 2510 615; x_wconf 83' lang='grc' dir='ltr'>πρᾶγμα,</span> <span class='ocrx_word' id='word_1_108' title='bbox 2542 544 2575 615; x_wconf 85' lang='grc' dir='ltr'>ἢ</span> <span class='ocrx_word' id='word_1_109' title='bbox 2606 547 2654 598; x_wconf 86' lang='grc' dir='ltr'>εί</span> <span class='ocrx_word' id='word_1_110' title='bbox 2686 545 2763 617; x_wconf 84' lang='grc' dir='ltr'><strong>μὴ</strong></span> <span class='ocrx_word' id='word_1_111' title='bbox 2813 547 3135 618; x_wconf 77' lang='grc' dir='ltr'><strong>ἐτέτραπτο,</strong></span> <span class='ocrx_word' id='word_1_112' title='bbox 3167 550 3566 619; x_wconf 79' lang='grc' dir='ltr'><strong>παρεστήσατο.</strong></span> <span class='ocrx_word' id='word_1_113' title='bbox 3604 552 3742 607; x_wconf 81' lang='grc' dir='ltr'><strong>’Υπ-</strong></span> 
     </span>
    </p>
   </div>
   <div class='ocr_carea' id='block_1_19' title="bbox 2168 636 3492 713">
    <p class='ocr_par' dir='ltr' id='par_1_19' title="bbox 2168 636 3492 713">
     <span class='ocr_line' id='line_1_19' title="bbox 2168 636 3492 713; baseline 0.003 -22"><span class='ocrx_word' id='word_1_114' title='bbox 2168 639 2430 708; x_wconf 86' lang='grc' dir='ltr'><strong>ισχνεῖται</strong></span> <span class='ocrx_word' id='word_1_115' title='bbox 2457 638 2515 692; x_wconf 82' lang='grc' dir='ltr'>δὲ</span> <span class='ocrx_word' id='word_1_116' title='bbox 2542 638 2637 691; x_wconf 79' lang='grc' dir='ltr'>καὶ</span> <span class='ocrx_word' id='word_1_117' title='bbox 2676 639 2938 710; x_wconf 77' lang='grc' dir='ltr'><strong>ἀληθείας</strong></span> <span class='ocrx_word' id='word_1_118' title='bbox 2974 636 3115 694; x_wconf 71' lang='grc' dir='ltr'>εἴναι</span> <span class='ocrx_word' id='word_1_119' title='bbox 3144 644 3492 713; x_wconf 83' lang='grc' dir='ltr'><strong>φροντιστής.</strong></span> 
     </span>
    </p>
   </div>
   <div class='ocr_carea' id='block_1_20' title="bbox 2234 730 3741 805">
    <p class='ocr_par' dir='ltr' id='par_1_20' title="bbox 2234 730 3741 805">
     <span class='ocr_line' id='line_1_20' title="bbox 2234 730 3741 805; baseline 0.014 -23"><span class='ocrx_word' id='word_1_120' title='bbox 2234 732 2528 801; x_wconf 78' lang='grc' dir='ltr'><strong>Διαιρεῖται</strong></span> <span class='ocrx_word' id='word_1_121' title='bbox 2554 730 2610 783; x_wconf 88' lang='grc' dir='ltr'>δὲ</span> <span class='ocrx_word' id='word_1_122' title='bbox 2632 731 2781 800; x_wconf 83' lang='grc' dir='ltr'><strong>αὑτῷ</strong></span> <span class='ocrx_word' id='word_1_123' title='bbox 2819 732 2880 784; x_wconf 83' lang='grc' dir='ltr'>τὸ</span> <span class='ocrx_word' id='word_1_124' title='bbox 2907 732 3228 804; x_wconf 86' lang='grc' dir='ltr'>σπούδασμα</span> <span class='ocrx_word' id='word_1_125' title='bbox 3267 736 3347 795; x_wconf 76' lang='grc' dir='ltr'><strong>εἰς</strong></span> <span class='ocrx_word' id='word_1_126' title='bbox 3373 736 3635 805; x_wconf 84' lang='grc' dir='ltr'><strong>τμήματα</strong></span> <span class='ocrx_word' id='word_1_127' title='bbox 3662 736 3741 802; x_wconf 66' lang='grc' dir='ltr'><strong>ἓξ,</strong></span> 
     </span>
    </p>
   </div>
   <div class='ocr_carea' id='block_1_21' title="bbox 2162 818 3745 900">
    <p class='ocr_par' dir='ltr' id='par_1_21' title="bbox 2162 818 3745 900">
     <span class='ocr_line' id='line_1_21' title="bbox 2162 818 3745 900; baseline -0.001 -23"><span class='ocrx_word' id='word_1_128' title='bbox 2162 818 2237 877; x_wconf 81' lang='grc' dir='ltr'><strong>ὧν</strong></span> <span class='ocrx_word' id='word_1_129' title='bbox 2252 822 2312 875; x_wconf 89' lang='grc' dir='ltr'><strong>τὸ</strong></span> <span class='ocrx_word' id='word_1_130' title='bbox 2343 823 2441 892; x_wconf 83' lang='grc' dir='ltr'><strong>μὲν</strong></span> <span class='ocrx_word' id='word_1_131' title='bbox 2464 822 2677 892; x_wconf 86' lang='grc' dir='ltr'>πρῶτον</span> <span class='ocrx_word' id='word_1_132' title='bbox 2704 824 2896 894; x_wconf 87' lang='grc' dir='ltr'>τμῆμα</span> <span class='ocrx_word' id='word_1_133' title='bbox 2928 824 3174 896; x_wconf 86' lang='grc' dir='ltr'><strong>περιέχει</strong></span> <span class='ocrx_word' id='word_1_134' title='bbox 3199 825 3269 879; x_wconf 83' lang='grc' dir='ltr'><strong>τά</strong></span> <span class='ocrx_word' id='word_1_135' title='bbox 3301 826 3408 894; x_wconf 83' lang='grc' dir='ltr'>πρὸ</span> <span class='ocrx_word' id='word_1_136' title='bbox 3431 828 3540 881; x_wconf 83' lang='grc' dir='ltr'><strong>τῶν</strong></span> <span class='ocrx_word' id='word_1_137' title='bbox 3564 830 3745 900; x_wconf 84' lang='grc' dir='ltr'><strong>Τρωῖ-</strong></span> 
     </span>
    </p>
   </div>
   <div class='ocr_carea' id='block_1_22' title="bbox 2162 912 3745 992">
    <p class='ocr_par' dir='ltr' id='par_1_22' title="bbox 2162 912 3745 992">
     <span class='ocr_line' id='line_1_22' title="bbox 2162 912 3745 992; baseline 0.006 -26"><span class='ocrx_word' id='word_1_138' title='bbox 2162 912 2297 977; x_wconf 85' lang='grc' dir='ltr'>κῶν,</span> <span class='ocrx_word' id='word_1_139' title='bbox 2327 912 2389 965; x_wconf 80' lang='grc' dir='ltr'><strong>τὸ</strong></span> <span class='ocrx_word' id='word_1_140' title='bbox 2415 912 2471 967; x_wconf 81' lang='grc' dir='ltr'>δὲ</span> <span class='ocrx_word' id='word_1_141' title='bbox 2501 914 2751 985; x_wconf 90' lang='grc' dir='ltr'>δεύτερον</span> <span class='ocrx_word' id='word_1_142' title='bbox 2782 918 2851 969; x_wconf 76' lang='grc' dir='ltr'>τὰ</span> <span class='ocrx_word' id='word_1_143' title='bbox 2872 916 2983 970; x_wconf 81' lang='grc' dir='ltr'><strong>ἀπὸ</strong></span> <span class='ocrx_word' id='word_1_144' title='bbox 3027 918 3180 970; x_wconf 87' lang='grc' dir='ltr'>Ἰλίου</span> <span class='ocrx_word' id='word_1_145' title='bbox 3217 917 3473 983; x_wconf 77' lang='grc' dir='ltr'><strong>ἁλώσεως</strong></span> <span class='ocrx_word' id='word_1_146' title='bbox 3510 921 3614 985; x_wconf 73' lang='grc' dir='ltr'><strong>ἕως</strong></span> <span class='ocrx_word' id='word_1_147' title='bbox 3642 923 3745 992; x_wconf 78' lang='grc' dir='ltr'><strong>τῆς</strong></span> 
     </span>
    </p>
   </div>
   <div class='ocr_carea' id='block_1_23' title="bbox 2162 1005 3745 1082">
    <p class='ocr_par' dir='ltr' id='par_1_23' title="bbox 2162 1005 3745 1082">
     <span class='ocr_line' id='line_1_23' title="bbox 2162 1005 3745 1082; baseline 0.006 -24"><span class='ocrx_word' id='word_1_148' title='bbox 2162 1006 2392 1069; x_wconf 79' lang='grc' dir='ltr'><strong>κτίσεως</strong></span> <span class='ocrx_word' id='word_1_149' title='bbox 2440 1005 2679 1076; x_wconf 83' lang='grc' dir='ltr'><strong>Ῥώμης,</strong></span> <span class='ocrx_word' id='word_1_150' title='bbox 2719 1007 2780 1060; x_wconf 78' lang='grc' dir='ltr'><strong>τὸ</strong></span> <span class='ocrx_word' id='word_1_151' title='bbox 2808 1008 2865 1062; x_wconf 82' lang='grc' dir='ltr'>δὲ</span> <span class='ocrx_word' id='word_1_152' title='bbox 2893 1008 3078 1079; x_wconf 81' lang='grc' dir='ltr'>τρίτον</span> <span class='ocrx_word' id='word_1_153' title='bbox 3108 1011 3175 1064; x_wconf 80' lang='grc' dir='ltr'><strong>τά</strong></span> <span class='ocrx_word' id='word_1_154' title='bbox 3213 1011 3322 1065; x_wconf 84' lang='grc' dir='ltr'>άπὸ</span> <span class='ocrx_word' id='word_1_155' title='bbox 3367 1012 3469 1082; x_wconf 79' lang='grc' dir='ltr'><strong>τῆς</strong></span> <span class='ocrx_word' id='word_1_156' title='bbox 3509 1015 3745 1077; x_wconf 76' lang='grc' dir='ltr'>κτίσεως</span> 
     </span>
    </p>
   </div>
   <div class='ocr_carea' id='block_1_24' title="bbox 2174 1096 3747 1172">
    <p class='ocr_par' dir='ltr' id='par_1_24' title="bbox 2174 1096 3747 1172">
     <span class='ocr_line' id='line_1_24' title="bbox 2174 1096 3747 1172; baseline 0.006 -23"><span class='ocrx_word' id='word_1_157' title='bbox 2174 1096 2391 1167; x_wconf 85' lang='grc' dir='ltr'>Ῥώμης</span> <span class='ocrx_word' id='word_1_158' title='bbox 2411 1098 2603 1169; x_wconf 80' lang='grc' dir='ltr'><strong>μέχρις</strong></span> <span class='ocrx_word' id='word_1_159' title='bbox 2620 1099 2740 1151; x_wconf 79' lang='grc' dir='ltr'>ὅτου</span> <span class='ocrx_word' id='word_1_160' title='bbox 2768 1100 2813 1132; x_wconf 83' lang='grc'><strong><em>⁶⁶</em></strong></span> <span class='ocrx_word' id='word_1_161' title='bbox 2846 1099 3185 1172; x_wconf 85' lang='grc' dir='ltr'>Ῥωμαίοιςή</span> <span class='ocrx_word' id='word_1_162' title='bbox 3210 1102 3319 1155; x_wconf 84' lang='grc' dir='ltr'><strong>τῶν</strong></span> <span class='ocrx_word' id='word_1_163' title='bbox 3368 1104 3592 1158; x_wconf 83' lang='grc' dir='ltr'>ὑπάτων</span> <span class='ocrx_word' id='word_1_164' title='bbox 3632 1107 3747 1158; x_wconf 77' lang='lat' dir='ltr'><strong>sia-</strong></span> 
     </span>
    </p>
   </div>
   <div class='ocr_carea' id='block_1_25' title="bbox 2162 1191 3747 1269">
    <p class='ocr_par' dir='ltr' id='par_1_25' title="bbox 2162 1191 3747 1269">
     <span class='ocr_line' id='line_1_25' title="bbox 2162 1191 3747 1269; baseline 0.006 -26"><span class='ocrx_word' id='word_1_165' title='bbox 2162 1191 2301 1262; x_wconf 84' lang='grc' dir='ltr'>ήχθη</span> <span class='ocrx_word' id='word_1_166' title='bbox 2338 1192 2606 1262; x_wconf 74' lang='grc' dir='ltr'><strong>ἡγεμονία</strong></span> <span class='ocrx_word' id='word_1_167' title='bbox 2631 1192 2967 1246; x_wconf 84' lang='grc' dir='ltr'>καταλύσασι</span> <span class='ocrx_word' id='word_1_168' title='bbox 2995 1194 3120 1255; x_wconf 81' lang='grc' dir='ltr'><strong>τοὺς</strong></span> <span class='ocrx_word' id='word_1_169' title='bbox 3159 1194 3410 1263; x_wconf 79' lang='grc' dir='ltr'><strong>βασιλέας</strong></span> <span class='ocrx_word' id='word_1_170' title='bbox 3431 1240 3445 1261; x_wconf 86' lang='grc'><strong>,</strong></span> <span class='ocrx_word' id='word_1_171' title='bbox 3482 1200 3623 1251; x_wconf 75' lang='grc' dir='ltr'>κατὰ</span> <span class='ocrx_word' id='word_1_172' title='bbox 3648 1199 3747 1269; x_wconf 76' lang='grc' dir='ltr'><strong>τὴν</strong></span> 
     </span>
    </p>
   </div>
   <div class='ocr_carea' id='block_1_26' title="bbox 2162 1283 3745 1361">
    <p class='ocr_par' dir='ltr' id='par_1_26' title="bbox 2162 1283 3745 1361">
     <span class='ocr_line' id='line_1_26' title="bbox 2162 1283 3745 1361; baseline 0.005 -26"><span class='ocrx_word' id='word_1_173' title='bbox 2162 1283 2355 1353; x_wconf 83' lang='grc' dir='ltr'><strong>ὀγδόην</strong></span> <span class='ocrx_word' id='word_1_174' title='bbox 2395 1285 2492 1337; x_wconf 71' lang='lat' dir='ltr'><strong>mi.</strong></span> <span class='ocrx_word' id='word_1_175' title='bbox 2535 1285 2833 1357; x_wconf 78' lang='grc' dir='ltr'><strong>ἑξηκοστὴν</strong></span> <span class='ocrx_word' id='word_1_176' title='bbox 2869 1286 3233 1357; x_wconf 84' lang='grc' dir='ltr'>Ὀλυμπιάδα⁶</span> <span class='ocrx_word' id='word_1_177' title='bbox 3275 1291 3337 1343; x_wconf 77' lang='grc' dir='ltr'>τὸ</span> <span class='ocrx_word' id='word_1_178' title='bbox 3371 1290 3428 1343; x_wconf 78' lang='grc' dir='ltr'>δὲ</span> <span class='ocrx_word' id='word_1_179' title='bbox 3459 1292 3745 1361; x_wconf 82' lang='grc' dir='ltr'>τέταρτον,</span> 
     </span>
    </p>
   </div>
   <div class='ocr_carea' id='block_1_27' title="bbox 2161 1368 3748 1453">
    <p class='ocr_par' dir='ltr' id='par_1_27' title="bbox 2161 1368 3748 1453">
     <span class='ocr_line' id='line_1_27' title="bbox 2161 1368 3748 1453; baseline 0.005 -26"><span class='ocrx_word' id='word_1_180' title='bbox 2161 1372 2222 1438; x_wconf 73' lang='grc' dir='ltr'>ἐξ</span> <span class='ocrx_word' id='word_1_181' title='bbox 2248 1368 2419 1445; x_wconf 74' lang='grc' dir='ltr'>οὗπερ</span> <span class='ocrx_word' id='word_1_182' title='bbox 2458 1374 2744 1445; x_wconf 84' lang='grc' dir='ltr'><strong>Ῥωμαίων</strong></span> <span class='ocrx_word' id='word_1_183' title='bbox 2777 1376 3050 1447; x_wconf 81' lang='grc' dir='ltr'><strong>ἡγήσαντο</strong></span> <span class='ocrx_word' id='word_1_184' title='bbox 3088 1378 3317 1446; x_wconf 79' lang='grc' dir='ltr'>ὕπατοι,</span> <span class='ocrx_word' id='word_1_185' title='bbox 3342 1379 3462 1450; x_wconf 82' lang='grc' dir='ltr'>ῆτοι</span> <span class='ocrx_word' id='word_1_186' title='bbox 3510 1381 3621 1434; x_wconf 83' lang='grc' dir='ltr'>άπὸ</span> <span class='ocrx_word' id='word_1_187' title='bbox 3647 1382 3748 1453; x_wconf 84' lang='grc' dir='ltr'><strong>τῆς</strong></span> 
     </span>
    </p>
   </div>
   <div class='ocr_carea' id='block_1_28' title="bbox 2160 1468 3749 1541">
    <p class='ocr_par' dir='ltr' id='par_1_28' title="bbox 2160 1468 3749 1541">
     <span class='ocr_line' id='line_1_28' title="bbox 2160 1468 3749 1541; baseline 0.004 -20"><span class='ocrx_word' id='word_1_188' title='bbox 2160 1469 2352 1539; x_wconf 84' lang='grc' dir='ltr'><strong>ὀγδόης</strong></span> <span class='ocrx_word' id='word_1_189' title='bbox 2378 1468 2473 1522; x_wconf 75' lang='grc' dir='ltr'><strong>καὶ</strong></span> <span class='ocrx_word' id='word_1_190' title='bbox 2512 1470 2812 1540; x_wconf 75' lang='grc' dir='ltr'><strong>ἑξηκοστῆς</strong></span> <span class='ocrx_word' id='word_1_191' title='bbox 2852 1471 3239 1541; x_wconf 79' lang='grc' dir='ltr'><strong>Ὀλυμπιάδος,</strong></span> <span class='ocrx_word' id='word_1_192' title='bbox 3278 1472 3441 1541; x_wconf 86' lang='grc' dir='ltr'><strong>μέχρι</strong></span> <span class='ocrx_word' id='word_1_193' title='bbox 3484 1472 3749 1541; x_wconf 79' lang='grc' dir='ltr'><strong>δευτέρας</strong></span> 
     </span>
    </p>
   </div>
   <div class='ocr_carea' id='block_1_29' title="bbox 2162 1563 3746 1637">
    <p class='ocr_par' dir='ltr' id='par_1_29' title="bbox 2162 1563 3746 1637">
     <span class='ocr_line' id='line_1_29' title="bbox 2162 1563 3746 1637; baseline 0.005 -23"><span class='ocrx_word' id='word_1_194' title='bbox 2162 1563 2253 1615; x_wconf 78' lang='grc' dir='ltr'>καὶ</span> <span class='ocrx_word' id='word_1_195' title='bbox 2279 1563 2645 1633; x_wconf 70' lang='grc' dir='ltr'><strong>ὀγδοηκοστῆς</strong></span> <span class='ocrx_word' id='word_1_196' title='bbox 2679 1564 2771 1617; x_wconf 73' lang='grc' dir='ltr'>καὶ</span> <span class='ocrx_word' id='word_1_197' title='bbox 2800 1564 3093 1633; x_wconf 77' lang='grc' dir='ltr'><strong>ἑκατοστῆς</strong></span> <span class='ocrx_word' id='word_1_198' title='bbox 3122 1564 3205 1619; x_wconf 78' lang='grc'><strong>[51</strong></span> <span class='ocrx_word' id='word_1_199' title='bbox 3248 1564 3338 1637; x_wconf 86' lang='grc' dir='ltr'><strong>Η.]</strong></span> <span class='ocrx_word' id='word_1_200' title='bbox 3356 1567 3746 1637; x_wconf 81' lang='grc' dir='ltr'><strong>Ὀλυμπιάδος,</strong></span> 
     </span>
    </p>
   </div>
   <div class='ocr_carea' id='block_1_30' title="bbox 2163 1647 3747 1731">
    <p class='ocr_par' dir='ltr' id='par_1_30' title="bbox 2163 1647 3747 1731">
     <span class='ocr_line' id='line_1_30' title="bbox 2163 1647 3747 1731; baseline 0.005 -25"><span class='ocrx_word' id='word_1_201' title='bbox 2163 1647 2224 1708; x_wconf 72' lang='grc' dir='ltr'>οὗ</span> <span class='ocrx_word' id='word_1_202' title='bbox 2255 1655 2348 1709; x_wconf 72' lang='grc' dir='ltr'><strong>καὶ</strong></span> <span class='ocrx_word' id='word_1_203' title='bbox 2381 1653 2570 1724; x_wconf 78' lang='grc' dir='ltr'>ἔληξεν</span> <span class='ocrx_word' id='word_1_204' title='bbox 2608 1657 2639 1725; x_wconf 80' lang='grc' dir='ltr'>ὴ</span> <span class='ocrx_word' id='word_1_205' title='bbox 2665 1655 2887 1725; x_wconf 83' lang='grc' dir='ltr'><strong>τοιαύτη</strong></span> <span class='ocrx_word' id='word_1_206' title='bbox 2924 1656 3302 1727; x_wconf 82' lang='grc' dir='ltr'>ἀρχὴίουλίου</span> <span class='ocrx_word' id='word_1_207' title='bbox 3334 1658 3430 1712; x_wconf 77' lang='grc' dir='ltr'>τοῦ</span> <span class='ocrx_word' id='word_1_208' title='bbox 3460 1661 3747 1731; x_wconf 83' lang='grc' dir='ltr'>Καίσαρος</span> 
     </span>
    </p>
   </div>
   <div class='ocr_carea' id='block_1_31' title="bbox 485 1737 2061 1822">
    <p class='ocr_par' dir='ltr' id='par_1_31' title="bbox 485 1737 2056 1817">
     <span class='ocr_line' id='line_1_31' title="bbox 485 1737 2056 1817; baseline -0.01 -13"><span class='ocrx_word' id='word_1_209' title='bbox 485 1748 612 1804; x_wconf 90' lang='lat' dir='ltr'><strong>dum</strong></span> <span class='ocrx_word' id='word_1_210' title='bbox 645 1746 957 1817; x_wconf 59' lang='lat' dir='ltr'><strong>Byzantinus</strong></span> <span class='ocrx_word' id='word_1_211' title='bbox 995 1743 1146 1797; x_wconf 87' lang='lat' dir='ltr'><strong>urbis</strong></span> <span class='ocrx_word' id='word_1_212' title='bbox 1179 1742 1345 1810; x_wconf 82' lang='lat' dir='ltr'><strong>gloria</strong></span> <span class='ocrx_word' id='word_1_213' title='bbox 1378 1756 1440 1792; x_wconf 89' lang='lat' dir='ltr'><strong>ac</strong></span> <span class='ocrx_word' id='word_1_214' title='bbox 1466 1740 1635 1792; x_wconf 90' lang='lat' dir='ltr'><strong>virtus</strong></span> <span class='ocrx_word' id='word_1_215' title='bbox 1686 1737 1752 1791; x_wconf 88' lang='lat' dir='ltr'><strong>ad</strong></span> <span class='ocrx_word' id='word_1_216' title='bbox 1789 1750 2056 1791; x_wconf 91' lang='lat' dir='ltr'><strong>summum</strong></span> 
     </span>
    </p>
   </div>
   <div class='ocr_carea' id='block_1_32' title="bbox 2173 1737 3750 1822">
    <p class='ocr_par' dir='ltr' id='par_1_32' title="bbox 2173 1745 3750 1822">
     <span class='ocr_line' id='line_1_32' title="bbox 2173 1745 3750 1822; baseline 0.007 -26"><span class='ocrx_word' id='word_1_217' title='bbox 2173 1746 2627 1818; x_wconf 81' lang='grc' dir='ltr'>μοναρχήσαντος.</span> <span class='ocrx_word' id='word_1_218' title='bbox 2665 1745 2737 1799; x_wconf 73' lang='lat' dir='ltr'><strong>To</strong></span> <span class='ocrx_word' id='word_1_219' title='bbox 2774 1746 2831 1800; x_wconf 80' lang='grc' dir='ltr'>δὲ</span> <span class='ocrx_word' id='word_1_220' title='bbox 2862 1748 3114 1816; x_wconf 80' lang='grc' dir='ltr'>πέμπτον</span> <span class='ocrx_word' id='word_1_221' title='bbox 3150 1750 3349 1819; x_wconf 84' lang='grc' dir='ltr'><strong>τμῆμα</strong></span> <span class='ocrx_word' id='word_1_222' title='bbox 3389 1752 3635 1822; x_wconf 86' lang='grc' dir='ltr'>περιέχει</span> <span class='ocrx_word' id='word_1_223' title='bbox 3680 1754 3750 1807; x_wconf 77' lang='grc' dir='ltr'>τὰ</span> 
     </span>
    </p>
   </div>
   <div class='ocr_carea' id='block_1_33' title="bbox 483 1821 2061 1911">
    <p class='ocr_par' dir='ltr' id='par_1_33' title="bbox 483 1828 2061 1908">
     <span class='ocr_line' id='line_1_33' title="bbox 483 1828 2061 1908; baseline -0.008 -16"><span class='ocrx_word' id='word_1_224' title='bbox 483 1839 745 1908; x_wconf 86' lang='lat' dir='ltr'><strong>perducta</strong></span> <span class='ocrx_word' id='word_1_225' title='bbox 778 1847 880 1902; x_wconf 91' lang='lat' dir='ltr'><strong>est,</strong></span> <span class='ocrx_word' id='word_1_226' title='bbox 924 1836 1292 1903; x_wconf 85' lang='lat' dir='ltr'><strong>contigerunt,</strong></span> <span class='ocrx_word' id='word_1_227' title='bbox 1330 1830 1650 1901; x_wconf 86' lang='lat' dir='ltr'><strong>Olympiade</strong></span> <span class='ocrx_word' id='word_1_228' title='bbox 1689 1844 1937 1883; x_wconf 74' lang='lat' dir='ltr'><strong>ccuxvu</strong></span> <span class='ocrx_word' id='word_1_229' title='bbox 1980 1828 2061 1880; x_wconf 80' lang='lat' dir='ltr'><strong>in-</strong></span> 
     </span>
    </p>
   </div>
   <div class='ocr_carea' id='block_1_34' title="bbox 2173 1821 3747 1911">
    <p class='ocr_par' dir='ltr' id='par_1_34' title="bbox 2173 1821 3747 1911">
     <span class='ocr_line' id='line_1_34' title="bbox 2173 1821 3747 1911; baseline 0.006 -25"><span class='ocrx_word' id='word_1_230' title='bbox 2173 1836 2273 1888; x_wconf 79' lang='grc' dir='ltr'>άπὸ</span> <span class='ocrx_word' id='word_1_231' title='bbox 2323 1837 2421 1904; x_wconf 81' lang='grc' dir='ltr'><strong>τῆς</strong></span> <span class='ocrx_word' id='word_1_232' title='bbox 2467 1835 2685 1889; x_wconf 86' lang='grc' dir='ltr'>Ἰουλίου</span> <span class='ocrx_word' id='word_1_233' title='bbox 2726 1836 2820 1889; x_wconf 77' lang='grc' dir='ltr'><strong>τοῦ</strong></span> <span class='ocrx_word' id='word_1_234' title='bbox 2864 1837 3141 1903; x_wconf 85' lang='grc' dir='ltr'>Καίσαρος</span> <span class='ocrx_word' id='word_1_235' title='bbox 3196 1821 3498 1911; x_wconf 81' lang='grc' dir='ltr'><strong>μοναρχίας</strong></span> <span class='ocrx_word' id='word_1_236' title='bbox 3552 1821 3747 1911; x_wconf 87' lang='grc' dir='ltr'><strong>μέχρις</strong></span> 
     </span>
    </p>
   </div>
   <div class='ocr_carea' id='block_1_35' title="bbox 484 1922 2062 1993">
    <p class='ocr_par' dir='ltr' id='par_1_35' title="bbox 484 1922 2062 1993">
     <span class='ocr_line' id='line_1_35' title="bbox 484 1922 2062 1993; baseline -0.006 -8"><span class='ocrx_word' id='word_1_237' title='bbox 484 1931 736 1985; x_wconf 86' lang='lat' dir='ltr'><strong>cboante.</strong></span> <span class='ocrx_word' id='word_1_238' title='bbox 760 1926 1107 1989; x_wconf 83' lang='lat' dir='ltr'><strong>Sextolibro,</strong></span> <span class='ocrx_word' id='word_1_239' title='bbox 1137 1940 1202 1979; x_wconf 80' lang='lat' dir='ltr'><strong>ex</strong></span> <span class='ocrx_word' id='word_1_240' title='bbox 1228 1938 1334 1993; x_wconf 86' lang='lat' dir='ltr'><strong>quo</strong></span> <span class='ocrx_word' id='word_1_241' title='bbox 1355 1923 1768 1979; x_wconf 78' lang='lat' dir='ltr'><strong>Constantinum</strong></span> <span class='ocrx_word' id='word_1_242' title='bbox 1795 1922 2062 1975; x_wconf 88' lang='lat' dir='ltr'><strong>Constan-</strong></span> 
     </span>
    </p>
   </div>
   <div class='ocr_carea' id='block_1_36' title="bbox 487 2014 2056 2089">
    <p class='ocr_par' dir='ltr' id='par_1_36' title="bbox 487 2014 2056 2089">
     <span class='ocr_line' id='line_1_36' title="bbox 487 2014 2056 2089; baseline -0.005 -15"><span class='ocrx_word' id='word_1_243' title='bbox 487 2020 742 2089; x_wconf 87' lang='lat' dir='ltr'><strong>tinopolis</strong></span> <span class='ocrx_word' id='word_1_244' title='bbox 793 2033 987 2088; x_wconf 81' lang='lat' dir='ltr'><strong>magno</strong></span> <span class='ocrx_word' id='word_1_245' title='bbox 1022 2032 1122 2073; x_wconf 90' lang='lat' dir='ltr'><strong>suo</strong></span> <span class='ocrx_word' id='word_1_246' title='bbox 1147 2017 1287 2070; x_wconf 91' lang='lat' dir='ltr'><strong>bono</strong></span> <span class='ocrx_word' id='word_1_247' title='bbox 1326 2023 1480 2068; x_wconf 88' lang='lat' dir='ltr'><strong>nacta</strong></span> <span class='ocrx_word' id='word_1_248' title='bbox 1516 2020 1602 2069; x_wconf 83' lang='lat' dir='ltr'><strong>est</strong></span> <span class='ocrx_word' id='word_1_249' title='bbox 1650 2014 2056 2082; x_wconf 89' lang='lat' dir='ltr'><strong>imperatorem,</strong></span> 
     </span>
    </p>
   </div>
   <div class='ocr_carea' id='block_1_37' title="bbox 487 2108 2059 2180">
    <p class='ocr_par' dir='ltr' id='par_1_37' title="bbox 487 2108 2059 2180">
     <span class='ocr_line' id='line_1_37' title="bbox 487 2108 2059 2180; baseline -0.006 -15"><span class='ocrx_word' id='word_1_250' title='bbox 487 2127 658 2180; x_wconf 88' lang='lat' dir='ltr'><strong>usque</strong></span> <span class='ocrx_word' id='word_1_251' title='bbox 681 2112 745 2164; x_wconf 88' lang='lat' dir='ltr'><strong>ad</strong></span> <span class='ocrx_word' id='word_1_252' title='bbox 784 2108 1060 2163; x_wconf 83' lang='lat' dir='ltr'><strong>Anastasii</strong></span> <span class='ocrx_word' id='word_1_253' title='bbox 1113 2121 1397 2161; x_wconf 86' lang='lat' dir='ltr'><strong>excessum</strong></span> <span class='ocrx_word' id='word_1_254' title='bbox 1446 2114 1598 2175; x_wconf 88' lang='lat' dir='ltr'><strong>gesta</strong></span> <span class='ocrx_word' id='word_1_255' title='bbox 1632 2114 1852 2169; x_wconf 87' lang='lat' dir='ltr'><strong>narrat;</strong></span> <span class='ocrx_word' id='word_1_256' title='bbox 1899 2117 2059 2171; x_wconf 86' lang='lat' dir='ltr'><strong>quem</strong></span> 
     </span>
    </p>
   </div>
   <div class='ocr_carea' id='block_1_38' title="bbox 486 2194 2059 2269">
    <p class='ocr_par' dir='ltr' id='par_1_38' title="bbox 486 2194 2059 2269">
     <span class='ocr_line' id='line_1_38' title="bbox 486 2194 2059 2269; baseline -0.008 -10"><span class='ocrx_word' id='word_1_257' title='bbox 486 2204 758 2259; x_wconf 69' lang='lat' dir='ltr'><strong>Caesarem</strong></span> <span class='ocrx_word' id='word_1_258' title='bbox 788 2201 1017 2269; x_wconf 89' lang='lat' dir='ltr'><strong>scriptor</strong></span> <span class='ocrx_word' id='word_1_259' title='bbox 1048 2200 1132 2254; x_wconf 91' lang='lat' dir='ltr'><strong>hic</strong></span> <span class='ocrx_word' id='word_1_260' title='bbox 1161 2197 1467 2262; x_wconf 89' lang='lat' dir='ltr'><strong>clementia,</strong></span> <span class='ocrx_word' id='word_1_261' title='bbox 1498 2211 1560 2250; x_wconf 90' lang='lat' dir='ltr'><strong>ac</strong></span> <span class='ocrx_word' id='word_1_262' title='bbox 1579 2194 1907 2265; x_wconf 80' lang='lat' dir='ltr'><strong>benignitate</strong></span> <span class='ocrx_word' id='word_1_263' title='bbox 1926 2195 2059 2264; x_wconf 76' lang='lat' dir='ltr'><strong>(6i),</strong></span> 
     </span>
    </p>
   </div>
   <div class='ocr_carea' id='block_1_39' title="bbox 489 2286 2060 2361">
    <p class='ocr_par' dir='ltr' id='par_1_39' title="bbox 489 2286 2060 2361">
     <span class='ocr_line' id='line_1_39' title="bbox 489 2286 2060 2361; baseline -0.006 -13"><span class='ocrx_word' id='word_1_264' title='bbox 489 2296 671 2349; x_wconf 84' lang='lat' dir='ltr'><strong>nescio</strong></span> <span class='ocrx_word' id='word_1_265' title='bbox 700 2292 997 2361; x_wconf 77' lang='lat' dir='ltr'><strong>quomodo,</strong></span> <span class='ocrx_word' id='word_1_266' title='bbox 1024 2290 1203 2342; x_wconf 88' lang='lat' dir='ltr'><strong>multis</strong></span> <span class='ocrx_word' id='word_1_267' title='bbox 1226 2286 1603 2342; x_wconf 85' lang='lat' dir='ltr'><strong>antecelluisse</strong></span> <span class='ocrx_word' id='word_1_268' title='bbox 1622 2287 1879 2354; x_wconf 63' lang='lat' dir='ltr'><strong>prtedicat</strong></span> <span class='ocrx_word' id='word_1_269' title='bbox 1916 2304 1929 2339; x_wconf 87' lang='lat'><strong>:</strong></span> <span class='ocrx_word' id='word_1_270' title='bbox 1964 2300 2060 2340; x_wconf 83' lang='lat' dir='ltr'><strong>cu-</strong></span> 
     </span>
    </p>
   </div>
   <div class='ocr_carea' id='block_1_40' title="bbox 482 2377 2062 2456">
    <p class='ocr_par' dir='ltr' id='par_1_40' title="bbox 482 2377 2062 2456">
     <span class='ocr_line' id='line_1_40' title="bbox 482 2377 2062 2456; baseline -0.004 -16"><span class='ocrx_word' id='word_1_271' title='bbox 482 2386 572 2456; x_wconf 81' lang='lat' dir='ltr'><strong>jus</strong></span> <span class='ocrx_word' id='word_1_272' title='bbox 599 2387 780 2439; x_wconf 89' lang='lat' dir='ltr'><strong>obitus</strong></span> <span class='ocrx_word' id='word_1_273' title='bbox 803 2386 853 2437; x_wconf 91' lang='lat' dir='ltr'><strong>in</strong></span> <span class='ocrx_word' id='word_1_274' title='bbox 882 2382 1221 2436; x_wconf 87' lang='lat' dir='ltr'><strong>undecimam</strong></span> <span class='ocrx_word' id='word_1_275' title='bbox 1255 2380 1443 2433; x_wconf 87' lang='lat' dir='ltr'><strong>indicit</strong></span> <span class='ocrx_word' id='word_1_276' title='bbox 1472 2379 1842 2443; x_wconf 87' lang='lat' dir='ltr'><strong>indictionem,</strong></span> <span class='ocrx_word' id='word_1_277' title='bbox 1865 2377 2062 2448; x_wconf 85' lang='lat' dir='ltr'><strong>Magno</strong></span> 
     </span>
    </p>
   </div>
   <div class='ocr_carea' id='block_1_41' title="bbox 487 2470 2058 2544">
    <p class='ocr_par' dir='ltr' id='par_1_41' title="bbox 487 2470 2058 2544">
     <span class='ocr_line' id='line_1_41' title="bbox 487 2470 2058 2544; baseline -0.006 -11"><span class='ocrx_word' id='word_1_278' title='bbox 487 2479 707 2533; x_wconf 77' lang='lat' dir='ltr'><strong>consule</strong></span> <span class='ocrx_word' id='word_1_279' title='bbox 756 2478 874 2529; x_wconf 91' lang='lat' dir='ltr'><strong>sine</strong></span> <span class='ocrx_word' id='word_1_280' title='bbox 926 2476 1153 2544; x_wconf 82' lang='lat' dir='ltr'><strong>collega.</strong></span> <span class='ocrx_word' id='word_1_281' title='bbox 1200 2471 1525 2541; x_wconf 82' lang='lat' dir='ltr'><strong>Temporum</strong></span> <span class='ocrx_word' id='word_1_282' title='bbox 1584 2485 1712 2525; x_wconf 89' lang='lat' dir='ltr'><strong>vero</strong></span> <span class='ocrx_word' id='word_1_283' title='bbox 1760 2470 2058 2539; x_wconf 85' lang='lat' dir='ltr'><strong>periodus,</strong></span> 
     </span>
    </p>
   </div>
   <div class='ocr_carea' id='block_1_42' title="bbox 486 2568 1985 2643">
    <p class='ocr_par' dir='ltr' id='par_1_42' title="bbox 486 2568 1985 2643">
     <span class='ocr_line' id='line_1_42' title="bbox 486 2568 1985 2643; baseline -0.008 -16"><span class='ocrx_word' id='word_1_284' title='bbox 486 2589 591 2643; x_wconf 86' lang='lat' dir='ltr'><strong>qua</strong></span> <span class='ocrx_word' id='word_1_285' title='bbox 625 2572 850 2627; x_wconf 86' lang='lat' dir='ltr'><strong>historia</strong></span> <span class='ocrx_word' id='word_1_286' title='bbox 890 2569 975 2623; x_wconf 88' lang='lat' dir='ltr'><strong>illa</strong></span> <span class='ocrx_word' id='word_1_287' title='bbox 1000 2568 1321 2631; x_wconf 87' lang='lat' dir='ltr'><strong>absolvitur,</strong></span> <span class='ocrx_word' id='word_1_288' title='bbox 1356 2580 1622 2619; x_wconf 91' lang='lat' dir='ltr'><strong>annorum</strong></span> <span class='ocrx_word' id='word_1_289' title='bbox 1647 2574 1833 2619; x_wconf 82' lang='lat' dir='ltr'><strong>estcto</strong></span> <span class='ocrx_word' id='word_1_290' title='bbox 1865 2578 1985 2618; x_wconf 80' lang='lat' dir='ltr'><strong>cxc.</strong></span> 
     </span>
    </p>
   </div>
   <div class='ocr_carea' id='block_1_43' title="bbox 558 2828 2063 2904">
    <p class='ocr_par' dir='ltr' id='par_1_43' title="bbox 558 2828 2063 2904">
     <span class='ocr_line' id='line_1_43' title="bbox 558 2828 2063 2904; baseline -0.004 -15"><span class='ocrx_word' id='word_1_291' title='bbox 558 2835 812 2904; x_wconf 83' lang='lat' dir='ltr'><strong>Legimus</strong></span> <span class='ocrx_word' id='word_1_292' title='bbox 837 2834 963 2887; x_wconf 87' lang='lat' dir='ltr'><strong>item</strong></span> <span class='ocrx_word' id='word_1_293' title='bbox 990 2832 1231 2901; x_wconf 85' lang='lat' dir='ltr'><strong>ejusdem</strong></span> <span class='ocrx_word' id='word_1_294' title='bbox 1258 2828 1511 2902; x_wconf 81' lang='lat' dir='ltr'><strong>llesychii</strong></span> <span class='ocrx_word' id='word_1_295' title='bbox 1540 2829 1652 2901; x_wconf 80' lang='grc'>(65)</span> <span class='ocrx_word' id='word_1_296' title='bbox 1677 2828 1905 2883; x_wconf 87' lang='lat' dir='ltr'><strong>alterum</strong></span> <span class='ocrx_word' id='word_1_297' title='bbox 1928 2844 2063 2898; x_wconf 88' lang='lat' dir='ltr'><strong>opus</strong></span> 
     </span>
    </p>
   </div>
   <div class='ocr_carea' id='block_1_44' title="bbox 486 2922 2064 2994">
    <p class='ocr_par' dir='ltr' id='par_1_44' title="bbox 486 2922 2064 2994">
     <span class='ocr_line' id='line_1_44' title="bbox 486 2922 2064 2994; baseline -0.004 -13"><span class='ocrx_word' id='word_1_298' title='bbox 486 2926 687 2982; x_wconf 83' lang='lat' dir='ltr'><strong>Justini</strong></span> <span class='ocrx_word' id='word_1_299' title='bbox 740 2926 991 2994; x_wconf 70' lang='lat' dir='ltr'><strong>irruperat.</strong></span> <span class='ocrx_word' id='word_1_300' title='bbox 1037 2939 1122 2977; x_wconf 89' lang='lat' dir='ltr'><strong>res</strong></span> <span class='ocrx_word' id='word_1_301' title='bbox 1172 2932 1353 2990; x_wconf 82' lang='lat' dir='ltr'><strong>gestas</strong></span> <span class='ocrx_word' id='word_1_302' title='bbox 1396 2924 1681 2977; x_wconf 89' lang='lat' dir='ltr'><strong>continens</strong></span> <span class='ocrx_word' id='word_1_303' title='bbox 1725 2938 1739 2975; x_wconf 88' lang='lat'><strong>:</strong></span> <span class='ocrx_word' id='word_1_304' title='bbox 1794 2922 2064 2990; x_wconf 87' lang='lat' dir='ltr'><strong>quomodo</strong></span> 
     </span>
    </p>
   </div>
   <div class='ocr_carea' id='block_1_45' title="bbox 486 3013 2067 3080">
    <p class='ocr_par' dir='ltr' id='par_1_45' title="bbox 486 3013 2067 3080">
     <span class='ocr_line' id='line_1_45' title="bbox 486 3013 2067 3080; baseline -0.003 -7"><span class='ocrx_word' id='word_1_305' title='bbox 486 3020 782 3074; x_wconf 81' lang='lat' dir='ltr'><strong>Anastasio</strong></span> <span class='ocrx_word' id='word_1_306' title='bbox 816 3026 1031 3072; x_wconf 88' lang='lat' dir='ltr'><strong>mortuo</strong></span> <span class='ocrx_word' id='word_1_307' title='bbox 1056 3016 1313 3069; x_wconf 83' lang='lat' dir='ltr'><strong>sanectus</strong></span> <span class='ocrx_word' id='word_1_308' title='bbox 1335 3013 1608 3078; x_wconf 82' lang='lat' dir='ltr'><strong>Justinus,</strong></span> <span class='ocrx_word' id='word_1_309' title='bbox 1639 3025 1691 3068; x_wconf 86' lang='lat' dir='ltr'><strong>et</strong></span> <span class='ocrx_word' id='word_1_310' title='bbox 1720 3015 1878 3080; x_wconf 84' lang='lat' dir='ltr'><strong>hujus</strong></span> <span class='ocrx_word' id='word_1_311' title='bbox 1907 3015 2067 3069; x_wconf 86' lang='lat' dir='ltr'><strong>vicis-</strong></span> 
     </span>
    </p>
   </div>
   <div class='ocr_carea' id='block_1_46' title="bbox 2167 1926 3743 2003">
    <p class='ocr_par' dir='ltr' id='par_1_46' title="bbox 2167 1926 3743 2003">
     <span class='ocr_line' id='line_1_46' title="bbox 2167 1926 3743 2003; baseline 0.003 -24"><span class='ocrx_word' id='word_1_312' title='bbox 2167 1928 2288 1979; x_wconf 81' lang='grc' dir='ltr'>ὅτου</span> <span class='ocrx_word' id='word_1_313' title='bbox 2349 1926 2643 1989; x_wconf 77' lang='grc' dir='ltr'>Βυζάντιον</span> <span class='ocrx_word' id='word_1_314' title='bbox 2694 1927 2787 1978; x_wconf 75' lang='grc' dir='ltr'><strong>ἐπὶ</strong></span> <span class='ocrx_word' id='word_1_315' title='bbox 2837 1926 2979 1996; x_wconf 89' lang='grc' dir='ltr'><strong>μέγα</strong></span> <span class='ocrx_word' id='word_1_316' title='bbox 3025 1926 3181 1996; x_wconf 80' lang='grc' dir='ltr'>δόξης</span> <span class='ocrx_word' id='word_1_317' title='bbox 3244 1929 3427 1999; x_wconf 74' lang='grc' dir='ltr'>ἰσχύος</span> <span class='ocrx_word' id='word_1_318' title='bbox 3482 1932 3526 1963; x_wconf 82' lang='grc'><strong>⁸⁷</strong></span> <span class='ocrx_word' id='word_1_319' title='bbox 3573 1933 3743 2003; x_wconf 74' lang='grc' dir='ltr'>ἤρθη,</span> 
     </span>
    </p>
   </div>
   <div class='ocr_carea' id='block_1_47' title="bbox 2179 2018 3746 2092">
    <p class='ocr_par' dir='ltr' id='par_1_47' title="bbox 2179 2018 3746 2092">
     <span class='ocr_line' id='line_1_47' title="bbox 2179 2018 3746 2092; baseline 0.004 -20"><span class='ocrx_word' id='word_1_320' title='bbox 2179 2018 2535 2088; x_wconf 82' lang='grc' dir='ltr'><strong>Ὀλυμπιάδος</strong></span> <span class='ocrx_word' id='word_1_321' title='bbox 2559 2018 2787 2088; x_wconf 77' lang='grc' dir='ltr'>ἑϐδόμης</span> <span class='ocrx_word' id='word_1_322' title='bbox 2809 2020 2896 2071; x_wconf 73' lang='grc' dir='ltr'><strong>καὶ</strong></span> <span class='ocrx_word' id='word_1_323' title='bbox 2921 2019 3329 2092; x_wconf 76' lang='grc' dir='ltr'>ἑϐδομηκοστῆς</span> <span class='ocrx_word' id='word_1_324' title='bbox 3350 2023 3447 2075; x_wconf 73' lang='grc' dir='ltr'><strong>καὶ</strong></span> <span class='ocrx_word' id='word_1_325' title='bbox 3470 2024 3746 2078; x_wconf 88' lang='grc' dir='ltr'>διακοσιο-</span> 
     </span>
    </p>
   </div>
   <div class='ocr_carea' id='block_1_48' title="bbox 2170 2108 3750 2182">
    <p class='ocr_par' dir='ltr' id='par_1_48' title="bbox 2170 2108 3750 2182">
     <span class='ocr_line' id='line_1_48' title="bbox 2170 2108 3750 2182; baseline 0.004 -19"><span class='ocrx_word' id='word_1_326' title='bbox 2170 2112 2297 2180; x_wconf 81' lang='grc' dir='ltr'>στῆς</span> <span class='ocrx_word' id='word_1_327' title='bbox 2322 2111 2636 2181; x_wconf 78' lang='grc' dir='ltr'>ἱσταμένης.</span> <span class='ocrx_word' id='word_1_328' title='bbox 2661 2111 2733 2163; x_wconf 86' lang='grc' dir='ltr'>Τὸ</span> <span class='ocrx_word' id='word_1_329' title='bbox 2756 2110 2810 2163; x_wconf 82' lang='grc' dir='ltr'>δὲ</span> <span class='ocrx_word' id='word_1_330' title='bbox 2835 2111 3011 2177; x_wconf 77' lang='grc' dir='ltr'>ἕκτον,</span> <span class='ocrx_word' id='word_1_331' title='bbox 3036 2112 3095 2176; x_wconf 76' lang='grc' dir='ltr'>ἐξ</span> <span class='ocrx_word' id='word_1_332' title='bbox 3120 2108 3180 2167; x_wconf 78' lang='grc' dir='ltr'>οὗ</span> <span class='ocrx_word' id='word_1_333' title='bbox 3205 2112 3430 2182; x_wconf 77' lang='grc' dir='ltr'><strong>βασιλέα</strong></span> <span class='ocrx_word' id='word_1_334' title='bbox 3460 2118 3750 2170; x_wconf 86' lang='grc' dir='ltr'><strong>Κωνσταν-</strong></span> 
     </span>
    </p>
   </div>
   <div class='ocr_carea' id='block_1_49' title="bbox 2167 2203 3751 2279">
    <p class='ocr_par' dir='ltr' id='par_1_49' title="bbox 2167 2203 3751 2279">
     <span class='ocr_line' id='line_1_49' title="bbox 2167 2203 3751 2279; baseline 0.008 -27"><span class='ocrx_word' id='word_1_335' title='bbox 2167 2203 2473 2267; x_wconf 83' lang='grc' dir='ltr'>τινούπολις</span> <span class='ocrx_word' id='word_1_336' title='bbox 2501 2204 2763 2274; x_wconf 83' lang='grc' dir='ltr'>εὐτύχησε</span> <span class='ocrx_word' id='word_1_337' title='bbox 2798 2204 2842 2237; x_wconf 78' lang='grc'><strong>⁸⁸</strong></span> <span class='ocrx_word' id='word_1_338' title='bbox 2900 2206 3323 2272; x_wconf 86' lang='grc' dir='ltr'>Κωνσταντῖνον,</span> <span class='ocrx_word' id='word_1_339' title='bbox 3358 2209 3521 2279; x_wconf 85' lang='grc' dir='ltr'>μέχρι</span> <span class='ocrx_word' id='word_1_340' title='bbox 3574 2212 3678 2279; x_wconf 79' lang='grc' dir='ltr'><strong>τῆς</strong></span> <span class='ocrx_word' id='word_1_341' title='bbox 3707 2212 3751 2243; x_wconf 71' lang='grc'><strong>⁸⁸</strong></span> 
     </span>
    </p>
   </div>
   <div class='ocr_carea' id='block_1_50' title="bbox 2180 2290 3750 2375">
    <p class='ocr_par' dir='ltr' id='par_1_50' title="bbox 2180 2290 3750 2375">
     <span class='ocr_line' id='line_1_50' title="bbox 2180 2290 3750 2375; baseline 0.006 -28"><span class='ocrx_word' id='word_1_342' title='bbox 2180 2296 2529 2348; x_wconf 83' lang='grc' dir='ltr'>Ἀναστασίου</span> <span class='ocrx_word' id='word_1_343' title='bbox 2562 2297 2837 2365; x_wconf 81' lang='grc' dir='ltr'>τελευτῆς,</span> <span class='ocrx_word' id='word_1_344' title='bbox 2864 2296 2921 2348; x_wconf 82' lang='grc' dir='ltr'>ὃν</span> <span class='ocrx_word' id='word_1_345' title='bbox 2952 2290 3105 2361; x_wconf 76' lang='grc' dir='ltr'>οὗτος</span> <span class='ocrx_word' id='word_1_346' title='bbox 3139 2300 3168 2352; x_wconf 89' lang='grc' dir='ltr'><strong>ὀ</strong></span> <span class='ocrx_word' id='word_1_347' title='bbox 3202 2303 3555 2371; x_wconf 84' lang='grc' dir='ltr'>συγγραφεὺς</span> <span class='ocrx_word' id='word_1_348' title='bbox 3588 2304 3750 2375; x_wconf 87' lang='grc' dir='ltr'>πραό-</span> 
     </span>
    </p>
   </div>
   <div class='ocr_carea' id='block_1_51' title="bbox 2166 2387 3751 2458">
    <p class='ocr_par' dir='ltr' id='par_1_51' title="bbox 2166 2387 3751 2458">
     <span class='ocr_line' id='line_1_51' title="bbox 2166 2387 3751 2458; baseline 0.008 -19"><span class='ocrx_word' id='word_1_349' title='bbox 2166 2404 2288 2457; x_wconf 82' lang='grc' dir='ltr'>τητι</span> <span class='ocrx_word' id='word_1_350' title='bbox 2316 2388 2411 2441; x_wconf 74' lang='grc' dir='ltr'>καὶ</span> <span class='ocrx_word' id='word_1_351' title='bbox 2437 2388 2481 2419; x_wconf 80' lang='grc' dir='ltr'><strong>⁷ο</strong></span> <span class='ocrx_word' id='word_1_352' title='bbox 2511 2388 2830 2458; x_wconf 84' lang='grc' dir='ltr'>ἡμερότητι,</span> <span class='ocrx_word' id='word_1_353' title='bbox 2864 2389 2963 2441; x_wconf 85' lang='grc' dir='ltr'>οὐκ</span> <span class='ocrx_word' id='word_1_354' title='bbox 2987 2387 3081 2441; x_wconf 72' lang='grc' dir='ltr'>οἷδ’</span> <span class='ocrx_word' id='word_1_355' title='bbox 3106 2391 3277 2457; x_wconf 81' lang='grc' dir='ltr'>ὅπως,</span> <span class='ocrx_word' id='word_1_356' title='bbox 3314 2394 3521 2447; x_wconf 81' lang='grc' dir='ltr'>πολλῶν</span> <span class='ocrx_word' id='word_1_357' title='bbox 3547 2397 3751 2451; x_wconf 85' lang='grc' dir='ltr'>ἀποσε-</span> 
     </span>
    </p>
   </div>
   <div class='ocr_carea' id='block_1_52' title="bbox 2174 2471 3751 2560">
    <p class='ocr_par' dir='ltr' id='par_1_52' title="bbox 2174 2471 3751 2560">
     <span class='ocr_line' id='line_1_52' title="bbox 2174 2471 3751 2560; baseline 0.008 -32"><span class='ocrx_word' id='word_1_358' title='bbox 2174 2476 2359 2547; x_wconf 84' lang='grc' dir='ltr'><strong>μνύνει</strong></span> <span class='ocrx_word' id='word_1_359' title='bbox 2390 2478 2702 2544; x_wconf 59' lang='grc' dir='ltr'>διενεγκεῖν</span> <span class='ocrx_word' id='word_1_360' title='bbox 2741 2471 2804 2531; x_wconf 79' lang='grc' dir='ltr'>οὗ</span> <span class='ocrx_word' id='word_1_361' title='bbox 2841 2480 3190 2552; x_wconf 84' lang='grc' dir='ltr'>συνέπεσενή</span> <span class='ocrx_word' id='word_1_362' title='bbox 3226 2483 3450 2555; x_wconf 79' lang='grc' dir='ltr'>τελευτὴ</span> <span class='ocrx_word' id='word_1_363' title='bbox 3481 2487 3625 2541; x_wconf 78' lang='grc' dir='ltr'>κατὰ</span> <span class='ocrx_word' id='word_1_364' title='bbox 3656 2489 3751 2560; x_wconf 80' lang='grc' dir='ltr'>τὴν</span> 
     </span>
    </p>
   </div>
   <div class='ocr_carea' id='block_1_53' title="bbox 2170 2569 3745 2644">
    <p class='ocr_par' dir='ltr' id='par_1_53' title="bbox 2170 2569 3745 2644">
     <span class='ocr_line' id='line_1_53' title="bbox 2170 2569 3745 2644; baseline 0.01 -23"><span class='ocrx_word' id='word_1_365' title='bbox 2170 2569 2461 2639; x_wconf 77' lang='grc' dir='ltr'>ἑνδεκάτην</span> <span class='ocrx_word' id='word_1_366' title='bbox 2489 2569 2813 2635; x_wconf 85' lang='grc' dir='ltr'>ίνδικτιῶνα,</span> <span class='ocrx_word' id='word_1_367' title='bbox 2846 2571 3069 2639; x_wconf 88' lang='grc' dir='ltr'>Μάγνου</span> <span class='ocrx_word' id='word_1_368' title='bbox 3102 2573 3262 2643; x_wconf 86' lang='grc' dir='ltr'>μόνου</span> <span class='ocrx_word' id='word_1_369' title='bbox 3290 2576 3331 2607; x_wconf 73' lang='grc' dir='ltr'><strong>’ί</strong></span> <span class='ocrx_word' id='word_1_370' title='bbox 3361 2577 3745 2644; x_wconf 80' lang='grc' dir='ltr'>ὑπατεύοντος.</span> 
     </span>
    </p>
   </div>
   <div class='ocr_carea' id='block_1_54' title="bbox 2178 2658 3751 2740">
    <p class='ocr_par' dir='ltr' id='par_1_54' title="bbox 2178 2658 3751 2740">
     <span class='ocr_line' id='line_1_54' title="bbox 2178 2658 3751 2740; baseline 0.011 -30"><span class='ocrx_word' id='word_1_371' title='bbox 2178 2658 2243 2711; x_wconf 88' lang='grc' dir='ltr'><strong>Ἦ</strong></span> <span class='ocrx_word' id='word_1_372' title='bbox 2276 2659 2332 2711; x_wconf 80' lang='grc' dir='ltr'>δὲ</span> <span class='ocrx_word' id='word_1_373' title='bbox 2372 2660 2602 2729; x_wconf 85' lang='grc' dir='ltr'>περιοχὴ</span> <span class='ocrx_word' id='word_1_374' title='bbox 2646 2661 2754 2715; x_wconf 87' lang='grc' dir='ltr'><strong>τῶν</strong></span> <span class='ocrx_word' id='word_1_375' title='bbox 2797 2664 3004 2731; x_wconf 85' lang='grc' dir='ltr'>χρόνων</span> <span class='ocrx_word' id='word_1_376' title='bbox 3050 2664 3241 2733; x_wconf 89' lang='grc' dir='ltr'>χιλίων</span> <span class='ocrx_word' id='word_1_377' title='bbox 3283 2668 3378 2719; x_wconf 78' lang='grc' dir='ltr'><strong>καὶ</strong></span> <span class='ocrx_word' id='word_1_378' title='bbox 3423 2670 3751 2740; x_wconf 77' lang='grc' dir='ltr'>ἐνενήκοντα</span> 
     </span>
    </p>
   </div>
   <div class='ocr_carea' id='block_1_55' title="bbox 2169 2747 3265 2827">
    <p class='ocr_par' dir='ltr' id='par_1_55' title="bbox 2169 2747 3265 2827">
     <span class='ocr_line' id='line_1_55' title="bbox 2169 2747 3265 2827; baseline 0.008 -25"><span class='ocrx_word' id='word_1_379' title='bbox 2169 2753 2264 2803; x_wconf 72' lang='grc' dir='ltr'><strong>καὶ</strong></span> <span class='ocrx_word' id='word_1_380' title='bbox 2289 2751 2503 2805; x_wconf 78' lang='grc' dir='ltr'>ἑκατόν.</span> <span class='ocrx_word' id='word_1_381' title='bbox 2533 2753 2624 2804; x_wconf 86' lang='grc' dir='ltr'><strong>Ἐν</strong></span> <span class='ocrx_word' id='word_1_382' title='bbox 2654 2747 2733 2817; x_wconf 75' lang='grc' dir='ltr'><strong>οἷς</strong></span> <span class='ocrx_word' id='word_1_383' title='bbox 2762 2754 2854 2807; x_wconf 76' lang='grc' dir='ltr'><strong>καὶ</strong></span> <span class='ocrx_word' id='word_1_384' title='bbox 2891 2755 2923 2824; x_wconf 87' lang='grc' dir='ltr'>ή</span> <span class='ocrx_word' id='word_1_385' title='bbox 2952 2761 3265 2827; x_wconf 82' lang='grc' dir='ltr'>συγγραφή.</span> 
     </span>
    </p>
   </div>
   <div class='ocr_carea' id='block_1_56' title="bbox 2235 2845 3751 2925">
    <p class='ocr_par' dir='ltr' id='par_1_56' title="bbox 2235 2845 3751 2925">
     <span class='ocr_line' id='line_1_56' title="bbox 2235 2845 3751 2925; baseline 0.011 -29"><span class='ocrx_word' id='word_1_386' title='bbox 2235 2845 2577 2916; x_wconf 83' lang='grc' dir='ltr'>Ἀνεγνώσθη</span> <span class='ocrx_word' id='word_1_387' title='bbox 2602 2846 2658 2900; x_wconf 88' lang='grc' dir='ltr'>δέ</span> <span class='ocrx_word' id='word_1_388' title='bbox 2689 2865 2778 2916; x_wconf 90' lang='grc' dir='ltr'><strong>μοι</strong></span> <span class='ocrx_word' id='word_1_389' title='bbox 2807 2848 2899 2901; x_wconf 78' lang='grc' dir='ltr'>καὶ</span> <span class='ocrx_word' id='word_1_390' title='bbox 2927 2850 3089 2919; x_wconf 80' lang='grc' dir='ltr'>ἑτέρα</span> <span class='ocrx_word' id='word_1_391' title='bbox 3110 2851 3205 2904; x_wconf 74' lang='grc' dir='ltr'><strong>τοῦ</strong></span> <span class='ocrx_word' id='word_1_392' title='bbox 3234 2852 3399 2906; x_wconf 80' lang='grc' dir='ltr'>αὐτοῦ</span> <span class='ocrx_word' id='word_1_393' title='bbox 3428 2854 3613 2925; x_wconf 77' lang='grc' dir='ltr'><strong>βίϐλος</strong></span> <span class='ocrx_word' id='word_1_394' title='bbox 3638 2897 3654 2921; x_wconf 91' lang='grc'><strong>,</strong></span> <span class='ocrx_word' id='word_1_395' title='bbox 3693 2860 3751 2913; x_wconf 81' lang='grc' dir='ltr'><strong>ὲν</strong></span> 
     </span>
    </p>
   </div>
   <div class='ocr_carea' id='block_1_57' title="bbox 2170 2933 3750 3014">
    <p class='ocr_par' dir='ltr' id='par_1_57' title="bbox 2170 2933 3750 3014">
     <span class='ocr_line' id='line_1_57' title="bbox 2170 2933 3750 3014; baseline 0.008 -24"><span class='ocrx_word' id='word_1_396' title='bbox 2170 2933 2205 3013; x_wconf 80' lang='grc' dir='ltr'>ᾖ</span> <span class='ocrx_word' id='word_1_397' title='bbox 2234 2939 2540 3009; x_wconf 85' lang='grc' dir='ltr'>περιείχετο</span> <span class='ocrx_word' id='word_1_398' title='bbox 2576 2938 2646 2992; x_wconf 88' lang='grc' dir='ltr'><strong>τά</strong></span> <span class='ocrx_word' id='word_1_399' title='bbox 2701 2956 2762 2992; x_wconf 89' lang='grc' dir='ltr'>τε</span> <span class='ocrx_word' id='word_1_400' title='bbox 2816 2940 3087 3011; x_wconf 86' lang='grc' dir='ltr'>Ἰουστίνῳ</span> <span class='ocrx_word' id='word_1_401' title='bbox 3112 2942 3450 3014; x_wconf 83' lang='grc' dir='ltr'><strong>πραχθέντα,</strong></span> <span class='ocrx_word' id='word_1_402' title='bbox 3505 2948 3661 3011; x_wconf 85' lang='grc' dir='ltr'>ὅπως</span> <span class='ocrx_word' id='word_1_403' title='bbox 3693 2966 3750 3001; x_wconf 89' lang='grc' dir='ltr'>τε</span> 
     </span>
    </p>
   </div>
   <div class='ocr_carea' id='block_1_58' title="bbox 2170 3030 3751 3107">
    <p class='ocr_par' dir='ltr' id='par_1_58' title="bbox 2170 3030 3751 3107">
     <span class='ocr_line' id='line_1_58' title="bbox 2170 3030 3751 3107; baseline 0.007 -26"><span class='ocrx_word' id='word_1_404' title='bbox 2170 3030 2524 3082; x_wconf 80' lang='grc' dir='ltr'>Ἀναστασίου</span> <span class='ocrx_word' id='word_1_405' title='bbox 2584 3030 3008 3099; x_wconf 81' lang='grc' dir='ltr'>τελευτήσαντος</span> <span class='ocrx_word' id='word_1_406' title='bbox 3066 3033 3226 3094; x_wconf 75' lang='grc' dir='ltr'><strong>αὐτὸς</strong></span> <span class='ocrx_word' id='word_1_407' title='bbox 3274 3035 3573 3107; x_wconf 79' lang='grc' dir='ltr'>ἀνερρήθη.</span> <span class='ocrx_word' id='word_1_408' title='bbox 3622 3034 3751 3092; x_wconf 81' lang='grc' dir='ltr'><strong>Εῐτα</strong></span> 
     </span>
    </p>
   </div>
   <div class='ocr_carea' id='block_1_59' title="bbox 486 3107 2061 3198">
    <p class='ocr_par' dir='ltr' id='par_1_59' title="bbox 486 3107 2061 3182">
     <span class='ocr_line' id='line_1_59' title="bbox 486 3107 2061 3182; baseline -0.006 -13"><span class='ocrx_word' id='word_1_409' title='bbox 486 3116 589 3170; x_wconf 87' lang='lat' dir='ltr'><strong>sim</strong></span> <span class='ocrx_word' id='word_1_410' title='bbox 632 3115 919 3182; x_wconf 87' lang='lat' dir='ltr'><strong>imperium</strong></span> <span class='ocrx_word' id='word_1_411' title='bbox 953 3109 1292 3165; x_wconf 84' lang='lat' dir='ltr'><strong>Justinianus</strong></span> <span class='ocrx_word' id='word_1_412' title='bbox 1318 3109 1618 3176; x_wconf 82' lang='lat' dir='ltr'><strong>exceperit,</strong></span> <span class='ocrx_word' id='word_1_413' title='bbox 1647 3107 1861 3176; x_wconf 86' lang='lat' dir='ltr'><strong>aliaque</strong></span> <span class='ocrx_word' id='word_1_414' title='bbox 1907 3107 2061 3159; x_wconf 89' lang='lat' dir='ltr'><strong>annis</strong></span> 
     </span>
    </p>
   </div>
   <div class='ocr_carea' id='block_1_60' title="bbox 2173 3107 3751 3198">
    <p class='ocr_par' dir='ltr' id='par_1_60' title="bbox 2173 3120 3751 3198">
     <span class='ocr_line' id='line_1_60' title="bbox 2173 3120 3751 3198; baseline 0.007 -26"><span class='ocrx_word' id='word_1_415' title='bbox 2173 3121 2263 3172; x_wconf 74' lang='grc' dir='ltr'>καὶ</span> <span class='ocrx_word' id='word_1_416' title='bbox 2293 3121 2393 3189; x_wconf 87' lang='grc' dir='ltr'><strong>τὴν</strong></span> <span class='ocrx_word' id='word_1_417' title='bbox 2413 3120 2792 3175; x_wconf 81' lang='grc' dir='ltr'>Ἰουστινιανοῦ</span> <span class='ocrx_word' id='word_1_418' title='bbox 2818 3122 2912 3174; x_wconf 82' lang='grc' dir='ltr'><strong>τοῦ</strong></span> <span class='ocrx_word' id='word_1_419' title='bbox 2938 3123 3079 3191; x_wconf 82' lang='grc' dir='ltr'>μετὰ</span> <span class='ocrx_word' id='word_1_420' title='bbox 3102 3124 3390 3178; x_wconf 88' lang='grc' dir='ltr'>Ἰουστῖνον</span> <span class='ocrx_word' id='word_1_421' title='bbox 3414 3126 3563 3180; x_wconf 77' lang='grc' dir='ltr'>ἔστιν</span> <span class='ocrx_word' id='word_1_422' title='bbox 3588 3130 3751 3198; x_wconf 77' lang='grc' dir='ltr'>ἀνάρο</span> 
     </span>
    </p>
   </div>
   <div class='ocr_carea' id='block_1_61' title="bbox 488 3183 2061 3289">
    <p class='ocr_par' dir='ltr' id='par_1_61' title="bbox 488 3197 2061 3277">
     <span class='ocr_line' id='line_1_61' title="bbox 488 3197 2061 3277; baseline -0.007 -17"><span class='ocrx_word' id='word_1_423' title='bbox 488 3208 695 3277; x_wconf 83' lang='lat' dir='ltr'><strong>aliquot</strong></span> <span class='ocrx_word' id='word_1_424' title='bbox 728 3207 827 3259; x_wconf 86' lang='lat' dir='ltr'><strong>sub</strong></span> <span class='ocrx_word' id='word_1_425' title='bbox 852 3220 917 3258; x_wconf 90' lang='lat' dir='ltr'><strong>eo</strong></span> <span class='ocrx_word' id='word_1_426' title='bbox 965 3213 1141 3273; x_wconf 84' lang='lat' dir='ltr'><strong>gesta.</strong></span> <span class='ocrx_word' id='word_1_427' title='bbox 1177 3199 1255 3254; x_wconf 89' lang='lat' dir='ltr'><strong>Ne</strong></span> <span class='ocrx_word' id='word_1_428' title='bbox 1279 3213 1478 3255; x_wconf 64' lang='lat' dir='ltr'><strong>caetera</strong></span> <span class='ocrx_word' id='word_1_429' title='bbox 1507 3200 1741 3264; x_wconf 88' lang='lat' dir='ltr'><strong>scriptor</strong></span> <span class='ocrx_word' id='word_1_430' title='bbox 1792 3197 2061 3253; x_wconf 54' lang='lat' dir='ltr'><strong>memorial</strong></span> 
     </span>
    </p>
   </div>
   <div class='ocr_carea' id='block_1_62' title="bbox 2173 3183 3747 3289">
    <p class='ocr_par' dir='ltr' id='par_1_62' title="bbox 2173 3183 3747 3289">
     <span class='ocr_line' id='line_1_62' title="bbox 2173 3183 3747 3289; baseline 0.008 -27"><span class='ocrx_word' id='word_1_431' title='bbox 2173 3183 2594 3281; x_wconf 42' lang='lat' dir='ltr'><strong>pqotv-xat&#39;ctdsiv</strong></span> <span class='ocrx_word' id='word_1_432' title='bbox 2614 3254 2628 3278; x_wconf 98' lang='lat'><strong>,</strong></span> <span class='ocrx_word' id='word_1_433' title='bbox 2661 3214 2756 3265; x_wconf 74' lang='grc' dir='ltr'>καὶ</span> <span class='ocrx_word' id='word_1_434' title='bbox 2784 3212 2881 3277; x_wconf 82' lang='grc' dir='ltr'><strong>τὰς</strong></span> <span class='ocrx_word' id='word_1_435' title='bbox 2914 3183 3080 3278; x_wconf 69' lang='grc' dir='ltr'>άλλας</span> <span class='ocrx_word' id='word_1_436' title='bbox 3105 3216 3332 3285; x_wconf 82' lang='grc' dir='ltr'>πράξεις</span> <span class='ocrx_word' id='word_1_437' title='bbox 3368 3220 3560 3289; x_wconf 83' lang='grc' dir='ltr'><strong>μέχρις</strong></span> <span class='ocrx_word' id='word_1_438' title='bbox 3609 3183 3747 3275; x_wconf 78' lang='grc' dir='ltr'>έτών</span> 
     </span>
    </p>
   </div>
   <div class='ocr_carea' id='block_1_63' title="bbox 489 3290 2069 3359">
    <p class='ocr_par' dir='ltr' id='par_1_63' title="bbox 489 3290 2069 3359">
     <span class='ocr_line' id='line_1_63' title="bbox 489 3290 2069 3359; baseline -0.008 -6"><span class='ocrx_word' id='word_1_439' title='bbox 489 3301 792 3359; x_wconf 75' lang='lat' dir='ltr'><strong>mandaret,</strong></span> <span class='ocrx_word' id='word_1_440' title='bbox 842 3306 1131 3351; x_wconf 83' lang='lat' dir='ltr'><strong>revocatus</strong></span> <span class='ocrx_word' id='word_1_441' title='bbox 1163 3306 1249 3347; x_wconf 90' lang='lat' dir='ltr'><strong>est</strong></span> <span class='ocrx_word' id='word_1_442' title='bbox 1299 3301 1471 3346; x_wconf 90' lang='lat' dir='ltr'><strong>morte</strong></span> <span class='ocrx_word' id='word_1_443' title='bbox 1517 3291 1746 3346; x_wconf 88' lang='lat' dir='ltr'><strong>Joannis</strong></span> <span class='ocrx_word' id='word_1_444' title='bbox 1778 3290 1870 3343; x_wconf 81' lang='lat' dir='ltr'><strong>filii</strong></span> <span class='ocrx_word' id='word_1_445' title='bbox 1896 3327 1911 3351; x_wconf 94' lang='lat'><strong>,</strong></span> <span class='ocrx_word' id='word_1_446' title='bbox 1951 3304 2069 3357; x_wconf 72' lang='lat' dir='ltr'><strong>qua:</strong></span> 
     </span>
    </p>
   </div>
   <div class='ocr_carea' id='block_1_64' title="bbox 488 3380 2067 3454">
    <p class='ocr_par' dir='ltr' id='par_1_64' title="bbox 488 3380 2067 3454">
     <span class='ocr_line' id='line_1_64' title="bbox 488 3380 2067 3454; baseline -0.008 -9"><span class='ocrx_word' id='word_1_447' title='bbox 488 3400 727 3445; x_wconf 81' lang='lat' dir='ltr'><strong>tuentem</strong></span> <span class='ocrx_word' id='word_1_448' title='bbox 776 3387 1013 3441; x_wconf 89' lang='lat' dir='ltr'><strong>hominis</strong></span> <span class='ocrx_word' id='word_1_449' title='bbox 1066 3387 1202 3439; x_wconf 90' lang='lat' dir='ltr'><strong>adeo</strong></span> <span class='ocrx_word' id='word_1_450' title='bbox 1254 3384 1511 3454; x_wconf 86' lang='lat' dir='ltr'><strong>perculit,</strong></span> <span class='ocrx_word' id='word_1_451' title='bbox 1556 3393 1617 3437; x_wconf 91' lang='lat' dir='ltr'><strong>ut</strong></span> <span class='ocrx_word' id='word_1_452' title='bbox 1662 3380 2067 3437; x_wconf 87' lang='lat' dir='ltr'><strong>commentandi</strong></span> 
     </span>
    </p>
   </div>
   <div class='ocr_carea' id='block_1_65' title="bbox 490 3475 1502 3549">
    <p class='ocr_par' dir='ltr' id='par_1_65' title="bbox 490 3475 1502 3549">
     <span class='ocr_line' id='line_1_65' title="bbox 490 3475 1502 3549; baseline -0.008 -13"><span class='ocrx_word' id='word_1_453' title='bbox 490 3480 886 3549; x_wconf 80' lang='lat' dir='ltr'><strong>scribendique</strong></span> <span class='ocrx_word' id='word_1_454' title='bbox 914 3488 1167 3532; x_wconf 83' lang='lat' dir='ltr'><strong>conatum</strong></span> <span class='ocrx_word' id='word_1_455' title='bbox 1198 3475 1502 3545; x_wconf 79' lang='lat' dir='ltr'><strong>infregerit.</strong></span> 
     </span>
    </p>
   </div>
   <div class='ocr_carea' id='block_1_66' title="bbox 1193 3654 1357 3710">
    <p class='ocr_par' dir='ltr' id='par_1_66' title="bbox 1193 3654 1357 3710">
     <span class='ocr_line' id='line_1_66' title="bbox 1193 3654 1357 3710; baseline -0.006 0"><span class='ocrx_word' id='word_1_456' title='bbox 1193 3654 1357 3710; x_wconf 80' lang='lat' dir='ltr'><strong>LXX.</strong></span> 
     </span>
    </p>
   </div>
   <div class='ocr_carea' id='block_1_67' title="bbox 658 3745 1925 3823">
    <p class='ocr_par' dir='ltr' id='par_1_67' title="bbox 658 3745 1925 3823">
     <span class='ocr_line' id='line_1_67' title="bbox 658 3745 1925 3823; baseline -0.003 -17"><span class='ocrx_word' id='word_1_457' title='bbox 658 3752 801 3823; x_wconf 76' lang='lat' dir='ltr'><strong>35a</strong></span> <span class='ocrx_word' id='word_1_458' title='bbox 834 3752 1057 3805; x_wconf 83' lang='lat' dir='ltr'><strong>Diodori</strong></span> <span class='ocrx_word' id='word_1_459' title='bbox 1091 3749 1260 3803; x_wconf 79' lang='lat' dir='ltr'><strong>Siculi</strong></span> <span class='ocrx_word' id='word_1_460' title='bbox 1293 3748 1654 3802; x_wconf 82' lang='lat' dir='ltr'><strong>Historiarum</strong></span> <span class='ocrx_word' id='word_1_461' title='bbox 1681 3745 1804 3800; x_wconf 79' lang='lat' dir='ltr'><strong>libri</strong></span> <span class='ocrx_word' id='word_1_462' title='bbox 1836 3761 1925 3803; x_wconf 74' lang='lat' dir='ltr'><strong>XL.</strong></span> 
     </span>
    </p>
   </div>
   <div class='ocr_carea' id='block_1_68' title="bbox 559 3839 2072 3915">
    <p class='ocr_par' dir='ltr' id='par_1_68' title="bbox 559 3839 2072 3915">
     <span class='ocr_line' id='line_1_68' title="bbox 559 3839 2072 3915; baseline -0.008 -12"><span class='ocrx_word' id='word_1_463' title='bbox 559 3848 816 3915; x_wconf 84' lang='lat' dir='ltr'><strong>Legimus</strong></span> <span class='ocrx_word' id='word_1_464' title='bbox 861 3843 1083 3897; x_wconf 83' lang='lat' dir='ltr'><strong>Diodori</strong></span> <span class='ocrx_word' id='word_1_465' title='bbox 1125 3841 1293 3895; x_wconf 85' lang='lat' dir='ltr'><strong>Siculi</strong></span> <span class='ocrx_word' id='word_1_466' title='bbox 1347 3840 1709 3894; x_wconf 80' lang='lat' dir='ltr'><strong>Historiarum</strong></span> <span class='ocrx_word' id='word_1_467' title='bbox 1741 3839 1901 3892; x_wconf 88' lang='lat' dir='ltr'><strong>libros</strong></span> <span class='ocrx_word' id='word_1_468' title='bbox 1939 3854 2072 3908; x_wconf 86' lang='lat' dir='ltr'><strong>qua-</strong></span> 
     </span>
    </p>
   </div>
   <div class='ocr_carea' id='block_1_69' title="bbox 488 3930 2070 4010">
    <p class='ocr_par' dir='ltr' id='par_1_69' title="bbox 488 3930 2070 4010">
     <span class='ocr_line' id='line_1_69' title="bbox 488 3930 2070 4010; baseline -0.008 -15"><span class='ocrx_word' id='word_1_469' title='bbox 488 3942 759 4010; x_wconf 79' lang='lat' dir='ltr'><strong>draginta,</strong></span> <span class='ocrx_word' id='word_1_470' title='bbox 801 3938 891 4006; x_wconf 74' lang='lat' dir='ltr'><strong>Qui</strong></span> <span class='ocrx_word' id='word_1_471' title='bbox 918 3938 1224 3990; x_wconf 84' lang='lat' dir='ltr'><strong>universam</strong></span> <span class='ocrx_word' id='word_1_472' title='bbox 1250 3935 1539 4003; x_wconf 78' lang='lat' dir='ltr'><strong>qunmdam</strong></span> <span class='ocrx_word' id='word_1_473' title='bbox 1573 3932 1759 3985; x_wconf 91' lang='lat' dir='ltr'><strong>mundi</strong></span> <span class='ocrx_word' id='word_1_474' title='bbox 1785 3930 2070 3985; x_wconf 69' lang='lat' dir='ltr'><strong>contineant</strong></span> 
     </span>
    </p>
   </div>
   <div class='ocr_carea' id='block_1_70' title="bbox 490 4024 2066 4096">
    <p class='ocr_par' dir='ltr' id='par_1_70' title="bbox 490 4024 2066 4096">
     <span class='ocr_line' id='line_1_70' title="bbox 490 4024 2066 4096; baseline -0.007 -10"><span class='ocrx_word' id='word_1_475' title='bbox 490 4031 794 4087; x_wconf 88' lang='lat' dir='ltr'><strong>historiam.</strong></span> <span class='ocrx_word' id='word_1_476' title='bbox 839 4028 932 4081; x_wconf 83' lang='lat' dir='ltr'><strong>Est</strong></span> <span class='ocrx_word' id='word_1_477' title='bbox 980 4027 1311 4096; x_wconf 85' lang='lat' dir='ltr'><strong>Cephalione</strong></span> <span class='ocrx_word' id='word_1_478' title='bbox 1354 4025 1512 4093; x_wconf 83' lang='lat' dir='ltr'><strong>longe</strong></span> <span class='ocrx_word' id='word_1_479' title='bbox 1563 4024 1815 4088; x_wconf 89' lang='lat' dir='ltr'><strong>uberior,</strong></span> <span class='ocrx_word' id='word_1_480' title='bbox 1874 4024 2066 4077; x_wconf 90' lang='lat' dir='ltr'><strong>saltem</strong></span> 
     </span>
    </p>
   </div>
   <div class='ocr_carea' id='block_1_71' title="bbox 488 4113 2069 4186">
    <p class='ocr_par' dir='ltr' id='par_1_71' title="bbox 488 4113 2069 4186">
     <span class='ocr_line' id='line_1_71' title="bbox 488 4113 2069 4186; baseline -0.006 -9"><span class='ocrx_word' id='word_1_481' title='bbox 488 4138 611 4178; x_wconf 89' lang='lat' dir='ltr'><strong>cum</strong></span> <span class='ocrx_word' id='word_1_482' title='bbox 648 4120 839 4174; x_wconf 85' lang='lat' dir='ltr'><strong>eadem</strong></span> <span class='ocrx_word' id='word_1_483' title='bbox 890 4117 1102 4181; x_wconf 88' lang='lat' dir='ltr'><strong>refert,</strong></span> <span class='ocrx_word' id='word_1_484' title='bbox 1150 4126 1211 4170; x_wconf 93' lang='lat' dir='ltr'><strong>ut</strong></span> <span class='ocrx_word' id='word_1_485' title='bbox 1240 4126 1293 4170; x_wconf 88' lang='lat' dir='ltr'><strong>et</strong></span> <span class='ocrx_word' id='word_1_486' title='bbox 1325 4114 1593 4186; x_wconf 74' lang='lat' dir='ltr'><strong>Hesychia</strong></span> <span class='ocrx_word' id='word_1_487' title='bbox 1647 4115 1863 4168; x_wconf 91' lang='lat' dir='ltr'><strong>illustri.</strong></span> <span class='ocrx_word' id='word_1_488' title='bbox 1919 4113 2069 4184; x_wconf 86' lang='lat' dir='ltr'><strong>Stylo</strong></span> 
     </span>
    </p>
   </div>
   <div class='ocr_carea' id='block_1_72' title="bbox 489 4206 2066 4279">
    <p class='ocr_par' dir='ltr' id='par_1_72' title="bbox 489 4206 2066 4279">
     <span class='ocr_line' id='line_1_72' title="bbox 489 4206 2066 4279; baseline -0.004 -12"><span class='ocrx_word' id='word_1_489' title='bbox 489 4217 660 4267; x_wconf 86' lang='lat' dir='ltr'><strong>utitur</strong></span> <span class='ocrx_word' id='word_1_490' title='bbox 703 4209 1013 4279; x_wconf 79' lang='lat' dir='ltr'><strong>perSpicuo,</strong></span> <span class='ocrx_word' id='word_1_491' title='bbox 1054 4224 1154 4263; x_wconf 89' lang='lat' dir='ltr'><strong>nec</strong></span> <span class='ocrx_word' id='word_1_492' title='bbox 1189 4207 1459 4274; x_wconf 77' lang='lat' dir='ltr'><strong>affectata,</strong></span> <span class='ocrx_word' id='word_1_493' title='bbox 1505 4206 1599 4262; x_wconf 88' lang='lat' dir='ltr'><strong>sed</strong></span> <span class='ocrx_word' id='word_1_494' title='bbox 1650 4208 1739 4276; x_wconf 91' lang='lat' dir='ltr'><strong>qui</strong></span> <span class='ocrx_word' id='word_1_495' title='bbox 1784 4206 2066 4260; x_wconf 89' lang='lat' dir='ltr'><strong>historiam</strong></span> 
     </span>
    </p>
   </div>
   <div class='ocr_carea' id='block_1_73' title="bbox 489 4296 2070 4366">
    <p class='ocr_par' dir='ltr' id='par_1_73' title="bbox 489 4296 2070 4366">
     <span class='ocr_line' id='line_1_73' title="bbox 489 4296 2070 4366; baseline -0.002 -13"><span class='ocrx_word' id='word_1_496' title='bbox 489 4301 724 4365; x_wconf 82' lang='lat' dir='ltr'><strong>tnaxime</strong></span> <span class='ocrx_word' id='word_1_497' title='bbox 765 4302 974 4352; x_wconf 86' lang='lat' dir='ltr'><strong>deceat.</strong></span> <span class='ocrx_word' id='word_1_498' title='bbox 1026 4296 1212 4366; x_wconf 85' lang='lat' dir='ltr'><strong>Neque</strong></span> <span class='ocrx_word' id='word_1_499' title='bbox 1254 4297 1441 4360; x_wconf 82' lang='lat' dir='ltr'><strong>etiam,</strong></span> <span class='ocrx_word' id='word_1_500' title='bbox 1480 4304 1538 4350; x_wconf 90' lang='lat' dir='ltr'><strong>nt</strong></span> <span class='ocrx_word' id='word_1_501' title='bbox 1582 4296 1664 4350; x_wconf 91' lang='lat' dir='ltr'><strong>sic</strong></span> <span class='ocrx_word' id='word_1_502' title='bbox 1690 4296 1945 4359; x_wconf 82' lang='lat' dir='ltr'><strong>dixerim,</strong></span> <span class='ocrx_word' id='word_1_503' title='bbox 1990 4297 2070 4350; x_wconf 91' lang='lat' dir='ltr'><strong>ni-</strong></span> 
     </span>
    </p>
   </div>
   <div class='ocr_carea' id='block_1_74' title="bbox 492 4386 2064 4456">
    <p class='ocr_par' dir='ltr' id='par_1_74' title="bbox 492 4386 2064 4456">
     <span class='ocr_line' id='line_1_74' title="bbox 492 4386 2064 4456; baseline -0.004 -12"><span class='ocrx_word' id='word_1_504' title='bbox 492 4392 658 4445; x_wconf 89' lang='lat' dir='ltr'><strong>mium</strong></span> <span class='ocrx_word' id='word_1_505' title='bbox 699 4389 987 4453; x_wconf 88' lang='lat' dir='ltr'><strong>atticissat,</strong></span> <span class='ocrx_word' id='word_1_506' title='bbox 1021 4397 1112 4441; x_wconf 91' lang='lat' dir='ltr'><strong>aut</strong></span> <span class='ocrx_word' id='word_1_507' title='bbox 1151 4387 1491 4454; x_wconf 89' lang='lat' dir='ltr'><strong>antiquarius</strong></span> <span class='ocrx_word' id='word_1_508' title='bbox 1521 4394 1603 4441; x_wconf 90' lang='lat' dir='ltr'><strong>est</strong></span> <span class='ocrx_word' id='word_1_509' title='bbox 1634 4400 1795 4456; x_wconf 87' lang='lat' dir='ltr'><strong>supra</strong></span> <span class='ocrx_word' id='word_1_510' title='bbox 1826 4386 2064 4451; x_wconf 89' lang='lat' dir='ltr'><strong>modum,</strong></span> 
     </span>
    </p>
   </div>
   <div class='ocr_carea' id='block_1_75' title="bbox 488 4476 2063 4549">
    <p class='ocr_par' dir='ltr' id='par_1_75' title="bbox 488 4476 2063 4549">
     <span class='ocr_line' id='line_1_75' title="bbox 488 4476 2063 4549; baseline -0.003 -14"><span class='ocrx_word' id='word_1_511' title='bbox 488 4497 663 4549; x_wconf 88' lang='lat' dir='ltr'><strong>neque</strong></span> <span class='ocrx_word' id='word_1_512' title='bbox 688 4492 877 4535; x_wconf 91' lang='lat' dir='ltr'><strong>contra</strong></span> <span class='ocrx_word' id='word_1_513' title='bbox 910 4480 976 4533; x_wconf 93' lang='lat' dir='ltr'><strong>ad</strong></span> <span class='ocrx_word' id='word_1_514' title='bbox 1003 4478 1205 4533; x_wconf 89' lang='lat' dir='ltr'><strong>humile</strong></span> <span class='ocrx_word' id='word_1_515' title='bbox 1229 4478 1443 4532; x_wconf 91' lang='lat' dir='ltr'><strong>dicendi</strong></span> <span class='ocrx_word' id='word_1_516' title='bbox 1482 4492 1651 4548; x_wconf 86' lang='lat' dir='ltr'><strong>genus</strong></span> <span class='ocrx_word' id='word_1_517' title='bbox 1691 4492 1751 4533; x_wconf 90' lang='lat' dir='ltr'><strong>se</strong></span> <span class='ocrx_word' id='word_1_518' title='bbox 1776 4476 2012 4530; x_wconf 86' lang='lat' dir='ltr'><strong>demittit</strong></span> <span class='ocrx_word' id='word_1_519' title='bbox 2049 4495 2063 4530; x_wconf 87' lang='lat'><strong>:</strong></span> 
     </span>
    </p>
   </div>
   <div class='ocr_carea' id='block_1_76' title="bbox 488 4570 2063 4638">
    <p class='ocr_par' dir='ltr' id='par_1_76' title="bbox 488 4570 2063 4638">
     <span class='ocr_line' id='line_1_76' title="bbox 488 4570 2063 4638; baseline -0.003 -11"><span class='ocrx_word' id='word_1_520' title='bbox 488 4574 581 4627; x_wconf 91' lang='lat' dir='ltr'><strong>sed</strong></span> <span class='ocrx_word' id='word_1_521' title='bbox 611 4574 870 4627; x_wconf 89' lang='lat' dir='ltr'><strong>mediocri</strong></span> <span class='ocrx_word' id='word_1_522' title='bbox 902 4572 1075 4625; x_wconf 85' lang='lat' dir='ltr'><strong>forma</strong></span> <span class='ocrx_word' id='word_1_523' title='bbox 1106 4572 1381 4627; x_wconf 82' lang='lat' dir='ltr'><strong>sermonis</strong></span> <span class='ocrx_word' id='word_1_524' title='bbox 1410 4571 1739 4637; x_wconf 90' lang='lat' dir='ltr'><strong>delectatur,</strong></span> <span class='ocrx_word' id='word_1_525' title='bbox 1777 4570 2063 4638; x_wconf 84' lang='lat' dir='ltr'><strong>figuratam</strong></span> 
     </span>
    </p>
   </div>
   <div class='ocr_carea' id='block_1_77' title="bbox 487 4661 2068 4732">
    <p class='ocr_par' dir='ltr' id='par_1_77' title="bbox 487 4661 2068 4732">
     <span class='ocr_line' id='line_1_77' title="bbox 487 4661 2068 4732; baseline -0.003 -14"><span class='ocrx_word' id='word_1_526' title='bbox 487 4666 815 4731; x_wconf 85' lang='lat' dir='ltr'><strong>orationem,</strong></span> <span class='ocrx_word' id='word_1_527' title='bbox 871 4663 1088 4731; x_wconf 89' lang='lat' dir='ltr'><strong>aliaque</strong></span> <span class='ocrx_word' id='word_1_528' title='bbox 1133 4663 1346 4729; x_wconf 83' lang='lat' dir='ltr'><strong>vitans;</strong></span> <span class='ocrx_word' id='word_1_529' title='bbox 1390 4661 1492 4716; x_wconf 88' lang='lat' dir='ltr'><strong>nisi</strong></span> <span class='ocrx_word' id='word_1_530' title='bbox 1530 4663 1675 4731; x_wconf 89' lang='lat' dir='ltr'><strong>quod</strong></span> <span class='ocrx_word' id='word_1_531' title='bbox 1719 4663 1786 4716; x_wconf 90' lang='lat' dir='ltr'><strong>de</strong></span> <span class='ocrx_word' id='word_1_532' title='bbox 1830 4662 2068 4732; x_wconf 88' lang='lat' dir='ltr'><strong>gentium</strong></span> 
     </span>
    </p>
   </div>
   <div class='ocr_carea' id='block_1_78' title="bbox 489 4753 2071 4823">
    <p class='ocr_par' dir='ltr' id='par_1_78' title="bbox 489 4753 2071 4823">
     <span class='ocr_line' id='line_1_78' title="bbox 489 4753 2071 4823; baseline -0.001 -13"><span class='ocrx_word' id='word_1_533' title='bbox 489 4757 614 4818; x_wconf 90' lang='lat' dir='ltr'><strong>diis,</strong></span> <span class='ocrx_word' id='word_1_534' title='bbox 649 4765 702 4809; x_wconf 91' lang='lat' dir='ltr'><strong>et</strong></span> <span class='ocrx_word' id='word_1_535' title='bbox 740 4756 1019 4819; x_wconf 87' lang='lat' dir='ltr'><strong>heroibus,</strong></span> <span class='ocrx_word' id='word_1_536' title='bbox 1059 4764 1345 4823; x_wconf 86' lang='lat' dir='ltr'><strong>poetarum</strong></span> <span class='ocrx_word' id='word_1_537' title='bbox 1378 4769 1547 4817; x_wconf 90' lang='lat' dir='ltr'><strong>more,</strong></span> <span class='ocrx_word' id='word_1_538' title='bbox 1582 4753 1873 4809; x_wconf 88' lang='lat' dir='ltr'><strong>fabulatur.</strong></span> <span class='ocrx_word' id='word_1_539' title='bbox 1913 4754 2071 4808; x_wconf 90' lang='lat' dir='ltr'><strong>Ducit</strong></span> 
     </span>
    </p>
   </div>
   <div class='ocr_carea' id='block_1_79' title="bbox 488 4846 2070 4917">
    <p class='ocr_par' dir='ltr' id='par_1_79' title="bbox 488 4846 2070 4917">
     <span class='ocr_line' id='line_1_79' title="bbox 488 4846 2070 4917; baseline -0.001 -14"><span class='ocrx_word' id='word_1_540' title='bbox 488 4849 730 4903; x_wconf 66' lang='lat' dir='ltr'><strong>historia:</strong></span> <span class='ocrx_word' id='word_1_541' title='bbox 759 4849 974 4903; x_wconf 93' lang='lat' dir='ltr'><strong>initium</strong></span> <span class='ocrx_word' id='word_1_542' title='bbox 999 4846 1388 4911; x_wconf 68' lang='lat' dir='ltr'><strong>aGraecorum,</strong></span> <span class='ocrx_word' id='word_1_543' title='bbox 1421 4847 1898 4917; x_wconf 89' lang='lat' dir='ltr'><strong>Barbarorumque</strong></span> <span class='ocrx_word' id='word_1_544' title='bbox 1918 4847 2070 4901; x_wconf 90' lang='lat' dir='ltr'><strong>fabu-</strong></span> 
     </span>
    </p>
   </div>
   <div class='ocr_carea' id='block_1_80' title="bbox 489 4940 2064 5011">
    <p class='ocr_par' dir='ltr' id='par_1_80' title="bbox 489 4940 2064 5011">
     <span class='ocr_line' id='line_1_80' title="bbox 489 4940 2064 5011; baseline -0.001 -18"><span class='ocrx_word' id='word_1_545' title='bbox 489 4941 617 4997; x_wconf 83' lang='lat' dir='ltr'><strong>losis</strong></span> <span class='ocrx_word' id='word_1_546' title='bbox 667 4941 1000 5011; x_wconf 89' lang='lat' dir='ltr'><strong>temporibus</strong></span> <span class='ocrx_word' id='word_1_547' title='bbox 1025 4982 1040 5007; x_wconf 95' lang='lat'><strong>,</strong></span> <span class='ocrx_word' id='word_1_548' title='bbox 1068 4941 1353 5010; x_wconf 86' lang='lat' dir='ltr'><strong>pergitque</strong></span> <span class='ocrx_word' id='word_1_549' title='bbox 1393 4940 1459 4992; x_wconf 93' lang='lat' dir='ltr'><strong>ad</strong></span> <span class='ocrx_word' id='word_1_550' title='bbox 1507 4940 1818 4993; x_wconf 79' lang='lat' dir='ltr'><strong>inchoatum</strong></span> <span class='ocrx_word' id='word_1_551' title='bbox 1844 4940 2064 5003; x_wconf 90' lang='lat' dir='ltr'><strong>bellum,</strong></span> 
     </span>
    </p>
   </div>
   <div class='ocr_carea' id='block_1_81' title="bbox 487 5030 2064 5102">
    <p class='ocr_par' dir='ltr' id='par_1_81' title="bbox 487 5030 2064 5102">
     <span class='ocr_line' id='line_1_81' title="bbox 487 5030 2064 5102; baseline 0.001 -17"><span class='ocrx_word' id='word_1_552' title='bbox 487 5038 629 5100; x_wconf 85' lang='lat' dir='ltr'><strong>quod</strong></span> <span class='ocrx_word' id='word_1_553' title='bbox 659 5047 782 5086; x_wconf 91' lang='lat' dir='ltr'><strong>cum</strong></span> <span class='ocrx_word' id='word_1_554' title='bbox 825 5030 996 5085; x_wconf 85' lang='lat' dir='ltr'><strong>Gallis</strong></span> <span class='ocrx_word' id='word_1_555' title='bbox 1022 5031 1254 5085; x_wconf 82' lang='lat' dir='ltr'><strong>Romani</strong></span> <span class='ocrx_word' id='word_1_556' title='bbox 1285 5044 1504 5102; x_wconf 86' lang='lat' dir='ltr'><strong>gessere</strong></span> <span class='ocrx_word' id='word_1_557' title='bbox 1532 5048 1546 5085; x_wconf 88' lang='lat'><strong>:</strong></span> <span class='ocrx_word' id='word_1_558' title='bbox 1580 5045 1684 5098; x_wconf 90' lang='lat' dir='ltr'><strong>qua</strong></span> <span class='ocrx_word' id='word_1_559' title='bbox 1742 5040 2064 5100; x_wconf 88' lang='lat' dir='ltr'><strong>tempestate</strong></span> 
     </span>
    </p>
   </div>
   <div class='ocr_carea' id='block_1_82' title="bbox 487 5122 2065 5195">
    <p class='ocr_par' dir='ltr' id='par_1_82' title="bbox 487 5122 2065 5195">
     <span class='ocr_line' id='line_1_82' title="bbox 487 5122 2065 5195; baseline -0.003 -14"><span class='ocrx_word' id='word_1_560' title='bbox 487 5125 548 5181; x_wconf 90' lang='lat' dir='ltr'><strong>C.</strong></span> <span class='ocrx_word' id='word_1_561' title='bbox 582 5124 757 5180; x_wconf 83' lang='lat' dir='ltr'><strong>Julius</strong></span> <span class='ocrx_word' id='word_1_562' title='bbox 779 5124 965 5181; x_wconf 66' lang='lat' dir='ltr'><strong>Caesar</strong></span> <span class='ocrx_word' id='word_1_563' title='bbox 998 5123 1111 5195; x_wconf 91' lang='lat' dir='ltr'><strong>(cui</strong></span> <span class='ocrx_word' id='word_1_564' title='bbox 1137 5124 1208 5179; x_wconf 93' lang='lat' dir='ltr'><strong>ob</strong></span> <span class='ocrx_word' id='word_1_565' title='bbox 1247 5139 1334 5177; x_wconf 88' lang='lat' dir='ltr'><strong>res</strong></span> <span class='ocrx_word' id='word_1_566' title='bbox 1363 5134 1541 5193; x_wconf 87' lang='lat' dir='ltr'><strong>gestas</strong></span> <span class='ocrx_word' id='word_1_567' title='bbox 1572 5122 1689 5177; x_wconf 87' lang='lat' dir='ltr'><strong>Divi</strong></span> <span class='ocrx_word' id='word_1_568' title='bbox 1735 5138 2065 5193; x_wconf 88' lang='lat' dir='ltr'><strong>cognomen-</strong></span> 
     </span>
    </p>
   </div>
   <div class='ocr_carea' id='block_1_83' title="bbox 490 5213 2065 5285">
    <p class='ocr_par' dir='ltr' id='par_1_83' title="bbox 490 5213 2065 5285">
     <span class='ocr_line' id='line_1_83' title="bbox 490 5213 2065 5285; baseline 0 -17"><span class='ocrx_word' id='word_1_569' title='bbox 490 5224 603 5269; x_wconf 89' lang='lat' dir='ltr'><strong>tum</strong></span> <span class='ocrx_word' id='word_1_570' title='bbox 638 5217 896 5271; x_wconf 88' lang='lat' dir='ltr'><strong>addidere</strong></span> <span class='ocrx_word' id='word_1_571' title='bbox 935 5213 1188 5283; x_wconf 81' lang='lat' dir='ltr'><strong>Romani)</strong></span> <span class='ocrx_word' id='word_1_572' title='bbox 1222 5213 1508 5285; x_wconf 87' lang='lat' dir='ltr'><strong>plurimas,</strong></span> <span class='ocrx_word' id='word_1_573' title='bbox 1534 5213 1882 5283; x_wconf 79' lang='lat' dir='ltr'><strong>maximeque</strong></span> <span class='ocrx_word' id='word_1_574' title='bbox 1911 5215 2065 5268; x_wconf 73' lang='lat' dir='ltr'><strong>helli—</strong></span> 
     </span>
    </p>
   </div>
   <div class='ocr_carea' id='block_1_84' title="bbox 2168 3303 3752 3379">
    <p class='ocr_par' dir='ltr' id='par_1_84' title="bbox 2168 3303 3752 3379">
     <span class='ocr_line' id='line_1_84' title="bbox 2168 3303 3752 3379; baseline 0.006 -24"><span class='ocrx_word' id='word_1_575' title='bbox 2168 3321 2334 3355; x_wconf 92' lang='grc' dir='ltr'>τινων</span> <span class='ocrx_word' id='word_1_576' title='bbox 2356 3306 2401 3334; x_wconf 75' lang='grc'><strong>⁷³</strong></span> <span class='ocrx_word' id='word_1_577' title='bbox 2433 3303 2532 3372; x_wconf 77' lang='grc' dir='ltr'><strong>τῆς</strong></span> <span class='ocrx_word' id='word_1_578' title='bbox 2576 3303 2739 3357; x_wconf 78' lang='grc' dir='ltr'><strong>αὐτοῦ</strong></span> <span class='ocrx_word' id='word_1_579' title='bbox 2785 3304 3081 3374; x_wconf 81' lang='grc' dir='ltr'><strong>βασιλείας.</strong></span> <span class='ocrx_word' id='word_1_580' title='bbox 3119 3309 3229 3360; x_wconf 75' lang='grc' dir='ltr'><strong>Καὶ</strong></span> <span class='ocrx_word' id='word_1_581' title='bbox 3269 3309 3329 3361; x_wconf 85' lang='grc' dir='ltr'>τὸ</span> <span class='ocrx_word' id='word_1_582' title='bbox 3354 3309 3539 3364; x_wconf 81' lang='grc' dir='ltr'>λοιπὸν</span> <span class='ocrx_word' id='word_1_583' title='bbox 3564 3314 3592 3363; x_wconf 84' lang='grc' dir='ltr'>ὁ</span> <span class='ocrx_word' id='word_1_584' title='bbox 3623 3330 3752 3379; x_wconf 89' lang='grc' dir='ltr'>συγ-</span> 
     </span>
    </p>
   </div>
   <div class='ocr_carea' id='block_1_85' title="bbox 2169 3394 3750 3471">
    <p class='ocr_par' dir='ltr' id='par_1_85' title="bbox 2169 3394 3750 3471">
     <span class='ocr_line' id='line_1_85' title="bbox 2169 3394 3750 3471; baseline 0.006 -26"><span class='ocrx_word' id='word_1_585' title='bbox 2169 3394 2411 3464; x_wconf 82' lang='grc' dir='ltr'>γραφεὺς</span> <span class='ocrx_word' id='word_1_586' title='bbox 2444 3394 2715 3465; x_wconf 79' lang='grc' dir='ltr'>ἐπεσχέθη</span> <span class='ocrx_word' id='word_1_587' title='bbox 2738 3438 2750 3460; x_wconf 94' lang='grc'><strong>,</strong></span> <span class='ocrx_word' id='word_1_588' title='bbox 2784 3396 2999 3467; x_wconf 85' lang='grc' dir='ltr'>θανάτῳ</span> <span class='ocrx_word' id='word_1_589' title='bbox 3024 3398 3118 3450; x_wconf 80' lang='grc' dir='ltr'><strong>τοῦ</strong></span> <span class='ocrx_word' id='word_1_590' title='bbox 3153 3400 3344 3462; x_wconf 84' lang='grc' dir='ltr'>παιδὸς</span> <span class='ocrx_word' id='word_1_591' title='bbox 3370 3401 3623 3455; x_wconf 82' lang='grc' dir='ltr'>Ἰωάννου</span> <span class='ocrx_word' id='word_1_592' title='bbox 3652 3402 3750 3471; x_wconf 79' lang='grc' dir='ltr'><strong>τὴν</strong></span> 
     </span>
    </p>
   </div>
   <div class='ocr_carea' id='block_1_86' title="bbox 2168 3485 3751 3566">
    <p class='ocr_par' dir='ltr' id='par_1_86' title="bbox 2168 3485 3751 3566">
     <span class='ocr_line' id='line_1_86' title="bbox 2168 3485 3751 3566; baseline 0.01 -32"><span class='ocrx_word' id='word_1_593' title='bbox 2168 3486 2345 3555; x_wconf 78' lang='grc' dir='ltr'>ψυχὴν</span> <span class='ocrx_word' id='word_1_594' title='bbox 2366 3485 2586 3557; x_wconf 85' lang='grc' dir='ltr'><strong>καιρίαν</strong></span> <span class='ocrx_word' id='word_1_595' title='bbox 2611 3485 2830 3558; x_wconf 81' lang='grc' dir='ltr'>βληθεὶς</span> <span class='ocrx_word' id='word_1_596' title='bbox 2846 3490 2934 3542; x_wconf 76' lang='grc' dir='ltr'><strong>καὶ</strong></span> <span class='ocrx_word' id='word_1_597' title='bbox 2959 3489 3057 3559; x_wconf 78' lang='grc' dir='ltr'><strong>τῆς</strong></span> <span class='ocrx_word' id='word_1_598' title='bbox 3077 3489 3211 3561; x_wconf 80' lang='grc' dir='ltr'>πρὸς</span> <span class='ocrx_word' id='word_1_599' title='bbox 3233 3490 3293 3544; x_wconf 80' lang='grc' dir='ltr'><strong>τὸ</strong></span> <span class='ocrx_word' id='word_1_600' title='bbox 3319 3492 3555 3563; x_wconf 77' lang='grc' dir='ltr'>γράφειν</span> <span class='ocrx_word' id='word_1_601' title='bbox 3575 3496 3751 3566; x_wconf 80' lang='grc' dir='ltr'><strong>ὁρμῆς</strong></span> 
     </span>
    </p>
   </div>
   <div class='ocr_carea' id='block_1_87' title="bbox 2169 3574 2448 3638">
    <p class='ocr_par' dir='ltr' id='par_1_87' title="bbox 2169 3574 2448 3638">
     <span class='ocr_line' id='line_1_87' title="bbox 2169 3574 2448 3638; baseline 0.018 -12"><span class='ocrx_word' id='word_1_602' title='bbox 2169 3575 2371 3627; x_wconf 81' lang='grc' dir='ltr'>ὲκκοπε</span> <span class='ocrx_word' id='word_1_603' title='bbox 2382 3574 2448 3638; x_wconf 86' lang='grc' dir='ltr'><strong>ίς.</strong></span> 
     </span>
    </p>
   </div>
   <div class='ocr_carea' id='block_1_88' title="bbox 2878 3668 2964 3725">
    <p class='ocr_par' dir='ltr' id='par_1_88' title="bbox 2878 3668 2964 3725">
     <span class='ocr_line' id='line_1_88' title="bbox 2878 3668 2964 3725; baseline -0.023 0"><span class='ocrx_word' id='word_1_604' title='bbox 2878 3668 2964 3725; x_wconf 87' lang='lat'><strong>0&#39;.</strong></span> 
     </span>
    </p>
   </div>
   <div class='ocr_carea' id='block_1_89' title="bbox 2417 3761 3497 3835">
    <p class='ocr_par' dir='ltr' id='par_1_89' title="bbox 2417 3761 3497 3835">
     <span class='ocr_line' id='line_1_89' title="bbox 2417 3761 3497 3835; baseline 0.006 -20"><span class='ocrx_word' id='word_1_605' title='bbox 2417 3762 2709 3831; x_wconf 78' lang='grc' dir='ltr'>Διοδώρου</span> <span class='ocrx_word' id='word_1_606' title='bbox 2749 3761 3101 3817; x_wconf 81' lang='grc' dir='ltr'>Σικελιώτου</span> <span class='ocrx_word' id='word_1_607' title='bbox 3146 3762 3497 3835; x_wconf 82' lang='grc' dir='ltr'>Ἰστορικόν.</span> 
     </span>
    </p>
   </div>
   <div class='ocr_carea' id='block_1_90' title="bbox 2238 3853 3754 3926">
    <p class='ocr_par' dir='ltr' id='par_1_90' title="bbox 2238 3853 3754 3926">
     <span class='ocr_line' id='line_1_90' title="bbox 2238 3853 3754 3926; baseline 0.007 -22"><span class='ocrx_word' id='word_1_608' title='bbox 2238 3853 2578 3925; x_wconf 85' lang='grc' dir='ltr'>Ἀνεγνώσθη</span> <span class='ocrx_word' id='word_1_609' title='bbox 2617 3854 2662 3885; x_wconf 81' lang='grc'><strong>⁷³</strong></span> <span class='ocrx_word' id='word_1_610' title='bbox 2698 3871 2788 3924; x_wconf 89' lang='grc' dir='ltr'>μοι</span> <span class='ocrx_word' id='word_1_611' title='bbox 2851 3853 3113 3924; x_wconf 86' lang='grc' dir='ltr'>Διοδώρου</span> <span class='ocrx_word' id='word_1_612' title='bbox 3171 3857 3493 3912; x_wconf 88' lang='grc' dir='ltr'>Σικελιώτου</span> <span class='ocrx_word' id='word_1_613' title='bbox 3552 3860 3754 3926; x_wconf 78' lang='grc' dir='ltr'><strong>βιϐλίον</strong></span> 
     </span>
    </p>
   </div>
   <div class='ocr_carea' id='block_1_91' title="bbox 2179 3946 3753 4023">
    <p class='ocr_par' dir='ltr' id='par_1_91' title="bbox 2179 3946 3753 4023">
     <span class='ocr_line' id='line_1_91' title="bbox 2179 3946 3753 4023; baseline 0.005 -25"><span class='ocrx_word' id='word_1_614' title='bbox 2179 3946 2453 4016; x_wconf 75' lang='grc' dir='ltr'>ἱστορικὸν</span> <span class='ocrx_word' id='word_1_615' title='bbox 2504 3947 2563 3999; x_wconf 82' lang='grc' dir='ltr'><strong>ὲν</strong></span> <span class='ocrx_word' id='word_1_616' title='bbox 2616 3946 2796 4014; x_wconf 90' lang='grc' dir='ltr'>λόγοις</span> <span class='ocrx_word' id='word_1_617' title='bbox 2850 3952 2922 4016; x_wconf 87' lang='grc' dir='ltr'><strong>μ’,</strong></span> <span class='ocrx_word' id='word_1_618' title='bbox 2979 3950 3361 4021; x_wconf 82' lang='grc' dir='ltr'>οίκουμενικὴν</span> <span class='ocrx_word' id='word_1_619' title='bbox 3408 3952 3753 4023; x_wconf 84' lang='grc' dir='ltr'>περιέχουσιν</span> 
     </span>
    </p>
   </div>
   <div class='ocr_carea' id='block_1_92' title="bbox 2174 4034 3750 4110">
    <p class='ocr_par' dir='ltr' id='par_1_92' title="bbox 2174 4034 3750 4110">
     <span class='ocr_line' id='line_1_92' title="bbox 2174 4034 3750 4110; baseline 0.006 -25"><span class='ocrx_word' id='word_1_620' title='bbox 2174 4034 2438 4103; x_wconf 81' lang='grc' dir='ltr'>ἱστορίαν.</span> <span class='ocrx_word' id='word_1_621' title='bbox 2472 4035 2631 4087; x_wconf 84' lang='grc' dir='ltr'>Ἐστι</span> <span class='ocrx_word' id='word_1_622' title='bbox 2655 4034 2712 4087; x_wconf 88' lang='grc' dir='ltr'>δὲ</span> <span class='ocrx_word' id='word_1_623' title='bbox 2743 4034 2925 4107; x_wconf 87' lang='grc' dir='ltr'>πολλῷ</span> <span class='ocrx_word' id='word_1_624' title='bbox 2961 4036 3298 4109; x_wconf 84' lang='grc' dir='ltr'>πλατύτερος</span> <span class='ocrx_word' id='word_1_625' title='bbox 3341 4038 3436 4093; x_wconf 81' lang='grc' dir='ltr'><strong>τοῦ</strong></span> <span class='ocrx_word' id='word_1_626' title='bbox 3472 4057 3529 4092; x_wconf 89' lang='grc' dir='ltr'><strong>τε</strong></span> <span class='ocrx_word' id='word_1_627' title='bbox 3564 4042 3750 4110; x_wconf 81' lang='grc' dir='ltr'>Κεφα-</span> 
     </span>
    </p>
   </div>
   <div class='ocr_carea' id='block_1_93' title="bbox 2169 4122 3752 4200">
    <p class='ocr_par' dir='ltr' id='par_1_93' title="bbox 2169 4122 3752 4200">
     <span class='ocr_line' id='line_1_93' title="bbox 2169 4122 3752 4200; baseline 0.005 -22"><span class='ocrx_word' id='word_1_628' title='bbox 2169 4125 2378 4190; x_wconf 85' lang='grc' dir='ltr'>λίωνος,</span> <span class='ocrx_word' id='word_1_629' title='bbox 2409 4128 2466 4178; x_wconf 84' lang='grc' dir='ltr'>ὲν</span> <span class='ocrx_word' id='word_1_630' title='bbox 2498 4122 2578 4189; x_wconf 76' lang='grc' dir='ltr'><strong>οἷς</strong></span> <span class='ocrx_word' id='word_1_631' title='bbox 2608 4127 2735 4192; x_wconf 85' lang='grc' dir='ltr'><strong>τοὺς</strong></span> <span class='ocrx_word' id='word_1_632' title='bbox 2765 4128 2965 4193; x_wconf 80' lang='grc' dir='ltr'><strong>αὐτοὺς</strong></span> <span class='ocrx_word' id='word_1_633' title='bbox 2996 4129 3224 4200; x_wconf 87' lang='grc' dir='ltr'>χρόνους</span> <span class='ocrx_word' id='word_1_634' title='bbox 3258 4130 3547 4200; x_wconf 79' lang='grc' dir='ltr'>συμϐαίνει</span> <span class='ocrx_word' id='word_1_635' title='bbox 3570 4134 3752 4198; x_wconf 75' lang='grc' dir='ltr'><strong>αὐτοῖς</strong></span> 
     </span>
    </p>
   </div>
   <div class='ocr_carea' id='block_1_94' title="bbox 2169 4217 3748 4295">
    <p class='ocr_par' dir='ltr' id='par_1_94' title="bbox 2169 4217 3748 4295">
     <span class='ocr_line' id='line_1_94' title="bbox 2169 4217 3748 4295; baseline 0.007 -27"><span class='ocrx_word' id='word_1_636' title='bbox 2169 4217 2533 4287; x_wconf 79' lang='grc' dir='ltr'>ἀναγράφειν,</span> <span class='ocrx_word' id='word_1_637' title='bbox 2579 4220 2675 4272; x_wconf 72' lang='grc' dir='ltr'>καὶ</span> <span class='ocrx_word' id='word_1_638' title='bbox 2737 4219 2832 4273; x_wconf 82' lang='grc' dir='ltr'><strong>τοῦ</strong></span> <span class='ocrx_word' id='word_1_639' title='bbox 2874 4221 3131 4290; x_wconf 86' lang='grc' dir='ltr'>Ἦσυχίου</span> <span class='ocrx_word' id='word_1_640' title='bbox 3156 4221 3247 4274; x_wconf 76' lang='grc' dir='ltr'><strong>τοῦ</strong></span> <span class='ocrx_word' id='word_1_641' title='bbox 3297 4222 3660 4295; x_wconf 80' lang='grc' dir='ltr'>Ίλλουστρίου</span> <span class='ocrx_word' id='word_1_642' title='bbox 3686 4229 3748 4280; x_wconf 75' lang='grc'><strong>⁷⁸.</strong></span> 
     </span>
    </p>
   </div>
   <div class='ocr_carea' id='block_1_95' title="bbox 2170 4307 3751 4386">
    <p class='ocr_par' dir='ltr' id='par_1_95' title="bbox 2170 4307 3751 4386">
     <span class='ocr_line' id='line_1_95' title="bbox 2170 4307 3751 4386; baseline 0.007 -26"><span class='ocrx_word' id='word_1_643' title='bbox 2170 4307 2452 4378; x_wconf 85' lang='grc' dir='ltr'><strong>Κέχρηται</strong></span> <span class='ocrx_word' id='word_1_644' title='bbox 2493 4309 2550 4361; x_wconf 80' lang='grc' dir='ltr'>δὲ</span> <span class='ocrx_word' id='word_1_645' title='bbox 2592 4311 2792 4381; x_wconf 85' lang='grc' dir='ltr'>φράσει</span> <span class='ocrx_word' id='word_1_646' title='bbox 2819 4315 2983 4381; x_wconf 79' lang='grc' dir='ltr'><strong>σαφεῖ</strong></span> <span class='ocrx_word' id='word_1_647' title='bbox 3010 4330 3070 4365; x_wconf 88' lang='grc' dir='ltr'>τε</span> <span class='ocrx_word' id='word_1_648' title='bbox 3102 4315 3197 4367; x_wconf 82' lang='grc' dir='ltr'>καὶ</span> <span class='ocrx_word' id='word_1_649' title='bbox 3227 4316 3458 4386; x_wconf 68' lang='grc' dir='ltr'>ἀκόμψῳ</span> <span class='ocrx_word' id='word_1_650' title='bbox 3490 4318 3582 4369; x_wconf 66' lang='grc' dir='ltr'><strong>καὶ¹</strong></span> <span class='ocrx_word' id='word_1_651' title='bbox 3611 4321 3751 4371; x_wconf 83' lang='grc' dir='ltr'><strong>ίστο-</strong></span> 
     </span>
    </p>
   </div>
   <div class='ocr_carea' id='block_1_96' title="bbox 2173 4398 3749 4476">
    <p class='ocr_par' dir='ltr' id='par_1_96' title="bbox 2173 4398 3749 4476">
     <span class='ocr_line' id='line_1_96' title="bbox 2173 4398 3749 4476; baseline 0.008 -27"><span class='ocrx_word' id='word_1_652' title='bbox 2173 4398 2265 4469; x_wconf 82' lang='grc' dir='ltr'><strong>ρίᾳ</strong></span> <span class='ocrx_word' id='word_1_653' title='bbox 2299 4398 2535 4469; x_wconf 88' lang='grc' dir='ltr'><strong>μάλιστα</strong></span> <span class='ocrx_word' id='word_1_654' title='bbox 2579 4403 2864 4476; x_wconf 77' lang='grc' dir='ltr'>πρεπούσῃ</span> <span class='ocrx_word' id='word_1_655' title='bbox 2891 4444 2905 4467; x_wconf 90' lang='grc'><strong>,</strong></span> <span class='ocrx_word' id='word_1_656' title='bbox 2942 4403 3037 4456; x_wconf 75' lang='grc' dir='ltr'><strong>καὶ</strong></span> <span class='ocrx_word' id='word_1_657' title='bbox 3068 4405 3205 4476; x_wconf 86' lang='grc' dir='ltr'><strong>μήτε</strong></span> <span class='ocrx_word' id='word_1_658' title='bbox 3236 4404 3335 4469; x_wconf 83' lang='grc' dir='ltr'><strong>τὰς</strong></span> <span class='ocrx_word' id='word_1_659' title='bbox 3382 4405 3475 4476; x_wconf 85' lang='grc' dir='ltr'><strong>(ὠς</strong></span> <span class='ocrx_word' id='word_1_660' title='bbox 3509 4408 3574 4461; x_wconf 86' lang='grc' dir='ltr'><strong>ἂν</strong></span> <span class='ocrx_word' id='word_1_661' title='bbox 3610 4408 3749 4461; x_wconf 77' lang='grc' dir='ltr'>εἴποι</span> 
     </span>
    </p>
   </div>
   <div class='ocr_carea' id='block_1_97' title="bbox 2171 4489 3749 4566">
    <p class='ocr_par' dir='ltr' id='par_1_97' title="bbox 2171 4489 3749 4566">
     <span class='ocr_line' id='line_1_97' title="bbox 2171 4489 3749 4566; baseline 0.008 -25"><span class='ocrx_word' id='word_1_662' title='bbox 2171 4492 2275 4553; x_wconf 88' lang='grc' dir='ltr'><strong>τις)</strong></span> <span class='ocrx_word' id='word_1_663' title='bbox 2306 4489 2425 4541; x_wconf 89' lang='grc' dir='ltr'><strong>λίαν</strong></span> <span class='ocrx_word' id='word_1_664' title='bbox 2468 4490 3055 4565; x_wconf 73' lang='grc' dir='ltr'>ὑπερηττικισμέναςῆ</span> <span class='ocrx_word' id='word_1_665' title='bbox 3092 4496 3523 4566; x_wconf 87' lang='grc' dir='ltr'>ἀρχαιοτρόπους</span> <span class='ocrx_word' id='word_1_666' title='bbox 3542 4499 3749 4553; x_wconf 84' lang='grc' dir='ltr'>διώκων</span> 
     </span>
    </p>
   </div>
   <div class='ocr_carea' id='block_1_98' title="bbox 2172 4580 3749 4661">
    <p class='ocr_par' dir='ltr' id='par_1_98' title="bbox 2172 4580 3749 4661">
     <span class='ocr_line' id='line_1_98' title="bbox 2172 4580 3749 4661; baseline 0.007 -29"><span class='ocrx_word' id='word_1_667' title='bbox 2172 4580 2473 4647; x_wconf 84' lang='grc' dir='ltr'>συντάξεις,</span> <span class='ocrx_word' id='word_1_668' title='bbox 2509 4584 2649 4653; x_wconf 84' lang='grc' dir='ltr'>μήτε</span> <span class='ocrx_word' id='word_1_669' title='bbox 2693 4585 2832 4657; x_wconf 83' lang='grc' dir='ltr'>πρὸς</span> <span class='ocrx_word' id='word_1_670' title='bbox 2877 4586 2975 4657; x_wconf 82' lang='grc' dir='ltr'>τὴν</span> <span class='ocrx_word' id='word_1_671' title='bbox 3007 4588 3471 4661; x_wconf 88' lang='grc' dir='ltr'>καθωμιλημένην</span> <span class='ocrx_word' id='word_1_672' title='bbox 3500 4594 3546 4625; x_wconf 83' lang='grc'><strong>⁷⁸</strong></span> <span class='ocrx_word' id='word_1_673' title='bbox 3580 4592 3749 4645; x_wconf 81' lang='grc' dir='ltr'>νεύων</span> 
     </span>
    </p>
   </div>
   <div class='ocr_carea' id='block_1_99' title="bbox 2168 4670 3749 4747">
    <p class='ocr_par' dir='ltr' id='par_1_99' title="bbox 2168 4670 3749 4747">
     <span class='ocr_line' id='line_1_99' title="bbox 2168 4670 3749 4747; baseline 0.005 -26"><span class='ocrx_word' id='word_1_674' title='bbox 2168 4670 2484 4737; x_wconf 85' lang='grc' dir='ltr'>παντελῶς,</span> <span class='ocrx_word' id='word_1_675' title='bbox 2539 4672 2677 4725; x_wconf 80' lang='grc' dir='ltr'><strong>ἀλλὰ</strong></span> <span class='ocrx_word' id='word_1_676' title='bbox 2720 4675 2797 4745; x_wconf 83' lang='grc' dir='ltr'><strong>τῷ</strong></span> <span class='ocrx_word' id='word_1_677' title='bbox 2850 4676 2999 4746; x_wconf 83' lang='grc' dir='ltr'><strong>μέσῳ</strong></span> <span class='ocrx_word' id='word_1_678' title='bbox 3043 4675 3151 4729; x_wconf 85' lang='grc' dir='ltr'><strong>τῶν</strong></span> <span class='ocrx_word' id='word_1_679' title='bbox 3215 4677 3388 4743; x_wconf 88' lang='grc' dir='ltr'>λόγων</span> <span class='ocrx_word' id='word_1_680' title='bbox 3443 4678 3749 4747; x_wconf 80' lang='grc' dir='ltr'>χαρακτῆρι</span> 
     </span>
    </p>
   </div>
   <div class='ocr_carea' id='block_1_100' title="bbox 2166 4762 3748 4837">
    <p class='ocr_par' dir='ltr' id='par_1_100' title="bbox 2166 4762 3748 4837">
     <span class='ocr_line' id='line_1_100' title="bbox 2166 4762 3748 4837; baseline 0.003 -23"><span class='ocrx_word' id='word_1_681' title='bbox 2166 4762 2393 4833; x_wconf 81' lang='grc' dir='ltr'>χαίρων,</span> <span class='ocrx_word' id='word_1_682' title='bbox 2447 4764 2665 4834; x_wconf 80' lang='grc' dir='ltr'>φεύγων</span> <span class='ocrx_word' id='word_1_683' title='bbox 2726 4783 2783 4819; x_wconf 86' lang='grc' dir='ltr'><strong>τε</strong></span> <span class='ocrx_word' id='word_1_684' title='bbox 2835 4768 3042 4836; x_wconf 85' lang='grc' dir='ltr'>τροπάς</span> <span class='ocrx_word' id='word_1_685' title='bbox 3080 4768 3175 4820; x_wconf 75' lang='grc' dir='ltr'><strong>καὶ</strong></span> <span class='ocrx_word' id='word_1_686' title='bbox 3233 4764 3423 4833; x_wconf 83' lang='grc' dir='ltr'>τᾶλλα,</span> <span class='ocrx_word' id='word_1_687' title='bbox 3476 4769 3615 4837; x_wconf 82' lang='grc' dir='ltr'>πλὴν</span> <span class='ocrx_word' id='word_1_688' title='bbox 3643 4767 3748 4818; x_wconf 85' lang='grc' dir='ltr'><strong>τῶν</strong></span> 
     </span>
    </p>
   </div>
   <div class='ocr_carea' id='block_1_101' title="bbox 2169 4855 3744 4929">
    <p class='ocr_par' dir='ltr' id='par_1_101' title="bbox 2169 4855 3744 4929">
     <span class='ocr_line' id='line_1_101' title="bbox 2169 4855 3744 4929; baseline 0.008 -23"><span class='ocrx_word' id='word_1_689' title='bbox 2169 4855 2297 4925; x_wconf 76' lang='grc' dir='ltr'>παρ’</span> <span class='ocrx_word' id='word_1_690' title='bbox 2326 4856 2553 4927; x_wconf 87' lang='grc' dir='ltr'>Ἕλλησι</span> <span class='ocrx_word' id='word_1_691' title='bbox 2602 4858 3083 4927; x_wconf 89' lang='grc' dir='ltr'>μυθολογουμένων</span> <span class='ocrx_word' id='word_1_692' title='bbox 3128 4860 3267 4913; x_wconf 83' lang='grc' dir='ltr'>θεῶν</span> <span class='ocrx_word' id='word_1_693' title='bbox 3308 4877 3365 4913; x_wconf 87' lang='grc' dir='ltr'>τε</span> <span class='ocrx_word' id='word_1_694' title='bbox 3404 4860 3499 4913; x_wconf 73' lang='grc' dir='ltr'><strong>καὶ</strong></span> <span class='ocrx_word' id='word_1_695' title='bbox 3531 4858 3744 4929; x_wconf 74' lang='grc' dir='ltr'><strong>ἡρώων,</strong></span> 
     </span>
    </p>
   </div>
   <div class='ocr_carea' id='block_1_102' title="bbox 2171 4946 3750 5022">
    <p class='ocr_par' dir='ltr' id='par_1_102' title="bbox 2171 4946 3750 5022">
     <span class='ocr_line' id='line_1_102' title="bbox 2171 4946 3750 5022; baseline 0.001 -24"><span class='ocrx_word' id='word_1_696' title='bbox 2171 4947 2272 4999; x_wconf 84' lang='grc' dir='ltr'><strong>ὅσα</strong></span> <span class='ocrx_word' id='word_1_697' title='bbox 2302 4947 2362 5000; x_wconf 84' lang='grc' dir='ltr'><strong>τὸ</strong></span> <span class='ocrx_word' id='word_1_698' title='bbox 2387 4949 2670 5020; x_wconf 83' lang='grc' dir='ltr'>ποιητικὸν</span> <span class='ocrx_word' id='word_1_699' title='bbox 2718 4949 2839 5015; x_wconf 73' lang='grc' dir='ltr'>ἔθος</span> <span class='ocrx_word' id='word_1_700' title='bbox 2867 4951 2915 4983; x_wconf 70' lang='grc'><strong>’⁸</strong></span> <span class='ocrx_word' id='word_1_701' title='bbox 2940 4952 3183 5022; x_wconf 85' lang='grc' dir='ltr'><strong>νέμεται.</strong></span> <span class='ocrx_word' id='word_1_702' title='bbox 3220 4954 3479 5022; x_wconf 82' lang='grc' dir='ltr'>Ἀρχεται</span> <span class='ocrx_word' id='word_1_703' title='bbox 3524 4950 3623 5019; x_wconf 84' lang='grc' dir='ltr'><strong>μὲν</strong></span> <span class='ocrx_word' id='word_1_704' title='bbox 3660 4946 3750 5001; x_wconf 78' lang='grc' dir='ltr'><strong>οὖν</strong></span> 
     </span>
    </p>
   </div>
   <div class='ocr_carea' id='block_1_103' title="bbox 2175 5038 3751 5113">
    <p class='ocr_par' dir='ltr' id='par_1_103' title="bbox 2175 5038 3751 5113">
     <span class='ocr_line' id='line_1_103' title="bbox 2175 5038 3751 5113; baseline -0.007 -12"><span class='ocrx_word' id='word_1_705' title='bbox 2175 5038 2273 5107; x_wconf 81' lang='grc' dir='ltr'><strong>τῆς</strong></span> <span class='ocrx_word' id='word_1_706' title='bbox 2314 5040 2554 5110; x_wconf 77' lang='grc' dir='ltr'><strong>ἱστορίας</strong></span> <span class='ocrx_word' id='word_1_707' title='bbox 2581 5042 2689 5095; x_wconf 85' lang='grc' dir='ltr'>άπὸ</span> <span class='ocrx_word' id='word_1_708' title='bbox 2717 5043 2825 5096; x_wconf 85' lang='grc' dir='ltr'><strong>τῶν</strong></span> <span class='ocrx_word' id='word_1_709' title='bbox 2848 5042 3331 5113; x_wconf 84' lang='grc' dir='ltr'>μυθολογουμένων</span> <span class='ocrx_word' id='word_1_710' title='bbox 3363 5042 3493 5113; x_wconf 84' lang='grc' dir='ltr'>παρ’</span> <span class='ocrx_word' id='word_1_711' title='bbox 3525 5041 3751 5109; x_wconf 86' lang='grc' dir='ltr'>Ἕλλησι</span> 
     </span>
    </p>
   </div>
   <div class='ocr_carea' id='block_1_104' title="bbox 2173 5131 3752 5207">
    <p class='ocr_par' dir='ltr' id='par_1_104' title="bbox 2173 5131 3752 5207">
     <span class='ocr_line' id='line_1_104' title="bbox 2173 5131 3752 5207; baseline -0.013 -5"><span class='ocrx_word' id='word_1_712' title='bbox 2173 5131 2268 5182; x_wconf 62' lang='grc' dir='ltr'><strong>καὶ</strong></span> <span class='ocrx_word' id='word_1_713' title='bbox 2295 5131 2610 5202; x_wconf 65' lang='grc' dir='ltr'><strong>βαρϐάροις,</strong></span> <span class='ocrx_word' id='word_1_714' title='bbox 2647 5134 2775 5203; x_wconf 77' lang='grc' dir='ltr'><strong>ἑξῆς</strong></span> <span class='ocrx_word' id='word_1_715' title='bbox 2798 5135 2947 5189; x_wconf 84' lang='grc' dir='ltr'><strong>διιὼν</strong></span> <span class='ocrx_word' id='word_1_716' title='bbox 2995 5136 3156 5207; x_wconf 84' lang='grc' dir='ltr'><strong>μέχρι</strong></span> <span class='ocrx_word' id='word_1_717' title='bbox 3192 5137 3291 5207; x_wconf 82' lang='grc' dir='ltr'><strong>τῆς</strong></span> <span class='ocrx_word' id='word_1_718' title='bbox 3325 5136 3501 5207; x_wconf 83' lang='grc' dir='ltr'><strong>ἀρχῆς</strong></span> <span class='ocrx_word' id='word_1_719' title='bbox 3533 5133 3625 5187; x_wconf 84' lang='grc' dir='ltr'><strong>τοῦ</strong></span> <span class='ocrx_word' id='word_1_720' title='bbox 3660 5149 3752 5182; x_wconf 89' lang='grc' dir='ltr'>συ-</span> 
     </span>
    </p>
   </div>
   <div class='ocr_carea' id='block_1_105' title="bbox 2174 5220 3751 5296">
    <p class='ocr_par' dir='ltr' id='par_1_105' title="bbox 2174 5220 3751 5296">
     <span class='ocr_line' id='line_1_105' title="bbox 2174 5220 3751 5296; baseline -0.001 -23"><span class='ocrx_word' id='word_1_721' title='bbox 2174 5221 2397 5285; x_wconf 88' lang='grc' dir='ltr'>στάντος</span> <span class='ocrx_word' id='word_1_722' title='bbox 2419 5224 2661 5296; x_wconf 82' lang='grc' dir='ltr'><strong>πολέμου</strong></span> <span class='ocrx_word' id='word_1_723' title='bbox 2704 5226 2997 5296; x_wconf 83' lang='grc' dir='ltr'><strong>Ῥωμαίοις</strong></span> <span class='ocrx_word' id='word_1_724' title='bbox 3021 5244 3080 5280; x_wconf 92' lang='grc' dir='ltr'>τε</span> <span class='ocrx_word' id='word_1_725' title='bbox 3117 5228 3212 5281; x_wconf 73' lang='grc' dir='ltr'><strong>καὶ</strong></span> <span class='ocrx_word' id='word_1_726' title='bbox 3256 5227 3480 5289; x_wconf 83' lang='grc' dir='ltr'><strong>Κελτοῖς</strong></span> <span class='ocrx_word' id='word_1_727' title='bbox 3501 5266 3516 5292; x_wconf 91' lang='grc'><strong>,</strong></span> <span class='ocrx_word' id='word_1_728' title='bbox 3553 5222 3671 5278; x_wconf 86' lang='grc' dir='ltr'>καθ’</span> <span class='ocrx_word' id='word_1_729' title='bbox 3694 5220 3751 5271; x_wconf 88' lang='grc' dir='ltr'>ὃν</span> 
     </span>
    </p>
   </div>
   <div class='ocr_carea' id='block_1_106' title="bbox 1749 5303 2447 5369">
    <p class='ocr_par' dir='ltr' id='par_1_106' title="bbox 1749 5303 2447 5369">
     <span class='ocr_line' id='line_1_106' title="bbox 1749 5303 2447 5369; baseline 0.016 -11"><span class='ocrx_word' id='word_1_730' title='bbox 1749 5303 1986 5361; x_wconf 69' lang='lat' dir='ltr'><strong>VARI/1?.</strong></span> <span class='ocrx_word' id='word_1_731' title='bbox 2041 5307 2447 5369; x_wconf 74' lang='lat' dir='ltr'><strong>LEC&#39;I‘IONES.</strong></span> 
     </span>
    </p>
   </div>
   <div class='ocr_carea' id='block_1_107' title="bbox 560 5395 1951 5469">
    <p class='ocr_par' dir='ltr' id='par_1_107' title="bbox 560 5395 1951 5469">
     <span class='ocr_line' id='line_1_107' title="bbox 560 5395 1951 5469; baseline 0.002 -21"><span class='ocrx_word' id='word_1_732' title='bbox 560 5395 782 5469; x_wconf 63' lang='lat' dir='ltr'><strong>“_5‘rou]</strong></span> <span class='ocrx_word' id='word_1_733' title='bbox 811 5397 905 5469; x_wconf 80' lang='grc' dir='ltr'><strong>ὅτε</strong></span> <span class='ocrx_word' id='word_1_734' title='bbox 934 5396 1000 5449; x_wconf 84' lang='grc' dir='ltr'><strong>Α.</strong></span> <span class='ocrx_word' id='word_1_735' title='bbox 1068 5395 1371 5469; x_wconf 46' lang='grc' dir='ltr'><strong>-δτ-ῖσςχύος]</strong></span> <span class='ocrx_word' id='word_1_736' title='bbox 1407 5396 1588 5469; x_wconf 84' lang='lat' dir='ltr'><strong>malim</strong></span> <span class='ocrx_word' id='word_1_737' title='bbox 1618 5398 1713 5451; x_wconf 75' lang='grc' dir='ltr'><strong>καὶ</strong></span> <span class='ocrx_word' id='word_1_738' title='bbox 1746 5397 1951 5469; x_wconf 61' lang='grc' dir='ltr'>ἰσχύος,</span> 
     </span>
    </p>
   </div>
   <div class='ocr_carea' id='block_1_108' title="bbox 2046 5400 2505 5477">
    <p class='ocr_par' dir='ltr' id='par_1_108' title="bbox 2046 5400 2505 5477">
     <span class='ocr_line' id='line_1_108' title="bbox 2046 5400 2505 5477; baseline -0.017 2"><span class='ocrx_word' id='word_1_739' title='bbox 2046 5400 2404 5477; x_wconf 44' lang='lat' dir='ltr'><strong>“ﬁnitimae</strong></span> <span class='ocrx_word' id='word_1_740' title='bbox 2446 5426 2505 5472; x_wconf 82' lang='grc' dir='ltr'>ς.</span> 
     </span>
    </p>
   </div>
   <div class='ocr_carea' id='block_1_109' title="bbox 2584 5408 3750 5483">
    <p class='ocr_par' dir='ltr' id='par_1_109' title="bbox 2584 5408 3750 5483">
     <span class='ocr_line' id='line_1_109' title="bbox 2584 5408 3750 5483; baseline -0.023 0"><span class='ocrx_word' id='word_1_741' title='bbox 2584 5409 2912 5483; x_wconf 67' lang='grc' dir='ltr'><strong>⁶1τῆς1κᾳὶ</strong></span> <span class='ocrx_word' id='word_1_742' title='bbox 2955 5415 3055 5480; x_wconf 83' lang='grc' dir='ltr'><strong>τῆς</strong></span> <span class='ocrx_word' id='word_1_743' title='bbox 3085 5429 3145 5476; x_wconf 82' lang='grc' dir='ltr'><strong>ς.</strong></span> <span class='ocrx_word' id='word_1_744' title='bbox 3224 5414 3270 5444; x_wconf 82' lang='grc' dir='ltr'><strong>⁷ο</strong></span> <span class='ocrx_word' id='word_1_745' title='bbox 3305 5408 3423 5481; x_wconf 73' lang='grc' dir='ltr'>καὶ]</span> <span class='ocrx_word' id='word_1_746' title='bbox 3453 5427 3511 5463; x_wconf 89' lang='grc' dir='ltr'>τε</span> <span class='ocrx_word' id='word_1_747' title='bbox 3560 5409 3657 5483; x_wconf 72' lang='grc' dir='ltr'>καὶ</span> <span class='ocrx_word' id='word_1_748' title='bbox 3690 5422 3750 5483; x_wconf 74' lang='grc' dir='ltr'><strong>ς’.</strong></span> 
     </span>
    </p>
   </div>
   <div class='ocr_carea' id='block_1_110' title="bbox 496 5466 3746 5551">
    <p class='ocr_par' dir='ltr' id='par_1_110' title="bbox 496 5466 3746 5551">
     <span class='ocr_line' id='line_1_110' title="bbox 496 5466 3746 5551; baseline 0.003 -33"><span class='ocrx_word' id='word_1_749' title='bbox 568 5466 725 5551; x_wconf 58' lang='grc' dir='ltr'>μόχον</span> <span class='ocrx_word' id='word_1_750' title='bbox 761 5466 823 5551; x_wconf 51' lang='grc' dir='ltr'><strong>ξε</strong></span> <span class='ocrx_word' id='word_1_751' title='bbox 898 5466 1157 5551; x_wconf 48' lang='grc' dir='ltr'><strong>τ’ςιινῶν]</strong></span> <span class='ocrx_word' id='word_1_752' title='bbox 1205 5466 1439 5551; x_wconf 41' lang='lat' dir='ltr'><strong>fortasse</strong></span> <span class='ocrx_word' id='word_1_753' title='bbox 1491 5468 1777 5551; x_wconf 61' lang='lat' dir='ltr'><strong>Legendum</strong></span> <span class='ocrx_word' id='word_1_754' title='bbox 1821 5468 2007 5551; x_wconf 56' lang='grc' dir='ltr'>τριιῇν.</span> <span class='ocrx_word' id='word_1_755' title='bbox 2083 5471 2129 5551; x_wconf 57' lang='grc' dir='ltr'><strong>ξ³</strong></span> <span class='ocrx_word' id='word_1_756' title='bbox 2147 5466 2477 5550; x_wconf 66' lang='grc' dir='ltr'>’ἀνεγνώσθη</span> <span class='ocrx_word' id='word_1_757' title='bbox 2532 5466 2906 5549; x_wconf 59' lang='grc' dir='ltr'>βιϐλίον”διοδ</span> <span class='ocrx_word' id='word_1_758' title='bbox 2962 5466 3184 5547; x_wconf 35' lang='grc' dir='ltr'><strong>σίέδς.</strong></span> <span class='ocrx_word' id='word_1_759' title='bbox 3258 5484 3304 5515; x_wconf 68' lang='grc'><strong>⁷⁸</strong></span> <span class='ocrx_word' id='word_1_760' title='bbox 3335 5466 3631 5551; x_wconf 66' lang='grc' dir='ltr'>ἰλοὶθστρίου</span> <span class='ocrx_word' id='word_1_761' title='bbox 3682 5466 3746 5529; x_wconf 70' lang='grc' dir='ltr'><strong>Α.</strong></span> 
     </span>
    </p>
   </div>
   <div class='ocr_carea' id='block_1_111' title="bbox 494 5536 1156 5609">
    <p class='ocr_par' dir='ltr' id='par_1_111' title="bbox 494 5536 1156 5609">
     <span class='ocr_line' id='line_1_111' title="bbox 494 5536 1156 5609; baseline 0.003 -21"><span class='ocrx_word' id='word_1_762' title='bbox 494 5536 539 5567; x_wconf 68' lang='grc' dir='ltr'><strong>τ⁸</strong></span> <span class='ocrx_word' id='word_1_763' title='bbox 570 5537 1067 5609; x_wconf 84' lang='grc' dir='ltr'>καθωμαλισμένην</span> <span class='ocrx_word' id='word_1_764' title='bbox 1096 5536 1156 5604; x_wconf 73' lang='grc' dir='ltr'><strong>ςῖ</strong></span> 
     </span>
    </p>
   </div>
   <div class='ocr_carea' id='block_1_112' title="bbox 1232 5536 2282 5608">
    <p class='ocr_par' dir='ltr' id='par_1_112' title="bbox 1232 5536 2282 5608">
     <span class='ocr_line' id='line_1_112' title="bbox 1232 5536 2282 5608; baseline 0.008 -19"><span class='ocrx_word' id='word_1_765' title='bbox 1232 5537 1276 5568; x_wconf 75' lang='grc'><strong>⁷⁶</strong></span> <span class='ocrx_word' id='word_1_766' title='bbox 1314 5537 1465 5601; x_wconf 77' lang='grc' dir='ltr'>ἔθνος</span> <span class='ocrx_word' id='word_1_767' title='bbox 1490 5536 1799 5608; x_wconf 88' lang='lat' dir='ltr'><strong>Stephanus</strong></span> <span class='ocrx_word' id='word_1_768' title='bbox 1821 5536 1878 5593; x_wconf 84' lang='lat' dir='ltr'><strong>et</strong></span> <span class='ocrx_word' id='word_1_769' title='bbox 1906 5536 2282 5600; x_wconf 65' lang='lat' dir='ltr'><strong>Casau&#39;mnus.</strong></span> 
     </span>
    </p>
   </div>
   <div class='ocr_carea' id='block_1_113' title="bbox 1984 5634 2217 5695">
    <p class='ocr_par' dir='ltr' id='par_1_113' title="bbox 1984 5634 2217 5695">
     <span class='ocr_line' id='line_1_113' title="bbox 1984 5634 2217 5695; baseline 0.026 -6"><span class='ocrx_word' id='word_1_770' title='bbox 1984 5634 2217 5695; x_wconf 66' lang='lat' dir='ltr'><strong>NOTAE.</strong></span> 
     </span>
    </p>
   </div>
   <div class='ocr_carea' id='block_1_114' title="bbox 562 5721 3056 5815">
    <p class='ocr_par' dir='ltr' id='par_1_114' title="bbox 562 5721 3056 5815">
     <span class='ocr_line' id='line_1_114' title="bbox 562 5721 3056 5815; baseline 0.011 -41"><span class='ocrx_word' id='word_1_771' title='bbox 702 5724 1045 5815; x_wconf 25' lang='lat' dir='ltr'><strong>fortasse-ob</strong></span> <span class='ocrx_word' id='word_1_772' title='bbox 1065 5726 1494 5815; x_wconf 51' lang='lat' dir='ltr'><strong>Chrysargyron,</strong></span> <span class='ocrx_word' id='word_1_773' title='bbox 1527 5728 1715 5783; x_wconf 87' lang='lat' dir='ltr'><strong>tributi</strong></span> <span class='ocrx_word' id='word_1_774' title='bbox 1750 5746 1941 5815; x_wconf 79' lang='lat' dir='ltr'><strong>genus,</strong></span> <span class='ocrx_word' id='word_1_775' title='bbox 1971 5734 2267 5808; x_wconf 85' lang='lat' dir='ltr'><strong>sublatum,</strong></span> <span class='ocrx_word' id='word_1_776' title='bbox 2294 5741 2493 5815; x_wconf 88' lang='lat' dir='ltr'><strong>alioqui</strong></span> <span class='ocrx_word' id='word_1_777' title='bbox 2531 5741 2754 5801; x_wconf 85' lang='lat' dir='ltr'><strong>minime</strong></span> <span class='ocrx_word' id='word_1_778' title='bbox 2784 5744 3056 5801; x_wconf 83' lang='lat' dir='ltr'><strong>militaris.</strong></span> 
     </span>
    </p>
   </div>
   <div class='ocr_carea' id='block_1_115' title="bbox 565 5791 1844 5868">
    <p class='ocr_par' dir='ltr' id='par_1_115' title="bbox 565 5791 1844 5868">
     <span class='ocr_line' id='line_1_115' title="bbox 565 5791 1844 5868; baseline 0.009 -23"><span class='ocrx_word' id='word_1_779' title='bbox 565 5791 676 5862; x_wconf 76' lang='lat'><strong>(65)</strong></span> <span class='ocrx_word' id='word_1_780' title='bbox 704 5793 873 5863; x_wconf 74' lang='lat' dir='ltr'><strong>Cujus</strong></span> <span class='ocrx_word' id='word_1_781' title='bbox 902 5798 1047 5854; x_wconf 84' lang='lat' dir='ltr'><strong>nulla</strong></span> <span class='ocrx_word' id='word_1_782' title='bbox 1077 5791 1581 5868; x_wconf 64' lang='lat' dir='ltr'><strong>est&#39;apud&#39;b‘uidam</strong></span> <span class='ocrx_word' id='word_1_783' title='bbox 1617 5791 1844 5857; x_wconf 74' lang='lat' dir='ltr'><strong>mentio.</strong></span> 
     </span>
    </p>
   </div>
  </div>
