3926 6440
318 334 414 401 171

1500 332 1768 395 PHOTl!
1810 330 2321 393 mmmam;
2359 306 2469 392 cr.

3510 326 3612 393 1:.

382 446 564 503 Patria
608 446 695 501 illi
720 444 897 502 Nicaea
944 445 1213 518 Bithyniae
1247 462 1260 500 :
1295 458 1457 514 quam
1498 458 1564 498 ex
1602 452 1757 513 parte
1811 457 1908 511 pa-

2024 441 2184 511 Ἔσχε
2214 441 2269 494 δὲ
2300 442 2535 513 πατρίδα
2581 440 2680 507 τὴν
2720 442 2775 496 ἐν
2798 441 3021 513 Βιθυνία
3066 441 3320 506 Νίκαιαν,
3350 443 3418 515 ἢν
3459 447 3604 499 κατὰ

314 541 419 605 lus,
453 540 691 596 Ascania
719 541 890 607 dicta,
922 538 1256 595 circumluit.
1300 536 1537 592 Grandis
1562 536 1680 607 ejus
1710 548 1915 599 sermo,

320 643 377 687 et
403 634 661 701 tumidus,
690 648 756 688 eo
789 633 932 703 quod
963 647 1144 687 rerum
1180 630 1481 701 ingentium
1508 643 1667 685 sensa
1698 625 1913 681 afferat.

315 724 534 779 Veteris
600 726 730 780 item
790 725 894 795 ipsi
951 723 1383 781 constructionis
1437 734 1623 777 sermo
1675 719 1913 789 plenus,

315 816 737 887 verborumque.
768 834 889 887 qua:
912 832 1096 872 rerum
1131 815 1491 886 magnitudini
1522 812 1913 884 respondeant.

320 910 540 968 Periodi
591 911 1011 980 parentltesibus
1058 909 1326 978 traiectae,
1376 915 1432 962 et
1484 906 1913 976 hyperbatorum

317 1015 664 1078 Opportunus
729 1018 883 1058 usus.
950 1001 1173 1057 Numeri
1228 1014 1415 1069 porro,
1486 1009 1545 1054 et
1609 997 1913 1061 intercisio,

320 1102 423 1155 etsi
454 1107 704 1151 accurate
755 1095 1026 1155 adhibita,
1068 1094 1140 1149 ob
1170 1094 1443 1147 orationis
1490 1101 1668 1147 tamen
1707 1089 1917 1159 perspi-

321 1190 601 1251 cuitatem,
633 1187 811 1240 obiter
842 1184 1150 1254 legentibus
1186 1198 1289 1236 non
1319 1191 1445 1236 sunt
1483 1178 1796 1234 manifesta.
1857 1176 1912 1231 In

322 1279 728 1336 narrationibus
761 1286 1048 1345 praeterea
1071 1282 1125 1326 et
1153 1271 1536 1333 concionihns,
1579 1267 1913 1338 Thucydidis

322 1370 559 1421 maxime
589 1375 673 1420 est
714 1363 976 1430 aemulus;
1023 1362 1124 1417 nisi
1159 1360 1302 1430 quod
1349 1358 1416 1412 ad
1470 1358 1911 1427 perspicuitatem

321 1460 496 1529 magis
542 1459 764 1512 tendit:
809 1464 1005 1510 caetera
1058 1453 1173 1507 fere
1218 1450 1567 1522 Thucydides
1616 1448 1688 1503 illi
1724 1462 1910 1502 norma

322 1560 405 1606 est
435 1565 498 1605 ac
535 1547 739 1619 regula.

1007 1727 1219 1784 LXXII.

426 1823 614 1879 Ctesia:
655 1821 835 1878 Cnidii
876 1819 1219 1876 Persicorum
1262 1837 1440 1875 rerum
1476 1820 1606 1873 libri
1644 1834 1800 1873 nm.

390 1915 552 1969 Lecta
580 1914 775 1969 Ctesize
807 1912 992 1967 Cnidii
1044 1909 1286 1977 Persica,
1335 1912 1387 1963 in
1424 1911 1593 1965 libros
1622 1909 1911 1964 distributa

322 2017 434 2062 tres
473 2019 639 2073 supra
686 2002 908 2073 viginti.
966 2003 1223 2057 Attamen
1275 2002 1547 2071 prioribus
1601 2014 1701 2055 sex
1762 1999 1914 2055 libris

319 2094 673 2165 Assyriorum
712 2107 824 2155 res,
850 2101 906 2146 et
937 2106 1277 2161 quazcunque
1308 2090 1587 2145 Persicum
1624 2089 1913 2158 imperium

320 2188 756 2246 antecesserunt,
822 2180 1180 2249 complexus,
1254 2194 1359 2233 non
1423 2179 1525 2234 nisi
1581 2194 1611 2233 a
1682 2179 1914 2249 septimo

324 2277 583 2344 deinceps
647 2287 736 2327 res
770 2272 1018 2326 Persicas
1071 2287 1293 2327 narrare
1333 2272 1529 2342 pergit.
1574 2270 1697 2342 Ipso
1731 2273 1913 2341 itaque

321 2368 557 2435 septimo
590 2365 747 2433 libro,
791 2374 983 2443 octavo
1012 2364 1143 2418 item
1177 2378 1239 2418 ac
1264 2380 1429 2429 nono,
1462 2363 1698 2431 decimo,
1741 2364 1911 2418 unde-

321 2454 463 2508 cimo
495 2463 549 2507 et
575 2451 914 2516 duodecimo,
961 2452 1024 2505 ad
1049 2454 1263 2507 tertium
1288 2468 1458 2523 usque
1479 2453 1769 2517 decimum,
1796 2468 1917 2522 qua:

320 2548 388 2601 ad
412 2545 611 2616 Cyrum
641 2584 656 2608 ,
688 2555 743 2601 et
775 2546 1099 2623 Cambysen,
1138 2562 1202 2603 ac
1232 2545 1444 2616 Magum
1488 2545 1705 2617 (70-71)
1743 2544 1914 2612 illum,

322 2638 559 2708 itemque
581 2638 646 2691 ad
682 2638 898 2692 Darium
918 2651 970 2693 et
996 2637 1231 2695 Xerxem
1261 2640 1556 2708 pertinent,
1588 2639 1913 2710 descripsit;

320 2731 374 2785 in
406 2732 659 2785 omnibus
693 2733 1085 2802 propemodum
1118 2731 1390 2786 Herodoto
1422 2730 1538 2801 (72)
1564 2732 1910 2795 adversatus,

320 2823 468 2895 36a
511 2839 672 2892 quem
707 2824 793 2895 (ut
831 2825 1108 2893 posterior
1156 2824 1250 2879 illo
1298 2826 1543 2897 scripsit)
1595 2826 1914 2881 mendacem

323 2917 377 2970 in
414 2915 623 2981 multis,
676 2927 732 2970 et
768 2915 1073 2969 fabularum
1121 2916 1490 2972 conﬁctorem.
1529 2917 1678 3000 facit.
1735 2916 1811 2972 De
1856 2933 1916 2972 se

320 3023 455 3063 vero
487 3008 770 3078 praedicat,
809 3021 1002 3063 eorum
1052 3023 1172 3078 quae
1221 3010 1414 3065 scribit
1470 3011 1728 3079 majorem
1784 3025 1915 3079 par-

2021 535 2164 606 μέρη
2215 537 2248 606 ή
2298 538 2607 609 καλουμένη
2671 539 2834 611 λίμνη
2892 540 3153 595 Ἀσκανία
3200 542 3607 613 περιλιμνάζει.

2024 625 2186 679 Ἔστι
2209 625 2264 679 δὲ
2293 627 2393 698 την
2418 628 2621 698 φράσιν
2660 629 3099 701 μεγαλοπρεπῶς
3134 647 3195 684 τε
3222 632 3317 685 καὶ
3348 632 3406 696 ἐς
3444 631 3614 701 ὄγκον

2016 717 2491 791 διεσκευασμένος,
2556 724 2638 777 ὅτι
2691 723 2785 775 καὶ
2853 722 3107 794 μεγάλων
3169 723 3347 794 ἔργων
3398 725 3609 789 ἐννοίας

2018 807 2376 876 ἀπαγγέλλει.
2423 810 2730 880 Ἀρκαῖκῶν
2772 828 2831 863 τε
2860 812 3011 882 αύτῷ
3047 812 3353 880 συντάξεων
3392 815 3423 869 ό
3449 815 3611 883 λόγος

2021 901 2221 972 μεστὸς
2271 902 2369 955 καὶ
2407 903 2609 971 λέξεων
2647 908 2979 977 πρεπουσῶν
3024 909 3247 977 μεγέθει
3281 907 3327 939 ⁸³
3366 907 3611 981 περίοδοί

2015 1011 2075 1045 τε
2110 996 2249 1065 μετά
2274 997 2660 1068 παρενθέσεων
2699 1001 3174 1071 παρατεταμέναι,
3210 1002 3277 1033 ⁸¹⁹
3302 1001 3398 1055 καὶ
3433 1002 3611 1071 ὑπερ-

2019 1087 2198 1141 ϐατῶν
2260 1088 2518 1161 εὔκαιρος
2574 1092 2792 1163 χρῆσις.
2843 1093 3077 1164 Ῥυθμός
3127 1112 3191 1149 τε
3230 1095 3325 1149 καὶ
3362 1095 3613 1150 ἀναπαύ-

2018 1194 2137 1240 σεις
2168 1178 2214 1211 ⁸³
2248 1180 2330 1243 εἰς
2374 1179 2700 1250 ἐπιμέλειαν
2742 1183 3033 1254 ἠσκημένα
3060 1184 3147 1237 διὰ
3175 1184 3235 1238 τὸ
3290 1186 3463 1254 σαφὲς
3509 1186 3612 1241 οὐκ

2016 1267 2132 1322 ἔστι
2173 1272 2288 1333 τοῖς
2330 1271 2517 1335 άπλῶς
2563 1272 3039 1342 ἀναγινώσκουσιν
3074 1276 3291 1347 ἐμφανῆ
3317 1277 3385 1332 ⁸⁵.
3434 1277 3523 1329 Ἐν
3551 1277 3612 1331 δέ

2016 1377 2082 1429 γε
2103 1362 2225 1425 ταῖς
2254 1361 2300 1394 ⁸⁸
2343 1363 2715 1437 δημηγορίαις
2749 1366 2970 1438 ἄριστος
2998 1368 3093 1422 καὶ
3129 1370 3374 1441 μιμητὴς
3398 1370 3445 1403 ⁸⁸
3473 1371 3611 1424 Θου-

2016 1450 2255 1516 κυδίδου,
2305 1452 2446 1524 πλὴν
2476 1456 2529 1507 εῐ
2549 1473 2601 1507 τι
2628 1455 2767 1527 πρὸς
2798 1458 2861 1511 τὸ
2890 1459 3223 1529 σαφέστερον
3249 1462 3450 1531 ἀφορᾷ.
3477 1462 3616 1531 Σχε-

2014 1543 2104 1597 δὸν
2134 1544 2193 1598 δὲ
2223 1547 2326 1599 κάν
2359 1550 2474 1613 τοῖς
2516 1548 2700 1614 ἄλλοις
2725 1552 3053 1622 θουκυδίδης
3083 1554 3232 1607 ἐστὶν
3265 1555 3416 1626 αὐτῷ
3444 1558 3472 1610 ό
3505 1573 3608 1609 καο

2016 1637 2142 1693 νῶν.

2691 1740 2813 1796 OB'.

2264 1829 2533 1897 Κτησίου
2564 1830 2673 1884 τοῦ
2701 1831 2944 1885 Κνιδίου
2973 1832 3043 1885 τὰ
3072 1832 3355 1899 Περσικά.

2109 1922 2448 1995 Ἀνεγνώσθη
2493 1923 2695 1995 βιϐλίον
2718 1924 2959 1994 Κτησίου
2989 1923 3081 1977 τοῦ
3118 1924 3335 1977 Κνιδίου
3359 1923 3426 1977 τὰ
3463 1927 3613 1992 Περ-

2022 2016 2203 2080 σικὰ,
2224 2017 2284 2069 ἐν
2312 2016 2537 2087 βιϐλίοις
2556 2014 2662 2085 κγ’.
2688 2016 2828 2070 ’Δλλ’
2848 2019 2907 2070 ἐν
2931 2017 3029 2087 μὲν
3054 2016 3180 2089 [108
3207 2016 3299 2089 8.]
3320 2020 3433 2082 τοῖς
3461 2017 3618 2089 πρώ-

2016 2123 2129 2169 τοις
2161 2113 2214 2171 ς¹
2250 2107 2320 2161 τά
2364 2124 2425 2160 τε
2456 2108 2722 2179 ’Δσσύρια
2764 2108 2811 2140 ³⁷
2839 2107 3203 2179 διαλαμϐάνει
3251 2110 3346 2163 καὶ
3371 2110 3473 2163 ὅσα
3504 2110 3617 2181 πρὸ

2016 2198 2127 2254 τῶν
2154 2200 2466 2272 Περσικῶν,
2497 2202 2606 2255 άπὸ
2630 2202 2931 2272 μέντοιτοῦ
2962 2202 3007 2265 ζ’
3028 2202 3096 2255 τὰ
3124 2202 3372 2271 Περσικά
3400 2202 3618 2273 διεξέρ-

2017 2306 2191 2360 χεται.
2233 2291 2345 2344 Καὶ
2376 2293 2434 2344 ἐν
2466 2292 2564 2362 μὲν
2593 2291 2673 2360 τῷ
2706 2292 2749 2355 ζ’
2781 2291 2878 2344 καὶ⁵
2911 2290 2961 2363 η’
2999 2292 3094 2346 καὶ
3120 2292 3152 2345 ι’
3182 2293 3280 2347 καὶ
3317 2299 3387 2346 ια’
3422 2293 3517 2347 καὶ
3548 2293 3616 2362 ιβ’

2021 2382 2118 2435 καὶ
2150 2380 2216 2450 ιγ’
2260 2380 2506 2447 διέξεισι,
2539 2382 2609 2436 τά
2649 2386 2777 2455 περὶ
2807 2383 2991 2454 Κύρου
3044 2384 3141 2436 καὶ
3183 2384 3487 2455 Καμϐύσου
3520 2386 3618 2439 καὶ

2017 2472 2112 2527 τοῦ
2173 2473 2350 2544 μάγου
2398 2476 2627 2546 Δαρειου
2690 2493 2747 2530 τε
2782 2478 2877 2529 καὶ
2933 2476 3028 2530 τοῦ
3052 2476 3282 2549 Ξέρξου,
3336 2478 3524 2548 σχεδὸν
3556 2480 3619 2531 ἐν

2019 2567 2225 2622 ἅπασιν
2278 2569 2635 2639 ἀντικείμενα
2688 2567 2961 2640 Ἡροδότῳ
3024 2570 3277 2640 ἱστορῶν,
3333 2570 3469 2624 ἀλλὰ
3520 2574 3619 2624 καὶ

2017 2658 2258 2728 ψεύστην
2300 2660 2464 2713 αὐτὸν
2513 2660 2836 2731 ἀπελέγχων
2866 2661 2915 2693 ⁸⁸
2962 2662 3020 2715 ἐν
3051 2662 3267 2726 πολλοῖς
3301 2663 3398 2716 καὶ
3457 2663 3619 2731 λογο-

2018 2750 2173 2803 ποιδν
2198 2751 2494 2805 ἀποκαλῶν
2527 2766 2541 2781 ·
2576 2751 2671 2805 καὶ
2701 2752 2809 2821 γάρ
2837 2752 3100 2822 νεώτερος
3128 2752 3227 2823 μέν
3249 2754 3396 2806 ἐστιν
3423 2753 3619 2819 αὑτοῦ,

2018 2841 2153 2911 φησὶ
2212 2840 2268 2894 δὲ
2320 2842 2483 2895 αὑτὸν
2512 2841 2620 2895 τῶν
2652 2842 2935 2905 πλειόνων,
2991 2840 3027 2896 ἃ.
3080 2842 3303 2912 ἱστορεῖ,
3334 2842 3623 2913 αὐτόπτην

2017 2932 2365 3004 γενόμενα·ιῆ
2395 2935 2525 3005 παρ’
2577 2934 2756 2989 αὐτῶν
2800 2933 3050 3005 Περσῶν,
3108 2933 3236 2989 ἔνθα
3263 2935 3324 2988 τὸ
3349 2938 3482 3007 ὁρᾷν
3539 2939 3621 3009 μὴ

2019 3024 2304 3097 ἐπεχώρει,
2337 3026 3011 3095 αύτήκοον’καταστάντα,
3044 3025 3189 3080 οὕτω
3226 3026 3325 3098 τὴν
3373 3028 3622 3100 ἱστορίαν

326 3110 433 3156 tem
464 3116 649 3157 coram
702 3100 940 3168 vidisse;
984 3114 1183 3156 caetera
1218 3143 1233 3168 ,
1285 3117 1409 3173 qum
1458 3103 1647 3159 videre
1696 3118 1803 3158 non
1846 3103 1914 3158 li-

331 3194 492 3213 -_,‘_,.
916 3191 1095 3213 πως,
1146 3196 1381 3213 ---μω
1744 3210 1757 3213 -
1792 3197 1804 3213 .

2028 3116 2362 3186 συγγράψαι.
2399 3119 2512 3188 Οὐχ
2545 3118 2814 3189 Ἡροδότῳ
2843 3119 2899 3172 δὲ
2936 3118 3083 3189 μόνῳ
3109 3119 3367 3173 τάναντία
3391 3121 3622 3191 ἱστορεῖ,

325 3194 521 3257 cuerit,
541 3194 609 3247 ab
641 3193 887 3262 ipsismet
914 3191 1098 3248 Persis
1143 3196 1409 3265 accpisse,
1443 3204 1603 3265 atque
1632 3195 1705 3249 ita
1738 3197 1805 3250 ad
1836 3196 1921 3251 hi-

324 3283 550 3338 storiam
584 3285 933 3339 scribendam
965 3287 1285 3341 accessisse.
1314 3288 1385 3341 At
1416 3304 1523 3342 non
1551 3289 1621 3343 ab
1655 3288 1919 3345 Herodoti

328 3376 704 3430 tantummodo
744 3376 970 3432 historia
1022 3379 1277 3443 discedit,
1333 3378 1427 3434 sed
1483 3380 1553 3435 ab
1602 3381 1721 3450 ipso
1752 3383 1916 3437 ctiam

326 3464 692 3534 XenOpbonte
756 3467 930 3539 Grylli
963 3468 1085 3531 ,lilio
1126 3469 1326 3524 alicubi
1381 3470 1654 3526 dissentit.
1709 3471 1921 3528 Floruit

325 3557 472 3615 illius
503 3558 632 3629 Cyri
665 3563 1021 3631 temporibus,
1053 3563 1144 3633 qui
1172 3562 1337 3618 Dario
1365 3562 1483 3636 (75)
1523 3575 1579 3620 et
1608 3564 1920 3622 Parisatide

328 3652 567 3720 genitus,
611 3651 785 3709 frater
819 3653 923 3709 fuit
973 3653 1299 3712 Artaxerxis
1329 3658 1464 3728 (74),
1513 3657 1631 3728 ejus
1658 3660 1725 3714 ad
1755 3674 1915 3730 quem

327 3741 611 3798 Persicum
661 3759 887 3813 regnum
936 3746 1173 3803 devenit.
1273 3732 1281 3737 ’

399 3832 525 3887 Mox
549 3849 678 3905 ergo
709 3836 878 3892 refert
901 3837 970 3893 de
1000 3839 1235 3910 Astyage
1262 3840 1399 3912 (75),
1436 3856 1601 3912 quem
1640 3853 1695 3899 et
1731 3843 1913 3918 Astyio

328 3939 433 3994 gan
462 3932 641 3991 vocat,
697 3927 844 3982 nulla
894 3927 1096 3999 Cyrum
1149 3930 1263 4002 (76)
1317 3932 1417 4003 ipsi
1450 3935 1669 4004 generis
1700 3939 1919 4007 propin-

329 4016 541 4086 qnitate
569 4017 818 4087 junctum
869 4019 1053 4075 fuisse.
1090 4021 1317 4092 Fugisse
1362 4033 1543 4079 autem
1586 4026 1848 4099 Astyigan
1885 4043 1915 4081 a

328 4110 457 4180 Cyri
485 4122 781 4179 conspectu
823 4112 876 4165 in
913 4111 1222 4181 Ecbatana,
1268 4115 1453 4185 ibique
1483 4119 1535 4171 in
1574 4118 1706 4187 ipsis
1736 4119 1917 4189 regia-

334 4216 451 4254 rum
482 4202 678 4256 aedium
712 4202 1011 4259 criscranis
1050 4207 1118 4259 ab
1162 4205 1341 4276 Amyti
1384 4208 1517 4275 lilia,
1547 4220 1603 4264 et
1648 4210 1764 4277 ejus
1798 4214 1917 4265 viro

332 4292 574 4362 Spitama
616 4295 971 4364 occultatum,
1028 4297 1271 4354 latuisse.
1317 4299 1389 4354 At
1436 4304 1914 4373 supervenientem

330 4388 573 4459 Cyrum:
612 4405 718 4444 non
760 4405 791 4445 e
821 4388 1068 4459 Spitanta
1107 4392 1306 4456 solum,
1357 4403 1523 4463 atque
1572 4397 1777 4466 Amyti,
1818 4398 1914 4452 sed

2029 3210 2122 3283 [5'5
2153 3210 2248 3283 H.J
2289 3211 2426 3264 ἀλλὰ
2456 3211 2551 3265 καὶ
2595 3211 2733 3281 πρὸς
2777 3211 3099 3280 Ξενοφῶντα
3129 3211 3222 3265 τὸν
3252 3211 3491 3283 Γρύλλου
3525 3215 3619 3267 ἐπ’

2022 3304 2183 3358 ἐνίων
2216 3303 2497 3374 διαφωνεῖ.
2538 3305 2795 3374 Ἤκμασε
2821 3304 2877 3357 δὲ
2912 3306 3026 3367 τοῖς
3061 3305 3274 3375 χρόνοις
3308 3305 3492 3375 Κύρου
3518 3303 3620 3359 τοῦ

2021 3397 2087 3450 ἐκ
2113 3397 2340 3468 Δαρείου
2379 3396 2476 3450 καὶ
2517 3397 2915 3467 Παρυσάτιδος,
2944 3397 3003 3461 ὃς
3046 3397 3275 3466 ἀδελφὸς
3323 3398 3618 3470 Ἀρτοξέρ-

2023 3489 2114 3554 ξου
2143 3490 2213 3557 θ’,
2243 3491 2323 3554 εἰς
2354 3488 2463 3561 ὃνὴ
2501 3490 2748 3562 Περσικὴ
2777 3489 3026 3561 βασιλεία
3054 3491 3346 3563 κατῆλθεν,
3376 3490 3620 3563 ἐτύγχα-

2022 3598 2135 3635 νεν.

2098 3844 2268 3915 Φησὶν
2300 3840 2395 3898 οὖν
2435 3843 2634 3897 αὐτίκα
2671 3843 2803 3913 περὶ
2838 3840 2930 3896 τοῦ
2970 3843 3308 3913 Ἀστυάγους
3347 3845 3423 3909 ῶς
3460 3845 3623 3900 οὐδὲν

2020 3939 2191 3996 αὐτοῦ
2225 3937 2410 4010 Κῦρος
2440 3936 2578 4007 πρὸς
2603 3936 2761 4005 γένος
2789 3935 3162 4005 ἐχρημάτιζεν
3195 3951 3209 3965 ⁸
3241 3930 3398 4002 οὗτος
3424 3939 3481 3992 δὲ
3516 3940 3624 3994 αύ-

2019 4036 2114 4090 τὸν
2137 4034 2233 4088 καὶ
2276 4033 2571 4099 ’Δστυῖγαν
2602 4030 2648 4063 ’°
2674 4032 2851 4087 καλεῖ.
2877 4033 3074 4100 Φυγεῖν
3100 4033 3158 4085 δὲ
3183 4033 3291 4087 ἀπὸ
3322 4034 3624 4104 προσώπου

2020 4126 2205 4198 Κύρου
2276 4126 2568 4194 ’Δστυῖγαν
2636 4124 2990 4188 Ἐκϐατάνοις
3023 4125 3092 4191 ⁹¹,
3150 4126 3245 4179 καὶ⁸
3306 4127 3622 4197 κρυφθῆναι

2020 4223 2078 4276 ἐν
2126 4222 2241 4279 τοῖς
2292 4219 2645 4289 κριοκράνοις
2689 4218 2733 4251 ⁹²
2768 4218 2876 4271 τῶν
2933 4218 3223 4288 βασιλείων
3273 4221 3620 4292 οίκημάτων,

2022 4310 2351 4383 κρυψάντων
2396 4312 2558 4365 αὑτὸν
2600 4312 2700 4380 τῆς
2736 4327 2796 4363 τε
2839 4310 3112 4380 Θυγατρδς
3142 4312 3403 4384 ’Λμύτιος
3426 4314 3472 4345 ⁵³
3519 4315 3623 4367 καὶ

2018 4402 2113 4457 τοῦ
2182 4402 2375 4474 ἀνδρὸς
2420 4402 2590 4471 αὐτῆς
2655 4402 2934 4471 Σπιτάμα.
2964 4404 3295 4458 Ἐπιστάντα
3349 4404 3407 4457 δὲ
3434 4404 3621 4477 Κῦρον

329 4497 398 4536 ex
429 4496 617 4537 eorum
671 4499 891 4554 quoque
946 4485 1135 4541 liberis
1184 4485 1404 4555 Spitace
1457 4496 1513 4542 et
1572 4486 1914 4558 Megaberne,

2027 4493 2281 4562 ἐπιτάξαι
2324 4494 2639 4565 ἀνακρίνειν
2665 4493 2755 4549 διὰ
2803 4494 3191 4564 στρεϐλώσεων
3221 4496 3510 4566 Σπιτάμαν
3557 4515 3619 4549 τε

330 4576 660 4644 qnzestiones
690 4579 758 4630 de
787 4577 1011 4647 Astyiga
1051 4593 1149 4648 per
1204 4590 1475 4634 tormenta
1527 4582 1773 4635 exerceri
1814 4581 1920 4635 im-

331 4681 573 4737 perasse.
623 4667 807 4737 lpsmn
860 4670 1022 4740 igitur
1064 4670 1363 4742 Astyigan,
1428 4686 1497 4726 ne
1541 4673 1696 4741 pueri
1757 4689 1922 4743 nepo-

333 4763 419 4811 tes
460 4755 576 4826 ejus
609 4772 771 4813 causa
820 4767 1223 4829 torquerentur,
1282 4775 1404 4816 sese
1459 4763 1783 4832 prodidisse,
1825 4782 1918 4821 ca-

2030 4590 2123 4644 xai.
2152 4587 2379 4659 Ἀμύτιν
2414 4587 2481 4652 ⁸⁸,
2517 4586 2657 4640 ἀλλὰ
2696 4587 2791 4640 καὶ
2821 4587 2949 4649 τοὺς
2977 4587 3169 4650 παῖδας
3191 4588 3372 4642 αὐτῶν
3406 4590 3615 4643 Σπιτά-

2031 4699 2133 4751 κην
2187 4698 2247 4733 τε
2303 4681 2397 4733 καὶ
2459 4679 2846 4750 Μεγαϐἑρνην,
2908 4680 3037 4750 περὶ
3088 4680 3388 4749 Ἀστυῖγα·
3437 4682 3529 4735 τὸν
3561 4683 3621 4735 δὲ

2029 4774 2222 4828 ἑαυτὸν
2252 4772 2668 4846 προσαγγεῖλαι,
2703 4771 2791 4825 ἴνα
2831 4772 2906 4843 μὴ
2935 4771 3003 4824 δι’
3033 4772 3197 4826 αὐτὸν
3225 4773 3625 4845 στρεϐλωθείη-

1650 4878 1882 4939 VARle
1921 4887 2333 4944 LECTIONES.

405 4996 2009 5087 9,1":‘7‘592151.'i7_?F°F???‘ER?E‘E‘Y“‘9-..‘3‘5‘1’dmm
2041 5029 2142 5087 5--
2181 5009 2499 5087 ⁸’-ἔμφανές
2542 5011 2624 5087 Αο.
2665 5011 2712 5048 ⁸⁸
2740 5013 2863 5087 esis
2921 5010 3191 5087 ιστορέμις,
3238 5005 3624 5087 κακηδτὶμηγο-

334 5068 482 5171 ﬁla};
516 5086 609 5154 ς...
648 5068 695 5100 ⁸⁵
728 5070 825 5121 καὶ
877 5068 1120 5150 μιμητὴς
1163 5068 1386 5140 ἄριστος
1436 5087 1495 5134 ς.
1532 5140 1545 5161 θ
1572 5069 1617 5101 ⁸⁷
1652 5072 1855 5157 άσύρια
1897 5082 1960 5134 Α.
1989 5068 2005 5074 ⁷
2039 5068 2086 5112 ⁸⁷⁸
2119 5068 2517 5163 ἀπελέγῂωνᾉ
2549 5098 2562 5133 :
2600 5068 2896 5135 ἀποκαλῶν
2930 5103 2990 5150 ς.
3043 5068 3112 5111 ’⁸³³
3151 5068 3615 5162 ’Ἀρταξέρξου

439 5140 715 5193 Αστυιγᾶν
749 5158 809 5193 ς.
844 5153 925 5193 sic
956 5148 1009 5192 et
1049 5138 1207 5191 intra.
1289 5137 1336 5169 ’ί
1368 5149 1496 5193 ante
1547 5139 1889 5193 Εκϐατανοιε
1931 5166 2054 5193 num
2112 5167 2194 5193 nr-
2268 5153 2300 5193 Α
2348 5166 2506 5193 mmet
2567 5151 2626 5193 tu
2723 5155 2769 5189 sa
2809 5150 3168 5193 νηιηνηάνηιε
3197 5168 3257 5193 ρ,
3333 5148 3383 5180 ’³
3420 5149 3615 5193 ’Διων-

488 5140 715 5224 στυῖγᾷν
749 5158 809 5224 ς.
844 5139 925 5224 sic
956 5148 1023 5224 et
1049 5139 1211 5191 intra.
1289 5139 1336 5169 ’ί
1368 5149 1496 5195 ante
1532 5139 1889 5213 Ἐκϐατάνοις
1931 5166 2054 5205 cum
2112 5167 2195 5220 pr.
2261 5139 2507 5206 Auernisi
2567 5151 2648 5209 tv.
2723 5155 2769 5189 θ’
2809 5139 3168 5224 κρισῖιράνοις
3333 5139 3620 5219 δ”Ἇμύν-

333 5224 448 5272 tto;
481 5227 542 5275 ς.
619 5210 666 5244 ⁸⁸
705 5212 799 5263 καὶ
831 5209 933 5279 τὴν
969 5209 1237 5279 Ἀμυντιν
1268 5226 1329 5273 ς.

1889 5329 2123 5388 NOTAE.

409 5427 624 5501 (70-71)
639 5426 1031 5497 Sphendataten
1055 5425 1155 5480 ml‘.
1172 5424 1433 5479 nominat.
1457 5425 1715 5484 llerodOI.
1738 5429 1921 5483 Siner-

336 5500 524 5641 (Ῐεῗῆἓ)
576 5569 679 5636 Qui
727 5570 795 5641 de
840 5578 1077 5641 quatuor
1108 5565 1281 5641 _hisce
1332 5566 1599 5641 duntaxat
1650 5568 1916 5639 scripsit:

337 5637 549 5696 Ctesias
574 5654 705 5693 vero
736 5639 821 5694 his
851 5637 990 5693 alios
1030 5637 1270 5706 quinque
1303 5637 1520 5704 adjecit.

409 5711 522 5781 (75)
564 5710 837 5764 Dariamm
866 5709 1030 5775 hunc,
1064 5723 1168 5763 non
1219 5707 1470 5774 Darium,
1506 5711 1560 5764 in
1597 5708 1665 5764 iis
1690 5723 1812 5779 quas
1835 5723 1923 5765 se-

341 5792 575 5850 quentur
603 5790 797 5836 vocat.-

2120 5431 2207 5499 74)
2244 5431 2318 5502 De
2347 5446 2454 5502 quo
2494 5431 2637 5487 infra
2669 5433 2757 5486 hic
2789 5440 2998 5488 auctor.

2124 5502 2212 5571 75)
2266 5501 2661 5574 ΒείΑδιγιιεε,
2727 5503 2930 5574 Amyli,
2984 5503 3198 5559 OEbare
3253 5512 3308 5558 et
3361 5505 3621 5561 Petesaca

2023 5574 2105 5644 (nt
2136 5574 2206 5644 ibi
2235 5573 2536 5644 scribitur),
2562 5574 2694 5644 vide
2709 5574 2982 5644 exitltesia
3010 5590 3130 5643 qua:
3155 5575 3392 5630 breviter
3419 5592 3621 5632 excer-

2023 5641 2129 5715 psit
2154 5641 2313 5715 Joan.
2340 5642 2950 5715 'l‘zetzesinChiliadib.
2985 5641 3176 5701 histor.
3208 5646 3301 5701 lib.
3332 5662 3375 5715 t,
3404 5646 3458 5703 in
3487 5646 3619 5702 line.

2094 5714 2210 5787 (76)
2244 5713 2417 5785 Cyrus
2446 5714 2531 5769 hic
2556 5711 2744 5783 Major.
