3926 6440
300 337 390 402 173
1357 338 1881 398 BIBLIOTHECA.
1900 361 1969 371 -
2000 336 2161 396 COD.
2204 336 2443 396 LXXII.

3441 340 3542 405 17£

294 471 387 509 σαν
414 454 464 507 of
496 455 698 519 παῖδες.
729 454 1018 523 Ληφοέντα
1041 452 1099 507 δέ
1128 451 1317 516 πέδαις
1344 452 1598 522 παχείαις
1628 450 1734 506 ὑπὸ
1760 453 1851 504 υί-

1961 459 2213 518 ptumque
2240 449 2496 517 gravibus
2513 448 2579 503 ab
2603 446 2815 502 OEbara
2846 448 3196 517 compedibus
3230 455 3541 524 oneratum)

294 548 426 618 ὃάρα
448 547 494 579 ⁸³
547 547 788 616 δεθῆναι,
819 545 1129 617 λυθῆναιδέ
1165 545 1258 598 ὑπ’
1304 544 1470 597 αὐτοῦ
1518 545 1702 618 Κύρου
1742 548 1858 616 μετ’

296 638 351 691 ού
382 639 512 690 πολὺ
538 638 630 690 καὶ
648 637 723 701 ὡς
750 639 965 710 πατέρα
990 637 1313 708 τιμηθῆναι,
1339 636 1434 689 καὶ
1462 636 1559 706 τὴν
1583 636 1861 708 θυγατέρα

297 728 505 799 ’Δμύτιν
530 730 574 761 ’⁸
597 728 865 800 πρότερον
891 730 991 800 μὲν
1014 728 1291 799 μητρικῆς
1317 729 1621 781 ἀπολαῦσαι
1650 730 1857 799 ,τιμῆς,

300 822 474 875 ἔπειτα
494 820 549 873 δὲ
575 823 668 874 καὶ
695 823 777 884 είς
804 824 1040 889 γυναῖκα
1070 821 1304 891 ἀχθῆναι
1326 819 1403 891 τῷ
1441 820 1629 892 Κύρῳ,
1655 823 1860 875 Σπιτά-

309 932 377 983 pa.
402 915 440 945 "
482 912 571 965 τοῦ
615 913 811 983 ἀνδρὸς
859 913 1031 983 αὐτῆς
1069 913 1439 984 ἀνῃρημένου,
1477 914 1561 967 ὃτι
1594 912 1861 982 ἐψεύσατο

312 1006 501 1069 ἀγνοεῖν
531 1001 698 1056 εἰπὼν
716 1003 1088 1075 ἐρευνώμενον
1124 1003 1437 1072 Ἀστυῖγαν.
1488 1005 1675 1058 Ταῦτα
1709 1004 1860 1073 λέγει

317 1094 528 1165 Κτησίας
569 1095 695 1163 περὶ
735 1095 944 1165 Κύρου,
989 1095 1080 1148 καὶ
1109 1095 1207 1164 οὐχ
1261 1091 1349 1149 οἷα
1389 1095 1692 1166 Ἡρὸδοτος,
1751 1097 1860 1149 Καὶ

319 1185 386 1237 ὅτι
428 1182 546 1250 πρὸς
598 1182 901 1254 Βακτρίους
931 1183 1257 1253 ἐπολέμησε,
1316 1182 1413 1235 καὶ
1460 1180 1789 1252 ἀγχώμαλος
1826 1182 1859 1251 ὴ

316 1275 436 1344 μάχη
461 1273 690 1339 ἐγένετοο
714 1272 902 1343 exstes
932 1274 1189 1342 Βάκτριοι
1207 1272 1497 1338 Ἀστυΐγαν
1523 1271 1621 1341 μὲν
1649 1274 1860 1340 πατέρα

308 1366 462 1434 Κύρου
485 1356 851 1434 γεγενημένον
877 1406 891 1426 ,
920 1363 975 1415 ’A
985 1366 1143 1433 μύτιν
1159 1365 1215 1417 δέ
1246 1364 1458 1434 μητέρα
1491 1364 1585 1416 καὶ
1628 1366 1861 1431 γυναῖκα

301 1457 479 1527 ἔμαθον
502 1496 517 1519 ,
554 1457 780 1521 ἑαυτοὺς
812 1458 1029 1521 ἑκόντες
1067 1459 1265 1530 Ἀμύτι
1288 1460 1382 1513 καὶ
1425 1457 1592 1525 Κύρῳ
1632 1457 1860 1527 παρέδο-

299 1564 403 1601 σαν.
430 1548 532 1600 Καὶ⁸
556 1549 635 1601 ὅτι
666 1549 802 1619 πρὸς
826 1551 1007 1613 Σάκας
1030 1550 1336 1620 ἐπολέμησε
1372 1551 1579 1621 Κῦρος,
1616 1550 1706 1603 καὶ
1737 1567 1862 1601 συν-

294 1639 466 1692 ἐλαϐεν
504 1641 784 1711 Ἀμόργην
823 1643 930 1693 τῶν
957 1642 1003 1673 ’⁸
1059 1642 1248 1694 Σακῶν
1282 1643 1381 1713 μὲν
1418 1642 1661 1712 βασιλέα,
1693 1641 1860 1711 ἄνδρα

290 1732 339 1783 ἃ
366 1731 705 1802 Σπαρέθρης,
742 1732 862 1802 ἥτις
891 1732 987 1785 καὶ
1016 1733 1157 1802 μετά
1186 1734 1284 1806 τὴν
1311 1734 1515 1788 ἅλωσιν
1544 1735 1639 1786 τοῦ
1666 1735 1857 1805 ἀνδρὸς

1962 539 2164 606 fuisse;
2200 541 2438 595 solutum
2477 549 2655 595 tamen
2689 556 2793 594 non
2826 541 2900 595 ita
2950 540 3119 597 multo
3152 554 3274 613 post
3316 547 3384 598 ab
3428 546 3545 615 ipso

1960 631 2125 701 Cyro,
2192 634 2540 703 parentisque
2592 633 2710 688 loco
2757 633 3000 688 habitum
3033 636 3541 708 observatumque:

1961 724 2091 793 quin
2138 732 2194 778 et
2237 723 2473 794 Astyigu:
2515 723 2683 793 ipsius
2737 724 2903 779 filiam
2948 724 3164 795 Amytin
3211 741 3308 795 pro
3371 737 3547 782 matre

1961 815 2194 884 primum
2215 816 2267 867 in
2290 816 2495 869 honore
2524 830 2553 868 a
2570 814 2714 887 Cyro
2736 816 2997 876 habitam.
3023 818 3308 887 eidemque
3327 819 3543 873 tandem

1962 905 2246 973 nupsisse;
2290 914 2412 975 post
2449 908 2621 961 virum
2653 906 2769 977 ejus
2819 906 3117 976 Spitamam
3169 908 3540 975 interfectum,

1962 1006 2251 1065 promerea
2277 999 2418 1065 quod
2453 998 2580 1052 dum
2614 1008 2949 1068 quaereretur
2977 1000 3248 1070 Aslyigas,
3289 1001 3544 1070 ignorare

1961 1100 2020 1138 se
2049 1085 2195 1138 illum
2236 1088 2491 1141 mentitus
2532 1087 2743 1142 fuisset.
2776 1088 2905 1144 Haec
2934 1090 2999 1143 de
3034 1090 3176 1160 Cyro
3200 1090 3431 1159 Ctesias,
3477 1093 3546 1148 ab

1962 1175 2029 1229 iis
2063 1176 2275 1230 diversa
2301 1193 2420 1245 qua:
2447 1176 2749 1233 Herodotus
2782 1189 3196 1237 commemorat.
3231 1182 3417 1249 Addit,
3451 1185 3545 1236 ad-

1962 1282 2152 1323 versus
2184 1267 2429 1324 Bactrios
2470 1270 2670 1340 Cyrum
2736 1271 2930 1325 bellum
2980 1271 3236 1340 gessisse,
3276 1282 3332 1328 et
3391 1290 3546 1345 tequo

1964 1367 2136 1413 marte
2190 1374 2309 1413 eum
2390 1361 2521 1428 ipsis
2571 1362 2811 1430 praelium
2873 1364 3239 1419 commisisse.
3300 1364 3545 1421 Bactrios

1962 1450 2110 1514 dein,
2170 1450 2444 1506 intellecto
2518 1453 2777 1523 Astyigan
2846 1456 2988 1524 Cyro
3047 1465 3254 1524 patrem
3315 1458 3544 1524 factum,

1962 1544 2181 1614 Amytin
2216 1559 2343 1598 vero
2387 1554 2614 1599 matrem
2659 1553 2820 1614 atque
2855 1562 3102 1613 uxorem,
3140 1549 3281 1605 ultro
3308 1565 3429 1606 sese
3476 1552 3545 1606 li-

1963 1636 2262 1705 bentesque
2296 1636 2475 1706 Amyli
2530 1652 2595 1692 ac
2648 1637 2788 1709 Cyro
2832 1638 3127 1695 dedidisse.
3164 1640 3361 1697 Narrat
3415 1644 3542 1698 item

1962 1723 2162 1797 Cyrum
2194 1726 2393 1781 bellum
2441 1726 2598 1783 Sacis
2623 1728 2870 1785 intulisse
2899 1731 3037 1801 (77),
3077 1749 3366 1805 regemque
3396 1736 3546 1805 ipso-

291 1824 505 1894 στρατὸν
565 1823 864 1888 συλλέξασα
915 1825 1226 1895 ἐπολέμησε
1279 1826 1480 1897 Κύρῳ,
1516 1828 1727 1897 ἀνδρῶν
1754 1829 1853 1895 μὲν

1962 1835 2077 1872 rum
2113 1820 2403 1889 Amorgen,
2439 1819 2751 1889 Sparetbrre
2781 1824 2979 1893 regina:
3024 1827 3275 1881 maritum
3309 1830 3542 1899 cepisse.

288 1918 594 1986 στράτευμα
632 1918 928 1988 τριάκοντα
969 1919 1239 1988 μυριάδας
1284 1919 1622 1990 ἐπαγομένη,
1666 1936 1861 1987 γυναι-

286 2006 388 2059 κῶν
434 2007 490 2059 δὲ
536 2008 732 2071 εἴκοσι,
787 2009 883 2061 καὶ
934 2011 1058 2080 νικᾷ
1107 2009 1309 2081 Κῦρον,
1344 2011 1437 2062 καὶ
1491 2010 1860 2080 συλλαμὸάνει

284 2100 517 2169 ζωγρίαν
552 2100 690 2170 μετά
718 2102 811 2154 καὶ
839 2101 1013 2155 ἄλλων
1047 2101 1314 2155 πλείστων
1353 2104 1645 2174 Παρμίσην
1682 2120 1739 2157 τε
1768 2104 1860 2158 τὸν

284 2190 533 2261 ’Δμύτιος
576 2193 803 2261 ἁδελ·,ςὸν
836 2194 932 2246 καὶ
982 2196 1131 2264 τρεῖς
1166 2194 1329 2248 αὑτοῦ
1377 2196 1571 2259 παῖδας
1597 2213 1612 2228 ο
1652 2197 1717 2250 δι’
1768 2196 1860 2261 οὒς

281 2287 498 2356 ὕστερον
532 2290 627 2343 καὶ
657 2289 935 2363 ’Δμόργης
974 2290 1151 2363 ὴφέθη
1172 2292 1241 2359 ’⁸,
1278 2293 1402 2347 ἐπεὶ
1461 2295 1705 2349 κάκεῖνοι
1750 2298 1859 2368 ἠφ-

280 2380 493 2450 ἐθησαν.

342 2645 450 2698 Καὶ
482 2645 570 2698 ὅτι
602 2643 891 2715 στρατεύει
914 2644 1098 2717 Κῦρος
1138 2646 1231 2698 Eni.
1260 2646 1493 2717 Κροισον
1529 2645 1625 2699 καὶ
1660 2644 1816 2698 πόλιν
1841 2645 1857 2675 ⁸

276 2739 519 2810 Σάρδεις,
550 2741 807 2810 συνεργὸν
834 2738 973 2811 ἔχων
1002 2741 1300 2811 Ἀμὸργην.
1335 2740 1525 2803 Ὅπως
1555 2757 1615 2792 τε
1644 2740 1663 2770 ⁹
1695 2739 1857 2811 βουλῇ

275 2832 480 2902 Οἰϐάρα
508 2832 736 2903 Περσῶν
758 2832 950 2886 εἴδωλα
978 2832 1167 2899 ξύλινα
1196 2833 1301 2886 ἀνὰ
1326 2832 1386 2886 τὸ
1410 2834 1588 2903 τεῖχος
1620 2832 1859 2903 φανέντα

274 2928 349 2987 εἰς
371 2925 491 2987 δέος
529 2925 629 2991 μὲν
656 2924 960 2994 κατέστησε
990 2926 1114 2988 τοὺς
1151 2925 1512 2989 ἐνοικοῦντας,
1545 2925 1659 2996 ἥλω
1689 2924 1743 2977 δέ
1773 2922 1859 2978 διὰ

272 3017 442 3071 ταῦτα
468 3020 569 3071 καὶ
600 3019 736 3088 αὑτὴ
765 3020 799 3089 ἡ
838 3019 1013 3082 πόλις.
1040 3019 1230 3082 Ὅπως
1255 3036 1312 3072 τε
1348 3019 1453 3090 πρὸ
1484 3019 1581 3089 τῆς
1607 3017 1859 3080 ἁλώσεως

269 3110 465 3163 δίδοται
500 3112 532 3164 ὁ
561 3113 690 3173 παῖς
729 3111 968 3183 Κροίσου
1018 3110 1075 3164 ἐν
1129 3113 1339 3181 ὁμήρου
1376 3110 1543 3179 λόγῳ,
1579 3109 1854 3179 δαιμονίου

1966 1908 2117 1966 Hanc
2145 1926 2295 1982 ergo,
2332 1914 2529 1968 marito
2562 1923 2742 1983 capto,
2763 1920 3063 1971 exercitum
3108 1920 3411 1990 collegisse,
3457 1933 3543 1977 at-

1962 2016 2072 2074 que
2101 2004 2361 2059 adversus
2389 2005 2589 2077 Cyrum
2618 2006 2816 2061 bellum
2859 2010 3187 2079 suscepisse,
3216 2014 3548 2084 eductisque

1963 2098 2017 2153 in
2084 2097 2254 2152 aciem
2302 2097 2544 2152 virorum
2603 2100 2884 2165 trecentis,
2944 2101 3228 2157 mulierum
3296 2105 3545 2163 ducentis

1963 2190 2219 2253 millibus,
2280 2190 2480 2260 Cyrum
2546 2204 2857 2261 superasse,
2916 2202 2971 2247 et
3004 2194 3183 2248 vivum
3246 2210 3370 2251 cum
3427 2199 3548 2255 aliis

1963 2284 2229 2353 plurimis,
2259 2282 2551 2356 Parmysen
2584 2286 2799 2356 Amytis
2830 2286 3075 2352 fratrem,
3113 2304 3179 2344 ac
3220 2298 3402 2347 ternos
3430 2292 3548 2362 ejus

1962 2374 2196 2438 liberos,
2228 2375 2458 2445 cepisse.
2493 2374 2696 2431 Horum
2722 2387 2904 2433 autem
2934 2392 3098 2435 causa
3130 2390 3319 2451 postea
3349 2382 3549 2437 Amor-

1962 2480 2063 2535 gen
2119 2466 2347 2521 liberum
2399 2468 2718 2535 dimissum,
2783 2470 2927 2539 quod
2984 2470 3085 2542 ipsi
3143 2474 3298 2543 prius
3352 2489 3549 2532 omnes

1963 2558 2172 2612 liberati
2210 2557 2459 2613 fuissent.

2033 2647 2235 2704 Scribit
2259 2664 2412 2718 aeque
2446 2647 2672 2720 Cyrum,
2702 2649 2952 2721 Amorga:
2982 2653 3224 2724 adiutum
3256 2669 3358 2727 ope
3388 2656 3546 2713 Crte-

1962 2755 2081 2793 sum
2142 2751 2300 2810 atque
2354 2741 2575 2797 Sardeis
2618 2742 2805 2796 urbem
2863 2743 3003 2800 bello
3070 2747 3343 2815 petivisse.
3403 2748 3550 2815 Quo—

1964 2830 2122 2885 modo
2153 2832 2314 2885 etiam
2350 2829 2579 2886 OEbarre
2608 2834 2836 2889 consilio
2882 2835 2994 2905 (78)
3032 2836 3206 2907 lignea
3255 2837 3547 2895 Persarum

1960 2923 2248 2978 simulacra
2284 2921 2425 2994 366
2490 2938 2585 2993 per
2616 2940 2801 2980 muros
2831 2927 3095 2995 exhibita,
3122 2938 3179 2985 et
3216 2930 3409 2987 incolis
3438 2941 3550 2987 ter-

1964 3025 2140 3065 rorem
2182 3010 2536 3079 incusserint,
2571 3020 2627 3067 et
2654 3013 2806 3071 urbis
2834 3016 3111 3087 capienda:
3142 3034 3360 3076 causam
3388 3022 3552 3078 dede-

1962 3102 2087 3155 rint.
2126 3100 2241 3167 Quo
2274 3103 2400 3158 item
2435 3114 2595 3175 pacto
2638 3117 2764 3163 ante
2806 3117 3017 3178 captam
3069 3111 3279 3179 urbem,
3316 3128 3415 3183 pro
3447 3115 3548 3171 ob-

271 3203 661 3274 φαντάσματος
691 3174 1077 3273 ἀπατήσαντος
1105 3174 1339 3274 κροίσον
1368 3219 1381 3233 ·
1405 3174 1551 3267 ὅπως
1579 3220 1637 3255 τε
1671 3201 1856 3272 δολορο

1961 3194 2071 3248 side
2126 3193 2298 3251 Croesi
2352 3174 2493 3250 filius
2533 3195 2692 3253 datus
2741 3174 2931 3265 fuerit,
2986 3216 3108 3256 cum
3155 3174 3381 3260 Croesus
3432 3207 3550 3277 ipse

269 3293 574 3365 ραφοῦντος
621 3296 859 3364 Κροίσου
899 3296 927 3346 ὁ
960 3296 1088 3357 παῖς
1118 3294 1239 3347 κατ’
1274 3293 1587 3363 ὀφθαλμοὺς
1613 3293 1857 3362 ἀναιρεῖ·

264 3404 355 3441 ται
388 3403 402 3416 ·
431 3389 535 3441 καὶ
558 3389 706 3451 ὅπως
731 3390 764 3457 ἡ
791 3388 976 3458 μήτηρ
1004 3387 1064 3440 τὸ
1099 3385 1268 3450 πάθος
1307 3385 1491 3439 ἰδοῦσα
1523 3384 1724 3455 ἑαυτὴν
1758 3384 1853 3437 τοῦ

266 3478 476 3548 τείχους
507 3479 913 3551 ἀποκρημνίζει
945 3476 1072 3551 [109
1096 3477 1188 3550 3.]
1222 3478 1315 3532 καὶ
1341 3477 1565 3549 θνήσκει
1594 3476 1636 3530 ⁸.
1668 3477 1857 3541 Ὅπως

264 3587 320 3623 τε
356 3570 602 3640 ἀλούσης
628 3569 727 3639 τῆς
750 3568 958 3632 πόλεως
978 3568 1115 3639 πρὸς
1143 3568 1204 3619 τὸ
1229 3569 1285 3621 ἐν
1306 3568 1371 3637 τῇ
1397 3566 1551 3619 πόλει
1587 3565 1731 3637 ἱερὸν
1761 3564 1855 3619 τοῦ

267 3660 607 3722 ’Λπόλλωνος
627 3658 962 3729 καταφεύγει
987 3660 1015 3711 ὁ
1037 3659 1292 3729 Κροῖσος,
1310 3657 1331 3687 ⁸
1352 3657 1446 3710 καὶ
1466 3656 1541 3719 ώς
1561 3657 1681 3725 τρὶς
1704 3655 1763 3708 ἐν
1779 3653 1856 3725 τῷ

268 3752 395 3822 ἱερῷ
441 3750 701 3822 πεδηθεὶς
742 3750 847 3803 ὑπὸ
889 3749 1071 3820 Κύρου
1115 3747 1301 3801 λύεται
1358 3746 1540 3817 τρίτον
1580 3746 1851 3817 ἀοράτως,

267 3844 441 3897 καίτοι
481 3842 801 3915 σφραγίδων
845 3840 924 3912 τῷ
956 3841 1086 3913 ἱερῷ
1124 3841 1490 3911 ἐπικειμένων
1518 3839 1615 3892 καὶ
1648 3839 1854 3891 τούτων

264 3935 356 4007 τὴν
390 3935 646 4007 φυλακὴν
688 3934 900 4004 Οἰόἀρα
926 3932 1440 4004 ἐμπεπιστευμένου
1470 3946 1483 3959 ·
1525 3932 1674 3993 ὅπως
1704 3947 1765 3983 τε
1801 3930 1851 3982 οἱ

268 4028 622 4097 συνδούμενοι
663 4026 884 4097 Κροίσῳ
921 4030 1019 4089 τὰς
1074 4022 1315 4093 κεφαλὰς
1354 4023 1727 4092 ἀπετέμνοντο
1777 4020 1853 4083 ὡς

265 4118 749 4190 καταπροδιδὸντες
770 4118 990 4170 λύεσθαι
1011 4119 1242 4186 Κροῖσον
1263 4132 1277 4147 ⁸
1304 4115 1397 4169 καὶ
1413 4116 1494 4168 ὅτι
1519 4113 1851 4186 ἀναληφθεὶς

264 4213 318 4265 ἐν
345 4216 464 4275 τοῖς
519 4211 808 4281 βασιλείοις
844 4212 939 4264 καὶ
979 4210 1153 4273 δεθεὶς
1177 4208 1582 4279 ἀσφαλέστερον
1614 4206 1851 4280 βροντῶν

263 4308 354 4358 καὶ
405 4304 672 4375 σκηπτῶν
716 4304 1116 4373 ἐπενεχθέντων
1150 4303 1337 4355 λύεται
1390 4303 1574 4366 πάλιν,
1603 4302 1698 4355 καὶ
1726 4300 1849 4353 τότε

264 4398 415 4465 μόλις
474 4398 583 4450 ὑπὸ
636 4396 821 4467 Κύρου
866 4397 1109 4466 ἀφίεται·
1140 4395 1232 4459 Ἐξ
1268 4386 1455 4471 οὖνκαὶ
1508 4393 1845 4465 περιείπετο,

261 4487 351 4561 [54
377 4489 480 4563 ιι]
509 4490 602 4543 καὶ
630 4489 799 4543 ἔδωκε
824 4488 1004 4560 Κῦρος
1036 4488 1255 4560 Κροίσῳ
1276 4487 1431 4540 πόλιν
1465 4486 1709 4558 μεγάλην
1739 4488 1848 4539 Βα-

1880 4534 1935 4593 D

1960 3298 2117 3341 antea
2172 3289 2353 3343 divino
2408 3291 2641 3359 quodam
2722 3302 2938 3361 spectro
3008 3295 3268 3367 deceptus
3332 3300 3545 3355 fuisset.

1958 3376 2167 3435 Rursus
2198 3382 2468 3449 quomodo
2495 3382 2649 3438 dolos
2681 3393 2936 3439 nectente
2965 3384 3182 3454 Croeso,
3220 3389 3269 3443 in
3303 3394 3547 3461 parentis

1957 3472 2129 3528 oculis
2161 3471 2367 3546 [obses]
2426 3473 2571 3530 filius
2625 3475 2697 3531 sit
2753 3477 3107 3547 interfectus;
3166 3490 3331 3552 utque
3372 3494 3547 3540 mater

1958 3563 2052 3619 ﬁlii
2080 3569 2281 3620 caedem
2309 3567 2525 3635 intuila,
2564 3582 2595 3622 e
2621 3584 2780 3625 muro
2808 3586 2928 3627 sese
2968 3575 3301 3645 praecipitem
3347 3580 3543 3649 egerit,

1959 3672 2057 3713 nec
2093 3665 2271 3712 tamen
2315 3659 2655 3714 occubuerit.
2697 3659 2764 3716 Ut
2798 3672 2918 3731 post
2969 3676 3183 3735 captam
3238 3670 3427 3724 urbem
3478 3673 3545 3726 ad

1922 3756 1923 3759 ‘
1956 3746 2240 3816 Apollinis,
2281 3762 2401 3817 quze
2450 3748 2524 3803 ibi
2579 3760 2722 3818 erat,
2757 3752 2929 3807 aedem
2972 3754 3194 3811 Crtesns
3222 3760 3544 3830 confugerit,

1955 3841 2288 3911 perieritque
2334 3842 2471 3913 (79).
2529 3841 2601 3899 Ut
2638 3844 2861 3899 tertium
2916 3847 2968 3900 in
3024 3848 3225 3919 templo
3258 3852 3473 3907 vinctus
3515 3873 3545 3908 a

1954 3933 2095 4004 Cyro
2177 3933 2443 4001 Crmsus,
2523 3936 2743 3991 tertium
2813 3939 2979 3993 etiam
3065 3939 3284 3997 fallente
3356 3945 3547 4001 oculos

1954 4024 2164 4078 fascino
2196 4025 2405 4080 solutus
2445 4026 2538 4093 sit,
2575 4027 2829 4096 quamvis
2862 4029 3109 4100 pluribus
3140 4032 3395 4103 templum
3441 4050 3547 4091 es-

1956 4129 2040 4173 set
2069 4119 2259 4187 sigillis
2288 4119 2662 4189 obsignatum,
2700 4121 2921 4178 (Ebara
2963 4125 3081 4194 ipso
3113 4129 3181 4181 ad
3221 4127 3415 4182 borum
3453 4144 3549 4184 cu-

1961 4213 2193 4267 slodiam
2226 4214 2496 4282 apposito.
2551 4214 2640 4271 Uti
2670 4224 2726 4270 et
2756 4216 2863 4271 illis
2894 4219 2985 4286 qui
3032 4232 3155 4273 cum
3187 4218 3377 4275 Crteso
3424 4221 3549 4276 vin-

1959 4305 2032 4358 cti
2080 4320 2184 4358 una
2216 4304 2451 4369 fuerant,
2490 4307 2669 4376 capita
2710 4307 2821 4363 sint
2855 4318 3159 4379 amputata,
3186 4312 3328 4381 quod
3357 4328 3548 4369 eorum

1954 4394 2259 4465 proditione
2287 4395 2519 4451 vinculis
2566 4398 2776 4453 solutus
2829 4413 2951 4453 esse
2981 4399 3208 4457 Crmsus
3238 4413 3543 4474 putaretur.

1959 4484 2209 4541 Croesum
2242 4488 2295 4541 in
2335 4488 2540 4558 regiam
2564 4488 2881 4554 adductum,
2914 4490 3240 4563 firmiusque
3270 4495 3542 4565 vinctum,

264 4584 484 4653 ρήνην⁸
543 4582 710 4651 ἐγγὺς
762 4581 1131 4646 Ἐκϐατάνων,
1186 4582 1244 4635 ἐν
1299 4574 1499 4653 ᾖῆσαν
1549 4580 1729 4641 ἱππεῖς
1758 4581 1856 4649 μὲν

1964 4591 2089 4631 cum
2154 4576 2382 4632 fulmina
2439 4586 2603 4647 atque
2659 4580 2898 4635 tonitrua
2954 4582 3285 4651 lrruisseot,
3348 4587 3545 4642 iterum

262 4671 699 4742 πεντακισχίλιοι
718 4709 734 4737 ,
770 4671 1068 4725 πελτασταὶ
1094 4671 1149 4725 δέ
1174 4671 1268 4724 καὶ
1291 4669 1611 4724 ἀκοντισταὶ
1643 4669 1733 4722 καὶ
1760 4685 1851 4720 το-

261 4762 415 4827 ξόται
447 4762 654 4834 μύριοι.

260 4865 385 4904 cum
416 4851 538 4907 aliis
565 4866 687 4907 eum
720 4851 1078 4907 humanitatis
1109 4849 1300 4907 ofﬁciis
1330 4861 1677 4921 prosecutum
1737 4863 1880 4916 esse,

1963 4666 2133 4723 fuisse
2164 4668 2422 4735 solutum,
2456 4685 2519 4725 ac
2574 4681 2685 4726 tum
2719 4672 2935 4728 deruunt
2965 4691 2995 4730 a
3053 4677 3198 4749 Cyro
3248 4695 3391 4750 aegre
3424 4698 3549 4738 esse

1964 4760 2193 4816 liberum
2231 4762 2538 4819 dimissum.
2589 4763 2667 4818 Ex
2719 4780 2784 4821 eo
2820 4768 3004 4839 itaque
3058 4780 3300 4842 tempore
3345 4774 3545 4846 Cyrum

1961 4859 2074 4905 tum
2127 4852 2315 4908 urbem
2371 4855 2418 4908 ei
2483 4870 2759 4927 magnam,
2830 4857 3074 4917 Bareuen
3128 4865 3345 4920 nomine
3407 4868 3543 4939 (80).

1573 5023 1808 5081 VARUE
1838 5023 2236 5087 LECTIONES.

328 5146 396 5225 οξ.
423 5144 634 5225 Οίϐαρᾷ
664 5162 723 5210 ς.
753 5216 767 5225 Δ
804 5145 850 5175 ⁸⁸
883 5146 1152 5225 ςΔμυντιν
1174 5144 1423 5225 ’πρῶτον
1472 5164 1532 5225 ς.
1566 5215 1578 5225 _
1610 5146 1653 5225 ’λ’
1679 5145 1940 5225 ξπιταμᾶ
1991 5162 2049 5225 ςι.
2075 5144 2173 5225 "’3
2191 5144 2343 5225 atina]
2391 5146 2574 5225 malint
2624 5149 2735 5203 τόν.
2814 5151 2859 5225 ⁸-⁸
2886 5152 3087 5225 ἀφείθη
3112 5155 3437 5225 ,ἀφείθησαν
3481 5178 3541 5225 ς.

260 5212 274 5242 ³
307 5214 489 5287 πόλιν]
521 5212 706 5280 πόλεις
740 5216 805 5271 Α.
882 5217 903 5247 ³
933 5212 1015 5286 τε]
1042 5233 1103 5269 τε
1136 5218 1204 5287 τῇ
1234 5212 1293 5282 ς.
1370 5217 1391 5248 ³
1413 5218 1506 5271 καὶ
1526 5215 1588 5268 ού
1620 5212 1946 5285 θνήσκειής.
2021 5212 2043 5243 ⁸
2073 5212 2453 5285 Κροῖσοςζκαὶ
2479 5217 2725 5287 θνήσκει,
2759 5221 2852 5275 καὶ
3048 5212 3375 5296 "ambiluqu
3404 5231 3450 5283 A

1814 5334 2043 5393 NOTAE.
2088 5322 2093 5328 ’

325 5453 445 5525 (77)
501 5452 578 5526 De
628 5452 783 5510 Sacis
822 5451 1010 5510 ethoc
1050 5454 1177 5526 Cyri
1222 5454 1363 5511 bello
1422 5456 1571 5512 varia
1633 5454 1852 5524 scripsit

258 5522 485 5589 Strabo,
507 5523 602 5578 lib.
630 5540 692 5578 tt.

328 5595 445 5661 (78)
472 5593 631 5647 Joan.
672 5594 859 5649 Tzetz.
898 5592 1036 5649 Hist.
1058 5595 1153 5650 lib.
1192 5612 1230 5652 ι.

330 5663 448 5734 (79)
474 5663 773 5733 Negantem
811 5665 939 5719 hinc
975 5667 1302 5733 particulam
1361 5666 1413 5720 in
1447 5666 1846 5735 praecedentem

261 5749 484 5806 versum
529 5748 819 5803 perperam
857 5737 1175 5806 translatam
1228 5737 1386 5806 plane
1444 5737 1575 5790 mihi
1622 5751 1847 5803 persna-

259 5807 385 5863 deo.
413 5805 513 5864 Alii
541 5806 744 5864 omissa
792 5820 924 5863 voce
954 5805 1186 5872 Croesus,
1226 5805 1337 5864 haec
1372 5809 1437 5865 ad
1476 5806 1593 5876 ejus
1620 5820 1844 5863 uxorem

1962 5453 2223 5510 referunt.

2036 5526 2146 5603 (ξφ)
2173 5524 2308 5603 Hinc
2338 5526 2574 5603 forsitan
2615 5526 2781 5603 Steph
2826 5527 3357 5603 Byzant.:_Bapf)yq,
3390 5534 3549 5599 πόλις

2036 5544 2146 5593 (δυ)
2173 5544 2308 5579 nutc
2345 5544 2573 5582 rorsnan
2615 5544 2781 5595 atepn
2829 5544 2866 5580 ts
2908 5544 3075 5583 zaot.:
3114 5544 3189 5583 bat
3231 5544 3357 5603 ηνη,
3390 5544 3547 5599 πόλις

1961 5596 2195 5678 Μηδίας,
2227 5596 2397 5678 ἐγγυς
2440 5596 2814 5678 Ἀγϐατάνων.
2848 5544 2952 5678 (iui
2983 5609 3037 5678 et
3074 5600 3159 5678 de_
3193 5546 3360 5678 rmjus
3397 5606 3547 5678 vocis

1958 5669 2285 5742 scriptura:
2330 5668 2580 5742 Κτησίας
2633 5668 2927 5742 παιίτοχοῦ-
2956 5668 3065 5722 τῶν
3116 5668 3424 5742 Περσικῶν,
3474 5677 3547 5728 τὰ

1958 5736 2340 5817 παρὰ-Μήδρις
2384 5736 2690 5817 [Ᾱγῦἀεανα
2716 5736 3003 5817 garrioan
3023 5736 3227 5817 γράφεί
3251 5755 3268 5773 ⁸
3300 5736 3452 5817 παρὰ
3485 5746 3544 5798 δι

1954 5810 2069 5871 τοῖς
2101 5807 2351 5878 ἀρχαίοις
2382 5809 2471 5864 διὰ
2500 5807 2593 5864 τοῦ
2634 5824 2681 5861 ε.
2716 5807 2848 5867 Vide
2878 5811 3003 5867 alibi
3037 5807 3218 5879 plura.
