3926 6442
332 355 435 417 175

1511 362 1775 422 ΡΠΟΤΙΙ
1811 362 2322 425 PATRIARCH/E
2363 366 2475 426 CP.

3510 366 3612 434 176

316 488 491 545 prope
543 474 818 531 Ecbatana
864 475 1116 540 dedisse,
1175 474 1229 529 in
1277 490 1385 545 qua
1437 476 1679 545 quinque
1731 484 1917 530 essent
1950 479 2218 545 equitum,
2254 478 2583 547 peltatorum
2612 494 2741 533 vero
2777 480 3255 551 jaculatorumque
3319 489 3374 534 et
3440 483 3610 552 sagit-

324 570 589 623 tariorum
619 569 685 623 ad
718 570 905 623 decem
939 569 1128 622 millia.

397 663 579 717 Refert
641 672 924 732 prieterea,
965 662 1265 718 Petisacam
1320 664 1654 726 eunuchum,
1708 677 1900 732 magna
1934 667 1981 723 Α

325 757 463 824 apud
496 754 699 826 Cyrum
726 758 1058 810 auctoritate
1083 754 1399 825 pollentem,
1421 757 1471 806 in
1494 754 1692 809 Persas
1723 769 1907 807 aman-

324 849 537 909 datutn,
581 850 671 916 qui
717 849 979 919 Astyigan
1017 864 1045 901 a
1088 847 1370 901 Barcauiis
1404 846 1722 912 adduceret,
1762 845 1907 914 quod

324 956 445 994 cum
486 940 621 1009 ipse,
658 949 768 993 tum
799 939 1007 1008 Amytis
1046 937 1155 992 ﬁlia
1193 946 1473 1007 parentem
1537 935 1727 989 videre
1774 950 1907 988 exo-

328 1042 532 1101 ptaret.
567 1031 821 1087 OEbarau
855 1042 1036 1084 autem
1070 1027 1641 1083 consilinmPetisacaI
1665 1025 1905 1088 dedisse,

324 1132 383 1177 ut
426 1122 478 1176 in
521 1122 734 1176 deserto
781 1122 901 1175 loco
946 1122 1129 1191 aliquo
1176 1121 1437 1191 Astyigan
1474 1118 1722 1172 relictum
1766 1117 1909 1171 fame

323 1214 524 1283 sitique
555 1213 888 1278 conﬁceret;
932 1212 1172 1281 illudque
1198 1213 1363 1266 etiam
1406 1212 1476 1264 ita
1519 1208 1721 1264 factum
1764 1223 1905 1263 esse.

324 1302 525 1360 Verum
565 1304 777 1359 scelere
822 1320 919 1373 per
962 1303 1177 1359 somnia
1218 1302 1514 1371 patefacto,
1542 1299 1846 1355 Petisacam
1877 1315 1906 1353 a

322 1395 485 1466 Cyro,
528 1395 818 1450 identidem
852 1394 980 1447 illud
1012 1393 1327 1463 exposcenti
1360 1391 1568 1464 Amyli,
1601 1391 1668 1445 ad
1702 1390 1908 1461 suppli-

323 1490 466 1542 cium
494 1488 734 1543 dcditum
766 1502 907 1541 esse.
938 1485 1090 1539 Illam
1139 1485 1328 1540 oculos
1373 1488 1608 1555 primum
1647 1484 1907 1538 semiviro

322 1579 711 1649 exsculpsisse,
752 1588 863 1631 tum
898 1576 1094 1645 pellem
1122 1576 1451 1640 detraxisse,
1487 1574 1560 1628 ita
1596 1573 1830 1643 denique
1856 1574 1906 1626 in

322 1686 539 1725 crucem
583 1672 783 1741 egisse.
828 1670 967 1724 Hinc
1010 1668 1287 1734 (Eharan,
1323 1684 1390 1724 ne
1428 1667 1567 1722 idem
1617 1665 1909 1736 aliquando

322 1773 599 1832 pateretur
640 1763 874 1818 veritum
916 1762 1040 1831 (etsi
1077 1771 1231 1816 certe
1263 1761 1337 1815 illi
1366 1760 1665 1814 aﬁirmaret
1710 1758 1904 1825 Cyrus,

325 1857 459 1912 nihil
520 1871 580 1912 se
628 1855 896 1926 ejusmodi
958 1870 1196 1924 unquam
1234 1853 1675 1923 permissurum),
1721 1853 1906 1904 decem

318 1949 679 2006 nihilominus
739 1947 949 2003 dierum
1009 1946 1187 2001 inedia
1247 1946 1422 2015 ipsum
1507 1943 1610 1997 sibi
1678 1950 1905 1996 mortem

318 2041 679 2098 conscivisse.
732 2037 853 2093 Jam
908 2037 1086 2108 ipsum
1133 2036 1394 2107 Astyigan
1456 2033 1739 2105 splendide
1781 2047 1904 2086 cum

319 2134 514 2202 primis
554 2140 715 2201 atque
757 2128 1046 2202 magniﬁce
1094 2128 1364 2198 sepultum
1398 2126 1603 2193 fuisse;
1638 2125 1900 2180 intactum

320 2225 522 2297 quippe
555 2222 687 2277 feris
732 2220 849 2290 ejus
897 2220 1135 2277 cadaver
1172 2219 1304 2274 locis
1351 2218 1459 2273 illis
1503 2216 1738 2273 desertis
1776 2230 1903 2287 per-

322 2317 613 2382 mansisse,
648 2316 789 2387 quod
822 2312 947 2367 illud
975 2311 1047 2366 ibi
1087 2310 1292 2375 leones,
1322 2310 1448 2365 dum
1498 2308 1775 2364 Petisacas
1812 2320 1902 2362 re-

322 2424 514 2464 versus
532 2406 796 2470 auferret,
821 2413 1260 2460 conservassem.

390 2498 641 2570 Cyrusin
670 2496 926 2551 Derbices
979 2493 1130 2565 (8|),
1175 2508 1407 2562 quorum
1449 2500 1561 2546 tum
1601 2506 1694 2546 ret
1736 2490 1900 2544 Amo-

319 2607 484 2655 racus,
523 2590 825 2646 exercitum
857 2587 1048 2655 ducit;
1088 2598 1143 2641 at
1172 2584 1248 2640 illi
1277 2599 1340 2639 ex
1378 2584 1590 2638 insidiis
1622 2583 1902 2653 productis

317 2680 645 2751 elephantis,
685 2678 813 2749 Cyri
863 2677 1168 2747 equitatum
1215 2674 1269 2729 in
1313 2673 1496 2744 fugam
1545 2682 1900 2729 convertunt.

317 2775 439 2843 Ipse
480 2772 553 2828 ibi
606 2770 783 2843 Cyrus
816 2784 879 2825 ex
924 2784 1065 2837 equo
1110 2767 1349 2833 decidit,
1379 2776 1434 2821 et
1481 2764 1642 2821 ludus
1678 2765 1896 2835 quidam

318 2865 666 2939 (Derbicibus
689 2863 835 2919 enim
867 2862 983 2917 ludi
1009 2877 1165 2927 opem
1195 2860 1248 2915 in
1272 2861 1411 2916 bello
1442 2860 1712 2926 ferebant,
1736 2868 1902 2928 atque

318 2963 387 3013 ah
414 2959 501 3012 his
526 2956 627 3023 illi,
660 2971 800 3025 quos
830 2955 1120 3019 ducebant,
1154 2954 1473 3025 elephantos
1510 2953 1898 3024 acceperant).

316 3050 459 3120 37a
486 3049 647 3103 Indus
678 3048 842 3119 igitur
874 3047 963 3102 ille
996 3047 1196 3118 Cyrum
1244 3047 1521 3116 delapsum
1556 3045 1742 3113 jaculo
1798 3045 1900 3101 sub

317 3157 454 3199 coxa
483 3142 539 3203 iu
563 3141 770 3195 l‘cmore
798 3139 1127 3204 vulneravit,
1160 3154 1267 3211 quo
1300 3138 1392 3194 ille
1420 3153 1488 3193 ex
1528 3138 1754 3193 vulnere
1807 3152 1903 3207 po-

318 3246 435 3287 stea
479 3233 730 3288 moritur.
769 3228 950 3299 Ipsum
1001 3240 1188 3284 autem
1223 3239 1339 3282 tum
1368 3227 1547 3282 adhuc
1595 3227 1774 3281 vivum
1820 3226 1902 3281 fa-

319 3322 563 3377 miliares
594 3322 675 3377 sui
708 3321 1066 3385 sustulerunt,
1104 3330 1267 3389 atque
1299 3320 1352 3373 iu
1384 3330 1562 3395 castra
1615 3333 1903 3373 concesse-

2080 662 2202 713 Ἔτι
2226 659 2581 729 διαλαμϐάνει
2606 659 2626 691 ⁸
2652 659 2727 723 ὡς
2748 660 3069 713 ἀποστέλλει
3097 659 3279 732 Κῦρος
3299 662 3357 714 ἐν
3383 660 3606 731 Περσίδι

2010 752 2363 823 Πετησάκαντ
2382 752 2472 805 τὸν
2500 751 2756 822 εὐνοῦχον
2773 752 2816 817 ⁸,
2838 752 2980 823 μέγα
2995 752 3126 824 παρ’
3144 751 3292 823 αὐτῷ
3309 754 3610 823 δυνάμενον

2009 846 2226 914 ἐνέγκαι
2259 845 2367 898 ἀπὸ
2397 844 2720 914 Βαρκανίων
2763 845 3055 914 Ἀστυῒγαν
3089 862 3104 877 ο
3148 845 3335 900 ἐπόθει
3362 846 3472 917 γὰρ
3502 846 3608 898 αὐ-

2008 939 2099 999 τός
2125 954 2181 989 τε
2212 937 2307 989 καὶ
2336 938 2368 1006 ἡ
2402 936 2649 1007 θυγάτηρ
2690 936 2920 1007 Ἀμύτις
2941 937 3033 991 τὸν
3063 938 3278 1009 πατέρα
3316 938 3463 995 ἰδεῖν.
3493 939 3605 993 Kal

2008 1028 2083 1091 ὡς
2126 1028 2379 1100 Οἰϐάρας
2424 1029 2668 1099 βουλεύει
2717 1030 3012 1100 ΙΙετησάκα
3040 1031 3062 1062 ⁸
3107 1031 3166 1083 ἐν
3217 1030 3409 1102 ἐρήμῳ
3456 1034 3609 1103 τόπῳ

2009 1122 2381 1174 καταλιπόντα
2406 1122 2702 1189 Ἀστυῖγαν
2728 1121 2877 1193 λιμῷ
2909 1124 3003 1176 καὶ
3036 1122 3178 1193 δίψει
3213 1124 3256 1154 ⁸⁸
3288 1122 3558 1177 ἀπολέσαι
3585 1138 3600 1153 ⁸

2008 1212 2035 1265 ὃ
2072 1213 2110 1244 ¹¹
2137 1214 2229 1266 καὶ
2261 1214 2472 1282 γέγονε.
2506 1213 2586 1267 Δι’
2603 1215 2869 1267 ἐνυπνίων
2896 1215 2955 1268 δὲ
2983 1215 3076 1268 τοῦ
3101 1215 3407 1285 μιάσματος
3436 1232 3609 1286 μηνυ-

2010 1305 2192 1370 θέντος
2220 1307 2566 1376 Πετησάκας,
2598 1306 2862 1369 πολλάκις
2907 1308 3286 1378 αἰτησαμένης
3320 1305 3603 1377 Ἀμύτιος,

2009 1397 2091 1460 είς
2120 1398 2389 1470 τιμωρίαν
2410 1398 2563 1467 παρὰ
2587 1400 2772 1470 Κύρου
2797 1398 3087 1452 ἐκδίδοται*
3115 1401 3147 1468 ἡ
3174 1398 3229 1451 δὲ
3252 1399 3379 1461 τοὺς
3405 1396 3605 1466 ὀφθαλ-

2012 1492 2147 1561 μοὺς
2183 1490 2487 1561 ἐξορύξασα.
2525 1491 2623 1543 καὶ
2658 1492 2718 1543 τὸ
2745 1490 2921 1561 δέρμα
2944 1490 3302 1561 περιδείρασα
3327 1488 3604 1543 ἀνεσταύ-

2011 1597 2205 1650 ρωσεν.
2247 1581 2497 1650 Οἰϐάρας
2543 1580 2599 1633 δὲ
2639 1578 2826 1644 δεδιὼς
2864 1580 2938 1650 μὴ
2966 1579 3035 1633 τά
3058 1580 3220 1649 ὃμοια
3248 1580 3499 1633 πείσεται
3535 1579 3602 1644 ¹⁹,

2010 1673 2188 1726 καίτοι
2217 1672 2403 1744 Κύρου
2437 1672 2603 1744 μηδὲν
2624 1671 2868 1724 τοιοῦτον
2901 1671 3313 1740 ίσχυριζομένου
3342 1687 3606 1740 παραχω-

2011 1764 2195 1835 ρῆσαι,
2217 1764 2381 1827 αὐτὸς
2411 1764 2510 1833 μὲν
2543 1764 2585 1795 ’⁸
2629 1765 3087 1835 ἀποκαρτερήσας
3116 1762 3184 1815 δι’
3218 1762 3441 1834 ἡμερῶν
3466 1762 3603 1816 δέκα

2010 1858 2202 1911 ἐαυτὸν
2225 1857 2515 1929 ἐξήγαγεν,
2532 1857 2825 1924 Ἀστυτγας
2846 1857 2902 1909 δὲ
2932 1857 3373 1929 μεγαλοπρεπῶς
3396 1859 3597 1928 ἐτάφη.

2012 1950 2121 2003 Kal
2160 1950 2217 2003 ἐν
2246 1952 2311 2019 τῇ
2348 1951 2542 2021 ἐρήμῳ
2571 1949 2629 2003 δὲ
2670 1949 2917 2019 ἄϐρωτος
2965 1948 3130 2003 αὐτοῦ
3160 1949 3432 2020 διέμεινεν
3454 1951 3483 2003 ό
3512 1965 3602 2002 νε·

2010 2048 2179 2118 κρός·
2234 2045 2447 2109 λέοντες
2494 2047 2603 2117 γὰρ
2653 2044 2841 2110 αὐτοῦ,
2900 2045 3057 2114 φησὶ,
3127 2046 3293 2116 μέχρι
3348 2045 3601 2115 Πετησά-

2010 2156 2112 2193 καν
2156 2138 2201 2169 ⁸⁸
2260 2136 2425 2191 πάλιν
2481 2136 2654 2190 ἐλθεῖν
2704 2136 2800 2189 καὶ
2838 2134 3127 2190 ἀναλαϐεῖν
3160 2136 3466 2206 ἐφύλαττον
3505 2137 3600 2191 τὸν

2010 2228 2224 2300 νεκρόν.

2082 2494 2267 2566 Κῦρος
2293 2494 2350 2548 δὲ
2383 2494 2671 2566 στρατεύει
2714 2496 2810 2548 ἐπὶ
2839 2494 3110 2565 Δέρϐικας
3162 2495 3457 2566 Ἀμοραίου
3495 2494 3597 2564 βα-

2010 2588 2313 2650 σιλεύοντος
2348 2586 2549 2640 αὐτῶν.
2586 2587 2699 2641 Καὶ
2722 2586 2781 2651 ἐξ
2804 2586 3028 2655 ἐνέδρας
3060 2588 3109 2639 οἱ
3146 2586 3408 2657 Δέρϐικες
3441 2587 3602 2641 ἱστῶ-

2011 2699 2097 2735 σιν
2144 2680 2466 2749 ἐλέφαντας,
2512 2678 2608 2731 καὶ
2664 2678 2787 2740 τοὺς
2838 2679 3026 2741 ἱππεῖς
3082 2677 3269 2748 Κύρου
3312 2678 3596 2750 τρέπουσι.

2010 2773 2123 2827 Καὶ
2155 2773 2345 2827 πίπτει
2375 2772 2469 2826 καὶ
2500 2770 2661 2835 αὐτὸς
2701 2767 2883 2840 Κῦρος
2917 2769 2981 2823 ἐκ
3016 2769 3109 2822 τοῦ
3137 2770 3327 2835 ἵππου,
3367 2769 3464 2823 καὶ
3501 2771 3602 2823 Ἰν-

2008 2865 2097 2929 δὸς
2120 2862 2764 2936 ἀνὴρίσυνεμάχουνγάρ
2794 2863 2838 2893 ⁸⁸
2863 2860 3016 2915 Ἰνδοὶ
3045 2862 3157 2922 τοῖς
3183 2860 3509 2929 Δερϐίκεσιν
3529 2862 3597 2923 ⁸⁸,

2009 2957 2068 3024 ἐξ
2097 2949 2173 3011 ὧν
2205 2956 2299 3009 καὶ
2325 2957 2452 3019 τοὺς
2500 2954 2797 3024 ἐλέφαντας
2828 2953 3064 3024 ἔφερον),
3113 2946 3267 3014 οὗτος
3290 2953 3333 2985 ⁸⁷
3370 2954 3398 3003 ὁ
3436 2952 3600 3014 Ἰνδὸς

2010 3049 2340 3105 πεπτωκότα
2386 3047 2571 3117 Κῦρον
2606 3046 2787 3117 βάλλει
2821 3046 3057 3116 ἀκοντίῳ
3085 3045 3189 3098 ὐπὸ
3224 3046 3285 3098 τὸ
3319 3046 3488 3115 ἰσχίον
3517 3047 3599 3109 είς

2008 3145 2099 3197 τδν
2130 3144 2304 3215 μηρόν
2333 3159 2348 3173 ο
2376 3142 2435 3209 ἐξ
2469 3134 2529 3194 οὐ
2558 3141 2652 3195 καὶ
2680 3134 2927 3209 τελευτᾷ.
2961 3140 3097 3192 Τότε
3123 3139 3179 3193 δὲ
3204 3138 3386 3203 ζῶντα
3411 3139 3599 3193 ἀνελό-

2014 3252 2163 3308 μενοι
2215 3234 2379 3288 αὐτὸν
2431 3234 2480 3287 οἱ
2528 3234 2719 3286 οἰκεῖοι
2764 3231 2858 3284 ἐπὶ
2892 3231 2955 3284 τὸ
3005 3231 3374 3302 στρατόπεδον
3400 3232 3594 3302 ᾔεσαν.

2010 3326 2310 3380 Ἀπέθανον
2364 3324 2420 3378 δὲ
2465 3324 2521 3376 ὲν
2564 3325 2631 3393 τῇ
2667 3321 2818 3394 μάχῃ
2860 3322 2956 3375 καὶ
3004 3323 3234 3393 Περσῶν
3283 3322 3471 3375 πολλοὶ
3501 3322 3598 3376 καὶ

319 3425 466 3469 runt.
519 3412 838 3469 Occubuere
888 3412 989 3467 hoc
1037 3412 1089 3467 in
1141 3412 1334 3481 praelia
1385 3410 1673 3466 Persarum
1725 3409 1900 3476 multi,

2014 3418 2289 3489 Δερϐίκων
2322 3418 2426 3471 ῐσοι
2462 3431 2477 3446 ·
2532 3414 2717 3485 μύριοι
2746 3415 2854 3485 γὰρ
2885 3413 2981 3467 καλ⁵
3013 3414 3187 3469 αὐτοί.
3231 3413 3511 3484 Ἀμόργης
3539 3414 3597 3468 δὲ

317 3522 495 3577 neque
534 3504 821 3560 Derbicnm
854 3505 1167 3575 pauciores.
1202 3504 1399 3558 Decem
1440 3503 1585 3557 enim
1615 3503 1778 3557 etiam
1808 3504 1908 3557 ho-

317 3616 437 3655 rum
472 3598 637 3652 millia
667 3599 936 3653 cecidere.
963 3597 1232 3667 Amorch
1277 3596 1373 3660 ibi,
1408 3608 1635 3666 accepto
1671 3597 1736 3651 de
1764 3596 1907 3666 Cyro

320 3691 535 3754 nuntio,
571 3704 803 3759 propere
846 3691 913 3744 ad
957 3689 1153 3744 Persas
1200 3690 1436 3754 accedit,
1487 3689 1750 3745 Sacarum
1800 3691 1904 3744 du-

322 3799 454 3837 ccns
483 3783 723 3851 equitnm
754 3783 944 3853 viginti
982 3782 1171 3837 millia.
1204 3782 1404 3837 Prtelio
1427 3797 1557 3852 ergo
1578 3781 1776 3839 Persas
1816 3783 1905 3836 in-

317 3886 402 3929 ter
447 3890 510 3930 ac
574 3874 829 3929 Derbices
893 3884 1168 3940 conserto,
1216 3890 1245 3929 a
1308 3874 1490 3930 Persis
1545 3884 1708 3946 atque
1746 3874 1902 3931 Saeis

314 3965 617 4021 fortissime
633 3968 1002 4038 pugnantibus
1023 3966 1245 4021 victoria
1269 3966 1442 4021 stetit.
1461 3966 1746 4022 Occumbit
1765 3967 1900 4023 Der-

320 4059 502 4113 bieum
538 4073 632 4113 rex
669 4058 786 4128 ipse
816 4058 1099 4113 Alnorzcus
1126 4072 1248 4111 cum
1289 4059 1502 4114 duobus
1552 4059 1696 4115 ﬁliis.
1742 4060 1900 4114 Ceci-

2007 3510 2137 3579 περὶ
2164 3507 2352 3581 Κύρου
2376 3506 2617 3569 ἀκούσας
2644 3506 2853 3577 σπουδῇ
2881 3506 3267 3577 παραγίνεται,
3296 3506 3435 3577 ἔχων
3484 3508 3596 3560 Σα-

2008 3600 2121 3656 κῶν
2147 3599 2468 3671 δισμυρίους
2520 3598 2743 3658 ἱππέας.
2801 3598 2912 3652 Καὶ
2951 3597 3190 3667 πολέμου
3226 3598 3597 3668 συρραγέντος

2008 3690 2239 3763 Περσῶν
2267 3691 2361 3743 καὶ
2392 3690 2670 3761 Δερϐίκων
2704 3691 2830 3760 νικᾷ
2858 3689 3001 3742 κατά
3034 3689 3238 3759 κράτος
3269 3690 3296 3741 ό
3326 3689 3596 3758 Περσικὸς

2009 3785 2103 3837 καὶ
2134 3782 2323 3838 Σακῶν
2356 3782 2589 3855 στρατὸς
2613 3821 2628 3845 ,
2660 3781 2963 3852 ἀναιρεῖται
2992 3780 3049 3833 δὲ
3075 3780 3169 3834 καὶ
3195 3780 3237 3812 ¹⁸
3276 3782 3303 3832 ὁ
3329 3782 3436 3833 τῶν
3466 3785 3597 3851 Δερ⁴

2009 3876 2177 3931 ϐίκων
2199 3874 2450 3946 βασιλεὺς
2480 3875 2771 3944 Ἀμοραῖος
2788 3873 2883 3926 καὶ
2907 3872 3069 3936 αὐτὸς
3096 3874 3188 3925 καὶ
3205 3873 3254 3925 οἱ
3278 3872 3371 3925 δύο
3405 3873 3595 3937 παῖδες

2008 3967 2196 4022 αὐτοῦ.
2213 3966 2509 4021 Ἀπέθανον
2528 3966 2582 4018 δὲ
2595 3965 2875 4037 Δερϐίκων
2894 3965 2994 4036 μὲν
3006 3965 3344 4036 τρισμύριοι,
3366 3964 3592 4035 Περσῶν

2006 4060 2061 4114 δὲ
2096 4057 2534 4129 ἐνακισχίλιοιίθ,
2566 4056 2662 4110 xal
2687 4055 3112 4127 προσεχώρησεν
3144 4057 3174 4127 ή
3210 4056 3362 4126 χώρα
3396 4056 3589 4128 Κύρῳ.

313 4155 509 4205 derunt
544 4160 600 4205 et
647 4150 938 4207 Derbicqu
986 4152 1206 4223 triginta
1246 4152 1433 4215 millia,
1465 4151 1753 4207 Persarum
1797 4169 2015 4210 novem.
2066 4155 2142 4207 Ita
2192 4155 2341 4223 regio
2386 4150 2477 4206 illa
2538 4150 2592 4205 in
2644 4149 2774 4220 Cyri
2806 4151 3063 4204 ditionem
3089 4152 3382 4205 conoessil.

387 4243 566 4315 Cyrus
590 4257 723 4299 vero
756 4243 856 4298 sub
882 4245 1078 4298 mortis
1110 4252 1323 4314 tempus
1350 4244 1520 4298 ﬁlium
1544 4256 1677 4299 natu
1715 4245 1892 4299 maxi.

313 4353 461 4392 mum
499 4337 808 4408 Cambysen
846 4351 1027 4405 regent
1065 4349 1217 4393 creat
1245 4339 1559 4408 :{juniorem
1590 4340 1715 4393 dein
1755 4326 1892 4410 (82),

315 4414 726 4499 'l'anyoxarcem
790 4429 1031 4494 nomine,
1070 4429 1408 4483 Bactriorum
1448 4429 1564 4503 (85)
1616 4430 1895 4485 dominum

313 4522 594 4591 ipsiusque
647 4523 907 4592 regionis,
958 4538 1170 4578 necnon
1220 4522 1715 4590 Choramuiorum,
1757 4520 1896 4576 Par-

314 4614 701 4683 thiorumque,
750 4627 805 4669 et
849 4614 1274 4669 Carmaniorum
1321 4614 1647 4678 constituit,
1700 4613 1897 4668 immu—

2073 4245 2254 4316 Κῦρος
2280 4244 2337 4297 δὲ
2361 4242 2572 4313 μέλλων
2591 4242 2847 4313 τελευτᾷν
2872 4241 3181 4311 Καμϐύσην
3202 4242 3304 4312 μὲν
3323 4242 3413 4296 τὸν
3436 4244 3591 4314 πρῶ-

2001 4355 2092 4391 τον
2116 4336 2231 4390 υίὸν
2265 4336 2492 4407 βασιλέα
2514 4335 2767 4405 καθίστη,
2795 4335 3185 4405 Τανυοξάρκην
3202 4335 3259 4388 δὲ
3277 4336 3369 4389 τὸν
3392 4336 3590 4391 νεώτε-

2007 4446 2098 4500 ρον
2132 4429 2405 4499 ἐπέστησε
2440 4428 2486 4459 ²⁰
2525 4428 2793 4498 δεσπότην
2826 4427 3110 4497 Βακτρίων
3142 4430 3238 4481 καὶ
3275 4431 3373 4499 τῆς
3400 4429 3589 4501 χώρας

2005 4521 2102 4572 καὶ
2136 4518 2463 4590 Χοραμνίων
2505 4518 2597 4571 καὶ
2628 4517 2884 4588 Παρθίων
2923 4519 3017 4571 καὶ
3059 4520 3419 4591 Καρμανίων,
3463 4522 3591 4573 ἀτε-

2005 4608 2116 4674 λεῖς
2148 4611 2294 4682 ἔχειν
2325 4610 2424 4674 τὰς
2447 4608 2632 4681 χώρας
2651 4610 3051 4681 διορισάμενος.
3088 4613 3211 4667 Τῶν
3241 4613 3295 4666 δὲ
3332 4613 3590 4683 Σπιτάμα

198 5846 205 5853 ε
305 5826 385 5881 bit
432 5827 645 5882 Ctesias
675 5844 803 5886 vero
832 5826 1051 5886 Derbith
1088 5843 1265 5901 vocat,
1298 5826 1392 5889 a'ut
1424 5826 1720 5890 Terbissos.

313 4715 518 4769 nesque
564 4716 693 4757 suas
738 4702 841 4756 sibi
873 4703 1121 4772 regiunes
1156 4717 1182 4755 a
1220 4703 1419 4756 tributo
1466 4702 1669 4757 habere
1711 4702 1888 4771 jubet.

2014 4702 2210 4755 παίδων
2249 4701 2533 4771 Σπιτάκην
2563 4702 2605 4732 ²¹
2650 4701 2751 4769 μὲν
2781 4702 3063 4773 Δερϐίκων
3097 4704 3347 4769 ἀπέδειξε
3378 4707 3586 4778 σατρά-

314 4789 354 4843 Ε
392 4789 649 4859 Spitamae
700 4806 829 4846 vero
873 4792 1079 4859 liberis,
1126 4792 1386 4861 Spitadeu
1420 4793 1536 4866 (84)
1574 4793 1896 4850 Derbicibus

2014 4811 2128 4867 την,
2159 4793 2521 4864 Μεγαϐέρνην
2554 4794 2610 4846 δὲ
2636 4795 2992 4866 Βαρκανίων·
3028 4798 3095 4868 τῇ
3130 4799 3299 4868 μητρὶ
3328 4798 3383 4852 δὲ
3409 4800 3589 4852 πάντα

313 4880 578 4949 praefecit,
642 4880 1024 4952 Megaberuem
1088 4882 1391 4950 Barcaniis,
1448 4900 1651 4954 eosque
1712 4886 1894 4957 Amyti

2014 4888 2281 4943 πείθεσθαι
2325 4890 2677 4959 προσέταττε.
2721 4889 2832 4943 Kal
2876 4890 3153 4963 Ἀμόργην
3192 4895 3346 4963 φίλον
3374 4896 3589 4961 τούτοις

312 4973 473 5027 matri
529 4973 582 5028 in
645 4975 897 5029 omnibus
945 4990 1135 5044 parere
1201 4976 1471 5045 praecipit.
1515 4978 1669 5033 Datis
1729 4980 1894 5033 etiam

2014 4979 2103 5033 τῶν
2147 4977 2339 5043 δεξιῶν
2383 4980 2807 5050 ἐμϐαλλομένων
2855 4982 3113 5048 ἐποιεῖτο,
3154 4985 3249 5037 καὶ
3298 4986 3584 5057 ἀλλήλοις·

310 5062 545 5129 dextris,
600 5073 654 5117 et
710 5063 852 5117 inter
912 5079 993 5128 se,
1039 5074 1095 5118 et
1136 5080 1259 5119 cum
1303 5067 1544 5138 Autorge
1595 5068 1892 5123 amicitiam

2024 5071 2125 5125 112
2153 5070 2241 5143 IL]
2276 5071 2369 5123 καὶ
2397 5073 2509 5134 τοῖς
2537 5071 2635 5143 μὲν
2666 5073 2968 5143 ἐμμένουσι
3000 5077 3123 5138 ταῖς
3150 5076 3287 5146 πρὸς
3320 5078 3589 5149 ἀλλήλους

311 5150 453 5205 inire
479 5150 671 5219 voluit,
700 5152 878 5209 fausta
912 5154 1016 5210 illis
1048 5156 1230 5210 omnia
1265 5166 1539 5224 precatus,
1576 5159 1667 5228 qui
1694 5158 1746 5213 in
1774 5174 1893 5214 mu-

2014 5163 2243 5226 εὐνοίαις
2272 5163 2456 5231 ἀγαθά
2495 5162 2715 5234 ηὔχετο,
2752 5167 2998 5238 ἐπηρᾶτο
3041 5168 3097 5220 δὲ
3125 5172 3237 5232 τοῖς
3264 5171 3463 5241 χειρῶν
3487 5173 3589 5243 ἄρ-

1627 5270 1860 5326 VAltUE
1899 5271 2194 5330 LECTION
2203 5272 2304 5328 ES.

309 5428 349 5460 Η
379 5363 399 5390 ⁸
432 5360 597 5414 ἔτιδὲ
627 5362 720 5415 καὶ
742 5360 1011 5430 λαμϐάνει
1040 5379 1098 5426 ς.
1180 5363 1199 5393 ⁷
1230 5363 1542 5419 Πετισακᾶν
1570 5383 1630 5429 ς.
1704 5365 1725 5396 ⁸
1762 5365 2021 5436 εὐνοῦχον
2051 5368 2092 5421 Α
2133 5387 2146 5420 :
2180 5368 2523 5441 ήμιάρῤενας
2571 5389 2628 5435 ς.
2709 5380 2730 5411 ο
2766 5373 3077 5425 Πετισακᾶν
3118 5392 3176 5438 ς.
3256 5377 3299 5408 ¹⁰
3332 5378 3461 5449 δίψῃ
3520 5397 3585 5444 ς.

389 5430 416 5481 ὃ
446 5432 572 5481 add.
605 5431 670 5481 Α.
755 5431 797 5461 ¹²
826 5434 1061 5481 στήσεται
1099 5432 1163 5481 Α.
1265 5434 1309 5466 ¹³
1353 5432 1477 5481 ιιὲνῖ
1518 5436 1668 5481 Eum:
1720 5454 1779 5481 r-
1888 5438 1930 5468 ⁸⁵
1956 5439 2229 5481 πετισάγα
2261 5457 2317 5481 ρ.
2403 5441 2445 5471 η
2469 5441 2600 5481 wlml
2652 5440 2761 5481 νὸη
2826 5442 2914 5481 νηὶ
2968 5461 3006 5481 ρ-
3106 5445 3150 5476 η
3177 5445 3483 5481 Ruﬁnum...
3522 5452 3549 5481 Α

304 5431 349 5531 ἐξ
389 5431 416 5481 ὃ
446 5432 572 5485 add.
605 5431 670 5486 Α.
755 5431 797 5461 ¹¹
826 5434 1061 5502 πήσεται
1099 5432 1163 5485 Α.
1265 5434 1309 5466 ¹³
1351 5432 1478 5507 μὲν]
1518 5436 1668 5502 ὅμως
1720 5454 1779 5501 ς.
1888 5431 2234 5492 ’δ”πετισάκᾶ
2261 5431 2336 5504 ς.’
2362 5431 2372 5439 ’
2403 5441 2445 5471 ¹⁸
2469 5431 2600 5512 γάρ]
2652 5440 2761 5513 γὰρ
2826 5442 2920 5495 καὶ
2968 5461 3025 5509 ς.
3106 5431 3150 5476 ’ί
3177 5431 3483 5517 δερϐικέσῗν

379 5500 432 5550 bl
460 5500 552 5550 οὖν
574 5501 605 5550 ὁ
634 5520 696 5550 ε-
787 5502 831 5534 ’⁸
864 5504 960 5550 καὶ
987 5505 1109 5550 atltl-
1136 5504 1201 5550 Α.
1282 5504 1323 5536 ⁸9
1351 5505 1767 5550 ὲννεακισνίλιοι
1793 5523 1851 5550 ρ-
1932 5508 1978 5538 ³ο
2009 5510 2212 5550 ἐπέην-ειη
2243 5528 2277 5550 ρ-
2380 5511 2423 5542 Il
2457 5512 2729 5550 Ym-nlrﬁnu
2783 5513 2868 5550 \-i.|
2927 5529 2959 5550 n
3011 5513 3077 5550 rm
3107 5532 3136 5550 ιι
3169 5516 3236 5550 4R

415 5500 432 5571 ]
460 5500 552 5554 οὖν
574 5501 605 5552 ὁ
634 5520 696 5565 ς.
787 5502 831 5534 ’⁸
864 5500 960 5556 καὶ
987 5505 1109 5557 add.
1135 5504 1201 5556 A.
1282 5504 1323 5536 '9
1351 5500 1767 5575 ἐννεάκισχίλιοι
1793 5523 1852 5571 ς.
1932 5508 1978 5538 ²⁰
2008 5510 2215 5580 ἐπέστη
2380 5511 2423 5542 ¹¹
2457 5500 2747 5581 Σπίίάδηνῖ
2783 5513 2891 5567 vid.
2925 5500 2994 5585 μ’
3010 5513 3077 5567 56
3106 5532 3138 5567 a
3169 5500 3256 5571 16:

1858 5601 2093 5661 NOTAE.

535 5687 809 5773 Derbices,
852 5691 1029 5773 inquit
1078 5693 1268 5773 §tcph.
1327 5692 1580 5773 Byzaut._,
1639 5694 1871 5773 populus
2051 5698 2165 5773 (ἓξ)
2197 5698 2452 5773 gruerdcn
2488 5699 2623 5773 Cyri
2642 5709 2905 5773 perpetuo
2936 5698 3247 5761 Herodotus
3282 5708 3549 5765 nominat.

302 5768 386 5838 est
416 5757 669 5841 ll‘ircanis
697 5757 942 5815 vicinus.
967 5757 1285 5830 Apollonius
1326 5757 1423 5833 per
1442 5757 1652 5833 duplex'
1670 5757 1728 5818 σὲ
1748 5766 1885 5822 scri-
2057 5757 2176 5839 ’(83)
2204 5768 2480 5825 Videndus
2521 5757 2588 5827 de
2614 5757 2698 5825 his
2725 5757 3322 5840 Stepltanaetvgt—ra‘bd.

305 5826 385 5881 bit
432 5829 645 5882 (.tesnts
675 5844 803 5886 vero
832 5829 1051 5886 Derbios
1088 5843 1265 5901 vocat,
1298 5844 1392 5889 aut
1424 5832 1720 5890 Terbissos.
2060 5839 2173 5908 (8i)
2209 5839 2457 5908 Spitaceu
2485 5856 2673 5911 supra.
