3926 6438
290 396 381 460 177
1392 401 1918 467 BIBLIOTHECA.
1956 431 2026 440 -
2054 406 2220 467 COD.
2252 404 2492 466 LXXII.

3432 396 3536 463 178

289 513 461 576 ξουσιν
509 510 732 564 ἀδίκων.
777 508 967 564 Ταῦτα
1008 511 1170 574 εῐπας
1217 512 1266 542 ’⁸
1315 511 1636 583 ἐτελεύτησε
1692 514 1855 588 τρίτῃ

1966 524 2048 569 tua
2094 524 2408 586 perstarent
2455 512 2857 580 benevolentia,
2907 513 3151 583 dirisque
3196 510 3318 567 illos
3365 514 3533 566 devo-

289 603 501 674 ὕστερον
520 602 627 657 ἀπὸ
647 601 741 655 τοῦ
758 602 1071 673 τραύματος
1088 601 1292 674 ἡμέρᾳ,
1315 602 1642 673 βασιλεύσας
1672 604 1766 677 ἔτη
1788 605 1855 662 λ’.

302 696 383 751 Ἐν
414 687 495 757 οἷς
531 696 560 747 6
583 699 653 746 ια’
690 694 739 726 ⁸³
759 693 999 764 Κτησίου
1030 695 1186 763 λόγος
1206 693 1301 747 τοῦ
1334 694 1571 751 Κνιδίου.

368 968 610 1035 ’Δρχεται
634 965 693 1020 δὲ
714 969 743 1020 6
774 965 841 1037 ιβ’
868 968 916 1000 ’⁸
941 969 1049 1022 ἀπὸ
1078 968 1180 1037 τῆς
1219 969 1519 1039 Καμϐύσου
1556 970 1853 1040 βασιλείας.

312 1052 459 1120 Οὗτος
492 1054 812 1126 βασιλεύσας
849 1058 1138 1113 ἀπέστειλε
1174 1060 1266 1112 τὸν
1307 1059 1401 1113 τοῦ
1433 1063 1639 1132 πατρὸς
1664 1061 1855 1132 νεκρὸν

316 1150 389 1202 διὰ
407 1148 710 1214 Βαγαπάτου
734 1148 829 1202 τοῦ
846 1150 1103 1219 εὐνούχου
1128 1152 1174 1182 ⁸⁸
1196 1152 1276 1214 είς
1299 1151 1511 1223 Πέρσας
1532 1153 1771 1221 ταφῆναι
1787 1154 1852 1218 ⁸⁸,

316 1239 392 1291 καὶ
413 1237 588 1303 τάλλα,
617 1238 695 1302 ὡς
724 1240 753 1292 6
781 1239 966 1311 πατὴρ
1010 1240 1212 1311 ὥρισεν
1233 1242 1275 1272 "’
1305 1241 1632 1312 διῳκήσατο.
1678 1244 1855 1311 Μέγι-

312 1349 410 1386 στον
450 1331 506 1385 δὲ
567 1333 703 1404 παρ’
753 1334 905 1405 αύτῷ
958 1334 1190 1404 ἠδύνατο
1233 1333 1326 1406 [55
1367 1334 1458 1407 ll.]
1516 1336 1855 1408 Ἀρτασύρας

316 1422 600 1493 Ὑρκάνιος,
641 1423 752 1477 τῶν
782 1424 840 1478 δὲ
888 1425 1157 1497 εὐνούχων
1197 1428 1241 1458 ’⁸
1281 1427 1566 1497 Ἰζαϐἀτης
1594 1429 1638 1460 '9
1666 1446 1728 1481 τε
1755 1429 1855 1483 καὶ

310 1515 637 1583 Ἀσπαδάτης
658 1516 753 1568 καὶ
780 1517 1135 1588 Βαγαπάτης,
1168 1518 1227 1582 ὃς
1262 1520 1357 1572 καὶ
1388 1518 1537 1590 παρά
1570 1519 1647 1589 τῷ
1684 1520 1856 1589 πατρὶ

297 1602 536 1671 μέγιστος
568 1599 639 1674 ἦν
679 1604 822 1673 μετὰ
850 1605 896 1636 ⁸⁰
926 1606 1017 1659 τὸν
1053 1607 1350 1677 [lernade
1399 1607 1648 1663 θάνατον.
1685 1603 1856 1673 Οὗτος

295 1694 565 1769 στρατεύει
590 1695 679 1749 ἐπ’
715 1696 989 1767 Αἴγυπτον
1011 1698 1106 1751 καὶ
1135 1696 1245 1751 τῶν
1284 1698 1597 1766 Αἰγυπτίων
1628 1698 1721 1752 τὸν
1760 1700 1857 1769 βα-

293 1786 432 1839 σιλέα
456 1788 513 1839 Ἀ
523 1789 807 1858 μυρταῐον,
823 1789 916 1843 καὶ
934 1791 1060 1861 νικᾷ
1073 1790 1213 1860 Ἀμυ
1223 1790 1791 1860 ρταῖονζΚομϐάφεως
1810 1791 1851 1822 ³³

1962 622 2093 660 rens
2156 607 2248 674 qui
2322 606 2533 675 priores
2597 605 2853 675 injuriatn
2910 606 3112 661 illaturi
3162 615 3368 660 essent.
3428 604 3535 660 Ista

1960 696 2193 762 locutus,
2224 695 2405 750 vivere
2430 694 2610 761 desiit,
2644 696 2807 749 tertio
2829 696 2897 751 ab
2920 705 3149 766 accepto
3176 697 3399 751 vulnere
3422 696 3531 763 die,

1962 804 2086 842 cum
2110 803 2281 842 annos
2320 787 2431 855 jam
2468 798 2747 858 regnasset
2776 790 3026 861 triginta.
3054 790 3164 847 llic
3203 789 3327 845 linis
3366 790 3538 844 unde-

1957 879 2082 933 cimi
2112 878 2310 933 Ctesia:
2346 878 2522 933 Cuidii
2552 879 2841 935 librorum.

2033 968 2399 1025 Duodecimus
2436 970 2576 1025 liber
2622 985 2652 1025 a
2695 970 2985 1043 Cambysis
3016 986 3184 1043 regno
3216 973 3527 1027 inchoatur.

1963 1060 2113 1122 llic,
2195 1077 2419 1133 regnum
2488 1061 2718 1132 adeptus
2759 1102 2775 1126 ,
2859 1064 3033 1131 patris
3119 1079 3245 1118 mox
3339 1079 3539 1132 corpus

1959 1168 2054 1223 per
2080 1152 2406 1221 Bagapatem
2449 1154 2755 1207 eunuchum
2781 1153 2833 1207 in
2864 1152 3142 1209 Persidem
3165 1153 3537 1223 sepeliendum

1960 1243 2129 1306 misit,
2166 1244 2477 1314 reliquaque
2505 1258 2572 1297 ex
2619 1244 2792 1311 patris
2834 1247 3056 1301 decreto
3107 1245 3536 1300 administravit.

1959 1332 2015 1386 In
2044 1334 2111 1387 iis
2149 1343 2329 1386 autem
2367 1334 2458 1403 qui
2497 1334 2787 1403 plurimum
2835 1336 3159 1389 auctoritate
3193 1336 3333 1404 apud
3379 1334 3539 1388 Cam-

1962 1425 2129 1495 bysen
2162 1425 2437 1492 valebant,
2462 1425 2756 1497 Artasyras
2785 1437 2902 1480 erat
2930 1426 3246 1490 Hircanius,
3282 1435 3447 1496 atque
3469 1441 3537 1480 ex

1955 1517 2221 1571 eunuchis
2243 1519 2503 1585 lzabates,
2534 1530 2588 1575 et
2617 1521 2939 1589 Aspadates,
2963 1531 3016 1572 et
3038 1520 3129 1590 qui
3149 1520 3287 1587 apud
3324 1528 3531 1586 patrent

1956 1608 2121 1663 etiam
2138 1610 2406 1665 maximus
2426 1610 2623 1676 fuerat,
2642 1610 2962 1680 Bagapates.
2986 1609 3085 1664 llic
3102 1612 3386 1678 enim'post
3404 1608 3537 1663 Peti-

1955 1713 2095 1753 sacm
2122 1710 2346 1755 mortem
2380 1704 2676 1758 exercitum
2708 1703 2968 1757 adversus
2997 1702 3312 1773 Egyptum,
3337 1701 3541 1770 ipsum-

1959 1805 2064 1859 que
2086 1790 2461 1863 IEgyptiorum
2482 1794 3009 1865 regemtAmyrtreum
3028 1794 3281 1855 ducebat,
3300 1808 3458 1862 quem
3487 1803 3542 1849 et

289 1877 375 1930 τοῦ
394 1855 652 1948 εὐνούχου
682 1879 747 1942 ³¹,
777 1879 838 1942 ὃς
868 1874 936 1951 ἦν
971 1855 1113 1949 μέγα
1141 1855 1443 1948 δυνάμενος
1481 1855 1634 1951 παρά
1758 1883 1854 1934 Al-

1966 1855 2262 1950 superavit,
2299 1897 2421 1936 cum
2446 1881 2494 1937 ei
2520 1855 2925 1952 Combapliens,
2958 1884 3050 1952 qui
3078 1884 3219 1951 apud
3252 1855 3539 1953 Egyptia-

288 1967 524 2037 γυπτίων
567 1968 797 2039 βασιλεῖ,
854 1969 1290 2040 καταπροδόντος
1339 1968 1441 2032 τάς
1495 1986 1555 2021 τε
1609 1970 1856 2041 γεφύρας

290 2060 378 2115 καὶ
402 2059 572 2113 τᾶλλα
601 2060 708 2113 τῶν
729 2060 1042 2129 Αἰγυπτίων
1073 2061 1397 2131 πράγματα,
1421 2061 1507 2128 ἐφ’
1538 2055 1582 2129 ᾧ
1602 2063 1858 2129 γενέσθαι

290 2152 525 2222 ὕπαρχος
553 2151 858 2220 Αἰγύπτου.
907 2152 1018 2207 Καὶ
1063 2153 1287 2221 γέγονε’
1342 2151 1518 2207 ταῦτα
1570 2154 1678 2226 γὰρ
1709 2154 1859 2225 αὐτῷ

288 2243 589 2314 Καμϐύσης
637 2244 727 2299 διὰ
766 2244 1045 2308 Ἰζαϐάτου
1094 2242 1189 2298 τοῦ
1239 2244 1589 2315 Κομϐἀφεως
1633 2245 1857 2316 ἀνεψιοῦ

288 2338 558 2403 συνέθετο,
588 2338 685 2390 καὶ
706 2337 869 2401 αὐτὸς
896 2338 953 2391 δὲ
979 2338 1024 2369 ³³
1054 2338 1422 2406 οίκειοφώνως
1453 2337 1700 2407 ὕστερον.
1741 2340 1858 2392 Ζω-

286 2429 535 2501 γρεανηδὲ
587 2428 772 2483 λαϐὼν
814 2429 906 2482 τὸν
944 2429 1272 2501 Ἀμυρταῖον
1315 2428 1464 2482 οὐδὲν
1507 2429 1637 2483 ἄλλο
1690 2430 1859 2484 κακὸν

283 2520 577 2589 εἰργάσατο
610 2521 645 2590 ἢ
673 2521 755 2574 ὅτι
782 2521 861 2584 εἰς
899 2519 1074 2574 Σοῦσα
1102 2521 1451 2575 ἀνάσπαστον
1498 2520 1597 2575 σὺν
1636 2519 1859 2585 ἑξακισ-

283 2611 467 2681 χιλίοις
506 2608 849 2679 Αἰγυπτίοις,
880 2610 976 2676 οὒς
1002 2611 1163 2675 αὐτὸς
1203 2611 1517 2683 ᾑρετίσατο,
1543 2612 1857 2681 ἐποιήσατο.

283 2702 387 2755 Καὶ
418 2701 521 2772 τὴν
554 2701 832 2771 Δίγυπτον
856 2701 915 2755 δὲ
954 2704 1133 2757 πᾶσαν
1162 2702 1445 2768 ὑπέταξεν.
1484 2703 1780 2758 Ἀπέθανον
1802 2703 1858 2757 δὲ

282 2797 336 2849 ὲν
359 2798 423 2866 τῇ
462 2795 617 2866 μάχῃ
648 2794 963 2861 Αἰγυπτίων
996 2794 1094 2864 μὲν
1121 2795 1383 2866 μυριάδες
1414 2794 1602 2860 πέντε,
1632 2794 1860 2865 Περσῶν

277 2887 333 2942 δὲ
357 2885 758 2956 ἑπτακισχίλιοι
792 2885 859 2941 ³⁸.

344 3067 543 3134 Μάγος
585 3065 644 3119 δέ
684 3083 769 3130 τις
794 3063 1171 3136 Σφενδαδὰτης
1204 3065 1249 3099 ³⁵
1286 3064 1482 3137 ὄνομα,
1530 3064 1861 3138 ἁμαρτήσας

281 3159 371 3212 καὶ
404 3155 779 3239 μαστιγωθεὶς
804 3156 910 3209 ὑπὸ
938 3155 1342 3226 Τανυοξάρκου,
1373 3157 1686 3226 ἀφικνεῖται
1717 3157 1857 3227 πρὸς
1883 3194 1929 3258 C

277 3234 595 3320 Καμϐύσην
613 3248 973 3303 ἐνδιαϐάλλων
994 3248 1090 3301 τδν
1115 3248 1345 3319 ἀδελφὸν
1364 3247 1756 3319 Τανυοξάρκην
1782 3249 1858 3312 ὼς

276 3340 698 3397 ἐπιϐουλεύοντα
742 3340 894 3411 αὐτῷ
914 3358 928 3373 ο
979 3341 1076 3394 καὶ
1111 3341 1336 3410 σημεῖον
1366 3340 1539 3394 ἐδίδου
1581 3340 1683 3411 τῆς
1718 3341 1881 3393 ἀπο-Δ

279 3436 547 3499 στάσεως,
568 3433 645 3498 ὥς
676 3435 725 3488 εί
754 3432 980 3504 κληθείη
1024 3432 1225 3497 ἐλθεῖν,
1253 3433 1356 3488 οὐκ
1401 3432 1467 3487 ἀν
1493 3432 1658 3487 ἔλθοι.
1696 3433 1859 3505 Δηλοῐ

276 3527 453 3582 τοίνυν
481 3528 514 3581 6
544 3525 849 3597 Καμϐύσης
881 3524 1057 3580 ἐλθεῖν
1087 3524 1178 3578 τὸν
1207 3524 1438 3594 ἀδελφόν
1460 3539 1475 3554 ⁸
1504 3526 1533 3578 6
1564 3525 1642 3589 δὲ,
1667 3526 1860 3596 χρείας

276 3618 438 3685 ἄλλης
483 3616 830 3687 ἀπαιτούσης
870 3617 1073 3687 μένειν,
1109 3616 1425 3672 ἀνεϐάλετο.
1471 3617 1861 3689 Παρῤησιάζε-

276 3728 359 3763 ται
388 3712 437 3743 ³⁸
486 3712 616 3773 ταῖς
652 3710 930 3773 διαϐολαῖς
976 3709 1140 3764 πλέον
1165 3712 1195 3763 6
1224 3709 1418 3781 μάγος.
1466 3709 1693 3781 Ἀμύτις
1737 3710 1795 3763 δὲ
1824 3711 1858 3781 ἡ

279 3804 457 3875 μήτηρ
480 3802 556 3859 τά
576 3802 670 3856 τοῦ
704 3803 880 3874 μάγου
896 3804 973 3865 ὡς
994 3797 1063 3873 ἦν
1084 3803 1410 3867 ὑπονοοῦσα,
1429 3802 1861 3872 ὲνουθέτειΚαμρ

278 3894 446 3965 ϐύσην
476 3895 575 3948 τὸν
602 3893 718 3947 υίὺν
762 3893 839 3965 μὴ
885 3894 1172 3949 πείθεσθαι
1193 3912 1207 3926 ·
1237 3897 1266 3949 6
1297 3895 1357 3949 δὲ
1413 3894 1743 3965 ὑπεκρίνετο
1785 3896 1860 3965 μὴ

278 3985 590 4051 πείθεσθαι,
626 3984 879 4038 ἐπείθετο
922 3984 979 4036 δὲ
1013 3983 1269 4054 μάλιστα.
1304 3983 1768 4055 Διαπεμψαμένου
1802 3985 1861 4038 δὲ

276 4077 455 4149 τρίτον
498 4074 804 4146 Καμϐύσου
859 4074 996 4144 πρὸς
1053 4074 1149 4153 τὸν
1190 4073 1422 4143 ἀδελφὸν
1472 4073 1862 4143 παραγίνεται.

278 4172 383 4224 Καὶ
403 4168 721 4233 ἀσπάζεται
757 4166 855 4237 μὲν
883 4167 1045 4221 αὐτὸν
1070 4169 1100 4221 6
1140 4166 1389 4237 ἀδελφὸς,
1419 4166 1570 4221 οὐδὲν
1601 4168 1644 4199 ³⁷
1674 4168 1733 4220 δὲ
1761 4160 1861 4237 ἦτ-

280 4277 363 4315 ςον
390 4261 608 4316 ἀνελεῖν
637 4258 903 4326 ἑμελέτω
934 4258 1123 4329 κρύφα
1157 4258 1216 4311 δὲ
1267 4257 1524 4328 ’Δμύτιος
1553 4259 1636 4321 εἰς
1664 4257 1863 4328 πρᾶξιν

276 4352 509 4420 ἀγαγεῖν
546 4348 645 4420 τὴν
678 4347 915 4419 μελέτην
946 4346 1196 4401 ἔσπευδε.
1229 4348 1343 4401 Καὶ
1379 4346 1651 4418 λαμϐάνει
1685 4348 1865 4419 πέρας

276 4441 572 4513 ήπρᾶξιςο
610 4442 641 4494 6
666 4439 778 4510 γάρ
813 4456 896 4493 τοι
944 4439 1115 4509 μάγος
1163 4438 1358 4509 βουλῆς
1403 4439 1482 4511 τῷ
1514 4439 1727 4509 βασιλεῖ
1753 4455 1867 4493 κοι-

1964 1985 2081 2022 rnm
2149 1984 2330 2040 regem
2388 1972 2614 2025 multum
2681 1981 2934 2042 poterat,
2995 1982 3189 2040 pontes
3222 1987 3285 2025 ac
3316 1984 3543 2025 caeteras

1960 2060 2340 2132 [Egyptiorum
2370 2077 2456 2116 res
2493 2064 2840 2132 prodidisset,
2874 2078 2981 2134 quo
3018 2063 3133 2133 ipse
3162 2061 3285 2134 [per
3309 2062 3545 2133 Camby-

1961 2152 2082 2225 seu]
2116 2152 2333 2224 IEgypti
2384 2155 2767 2222 praefecturam
2810 2165 3262 2225 consequeretur.
3296 2156 3350 2207 ld
3400 2155 3541 2222 quod

1963 2255 2019 2300 et
2046 2247 2307 2302 obtinuit.
2343 2248 2482 2302 Nam
2516 2249 2629 2302 haec
2658 2247 2730 2301 ita
2757 2248 2807 2301 ei
2835 2246 3136 2319 Cambyses
3157 2248 3542 2310 constituerat,

1962 2353 2058 2407 per
2085 2337 2335 2393 lsabaten
2368 2339 2605 2409 primum
2632 2338 2964 2409 Combaphei
2988 2339 3316 2411 patruelem,
3353 2338 3544 2392 etsuis

1963 2430 2078 2497 ipse
2125 2430 2309 2486 verbis
2352 2441 2564 2500 postea.
2599 2430 2742 2502 37b
2786 2432 2955 2487 Vivus
3011 2440 3193 2486 autem
3239 2431 3545 2499 Amyrta-us

1962 2536 2083 2576 cum
2114 2522 2168 2576 in
2214 2522 2500 2594 Cambysae
2542 2532 2867 2593 potesmtem
2920 2526 3184 2589 venisset,
3240 2522 3390 2577 aliud
3444 2522 3539 2575 ille

1964 2614 2169 2667 nullum
2215 2615 2631 2670 incommodum
2670 2615 2904 2684 accepit,
2948 2632 3111 2684 quam
3134 2617 3280 2685 quod
3312 2616 3364 2667 in
3404 2612 3542 2668 Susa

1962 2722 2085 2759 cum
2122 2722 2216 2761 sex
2248 2705 2629 2779 Egyptiorum
2664 2707 2923 2771 millibus,
2949 2723 3091 2779 quos
3133 2708 3364 2778 ipsemet
3393 2706 3544 2762 dele-

1964 2798 2154 2865 gisset,
2196 2798 2475 2868 ablegatus
2517 2799 2608 2854 sit.
2657 2797 2921 2856 Universa
2962 2809 3046 2853 est
3087 2799 3273 2869 itaque
3319 2799 3545 2853 subacta

1964 2887 2254 2959 AZgyptus,
2303 2891 2505 2944 occisis
2552 2892 2604 2944 in
2657 2891 2842 2960 praelia
2874 2891 3253 2963 JEgyptiorutn
3307 2888 3547 2947 millibus

1963 2982 2377 3051 quinquaginta,
2401 2981 2689 3037 Persarum
2715 2992 2943 3053 septem.

2032 3070 2218 3142 Magus
2259 3073 2474 3129 interim
2518 3072 2737 3143 quidam
2765 3116 2780 3141 ,
2829 3077 2915 3131 cui
2969 3074 3369 3146 Sphendadata‘.
3430 3073 3546 3146 (85)

1964 3178 2157 3219 nomen
2192 3174 2329 3229 erat,
2373 3181 2496 3221 cum
2537 3164 2728 3222 fuisset
2757 3166 2826 3222 ob
2851 3167 3106 3223 delictum
3131 3181 3160 3219 a
3195 3166 3550 3237 Tanyoxarce

1962 3255 2277 3311 verberibus
2295 3256 2643 3322 multatus,ad
2660 3258 2963 3329 Cambysen
2981 3258 3210 3321 accedit,
3226 3269 3389 3325 atque
3405 3258 3547 3325 apud

1965 3361 2088 3401 eum
2138 3346 2365 3403 fratrem
2409 3349 2679 3405 struxisse
2731 3350 2783 3403 in
2840 3349 3018 3417 ipsum
3070 3348 3293 3404 insidias
3338 3346 3540 3401 calum~

1961 3438 2160 3493 nialnr.
2211 3439 2372 3492 Addit
2413 3450 2787 3509 argumentum
2854 3439 3162 3495 rebellionis
3203 3458 3218 3493 ε
3263 3455 3368 3494 non
3417 3454 3550 3493 ven-

1961 3538 2139 3583 turum
2164 3530 2573 3600 'l‘anyoxarcen,
2599 3532 2643 3585 si
2674 3530 2985 3585 advocetur.
3015 3529 3175 3585 Jubet
3201 3531 3364 3599 igitur
3385 3528 3551 3585 Cam—

1960 3620 2119 3691 byses
2153 3622 2372 3677 fratrem
2410 3624 2475 3677 ad
2507 3637 2565 3677 se
2602 3622 2803 3677 venire.
2827 3621 2936 3686 llle,
2971 3633 3152 3675 uttum
3172 3620 3313 3676 forte
3333 3620 3437 3674 alia
3461 3636 3550 3675 res

1962 3715 2226 3783 quaepiam
2242 3729 2461 3769 manere
2471 3714 2948 3780 suadebat,venire
2964 3714 3343 3785 tlisttllil.Ergo
3357 3734 3549 3789 magns

1962 3816 2085 3854 eum
2110 3801 2447 3856 attdaciusex
2467 3818 2533 3857 eo
2552 3801 2857 3857 criminari.
2886 3803 3096 3873 Atnytis
3122 3804 3327 3859 interea
3347 3816 3545 3870 mater,

1964 3894 2019 3947 id
2061 3896 2203 3962 qttod
2227 3899 2367 3953 {erat
2408 3897 2475 3950 de
2520 3910 2678 3965 mago
2705 3896 3007 3966 suspicata,
3037 3895 3342 3967 Cambysen
3381 3899 3546 3951 lilium

1963 3986 2313 4052 admonebat,
2336 4001 2407 4041 ne
2434 4002 2596 4056 quam
2624 3988 2784 4042 fidem
2812 4000 2972 4057 mago
3001 3986 3253 4044 habet-et.
3283 3987 3349 4041 Et
3381 3988 3550 4056 linge-

1964 4078 2057 4131 bat
2089 4092 2208 4143 rex,
2241 4078 2375 4132 nihil
2416 4094 2477 4135 se
2524 4078 2716 4133 horum
2744 4080 3007 4145 credere,
3058 4095 3182 4134 cum
3214 4090 3394 4135 tamen
3430 4097 3552 4136 cre-

1964 4172 2119 4226 deret
2159 4173 2417 4228 maxime.
2464 4172 2713 4228 Tertium
2763 4174 2929 4243 igitur
2963 4190 2991 4226 a
3042 4174 3312 4243 Camhyse
3360 4188 3551 4229 accer-

1965 4266 2102 4321 situs
2142 4265 2335 4327 frater,
2357 4266 2507 4319 venlt
2535 4265 2751 4319 tandem
2787 4283 2800 4319 :
2836 4274 2893 4319 et
2924 4266 3275 4334 amplexatus
3312 4274 3399 4318 est
3426 4279 3552 4318 eum

1966 4371 2083 4422 rex,
2118 4356 2290 4411 nihilo
2332 4364 2513 4411 tamen
2562 4354 2743 4411 secius
2809 4357 2876 4411 de
2922 4356 3012 4410 illo
3047 4357 3433 4411 interﬁciendo
3463 4372 3555 4412 co-

1968 4450 2167 4519 gitans.
2202 4447 2438 4502 Maturat
2472 4460 2655 4503 autem
2691 4447 2835 4502 clam
2877 4457 3057 4502 matre
3102 4449 3283 4517 Atnyti
3320 4450 3554 4504 medita-

277 4533 461 4588 νωνῶν
497 4531 745 4603 βουλεύει
767 4530 1030 4584 τοιοῦτον·
1062 4531 1291 4600 Ὅμοιος
1322 4526 1392 4601 ἦν
1429 4530 1595 4594 αὐτὸς
1632 4531 1662 4585 6
1690 4530 1860 4600 μάγος

1977 4552 2087 4595 tum
2135 4541 2349 4597 facinus
2398 4541 2466 4597 ad
2507 4541 2712 4595 exitum
2745 4539 3088 4610 perducere:
3126 4540 3269 4609 quod
3300 4540 3553 4609 equidem

276 4626 457 4696 κάρτα
482 4623 564 4694 τῷ
593 4622 951 4694 Τανυοξάρκῃ
978 4622 1054 4654 ³⁸·
1089 4622 1335 4693 βουλεύει
1378 4620 1675 4694 τοιγαροῦν
1703 4622 1866 4676 αὐτὸν

282 4718 381 4788 μὲν
414 4718 476 4769 ὲν
511 4716 589 4787 τῷ
610 4714 855 4785 φανερῷ,
885 4714 961 4779 ὡς
988 4714 1149 4785 δῆθεν
1178 4713 1414 4784 ἀδελφοῦ
1440 4714 1703 4785 βασιλέως
1729 4732 1866 4770 κατ-

279 4808 545 4876 ειπόντα,ζ
562 4808 662 4878 τὴν
685 4806 929 4878 κεφαλὴν
964 4806 1269 4877 προστάξαι
1296 4806 1703 4878 ἀποτμηθῆναι,
1728 4809 1786 4860 ὲν
1810 4807 1868 4860 δὲ

230 4953 240 4959 _
277 4896 354 4968 τῷ
377 4896 618 4969 κρυπτῷ
643 4895 1001 4966 ἀναιρεθῆναι
1024 4894 1440 4966 Τανυοξάρκην,
1473 4895 1568 4947 καὶ
1596 4893 1698 4964 τὴν
1720 4894 1866 4947 ὲκεί-

278 5004 371 5041 νου
422 4986 620 5058 στολὴν
670 4987 1055 5058 ἀμφιασθῆναι
1102 4987 1195 5039 τὸν
1227 4986 1421 5056 μάγον,
1473 4985 1617 5039 ὥστε
1666 4986 1763 5039 καὶ
1790 4984 1868 5056 τῷ

278 5078 640 5148 ἀμφιάσματι
686 5077 1006 5150 νομίζεσθαι
1037 5075 1448 5147 Τανυοξάρκην.
1497 5077 1611 5130 Καὶ
1655 5075 1868 5146 γίνεται

1975 4631 2275 4703 perfectum
2296 4640 2401 4686 est.
2443 4631 2659 4686 Etenim
2698 4646 2912 4701 magus,
2948 4631 3235 4686 consilium
3266 4647 3389 4686 cum
3428 4646 3554 4700 rege

1972 4721 2409 4785 communicans,
2445 4720 2555 4775 tale
2592 4722 2694 4775 hoc
2739 4720 3037 4789 suggessit.
3082 4720 3407 4775 Simillimus
3439 4720 3551 4774 Ta-

1974 4827 2262 4883 nyoxarcae
2304 4826 2494 4882 magus
2539 4812 2655 4883 ipse
2694 4827 2819 4866 cum
2858 4822 3028 4877 esset,
3065 4813 3257 4867 suadet
3286 4823 3343 4866 ut
3377 4812 3553 4880 palam

1975 4902 2195 4971 quidem
2234 4911 2400 4970 atque
2446 4901 2502 4956 in
2552 4900 2862 4970 propatulo,
2920 4910 3177 4970 tanquam
3227 4899 3368 4955 falso
3417 4902 3549 4969 regii

1974 4991 2165 5046 fratris
2193 4990 2419 5047 delatori
2467 5002 2631 5061 caput
2680 4992 2786 5047 sibi
2826 4992 3103 5063 amputari
3138 4992 3359 5062 iubeat;
3409 4990 3549 5045 clam

1976 5099 2107 5138 vero
2139 5094 2305 5154 atque
2334 5084 2385 5138 in
2418 5085 2636 5139 occulto
2665 5085 3062 5156 'l‘anyoxarceu
3100 5084 3274 5153 ipsum
3320 5081 3552 5137 interfici

279 5171 487 5224 ταῦτα·
532 5170 727 5241 αἵματι
774 5171 883 5242 γάρ
922 5171 1147 5241 ταύρου,
1196 5170 1225 5223 ὃ
1274 5169 1511 5236 ἐξέπιεν,
1562 5172 1860 5242 ἀναιρεῖται

1980 5186 2158 5240 curet,
2190 5184 2246 5229 ct
2278 5175 2423 5230 illius
2450 5175 2555 5231 sibi
2599 5183 2808 5230 vestem
2847 5174 3020 5237 indui,
3053 5182 3111 5226 ut
3147 5186 3210 5227 ex
3249 5172 3365 5240 ipso
3391 5171 3553 5224 ctiant

281 5263 694 5335 Τανυοξάρκης,
725 5264 1063 5334 ἁμφιάζεται
1096 5265 1153 5317 δὲ
1183 5265 1211 5317 6
1246 5264 1420 5333 μάγος
1460 5265 1554 5319 καὶ
1584 5264 1870 5334 νομίζεται

1981 5268 2175 5320 vestitu
2198 5282 2294 5337 pro
2320 5267 2674 5338 Tanyoxarce
2704 5265 2891 5322 haberi
2925 5265 3115 5335 possit.
3174 5266 3348 5332 Atque
3376 5262 3448 5315 ita
3480 5261 3558 5315 fa-

1575 5356 1806 5411 VAllIAE
1852 5356 2252 5415 LECTIONES.

352 5449 403 5479 “
439 5446 610 5500 είπὼν
640 5465 700 5511 ς.

285 5516 379 5567 καὶ
414 5535 474 5581 ς.

283 5656 452 5725 δατ-ης
482 5676 542 5722 ς.

779 5449 824 5479 ’³
859 5446 953 5518 ια’]
986 5448 1203 5521 πρῶτος
1231 5448 1295 5521 A_.
1373 5448 1418 5480 "
1448 5447 1537 5521 ιβ’]
1567 5448 1825 5521 δεύτερος
1854 5450 1921 5504 Α.
1999 5452 2043 5484 ’⁸
2070 5451 2328 5520 εὐνούχου
2356 5452 2401 5505 Α
2431 5466 2446 5505 :
2476 5450 2816 5521 ἡμιάρῤενος
2846 5466 2907 5514 ς.
2985 5449 3030 5482 ³⁸
3059 5449 3309 5521 ,ταφῆναι
3332 5445 3557 5521 νεκρὸν.

555 5518 879 5591 ’ξιῦρίσατο
908 5516 969 5582 ς.
1048 5518 1094 5550 ³⁸
1122 5517 1395 5591 εὐνούχων
1431 5517 1476 5570 Α
1511 5516 1912 5591 είήμιαρρἐων
1944 5538 2005 5583 ς.
2086 5522 2132 5553 ²⁹
2170 5516 2463 5591 nimam;
2489 5516 2554 5574 Ᾰ.
2625 5516 2678 5552 ’⁸⁵
2707 5516 2795 5591 ἦν.
2826 5518 3083 5591 καὶμετά
3114 5536 3174 5583 ς.

282 5584 429 5662 βξως
458 5605 519 5651 ς’
599 5584 1011 5662 ³ῗ,ἧμιᾷῥρενος
1052 5606 1110 5651 ς.
1188 5589 1233 5619 ³³
1264 5584 1326 5662 δέ
1350 5596 1472 5662 ante
1500 5584 1763 5662 attinuit.
1795 5590 1874 5662 Α.
1941 5592 1986 5623 ³³
2015 5600 2137 5662 post
2174 5584 2584 5662 ἑπτακισῇίξὶλοι
2610 5584 2740 5645 cum
2768 5592 2813 5645 A
2841 5584 2998 5645 omisi
3024 5588 3137 5647 δύο.

621 5658 664 5689 ³⁸
704 5657 874 5728 παρρ.
911 5658 966 5709 δὲ
996 5664 1115 5720 ταῖς
1150 5676 1209 5722 ς.
1283 5658 1326 5689 ³⁷
1362 5657 1589 5725 ἁδελφὸς
1618 5658 1741 5711 ἐπεὶ
1767 5659 1921 5712 οὐδὲν
1955 5657 2031 5725 ς-.”
2091 5662 2136 5694 ³⁸
2186 5657 2543 5734 τανυοξάρκει
2574 5664 2637 5720 Α.

3253 5517 3293 5547 ³¹
3332 5517 3561 5583 Κομφα-

3247 5587 3289 5619 ³⁸
3319 5586 3559 5658 Spartia—

1838 5752 2072 5811 NOTAE.

363 5838 477 5911 (85)
508 5837 761 5896 Smerden
793 5856 1003 5911 magum
1036 5848 1353 5898 constanter
1378 5840 1688 5898 Herodotus
1736 5855 1907 5907 vocat.
