3926 6454
374 389 476 457 179

1540 392 1806 454 ΡΗΟΤῙΙ
1842 392 2351 454 ΡΑΤΒΙΑΒΟΗᾸΞ
2392 393 2503 454 CP.

3530 391 3626 458 180

369 519 516 563 ctum
546 496 651 565 est.
684 508 926 565 Taurino
974 509 1088 579 (86)
1136 507 1281 564 enim
1334 511 1527 567 hausto
1566 513 1830 583 sanguine
1860 512 1957 566 Ta-

2064 510 2472 583 Τανυοξάρκης.
2505 509 2615 565 Kal
2652 509 2909 564 λανθάνει
2944 508 3155 572 πάντας
3187 506 3281 561 ἐπὶ
3311 508 3475 562 πολὺν
3502 514 3628 582 χρό-

372 614 675 669 nyoxarces
720 600 930 665 interit,
966 608 1022 655 et
1050 599 1196 655 illius
1243 600 1462 656 indutus
1489 610 1695 658 vestem
1739 618 1949 671 magus,

370 707 469 760 pro
524 690 882 764 Tanyoxarce
925 692 1264 763 agnoscitur,
1314 692 1516 763 diuque
1569 693 1699 749 latet
1741 708 1952 758 omnes,

371 793 568 852 praeter
622 787 964 859 Artosyran,
1024 784 1338 855 Bagapaten
1379 826 1395 850 ,
1450 797 1615 854 atque
1670 785 1951 841 lzabaten.

372 874 469 928 llis
496 874 698 946 quippe
740 879 877 932 solis
912 892 1026 932 rem
1057 877 1274 947 aperire
1317 877 1615 948 Cambyses
1646 892 1812 933 ausus
1846 887 1951 933 est.

372 965 485 1020 ilex
528 967 653 1022 inde
703 968 1005 1039 Labyzum,
1041 969 1132 1038 qul
1182 970 1327 1023 inter
1371 968 1742 1041 Tanyoxarcae
1776 984 1954 1024 eunu-

373 1060 505 1114 chos
532 1059 694 1115 facile
726 1061 934 1130 primus
962 1071 1105 1127 erat,
1131 1070 1186 1116 et
1220 1072 1417 1130 praeter
1448 1063 1593 1116 hunc
1618 1062 1756 1119 alios
1789 1061 1857 1117 ad
1896 1076 1955 1117 se

372 1160 530 1206 vocat
566 1169 580 1204 :
618 1168 834 1223 magum
866 1153 918 1207 in
968 1152 1058 1208 illa
1100 1163 1249 1207 veste
1282 1153 1566 1209 sedentem
1617 1153 1864 1219 exhibet,
1901 1162 1957 1207 et

373 1240 636 1308 numquid
683 1239 825 1295 hunc
865 1239 1253 1312 Tanyoxarren
1297 1251 1679 1311 agnoscerent,
1713 1243 1954 1299 interro-

368 1339 478 1400 gat.
511 1331 594 1385 Ad
629 1346 751 1401 quae
799 1330 1085 1403 Labyzus:
1116 1331 1182 1387 Et
1206 1348 1524 1403 quemnam,
1556 1335 1752 1403 inquit,
1786 1336 1951 1390 alium

369 1422 830 1490 agnosceremus?
871 1424 1008 1478 adeo
1058 1424 1191 1479 texit
1242 1438 1459 1493 magum
1509 1425 1757 1493 corporis
1801 1425 1956 1479 habi-

374 1522 569 1580 tusque
642 1512 960 1567 similitudo.
1038 1513 1273 1568 Mittitur
1336 1529 1467 1585 ergo
1541 1516 1595 1569 in
1657 1514 1953 1581 Bactrios,

368 1604 657 1673 Omniaque
676 1605 815 1658 haud
831 1605 989 1660 aliter
1001 1620 1163 1675 quam
1181 1607 1224 1661 si
1243 1607 1474 1677 ipsemet
1491 1614 1636 1662 essm
1649 1606 1901 1678 Tanyoxa
1913 1624 1957 1660 r-

367 1714 479 1764 eos,
512 1700 875 1758 administrat.
912 1702 1324 1773 Postquintum
1361 1704 1578 1759 tandem
1622 1720 1823 1758 annum
1869 1720 1955 1760 res

374 1797 486 1843 tota
537 1805 637 1857 per
675 1788 1015 1860 Tybetheum
1078 1794 1413 1858 eunuchum,
1466 1793 1614 1863 38a
1651 1809 1812 1864 quem
1848 1810 1953 1848 ma-

370 1900 472 1953 gus
495 1886 835 1954 pulsaverat,
867 1886 1049 1959 Amyli
1078 1888 1391 1956 exponitur.
1425 1886 1671 1941 Postulat
1702 1888 1815 1941 haec
1846 1887 1947 1941 sibi

370 1978 789 2050 Sphendadatcn
826 1995 855 2033 a
899 1979 1171 2052 Camhyse
1213 1981 1361 2035 dedi.
1399 1980 1469 2034 At
1503 1996 1598 2035 rex
1629 1980 1826 2036 dedere
1855 1997 1952 2037 no-

366 2068 463 2125 luit
495 2070 881 2141 :quamobrem
905 2071 1054 2127 diras
1090 2072 1164 2127 illi
1200 2073 1516 2142 imprecata,
1556 2084 1826 2144 epotaque
1860 2090 1952 2130 ve—

367 2176 536 2227 neno,
577 2162 827 2217 moritur.
875 2164 1088 2219 Accidit
1137 2164 1334 2220 deinde
1383 2175 1460 2231 ut,
1492 2180 1644 2220 sacra
1689 2176 1953 2233 operante

367 2250 664 2322 Cambyse,
700 2267 824 2307 cum
868 2251 1105 2307 victimae
1143 2252 1551 2324 jugularentur,
1587 2255 1810 2324 sanguis
1846 2269 1952 2309 non

368 2344 591 2410 ﬂueret;
622 2360 726 2413 qua
754 2360 886 2400 sane
913 2361 978 2400 ex
1017 2361 1077 2401 re
1110 2346 1296 2401 animo
1331 2346 1625 2402 concidere
1655 2347 1823 2417 cmpit
1851 2364 1866 2413 ;
1892 2362 1957 2401 ac

370 2437 543 2506 magis
596 2438 761 2491 etiam
809 2446 1016 2507 postea,
1053 2440 1275 2508 quando
1325 2439 1373 2495 ei
1414 2439 1641 2495 Roxane
1673 2450 1953 2497 carentem

369 2526 551 2595 capite
609 2542 838 2598 puerum
904 2530 1150 2600 peperit;
1212 2539 1267 2584 et
1332 2530 1472 2600 magi
1533 2532 1952 2597 renuntiarunt,

368 2618 574 2672 nullum
606 2620 674 2673 ab
704 2635 769 2676 eo
796 2622 946 2691 regni
974 2636 1350 2677 successorem
1386 2622 1633 2677 relictum
1668 2623 1759 2687 iri,
1797 2623 1951 2677 hisce

369 2711 630 2765 monstris
652 2712 921 2778 portendi.
965 2711 1106 2779 Quin
1156 2722 1209 2767 et
1241 2722 1428 2767 astans
1462 2724 1625 2767 noctu
1659 2714 1711 2767 in
1743 2715 1952 2769 somnis

372 2813 563 2869 mater,
596 2802 880 2873 minasque
914 2804 983 2857 ul)
1015 2813 1382 2873 perpetratam
1422 2806 1623 2860 caedem
1653 2807 1953 2868 intentans,

2058 619 2169 667 νον,
2194 601 2335 672 πλὴν
2372 601 2683 673 Ἀρτασύρα
2714 602 2809 654 καὶ
2854 600 3188 669 Βαγαπάτου
3219 598 3264 630 ³³
3294 601 3389 653 καὶ
3424 600 3627 664 Ἰζαϐά-

2058 706 2189 747 του’
2223 691 2437 757 τούτοις
2470 692 2581 762 γὰρ
2634 692 2816 762 μόνοις
2867 690 3174 762 Καμϐύσης
3220 690 3492 761 ἐθάρρησε
3538 694 3632 763 τὴν

2058 786 2280 856 πρᾶξιν.
2312 783 2559 848 Λάϐυξον
2590 784 2636 816 ⁸⁸
2667 784 2724 837 δὲ
2763 783 2871 837 τῶν
2905 780 3179 852 εὐνούχων
3207 780 3250 813 ⁸⁸
3282 780 3375 834 τὸν
3403 783 3629 853 πρῶτον,

2058 879 2106 932 οἳ
2135 874 2274 948 ἦσαν
2292 876 2708 947 Τανυοξάρκεω,
2736 874 3253 948 προσκαλεσάμενος
3281 875 3310 928 ό
3338 874 3634 944 Καμϐύσης

2059 970 2153 1023 καὶ
2179 970 2309 1031 τοὺς
2335 968 2550 1033 ἀλλους,
2580 967 2869 1033 ὑποδείξας
2892 966 2938 999 ⁸³
2961 966 3056 1020 τὸν
3094 966 3267 1038 μάγον
3293 966 3370 1029 ὡς
3395 966 3633 1037 ἐσχημά-

2057 1077 2209 1113 τιστο
2266 1059 2670 1130 καθεζόμενον,
2719 1059 2923 1113 Τοῦτον
2975 1058 3080 1130 ἔφη
3129 1057 3379 1128 νομίζετε
3442 1058 3638 1111 Tanto-

2063 1154 2311 1224 ξάρκην;
2364 1153 2422 1206 ’0
2468 1152 2525 1205 δέ
2565 1152 2812 1218 Λάϐυξος
2842 1153 3130 1223 θαυμάσας
3175 1151 3288 1205 Kal
3317 1150 3441 1203 τίνα
3462 1149 3635 1215 ἀλλον,

2060 1247 2188 1316 ἔφη,
2258 1232 2591 1315 νομιοῦλμενς
2665 1242 2793 1315 [115
2824 1243 2916 1315 8.]
2978 1242 3234 1297 τοσοῦτον
3279 1243 3532 1296 ἐλάνθανε
3570 1244 3637 1310 τῇ

2059 1337 2342 1408 ὁμοιότητι
2374 1338 2402 1389 ὁ
2437 1336 2630 1406 μάγος.
2670 1335 3048 1406 Ἐκπέμπεται
3088 1332 3182 1388 οῦν
3207 1336 3287 1398 εις
3320 1334 3637 1405 Βακτρίους,

2059 1430 2155 1484 καὶ
2170 1431 2397 1500 πράττει
2417 1430 2597 1484 πάντα
2606 1428 2681 1492 ὡς
2700 1429 3110 1501 Τανυοξάρκης.
3128 1428 3297 1482 Πέντε
3310 1428 3368 1481 δέ
3386 1429 3640 1482 ἐνιαυτῶν

2057 1522 2395 1588 διελθόντων,
2417 1521 2681 1592 μηνύεται
2701 1522 2735 1592 ἡ
2750 1522 2977 1592 Ἀμύτις
2991 1519 3051 1573 τὸ
3066 1520 3250 1591 δρᾶμα
3268 1519 3357 1572 διὰ
3375 1519 3639 1582 Τιϐἐθεως

2057 1613 2151 1668 τοῦ
2178 1614 2435 1684 εὐνούχου
2465 1613 2532 1680 ⁸³,
2557 1614 2616 1667 ὃν
2645 1614 2673 1666 ὀ
2700 1613 2874 1684 μάγος
2898 1612 3188 1682 τυπτήσας
3219 1610 3485 1680 ἐτύγχανε
3504 1627 3517 1641 ·
3550 1612 3643 1664 καὶ

2059 1708 2200 1759 αἰτεῖ
2227 1705 2318 1758 τὸν
2348 1704 2726 1775 Σφενδαδάτην
2746 1703 2794 1735 ⁸⁸
2828 1703 2980 1772 παρὰ
3031 1702 3338 1773 Καμϐύσου
3368 1716 3382 1731 °
3427 1701 3456 1753 ὁ
3503 1700 3555 1753 δὲ
3581 1701 3641 1758 ού

2058 1798 2295 1851 δίδωσιν.
2338 1798 2403 1850 Ἢ
2429 1798 2487 1851 δέ
2533 1799 2829 1868 ἐπαρᾶται,
2861 1795 2959 1850 καὶ
2992 1794 3192 1849 πιοῦσα
3238 1796 3529 1865 φάρμακον
3556 1810 3643 1846 τε-

2060 1888 2243 1959 λευτᾷ.
2280 1886 2408 1940 Θύει
2445 1888 2472 1940 ό
2506 1886 2838 1957 Καμϐύσης,
2870 1886 2966 1938 καὶ
2996 1885 3104 1938 τῶν
3128 1886 3345 1955 ἱερείων
3374 1883 3647 1953 σφαζομέ-

2058 1999 2165 2036 νων
2210 1978 2348 2051 αἷμα
2397 1981 2497 2034 οὐκ
2548 1980 2802 2051 ἀπορρεῖ,
2837 1978 2929 2050 [56
2977 1977 3070 2050 H.]
3117 1978 3213 2031 καὶ
3264 1975 3485 2045 ἀθυμεῖ.
3539 1976 3647 2028 Καὶ

2058 2072 2233 2123 τίκτει
2265 2069 2413 2141 αύτῷ
2444 2072 2477 2141 ή
2514 2069 2754 2141 Ῥωξάνη
2792 2070 3005 2123 παιδίον
3034 2068 3332 2138 ἀκέφαλον,
3362 2068 3458 2121 καὶ
3489 2066 3647 2119 πλέον

2060 2159 2260 2231 ἀθυμεῖ
2282 2178 2296 2191 ·
2329 2161 2424 2213 καὶ
2467 2162 2515 2213 ol
2551 2161 2718 2231 μάγοι
2748 2160 3002 2229 λέγουσιν
3030 2159 3181 2229 αὐτῷ
3213 2160 3316 2229 τὴν
3344 2158 3454 2212 τῶν
3481 2158 3646 2229 τεράο

2054 2268 2162 2304 των
2182 2251 2434 2322 δήλωσιν,
2468 2252 2551 2304 ὅτι
2588 2252 2649 2303 οὐ
2692 2250 3012 2319 καταλείψει
3042 2250 3091 2282 ⁸⁸
3112 2253 3213 2320 τῆς
3254 2249 3437 2320 ἀρχῆς
3474 2248 3648 2303 διάδο-

2052 2363 2167 2416 χον.
2200 2346 2309 2398 Kal
2351 2345 2639 2414 ἐφίσταται
2680 2344 2832 2414 αὐτῷ
2877 2345 2910 2415 ή
2965 2345 3152 2415 μήτηρ
3183 2345 3241 2397 ἐν
3291 2342 3451 2395 νυκτὶ
3490 2342 3646 2394 ἀπει-

2051 2436 2223 2491 λοῦσα
2241 2439 2340 2507 τῆς
2368 2437 2705 2508 μιαιφονίας,
2733 2436 2829 2490 καὶ
2853 2436 3016 2490 πλέον
3036 2437 3257 2506 ἀθυμεῖ.
3292 2433 3650 2504 Ἀφικόμενος

2052 2529 2109 2582 δὲ
2137 2531 2216 2592 εἰς
2239 2526 2560 2590 Βαϐυλῶνα,
2586 2527 2680 2579 καί
2710 2526 2845 2593 ξέων
2878 2526 3133 2596 ξυλάριον
3161 2524 3413 2596 μαχαίρᾳ
3442 2523 3649 2592 διατρι-

2060 2621 2161 2690 ϐῆς
2189 2621 2386 2691 χάριν,
2440 2619 2593 2673 παίει
2642 2618 2732 2671 τὸν
2780 2617 2954 2688 μηρὸν
2987 2618 3069 2681 είς
3123 2617 3216 2670 τὸν
3251 2616 3380 2686 μῦν,
3424 2616 3519 2668 καὶ
3564 2614 3651 2666 ἐν·

2059 2712 2341 2775 δεκαταῖος
2410 2711 2676 2781 τελευτᾷ,
2746 2710 3077 2780 βασιλεύσας
3129 2708 3278 2762 δυοῖν
3329 2708 3521 2763 δέοντα
3577 2705 3654 2760 εί-

2065 2823 2208 2862 κοσι.

370 2897 530 2969 longe
584 2899 821 2954 maxime
884 2914 1065 2969 regem
1116 2900 1366 2967 perculit.
1407 2900 1541 2955 Cum
1602 2901 1783 2970 itaque
1833 2900 2173 2972 Babylonem
2210 2901 2468 2967 venisset,
2534 2911 2699 2969 atque
2763 2899 2835 2955 ibi
2912 2912 3139 2969 parvum
3208 2895 3417 2965 lignum
3482 2894 3656 2948 cultro

370 2991 601 3066 potiens,
653 3006 760 3060 quo
810 3000 1023 3063 tempus
1075 2989 1310 3057 falleret,
1356 2990 1580 3047 femoris
1631 2992 1935 3047 mnscnlmn
1979 2993 2367 3059 percussisset.
2417 2993 2704 3047 undecimo
2735 2998 2859 3062 post
2894 2990 2981 3046 die
3004 2996 3235 3045 mortem
3303 2987 3467 3050 obiit,
3524 3001 3649 3041 cum

371 3099 543 3138 annos
571 3093 855 3155 regnasset
886 3082 1277 3153 duodeviginti.

445 3218 743 3289 Bagapates
778 3229 956 3273 autem
1002 3230 1057 3274 et
1110 3221 1401 3286 Artasvras
1445 3222 1753 3286 consilium,
1803 3230 1957 3276 ante-

2136 3215 2470 3285 Βαγαπάτης
2497 3213 2555 3267 δέ
2578 3212 2673 3268 καὶ
2704 3212 3070 3284 Ἀρτασύρας,
3115 3211 3246 3281 πρὶν
3278 3210 3312 3281 ἢ
3349 3210 3661 3281 Καμϐύσης

372 3324 536 3378 quam
585 3308 882 3379 Cambyses
917 3321 1242 3377 moreretur,
1280 3312 1542 3377 inierunt,
1581 3312 1648 3367 de
1696 3327 1863 3382 regno
1892 3310 1959 3364 ad

375 3416 608 3469 magum.
640 3399 962 3467 deferendo;
1021 3410 1076 3457 et
1104 3418 1234 3457 vero
1270 3414 1391 3471 post
1424 3403 1569 3457 illius
1599 3413 1826 3456 mortem
1863 3404 1958 3456 de-

378 3493 571 3547 tulere.
604 3492 814 3561 Corpus
839 3494 1124 3565 Cambysae
1155 3493 1398 3550 lzabates
1429 3507 1701 3562 sumptum
1740 3496 1790 3547 in
1825 3494 1962 3548 Per-

374 3584 544 3639 sidem
594 3585 796 3642 avexit.
838 3584 989 3639 Unde
1016 3586 1304 3654 aliquando
1340 3601 1609 3651 reversus,
1650 3597 1961 3655 regnantem

369 3674 482 3742 iam
514 3676 618 3728 sub
648 3673 1016 3744 Tanyoxarca:
1050 3678 1270 3730 nomine
1299 3692 1515 3747 magum
1556 3678 1784 3745 prodere
1820 3677 1962 3744 apud

376 3763 694 3818 universum
765 3767 1085 3830 exercitum,
1136 3778 1303 3835 atque
1330 3767 1600 3821 infamare
1642 3782 1961 3836 aggressus,

376 3857 431 3910 in
470 3855 726 3926 templum
757 3858 1020 3927 confugit,
1065 3845 1424 3914 verum’inde'
1445 3870 1748 3923 extractus,
1785 3860 1965 3929 capite

376 3963 567 4015 pmnas
594 3948 714 4002 luit.
756 3947 892 4003 Hinc
923 3959 1131 4020 septem
1163 3954 1303 4006 inter
1350 3950 1547 4006 Persas
1576 3952 1816 4007 illustres
1862 3951 1964 4007 viri

378 4055 482 4092 una
513 4040 777 4095 adversus
818 4057 1033 4111 magum
1060 4043 1470 4113 conspiravere,
1511 4043 1788 4112 Onophas,
1824 4046 1967 4099 lder—

376 4147 497 4197 nes,
540 4131 940 4200 Norodabares,
968 4133 1301 4201 Mardonius,
1341 4137 1574 4199 Barises,
1605 4138 1963 4207 Ataphernes,

375 4233 433 4281 et
460 4226 651 4280 Darius
682 4224 944 4296 llystaspe
971 4226 1133 4281 ﬁlius.
1155 4226 1219 4280 Hi
1243 4243 1364 4283 cum
1391 4228 1547 4297 primi
1570 4229 1710 4283 inter
1730 4245 1787 4284 se
1805 4229 1962 4284 ﬁdem

378 4317 679 4383 dedissent,
722 4328 843 4387 post
893 4318 1059 4372 etiam
1103 4320 1394 4389 Artasyras
1416 4321 1741 4385 assumitur,
1777 4331 1831 4375 et
1860 4320 1964 4374 Ba-

378 4418 599 4479 gapates
614 4419 898 4479 praeterea,
925 4410 1014 4478 qui
1039 4409 1219 4465 claves
1247 4425 1436 4466 omnes
1469 4412 1741 4482 regiarum
1766 4414 1962 4468 aedium

379 4500 434 4554 in
493 4509 762 4569 potestate
798 4499 1057 4556 habebat.
1100 4500 1318 4570 Septem
1353 4515 1483 4571 ergo
1518 4502 1615 4566 illi,
1682 4502 1967 4573 Bagapatae

2065 3307 2403 3377 τελευτήσει,
2437 3305 2834 3360 ἐϐουλεύσαντο
2856 3303 3175 3375 βασιλεῦσαι
3205 3303 3298 3356 τὸν
3327 3303 3536 3373 μάγον’
3568 3300 3664 3355 καὶ

2065 3400 2415 3453 ἐϐασίλευσεν
2448 3398 2493 3433 ⁸⁸
2521 3399 2735 3451 ἐκείνου
2782 3398 3228 3468 τελευτήσαντος.
3260 3394 3465 3449 Λαϐὼν
3504 3396 3563 3449 δέ
3603 3393 3665 3447 τὸ

2066 3489 2368 3558 Καμϐύσου
2405 3489 2567 3559 σῶμα
2614 3487 2898 3559 Ἰςαϐάτης
2930 3490 2974 3519 ⁸⁷
3006 3484 3141 3558 ἦγεν
3175 3488 3254 3552 εἰς
3280 3490 3523 3552 Πέρσας.
3555 3483 3663 3539 Τοῦ

2069 3581 2245 3650 μάγου
2281 3581 2339 3634 δὲ
2376 3578 2798 3651 βασιλεύσαντος
2840 3580 2927 3635 ἐπ’
2965 3579 3190 3650 ὀνόματι
3218 3579 3315 3633 τοῦ
3350 3576 3665 3647 Τανυοξάρ-

2066 3690 2165 3726 κου
2198 3669 2332 3746 ἧκεν
2370 3671 2654 3741 Ίζαϐάτης
2702 3672 2769 3725 ἐκ
2807 3672 3091 3742 Περσίδος,
3136 3672 3233 3725 καὶ
3267 3669 3554 3724 κατειπὼν
3599 3670 3666 3739 τῇ

2070 3768 2303 3836 στρατιᾷ
2318 3766 2513 3833 ,πάντα
2543 3766 2589 3798 ⁸⁸
2621 3766 2716 3820 καὶ
2767 3763 3147 3836 θριαμϐεύσας
3192 3762 3283 3816 τὸν
3320 3763 3499 3833 μάγον
3533 3778 3669 3817 κατ-

2069 3858 2272 3926 έφυγεν
2291 3860 2373 3922 εἰς
2400 3858 2460 3911 τὸ
2485 3858 2654 3930 ἱερὸν,
2676 3857 2889 3911 ἐκεῖθέν
2904 3872 2964 3908 τε
2987 3855 3319 3925 συλληφθεὶς
3339 3853 3668 3923 ἀπετμήθη.

2069 3947 2354 4001 Ἐντεῦθεν
2389 3948 2531 4005 ἐπτά
2560 3948 2670 4002 τῶν
2705 3947 2934 4019 Περσῶν
2962 3949 3227 4017 ἐπίσημοι
3257 3948 3555 4001 συνέθεντο
3584 3946 3674 3999 ἀλ-

2066 4040 2251 4109 λήλοις
2280 4040 2425 4094 κατά
2452 4040 2549 4095 τοῦ
2580 4042 2780 4112 μάγου,
2807 4041 3060 4109 Ὀνόφας,
3102 4040 3359 4111 Ἰδέρνης,
3394 4038 3674 4107 Νορονδα-

2044 4132 2239 4202 ϐάτης
2273 4134 2340 4199 ⁵⁰,
2383 4133 2706 4202 Μαρδόνιος,
2765 4133 3043 4203 Βαρίσσης
3082 4133 3150 4196 ⁸ο,
3183 4133 3537 4202 Ἀταφέρνης
3579 4131 3675 4186 καὶ

2068 4226 2293 4295 Δαρεῖος
2327 4223 2670 4282 Ὑστάσπεω.
2702 4223 2920 4278 Τούτων
2947 4223 3199 4293 ἀλλήλοις
3225 4222 3443 4284 πίστεις
3469 4223 3674 4276 δόντων

2069 4315 2556 4398 προσλαμϐάνεται
2588 4315 2683 4370 καὶ
2710 4317 2738 4368 ὁ
2764 4314 3128 4385 Ἀρτασύρας,
3162 4311 3280 4367 εἶτα
3314 4315 3413 4368 καὶ
3438 4318 3467 4369 ό
3494 4317 3677 4382 Βαγα-

2069 4410 2275 4477 πάτης,
2300 4408 2357 4471 ὃς
2388 4408 2487 4470 τὰς
2534 4407 2683 4471 κλεῖς
2714 4408 2894 4471 πάσας
2916 4407 3025 4459 τῶν
3064 4406 3355 4476 βασιλείων
3388 4403 3528 4477 εἶχε.
3565 4408 3677 4460 Καὶ

2068 4498 2403 4563 εἰσελθόντες
2426 4500 2515 4553 διά
2543 4499 2637 4553 τοῦ
2668 4499 2999 4567 Βαγαπάτου
3027 4502 3077 4551 oi
3118 4499 3258 4551 ἐπτά
3288 4499 3371 4561 εἰς
3406 4499 3481 4552 τὰ
3513 4498 3676 4569 βασί-

377 4604 568 4659 opera,
633 4589 684 4644 in
741 4591 915 4660 regias
963 4592 1109 4647 aedes
1142 4591 1394 4661 ingressi,
1450 4594 1808 4646 dormientem
1842 4609 1957 4647 cum

2072 4593 2193 4646 λεια
2220 4592 2538 4663 εὑρίσκουσι
2564 4592 2658 4646 τὸν
2690 4593 2866 4661 μάγον
2892 4591 3145 4661 παλλακῇ
3183 4590 3516 4664 Βαϐυλωνίᾳ
3542 4609 3678 4659 συγ-

376 4680 671 4757 Babylonia
722 4681 916 4750 pellice
958 4698 1173 4753 magum
1220 4682 1525 4738 ollendunt.
1568 4683 1716 4749 Quos
1771 4684 1877 4748 ille,
1909 4694 1957 4737 ut

2072 4684 2423 4739 καθεύδοντα.
2457 4685 2577 4749 αὩς
2644 4685 2701 4738 δέ
2747 4681 2909 4750 εἶδεν,
2960 4684 3300 4755 ἀνεπήδησε,
3347 4686 3449 4739 καὶ
3504 4685 3678 4757 μηδὲν

374 4772 532 4831 vidit.
579 4772 759 4826 subito
808 4772 1063 4841 prosiliit,
1109 4783 1165 4828 et
1220 4790 1343 4828 cum
1389 4773 1593 4829 nullum
1642 4790 1762 4830 sese
1799 4776 1963 4829 telum

376 4862 628 4917 bellicum
667 4862 894 4918 oll'erret
921 4863 1082 4933 (clam
1105 4865 1251 4918 enim
1279 4866 1460 4918 omnia
1500 4864 1802 4935 Bagapates
1832 4867 1963 4921 sub-

375 4952 666 5024 traxerat),
697 4953 870 5010 sedile
917 4955 1057 5010 l’orte
1107 4971 1332 5011 aureum
1389 4956 1680 5027 confregit,
1736 4957 1964 5027 ejusque

375 5055 597 5113 arrepto
636 5048 775 5116 pede
827 5062 1065 5117 pugnare
1097 5047 1285 5116 cmpit,
1346 5048 1473 5101 dum
1534 5048 1749 5103 tandem
1791 5065 1818 5102 a
1876 5064 1964 5105 se-

2069 4777 2247 4848 εύρὼν
2276 4778 2386 4834 τῶν
2416 4776 2733 4847 πολεμικῶν
2773 4776 3021 4848 ὁργάνων
3061 4776 3261 4847 (πάντα
3288 4776 3399 4845 γὰρ
3430 4778 3460 4829 ὁ
3489 4775 3678 4843 Βαγα-

2071 4870 2250 4939 πάτης
2276 4869 2456 4940 λάθρα
2482 4868 2822 4938 ὑπεξήγαγε)
2859 4868 3051 4939 δίφρον
3083 4867 3317 4939 χρύσεον
3361 4867 3679 4937 συντρίψας

2068 4964 2163 5016 καὶ
2193 4963 2374 5016 λαϐὼν
2412 4964 2506 5015 τὸν
2534 4963 2674 5016 πόδα
2702 4963 2957 5032 ἐμάχετο,
2991 4962 3088 5015 καὶ
3124 4962 3279 5024 τέλος
3311 4977 3676 5029 κατακεντη-

2068 5053 2181 5117 Gel;
2212 5055 2317 5108 ὑπὸ
2347 5055 2457 5108 τῶν
2484 5054 2623 5109 ἑπτά
2650 5055 2914 5119 ἀπέθανε,
2938 5052 3266 5124 βασιλεύσας
3291 5052 3476 5124 μῆνας
3504 5051 3676 5107 ἑπτά.

1700 5239 1936 5296 νΑΒΙᾹΞ
1987 5240 2398 5296 LECTIONES.

452 5348 496 5428 ξ
531 5347 865 5428 Βαγαπάθου
896 5367 958 5414 ς.
1095 5351 1670 5428 Λ-άϐυζον--ᾼάϐυζος
1702 5375 1761 5422 ς.
1789 5426 1796 5428 Α
1829 5356 1873 5428 δέ
1904 5355 2257 5428 ήμιαρῤἐνων
2290 5375 2348 5421 ς.
2419 5356 2463 5389 δ’
2497 5355 2816 5428 ὑποδ.]ίκαὶ
2855 5354 3101 5428 ὐποδηςο
3151 5348 3201 5428 ξ³
3231 5349 3576 5428 ἡμιάῤῥεγος
3613 5365 3682 5412 ςυ

377 5414 426 5515 εδ
456 5414 846 5488 Σφανδαδὰτης
887 5438 947 5484 ς.
1018 5420 1063 5452 ⁸⁸
1093 5422 1194 5475 οὐκ
1223 5414 1689 5497 ἐγκαταλείψει

405 5486 427 5518 ο
460 5486 845 5518 Νηρλληιιῒλο---
877 5508 913 5518 ..
1014 5491 1060 5518 In
1083 5492 1324 5518 ι)..-ξ-..-
1363 5508 1400 5518 ρ

338 5506 343 5509 ‘
377 5486 427 5518 ⁸⁸³
457 5486 845 5560 Νοροδαϐἀτης
873 5508 936 5556 ς.
1014 5491 1060 5525 ⁸⁸
1081 5486 1324 5564 Βαρίσης
1358 5508 1420 5558 ς.

1786 5426 1833 5459 ⁸⁸
1862 5420 1987 5482 libri
2017 5420 2399 5482 ἐϐασίλευσαν.
2480 5428 2526 5460 "
2568 5420 2853 5498 Ἰξᾰϐἀνης
2890 5444 2951 5491 ς.
3016 5422 3062 5454 ⁵⁸
3092 5420 3335 5476 πάνταΑ
3360 5436 3379 5475 :
3415 5421 3575 5491 πάσῃ
3614 5437 3677 5484 ς.

1931 5646 2141 5707 NOTAE

455 5740 563 5811 (86i
594 5741 937 5800 Venenosnm
968 5762 1092 5801 eum
1124 5763 1244 5802 esse
1284 5749 1477 5804 docent
1502 5747 1717 5809 medici,
1744 5756 1798 5801 et
1864 5761 1970 5802 non
2046 5744 2152 5802 alio
2201 5761 2411 5804 veneno
2479 5745 2734 5802 exstincti
2799 5743 2999 5812 Midas,
3053 5741 3475 5810 Themistocles,
3539 5740 3663 5800 alii.

386 5808 521 5870 Vide
549 5812 676 5869 intr.
702 5815 826 5869 cod.
863 5816 985 5882 190,
1015 5818 1109 5873 lib.
1135 5835 1217 5885 Ill,
1238 5818 1469 5875 Ptolem.
1503 5808 1774 5888 llephaeSt.
