3926 6466
278 404 368 471 181
1372 417 1899 482 BIBLIOTHECA.
1924 446 1993 456 -
2014 421 2178 482 COD.
2198 422 2438 484 LXXII.

3440 426 3544 489 182

278 520 552 576 Βασιλεύει
597 522 654 577 δὲ
684 523 793 578 τῶν
825 525 967 581 ἑπτὰ
993 526 1024 581 6
1064 527 1311 598 Δαρεῖος,
1345 531 1440 585 τοῦ
1480 532 1669 602 ἵππου,
1713 535 1852 590 καθὰ

1960 547 2106 608 ptem
2156 539 2267 594 illis
2307 540 2441 595 viris
2470 540 2754 596 confossus
2805 534 3078 606 occubuit,
3124 540 3358 610 septimo
3390 546 3540 611 regni

282 614 549 667 συνέκειτο
570 613 845 686 ἀλλήλοις,
871 617 1093 690 πρώτου
1119 620 1163 652 ⁵¹
1185 626 1404 695 μηχανῇ
1429 641 1535 678 τινι
1556 628 1651 680 καὶ
1667 627 1855 699 τέχνῃ,

1964 628 2094 683 aditi
2126 644 2332 685 mense.

281 706 489 762 ἐπειδὰν
515 708 721 778 ὁῆλιος
749 711 886 781 πρὸς
947 713 1215 778 ἀνατολὰς
1285 717 1528 785 ἐγένετο,
1598 721 2044 791 χρεμετίσαντος.
2082 723 2309 792 Ἀγεται
2358 724 2471 789 τοῖς
2520 723 2755 795 Πέρσαις
2796 722 2957 793 ἑορτὴ
3028 722 3128 790 τῆς
3184 718 3543 791 μαγοφονίας,

280 798 399 853 καθ’
424 800 491 868 ἢν
518 800 900 873 Σφενδαδάτης
926 804 956 856 6
986 804 1160 875 μάγος
1191 805 1486 877 ἀνῄρηται.

349 898 561 968 Δαρεῖος
592 898 933 968 προστάσσει
978 900 1151 972 τάφον
1182 904 1361 975 ἑαυτῷ
1390 906 1857 979 ξκατασκευασθῆ-

292 1005 374 1042 ναι
398 990 452 1042 ὲν
473 987 547 1058 τῷ
583 987 755 1061 ὃισσῷ
786 991 925 1062 δρει,
965 994 1061 1047 καὶ
1097 995 1592 1061 κατασκευάζεται.
1626 998 1857 1053 Ἐπιθυ-

2027 904 2239 970 Regnat
2265 899 2459 955 deinde
2490 913 2555 953 ex
2602 905 2808 965 septem
2853 896 2961 952 illis
3002 896 3132 951 viris
3168 896 3384 964 Darius,
3414 913 3538 953 cum

1952 996 2072 1067 ejus
2105 1009 2276 1065 equus
2304 992 2409 1064 (sic
2443 992 2587 1046 inter
2610 990 2731 1045 illos
2761 988 3114 1059 convenerat)
3156 1003 3275 1043 arte
3304 991 3538 1059 quadam

304 1082 467 1151 μήσας
501 1078 552 1133 δὲ
577 1079 710 1135 ίδεϊν
736 1081 906 1137 αὑτὸν
936 1083 1043 1137 ὑπό
1071 1101 1132 1137 τε
1162 1086 1272 1139 τῶν
1313 1086 1597 1142 Χαλδαίων
1621 1088 1715 1142 καὶ
1744 1088 1852 1142 τῶν

1957 1086 2241 1152 adhibita,
2306 1084 2511 1152 primus
2568 1088 2693 1150 post
2756 1090 2934 1134 ortum
2995 1080 3162 1134 solem
3227 1080 3539 1134 ltinniisset.

306 1174 479 1241 γονέων
504 1171 795 1229 κωλύεται.
821 1175 885 1228 Οἱ
915 1174 975 1229 δὲ
999 1178 1180 1244 γονεῖς
1207 1177 1449 1232 ἀνελθεῖν
1481 1178 1856 1250 βουληθέντες,

307 1263 409 1317 ἐπεὶ
430 1263 473 1316 oi
495 1264 661 1333 ἱερεῖς
686 1259 829 1318 εἶδον
852 1264 1008 1335 δφεις
1024 1268 1071 1299 ⁵³
1097 1268 1148 1320 οἱ
1174 1268 1491 1333 ἀνέλκοντες
1516 1269 1737 1337 αὐτοὺς,
1755 1271 1851 1325 καὶ

301 1352 639 1424 ἐφοϐήθησαν,
669 1356 769 1410 καὶ
831 1357 1164 1429 φοϐηθέντες
1216 1360 1440 1431 ἀφῆκαν
1490 1360 1559 1414 τὰ
1616 1361 1847 1432 σχοινία,

292 1444 461 1498 ἔπεσον
487 1446 586 1499 καὶ
616 1447 1002 1519 ἐτελεύτησαν.
1035 1451 1149 1505 Καὶ
1175 1450 1424 1522 ἐλυπήθη
1452 1453 1678 1522 Δαρεῖος
1702 1452 1848 1519 λίαν,

287 1537 369 1589 καὶ
381 1538 779 1612 ἀπετμήθησαν
793 1542 849 1596 αἱ
869 1542 1108 1613 κεφαλαὶ
1120 1544 1528 1615 τεσσαράκοντα
1547 1543 1719 1599 όντων
1738 1545 1848 1599 τῶν

281 1626 621 1684 ἁνελκόντων.

1953 1178 2221 1235 Caeterum
2252 1189 2358 1245 quo
2389 1173 2477 1229 die
2529 1173 2945 1244 Sphendadates
2990 1186 3181 1241 magus
3220 1170 3540 1229 interfectus

1956 1279 2059 1332 est,
2114 1267 2310 1323 festum
2354 1281 2421 1321 ex
2467 1279 2533 1320 eo
2570 1264 2709 1333 apud
2748 1263 2979 1329 Persas,
3037 1261 3394 1333 MagOphonia
3450 1261 3541 1315 di-

1958 1371 2105 1416 ctum
2139 1359 2275 1429 (87),
2325 1356 2651 1413 celebratur.
2682 1355 2878 1408 Darius
2929 1354 3018 1409 hic
3071 1353 3378 1420 sepulcrum
3434 1352 3539 1408 sibi

1956 1453 2012 1509 in
2064 1450 2274 1518 bieipiti
2317 1459 2500 1505 monte
2537 1449 2743 1504 exstrui
2782 1448 3090 1517 imperabat
3132 1444 3280 1516 (88),
3328 1453 3385 1498 et
3422 1444 3538 1514 jam

1956 1543 2380 1608 exstruebatur;
2418 1542 2565 1612 quod
2600 1541 2784 1595 videre
2813 1540 2928 1608 ipse
2960 1553 3082 1593 cum
3123 1537 3479 1599 desideraret,
3506 1550 3539 1589 a

1953 1633 2223 1692 Chaldais
2253 1640 2416 1702 atque
2448 1632 2764 1703 parentibus
2791 1630 3096 1701 prohibitus
3122 1639 3228 1683 est.
3250 1628 3330 1682 Eo
3356 1638 3537 1683 tamen

281 1733 518 1791 parentes
557 1724 680 1794 ejus
732 1728 1031 1783 ascendere
1079 1727 1373 1784 voluerunt
1433 1730 1599 1802 386,
1632 1731 1726 1787 sed
1772 1733 1827 1787 in
1866 1744 2110 1802 praeceps
2144 1728 2253 1784 acti
2304 1726 2515 1782 mortui
2557 1726 2935 1789 conciderunt,
2986 1739 3109 1780 cum
3176 1725 3244 1778 ad
3315 1739 3540 1791 serpen-

279 1822 380 1869 tum
455 1828 738 1887 aspectum
787 1818 945 1877 funes
1004 1822 1181 1878 territi
1237 1825 1596 1893 remisissent,
1651 1829 1741 1896 qui
1784 1843 1878 1883 eos
1958 1842 2172 1883 sursum
2234 1824 2544 1889 trahebant,
2577 1824 2910 1887 sacerdotes,
2969 1836 3089 1891 quae
3132 1836 3219 1876 res
3265 1822 3538 1892 ingentem

279 1906 432 1961 Dario
487 1923 790 1980 mmrorem
844 1912 1062 1980 attulit,
1099 1920 1155 1968 et
1203 1929 1336 1969 vero
1368 1917 1545 1986 capita
1587 1917 1695 1973 illis
1733 1919 2091 1991 quadraginta
2123 1918 2577 1985 virisampntata
2616 1922 2765 1979 sunt,
2806 1913 2898 1981 qui
2942 1913 3041 1966 hos
3079 1920 3438 1966 attraxerant.

332 2000 454 2053 Ὀτι
484 2002 778 2057 ἐπιτάσσει
803 2006 1027 2075 Δαρεῖος
1050 2005 1401 2082 Ἀριαράμνῃ
1424 2010 1471 2043 ⁵³
1490 2009 1571 2081 τῷ
1598 2012 1852 2082 σατράπῃ

2023 2010 2338 2065 Ariammen
2392 2015 2655 2077 praeterea
2711 2004 3067 2073 Cappadocia:
3116 2012 3392 2072 satrapam
3439 2005 3539 2059 ad-

272 2093 664 2155 Καππαδοκίας
696 2095 790 2148 ἐπὶ
820 2095 1035 2161 Σκύθας
1078 2096 1335 2171 διαϐῆναι
1382 2100 1479 2154 καὶ
1521 2101 1720 2172 ἄνδρας
1754 2104 1849 2156 καὶ

268 2187 523 2255 γυναῖκας
570 2186 1011 2257 αίχμαλωτίσαι·
1059 2187 1089 2240 6
1132 2188 1190 2242 δὲ
1242 2190 1438 2254 διαϐὰς
1486 2193 1849 2263 πεντηκοντό-

272 2293 376 2345 ροις
396 2274 439 2328 λ’
465 2277 849 2348 ῂχμαλὼτισε.
906 2278 1178 2333 Συνέλαϐε
1228 2280 1288 2334 δὲ
1331 2283 1427 2336 καὶ
1481 2283 1708 2353 ἀδελφὸν
1753 2284 1849 2338 τοῦ

270 2366 523 2437 βασιλέως
560 2368 654 2421 τοῦ
693 2369 918 2423 Σκυθῶν
957 2372 1329 2444 Μαρσαγέτην
1357 2374 1427 2441 ⁸⁸,
1463 2377 1559 2428 ἐπὶ
1606 2377 1849 2432 κακώσει

267 2459 431 2530 εὑρὼν
459 2460 620 2533 παρὰ
650 2460 750 2516 τοῦ
771 2462 973 2516 οἰκείου
997 2463 1231 2533 ἀδελφοῦ
1261 2465 1565 2536 δεδεμένον.
1595 2468 1723 2539 [HG
1756 2468 1848 2540 R.]

268 2548 587 2622 Σκυθάρϐης
620 2552 667 2585 ⁵⁵
694 2551 754 2605 δὲ
782 2553 812 2605 6
838 2553 1065 2608 Σκυθῶν
1093 2553 1347 2625 βασιλεὺς
1375 2556 1656 2627 ὀργισθεὶς
1686 2557 1853 2630 ἐγρα-

266 2646 359 2713 ύεν
388 2644 635 2718 ὑϐρίζων
675 2649 924 2720 Δαρεῖον,
959 2648 1055 2701 καὶ
1085 2647 1404 2720 άντεγράφη
1441 2630 1591 2719 αὑτῷ
1626 2650 1851 2720 ὁμοίως.

268 2737 594 2809 Στράτευμα
619 2738 676 2792 δὲ
703 2737 933 2809 ἀγείρας
953 2740 1177 2809 Δαρεῖος
1208 2747 1261 2793 π’
1285 2740 1576 2814 μυριάδας,
1602 2740 1698 2793 καὶ
1726 2739 1852 2803 ζεύο

267 2828 355 2894 ξας
385 2829 477 2881 τὸν
520 2829 803 2900 Βόσπορον
844 2829 940 2882 καὶ
990 2829 1085 2883 τὸν
1110 2830 1345 2900 Ἵστρον,
1392 2830 1545 2901 διέϐη
1592 2830 1683 2882 ἐπὶ
1711 2829 1852 2882 Σκύ-

267 2920 377 2984 θας,
407 2918 532 2974 666v
569 2919 770 2983 ἐλάσας
794 2919 1020 2991 ἡμερῶν
1049 2926 1130 2973 ιε’.
1162 2921 1273 2975 Καὶ
1300 2921 1656 2991 ἀντέπεμπον
1688 2921 1855 2991 ἀλλή-

264 3010 368 3072 λοις
388 3012 548 3077 τόξα.
589 3012 1083 3084 Ἐπικρατέστερον
1108 3011 1151 3065 δ’
1177 3007 1246 3083 ἦν
1266 3012 1314 3044 ⁵⁸
1345 3011 1409 3065 τὺ
1442 3013 1485 3044 ⁵⁷
1511 3012 1618 3064 τῶν
1653 3012 1739 3084 [57
1759 3011 1850 3085 IL]

264 3101 519 3156 Σκυθῶν·
567 3103 647 3156 διὸ
684 3105 779 3157 καὶ
810 3102 1030 3173 φεύγων
1084 3106 1310 3175 Δαρεῖος
1349 3102 1500 3173 διέϐη
1543 3108 1642 3167 τὰς
1685 3120 1855 3174 γεφυο

268 3191 476 3263 ρὼσεις,
516 3193 615 3246 καὶ
642 3192 798 3246 ἔλυσε
846 3193 1093 3247 σπεύδων
1134 3196 1266 3264 πρὶν
1292 3195 1325 3266 ἢ
1362 3195 1423 3249 τὺ
1449 3194 1571 3250 ὅλον
1596 3194 1855 3265 διαϐῆναι

267 3283 607 3353 στράτευμα.
638 3284 749 3337 Καὶ
782 3283 1055 3337 ἀπέθανον
1091 3284 1198 3337 ὑπὸ
1238 3284 1573 3355 Σκυθάρϐεω
1596 3286 1642 3318 ⁵⁸
1671 3286 1722 3338 οἱ
1754 3302 1855 3339 κα-

1953 2116 2147 2157 versus
2179 2099 2416 2171 Scythas
2448 2096 2745 2168 proficisci,
2794 2105 2846 2150 et
2874 2095 3022 2150 viros
3056 2094 3179 2149 inde
3211 2110 3277 2150 ac
3306 2095 3537 2151 feminas

1951 2197 2195 2266 captivos
2224 2185 2493 2249 abducere
2518 2191 2715 2247 Darius
2744 2191 2994 2260 imperat.
3023 2189 3116 2243 llle
3151 2204 3273 2243 cum
3317 2189 3534 2259 triginta

1950 2288 2179 2343 navibus
2219 2283 2611 2355 quinquaginta
2647 2297 2920 2336 remorum
2944 2280 3242 2350 trajiciens,
3278 2281 3534 2333 mandata

1949 2377 2202 2450 perfecit.
2247 2375 2401 2445 Cepit
2427 2375 2572 2429 inter
2606 2373 2744 2427 alios
2776 2374 2919 2444 regis
2947 2371 3272 2441 Scytharum
3307 2370 3535 2425 fratrem

1950 2469 2285 2540 Masageten,
2327 2482 2487 2537 quem
2532 2466 2603 2521 ob
2652 2465 2804 2520 illata
2841 2464 2982 2518 male
3016 2465 3069 2517 in
3096 2461 3308 2517 vincula
3348 2477 3378 2515 a
3408 2475 3535 2531 rege

1952 2559 2120 2615 fratre
2136 2560 2440 2629 conjectum
2473 2558 2694 2627 reperit.
2725 2556 2864 2625 Ergo
2885 2554 3210 2625 Scytltarces
3232 2553 3371 2626 (89),
3394 2552 3533 2623 Scy-

1954 2653 2169 2707 tharum
2204 2667 2317 2716 rex,
2356 2650 2689 2718 indignatus,
2715 2646 3057 2704 contumeliis
3099 2646 3286 2716 plenas
3326 2646 3391 2700 ad
3423 2645 3535 2699 Ba-

1952 2746 2091 2800 rium
2142 2744 2351 2798 litteras
2392 2743 2659 2811 scripsit;
2687 2750 2743 2795 et
2803 2739 2968 2795 simili
3008 2742 3075 2793 ad
3140 2740 3313 2808 ipsum
3374 2738 3536 2793 modo

1953 2835 2275 2905 rescriptum
2310 2842 2416 2890 est.
2458 2832 2651 2888 Darius
2679 2832 2893 2887 tandem
2922 2831 3357 2900 octingentorum
3410 2829 3536 2883 mil-

1953 2928 2082 2984 lium
2115 2937 2301 2982 coacto
2356 2926 2636 2991 exercitu,
2691 2933 2747 2979 et
2795 2924 3035 2994 Bosporo
3084 2921 3333 2992 lstroque
3367 2932 3535 2992 ponte

1956 3018 2271 3082 constratis,
2306 3019 2567 3073 adversus
2594 3016 2829 3087 Scythas
2849 3015 3162 3085 quindecim
3195 3015 3405 3069 dierum
3438 3014 3533 3068 iti-

1955 3126 2083 3165 nere
2113 3125 2429 3179 pregressus
2477 3119 2578 3165 est.
2613 3109 2677 3163 Hi
2714 3123 2873 3163 arcus
2902 3108 3014 3178 (90)
3064 3108 3167 3161 sibi
3201 3117 3388 3161 mutuo
3442 3106 3537 3161 mi-

1955 3209 2162 3256 serunt.
2197 3201 2304 3256 Sed
2350 3216 2473 3256 eum
2508 3201 2796 3271 Scythicus
2829 3200 3059 3253 validior
3082 3214 3203 3253 esse
3230 3198 3532 3267 deprehen-

1956 3279 2195 3357 deretur,
2227 3292 2439 3361 fugiens
2467 3306 2564 3360 per
2590 3300 2784 3360 pontes
2818 3289 3031 3354 Darius,
3067 3288 3392 3343 festinanter
3416 3301 3533 3351 eos,

266 3373 648 3445 ταλειφθέντες
685 3377 744 3430 ὲν
867 3374 1109 3446 Εὐρώπῃ
1149 3377 1411 3447 μυριάδες
1437 3376 1600 3431 ὀκτώ.
1628 3379 1852 3448 Δαρεῖος

1957 3392 2246 3452 antequam
2323 3391 2466 3437 totus
2531 3381 2842 3436 transiisset
2900 3380 3197 3444 exercitus,
3260 3377 3531 3432 dissolvit.

265 3464 319 3518 δὲ
359 3466 459 3536 τὴν
502 3466 753 3538 γέφυραν
804 3466 1002 3531 διαϐὰς
1048 3466 1434 3538 Χαλκηδονίων
1460 3469 1505 3502 ⁵⁸
1536 3467 1713 3533 οἰκίας
1758 3469 1856 3523 καὶ

269 3557 383 3628 ἱερά
411 3557 743 3629 ἐνέπρησεν,
777 3560 903 3612 ἐπεὶ
929 3559 1030 3625 τὰς
1065 3559 1202 3630 πρὸς
1242 3559 1427 3622 αὐτοῖς
1450 3560 1695 3629 γεφύρας
1723 3560 1856 3630 ἐμε-

266 3647 499 3719 λέτησαν
556 3648 736 3715 λῦσαι,
790 3650 886 3703 καὶ
942 3651 1025 3704 ὅτι
1080 3649 1172 3703 τὸν
1220 3648 1424 3720 βωμὸν,
1474 3650 1534 3703 ὃν
1592 3649 1778 3719 περῶν
1809 3650 1854 3682 ⁸⁸

268 3742 484 3812 Δαρεῖος
549 3742 809 3797 κατέθετο
860 3735 1226 3813 ἐπ’όνόματι
1287 3743 1645 3813 διαϐατηρίου
1694 3744 1852 3809 Διὸς,

269 3833 558 3901 ἠφάνισαν.
599 3836 760 3898 Δᾶτις
783 3834 840 3888 δὲ
873 3832 1113 3889 ἐπανιὼν
1148 3838 1213 3889 ὲκ
1241 3836 1448 3889 Πόντου
1482 3835 1700 3889 καὶτοῦ
1735 3838 1857 3907 Μη-

270 3922 409 3976 δικοῦ
438 3925 487 3956 ⁸⁸
525 3924 715 3979 στόλου
759 3923 1068 3997 ἡγούμενος
1104 3926 1330 3996 ἐπόρθει
1376 3927 1574 3995 νήσους
1623 3923 1721 3978 καὶ
1756 3925 1857 3994 τὴν

279 4011 522 4067 Ἐλλάδα.
573 4014 663 4067 Ἐν
698 4014 997 4085 Μαραθῶνι
1052 4014 1110 4068 δὲ
1155 4014 1456 4085 Μιλτιάδης
1510 4015 1853 4079 ὑπαντιάζει,

273 4104 355 4156 καὶ
379 4107 515 4175 νικᾷ
544 4104 674 4167 τοὺς
709 4105 1041 4177 βαρϐάρους,
1073 4105 1171 4160 καὶ
1207 4106 1397 4159 πιπτει
1430 4106 1527 4159 καὶ
1556 4105 1719 4169 αὐτὸς
1743 4107 1850 4159 Δᾶ-

271 4212 344 4259 τις
362 4212 378 4227 ο
427 4199 526 4251 καὶ
549 4198 670 4251 οὐδὲ
708 4198 769 4251 τὸ
796 4198 957 4269 σῶμα
986 4199 1228 4269 Πέρσαις
1251 4200 1643 4269 αιτησαμένοις
1672 4197 1851 4268 ἐδόθη.

270 4288 493 4358 Δαρεῖος
543 4288 601 4342 δὲ
648 4288 958 4344 ἐπανελθὼν
992 4291 1073 4352 είς
1126 4291 1343 4357 Πέρσας
1399 4291 1493 4343 καὶ
1548 4289 1716 4352 θύσας
1762 4292 1857 4344 καὶ

270 4379 481 4451 ἡμέρας
524 4381 763 4452 νοσήσας
785 4382 829 4435 λ’
866 4382 1119 4453 τελευτᾷ,
1167 4380 1340 4451 ζήσας
1394 4381 1494 4452 μὲν
1549 4380 1646 4451 ἐτη
1681 4380 1757 4451 οβ’
1787 4382 1856 4444 ⁶²ο

272 4469 596 4540 βασιλεύσας
622 4474 680 4527 δὲ
706 4474 796 4546 ἐτη
822 4473 925 4529 λα’.
967 4473 1233 4529 Ἀπέθανε
1271 4473 1327 4527 δὲ
1361 4473 1459 4528 καὶ
1493 4473 1854 4544 Ἀρτασύρας.

271 4565 375 4621 Καὶ
396 4570 427 4621 6
456 4569 798 4640 Βαγαπάτης
836 4569 891 4622 δὲ
918 4569 978 4622 τὸ
1019 4568 1173 4639 σῆμα
1202 4568 1432 4640 Δαρείου
1464 4568 1855 4640 παρακαθίσας

272 4657 362 4728 ἐτη
393 4659 440 4725 ζ’
464 4659 812 4730 ἐτελεύτησε.

1959 3472 2073 3538 Qua
2123 3487 2182 3527 re
2227 3471 2430 3525 factum
2485 3480 2590 3534 est,
2646 3478 2703 3524 ut
2756 3469 2852 3538 qui
2903 3468 3097 3537 reliqui
3155 3468 3222 3521 ad
3254 3465 3534 3535 octoginta

1958 3564 2126 3621 millia
2167 3565 2220 3617 in
2265 3562 2483 3631 Europa
2532 3560 2706 3616 relicti
2737 3570 2917 3625 erant,
2946 3575 2976 3614 a
3011 3557 3311 3629 Scytharce
3341 3570 3535 3610 omnes

1958 3654 2227 3711 interfecti
2262 3653 2480 3707 fuerint.
2515 3651 2708 3706 Darius
2730 3658 2938 3716 autem,
2980 3660 3149 3720 ponte
3187 3647 3533 3709 transmisso,

1957 3746 2187 3800 flammis
2258 3743 2780 3799 Cltalcedonensium
2843 3743 3033 3796 domos
3110 3748 3275 3811 atque
3339 3738 3535 3806 templa

1956 3834 2295 3891 combussit:
2339 3843 2453 3889 tum
2502 3836 2644 3905 quod
2688 3850 2783 3890 eos
2840 3835 2932 3903 qui
2973 3832 3117 3902 apud
3162 3832 3310 3901 ipsos
3341 3838 3536 3899 pontes

1955 3935 2134 3991 erant,
2192 3925 2503 3981 rescindere
2561 3935 2861 3980 tentassent
2914 3942 2930 3979 :
2982 3937 3091 3979 tum
3153 3922 3300 3992 quod
3357 3937 3535 3985 aram,

1956 4032 2117 4087 quam
2179 4018 2299 4087 ipse
2339 4014 2752 4080 transmittens,
2794 4015 2849 4070 in
2906 4015 3056 4070 Jovis
3095 4014 3385 4069 Diabaterii
3420 4011 3537 4083 (9|)

1957 4110 2220 4164 honorem
2256 4118 2547 4172 statuerat,
2601 4108 2676 4162 illi
2731 4110 3079 4162 evertissent.
3134 4106 3286 4160 Datis
3315 4118 3537 4161 veroex

1958 4201 2130 4256 Ponto
2163 4210 2464 4265 revertens,
2488 4200 2549 4255 ut
2575 4198 2815 4255 Ponticae
2850 4208 3079 4268 praeerat
3105 4199 3287 4263 classi,
3331 4198 3539 4253 insulas

1959 4293 2157 4361 passim
2198 4291 2577 4361 Graeciamque
2611 4293 2876 4345 vastabat.
2911 4291 3046 4346 liuie
3087 4293 3226 4361 apud
3254 4290 3532 4344 Maratho-

1958 4400 2081 4440 nem
2122 4384 2238 4456 (92)
2274 4383 2546 4439 Miltiades
2577 4400 2875 4440 occurrens
2907 4385 3177 4441 Barbaros
3220 4385 3371 4449 vicit,
3418 4384 3536 4453 ipso

1958 4476 2120 4530 etiam
2154 4476 2516 4530 occumbenle
2566 4473 2722 4539 Date,
2775 4473 2933 4543 cujus
2957 4473 3039 4527 vel
3073 4475 3308 4527 cadaver
3342 4480 3534 4540 peten-

1960 4565 2103 4619 tibus
2130 4563 2311 4618 Persis
2341 4564 2665 4632 denegatum
2706 4570 2812 4615 est.
2846 4560 3040 4614 Darius
3070 4573 3290 4628 quoque
3307 4560 3374 4611 ad
3406 4556 3536 4612 Per-

1959 4674 2050 4713 sas
2082 4671 2353 4719 reversus,
2385 4663 2508 4725 post
2536 4655 2718 4709 oblata
2755 4654 3048 4719 sacrilicia,
3094 4663 3149 4708 et
3179 4654 3389 4708 dierum
3440 4655 3537 4707 tri-

274 4752 416 4817 ginta
493 4756 781 4823 morbum,
841 4756 953 4811 vita
1026 4755 1244 4811 functus
1311 4764 1431 4823 est,
1498 4771 1619 4810 cum
1685 4770 1859 4810 annos
1893 4754 2122 4809 vixisset
2186 4766 2381 4817 Lxxtt,
2450 4761 2575 4821 post
2638 4764 2865 4821 regnum
2920 4750 3123 4805 aditum
3191 4750 3412 4820 triginta
3482 4759 3537 4803 et

1557 4873 1798 4931 VARIAS
1835 4870 2251 4929 LECTIONES.

376 4994 420 5064 ','
462 4993 679 5062 πρῶτον
710 5011 771 5058 ς.
845 4994 892 5026 ⁵¹¹
924 4994 1076 5064 ὄφεις
1104 5010 1214 5048 om.
1246 5008 1331 5058 pr.
1364 4992 1429 5048 Α.

273 5077 351 5134 pr.
379 5063 445 5116 A.
504 5064 557 5135 _"
589 5064 648 5116 τὸ
694 5079 835 5135 οιιιη
862 5065 926 5119 Α.
969 5063 974 5064 ⁷
1003 5064 1053 5135 ἐξ
1084 5064 1471 5135 Σκυθάρῳνλς.

274 5131 530 5188 ποντικοῦ
563 5152 623 5198 ς.
700 5134 744 5163 θ’
781 5131 856 5203 οβ’
888 5138 935 5189 Α
967 5150 982 5188 :
1012 5132 1076 5200 ιβ’
1106 5134 1215 5204 πρὸ
1243 5131 1339 5187 τοῦ
1370 5131 1691 5203 βασιλεῦσαι
1729 5131 1790 5196 ς.

1470 4988 1471 4991 ‘
1508 4991 1883 5066 rahrApgéygn
1910 5009 1971 5066 ς,
2050 4991 2097 5024 ⁸⁸
2123 4991 2463 5066 Μασαγέτην
2492 5010 2553 5066 ς.
2596 4994 2641 5026 ⁸⁵
2677 4994 2998 5066 Σκυθαρκης
3032 5014 3093 5062 ς’

1549 5062 1594 5132 Ῥ
1625 5080 1695 5113 κα
1704 5062 1997 5132 ρχηδονίων
2040 5080 2101 5126 ς.

3169 4997 3215 5027 ⁸⁸
3244 4996 3289 5048 δ’
3321 4990 3533 5065 ἦνηοηι.

2181 5062 2226 5093 ⁶⁰
2253 5063 2437 5133 περῶν
2494 5065 2539 5115 Δ
2570 5083 2584 5119 :
2633 5062 2889 5137 περσῶν]
2926 5062 2986 5132 ςί.
3092 5067 3133 5100 ⁶¹
3166 5062 3411 5137 Μηδικοῦ
3442 5067 3484 5117 Α
3521 5088 3531 5120 :

1822 5243 2050 5302 NOTAE.

366 5368 458 5435 87)
495 5365 801 5435 Herodotus
834 5364 929 5419 lib.
959 5377 1044 5429 ιιι,
1068 5371 1123 5417 et
1148 5361 1432 5435 Agathias,
1457 5362 1551 5435 lib.
1581 5378 1645 5417 ιι.

366 5370 458 5435 87)
495 5370 801 5422 Herodotus
836 5370 929 5419 lib.
959 5377 1044 5429 ιιι,
1068 5371 1123 5417 et
1148 5370 1432 5432 Agathias,
1458 5370 1551 5418 lib.
1581 5378 1645 5417 ιι.

342 5370 458 5508 $88)
496 5437 640 5508 Lege
674 5434 1032 5508 Persepoleos
1079 5434 1236 5508 arcis
1251 5434 1674 5508 descriptionem
1698 5431 1852 5508 apud

278 5500 496 5563 Diodor.
546 5500 717 5563 Sicul.
774 5500 869 5558 lib'.
926 5518 1036 5557 xvu
1093 5502 1352 5567 Biblioth,
1415 5500 1503 5557 nbi
1568 5500 1850 5571 βασιλικὸν

279 5579 402 5648 ὅρος
457 5578 603 5648 hunc
660 5575 1090 5648 locum__voeat.
1162 5572 1505 5648 Potentiores
1553 5570 1732 5625 autem
1802 5570 1854 5648 i_n

282 5640 548 5704 montibus
582 5646 694 5702 fere
729 5644 947 5713 sepeliri
970 5644 1179 5708 solitos,
1229 5642 1394 5697 multa
1422 5650 1669 5695 veterunt
1720 5640 1856 5695 scri-

283 5730 485 5787 ptorum
506 5718 826 5787 testimonia
860 5713 1076 5787 docent.

352 5788 462 5857 (89)
490 5785 786 5857 Jancyrum
816 5783 1060 5857 nominat
1091 5779 1291 5839 Justin.
1323 5780 1418 5857 lib.
1447 5796 1545 5857 ιιι.

354 5850 462 5928 (90)
496 5860 568 5914 De
599 5850 726 5914 areu
767 5856 834 5911 ab
856 5852 1169 5923 Ethioputn
1201 5867 1326 5923 rege
1348 5853 1426 5908 sic
1457 5854 1523 5908 ad
1549 5850 1849 5923 Cambysen

1886 5364 1940 5423 D
1969 5365 2158 5426 misso,
2191 5365 2309 5437 lege
2335 5364 2538 5420 Herod.
2573 5366 2668 5421 lib.
2712 5382 2795 5431 ιιι,
2833 5364 3108 5437 ροσιίίιιὶι.

2038 5437 2149 5505 (9f)
2183 5434 2434 5491 Solemne
2453 5434 2922 5507 quippegentibus
2954 5436 3073 5501 fuit,
3097 5434 3357 5507 t_r_ansit_us
3372 5447 3535 5507 causa

1966 5504 2071 5560 diis
2126 5504 2484 5561 Sacriticare.'
2517 5504 2609 5561 Sic
2655 5504 2869 5562 anull.
2925 5508 3065 5575 apud
3097 5504 3240 5559 Plut.
3272 5504 3535 5574 Euphrati

1965 5587 2180 5631 taurum
2217 5575 2365 5631 fecit.
2672 5600 2681 5606 -

2031 5646 2142 5719 (92)
2177 5644 2516 5719 Marathonia
2544 5644 2904 5719 pugnaJniltil
2935 5660 3172 5715 unquam
3204 5644 3535 5719 celebratum

1964 5715 2158 5788 magis,
2184 5717 2290 5771 500
2326 5718 2537 5788 adeam
2566 5715 2979 5788 describendam
3029 5716 3312 5788 occupatis
3348 5717 3539 5781 docto,-

1962 5784 2079 5842 runi
2114 5788 2365 5859 ingeniis,
2401 5784 2696 5841 Plutarcho
2726 5795 2887 5842 teste.
