3926 6428
223 374 305 439 185
1322 369 1929 430 BlBLIO’l‘HECA.--
1952 368 2115 429 COD.
2157 368 2398 429 LXXII.
3347 364 3447 427 186

223 491 284 561 μὴ
307 482 719 553 κυκλωθείησαν.
740 481 1088 551 Ἦγουμένων
1118 481 1174 535 δὲ
1204 481 1310 561 τῶν
1338 482 1433 534 δύο
1457 483 1762 553 Τραχινίων
1801 531 1804 540 ,

1918 484 2246 537 lieniensinm
2268 484 2539 552 principes
2555 480 2831 539 Call-iades
2853 488 3018 547 atque
3038 479 3458 547 Timaphernes,

223 582 296 638 διὰ
328 578 581 634 δυσϐάτου
607 573 834 645 στρατὸς
870 575 1138 643 Περσικὸς
1164 575 1466 645 διελήλυθε,
1511 576 1773 645 μυριάδες

1918 591 1998 629 um
2040 574 2287 628 exercitu
2335 575 2584 628 aderant.
2631 573 2723 626 llis
2763 571 2972 625 Xerxes
3019 570 3085 623 ad
3142 584 3202 624 se
3224 571 3459 633 vocatis,

222 674 473 741 τέσσαρες,
500 668 595 721 καὶ
625 667 766 718 κατὰ
807 666 976 719 νώτου
1013 667 1251 733 γίνονται
1293 665 1400 719 τῶν
1435 667 1775 737 Λακεδαιμο-

1918 684 2090 739 naque
2128 670 2440 731 Dctnarato,
2469 678 2524 723 et
2570 667 2733 736 llegia
2769 665 3026 733 Ephesio,
3065 664 3213 718 nulla
3249 665 3462 719 ratione

225 767 356 819 νίων·
383 764 471 816 καὶ
494 759 867 821 κυκλωθέντες
894 759 1165 813 ἀπέθανον
1196 760 1494 831 μαχόμενοι
1516 761 1777 831 ἀνδρείως

1918 762 2019 816 inci
2056 778 2218 833 posse
2276 762 2716 816 Lacedaemonios
2769 758 3056 824 intellexit,
3118 758 3217 812 nisi
3292 758 3460 825 copiis

228 859 445 917 ἅπαντες,
475 850 682 922 Ξέρξης
718 850 776 903 δὲ
814 849 977 903 πάλιν
1018 850 1337 921 στράτευμα
1390 851 1596 920 πέμπει
1636 850 1776 903 κατὰ

1918 854 2041 907 incti
2110 854 2162 906 in
2216 854 2400 907 orbem
2460 866 2700 921 pugnare
2751 861 3039 918 cogantur.
3093 849 3462 916 Quadraginta

232 946 525 1008 Πλαταιέων,
565 943 835 1013 μυριάδας
868 941 955 1011 ιβ’,
985 940 1293 1012 ἡγούμενον
1329 942 1373 973 ⁷⁸
1405 941 1591 1001 αὐτοῖς
1614 941 1776 1009 Μαρ-

1918 959 2007 1012 rgo
2071 944 2361 1000 Persarum
2426 944 2619 1005 millia,
2679 941 2911 995 ducibus
2965 939 3465 994 Tracheniensibus

242 1042 381 1096 δδνιον
415 1038 744 1107 ἐπιστήσας
801 1034 1028 1104 Θηϐαῖοι
1079 1034 1123 1088 δ’
1169 1030 1310 1105 ἦσαν
1362 1032 1582 1087 οἱκατὰ
1628 1033 1775 1085 Πλαο

1924 1037 1987 1090 lis
2016 1037 2249 1102 duobus,
2307 1051 2402 1105 per
2438 1035 2585 1088 invia
2622 1032 2973 1100 transgressi,
3016 1046 3047 1085 a
3100 1040 3252 1099 tergo
3297 1029 3467 1083 Lace-

245 1135 403 1189 ταιέων
448 1130 533 1183 τὸν
594 1125 802 1198 Ξέρξην
863 1125 1164 1188 κινοῦντες.
1228 1123 1667 1194 Ἀντιστρατεύει
1718 1122 1777 1177 δὲ

1918 1127 2175 1181 :emonios
2224 1125 2566 1189 adoriuntur,
2625 1122 2715 1190 qui
2769 1122 2871 1175 hoc
2916 1129 3075 1190 pacto
3120 1115 3463 1177 circmndati,

248 1223 501 1284 Παυσανίας
550 1222 580 1273 ὁ
607 1218 1059 1286 Λακεδαιμόνιος,
1104 1214 1453 1286 τριακοσίους
1506 1214 1602 1285 μὲν
1636 1213 1779 1285 ἔχων

1918 1219 2098 1274 )rtiter
2156 1224 2458 1286 pugnantes
2509 1214 2575 1268 ad
2646 1228 2813 1267 unum
2883 1227 3072 1266 omnes
3133 1209 3462 1262 occubuere.

247 1313 561 1384 Σπαρτιήτας,
586 1310 816 1381 ’χιλίους
851 1308 906 1361 δὲ
956 1307 1065 1360 τῶν
1098 1308 1414 1379 περιοίκων,
1466 1308 1532 1359 ὲκ
1578 1305 1635 1357 δὲ
1672 1304 1781 1359 τῶν

1918 1309 2044 1362 littit
2068 1322 2255 1362 rursus
2271 1306 2569 1359 exercitum
2598 1302 2807 1357 Xerxes
2843 1301 3106 1355 adversus
3141 1296 3469 1351 Plataeenses

238 1408 375 1462 ἄλλων
400 1404 606 1457 πόλεων
632 1402 877 1473 χιλιάδας
899 1402 941 1433 ⁷⁷
974 1399 1038 1464 ἓξ
1056 1416 1070 1431 °
1104 1399 1200 1452 καὶ
1221 1399 1437 1451 νικᾶται
1473 1397 1614 1449 κατὰ
1644 1395 1782 1467 κρά-

1918 1412 2099 1453 ettlttm
2134 1408 2188 1451 et
2262 1396 2403 1466 39b
2457 1394 2647 1464 viginti
2675 1392 2929 1457 millium,
2987 1392 3124 1445 duce
3162 1387 3464 1442 Mardonio.

234 1502 354 1569 τοξή
382 1496 624 1567 Περσικὴ
679 1495 925 1566 στρατιὰ,
966 1493 1062 1547 καὶ
1112 1493 1305 1561 φεύγει
1352 1488 1781 1561 τραυματισθείς

1918 1490 2126 1543 Ὶιειωιιὶ
2165 1498 2347 1542 autem
2408 1501 2593 1553 regem
2630 1485 2682 1538 in
2728 1484 3055 1538 Plataeenses
3097 1481 3465 1536 concitabant.

232 1592 308 1645 καὶ
343 1566 655 1660 Μαρδόνιος.
688 1581 857 1650 Οὗτος
886 1589 915 1640 ὁ
958 1585 1265 1656 Μαρδόνιος
1292 1585 1573 1653 πέμπεται
1610 1583 1773 1652 συλῆσ

1918 1581 2163 1636 Iardonio
2197 1566 2434 1632 occurrit
2470 1577 2769 1632 Pausanias
2807 1572 3282 1638 Lacedaemonius,
3313 1569 3472 1640 Spar-

230 1702 303 1737 σαι
338 1685 394 1736 τὸ
435 1682 529 1734 τοῦ
566 1682 901 1744 ’Λπόλλωνος
954 1679 1097 1748 ἱερὸν
1138 1676 1292 1748 παρὰ
1336 1676 1563 1747 Ξέρξου,
1595 1677 1781 1739 κάκεῖ,

1918 1690 2039 1729 auos
2070 1689 2176 1727 non
2213 1672 2312 1725 nisi
2343 1680 2635 1733 trecentos,
2684 1669 2900 1723 accolas
2948 1667 3116 1730 mille,
3171 1675 3227 1719 et
3254 1680 3317 1718 ex
3347 1663 3469 1716 aliis

229 1776 358 1847 φησὶ,
384 1773 609 1845 θνήσκει
639 1771 883 1843 χαλάζης
922 1768 1295 1837 ἐπιπεσούσης
1326 1769 1586 1838 παχείας’
1622 1768 1706 1836 ἐφ’
1738 1764 1783 1836 ᾧ

1926 1765 2112 1820 rbihus
2145 1765 2213 1816 ad
2257 1748 2349 1815 sei:
2404 1761 2569 1814 millia
2614 1775 2800 1813 serum
2851 1761 3075 1812 ducens.
3133 1753 3209 1809 lbi
3245 1753 3468 1808 Persico

224 1833 325 1919 λίαν
343 1833 545 1936 ὲέρέης
579 1833 848 1934 eiusei]:
881 1861 1089 1931 Ξέρξης
1119 1861 1175 1914 δὲ
1216 1833 1306 1913 ἐπ’
1335 1833 1511 1921 αὑτὰς
1554 1833 1784 1928 Ἀθήνας

1922 1857 2126 1910 xercitu
2172 1862 2448 1922 superato,
2506 1851 2817 1905 Mardonius
2875 1849 3194 1902 vulneratus
3240 1845 3467 1913 aufugit.

224 1957 437 2018 ἐλαύνει,
493 1958 591 2009 καὶ
652 1954 925 2025 Ἀθηναῖοι
970 1950 1361 2023 πληρώσαντες
1403 1950 1599 2004 ἑκατὸν
1654 1951 1785 2003 δέκα

1918 1950 2036 2002 dem
2068 1947 2154 2000 hic
2173 1943 2494 1999 Mardonius
2532 1943 2597 1996 ad
2621 1939 2980 2009 diripiendam
3016 1938 3277 2006 Apollinis
3302 1937 3470 1990 aedem

221 2048 449 2121 τριήρεις
497 2046 793 2115 φεύγουσιν
839 2047 917 2109 είς
971 2044 1270 2113 Σαλαμῖνα.
1297 2044 1409 2096 Καὶ
1452 2040 1659 2113 Ξέρξης
1689 2043 1786 2114 τὴν

1949 2039 2128 2093 Xerxe
2161 2039 2383 2099 missus,
2424 2034 2628 2104 ingenti
2656 2046 2953 2102 Oppressus
2981 2029 3245 2101 grandine
3302 2029 3472 2080 inter-

223 2120 358 2192 πόλιν
384 2137 548 2207 κενὴν
578 2138 723 2207 αἱρεῖ
762 2136 855 2190 καὶ
886 2134 1197 2205 ἐμπίπρησι
1226 2134 1290 2198 ⁷³,
1328 2133 1468 2202 πλὴν
1497 2134 1594 2204 τῆς
1616 2135 1783 2202 ἀκρο-

1921 2134 2000 2197 ἰίι,
2031 2146 2226 2201 magno
2259 2127 2550 2183 admodum
2610 2125 2752 2194 regis
2790 2124 2994 2178 dolore.
3038 2121 3249 2177 Xerxes
3279 2120 3476 2173 deinde

220 2228 436 2291 πόλεως·
472 2228 532 2279 ὲν
580 2228 716 2297 αὐτῇ
761 2226 867 2296 γὰρ
899 2224 980 2277 ἔτι
1007 2223 1152 2288 τινὲς
1197 2223 1616 2291 ὑπολειφθέντες
1646 2222 1787 2292 ἐμά-

1918 2224 2129 2278 ttbenas
2160 2222 2305 2291 ipsas
2345 2219 2480 2289 petit
2507 2234 2626 2271 cum
2663 2215 2923 2269 exercitu.
2958 2214 3155 2267 Verum
3179 2210 3478 2265 Athenien-

221 2337 375 2389 χοντο.
440 2318 614 2381 Τέλος
663 2318 933 2371 κάκείνων
986 2316 1144 2369 νυκτὶ
1196 2315 1478 2384 φυγόντων
1527 2313 1788 2382 κάκείνην

1922 2330 2001 2379 es,
2040 2325 2260 2369 centum
2295 2322 2348 2367 et
2385 2312 2571 2364 decem
2601 2308 2917 2362 triremibus
2946 2304 3252 2366 instructis,
3278 2304 3343 2356 ad
3377 2301 3478 2355 Sa-

1893 2408 2149 2461 laminam
2184 2404 2417 2459 insulam
2473 2402 2748 2471 fngernnt.
2785 2398 2984 2453 Urbem
3026 2398 3209 2466 itaque
3252 2410 3478 2449 vacuam

1893 2514 2015 2551 cum
2053 2496 2311 2564 cepisset,
2345 2493 2619 2558 incendit;
2656 2501 2854 2560 pra-ter
2896 2489 3293 2550 solamarcem,
3316 2500 3481 2556 quam

1894 2589 2101 2658 aliquot
2138 2588 2315 2639 adhuc
2371 2584 2440 2638 ibi
2478 2582 2653 2636 relicti
2714 2580 3151 2650 propugnabant.
3205 2577 3309 2631 Sed
3355 2591 3481 2630 cum

1897 2679 2111 2732 tandem
2140 2686 2196 2731 et
2230 2676 2281 2730 hi
2320 2684 2479 2729 noctu
2529 2673 2814 2743 fugissent,
2849 2672 3013 2723 etiam
3064 2668 3213 2723 illaut
3245 2668 3476 2722 exussit.

1901 2772 2013 2825 Rex
2057 2771 2183 2824 inde
2245 2769 2310 2823 ad
2351 2768 2799 2836 angustissimum
2852 2763 3043 2818 Attica:
3082 2762 3281 2823 locum,
3325 2774 3484 2828 quem

222 2410 535 2479 συνέφλεξαν
561 2411 629 2464 τ’.
669 2411 728 2463 ’0
749 2409 805 2462 δὲ
838 2408 1046 2478 Ξέρξης
1077 2406 1302 2461 αὐτόθεν
1341 2404 1510 2459 ἐλθὼν
1534 2405 1628 2457 ἐπὶ
1650 2422 1736 2457 στε
1748 2424 1789 2456 ι-

219 2504 417 2557 νότατον
458 2501 507 2533 ⁸⁰
561 2501 660 2572 τῆς
722 2502 976 2570 Ἀττικῆς
1005 2498 1364 2570 (Ἡράκλειον
1409 2498 1453 2529 ⁸¹
1494 2496 1787 2565 καλεῖται),

219 2591 433 2663 ἐχώννυε
480 2593 643 2663 χῶμα
684 2594 777 2645 ἐπὶ
825 2592 1125 2662 Σαλαμῖνα,
1157 2592 1296 2661 πεζῇ
1347 2590 1433 2643 ἐπ’
1467 2590 1638 2661 αὐτὴν
1672 2589 1791 2655 διαέ

210 2685 364 2750 ϐῆναι
402 2685 813 2754 διανοούμενος.
866 2684 1038 2753 Βουλῇ
1066 2684 1124 2736 δὲ
1168 2682 1603 2752 Θεμιστοκλέους
1631 2680 1795 2750 Ἀθη-

220 2777 351 2829 νλίου
374 2778 471 2842 καὶ
500 2776 832 2846 Ἀριστείδου
860 2775 1075 2840 τοξόται
1104 2775 1203 2844 μὲν
1227 2774 1334 2826 ἀπὸ
1364 2775 1594 2845 Κρήτης
1625 2789 1796 2843 προσ-

1901 2862 2227 2917 lleracleum
2274 2860 2572 2931 appellant,
2616 2856 2916 2927 profectus,
2977 2869 3228 2924 aggerem
3257 2852 3488 2906 Salami-

218 2961 300 3012 καὶ
325 2959 595 3030 Ἑλλήνων
616 2960 847 3027 γίνεται,
874 2958 1102 3029 Περσῶν
1122 2958 1221 3028 μὲν
1252 2957 1381 3019 ναῦς
1406 2956 1637 3026 ἐχόντων
1656 2955 1798 3025 ὑπὲρ

1918 2972 2026 3010 tam
2063 2970 2251 3008 versus
2279 2954 2477 3007 ducere
2515 2950 2702 3019 erepit,
2733 2964 2799 3003 eo
2836 2946 3088 3011 consilio,
3134 2955 3194 2999 ut
3240 2944 3480 3012 pedestri

216 3053 306 3114 τὰς
339 3052 544 3121 χιλίας,
578 3050 1009 3122 στρατηγοῦντος
1049 3052 1232 3113 αὐτοῖς
1270 3050 1488 3117 Ὀνὸφα,
1531 3047 1800 3118 Ἑλλήνων

1918 3051 1969 3104 ιιι
2004 3048 2233 3104 insulam
2266 3048 2462 3101 itinere
2495 3044 2737 3099 transire
2760 3041 3053 3111 aliquando
3081 3039 3272 3108 possit.
3324 3038 3395 3091 At
3422 3051 3488 3091 ex

217 3144 267 3197 δὲ
306 3144 663 3207 ἑπτακοσίας,
726 3146 839 3199 Καὶ
892 3143 1120 3198 νικῶσιν
1182 3142 1467 3211 Ἕλληνες,
1534 3140 1629 3193 καὶ
1681 3140 1799 3192 δια-

1918 3140 2292 3197 Themistoclis
2320 3138 2673 3193 Atheniensis
2725 3144 2776 3189 et
2814 3134 3066 3188 Aristidte
3117 3130 3346 3186 consilio
3397 3145 3489 3183 sa-

1942 3236 1952 3242 .
2073 3232 2105 3242 ..
2251 3230 2285 3242 η
2359 3239 2367 3242 .
2717 3236 2725 3242 .
2844 3235 2881 3242 κ.
3236 3221 3489 3242 md“.

219 2867 503 2923 καλοῦνται
535 2869 633 2921 καὶ
664 2868 1078 2941 παραγίνονται,
1111 2862 1235 2920 εἶτα
1262 2865 1542 2935 ναυμαχία
1570 2863 1796 2935 Περσῶν

218 3237 526 3306 φθείρονται
561 3236 831 3308 Περσικαὶ
876 3237 1233 3288 πεντακόσιαι
1278 3234 1428 3302 νῆες,
1471 3232 1566 3285 καὶ
1606 3230 1801 3300 φεύγει

1918 3232 2106 3305 gittarii
2151 3247 2217 3286 ex
2247 3230 2407 3285 Creta
2448 3236 2802 3282 accersuntur
2829 3235 2888 3281 et
2931 3224 3186 3287 veniunt;
3220 3221 3415 3275 deinde
3439 3228 3495 3273 et

221 3330 438 3401 Ξέρξης,
473 3329 638 3401 βουλῇ
683 3330 845 3383 πάλιν
885 3329 981 3382 καὶ
1018 3327 1183 3397 τέχνῃ
1211 3326 1544 3397 Ἀριστείδου
1581 3326 1676 3378 καὶ
1703 3324 1804 3376 Θε-

222 3423 610 3491 μιστοκλέους·
664 3424 722 3474 ἐν
772 3421 831 3474 δὲ
872 3422 994 3483 ταῖς
1041 3420 1256 3483 λοιπαῖς
1304 3418 1548 3480 ἁπάσαις
1602 3416 1806 3486 μάχαις

222 3517 493 3569 ἀπέθανον
528 3514 755 3585 Περσῶν
800 3512 1007 3567 δώδεκα
1056 3512 1338 3584 μυριάδες.
1373 3507 1578 3581 Ξέρξης
1610 3510 1666 3563 δὲ
1707 3526 1806 3561 πε-

224 3610 383 3679 ράσας
430 3609 519 3671 εἰς
546 3606 647 3677 τὴν
690 3606 896 3671 Ἀσίαν,
926 3607 1017 3659 καὶ
1058 3602 1381 3658 ἀπελαύνων
1434 3604 1513 3664 εἰς
1558 3600 1802 3672 Σάρδεις,

226 3702 431 3772 ἔπεμπε
451 3698 781 3766 Μεγάϐυζον
801 3698 863 3751 τὸ
886 3700 943 3751 ὲν
968 3697 1194 3766 Δελφοῖς
1222 3696 1366 3765 ἱερὸν
1392 3693 1622 3761 συλῆσαι
1640 3710 1653 3724 ο
1681 3691 1806 3744 ἐπεὶ⁵

226 3792 276 3845 δὲ
314 3792 527 3854 ἐκεῖνος
573 3790 893 3859 παρῃτεῖτο,
936 3785 1330 3841 ἀποστέλλεται
1384 3781 1652 3843 Ματάκας
1686 3780 1731 3811 ⁸²
1776 3780 1806 3831 ὁ

228 3883 492 3954 εὐνοῦχος,
522 3880 711 3951 ὕϐρεις
750 3897 810 3931 τε
842 3880 1025 3949 φέρων
1045 3877 1125 3947 τῷ
1167 3874 1464 3929 Ἀπόλλωνι
1500 3873 1595 3926 καὶ
1630 3871 1805 3924 πάντα

1907 3323 2082 3378 navali
2120 3337 2295 3392 pugna
2324 3319 2502 3374 Persae
2539 3334 2662 3372 cum
2691 3316 2895 3373 Graecis
2919 3311 3363 3383 congrediuntur.
3386 3311 3494 3362 Du-

1912 3415 2108 3469 cebant
2165 3412 2241 3467 illi
2314 3425 2482 3466 nat-es
2533 3424 2696 3477 supra
2758 3407 2930 3470 mille,
2990 3406 3186 3475 quibus
3239 3403 3498 3470 Onopbas

1911 3515 2166 3576 praeerat,
2200 3503 2252 3556 bi
2294 3502 2688 3570 septingentas.
2735 3495 2973 3551 Vincunt
3000 3504 3179 3547 tamen
3212 3492 3410 3553 Grzeci,
3442 3503 3499 3546 et

1909 3595 2233 3665 quingentas
2292 3595 2473 3649 Persa)
2532 3604 2698 3644 nares
2756 3588 3039 3641 amittunt.
3111 3587 3231 3655 Ipse
3282 3598 3499 3653 quoque

1912 3685 2124 3741 Xerxes
2152 3683 2382 3739 consilio
2436 3695 2626 3735 rursus
2650 3687 2707 3733 et
2738 3687 2858 3731 arte
2882 3676 3139 3731 Aristidis
3162 3686 3324 3742 atque
3353 3672 3499 3726 The-

1913 3776 2199 3839 tnistoclis,
2226 3773 2403 3844 fugam
2428 3772 2647 3841 arripit,
2677 3768 2980 3824 interfectis
2996 3769 3061 3822 de
3082 3766 3302 3820 Persico
3328 3779 3502 3819 exer-

1912 3873 2044 3932 citu,
2096 3868 2350 3925 omnibus
2412 3867 2563 3921 hisce
2626 3863 2870 3935 praeliis,,
2912 3875 3016 3914 non
3059 3859 3236 3913 minus
3282 3865 3500 3911 centum

228 3946 511 4046 συλήσωνο
552 3946 649 4028 καὶ
694 3974 761 4045 δὴ
793 3946 937 4027 οὕτω
971 3972 1206 4042 ποιήσας
1269 3968 1406 4038 πρὸς
1456 3963 1661 4035 Ξέρξην
1706 3963 1804 4016 ὑπι

1918 3961 2105 4030 viginti
2132 3958 2394 4014 millibus.
2445 3955 2580 4011 Cum
2630 3964 2813 4010 autem
2882 3953 2936 4006 in
2986 3950 3173 4005 Asiam
3216 3963 3309 4002 rex
3336 3946 3505 4015 traje-

230 4070 512 4140 έστρεφεν.

227 4167 307 4232 qui
374 4164 639 4232 templum
694 4162 1009 4228 Delphicum
1062 4158 1361 4227 diriperet;

225 4260 449 4329 Apollini
508 4259 800 4323 illaturus,
856 4257 1147 4326 omniaque
1212 4253 1552 4322 expilaturus
1611 4249 1902 4302 mittitur:

1916 4055 2102 4119 cisset,
2156 4063 2210 4107 et
2234 4050 2437 4106 Sardes
2486 4055 2759 4117 pergeret,
2816 4044 3171 4114 Megabyzum
3235 4041 3504 4107 designat,

1457 4155 1553 4210 sed
1624 4150 1953 4207 detrectavit
2019 4150 2113 4204 ille
2167 4146 2420 4211 facinus;
2472 4159 2644 4214 quare
2682 4141 2919 4195 hlatacas
2956 4139 3239 4194 eunuchus
3284 4136 3511 4203 injurias

1962 4247 2055 4315 qui
2089 4244 2354 4300 conlectis
2389 4243 2463 4295 ita
2496 4241 2685 4302 rebus,
2726 4237 2795 4290 ad
2878 4249 3057 4303 regem
3100 4247 3353 4288 reversus
3404 4237 3510 4287 est.

285 4353 497 4424 Ξέρξης
519 4353 566 4386 ⁸⁸
591 4353 698 4405 ἀπὸ
726 4350 1047 4413 Βαϐυλῶνος
1064 4351 1144 4411 εἰς
1172 4348 1387 4417 Πέρσας
1413 4344 1804 4413 παραγίνεται¹

1991 4342 2054 4394 In
2114 4338 2362 4393 Persiam
2412 4332 2632 4388 interim
2682 4327 2893 4381 Xerxes
2960 4326 3233 4396 Babylone
3292 4329 3517 4379 venerat

225 4447 311 4500 καὶ
341 4442 676 4513 Μεγάϐυζος
706 4442 850 4497 κατὰ
894 4443 995 4512 τῆς
1024 4440 1285 4508 γυναικὸς
1318 4438 1414 4505 τῆς
1451 4434 1585 4496 ἰδίας
1629 4432 1801 4503 Ἀμύ-

221 4556 351 4605 τιος,
382 4538 422 4609 ἢ
450 4537 722 4605 Θυγάτηρ,
745 4536 821 4599 ὡς
844 4535 1192 4605 προείρηται,
1232 4528 1434 4600 Ξέρξου
1493 4526 1818 4596 ἐτύγχανεν,

222 4631 291 4693 ὡς
354 4628 800 4700 μεμοιχευμένης
868 4627 1058 4693 λόγους
1103 4624 1296 4676 ἐκίνει.
1335 4621 1444 4674 Καὶ
1485 4618 1811 4687 ἐπιτιμᾶται

1930 4448 2055 4488 eum
2113 4430 2446 4501 Megabyzus
2500 4439 2725 4495 uxorem
2780 4436 2933 4476 suam
2986 4418 3209 4487 Amytin
3259 4417 3425 4484 (quae,
3459 4424 3518 4467 ut

1922 4525 2035 4596 jam
2066 4534 2229 4579 antea
2260 4523 2487 4582 dictum,
2528 4520 2724 4571 Xerxa:
2766 4514 2873 4568 ﬁlia
2917 4513 3057 4580 erat)
3102 4509 3353 4565 adulterii
3386 4507 3518 4561 insi-

1929 4618 2118 4681 mulat,
2147 4615 2500 4686 quamobrem
2530 4612 2617 4665 illa
2643 4609 2848 4663 acriter
2876 4621 2907 4660 a
2934 4614 3161 4676 parente
3224 4602 3519 4671 increpita,

237 4722 463 4791 ’Ᾱμύτις
508 4719 689 4788 λόγοις
746 4719 855 4771 ὑπὸ
918 4716 1015 4770 τοῦ
1072 4713 1303 4785 πατρὸς,
1334 4713 1430 4767 καὶ
1476 4711 1797 4779 ὑπισχνεῖται

1927 4710 2158 4781 spondet
2188 4722 2251 4763 se
2280 4717 2492 4761 castam
2533 4719 2676 4758 esse.

227 4814 554 4883 σωφρονεῖν.

304 4902 720 4976 ’Δρτάπανοςδδ
764 4901 821 4954 δὲ
876 4900 1020 4970 μέγα
1078 4898 1233 4969 παρὰ
1282 4895 1459 4968 Ξέρξῃ
1514 4895 1812 4963 δυνάμενος

1996 4887 2313 4954 Artapanus
2382 4880 2537 4946 item,
2588 4876 2681 4948 qui
2754 4873 3049 4944 plurimum
3109 4871 3253 4939 apud
3308 4866 3523 4921 Xerxen

230 4958 765 5071 μετ’ξΑσπαμίτρου
781 4996 827 5027 ³⁵
857 4958 971 5047 τοῦ.
1014 4958 1273 5061 εὐνούχου
1292 4958 1371 5053 ⁸⁸,
1408 4958 1538 5060 ᾔει)
1570 4958 1665 5057 [Li
1727 4985 1804 5039 κα¹

1931 4976 2257 5033 auctoritate
2284 4972 2522 5034 valebat,
2546 4980 2603 5025 et
2625 4982 2748 5022 cum
2780 4981 2846 5021 eo
2868 4963 3207 5033 Aspamitres
3236 4958 3524 5015 eunuchus

2088 5069 2095 5071 _
2554 5063 2565 5071 .
2642 5062 2653 5071 .
2998 5057 3009 5071 ι
3138 5068 3240 5071 ,Au
3290 5048 3523 5071 _....__.n\

227 5090 397 5145 αὑτοῦ
457 5088 601 5160 μέγα
638 5087 962 5157 δυναμένου,
997 5084 1348 5157 βουλεύονται
1374 5082 1583 5136 ἀνελεῖν
1606 5081 1650 5113 ⁸⁷
1682 5078 1826 5150 Ξέρ-

1934 5071 2049 5141 (qui
2085 5069 2201 5139 ipse
2251 5080 2468 5136 quoque
2518 5062 2809 5134 plurimum
2867 5057 3013 5127 apud
3065 5068 3247 5123 regem
3289 5048 3526 5119 poterat)

232 5183 351 5254 ξην,
404 5145 500 5236 κᾶι
539 5145 865 5251 ,ἀναιρούσῃ
916 5145 1013 5231 καί
1075 5175 1355 5230 πείθουσιν
1407 5145 1804 5243 Ἀρτοξέρξην⁸

1938 5166 2006 5221 de
2050 5162 2233 5217 Xerxe
2285 5157 2671 5215 interﬁciendo
2715 5153 3004 5210 consilium
3037 5149 3268 5219 agitant,
3310 5145 3529 5198 eadem-

232 5277 320 5331 τὸ)
344 5276 471 5329 υἱὸν
493 5274 568 5339 ὡς
600 5274 884 5344 Δαρειαῖος
905 5270 952 5301 δ”
982 5269 1146 5324 αὐτὸν
1168 5270 1197 5321 ὁ
1223 5267 1413 5337 ἕτερος
1463 5267 1595 5328 παῖς
1628 5262 1832 5317 ἀνεῖλε.

1941 5271 2048 5327 que
2076 5260 2295 5325 patraot
2327 5250 2494 5321 40a.
2536 5252 2857 5303 Artaxerxae
2890 5242 3110 5298 interim
3167 5238 3277 5293 lilio
3304 5248 3529 5305 persna-

1553 5444 1792 5501 VABUE
1829 5437 2236 5498 LECTIONES.

310 5601 359 5633 ⁷⁸
391 5598 692 5669 ἡγούμενον
719 5596 780 5651 δὲ
806 5595 1079 5669 αὑτοῖς-ς.
1108 5663 1119 5669 _
1170 5592 1214 5624 ⁷⁷
1244 5587 1490 5669 χιλιάδας
1510 5584 1713 5668 Eii-iﬁ-
1738 5585 1803 5639 Αο

247 5795 448 5882 ξέρξτξν
470 5795 514 5874 ἒς
545 5810 631 5866 hic
660 5816 714 5865 ct
743 5795 903 5863 infra.
980 5807 1025 5839 ⁸*
1053 5795 1294 5879 aspicio;
1326 5802 1393 5869 Α,
1418 5798 1511 5870 qui
1535 5795 1686 5868 Vsazpe
1712 5795 1809 5851 ita.

1881 5578 1929 5613 τε
1968 5578 2307 5613 Iunium-nine!

310 5601 359 5633 ⁷⁸
391 5598 692 5669 ἡγούμενον
719 5596 780 5651 δὲ
806 5595 990 5658 αὐτοῖς
1018 5611 1079 5659 ς.
1170 5592 1214 5624 ⁷⁷
1244 5587 1490 5661 χιλιάδας
1510 5584 1619 5656 ’ἐξιῖ
1651 5603 1713 5651 ς.
1738 5585 1803 5639 Δ.
1881 5578 1929 5613 ’³⁸
1968 5578 2332 5648 ὲμπίμπρηοι
2357 5592 2415 5640 ς.
2499 5578 2546 5606 τ’
2578 5578 2900 5637 συνέφλεξεν
2932 5581 2991 5628 ς.
3023 5578 3068 5593 ον
3098 5578 3201 5613 στεε

240 5672 286 5703 ⁸⁸
322 5669 478 5741 Ἡρι]
506 5670 536 5722 ὃ
577 5668 808 5741 Ἡρηςἶ
878 5667 924 5697 ⁸⁸
958 5663 1232 5741 Maedicae
1290 5662 1506 5741 idemne
1548 5657 1846 5741 quii_supra
2112 5647 2466 5741 Piliotrcim;
2487 5644 2538 5741 :1
2569 5631 3201 5741 ῆαξδΔς.

242 5720 527 5805 τάσέἕ
593 5720 662 5772 δ”
689 5720 813 5793 libri
851 5735 991 5805 μετά
1039 5720 1360 5805 Σπαμίτρου
1410 5727 1506 5805 (ιτ.⁸
1533 5720 1584 5796 ιιῖ
1647 5720 1797 5805 ιομὰ.
1874 5722 1920 5755 ⁸⁸
1950 5720 2295 5793 ἡμεάρρενος
2329 5734 2390 5781 ς.

2499 5574 2546 5606 ⁷⁸
2578 5566 2900 5637 συνέφλεξεν
2932 5581 2991 5628 ς.
3023 5562 3068 5593 ⁸⁰
3098 5555 3429 5613 στενώτατον
3460 5572 3524 5619 ς.

2499 5644 2511 5677 ν
2583 5642 2628 5672 οι
2655 5639 2860 5677 τέηβσητ·
2892 5634 2946 5677 δὲ
2990 5631 3099 5677 ἀπὸ
3140 5647 3201 5677 ε’.
3305 5625 3352 5658 ⁸⁵
3394 5625 3524 5677 Ἃρ-

2494 5715 2538 5746 ⁸⁷
2566 5697 3077 5782 ἀνελεῖνΪὼαιρείν
3099 5703 3164 5755 Δ.
3238 5697 3285 5730 ⁸⁸
3331 5697 3523 5767 Ἀρτα-
