3926 6436
446 398 548 464 187

1622 396 1889 456 ΡΗΟΤΙῙ
1929 396 2434 457 PATRIARCH/E
2473 400 2582 459 CP.

3596 411 3698 480 188

443 524 596 587 dent,
632 535 661 574 a
693 518 903 572 Dariaeo
943 516 1115 570 altero
1158 514 1268 568 lilio
1310 522 1516 583 patrem
1569 529 1694 569 esse
1746 524 2015 569 necatum.

2127 516 2237 568 Καὶ
2286 516 2644 583 παραγίνεται
2678 517 2960 588 Δαρειαίος
2976 519 3023 551 ⁹⁹
3054 519 3318 593 ἀγόμενος
3364 526 3467 582 ὑπὸ
3502 531 3698 604 Ἀρτα-

445 611 749 666 Adducitur
775 623 905 678 ergo
935 608 1003 661 ab
1050 608 1328 675 Artapano
1360 609 1413 659 in
1448 606 1770 659 Artaxerxe
1800 606 2019 658 domum

448 702 708 765 Dariaens,
747 698 922 753 multo
953 713 1074 751 cum
1108 697 1346 751 clamore
1389 695 1683 749 identidem
1718 711 2022 765 pernegaris

445 808 506 847 se
540 791 865 862 parricidam
898 805 1040 853 esse,
1076 789 1122 843 is
1159 798 1338 842 tamen
1370 789 1547 856 capite
1572 787 1763 857 plexus
1794 787 2022 841 moritur

445 885 823 939 nihilominus.

521 976 853 1030 Artaxerxes
879 972 992 1043 (96)
1030 970 1222 1025 deinde
1244 969 1504 1039 Artapani
1534 982 1696 1038 opera
1728 983 1895 1035 regno
1922 981 2022 1036 po-

447 1069 599 1121 titur.
633 1067 886 1119 Attamen
909 1065 1073 1118 etiam
1100 1064 1258 1131 hujus
1287 1061 1411 1115 vitae
1444 1060 1751 1128 Artapanus
1774 1060 1913 1114 idem
1943 1060 2025 1111 in-

443 1155 617 1209 sidias
654 1153 846 1219 tendit,
881 1162 936 1206 et
973 1152 1373 1206 communicato
1413 1166 1537 1205 cum
1570 1149 1858 1219 Megabyso
1890 1164 2023 1205 con-

446 1248 574 1301 silio
603 1247 718 1317 (qui
740 1248 851 1314 jam
884 1246 955 1300 ob
982 1255 1286 1316 suspectam
1316 1244 1566 1298 adulterii
1607 1258 1828 1297 uxorem
1868 1258 2021 1298 suam

445 1337 683 1407 Amytin,
742 1335 1035 1403 magnoin
1090 1348 1327 1388 maerore
1387 1332 1750 1401 versabatur),
1811 1331 2021 1399 jureju-

445 1428 616 1481 rando
650 1427 752 1481 sibi
788 1434 972 1480 mutuo
1011 1436 1227 1480 cavent.
1254 1423 1457 1479 Verum
1495 1438 1552 1477 re
1597 1431 1705 1479 tota
1746 1423 2020 1493 Megabyzi

445 1517 646 1571 iudicio
679 1518 907 1587 prodita,
933 1516 1122 1570 eodem
1154 1516 1342 1569 mortis
1368 1530 1568 1584 genere
1594 1515 1735 1583 quod
1759 1515 2020 1568 Artaxer-

448 1622 543 1660 Xes
584 1606 847 1658 tollendus
893 1604 1091 1669 fuerat,
1150 1604 1460 1673 Artapanus
1517 1605 1629 1672 ipse
1671 1603 1899 1669 tollitur,
1934 1613 2021 1658 at-

446 1712 551 1766 que
580 1699 716 1751 adeo
748 1711 1087 1765 quaecunque
1116 1696 1171 1749 in
1212 1693 1447 1748 Xerxem
1491 1709 1554 1747 ac
1578 1694 1861 1767 _Daria>.um
1894 1708 2020 1761 per-

443 1798 651 1856 petrata
694 1789 929 1852 fuerant,
983 1789 1244 1858 patefiunt
1293 1790 1494 1841 omina.
1545 1788 1725 1853 Quare
1769 1789 2020 1854 Aspami-

442 1893 553 1935 tres
586 1882 699 1950 (97)
729 1896 967 1950 quoque,
1016 1883 1106 1949 qui
1159 1880 1357 1934 Xerxis
1400 1891 1565 1948 atque
1609 1879 1799 1932 Dariaei
1857 1878 2019 1932 caedis

440 1974 692 2027 conscius
714 1973 910 2039 fuerat,
930 1974 1126 2027 acerbo
1162 1976 1213 2026 in
1240 1973 1430 2042 primis
1453 1988 1514 2024 ac
1534 1971 1670 2026 duro
1696 1969 1808 2041 (98)
1830 1970 2020 2025 mortis

439 2078 661 2132 genere,
706 2064 964 2118 adhibitis
988 2079 1084 2131 per
1115 2065 1371 2132 scapham
1416 2063 1727 2125 tormentis,
1762 2060 2015 2115 afﬁcitur.

440 2155 569 2206 Post
611 2153 872 2221 Artapani
906 2162 1135 2208 mortem
1190 2170 1364 2223 pugna
1392 2153 1635 2207 exoritur
1666 2154 1808 2206 inter
1829 2152 2020 2221 conjuo

440 2244 669 2298 rationis
704 2244 849 2298 illius
898 2247 1076 2299 socios
1126 2245 1473 2314 reliquosque
1526 2243 1769 2296 Persas:
1822 2258 1929 2311 qua
1960 2242 2015 2295 in

440 2349 615 2403 pugna
648 2336 907 2403 Artapani
951 2334 1045 2387 filii
1076 2334 1302 2397 cadunt,
1337 2333 1630 2402 Megabyzo
1655 2346 1871 2400 quoque
1895 2346 2019 2399 gra-

437 2426 579 2479 viter
609 2426 812 2481 saucio.
854 2424 1024 2491 Quem
1056 2424 1214 2493 huius
1243 2440 1429 2479 casum
1464 2424 1818 2485 Artaxerxes,
1852 2423 2013 2476 item-

437 2529 541 2582 que
567 2516 778 2587 Amytis
807 2525 861 2570 et
884 2514 1242 2582 Rbodogune,
1293 2514 1643 2583 ipsarumque
1675 2520 1847 2567 mater
1868 2510 2019 2564 Ami-

435 2610 569 2663 slris
618 2608 972 2662 vehementer
1025 2607 1303 2660 luxerunt.
1365 2604 1607 2658 Tandem
1658 2611 1860 2666 tamen,
1913 2600 2015 2655 etsi

435 2715 579 2770 aegre
635 2699 963 2760 admodum,
1067 2697 1264 2762 insigni
1327 2696 1606 2766 diligentia
1677 2692 2015 2763 Apollonidze

433 2792 531 2844 (lui
565 2790 760 2844 medici
790 2798 1035 2843 servatus
1062 2798 1165 2843 est.

508 2880 831 2935 Desciscunt
860 2882 926 2933 ab
979 2880 1285 2934 Artaxerxe
1336 2880 1552 2945 Bactra,
1606 2894 1713 2932 una
1762 2894 1885 2934 cum
1929 2894 2018 2935 sa-

436 2984 587 3041 trapa
632 2972 910 3040 Artapano
959 2971 1134 3025 altero
1172 2980 1226 3024 et
1258 2980 1528 3039 pugnatur
1571 2986 1728 3039 :equo
1761 2973 2018 3040 utrinque

436 3062 629 3117 Marte.
659 3062 767 3117 Sed
801 3078 921 3117 cum
949 3062 1265 3129 jamzaltero
1296 3062 1431 3115 inito
1463 3061 1648 3131 prtelio
1686 3062 1737 3116 in
1768 3062 2017 3119 Bactrio-

433 3170 553 3207 rum
607 3154 799 3208 faciem
844 3166 1039 3208 ventus
1073 3154 1331 3221 spiraret,
1384 3155 1636 3222 superior
1679 3156 2013 3210 Artaxerxes
2039 3188 2086 3250 ε

432 3244 687 3310 eﬂicitur,
736 3254 898 3315 atque
942 3249 993 3299 In
1045 3243 1164 3313 ejus
1204 3244 1467 3300 ditionem
1499 3245 1717 3300 Bactria
1764 3246 2015 3301 concedit

433 3339 708 3393 universa.

499 3430 706 3486 Defecit
734 3428 1095 3501 etA'Zgyptus,
1118 3430 1275 3483 luaro
1302 3429 1493 3500 Lydio,
1528 3429 1811 3498 alteroque
1844 3428 2014 3500 Egy-

431 3524 545 3592 ptio
576 3523 809 3592 quodam
836 3523 1157 3578 defectionis
1201 3523 1540 3587 auctoribus,
1573 3529 1623 3575 et
1660 3522 1843 3575 omnia
1874 3522 2015 3576 bello

431 3614 666 3683 gerendo
720 3613 1023 3668 necessaria
1086 3620 1496 3682 comparantur.
1553 3610 1694 3677 Quin
1741 3621 1797 3665 et
1846 3612 2015 3664 Athe-

429 3707 650 3759 uienses
699 3705 859 3758 lnaro
906 3706 1109 3772 petenti
1153 3704 1515 3773 quadraginta
1580 3705 1744 3755 naves
1786 3702 2015 3755 submit-

432 3805 573 3851 tunt.
600 3796 965 3861 Quamobrem
1009 3797 1341 3852 Artaxerxes
1387 3797 1501 3865 ipse
1533 3797 1584 3850 in
1616 3797 1757 3850 hanc
1790 3794 2010 3865 expedi-

429 3890 632 3943 tionem
666 3888 935 3957 proﬁcisci
964 3890 1260 3957 Cogitabat.
1299 3888 1496 3943 Verqu
1534 3889 1585 3942 id
1609 3891 1657 3943 ei
1682 3889 1873 3942 amicis
1900 3888 2014 3942 dis—

431 3981 807 4046 suadentibus,
854 3980 1289 4034 Acbmmeuidem
1328 3980 1553 4035 fratrem
1600 3995 1723 4033 cum
1772 3980 2009 4048 peditum

431 4074 670 4128 millibus
694 4073 1131 4144 quadringentis,
1205 4083 1259 4129 et
1336 4074 1563 4129 navibus
1617 4072 1891 4144 octoginta
1957 4073 2012 4125 in

430 4166 722 4236 Egyptum
763 4166 948 4220 mittit.
1003 4164 1257 4237 Conﬂigit
1301 4165 1491 4220 lnarus
1550 4180 1672 4221 cum
1732 4166 2013 4219 Achaeme-

431 4260 593 4325 nidet;
642 4265 899 4325 superant
960 4256 1249 4327 Egyptii;
1300 4257 1714 4312 Achaemenides
1765 4256 1882 4325 ipse
1944 4257 2011 4310 ab

430 4347 587 4402 lnaro
618 4362 908 4416 percussus
939 4350 1197 4412 moritur,
1234 4361 1541 4416 corpusque
1568 4346 1637 4400 ad
1667 4348 2008 4401 Artaxerxen

430 4441 683 4493 mittitur.
736 4439 794 4493 In
840 4440 977 4493 mari
1023 4453 1239 4508 quoque
1287 4440 1574 4493 victoriam
1632 4437 1821 4491 lnarus
1867 4436 2010 4491 obti-

2124 607 2295 659 πάνου
2333 609 2414 668 εἰς
2445 608 2543 675 τὴν
2565 608 2747 661 οἰκίαν
2791 610 3142 682 Ἀρτοξέρξου
3159 615 3226 679 ⁹¹,
3265 618 3439 672 πολλὰ
3480 618 3571 692 [59
3607 622 3697 696 IL]

2124 698 2263 766 βοῶν
2312 699 2406 751 καὶ
2462 697 2873 770 ἀπαρνούμενος
2894 703 2941 733 ⁹¹
2963 702 3040 766 ὡς
3090 704 3192 758 ούκ
3226 706 3312 778 εἰη
3385 714 3578 779 φονεὺς
3605 715 3698 768 τοῦ

2123 790 2351 860 πατρὸς,
2381 790 2476 844 καὶ
2502 791 2857 863 ἀποθνήσκει.

2193 964 2303 1018 Καὶ
2363 964 2636 1033 βασιλεύει
2682 967 3039 1041 Ἀρτοξέρξης
3086 972 3287 1044 σπουδῇ
3334 974 3696 1046 Ἀρταπάνου.

2122 1055 2235 1109 Καὶ
2274 1057 2677 1112 ἐπιϐουλεύεται
2739 1060 2905 1114 πάλιν
2929 1060 3022 1115 ὑπ’
3049 1062 3238 1128 αὐτοῦ,
3292 1066 3385 1119 καί⁵
3432 1066 3700 1138 λαμϐάνει

2122 1148 2377 1201 κοινωνὸν
2436 1152 2535 1219 τῆς
2582 1151 2777 1223 βουλῆς
2816 1154 3155 1226 Ἀρτάπανος
3206 1158 3534 1226 Μεγάϐυζον
3599 1161 3699 1232 ἤδη

2121 1237 2495 1310 λελυπημένον
2544 1243 2635 1295 ἐπὶ
2681 1247 2747 1312 τῇ
2772 1245 2878 1312 ἰδίᾳ
2933 1248 3156 1314 γυναικὶ
3202 1249 3396 1318 Ἀμύτι
3454 1251 3543 1304 διά
3603 1252 3700 1323 τὴν

2120 1326 2221 1395 τῆς
2252 1328 2495 1397 μοιχείας
2553 1331 2852 1401 ὑπόληψιν·
2882 1334 2976 1387 καὶ
3004 1336 3191 1406 ὅρκοις
3224 1336 3488 1406 ἀλλήλους
3517 1339 3702 1408 ἀσφα-

2122 1420 2379 1483 λίζονται.
2452 1422 2612 1476 Ἀλλά
2676 1425 2868 1496 μηνύει
2928 1428 3108 1481 πάντα
3168 1431 3499 1498 Μεγάϐυζος
3527 1475 3544 1500 ,
3602 1437 3699 1490 καὶ

2122 1513 2424 1583 ἀναιρεῖται
2472 1515 2807 1585 Ἀρτάπανος
2841 1511 2886 1585 ᾧ
2940 1520 3128 1591 τρόπῳ
3179 1521 3405 1591 ἔμελλεν
3452 1526 3700 1597 ἀναιρεῖν
3786 1528 3789 1531 ’

2135 1603 2511 1675 Ἀρτοξέρξην.
2532 1608 2642 1660 Καὶ
2667 1607 2876 1675 γίνεται
2912 1612 3090 1665 πάντα
3110 1612 3247 1681 δῆλα
3271 1613 3340 1667 τά
3357 1616 3699 1687 εἰργασμένα

2123 1694 2217 1747 ἐπὶ
2254 1694 2429 1768 Ξέρξῃ
2467 1697 2561 1749 καὶ
2589 1701 2882 1771 Δαρειαίῳ,
2951 1703 3045 1755 καὶ
3074 1704 3371 1759 ἀπόλλυται
3398 1709 3583 1780 πικρῷ
3608 1710 3700 1763 καὶ

2122 1786 2369 1857 κακίστῳ
2424 1787 2639 1859 θανάτῳ
2686 1791 3085 1864 ’Δσπαμίτρης,
3117 1794 3176 1855 ὃς
3206 1791 3274 1867 ἦν
3302 1799 3563 1861 κοινωνὸς
3607 1801 3700 1852 ἐπὶ

2119 1879 2231 1939 τοῖς
2265 1878 2448 1945 φόνοις
2481 1879 2681 1951 Ξέρξου
2716 1883 2809 1934 καὶ
2842 1885 3135 1953 Δαρειαίου
3159 1904 3172 1917 '
3208 1888 3547 1956 σκαφεύεται
3589 1890 3697 1961 γάρ

2119 1969 2216 2020 καὶ
2270 1967 2442 2032 οὕτως
2489 1972 2816 2042 ἀναιρεῖται.
2878 1975 3043 2045 Μάχη
3070 1976 3128 2029 δὲ
3159 1976 3370 2045 γίνεται
3426 1980 3565 2049 μετᾶ
3607 1981 3697 2034 τὸν

2119 2059 2348 2114 θάνατον
2389 2063 2728 2133 Ἀρταπάνου
2769 2067 2877 2120 τῶν
2897 2085 2957 2121 τε
2986 2071 3312 2141 συνωμοτῶν
3360 2072 3527 2126 αὐτοῦ
3605 2074 3698 2126 καί¹

2118 2152 2226 2204 τῶν
2267 2152 2443 2206 ἀλλων
2503 2156 2745 2227 Περσῶν,
2801 2160 2894 2212 καὶ
2954 2161 3245 2215 πίπτουσιν
3272 2164 3330 2216 ὲν
3364 2167 3428 2235 τῇ
3473 2165 3628 2237 μάχῃ
3648 2167 3696 2217 οί

2117 2248 2269 2314 τρεῖς
2318 2246 2412 2299 τοῦ
2486 2248 2824 2319 Ἀρταπάνου
2883 2254 3008 2317 υἱοὶ,
3048 2255 3480 2324 τραυματίζεται
3513 2256 3571 2310 δὲ
3607 2260 3700 2312 καὶ

2117 2335 2440 2402 Μεγάϐυζος
2487 2338 2760 2411 ἰσχυρῶς·
2816 2342 2911 2395 καὶ
2970 2342 3161 2414 θρηνεῖ
3198 2345 3559 2417 Ἀρτοξέρξης
3603 2348 3699 2401 καὶ

2118 2427 2413 2497 ήἈμύτις
2476 2431 2626 2503 καὶὴ
2669 2431 2985 2504 Ῥοδογούνη
3044 2438 3137 2490 καὶ
3184 2439 3218 2509 ἠ
3278 2440 3462 2510 μήτηρ
3515 2439 3696 2492 αὐτῶν

2130 2519 2453 2590 Ἀμῆστρις,
2491 2524 2587 2575 καὶ
2616 2523 2769 2593 μόλις
2804 2526 2969 2598 πολλῇ
3005 2529 3295 2602 ἐπιμελείᾳ
3330 2530 3699 2604 περισώζεται

2131 2611 2578 2668 Ἀπολλωνίδου⁹³
2615 2617 2799 2689 ἰατροῦ
2827 2620 2922 2673 τοῦ
2953 2622 3134 2694 Κῴου.

2200 2879 2518 2948 Ἀφίσταται
2558 2882 2907 2955 Ἀρτοξέρξου
2945 2886 3167 2960 Βάκτρα
3197 2890 3290 2944 καὶ
3322 2892 3350 2944 ὁ
3380 2891 3692 2963 σατράπης,

2116 2969 2275 3034 ἄλλος
2319 2974 2676 3044 Ἀρτάϐανος·
2709 2979 2805 3029 καὶ
2833 2978 3047 3044 γίνεται
3078 2980 3225 3051 μάχη
3261 2983 3549 3054 ίσοπαλής.
3589 2985 3698 3038 Καὶ

2117 3060 2326 3126 γίνεται
2372 3063 2535 3116 πάλιν
2576 3065 2641 3116 ὲκ
2678 3064 2955 3136 δευτέρου,
2989 3067 3087 3122 καὶ
3112 3069 3317 3140 ἀνέμου
3349 3072 3492 3125 κατὰ
3537 3074 3701 3145 πρόσ-

2117 3170 2267 3207 ωπον
2309 3155 2593 3225 Βακτρίων
2640 3158 2979 3223 πνεύσαντος
3005 3161 3135 3233 νικᾷ
3176 3161 3560 3235 Ἀρτοξέρξης,
3606 3164 3701 3218 καὶ

2120 3250 2432 3318 προσχωρεί
2454 3247 2603 3319 αύτῷ
2630 3250 2777 3303 πᾶσα
2804 3250 3071 3322 Βακτρία.

2198 3424 2518 3493 Ἀφίσταται
2578 3426 2894 3495 Αἴγυπτος,
2941 3428 3149 3500 Ἰνάρου
3193 3428 3387 3484 Λυδίου
3403 3429 3453 3462 ⁸⁸
3507 3431 3703 3503 ἀνδρὸς

2114 3520 2213 3570 καὶ
2241 3517 2429 3587 ἑτέρου
2461 3517 2757 3584 Αἰγυπτίου
2797 3519 2896 3589 τὴν
2926 3520 3229 3575 ἀπόστασιν
3277 3520 3699 3594 μελετήσαντος.

2114 3607 2207 3660 καὶ
2260 3606 2738 3676 εὐτρεπίζεταιτὰ
2778 3609 2914 3679 πρὸς
2973 3610 3248 3681 πόλεμον·
3288 3611 3576 3683 πέμπουσι
3610 3614 3704 3667 καὶ

2128 3699 2402 3771 Ἀθηναῖοι
2456 3702 2828 3773 αἰτησαμένου
2872 3701 3039 3756 αὐτοῦ
3087 3706 3503 3777 τεσσαράκοντα
3542 3708 3699 3778 νῆας.

2115 3792 2225 3845 Καὶ
2278 3793 2477 3865 μελετᾷ
2534 3795 2699 3858 αὐτὸς
2736 3795 3095 3870 Ἀρτοξέρξης
3146 3799 3577 3871 ἐκστρατεῦσαι,
3602 3802 3701 3855 καὶ

2111 3883 2223 3937 τῶν
2252 3884 2423 3952 φίλων
2456 3885 2515 3937 ού
2553 3885 3032 3955 συμϐουλευόντων
3073 3888 3284 3958 πέμπει
3320 3891 3704 3961 Ἀχαιμεδινην

2113 3976 2204 4029 τὸν
2229 3976 2479 4046 ἀδελφὺν,
2509 3978 2921 4049 τεσσαράκοντα
2945 3979 3045 4050 μὲν
3078 3981 3345 4051 μυριάδας
3360 3983 3704 4053 ἐπαγόμενον

2115 4068 2431 4139 στράτευμα
2464 4070 2711 4136 πεζικὸν,
2748 4071 2883 4142 νῆας
2907 4072 2964 4125 δὲ
2997 4079 3072 4128 π’.
3125 4073 3435 4144 Συμϐάλλει
3465 4075 3703 4146 πόλεμον

2116 4158 2332 4228 Ἴναρος
2361 4159 2499 4229 πρὸς
2544 4159 2949 4231 Ἀχαιμενίδην,
2987 4162 3081 4215 καὶ
3130 4162 3355 4219 νικῶσιν
3387 4165 3702 4233 Αἰγύπτιοι,

2112 4250 2206 4301 καὶ
2235 4247 2491 4317 βάλλεται
2536 4251 2913 4324 Ἀχαιμενίδης
2947 4254 3053 4307 ὑπὸ
3079 4255 3307 4327 Ἰνάρου,
3336 4257 3431 4311 καὶ
3455 4256 3701 4326 Θνήσκει,

2112 4342 2208 4395 καὶ
2259 4341 2654 4413 ἀποπέμπεται
2695 4346 2724 4397 ὁ
2760 4345 2956 4415 νεκρὸς
2992 4347 3159 4400 αὐτοῦ
3193 4349 3275 4411 εἰς
3316 4349 3701 4421 Ἀρτοξέρξην.

2126 4436 2412 4506 Ἐνίκησεν
2446 4438 2666 4507 Ἰναρος
2692 4438 2788 4491 καὶ
2820 4439 2963 4492 κατὰ
3021 4439 3294 4494 θάλατταν
3310 4440 3379 4504 ⁸⁵,
3404 4441 3704 4512 Χαριτιμί-

429 4536 569 4599 nuit,
634 4549 883 4601 magnam
927 4535 997 4586 ibi
1054 4533 1279 4603 gloriam
1348 4532 1572 4601 indepto
1623 4528 2003 4594 Cbaritimide,

2124 4531 2203 4584 5ου
2220 4532 2265 4564 ’⁸
2295 4532 2777 4603 εὐδοκιμήσαντος,
2810 4534 2871 4597 ὃς
2920 4533 3029 4589 τῶν
3058 4535 3117 4602 ἐξ
3166 4534 3405 4606 Ἀθηνῶν
3453 4543 3502 4606 μ’
3556 4537 3701 4607 νηῶν

427 4625 519 4696 qui
546 4625 903 4695 quadraginta
930 4625 1145 4679 illarum
1192 4624 1432 4689 navium,
1462 4638 1583 4692 quae
1612 4622 1679 4676 ab
1709 4619 2010 4674 Athenien-

428 4718 580 4773 sibus
633 4717 990 4781 advenerant,
1031 4716 1319 4785 praafectus
1359 4725 1498 4770 erat.
1545 4711 1682 4766 Nam
1722 4727 1788 4766 ex
1834 4711 1995 4780 quin-

427 4809 689 4879 quaginta
738 4810 965 4865 navibus
989 4809 1249 4871 Persicis,
1280 4807 1466 4878 viginti
1498 4821 1622 4861 cum
1655 4805 1787 4875 ipsis
1826 4804 2007 4859 homi-

430 4903 595 4956 nibus
641 4911 816 4971 captze
865 4912 1013 4965 sunt,
1062 4900 1282 4970 reliqua:
1313 4899 1531 4968 triginta
1594 4899 1827 4967 periere.
1864 4896 2004 4968 40b

423 4994 663 5048 Mittitur
720 5004 841 5063 post
897 4993 1012 5048 bmc
1054 4991 1379 5063 Megabyzus
1450 4993 1709 5044 adversus
1757 4989 2001 5052 lnarum,

423 5088 513 5156 qui
544 5087 608 5141 ad
654 5086 843 5156 copias
874 5100 993 5155 quae
1031 5086 1254 5156 reliqua:
1304 5083 1543 5149 fuerant,
1573 5083 1738 5136 alium
1775 5082 2006 5136 ducebat

425 5177 726 5233 exercitum
772 5179 1130 5234 ducentorum
1166 5177 1418 5243 millium,
1465 5190 1591 5230 cum
1632 5173 1859 5228 navibus
1900 5182 2009 5227 tre-

2115 4625 2453 4694 ὲχρημάτιζε
2467 4626 2513 4659 ⁸⁷
2552 4625 2825 4697 ναύαρχος
2847 4643 2859 4656 ·
2890 4629 2986 4681 καὶ
3012 4635 3055 4683 ν’
3095 4630 3321 4699 Περσῶν
3346 4632 3493 4700 νῆες,
3523 4633 3578 4683 αἱ
3604 4630 3705 4700 μὲν

2116 4716 2165 4769 κ’
2181 4716 2367 4790 αὐτοῖς
2398 4716 2655 4789 ἀνδράσιν
2689 4717 3026 4790 ἐλήφθησαν,
3059 4720 3115 4772 αί
3143 4719 3199 4773 δὲ
3229 4720 3272 4773 λ’
3302 4720 3700 4790 διεφθάρησαν,

2114 4802 2234 4861 εἶτα
2255 4789 2536 4877 π’έμπεται
2564 4807 2707 4862 κατά
2743 4789 2951 4876 Ἰνάρου
2984 4810 3332 4878 Μεγάϐυζος,
3355 4789 3699 4881 ἐπαγόμενος

2111 4897 2242 4953 ἄλλο
2266 4898 2583 4969 στράτευμα
2616 4899 2757 4969 πρὸς
2786 4900 2867 4970 τῷ
2902 4899 3303 4969 ὑπολειφθέντι,
3330 4901 3596 4971 μυριάδας
3628 4906 3698 4964 κ’,

2111 4988 2208 5042 καὶ
2264 4990 2398 5060 νῆας
2426 4988 2492 5054 τ’,
2558 4989 2653 5042 καὶ
2706 4991 3008 5062 ἐπιστάτην
3065 4993 3258 5056 αύταῖς
3277 4992 3322 5025 ’⁸
3364 4992 3698 5062 Ὀρίσκον⁹⁹,

2110 5080 2188 5144 ὡς
2209 5076 2348 5134 εἶναι
2370 5084 2543 5153 χωρὶς
2556 5082 2664 5135 τῶν
2690 5083 2830 5137 νεῶν
2852 5084 2913 5137 τὸ
2937 5084 3064 5138 ἄλλο
3092 5084 3298 5155 πλῆθος
3329 5083 3374 5137 ν’
3402 5083 3695 5156 μυριάδας

2125 5172 2516 5243 Ἀχαιμενίδης
2566 5173 2677 5245 γὰρ
2732 5174 2824 5226 ὅτε
2852 5170 3041 5241 ἔπεσε,
3069 5173 3202 5227 δέκα
3236 5173 3497 5245 μυριάδες
3526 5171 3698 5242 αὖτῷο

1699 5284 1926 5342 νΑῐὶΙᾸΞ
1960 5284 2371 5343 LECTIONES.

494 5384 550 5455 ἠοῖ
587 5380 958 5455 Ἀρταξέρξης
1023 5399 1085 5455 ς’..
1162 5381 1207 5414 ⁹¹
1249 5379 1811 5455 Ἀρτοξέᾼρᾼξουῌεοιχτ.
1862 5379 1905 5432 A
1937 5377 2280 5455 {Apparatth
2325 5395 2385 5442 ς.
2467 5379 2965 5455 οξιάπαρνούμεχος
3022 5381 3139 5455 A_:_
3174 5382 3696 5455 napatvodpevogg.

434 5452 481 5523 _”
510 5446 898 5506 Ἀπολλωνίδου
915 5446 1237 5523 Stephanus
1274 5446 1860 5523 ςίιίἰπίίἈπολλωνίου.
1941 5448 1989 5481 9⁸
2016 5446 2241 5523 Aueiae]
2268 5448 2438 5523 immo
2468 5446 2689 5523 Λίϐυος,
2717 5446 2828 5523 vid.
2860 5450 3164 5523 Thucydid.
3217 5446 3268 5521 Ι,’
3299 5454 3421 5509 104.
3450 5446 3463 5454 ’
3495 5454 3540 5487 ⁸⁸
3573 5451 3701 5505 θάλ-

434 5518 639 5577 λασσαν
668 5541 730 5587 ς.
805 5523 852 5554 ’⁸
883 5521 1265 5593 χαριστιμίδου
1285 5521 1350 5575 A.
1430 5521 1476 5554 ’⁷
1503 5521 1843 5592 ἐχρημάτισε
1874 5524 1937 5585 ς.

2013 5518 2059 5550 ⁸⁸
2094 5518 2448 5583 ίίῠῐῖαὺτοίς.

2528 5522 2573 5553 ⁹⁹
2610 5519 2863 5591 Ὠρίσκον
2898 5539 2959 5587 ς.

1959 5635 2186 5693 ΝΟΉΕ.

506 5727 618 5798 (96)
652 5729 1004 5799 Longimanus
1037 5739 1418 5799 cognomento.

509 5800 623 5870 (97)
646 5798 814 5857 Paulo
848 5809 973 5857 ante
1002 5798 1293 5871 Spamttres
1317 5803 1513 5860 dictus.

2195 5727 2307 5800 (-98)
2337 5728 2515 5785 Habes
2543 5729 2595 5785 id
2625 5745 2654 5784 a
2686 5728 2985 5806 Plutarcho
3009 5733 3342 5806 descriptum
3364 5733 3418 5790 in
3445 5732 3561 5790 Vita
3593 5729 3696 5787 Ar-

2121 5809 2383 5865 taxerxm,
2409 5817 2534 5857 mox
2567 5817 2599 5856 a
2632 5802 2923 5873 principio.
