3926 6426
459 398 559 463 191

1642 392 1911 456 PHOTII
1952 391 2467 454 PATRIARCHIE
2510 390 2622 453 (ΣΡ.

3621 397 3715 465 192

453 509 734 583 Megabyzi
804 509 932 565 ﬁliis
983 518 1205 565 strenue
1274 509 1659 580 pugnantibus,
1730 510 2038 581 ingentique

2148 508 2524 576 Περιποιετται
2594 503 2823 576 Οὖσιριν
2879 504 3180 576 ἐπιμελῶς,
3229 506 3324 560 καὶ
3407 506 3710 583 ἀποπέμπει

458 604 784 675 Megabyzus
851 604 1057 672 potitur
1094 604 1346 657 victoria.
1411 601 1591 657 Osirin
1652 612 1835 657 autem
1890 603 2038 656 omni

456 710 589 750 cura
641 709 970 750 conservare
1020 695 1225 757 studet,
1275 710 1437 763 quem
1486 694 1650 747 etiam
1679 695 1745 747 ad
1779 694 2043 748 Artaxer-

459 804 559 841 xen
584 828 599 849 ,
635 790 809 857 ipsum
845 795 1207 852 repetentem,
1237 786 1466 840 dimisit.
1502 784 1733 839 Mittitur
1762 784 1961 839 deinde
1987 793 2042 838 et

457 880 595 933 alter
624 880 886 931 adversus
936 877 1288 949 Megabyzum
1339 876 1639 938 exercitus,
1672 891 1889 944 unaque
1930 874 2041 929 Me-

459 978 755 1034 nostrates,
804 968 1008 1023 Artarii
1051 969 1234 1022 ﬁlius:
1284 977 1403 1022 erat
1464 966 1715 1021 Artarius
1748 966 2042 1037 Babylonis

455 1069 711 1127 satrapa,
777 1069 831 1111 et
873 1060 1189 1111 Artaxerxae
1242 1057 1414 1125 ipsius
1459 1055 1649 1109 frater.
1695 1053 2041 1108 Concurrunt

456 1151 653 1205 iterum
679 1150 958 1205 exercitus
985 1166 998 1203 :
1032 1150 1125 1202 sed
1160 1148 1337 1201 Persa:
1371 1147 1604 1215 fugiunt,
1632 1157 1686 1199 ct
1709 1143 2039 1199 Menostates

456 1243 509 1297 in
553 1243 780 1295 humero
841 1256 868 1292 a
918 1240 1208 1309 Megabyzo
1256 1239 1582 1307 percutitur,
1626 1246 1745 1303 post
1785 1237 1951 1291 etiam
1985 1237 2039 1290 in

453 1332 653 1400 capite,
706 1340 763 1384 at
831 1345 939 1383 nou
996 1328 1180 1381 lethali
1218 1328 1460 1391 vulnere,
1513 1329 1745 1394 sagitam
1799 1327 2037 1395 excepit.

451 1422 613 1491 Fugit
646 1432 824 1475 tamen
869 1437 990 1475 cum
1022 1421 1138 1474 suis
1186 1421 1465 1482 omnibus,
1497 1430 1553 1473 et
1589 1418 1884 1489 Megabyzo
1913 1417 2040 1472 illu-

453 1522 623 1566 stretn
653 1512 940 1566 victoriam
971 1512 1246 1567 concedit.
1282 1510 1377 1564 His
1407 1511 1571 1565 rebus
1594 1510 1667 1563 ita
1697 1514 1886 1579 gestis,
1924 1525 2039 1563 mo-

452 1612 545 1655 net
572 1601 929 1672 Megabyzum
973 1616 1067 1669 per
1098 1599 1308 1668 legatos
1356 1601 1635 1661 Artarius,
1668 1615 1791 1654 cum
1824 1614 1950 1669 rege
1980 1608 2041 1653 ut

449 1692 781 1762 paciscatur.
818 1692 913 1746 llle
956 1704 1017 1745 se
1051 1692 1251 1759 pacisci
1286 1691 1505 1761 quidem
1547 1705 1671 1745 cum
1709 1703 1835 1759 rege
1874 1704 2038 1757 para-

452 1794 565 1835 tum
595 1783 859 1845 ostendit,
910 1797 1016 1835 non
1056 1790 1233 1836 tamen
1283 1780 1349 1833 ad
1380 1796 1502 1834 eum
1532 1779 1827 1849 proﬁcisci,
1859 1780 1956 1834 sed
1982 1780 2037 1834 in

2143 598 2303 650 τοῦτο
2334 596 2705 667 αἰτησάμενον
2755 596 2894 668 πρὸς
2939 597 3321 669 Ἀρτοξέρξην.
3351 598 3630 669 Πέμπεται
3660 606 3712 660 δὲ

2142 692 2266 743 κατ’
2303 689 2470 743 αὑτοῦ
2522 689 2686 758 ἑτέρα
2746 689 3000 759 στρατιά,
3054 688 3150 743 καὶ
3185 691 3534 763 Μενοπάτης
3566 696 3593 746 6
3627 698 3712 749 τοῦ

2155 780 2442 850 Ἀρταρίου
2495 776 2659 841 παῖς)
2694 781 2723 832 6
2745 779 2802 832 δὲ
2837 779 3129 850 Ἀρτάριος
3185 781 3471 851 σατράπης
3526 785 3619 852 μὲν
3648 782 3711 857 ἦν

2142 871 2482 935 Βαϐυλῶνος,
2525 871 2879 941 Ἀρτοξέρξου
2912 871 2969 924 δὲ
2992 871 3238 939 ἀδελφός.
3308 873 3419 925 Καὶ
3480 877 3714 944 συμϐάλ-

2142 962 2323 1017 λουσιν
2353 963 2626 1033 ἀλλήλοις,
2652 964 2751 1017 καὶ
2790 962 2984 1031 φεύγει
3011 964 3043 1033 ἡ
3078 964 3323 1034 Περσικὴ
3352 966 3599 1033 στρατιὰ,
3629 969 3715 1022 καὶ

2141 1054 2493 1125 Μενοστάτης
2530 1053 2782 1124 βάλλεται
2810 1054 2890 1116 εἰς
2920 1053 3011 1105 τὸν
3044 1046 3195 1122 ὦμον
3227 1053 3333 1105 ὑπὸ
3382 1054 3714 1123 Μεγαϐύζου,

2141 1141 2262 1199 εἶτα
2302 1147 2381 1208 είς
2413 1144 2514 1212 τὴν
2552 1144 2795 1214 κεφαλὴν
2830 1143 3109 1210 τοξεύεται
3137 1144 3197 1196 ού
3228 1144 3474 1213 καιρίαν,
3538 1150 3716 1216 φεύγει

2139 1236 2197 1289 δὲ
2220 1239 2369 1306 ὅμως
2396 1236 2560 1298 αὐτὸς
2612 1235 2707 1288 καὶ
2738 1237 2786 1288 oi
2817 1236 2933 1305 μετ’
2989 1233 3182 1301 αὑτοῦ,
3216 1235 3310 1289 καὶ
3342 1235 3465 1307 νίκη
3502 1239 3719 1309 λαμπρά

2140 1327 2349 1396 γίνεται
2394 1327 2730 1397 Μεγαϐύζῳ.
2794 1326 3090 1397 Ἀρτάριος
3120 1327 3177 1379 δὲ
3207 1328 3419 1398 πέμπει
3451 1329 3586 1400 πρὸς
3618 1332 3719 1383 Με-

2140 1419 2406 1487 γάϐυζον,
2460 1420 2553 1472 καὶ
2617 1421 2875 1489 παραινεῖ
2928 1419 3259 1472 σπείσασθαι
3320 1419 3565 1489 βασιλεῖ·
3603 1424 3632 1475 6
3667 1423 3721 1476 δὲ

2138 1510 2288 1583 δηλοῖ
2322 1510 2649 1565 σπείσασθαι
2682 1512 2782 1580 μὲν
2812 1507 3098 1580 βούλεσθαι
3122 1512 3217 1564 καὶ⁵
3248 1512 3436 1578 αὑτὸν,
3458 1513 3521 1564 οὐ
3549 1513 3722 1582 μέντοι

2142 1604 2552 1676 παραγενέσθαι
2588 1604 2728 1676 πρὸς
2751 1604 2998 1674 βασιλέα,
3032 1603 3147 1657 ἀλλ’
3174 1604 3259 1673 ἐφ’
3285 1597 3331 1670 ᾧ
3368 1604 3551 1675 μένειν
3577 1606 3631 1658 ὲν
3658 1608 3720 1677 τῇ

2138 1696 2334 1751 ἑαυτοῦ
2360 1697 2422 1751 ¹⁸.
2449 1696 2885 1764 Ἀπαγγέλλεται
2925 1694 3098 1749 ταῦτα
3145 1694 3377 1765 βασιλεῖ,
3438 1696 3537 1748 καὶ
3580 1713 3719 1765 συμ-

2141 1786 2493 1840 ϐουλεύουσιν
2540 1786 2881 1858 Ἀρτοξάρης
2901 1802 2960 1839 τε
3002 1787 3030 1839 6
3061 1785 3373 1855 Παφλαγὼν
3448 1787 3717 1858 εὐνοῦχος,

450 1890 547 1930 sua
579 1891 799 1930 manere
837 1874 1116 1946 provincia
1161 1873 1319 1927 velle.
1356 1873 1482 1928 llaec
1528 1874 1640 1943 regi
1688 1874 2033 1935 nuntiantur,

2146 1878 2396 1932 ἀλλὰκαὶ
2422 1879 2454 1947 ἠ
2485 1878 2812 1947 Ἀμῆστρις,
2877 1878 3084 1948 σπουδῇ
3123 1876 3474 1931 σπείσασθαι.
3512 1879 3723 1948 Πέμπε-

449 1982 611 2036 quem
649 1968 965 2031 Artoxares,
1005 1981 1035 2021 e
1062 1965 1428 2036 Paphlagonia
1470 1968 1775 2029 eunuchus,
1805 1965 2030 2033 ipsaque

453 2060 590 2111 adeo
642 2059 902 2112 Amistris
962 2060 1271 2120 hortantur,
1334 2072 1563 2126 propere
1608 2065 1667 2111 ut
1707 2056 2040 2126 paciscatur.

452 2148 573 2216 Ipse
618 2151 803 2216 itaque
838 2149 1108 2209 Arlarius,
1141 2157 1195 2201 et
1236 2146 1450 2217 Amytis
1505 2163 1665 2211 uxor,
1700 2162 1918 2215 unaque
1945 2152 2041 2201 Ar-

454 2249 697 2304 toxares,
737 2239 1055 2292 vicesimum
1083 2237 1197 2307 jam
1252 2251 1419 2303 agens
1468 2252 1692 2299 annum,
1729 2246 1786 2290 et
1814 2234 2041 2293 Osioros

453 2332 601 2386 ﬁlius
635 2330 864 2395 Petisas,
898 2332 989 2399 qui
1022 2338 1075 2385 et
1108 2330 1370 2400 Spitamte
1413 2338 1590 2399 pater,
1624 2330 1940 2385 mittuntur.
1975 2328 2039 2383 Hi

456 2422 637 2474 multis
684 2423 1032 2475 sermonibus
1062 2436 1126 2476 ac
1170 2421 1502 2489 iuramentis
1547 2432 1799 2474 securum
1856 2419 2038 2489 blega-

449 2514 646 2585 byzum
699 2515 1010 2578 reddentcs,
1065 2528 1211 2583 aegre
1265 2523 1444 2568 tamen
1493 2513 1844 2581 persuadent,
1880 2521 1940 2564 ut
1970 2511 2038 2565 ad

450 2620 633 2672 regem
688 2604 1089 2673 proﬁciscatur.
1143 2604 1246 2658 Cui
1283 2605 1502 2659 tandem
1548 2618 1793 2664 reverso,
1830 2619 1925 2657 rex
1964 2602 2040 2657 si—

449 2698 751 2765 gniﬁcavit,
794 2698 1010 2751 veniam
1061 2712 1120 2751 se
1170 2697 1244 2750 illi
1296 2712 1483 2751 eorum
1535 2713 1657 2766 quze
1700 2695 2035 2759 admisisset,

451 2790 605 2844 dare.
650 2787 921 2856 Egressus
950 2798 1069 2857 post
1116 2789 1233 2843 haec
1265 2787 1558 2857 aliquando
1588 2788 1656 2841 ad
1688 2788 2035 2843 venationem

450 2894 570 2945 rex,
608 2894 639 2932 a
688 2878 847 2933 leone
881 2880 1177 2942 invaditur,
1218 2893 1380 2947 quem
1423 2879 1475 2932 in
1526 2878 1754 2934 sublime
1801 2893 1923 2934 sese
1951 2888 2038 2932 at-

452 2971 759 3034 tollentem,
792 2969 978 3036 jaculo
1024 2970 1339 3040 percutiens
1382 2969 1709 3041 Megabyzus
1752 2969 2030 3025 interﬁcit.

446 3060 509 3113 ld
577 3060 779 3115 factum
830 3063 1067 3130 graviter
1109 3060 1231 3114 tulit
1274 3060 1631 3125 Artaxerxes,
1687 3061 1830 3129 quod
1879 3069 2035 3115 ante-

451 3168 616 3221 quam
668 3155 785 3221 ipse
853 3154 1021 3206 feram
1084 3164 1275 3207 nactus
1313 3164 1482 3217 esset,
1541 3170 1661 3206 eam
1707 3152 2035 3225 Megabyzus

450 3245 818 3310 confecisset;
852 3260 1023 3313 quare
1073 3255 1237 3313 caput
1274 3246 1323 3300 ei
1361 3245 1609 3300 abscindi
1642 3245 1892 3314 imperat.
1927 3246 2034 3302 Sed

448 3337 733 3403 Amistris,
788 3347 844 3394 et
874 3339 1109 3406 Amylis,
1134 3348 1190 3392 et
1232 3338 1464 3391 aliorum
1507 3337 1785 3407 precibus,
1843 3338 2037 3392 mortis

446 3431 500 3482 ei
558 3441 717 3497 poena
767 3427 1097 3493 condonata,
1154 3428 1222 3482 ad
1255 3429 1443 3483 urbem
1511 3428 1802 3495 quamdam
1857 3426 2037 3501 Cyria:

450 3522 693 3585 nomine,
741 3519 885 3575 circa
926 3536 1076 3576 mare
1112 3519 1379 3586 Rubrum,
1415 3520 1708 3590 relegatur.
1742 3520 2038 3575 Artoxares

452 3625 669 3680 quoque
726 3612 1035 3675 eunuchus,
1084 3611 1229 3681 quod
1274 3611 1473 3679 sacpius
1516 3614 1657 3682 apud
1703 3627 1886 3683 regem
1940 3628 2037 3682 pro

451 3702 748 3773 Megabyzo
802 3704 1026 3759 liberius
1074 3704 1289 3758 locutus
1336 3704 1552 3769 fuisset,
1611 3706 1665 3759 in
1722 3705 2036 3760 Armeniam

449 3795 685 3849 mittitur
705 3796 1035 3849 exsulatum.
1065 3796 1135 3849 At
1172 3795 1516 3870 Megabyzus,
1545 3797 1788 3866 quinque
1810 3798 1863 3851 in
1892 3799 2040 3852 exsi-

450 3885 526 3939 lio
566 3886 855 3941 transactis
904 3888 1062 3941 alllllS
1106 3884 1247 3957 411)
1296 3888 1516 3957 pisagan
1560 3903 1683 3943 sese
1726 3889 2037 3944 simulando

452 3976 704 4046 (pisagas
754 3987 932 4033 autem
988 3977 1169 4032 Persis
1216 3976 1416 4032 dicitur
1453 3978 1721 4047 leprosus,
1775 3980 1837 4033 ad
1879 3996 2039 4051 quem

453 4068 657 4122 nemini
680 4070 925 4123 omnium
953 4069 1215 4125 accedere
1244 4070 1628 4141 permittitur),
1663 4070 1897 4139 aufugit,
1943 4073 2033 4127 do-

454 4174 716 4229 mumque
750 4161 817 4214 ad
862 4161 1085 4230 Atnytin
1134 4176 1409 4224 reversus,
1446 4176 1589 4231 aegre
1623 4164 1841 4217 tandem
1874 4164 2033 4234 agni-

455 4260 544 4305 tus
576 4262 678 4306 est.
704 4250 842 4305 Hinc
874 4268 971 4320 per
997 4252 1261 4307 Amistriu
1313 4264 1478 4322 atque
1511 4254 1731 4324 Amytin
1752 4269 1875 4309 cum
1914 4270 2039 4323 rege

457 4343 841 4398 reconciliatur

2147 1987 2235 2023 ται
2259 1967 2354 2023 οὖν
2411 1970 2697 2039 Ἀρτάριός
2733 1988 2793 2023 τε
2817 1966 2979 2032 αὐτὸς
3024 1970 3119 2022 καὶ
3145 1968 3374 2039 Ἀμύτις
3410 1971 3445 2039 ἡ
3472 1969 3610 2041 γυνὴ
3636 1972 3724 2024 καὶ

2158 2063 2492 2135 ’Δρτοξάρης
2516 2062 2651 2115 ὲτῶν
2706 2063 2808 2133 ήδη
2831 2060 2906 2115 ὢν
2941 2062 3138 2126 εἴκοσι,
3200 2064 3294 2115 καὶ
3360 2063 3613 2133 Πετήσας
3640 2065 3725 2117 “6

2146 2158 2397 2228 Οὐσίριος
2447 2156 2542 2209 καὶ
2576 2156 2831 2225 Σπιτάμα
2863 2156 3069 2227 πατήρ.
3103 2152 3231 2226 [εει
3260 2151 3353 2227 8.]
3395 2155 3618 2217 Πολλοῖς
3640 2154 3725 2208 οὖν

2143 2250 2327 2319 ὅρκοις
2382 2249 2479 2301 καὶ
2542 2248 2725 2316 λόγοις
2796 2247 3319 2317 πληροφορήσαντες
3401 2245 3725 2315 Μεγάβυζον

2146 2340 2298 2410 μόλις
2357 2339 2512 2414 ὅμως
2546 2338 2794 2392 πείθουσι
2831 2336 2969 2407 πρὸς
3018 2337 3245 2407 βασιλέα
3298 2336 3725 2407 παραγενέσθαι,

2142 2434 2237 2487 καὶ
2288 2433 2540 2502 βασιλεὺς
2588 2431 2740 2495 τέλος
2796 2430 2884 2502 [ﬁl
2924 2429 3013 2501 IL]
3038 2428 3256 2500 ἔπεμπε
3295 2429 3726 2501 παραγενομένῳ

2142 2524 2476 2595 συγγνώμην
2529 2523 2674 2594 ἔχειν
2730 2524 2841 2577 τῶν
2902 2522 3335 2593 ἡμαρτημένων.
3414 2522 3726 2593 Ἐξέρχεται

2142 2616 2396 2688 βασιλεὺς
2430 2617 2523 2669 ἐπὶ
2578 2616 2775 2687 Θήραν,
2850 2616 2946 2670 καὶ
3002 2613 3142 2668 λέων
3196 2614 3497 2682 ἐπέρχεται
3562 2612 3724 2682 αὐτῷ,

2143 2707 2419 2779 μετεώρου
2448 2708 2506 2761 δὲ
2543 2706 2850 2777 φερομένου
2909 2706 3004 2760 τοῦ
3034 2705 3228 2777 θηρίου
3278 2705 3465 2775 βάλλει
3496 2705 3729 2775 ἀκοντίῳ

2146 2799 2477 2869 Μεγάϐυζος
2501 2800 2595 2853 καὶ
2645 2801 2891 2868 ἀναιρεϊσ
2926 2799 3023 2851 καὶ
3056 2797 3340 2869 ὀργίζεται
3368 2794 3730 2868 Ἀρτοξέρξης

2138 2893 2221 2948 ὅτι
2248 2894 2375 2966 πρὶν
2398 2894 2431 2964 ἢ
2460 2893 2623 2955 αὐτὸς
2651 2893 2791 2966 τύχῃ
2813 2890 3141 2960 Μεγάϐυζος
3169 2889 3331 2943 ἔϐαλε
3352 2890 3418 2951 ¹⁶,
3442 2889 3545 2943 καὶ
3565 2905 3731 2959 προσ·

2136 2987 2327 3040 τάσσει
2378 2986 2479 3053 τὴν
2543 2986 2792 3055 κεφαλὴν
2825 2985 2918 3039 τὸν
2954 2982 3283 3051 Μεγάϐυζον
3316 2980 3729 3051 ἀποτμηθῆναι.

2151 3078 2476 3147 Ἀμήστριος
2499 3076 2557 3130 δὲ
2587 3077 2682 3130 καὶ
2702 3076 2961 3145 Ἀμύτιος
2988 3077 3081 3129 καὶ
3108 3075 3217 3128 τῶν
3243 3073 3502 3143 άλλωντῇ
3530 3089 3729 3143 παραι-

2137 3166 2292 3235 τήσει
2316 3164 2411 3217 τοῦ
2446 3166 2546 3235 μὲν
2592 3163 2824 3219 θανάτου
2857 3162 3071 3234 ῥύεται,
3125 3162 3477 3222 ἀνάσπαστος
3502 3158 3559 3212 δὲ
3590 3158 3732 3227 γίνε-

2137 3275 2229 3310 ται
2251 3258 2331 3321 είς
2352 3258 2451 3327 τὴν
2473 3256 2745 3327 Ἐρυθρὰν
2777 3256 2833 3310 ἒν
2862 3273 2967 3309 τινι
3006 3253 3185 3320 πόλει,
3227 3252 3458 3322 ὀνόματι
3496 3250 3729 3321 Κύρται.

2152 3346 2488 3418 Ἐξορίζεται
2516 3346 2573 3400 δὲ
2600 3346 2691 3399 καὶ
2717 3345 3051 3416 Ἀρτοξάρης
3075 3346 3101 3397 6
3130 3341 3388 3412 εὐνοῦχος
3414 3342 3500 3404 είς
3538 3341 3733 3409 Ἀρμε-

2139 3435 2279 3500 νίαν,
2338 3436 2421 3489 ὅτι
2477 3435 2742 3499 πολλάκις
2780 3435 2921 3506 ὑπὲρ
2946 3430 3279 3501 Μεγαϐύζου
3315 3430 3533 3500 βασιλεῖ
3558 3430 3731 3499 ἐπαρο

2142 3525 2462 3595 ρησιάσατο.
2506 3524 2566 3577 '0
2590 3524 2645 3578 δὲ
2675 3523 3005 3593 Μεγάϐυζος
3061 3521 3223 3576 πέντε
3278 3520 3571 3590 διατρίψας
3599 3522 3666 3591 τῇ
3691 3518 3732 3550 ¹⁷

2140 3608 2327 3679 ὲξορίᾳ
2358 3608 2451 3680 ἔτη
2473 3608 2878 3680 ἀποδιδράσκει,
2913 3606 3233 3677 ὑποκριθεὶς
3284 3607 3374 3660 τὸν
3396 3606 3439 3637 ¹⁸
3473 3607 3736 3673 πισάγαν·

2144 3705 2384 3769 πισάγας
2426 3699 2483 3753 δὲ
2531 3698 2749 3770 λέγεται
2811 3698 2962 3771 παρά
3017 3699 3258 3768 Πέρσαις
3291 3700 3319 3751 6
3353 3697 3587 3768 λεπρὸς,
3644 3697 3740 3750 καὶ

2143 3799 2259 3852 ἔστι
2308 3799 2473 3850 πᾶσιν
2525 3797 2848 3867 ἀπρόσιτος.
2903 3794 3177 3867 Ἀποδράς
3219 3794 3314 3848 οὖν
3367 3796 3741 3866 παραγίνεται

2143 3890 2282 3961 πρὸς
2304 3890 2363 3941 ‘A
2374 3888 2535 3958 μύτιν
2566 3887 2662 3955 καὶ.
2684 3888 2776 3940 τὸν
2789 3882 2959 3952 οἶκον,
2989 3886 3085 3940 καὶ¹
3107 3886 3264 3956 μόλις
3281 3885 3737 3955 ἐπιγινώσκεται.

2146 3981 2258 4033 Καὶ
2291 3979 2358 4033 δι’
2401 3980 2728 4049 Ἀμήστριος
2790 3978 2885 4031 καὶ
2930 3976 3246 4047 Ἀμύτιος¹⁹
3297 3977 3740 4032 καταλλάσσεται

2146 4074 2175 4125 6
2208 4072 2483 4142 βασιλεὺς.
2530 4071 2624 4125 καὶ
2667 4072 2813 4123 ποιεῖ
2840 4070 3003 4124 αὑτὸν
3034 4068 3113 4133 ὡς
3143 4069 3205 4123 τὸ
3230 4070 3467 4141 πρόσθεν
3495 4071 3742 4141 ὁμοτρά-

2147 4164 2330 4229 πεζον.
2390 4166 2573 4234 Ζήσας
2603 4164 2660 4217 δὲ
2684 4164 2743 4228 ἒξ
2776 4162 2871 4217 καὶ
2918 4163 3292 4235 ἑϐδομήκοντα
3339 4163 3433 4235 ἐτη
3470 4165 3741 4231 ἀπέθανε,

2148 4258 2242 4308 καὶ
2273 4255 2452 4326 κάρτα
2478 4255 2718 4326 ἠχθέσθη
2750 4255 3023 4326 βασιλεύς.

901 4361 916 4397 :
972 4344 1067 4413 qui
1132 4357 1280 4405 eum,
1338 4345 1414 4396 uti
1454 4355 1636 4407 antea,
1680 4360 1793 4398 sua:
1846 4359 2047 4399 mensa:
2086 4346 2409 4413 participem
2465 4346 2611 4401 fecit.
2650 4343 2848 4401 Verum
2896 4360 3020 4401 cum
3057 4360 3151 4401 sex
3187 4346 3301 4418 jam
3381 4358 3437 4403 et
3520 4360 3743 4419 septua-

458 4435 607 4499 ginta
636 4435 863 4488 vixisset
894 4448 1086 4498 annos,
1126 4447 1322 4502 magno
1356 4434 1496 4501 regis
1522 4450 1645 4487 cum
1675 4432 1861 4487 dolore
1891 4444 2136 4488 mortuus
2163 4442 2267 4489 est.

529 4521 659 4577 Post
700 4522 979 4593 Megabyzi
1031 4533 1285 4586 mortem,
1338 4539 1461 4576 cmn
1513 4524 1697 4576 multis
1744 4522 2038 4577 admodum

2224 4523 2660 4596 Τελευτήσαντος
2712 4524 2769 4579 δὲ
2811 4523 3141 4595 Μεγαϐύζου
3183 4526 3363 4599 κάρτα
3394 4521 3465 4599 ἦν
3508 4526 3746 4597 Ἀμύτις

461 4615 594 4670 viris
624 4617 834 4687 Amytis
865 4618 1280 4679 consuescebat,
1311 4626 1369 4669 ttt
1401 4626 1529 4669 ante
1564 4631 1685 4669 eam
1713 4625 1884 4671 mater
1906 4632 2045 4686 quo-

461 4720 570 4775 que
595 4706 870 4760 Amistris.
918 4705 1305 4775 Appollonides
1354 4721 1506 4775 ergo,
1539 4704 1687 4759 Cous
1733 4705 1822 4759 ille
1870 4706 2044 4760 medi-

457 4807 582 4859 cus,
629 4807 754 4848 cum
800 4794 1011 4862 Amytis
1058 4792 1248 4846 leviter
1292 4802 1604 4862 aegrotaret,
1652 4801 1707 4847 et
1756 4794 1875 4862 ejus
1931 4794 2047 4862 ipse
2151 4801 2180 4853 ὁ
2238 4797 2395 4868 Κῷος
2423 4837 2437 4860 ,

459 4898 652 4938 amore
682 4895 879 4954 captus
927 4896 1091 4951 esset,
1134 4883 1250 4939 iure
1281 4885 1420 4939 dixit
1468 4894 1525 4938 ut
1574 4900 1636 4940 ea
1674 4885 1728 4939 in
1756 4886 2044 4953 pristinam

461 4976 825 5030 valetudinem
864 4976 1266 5040 restitueretur,
1306 4976 1349 5030 si
1396 4992 1519 5029 runt
1567 4976 1699 5030 viris
1734 4976 2045 5046 congrede-

2151 4615 2411 4686 ἀνδράσιν
2452 4614 2740 4687 ὁμιλοῦσα,
2772 4618 2867 4668 κα)⁵
2890 4615 2996 4687 πρό
3026 4633 3089 4685 γε
3126 4618 3337 4688 ταύτης
3366 4618 3461 4673 καὶ
3491 4620 3527 4689 ἡ
3555 4621 3745 4690 μήτηρ

2165 4710 2467 4781 Ἀμῆστρις
2512 4709 2749 4778 ὁμοίως,
2797 4709 2857 4761 '0
2894 4709 2952 4762 δὲ
3010 4708 3409 4779 Ἀπολλωνίδης
3466 4712 3495 4764 6
3560 4712 3747 4780 ἰατρὸς

2493 4798 2615 4849 ἐπεὶ
2660 4795 2904 4858 ἀσθενῶς
2958 4790 3121 4867 εἶχενι
3160 4795 3390 4867 Ἀμύτις
3433 4837 3450 4861 ,
3533 4794 3585 4848 εί
3655 4800 3749 4848 καὶ

2156 4890 2408 4962 βληχρῶς
2450 4890 2496 4921 ὀ
2530 4888 2624 4942 καὶ
2668 4889 2769 4941 οὐκ
2821 4888 3062 4957 ἰσχυρῶς
3088 4930 3104 4953 ,
3157 4888 3365 4950 ἐκεῖνος
3426 4888 3483 4941 δὲ
3524 4885 3749 4957 ἠράσθη

2154 4985 2349 5053 αὐτῆς,
2393 4981 2497 5051 ἔφη
2549 4983 2629 5045 είς
2671 4982 2771 5052 τὴν
2814 4980 3001 5049 ὑγείαν
3043 4980 3217 5042 αὐτὴν
3261 4979 3614 5041 ἐπανελθεῖν,
3654 4978 3752 5030 saw

463 5078 637 5133 retur,
668 5083 791 5121 nam
827 5067 998 5121 vulvae
1047 5067 1230 5122 vexari
1271 5066 1480 5121 morbo.
1516 5068 1646 5133 Quae
1690 5083 1811 5121 cum
1852 5069 1926 5121 illi
1953 5083 2038 5124 ars

2149 5075 2409 5144 ἀνδράσιν
2438 5072 2697 5143 ὁμιλήσῃ·
2728 5072 2827 5141 τῆς
2866 5073 2975 5141 γὰρ
3024 5070 3256 5139 ὑστέρας
3294 5063 3434 5120 εἶναι
3475 5068 3539 5120 τὸ
3581 5067 3755 5137 νόση-

461 5174 533 5211 ex
572 5169 699 5213 voto
729 5159 1104 5222 successisset,
1144 5168 1313 5227 atque
1364 5174 1485 5211 cum
1529 5174 1590 5211 ea
1626 5159 2034 5224 concubuisset,

2151 5185 2247 5237 μα.
2294 5167 2445 5218 Ἐπεὶ
2491 5166 2549 5219 δὲ
2587 5164 2741 5233 αὐτῷ
2804 5162 3089 5231 ἐξεγένετο
3118 5161 3178 5212 τὸ
3240 5158 3587 5228 ἐπιτήδευμα
3646 5157 3747 5209 καὶ

460 5249 555 5304 ubi
590 5248 845 5304 feminam
912 5250 1303 5304 contabescere
1330 5250 1740 5313 animadvertit,
1781 5252 2038 5305 abstinuit

2146 5260 2344 5331 ὡμίλει
2370 5260 2543 5328 αὐτῇ,
2592 5260 2627 5329 ἡ
2665 5258 2723 5311 δὲ
2767 5257 3054 5327 ἄνθρωπος
3090 5251 3424 5323 ἐμαραίνετο
3452 5289 3469 5314 ,
3526 5248 3752 5318 ἀπέστη

467 5361 499 5397 a
543 5346 962 5402 consuetudine.
1010 5346 1179 5417 Igitur
1217 5347 1328 5411 illa,
1378 5356 1554 5400 morte
1586 5348 1900 5412 accedente,
1932 5362 2048 5399 ma-

2152 5352 2253 5421 τῆς
2321 5350 2628 5411 συνουσίας.
2684 5346 3006 5400 Τελευτῶσα
3054 5342 3119 5415 δὴ
3170 5338 3263 5396 οὖν
3321 5340 3628 5412 ἐπήγγειλε
3682 5342 3751 5409 τῇ

464 5436 539 5491 tri
584 5437 803 5503 indixit,
832 5436 1247 5508 Appollonidcm
1290 5446 1350 5491 ut
1380 5436 1753 5490 ulcisceretur.
1790 5437 1911 5490 lltcc
1936 5437 2038 5506 regi

2160 5445 2328 5517 μητρὶ
2382 5444 2696 5511 ἀμύνασθαι
2748 5439 3166 5508 Ἀπολλωνίδην.
3234 5434 3385 5489 Ἡδὲ
3433 5430 3754 5503 ἀπήγγειλε

466 5526 566 5595 ipsi
608 5527 897 5584 Artaxerxi
941 5544 1055 5585 rem
1099 5545 1317 5585 onmem
1358 5529 1631 5597 exposuit,
1674 5539 1729 5585 et
1780 5533 2038 5599 quomodc

2158 5539 2337 5591 πάντα
2379 5535 2709 5608 Ἀρτοξέρξῃ
2728 5534 2805 5605 τῷ
2839 5536 2878 5565 ⁸⁸
2914 5532 3143 5603 βασιλεῖ,
3173 5531 3321 5592 ὅπως
3343 5543 3404 5581 τε
3427 5523 3629 5595 ὡμίλει
3658 5521 3756 5576 καὶ

1773 5646 2008 5703 νιιιιικΕ
2041 5650 2452 5711 LECTIONES.

537 5735 864 5817 ’ξηαύτοῖζᾳ
942 5739 985 5770 ¹⁵
1015 5738 1253 5817 Πετίσας
1288 5755 1348 5802 ς’.
1392 5740 1436 5775 ¹⁶
1467 5734 1690 5817 ἔϐαλλεν
1725 5737 1787 5797 Α,
1852 5745 1894 5777 ¹⁷
1918 5741 2007 5815 τῇ]
2042 5746 2100 5799 ὲν
2127 5748 2194 5817 τῇ
2228 5765 2288 5811 ς,
2334 5748 2375 5779 ιε
2412 5744 2527 5817 τὸν]
2559 5746 2638 5809 εἰς
2662 5743 2753 5799 τὸν
2780 5762 2840 5808 ς.
2910 5744 2953 5775 ¹⁹
2983 5734 3264 5811 ’Λμύτιος]
3293 5732 3363 5787 δι’
3389 5724 3656 5801 ’Λμὺτιος
3686 5746 3751 5793 ς·

468 5802 517 5837 “
552 5804 844 5875 ἀϐληχρῶς
879 5825 939 5871 ς.
1015 5810 1055 5839 ²¹
1094 5807 1171 5877 τῷ
1202 5823 1309 5863 om.
1382 5824 1462 5878 pr.
1514 5807 1579 5861 A.
