3926 6472
230 378 323 441 193
1351 367 1885 429 BIBLIO’I‘HECA.
1913 390 1976 402 -
2005 364 2170 424 COD.
2187 364 2430 424 LXXII.

3399 368 3499 433 194

226 490 361 549 ὅπως
386 480 603 551 ἀπέστη
633 479 860 550 ὑϐρίσας
887 519 901 543 ,
950 479 1043 531 καὶ
1067 479 1218 541 ὅπως
1249 478 1283 546 ἡ
1330 468 1578 548 θυγάτηρ
1626 480 1794 546 ἐπήγ-

1908 473 2015 527 ﬁlia
2044 474 2184 529 velle
2214 476 2282 528 de
2311 474 2671 543 Appollonide
2718 475 3045 547 supplicium
3072 479 3235 547 sumi,
3271 482 3375 538 sibi
3413 485 3499 539 in-

229 580 431 647 γειλεν,
504 570 899 640 ’Δπολλωνίδην
960 569 1295 640 ἀμύνασθαι·
1347 572 1556 632 ἐκεῖνος
1619 569 1677 620 δὲ
1730 571 1798 638 τῇ

232 670 386 742 μητρὶ
413 666 476 720 τὸ
510 662 918 734 παριστάμενον
965 662 1104 730 αύτῇ
1157 662 1428 731 πράττειν
1489 659 1799 730 ἐπιτρέπει.

241 764 300 815 'll
330 762 382 814 δὲ
429 755 669 811 λαϐοῦσα
702 755 863 825 έδησε
910 754 1003 805 τὸν
1062 752 1464 820 Ἀπολλωνίδην
1503 751 1629 803 δυσὶ
1664 750 1803 819 μησὶ

230 854 539 915 κολάζουσα,
554 849 745 902 ἔπειτα
771 846 951 910 ζῶντα
973 843 1314 914 κατώρυξεν,
1334 845 1425 896 ὅτε
1448 842 1543 895 καὶ
1577 841 1800 911 Ἀμύτις

236 948 362 1001 ἁπέθ
370 963 505 999 ανεν.

308 1038 547 1107 Ζώπυρος
571 1034 624 1087 δὲ
654 1035 683 1087 6
708 1032 1043 1101 Μεγαϐύζου
1075 1032 1169 1088 καὶ
1208 1032 1463 1102 Ἀμύτιος
1501 1035 1651 1099 παῖς,
1676 1033 1801 1086 ἐπεὶ

249 1130 385 1199 αὖτῷ
418 1128 513 1181 ὅτε
541 1124 720 1195 πατὴρ
760 1126 857 1177 καὶ
886 1124 919 1194 ἡ
959 1124 1145 1193 μήτηρ
1174 1122 1547 1194 ἐτελεύτησεν,
1585 1125 1798 1194 ἀπέστη

254 1222 482 1293 βασιλέως
512 1218 602 1269 καὶ
624 1217 704 1279 εἰς
750 1214 982 1286 Ἀθήνας
1013 1215 1268 1283 ἀφίκετο,
1303 1215 1446 1268 κατὰ
1478 1214 1580 1285 τὴν
1619 1216 1721 1284 τῆς
1753 1217 1798 1248 ss

256 1312 430 1385 μητρὸς
464 1310 541 1371 είς
585 1309 783 1370 αὐτοὺς
826 1307 1173 1377 εὐεργεσίαν.
1228 1308 1325 1369 Ek
1359 1306 1575 1360 Καῦνον
1613 1308 1671 1360 δὲ
1702 1306 1799 1378 ἅμ’

244 1404 397 1458 αὐτῶν
425 1399 705 1470 ἑπομένων
733 1400 780 1431 ⁸³
806 1397 1149 1463 εἰσέπλευσε,
1194 1402 1289 1452 καὶ
1329 1398 1583 1452 ἐκέλευσε
1620 1416 1801 1471 παρα-

236 1496 411 1549 διδόναι
442 1494 539 1564 τὴν
574 1492 753 1545 πόλιν.
781 1491 1013 1545 Καύνιοι
1036 1491 1092 1545 δὲ
1131 1491 1281 1562 αύτῷ
1312 1492 1411 1561 μὲν
1441 1492 1797 1563 παραδιδόναι

231 1591 318 1657 τὴν
340 1585 486 1638 πόλιν
523 1586 789 1652 ἕψασκον,
843 1585 1150 1654 Ἀθηναίοις
1170 1585 1227 1637 δὲ
1261 1586 1379 1648 τοῖς
1406 1587 1797 1656 συνεπομένοις

227 1677 409 1731 οὐκέτι.
452 1677 692 1729 Εξσιόντι
740 1675 795 1728 δὲ
853 1675 1102 1745 Ζωπύρῳ
1161 1676 1243 1737 εἰς
1300 1675 1364 1728 τὸ
1411 1678 1589 1744 τεῖχος
1651 1676 1797 1729 λίθον

237 1766 470 1833 Ἀλκίδης
509 1765 753 1827 Καύνιος
798 1764 1061 1835 ἐμϐάλλει
1107 1764 1187 1827 είς
1226 1763 1328 1835 τὴν
1369 1764 1614 1834 κεφαλὴν
1638 1804 1653 1829 ,
1700 1764 1797 1817 καὶ

224 1859 353 1911 οὕτω
378 1857 644 1925 Ζώπυρος
674 1856 1032 1926 ἀποθνήσκει.
1095 1854 1399 1925 Ἀμῆστρις
1435 1855 1494 1907 δὲ
1523 1856 1558 1925 ἡ
1595 1854 1798 1925 μάμμη

220 1951 301 2002 τὸν
348 1950 587 2002 Καύνιον
633 1949 1074 2018 ἀνεσταύρωσεν.
1115 1947 1477 2019 ’Δποθνήσκει
1520 1948 1578 2001 δὲ
1628 1948 1724 2001 καλ⁴
1762 1950 1796 2017 ὴ

231 2040 516 2111 Ἀμῆστρις
544 2041 727 2112 κάρτα
751 2039 930 2111 γραῦς
952 2039 1244 2109 γενομένη.
1278 2040 1389 2092 Καὶ
1431 2038 1791 2109 Ἀρτοξέρξης

218 2133 268 2189 δὲ
295 2132 337 2163 ³³
364 2132 703 2202 ἀποθνήσκει
733 2139 787 2203 μ’
816 2132 913 2187 καὶ
947 2131 991 2203 β’
1030 2130 1160 2185 ἔτεα
1209 2129 1562 2201 βασιλεύσας.
1602 2132 1799 2184 Τελευ-

218 2226 281 2297 τᾷ
301 2226 344 2256 ’⁸
373 2225 592 2302 ίπορία
625 2224 712 2292 ιζ’,
741 2224 972 2297 ἄρχεται
1006 2230 1097 2295 ιη’.

292 2406 642 2478 Ἀρτοξέρξου
672 2409 720 2440 ’⁸
751 2408 1179 2480 τελευτήσαντος
1205 2410 1413 2482 Ξέρξης
1443 2413 1471 2465 6
1494 2412 1608 2475 υἱὸς
1643 2410 1800 2482 βασις

218 2500 368 2563 λεύει,
393 2500 453 2562 ὃς
492 2502 659 2569 μόνος
684 2496 755 2571 ἦν
778 2502 1001 2571 γνήσιος
1034 2504 1100 2556 ἐκ
1126 2504 1479 2572 Δαμασπίας,
1513 2506 1545 2574 ἥ
1572 2506 1633 2557 ὲν
1658 2503 1798 2575 αὐτῇ

215 2596 275 2662 τῇ
311 2593 520 2664 ἡμέρᾳ,
557 2595 616 2647 ὲν
742 2594 840 2647 καὶ
877 2591 1083 2665 Ξέρξης
1134 2595 1520 2667 ἐτελεύτησεν,
1563 2596 1795 2651 ἀπεϐίω.

218 2685 521 2755 Βαγόραζος
561 2686 618 2739 δὲ
655 2687 747 2739 τὸν
777 2688 967 2759 νεκρὸν
995 2688 1089 2741 τοῦ
1111 2689 1319 2760 πατρὸς
1353 2691 1446 2742 καὶ
1467 2692 1568 2760 τῆς
1592 2690 1800 2760 μητρὸς

213 2778 488 2845 ἀπήγαγεν
526 2778 608 2840 είς
642 2777 1302 2849 Πέρσας.Ἐπτακαίδεκα
1329 2781 1388 2833 δὲ
1428 2781 1616 2845 νόθους
1640 2784 1794 2846 υἱοὺς

214 2867 358 2935 εῖχεν
408 2869 436 2919 6
489 2867 898 2938 Ἀρτοξέρξης,
955 2868 1014 2933 ἐξ
1073 2862 1149 2923 ὧν
1215 2874 1331 2923 ἐστι
1378 2873 1473 2924 καὶ
1536 2872 1797 2926 Σεκυδια-

214 2959 292 3022 νὸς
308 2960 348 2990 ’⁷
373 2959 468 3031 [62
517 2959 615 3031 IL]
648 2961 676 3012 6
711 2961 771 3027 ἐξ
812 2961 1137 3033 Ἀλογούνης
1166 2964 1264 3031 τῆς
1287 2964 1663 3027 Βαϐυλωνίας,
1700 2966 1795 3017 καὶ

211 3047 383 3120 Ὦχος,
414 3051 553 3124 [125
575 3051 669 3125 R.]
693 3054 788 3106 καὶ
822 3054 1078 3124 Ἀρσίτης
1096 3056 1123 3106 6
1154 3057 1231 3107 ἐκ
1248 3056 1711 3127 Κοσμαρτιδηνῆς
1728 3057 1795 3123 ’⁸,

210 3147 295 3198 καὶ
350 3146 527 3216 αύτῆς
590 3146 961 3211 Βαϐυλωνίας·
1002 3149 1031 3200 6
1088 3147 1145 3200 δὲ
1185 3143 1352 3218 Ὦχος
1421 3148 1649 3218 ὕστερον
1701 3151 1865 3234 καις

212 3236 497 3305 βασιλεύει.
539 3237 661 3290 Ἔτι
702 3238 761 3291 δὲ
792 3240 979 3301 παῖδες
1026 3238 1194 3292 αὐτοῦ
1224 3238 1363 3310 πρὸς
1404 3240 1521 3302 τοῖς
1568 3240 1796 3310 εἰρημέ-

208 3346 310 3390 νοις
337 3330 429 3382 καὶ
456 3329 782 3397 Βαγαπαῖος
815 3330 911 3383 καὶ
940 3329 1258 3401 Παρύσατις
1286 3329 1345 3395 ἐξ
1398 3330 1671 3402 Ἀνδρίας,
1698 3331 1813 3382 καὶ’

210 3421 363 3488 αὐτῆς
411 3418 794 3482 Βαϐυλωνίαςο
862 3420 1004 3491 αῦτη
1045 3421 1079 3490 ὴ
1135 3420 1182 3452 ³⁸
1225 3419 1539 3489 Παρύσατις
1608 3420 1792 3489 Ἀρτο-

213 3512 383 3584 ξέρξου
434 3514 534 3566 καὶ
594 3510 783 3584 Κύρου
831 3514 1015 3584 μήτηρ
1068 3513 1311 3582 ἐγένετο.
1377 3513 1484 3567 Τὸν
1529 3511 1587 3564 δὲ
1622 3508 1792 3582 Ὦχον

214 3604 307 3666 ζῶν
394 3606 423 3656 6
492 3602 682 3674 πατὴρ
764 3601 1068 3673 Ὑρκανίων
1150 3603 1438 3675 σατράπην
1513 3603 1738 3674 ἐποίησε
1775 3646 1789 3669 ,

214 3694 320 3755 δοὺς
367 3695 523 3763 αύτῷ
572 3694 667 3747 καὶ
700 3697 934 3763 γυναῖκα
974 3694 1291 3767 Παρύσατιν
1326 3694 1499 3766 ὄνομα
1522 3735 1539 3758 ,
1576 3697 1700 3767 ἥτις
1723 3692 1792 3767 ἦν

218 3786 389 3856 Ξέρξου
424 3787 533 3857 μὲν
566 3786 836 3857 θυγάτηρ,
870 3787 1076 3858 ἀδελφὴ
1111 3788 1168 3842 δὲ
1197 3790 1396 3843 οἰκεία.
1440 3789 1499 3840 Ὀ
1527 3789 1585 3841 δὲ
1617 3788 1790 3841 Σεκυ-

216 3877 369 3941 διανὸς
392 3879 916 3950 προσποιησάμενος
944 3879 1274 3948 Φαρνακύαν
1299 3880 1391 3933 τὸν
1422 3880 1700 3950 εὐνοῦχον,
1729 3880 1789 3944 ὃς

215 3964 273 4039 ἦν
302 3971 432 4037 μετὰ
471 3970 796 4041 Βαγὸραζον
832 3970 930 4023 καὶ
969 3972 1285 4041 Μενοστάνη
1328 3974 1427 4025 καὶ
1461 3973 1681 4041 ἐτέρους
1705 3991 1789 4026 τι-

214 4061 314 4125 νὰς,
344 4062 646 4132 μεθύοντος
685 4063 742 4114 ἐν
769 4063 933 4133 ἑορτῇ
987 4079 1094 4116 τινι
1136 4061 1233 4115 τοῦ
1273 4060 1475 4132 Ξέρξου
1523 4064 1615 4115 καὶ
1651 4063 1789 4116 καθ-

213 4152 434 4217 εύδοντος
465 4155 665 4216 ἐντοῖς
714 4152 1009 4223 βασιλείοις
1057 4153 1394 4217 εἰσελθόντες
1434 4155 1789 4208 ἀποκτείνου-

215 4259 286 4295 σιν
310 4246 493 4311 αὑτὸν,
526 4244 976 4316 τεσσαρακοστῆς
1016 4245 1111 4298 καὶ
1148 4245 1412 4316 πέμπτης
1433 4247 1649 4317 ἡμέρας
1670 4246 1788 4300 δια-

212 4337 497 4408 τενομένης
549 4337 658 4390 ἀπὸ
712 4337 812 4407 τῆς
843 4334 941 4389 τοῦ
992 4336 1200 4407 πατρὸς
1238 4337 1518 4407 τελευτῆς.
1578 4338 1785 4410 Συνέϐη

210 4430 290 4483 οὖν
338 4430 691 4501 ἀμφοτέρους
715 4430 833 4500 ἅμα
861 4430 942 4490 είς
986 4430 1206 4500 Πέρσας
1232 4430 1696 4501 ἁποκομισθῆναιο
1730 4435 1787 4485 αἱ

1905 567 2158 621 dicasset.
2196 565 2335 633 Rex,
2382 567 2647 637 quidquid
2698 571 2858 622 matri
2907 570 3083 624 visum
3124 570 3316 642 agendi
3375 577 3502 632 fecit

1904 664 2415 725 potestatemzquaa
2443 672 2565 712 cum
2610 658 2850 713 vinctum
2894 660 3309 729 Appollonidem
3362 647 3509 721 inte:

1906 762 2002 816 pro
2032 747 2273 801 bimestri
2309 749 2705 814 excruciasset,
2737 751 2919 804 vivum
2950 763 3136 820 postea
3170 753 3372 821 defodi,
3400 772 3493 811 eo-

1906 839 2025 893 dem
2054 840 2172 908 ipso
2203 848 2449 909 tempore
2497 843 2734 907 curavit,
2769 844 2878 912 quo
2918 842 3137 915 Amytis
3170 846 3313 900 diem
3338 863 3497 903 suum

1904 935 2060 990 obiit.

1973 1025 2217 1095 Zopyrus
2284 1036 2490 1089 autem,
2558 1026 2835 1098 Megabyzi
2907 1039 2964 1083 et
3024 1030 3239 1102 Amytis
3329 1032 3494 1098 ﬁlius,

1902 1128 2133 1188 utroque
2166 1120 2396 1172 orbatus
2436 1128 2685 1188 parente,
2719 1136 2746 1172 a
2780 1135 2907 1190 rege
2946 1123 3194 1188 descivit,
3222 1124 3495 1181 Athenas-

1902 1224 2007 1278 que
2060 1211 2339 1279 prol‘ectus
2394 1221 2503 1271 est,
2574 1220 2862 1279 propterea
2936 1214 3079 1281 quod
3144 1224 3323 1267 mater
3376 1216 3496 1284 ejus

1900 1303 2262 1357 Athenienses
2312 1304 2439 1357 olim
2471 1305 2751 1360 beneﬁciis
2784 1304 3043 1359 aﬂ‘ererat
3089 1306 3334 1361 Caunum
3366 1322 3496 1378 ergo

1903 1394 2040 1463 ipse,
2074 1395 2302 1448 navibus
2352 1410 2476 1449 cum
2526 1395 2749 1450 asseclis
2784 1396 3021 1461 delatus,
3068 1398 3209 1452 tradi
3258 1400 3360 1453 sibi
3396 1414 3494 1451 ur-

1903 1486 2024 1538 bem
2059 1486 2315 1554 ροδιιιιειι.
2342 1485 2535 1539 Caunii
2573 1488 2788 1541 tradere
2818 1502 2878 1540 se
2902 1487 3004 1554 ipsi
3035 1490 3256 1556 quidem
3299 1490 3492 1544 urbem

1902 1590 2121 1647 paratos
2152 1580 2581 1646 responderunt;
2620 1579 2712 1647 qui
2762 1594 2891 1633 vero
2922 1580 3096 1648 ipsum
3125 1580 3496 1649 sequebantur

1902 1670 2353 1731 Atheniensibus,
2401 1685 2775 1739 nequaquam.
2824 1671 3005 1738 Quare
3036 1672 3086 1724 in
3133 1674 3332 1743 Zopyri
3371 1689 3493 1726 mu-

1904 1775 1996 1813 ros
2023 1760 2306 1813 subeuntis
2337 1769 2519 1825 caput,
2553 1774 2745 1813 saxum
2781 1760 2999 1815 Alcides
3040 1761 3279 1817 Caunius
3309 1763 3489 1831 c0nje~

1903 1854 1996 1917 cit,
2030 1868 2096 1907 ex
2140 1866 2249 1921 quo
2292 1852 2381 1906 ille
2415 1853 2526 1906 ictu
2576 1865 2827 1907 mortuus
2876 1864 2981 1906 est.
3030 1855 3298 1909 Cannium
3350 1857 3493 1910 hunc

1902 1945 2160 1999 Amistris
2196 1946 2315 1997 avia
2340 1945 2488 1997 cruci
2522 1944 2693 1998 al'ﬁxit
2720 1963 2734 1999 :
2765 1960 2831 1999 ac
2864 1947 3079 2001 tandem
3116 1948 3232 2016 ipsa
3275 1963 3493 2017 quoque

1903 2035 2055 2089 senio
2101 2033 2349 2089 conlecta
2397 2035 2657 2089 decessit.
2692 2036 2831 2102 Quin
2894 2046 2950 2091 et
2999 2038 3335 2094 Artaxerxes
3383 2041 3494 2095 vita

1901 2128 2055 2190 abiit,
2114 2141 2239 2181 cum
2289 2127 2427 2181 duos
2482 2136 2537 2181 et
2582 2128 2942 2199 quadraginta
2984 2139 3265 2199 regnasset
3293 2146 3488 2186 annos.

1901 2222 2079 2289 Atque
2118 2219 2206 2273 hic
2264 2218 2388 2273 ﬁnis
2429 2219 2648 2288 septimi
2695 2221 2893 2275 decimi
2940 2218 3306 2276 Historiarum
3340 2221 3493 2288 libri,

1904 2311 2301 2379 inchoaturque
2330 2319 2558 2363 octavus
2595 2310 2862 2366 decimus.

1985 2400 2230 2472 Regnum
2260 2403 2581 2457 Artaxerxae
2621 2402 2860 2457 defuncti
2904 2403 3044 2457 ﬁlius
3082 2402 3291 2459 Xerxes
3332 2420 3495 2462 exco-

1903 2497 2016 2567 pit,
2086 2496 2236 2552 solus
2296 2496 2574 2565 legitimus
2627 2510 2658 2550 e
2723 2493 2952 2564 conjuge
3006 2495 3331 2567 Damaspia,
3372 2512 3494 2568 qua:

1904 2593 2021 2660 ipso
2071 2593 2165 2646 illo
2204 2593 2290 2645 die.
2345 2607 2452 2660 quo
2494 2590 2705 2647 Xerxes
2756 2589 3029 2663 [postea]
3078 2593 3183 2645 vita
3234 2591 3489 2645 decessit.

1903 2684 2215 2751 Bagorazus
2264 2699 2395 2736 vero
2444 2682 2612 2752 patris
2655 2686 2951 2751 matrisque
3007 2700 3204 2752 corpus
3254 2684 3307 2737 in
3356 2682 3492 2737 Per-

1901 2776 2039 2829 siam
2090 2776 2292 2829 avexit.
2334 2774 2479 2846 42η
2546 2775 2946 2844 Septemdecim
2996 2777 3122 2831 huic
3168 2778 3492 2831 Artaxerxae

1900 2864 2072 2933 spurii
2112 2864 2205 2917 tilii
2242 2863 2480 2929 luerunt,
2510 2863 2563 2915 in
2604 2864 2803 2933 quibus
2835 2863 3229 2933 Sccyudianns,
3262 2880 3326 2919 ex
3357 2866 3491 2919 Alo-

1896 2972 2043 3025 Agune
2090 2955 2383 3026 Babylonia
2422 2973 2435 3008 :
2469 2964 2524 3008 et
2556 2956 2762 3022 Ochus,
2816 2964 2979 3025 atque
3011 2957 3256 3022 Arsites;
3304 2956 3393 3010 ille
3422 2971 3489 3010 ex

1905 3047 2131 3100 muliere
2189 3049 2422 3117 quadam
2484 3046 2783 3102 Martialene
2847 3049 3102 3112 nomine,
3154 3048 3489 3117 etiamripsa

1904 3134 2230 3206 Babylonia;
2290 3136 2473 3192 Ochus
2531 3150 2709 3191 autem
2775 3136 2865 3190 hic
2921 3144 3036 3204 post
3102 3136 3265 3189 etiam
3323 3150 3491 3207 regno

1899 3227 2125 3294 potitur.
2158 3224 2332 3280 Porro
2363 3238 2562 3294 praeter
2583 3225 2696 3292 jam
2729 3226 2902 3280 dictos
2938 3226 3110 3295 ipsius
3140 3242 3293 3296 aeque
3329 3226 3487 3282 liberi

1899 3316 2074 3382 luere,
2118 3316 2419 3386 Bngapa’us
2462 3327 2516 3371 et
2562 3315 2845 3387 Parysatis
2883 3334 2947 3372 ex
2984 3316 3180 3381 Andia,
3220 3318 3347 3371 item
3385 3318 3490 3371 Ba-

1899 3410 2140 3481 bylonia.
2192 3409 2317 3464 Haec
2356 3408 2637 3478 Parysutis
2676 3409 2999 3464 Artaxerxae
3034 3422 3218 3475 pOSIea
3248 3408 3487 3479 Cyrique

1897 3500 2219 3555 materfuit.
2247 3501 2454 3555 Ochum
2487 3514 2664 3569 pater,
2698 3503 2821 3553 dum
2852 3502 3032 3555 adhuc
3061 3501 3114 3553 iu
3147 3502 3282 3554 vivis
3315 3511 3484 3568 esset,

1896 3588 2295 3660 llyrcaniorum
2340 3599 2619 3658 satrapam
2653 3592 3033 3653 constituerat,
3067 3590 3189 3644 data
3225 3589 3271 3644 ei
3316 3606 3487 3646 uxore

1894 3681 1980 3732 cui
2038 3678 2286 3749 Parysati
2335 3695 2553 3747 nomen,
2603 3696 2722 3749 quae
2770 3679 2964 3735 Xerxa:
3014 3682 3143 3746 lilia,
3205 3682 3487 3750 ipsiusque

1894 3767 2030 3824 Ochi
2090 3785 2248 3824 soror
2305 3780 2446 3825 erat.
2505 3772 2882 3841 Seryndiauus
2939 3786 3105 3837 vero,
3159 3775 3331 3826 ascito
3377 3772 3482 3829 sibi

1888 3861 2216 3934 Pharnacyo
2273 3864 2527 3918 eunucho
2580 3865 2704 3933 (qui
2755 3863 3038 3933 Bagorazo
3096 3874 3151 3919 et
3212 3864 3483 3920 Menesta-

1894 3970 1963 4009 ne
2015 3953 2119 4026 l2),
2166 3969 2231 4009 ac
2288 3955 2615 4023 quibusdam
2680 3955 2803 4010 aliis
2863 3956 3191 4011 auctoritate
3259 3957 3485 4012 inferior

1888 4049 2059 4114 erat),
2110 4061 2235 4102 cum
2290 4045 2504 4104 Xerxes
2557 4049 2647 4104 die
2699 4049 2935 4118 quodam
2996 4052 3139 4105 l‘esto
3196 4052 3382 4105 ebrius
3429 4050 3482 4104 in

1894 4137 2037 4207 regia
2104 4138 2389 4205 dormiret,
2432 4139 2673 4209 ingressi
2738 4156 2842 4194 una
2921 4155 3044 4196 eum
3120 4140 3478 4207 interﬁciunt,

1891 4229 2311 4297 quadragesimo
2341 4230 2532 4298 quinto
2562 4245 2590 4282 a
2627 4231 2800 4300 patris
2833 4240 3007 4286 morte
3035 4230 3144 4286 die.
3170 4231 3246 4285 Ita
3278 4232 3477 4298 evenit,

1888 4332 1950 4377 ut
1995 4322 2282 4378 amborum
2328 4323 2489 4379 simul
2539 4340 2771 4394 corpora
2810 4326 2862 4379 in
2898 4324 3143 4380 Persiam
3182 4327 3481 4381 aveheren-

1893 4424 1997 4469 tur.
2034 4415 2167 4480 Quae
2210 4415 2356 4470 enim
2407 4427 2568 4470 antea
2617 4417 2778 4472 mulae
2827 4434 3049 4474 currum
3107 4418 3251 4491 [cum
3313 4421 3478 4473 Arta-

211 4526 304 4593 γὰρ
344 4525 583 4591 ἄγουσαι
607 4522 707 4592 τὴν
728 4521 1062 4593 ἁρμάμαξαν
1093 4522 1329 4592 ἡμίονοι,
1359 4522 1551 4593 ὥσπερ
1580 4523 1782 4594 ἀναμέο

1903 4519 2079 4559 tersa:
2108 4505 2399 4578 cadavere]
2434 4517 2816 4577 protractum,
2842 4517 3099 4579 tanQuam
3131 4510 3226 4564 ﬁlii
3262 4524 3482 4583 quoque

210 4630 377 4667 νουσαι
413 4615 515 4668 καὶ
536 4614 630 4666 τὸν
655 4612 751 4666 τοῦ
788 4614 977 4676 παιδὸς
1023 4615 1219 4683 νεκρὸν
1247 4653 1262 4677 ,
1307 4614 1408 4667 ούκ
1442 4614 1634 4684 ἧθελον
1689 4632 1788 4668 πο-

213 4708 452 4776 ρεύεσθαι
481 4747 497 4771 ,
539 4709 628 4761 ὅτε
679 4707 735 4760 δὲ
792 4706 1058 4761 κατέλαϐε
1086 4746 1101 4772 ,
1148 4706 1244 4760 σὺν
1280 4706 1565 4780 προθυμίη
1612 4708 1787 4779 ἀπῄε-

212 4816 316 4854 σαν.

268 4891 552 4945 Βασιλεύει
583 4891 639 4944 δὲ
670 4891 1016 4958 Σεκυδιανὺς,
1046 4893 1143 4945 καὶ
1170 4891 1385 4960 γίνεται
1418 4892 1785 4963 Ἀζαϐαρίτης

209 4984 339 5054 αύτῷ
354 4984 729 5054 Μενοστάνης.
749 4983 954 5037 Ἀπιὼν
975 4984 1030 5037 δὲ
1053 4984 1370 5056 Βαγόραζος
1394 4985 1491 5039 καὶ
1510 4985 1783 5057 ὑποστρέ-

209 5076 301 5143 ηζας
320 5077 460 5148 πρὸς
474 5076 817 5141 Σεκυδιανὸν,
840 5076 965 5128 ἐπεὶ
982 5074 1193 5128 παλαιὰ
1208 5075 1392 5140 αὐτοῖς
1409 5076 1579 5148 ἔχθρα
1594 5077 1788 5130 ύπετύ-

212 5186 346 5236 φετο,
374 5170 452 5234 ὡς
478 5169 641 5240 δῆθεν
671 5169 801 5222 ἄνευ
824 5168 925 5239 τῆς
952 5167 1151 5222 ἑαυτοῦ
1183 5168 1412 5240 γνώμης
1446 5170 1541 5223 τοῦ
1574 5171 1783 5242 πατρὸς

1896 4599 2131 4653 cadaver
2175 4610 2578 4669 exspectarent,
2611 4601 2862 4674 progredi
2912 4602 3220 4667 noluerant,
3252 4604 3480 4670 eaedem,

1894 4704 2183 4761 postquam
2232 4697 2337 4747 ista
2385 4697 2752 4765 contigerunt,
2794 4711 2991 4766 magna
3033 4711 3154 4752 cum
3197 4697 3487 4755 alacritate

1892 4793 2022 4836 sunt
2055 4783 2159 4839 iter
2187 4784 2470 4853 ingressae.

1964 4896 2040 4951 Ita
2075 4913 2241 4968 regno
2280 4900 2483 4967 potitus
2515 4901 2916 4972 Sccyudianus,
2952 4904 3322 4961 Menostanem
3372 4907 3477 4962 sibi

1888 4990 2388 5047 crealAzahariten
2422 5012 2435 5049 :
2470 5010 2859 5067 reversumque
2885 4999 3080 5053 deinde
3106 4998 3480 5071 Bagorazum;

1889 5082 2112 5149 quando
2165 5095 2321 5142 vetus
2376 5088 2519 5143 inter
2578 5105 2672 5146 eos
2727 5092 2980 5148 simultas
3042 5095 3289 5157 ardebat,
3340 5108 3484 5163 prae-

1895 5180 2282 5247 texensquod
2334 5181 2541 5252 absque
2593 5199 2693 5240 suo
2747 5186 2980 5241 consilio
3029 5186 3203 5257 patris
3249 5187 3485 5241 cadaver

1497 5326 1733 5384 VARIJE
1767 5328 2065 5390 LECTION
2072 5336 2177 5393 ES.

270 5446 313 5477 ”
342 5443 665 5527 zﬁggmLA.
746 5445 793 5476 ”
830 5442 948 5527 ἅμα
985 5442 1488 5527 τῶνηὲπομένωνᾼ
1521 5460 1536 5501 :
1572 5445 1688 5527 ἅμα
1731 5449 1843 5527 τοὶςς
1884 5450 2173 5527 έπομένοις
2205 5472 2265 5519 ς.
2340 5456 2389 5489 ³⁸
2415 5456 2472 5510 δὲ
2520 5473 2629 5512 om.
2662 5460 2723 5514 A.
2810 5460 2855 5491 “
2888 5458 3201 5527 τελευτᾷ-
3227 5454 3320 5527 ιη’]
3362 5457 3478 5515 τελ.

214 5516 373 5590 ἱστορ.
405 5513 524 5580 ιζ’·
561 5516 789 5590 ἄρχεται
823 5514 895 5590 ιη’
919 5516 1009 5590 A_:
1045 5513 1204 5590 esito;
1226 5513 1325 5583 τῆς
1362 5514 1428 5577 ιζ’
1475 5513 1739 5590 ἱστορίας,
1775 5518 1931 5590 κάρχὴ

2012 5515 2290 5600 ὲιτῆςὶην
2321 5544 2383 5600 ς.
2423 5528 2497 5600 cf.
2535 5545 2567 5598 p
2594 5567 2608 5583 .
2637 5530 2708 5583 45
2739 5529 2767 5582 ι
2828 5529 2878 5584 t.
2955 5529 3002 5600 ξε
3033 5515 3397 5600 Ἀρταξέρξου
3424 5528 3480 5581 δὲ

214 5584 411 5641 τελευτ.
449 5602 509 5649 ς.
590 5589 631 5619 ’⁷
664 5584 1024 5649 Σεκυνδιανὺς
1055 5603 1116 5651 ς.
1154 5584 1243 5639 hic
1281 5594 1336 5638 et
1368 5588 1615 5654 posthac.
1694 5587 1738 5618 ³⁸
1770 5584 2117 5658 ὲκγυναικὸς
2143 5584 2502 5669 Μαρτιδηνῆς
2668 5601 2711 5632 ’³
2748 5600 2915 5670 hom.
2953 5599 3021 5651 Α.

1711 5716 1941 5775 NOTAE.

277 5810 352 5881 (2)
378 5812 549 5883 Supra
571 5813 917 5868 Mcnestates.
