3926 6466
432 357 536 423 193

1612 344 1882 406 ΡΗΟἹἹΙ
1921 342 2435 405 ΡΑΤΒΙΑΗΟΙῙᾸΞ
2456 343 2566 402 CP.

3632 333 3738 397 196

430 470 505 526 ibi
558 465 904 536 reliquisset,
955 462 1228 535 lapidibus
1283 460 1440 517 obrui
1500 457 1810 528 imperavit.
1867 455 2024 523 Quod

2143 452 2306 507 λιπὼν
2327 455 2417 508 τὸν
2436 457 2630 526 νεκρὸν
2646 456 2837 522 αὑτοῦ,
2862 452 3158 523 προστάξει
3195 449 3469 522 βασιλέως
3489 448 3743 502 λιθόλευσ-

430 562 635 617 factum
682 558 961 611 exercitus
1009 556 1235 610 moleste
1284 552 1574 608 admodum
1619 550 1740 604 tulit
1783 563 1798 602 :
1849 561 2025 616 neque

426 636 558 705 inllis
604 647 988 719 largitionibus
1038 643 1131 698 ille
1177 643 1391 698 eﬂieere
1427 641 1624 712 potuit,
1660 649 1718 692 ut
1755 653 1861 693 non
1899 652 2023 691 eum

434 750 548 795 tum
601 740 673 793 ob
731 737 928 792 Xerxe
985 735 1197 802 fratris,
1233 744 1345 787 tum
1391 733 1460 787 ob
1500 731 1764 802 Bagorazi
1795 729 2024 793 caedem,

432 832 785 887 vehementer
856 829 1128 884 odissent.
1219 826 1452 880 Dimittit
1538 837 1728 895 postea
1816 822 2026 892 Set-yn-

434 926 630 979 dianus
676 924 767 992 qui
815 919 1027 977 Ochum
1085 928 1415 976 accerseret.
1465 916 1568 983 Qui
1625 930 1686 970 se
1734 916 2062 969 venturum‘

434 1016 635 1084 saepius
681 1014 979 1083 pollicitus,
1017 1028 1128 1067 non
1179 1022 1361 1066 tamen
1418 1008 1587 1073 venit,
1623 1009 1793 1062 donec
1840 1004 2028 1060 multis

436 1110 656 1163 tandem
705 1108 945 1163 munitus
967 1106 1163 1174 copiis,
1201 1118 1423 1173 regnum
1455 1111 1821 1170 occupaturus
1866 1108 2025 1168 puta-

438 1210 610 1255 retur.
647 1198 713 1253 Et
746 1214 877 1253 vero
901 1198 1194 1258 Arharius,
1238 1196 1481 1263 equitum
1511 1191 1840 1262 Secyndiani
1880 1206 2025 1259 prte-

438 1290 632 1353 fectns,
671 1288 739 1341 ab
769 1303 836 1342 eo
876 1290 940 1342 ad
987 1288 1196 1341 Ochum
1229 1286 1433 1346 deﬁcit,
1465 1293 1589 1353 post
1632 1284 1773 1336 hunc
1808 1280 2027 1351 Aigyp'j

438 1392 656 1450 satrapa
692 1383 937 1434 Arxanes
968 1397 982 1434 .'
1013 1381 1144 1449 quin
1186 1388 1241 1433 et
1268 1378 1568 1432 Artoxares
1600 1376 1669 1431 ab
1703 1376 1816 1445 ipsa
1856 1388 2029 1443 usque

437 1475 695 1530 Armenia
724 1475 790 1530 ad
819 1472 1031 1529 Ochum
1063 1471 1295 1526 accessit
1330 1489 1343 1523 :
1376 1470 1461 1524 cui
1483 1470 1647 1523 etiam
1681 1470 1848 1522 invito
1891 1468 2029 1521 cita-

336 1616 342 1622 .
438 1568 543 1622 rim
593 1568 671 1630 (5i
724 1568 779 1622 hi
830 1568 1165 1637 imposuere.
1212 1561 1396 1618 Ochus
1442 1576 1573 1630 ergo
1617 1576 1839 1630 regnqu
1892 1560 2027 1625 adit,

443 1669 761 1727 nmtatoque
787 1658 1009 1712 nomine
1035 1655 1277 1709 Dariaeus
1304 1653 1609 1722 appellatur
1641 1653 1739 1719 (4).
1774 1651 1866 1705 llic
1893 1651 2030 1705 dolis

440 1766 567 1805 mox
603 1749 1073 1818 juramentisque.
1103 1745 1435 1816 Parysatidis
1466 1744 1697 1807 monitu,
1733 1741 2030 1814 Secyndia-

436 1855 565 1894 num
626 1840 945 1910 aggreditur
997 1856 1010 1893 :

437 1932 779 1998 hortaretur,
822 1947 890 1986 ne
937 1930 1270 2001 juramentis
1330 1930 1708 2000 Secyndianus
1759 1930 2027 1992 crederet,

439 2038 581 2078 neve
623 2038 749 2077 cum
796 2021 1084 2078 fallacibus
1132 2023 1445 2078 hominibus
1480 2031 1697 2090 pactum
1742 2020 1910 2073 nllmn
1949 2020 2029 2073 in-

440 2126 566 2179 tret,
602 2116 781 2171 credit
818 2124 1024 2171 tamen.
1068 2114 1295 2185 Capitur
1345 2115 1549 2183 itaque,
1580 2124 1635 2168 et
1681 2113 1735 2167 in
1786 2115 2030 2168 cinerem

435 2208 583 2281 ἀπὸ
627 2208 909 2278 coniectus
954 2209 1206 2276 moritur,
1254 2221 1378 2263 cum
1421 2220 1637 2262 menses
1691 2221 1785 2263 sex
1821 2207 1921 2276 (5),
1975 2216 2031 2261 et

438 2303 557 2357 dies
580 2303 892 2372 quindecim
927 2311 1231 2373 regnasset.

514 2392 678 2449 Solus
721 2393 850 2449 inde
886 2403 1080 2461 regnat
1123 2393 1329 2457 Ochus,
1360 2392 1454 2463 qui
1490 2402 1544 2448 et
1582 2390 1845 2458 Darizeus,
1887 2392 2032 2461 apud

441 2502 606 2557 quem
644 2487 973 2541 auctoritate
1016 2485 1271 2541 valebant
1319 2498 1429 2541 tres
1476 2486 1710 2541 eunuchi
1748 2506 1760 2539 :
1793 2484 2033 2539 maxime

440 2579 665 2649 quidem
702 2580 1036 2644 Artoxanes,
1087 2588 1210 2646 post
1257 2578 1401 2633 hunc
1440 2577 1825 2641 Artihazanes,
1872 2578 2034 2632 tertio

440 2670 561 2725 loco
593 2670 823 2725 Atheus.
862 2670 969 2724 Sed
1007 2683 1231 2723 uxorem
1264 2668 1611 2737 potissimum
1651 2667 1705 2721 in
1746 2667 2032 2722 consilium

440 2763 778 2819 adhibebat:
811 2778 878 2817 ex
918 2778 1027 2832 qua
1059 2762 1169 2829 jam
1200 2773 1331 2816 ante
1362 2761 1571 2815 aditum
1608 2776 1833 2831 regnum
1877 2761 2035 2817 binos

440 2864 759 2924 susceperat
804 2853 1026 2920 liberos,
1052 2852 1318 2907 Antistrin
1358 2852 1550 2915 liliam,
1582 2862 1637 2906 ct
1669 2852 1836 2906 lilium
1875 2854 2037 2907 Arsao

443 2960 574 3010 can,
597 2946 689 3017 qui
724 2955 936 3001 mutato
968 2956 1089 3014 post
1114 2944 1341 2999 nomine
1366 2945 1704 2998 Artaxerxes
1727 2943 1805 3013 (6)
1834 2942 2034 2998 dictus.

445 3034 596 3094 Parit
651 3046 831 3089 autem
884 3035 985 3104 ipsi
1036 3046 1092 3089 ct
1142 3034 1375 3090 alterum
1429 3033 1597 3089 [ilium
1641 3034 1756 3103 jam
1806 3048 2039 3104 regnans

2128 563 2252 608 στος
2265 546 2531 613 ἐγεγόνειι
2553 548 2638 617 ἐφ’
2656 542 2700 617 ᾧ
2727 550 2823 621 ή³⁰
2843 545 3073 619 στρατιὰ
3090 546 3171 608 είς
3191 543 3739 614 λύπηνςκατηνέχθη.

2136 640 2198 692 Ὀ
2219 639 2277 692 δὲ
2300 639 2451 710 δῶρα
2479 642 2616 712 αὑτῇ
2667 643 2862 696 ἐδίδου·
2896 642 2948 695 οἱ
2992 642 3036 672 ³⁸
3065 640 3122 693 δὲ
3166 638 3395 709 ἐμίσουν
3426 637 3627 701 αὐτὸν,
3656 638 3742 691 ὅτι

2125 748 2185 783 τε
2212 732 2305 784 τὸν
2330 732 2559 801 ἀδελφὸν
2582 733 2793 803 Ξέρξην
2832 733 3125 788 ἀπεκτόνει
3149 731 3244 785 καὶ
3264 731 3348 785 ὃτι
3381 728 3737 800 Βαγόραζον.

2128 822 2513 891 Διαπέμπεται
2540 824 2863 887 Σεκυδιανὸς
2891 821 3373 896 προσκαλούμενος
3398 817 3603 889 Ὦχοψ
3631 822 3660 873 6
3681 819 3740 872 δὲ

2130 914 2472 985 ὑπισχνεῖται
2533 916 2773 987 μὲν,.οὐ
2821 916 3191 988 παραγίνεται
3229 913 3308 968 δέ.
3360 914 3480 966 Καὶ
3522 911 3741 980 γίνεται

2127 1005 2287 1059 τοῦτο
2309 1006 2592 1070 πολλάκις.
2648 1008 2813 1072 Τέλος
2868 1001 3469 1079 περιϐάλλεται’⁷Ωχος
3533 1003 3741 1073 πολλὴν

2133 1095 2426 1167 στρατιάν,
2487 1096 2579 1151 καὶ
2619 1096 2863 1162 ἐπίδοξος
2898 1092 2968 1166 ἦν
3014 1096 3346 1166 βασιλεύειν.
3402 1093 3739 1163 Ἀφίσταται

2145 1188 2431 1261 ’Δρϐάριος
2474 1192 2503 1243 6
2548 1190 2656 1244 τῶν
2716 1190 2930 1244 ἱππέων
2979 1188 3305 1243 Σεκυδιανοῦ
3359 1188 3559 1258 ἄρχων
3600 1187 3740 1257 προς

2132 1275 2319 1351 Ὦχον,
2362 1277 2479 1335 εἶτα
2541 1282 2805 1353 Ἀρξάνης
2862 1285 2891 1336 6
2948 1281 3226 1351 Αἰγύπτου
3264 1284 3589 1351 σατράπης
3647 1282 3739 1334 καὶ

2144 1370 2478 1443 ’Λρτοξάρης
2504 1372 2562 1425 δὲ
2601 1375 2629 1425 6
2659 1372 2912 1442 εὐνοῦχος
2940 1372 2984 1402 ⁸⁸
3024 1372 3084 1437 ἐξ
3120 1371 3417 1443 ’Δρμενίας
3459 1366 3571 1442 ἧκε
3602 1371 3739 1442 πρὸς

2131 1460 2321 1536 Ὦχον.
2356 1468 2466 1520 Καὶ
2495 1466 2756 1519 ἐπέθεντο
2802 1466 2953 1536 αύτῷ
2981 1466 3080 1536 τὴν
3117 1466 3370 1537 κίταριν,
3414 1464 3544 1517 οὔτι
3584 1465 3738 1519 ἐκόν-

2132 1577 2219 1622 τος
2256 1560 2321 1615 ³³.
2384 1560 2669 1613 Βασιλεύει
2713 1556 2914 1630 Ὦχος,
2973 1560 3068 1614 καὶ
3131 1560 3578 1630 μετονομάζεται
3637 1562 3738 1611 Δα-

2136 1654 2416 1722 ρειαῖος³⁸.
2438 1653 2548 1705 Kal.
2573 1654 2900 1723 μετέρχεται
2928 1653 3114 1724 ἀπάτῃ
3136 1652 3458 1723 κα“ιὸρκοις,
3481 1650 3737 1722 ὑποθήκῃ

2137 1744 2529 1814 Παρυσάτιδος,
2555 1744 2646 1796 τὸν
2669 1744 2990 1798 Σεκυδιανὸν
3014 1786 3028 1807 ,
3061 1745 3232 1799 πολλὰ
3273 1745 3669 1808 Μενοστάνους
3692 1748 3735 1778 ³⁵

1073 1853 1140 1893 ac
1205 1841 1434 1892 multum
1497 1836 1623 1891 licet
1680 1836 2029 1890 Menustancs

2143 1837 2531 1908 παραινοῦντος
2585 1837 2909 1890 Σεκυδιανὸν
2948 1838 3024 1908 μὴ
3062 1838 3340 1892 πιστεύειν
3378 1841 3500 1902 τοῖς
3550 1840 3735 1908 ὅρκοις

2138 1930 2274 2000 μηδὲ
2303 1927 2627 1982 σπένδεσθαι
2670 1932 2785 1992 τοῖς
2835 1929 3168 1995 ἐξαπατῶσι.
3225 1931 3495 1986 Πείθεται
3540 1932 3587 1985 δ’
3643 1928 3735 1986 οὖν

2133 2020 2305 2091 ὅμως,
2351 2023 2445 2073 καὶ
2488 2020 2804 2084 ἁλίσκεται,
2844 2021 2939 2073 καὶ
3007 2024 3087 2086 είς
3138 2022 3235 2093 τὴν
3278 2023 3480 2077 σποδὸν
3527 2024 3734 2095 ἐμϐάλ-

2133 2114 2286 2169 λεται
2314 2116 2408 2169 καὶ
2438 2114 2737 2170 ἀπόλλυται
2766 2115 3095 2186 βασιλεύσας
3124 2118 3169 2150 ⁸⁵
3200 2119 3377 2189 μῆνας
3400 2118 3486 2187 ἓξ,
3516 2119 3734 2191 ἠμέρας

2132 2209 2458 2265 δεκαπέντε.

2210 2393 2493 2447 Βασιλεύει
2523 2389 2617 2448 οὖν
2663 2394 2824 2466 μόνος
2858 2389 3026 2467 Ὦχος
3062 2396 3090 2449 6
3134 2396 3231 2449 καὶ
3278 2397 3595 2467 Δαρειαῖος.
3632 2394 3735 2449 Εὐ-

2135 2487 2317 2557 νοῦχοι
2342 2487 2398 2541 δὲ
2428 2490 2579 2558 τρεῖς
2609 2488 2874 2559 ἠδύναντο
2917 2489 3048 2559 παρ’
3094 2487 3277 2559 αὐτῷ,
3330 2492 3601 2558 μέγιστον
3634 2488 3734 2559 μὲν

2149 2580 2485 2653 ’Λρτοξάρης
2527 2580 2607 2647 ⁸⁷,
2650 2580 2903 2652 δεύτερος
2945 2581 3003 2634 δὲ
3059 2581 3504 2653 Ἀρτιϐαρζάνης
3545 2581 3593 2613 ³⁸
3642 2582 3736 2635 καὶ

2135 2671 2319 2742 τρίτος
2383 2670 2602 2736 Ἀθῶος.
2652 2672 2881 2743 Ἐχρῆτο
2932 2673 2990 2726 δὲ
3044 2672 3338 2744 συμϐούλῳ
3382 2675 3629 2742 μάλιστα
3669 2677 3734 2746 τῇ

2144 2764 2363 2831 γυναικί
2385 2765 2451 2796 ⁸⁸⁸
2496 2764 2554 2830 ἐξ
2580 2758 2649 2835 ἧς
2672 2763 2781 2835 πρὸ
2808 2763 2910 2833 τῆς
2942 2763 3221 2835 βασιλείας
3247 2764 3341 2818 δύο
3380 2765 3511 2835 ἔσχε
3549 2767 3735 2831 τέκνα,

2156 2856 2461 2927 ’Δμῆστριν
2486 2854 2763 2926 θυγατέρα
2790 2855 2886 2909 καὶ
2916 2857 3194 2928 Ἀρσάκαν
3236 2857 3374 2923 υἱὸν,
3414 2858 3474 2920 ὃς
3508 2856 3736 2928 ὕστερον

2144 2945 2548 3017 μετωνομάσθη
2596 2944 2977 3018 Ἀρτοξέρξης.
3028 2947 3215 3000 Τίκτει
3240 2946 3296 3000 δὲ
3344 2947 3501 3018 αὐτῷ
3552 2948 3737 3018 ἕτερον

2141 3036 2258 3089 υἱὸν
2290 3035 2648 3108 βασιλεύουσα
2669 3079 2684 3103 ,
2731 3037 2827 3090 καὶ
2856 3036 3067 3089 τίθεται
3110 3037 3169 3091 τὸ
3202 3038 3374 3109 ὄνομα
3424 3040 3597 3092 αὑτοῦ
3631 3040 3739 3092 ἀπὸ

444 3143 610 3195 uxor,
647 3130 795 3184 cuia
829 3128 944 3184 sole
971 3128 1100 3199 (Zyri
1130 3129 1207 3199 (7)
1240 3142 1438 3183 nomen
1475 3129 1805 3198 imponitur;
1843 3127 2034 3181 deinde

2143 3130 2235 3183 τοῦ
2267 3130 2420 3201 ἡλίου
2455 3130 2661 3200 Κῦρονο
2692 3126 2813 3184 εἷτα
2854 3129 3035 3183 τίκτει
3072 3131 3391 3202 Ἀρτόστην,
3422 3134 3519 3186 καὶ
3546 3131 3739 3202 ἐφεξῆς

443 3221 742 3287 Artosten,
797 3220 1043 3289 aliosque
1103 3220 1361 3290 deinceps
1418 3220 1486 3274 ad
1542 3220 1801 3274 tredecim
1861 3233 2038 3288 usque

446 3314 675 3370 liberos.
731 3313 882 3383 (Haec
931 3313 1167 3383 scriptor
1204 3313 1294 3368 hic
1343 3327 1408 3367 ex
1458 3314 1689 3381 ipsaiuet
1722 3327 1782 3366 se
1818 3312 2039 3366 audisse

444 3406 768 3478 Parysatide
825 3406 1057 3475 refert.)
1130 3403 1333 3459 Verum
1395 3404 1577 3459 caeteri
1652 3403 1870 3473 quidem
1930 3402 2039 3457 cito

445 3499 635 3554 vivere
683 3498 1011 3563 desierunt,
1058 3496 1445 3567 superstitibus
1497 3496 1699 3550 relictis
1752 3495 1852 3560 iis,
1902 3509 2040 3564 quos

447 3592 610 3648 modo
655 3591 1080 3656 nominavimus,
1108 3607 1231 3646 cum
1261 3598 1464 3661 quarto
1508 3588 1733 3660 insuper
1781 3588 1916 3653 lilio,
1952 3587 2040 3643 cui

446 3680 716 3739 Oxendrae
747 3698 948 3738 nomen
983 3682 1252 3737 fecerunt.

522 3775 853 3830 Defecerunt
883 3789 913 3828 a
942 3788 1067 3844 rege
1096 3788 1395 3844 germanus
1435 3772 1554 3843 ejus
1594 3771 1765 3827 frater
1804 3771 2039 3835 Arsites,

448 3869 642 3921 eodem
674 3877 826 3936 patre
854 3864 1156 3934 eademque
1190 3874 1368 3918 matre
1401 3874 1720 3934 prognatus,
1768 3872 1824 3917 et
1865 3861 2043 3931 Mega-

450 3957 575 4028 byzi
601 3955 743 4012 ﬁlius
769 3956 1091 4027 Artyphius.
1125 3954 1358 4010 Mittitur
1389 3957 1654 4009 adversus
1694 3955 1792 4009 hos
1816 3954 2044 4025 Artasy-

450 4058 569 4111 ras,
598 4044 849 4113 belloque
881 4043 1203 4113 Artyphium
1253 4042 1539 4107 invadens,
1575 4042 1787 4095 duobus
1832 4056 1863 4094 e
1907 4056 2044 4110 pra:-

451 4138 543 4194 lits
583 4138 761 4193 victus
810 4137 988 4191 abiit:
1030 4136 1191 4190 tertio
1238 4135 1436 4189 deinde
1482 4148 1832 4203 congressus,
1881 4134 2046 4204 Arty-

2148 3219 2312 3290 μέχρι
2340 3219 2548 3273 παίδων
2586 3219 2910 3291 δεκατριῶν.
2947 3220 3056 3273 Καί
3092 3237 3259 3291 φησιν
3309 3222 3338 3274 6
3383 3222 3737 3293 συγγραφεὺς

2110 3312 2308 3375 ἀὐτὸς
2352 3314 2485 3382 παρ’
2530 3311 2701 3381 αὐτῆς
2734 3313 2950 3380 ἐκείνης
2988 3310 3090 3377 τῆς
3138 3312 3521 3381 Παρυσάτιδος
3567 3312 3738 3366 ταῦτα

2145 3402 2401 3457 ἀκούσαι.
2449 3402 2613 3455 Ἀλλά
2640 3402 2708 3455 τὰ
2748 3402 2850 3472 μὲν
2882 3402 3018 3456 ἄλλα
3052 3400 3162 3454 τῶν
3196 3402 3406 3457 τέκνων
3446 3405 3587 3475 ταχὺ
3634 3405 3739 3457 ἀπο

2146 3492 2303 3561 εϐίω,
2329 3495 2377 3546 οί
2408 3493 2466 3546 δὲ
2494 3493 2915 3565 περιγεγονότες
2945 3493 3079 3546 οἵτε
3104 3494 3522 3564 προρῤηθέντες
3542 3497 3742 3566 τυγχά-

2147 3601 2301 3639 νουσι
2342 3585 2439 3638 καὶ
2470 3583 2552 3639 ἐτι
2588 3584 2849 3656 τέταρτος
2889 3582 3025 3650 υίὸς,
3073 3582 3363 3656 Ὀξένδρας
3408 3586 3738 3659 ὠνομασμέ-

2147 3696 2258 3743 νος.

2231 3771 2584 3841 ,Αφίστανται
2628 3771 2891 3843 βασιλέως
2927 3774 3185 3847 Ἀρσίτης
3216 3776 3244 3829 6
3264 3776 3468 3840 οἰκεῖος
3494 3775 3738 3845 ἀδελφὸς,

2147 3865 2486 3934 ὁμοπάτριος
2517 3865 2611 3919 καὶ
2637 3865 2999 3936 ὁμομήτριος,
3037 3868 3132 3921 καὶ
3166 3868 3463 3939 Ἀρτύφιος
3501 3869 3530 3920 6
3556 3867 3737 3932 Μεγα-

2149 3956 2340 4020 ϐύζου.
2368 3957 2655 4027 Πέμπεται
2685 3957 2776 4031 [65
2798 3958 2894 4029 Η.]
2911 3959 3254 4033 Ἀρτασύρας
3276 3959 3398 4015 κατ’
3429 3959 3631 4024 αὐτῶν,
3652 3958 3736 4011 καὶ

2151 4050 2383 4120 πολεμεῖ
2432 4048 2726 4119 ’Δρτύφιον
2758 4090 2773 4114 ,
2826 4054 2920 4104 καὶ
2956 4051 3080 4104 δυσὶ
3126 4053 3333 4123 μάχαις
3396 4048 3737 4123 Ἀρτασύρας

2151 4142 2401 4212 ἡττᾶται.
2428 4139 2557 4213 [128
2591 4140 2680 4213 IL]
2708 4138 2841 4197 Εἶτα
2881 4143 3043 4197 πάλιν
3070 4143 3364 4214 συμϐαλὼν
3393 4145 3523 4216 νικᾷ
3558 4140 3738 4210 Ἀρτύ-

450 4231 641 4303 phium
689 4238 937 4300 superat,
967 4237 1024 4283 ct
1054 4241 1192 4297 quos
1244 4226 1335 4282 ille
1377 4238 1562 4281 secum
1616 4225 1851 4280 habebat
1902 4224 2044 4279 Graec

453 4339 549 4380 cos
582 4324 655 4379 ita
692 4322 1011 4378 muneribus
1045 4323 1111 4377 ad
1159 4336 1220 4377 se
1260 4320 1525 4392 pellexit,
1558 4327 1618 4373 ut
1669 4317 1884 4372 tandem
1917 4332 2040 4372 cum

2152 4236 2296 4299 φιον,
2331 4231 2431 4283 καὶ
2463 4230 2734 4299 ὑπάγεται
2764 4231 2891 4297 τοὺς
2922 4234 3021 4287 σὺν
3050 4233 3202 4305 αὐτῷ
3226 4234 3500 4306 Ἕλληνας
3524 4234 3733 4304 δώροις,

2151 4324 2251 4377 καὶ
2289 4324 2799 4395 καταλιμπάνονται
2852 4326 3003 4398 αὐτῷ
3059 4327 3323 4399 Μιλήσιοι
3369 4328 3524 4399 μόνοι
3568 4328 3728 4396 τρεῖς.

456 4416 629 4471 tribus
687 4415 982 4469 admodum
1043 4412 1269 4469 Milesiis
1332 4413 1561 4466 relictus
1613 4409 1800 4466 fuerit.
1862 4407 2034 4475 Quare

2158 4415 2324 4478 Τέλος
2346 4416 2545 4484 ὅρκους
2582 4415 2677 4469 καὶ
2706 4417 2921 4480 πίστεις
2966 4416 3148 4471 λαϐὼν
3188 4418 3342 4489 παρὰ
3406 4417 3732 4491 Ἀρτασύρα,

448 4503 806 4577 jurejurando
850 4504 1063 4572 ﬁdeque
1109 4502 1177 4557 ab
1217 4502 1436 4556 Artasia
1472 4500 1622 4563 data,
1656 4499 1770 4566 regi
1806 4513 1933 4553 sese
1960 4498 2034 4553 de

2150 4506 2273 4559 ἐπεὶ
2302 4507 2330 4558 6
2367 4505 2625 4578 ’Δρσίτης
2653 4506 2758 4560 οὐκ
2781 4508 3054 4577 ἐφαίνετο,
3076 4507 3475 4581 προσεχώρησε
3508 4508 3732 4579 βασιλεῖ.

454 4596 610 4651 didit.
644 4594 926 4667 Parysatis
953 4608 1084 4649 vero
1111 4593 1224 4663 regi
1253 4595 1320 4647 ad
1348 4590 1675 4662 Artyphium
1710 4590 2034 4646 interﬁcien-

2152 4598 2467 4671 Παρύσατις
2500 4599 2558 4651 δὲ
2588 4599 2906 4667 βουλεύεται
2942 4602 3174 4671 βασιλεῖ,
3216 4602 3462 4674 ὁρμῶντι
3483 4601 3619 4672 πρὸς
3648 4599 3736 4653 τὸν

455 4688 584 4743 dum
633 4686 859 4742 incitato
887 4686 940 4740 id
981 4684 1197 4740 consilii
1223 4684 1412 4753 dedit,
1445 4682 1537 4738 illo
1568 4692 1627 4737 ut
1657 4692 1900 4753 tempore
1937 4698 2034 4737 non

2163 4690 2458 4763 ’Λρτυφίου
2485 4690 2742 4757 θάνατον,
2783 4693 2859 4764 μὴ
2905 4693 3118 4747 ἀνελεῖν
3156 4694 3317 4757 τέωςο
3368 4695 3589 4748 ἔσεσθαι
3633 4690 3735 4760 γὰρ

453 4781 775 4837 occideret:
812 4796 912 4852 per
956 4794 1077 4835 eam
1124 4778 1271 4833 enim
1323 4777 1571 4832 fraudem
1621 4774 1785 4830 etiam
1823 4775 2034 4831 Arsiten

2151 4783 2311 4837 τοῦτο
2339 4784 2559 4855 ἀπάτην
2582 4776 2774 4850 καὶέίς
2796 4787 2898 4857 τὴν
2926 4786 3317 4858 προσχὼρησιν
3342 4787 3436 4840 τοῦ
3470 4784 3730 4858 Ἀρσίτου·

453 4875 633 4945 ipsum
688 4887 808 4928 sese
857 4871 1208 4937 deditorum;
1258 4869 1351 4924 ubi
1393 4869 1481 4925 hic
1516 4882 1734 4939 quoque
1792 4869 2034 4938 deceptus

2154 4872 2375 4927 ἐπειδὰν
2408 4874 2464 4927 δὲ
2488 4874 2743 4939 κάκεῖνος
2765 4875 3068 4945 ἀπατηθεὶς
3088 4875 3340 4946 ἁλῷ,δεῖν
3364 4876 3410 4909 ’⁵ο
3438 4877 3562 4929 τότε
3579 4873 3736 4943 ἄμφω

455 4975 757 5038 captusque
810 4972 993 5030 esset,
1046 4975 1182 5033 tum;
1223 4965 1442 5018 demum
1503 4972 1716 5031 tempus
1768 4959 2034 5029 utriusqut

2155 4967 2581 5039 διαχρήσασθαι.
2616 4969 2728 5022 Kal.
2770 4968 2997 5038 γέγονεν
3040 4968 3237 5034 οὓτως,
3261 4969 3619 5037 εὐοδωθείσης
3642 4964 3735 5032 τῆς

456 5059 712 5115 necandi.
766 5055 838 5113 Et
880 5071 1010 5113 vero
1057 5056 1133 5111 ita
1182 5054 1389 5112 factum
1433 5064 1539 5123 est,
1576 5054 1704 5109 dum
1735 5052 1784 5108 ei
1821 5052 2034 5108 consilit

2159 5058 2493 5128 συμϐουλῆς,
2517 5057 2614 5111 καὶ
2637 5058 2970 5130 ἐμϐάλλεται
2990 5060 3071 5122 είς
3101 5057 3200 5131 τὴν
3229 5059 3423 5113 σποδὸν
3460 5054 3736 5130 Ἀρτύφιος

1742 5164 1981 5220 VARI/Ii
2015 5165 2423 5224 LECTIONES.

531 5266 577 5297 ³⁸
602 5267 638 5336 ή
668 5264 791 5319 add.
818 5262 886 5319 Α.
976 5262 1019 5294 ³⁸
1044 5260 1119 5335 οἱ]
1145 5261 1317 5332 ιαῖιτολ⁸
1359 5260 1426 5317 Α.
1502 5260 1547 5291 ³⁸
1578 5259 1606 5314 6
1633 5258 1894 5329 εὐνοῦχος
1946 5257 2145 5316 add.A.
2225 5260 2271 5292 ³³
2298 5261 2478 5314 ἑκόντι
2529 5280 2589 5328 ς.

531 5354 641 5366 η..-
738 5336 783 5366 as
829 5332 1160 5366 anates...“
1192 5332 1296 5366 mm
1355 5332 1385 5366 Α
1424 5350 1437 5364 .
1474 5330 1621 5366 idum
1653 5329 1755 5366 ιηιρ
1781 5330 1898 5366 ιη..η
1932 5331 2172 5366 multum
2237 5346 2357 5366 num
2389 5334 2546 5366 υ..ιηη
2579 5351 2589 5366 .

459 5354 583 5397 νους
601 5354 663 5401 ς.

460 5415 515 5479 ς’
540 5407 752 5479 ἡμέρας
785 5403 867 5457 ιε’.
945 5405 988 5435 ³⁷
1018 5404 1351 5475 Ἀρτοξάνης
1396 5420 1458 5467 ς.

1474 5260 1547 5343 ’ξ’
1578 5260 1606 5314 6
1633 5260 1894 5343 εὐνούχος
1946 5260 2172 5343 ει(1ι1.Α.Δ
2225 5260 2271 5292 ³³
2298 5261 2478 5343 ἑκόντι
2529 5280 2589 5328 ς.
2665 5263 2717 5343 ξι
2746 5264 2991 5343 δαριαίος
3029 5285 3089 5331 ς.
3129 5339 3149 5343 _
3168 5266 3214 5299 ”
3239 5266 3409 5343 πολλὰ
3436 5267 3533 5339 μὲν
3554 5260 3735 5343 Ὀστά-

828 5329 1160 5409 βασιλεύσας
1192 5332 1323 5409 add.
1346 5332 1394 5385 Δ
1424 5350 1437 5387 :
1474 5329 1757 5409 ide_lp_|tnc
1780 5330 2178 5409 lgcqlreposnit
2237 5346 2357 5409 qua:
2384 5334 2546 5409 vulgo
2579 5349 2628 5387 ν.
2664 5335 2716 5399 5,
2780 5329 2899 5404 post
2922 5329 3525 5409 Aapétai‘oghlegunt'ur,
3570 5335 3736 5409 μῇνᾷς

1557 5401 1602 5432 ³⁸
1636 5399 2039 5470 Ἀρτιϐαζάνης
2085 5418 2148 5466 ς’.
2245 5399 2288 5434 ³³
2325 5399 2564 5472 μάλιστα
2613 5409 2681 5475 τῇ
2718 5399 2943 5474 γυναικὶ
3004 5399 3333 5479 ’συμϐούλῳ”
3348 5427 3409 5474 ς.
3493 5399 3536 5440 ⁸⁵
3565 5399 3643 5458 δεῖ
3674 5405 3732 5455 Α.

1994 5512 2232 5571 NOTAE.

536 5618 617 5740 lg)
652 5617 728 5670 De
760 5615 945 5679 citari,
982 5614 1099 5668 sive
1130 5610 1327 5679 cidari,
1355 5611 1473 5681 lege
1521 5610 1669 5666 doct.
1712 5607 2055 5664 Brissonium
2169 5629 2233 5669 ex
2266 5615 2507 5672 historiae
2537 5616 2751 5671 ratione
2778 5619 3036 5678 restituit.

597 5687 804 5740 ersicis.
836 5686 928 5739 lib.
962 5701 1002 5739 ι.
2243 5686 2319 5740 (6i
2361 5687 2735 5740 Cognomentu
2766 5688 3031 5740 Μνήμων.

462 5688 518 5744 in
548 5686 804 5752 Persicis,
836 5686 928 5739 lib.
962 5701 1002 5739 ι.
1348 5752 1359 5763 ο
2243 5686 2319 5757 (6)
2361 5687 2735 5757 CugnOmentu
2766 5688 3031 5759 Μνήμων.

535 5758 612 5897 μ)
653 5758 787 5810 Aliis
826 5755 1024 5808 Darius
1048 5753 1274 5836 .Nothus
1311 5754 1511 5834 dictus.
2238 5757 2316 5829 (7)
2354 5758 2532 5831 Cyrus
2564 5758 2653 5814 hic
2686 5758 2863 5814 minor
2899 5771 3003 5816 est.

560 5826 616 5896 5)
655 5824 869 5897 Sequor
917 5838 1225 5881 vcrsronetn
1280 5825 1504 5892 editam,
1550 5837 1669 5894 qua:
1698 5822 1875 5881 locum
1908 5819 2053 5877 hunc

560 5819 616 5896 5)
655 5824 869 5897 Sequor
917 5825 1225 5881 versionem
1280 5824 1504 5892 editam,
1550 5837 1669 5894 qua:
1698 5822 1875 5881 locum
1908 5819 2053 5877 hunc
