3926 6452
384 354 483 415 199

1546 342 1812 403 ΡΗΟΤΙῙ
1854 338 2358 401 PATRIARCH/E
2395 337 2505 397 (ΞΡ.

3558 339 3661 408 200

380 461 597 515 facinus
626 456 915 523 intellexit,
947 457 1144 510 multas
1165 453 1306 524 patri
1333 453 1478 507 diras
1508 452 1840 521 imprecatus
1871 459 1971 513 est,

2093 448 2291 517 παρὼν,
2366 447 2489 499 ἐπεὶ
2531 444 2723 514 ἔμαθε,
2782 444 2955 498 πολλὰ
2974 444 3051 516 τῷ
3087 445 3253 516 πατρὶ
3292 450 3663 519 κατηράσατο,

378 560 703 620 captamque
742 548 903 601 Zarin
935 547 1151 610 urbem,
1182 544 1553 599 Terituehma:
1597 542 1707 595 filio
1746 556 1969 595 conser-

379 642 549 694 vavit.
596 638 664 693 At
712 637 991 707 Parysatis
1028 646 1260 689 matrem
1303 632 1689 695 Teritucbmar,
1738 629 1971 685 fratres-

379 745 484 799 que
526 728 820 784 Metrosten
874 736 1036 796 atque
1080 725 1347 790 Helicum,
1397 737 1612 778 sorores
1652 722 1776 776 item
1812 723 1969 788 duas,

380 835 516 888 quas
570 828 764 887 praeter
814 816 1109 871 Stateiram
1158 815 1411 881 habebat,
1446 815 1597 867 vivas
1635 814 1810 869 defodi
1857 813 1975 880 jus-

380 910 682 979 sit(9-lO);
712 922 767 963 et
794 911 964 979 ipsam
998 907 1258 962 Roxanen
1289 908 1402 977 (l1)
1423 907 1601 960 vivam
1628 907 1754 961 item
1774 908 1971 961 secari.

381 1000 742 1055 Tantumdem
777 1002 843 1056 de
898 999 1175 1066 Staleira,
1219 999 1442 1052 Arsaca:
1491 997 1585 1050 filii
1640 1011 1830 1061 uxore,
1879 1012 1972 1049 rex

389 1094 603 1163 eonjugi
643 1095 950 1161 imperavit.
984 1093 1053 1146 At
1094 1107 1215 1145 cum
1248 1090 1482 1144 Arsaces
1516 1078 1721 1142 multis
1744 1097 1972 1141 matrem

388 1197 710 1256 patremque
763 1185 1019 1255 lacrymis
1073 1196 1236 1253 atque
1282 1182 1589 1252 planctibus
1648 1181 1973 1251 mitigasset,

2072 543 2167 595 καὶ
2228 539 2383 592 πόλιν
2441 540 2608 608 Ζάριν
2662 538 2987 592 καταλαϐὼν
3031 538 3308 607 ἐφύλασσε
3348 544 3556 612 ταύτην
3584 541 3663 612 τῷ

2055 633 2227 685 ,παιδὶ
2269 631 2366 684 τοῦ
2417 629 2829 700 Τεριτούχμεω.
2868 630 3021 682 Ἡδὲ
3077 628 3389 700 Παρύσατις
3444 633 3546 702 τήν
3605 650 3664 685 τε

2078 723 2293 795 μητέρα
2310 722 2411 793 τὴν
2440 721 2828 792 Τεριτούχμεω
2858 722 2955 774 καὶ
2984 720 3114 785 τοὺς
3139 721 3405 790 ἀδελφοὺς
3444 722 3667 794 Μιτρώ-

2078 817 2268 886 στην⁸⁶
2298 816 2394 869 καὶ
2425 815 2654 867 Ἤλικον
2693 816 2789 868 καὶ
2817 814 2917 878 τὰς
2947 814 3215 882 ἀδελφὰς,
3249 813 3344 867 δύο
3367 813 3536 878 οὖσας
3561 833 3667 885 χω-

2079 908 2163 977 ρὶς
2214 907 2313 977 τῆς
2379 907 2674 975 Στατείρας
2692 907 2759 970 ⁸⁷,
2801 904 2981 969 ζώσας
3028 905 3286 958 ἐκέλευσε
3322 907 3662 976 καταχῶσαι,

2076 997 2173 1066 τὴν
2203 998 2259 1049 δὲ
2299 996 2393 1068 [64
2420 996 2511 1069 Η.]
2550 996 2827 1067 Ῥωξάνην
2889 995 3069 1060 ζῶσαν
3130 999 3466 1065 κατατεμεῖν
3496 1014 3509 1027 ·
3566 999 3663 1052 καὶ

2076 1091 2315 1158 ἐγένετο.
2348 1089 2410 1143 Ὃ
2441 1090 2497 1143 δὲ
2522 1090 2780 1160 βασιλεὺς
2813 1084 2935 1141 εἷπε
2970 1092 3037 1159 τῇ
3068 1094 3292 1157 γυναικὶ
3324 1089 3668 1160 Παρυσάτιδι

2077 1181 2305 1251 ποιῆσαι
2332 1180 2535 1250 ὁμοίως
2562 1182 2655 1234 καὶ
2682 1181 2979 1251 Στάτειραν
3008 1180 3107 1251 τὴν
3140 1180 3417 1251 Ἀρσάκου
3437 1182 3669 1248 γυναῖκα

386 1290 671 1348 postquam
743 1280 859 1346 ipsa
894 1278 1035 1348 436
1068 1277 1341 1347 Parysatis
1374 1275 1514 1329 ﬂexa
1544 1283 1648 1337 est,
1678 1275 1841 1327 etiam
1881 1289 1972 1326 rex

2093 1275 2172 1328 τοῦ
2205 1274 2420 1337 παιδός·
2456 1272 2581 1345 [129
2610 1272 2701 1344 R.]
2735 1272 2851 1326 ἀλλ’
2881 1273 2909 1325 ὅ
2939 1290 3002 1342 γε
3031 1273 3313 1344 ’Δρσάκης
3368 1273 3540 1327 πολλά
3568 1274 3668 1344 τὴν

388 1384 606 1437 pcenam
643 1369 716 1421 illi
745 1369 1099 1433 condonavit,
1141 1367 1243 1422 hoc
1274 1368 1457 1421 addito
1487 1368 1552 1421 ad
1583 1380 1831 1430 uxorem,
1858 1363 1975 1418 fore

2093 1368 2300 1439 μητέρα
2330 1367 2423 1421 καὶ
2457 1368 2549 1421 τδν
2573 1368 2786 1437 πατέρα
2801 1366 3034 1436 δάκρυσι
3061 1366 3155 1419 καὶ
3177 1368 3434 1429 κοπετοῖς
3456 1366 3671 1430 ὲξιλεω-

386 1463 678 1530 aliquando
710 1471 769 1515 ut
802 1478 922 1515 eam
951 1461 1108 1515 valde
1140 1461 1452 1528 pmniteret.

2093 1462 2402 1531 σάμενοςη,
2465 1460 2661 1513 ὲπε¹ι⁸⁹
2717 1462 2750 1529 ἡ
2786 1457 3101 1529 Παρύσατις
3149 1458 3511 1527 ὲπεκάμφθη,
3549 1476 3672 1511 συν-

386 1551 635 1623 εχώρησε
664 1552 759 1605 καὶ
794 1548 961 1622 *Ωχος
995 1553 1023 1604 6
1051 1552 1333 1619 Δαρειαῖος
1352 1550 1420 1615 ⁸⁸,
1477 1550 1648 1604 εἰπὼν
1699 1549 2035 1621 Παρυσάτιδι
2082 1551 2253 1604 πολλὰ
2301 1550 2701 1621 μεταμελήσειν
2735 1550 2909 1620 αὑτήν
2946 1550 3013 1601 ⁶¹.
3061 1548 3305 1620 Τελευτᾷ
3345 1552 3389 1581 ⁸³
3442 1552 3475 1620 ή
3507 1549 3578 1621 ιη’
3607 1552 3669 1605 ⁸³.

460 1670 679 1723 Decimo
722 1682 862 1724 nono
906 1669 1099 1723 deinde
1138 1668 1277 1723 libro
1306 1670 1493 1734 refert,
1538 1684 1596 1725 ut
1635 1670 1816 1727 Ochus
1854 1671 1958 1724 Da-

2146 1670 2234 1722 Ἐν
2272 1670 2327 1723 δὲ
2352 1671 2416 1740 τῇ
2444 1669 2508 1722 ιϐ’
2536 1668 2749 1740 ἱστορία
2809 1667 3174 1739 διαλαμϐάνει
3222 1667 3297 1730 ὠς
3319 1661 3489 1737 ’Ὦχος
3510 1669 3538 1721 6
3562 1669 3667 1721 Δα-

389 1762 550 1815 ri;cus
582 1777 645 1814 ex
696 1762 884 1816 morbo
921 1771 1165 1816 mortuus
1196 1764 1265 1817 sit
1299 1762 1595 1834 Babylone,
1628 1781 1749 1819 cum
1801 1783 1978 1825 annos

2093 1761 2355 1832 pata‘t’oc“
2407 1758 2678 1813 ἀπέθανεν
2740 1760 3050 1830 ἀσθενήσας
3100 1761 3157 1811 ἐν
3199 1758 3519 1822 Βαϐυλῶνι,
3575 1757 3669 1829 ἔτη

391 1862 675 1922 regnasset
698 1852 939 1921 quinque
960 1868 1121 1921 supra
1157 1853 1403 1921 triginta.
1436 1855 1692 1921 Arsnces,
1729 1855 1983 1926 idemque

388 1944 728 1997 Artaxerxes
778 1943 892 2014 (l2)
951 1953 1159 1999 mutato
1192 1946 1435 2011 nomine,
1504 1962 1727 2014 regnum
1792 1950 1983 2005 deinde

390 2034 655 2103 suscipit;
705 2043 762 2087 et
817 2045 1006 2089 exacta
1068 2047 1215 2092 retro
1272 2036 1408 2109 (per
1449 2037 1751 2109 cervicem)
1803 2041 1981 2110 lingua

392 2124 634 2180 Udiastas
682 2134 995 2191 exsecatur,
1043 2136 1209 2197 atque
1247 2127 1321 2183 ita
1372 2131 1642 2196 moritur,
1674 2130 1986 2189 Mithridate

385 2212 511 2288 'cjns
540 2212 652 2267 ﬁlio
680 2228 777 2282 pro
809 2224 1033 2281 parente
1083 2227 1300 2285 satrapa
1346 2227 1531 2272 creato
1563 2233 1578 2270 :
1607 2234 1729 2289 qum
1767 2221 1983 2289 quidem

402 2303 657 2358 Stateiraa
691 2304 872 2359 studio
900 2320 1006 2358 non
1036 2306 1372 2378 sinelmagno
1418 2308 1754 2380 Parysatidis
1802 2313 1986 2368 dolore

397 2408 617 2467 peracta
651 2410 795 2452 sunt.
820 2398 1212 2467 Tissaphernes
1245 2403 1567 2457 criminatur
1608 2404 1809 2473 Cyrum
1841 2408 1984 2476 apud

395 2493 756 2545 Artaxerxem
799 2490 1060 2559 fratrem;
1096 2509 1220 2547 mox
1250 2493 1337 2549 ille
1368 2496 1435 2548 ad
1470 2507 1695 2550 matrem
1720 2499 1984 2568 confugit,

396 2590 560 2650 atque
605 2580 672 2633 ab
721 2579 934 2643 obiecto
969 2581 1199 2636 crimine
1241 2582 1571 2640 absolvitur.
1624 2584 1736 2639 llac
1780 2602 1910 2657 ergo
1954 2603 1984 2642 a

396 2670 567 2724 fratre
596 2670 821 2725 allectus
855 2672 1145 2741 ignominia
1177 2672 1373 2743 Cyrus.
1407 2676 1473 2728 ad
1511 2679 1801 2746 satrapiam
1832 2693 1986 2732 suam

399 2758 625 2821 recedit,
662 2772 727 2812 ac
754 2759 821 2812 de
855 2758 1151 2813 rebellione
1188 2762 1411 2831 cogitat.
1443 2760 1781 2817 Criminatur
1814 2764 1989 2819 Oron-

399 2850 503 2903 den
539 2850 929 2906 Satibarzanes
984 2868 1107 2905 cum
1162 2851 1486 2924 Parysatide
1540 2856 1987 2911 consuetudinem

403 2942 625 3005 habere,
649 2958 771 2996 eum
797 2943 1037 3013 alioquin
1060 2944 1366 2999 castissime
1382 2944 1610 2999 viveret.
1630 2944 1802 3001 Morte
1829 2947 1989 3018 igitur

2091 1852 2415 1923 βασιλεύσας
2445 1853 2743 1924 τριάκοντα
2778 1852 2963 1917 πέντε,
2999 1850 3273 1920 βασιλεύει
3293 1850 3350 1903 δὲ
3386 1850 3669 1922 Ἀρσάκης

2089 1949 2117 1999 6
2163 1946 2596 2015 μετονομασθεὶς
2660 1943 3041 2015 Ἀρτοξέρξης.
3107 1944 3218 1996 Καὶ
3265 1944 3593 2012 ἐκτέμνεται
3643 1942 3671 1994 6

2090 2036 2392 2105 Ούδιάστης
2437 2037 2536 2104 τὴν
2596 2034 2847 2104 γλῶτταν
2879 2074 2894 2097 ,
2946 2035 3042 2087 καὶ
3100 2033 3417 2097 ὲξελκύεται
3465 2031 3669 2105 ταύτην

2090 2126 2398 2195 ἐξόπισθεν,
2430 2127 2528 2180 καὶ
2547 2126 2802 2198 θνήσκει*
2824 2127 2853 2178 6
2877 2125 2934 2179 δὲ
2968 2127 3098 2188 παῖς
3127 2124 3294 2178 αὑτοῦ
3324 2124 3677 2194 Μιτραδάτης

2091 2220 2214 2273 ἀντὶ
2276 2218 2372 2273 τοῦ
2424 2218 2633 2290 πατρὸς
2664 2218 2989 2272 καθίσταται
3037 2216 3348 2288 σατράπης.
3398 2215 3675 2287 Ἐπράχθη

2090 2311 2146 2365 δὲ
2173 2311 2346 2365 ταῦτα
2376 2311 2579 2382 σπουδῇ
2616 2311 2938 2381 Στατείρας,
2972 2310 3068 2363 καὶ
3102 2310 3294 2379 ἠνιᾶτο
3326 2307 3661 2379 Παρύσατις.

2091 2402 2451 2457 Διαδάλλεται
2480 2400 2661 2472 Κῦρος
2720 2400 2826 2455 ὑπὸ
2879 2399 3287 2471 Τισσαφέρνους
3311 2397 3451 2469 πρὸς
3499 2398 3678 2470 Ἀρτο-

2094 2495 2289 2567 ξέρξην
2333 2496 2423 2549 τὸν
2463 2495 2711 2564 ἀδελφὸν,
2745 2495 2836 2548 καὶ
2867 2491 3209 2562 καταφεύγει
3254 2491 3678 2563 Παρυσάτιδιτῇ

2096 2589 2285 2658 μητρὶ,
2314 2588 2411 2641 καὶ
2442 2586 2737 2642 ἀπολύεται
2762 2586 2859 2658 τῆς
2888 2584 3165 2654 διαϐολῆς.
3200 2582 3528 2637 Ἀπελαύνει
3568 2580 3679 2636 Κῦ-

2098 2697 2189 2749 ρος
2217 2678 2567 2750 ἠτιμωμένος
2595 2679 2747 2749 παρα
2788 2677 2881 2731 τοῦ
2912 2675 3147 2745 ἀδελφοῦ
3181 2677 3316 2749 πρδς
3339 2677 3443 2746 τὴν
3475 2676 3681 2729 οἰκείαν

2096 2770 2472 2841 σατραπείαν,
2534 2770 2629 2823 καὶ
2691 2770 2891 2841 μελετᾷ
2939 2768 3334 2822 ἐπανάστασιν.
3398 2766 3682 2821 Διαϐάλλει

2096 2864 2512 2935 Σατιϐαρζάνης
2561 2862 2842 2934 Ὀρόνδην,
2874 2861 2950 2924 ὡς
2997 2859 3337 2933 Παρυσάτιδι
3404 2858 3679 2930 μίγνυται,

2098 2957 2275 3010 καίτοι
2332 2958 2451 3010 λίαν
2499 2957 2671 3025 αὐτῆς
2735 2954 3121 3026 σωφρονούσης
3153 2968 3166 2981 ·
3229 2954 3323 3007 καὶ
3379 2953 3683 3023 ἀναιρεῖται

407 3036 671 3087 multatur
709 3032 976 3097 Orondes,
1009 3043 1063 3089 et
1100 3047 1276 3090 mater
1308 3039 1417 3108 regi
1450 3038 1796 3110 indignatur,
1824 3056 1987 3094 vene-

2107 3050 2385 3120 Ὀρόνδης,
2440 3050 2531 3102 καὶ
2590 3047 2872 3118 ὀργίζεται
2919 3048 2953 3115 ἡ
2997 3047 3181 3116 μήτηρ
3210 3044 3288 3115 τῷ
3325 3045 3574 3115 βασιλεῖ,
3606 3044 3685 3097 ὅτι

406 3141 586 3194 noque
612 3124 1012 3181 'l‘eriteuchtnae
1058 3127 1227 3181 filium
1271 3140 1450 3184 necat.
1480 3129 1558 3186 De
1583 3146 1649 3185 eo
1682 3147 1896 3204 quoque
1934 3132 1992 3185 fit

406 3215 495 3269 hic
521 3218 747 3283 mentio,
772 3217 862 3285 qui
913 3228 1193 3287 parentem
1242 3228 1429 3273 contra
1472 3220 1644 3290 legem
1679 3236 1774 3289 per
1816 3221 1990 3291 ignem

408 3307 659 3374 Sepelivit
682 3305 818 3378 (i5).
847 3305 1003 3362 Unde
1025 3309 1190 3363 etiam
1215 3307 1528 3366 Hellanicus
1560 3321 1723 3381 atque
1748 3311 1990 3367 Herodo-

411 3410 497 3453 tus
545 3402 814 3455 mendacii
874 3413 1201 3473 arguuntnr.
1256 3403 1447 3458 Deﬁcit
1494 3419 1522 3457 a
1574 3404 1744 3458 fratre
1800 3404 1991 3475 Cyrus,

407 3492 599 3549 Cra-co
660 3494 819 3549 simul
862 3503 915 3549 et
953 3494 1237 3549 barbarico
1282 3496 1509 3551 collecto
1562 3497 1805 3551 exercitu
1857 3496 1991 3568 (l4).

408 3587 585 3643 Porro
638 3587 941 3641 Clearchus
986 3585 1299 3642 Graecorum
1344 3589 1451 3643 dux
1499 3601 1637 3645 erat.
1663 3588 1997 3661 Synennesis

414 3694 546 3732 vero
577 3679 803 3734 Cilicum
828 3696 921 3733 rex
952 3690 1264 3748 utrumque,
1293 3683 1491 3750 Cyrum
1527 3684 1647 3737 dico
1670 3695 1721 3737 et
1747 3683 2001 3737 Artaxer-

416 3766 567 3831 xem,
596 3769 648 3821 in
678 3768 817 3822 bello
836 3769 1149 3836 adjuvabat.
1183 3771 1356 3842 Cyrus
1380 3788 1558 3840 suum,
1584 3780 1638 3825 et
1671 3776 2000 3827 Artaxerxes

412 3861 655 3913 vicissim
698 3877 852 3913 sumn
891 3864 1192 3914 exercitum
1220 3864 1539 3917 cohortatus
1568 3875 1670 3918 est.
1704 3865 1997 3920 Clearchus

414 3948 882 4011 Lacedznmonius,
924 3951 1177 4019 idemque
1209 3950 1519 4005 Gnccorum
1552 3954 1679 4019 dux,
1717 3964 1771 4008 et
1806 3953 1998 4008 Menon

416 4040 732 4103 Thessalus,
795 4056 1028 4110 quorum
1100 4052 1325 4111 uterque
1392 4040 1597 4113 Cyrqu
1654 4046 2001 4115 sequebatur,

416 4133 635 4186 assidue
671 4134 814 4186 inter
858 4148 917 4186 se
950 4132 1307 4195 dissidebant,
1339 4146 1622 4204 propterea
1659 4138 1801 4205 quod
1831 4136 2004 4206 Cyrus

420 4225 471 4279 in
507 4224 761 4279 omnibus
785 4222 1035 4278 Clearchi
1079 4226 1308 4279 consilio
1343 4235 1608 4290 uteretur,
1646 4227 1790 4280 nulla
1819 4226 2002 4282 Meno-

419 4323 503 4374 nis
544 4322 724 4373 habita
752 4318 983 4376 ratione.
1013 4320 1148 4374 Cum
1182 4319 1334 4378 multi
1369 4322 1440 4375 ab
1470 4327 1778 4377 Artaxerxe
1807 4326 1871 4375 ad
1898 4322 2010 4392 Cy-

418 4428 540 4465 runt
576 4411 999 4481 transfugerent,
1044 4410 1225 4466 nullus
1269 4422 1447 4467 tamen
1495 4414 1563 4467 ab
1594 4414 1699 4469 hoc
1744 4416 1810 4467 ad
1854 4414 2001 4471 illum
2037 4388 2080 4443 θ

419 4504 707 4557 transibat.
749 4504 922 4570 Quam
949 4504 1116 4557 etiam
1149 4504 1218 4557 ob
1247 4519 1470 4558 causam
1505 4506 1851 4569 Artabarius,
1877 4522 2001 4563 cum

420 4594 489 4646 ad
522 4593 719 4663 Cyrum
756 4609 875 4648 sese
904 4594 1202 4665 adiungere
1239 4595 1544 4659 statuisset,
1579 4611 1754 4667 eoque
1790 4601 2006 4655 nomine

422 4695 707 4740 accusatus
736 4695 903 4751 esset,
945 4688 999 4741 in
1036 4687 1273 4743 cinerem
1306 4688 1583 4760 coniectus
1609 4699 1713 4746 est.

2094 3140 2406 3210 Παρύσατις
2456 3141 2735 3212 φαρμάκῳ
2785 3137 3091 3209 διαφθείρει
3143 3138 3234 3190 τὸν
3290 3136 3684 3208 Τεριτούχμεω

2092 3232 2228 3285 υἱόν.
2293 3232 2403 3285 Καὶ
2458 3234 2587 3302 περὶ
2642 3229 2739 3283 τοῦ
2792 3230 3064 3301 θάψαντος
3116 3228 3209 3283 τὸν
3242 3230 3460 3298 πατέρα
3487 3229 3576 3282 διὰ
3594 3226 3684 3281 τοῦ

2096 3324 2270 3395 πυρὸς
2299 3323 2449 3394 παρὰ
2475 3323 2565 3375 τὸν
2592 3322 2787 3393 νόμον·
2817 3321 2879 3387 ἐξ
2910 3313 2973 3376 οὗ
2996 3324 3089 3375 καὶ
3111 3321 3334 3393 ἔλεγχος
3371 3322 3685 3376 Ἐλλαιίκου
3764 3356 3767 3359 -

2097 3420 2189 3473 καὶ
2220 3412 2529 3489 Ἡροδότου,
2554 3417 2628 3480 ὡς
2656 3416 2962 3487 ψεύδονται.
2997 3415 3326 3477 Ἀπῆστασις
3361 3414 3549 3485 Κύρου
3572 3414 3679 3468 ἀπὸ

2098 3510 2191 3564 τοῦ
2237 3510 2489 3578 ἀδελφοῦ,
2526 3509 2620 3562 καὶ
2656 3508 2946 3579 συναγωγὴ
2981 3507 3296 3576 Ἑλληνικοῦ
3334 3506 3680 3577 στρατεύμα-

2099 3618 2191 3664 τος
2239 3602 2333 3653 καὶ
2361 3599 2719 3671 βαρὸαρικοῦ,
2747 3601 2840 3653 καὶ
2894 3600 3223 3670 στρατηγῶν
3243 3599 3530 3672 Κλέαρχος
3572 3599 3687 3652 Ἐλ-

2101 3693 2295 3764 λήνων.
2359 3693 2549 3755 Ὅπως
2587 3710 2647 3745 τε
2676 3693 2961 3756 Συέννεσις
2994 3695 3038 3726 ⁸⁵
3076 3696 3103 3747 6
3144 3693 3388 3747 Κιλίκων
3442 3694 3689 3765 βασιλεὺς

2100 3787 2269 3857 ἄμφω
2330 3786 2648 3856 συνεμάχει,
2696 3786 2866 3858 Κύρῳ
2904 3804 2962 3838 τε
2997 3789 3089 3840 καὶ
3119 3787 3473 3861 Ἀρτοξέρξῃ.
3506 3789 3689 3851 Ὅπως

2100 3893 2160 3931 τε
2190 3875 2373 3946 Κῦρος
2431 3879 2496 3946 τῇ
2524 3876 2629 3946 ἰδίᾳ
2694 3876 2953 3947 στρατείᾳ
3019 3878 3113 3929 καὶ
3138 3877 3501 3949 Ἀρτοξέρξης
3531 3878 3689 3932 πάλιν

2100 3971 2168 4039 τῇ
2203 3968 2379 4039 οἰκεία
2409 3968 2747 4039 παρῄνεσαν.
2803 3968 3084 4040 Κλέαρχος
3110 3969 3166 4022 δὲ
3189 3972 3215 4023 6
3236 3971 3685 4041 Λακεδαιμόνιος,

2104 4060 2162 4123 ὃς
2190 4054 2327 4131 ἦρχε
2359 4059 2467 4111 τῶν
2503 4058 2793 4129 Ἑλλήνων,
2846 4060 2942 4112 καὶ
3003 4061 3197 4114 Μένων
3229 4064 3256 4114 6
3290 4061 3581 4127 Θετταλὸς,
3632 4061 3680 4115 οἳ

2109 4151 2249 4220 μετὰ
2284 4149 2470 4220 Κύρου
2500 4145 2663 4221 ἦσαν,
2698 4150 2784 4203 ἀεὶ
2809 4149 3057 4222 διάφοροι
3087 4150 3349 4219 ἀλλήλοις.
3368 4152 3687 4223 ἐτύγχανον,

2106 4240 2344 4309 διότιτῷ
2384 4241 2483 4305 μὲν
2513 4240 2780 4311 Κλεάρχῳ
2804 4241 3019 4294 ἅπαντα
3050 4244 3077 4295 6
3111 4241 3295 4314 Κῦρος
3322 4242 3687 4305 συνεϐούλευε,

2107 4331 2202 4385 τοῦ
2232 4332 2286 4385 δὲ
2316 4333 2572 4396 Μένωνος
2629 4332 2786 4401 λόγος
2838 4332 3014 4396 οὐδεὶς
3082 4328 3173 4405 ἦν.
3231 4333 3579 4403 Ηύτομόλουν
3637 4335 3690 4386 δὲ

2112 4422 2221 4476 ἀπὸ
2279 4423 2378 4493 μὲν
2430 4423 2785 4495 ’Δρτοξέρξου
2836 4424 2974 4494 πρὸς
3029 4422 3211 4495 Κῦρον
3237 4425 3446 4491 πολλοὶ,
3474 4425 3606 4495 πρὸς
3636 4425 3691 4478 δὲ

2122 4514 2485 4585 Ἀρτοξέρξην
2538 4516 2647 4569 ἀπὸ
2701 4515 2886 4587 Κύρου
2916 4517 3123 4580 οὐδείς·
3166 4517 3247 4570 διὸ
3284 4517 3379 4570 καὶ
3422 4517 3688 4588 Ἀρταϐά-

2114 4621 2229 4674 ριος
2245 4606 2290 4637 ⁸⁸
2316 4606 2712 4677 προσχωρῆσαι
2742 4608 2912 4679 Κύρῳ
2943 4609 3254 4681 μελετήσας
3275 4610 3369 4664 καὶ
3386 4609 3692 4681 διαϐληθεὶς

2112 4698 2193 4760 είς
2216 4695 2314 4768 τὴν
2346 4699 2541 4751 σποδὸν
2575 4698 2860 4772 ἐνεϐλήθη.

1741 4869 1824 4925 VA
1834 4870 1974 4928 ΒΙᾸΞ
2015 4873 2430 4931 LECTIONES.

502 4977 564 5064 "i
578 4976 923 5064 ἶὶῐητρώστην
947 4997 1020 5064 ςὲῒ
1085 4980 1449 5064 δξκστραςεείας
1478 4985 1596 5064 Α.-.
1618 4984 1664 5017 ⁸⁸
1700 4985 2163 5064 ὲξιλεούμενοςμς.
2237 4990 2435 5064 ξ’·ὲπεὶ
2462 4989 2520 5064 δε
2539 4991 2572 5058 ἠ
2599 5008 2660 5055 ς.
2688 5059 2719 5064 η
2737 4991 2782 5064 εξ
2810 4989 3054 5064 δαριαῖος
3081 4990 3147 5045 Α.
3222 4992 3265 5064 5f
3285 4991 3490 5064 αὑτήν]
3524 5007 3694 5045 nonne

429 5050 568 5115 αὐτῇ
592 5048 615 5099 ?

430 5120 475 5149 ⁸⁸
512 5117 893 5189 Ἀρταϐἁριοςι
925 5121 953 5173 6
974 5117 1267 5190 βάρϐαρος
1294 5117 1359 5173 Α.

686 5045 744 5129 ξ’.
772 5045 1240 5129 τελευτᾷλτέλος
1260 5050 1360 5120 τῆς
1414 5070 1475 5117 ς.
1552 5054 1597 5086 ⁸³
1636 5045 1759 5125 post
1795 5063 1864 5127 ιη’
1893 5045 2016 5111 cum
2055 5045 2299 5113 'A'omisi
2348 5045 2628 5129 inopia}:
2682 5059 2729 5093 “'
2758 5045 3003 5127 δαρίαίος
3032 5045 3096 5114 λ.

3208 5062 3252 5092 ⁶⁵
3284 5062 3596 5125 Συνέννεσις
3635 5080 3692 5126 ς.

1948 5256 2183 5346 Nom.

503 5390 680 5461 (9-10)
714 5390 931 5464 _Usitato
954 5395 1095 5463 apud
1122 5394 1318 5451 Persas
1339 5394 1625 5464 supplicio,
1648 5404 1705 5450 ut
1726 5410 1791 5450 ex
1815 5395 2012 5452 Herod.

440 5476 546 5513 non
578 5476 684 5514 uno
715 5461 832 5517 loco
865 5461 1151 5519 discimus.

509 5529 617 5610 (ll)
677 5531 829 5610 Quod
887 5549 1057 5602 genus
1123 5534 1373 5603 supplicii
1434 5535 1618 5589 multis
1669 5537 1833 5591 etiam
1894 5546 2015 5606 post

437 5600 972 5675 szeculisaptnleam
1026 5600 1242 5672 gentem
1302 5615 1644 5671 usurpatum,
1690 5617 1747 5661 ut
1796 5600 2013 5675 quando

439 5669 623 5729 regina
670 5671 968 5728 llormisdue
1012 5669 1156 5744 regis
1193 5688 1331 5729 uxor
1377 5669 1769 5745 τετεμαχῖσοαι
1814 5669 2014 5733 dicitur

439 5749 601 5801 Supra
1642 5766 1645 5771 ‹

2201 5395 2315 5471 (12)
2345 5395 2595 5471 Mnemon
2633 5402 3051 5469 cognominatus
3074 5402 3227 5471 cujus
3261 5402 3429 5457 vitam
3454 5414 3700 5458 accurate

2126 5464 2460 5539 destzriptam
2501 5464 2764 5525 habemus
2795 5473 2935 5539 apud
2959 5472 3106 5528 Plut.

2198 5535 2310 5605 (15)
2340 5537 2599 5596 llerodot.
2626 5535 2840 5604 Thalia,
2865 5552 2920 5596 et
2958 5544 3158 5597 Strabo
3187 5543 3280 5597 lib.
3318 5559 3405 5596 xv.

2199 5606 2312 5675 (l4)
2371 5606 2497 5677 Cyri
2558 5610 2701 5665 hanc
2757 5615 3021 5668 adversus
3078 5615 3299 5667 fratrem
3355 5613 3695 5669 rebellionem

2120 5689 2440 5754 persecutus
2468 5689 2554 5735 est
2585 5680 3022 5751 diligentissime.
3063 5685 3390 5754 Xenophon,
3419 5685 3513 5740 lib.
3541 5694 3629 5740 tet
3658 5698 3694 5737 ιι

2134 5746 2189 5801 Ἀ
2198 5747 2520 5814 ναϐάσεως.
