3926 6486
202 440 277 508 2η
1209 412 1732 476 BiBLlOTIIECA.
1751 437 1815 448 --
1843 411 2006 472 COD.
2045 412 2286 473 LXXII.
3262 407 3368 470 202

260 540 485 624 Προσϐολὴ
526 535 710 608 Κύρου
768 532 903 602 πρὸς
939 530 1038 600 τὴν
1083 529 1351 600 βασιλέως
1408 524 1690 624 στρατιαν,
1722 536 1810 591 Α,

1821 586 1824 594 ν
1868 525 2042 596 Cyrus
2097 526 2150 578 in
2179 525 2383 593 regium
2413 523 2710 578 exercitum
2763 521 3175 590 impressionem
3219 521 3371 583 facit,

206 650 277 704 καὶ
297 614 398 704 νίκη
417 634 581 702 Κύρου
609 646 621 659 ·
646 628 782 681 ἀλλὰ
811 627 904 679 καὶ
927 623 1157 685 θάνατος
1190 621 1373 691 Κύρου
1401 617 1694 672 ἀπειθοῦν-

1820 617 2140 686 victoriaque
2187 617 2414 685 potitus,
2481 614 2606 668 dum
2660 614 2983 668 Clearchum
3023 614 3210 666 audire
3265 629 3370 665 non

207 755 274 802 τος
297 707 527 797 Κλεάρχῳ,
557 721 654 773 καὶ
696 716 951 786 αἰκισμὺς
971 713 1064 767 τοῦ
1093 712 1342 782 σώματος
1372 709 1554 778 Κύρου
1594 708 1699 762 {mh

1824 709 1935 772 rult,
1986 708 2179 763 deinde
2208 706 2504 762 occumbit.
2541 706 2780 777 Indignis
2807 705 2982 760 modis
3011 719 3040 758 a
3071 705 3240 759 fratre
3269 707 3374 758 Ar-

211 799 282 884 τού
298 817 476 887 ἁδελφοῦ
496 815 535 846 ⁸⁷
561 809 913 880 Ἀρτοξέρξου
938 821 952 834 ⁸
985 807 1085 876 τήν
1121 822 1182 857 τε
1209 805 1318 873 γὰρ
1339 801 1582 873 κεφαλὴν
1607 802 1703 853 καὶ

1827 816 2028 856 axerxe
2060 799 2115 854 in
2146 799 2269 870 Cyri
2297 813 2496 868 c0rpus
2539 799 2807 863 smvitum,
2836 813 2959 851 nam
3007 808 3062 853 et
3110 808 3300 866 caput,
3325 807 3376 851 et

215 924 290 994 τὴν
325 918 462 988 χεῖρα,
500 905 617 977 μεθ’
645 898 715 974 ἧς
735 903 827 954 τὸν
856 897 1215 994 Ἀρτοξέρξην
1279 894 1491 994 ἔϐαλεν,
1542 893 1704 994 αὐτος

1827 909 2027 948 nanum
2051 893 2243 962 ipsam,
2264 907 2367 958 qua
2402 905 2583 960 regem
2609 891 2697 945 hic
2737 901 3096 959 percusserat,
3129 890 3377 953 abscidit,

224 977 411 1079 ἀὲιτξμέ
445 1001 515 1056 καὶ
545 996 968 1067 ἐθριάμϐευσεν.
1011 988 1387 1079 ’Λναχὼρησις
1419 986 1703 1079 Κ-λ-εᾲρχου

1831 1002 2035 1057 iamque
2063 985 2209 1039 velut
2235 987 2284 1038 in
2313 985 2586 1052 triumpho
2603 983 2954 1038 circumtulit.
2977 983 3204 1038 Recedit
3238 977 3381 1054 44η

227 1103 305 1158 τοῦ
343 1072 700 1158 Λακεδαιμονίου
742 1085 859 1153 ἅμα
877 1081 985 1135 τῶν
1034 1081 1132 1134 σὺν
1172 1075 1387 1146 αὑτῷ⁸⁸
1438 1075 1708 1146 Ἑλλήνων

1831 1092 1930 1131 :nm
1969 1077 2081 1131 suis
2113 1075 2322 1131 Graecis
2368 1086 2527 1129 nocte
2569 1072 2864 1129 Clearchus
2917 1072 3381 1138 Lacedaemonius,

235 1195 310 1262 τῆς
344 1183 490 1244 νυκτὸς,
543 1177 638 1230 καὶ
697 1175 805 1227 τῶν
853 1173 954 1242 τῆς
1009 1170 1384 1262 Παρυσάτιδος
1436 1166 1706 1262 πόλεων-⁸⁸

1833 1181 2084 1236 tuamque
2127 1168 2193 1221 de
2240 1165 2572 1236 Parysatidis
2615 1166 2840 1220 urbibus
2888 1177 3137 1236 occupat.
3181 1165 3257 1219 Ita
3292 1181 3383 1219 rex

241 1255 331 1357 μξᾱς
362 1270 619 1339 κατάληψις
642 1286 654 1300 ·
686 1263 807 1320 εἶτα
849 1264 1073 1318 σπονδαὶ
1127 1260 1391 1332 βασιλέως
1420 1258 1555 1330 πρὸς
1585 1257 1710 1319 τοὺς

1835 1257 1986 1312 ωάιιδ
2007 1271 2126 1311 cum
2145 1255 2349 1312 Graecis
2373 1256 2494 1311 init.
2516 1257 2788 1327 Parysatis
2805 1257 3126 1328 Babylonem
3145 1255 3385 1326 profecta

241 1347 437 1441 Ἕλληνας.
494 1359 582 1424 Ὠς
632 1358 946 1428 Παρύσατις
1002 1356 1080 1418 εἰς
1135 1350 1428 1407 Βαϐυλῶνα
1485 1349 1712 1441 ἀφίκετο

1837 1357 1916 1414 :st,
1963 1350 2161 1418 Cyrum
2197 1347 2410 1418 lugens,
2466 1348 2624 1418 cujus
2665 1350 2753 1402 vix
2789 1349 3004 1404 tandem
3033 1358 3195 1418 caput
3224 1358 3387 1418 atque

229 1439 420 1520 πενθούσα
453 1453 651 1526 Κῦρον,
685 1451 780 1505 καὶ
821 1449 975 1521 μόλις
1000 1446 1297 1514 ἐκομίσατο
1331 1445 1434 1513 τὴν
1461 1440 1706 1512 κεφαλὴν

1838 1453 2033 1492 nanum
2065 1454 2388 1508 recuperare
2406 1443 2613 1508 potuit;
2643 1455 2760 1508 qum
2781 1439 2866 1492 illa
2898 1439 3206 1494 functorum
3236 1455 3388 1493 more

219 1552 338 1611 αὑτοῦ
368 1549 447 1603 καὶ
488 1546 587 1614 τὴν
636 1547 816 1614 χεῖρα,
869 1541 966 1594 καὶ
1020 1539 1244 1609 ἔθαψεν,
1272 1535 1369 1590 καὶ
1394 1532 1715 1589 ἀπέστειλεν

1841 1531 2044 1596 :uravit,
2084 1542 2139 1586 et
2165 1530 2302 1586 Susa
2340 1531 2508 1587 misit.
2539 1531 2612 1586 De
2641 1532 2916 1601 Bagapate
2941 1533 3141 1604 (pergit
3168 1547 3391 1586 narrare

214 1647 276 1708 ei;
320 1639 480 1694 Σοῦσα.
517 1636 603 1689 Τὰ
633 1635 765 1703 περὶ
809 1632 1141 1702 Βαγαπάτου
1203 1629 1300 1684 τοῦ
1348 1628 1716 1699 ἀποτεμόντος

1841 1627 2028 1692 uictor)
2066 1623 2157 1694 qui
2197 1625 2338 1695 regis
2373 1625 2528 1695 jussu
2555 1633 2722 1696 caput
2751 1625 2878 1696 Cyri
2911 1642 2941 1681 a
2982 1636 3176 1681 trunco
3203 1641 3391 1696 ampu-

213 1731 443 1808 προστάξει
484 1727 751 1800 βασιλέως
794 1725 893 1798 τὴν
926 1724 1172 1795 κεφαλὴν
1205 1722 1315 1776 ἀπὸ
1343 1721 1438 1776 τοῦ
1465 1719 1717 1791 σώματος

1841 1728 2010 1772 arat:
2045 1719 2320 1788 quomodo
2363 1718 2490 1773 item
2535 1719 2677 1788 regis
2730 1730 2922 1782 mater,
2966 1734 3087 1774 cum
3137 1718 3305 1773 filiuni
3339 1720 3391 1772 in

212 1828 368 1897 Κύρου,
402 1826 538 1885 ὅπως
570 1823 604 1892 ὴ
643 1821 823 1892 μήτηρ
875 1818 1014 1888 μετὰ
1070 1815 1338 1886 βασιλέως
1388 1813 1578 1876 κύϐοις
1624 1813 1718 1866 ἐπὶ
1750 1879 1762 1897 1

1846 1810 2052 1864 alornm
2084 1811 2204 1867 lusu
2232 1811 2469 1876 vicisset,
2498 1810 2805 1880 Bagapateu
2837 1811 2949 1882 (15)
2973 1825 3038 1865 ex
3071 1821 3230 1880 pacto
3251 1812 3393 1865 obti-

209 1879 446 1989 οννθήκαις
467 1879 716 1978 παίέασα
741 1879 835 1966 κᾶι
868 1879 1142 1980 νικήσασα
1165 1908 1325 1962 ἔλαϐε
1364 1906 1718 1976 Βαγαπάτην,
1750 1880 1759 1936 Ῑ

1845 1906 2026 1969 merit,
2058 1915 2111 1960 et
2136 1907 2406 1974 quomodo
2430 1879 2596 1972 idem,
2625 1879 2864 1961 detracta
2879 1879 3166 1978 pelle(16),
3191 1907 3243 1960 in
3272 1923 3395 1961 crn-

209 2014 279 2065 ιιαὶ
297 1987 343 2062 ὃν
359 2007 543 2078 τρόπον
576 2005 638 2057 τὸ
661 2004 840 2075 δέρμα
869 2000 1238 2073 περιαιρεθεὶς
1254 1997 1656 2069 ἀνεσταυρίσθη
1673 1997 1739 2029 ’θ’

1847 2013 1941 2052 :em
1979 1995 2168 2052 deinde
2184 2012 2214 2051 a
2238 1987 2554 2068 Parysatide
2576 1997 2647 2053 sit
2671 2008 2850 2062 actus,
2867 2013 2977 2068 quo
3003 1999 3130 2053 item
3159 2007 3397 2067 tempore

207 2102 287 2156 ὑπὸ
310 2099 386 2172 [65
407 2094 488 2168 IL]
520 2093 920 2167 Παρυσάτιδος,
949 2093 1037 2146 ὅτε
1061 2090 1240 2146 καὶτὸ
1270 2089 1404 2144 πολὺ
1434 2088 1528 2142 ἐπὶ
1556 2088 1724 2157 Κύρῳ

1847 2103 2079 2159 nagnum
2105 2087 2195 2142 illa
2221 2104 2377 2144 suum
2409 2104 2439 2142 e
2461 2089 2790 2160 Cyri'morte
2827 2090 3026 2144 luctum
3052 2089 3395 2159 compressit,

207 2193 358 2254 πένθος
390 2191 512 2260 αὐτῇ
532 2189 580 2220 τί
613 2186 889 2240 επαύσατο
909 2185 999 2239 διὰ
1033 2185 1134 2256 τὴν
1175 2183 1376 2253 πολλὴν
1403 2181 1498 2234 τοῦ
1535 2180 1727 2250 Ἀρτο-

1850 2181 2010 2236 uultis
2037 2181 2106 2235 ad
2134 2181 2184 2236 id
2216 2183 2531 2236 Artaxerxae
2558 2183 2808 2253 precibus
2834 2183 3084 2238 adducta.
3114 2183 3206 2239 Uti
3239 2183 3400 2236 Arta-

206 2283 354 2354 ξέρξου
374 2281 573 2350 δέησιν.
605 2276 733 2350 [1'50
757 2275 846 2348 R.]
880 2276 970 2340 Ὠς
998 2273 1356 2346 Ἀρτοξέρξης
1381 2272 1530 2342 δῶρα
1558 2271 1727 2324 ἔδωκε

1903 2285 2025 2325 rxes
2054 2273 2191 2325 dona
2228 2271 2300 2326 illi
2335 2271 2558 2342 largitus
2578 2272 2668 2337 sit,
2711 2273 2801 2340 qui
2824 2273 2948 2342 Cyri
2983 2274 3171 2326 tiaram
3207 2272 3403 2326 attule-
3433 2322 3447 2338 ,

206 2373 265 2444 τῷ
289 2371 546 2438 ὲνέγκαντι
610 2367 702 2421 τὸν
753 2365 937 2437 Κύρου
998 2364 1174 2430 πῖλον,
1209 2365 1304 2416 καὶ
1330 2362 1404 2425 ὡς
1438 2361 1529 2414 τὸν
1568 2361 1730 2429 Κᾶρα

1853 2373 1919 2417 'at
1951 2373 2045 2418 :et
2084 2362 2277 2418 Carent
2307 2364 2432 2418 item
2469 2365 2617 2418 illum
2659 2366 2954 2420 honoriﬁce
2987 2366 3282 2434 exceperit,
3309 2365 3403 2436 qui

203 2465 274 2516 τὸν
310 2463 546 2515 δοκέοντα
587 2459 768 2529 Κῦρον
797 2457 979 2528 βαλεῖν
996 2456 1041 2488 ⁷³
1080 2453 1440 2525 Ἀρτοξέρξης
1476 2452 1727 2523 ἐτίμησε,

1852 2454 2034 2527 Syrum
2066 2471 2096 2510 a
2125 2471 2184 2511 se
2213 2456 2553 2511 vulneratum
2588 2457 2832 2527 putabat,
2857 2464 3027 2528 utque
3059 2458 3204 2512 illum
3231 2458 3402 2528 ipsum

204 2557 276 2607 καὶ
302 2555 366 2617 ὡς
393 2552 705 2624 Παρύσατις
739 2551 830 2602 τὸν
862 2547 1166 2620 τιμηθέντα
1211 2548 1371 2617 Κᾶρα
1400 2543 1732 2613 αίκισαμένη

1857 2548 2034 2602 uisere
2065 2550 2434 2603 excruciatum
2481 2548 2760 2620 Parysatis
2805 2549 3159 2605 interfecerit.
3205 2547 3274 2604 Ut
3307 2565 3402 2604 rex

203 2646 497 2719 ἀπέκτεινεν.
536 2643 628 2707 Ὧς
657 2641 1011 2714 Ἀρτοξέρξης
1025 2640 1342 2712 παρέδωκεν
1367 2634 1736 2708 αίντησαμένῃ

1853 2641 2043 2694 ietenti
2080 2639 2384 2713 Parysatidi
2431 2641 2796 2697 Mithridatem
2825 2657 3042 2712 quoque
3065 2643 3403 2707 condonarit,

203 2737 574 2808 ΙιΙιτριιδάτηντ³
644 2734 998 2807 Παρυσάτιδι,
1028 2735 1120 2788 ἐπὶ
1142 2731 1421 2805 τραπέζης
1463 2730 1739 2802 μεγαλαυ-

1856 2735 1929 2803 ιιιί
1960 2749 2018 2789 se
2041 2733 2377 2790 interfecisse
2395 2734 2592 2805 Cyrum
2623 2734 2953 2805 gloriatusin
2986 2749 3172 2788 mensa
3200 2733 3406 2788 fuerat:

202 2832 406 2900 χήσαντα
467 2830 791 2884 ἀποκτεῖναι
863 2823 1046 2897 Κῦρον
1062 2823 1110 2860 ⁷⁸
1140 2870 1155 2894 ,
1214 2825 1445 2896 κάκείνη
1501 2825 1740 2879 λαϐοῦσα

1850 2836 2006 2895 utque
2035 2826 2180 2880 hunc
2221 2828 2502 2898 abreptum
2531 2825 2822 2881 crudeliter
2848 2825 3077 2879 necarit.
3111 2823 3237 2879 llaec
3261 2823 3400 2878 libro

202 2922 380 2991 πικρῶς
401 2923 446 2955 ⁷⁸
473 2921 680 2975 ἀνεῖλε.
715 2918 956 2972 Ταύτα¹’⁸
977 2921 1010 2988 ὴ
1046 2915 1110 2970 ιθ¹
1136 2919 1228 2971 καὶ
1259 2917 1308 2970 κ’
1336 2917 1565 2988 ἱστορία.

1046 2915 1110 2970 ιθ¹
1136 2919 1228 2971 καὶ
1259 2917 1308 2970 κ’
1336 2917 1565 2988 ἱστορία.
1845 2940 1937 2978 nx
1978 2935 2146 2994 atque
2171 2940 2243 2978 xx
2273 2933 2586 2977 narrantur.

267 3014 343 3069 ‘Ev
367 3013 420 3068 δὲ
449 3016 516 3085 τῇ
583 3019 671 3067 κα¹
729 3012 824 3065 καὶ
858 3007 902 3080 β’
929 3011 1026 3064 καὶ
1057 3009 1127 3078 γ’,
1154 3011 1276 3080 ἥτις
1324 3011 1420 3062 καὶ
1467 3010 1570 3080 τῆς
1616 3010 1745 3080 ὅλης

1921 3016 2197 3071 Vicesimo
2230 3023 2408 3070 autem
2432 3015 2632 3085 primo,
2654 3014 2894 3086 itemque
2923 3029 3035 3068 χιιι
3056 3020 3112 3068 et
3142 3026 3276 3067 xxiii
3302 3011 3415 3082 (qui

200 3105 344 3178 πέρας
382 3107 527 3159 ἐστὶν
590 3104 850 3176 ἱστορίας.
885 3104 1013 3158 τάδε
1045 3102 1505 3174 περιείληπταιττ,
1548 3102 1622 3167 ὥς
1656 3103 1749 3156 Τι-

1869 3109 2015 3163 ,otius
2037 3109 2200 3162 etiam
2229 3106 2470 3164 historiae
2489 3108 2612 3163 ﬁnis
2639 3109 2742 3179 est)
2766 3109 2868 3164 ista
2889 3108 3258 3164 continentur.
3275 3104 3419 3171 Quo-

199 3196 442 3268 σαφέρνης
490 3195 833 3250 ἐπιϐουλεύει
857 3197 969 3259 τοῖς
994 3195 1246 3261 Ἕλλησι,
1272 3194 1368 3248 καὶ
1391 3212 1745 3266 προσεταιρι-

1869 3215 1974 3254 iam
2007 3210 2166 3269 pacto
2206 3199 2601 3271 Tissaphernes
2629 3199 2835 3255 Graecis
2877 3200 3098 3255 insidias
3138 3200 3419 3262 struxerit,

198 3289 403 3357 σὰμενος
447 3288 687 3342 Μένωνα
711 3287 803 3340 τὸν
845 3285 1118 3340 Θεσσαλὸν
1144 3287 1212 3337 δι’
1244 3284 1411 3339 αὑτοῦ
1467 3285 1748 3355 Κλέαρχον

1869 3295 2136 3362 iscitoque
2163 3295 2213 3348 in
2246 3294 2451 3348 socium
2478 3294 2580 3348 sibi
2611 3289 2841 3348 Menone
2871 3291 3153 3358 Thessalo,
3185 3305 3280 3360 per
3297 3305 3419 3344 eum

200 3379 278 3432 καὶ
317 3382 436 3444 τοὺς
459 3381 660 3443 ἄλλους
689 3379 1032 3450 στρατηγοὺς
1057 3377 1243 3448 ἀπάτῃ
1267 3377 1363 3430 καὶ
1386 3377 1572 3448 ὅρκοις
1604 3377 1750 3447 ὲχει-

1870 3385 1977 3439 iolo
2007 3400 2072 3438 ac
2091 3384 2420 3453 juramentis
2448 3383 2772 3438 Clearchum
2805 3394 3139 3451 caeterosque
3164 3382 3329 3435 duces
3368 3381 3420 3434 in

200 3473 401 3542 ρώσατο,
447 3474 545 3528 τοῦ
609 3473 892 3543 Κλεάρχου
923 3473 1019 3526 καὶ
1061 3471 1448 3543 προειδομένου
1477 3471 1569 3523 καὶ
1614 3470 1750 3527 ἀπο-

1875 3491 2007 3530 ιιιιιιη
2041 3477 2311 3546 redegerit
2349 3484 2709 3545 potestatein;
2747 3476 2847 3530 etsi
2880 3473 3425 3530 Clearchusinsidias

200 3564 502 3634 κρουομένου
559 3565 664 3634 τὴν
711 3565 1039 3636 ἐπιϐουλήν·
1067 3564 1205 3617 ἀλλὰ
1224 3563 1285 3618 τό
1313 3563 1375 3617 τε
1409 3563 1614 3634 πλῆθος
1664 3561 1750 3615 διὰ

1874 3567 2198 3632 )ravideret,
2235 3576 2398 3636 atque
2439 3567 2649 3621 amoliri
2701 3578 3013 3621 conaretur.
3040 3565 3144 3622 Sed
3168 3577 3276 3618 tum
3307 3565 3424 3618 vul-

200 3656 419 3719 Μένωνος
448 3655 737 3725 ἀπατηθὲν
769 3655 1160 3726 κατηνάγκασε
1182 3657 1280 3709 καὶ
1307 3653 1513 3708 ἄκοντα
1538 3650 1750 3723 Κλέαρ-

1875 3674 1958 3727 rus
1977 3657 2368 3729 perMenonem
2395 3659 2705 3729 deceptum,
2733 3658 3054 3713 Clearchum
3085 3658 3168 3712 vel
3199 3657 3425 3711 invitum

205 3763 279 3816 χον
309 3749 439 3818 πρὸς
467 3748 860 3819 Τισσαφέρνην
890 3746 1322 3818 παραγενέσθαι,
1357 3747 1452 3800 καὶ
1491 3746 1755 3815 Πρόξενος

1881 3752 2034 3823 :oegit
2063 3752 2129 3806 ad
2176 3751 2602 3821 Tissaphernem
2654 3753 2914 3807 accedere
2957 3769 2973 3808 :
3011 3760 3122 3806 tum
3151 3750 3431 3805 Proxenus

206 3839 473 3905 ὂΒοιώτιος
517 3839 687 3902 αὐτὸς
711 3840 811 3910 ήδη
843 3839 1108 3911 προαλοὺς
1141 3839 1330 3912 ἀπάτῃ
1389 3837 1755 3908 συμπαρῄνει.

1882 3859 2080 3916 [noque
2113 3844 2379 3912 Boeotius,
2402 3843 2513 3912 jam
2546 3854 2703 3898 antea
2725 3845 2846 3898 dolo
2879 3845 3303 3910 circumventus,
3329 3845 3432 3898 hoc

218 3930 288 3996 Ὧς
334 3935 411 3995 εἰς
482 3931 790 3985 Βαϐυλῶνα
835 3930 971 4000 πρὸς
1049 3930 1406 4001 Ἀρτοξέρξην
1477 3929 1760 3999 Κλέαρχον

1882 3952 1983 3990 eum
2016 3935 2199 3991 facere
2225 3935 2567 3990 hortabatur.
2598 3935 2926 3990 Clearchum
2954 3937 3042 3990 ille
3075 3953 3196 3992 cum
3223 3939 3432 3991 caeteris

216 4023 287 4074 καὶ
327 4026 451 4089 τοὺς
498 4025 702 4087 ἄλλους
755 4021 1079 4076 ἀπέστειλεν
1113 4026 1172 4077 ἐν
1197 4022 1411 4088 πέδαις,
1437 4024 1531 4075 καὶ
1556 4020 1632 4085 ὼς
1668 4020 1762 4073 ἐπὶ

1883 4029 2076 4084 ῖίιιοιοε
2091 4027 2460 4099 compedibus,
2484 4026 2810 4100 Babylonem
2832 4028 2975 4082 misit
2992 4029 3057 4083 ad
3075 4029 3433 4096 Artaxerxen,

216 4113 312 4166 θέαν
350 4117 646 4188 Κλεάρχου
685 4115 920 4179 ἅπαντες
956 4113 1357 4186 συνερρύησαν.
1402 4113 1491 4178 Ὦς
1517 4113 1763 4185 Κτησίας

1885 4121 1956 4175 ibi
1983 4136 2175 4177 omnes
2208 4122 2273 4175 ad
2307 4119 2629 4176 Clearchum
2683 4122 3130 4190 conspiciendum
3181 4137 3435 4178 accurre-

205 4208 335 4271 αύτὸς
368 4211 562 4280 ἰατρὸς
589 4207 666 4260 ὢν
690 4208 1061 4278 Παρυσάτιδος
1096 4207 1265 4260 πολλὰ
1295 4205 1565 4278 Κλεάρχῳ
1598 4209 1657 4260 ὲν
1684 4206 1755 4277 τῷ

1885 4223 2018 4266 runt.
2051 4210 2265 4266 Ctesias
2297 4211 2434 4281 ipse,
2464 4212 2707 4265 medicus
2746 4215 2853 4262 tuin
2878 4207 3236 4279 Parysatidis,
3271 4211 3435 4264 multa

200 4297 540 4373 δεσμωτηρίῳ
599 4301 714 4355 ὄντι
767 4301 902 4372 πρὸς
967 4299 1162 4371 ἡδονὴν
1220 4299 1318 4353 καὶΙ
1375 4298 1675 4370 θεραπείαν
1697 4299 1747 4353 δι

1890 4319 1966 4357 ιρι·
1998 4317 2120 4358 eam
2173 4303 2250 4358 illi
2299 4303 2656 4358 humanitatis
2703 4301 2874 4357 oﬂicia
2917 4301 3184 4357 exhibuit.
3223 4301 3289 4356 Et
3311 4319 3440 4358 vero

196 4392 345 4462 αὐτῆς
365 4394 582 4464 ἔπραξε
612 4409 628 4425 ·
664 4395 757 4445 καὶ
783 4396 892 4446 τῶν
922 4392 1138 4463 δεσμῶν
1176 4392 1242 4445 ἂν
1275 4391 1590 4463 Παρύσατις
1611 4391 1746 4444 ἔλυσε

1990 4395 2107 4450 :ulis
2137 4395 2316 4448 virum
2368 4395 2646 4466 Parysatis
2673 4395 2985 4458 exemisset,
3013 4395 3441 4464 dimisissctque,
3537 4403 3540 4406 ’

197 4484 277 4534 καὶ
311 4487 555 4555 ἀφῆκεν,
585 4485 638 4538 εί
666 4485 741 4556 μὴ
765 4485 1031 4554 Στάτειρα
1077 4484 1169 4538 τὸν
1199 4484 1370 4554 ἄνδρα
1403 4483 1747 4554 Ἀρτοξέρξηι

1893 4488 1928 4542 ii
1958 4487 2196 4544 Stateira
2222 4489 2474 4541 maritum
2503 4486 2842 4540 Artaxerxen
2863 4487 2930 4541 ad
2951 4501 3074 4541 eum
3111 4486 3443 4542 interficien-

193 4574 435 4628 ἀνέπεισε
490 4576 690 4630 τοῦτον
751 4576 1126 4646 ἀναιρεθῆναι.
1159 4576 1271 4627 Καὶ
1299 4574 1538 4648 ἀνῃρέθη
1559 4575 1743 4644 Κλέαρ

1891 4583 1998 4636 lum
2021 4581 2291 4636 hortando
2313 4579 2683 4648 compulisset.
2717 4579 2951 4634 Necatus
2968 4591 3096 4650 ergo
3117 4578 3410 4634 Clearchum
3427 4620 3441 4646 ,

194 4683 292 4736 χος,
313 4670 407 4720 καὶ
443 4669 617 4738 τέρας
658 4667 749 4722 ἐπὶ
776 4666 853 4738 τῷ
883 4666 1095 4738 σώματι
1126 4667 1355 4738 συνέστη
1379 4684 1392 4698 ο
1443 4667 1744 4736 αὐτομάτως

1892 4675 1940 4728 Id
1972 4673 2129 4741 cujus
2182 4672 2415 4726 cadaver
2445 4679 2752 4739 portentum
2802 4672 2971 4725 hocce
2999 4671 3230 4736 exstitit,
3277 4673 3442 4741 quod,

190 4759 285 4829 γὰρ
309 4763 399 4814 ἐπ’
433 4759 594 4830 αὐτῷ
641 4761 833 4829 τάφος,
881 4758 1140 4829 μεγίστου
1172 4761 1502 4822 πνεύσαντος
1529 4759 1735 4829 ἀνέμου

1899 4767 2038 4820 [ante
2092 4773 2252 4818 vento
2305 4763 2821 4831 vehementissimo,
2881 4779 3094 4835 magnae
3143 4764 3449 4820 altitudinis

192 4847 271 4899 ἐπὶ
312 4850 465 4918 μέγα
507 4849 752 4920 ἠρμένος
789 4850 1139 4918 ἐπισυνέστη.
1179 4849 1552 4922 Ἀνῃρέθησαν
1585 4849 1643 4902 δὲ
1674 4868 1742 4903 κα

1900 4857 2114 4911 uinulus
2143 4865 2336 4925 sponte
2383 4871 2481 4910 sua
2535 4872 2700 4926 supra
2737 4856 2864 4910 illud
2909 4857 3123 4912 coierit.
3173 4855 3450 4914 lnterftacti

189 4939 228 4991 οἱ
254 4943 349 4994 σὺν
379 4942 546 5012 αὐτῷ
611 4943 1067 5012 ἀναπεμφθέντες
1116 4942 1380 5011 Ἕλληνες
1409 4941 1548 5013 πλὴν
1576 4943 1738 4997 Μένω

1901 4964 2096 5017 nsuper
2126 4958 2393 5018 quotquot
2433 4963 2556 5003 cum
2591 4963 2656 5004 eo
2683 4948 2830 5003 missi
2852 4946 3067 5004 fuerant
3100 4948 3300 5016 Graeci,
3333 4951 3451 5005 solo

191 5050 286 5094 νος.

1881 5035 2105 5097 Menone
2137 5049 2381 5110 excepto.

245 5127 511 5199 Λοιδορία
571 5129 943 5201 Παρυσάτιδος
972 5131 1108 5201 πρὸς
1135 5132 1457 5204 Στάτειραν,
1491 5136 1588 5188 καὶ
1622 5135 1774 5188 ἀναί-

1951 5134 2224 5190 Conviciis
2247 5135 2524 5208 Parysatis
2551 5133 2840 5190 Stateiram
2867 5134 3189 5204 proscindit,
3213 5149 3374 5205 quam
3399 5145 3455 5189 et

189 5235 327 5287 ρεσις
377 5222 478 5274 διὰ
539 5224 836 5293 φαρμάκου
888 5223 1078 5278 τοῦτον
1135 5225 1634 5290 διασκευασθέντος
1682 5229 1739 5280 τὸ

1909 5237 2093 5276 'eneno
2115 5223 2351 5287 sustuiit,
2382 5227 2524 5277 hunc
2552 5224 2604 5276 in
2634 5223 2851 5276 modum
2877 5233 3197 5292 prmparato.
3217 5225 3459 5278 Cavebat

184 5312 378 5378 τρόπον
402 5327 418 5341 ⁸
445 5314 786 5380 ἐφυλάττετο
814 5314 924 5386 γὰρ
955 5316 1226 5388 Στάτειρα
1253 5318 1378 5372 λίαν
1414 5318 1491 5391 μὴ
1525 5320 1720 5373 παθεῖν

1906 5315 1988 5370 sibi
2017 5315 2251 5371 Stateira
2279 5316 2566 5388 diligenter
2587 5313 2730 5388 ω
2767 5316 2835 5370 ab
2852 5330 2918 5370 eo
2931 5315 3092 5381 malo,
3113 5317 3255 5385 quod
3277 5325 3456 5370 tamen

1469 5458 1703 5516 VARIIE
1741 5449 2146 5516 LECTIONEB.

183 5569 684 5664 ..'1.3??_3§:i'~=°'?
722 5593 841 5664 ςο..
862 5576 1396 5664 ‘1391451'2115929-
1474 5576 1519 5609 ”
1554 5576 1762 5664 πέέεως
1790 5579 1855 5659 λι
1926 5575 1975 5664 1°
1993 5574 2464 5664 ἀνεοαυρώθηε-
2535 5566 2872 5664 Ραδῖηςκ
2902 5574 3460 5664 "9915123590??-

252 5639 614 5714 Μιθριδάτην
649 5663 709 5710 ς.
735 5639 742 5640 ί
797 5647 845 5680 ’⁸
874 5645 1080 5718 Κῦρον]
1107 5649 1200 5701 τὸν
1227 5639 1408 5717 Κύρον
1437 5664 1496 5712 ς.
1606 5649 1651 5680 ⁷⁸
1683 5647 1896 5718 πικρῶς
1922 5647 1988 5701 ἂν
2014 5647 2192 5700 ἀνεῖλε
2227 5639 2287 5712 ξ.
2367 5639 2436 5678 ’τῖ’
2461 5645 2636 5699 ταῦτα
2658 5639 2810 5716 καὶῆ
2839 5663 2901 5711 ς.
2974 5639 3026 5679 '"
3064 5639 3373 5716 διείληπται
3400 5639 3463 5712 ς.

1720 5757 1949 5814 NOTAE.

239 5873 354 5953 (l5)
389 5879 557 5937 Plut.
593 5880 648 5934 in
670 5881 924 5936 Artaxer.
953 5892 1112 5935 vocat
1154 5873 1486 5938 Mesahaten.
1960 5873 2071 5946 (16)
2104 5875 2228 5932 Pari
2265 5873 2529 5948 supplicio
2554 5873 2780 5932 affectus
2807 5892 2928 5949 sup.
2958 5876 3255 5936 Petisacas.

501 5977 776 6040 PATROL.
820 5978 935 6038 GR.
980 5977 1138 6040 Cllf.
3001 5973 3040 6033 '1
