3926 6452
455 345 593 451 f203

1646 352 1912 413 PHOTII
1944 345 2451 415 PATRIARCILE
2481 358 2593 419 CP.

3614 379 3708 447 204

487 462 534 515 ei
569 459 865 528 aliquando
917 460 1142 532 conligit
1195 460 1327 533 (l7).
1382 460 1597 517 Cultelli
1662 465 1894 520 alterum
1928 465 2050 520 lam:

2172 470 2427 524 πέπονθε.
2474 472 2785 542 Μαχαιρίου
2830 474 2889 527 τδ
2932 473 2991 527 ἐν
3039 476 3206 546 μέρος
3274 480 3604 555 ἐπαλείφεται
3642 498 3712 568 τῷ

487 567 695 607 veneno
720 553 971 619 illinitur,
1002 553 1215 608 caeteris
1244 568 1307 607 eo
1327 556 1572 624 partibus
1609 571 1713 611 non
1774 561 2060 624 contactis,

484 645 591 700 hoc
614 644 835 700 cultello
875 661 1041 714 parva
1069 648 1316 702 adinstar
1362 649 1447 702 ovi
1485 650 1695 703 ovicula
1751 652 2064 720 (rhindacen

483 738 665 793 Persae
698 738 993 808 appellant)
1017 742 1069 793 in
1110 741 1247 793 duas
1268 751 1486 793 secatur
1519 750 1724 809 partes,
1775 754 1829 797 et
1857 759 2064 800 veneno

483 828 747 883 intactam
780 839 990 897 partem
1024 830 1126 884 sibi
1149 842 1482 900 assumptam
1510 830 1784 901 Parysatis
1804 835 2060 900 comedit,

483 920 739 977 infectam
770 923 997 976 alteram
1041 924 1285 978 Staleira:
1324 925 1584 992 porrexit.
1622 923 1745 980 llaac
1786 927 1970 995 igitur,
2006 936 2063 980 ut

483 1007 631 1061 illam
688 1008 858 1078 ipsam
916 1024 1037 1079 quae
1085 1019 1421 1094 porrexq’rat,
1462 1026 1616 1064 suam
1669 1011 1802 1064 vidit
1851 1021 2058 1075 partem

483 1096 881 1159 comedentem,
931 1111 1109 1165 neque
1149 1096 1220 1149 ita
1275 1098 1567 1165 quidquam
1614 1099 1878 1166 potuisset
1932 1097 2057 1151 mali

482 1189 777 1258 suspicari,
815 1191 977 1243 etiam
1027 1190 1140 1258 ipsa
1171 1192 1339 1257 cmpit
1382 1207 1483 1242 una
1522 1191 1859 1243 mortiferum
1890 1206 2058 1245 vene-

482 1296 611 1335 num
648 1284 957 1335 comedere.
1002 1280 1140 1335 Hinc
1195 1281 1351 1334 matri
1387 1292 1670 1336 succenset
1722 1298 1838 1345 rex,
1898 1283 2059 1336 mini-

482 1382 830 1441 strantesque
884 1374 985 1441 ipsi
1040 1374 1273 1427 eunuchi
1307 1374 1685 1443 comprehensi
1737 1384 2060 1444 torquentur

480 1477 643 1533 atque
689 1476 968 1520 necantur.
1022 1464 1195 1535 Ginge
1252 1476 1513 1534 praeterea
1562 1468 2055 1535 comprehenditur,

480 1569 600 1625 qua:
641 1555 937 1625 Parysatidi
990 1556 1272 1611 familiaris
1311 1566 1450 1621 erat,
1480 1557 1795 1627 judicioque
1838 1560 1905 1611 de
1943 1558 2055 1626 ipsa

480 1650 747 1711 instituto,
769 1650 1006 1716 judicum
1030 1651 1244 1718 quidem
1280 1652 1566 1706 sententiis
1588 1653 1847 1706 innocens
1876 1652 2057 1706 absol-

476 1742 642 1804 vitur,
675 1745 767 1795 sed
806 1752 985 1795 tamen
1019 1757 1049 1796 a
1089 1757 1214 1812 rege
1258 1744 1586 1808 damnatur;
1616 1759 1784 1813 quare
1835 1753 1888 1799 et
1938 1745 2056 1799 haec

2171 564 2473 633 φαρμάκῳ,
2515 564 2575 617 τὸ
2600 566 2657 618 δὲ
2688 567 2873 619 λοιπὸν
2902 568 2962 619 οὐ
2994 572 3231 639 μετεῖχε.
3264 572 3444 646 Τούτῳ
3483 564 3713 652 τέμνεται

2166 651 2402 720 ὀρνίθιον
2436 655 2655 722 μικρὸν,
2700 656 2931 725 μέγεθος
2985 659 3166 710 ῐσον⁷¹¹
3228 661 3369 715 ώοῦ·
3416 651 3711 743 ῥυνδάκηνιο

2165 740 2373 809 Πέρσαι
2405 742 2465 794 τὸ
2497 743 2735 814 ὀρνίθιον
2793 746 3039 802 καλοῦσι.
3086 750 3355 821 Τέμνεται
3383 756 3439 809 δὲ
3466 760 3600 831 δίχα,
3623 740 3716 823 καὶ

2163 829 2223 882 τὸ
2255 832 2352 900 μὲν
2397 832 2704 903 καθαρεῦον
2750 835 2843 888 τοῦ
2897 838 2977 890 ἰοῦ
3033 840 3204 908 ἥμισυ
3266 844 3400 915 αὐτὴ
3419 848 3462 878 ³ο
3499 829 3714 911 λαϐοῦσα

2166 921 2483 989 Παρύσατις
2547 923 2738 979 ἐσθίει.
2762 924 2822 976 τὸ
2841 924 2896 976 δὲ
2926 928 3339 998 προσομιλῆααν
3355 920 3429 1003 τῶ
3453 943 3707 1013 φαρμάκῳ

2165 1012 2347 1081 ὀρέγει
2378 1014 2651 1085 Στατείρᾳ
2672 1030 2685 1043 ·
2716 1017 2749 1084 ἡ
2772 1015 2849 1081 δὲ,
2878 1018 3066 1089 ἐπειδὴ
3086 1019 3131 1050 ⁸⁸
3176 1020 3460 1078 ἐσθίουσαν
3486 1030 3582 1097 τὴν
3611 1012 3714 1087 ἐπι-

2165 1102 2362 1157 δοῦσαν
2401 1103 2547 1173 ὲώρα
2573 1106 2633 1157 τὸ
2662 1107 2857 1176 ἥμισυ,
2886 1108 3051 1176 μηδὲν
3074 1110 3304 1165 συνιδεῖν
3331 1113 3608 1187 δυνηθεῖσα
3635 1128 3717 1179 καὶ

2163 1196 2297 1265 αύτὴ
2348 1198 2615 1250 συνεσθίει
2645 1200 2740 1252 τοῦ
2775 1201 3004 1254 θανάτου
3035 1205 3096 1255 τὸ
3122 1205 3413 1276 φάρμακθν
3445 1226 3457 1239 ’
3488 1213 3616 1284 ὀργὴ
3642 1219 3718 1272 διὰ

2160 1289 2335 1343 ταῦτα
2364 1290 2456 1341 τοῦ
2492 1290 2755 1359 βασιλέως
2781 1295 2917 1364 πρδς
2942 1295 3039 1366 τὴν
3072 1299 3309 1368 μητέρα.
3340 1303 3434 1354 καὶ
3476 1305 3718 1377 σύλληψις

2159 1382 2269 1433 τῶν
2327 1382 2597 1452 εὐνούχων
2641 1386 2809 1454 αὐτῆς
2830 1384 2875 1416 ⁸⁸
2911 1388 3005 1439 καὶ
3042 1377 3299 1459 αἰκισμός
3323 1396 3416 1446 καὶ
3440 1397 3714 1469 ἀναίρεσις.

2160 1478 2272 1530 Καὶ
2309 1477 2391 1531 ἔτι
2447 1479 2709 1550 σύλληψις
2764 1482 2993 1551 Γίγγης,
3025 1486 3057 1555 ἢ
3093 1485 3337 1555 ᾠκείωτο
3382 1482 3715 1560 Παρυσάτιδι,

2159 1569 2252 1621 καὶ
2301 1571 2511 1640 κρίσεις
2536 1573 2625 1626 ἐπ’
2656 1574 2816 1645 αὐτῇ,
2859 1577 2954 1628 καὶ
3002 1578 3253 1643 ἀθώωσις
3317 1583 3415 1649 μὲν
3444 1587 3588 1654 παρὰ
3620 1591 3716 1642 τῶν

2160 1661 2387 1730 κριτῶν,
2450 1664 2719 1735 καταδίκη
2754 1666 2809 1719 δὲ
2836 1668 2987 1737 παρὰ
3020 1668 3309 1739 βασιλέως,
3349 1674 3444 1725 καὶ
3481 1679 3718 1747 αἰκισμὸξ

2159 1753 2367 1825 Γίγγης
2405 1757 2500 1809 καὶ
2558 1758 2859 1828 ἀναίρεσις,
2892 1764 2984 1813 καὶ
3019 1763 3156 1834 ὀργὴ
3198 1765 3287 1817 διὰ
3309 1766 3465 1820 τοῦτο
3487 1770 3720 1840 Παρυσά-

475 1836 802 1890 cruciatibus
853 1834 1069 1889 inﬂictis
1099 1844 1344 1902 necatur,
1372 1851 1477 1905 qua
1521 1839 1586 1891 de
1612 1852 1773 1891 causa
1805 1846 1858 1892 et
1887 1837 2050 1909 Pary-

2163 1847 2305 1910 τιδος
2331 1848 2466 1919 πρὸς
2494 1848 2584 1923 τὸν
2617 1850 2733 1902 υἱὸν
2770 1852 3023 1907 κάκείνου
3054 1831 3196 1925 πρός
3232 1857 3331 1926 τὴν
3375 1831 3597 1930 μητέρα.
3625 1864 3720 1916 Καὶ

475 1925 610 1978 satis
663 1924 795 1991 lilio,
830 1934 885 1978 et
945 1925 1033 1979 hic
1066 1926 1305 1980 vicissim
1365 1927 1524 1980 matri
1573 1940 1877 1982 succenset.
1930 1928 2059 1984 Post

475 2031 652 2070 annos
675 2027 797 2070 octo
822 2017 1016 2085 palmis
1037 2019 1245 2072 obsitus
1260 2018 1506 2073 Clearchi
1532 2020 1766 2073 tumulus
1788 2022 2055 2090 apparuit,

474 2125 612 2178 quas
640 2111 710 2162 ibi
740 2110 878 2163 cla'm
916 2111 1214 2181 Parysatis,
1263 2126 1372 2179 quo
1428 2122 1672 2180 tempore
1700 2112 1789 2167 ille
1814 2125 2059 2170 mortuus

474 2211 581 2265 est,
612 2216 710 2269 per
728 2203 1084 2257 inservientes
1101 2204 1204 2257 sibi
1230 2205 1513 2258 eunuchos
1537 2204 1835 2262 defoderat.

459 2329 471 2342 .
545 2294 737 2348 Causm
763 2295 831 2349 ob
871 2308 1007 2364 quas
1039 2296 1106 2347 ah
1149 2295 1389 2364 Evagora
1418 2312 1545 2365 rege
1577 2298 1867 2352 Salaminis
1896 2298 2058 2351 Arta-

474 2399 674 2439 xerxes
704 2385 1024 2440 dissenserit
1071 2387 1335 2457 Evagora:
1380 2389 1555 2443 nuntii
1586 2390 1652 2443 ad
1689 2390 1949 2455 Ctesiam,
1999 2402 2054 2446 ut

475 2480 543 2532 ab
559 2478 787 2534 Abuleta
813 2479 1071 2548 epistolas
1100 2484 1415 2549 acciperent
1441 2492 1532 2537 :ct
1559 2482 1755 2539 Ctesia:
1779 2487 1844 2538 ad
1874 2485 2050 2553 ipsum

473 2570 699 2639 epistola
749 2573 816 2626 de
868 2573 1272 2627 reconciliando
1325 2576 1499 2644 ipsum
1551 2591 1674 2629 cum
1726 2578 2051 2646 Anaxagora

473 2661 795 2731 Cypriorum
852 2678 996 2733 rege.
1045 2662 1367 2717 Numiorum
1406 2664 1661 2735 Evagorae
1699 2667 1960 2719 adventus
1998 2667 2049 2720 in

472 2752 729 2822 Cyprum,
767 2754 1095 2823 redditzeque
1144 2751 1424 2823 Evagorzr,
1457 2770 1590 2823 quas
1624 2757 1690 2808 ad
1730 2757 1900 2823 ipsum
1925 2756 2052 2811 Cte-

471 2847 585 2901 sias
608 2846 851 2910 dederat,
876 2846 1070 2901 littera:
1094 2847 1335 2900 Cononis
1362 2848 1426 2900 ad
1457 2847 1753 2917 Evagoram
1781 2850 1957 2901 oratio
1983 2848 2048 2903 de

472 2939 721 2992 adeundo
748 2939 814 2992 ad
845 2954 1048 3007 regem,
1083 2948 1139 2993 et
1162 2938 1416 3009 Evagorac
1450 2939 1676 3006 epistola
1709 2941 1774 2995 de
1820 2941 2047 2994 honori-

471 3030 597 3093 bus,
628 3030 823 3098 quibus
844 3030 912 3084 ab
937 3030 1028 3084 illo
1060 3030 1236 3084 fuerat
1272 3029 1515 3084 alfectus.
1559 3032 1795 3085 Cononis
1826 3033 1893 3084 ad
1920 3031 2041 3087 Cte-

2160 1942 2221 1996 τὸ
2256 1944 2419 2015 χῶμα
2452 1943 2510 1996 δὲ
2545 1943 2638 1996 τοῦ
2695 1945 2977 2017 Κλεάρχου
3036 1948 3106 2000 δι’
3147 1948 3288 2001 ἐτῶν
3345 1950 3488 2003 ὀκτὼ
3542 1956 3720 2021 μεστὸν

2159 2035 2332 2105 ἐφάνη
2393 2035 2673 2104 φοινίκων,
2719 2036 2812 2099 οὓς
2850 2033 2919 2108 ἦν
2952 2039 3136 2109 κρύφα
3166 2040 3502 2112 Παρύσατις,
3528 2045 3642 2097 καθ’
3668 2047 3720 2099 ὃν

2159 2127 2353 2198 καιρὸν
2407 2130 2616 2192 ἐκεῖνος
2674 2128 3016 2200 ἐτελεύτησε,
3063 2132 3152 2187 διὰ
3192 2135 3465 2205 εὐνούχων
3493 2136 3537 2167 ⁸⁸
3574 2155 3720 2190 κατα-

2157 2218 2407 2288 χώσασα.

2225 2310 2405 2364 Αίτίαι
2434 2311 2502 2365 δι’
2524 2311 2590 2375 ἃς
2628 2313 2889 2385 Εὐαγόρᾳ
2922 2313 3136 2383 βασιλεί
3161 2317 3468 2387 Σαλαμῖνος
3490 2320 3720 2390 βασιλεὺς

2167 2400 2524 2473 Ἀρτοξέρξης
2545 2405 2825 2476 διηνέχθη.
2857 2406 2946 2476 [66
2970 2405 3064 2478 IL]
3098 2409 3205 2461 Καὶ
3231 2410 3457 2478 ἄγγελοι
3490 2414 3720 2485 Εὐαγόρα

2151 2495 2288 2564 πρὸς
2338 2496 2586 2565 Κτησίαν
2631 2498 2769 2567 ὑπὲρ
2829 2499 2923 2552 τοῦ
2977 2500 3168 2553 λαϐεῖν
3216 2504 3374 2573 παρὰ
3405 2504 3714 2576 Ἀϐουλήτου

2152 2590 2254 2651 τὰς
2298 2590 2617 2657 ἐπιστολὰς,
2661 2595 2755 2646 καὶ
2810 2594 3049 2663 Κτησίου
3102 2595 3237 2666 πρὸς
3286 2599 3452 2651 αὐτὸν
3484 2601 3721 2671 ἐπιστολὴ

2150 2680 2394 2750 περὶτοῦ
2421 2681 2774 2753 διαλλαγῆναι
2799 2684 2965 2736 αὐτὸν
2992 2685 3344 2758 Ἀναξαγόρᾳ
3377 2689 3454 2758 τῷ
3474 2691 3718 2760 Κυπρίων

2152 2771 2380 2841 βασιλεῖ.
2424 2774 2544 2827 Τῶν
2574 2776 2723 2847 παρὰ
2770 2776 3022 2846 Εὐαγόρα
3072 2779 3328 2846 ἀγγέλων
3388 2784 3468 2844 είς
3516 2781 3722 2852 Κύπρον

2152 2863 2279 2936 [155
2314 2865 2407 2939 3.]
2446 2866 2631 2936 ἄφιξις
2666 2869 2760 2922 καὶ
2797 2871 2906 2921 τῶν
2936 2872 3085 2939 παρὰ
3120 2874 3367 2943 Κτησίου
3396 2877 3724 2945 γραμμάτων

2151 2958 2403 3022 ἀπόδοσις
2464 2961 2737 3032 Εὐαγόρᾳ.
2803 2964 2913 3015 Καὶ
2973 2964 3222 3028 Κόνωνος
3270 2969 3411 3037 πρὸς
3455 2968 3724 3038 Εὐαγόραν

2148 3049 2304 3118 λόγος
2324 3052 2463 3121 ὑπὲρ
2482 3052 2575 3105 τοῦ
2607 3054 2743 3123 πρός
2784 3054 3007 3123 βασιλέα
3028 3056 3324 3124 ἀναϐῆναι,
3360 3060 3453 3112 καὶ
3482 3060 3718 3131 Εὐαγόρα

471 3122 607 3177 siam
634 3122 886 3190 epistog‘a,
910 3134 964 3177 ει
1007 3123 1265 3177 tributum
1297 3124 1364 3177 ab
1413 3124 1655 3192 Evagora
1690 3125 1798 3193 regi
1833 3124 2038 3176 datum.

471 3209 742 3235 ι’..ε,..,.1....
769 3210 978 3235 Fundi..-
1016 3212 1208 3235 ---Ζηζι
1274 3215 1358 3235 ---2
1410 3216 1466 3235 ΑΙ..
1502 3214 1719 3235 l‘-_-‘---
1762 3229 1874 3235 --__-
1919 3230 2041 3235 _-.__

2157 3142 2403 3213 ἐπιστολὴ
2455 3147 2584 3235 περὶ
2616 3139 2691 3197 ὧν
2712 3145 2921 3216 ἠξιώθη
2968 3148 3061 3200 ὐπ’
3087 3148 3279 3201 αὐτοῦ.
3334 3151 3444 3204 Καὶ
3484 3153 3719 3214 Κόνωνος

469 3209 744 3281 Epistolas
769 3210 979 3266 Ctesias
1015 3212 1235 3281 accipit,
1269 3215 1358 3282 qui
1405 3216 1470 3268 de
1502 3214 1723 3268 Conone
1756 3229 1877 3267 cum
1919 3230 2044 3283 rege

467 3304 789 3370 collocutus,
844 3305 1129 3374 epistolam
1181 3309 1247 3359 ad
1302 3307 1449 3360 illum
1501 3307 1684 3361 mittit.
1733 3307 2051 3362 Traduntur

474 3396 850 3451 Satibarzanae
891 3414 1113 3452 munera
1148 3400 1217 3454 ab
1260 3399 1505 3469 Evagora
1542 3402 1729 3465 missa,
1763 3403 2049 3470 nuntiique

466 3489 521 3543 in
548 3489 781 3560 Cyprum
830 3492 1175 3559 perveniunt.
1224 3491 1461 3547 Cononis
1504 3492 1730 3561 epistola
1776 3494 1840 3546 ad
1864 3507 2045 3562 regem

466 3597 532 3636 ac
551 3582 813 3648 Ctesiam,
843 3582 1377 3639 Lacedtctnoniorum
1402 3585 1575 3639 nuntii
1603 3585 1667 3638 ad
1690 3586 1869 3654 regem
1895 3586 2046 3639 missi

464 3675 535 3729 ab
554 3690 618 3729 eo
647 3677 843 3730 retenti
864 3686 1008 3730 sunt.
1035 3675 1199 3747 Regis
1223 3679 1288 3730 ad
1321 3679 1593 3732 Cononem
1618 3695 1680 3732 ac
1698 3677 2046 3732 Lacedaemo-

466 3765 592 3818 nios
643 3766 899 3833 epistola,
957 3783 1118 3836 quam
1179 3768 1389 3823 Ctesias
1448 3768 1564 3839 ipse
1618 3772 1757 3825 tulit.
1793 3772 1981 3826 Conon
2014 3786 2044 3825 a

466 3856 830 3913 Pharnabazo
859 3860 1016 3913 classi
1057 3859 1345 3929 przefectus
1369 3870 1469 3916 est.
1495 3861 1690 3918 Ctesia:
1719 3863 1772 3917 in
1793 3864 2043 3918 Cnidium

464 3953 696 4020 patriam
748 3967 924 4017 suam,
957 3955 1255 4023 deindeque
1280 3955 1723 4013 Lacedaemonem
1752 3960 2040 4015 adventus.

465 4044 597 4114 Ejus
626 4045 952 4115 disceptatio
986 4051 1248 4103 adversus
1276 4050 1811 4107 Lacedtemoniorum
1838 4054 2043 4122 legatos

423 4119 428 4123 ’
466 4136 607 4204 apud
638 4133 915 4202 Rhodum,
948 4148 1004 4193 et
1040 4138 1185 4210 45a
1218 4151 1273 4194 ut
1336 4141 1550 4212 Epheso
1578 4146 1833 4199 dimissus
1877 4119 2044 4200 fuerit

468 4227 686 4283 Bactra.
718 4228 911 4284 Indica:
949 4234 1188 4301 regionis
1215 4236 1591 4302 mansionum,
1624 4239 1855 4304 dierum,
1884 4249 2046 4308 atque

467 4333 894 4389 parasangarum
944 4323 1308 4385 enumeratio,
1347 4322 1638 4393 Catalogus
1676 4327 1801 4379 item
1858 4342 2041 4396 regum

464 4409 589 4463 inde
624 4425 652 4462 a
692 4407 832 4463 Nino
862 4418 917 4464 et
949 4410 1312 4467 Semiramide
1346 4414 1411 4466 ad
1453 4429 1623 4485 usque
1653 4416 1995 4474 Artaxerxen
2024 4436 2039 4474 :

461 4501 659 4572 quibus
684 4510 738 4557 et
760 4503 865 4557 hoc
901 4518 1038 4574 opus
1069 4504 1369 4561 absolvitur
1395 4506 1533 4578 (l8).

531 4769 830 4843 Scriptoris
865 4775 1024 4844 hujus
1057 4778 1253 4835 Ctesias
1307 4783 1565 4838 candidus
1620 4792 1703 4839 est
1757 4801 1822 4841 ac
1881 4787 2039 4843 valde

457 4865 688 4937 simplex
735 4881 942 4933 sermo,
976 4885 1083 4939 quo
1112 4873 1279 4925 etiam
1317 4873 1378 4930 fit
1427 4886 1486 4929 ut
1545 4891 1650 4930 non
1715 4878 2041 4948 injucundus

420 4960 690 5013 'accidat.
725 4958 870 5015 Usus
911 4976 1039 5017 vero
1089 4965 1327 5022 dialecto
1368 4978 1451 5023 est
1489 4969 1669 5025 Ionica
1699 5012 1715 5038 ,
1783 4973 1885 5028 etsi
1934 4990 2041 5029 non

449 5063 549 5116 per
582 5051 788 5116 omnia,
834 5062 891 5105 ut
936 5051 1275 5123 Herodotus,
1332 5062 1425 5113 sed
1480 5060 1533 5113 in
1566 5064 1885 5130 quibusdam
1924 5074 2043 5119 tan-

453 5143 738 5205 tummodo
762 5144 1006 5202 vocibus.
1036 5144 1224 5218 Neque
1264 5149 1424 5205 etiam
1462 5152 1515 5206 in
1541 5156 1857 5221 diverticula
1890 5175 2041 5229 quae-

2149 3236 2284 3304 πρὸς
2312 3236 2556 3307 Κτησίαν
2606 3239 2887 3306 ἐπιστολὴ,
2912 3240 3005 3292 καὶ
3040 3240 3253 3310 βασιλεῖ
3278 3244 3433 3314 παρὰ
3482 3244 3722 3315 Εὐαγόρα

2151 3329 2338 3397 φόρος,
2364 3331 2455 3382 καὶ
2477 3329 2586 3383 τῶν
2622 3332 2925 3384 ἐπιστολῶν
2944 3334 3159 3405 Κτησίᾳ
3188 3336 3470 3400 ὰποδόσις.
3502 3337 3724 3407 Κτησίου

2151 3420 2310 3488 λόγος
2344 3422 2481 3491 πρὸς
2509 3422 2735 3491 βασιλέα
2761 3426 2889 3496 περὶ
2917 3428 3166 3490 Κόνωνος
3198 3430 3295 3483 καὶ
3326 3432 3583 3502 ἐπιστολὴ
3603 3432 3727 3502 πρὸς

2149 3513 2332 3568 αὐτόν.
2363 3515 2482 3567 Τῶν
2513 3518 2666 3587 παρὰ
2693 3518 2967 3589 Εὐαγόρου
2984 3520 3172 3591 δώρων
3198 3524 3457 3588 ἀπόδοσις
3476 3526 3726 3597 Σατιϐαρ-

2149 3604 2306 3678 ξάνῃ,
2350 3606 2576 3659 καὶτῶν
2617 3609 2867 3676 ἀγγέλων
2892 3611 2997 3663 τῶν
3033 3613 3111 3672 είς
3147 3612 3378 3683 Κύπρον
3410 3615 3610 3683 ἄφιξις,
3639 3616 3723 3667 καὶ

2148 3697 2398 3760 Κόνωνος
2442 3700 2701 3771 ἐπιστολὴ
2760 3702 2895 3771 πρὸς
2935 3702 3158 3773 βασιλέα
3199 3708 3296 3758 καὶ
3336 3708 3602 3774 Κτησίαν.
3650 3706 3727 3769 Ὧς

2147 3790 2497 3862 ὲτηρήθησαν
2547 3795 2595 3845 οί
2647 3796 2798 3864 παρὰ
2845 3796 3292 3866 Λακεδαιμονίων
3336 3800 3561 3866 ἄγγελοι
3598 3817 3729 3869 πεμ-

2146 3884 2371 3953 φθέντες
2422 3885 2559 3956 πρὸς
2613 3886 2859 3956 βασιλέα.
2925 3889 3209 3955 Βασιλέως
3272 3893 3537 3965 ἐπιστολὴ
3602 3893 3729 3963 πρὸς

2146 3978 2373 4031 Κόνωνα
2422 3980 2518 4033 καὶ
2546 3980 2593 4011 ⁸⁸
2620 3982 3107 4053 Λακεδαιμονίους,
3129 3984 3194 4048 ἃς
3216 3985 3263 4020 ³⁸
3296 3989 3552 4058 Κτησίας
3579 3988 3729 4049 αὐτὸς

2145 4069 2423 4138 ἐκόμισεν.
2494 4071 2583 4134 Ὠς
2622 4071 2728 4124 ὐπὸ
2790 4073 3146 4144 Φαρναϐάζου
3196 4077 3481 4148 ναύαρχος
3544 4079 3724 4132 Κόνων

2146 4160 2383 4226 ἐγένετο.
2448 4162 2691 4232 Κτησίου
2745 4167 2825 4228 εἰς
2882 4167 3077 4221 Κνίδον
3132 4172 3231 4239 τὴν
3265 4172 3511 4241 πατρίδα
3560 4170 3731 4241 ἄφιξις

2146 4253 2243 4305 καὶ
2276 4254 2356 4316 εἰς
2398 4254 2798 4325 Λακεδαίμονα,
2862 4259 2957 4313 καὶ
3006 4262 3190 4331 κρίσις
3226 4263 3367 4332 πρὸς
3407 4266 3536 4329 τοὺς
3566 4267 3730 4318 Λακε-

2144 4344 2438 4416 δαιμονίων
2492 4348 2760 4415 ἀγγέλους
2787 4351 2845 4404 ὲν
2882 4351 3129 4423 Ῥόδῳεθ,
3184 4356 3277 4407 καὶ
3329 4358 3551 4425 ἄφεσις.
3610 4356 3732 4410 Ἀπὸ

2158 4434 2390 4505 Ἐφέσου
2462 4439 2626 4510 μέχρι
2702 4440 2967 4513 Βάκτρων
3037 4446 3133 4497 καὶ
3211 4447 3451 4517 Ἰνδικῆς
3508 4448 3729 4520 ἀριθμὸς

2072 4545 2117 4601 ι)
2148 4525 2428 4597 σταθμῶν,
2486 4531 2731 4601 ἡμερῶν,
2776 4538 3173 4603 παρασαγγῶν.
3214 4538 3544 4608 Κατάλογος
3591 4540 3733 4610 βασι-

2150 4616 2287 4672 λέων
2316 4620 2424 4673 ἀπὸ
2446 4620 2608 4675 Νίνου
2633 4625 2727 4677 καὶ
2758 4625 3117 4698 Σεμιράμεως
3149 4629 3314 4701 μέχρι
3355 4632 3733 4704 Ἀρτοξέρξου.

2161 4711 2250 4764 Ἐν
2272 4706 2351 4775 οἷς
2380 4713 2474 4766 καὶ
2497 4713 2557 4767 τὸ
2573 4714 2748 4779 τέλος.

2220 4803 2377 4856 Ἔστι
2409 4803 2464 4857 δὲ
2500 4800 2696 4869 οὐτοςό
2726 4810 3075 4879 συγγραφεὺς
3104 4814 3279 4883 σαφής
3309 4832 3371 4866 τε
3407 4817 3504 4869 καὶ
3534 4814 3736 4885 ἀφελὴς

2145 4894 2290 4962 λίαν,
2322 4895 2403 4949 διὸ
2441 4896 2537 4949 καὶ
2570 4898 2730 4969 ἡδονῇ
2766 4900 2915 4970 αὐτῷ
2966 4902 3272 4973 σύγκρατός
3307 4907 3465 4960 ἐστιν
3504 4912 3531 4962 ό
3567 4908 3733 4976 λόγος.

2147 4988 2433 5059 Κέχρηται
2456 4989 2512 5042 δὲ
2545 4993 2608 5061 τῇ
2650 4992 2859 5063 Ἴωνικῇ
2885 4994 3169 5067 διαλέκτῳ,
3199 4999 3247 5050 εί
3271 5000 3371 5052 καὶ
3397 5002 3475 5070 μὴ
3500 5001 3567 5053 δι’
3600 5001 3737 5061 ὅλου,

2146 5081 2402 5150 καθάπερ
2436 5082 2743 5152 Ἡρόδοτος,
2802 5086 2937 5139 ἀλλὰ
2996 5090 3116 5141 κατ’
3148 5091 3299 5154 ἐνίας
3343 5095 3507 5158 τινὰς
3547 5092 3738 5161 λέξεις.

2148 5171 2284 5224 Οὐδὲ
2317 5172 2454 5243 πρὸς
2486 5175 2761 5245 ἐκτροπὰς
2793 5176 2849 5230 δέ
2879 5194 3033 5242 τινας
3056 5181 3348 5253 ἀκαίρους,
3384 5184 3576 5255 ῶσπερ
3607 5185 3743 5238 ἐκεῖ·

1752 5279 1982 5339 νΑῐιυΕ
2013 5286 2417 5346 LECTIONES.

524 5355 570 5386 ⁷⁸
594 5346 707 5429 ίσον
723 5358 768 5409 Α
794 5359 950 5415 εδσον
975 5381 1034 5429 ς’.

1083 5362 1426 5466 ζξιρυγδάεκην
1448 5384 1509 5431 ς.
1561 5370 1627 5454 ’⁸ο
1656 5372 1884 5466 αὕτη.ς;
1955 5379 2145 5466 "Densi:
2164 5400 2223 5447 ς.
2266 5453 2279 5466 “
2301 5384 2344 5416 ³²
2367 5384 2476 5466 τῶν
2500 5386 2920 5466 ὑπηρετούντων
2942 5390 3216 5463 εὐνούχων
3245 5393 3388 5466 αὐτῇ
3416 5415 3479 5461 ς.

3562 5398 3609 5428 ss
3630 5406 3745 5464 post

492 5423 505 5439 ,
594 5426 606 5441 ,
982 5423 1002 5429 ν
1080 5435 1092 5447 .
1132 5423 1169 5447 ,.
1221 5436 1244 5446 η
1312 5438 1324 5455 Ω
1382 5423 1392 5436 .
1458 5423 1477 5431 -
1561 5440 1572 5454 ⁸
1741 5423 1794 5444 -νο
1829 5423 1880 5439 ον
2017 5423 2139 5433 νην·
2164 5423 2223 5447 νδ-
2380 5423 2476 5437 -ι-υν
2503 5423 2920 5457 νηιηιῦυυυνιων
2942 5423 3215 5463 ευνυυχσυν
3245 5423 3388 5466 utri.“
3416 5423 3479 5461 ς.
3562 5423 3607 5428 "
3630 5423 3741 5464 μυδι

454 5439 728 5500 ευνουχων
758 5445 879 5485 cum
908 5439 955 5491 A
985 5450 1146 5491 0m|Sl
1179 5452 1285 5488 των
1304 5455 1717 5509 υπηρετουντων
1748 5446 1910 5518 αὐτῇ.
1989 5450 2037 5481 ⁸⁸
2061 5453 2156 5504 καὶ
2184 5453 2322 5524 πρὸς
2350 5456 2493 5511 Λακ.
2566 5458 2611 5489 ⁸³
2647 5459 2773 5522 ἃςΑ
2802 5477 2816 5514 :
2853 5461 2919 5531 ἣν
2944 5480 3001 5527 ς.
3082 5465 3128 5497 ⁸⁸
3169 5463 3338 5536 Ῥόδῳ
3373 5470 3422 5521 Α
3457 5484 3470 5521 :
3506 5468 3649 5538 λόγῳ
3684 5487 3741 5532 ς.

1992 5569 2224 5627 ΝΟΤιίΕ.

528 5642 640 5716 (17)
666 5642 781 5698 Iloc
810 5645 928 5714 ipso
946 5648 1379 5705 circumventum
1404 5651 1574 5708 fuisse
1599 5656 1722 5712 dolo
1754 5674 1781 5712 a
1814 5675 2044 5716 consanc

460 5712 657 5799 guineo
690 5712 844 5799 ‘suo;
867 5717 1164 5799 LiuVet'nnt
1197 5724 1330 5799 imp.
1378 5722 1651 5799 ﬁnxerunt
1702 5712 2041 5799 qttidani‘,iit

460 5780 632 5867 Effert
664 5784 863 5867 Aurel.
912 5788 1117 5844 Victor.
1153 5791 1204 5847 in
1250 5780 1390 5849 Iiisl.
1456 5780 2035 5867 August.

460 5850 811 5923 PhilOSOpho.

2222 5667 2341 5739 (18)
2368 5668 2405 5723 Α
2437 5668 2578 5728 Nino
2610 5674 2661 5728 id
2683 5682 2738 5729 et
2764 5673 3127 5734 Semiramide
3156 5679 3501 5743 inchoatum,
3534 5682 3599 5734 ad
3634 5696 3733 5733 mar

2152 5737 2440 5820 gistratum
2473 5760 2646 5820 usque
2672 5747 2915 5816 lthyclis,
2970 5751 3020 5802 id
3048 5760 3151 5815 est,
3212 5752 3394 5820 Olym.
3443 5737 3547 5805 xcv
3582 5769 3669 5804 an.
3710 5749 3743 5803 3

2151 5808 2441 5893 deduxisse
2466 5808 2705 5893 Qte’siam
2740 5808 2930 5881 auctor
2965 5830 3050 5877 est
3086 5808 3242 5879 Diod.
3278 5808 3396 5878 Ἧι).
3456 5837 3574 5891 xxv.
3626 5837 3723 5893 pus

2150 5878 2275 5946 421,
2317 5883 2448 5939 edit.
2482 5883 2658 5941 Graec.
