3926 6452
381 374 485 441 907
1540 369 1804 431 PHOTII
1841 369 2350 433 PATRIARCHIE
2389 370 2493 431 CP.
3526 374 3626 442 908

382 497 510 552 lices
539 501 714 549 autem
753 490 804 546 in
834 490 974 545 aliis.
1007 488 1177 544 Filios
1208 487 1350 544 enim
1376 495 1504 553 tres,
1546 496 1598 541 et
1629 488 1763 542 duas
1797 487 1958 552 tilias,
1990 502 2112 543 cum
2172 488 2371 541 malum
2412 499 2596 538 rerum
2626 498 2844 540 suarum
2875 486 3108 548 videret,
3139 493 3301 540 antea
3339 487 3552 547 miserat
3581 495 3629 548 in

388 570 576 623 urbem
606 563 833 626 Ninum,
865 563 930 614 ad
965 575 1087 616 eum
1124 560 1214 628 qni
1241 560 1311 612 ibi
1345 558 1622 628 regnabat.
1660 560 1991 626 dederatque
2027 558 2133 611 illis
2166 562 2267 612 tria
2300 558 2625 628 talentorum
2655 558 2780 628 auri
2808 557 2996 611 millia.
3037 555 3274 610 Texerat
3305 571 3477 614 antem
3503 562 3627 618 ἰΙΙιιιι

385 638 676 693 aedilicium
703 634 951 685 trabibus
992 627 1203 699 magnis
1225 639 1279 682 et
1306 627 1534 692 ‘craSsis,
1576 630 1703 696 quin
1733 630 1898 682 etiam
1932 628 2098 681 multa
2147 630 2312 693 ligna,
2341 636 2492 699 et_ea
2535 627 2752 699 quidem
2789 643 2998 693 crassa,
3035 628 3524 699 circuitiposuerat,
3563 635 3632 688 ita

387 717 443 761 ut
474 706 653 760 nullus
686 711 895 771 pateret
917 697 1135 754 exitus:
1171 703 1299 767 quin
1335 700 1499 753 etiam
1530 700 1854 753 talentorum
1887 699 2007 752 auri
2033 698 2362 771 imposuerat
2393 697 2463 749 illi
2494 698 2642 750 mille
2679 698 2975 771 myriades,
3002 699 3214 771 argenti
3249 698 3430 771 decies
3456 703 3631 758 mille;

384 792 482 832 nec
515 791 619 829 non
653 768 829 827 vestes
858 781 912 825 et
943 785 1230 839 purpuras,
1264 780 1318 822 et
1344 784 1504 823 omne
1530 784 1699 835 genus
1742 784 1955 834 eorum,
1999 784 2119 836 quae
2148 770 2212 822 ad
2246 769 2447 839 cultum
2477 768 2723 834 corporis
2746 769 3037 834 pertinent.
3070 768 3203 832 Qua)
3230 782 3356 822 eum
3392 769 3629 835 fecisset,

383 847 680 901 accendere
711 858 895 912 pyram
917 836 1100 912 jussit,
1126 855 1247 909 quae
1283 855 1377 909 per
1408 840 1713 912 quindecim
1738 841 1851 892 dies
1883 841 2135 912 ardeba_t.
2163 841 2228 912 At
2256 842 2345 906 qui
2380 836 2591 912 fututtm
2616 839 2869 912 videbant
2897 841 3256 912 mirabantur,
3278 845 3626 912 aciputahant

383 919 530 971 illmn
571 908 883 970 sacri'li'care
918 908 933 966 Ξ
978 912 1076 965 soli
1104 908 1240 964 vero
1278 908 1513 963 eunuchi
1563 925 1675 981 rem
1726 920 2013 981 noverant.
2070 908 2479 979 Sardanapalus
2512 910 2683 978 igitur
2709 946 2727 974 ,
2778 910 2871 978 qui
2923 908 3237 979 prodigiose
3276 910 3638 981 voluptatibus

380 989 591 1043 deditus
628 986 823 1049 fuerat,
858 997 1020 1052 quam
1050 986 1225 1052 potuit
1258 980 1673 1052 generosissimc
1699 982 1865 1033 vitam
1894 980 2089 1034 ﬁnivit.

1758 1097 1880 1153 Non
1912 1099 2079 1154 multo
2105 1106 2245 1167 post.

449 1198 661 1256 Ctesias
691 1210 822 1251 vero
850 1195 1132 1249 Annarum
1166 1194 1311 1263 regis
1342 1192 1679 1261 praelectum,
1710 1200 1764 1244 et
1786 1192 1877 1259 qui
1912 1192 2224 1262 Babylonia:
2264 1191 2503 1261 regionis
2531 1189 2823 1260 imperium
2856 1191 3236 1256 obtinuerunt,
3268 1198 3438 1263 veste
3471 1198 3529 1246 et
3557 1205 3639 1245 or-

384 1284 511 1325 natu
545 1269 789 1323 muliebri
816 1283 969 1320 usum
997 1279 1120 1321 esse
1162 1262 1343 1330 tradit,
1380 1276 1433 1317 et
1460 1265 1527 1322 ad
1553 1279 1674 1317 eum
1717 1271 2023 1316 ccenautem
2050 1300 2066 1325 ,
2115 1278 2239 1315 cum
2278 1266 2419 1331 regis
2446 1278 2638 1317 servus
2669 1272 2837 1328 esset,
2891 1264 3152 1317 accedere
3200 1262 3393 1316 solitas
3420 1274 3633 1317 centum

384 1340 767 1411 quinquaginta
794 1338 1080 1407 psallentes
1110 1346 1165 1390 et
1190 1344 1449 1389 ementes
1478 1334 1754 1387 mulieres.
1787 1331 2098 1386 Psallebaut
2143 1344 2323 1387 autem
2355 1337 2456 1395 lue,
2487 1344 2543 1387 et
2564 1337 2839 1387 canebant
2872 1333 2962 1387 illo
2998 1344 3269 1387 comante.

1016 1456 1170 1523 Apud
1196 1453 1517 1507 Demetrium
1548 1450 1867 1506 Phalereum
1892 1452 1946 1505 in
1970 1452 2104 1506 libro
2147 1452 2237 1522 qui
2270 1453 2406 1523 Περὶ
2436 1454 2566 1523 ἑρμτ

1447 1470 1517 1506 tm
1548 1450 1867 1506 Phalereum
1892 1452 1946 1505 in
1970 1452 2104 1506 libro
2147 1452 2237 1522 qui
2270 1453 2406 1523 Περὶ
2436 1452 2732 1523 ἑρμηνείας
2765 1464 2997 1506 vocatur.

454 1552 758 1624 Stryaglius
787 1551 1007 1619 quidam
1038 1549 1246 1624 Medus,
1280 1563 1402 1624 cum
1434 1562 1499 1600 ex
1527 1560 1669 1616 equo
1694 1544 1942 1624 chideni
1974 1546 2255 1601 mulierem
2293 1548 2579 1624 deiecisset
2604 1547 2764 1614 (apud
2799 1546 3131 1624 Sacaseuim
3164 1544 3635 1624 muliereseollem

384 1640 488 1692 quo
517 1615 819 1676 A'inazones
855 1624 1010 1675 modo
1039 1618 1372 1687 praeliautur)
1393 1615 1628 1692 eamque
1660 1627 1713 1669 et
1748 1615 2038 1692 formosam
2060 1657 2074 1679 ,
2124 1626 2179 1692 et
2205 1627 2364 1671 aetate
2404 1618 2683 1692 lloreutem
2727 1632 2849 1670 esse
2885 1618 3138 1679 vidisset,
3176 1617 3379 1692 salvam
3412 1615 3636 1692 dimisit.

384 1686 449 1746 Ᾱι
481 1709 735 1763 percusso
768 1692 1202 1763 posteafmilere,
1232 1686 1361 1763 cum
1392 1689 1499 1763 illa,
1535 1702 1698 1763 quam
1735 1688 1932 1763 alioqui
1972 1687 2275 1754 deperibat,
2304 1689 2465 1763 potiri
2517 1703 2623 1763 ιιο-[ι
2687 1696 2893 1754 posset,
2926 1697 3192 1763 statuerat
3216 1686 3438 1754 quidem
3470 1686 3641 1737 inedia

385 1755 544 1816 vitam
578 1762 732 1816 ﬁnire
758 1755 781 1816 ς’
803 1761 995 1815 scribit
1028 1771 1204 1812 tamen
1233 1760 1385 1825 prius
1418 1758 1493 1811 illi
1533 1755 1672 1811 hanc
1702 1757 2008 1825 epistolam,
2034 1772 2139 1826 qua
2177 1760 2484 1827 expostulat
2515 1775 2529 1810 :
2565 1755 2680 1827 Ego
2709 1767 2758 1810 te
2780 1757 3004 1822 servavi,
3034 1769 3079 1809 et
3128 1768 3186 1809 tu
3209 1772 3303 1825 per
3331 1772 3411 1810 me
3439 1768 3640 1809 servata

383 1851 455 1889 es.
485 1834 550 1886 At
581 1848 674 1901 ego
703 1848 796 1903 per
830 1842 879 1885 te
903 1832 1062 1901 perii.

1030 1944 1333 2012 Stephanus
1372 1942 1663 2015 Byzantius
1709 1962 1827 2000 voce
1856 1946 2118 2019 Δυρδαῖοι
2145 1964 2209 2002 ea:
2235 1946 2413 2003 Ctesia
2457 1946 2788 2001 Persicorum
2832 1944 2905 2001 X.

454 2040 620 2115 Regio
644 2042 799 2111 juxta
829 2056 951 2095 eum
979 2040 1575 2115 adjacetDyrbagorum,
1597 2043 1750 2095 beata
1774 2043 1932 2111 plane
1956 2060 2110 2115 gens,
2143 2047 2293 2099 dives
2317 2044 2639 2114 atquejusta
2672 2060 2692 2107 ;
2745 2059 2866 2115 nam
2918 2057 3091 2110 neque
3137 2042 3390 2109 iniuriam
3420 2044 3643 2115 cuipiam

386 2110 657 2180 tulerunt,
678 2123 1130 2183 uequemortem.
1163 2110 1317 2177 Quod
1344 2112 1390 2166 si
1425 2113 1566 2167 forte
1591 2128 1686 2181 per
1722 2110 1861 2167 viam
1894 2110 1987 2170 aut
2015 2132 2207 2169 aurum
2240 2110 2567 2175 invenerint,
2603 2124 2697 2167 aut
2722 2113 2866 2168 aliud
2893 2115 3310 2183 quidquam"...

1595 2228 1878 2282 Athena’us
1898 2228 2306 2296 ,Dipnosophist.
2339 2228 2413 2283 X.

458 2324 723 2394 Amyntas
748 2337 961 2396 quoque
993 2322 1045 2396 in
1069 2321 1207 2376 libro
1232 2321 1324 2391 qui
1354 2322 1559 2396 Στιθμοὶ
1591 2324 1934 2389 inscribitur,
1971 2325 2313 2395 Tapyrorum
2349 2334 2565 2396 gentem
2595 2324 2667 2379 ita
2700 2324 2823 2379 vino
2871 2324 3112 2379 deditam
3143 2336 3267 2379 esse
3309 2321 3556 2396 tradidit,
3593 2331 3650 2377 ut

390 2412 455 2449 ne
484 2393 925 2473 ad’i‘ingueudum
957 2394 1175 2473 quidem
1208 2396 1312 2473 alia
1341 2408 1399 2473 re
1426 2395 1529 2446 ulla
1558 2408 1720 2473 quam
1760 2393 2129 2473 vino_utatur.
2165 2393 2373 2473 Eadem
2398 2407 2584 2473 autem
2628 2405 2684 2450 et
2716 2395 2927 2451 Ctesias
2960 2405 3363 2451 commemorat
3390 2396 3443 2449 iu
3481 2393 3641 2457 libro,

389 2480 546 2535 quem
579 2466 645 2519 de
669 2464 923 2517 Asiaticis
947 2464 1167 2517 tributis
1198 2465 1420 2533 scripsit
1448 2481 1463 2519 :
1499 2464 1591 2533 qui
1621 2475 1677 2517 et
1701 2464 2040 2534 justissimos
2064 2480 2187 2521 esse
2219 2467 2342 2520 illos
2373 2468 2563 2521 tradit.

1479 2582 1800 2653 Apollonius
1836 2582 2049 2639 Πεδίον.
2079 2586 2271 2639 mirab.
2299 2583 2428 2641 XX.

457 2680 669 2736 Ctesias
699 2680 837 2734 libro
878 2692 1058 2752 rerum
1092 2677 1433 2752 Persicarum
1475 2679 1713 2752 decimo,
1743 2680 1985 2735 camelos
2024 2696 2146 2735 esse
2181 2682 2233 2734 iu
2266 2696 2326 2735 ea
2361 2682 2584 2751 regione
2617 2681 2816 2752 prodit,
2847 2695 3077 2749 quarum
3112 2679 3207 2751 pili
3236 2677 3473 2734 mollitie
3501 2676 3645 2730 lanas

390 2753 625 2807 Milesias
645 2760 885 2820 tequaut.
911 2750 1346 2817 Sacerdotesque
1376 2760 1433 2803 et
1460 2751 1597 2803 alios
1623 2765 1877 2819 proceres
1912 2762 2093 2805 vestes
2114 2767 2180 2804 ex
2219 2753 2285 2806 iis
2310 2750 2593 2808 confectas
2620 2750 2877 2823 gestare.

1702 2864 1787 2919 Ex
1819 2866 1997 2935 Steph.
2036 2867 2265 2939 Byzant.

467 2957 837 3032 Chorampnmi,
864 2957 1081 3032 Persica
1118 2957 1413 3027 agrestium
1445 2958 1730 3032 hOmiuum
1751 2960 1914 3015 natio.
1954 2959 2185 3032 (Ctesias
2210 2961 2549 3017 Persicorum
2578 2961 2669 3032 Χ).
2704 2961 2876 3016 Tanta
2907 2976 3037 3016 vero
3059 2959 3346 3016 celeritate
3374 2969 3457 3016 est
3492 2974 3650 3031 genus

401 3032 532 3088 illud
572 3030 850 3084 hominum
885 3029 1204 3098 agrestium,
1236 3038 1295 3083 ut
1321 3044 1511 3083 cervos
1543 3033 1687 3098 ipsos
1720 3029 2057 3098 insequendo
2090 3034 2307 3100 capiat;
2343 3033 2557 3103 aliaque
2580 3029 2744 3086 multa
2775 3034 2841 3088 de
2869 3032 2952 3087 his
2991 3045 3198 3086 narrat.

1350 3150 1505 3218 Apud
1532 3151 1867 3214 Athenwum,
1890 3149 2289 3219 Bipnosophist.
2317 3151 2411 3207 lib.
2438 3150 2524 3205 II.

476 3246 590 3302 Rex
622 3245 934 3314 Persarum,
988 3260 1046 3302 ut
1070 3245 1259 3301 scribit
1288 3244 1426 3300 libro
1456 3244 1475 3298 Ι
1513 3246 1842 3308 Herodotus,
1875 3261 2069 3315 aquam
2104 3247 2157 3301 in
2187 3259 2369 3316 potum
2411 3263 2567 3302 suum
2600 3262 2781 3302 secum
2808 3247 2957 3303 vehit
2992 3261 3020 3299 a
3058 3244 3297 3315 Choaspi
3334 3244 3494 3299 ﬂuvio
3516 3288 3531 3312 ,
3571 3246 3650 3314 qui

398 3318 537 3372 Susa
569 3316 890 3387 superﬂuit:
925 3328 1087 3387 atque
1115 3331 1179 3370 ex
1215 3318 1315 3370 hoc
1360 3317 1476 3369 solo
1505 3316 1661 3388 bibit.
1704 3316 1874 3387 Hujus
1904 3326 2082 3372 autem
2133 3332 2287 3388 aquze
2325 3321 2563 3373 decoctae
2592 3319 2743 3387 plena
2777 3333 2903 3371 vasa
2936 3326 3187 3386 argentea
3231 3328 3509 3383 portantes
3549 3318 3655 3384 plu-

397 3388 519 3442 rimi
541 3402 756 3458 currus,
790 3397 1026 3440 rotarum
1054 3396 1323 3458 quatuor,
1359 3401 1495 3454 quos
1526 3387 1652 3439 muli
1689 3394 1933 3451 trahunt,
1971 3390 2143 3456 ipsum
2184 3387 2502 3458 sequuntur.
2528 3390 2599 3440 At
2626 3389 2835 3442 Ctesias
2860 3388 3085 3442 Cnidius
3136 3389 3506 3440 uarratetiam
3531 3402 3656 3454 quo-

403 3458 562 3531 modo
594 3457 883 3531 regiahmc
908 3456 1171 3526 Choaspis
1213 3457 1355 3531 ﬂuvii
1401 3470 1539 3525 aqua
1588 3468 1874 3527 coquatur,
1911 3466 1964 3512 et
1986 3456 2432 3529 quomodo'vasis
2463 3460 2734 3531 imposita,
2762 3468 3007 3531 portetur
3032 3458 3099 3511 ad
3145 3471 3330 3527 regem
3359 3475 3373 3525 ;
3410 3459 3656 3527 additque

396 3525 545 3581 illam
575 3537 631 3582 et
655 3527 988 3583 levissimam
1023 3525 1483 3582 et’suavissimam
1512 3540 1655 3582 esse.

1572 3648 1727 3716 Apud
1756 3650 2022 3716 eumdem,
2063 3650 2388 3720 Dipnosoph.
2415 3650 2445 3705 1
2464 3649 2525 3705 V.

468 3734 585 3790 Rex
610 3745 792 3813 autem
816 3736 1107 3792 Persarum
1145 3739 1228 3808 (ut
1258 3738 1503 3813 scribunt
1528 3739 1757 3805 Ctesias,
1790 3752 1844 3796 et
1877 3742 2049 3796 Dinon
2087 3743 2138 3796 in
2207 3742 2464 3813 Persicis)
2508 3758 2633 3798 cum
2666 3741 2905 3797 virorum
2939 3739 3177 3797 millibus
3202 3738 3514 3809 quindecim
3548 3748 3658 3792 caa-

403 3814 593 3872 nabat,
624 3817 679 3861 et
707 3808 761 3861 in
790 3822 1000 3862 ccenam
1030 3812 1389 3879 quadraginta
1430 3811 1632 3866 talenta
1667 3813 2105 3866 insuntebantur.

1675 3928 1833 3998 Apud
1864 3930 2127 3995 eumdem,
2165 3931 2297 3984 libro
2316 3929 2402 3986 II.

477 4011 904 4095 Ctesiasautem
926 4018 1273 4095 Carmaniam
1300 4020 1477 4075 oleum
1513 4022 1864 4095 acanthinum
1898 4028 2219 4091 producere,
2245 4033 2299 4078 et
2329 4041 2394 4079 eo
2426 4040 2606 4095 regem
2638 4025 2739 4086 uti,
2767 4024 2864 4078 ait.
2900 4024 2999 4090 Qui
3027 4024 3194 4077 etiam
3232 4022 3285 4075 in
3315 4020 3475 4085 libro,
3498 4035 3651 4095 quem

406 4084 485 4139 De
524 4086 790 4165 {tsiaticis
814 4090 1027 4144 tributis
1064 4091 1302 4165 scripsit,
1330 4106 1502 4145 eceuze
1536 4094 1698 4165 regia:
1738 4084 2055 4162 apparatum
2098 4084 2443 4161 describens,
2489 4084 2673 4164 ireque
2720 4084 2949 4165 piperis;
3002 4109 3177 4163 neque
3222 4096 3360 4147 aceti
3398 4084 3654 4151 tueu'iinit,

408 4156 554 4226 quod
585 4172 749 4212 unum
778 4160 919 4213 inter
950 4156 1295 4215 condimenta
1327 4171 1411 4215 est
1443 4156 1732 4231 optinfum.

1841 4278 1913 4332 Et
1940 4280 2071 4334 libro
2106 4280 2211 4336 XI.

492 4366 687 4425 Verum
727 4367 1071 4444 repudianda_
1092 4374 1218 4422 sunt
1245 4366 1617 4444 nobislictilia
1646 4369 1862 4444 pocula.
1922 4374 2077 4441 Apud
2107 4374 2304 4426 Persas
2334 4373 2502 4438 enim,
2532 4380 2592 4428 ut
2620 4382 2852 4430 testatur
2887 4371 3128 4441 Ctesias,
3161 4387 3540 4444 quemcunque
3569 4384 3656 4424 rex

412 4444 796 4499 inhonoratum
829 4454 951 4494 esse
988 4438 1242 4503 voluerit,
1281 4439 1537 4495 lictilibus
1569 4438 1776 4510 poeulis
1800 4438 1996 4495 utitur.

1516 4559 1669 4627 Apud
1702 4559 1962 4623 eumdem,
1993 4557 2315 4629 Dipnosoph.
2350 4561 2526 4615 XIII.

480 4658 621 4726 Quin
649 4657 812 4713 etiam
843 4654 1095 4726 Cambysi
1126 4655 1483 4725 suscipiendae
1510 4656 1563 4710 in
1587 4656 1879 4727 Aigyptum
1916 4660 2280 4726 expeditionis
2308 4660 2388 4728 (ut
2413 4660 2603 4715 scribit
2631 4657 3063 4728 Ctesiachausa
3114 4655 3213 4709 fuit
3255 4654 3477 4728 mulier.
3528 4652 3652 4705 Nam

409 4746 534 4787 cum
554 4728 840 4799 Egyptias
867 4729 1117 4781 mulieres
1151 4728 1203 4780 in
1226 4742 1521 4794 congressu
1540 4740 1813 4799 praestare
1841 4732 2055 4782 creteris
2083 4730 2461 4794 intellexisset,
2499 4732 2564 4781 ad
2587 4729 2828 4782 Amasim
2857 4727 3080 4797 [Egypti
3108 4741 3285 4795 regem
3320 4727 3467 4779 misit
3486 4740 3654 4799 uuam

408 4819 477 4855 ex
512 4794 875 4870 ejusfliliabus
905 4799 959 4870 iu_
989 4811 1212 4870 uxorem
1246 4794 1592 4870 posceris.__At
1616 4798 1703 4852 hic
1734 4814 1765 4851 e
1804 4805 1918 4852 suis
1950 4801 2171 4867 quidem
2204 4801 2549 4870 uuamrbaud
2585 4800 2730 4854 misit
2764 4817 2777 4852 :
2819 4794 3128 4866 suspicatus
3165 4794 3239 4850 illi
3272 4812 3381 4850 non
3412 4794 3644 4870 habitum

408 4871 475 4925 iri
514 4866 775 4923 honorem
807 4866 962 4920 uxori
998 4866 1263 4931 debitum,
1296 4868 1387 4920 sed
1421 4868 1643 4935 pallaca:
1673 4886 1687 4921 :
1716 4884 1903 4922 verum
1943 4866 2121 4937 Apris:
2154 4871 2318 4923 ﬁliam
2356 4869 2631 4924 Neutetiu.
2686 4869 2979 4922 Exciderat
3028 4878 3210 4937 autem
3246 4881 3412 4933 regno
3437 4866 3644 4937 A_prieS,

409 4954 631 5009 prepter
663 4940 884 5009 cladem
906 4939 958 4989 in
985 4951 1157 5009 pugna
1185 4933 1446 4990 adversus
1469 4938 1805 5007 Cyrenenses
1836 4933 2136 5006 accep-tam,
2166 4950 2219 4993 et
2248 4941 2316 4993 ab
2343 4942 2528 4994 Amasi
2562 4940 2739 4993 fuerat
2773 4939 3111 4992 interfectus.
3143 4934 3441 5006 Cambyses
3465 4933 3652 4986 Neute-

411 5006 539 5065 iidis
570 5006 961 5064 consuetudine
989 5006 1310 5069 uelem-atus,
1340 5018 1394 5060 et
1423 5006 1576 5062 valde
1599 5009 1649 5061 in
1673 5024 1913 5062 amorem
1951 5010 2068 5076 ejus
2098 5011 2331 5077 illecuis,
2360 5011 2540 5065 omnia
2569 5026 2636 5063 ex
2667 5010 2760 5064 illa
2790 5009 2984 5075 discit;
3013 5016 3068 5062 et
3110 5021 3234 5064 cum
3268 5014 3479 5062 orasset
3506 5018 3649 5064 eum,

412 5087 469 5135 ut
494 5085 695 5136 caedem
722 5078 903 5148 Apris:
925 5077 1095 5144 patris
1124 5077 1500 5143 ulcisceretur,
1533 5082 1821 5148 persuadet
1861 5089 1918 5131 ut
1943 5080 2139 5134 bellum
2168 5078 2444 5152 Egyptiis
2468 5081 2687 5135 iul'erat.

1751 5197 2005 5267 Ejusdem
2042 5199 2177 5253 libro
2203 5198 2253 5253 Χ
2263 5241 2275 5254 .

479 5320 690 5375 Ctesias
725 5326 930 5380 autem,
963 5314 1100 5390 apud
1127 5314 1294 5390 ludos
1305 5314 1423 5390 regi
1464 5330 1567 5370 non
1595 5313 1759 5372 licere
1791 5318 2052 5373 inebriari
2077 5319 2262 5374 tradit.
2293 5320 2361 5373 At
2387 5334 2519 5372 vero
2541 5322 2683 5390 apud
2706 5316 2904 5374 Persas
2933 5317 3042 5388 regi
3063 5313 3379 5370 conceditur
3405 5305 3652 5366 inebriari

410 5390 494 5445 die
531 5407 657 5457 uno,
687 5390 740 5443 in
765 5403 873 5457 quo
902 5383 1215 5442 sacriﬁcant
1247 5383 1481 5440 Μίιιίηιξ.

1862 5502 2023 5557 Libro
2054 5499 2141 5558 XI
2158 5501 2218 5557 V.

478 5621 709 5695 Berosus
740 5632 920 5695 autem
954 5621 1437 5695 Babyloniacorum
1469 5623 1563 5677 lib.
1597 5640 1638 5687 ι,
1689 5623 1898 5678 decima
1930 5630 2083 5678 sexta
2114 5622 2203 5695 die
2237 5622 2440 5678 mensis
2469 5621 2586 5689 Loi,
2612 5623 2814 5695 festum
2851 5621 3123 5695 Babylone
3164 5619 3399 5691 quinque
3445 5615 3645 5695 dierum

411 5693 589 5761 spatio
616 5693 879 5747 celebrari
906 5695 998 5757 ait,
1031 5691 1231 5747 Saccas
1261 5694 1505 5746 dictum:
1541 5708 1635 5760 per
1657 5695 1799 5762 quod
1836 5703 2047 5763 tempus
2089 5694 2265 5748 solere
2301 5694 2548 5747 dominos
2602 5693 2818 5747 faiuulis
2868 5691 3102 5763 parere:
3143 5703 3412 5763 unumque
3459 5700 3525 5740 ex
3556 5691 3651 5763 ius

412 5764 886 5835 domuipraeesse,
908 5774 1076 5825 veste,
1112 5780 1231 5832 quae
1266 5763 1443 5835 regiae
1468 5760 1876 5818 similitudinem
1912 5760 2202 5833 referebat,
2235 5764 2482 5820 indutum
2516 5783 2529 5820 :
2560 5780 2722 5835 quem
2750 5774 2802 5821 et
2825 5760 3095 5833 Zbganem
3129 5762 3385 5833 appellari
3415 5760 3650 5811 meminit

414 5832 573 5887 istius
601 5829 722 5886 lesti
746 5832 956 5888 Ctesias
982 5829 1197 5904 quoque
1223 5829 1366 5888 libro
1389 5829 1725 5889 Persicorum
1763 5835 2025 5890 secundo.
