3926 6492
334 400 429 466 211
1484 407 1746 470 PHOTII
1782 409 2294 472 PATRIARCHrE
2332 412 2444 473 CP.
3516 409 3631 476 9.12

342 513 748 594 iisdem__epnlis
774 524 937 594 atque
958 516 1036 594 ab_
1054 516 1244 572 iisdem
1266 517 1814 594 utebanturparatis.
1841 520 2093 577 Nascitur
2121 522 2268 594 apud
2286 520 2478 594 Persas
2509 521 2703 592 exigua
2737 523 2871 589 avis,
2892 538 3013 594 quas
3038 524 3184 579 omni
3222 535 3390 580 caret
3423 539 3631 579 εχστατ

340 587 821 665 mentoliabetque
855 588 1110 641 intestina
1134 588 1509 665 omaniaadipe
1532 588 1744 665 differta
1778 605 1793 642 :
1829 594 1971 665 unde
2004 587 2169 646 vento
2196 592 2527 665 arbitrantur
2552 587 3142 665 etirorehboc'anlmal
3194 597 3390 650 vivere
3428 613 3442 648 :
3486 610 3626 665 ryn—

342 670 491 736 taces
516 657 734 736 d_ici_tur.
769 656 919 736 Hanc
932 667 1176 711 autumat
1201 656 1410 713 Ctesias
1427 658 1664 723 cultello,
1683 674 1845 728 quam
1878 661 2049 736 altero
2070 665 2236 716 latere
2258 662 2503 719 illeverat
2520 663 2719 736 toxico,
2744 663 3074 719 dissecuisse
3095 656 3633 736 Parysatidem,'at~

343 743 449 802 que
477 726 732 802 infecisse
772 727 996 802 alteram
1026 735 1235 802 partem
1269 743 1498 802 veneno,
1538 726 1933 802 suam—partem
1960 732 2230 785 sinceram
2257 744 2310 784 et
2338 748 2524 800 puram
2546 735 2625 785 ori
2665 734 2926 799 ingestam
2952 736 3121 802 ipsam
3152 726 3470 797 mandisse,
3500 726 3631 789 Sta-

348 797 503 871 teirze
531 812 656 871 vero
683 797 905 871 dedisse
925 797 1271 871 virulentam.
1292 797 1510 871 ‘Dinon,
1538 815 1644 871 non
1670 799 2062 871 Parysalidem,
2098 802 2191 855 sed
2223 797 2509 856 Melantam
2542 797 2840 858 medicatas
2872 797 3065 860 carnes
3104 807 3357 860 secuisse
3410 805 3625 871 cultro,

343 878 392 943 et
416 866 1019 943 Stateirteapposuisse.
1049 866 1184 943 Cum
1216 867 1449 943 animam
1481 870 1641 943 igitur
1674 866 1885 939 magnis
1913 886 2034 923 cum
2055 872 2388 943 cruciatibus
2420 884 2473 924 et
2503 873 2782 927 doloribus
2806 887 2988 942 ageret
3006 875 3214 931 mulier.
3249 876 3463 943 et-ipsa
3493 866 3634 928 olfe;

343 938 418 991 cit
450 937 800 1015 maleficium,
831 948 885 991 et
916 938 1279 1015 suspicionem
1312 939 1709 1015 regiadversns
1742 937 1967 1015 matrem
1993 942 2195 1015 attulit,
2229 942 2501 997 feritatem
2535 942 2699 1008 illius,
2726 937 3034 998 etanimum
3076 937 3493 1015 implacabilem
3533 961 3632 998 co-

344 1007 644 1083 gnoscenti.
670 1007 1118 1083 Ilndeqnfestioni
1138 1009 1694 1083 _ex_trmpl_o_intentus,
1721 1010 1997 1083 ministros
2028 1012 2220 1083 matris
2250 1024 2304 1066 et
2328 1023 2628 1067 structores
2654 1007 2940 1083 corripuit,
2972 1031 3036 1068 ac
3067 1007 3364 1071 tormentis
3402 1017 3632 1069 lacera-

347 1078 421 1131 vit
451 1096 463 1131 :
498 1075 751 1154 atﬁigim
786 1080 873 1154 diu
902 1076 1181 1146 l’arysatis
1213 1078 1273 1154 in
1297 1077 1547 1154 cubiculo
1610 1094 1709 1131 suo
1759 1080 1951 1154 tenuit,
2008 1082 2432 1154 deposcentique
2465 1085 2765 1154 denegavit
2796 1075 2935 1153 regi.
2993 1087 3187 1139 Verum
3244 1102 3379 1140 cum
3430 1098 3629 1154 postea

345 1146 685 1272 orassetjtllii,
718 1157 777 1274 udt
793 1148 1014 1271 domum:
1032 1157 1189 1201 nocte
1222 1147 1609 1216 dimitteretur,
1648 1151 1848 1204 certior
1879 1149 2056 1206 factus
2080 1146 2202 1215 rex,
2234 1146 2425 1207 locatis
2460 1146 2672 1209 insidiis
2694 1146 3105 1223 comprehendit
3136 1155 3351 1228 Gigim,
3390 1146 3634 1225 eamque

348 1231 423 1272 ret
453 1232 569 1274 cant
601 1234 631 1271 a
657 1235 705 1272 ts
773 1233 989 1272 amnaw
1021 1256 1033 1274 .

348 1231 423 1272 I‘CI
453 1231 705 1287 capitalis
737 1231 857 1274 dam
868 1231 1033 1278 ηονιι,

1250 1310 1526 1376 Αἰιὶαηηε,
1562 1314 1627 1367 de
1660 1312 1973 1367 animalium
2002 1323 2217 1377 natura,
2251 1314 2347 1368 lib.
2378 1329 2474 1377 vn,
2512 1329 2631 1382 cap.
2665 1316 2715 1368 I.

422 1411 650 1467 Susidas
703 1412 874 1467 boves
925 1410 1244 1465 numerandi
1274 1410 1557 1481 scientiam
1592 1418 1777 1462 tenere
1805 1408 2253 1481 Ctesiasscribit.
2323 1407 2457 1463 Nam
2485 1410 2641 1481 Susis
2672 1410 2784 1479 regi
2818 1410 3043 1480 singula:
3091 1411 3345 1481 quotidie
3404 1418 3635 1466 centum

349 1484 512 1537 cados
551 1484 603 1536 in
646 1483 833 1536 hortos
870 1482 1144 1540 sicciores.
1171 1490 1225 1534 et
1256 1479 1645 1550 minusriguos
1670 1479 1950 1550 hauriunt.
2012 1477 2182 1546 Quem
2237 1481 2455 1547 quidem
2509 1477 2770 1544 laborem,
2806 1477 2929 1535 sive
2953 1477 3205 1550 quod'eis
3237 1482 3316 1537 sit
3348 1491 3545 1537 certus
3577 1492 3637 1537 et

350 1554 697 1617 constitutus,
724 1554 838 1605 sive
868 1554 1032 1605 etiam
1060 1552 1187 1617 quia
1219 1550 1309 1602 diu
1346 1549 1681 1616 tttlIlllllquue
1741 1549 1793 1603 In
1846 1563 1912 1601 eo
1937 1563 1996 1603 se
2030 1560 2412 1612 exercuerunt,
2480 1550 2885 1618 promptissime
2928 1549 3152 1613 obeunt,
3207 1552 3426 1605 nullam
3482 1552 3635 1606 enim

350 1624 415 1677 ad
446 1638 583 1690 Opus
612 1623 989 1677 remollescere
1038 1621 1271 1674 videres.
1337 1620 1407 1672 At
1459 1620 1504 1675 si
1565 1631 1725 1675 snnra
1780 1633 1943 1690 quem
1986 1619 2655 1690 diximuscentenarium
2715 1636 3025 1685 numerum,
3086 1621 3168 1675 vel
3210 1638 3386 1676 unum
3428 1622 3633 1677 cadum

350 1688 617 1775 institeris
670 1694 994 1755 subvehere,
1048 1690 1207 1746 nullis
1260 1691 1374 1763 jam
1432 1703 1548 1754 eas,
1618 1690 1814 1760 inquit,
1866 1688 1951 1744 vel
2012 1689 2292 1745 blanditiis
2315 1689 2591 1756 inducere,
2646 1690 2729 1746 vel
2773 1691 3097 1747 verberibus
3146 1692 3381 1764 adigere
3447 1691 3523 1747 ad
3581 1692 3635 1747 id

350 1775 578 1830 poteris.

1526 1876 1678 1941 Apud
1704 1875 1963 1939 eumdem,
1993 1874 2086 1931 lib.
2109 1892 2221 1942 xvr,
2248 1890 2368 1946 cap.
2392 1877 2481 1933 46.

416 1977 589 2031 Porro
629 1975 845 2032 Ctesias
876 1973 1110 2031 Gnidius
1163 1972 1352 2045 refert,
1422 1972 1476 2027 in
1538 1971 1760 2045 ﬂumine
1820 1972 1906 2025 cui
1961 1986 2154 2045 nomen
2222 1976 2488 2043 Argades,
2547 1976 2690 2045 quod
2740 1976 2807 2031 ad
2862 1976 3140 2033 Persicam
3193 1978 3458 2034 Sittacen
3527 1987 3636 2045 est,

350 2056 629 2115 serpentes
655 2047 870 2101 abunde
898 2046 1065 2120 gigni,
1091 2044 1267 2120 capite
1286 2044 1469 2120 albas,
1502 2042 1712 2120 reliquo
1732 2050 1992 2120 [corpore
2039 2044 2244 2120 nigras,
2304 2042 2889 2120 quatu_or_'cubitorum
2936 2049 3336 2120 longitudinem
3401 2042 3635 2117 habere,

351 2113 567 2181 etquos
626 2113 1001 2189 percusserint
1046 2116 1382 2189 interimere.
1454 2113 1692 2189 Interdiu
1757 2113 2336 2189 eas_baudqnaqnam
2393 2117 2565 2189 videri
2624 2117 2823 2189 solere,
2892 2118 2994 2189 sub
3030 2113 3215 2189 'aqua
3316 2113 3636 2173 natantest

352 2196 514 2240 noctu
552 2182 683 2243 vero
716 2185 798 2239 vel
836 2202 1031 2254 aquam
1060 2183 1458 2246 haurientibus,
1511 2182 1594 2236 vel
1657 2182 1818 2235 lintea
1884 2182 2214 2244 Iavantibus,
2277 2186 2574 2252 perniciem
2636 2182 2851 2241 afferre.
2913 2188 3061 2242 Multi
3118 2182 3268 2242 enim
3329 2190 3445 2244 huc
3509 2190 3637 2241 adi-

352 2267 571 2325 guntur,
620 2270 712 2310 ant
752 2268 972 2326 propter
1002 2271 1158 2325 aqua:
1212 2254 1515 2309 deficientis
1550 2256 1955 2317 necessitatem,
2007 2263 2101 2308 ant
2130 2255 2273 2325 quod
2308 2257 2538 2326 negotiis
2596 2257 2841 2327 impediti
2893 2258 3130 2314 interdiu
3165 2270 3354 2316 vestes
3394 2260 3625 2315 abluere.

353 2343 459 2380 non
489 2328 784 2395 quiverint.

354 2416 504 2489 Apud
538 2418 757 2474 Diodor.
789 2417 1030 2475 Siculum
1057 2417 1149 2473 fil).
1184 2434 1222 2474 tt
1256 2415 1510 2489 Bibrliotlt.
1543 2417 1825 2489 aliquoties
1847 2418 1970 2472 item
1998 2418 2219 2471 citatum
2242 2418 2473 2489 Ctesigm
2491 2420 2717 2489 reperies

2760 2436 2780 2473 :
2830 2421 2909 2475 uti
2930 2429 2982 2476 et
3013 2422 3154 2491 apud
3183 2420 3361 2477 Joan.
3400 2419 3635 2475 Taetzen

1349 2488 1404 2541 in
1433 2486 1722 2543 Cliifiadib.
1751 2500 1798 2543 et
1840 2489 2264 2557 arpocrationem
2292 2489 2347 2542 in
2373 2486 2591 2545 Lexico.

674 2669 865 2727 Ctesia:
903 2669 1079 2726 Cnidii
1110 2669 1415 2725 lndicorum
1459 2670 1611 2726 liber.

425 2767 553 2837 Legi
587 2777 639 2822 et
666 2767 844 2820 Indica
869 2765 1086 2824 Ctesias.
1122 2764 1297 2835 magis
1326 2764 1489 2819 etiam
1568 2764 1752 2819 Ionice
1794 2764 1936 2820 libro

357 2861 618 2931 singulari
640 2861 936 2929 descripta.
968 2857 1155 2913 Refert
1176 2858 1368 2912 Indum
1389 2857 1609 2913 ﬂuvium
1642 2859 1779 2927 (19),
1830 2875 1937 2929 qua

357 2966 443 3011 est
475 2953 918 3023 augustissimus,
962 2950 1318 3020 quadraginta
1349 2962 1534 3018 patere
1588 2951 1789 3015 stadia,
1833 2968 1938 3019 qua

360 3046 689 3107 latissimus.
746 3047 1006 3099 ducenta.
1064 3042 1222 3096 Indos
1283 3042 1453 3107 solos,
1526 3053 1756 3096 caeteros
1828 3040 1942 3096 fere

361 3135 624 3190 mortales
668 3135 956 3187 universos
1013 3133 1366 3187 multitudine
1414 3148 1694 3201 superare.
1739 3131 1944 3187 Scribit

365 3231 434 3284 de
470 3243 653 3281 verme
686 3226 944 3294 quodam,
1003 3225 1095 3295 qui
1155 3225 1206 3278 in
1264 3224 1488 3278 flumine
1513 3234 1616 3290 est,
1665 3235 1719 3278 et
1766 3226 1941 3279 solum

360 3321 579 3386 quidem
606 3321 749 3374 hunc
785 3322 849 3373 de
889 3319 1102 3373 caeteris
1144 3317 1494 3381 animalibus,
1562 3318 1614 3372 in
1658 3334 1722 3373 eo
1769 3319 1943 3384 nasci,

360 3409 516 3466 Ultra
559 3410 718 3464 Indos
756 3410 931 3464 nullos
975 3409 1225 3463 babilare
1257 3409 1525 3463 homines.
1580 3409 1683 3464 Per
1706 3409 1942 3462 Indicam

363 3513 629 3572 praeterea
656 3503 931 3571 regionem
959 3515 1233 3569 nunquam
1255 3499 1443 3569 pluere
1465 3518 1479 3554 :
1500 3502 1591 3555 sed
1608 3500 1803 3553 flumen
1824 3516 1942 3554 eam

367 3598 568 3666 rigare.
594 3598 665 3650 De
694 3593 957 3663 pantarba
993 3592 1103 3663 (‘20)
1131 3592 1359 3662 sigillari
1386 3606 1594 3662 gemma
1627 3610 1639 3645 :
1673 3602 1836 3660 atque
1868 3591 1947 3645 in-

362 3696 447 3740 ter
474 3695 670 3739 caetera
709 3694 766 3736 ut
810 3686 923 3738 haec
962 3698 1167 3745 Lxxvnt
1213 3682 1479 3752 sigillares
1509 3697 1770 3753 gemmas,
1813 3680 1946 3751 lapi-

367 3783 574 3848 desque
600 3778 869 3847 pretiosos
891 3779 944 3831 in
970 3776 1166 3830 [lumen
1202 3776 1483 3843 conjectos
1542 3776 1721 3843 (erant
1753 3789 1814 3828 ea
1840 3774 1945 3828 Ba-

366 3874 496 3928 ctrii
531 3872 813 3941 cujusdam
852 3869 1138 3938 institoris)
1192 3869 1419 3923 invicem
1453 3868 1555 3922 sibi
1607 3869 1947 3923 adhaerentes

365 3965 686 4021 retraxerit.
756 3962 831 4016 De
883 3962 1283 4031 clepbantibns,
1370 3962 1462 4029 qui
1520 3976 1704 4015 muros
1758 3960 1947 4015 dissol-

365 4067 500 4110 νιιιιι
527 4056 640 4126 (21)
678 4067 839 4124 atque
873 4064 1144 4109 evertunt.
1178 4055 1251 4108 De
1275 4054 1456 4123 parvis
1479 4054 1676 4116 simiis,
1710 4068 1941 4122 quarum

367 4152 556 4205 caudae
581 4153 648 4203 ad
679 4148 1141 4218 quatuorcubitns
1161 4147 1582 4214 protenduntur.
1639 4146 1712 4199 De
1775 4148 1946 4199 maxi-

369 4240 473 4293 mis
494 4239 648 4307 gallis
675 4234 987 4308 gallinaceis
1022 4237 1158 4309 (22).
1190 4238 1263 4292 De
1295 4237 1497 4293 bittaco
1520 4253 1619 4291 ave
1651 4238 1787 4309 (9.3),
1843 4239 1948 4293 htt-

367 4344 531 4386 mano
552 4344 810 4385 sermone
836 4344 896 4382 ac
925 4344 1057 4384 voce
1071 4329 1293 4397 praedita
1328 4347 1344 4384 :
1378 4328 1657 4399 accipitris
1686 4345 1803 4383 eam
1827 4344 1950 4384 esse

368 4424 746 4494 magnitudine
777 4434 832 4477 et
872 4421 1050 4477 fronte
1084 4437 1381 4492 purpurea,
1462 4422 1795 4491 barbamque
1858 4438 1949 4493 ge-

369 4528 517 4570 mare
536 4516 743 4586 nigram
774 4533 787 4569 ε
821 4514 1017 4584 alioqui
1046 4514 1113 4567 ad
1143 4513 1342 4568 collum
1377 4514 1591 4567 caerulei
1615 4514 1812 4568 coloris
1843 4524 1949 4576 est,

370 4616 438 4671 ad
474 4617 686 4668 modmn
713 4613 1044 4672 cinnabaris.
1081 4610 1329 4666 Hominis
1378 4610 1504 4663 item
1539 4611 1591 4663 in
1625 4625 1829 4664 morem
1865 4608 1954 4662 In-

372 4708 494 4765 dice
552 4708 689 4761 banc
739 4719 892 4759 avem
934 4704 1076 4774 loqui
1132 4723 1144 4757 :
1204 4703 1315 4757 imo
1353 4714 1413 4759 et
1449 4702 1657 4767 Graece,
1723 4702 1766 4756 si
1809 4702 1952 4756 hunc

372 4813 590 4871 quoque
612 4812 917 4853 sermonem
946 4796 1105 4851 docta
1138 4794 1321 4850 fuerit.

2301 2674 2565 2740 Κτησίου
2592 2675 2698 2729 τοῦ
2731 2675 2977 2731 Κνιδίου
3020 2675 3095 2729 τὰ
3124 2672 3377 2728 Ἰνδικά.

2112 2760 2239 2834 [Ml
2263 2761 2356 2835 IL]
2404 2764 2742 2838 Ἀνεγνώσθη
2773 2768 2829 2821 δὲ
2853 2765 3019 2821 αὐτοῦ
3043 2765 3138 2818 καὶ
3174 2765 3242 2819 τὰ
3298 2763 3553 2827 Ἰνδικά,
3585 2767 3643 2818 ἐν

2040 2854 2121 2906 ἑνὶ
2171 2853 2381 2926 βιϐλίῳ,
2438 2858 2498 2909 ὲν
2526 2855 2607 2920 οἷς
2655 2859 2855 2928 μᾶλλον
2891 2858 3134 2923 Ἰωνίζει.
3166 2859 3345 2928 Λέγει
3379 2858 3513 2929 περὶ
3551 2858 3645 2914 τοῦ

2054 2944 2215 2997 Ἰνδοῦ
2251 2947 2496 3015 ποταμοῦ
2519 2948 2577 3002 τὸ
2599 2949 2695 3018 μὲν
2724 2949 2909 3003 στενὸν
2934 2950 3098 3003 αὑτοῦ
3124 2946 3298 3020 εὖρος
3324 2956 3379 3019 μ’
3413 2950 3647 3004 σταδίων

2042 3030 2205 3099 εἶναι,
2259 3036 2320 3089 τὸ
2374 3037 2431 3090 δὲ
2490 3039 2832 3098 πλατύτατον
2876 3042 2920 3072 ⁸⁷
2953 3042 3048 3095 καὶ
3107 3042 3437 3095 διακοσίων.
3477 3042 3642 3108 Λέγει

2044 3127 2176 3198 περὶ
2231 3128 2413 3181 αὐτῶν
2447 3130 2493 3161 ⁸⁸
2518 3132 2627 3183 τῶν
2673 3132 2851 3185 Ἰνδῶν
2874 3134 2955 3187 ὃτι
3007 3133 3231 3197 πλείους
3268 3134 3462 3205 σχεδὸν
3494 3152 3634 3205 συμ-

2045 3220 2263 3273 πάντων
2317 3221 2644 3294 ἀνθρὼπων.
2704 3225 2840 3295 Περὶ
2888 3224 2984 3279 τοῦ
3033 3225 3323 3296 σκώληκος
3355 3227 3401 3259 ⁸⁸
3450 3227 3547 3279 τοῦ
3577 3229 3634 3280 ἐν

2044 3315 2124 3386 τῷ
2155 3316 2405 3386 ποταμῷ,
2433 3316 2462 3369 ὂ
2502 3320 2595 3369 καὶ
2621 3319 2780 3388 μόνον
2805 3319 2914 3371 τῶν
2956 3320 3129 3373 ἄλλων
3162 3319 3373 3390 Θηρίων
3398 3321 3458 3372 ὲν
3487 3319 3633 3390 αὐτῷ

2046 3409 2279 3475 γίνεται.
2311 3407 2446 3477 Περὶ
2491 3406 2584 3459 τοῦ
2614 3407 2687 3477 μὴ
2720 3406 2889 3460 οἰκεῖν
2920 3410 3179 3462 ἐπέκεινα
3203 3409 3390 3462 αὐτῶν
3421 3408 3633 3479 ἀνθρὼ-

2047 3517 2206 3562 πους.
2241 3500 2365 3551 ’Ὁτι
2395 3500 2492 3567 οὐχ
2515 3498 2621 3561 ὕει,
2652 3498 2768 3551 ἀλλ’
2790 3499 2895 3552 ὑπὸ
2922 3499 3015 3553 τοῦ
3046 3501 3296 3571 ποταμοῦ
3352 3501 3635 3565 ποτίζεται

2048 3595 2081 3663 ὴ
2117 3593 2338 3661 Ἰνδική.
2390 3591 2527 3661 Περὶ
2552 3591 2900 3660 παν-τάρϐος
2940 3594 3041 3663 τῆς
3087 3595 3408 3665 σφραγῖδος,
3448 3597 3540 3648 καὶ
3562 3595 3634 3657 ὡς

2046 3684 2155 3749 υοζν
2182 3685 2227 3716 θο
2244 3685 2544 3754 σφραγῖδας
2576 3684 2975 3755 ἀποῤῥιφείσας
2995 3687 3087 3738 καὶ
3109 3686 3330 3755 τιμίους
3342 3686 3525 3748 λίθους
3554 3689 3632 3748 εἰς

2046 3780 2138 3831 τὸν
2170 3777 2434 3847 ποταμὸν,
2455 3777 2612 3830 ἆτινα
2626 3772 2693 3849 ἦν
2707 3777 2800 3830 τοῦ
2824 3778 3106 3850 Βακτρίων
3130 3780 3407 3851 καπήλου,
3428 3780 3566 3849 αὕτη
3587 3780 3630 3811 ⁸⁸

2050 3871 2370 3923 ἀνείλκυσεν
2409 3871 2675 3940 ἐχομένας
2714 3870 2982 3939 ἀλλήλων.
3019 3872 3152 3940 Περὶ⁵
3173 3872 3285 3944 τῶν
3313 3888 3634 3941 τειχοκατα-

2047 3962 2226 4015 λυτῶν
2256 3962 2586 4031 ἐλεφάντων.
2616 3963 2752 4034 Περὶ
2794 3963 2903 4015 τῶν
2954 3964 3169 4034 μικρῶν
3228 3964 3484 4032 πιθήκων
3529 3964 3635 4015 τῶν

2053 4054 2287 4124 ἐχόντων
2344 4054 2511 4124 θύρας
2570 4055 2960 4124 τετραπήχεις,
3014 4056 3111 4108 καὶ
3136 4056 3182 4086 ⁹²
3221 4056 3356 4126 περὶ
3389 4055 3501 4107 τῶν
3518 4055 3639 4107 ἁλε-

2058 4147 2335 4219 κτρυόνων
2364 4148 2475 4200 τῶν
2513 4147 2808 4217 μεγίστων,
2857 4149 2951 4202 καὶ
3016 4148 3270 4218 περὶτοῦ
3313 4149 3503 4219 ὀρνέου
3544 4148 3635 4201 τοῦ

2057 4239 2337 4309 βιττάκου,
2367 4241 2448 4292 ὅτι
2479 4240 2731 4311 γλῶσσαν
2757 4240 3110 4312 ἀνθρωπίνην
3141 4242 3255 4311 ἔχει
3288 4241 3380 4314 [67
3424 4239 3517 4314 IL]
3544 4240 3636 4293 καὶ

2057 4330 2262 4401 φωνὴν,
2296 4329 2525 4399 μέγεθος
2557 4328 2657 4398 μὲν
2683 4330 2806 4382 ὅσον
2848 4328 3017 4399 ἱέραξ,
3050 4331 3361 4401 πορφύρεον
3384 4330 3441 4382 δὲ
3472 4329 3637 4403 πρόσ-

2055 4440 2224 4486 ωπον,
2258 4422 2352 4473 καὶ
2381 4420 2618 4488 πώγωνα
2645 4421 2802 4493 φέρει
2836 4421 3064 4489 μέλανα,
3098 4422 3227 4473 αὐτὸ
3250 4423 3308 4473 δὲ
3338 4422 3385 4453 ’³
3412 4419 3637 4475 κυάνεόν

2055 4515 2202 4567 ἐστιν
2221 4512 2297 4576 ὼς
2331 4512 2379 4545 ³⁸
2404 4512 2495 4565 τὸν
2532 4514 2801 4583 τράχηλον
2859 4512 3049 4584 ὥσπερ
3092 4515 3383 4584 κιννάϐαρι
3408 4530 3423 4543 ⁸
3463 4511 3634 4565 διαλέ-

2054 4605 2247 4674 γεσθαι
2277 4604 2332 4657 δὲ
2390 4604 2523 4656 αὐτὸ
2557 4603 2744 4673 ὥσπερ
2803 4604 3114 4674 ἄνθρωπον,
3172 4604 3413 4668 Ἰνδιστὶ,
3476 4603 3542 4657 ἂν
3578 4601 3633 4654 δὲ

2066 4699 2370 4770 Ἑλληνιστὶ
2401 4699 2568 4770 μάθῃ,
2592 4700 2687 4751 καὶ
2729 4696 3051 4766 Ἑλληνιστί.

1688 4907 1917 4963 VARIAE
1953 4904 2117 4961 LEC'I
2134 4903 2243 4958 ΙοΝ
2254 4902 2351 4956 ES.

443 5014 487 5047 ⁸⁷
512 5012 852 5066 πλατύτατον
883 5010 1189 5079 Stephanus
1249 5026 1264 5063 :
1326 5006 1662 5079 πλατύτερον
1700 5024 1759 5070 ς’.

373 5085 653 5139 Aristotel.
688 5082 754 5141 II.
780 5086 843 5134 A.
878 5091 915 5134 t.
943 5077 997 5143 4,
1029 5096 1083 5150 p.
1107 5079 1232 5134 474.
1308 5078 1353 5111 ⁹⁰
1378 5077 1452 5141 of,"
1478 5095 1544 5150 ς.

376 5174 409 5226 p
436 5156 667 5210 46010.
774 5153 820 5184 9⁸
842 5150 942 5224 ὡς]
964 5146 1082 5214 ibi.
1114 5188 1129 5201 .
1164 5188 1179 5209 ρ
1206 5189 1220 5206 .
1251 5189 1267 5214 ,
1304 5148 1533 5221 ἐρυθρὸν
1558 5146 1658 5200 δέἳ

1866 5004 1912 5037 ⁸⁸
1944 5005 2072 5074 περὶ
2101 4999 2420 5074 τῶναύτῶν
2454 5015 2515 5061 ς.

1638 5079 1682 5109 ⁹¹
1726 5075 1865 5146 αὑτὴ
1900 5076 1965 5129 Α.

2610 4997 2656 5071 ἐξ
2676 4995 2772 5071 τού
2784 4992 3152 5071 μσκώληκος]
3168 4994 3260 5071 cf._
3276 4989 3636 5071 S_cbn_eiderns

2069 5074 2115 5106 θ’
2147 5073 2241 5125 καὶ
2272 5072 2395 5125 add.
2428 5059 2495 5123 Ai.
2601 5068 2647 5101 ³³
2670 5066 2753 5143 δὲ]
2779 5066 2950 5121 δὲκαὶ
3090 5059 3156 5120 aii
3203 5064 3334 5117 αὐτὸ
3382 5059 3453 5117 cf.
3487 5061 3635 5114 αὐτοὶ

1896 5260 2134 5318 NOTAE.

448 5388 559 5458 (l9)
596 5388 693 5442 Hic
724 5389 839 5460 ipse
867 5387 1018 5460 locus
1046 5387 1119 5442 ita
1147 5388 1348 5460 citatus
1369 5386 1580 5460 legitur
1617 5382 1948 5460 abArriano

378 5455 475 5513 Iib.
500 5455 637 5511 v'De
670 5455 897 5525 expedit.
928 5458 1239 5513 Alexandri.
1268 5458 1337 5509 At
1360 5457 1569 5510 Ctesias
1613 5455 1828 5523 quidem
1860 5470 1949 5525 as-

380 5528 516 5583 serit
549 5528 687 5592 Indi,
709 5524 812 5598 qua
833 5529 1250 5599 augustissimus
1286 5528 1331 5581 is
1363 5536 1441 5581 est
1458 5526 1526 5581 40
1545 5527 1844 5599 stadiorum
1877 5524 1954 5574 la-

384 5599 617 5653 titudine
647 5594 791 5667 ripas
822 5594 964 5655 inlér
1006 5615 1064 5654 se
1094 5600 1331 5659 distare;
1375 5613 1478 5664 qua
1499 5612 1624 5649 vero
1654 5594 1955 5667 latissimus

381 5669 545 5721 etiam
575 5666 791 5725 centum
847 5686 1115 5724 smnumm
1154 5668 1451 5723 stadiorum
1493 5667 1728 5736 spatium
1783 5666 1956 5717 inter-

385 5739 620 5793 medium
646 5755 789 5793 esse.

458 5807 781 5879 (‘20)Ignem
804 5809 967 5863 etiam
996 5809 1323 5864 cxstinxisse
1370 5807 1539 5863 refert
1585 5803 1947 5879 lIeliod.infr.

386 5876 513 5937 cod.
552 5876 671 5935 '73.
708 5877 844 5934 Vide
893 5891 945 5934 et
1002 5880 1320 5935 Pltlloslrat.
1384 5879 1459 5933 De
1494 5879 1602 5933 rita
1657 5876 1947 5938 Apollonii,

2058 5379 2152 5433 lib.
2185 5394 2267 5432 ιιι.

2133 5450 2248 5519 (21)
2285 5446 2511 5519 Pectore
2536 5459 2655 5508 suo,
2706 5460 2828 5519 cum
2860 5458 2959 5519 res
2992 5441 3299 5519 Indicornm
3337 5437 3519 5519 jubet,
3563 5432 3626 5519 iis

2062 5509 2441 5573 incumbendo.
2462 5516 2601 5584 Lege
2618 5516 2817 5587 capﬂﬂ
2836 5512 3039 5567 [Eliani
3059 5513 3131 5567 De
3150 5511 3368 5565 animal.
3390 5509 3479 5560 lib.
3499 5516 3629 5565 xm,

2064 5590 2151 5641 ubi
2196 5589 2349 5653 plura
2388 5588 2455 5642 de
2488 5588 2591 5640 bis.

2137 5646 2248 5728 (ἐξ)
2285 5658 2419 5710 llinc
2459 5658 2755 5725 sumpsisse
2782 5655 2997 5710 videtur
3056 5668 3175 5721 quae
3208 5654 3295 5728 de.
3322 5646 3506 5703 iisdem
3550 5656 3629 5693 re-

2061 5723 2166 5784 fert
2196 5723 2399 5782 Elian.
2438 5728 2513 5780 De
2554 5723 2801 5787 anima’.,
2842 5728 2936 5778 lib.
2968 5741 3081 5785 xw,
3120 5740 3239 5793 cap.
3267 5723 3318 5776 2.

2134 5801 2247 5868 (9.5)
2278 5798 2575 5853 Psittacum
2615 5809 2808 5850 vocant
2848 5796 2961 5868 alii.
3016 5789 3261 5849 Melitinit
3288 5789 3628 5868 inf._qttoque

2062 5858 2499 5939 Olvtnpiodorus,
2530 5869 2650 5923 cod.
2681 5870 2771 5935 80,
2800 5858 3072 5922 ctrElian.
3112 5882 3219 5921 non
3241 5858 3427 5919 semel.
