3926 6438
342 339 452 407 213

1422 338 1957 401 BIBLIOTHECA.
1997 362 2067 372 —
2105 337 2272 398 COD.
2311 334 2555 397 LXXII.

3517 328 3625 394 ’ὶῙᾶ

419 451 560 527 Περὶ
590 454 696 524 τῆς
726 454 937 523 κρήνης
966 452 1066 524 τῆς
1097 453 1480 523 πληρουμένης
1508 452 1590 506 ἀν’
1616 452 1737 514 ἔτος
1767 447 1935 521 ὑγροῦ

2113 446 2239 515 Agit
2269 444 2500 499 det‘onte
2526 442 2663 513 (SM),
2698 441 2791 511 qui
2814 440 3041 495 humido
3070 438 3366 509 quotannis
3390 452 3525 495 auro
3545 440 3619 494 ita

336 548 587 621 χρυσίου,
628 548 691 611 ἐξ
730 541 797 617 ἧς
825 545 1020 600 έκατδν
1049 546 1244 615 πρόχοι
1266 547 1310 578 ⁸⁵
1360 545 1674 615 ὀστράκινοι
1708 544 1790 596 ἀν’
1816 543 1936 606 ἔτος

333 640 600 709 ἀρύονται
626 656 640 668 ·
676 637 1036 707 ὀστρακίνους
1060 638 1116 691 δὲ
1144 638 1227 690 δεῖ
1253 632 1410 700 εἶναι,
1443 638 1568 690 ἐπεὶ
1599 638 1871 706 πήγνυται
1906 637 1935 689 6

332 734 539 804 χρυσὸς
604 733 1015 803 ἀπαρυόμενος,
1070 733 1163 785 καὶ
1187 732 1405 802 ἀνάγκη
1444 731 1505 785 τὸ
1548 733 1769 801 ἀγγεῖον
1802 731 1934 800 θλᾷν

336 828 438 880 καὶ
463 827 639 890 οὓτως
692 825 985 893 ἐξαγαγεῖν
1014 826 1060 857 ⁸⁸
1094 825 1280 879 αὐτόν.
1318 826 1383 878 Ἦ
1421 826 1478 879 δὲ
1528 827 1705 896 κρήνη
1736 826 1934 896 τετρά-

341 921 528 987 γωνός
578 923 735 982 ἐστιν,
787 918 1089 972 ἑκκαίδεκα
1136 919 1234 987 μὲν
1270 918 1462 989 πηχῶν
1500 920 1533 990 ἡ
1574 918 1929 990 περίμετρος,

346 1014 416 1065 τὸ
462 1014 521 1066 δὲ
574 1013 724 1083 βάθος
773 1011 1007 1081 ὀργυιά·
1054 1012 1261 1081 ἑκάστη
1314 1012 1371 1064 δὲ
1416 1011 1624 1082 προχοὴ
1666 1010 1932 1066 τάλαντον

350 1105 529 1157 ἕλκει.
569 1105 666 1157 Καὶ
693 1105 821 1172 περὶ
849 1102 947 1155 τοῦ
972 1104 1030 1156 ἐν
1062 1102 1139 1173 τῷ
1197 1104 1433 1174 πυθμένι
1477 1103 1577 1172 τῆς
1609 1105 1818 1175 κρήνης
1848 1121 1928 1156 σι-

355 1197 539 1266 δήρου,
566 1197 625 1260 ἐξ
648 1189 707 1247 οὗ
736 1194 833 1247 καὶ
860 1194 954 1247 δύο
980 1194 1107 1264 ξίφη
1133 1195 1380 1264 Κτησίας
1413 1196 1579 1265 φησὶν
1608 1197 1925 1265 ἐσχηκέναι,

348 1290 409 1340 ἓν
431 1290 576 1358 παρὰ
611 1287 877 1358 βασιλέως
908 1288 1005 1341 καὶ
1032 1288 1093 1340 τὸ
1115 1288 1244 1342 ἄλλο
1272 1288 1318 1321 ’⁷
1348 1288 1502 1355 παρὰ
1534 1289 1633 1358 τῆς
1662 1288 1756 1340 τοῦ
1774 1290 1931 1357 βασι.-

339 1382 476 1444 λέως
524 1384 738 1451 μητρὸς
793 1383 1190 1452 Παρυσάτιδος.
1220 1382 1359 1451 Φησὶ
1390 1383 1445 1435 δὲ
1486 1382 1615 1452 περὶ
1654 1381 1818 1435 αὐτοῦ
1848 1383 1931 1435 ὅτι

332 1474 690 1543 πηγνύμενος
720 1476 778 1525 ἐν
811 1477 875 1545 τῇ
910 1476 978 1545 γῇ
1012 1474 1208 1542 νέφους
1250 1474 1345 1526 καὶ
1375 1473 1618 1543 χαὶὰζης
1649 1474 1746 1525 καὶ
1784 1490 1929 1544 πρη-

328 1566 553 1634 στήρων
576 1568 728 1620 ἐστὶν
762 1566 1132 1638 ἀποτρόπαιον
1154 1566 1201 1597 9⁸
1230 1582 1243 1597 ⁸
1281 1566 1375 1619 καὶ
1406 1566 1532 1619 ἰδεῖν
1564 1565 1729 1618 αὐτὸν
1755 1563 1931 1619 ταῦτά

330 1676 471 1729 φησι
505 1659 775 1730 βασιλέως
806 1660 887 1724 δὶς
925 1661 1272 1731 ποιήσαντος.

403 1929 547 1999 Περὶ
578 1929 694 1983 τῶν
723 1930 906 1984 κυνῶν
934 1932 1043 1985 τῶν
1076 1930 1338 1997 Ἰνδικῶν,
1361 1931 1443 1984 ὅτι
1474 1932 1725 2002 μέγιστοί
1767 1934 1929 1998 εἰσιν,

324 2020 406 2082 ὡς
438 2020 541 2072 καὶ
598 2020 775 2074 λέοντι
810 2022 1098 2091 μάχεσθαι.
1132 2024 1267 2093 Περὶ¹
1305 2024 1415 2075 τῶν
1452 2023 1595 2092 ὀρῶν
1624 2024 1734 2076 τῶν
1769 2026 1934 2094 μεγά-

327 2114 464 2176 )ων,
500 2114 560 2177 ἐξ
585 2108 659 2168 ὧν
688 2116 722 2182 ἦ
757 2132 817 2167 τε
866 2116 1047 2185 σαρδὼ
1077 2116 1371 2185 ὀρύσσεται
1398 2116 1492 2167 καὶ
1516 2118 1565 2168 οἱ
1610 2116 1803 2186 ὄνυχες
1833 2118 1929 2170 καὶ

329 2211 391 2260 αἱ
426 2209 588 2260 ἄλλαι
621 2208 1084 2277 σφραγῖδες.’⁹οτι
1116 2207 1247 2260 ἀλέα
1269 2208 1460 2277 πολλὴ,
1494 2208 1590 2261 καὶ
1617 2209 1698 2260 ὅτι
1720 2211 1747 2260 6
1777 2209 1930 2279 ἥλιος

331 2298 726 2351 δεκαπλασίων
776 2298 837 2350 τὸ
895 2298 1123 2367 μέγεθος
1163 2299 1195 2367 ἦ
1254 2299 1311 2350 ἐν
1336 2300 1456 2359 ταῖς
1502 2298 1691 2362 ἄλλαις
1721 2301 1929 2369 χώραις

330 2389 505 2452 animi;
535 2392 732 2442 ἑαυτοῦ
756 2391 1029 2458 φαίνεται,
1062 2392 1156 2442 καὶ
1187 2390 1372 2443 πολλοὶ
1390 2391 1625 2444 ἐνταῦθα
1648 2392 1723 2461 τῷ
1749 2394 1927 2460 πνίγει

331 2483 680 2548 φθείρονται.
722 2484 831 2535 Καὶ
865 2483 1139 2537 θάλασσαν
1172 2501 1336 2554 φησιν
1363 2484 1554 2537 αὐτόθι
1592 2486 1742 2537 οὐδὲν
1772 2486 1927 2537 ἐλατ-

332 2571 429 2626 τόν
461 2576 508 2605 ’³
538 2574 638 2644 τῆς
680 2575 1035 2644 Ἐλληνικῆςθ
1063 2577 1124 2627 τὸ
1157 2576 1215 2627 δὲ
1249 2576 1362 2629 ἄνω
1386 2577 1557 2646 αὐτῆς
1584 2578 1687 2639 ἕως
1724 2580 1928 2631 τεσσά-

336 2683 452 2733 ρων
488 2666 766 2718 δακτύλω)
817 2667 1016 2736 θερμὸν
1075 2664 1238 2731 εἶναι,
1293 2669 1436 2721 ὥστε
1498 2668 1572 2737 μὴ
1616 2669 1770 2736 ἰχθὺν
1825 2668 1927 2738 ζῇν

336 2758 803 2825 προσπελάσαντα
868 2760 947 2829 τῷ
1008 2760 1234 2832 θερμῷ,
1290 2762 1424 2815 ἀλλὰ
1478 2763 1725 2817 κάτωθεν
1783 2764 1927 2817 διαι-

332 2850 565 2905 τᾶσθαι.

412 3025 540 3081 Ὀτι
600 3029 629 3080 6
670 3029 831 3093 Ἰνδὸς
887 3031 1134 3100 ποταμὸς
1180 3032 1318 3102 ῥέων
1364 3035 1453 3089 διὰ
1512 3040 1709 3094 πεδίων
1740 3041 1839 3101 καὶ
1858 3042 1929 3095 δι’

2044 538 2355 605 impleatur,
2391 544 2451 589 ut
2498 544 2716 589 centum
2747 548 2813 587 ex
2839 548 2905 588 eo
2930 533 3077 587 urcei
3110 530 3304 585 lictiles
3343 530 3469 584 anni
3494 545 3621 598 spa-

2040 630 2116 685 tio
2140 630 2484 683 hauriantur.
2522 626 2745 681 Fictiles
2785 635 2966 680 autem
3000 640 3123 681 esse
3153 639 3344 677 urceos
3367 630 3623 693 propter-

2040 738 2103 778 ea
2153 732 2427 791 oportere,
2460 720 2602 789 quod
2654 718 2904 772 haustum
2942 732 3062 770 mox
3091 714 3231 787 45ὺ
3267 729 3460 767 aurum
3493 729 3625 768 con-

2037 825 2275 881 crescat,
2338 822 2399 868 ut
2453 814 2519 866 ad
2588 812 2717 865 illud
2755 809 3093 865 educendum
3137 822 3232 861 vas
3288 808 3462 874 ipsum
3496 822 3624 860 con-

2038 905 2280 975 fringere
2307 918 2533 959 necesse
2557 904 2645 958 sit.
2676 900 2904 957 Foulem
2950 905 3125 970 ipsum
3155 899 3477 968 quadratum
3499 912 3624 952 esse

2036 997 2226 1061 refert,
2260 994 2495 1051 sedecim
2524 994 2831 1050 cubitorum
2872 992 3079 1047 ambitu
3128 991 3405 1058 uniusque
3435 988 3624 1041 altitu-

2036 1090 2162 1145 dine
2194 1107 2211 1142 :
2250 1088 2479 1158 singulis
2510 1102 2676 1155 porro
2701 1086 2881 1140 urceis
2907 1083 3116 1151 singula
3150 1083 3351 1134 talenta
3380 1080 3495 1133 auri
3525 1095 3624 1132 ex-

2038 1182 2202 1236 trahi.
2226 1181 2302 1235 De
2318 1178 2483 1243 ferro,
2514 1180 2658 1247 quod
2679 1179 2729 1232 in
2754 1177 2915 1243 hujus
2950 1174 3116 1229 fontis
3135 1174 3302 1227 fundo
3329 1171 3619 1239 reperitur,

2033 1290 2099 1329 ex
2124 1289 2231 1343 quo
2246 1276 2377 1326 duos
2411 1286 2471 1325 se
2502 1271 2761 1324 habuisse
2801 1268 3089 1337 aliquando
3115 1266 3321 1335 gladios
3356 1266 3469 1332 ipse
3494 1264 3625 1318 Cte-

2035 1369 2145 1423 sias
2182 1372 2597 1427 commemorat,
2667 1378 2831 1415 unum
2866 1377 2894 1414 a
2930 1375 3052 1429 rege
3100 1360 3240 1431 (25),
3302 1358 3535 1410 altermn
3594 1373 3623 1408 a

2032 1458 2353 1529 Parysatide
2374 1456 2516 1526 regis
2548 1454 2718 1525 ipsius
2764 1463 2939 1507 matre
2986 1453 3086 1506 sibi
3124 1454 3406 1506 donatum.
3470 1447 3623 1501 Ferri

2032 1559 2218 1603 autem
2254 1548 2414 1613 huius
2448 1562 2567 1601 eam
2599 1562 2720 1601 esse
2749 1547 2882 1611 vim,
2907 1554 2967 1599 ut
3018 1545 3069 1597 in
3106 1553 3306 1597 terram
3332 1543 3623 1611 depactum

2033 1641 2280 1707 nebulas,
2336 1647 2392 1691 et
2422 1638 2742 1707 grandines,
2800 1638 3159 1705 turbinesque
3221 1641 3451 1695 avertat,
3519 1632 3627 1685 hoc

2033 1734 2198 1789 semel
2222 1733 2612 1801 seiterumqne
2642 1730 2866 1796 vidisse,
2910 1744 3037 1784 cum
3098 1743 3193 1782 rex
3238 1728 3354 1795 ipse
3393 1725 3511 1796 ejus
3542 1726 3623 1781 rei

1962 1806 2004 1861 Β
2037 1825 2335 1897 periculum
2370 1822 2602 1878 faceret.

2114 1916 2191 1970 De
2213 1915 2446 1971 canibus
2495 1913 2695 1967 Indicis
2740 1912 2855 1985 (‘26)
2918 1920 3083 1966 tanta:
3112 1910 3527 1981 magnitudinis,
3562 1917 3626 1962 ut

2033 2027 2154 2066 cum
2181 2010 2314 2079 ipsis
2344 2024 2563 2080 quoque
2606 2008 2855 2063 leonibus
2907 2017 3184 2061 certamen
3275 2006 3480 2059 Ineant.
3546 2003 3624 2058 De

2032 2103 2371 2174 magnisillis
2407 2103 2708 2167 montibus,
2778 2116 2841 2154 ex
2880 2101 3079 2167 quibus
3113 2115 3237 2153 cum
3265 2098 3450 2162 sardo,
3507 2105 3623 2149 tum

2031 2195 2273 2263 onyches
2304 2195 2493 2256 etiam,
2533 2202 2698 2262 atque
2729 2192 2849 2245 alize
2876 2206 3103 2257 gemma:
3135 2188 3486 2243 eﬂ‘odiuntur.
3532 2185 3626 2240 ln-

2033 2296 2249 2355 gentem
2278 2286 2386 2339 illic
2418 2286 2611 2339 szevirc
2641 2298 2853 2345 msmm,
2921 2284 3207 2349 solemque.
3264 2282 3435 2348 ipsum
3461 2280 3629 2332 decu-

2031 2381 2118 2450 plo
2141 2396 2303 2449 quam
2348 2380 2401 2433 in
2456 2379 2577 2432 aliis
2632 2379 2944 2445 regiOnibus
2998 2374 3257 2442 majorem
3317 2372 3525 2425 videri:
3560 2385 3627 2423 ac

2031 2474 2233 2528 multos
2260 2473 2316 2527 in
2347 2487 2409 2525 ea
2445 2473 2669 2539 regione
2705 2470 2968 2524 mortales
3007 2479 3139 2523 mstu
3182 2465 3504 2536 prmfocatos
3531 2480 3626 2519 ex-

2029 2567 2249 2635 stingui.
2278 2565 2427 2619 Mare
2458 2566 2531 2619 ibi
2560 2564 3090 2629 nihilominusquam
3111 2561 3356 2615 Grzecum
3392 2559 3515 2612 ﬂatu
3544 2567 3629 2610 tu-

2033 2675 2181 2713 mere
2205 2674 2217 2708 :
2248 2672 2375 2711 vero
2398 2658 2446 2709 id
2467 2658 2519 2709 in
2544 2671 2775 2720 summo,
2801 2656 2864 2707 ad
2881 2663 3113 2722 quatuor
3136 2667 3308 2721 usque
3330 2652 3625 2720 digitorum

2030 2752 2394 2814 altitudinem,
2425 2748 2692 2803 fervidum
2712 2763 2833 2804 esse
2855 2765 2868 2810 ;
2893 2749 3137 2817 adeoque
3167 2746 3511 2816 piscesjuxta
3530 2758 3627 2796 ca-

2030 2847 2199 2901 lorem
2216 2844 2363 2898 illum
2385 2844 2562 2896 vivere
2576 2844 2721 2896 nullo
2736 2843 2893 2896 modo
2908 2840 3185 2911 posse,sed
3202 2840 3253 2892 in
3271 2838 3395 2891 imis
3408 2839 3625 2907 degere.

2104 2935 2294 2988 Indum
2346 2932 2567 2987 ﬂuvium
2607 2948 2702 3001 per
2759 2932 3089 3001 campestria
3140 2930 3403 2993 delatum,
3477 2930 3629 2997 ipsos

2031 3044 2249 3097 quoque
2288 3024 2794 3088 montesinterlabi,
2833 3024 2885 3077 in
2926 3024 3102 3092 iisque
3140 3021 3274 3075 locis
3301 3020 3452 3074 nasci
3484 3018 3628 3071 cala-

333 3118 520 3217 ὀρέων
537 3121 641 3189 ῥεῖ,
670 3122 728 3172 ἐν
776 3115 857 3185 οἷς
905 3125 1049 3177 καὶό
1084 3125 1379 3193 λεγόμενος
1422 3129 1639 3194 Ἰνδικὸς
1684 3134 1933 3205 κάλαμος

2043 3140 2187 3177 tuum
2218 3122 2354 3192 (27),
2395 3135 2555 3190 quem
2589 3117 3068 3178 vocantlndicum,
3122 3123 3286 3168 tanta:
3313 3110 3633 3165 crassitudi-

334 3211 565 3278 φύεται,
617 3213 789 3282 πάχος
821 3215 922 3285 μὲν
954 3216 1080 3269 ὅσον
1104 3218 1249 3271 δύω¹
1288 3220 1447 3291 ἄνδρε
1482 3230 1939 3298 περιωργυιωμέ-

335 3322 426 3356 vat
460 3306 830 3375 περιλάϐοιεν,
871 3308 931 3360 τὸ
959 3308 1016 3361 δὲ
1062 3308 1195 3376 ὖᾲος
1223 3312 1345 3364 ὅσον
1386 3318 1721 3386 μυριοιρόρου
1758 3322 1778 3350 ²
1805 3322 1945 3383 νεὼς

339 3398 502 3458 ἱστός
522 3413 537 3428 ·
562 3399 668 3450 εξσὶ
699 3401 790 3451 καὶ
817 3399 896 3452 ἔτι
954 3402 1176 3470 μείζους
1206 3406 1300 3457 καὶ
1330 3406 1607 3471 ἐλάττους,
1634 3411 1778 3475 οἵους
1798 3414 1946 3477 εἰκὸς

336 3489 401 3539 ὲν
425 3488 545 3558 ὕρει
574 3490 815 3560 μεγάλῳ.
837 3488 1057 3545 Εἴναιδὲ
1080 3495 1188 3545 τῶν
1202 3494 1465 3563 καλάμων
1491 3498 1586 3549 καὶ
1604 3499 1837 3570 ἄρρενας
1850 3503 1945 3555 κα)⁸

341 3581 594 3651 θηλείας.
620 3584 679 3635 Ὀ
695 3583 793 3652 μὲν
810 3584 903 3637 οὖν
926 3586 1103 3657 ἄῤῥην
1118 3587 1441 3659 ἐντεριώνην
1458 3589 1556 3641 οὐκ
1576 3590 1685 3661 ἔχει
1709 3593 1803 3645 καὶ
1830 3594 1944 3646 ἔστι

341 3674 526 3744 κάρτα
545 3675 780 3744 ἰσχυρὸς,
797 3676 898 3745 ἡδὲ
916 3676 1103 3746 θήλεια
1125 3678 1373 3746 ἔχει.Καὶ
1388 3681 1617 3749 περὶτοῦ
1639 3688 1944 3755 μαρτιχόρα

341 3765 437 3817 τοῦ
470 3769 527 3817 ἐν
562 3768 744 3829 αὐτοῖς
772 3768 923 3831 ὄντος
949 3769 1163 3840 θηρίου,
1191 3771 1264 3831 th;
1296 3772 1355 3822 τὸ
1389 3774 1682 3841 πρόσωπον
1700 3777 1891 3837 ἐοικὼς
1918 3776 1939 3806 ³

347 3859 632 3927 ἀνθρώπῳ
671 3860 901 3930 μέγεθος
929 3862 1027 3930 μέν
1059 3866 1204 3915 ἐστιν
1233 3862 1426 3933 ῶσπερ
1462 3865 1619 3929 λέων,
1655 3870 1748 3919 καὶ
1776 3871 1944 3938 χρόαν

350 3950 581 4019 ἐρυθρὸς
603 3952 677 4013 ώς
703 3952 1013 4023 κιννάὸαρι,
1050 3951 1177 4023 [ιιιδ
1206 3954 1294 4025 IL]
1333 3956 1595 4024 τρίστιχοι
1622 3958 1676 4009 δὲ
1695 3958 1938 4022 ὀδόντες·

344 4040 460 4093 ὦτα
490 4042 547 4095 δὲ
576 4041 763 4114 ῶσπερ
814 4044 1129 4115 ἀνθρώπου,
1183 4049 1275 4099 καὶ
1314 4047 1631 4117 ὀφθαλμοὺς
1669 4050 1944 4116 γλαυκοὺς

340 4134 571 4202 ὁμοίους
602 4135 897 4207 ἀνθρώπῳ,
926 4139 1024 4207 τὴν
1057 4139 1111 4190 δὲ
1145 4140 1346 4208 κέρκον
1371 4141 1483 4209 ἔχει
1514 4142 1743 4213 οἵανπερ
1776 4161 1944 4212 σκορ-

342 4225 473 4286 πίος
500 4225 530 4276 6
566 4227 906 4297 ἠπειρώτης,
936 4226 1053 4301 ὲνῇ
1084 4232 1178 4283 καὶ
1216 4232 1275 4283 τὸ
1323 4233 1549 4302 κέντρον
1600 4233 1736 4303 ἔχει,
1770 4237 1943 4304 μείζω

342 4317 705 4387 ὑπάρχουσαν
728 4320 750 4351 ⁸
773 4322 976 4390 πήχεος
1004 4322 1046 4373 ⁵.
1081 4324 1233 4393 Ἔχει
1266 4325 1320 4375 δὲ
1353 4324 1450 4376 καὶ
1490 4328 1555 4376 ὲκ
1585 4326 1816 4392 πλαγίου
1841 4330 1943 4399 τῆς

344 4412 556 4482 κέρκου
587 4412 716 4466 ἔνθα
750 4417 847 4468 καὶ
899 4416 1027 4468 ἔνθα
1056 4416 1276 4484 κέντρα,
1314 4418 1427 4487 ἔχει
1462 4418 1518 4471 δὲ
1550 4420 1642 4471 καὶ
1668 4420 1752 4471 ἐπ’
1787 4422 1942 4492 ἄκρῳ

2051 3216 2158 3279 nis,
2216 3223 2479 3284 quautam
2513 3212 2620 3265 duo
2674 3211 2837 3264 simul
2881 3211 3131 3264 homines
3190 3206 3452 3275 expansis
3487 3203 3631 3256 ulnis

2050 3306 2338 3375 complecti
2366 3305 2595 3373 possint,
2623 3302 2926 3356 altitudinis
2948 3317 3097 3365 vero,
3152 3309 3353 3369 quanta
3392 3306 3477 3352 est
3503 3294 3633 3349 mali

2050 3401 2284 3470 ingentis
2307 3397 2575 3452 onerarim
2598 3396 2777 3451 navis.
2810 3395 2943 3448 Esse
2977 3404 3159 3447 tamen
3184 3394 3328 3445 inter
3360 3391 3460 3445 hos
3480 3388 3633 3443 cala-

2051 3508 2168 3548 mos
2202 3492 2438 3560 majores
2470 3490 2841 3555 minoresquc,
2897 3485 3357 3555 quemadmodum
3414 3485 3467 3536 in
3516 3498 3634 3536 ma-

2053 3600 2159 3654 gno
2267 3583 2450 3648 aliquo
2528 3588 2711 3633 monte
2789 3580 3039 3633 accidere
3113 3578 3273 3630 solet.
3356 3576 3414 3629 ln
3512 3590 3633 3627 ina-

2050 3692 2164 3731 rem
2195 3675 2321 3729 item
2379 3673 2745 3740 feminamque
2792 3672 3010 3725 eosdetn
3051 3670 3334 3737 distingui,
3378 3676 3432 3721 et
3481 3667 3631 3720 illum

2048 3772 2267 3840 quidem
2305 3770 2597 3820 admodum
2658 3781 2777 3819 esse
2828 3763 3060 3815 validum
3114 3777 3179 3815 ac
3225 3761 3463 3824 ﬁrmum,
3515 3758 3635 3813 sine

2047 3864 2305 3926 medulla,
2378 3878 2539 3931 quam
2610 3870 2789 3913 tamen
2852 3859 3046 3912 habeat
3121 3854 3345 3909 femina.
3404 3853 3479 3907 De
3546 3865 3637 3906 re-

2048 3955 2223 4025 gionis
2263 3955 2405 4007 illius
2428 3952 2648 4005 animali
2696 3951 2882 4005 scribit
2929 3950 3259 4003 martichora
3306 3946 3417 4017 (28)
3442 3946 3629 4001 dicto:

2048 4050 2343 4104 humanum
2376 4048 2426 4099 id
2460 4048 2663 4101 referre
2708 4046 2951 4110 Vultum,
3004 4045 3178 4098 leonis
3234 4044 3630 4108 magnitudine,

2046 4139 2226 4193 colore
2246 4138 2564 4193 cinnabaris
2589 4138 2644 4190 in
2677 4138 2895 4191 modum
2930 4137 3181 4191 rubente.
3232 4135 3525 4216 '[riplicem
3555 4134 3631 4185 illi

2046 4248 2168 4286 esse
2202 4231 2446 4286 dentium
2481 4229 2755 4295 ordinem,
2813 4244 2973 4283 aures
3022 4228 3280 4282 humanis
3310 4226 3537 4289 similes,
3575 4232 3634 4279 et

2044 4322 2237 4376 oculos
2262 4336 2417 4389 atque
2449 4331 2638 4375 nostro
2662 4334 2816 4374 more
2847 4318 3089 4388 glaucos,
3123 4318 3349 4371 caudam
3372 4317 3498 4370 item
3533 4330 3635 4369 cu-

2046 4414 2202 4469 bitali
2240 4413 2501 4481 tnajorem
2531 4414 2753 4477 habere,
2790 4411 3005 4480 qualem
3049 4410 3296 4479 scorpius
3329 4408 3631 4473 terrestris,

343 4503 544 4574 ῶσπερ
580 4506 841 4575 σκορπίος
868 4508 1111 4578 κέντρον.
1136 4510 1246 4562 Καὶ
1278 4510 1454 4580 τούτῳ
1488 4511 1607 4581 μὲν,
1642 4512 1737 4565 ἐὰν
1766 4531 1935 4583 προσ-

2043 4511 2096 4563 in
2124 4526 2229 4579 qua
2259 4519 2315 4564 et
2341 4509 2582 4573 aculeus,
2649 4508 2750 4562 etsi
2776 4507 2977 4575 alioqui
3011 4505 3099 4559 illa
3130 4520 3226 4576 per
3252 4515 3635 4560 transversum

344 4595 483 4666 ἐ).οῃ
516 4613 619 4660 τις,
653 4602 835 4651 κεντεῖ
861 4601 939 4668 τῷ
966 4602 1203 4672 κέντρῳ,
1222 4603 1316 4654 καὶ
1352 4604 1571 4664 πάντως
1601 4604 1629 4656 6
1655 4604 1939 4675 κεντηθεὶς

343 4688 727 4760 ἀποθνήσκει’
792 4692 887 4745 ἐὰν
939 4692 996 4745 δέ
1051 4710 1135 4755 τις
1180 4694 1466 4763 πόρρωθεν
1515 4695 1758 4765 μάχηται
1798 4697 1941 4764 πρὸς

342 4781 537 4847 αὐτὸν,
569 4784 663 4836 καὶ
688 4784 999 4856 ἔμπροσθεν
1039 4787 1190 4850 ἱστὰς
1245 4786 1344 4854 τὴν
1372 4787 1538 4855 οὐρὰν
1580 4787 1770 4855 ὥσπερ
1828 4786 1937 4839 ἀπὸ

340 4873 511 4939 τόξου
543 4875 729 4947 βάλλει
772 4881 885 4942 τοῖς
908 4879 1176 4950 κέντροις,
1221 4880 1319 4933 καὶ⁵
1351 4878 1574 4933 ὄπισθεν
1601 4880 1688 4933 ἐπ’
1718 4878 1936 4943 εὐθείας

2046 4602 2212 4655 etiam
2247 4599 2419 4668 spinis
2447 4613 2637 4666 aspera
2658 4597 2750 4650 sit.
2774 4596 3039 4650 Aculeum
3064 4596 3191 4648 item
3217 4595 3270 4648 in
3304 4598 3509 4649 vertice
3536 4609 3632 4663 ge-

2048 4707 2193 4756 rere,
2216 4701 2274 4746 ut
2308 4694 2579 4760 scorpius,
2619 4704 2793 4758 eoque
2826 4689 3148 4743 accedentes
3173 4689 3246 4741 ita
3277 4704 3539 4758 pungere,
3574 4696 3635 4741 ut

2047 4800 2149 4839 nec
2179 4794 2407 4839 mortem
2440 4782 2553 4838 ullo
2602 4793 2783 4850 pacto,
2834 4782 3146 4851 quicunque
3177 4797 3469 4851 percussus
3509 4780 3632 4836 fue-

2050 4881 2141 4946 rit,
2182 4880 2415 4935 evadere
2436 4879 2629 4949 possit.
2690 4873 2810 4929 Jam
2843 4876 2887 4931 si
2920 4875 3044 4945 quis
3075 4876 3292 4931 etuiaus
3341 4890 3466 4931 cum
3530 4874 3635 4927 hoc

1622 4994 1856 5049 VARUE
1912 4994 2331 5050 LEGTIONES.

426 5105 479 5136 9'
507 5106 738 5175 προχοαὶ
782 5126 844 5172 ς’.
932 5108 978 5141 ⁹⁶
1004 5108 1220 5176 ἐξάγειν
1256 5127 1317 5172 ς’.

1394 5111 1437 5143 ³⁷
1470 5110 1531 5162 τὺ
1552 5110 1679 5164 ἄλλο
1703 5109 1747 5163 Α
1780 5128 1793 5163 :
1830 5110 1888 5162 ἒν
1915 5129 1976 5176 ς.

343 5176 365 5206 ³
409 5178 797 5249 μυριαμφόρου
828 5177 1045 5235 Lobeck
1083 5182 1151 5235 ad
1178 5179 1456 5251 Phrynich
1485 5198 1536 5250 ι).
1574 5182 1700 5239 662.
1776 5184 1798 5214 ⁸
1820 5184 1996 5247 ἐοικὸς
2024 5201 2086 5249 ς.

2676 5111 2723 5144 θ’
2774 5116 2993 5178 prastat
3046 5109 3305 5163 ἐλάττονα
3381 5109 3397 5141 ³
3426 5103 3521 5161 δύο
3566 5124 3631 5174 ς.

2701 5183 2724 5213 ⁵
2756 5184 2975 5253 πήχεως
2999 5198 3061 5245 ς.

2058 5112 2103 5144 ⁸³
2136 5111 2507 5176 ἀποτρόπαιος
2538 5129 2598 5176 ς.

2163 5186 2187 5215 δ
2211 5182 2527 5253 ὑπάρξουσσ
2563 5199 2626 5247 ς.

1870 5302 2114 5360 NOTAE.

432 5392 546 5463 (9.4)
580 5392 739 5448 Falsa
756 5394 868 5448 hazc
891 5408 1012 5448 esse
1036 5395 1112 5448 ait
1137 5392 1567 5449 Pliilostral.lib.
1622 5411 1682 5449 tu
1720 5394 1791 5449 De
1826 5397 1936 5450 vita

346 5464 644 5520 Apollonii.

401 5480 644 5531 pouomt.

419 5533 538 5605 (25)
572 5537 877 5605 Artaxerxe
916 5534 995 5605 τῷ
1040 5535 1344 5589 Mnemoue.

428 5603 544 5685 (26)
575 5603 1037 5685 @lianumdcge,
1209 5622 1260 5659 tv
1319 5605 1395 5659 De
1431 5604 1654 5659 animal.
1691 5621 1811 5675 cap.
1849 5606 1938 5672 l9,

346 5676 450 5745 qui
479 5690 577 5727 sua
610 5677 735 5730 hinc
774 5676 1031 5743 petivisse
1062 5677 1297 5730 videtur.

434 5746 548 5813 (27)
613 5765 630 5796 ι
668 5746 938 5799 Arundiui
998 5748 1189 5801 indica:
1254 5747 1481 5802 arborea
1554 5745 1870 5813 amplitudo,
1915 5764 1933 5798 ι

353 5816 707 5884 inquitPl'm.
734 5816 831 5874 lib.
862 5832 976 5886 xw,
1009 5833 1130 5891 cap.
1182 5818 1273 5887 56,
1312 5834 1420 5889 quo
1471 5831 1545 5889 te,
1597 5818 1793 5887 lector,
1855 5832 1940 5874 re-

2048 5398 2222 5452 mitto.

2118 5468 2235 5539 (28)
2266 5466 2331 5539 Et
2352 5467 2455 5520 hoc
2481 5482 2603 5521 esse
2634 5467 2975 5521 mendacium
2994 5465 3106 5518 vult
3129 5463 3390 5539 Philoslr.
3417 5466 3625 5539 Elian.

2047 5537 2142 5592 lib.
2170 5553 2242 5600 tv,
2273 5538 2347 5591 De
2373 5539 2595 5591 animal.
2620 5555 2738 5605 cap.
2764 5539 2856 5599 ‘21,
2880 5548 3165 5605 postquam
3186 5537 3371 5590 multis
3394 5539 3457 5589 de
3482 5537 3633 5589 Μειιιη

2048 5609 2258 5661 tichora
2284 5609 2417 5677 egit,
2452 5624 2616 5675 penes
2632 5608 2868 5662 Ctesiam
2902 5608 3059 5659 [idem
3094 5606 3333 5658 omnium
3353 5622 3473 5662 esse
3491 5611 3627 5662 vult.

2046 5677 2289 5731 Meminit
2324 5688 2377 5731 et
2413 5677 2648 5733 Pausan.
2683 5680 2837 5744 hujus
2860 5677 3131 5731 Ctesianm
3186 5677 3517 5733 narrationis
3578 5680 3629 5729 in

2044 5747 2263 5819 Bazotic.
2302 5747 2441 5802 Plin.
2472 5752 2625 5811 item,
2655 5749 2746 5803 lib.
2800 5765 2918 5815 vin,
2958 5764 3078 5818 cap.
3139 5745 3230 5815 31,
3296 5752 3439 5818 apud
3494 5763 3623 5819 ιιιει

2045 5818 2380 5875 manlio/lora
2422 5821 2639 5886 legitur.
