3926 6490
360 342 473 411 215

1526 349 1791 409 ΡΗΟΤΙΙ
1827 344 2333 408 PATRIARCII:E
2368 345 2473 404 [ΣΡ.

3563 330 3673 396 216

362 451 587 511 animali
615 467 850 525 pugnant
900 454 1069 519 ineat,
1118 453 1262 529 ἥϐη
1294 471 1400 509 non
1434 454 1617 511 minus
1670 459 1738 511 ab
1787 470 1940 513 ante-

2048 454 2370 510 ἁποτείνων.
2405 452 2597 505 Βάλλει
2652 450 2707 504 δὲ
2764 450 2892 505 ὅσον
2924 447 3168 520 πλέθρον
3206 462 3295 508 ε.ς
3328 443 3537 514 μῆκος,
3573 444 3672 497 καὶ

326 558 336 621 ί
365 547 495 601 riori
524 545 652 609 illud
684 555 839 614 parte
868 547 1095 601 caudam
1117 550 1523 615 przetcndendo,
1552 551 1679 605 inde
1704 550 1846 606 velut
1873 552 1941 606 ab

362 654 492 691 arcu
524 639 756 691 emissas
797 640 1050 708 sagittas,
1082 639 1302 694 aculeos
1333 656 1463 695 suos
1485 656 1745 711 spargere
1776 652 1943 712 atque

360 725 545 792 ferire,
583 742 744 794 quam
778 743 807 780 a
844 729 1143 796 posteriore
1168 741 1321 799 parte
1374 743 1575 784 rectam
1615 732 1760 786 illam
1809 748 1938 801 pro-

362 818 653 881 tendendo,
675 820 740 870 ad
765 819 937 888 jngeri
974 827 1157 874 autem
1183 822 1415 890 spatium
1444 822 1698 890 jaculari,
1722 839 1940 880 onutes-

358 925 464 977 que
493 925 629 977 quos
653 910 898 979 attigerit
929 911 1237 965 certissimo
1284 914 1612 977 interficere,
1661 930 1768 969 uno
1798 914 1942 969 dun-

359 1011 510 1054 taxat
539 1013 770 1069 excepto
807 1004 1115 1072 elephante,
1177 1006 1323 1075 ipsos
1351 1021 1481 1061 vero
1506 1007 1725 1063 aculeos
1762 1007 1940 1077 pedali

357 1109 477 1149 esse
506 1094 864 1165 longitudine,
891 1098 1303 1168 tenuissitniqne
1326 1097 1470 1154 funis
1490 1099 1794 1154 latitudine.
1829 1100 1942 1153 Ad-

358 1188 436 1241 dit
466 1190 817 1255 martichora,
840 1189 1047 1246 Graecis
1081 1192 1518 1262 ἀνθρωποφάγον
1573 1192 1649 1265 (id
1682 1204 1788 1257 est,
1836 1192 1939 1247 ho-

358 1280 713 1351 Ininivnrum)
739 1283 1074 1351 significare,
1107 1286 1248 1353 quod
1283 1285 1530 1339 [nomines
1564 1296 1621 1338 ut
1647 1285 1938 1354 plurimum

359 1373 657 1439 Interimat,
696 1384 975 1443 voretque,
1038 1376 1140 1432 etsi
1166 1377 1291 1433 aliis
1346 1392 1564 1447 quoque
1609 1378 1938 1435 animalibus

2050 548 2252 612 πάντα,
2284 541 2366 609 οἷς
2389 545 2457 599 ἂν
2490 544 2629 615 βάλῃ
2646 543 2688 608 ⁸,
2723 543 2943 604 πάντως
2969 538 3330 601 ἀποκτείνει,
3352 535 3501 603 πλὴν
3536 534 3658 586 ἐλέ-

2049 658 2272 710 φαντος.
2310 638 2395 693 Τὰ
2427 638 2485 691 δὲ
2516 638 2717 708 κέντρα
2750 634 2915 688 αὑτοῦ
2946 634 3065 686 ἐστὶ
3089 633 3154 687 τὸ
3187 631 3297 703 μὲν
3333 629 3518 699 μῆκος
3549 629 3674 680 ὅσον

2046 732 2285 796 ποδιαῖα,
2320 730 2381 791 τὸ
2408 729 2465 782 δέ
2497 729 2698 791 πλάτος
2727 728 2849 780 ὅσον
2873 729 3080 796 σχοῖνος
3104 722 3487 784 λεπτότατος.
3515 721 3675 788 Μαρ-

2044 825 2235 894 τιχόρα
2289 822 2347 875 δὲ
2399 820 2707 892 Ἑλληνιστὶ
2775 817 3244 888 ἁνθρωποφὰγον,
3312 815 3402 867 ὃτι
3439 812 3675 865 πλεῖστα

2045 916 2219 970 ἐσθίει
2272 914 2517 986 ἀναιρῶν
2574 912 2931 983 ἀνθρώπους·
2974 910 3145 963 ἐσθίει
3181 907 3245 963 δὲ
3283 905 3389 960 καὶ
3425 903 3499 958 τὰ
3538 904 3675 958 ἄλλα

2048 1008 2189 1076 ζῶα.
2218 1010 2469 1078 Μάχεται
2519 1006 2577 1060 δὲ
2608 1008 2703 1060 καὶ
2738 1007 2853 1068 τοῖς
2882 1002 3032 1068 ὄνυξι
3067 1001 3166 1057 καὶ
3198 1004 3326 1063 τοῖς
3362 998 3628 1068 κέντροις
3652 1011 3668 1026 ·

2043 1102 2116 1157 τὰ
2147 1103 2203 1155 δὲ
2236 1102 2442 1172 κέντρα
2475 1100 2641 1153 πάλιν
2673 1100 2858 1170 φησιν,
2904 1098 3124 1151 ἐπειδὰν
3164 1090 3513 1161 ἐκτοξευοῇ,
3536 1091 3672 1143 ἀνα-

2048 1193 2306 1262 φύεσθαι.
2336 1193 2494 1246 Ἔστι
2522 1191 2579 1244 δὲ
2608 1190 2780 1242 πολλὰ
2809 1191 2945 1260 ἐντῇ
2974 1188 3202 1257 Ἰνδικῇ.
3232 1181 3674 1237 ’Λποκτείνουσι

2046 1284 2103 1337 δὲ
2130 1284 2270 1337 αὐτὰ
2301 1286 2415 1346 τοῖς
2437 1282 2695 1351 ἐλέφασιν
2735 1278 3094 1351 ἐποχούμενοι
3123 1275 3431 1347 ἄνθρωποι
3474 1271 3671 1325 κάκεῖ-

2050 1377 2142 1431 Οεν
2176 1376 2481 1447 βάλλοντες.

357 1476 629 1520 vescatur.
693 1467 973 1538 Unguibus
996 1470 1156 1523 etiam
1192 1471 1293 1523 hoc
1329 1471 1560 1536 animal,
1598 1486 1706 1525 non
1733 1481 1941 1526 tantum
1977 1470 2182 1525 aculeis
2212 1486 2477 1540 pugnare,
2512 1481 2678 1541 atque
2706 1470 2807 1524 hos
2843 1466 3139 1537 jaculandn
3192 1463 3450 1519 emissos
3496 1459 3668 1513 ἰάθη-ι

360 1562 523 1618 tidem
551 1565 786 1623 renasci.
829 1565 1078 1634 Magnam
1112 1568 1238 1621 item
1265 1569 1594 1623 essehorum
1622 1570 1942 1626 animalium
1983 1570 2199 1641 copiam
2232 1569 2288 1624 in
2316 1570 2491 1635 India,
2524 1582 2696 1638 eaque
2728 1566 2851 1624 telis
2912 1566 2982 1620 ab
3048 1562 3380 1618 hominibus
3436 1555 3667 1620 conticl,

362 1677 483 1730 qua:
513 1662 823 1731 elephantis
865 1667 1004 1717 vecti
1034 1665 1088 1718 in
1138 1664 1267 1718 illud
1292 1676 1712 1735 contorqueant.

427 1757 503 1811 De
532 1772 743 1810 summa
781 1756 1037 1812 ludorum
1062 1758 1293 1825 justitia,
1331 1762 1566 1831 itemque
1598 1762 1666 1817 de
1696 1764 1940 1819 moribus

2113 1763 2249 1833 Περὶ
2275 1760 2385 1815 τῶν
2407 1760 2500 1833 [68
2530 1758 2619 1831 [1.]
2662 1757 2863 1824 Ἰνδῶν,
2894 1758 2975 1809 ὅτι
2998 1754 3375 1813 δικαιότατοι,
3398 1752 3501 1804 καὶ
3531 1749 3665 1820 περὶ

355 1864 421 1907 ac
464 1850 655 1904 ritibus
688 1865 896 1905 eorum.
940 1849 1012 1903 De
1044 1851 1156 1921 (‘29)
1193 1853 1310 1906 loco
1341 1854 1430 1907 illo
1462 1869 1643 1918 sacro,
1691 1870 1855 1925 quem
1888 1855 1943 1910 in

356 1951 534 1995 tractu
583 1942 924 1997 inhabitabili
954 1942 1071 2010 ejus
1102 1945 1338 2012 regionis
1377 1945 1479 2000 sub
1533 1946 1663 2001 solis
1697 1946 1946 2016 lunaeque

357 2041 574 2090 nomine
617 2047 987 2090 venerantur:
1021 2052 1129 2106 quo
1161 2040 1372 2092 nonnisi
1397 2039 1706 2106 quindecim
1733 2040 1942 2095 dierum

357 2130 552 2185 itinere
600 2146 631 2183 a
678 2130 890 2186 Sardus
937 2142 1122 2188 monte
1179 2133 1451 2202 perveniri
1506 2134 1701 2202 possit.
1760 2132 1942 2188 Solem

357 2220 469 2275 illic
501 2221 661 2276 annis
694 2222 921 2292 singulis
948 2239 1043 2293 per
1073 2225 1189 2279 dies
1220 2224 1439 2291 triginta
1464 2226 1706 2294 quinque
1742 2224 1943 2280 lentius

359 2314 564 2368 urendo
589 2315 932 2384 refrigerare.
961 2331 1028 2371 ne
1056 2317 1264 2373 scilicet
1293 2318 1421 2371 dum
1440 2318 1720 2373 celebrant
1742 2317 1940 2374 festum

357 2420 425 2458 ac
464 2414 837 2471 revertuntur,
867 2406 1030 2460 etiam
1064 2407 1382 2462 adurantur.
1409 2405 1521 2463 Nec
1543 2410 1807 2473 tonitrua,
1840 2424 1940 2464 nec

358 2496 595 2565 fulgura,
626 2512 724 2551 nec
761 2498 972 2567 pluvias
1004 2498 1139 2553 ullas
1168 2499 1222 2554 in
1253 2499 1402 2554 ludia
1449 2515 1590 2565 esse,
1621 2501 1715 2556 sed
1750 2511 1942 2557 ventos

354 2588 493 2642 bene
540 2586 852 2657 frequentes
888 2604 952 2642 ac
997 2589 1262 2654 turbines,
1310 2591 1401 2658 qui
1448 2591 1614 2645 etiam
1666 2591 1939 2661 abripiant

353 2677 613 2748 «pridquid
658 2680 1139 2749 apprehenderint.
1196 2680 1375 2736 Solem
1410 2685 1677 2737 orientem
1728 2682 1783 2737 in
1821 2683 1939 2753 ple-

354 2772 540 2839 risque
580 2770 744 2827 ludia:
802 2772 957 2836 locis,
1015 2772 1171 2827 alteri
1225 2774 1331 2828 diei
1378 2775 1515 2841 parti
1548 2774 1746 2843 frigus,
1777 2776 1937 2831 alteri

351 2864 731 2919 vehementem
751 2877 943 2920 aestum
978 2865 1175 2923 afferre
1203 2867 1337 2939 (30).
1383 2867 1495 2922 Non
1532 2884 1560 2922 a
1597 2854 1731 2933 solé,
1774 2870 1868 2924 sed
1906 2885 1937 2924 a

354 2968 548 3011 natura
577 2958 738 3014 Indos
785 2976 907 3016 esse
934 2962 1121 3034 nigros
1158 2981 1171 3017 :
1205 2978 1327 3017 esse
1348 2965 1493 3017 enim
1529 2964 1670 3018 inter
1702 2964 1823 3018 illos
1849 2963 1938 3017 vi-

353 3066 445 3105 rus
471 3054 735 3121 quosdam
769 3069 832 3107 ac
859 3055 1256 3115 mulieres.etsi
1287 3057 1596 3125 pauciores,
1620 3071 1785 3125 supra
1812 3072 1935 3112 om-

2050 1859 2161 1912 τῶν
2211 1858 2352 1912 ἐθῶν
2378 1856 2472 1909 καὶ
2524 1852 2775 1923 νομίμων
2805 1848 3007 1903 αὐτῶν.
3042 1847 3181 1917 Περὶ
3212 1843 3317 1897 τοῦ
3373 1840 3530 1912 ἱεροῦ
3567 1859 3667 1910 xw-

2055 1952 2171 2021 ρίου
2225 1948 2321 2003 τοῦ
2353 1951 2411 2002 ἐν
2445 1948 2511 2016 τῇ
2561 1943 2831 2013 ἀοικήτῳ,
2865 1939 2896 1992 ὃ
2947 1937 3035 1990 ἐπ’
3068 1936 3307 2006 ὀνόματι
3355 1930 3600 2001 τιμῶσιν
3641 1930 3662 1947 ’

2050 2045 2205 2114 ἡλίου
2233 2042 2327 2096 καὶ
2352 2040 2582 2109 σελήνης
2601 2054 2616 2068 ο
2644 2039 2699 2089 ἐν
2717 2027 2864 2103 (pater
2884 2030 2944 2085 ιε’
2974 2029 3200 2099 ἡμερῶν
3229 2025 3349 2081 ἀπὸ
3372 2022 3472 2077 τοῦ
3500 2021 3667 2094 ὅρους

2050 2139 2147 2207 τῆς
2182 2131 2447 2206 σαρδοῦς⁸
2478 2149 2560 2194 τις
2588 2126 2976 2199 παραγίνεται.
3002 2122 3113 2175 Καὶ
3142 2121 3227 2174 ὅτι
3264 2118 3342 2171 λε’
3369 2115 3617 2207 ἡμέραις
3640 2116 3661 2144 ⁹

2047 2234 2076 2287 ὁ
2106 2206 2261 2301 ἥλιος
2298 2227 2460 2297 ψύχει
2508 2226 2691 2276 ἐκεῖσε
2720 2221 2812 2276 τοῦ
2861 2215 3111 2271 ἐνιαυτοῦ
3145 2214 3242 2268 διὰ
3296 2210 3407 2281 τὴν
3437 2206 3659 2301 ἐορτὴν,

2050 2300 2139 2377 ἴνα
2165 2325 2207 2356 ¹⁰
2238 2321 2496 2391 ἄφλεκτοι
2548 2316 2715 2385 αὐτὴν
2749 2312 3009 2366 τελέσωσι
3042 2308 3141 2362 κοιλ⁴
3193 2300 3657 2371 ὑποστρέψωσιν.

2048 2419 2174 2472 Ὅτι
2203 2415 2421 2485 βρονταὶ
2449 2412 2542 2465 καὶ
2578 2406 2859 2479 ἀστραπαὶ
2878 2406 2975 2458 καὶ
3000 2401 3149 2457 ὑετοὶ
3180 2400 3296 2454 οὐκ
3323 2397 3475 2451 εἰσὶν
3511 2395 3571 2447 ἐν
3592 2394 3658 2464 τῇ

2059 2511 2276 2577 Ἰνδικῇ,
2310 2508 2502 2576 ἄνεμοι
2536 2504 2591 2558 δὲ
2631 2502 2818 2557 πολλοὶ
2862 2500 2958 2552 καὶ
2983 2497 3316 2568 πρηστῆρες
3350 2489 3551 2544 πολλοὶ
3591 2490 3657 2549 υ,

2047 2606 2144 2660 καὶ
2176 2600 2516 2673 ἁρπάζουσιν
2546 2596 2574 2649 ὃ
2604 2612 2658 2647 τι
2692 2592 2760 2646 ἂν
2792 2590 3053 2645 λάϐωσιν.
3072 2587 3131 2640 Ὀ
3150 2587 3211 2639 δὲ
3241 2584 3403 2654 ἣλιος
3418 2580 3658 2673 ἀνίσχων

2044 2695 2107 2747 τὸ
2159 2671 2333 2764 ἥμισυ
2380 2691 2478 2759 τῆς
2511 2689 2727 2759 ἡμέρας
2773 2683 2945 2755 ψύχος
2985 2682 3149 2745 ποιεῖ,
3186 2678 3257 2730 τὸ
3287 2677 3333 2729 δ’
3368 2672 3507 2730 ἄλλο
3534 2671 3657 2725 λίαν

2045 2786 2286 2841 ἀλεεινὸν
2317 2785 2373 2836 ἐν
2403 2787 2513 2845 τοῖς
2545 2779 2820 2842 πλείστοις
2850 2774 2957 2829 τῶν
3004 2775 3101 2843 τῆς
3156 2769 3407 2837 Ἰνδικῆς
3446 2765 3653 2820 τόπων.

2046 2881 2170 2933 Ὀτι
2197 2879 2247 2932 οἱ
2282 2878 2321 2911 ι’
2356 2875 2509 2929 Ἰνδοὶ
2533 2874 2630 2943 οὐχ
2654 2871 2759 2925 ὑπὸ
2778 2868 2872 2923 τοῦ
2901 2868 3053 2940 ἡλίου
3081 2866 3187 2918 εἰσὶ
3216 2863 3486 2934 μέλανες,
3519 2856 3656 2911 ἀλλὰ

2044 2974 2244 3043 φύσει·
2285 2965 2561 3038 εἶναιγὰρ
2589 2982 2755 3035 φησιν
2808 2964 2864 3017 ἐν
2921 2960 3108 3020 αὐτοῖς
3151 2956 3254 3011 καὶ
3315 2953 3526 3022 ἄνδρας
3561 2951 3653 3003 καὶ

2044 3065 2308 3132 γυναῖκας
2334 3060 2695 3119 λευκοτάτους
2721 3056 2966 3117 πάντων,
2992 3052 3041 3105 εἰ
3068 3051 3113 3083 ⁸³
3147 3049 3249 3102 καὶ
3280 3048 3374 3100 ἐπ’
3400 3046 3648 3098 ἔλαττον·

353 3158 448 3196 nes
480 3142 618 3200 alios
652 3145 1093 3201 candidissimos.
1121 3148 1298 3215 Atque
1330 3146 1465 3201 adeo
1493 3147 1755 3216 ejusmodi
1779 3145 1940 3201 ludas

2049 3157 2177 3210 ἰδεῖν
2202 3154 2259 3207 δὲ
2301 3152 2395 3207 καὶ
2419 3151 2581 3204 αὐτὸν
2605 3148 2862 3209 τοιαύτας
2901 3145 3068 3208 Ἰνδὰς
3105 3142 3197 3195 δύο
3227 3141 3512 3209 γυναῖκας
3556 3135 3650 3189 καὶ

352 3240 487 3290 duas
518 3249 573 3293 et
604 3236 765 3293 Indos
799 3240 1040 3309 quinque
1076 3257 1105 3293 a
1154 3255 1213 3295 se
1250 3241 1398 3295 visos
1426 3252 1619 3295 auctor
1649 3240 1835 3295 refert.
1878 3240 1937 3294 ln

352 3330 821 3385 confirmationem
859 3347 1021 3401 porro
1048 3330 1186 3403 ejus,
1233 3336 1374 3401 quod
1406 3349 1568 3402 supra
1602 3336 1667 3387 de
1713 3333 1827 3386 sole
1858 3332 1938 3385 di-

354 3431 530 3489 xeral,
587 3422 810 3491 triginta
861 3438 985 3478 eum
1014 3434 1067 3479 et
1101 3425 1341 3493 quinque
1367 3426 1484 3479 dies
1514 3424 1566 3479 in
1596 3424 1746 3478 India
1776 3423 1937 3495 frigi-

351 3514 559 3569 diorem
612 3530 800 3570 auram
850 3513 1070 3582 aﬂerre,
1124 3517 1317 3572 addit:
1351 3517 1527 3587 ignem
1562 3518 1727 3571 etiam
1758 3517 1935 3582 illum,

351 3605 443 3672 qui
485 3619 551 3659 ex
581 3603 748 3660 [Etna
796 3606 1034 3675 erumpit
1061 3606 1198 3677 (3i),
1253 3607 1488 3661 medium
1528 3606 1764 3677 regionis
1825 3620 1935 3661 tra-

353 3709 522 3762 ctum,
553 3700 695 3768 quod
741 3700 787 3754 is
833 3699 1104 3769 justorum
1153 3699 1433 3754 hominum
1468 3698 1558 3766 sit,
1598 3714 1940 3768 nequaquam

354 3789 637 3857 infestare,
661 3805 780 3844 cum
811 3801 988 3846 tamen
1014 3792 1117 3844 alia
1153 3792 1359 3845 circum
1386 3790 1501 3846 loca
1531 3790 1769 3846 infestet.
1800 3791 1941 3858 Quin

352 3889 407 3935 et
456 3882 596 3951 apud
645 3880 983 3951 Zacynthum
1030 3884 1275 3950 piscosos
1334 3880 1568 3936 inveniri
1626 3881 1826 3947 fontes,
1874 3896 1943 3935 ex

353 3971 552 4040 quibus
590 3973 815 4042 insuper
855 3975 943 4043 pix
978 3975 1260 4029 educatur.
1296 3972 1354 4027 In
1383 3971 1536 4027 Naxo
1569 3988 1783 4043 quoque
1813 3974 1936 4028 fon-

357 4074 462 4125 tem
508 4080 650 4131 esse,
706 4082 736 4121 e
784 4081 890 4135 quo
925 4068 1130 4132 vinum,
1180 4078 1235 4123 et
1283 4068 1501 4136 quidem
1552 4067 1934 4123 suavissimum

353 4168 569 4215 emanet
611 4158 989 4245 [itaPhasidis
1029 4160 1181 4215 ﬂuvii
1213 4177 1407 4230 aquam
1446 4161 1583 4232 (52),
1646 4161 1691 4216 si
1729 4160 1933 4228 justum

2048 3249 2210 3302 πέντε
2243 3246 2445 3316 ἄνδρας
2483 3242 2547 3296 ’⁸.
2588 3243 2711 3296 Ὀτι
2764 3238 3041 3293 πιστῶσαι
3093 3235 3161 3288 τὰ
3201 3234 3342 3305 περὶ
3366 3231 3466 3284 τοῦ
3494 3228 3650 3300 ἡλίου

2046 3339 2391 3410 βουλόμενος,
2416 3336 2492 3399 ὡς
2524 3337 2583 3388 ὲν
2612 3334 2687 3386 λε’
2716 3332 2953 3403 ἡμέραις
2978 3332 3034 3382 ὲν
3076 3327 3245 3397 Ἰνδίᾳ
3272 3324 3468 3396 ψύχει,
3500 3322 3649 3389 λέγει

2042 3434 2127 3487 ὃτι
2156 3430 2336 3487 καὶτὸ
2364 3429 2474 3498 πῦρ
2514 3430 2577 3481 ἐκ
2615 3429 2713 3492 τῆς
2747 3425 2944 3492 Αἴτνης
2977 3422 3096 3493 ῥέον
3120 3420 3214 3472 τὸν
3247 3419 3424 3490 μέσον
3443 3415 3646 3486 χῶρον,

2046 3525 2141 3581 ἆτε
2158 3522 2381 3577 δικαίων
2418 3519 2634 3589 ἀνδρῶν
2690 3518 2822 3571 ὄντα
2855 3516 2922 3575 ιδ,
2956 3515 3017 3568 οὑ
3056 3511 3276 3583 φθείρει
3321 3508 3549 3580 φθεῖρον
3577 3504 3649 3564 τὰ

2045 3617 2181 3672 ἄλλα
2201 3632 2215 3646 ⁸
2248 3615 2343 3668 καὶ
2374 3615 2431 3666 ἐν
2462 3611 2726 3680 Ζακύνθῳ
2766 3607 3025 3679 κρηνῑδας
3084 3603 3456 3675 ίχθυοφόρους
3503 3595 3645 3657 εἶναι

2045 3707 2105 3773 ἐξ
2134 3699 2208 3759 ὧν
2234 3706 2448 3776 αἴρεται
2498 3704 2689 3765 πίσσα,
2719 3700 2814 3755 καὶ
2854 3701 2913 3752 ἐν
2936 3697 3102 3761 Νὰξω
3131 3697 3351 3768 κρήνην
3377 3693 3437 3761 ἐξ
3466 3687 3536 3763 ἦς
3564 3683 3645 3743 οῖ-

2045 3814 2137 3860 νος
2167 3797 2337 3849 ἐνίοτε
2371 3796 2455 3867 ῥεῖ
2497 3794 2592 3847 καὶ
2617 3792 2761 3863 μάλα
2789 3791 2918 3860 ἡδύς
2945 3806 2957 3819 ·
2986 3789 3080 3841 καὶ
3109 3790 3191 3840 ὅτι
3220 3787 3337 3858 πῦρ
3370 3787 3521 3838 ἐστιν
3551 3784 3643 3849 ἐγο

2047 3889 2149 3956 γὺς
2174 3885 2475 3955 Φασήλιδος
2505 3884 2562 3935 ἐν
2584 3883 2762 3952 Λυκία
2790 3881 3079 3945 ἀθάνατον,
3114 3878 3209 3931 καὶ
3242 3880 3331 3932 ὅτι
3368 3878 3459 3931 ἀεὶ
3488 3873 3641 3928 καίε-

2040 3995 2133 4032 ται
2179 3978 2272 4030 ἐπὶ
2322 3976 2529 4047 πέτρας
2593 3974 2687 4027 καὶ⁵
2720 3972 2893 4027 νύκτα
2920 3973 3013 4025 καὶ⁸
3058 3970 3299 4042 ἡμέραν,
3350 3969 3447 4022 καὶ
3486 3965 3641 4018 ὕδατι

2045 4070 2148 4141 μὲν
2175 4070 2237 4124 οὺ
2270 4068 2579 4134 σϐέννυται,
2620 4066 2757 4120 ἀλλὰ
2781 4065 3100 4136 ὰναφλέγει,
3137 4062 3362 4134 φορυτῷ
3390 4060 3448 4115 δὲ
3486 4058 3637 4112 σϐέν-

2044 4178 2225 4216 νυται.

356 4249 470 4318 ipsa
495 4251 638 4305 diem
672 4242 735 4307 ἱιί
755 4268 881 4308 vase
917 4254 1101 4323 aliquo
1129 4263 1508 4320 conservetur,
1570 4253 1625 4308 in
1678 4253 2271 4313 suavissimumviuum
2346 4250 2749 4323 commutari].
2808 4248 2993 4321 Ignem
3076 4257 3345 4318 praeterea
3400 4258 3525 4300 esse
3584 4242 3634 4295 iu

352 4346 514 4420 Lycia
545 4350 680 4421 (55),
724 4366 832 4405 non
860 4351 1048 4420 procul
1072 4350 1375 4417 Phaselide,
1403 4358 1748 4421 perpetuum,
1774 4358 1962 4405 noctes
1995 4360 2158 4421 atque
2180 4352 2295 4406 dies
2324 4350 2443 4405 sine
2472 4350 2873 4405 intermissione
2894 4348 3197 4410 ardentem,
3236 4356 3295 4399 et
3322 4360 3449 4399 eum
3496 4355 3635 4409 aqua

356 4460 458 4496 non
482 4443 776 4512 exstingui,
811 4446 904 4499 sed
932 4444 1104 4515 ntagis
1133 4445 1357 4501 accendi
1391 4462 1406 4499 :
1444 4445 1573 4500 ιιωο
1593 4452 1771 4498 tamen
1800 4442 1952 4499 illum
1994 4444 2293 4516 exstingui.
2334 4444 2493 4516 [Hoc
2518 4446 2644 4500 itetn
2676 4447 2832 4499 modo
2858 4441 3075 4499 assidue
3135 4441 3190 4495 in
3243 4439 3416 4496 [Etna
3472 4450 3629 4504 atque

351 4533 523 4588 Prusa
550 4534 727 4603 ignem
753 4535 1069 4591 ascendere.
1096 4533 1116 4607 ]

421 4625 621 4683 Narrat
647 4636 844 4696 praeter
870 4628 995 4694 ista,
1026 4628 1079 4683 in
1111 4629 1286 4684 media
1321 4627 1471 4689 india
1509 4628 1753 4687 homines
1775 4644 1931 4700 repe-
1962 4633 2007 4689 D

353 4720 451 4779 riri
501 4720 707 4787 nigros,
753 4720 845 4788 qui
876 4719 1110 4792 Pygmaei
1152 4723 1496 4792 appellentur
1526 4724 1664 4796 (54).
1730 4725 1933 4781 Eadem

355 4812 474 4877 hos,
510 4824 615 4879 qua
639 4808 750 4863 ludi
787 4810 997 4881 reliqui,
1028 4812 1206 4884 lingua
1231 4815 1329 4879 uti,
1353 4816 1447 4871 sed
1482 4818 1638 4872 valde
1666 4832 1785 4873 esse
1808 4834 1935 4889 par-

354 4920 472 4970 vos,
503 4912 561 4958 ut
592 4903 811 4965 maximi
834 4904 1062 4963 duorum
1080 4906 1409 4973 cubitorum,
1432 4918 1485 4963 et
1502 4908 1748 4980 plerique
1776 4909 1938 4965 unius

2105 4628 2229 4681 Ὀτι
2258 4627 2317 4680 ἐν
2341 4625 2386 4658 ¹⁸
2416 4624 2556 4697 μέσῃ
2584 4626 2650 4693 τῇ
2697 4624 2893 4693 Ἰνδικῇ
2929 4622 3210 4695 ἄνθρωποί
3240 4624 3349 4676 είσι
3375 4622 3625 4692 μέλανες,

2042 4720 2334 4775 καλοῦνται
2381 4719 2420 4750 ¹⁷
2474 4720 2763 4788 πυγμαῖοι,
2817 4716 3157 4787 ὁμόγλωσσοι
3200 4719 3313 4778 τοῖς
3354 4713 3537 4774 ἄλλοις
3585 4709 3625 4741 ³⁸

2056 4815 2237 4877 Ἰνδοῖς
2263 4830 2277 4843 ⁸
2309 4812 2495 4885 μικροὶ
2518 4811 2576 4865 δέ
2634 4811 2743 4863 εἰσι
2798 4809 2939 4875 λίαν,
2972 4811 3021 4862 οἱ
3068 4810 3401 4879 μακρότατοι
3446 4802 3622 4859 αὐτῶν

2044 4912 2266 4978 πηχέων
2295 4905 2410 4970 δύο,
2443 4907 2493 4959 οί
2523 4905 2582 4963 δὲ
2616 4905 2864 4960 πλεῖστοι
2901 4904 3020 4968 ἐνὸς
3042 4904 3287 4975 ἡμίσεως
3307 4903 3515 4974 πήχεος
3553 4897 3614 4951 ¹⁹.

1635 5026 1869 5083 ΫΑΒΙᾹΒ
1903 5025 2201 5083 LECTION
2210 5027 2311 5084 ES.

436 5138 677 5212 ⁸πάντας
710 5139 805 5212 οὒς
832 5140 1095 5212 ἂνβάλλῃ
1130 5160 1189 5206 ς.

355 5209 443 5282 ἕνα
484 5211 558 5280 μὴ
582 5229 643 5275 ς.
724 5211 764 5243 ¹¹
796 5210 1005 5282 πολλοὶ]
1039 5209 1323 5266 ποικίλοιῗ
1385 5209 1441 5245 ἠ
1475 5214 1527 5265 oi.
1577 5214 1703 5267 add.
1733 5209 1796 5267 Ᾱ.

356 5279 402 5327 *⁸
430 5283 487 5334 ἐν
511 5295 598 5337 om
628 5282 695 5338 A.
770 5281 814 5325 ’7
838 5282 934 5335 καὶ
956 5279 1080 5344 κάλ.
1110 5301 1171 5347 ςηο

1269 5142 1292 5174 "
1325 5143 1560 5213 τιμῶσιν
1590 5143 1642 5197 in
1692 5159 1801 5213 Iug.
1834 5143 1995 5200 habet
2021 5144 2084 5201 Α.
2166 5145 2189 5176 ⁸
2215 5144 2313 5214 τῆς
2345 5143 2575 5214 σαρδοῦς
2606 5144 2666 5197 τὸ
2691 5144 2816 5214 ὅρος
2862 5144 2925 5196 Δ.
3002 5143 3024 5175 ⁹
3051 5142 3269 5246 ⁴ἡμέρας
3293 5160 3352 5207 ς’.

1269 5214 1323 5248 '9
1397 5214 1441 5245 ίί
1475 5214 1523 5252 ηδ
1579 5214 1679 5252 mhi
1740 5216 1770 5252 Δ
1906 5215 1949 5247 1³
1985 5218 2029 5252 εἶ
2082 5217 2112 5252 Δ
2157 5233 2170 5251 ο
2206 5215 2238 5252 Ἀ
2272 5234 2311 5252 ρ-
2414 5216 2459 5248 Ιδ
2481 5216 2681 5252 κυλικη-
2730 5216 2894 5252 οπέυφς
2929 5232 2969 5252 ρ·-
3091 5215 3257 5252 δῆυτη
3287 5212 3297 5252 Ι
3348 5239 3352 5252 4

1249 5215 1323 5266 ut?
1397 5215 1441 5245 ¹¹
1475 5215 1527 5265 οἱ
1577 5215 1703 5267 add.
1733 5216 1796 5267 Α.
1906 5215 1949 5247 ¹³
1983 5218 2032 5269 εἰ
2076 5217 2120 5272 Α
2156 5233 2170 5270 :
2206 5215 2238 5284 ἢ
2272 5234 2333 5279 ς’.

1249 5284 1295 5319 ’⁸
1325 5288 1434 5348 τοῖς
1459 5284 1641 5347 ἄλλοις
1662 5284 2001 5354 ὁμόγλωσσοι
2034 5305 2093 5352 ς.
2199 5287 2244 5318 ιθ
2277 5286 2333 5354 in.

3433 5136 3531 5171 ιοιε

2418 5143 2575 5214 ρδοῦς
2606 5144 2666 5197 τὸ
2691 5144 2816 5214 ὅρος
2862 5144 2925 5196 Δ.
3002 5143 3024 5175 ⁹
3051 5142 3269 5246 ⁴ἡμέρας
3293 5160 3352 5207 ς’.
3433 5139 3477 5171 ¹⁰
3509 5129 3618 5196 ἵνα]

2414 5216 2459 5248 ⁸⁸
2480 5216 2681 5283 ἄνδρας
2730 5216 2897 5267 πέντε
2929 5232 2990 5279 ς’.
3091 5212 3298 5286 ⁸ὄντα]
3348 5212 3519 5265 ὄντων
3552 5205 3613 5260 Α.

2199 5287 2244 5318 ιθ
2277 5286 2501 5357 ἡμίσεος
2532 5287 2753 5357 πήχεως
2782 5303 2843 5351 ς.

1858 5380 2066 5438 NOTAE
2079 5422 2094 5437 .

426 5465 542 5539 (29)
568 5466 759 5539 Simile
782 5468 914 5536 quid
945 5469 1107 5524 habet
1142 5468 1426 5526 Nounosns
1458 5487 1609 5539 supr.
1638 5472 1776 5530 Cod.
1808 5475 1866 5530 3.

426 5536 539 5607 (30)
569 5536 853 5608 Nonnnsus
876 5555 1027 5608 supr.
1068 5542 1208 5594 idem
1250 5541 1363 5595 fere
1391 5536 1596 5596 narrat.

426 5606 546 5677 (3i)
568 5606 724 5683 Illum
748 5607 895 5683 forte
908 5606 1065 5683 quem
1097 5610 1338 5664 εὐσεϐῶν
1378 5610 1561 5682 χώραν
1592 5614 1923 5683 appellatum

357 5676 545 5739 fuisse,
574 5679 791 5731 docebit
814 5676 940 5733 infr.
974 5681 1181 5735 Conon.
1221 5676 1426 5736 narrat.
1453 5676 1545 5738 ἕίό.

426 5746 538 5819 (52)
571 5745 892 5819 EBavarico
943 5750 1132 5807 codice
1178 5753 1277 5805 ista
1335 5753 1487 5807 uncis
1529 5753 1731 5811 inclusa
1760 5756 1923 5813 inseri

358 5817 660 5891 h_ic,'atque
686 5817 839 5883 alibi,
878 5835 983 5876 non
1012 5822 1280 5892 ingratum
1311 5822 1426 5878 fore
1451 5824 1656 5896 putavi.

2101 5476 2214 5546 (55)
2262 5460 2539 5546 iFlagrat
2596 5477 2647 5530 in
2712 5474 2995 5530 Phaselide
3032 5490 3188 5530 mons
3244 5473 3535 5546 Chimagra,
3585 5483 3606 5517 ι

2030 5539 2387 5673 ἱιιίίιιίξοῐὲιιη.
2420 5539 2551 5602 dum
2584 5549 2725 5601 hunc
2757 5546 2953 5601 Ctesize
3005 5546 3183 5601 lncmn
3236 5544 3392 5599 alfert
3436 5539 3606 5597 lib.tt.

2030 5637 2146 5673 can.
2296 5658 2308 5673 .

2028 5637 2146 5689 cap.
2186 5637 2308 5673 ‘IUD.

2099 5677 2223 5767 (Sil
2246 5690 2455 5767 Sitltjiitt
2483 5687 2770 5767 Nonnusns
2800 5703 2920 5767 sup:
2956 5686 3022 5742 Et
3067 5682 3134 5744 de
3162 5684 3427 5760 Pygtnmis
3469 5677 3605 5737 Plit:-

2028 5757 2317 5830 videudus,
2343 5760 2563 5818 Solinus
2594 5768 2649 5816 et
2669 5757 2968 5817 Iuvenalis.
