3926 6444
451 366 560 435 219

1614 370 1875 433 PHOTII
1895 352 2414 429 ῬΑΤΒΙᾹΒΕΗΕ
2442 365 2549 434 cr.

3587 374 3682 438 220

523 487 668 560 47η
702 484 867 542 Multa
908 487 1077 542 relert
1114 486 1181 542 de
1207 483 1460 541 Indorum
1484 485 1865 557 justitia,etin
1885 501 2039 538 suum

2218 478 2394 535 Πολλὰ
2425 478 2482 531 δὲ
2509 455 2658 546 λέγει
2690 476 2818 547 περὶ
2850 475 2952 545 τῆς
2996 475 3342 547 δικαιοσύνης
3369 470 3573 549 αὐτῶν,
3595 492 3680 545 καὶ

458 595 638 651 regem
661 579 1238 648 benevolentia,dequc
1263 578 1476 633 illorum
1505 578 1692 631 mortis
1705 588 2037 646 contemptu.

457 671 680 726 Fontem
701 687 915 741 quoque
942 674 1080 741 apud
1101 687 1196 727 eos
1228 687 1346 727 esse
1371 672 1468 738 ait,
1495 671 1645 740 cujus
1667 685 1825 739 aqua,
1851 669 2040 723 simul-

456 767 841 835 atquehansta
890 765 1073 830 fuerit,
1126 766 1268 819 casei
1321 765 1373 819 in
1437 781 1640 819 morem
1697 762 2034 833 coaguletur.

459 858 629 928 Hujus
664 870 843 912 autem
881 857 1150 926 coagulati
1185 858 1344 912 sicui
1378 858 1442 911 ad
1476 868 1587 911 tres
1615 856 1801 910 obolos
1829 855 2038 909 contri-

457 949 622 1014 veris,
649 960 810 1015 atque
849 946 898 999 in
927 946 1133 1016 vulgari
1163 962 1300 1016 aqua
1333 947 1595 1001 bibendos
1619 946 1851 1009 dederis,
1895 945 2039 998 indi-

459 1051 589 1090 care
618 1053 740 1089 mox
777 1036 926 1088 illum
975 1050 1313 1106 quaecunque
1355 1037 1571 1090 admisit
1597 1037 1734 1106 (4|).
1783 1034 1860 1088 Eo
1893 1035 2038 1089 enim

460 1130 549 1184 die
607 1139 790 1183 mente
835 1130 1132 1182 alienatum
1185 1130 1439 1184 insanire.
1486 1127 1571 1183 Uti
1605 1143 1731 1197 ergo
1760 1144 1826 1182 eo
1860 1142 2040 1195 regem

463 1223 518 1275 in
555 1221 848 1284 accusatis,
881 1223 1096 1290 quoties
1121 1231 1271 1275 certo
1301 1236 1629 1289 cognoscere
1651 1220 1800 1284 velit,
1848 1235 1916 1273 an
1946 1221 2043 1273 ob-

454 1312 723 1380 jectorum
760 1314 1046 1367 criminum
1083 1312 1266 1367 alliues
1298 1314 1430 1366 sint.
1473 1312 1538 1366 Et
1572 1314 1615 1367 si
1671 1313 1889 1383 quidem
1921 1313 2040 1368 edi-

463 1406 646 1458 derint
683 1407 914 1470 crimen,
971 1406 1238 1474 imperare
1282 1415 1339 1459 ut
1371 1406 1547 1459 inedia
1596 1417 1824 1460 mortem
1852 1420 2040 1460 accer-

469 1508 630 1552 sattt:
663 1500 706 1551 si
753 1513 878 1552 vero
922 1497 1056 1552 nihil
1099 1497 1561 1567 deprehendatur,
1594 1497 1793 1552 liberos
1820 1497 2039 1552 dimitti.

535 1588 785 1643 Indorum
821 1591 1091 1644 neminem
1119 1600 1213 1645 aut
1249 1590 1463 1660 capitis,
1503 1589 1918 1655 autoculorum,
1952 1601 2045 1645 aut

460 1676 701 1729 dentium
738 1678 922 1731 dolore
945 1679 1162 1745 vexari;
1205 1680 1478 1732 nemiuem
1510 1680 1625 1735 oris
1657 1679 1921 1750 pustulas,
1950 1691 2045 1735 aut

460 1770 676 1835 penitus
708 1770 875 1823 ullutn
905 1780 1224 1842 putrescens
1257 1772 1411 1828 ulcus
1444 1775 1578 1841 pati.

2141 571 2240 642 τῆς
2269 571 2399 641 περὶ
2430 569 2521 622 τὸν
2551 569 2700 637 σφῶν
2733 567 2956 638 βασιλέα
3008 567 3240 632 εὐνοίας,
3270 569 3472 638 καὶτῆς
3493 572 3581 626 τοῦ
3603 567 3708 629 θα-Ῑ

2140 662 2302 715 νάτου
2335 661 2816 729 καταφρονήσεως.
2846 659 3009 726 Λέγει
3034 657 3092 709 δὲ
3122 659 3204 710 ὅτι
3235 661 3381 729 πηγή
3415 662 3524 714 ἐστι
3547 703 3563 725 ,
3606 669 3687 720 καὶ

2141 755 2365 807 ἐπειδάν
2395 771 2480 817 τις
2511 753 2689 824 ἁρύσῃ
2734 752 2796 806 τὸ
2831 753 2972 821 ὓδωρ
3004 752 3195 820 αὐτῆς,
3229 753 3491 823 πήγνυται
3522 755 3691 828 ὥσπερ

2139 847 2322 917 τυρός.
2351 847 2554 900 Τούτου
2586 843 2680 899 οὖν
2705 843 2798 898 τοῦ
2832 843 3040 914 πηκτοῦ
3073 845 3196 896 ὅσον
3223 847 3366 912 τρεῖς
3388 845 3594 910 ὀϐολοὺς
3608 850 3692 900 ἐὰν

2140 941 2338 1012 τρίψας
2369 941 2473 1005 δῷς
2507 943 2564 993 ἐν
2587 939 2741 994 ὕδατι
2758 943 2921 1004 πιεῖν,
2959 938 3274 1006 ἐξαγγέλλει
3299 939 3470 992 πάντα
3491 941 3583 992 ὅσα
3604 941 3691 994 επ-

2145 1035 2294 1103 ραξε·
2315 1032 2778 1104 παραφρονεῖγὰρ
2795 1033 2887 1084 καὶ
2903 1030 3359 1102 μαίνεταιταύτην
3371 1032 3690 1104 τὴνήμέραν.

2141 1127 2356 1196 Χρᾶται
2386 1127 2443 1179 δὲ
2471 1125 2621 1195 αὐτῷ
2649 1127 2676 1178 ὁ
2713 1124 2964 1194 βασιλεὺς
3001 1122 3088 1193 ἐφ’
3124 1117 3197 1176 ὧν
3222 1125 3694 1195 κατηγορουμένων

2142 1217 2375 1280 τάληθὲς
2406 1217 2590 1288 εὑρεῖν
2620 1215 2890 1288 ἐθελήσει·
2916 1216 3020 1269 κᾶν
3060 1214 3159 1285 μὲν
3190 1214 3398 1286 ἐξείπῃ,
3451 1217 3696 1286 προπάσ-

2146 1326 2300 1363 σεται
2357 1305 2812 1382 ἀποκαρτερῆσαι
2841 1352 2858 1378 ,
2921 1310 2988 1364 ἂν
3051 1309 3108 1362 δὲ
3190 1309 3358 1380 μηδὲν
3435 1308 3696 1381 ἐλεγχθῇ,

2143 1403 2387 1473 ἀφίεται.

2218 1583 2360 1649 Ὅτι,
2401 1582 2589 1651 φησὶν,
2614 1581 2690 1644 ὡς
2730 1582 2772 1614 ³⁸
2819 1581 2996 1634 Ἰνδῶν
3027 1580 3201 1643 οὐδεὶς
3231 1579 3559 1649 κεφαλαλγεί
3591 1579 3700 1632 οὐδὲ

2146 1675 2427 1746 ὀφθαλμιᾷ
2457 1674 2579 1727 οὐδὲ
2599 1674 2910 1742 ὀδονταλγεϊ
2932 1715 2946 1736 ,
2983 1673 3106 1726 οὐδὲ
3130 1672 3382 1725 ὲλκοῦται
3414 1671 3476 1724 τὸ
3514 1672 3701 1738 στόμα,

2145 1770 2264 1824 οὐδὲ
2301 1768 2575 1839 σηπεδόνα
2603 1767 2858 1837 οὐδεμίαν
2905 1767 3062 1835 ἴσχει·
3095 1768 3128 1836 ὴ
3173 1765 3231 1818 δὲ
3271 1764 3382 1834 ζωὴ
3435 1764 3604 1818 αὐτῶν
3631 1773 3702 1835 ρκ’

2071 1849 2112 1904 Β
2142 1863 2236 1915 καὶ
2256 1861 2299 1915 λ’
2329 1862 2425 1915 καὶ
2457 1867 2500 1914 ν’
2526 1859 2619 1914 καὶ
2649 1866 2691 1912 σ⁹
2721 1861 2772 1912 οἱ
2799 1859 2868 1912 τὰ
2900 1859 3126 1912 πλεῖστα
3157 1857 3419 1928 βιοῦντες.

529 1950 656 2024 [De
677 1953 828 2008 Seris
858 1953 989 2008 ferri
1030 1963 1146 2020 aut,
1195 1955 1437 2026 itemque
1473 1956 1537 2010 de
1597 1956 1946 2012 ulterioribus
1971 1954 2117 2010 Indis
2153 1954 2291 2023 (4‘2),
2355 1951 2613 2006 immania
2663 1967 2886 2021 prorsus
2931 1951 3052 2005 illos
3118 1951 3321 2004 habere
3368 1963 3608 2018 corpora,
3656 1956 3708 2000 ut

459 2051 717 2105 tredecim
754 2051 824 2105 ibi
863 2051 1075 2106 cubitos
1114 2051 1206 2106 alti
1239 2053 1338 2105 viri
1379 2053 1739 2120 reperiantur,
1795 2069 2025 2122 quorum
2075 2065 2228 2120 teque
2271 2051 2380 2104 vita
2416 2049 2528 2118 (45)
2574 2049 3004 2103 ducentesimum
3063 2049 3294 2102 excedat
3339 2062 3536 2099 annum
3580 2045 3703 2116 (ιδ),

459 2140 619 2196 Visos
656 2151 709 2196 et
748 2142 800 2195 in
844 2141 1013 2197 Gaitze
1058 2141 1293 2198 ﬂuminis
1341 2146 1572 2213 quadam
1631 2155 1781 2214 parte
1834 2145 2036 2200 ferinos
2091 2144 2357 2207 homines,
2396 2140 2764 2211 hippopotami
2811 2140 2922 2194 fere
2952 2149 3096 2203 cute,
3135 2154 3301 2208 quam
3355 2153 3420 2191 ne
3463 2137 3559 2190 tela
3601 2138 3706 2202 qui-

459 2236 583 2289 dem
629 2234 997 2303 perfoderent.
1053 2235 1109 2290 In
1154 2237 1241 2290 illa
1278 2238 1390 2305 ipsa
1424 2238 1571 2292 India
1609 2237 1918 2308 (utferunt)
1969 2238 2034 2291 ad
2087 2237 2312 2291 intimas
2366 2236 2588 2290 marina:
2623 2233 2814 2288 infusae
2879 2243 3080 2302 partes,
3155 2231 3457 2303 praalongas
3519 2244 3710 2301 gestata

459 2324 662 2380 caudas
701 2327 902 2381 incolas
932 2328 1066 2397 (44),
1111 2329 1301 2396 quales
1353 2329 1434 2384 vel
1467 2331 1667 2400 satyris
1705 2330 1919 2400 appingi
1965 2325 2268 2398 solerent.'|

533 2418 852 2486 Serpentem
887 2425 1025 2488 apud
1061 2419 1222 2475 lndos
1257 2437 1380 2476 esse
1407 2423 1694 2489 quemdam
1744 2433 2032 2486 memorat,

458 2513 747 2581 spithamae
796 2513 1152 2581 longitudine,
1211 2514 1589 2582 pulcherrima:
1622 2531 1872 2584 purpur:e
1911 2530 2037 2584 spe-

460 2605 568 2669 cie,
603 2605 781 2673 capite
809 2605 1222 2669 candidissimo,
1275 2606 1546 2675 nullisque
1588 2608 1813 2661 omnino
1859 2606 2038 2660 denti-

459 2697 562 2751 bus
589 2715 602 2751 :
635 2712 795 2766 quem
839 2699 890 2752 in
916 2698 1323 2753 azstnosissimis
1351 2698 1457 2753 illis
1495 2700 1792 2761 montibus,
1829 2715 1894 2753 ex
1917 2698 2041 2768 qui-

461 2787 566 2842 bus
595 2791 757 2842 sardo
785 2787 805 2859 [
833 2803 1042 2857 gemma
1070 2786 1089 2859 ]
1141 2787 1416 2853 ell'oditur,
1475 2797 1766 2842 venatores
1796 2789 2037 2855 capiant.

462 2876 616 2931 llunc
649 2892 753 2930 non
792 2877 1039 2929 mordere
1070 2877 1309 2944 quidem,
1340 2877 1435 2928 sed
1461 2890 1837 2945 quemcunque
1864 2877 2040 2930 locum

461 2969 665 3021 vomitu
698 2984 796 3022 suo
833 2970 1221 3037 consperserit,
1249 2983 1371 3021 eum
1411 2967 1721 3021 necessario
1756 2968 2044 3035 putredine

460 3061 665 3116 vitiari.
721 3062 978 3115 Eumdem
1031 3077 1125 3131 per
1183 3063 1410 3115 caudam
1479 3077 1797 3130 snspensmn
1845 3062 2040 3130 duplex

461 3154 718 3209 emittere
749 3170 1016 3207 venenum
1063 3154 1252 3208 electri
1289 3154 1471 3222 specie
1508 3154 1678 3222 prius,
1711 3163 1766 3206 et
1806 3154 2036 3208 alterum

2179 2420 2366 2472 Ἔστιν
2381 2418 2505 2488 ὄφις
2526 2417 2880 2487 σπιθαμιαῖος
2893 2417 3166 2479 ἐναύτοίς,
3189 2414 3318 2488 [149
3340 2414 3429 2487 8.]
3448 2415 3504 2469 τὸ
3518 2415 3571 2470 δὲ
3587 2411 3710 2479 εἶδος

2140 2511 2304 2566 αὐτοῦ
2326 2511 2447 2581 ὼςὴ
2476 2511 2738 2578 καλλίστη
2761 2509 3073 2580 πορφύρα,ἡ
3098 2509 3420 2580 δὲ³²κεφαλὴ
3431 2509 3711 2580 λευκοτάτη

2139 2605 2355 2668 ὀδόντας
2378 2604 2432 2656 δὲ
2447 2603 2554 2655 οὐδ’
2579 2603 2714 2664 ὅλως
2735 2601 2868 2671 ἔχει.
2897 2601 3202 2671 Θηρεύεται
3227 2602 3414 2654 ἐκτῶν
3443 2618 3713 2670 καυματω-

2141 2697 2620 2766 δεστάτωνόρέων,
2649 2697 2770 2750 ὅθεν
2791 2699 2821 2765 ἡ
2850 2694 3031 2765 σαρδὼ
3046 2688 3530 2765 ὁρύσσεταιΟὗτος
3544 2694 3712 2746 δάκνει

2154 2790 2253 2860 μὲν
2279 2788 2362 2852 οὕ,
2391 2791 2514 2843 ὅτου
2537 2789 2581 2842 δ’
2613 2789 2678 2843 ἂν
2704 2789 3004 2859 κατεμέσῃ,
3034 2789 3191 2841 τοῦτο
3211 2788 3277 2840 τὸ
3290 2788 3488 2858 χωρίον
3512 2786 3714 2848 πάντως

2153 2884 2566 2952 squamulae?
2580 2882 2633 2934 δὲ
2659 2883 2950 2951 φάρμακον
2970 2881 3146 2934 διττὸν
3173 2880 3285 2934 ἀπὸ
3300 2881 3398 2950 τῆς
3417 2881 3578 2950 οὐρᾶς
3600 2895 3716 2947 κρε-

2154 2973 2420 3043 μάμενος,
2447 2973 2825 3042 ἠλεκτροειδὲς
2856 2974 2951 3025 καὶ
2972 2972 3284 3041 μέλαν.Καὶ
3309 2971 3368 3025 τὸ
3402 2971 3500 3040 μὲν
3534 2970 3717 3034 ζῶντος

2147 3064 2398 3133 ἀπορρεῖ,
2420 3063 2480 3116 τὺ
2507 3063 2563 3116 δὲ
2587 3064 2755 3134 μέλαν
2787 3063 3060 3126 θανόντος·
3095 3064 3190 3116 καὶ
3210 3062 3275 3116 τὸ
3300 3062 3400 3132 μὲν
3421 3063 3540 3114 ὅσον
3567 3061 3721 3128 σήσα-

2151 3173 2283 3226 μον,
2314 3157 2589 3227 διδόμενον
2625 3143 2671 3210 δ
2692 3155 2892 3220 ζῶντος
2932 3155 3190 3228 ἐρρευσεν
3213 3195 3228 3220 ,
3293 3155 3492 3208 αὐτίκα
3526 3152 3719 3222 φθείρει

463 3247 713 3314 nigrum;
745 3244 871 3298 illud
906 3246 1025 3298 vivo
1061 3245 1302 3310 elllnere,
1329 3247 1431 3300 hoc
1464 3257 1699 3300 mortuo.
1733 3245 1887 3300 Prius
1913 3246 2041 3300 item

2154 3247 2241 3301 τοῦ
2277 3247 2583 3316 ἐγκεφάλου
2615 3247 2710 3300 τοῦ
2743 3249 2960 3310 πιόντος
2985 3247 3073 3300 διὰ
3110 3246 3219 3299 τῶν
3254 3246 3424 3316 ῥινῶν
3461 3242 3719 3316 ἀπορρεύ-

461 3335 614 3402 illud,
649 3339 692 3393 si
727 3339 923 3392 sesami
953 3349 1158 3393 tantum
1185 3339 1338 3409 graui
1375 3339 1675 3406 quantitate
1701 3340 1880 3402 detur,
1913 3352 2042 3392 cou-

462 3428 647 3484 festim
675 3430 1024 3494 interimere;
1066 3430 1184 3496 ejus
1223 3429 1313 3496 qui
1343 3428 1472 3482 illud
1496 3429 1793 3496 sumpserit
1817 3427 2041 3482 cerebro

2151 3355 2365 3402 σαντος,
2391 3338 2452 3390 τὸ
2480 3338 2537 3391 δὲ
2578 3337 2704 3392 ἄλλο
2742 3338 3019 3406 διδόμενον
3052 3339 3132 3402 είς
3173 3337 3364 3407 φθίσιν
3409 3336 3612 3404 ἀπάγει
3638 3333 3721 3388 καὶ

2146 3427 2212 3480 δι’
2237 3428 2484 3483 ἐνιαυτοῦ
2515 3429 2664 3499 μόλις
2694 3429 2952 3483 διόλλυσι.
3113 3424 3122 3432 ’

462 3535 562 3590 per
589 3535 747 3573 nares
778 3520 1030 3574 eliluente
1062 3537 1075 3574 :
1109 3523 1341 3573 alterunt
1385 3534 1516 3574 vero
1568 3519 1613 3573 si
1655 3519 1832 3582 detur,
1900 3517 2101 3573 lentam
2152 3520 2332 3574 tabem
2385 3521 2679 3589 adducere,
2726 3537 2844 3592 qua:
2891 3521 2980 3574 vix
3051 3521 3180 3574 anni
3235 3521 3417 3590 spatio
3464 3519 3721 3575 hominem

462 3615 737 3670 Cottlicial.

538 3711 704 3768 Avem
733 3710 848 3782 (45)
885 3711 1142 3764 describit
1163 3711 1404 3780 δίκαιρον
1430 3709 1756 3778 appellatum
1787 3707 2016 3778 (δίκαιον
2035 3748 2050 3775 ,

464 3804 518 3859 id
543 3803 908 3872 est,justum),
943 3802 1128 3857 Grmce
1164 3803 1388 3863 dixeris,
1415 3801 1645 3871 pcrdicis
1675 3815 1777 3854 ovo
1805 3817 1908 3852 non
1936 3813 2050 3851 ma-

460 3897 637 3967 jorem
670 3914 684 3949 :
725 3896 863 3949 hanc
889 3911 986 3949 sua
1021 3895 1255 3948 ell‘odere
1283 3901 1631 3948 excrementa
1660 3931 1676 3956 ,
1715 3907 1782 3946 ne
1816 3889 2047 3944 inveniri

465 3988 695 4057 possint.
727 3986 878 4052 Quod
922 3989 964 4040 si
997 3987 1064 4040 de
1095 3986 1363 4049 inventis,
1398 3995 1662 4055 quantum
1695 3984 1893 4038 sesami
1919 3999 2049 4052 gra-

465 4095 593 4132 num
624 4088 740 4141 est,
796 4075 1065 4144 quispiam
1107 4075 1343 4140 biberit,
1398 4089 1556 4128 :nane
1597 4087 1791 4127 somno
1823 4071 2046 4138 corripi,

469 4182 775 4236 sensusque
804 4178 1082 4235 expertem
1111 4167 1350 4222 dormire
1373 4206 1387 4231 ,
1415 4165 1593 4236 quoad
1621 4165 1907 4220 occidente
1933 4163 2049 4217 sole

464 4261 750 4315 moriatur.

533 4351 666 4407 Esse
699 4363 752 4406 et
796 4352 867 4405 ibi
916 4351 1119 4422 lignum
1169 4353 1421 4420 parabam
1470 4349 1672 4402 dictum
1723 4347 1872 4419 (46),
1904 4349 2038 4406 olea;

2224 3705 2334 3758 Kal
2351 3707 2557 3775 ὄρνεον,
2576 3703 2761 3774 φησὶν,
2795 3701 3227 3772 ἐπικαλούμενον
3250 3703 3496 3770 δίκερον
3515 3703 3580 3769 ³³,
3597 3701 3722 3770 ὅπερ

2162 3799 2467 3870 Ἑλληνιστὶ
2496 3797 2730 3851 δίκαιον
2759 3797 3036 3867 σημαίνει,
3068 3798 3129 3848 τὸ
3169 3797 3409 3866 μέγεθος
3453 3797 3575 3850 ὅσον
3603 3795 3725 3866 πέρ-

2151 3894 2300 3955 δικος
2329 3892 2454 3955 ὠὸν,
2485 3890 2644 3943 τοῦτο
2673 3890 2765 3942 τὸν
2805 3891 3088 3943 ἀπόπατον
3133 3890 3470 3960 κατορύσσει
3492 3930 3505 3949 ,
3543 3889 3626 3941 ἵνα
3658 3886 3727 3956 μὴ

2151 3985 2373 4055 εὑρεθῇ·
2401 3983 2790 4054 εὑρισκόμενον
2824 3983 2881 4035 δὲ
2927 3981 2994 4034 ἂν
3041 3982 3185 4052 ποθῇ
3215 3983 3386 4035 αὐτοῦ
3415 3984 3538 4034 ὅσον
3568 3978 3727 4050 σησά-

2157 4093 2259 4145 μου
2294 4075 2495 4144 ἕωθενι,
2530 4073 2697 4136 ὕπνος
2731 4072 3116 4142 ἐπιλαμϐάνει,
3150 4073 3243 4124 καὶ
3287 4073 3543 4126 καθεύδει
3571 4069 3726 4142 μηδὲν

2148 4167 2563 4238 αἰσθανόμενος,
2591 4168 2684 4220 καὶ
2717 4165 2964 4230 δύνοντος
2993 4165 3090 4218 τοῦ
3133 4165 3285 4236 ἡλίου
3314 4166 3566 4236 τελευτᾷ.

2216 4349 2326 4402 Καὶ
2354 4347 2508 4414 ξύλον
2533 4346 2668 4413 ἔστι,
2718 4347 2967 4416 πάρηϐον
2997 4346 3332 4417 καλούμενον
3353 4389 3367 4412 ,
3401 4347 3466 4400 τὸ
3509 4346 3729 4417 μέγεθος

465 4447 858 4517 magnitudine,
895 4449 1038 4514 quod
1084 4445 1137 4497 in
1180 4444 1344 4513 regiis
1373 4444 1637 4497 duntaxat
1681 4443 1856 4496 hortis
1887 4457 2041 4512 repe-

2154 4442 2266 4494 5σον
2299 4439 2476 4492 ἐλαία·
2511 4441 2568 4492 ὲν
2611 4440 2724 4501 τοῖς
2769 4438 3062 4508 βασιλείοις
3096 4439 3283 4508 μόνοις
3319 4441 3367 4472 ³³
3419 4441 3730 4511 εὑρίσκεται

466 4542 657 4605 riatur,
687 4556 860 4608 neque
889 4539 1078 4592 ﬂorem
1113 4536 1278 4590 ullum
1305 4576 1323 4602 ,
1371 4551 1548 4606 neque
1578 4535 1812 4589 fructum
1841 4537 2042 4605 produ-

464 4649 618 4688 cens.
645 4633 962 4698 Quindecim
1009 4630 1060 4684 id
1101 4638 1310 4682 tantum
1345 4627 1545 4681 habere
1582 4627 1680 4680 sub
1715 4636 1860 4680 terra
1897 4627 2044 4680 radi-

463 4742 584 4793 ces;
638 4727 734 4781 sed
778 4724 998 4780 eas'ita
1039 4736 1297 4780 crassas,
1351 4729 1408 4772 ut
1462 4718 1784 4774 tenuissima
1833 4719 2042 4773 brachii

464 4818 882 4873 crassitudinem
911 4824 1182 4884 exaequet.
1226 4811 1398 4882 Hujus
1433 4826 1565 4880 ergo
1603 4810 1806 4865 radicis
1851 4810 1894 4863 si
1921 4824 2047 4878 par-

463 4919 571 4969 tem
596 4913 836 4982 aliquam
855 4910 938 4966 vel
967 4908 1297 4980 spithamam
1324 4905 1538 4978 longam
1563 4903 1886 4972 sumpseris,
1919 4900 2044 4971 qui-

2145 4533 2364 4602 κήποις·
2400 4528 2522 4582 οὕτε
2555 4529 2712 4594 ἄνθος
2746 4532 2904 4602 φέρει
2933 4529 3056 4583 οὔτε
3089 4532 3324 4602 καρπὸν,
3353 4532 3653 4586 δεκαπέντε
3679 4531 3732 4583 δὲ

2155 4625 2323 4694 μόνας
2371 4623 2524 4694 ῥίζας
2562 4623 2697 4692 ἔχει,
2746 4625 2838 4676 καὶ
2884 4623 3088 4688 ταύτας
3140 4626 3375 4696 παχείας
3419 4626 3562 4680 κατὰ
3613 4625 3731 4693 γῆς.

2156 4717 2314 4770 ’Ἐστι
2340 4715 2397 4767 δὲ
2430 4715 2491 4768 τὸ
2526 4717 2698 4785 πάχος
2725 4716 2896 4779 αὐτῆς
2927 4717 3051 4770 ὅσον
3078 4717 3337 4789 βραχίων,
3371 4719 3434 4772 τὸ
3467 4718 3732 4772 λεπτότα-

2149 4825 2263 4861 τον,
2297 4807 2447 4878 Αὕτη
2473 4809 2504 4877 ἡ
2543 4806 2670 4878 ῥίζα
2709 4809 2835 4862 ὅσον
2858 4808 3109 4880 σπιθαμὴ
3137 4811 3553 4881 λαμϐανομένη,
3585 4803 3646 4864 οὗ
3669 4806 3734 4861 ἂν

2152 4901 2458 4972 προσαχθῇ,
2483 4901 2662 4955 πάντα
2686 4901 2833 4956 ἕλκει
2864 4902 3002 4975 πρὸς
3033 4903 3267 4975 ἑαυτὴν,
3300 4905 3533 4978 χρυσὸν,
3563 4904 3734 4975 ἄργυ-

1753 5057 1987 5113 VARIZE
2031 5054 2441 5111 LECTIONES.

539 5174 582 5205 at
615 5170 780 5243 φησιν
814 5168 890 5232 ὼς
920 5167 965 5222 Α
1001 5181 1015 5219 :
1044 5163 1181 5234 φησὶ
1201 5161 1312 5216 τῶν
1341 5179 1403 5227 ς.
1481 5161 1529 5192 ³²
1554 5159 1611 5213 δὲ
1641 5173 1750 5214 οιιι.
1806 5157 1871 5209 Α.

1975 5155 2018 5184 ³³
2048 5153 2299 5224 δίκαιρον
2329 5171 2392 5219 ς.

2469 5151 2514 5184 ³⁵
2547 5155 2707 5224 μόνον
2738 5176 2801 5224 ς.

1988 5303 2224 5362 NOTAE.

529 5419 640 5482 pii)
689 5417 772 5470 An
827 5413 929 5467 huc
971 5415 1109 5466 forte
1147 5404 1792 5482 facitﬂntigonil‘lnrrat.
1843 5404 2040 5456 mirah.

471 5478 572 5544 160
599 5478 834 5542 Ctesiant
871 5485 1134 5542 scribere,
1183 5481 1235 5533 iu
1277 5478 1552 5547 Ethiopia
1591 5479 1795 5530 t'ontem
1847 5490 2042 5540 aquam

470 5564 669 5616 habere
695 5560 866 5612 instar
891 5553 1204 5610 cinnabaris
1233 5551 1537 5613 rubentem,
1567 5562 1687 5616 quze
1710 5555 1832 5616 pota
1859 5559 2046 5598 vecor-

471 5628 883 5766 deidgldgziltdita
918 5705 972 5749 ct
1004 5697 1123 5748 haec
1163 5710 1194 5744 e
1217 5688 1481 5745 Bavarico
1507 5686 1642 5743 Cod-
1674 5701 1794 5755 (luae
1823 5693 2048 5756 Prmer‘

471 5768 731 5828 mittentia
767 5785 870 5820 non
901 5768 1051 5819 duxi.

543 5839 659 5906 (45)
695 5838 768 5893 De
793 5839 939 5894 δικ-15
965 5827 1191 5890 Luciun.
1232 5847 1445 5904 quoque
1479 5830 1752 5902 proditum
1787 5826 1951 5885 refert
1979 5827 2043 5882 ad

2150 5400 2590 5456 trecentesimum
2613 5415 2708 5457 eos
2735 5401 2859 5454 vita:
2883 5415 3086 5454 annum
3115 5399 3452 5470 pertingere.

2209 5471 2326 5544 (44)
2359 5470 2497 5544 Vide
2528 5471 2623 5524 inl‘.
2655 5488 2705 5536 p.
2738 5487 2855 5540 seq.

2221 5540 2335 5611 (45)
2362 5543 2518 5596 Plura
2548 5544 2823 5606 excerpsit
2853 5541 2919 5596 de
2943 5543 3045 5596 hac
3065 5541 3275 5598 avicula
3305 5540 3514 5595 Elian.
3541 5540 3634 5593 lib.
3664 5553 3722 5605 tv,

2149 5630 2270 5681 cap.
2306 5613 2394 5676 41,
2429 5612 2502 5665 De
2536 5612 2762 5665 animal.

2223 5679 2335 5752 (Mi)
2374 5685 2531 5751 Apud
2563 5682 2943 5749 Apollonium,
2977 5698 3100 5736 cum
3146 5681 3303 5743 huius
3345 5679 3456 5752 loci
3501 5679 3730 5752 mentio.

2153 5749 2274 5810 nem
2321 5749 2450 5809 facit
2480 5753 2644 5824 (Hist.
2679 5752 2934 5819 mirabun,
2983 5753 3090 5826 l7),
3149 5751 3396 5824 πάροδον
3446 5750 3612 5806 hodie
3656 5749 3728 5801 le-

2155 5828 2320 5898 gitur.
