3926 6440
225 386 334 455 211

1345 386 1871 447 BIBLIOTHECA.
1912 387 2163 447 —COD.
2207 386 2450 449 LXXII.

3406 382 3518 446 922

230 520 348 574 ρον,
363 499 593 571 χαλκὸν,
608 496 809 563 λίθους,
835 495 930 550 καὶ
945 491 1116 550 τᾶλλα
1140 493 1317 551 πάντα
1328 494 1468 567 πλὴν
1487 496 1818 566 ἠλέκτρουοεῑ

1934 494 2254 563 buscunque
2302 509 2424 549 eam
2469 494 2633 549 rebus
2662 493 3008 558 admoveris,
3041 495 3227 548 omnia
3273 509 3401 548 mox
3445 496 3514 546 ad

227 594 286 647 δὲ
316 594 442 647 ὅσον
472 592 685 661 πήχεος
706 590 752 621 ³⁸
782 591 817 660 ή
848 588 971 660 ῥίζα
987 586 1189 659 ληφθῇ,
1214 586 1364 640 ἒλκει
1393 587 1487 641 καὶ
1514 587 1687 657 ἄρνας
1726 595 1820 639 και

226 686 415 753 δρνεα·
474 682 655 753 ταύτῃ
711 680 823 750 γὰρ
862 680 959 732 καὶ
979 679 1024 711 ³⁸
1053 677 1124 733 τὰ
1183 677 1415 730 πλεῖστα
1457 676 1568 729 τῶν
1618 675 1821 747 ὀρνέων

227 776 552 847 θηρεύουσυ
582 776 678 828 καὶ
713 774 812 827 ἐὰν
847 772 943 845 [70
972 770 1066 843 H.]
1117 770 1283 843 βούλῃ
1316 771 1409 824 καὶ
1451 769 1596 840 ὕδωρ
1648 767 1818 837 πῆξαι

222 869 357 921 ὅσον
387 868 513 937 χόα,
542 867 640 935 τῆς
692 864 853 935 ῥίζης
897 863 1152 935 ἐμϐαλὼν
1198 864 1323 917 ὅσον
1372 861 1558 915 ὀϐολὸν
1622 860 1819 930 πήξεις

226 960 398 1023 αὐτὸ,
430 959 529 1013 καὶ
561 960 648 1013 ἐὰν
671 952 815 1010 οἶνον
837 996 852 1021 ,
897 955 1159 1019 ὡσαύτως
1184 996 1199 1021 ,
1240 954 1335 1008 καὶ
1389 953 1530 1018 ἕξεις
1570 954 1636 1023 τῇ
1672 951 1818 1021 χειρὶ

232 1052 381 1105 αὐτὸ
407 1051 590 1121 ὥσπερ
614 1050 796 1119 κηρόνο
826 1050 893 1119 τῇ
921 1048 977 1101 δὲ
1004 1046 1268 1118 ὑστεραίᾳ
1288 1046 1572 1116 διαχεῖται.
1604 1044 1817 1097 Δίδοται

240 1147 305 1202 δὲ
335 1148 620 1208 κοιλιακοῖς
650 1143 926 1214 βοήθημα.

1923 600 1984 639 se
2010 598 2292 656 rapturam
2321 626 2336 651 ,
2366 599 2593 649 aurum,
2630 594 2913 655 argentum
2935 624 2952 649 ,
2994 600 3102 648 aes,
3138 585 3369 653 lapides,
3406 598 3514 637 ca:-

1924 690 2171 750 teraque,
2200 688 2399 749 praeter
2436 678 2612 733 solum
2648 679 2936 734 electrum.
2974 677 3069 732 Sin
3113 678 3356 733 cubitum
3393 678 3515 729 lon-

1921 788 2042 843 gam
2075 784 2282 839 partem
2314 772 2640 834 resecueris,
2663 769 2775 838 jam
2814 785 2984 841 agnos
3014 771 3178 824 etiam
3214 768 3291 840 [et
3318 770 3512 831 boves,

1920 879 1985 919 ac
2013 873 2209 919 caetera
2233 864 2513 934 animalia]
2554 866 2807 933 ipsasque
2865 864 3002 917 adeo
3048 878 3179 917 aves
3208 865 3275 916 ad
3302 878 3362 917 se
3384 878 3511 932 per-

1922 962 2237 1007 tracturam.
2268 950 2523 1023 Namﬁ7
2544 950 2571 1004 b
2606 952 2765 1021 hujus
2785 952 3131 1021 potissimum
3158 951 3361 1005 auxilio
3397 964 3516 1003 ma-

1923 1043 2124 1098 ximam
2145 1083 2161 1107 ,
2200 1058 2336 1113 quas
2364 1054 2665 1107 venentur,
2705 1043 2887 1096 avium
2920 1051 3128 1112 partem
3161 1042 3366 1097 incolas
3413 1056 3512 1095 ca-

1923 1148 2070 1204 pere.
2107 1133 2247 1199 Qnin
2294 1134 2460 1187 etiam
2488 1174 2504 1199 ,
2540 1134 2586 1189 si
2620 1148 2775 1201 aqua:
2822 1132 2908 1188 vel
2934 1133 3189 1201 congiunt
3238 1135 3509 1202 integrum

246 1241 531 1309 coagulare
572 1237 702 1291 velis
746 1275 763 1301 ,
815 1232 1031 1289 obolum
1078 1245 1244 1286 unum
1297 1229 1458 1298 hujus
1513 1227 1710 1283 radicis
1758 1226 1814 1280 in
1836 1238 2033 1294 aquam
2062 1222 2540 1293 conjectum,eam
2569 1233 2934 1278 coacturum:
2979 1222 3120 1278 idem
3174 1232 3231 1278 et
3284 1223 3337 1278 in
3385 1223 3512 1277 vino

241 1346 601 1397 eventurum,
654 1342 712 1384 nt
767 1344 927 1385 manu
971 1327 1137 1382 etiam
1184 1325 1331 1379 velut
1383 1333 1589 1378 certam
1641 1332 1823 1376 tenere
1841 1316 2056 1390 possis,
2099 1316 2364 1388 posuidie
2438 1326 2617 1373 tamen
2666 1316 2903 1372 solutum
2982 1316 3075 1371 iri.
3115 1317 3281 1371 Addit
3339 1316 3507 1370 etiam

228 1426 468 1481 coeliacis
499 1423 780 1477 auxiliari.

296 1519 456 1571 Ἐστι
480 1519 540 1570 δὲ
586 1519 682 1570 καὶ
715 1516 960 1585 ποταμὸς
987 1512 1262 1584 διαρρέων
1293 1508 1385 1564 διὰ
1418 1510 1518 1579 τῆς
1558 1503 1809 1575 Ἰνδικῆς,

216 1613 277 1667 οὐ
316 1613 498 1682 μέγας
534 1612 633 1680 μὲν
657 1651 674 1676 ,
719 1608 833 1663 ἀλλ’
886 1607 961 1670 ὡς
1009 1606 1103 1659 ἐπὶ
1140 1604 1234 1657 δύο
1268 1601 1514 1665 σταδίους
1537 1600 1598 1654 τὸ
1628 1594 1806 1671 εὖρος·

214 1706 392 1774 ἔννομα
424 1704 485 1757 δὲ
517 1703 596 1773 τῷ
626 1700 857 1771 ποταμῷ
896 1699 1110 1753 ’ίνδιστὶ
1145 1698 1244 1767 μὲν
1276 1696 1580 1766 ’Υπαρχος,
1620 1692 1805 1762 Ἐλλη-

1990 1520 2212 1577 lnterlui
2245 1534 2458 1590 quoque
2506 1517 2709 1573 Indiam
2752 1516 2974 1572 ﬂumine
3018 1533 3125 1572 non
3166 1519 3236 1571 ita
3279 1533 3500 1586 magno,

1917 1616 2027 1670 lato
2058 1613 2307 1669 videlicet
2335 1613 2442 1667 duo
2477 1610 2593 1666 fere
2644 1611 2819 1665 stadia
2862 1610 2998 1682 (47).
3038 1609 3326 1680 ’Υπαρχος
3364 1610 3509 1663 Indis

1913 1723 2035 1764 esse
2064 1706 2223 1761 ﬂuvio
2248 1721 2465 1770 nomen,
2486 1704 2627 1773 quod
2654 1704 2841 1758 Graaee
2867 1702 3089 1768 eﬂ'eras,
3112 1702 3308 1775 φέρων
3330 1704 3511 1759 πάντα

219 1798 360 1848 nari.
382 1794 441 1848 δὲ
463 1794 665 1863 φέρων
688 1792 887 1846 πάντα
916 1788 988 1843 τὰ
1008 1787 1220 1857 ἀγαθά.
1255 1780 1421 1851 Οὗτος
1440 1784 1535 1838 τοῦ
1559 1782 1808 1837 ἐνιαυτοῦ

1928 1799 1982 1855 τὰ
2034 1798 2234 1868 ἀγαθά,
2270 1797 2347 1871 [id
2398 1808 2510 1862 est,
2554 1798 2782 1866 a/ferens
2810 1799 2945 1849 bona
2977 1795 3207 1868 omnia].
3256 1794 3506 1865 Triginta

216 1897 262 1941 λ’
292 1889 519 1960 ἡμέρας
564 1887 831 1959 ήλεκτρον
882 1883 1175 1954 καταρρεῖ.
1224 1880 1363 1933 Φασὶ
1418 1878 1531 1949 γὰρ
1591 1878 1650 1929 ὲν
1698 1877 1812 1937 τοῖς

218 1980 374 2053 δρεσι
405 1979 606 2050 δένδρα
639 1976 778 2031 εἶναι
814 1975 1151 2046 ὑπερέχοντα
1174 1973 1269 2027 τοῦ
1293 1972 1501 2035 ὓδατος·
1532 1967 1687 2023 ὕδατι
1707 1968 1817 2037 γὰρ

219 2076 401 2144 ρεἰται
423 2073 631 2143 τὰδρη’
654 2068 774 2126 εἶτα
792 2070 911 2142 ὥρα
932 2070 1081 2123 ἐστὶν
1097 2069 1186 2122 ὅτε
1205 2067 1416 2138 δάκρυα
1430 2065 1605 2135 φέρει,
1625 2062 1816 2133 ὥσπερ

219 2164 517 2235 ἀμυγδαλῆ
551 2165 585 2234 ἦ
624 2164 782 2226 πίτυς
808 2163 842 2233 ἢ
867 2162 995 2217 ἄλλο
1019 2178 1073 2214 τι
1095 2159 1313 2230 δένδρον
1334 2199 1347 2221 ,
1383 2158 1617 2228 μάλιστα
1650 2155 1707 2208 δὲ
1733 2158 1815 2218 εἰς

222 2257 266 2307 λ’
290 2256 513 2326 ἡμέρας
561 2253 658 2307 τοῦ
694 2250 969 2306 ἐνιαυτοῦο
1003 2245 1127 2304 εἶτα
1168 2248 1471 2304 ἀποπίπτει
1499 2246 1568 2299 τὰ
1603 2246 1818 2315 δάκρυα

223 2347 397 2401 ταῦτα
419 2350 503 2410 εἰς
536 2349 626 2400 τὸν
655 2344 899 2414 ποταμὸν
937 2344 1032 2396 καὶ
1057 2343 1353 2412 πήγνυται.
1383 2339 1473 2410 Τῷ
1503 2338 1734 2409 δενδρέῳ
1759 2338 1817 2390 δὲ

222 2443 406 2511 τούτῳ
433 2440 780 2509 magal-:an
811 2437 1027 2491 Ἰνδιστὶ
1058 2435 1380 2506 σιπταχώρα
1408 2434 1475 2465 ³⁷·
1515 2430 1818 2501 Ἑλληνιστὶ

231 2536 503 2605 σημαίνει
545 2534 746 2603 γλυκὺ
775 2532 913 2600 ἡδύ.
954 2529 1231 2584 Κάκεῖθεν
1258 2530 1307 2583 οἱ
1340 2528 1384 2560 ³⁸
1440 2525 1592 2579 Ἰνδοὶ
1634 2525 1817 2578 συλλέο

225 2646 388 2695 τουσι
421 2628 481 2679 τὸ
508 2627 791 2698 ἧλεκτρον.
824 2625 1016 2695 Φέρειν
1048 2624 1107 2677 δὲ
1155 2622 1249 2675 καὶ
1282 2618 1497 2691 καρπὸν
1520 2618 1590 2672 τὰ
1624 2618 1817 2686 δένδρα

225 2721 470 2790 βότρυς,
525 2718 713 2788 ὥσπερ
767 2717 1052 2787 ἄμπελος,
1096 2715 1241 2785 ἔχειν
1288 2712 1335 2745 ³⁸
1377 2710 1435 2764 δὲ
1466 2709 1567 2773 τὰς
1633 2708 1818 2780 ῥῶγας

220 2812 381 2866 ὥσπε
391 2830 424 2881 ρ
459 2812 643 2881 κάρυα
666 2811 733 2864 τὰ
759 2809 1015 2863 [Ιοντικά.

310 2906 409 2959 Ἐν
438 2905 614 2958 τοῖσδε
640 2906 749 2967 τοῖς
769 2903 920 2974 ὄρεσι
950 2918 1114 2971 φησιν
1141 2898 1463 2968 ἀνθρώπους
1491 2895 1757 2967 βιοτεύειν
1771 2895 1818 2927 ⁸⁸

218 3000 396 3062 κυνὸς
433 2998 659 3069 ἔχοντας
680 2997 943 3068 κεφαλήν·
976 2994 1212 3065 ἐσθῆτας
1233 2993 1291 3047 δὲ
1331 2992 1592 3063 φοροῦσιν
1621 2994 1685 3044 ὲκ
1707 2990 1818 3044 τῶν

217 3095 447 3163 ἀγρίων
482 3091 690 3162 θηρίων
724 3132 739 3155 ,
796 3089 983 3160 φωνὴν
1048 3087 1106 3140 δὲ
1143 3086 1482 3155 διαλέγονται
1534 3084 1814 3155 οὐδεμίαν,

1920 1892 2110 1947 diebus
2150 1890 2293 1945 hunc
2331 1904 2425 1958 per
2460 1904 2635 1943 annos
2666 1887 2907 1957 singulos
2939 1887 3222 1941 succinum
3254 1886 3309 1940 in
3347 1888 3509 1942 undis

1924 1984 2124 2039 vehere
2170 2001 2184 2037 :
2226 1984 2432 2036 narrari
2475 1982 2618 2036 enim
2655 1981 2706 2034 in
2745 1979 3020 2034 montibus
3062 1979 3258 2049 (quiet
3295 1978 3394 2048 ipsi
3422 1979 3505 2032 al-

1919 2075 2137 2129 luantur
2165 2074 2351 2143 aqua),
2390 2083 2606 2127 exstare
2631 2086 2699 2126 ex
2741 2086 2883 2139 aqua
2916 2074 3164 2135 arbores,
3196 2086 3316 2140 quae
3354 2080 3506 2126 certo

1918 2170 2044 2223 anni
2085 2178 2364 2237 tempore,
2404 2167 2745 2236 maximeque
2781 2180 2879 2235 per
2926 2165 3151 2235 triginta
3218 2167 3509 2218 continuos

1918 2262 2058 2323 dies,
2094 2261 2424 2329 amygdalae,
2472 2261 2650 2329 pinus,
2681 2258 2990 2326 similisque
3018 2258 3235 2312 arboris
3284 2257 3338 2311 in
3386 2273 3504 2310 mo-

1919 2371 2056 2420 rem,
2081 2354 2337 2423 lacrymis
2361 2353 2635 2415 emittant,
2664 2365 2781 2419 qua:
2805 2350 2859 2403 in
2884 2348 3246 2417 proﬂuentem
3271 2348 3508 2419 delapsa:

1919 2454 2296 2501 concrescant.
2356 2441 2548 2497 Vucari
2602 2457 2721 2495 eam
2774 2442 3027 2495 arborem
3085 2440 3268 2495 lndica
3322 2440 3505 2511 lingua

1919 2540 2199 2604 sipacora,
2254 2550 2377 2604 quae
2432 2549 2533 2586 vox
2584 2532 2771 2587 Graece
2816 2532 3086 2600 signiticet
3139 2532 3357 2601 γλυκὺ,
3411 2535 3496 2586 vel

1917 2629 2039 2701 ἡδὺ,
2088 2626 2163 2701 [id
2198 2636 2302 2692 est,
2349 2626 2538 2688 dulce,
2569 2623 2771 2695 suave].
2820 2624 2959 2678 llinc
3006 2625 3189 2693 itaque
3223 2624 3506 2679 succinum

1918 2740 2075 2780 suum
2128 2722 2288 2776 lndos
2346 2720 2621 2787 colligere.
2684 2718 2822 2774 Vitis
2862 2720 2989 2773 item
3038 2717 3213 2773 instar
3260 2732 3507 2773 racemos

1920 2816 2065 2870 ferre
2111 2816 2335 2869 arbores
2368 2828 2466 2884 pro
2508 2813 2684 2866 fructu
2740 2829 2755 2866 :
2804 2826 3104 2881 earumque
3149 2810 3337 2865 acinos
3368 2824 3508 2879 pon-

1919 2905 2043 2961 ticaa
2066 2906 2223 2960 nucis
2248 2903 2619 2973 magnitudine
2644 2915 2784 2956 esse.

1993 2999 2198 3068 Degere
2258 2997 2449 3051 iisdem
2486 2997 2634 3049 hisce
2683 2995 2735 3047 in
2794 2995 3073 3049 montibus
3112 2994 3362 3049 homines
3395 3009 3512 3049 me-

1922 3101 2101 3147 morat
2158 3090 2355 3145 canino
2411 3090 2589 3158 capite
2645 3086 2784 3158 (48),
2843 3088 2934 3156 qui
2985 3087 3228 3142 ferarum
3285 3088 3512 3157 pellibus

217 3186 344 3240 ἀλλ’
390 3184 667 3255 ὠρύονται
689 3181 878 3253 ὥσπερ
911 3179 1106 3243 κύνες,
1149 3179 1243 3233 καὶ
1269 3176 1413 3230 οὓτω
1445 3177 1694 3229 συνιᾶσιν
1718 3174 1818 3227 αὑ-

1928 3186 2245 3241 vestiantur.
2301 3181 2566 3237 Sermone
2590 3181 2689 3235 hos
2723 3180 2868 3235 nullo
2908 3180 3008 3245 uti,
3070 3195 3263 3234 canmn
3302 3189 3510 3232 tantum

216 3280 334 3333 τῶν
366 3278 474 3346 τὴν
524 3276 729 3345 φωνήν.
772 3274 1024 3336 Ὀδὸντας
1050 3271 1107 3324 δὲ
1146 3269 1368 3341 μείζους
1410 3268 1594 3339 ἔχουσι
1636 3267 1817 3333 κυνὸς,

219 3371 323 3425 καὶ
353 3370 493 3431 τοὺς
522 3368 722 3437 ὄνυχας
769 3364 989 3436 ὁμοίους
1027 3362 1190 3426 κυνὸς
1242 3362 1310 3427 ⁸⁸,
1356 3360 1729 3432 μακροτέρους
1762 3359 1820 3412 δὲ

219 3463 321 3517 καὶ
389 3457 930 3531 στρογγυλωτέρους.
985 3454 1209 3510 Οίκοῦσι
1272 3454 1331 3507 δὲ
1395 3455 1453 3506 ὲν
1504 3454 1619 3516 τοῖς
1668 3451 1820 3521 ὄρεσι

222 3554 397 3624 μέχρι
452 3552 549 3605 τοῦ
615 3549 779 3604 Ἰνδοῦ
843 3547 1113 3619 ποταμοῦ.
1158 3545 1405 3609 Μέλανες
1469 3544 1526 3598 δέ
1581 3546 1687 3597 είσι
1724 3543 1821 3596 καὶ

218 3646 435 3700 δίκαιοι
475 3645 653 3708 πάνυ,
701 3643 893 3713 ὥσπερ
950 3642 1045 3694 καὶ
1088 3640 1137 3692 οἱ
1175 3638 1324 3694 ἄλλοι
1378 3638 1562 3701 Ἰνδοὶ,
1604 3633 1686 3700 οἷς
1724 3636 1820 3689 καὶ

225 3736 648 3805 ἐπιμίγνυνται.
671 3734 780 3787 Καὶ
814 3734 1025 3786 συνιᾶσι
1057 3731 1156 3802 μὲν
1187 3730 1255 3784 τὰ
1273 3730 1401 3802 παρ’
1420 3728 1648 3783 ἐκείνων
1664 3728 1820 3795 λεγό-

231 3846 392 3898 μενα,
434 3825 592 3878 αὐτοὶ
622 3825 677 3878 δὲ
704 3825 765 3877 οὐ
780 3825 1032 3877 δύνανται
1053 3820 1423 3890 διαλέγεσθαι,
1440 3820 1577 3873 ἀλλὰ
1592 3822 1657 3889 τῇ
1677 3819 1821 3889 ὠρυ-

234 3923 359 3993 γῇυ
383 3923 485 3974 καὶ
514 3922 636 3984 ταῖς
674 3919 832 3990 χερσ)⁵
856 3919 950 3971 καὶ
985 3920 1096 3981 τοῖς
1122 3915 1405 3978 δακτύλοις
1432 3914 1819 3983 σημαίνουσιν,

236 4016 424 4085 (Lamp
451 4015 503 4067 οί
540 4012 711 4080 κωφοί
746 4012 814 4067 ⁸³.
852 4010 1156 4064 Καλοῦνται
1198 4008 1256 4063 δὲ
1290 4009 1396 4062 ὑπὸ
1427 4008 1537 4060 τῶν
1568 4005 1696 4079 [125
1731 4004 1823 4077 Β.)

242 4108 425 4162 Ἰνδῶν
456 4106 799 4177 καλύστριοι,
829 4104 966 4176 ὅπερ
999 4103 1146 4157 ἐστὶν
1162 4102 1465 4174 Ἑλληνιστὶ
1496 4100 1826 4169 κυνοκέφα-

224 4206 346 4256 λοι.
388 4200 466 4254 Τὸ
494 4199 555 4252 δὲ
591 4199 744 4262 ἔθνος
773 4198 921 4251 ἐστὶν
947 4197 1053 4261 ἕως
1076 4197 1284 4251 δώδεκα
1328 4196 1628 4266 μυριάδων.
1664 4195 1824 4265 Παρὰ

224 4295 282 4349 δὲ
324 4296 430 4356 τὰς
468 4292 655 4362 πηγὰς
685 4290 781 4344 τοῦ
818 4290 1064 4359 ποταμοῦ
1111 4289 1304 4342 τούτου
1338 4288 1383 4321 δδ
1429 4289 1547 4343 ἐστὶ
1579 4288 1825 4356 πεφυκὸς

229 4386 401 4449 ἄνθος
457 4382 797 4453 πορφυροῦν,
841 4383 900 4446 ἐξ
936 4375 998 4436 οὗ
1046 4381 1301 4452 πορφύρα
1347 4380 1614 4451 βάπτεται
1669 4380 1826 4433 οὐδὲν

1927 3292 2078 3333 more
2090 3276 2342 3330 latratum
2362 3276 2544 3335 edere,
2564 3284 2723 3340 atque
2746 3272 2817 3324 ita
2843 3281 3030 3324 mutuo
3044 3284 3165 3324 sese
3187 3268 3507 3337 intelligere.

1923 3370 2123 3424 Dentes
2154 3368 2257 3421 illis
2288 3381 2410 3421 esse
2438 3380 2597 3435 quam
2640 3364 2867 3419 canibus
2900 3363 3168 3432 majores,
3209 3373 3258 3416 et
3286 3362 3513 3417 caninas

1922 3462 2174 3516 similiter
2233 3475 2482 3529 ungues,
2532 3459 2625 3511 sed
2678 3458 2951 3523 longiores
3024 3470 3088 3510 ac
3140 3455 3511 3508 rutundiores.

1924 3553 2134 3607 Montes
2167 3552 2409 3605 incolere
2444 3552 2511 3603 ad
2538 3548 2727 3602 Indum
2754 3546 2975 3599 ﬂuvium
3007 3560 3203 3613 usque,
3238 3553 3295 3599 et
3327 3544 3515 3599 colore
3546 3576 3551 3579 -

1921 3660 2045 3701 esse
2069 3644 2244 3712 nigro,
2274 3643 2624 3711 insignesque
2646 3641 2872 3710 justitize
2894 3640 3159 3707 cultores,
3181 3649 3509 3693 cmterorum

1922 3740 2177 3793 Indorum
2225 3752 2411 3799 more,
2465 3735 2607 3789 inter
2652 3749 2789 3804 ψιοε
2830 3743 3139 3787 versentur.
3188 3731 3515 3803 intelligere

1924 3845 2143 3900 quoque
2174 3844 2293 3897 qua:
2324 3828 2392 3881 ab
2422 3826 2860 3895 lndisﬁdicantur,
2891 3826 3016 3880 licet
3048 3825 3147 3895 ipsi
3178 3824 3324 3895 loqui
3355 3824 3516 3877 mini-

1927 3942 2011 3979 me
2040 3926 2249 3994 possint
2276 3963 2292 3988 ,
2322 3932 2380 3977 ut
2412 3934 2696 3993 propterea
2733 3922 2931 3975 latratu
2953 3961 2969 3986 ,
3020 3921 3271 3975 manibus
3300 3961 3314 3985 ,
3348 3929 3509 3988 atque

1927 4017 2109 4087 digitis
2140 4017 2291 4084 signa
2324 4017 2473 4081 dent,
2495 4014 2952 4084 quemadmodum
2978 4012 3089 4067 fere
3117 4011 3264 4067 surdi
3298 4025 3360 4065 ac
3384 4009 3517 4063 muti

1925 4108 2121 4164 solent.
2156 4105 2352 4162 Vocari
2403 4108 2500 4160 hos
2548 4106 2615 4159 ab
2660 4105 2804 4159 Indis
2850 4104 3137 4174 calyslrios
3186 4102 3325 4171 (49),
3372 4100 3518 4170 quod

1927 4200 2101 4257 Graeci
2130 4200 2373 4254 dicerent
2398 4197 2826 4266 κυνοκεφάλους,
2851 4197 2902 4251 id
2929 4208 3014 4252 est
3038 4193 3521 4266 carticipitesf[car-

1930 4292 2090 4349 nibus
2116 4292 2333 4347 eosdem
2373 4293 2514 4347 vesci
2558 4290 2788 4362 crudis],
2819 4290 3094 4359 totiusque
3133 4289 3310 4358 gentis
3339 4288 3517 4354 capita

1930 4385 2203 4440 numerari
2232 4386 2299 4439 ad
2332 4395 2547 4439 centum
2577 4392 2631 4439 et
2659 4383 2847 4453 viginti
2887 4382 3079 4437 millia.
3114 4381 3283 4436 Addit
3320 4381 3388 4435 ad
3417 4380 3521 4434 hn-

224 4481 414 4552 ἦττων
436 4478 481 4510 ⁸³
499 4477 598 4547 τῆς
631 4474 972 4546 Ἑλληνικῆς,
998 4473 1137 4528 ἀλλὰ
1156 4474 1252 4527 καὶ
1264 4472 1399 4527 πολὺ
1422 4472 1818 4544 εὐανθεστέρα.

1928 4478 2015 4549 jus
2055 4476 2313 4542 ﬂuminis,
2347 4475 2479 4548 [jam
2506 4476 2753 4546 proxime
2784 4472 3066 4545 descripti]
3097 4472 3295 4537 fontes,
3326 4470 3517 4525 ﬂorem

306 4746 443 4800 Ὅτι
470 4745 661 4800 αὐτόθι
688 4744 807 4799 ἐστὶ
844 4744 1106 4813 γινόμενα
1143 4741 1308 4813 θηρία
1337 4741 1400 4795 τὸ
1432 4740 1665 4811 μέγεθος
1685 4740 1814 4793 ὅσον

231 4840 539 4911 κάνθαρος,
570 4839 776 4910 ἐρυθρὰ
800 4837 845 4869 ⁸⁸
872 4837 929 4890 δὲ
976 4835 1167 4906 ὥσπερ
1214 4834 1526 4904 κιννάϐαριο
1565 4834 1735 4897 πόδας
1764 4832 1825 4887 δὲ

1936 4568 2087 4624 nasci
2117 4584 2440 4639 purpureum
2465 4607 2479 4630 ,
2509 4582 2572 4622 ex
2602 4583 2711 4637 quo
2742 4582 2979 4637 purpura
3014 4568 3251 4635 tingatur
3271 4603 3288 4630 ,
3329 4563 3520 4618 Graeca

1933 4662 2052 4731 ipsa
2077 4659 2254 4715 nihilo
2288 4659 2534 4725 inferior,
2566 4660 2674 4713 imo
2704 4659 2873 4712 multo
2903 4657 3169 4711 lloridior.

2003 4751 2204 4807 Ibidem
2234 4761 2290 4807 et
2319 4751 2572 4805 animalia
2601 4752 2714 4819 (50)
2751 4750 2901 4805 nasci
2928 4749 3193 4805 scarabaei
3232 4748 3517 4819 magnitu-
3610 4776 3620 4789 -

1933 4843 2077 4911 dine,
2103 4844 2277 4900 instar
2298 4844 2609 4899 cinnabaris
2636 4843 2909 4909 rubentia,
2930 4859 3050 4914 qua.I
3081 4844 3247 4912 pedes
3271 4842 3509 4897 habeant

234 4935 353 5006 ἔχει
422 4932 670 5003 μακροὺς
718 4930 944 5002 σφόδρα.
995 4930 1254 4985 Μαλακὸν
1303 4928 1360 4984 δέ
1425 4931 1579 4984 ἐστιν
1633 4929 1818 5002 ὥσπερ

1943 4936 2312 5009 longissimos,
2349 4946 2404 4993 et
2439 4938 2707 4993 vermium
2739 4938 2915 4993 instar
2945 4936 3128 4993 mollia
3167 4936 3322 4992 sint:
3374 4934 3524 4989 nasci

1489 5069 1719 5127 VARUE
1757 5071 2171 5132 LECTIUNES.

311 5201 359 5232 ³³
390 5214 467 5264 πη
510 5212 613 5259 εως
645 5212 708 5259 ς,
735 5204 798 5250 ut
824 5194 980 5250 solet.
1058 5193 1105 5225 ⁸⁸
1134 5192 1231 5277 καὶ
1281 5208 1348 5247 ne
1392 5194 1588 5249 habeat
1640 5195 1682 5249 A
1714 5210 1783 5249 an
1842 5195 1988 5252 aliud
2031 5198 2160 5267 quid
2202 5213 2306 5251 non
2351 5198 2539 5268 liquet.
2619 5200 2663 5232 ³⁷
2696 5208 2973 5270 σιπαχορα
3014 5217 3072 5265 ς’.

235 5269 285 5305 ³⁸
310 5268 432 5319 ε-ιει
609 5266 654 5297 ⁸⁸
684 5266 849 5319 φασὶν
878 5295 949 5306 —--
977 5262 1259 5319 ϐιωτευειν
1293 5265 1355 5316 Α.
1462 5264 1505 5295 ⁸⁸
1528 5266 1730 5319 ὁμοίως
1761 5266 1943 5319 κυνῶν
1976 5285 2036 5319 ς.
2113 5267 2159 5300 ι’
2185 5269 2357 5319 ὸουγῆ
2391 5287 2451 5319 c.
2525 5271 2572 5302 “
2606 5282 2725 5319 nost
2753 5272 2928 5319 κωιοοί
2953 5287 3072 5319 cum

339 5286 432 5338 χει
457 5286 525 5320 Δ.

609 5266 654 5297 ⁸⁸
684 5266 849 5335 φασὶν
878 5295 949 5306 --
977 5262 1259 5335 βιωτεύειν
1293 5265 1355 5335 ᾼ.

3153 5199 3199 5231 ⁸⁸
3231 5200 3281 5253 οἱ
3308 5213 3421 5254 om.
3454 5199 3521 5255 Α.

1462 5264 1505 5295 ⁸¹
1519 5266 1730 5346 ’δμοίως
1761 5266 1943 5346 κυνῶν
1976 5264 2159 5346 gf-“
2185 5269 2360 5346 ὀρυγῇ
2479 5271 2572 5346 ﬂ“
2606 5282 2725 5346 post
2753 5264 2928 5346 κιοῷοἶ
2953 5264 3074 5346 cum
3196 5271 3378 5338 omisi,
3405 5286 3524 5341 qua:

237 5332 408 5409 vulgo
434 5332 728 5405 adduntur,
758 5337 852 5389 καὶ
878 5332 1087 5389 ἄλαλοι.
1161 5334 1204 5365 ⁵⁸
1232 5333 1421 5389 τούτου
1455 5335 1549 5389 τοῦ
1564 5332 1828 5407 ’ποταμοῦ
1858 5355 1918 5402 ς.
1995 5338 2040 5371 ⁸⁸
2066 5332 2228 5411 ἦττον
2258 5332 2360 5393 A."
2401 5332 2449 5372 λθ
2474 5341 2532 5394 δὲ
2553 5332 2678 5413 post
2707 5332 2916 5413 ἐρυθρὰ
2947 5342 3070 5395 add.
3101 5344 3166 5397 Α.

1772 5458 2006 5517 NOTAE.

322 5580 441 5652 (47)
494 5578 813 5652 Hypobarns
854 5580 1053 5644 legitur
1098 5581 1238 5649 apud
1284 5580 1423 5635 Plin.
1477 5580 1572 5636 lib.
1617 5597 1831 5652 xxxv",

2016 5584 2129 5656 (49)
2161 5585 2270 5640 Pro
2309 5584 2594 5641 mendacio
2624 5584 2940 5656 hzecghabet
2977 5580 3297 5656 Pliilostrat.
3334 5578 3524 5635 Refert

243 5668 372 5719 σειν.
403 5650 439 5704 2
460 5650 601 5705 extr.
628 5651 713 5705 ubi
738 5661 793 5708 et
821 5653 1066 5707 universa
1090 5652 1228 5721 ferre
1262 5652 1396 5706 bona
1417 5667 1485 5709 ex
1516 5653 1616 5708 hoc
1635 5651 1833 5709 Ctesias
1941 5650 2217 5713 ea'tm'nen
2257 5672 2325 5711 ex
2350 5658 2551 5712 Ctesia.
2578 5656 2718 5713 Plin.
2755 5654 2847 5707 lib.
2878 5669 2975 5717 vn,
3009 5669 3128 5721 cup.
3163 5651 3217 5704 2.

243 5722 371 5776 loco
407 5724 685 5778 restituas.

322 5792 442 5860 (48)
480 5793 779 5859 Exscripsit
816 5794 930 5849 ltmc
996 5796 1078 5861 (ut
1121 5792 1430 5849 lndicorum
1468 5793 1663 5848 Ctesia:
1694 5793 1830 5846 alia-

251 5879 362 5934 que
404 5864 683 5937 pleraque)
724 5863 919 5923 :Elian.
957 5864 1051 5921 lib.
1096 5881 1168 5931 tv,
1215 5882 1334 5936 cap.
1359 5865 1446 5935 lt},
1483 5862 1623 5922 Hist.
1659 5864 1823 5921 anim.

2012 5726 2126 5798 (50)
2158 5728 2331 5801 Leges
2373 5726 2671 5801 hme‘apud
2702 5724 2980 5782 ZElianum
3024 5737 3258 5795 quoque,
3310 5721 3401 5779 lib.
3443 5737 3522 5791 tv,

1939 5797 2061 5869 cap.
2088 5800 2179 5867 46,
2211 5798 2285 5854 De
2308 5797 2532 5854 animal.
