3926 6446
465 364 574 427 223

1629 365 1889 429 PHOTII
1928 365 2429 429 PATRIARCILE
2462 370 2570 429 CP.‘

3590 376 3682 447 294

463 478 582 537 bare
614 476 666 527 in
693 474 798 537 illis
828 474 1118 530 arboribus
1135 489 1257 545 quae
1279 473 1559 531 succinum
1586 474 1789 541 ferunt,
1822 491 2041 531 earum-

2153 478 2382 550 σκώληξ.
2414 482 2523 534 Καὶ
2553 480 2760 549 γίνεται
2782 480 2956 537 ταῦτα
2994 481 3088 535 ἐπὶ
3119 480 3229 535 τῶν
3254 482 3474 555 δένδρων
3497 489 3598 547 τῶν
3626 496 3683 552 τὸ

463 583 573 638 que
598 568 806 621 fructus
830 569 896 621 ad
921 583 1044 623 eum
1077 568 1295 623 modum
1323 568 1615 638 depascere
1635 580 1801 640 atque
1828 572 2042 638 vitiare,

462 677 577 729 quo
608 660 854 729 phthires
886 661 1027 728 apud
1062 660 1283 716 Grtecos
1318 662 1457 716 viles
1489 664 1713 731 perdere
1735 677 1797 717 ae
1830 674 2045 718 vastare

463 753 662 807 solent.
691 751 836 829 48a
882 752 1044 807 ludos
1071 752 1257 822 itaque
1292 754 1621 809 animalibus
1654 754 1803 809 hisce
1836 757 2042 811 contri-

466 848 539 901 tis
572 846 798 915 punicea
826 861 921 899 sua
940 861 1063 915 saga
1095 847 1435 916 tunicasque.
1464 858 1517 902 et
1545 848 1800 916 quidquid
1819 860 2045 917 prseter-

462 956 533 993 ea
571 940 777 1003 velint,
811 938 1035 995 inﬁcere
1061 977 1076 1002 ,
1113 938 1352 993 tinctura
1404 940 1565 1010 longe
1610 956 1774 1010 quam
1823 940 2044 997 Persica

466 1031 872 1099 prwstantiore,

539 1120 735 1177 Narrat
765 1123 986 1189 insuper
1016 1120 1116 1174 hos
1140 1118 1539 1187 cynocephalus
1562 1118 1615 1173 in
1645 1118 1919 1174 montibus
1950 1120 2049 1175 ba-

468 1213 708 1267 bitantes
740 1212 945 1266 nullum
975 1226 1235 1269 exercere
1271 1210 1585 1280 epiﬁeium;
1636 1212 1728 1267 sed
1780 1212 1849 1267 de
1877 1228 2046 1267 vena-

469 1306 621 1359 tione
650 1305 853 1371 vivere,
877 1304 1130 1371 ferasque
1158 1319 1292 1372 quas
1320 1303 1616 1359 occiderint
1646 1304 1714 1358 ad
1735 1303 1902 1359 solem
1930 1314 2045 1359 tor-

468 1411 612 1449 rere.
659 1395 903 1463 Magnam
964 1392 1316 1446 nihilominus
1370 1392 1581 1460 pecoris
1613 1394 1823 1461 copiam
1874 1394 2044 1459 alere,

466 1502 867 1557 caprarumque
892 1495 946 1539 et
970 1486 1150 1543 ovium
1190 1502 1202 1538 :
1230 1500 1459 1550 quarum
1490 1484 1707 1551 quidem
1742 1485 1922 1538 ovium
1965 1486 2047 1540 lac

467 1587 635 1644 atque
662 1576 893 1645 uxygala
927 1590 1025 1643 pro
1056 1584 1181 1642 pctu
1213 1572 1320 1624 illis
1347 1572 1438 1625 sit.
1478 1569 1636 1625 Vesci
1676 1584 1853 1624 tamen
1881 1573 2045 1627 etiam

466 1667 764 1734 sipaehura:
810 1664 1023 1729 fructu;
1074 1679 1105 1717 e
1152 1678 1258 1731 qua
1294 1662 1394 1734 [uti
1444 1662 1647 1714 dictum
1693 1670 1772 1717 est
1806 1662 2044 1733 arbore],

467 1758 746 1811 succinum
786 1765 1046 1819 emanat;
1092 1755 1297 1807 dulcem
1338 1754 1481 1808 enim
1521 1754 1671 1807 illum
1722 1770 1859 1809 esse.
1895 1755 2045 1810 lluuc

466 1848 594 1901 item
634 1848 755 1901 illos
780 1847 1019 1901 fructum
1054 1846 1358 1902 arefactum
1399 1849 1450 1900 in
1481 1847 1676 1901 corbes
1707 1848 2043 1917 constipare,
2078 1818 2121 1877 Β

463 1943 533 1996 ad
559 1959 681 1995 eum
732 1942 949 1995 modmu
999 1958 1108 2011 quo
1152 1958 1289 1995 uvas
1334 1956 1521 2009 passas
1569 1940 1766 1997 Grteci.
1811 1941 2045 1997 Eosdem

463 2034 589 2088 illos
638 2034 1035 2105 cynocephalus
1092 2044 1261 2086 ratem
1317 2048 1532 2101 quoque
1584 2034 2047 2102 extemporariam

462 2137 787 2181 construere
814 2167 830 2191 ,
868 2143 974 2196 qua
1006 2128 1314 2195 impositum
1346 2126 1505 2194 hujus
1534 2126 1739 2181 fruetus
1766 2142 1906 2181 onus
1929 2167 1944 2191 ,
1992 2137 2051 2181 ut

466 2230 524 2275 et
556 2236 808 2290 purpurae
854 2221 969 2291 (sed
1009 2231 1236 2290 purgato
1277 2221 1427 2287 prius
1454 2220 1569 2284 ejus
1602 2220 1755 2289 ﬂore)
1806 2222 2049 2289 itemque

475 2312 690 2377 electri,
725 2312 792 2365 ad
821 2314 1051 2367 ducenta
1086 2321 1139 2365 et
1168 2311 1449 2379 sexaginta
1483 2311 1679 2364 talenta
1707 2351 1720 2372 ,
1751 2311 2049 2381 quotannis

468 2403 707 2457 avebant
742 2421 755 2456 :
793 2404 991 2459 additis
1047 2402 1260 2459 talentis
1311 2403 1528 2456 totidem
1583 2402 1724 2456 illius
1767 2404 2049 2471 pigmenti,

469 2511 581 2565 quo
614 2493 909 2551 infectores
950 2495 1236 2564 punit-eum
1268 2494 1503 2548 colorem
1532 2494 1809 2548 inducunt.
1846 2493 2048 2548 Electri

465 2597 727 2656 put-terea
756 2588 902 2641 mille
938 2588 1137 2643 talenta
1163 2588 1454 2656 quotannis
1484 2590 1548 2641 ad
1581 2584 1829 2641 ludorum
1865 2602 2047 2656 regem

466 2681 760 2733 advehere.
796 2680 908 2734 lmo
951 2690 1005 2732 et
1036 2680 1139 2733 alia
1191 2679 1343 2748 plura
1377 2680 1642 2733 devehere
1676 2680 1740 2732 ad
1774 2677 1932 2733 indos
1962 2694 2054 2732 ve-

467 2772 632 2835 nalia,
663 2787 761 2841 pro
790 2772 990 2839 quibus
1019 2772 1257 2826 vicissim
1286 2787 1475 2838 panes,
1512 2770 1739 2825 farinam
1767 2783 1821 2825 et
1842 2772 2054 2843 xylinas

465 2876 650 2920 vestes
678 2865 966 2935 aceipiant.
997 2863 1205 2917 Habere
1234 2879 1450 2933 quoque
1476 2880 1635 2919 enses
1656 2864 1901 2931 venales,
1930 2866 2053 2932 qui-

466 2960 569 3014 bus
601 2958 701 3027 ipsi
731 2959 795 3010 ad
832 2968 1091 3013 venatum
1121 2967 1366 3021 utuntur,
1395 2972 1517 3010 cum
1547 2956 1780 3010 arcubus
1812 2967 1870 3011 et
1895 2956 2052 3026 jacu-

466 3051 571 3116 lis;
621 3051 987 3119 peritissimos
1036 3049 1179 3102 enim
1223 3064 1344 3104 esse
1383 3047 1659 3117 jaeulandi
1690 3058 1853 3117 atque
1884 3049 2052 3119 sagit-

469 3143 640 3206 tamli,
674 3152 726 3197 et
758 3155 1016 3211 praeterea
1044 3142 1231 3205 etiam,
1265 3142 1407 3209 quod
1437 3151 1647 3193 montes
1684 3141 1931 3194 habitent
1968 3142 2049 3193 al-
2074 3172 2119 3233 Ο

467 3246 552 3290 tus
592 3246 755 3303 atque
792 3235 1099 3290 inaccessos
1129 3273 1143 3295 ,
1190 3233 1328 3288 bello
1376 3232 1789 3302 insuperabiles.
1841 3232 2041 3303 Regem

467 3327 601 3394 ipsis
633 3342 728 3394 pro
761 3340 984 3379 munere
1018 3326 1206 3392 quinto
1238 3340 1454 3394 quoque
1479 3340 1622 3377 anno
1660 3325 1900 3393 praebere
1933 3334 2042 3378 tre-

467 3431 623 3474 centa
681 3434 904 3472 arcuum
962 3417 1297 3485 totidemque
1330 3416 1635 3485 jaculorum
1681 3416 1881 3482 millia;
1930 3416 2042 3485 jam

465 3514 733 3582 peltarum
784 3520 1003 3565 centum
1054 3510 1279 3577 viginti,
1336 3517 1391 3562 et
1438 3507 1738 3576 gladiorum
1782 3509 2044 3578 quinquao

466 3606 613 3674 ginta
647 3603 835 3658 millia.
871 3601 1057 3664 Nullas
1094 3601 1224 3656 item
1261 3600 1404 3669 apud
1434 3602 1531 3654 hos
1556 3616 1677 3654 esse
1709 3602 1919 3665 domos,
1954 3603 2047 3656 sed

469 3698 522 3749 in
568 3695 741 3750 amris
776 3696 993 3761 degere.
1041 3691 1097 3746 In
1138 3692 1651 3762 venatiouejaculis
1701 3693 2047 3762 potissimum

469 3788 635 3851 feras,
668 3786 749 3839 vel
785 3787 1003 3857 sagittis
1041 3794 1260 3855 petere;
1294 3788 1620 3854 easdemque
1649 3791 2046 3858 persequendo,

467 3882 614 3949 quod
646 3895 840 3933 cursus
867 3878 1156 3932 velocitate
1181 3888 1461 3946 praestent,
1495 3882 1655 3935 etiam
1681 3881 1922 3950 assequi.
1950 3879 2054 3935 Ho-

469 3989 590 4027 rum
620 3988 818 4027 uxores
845 3974 1016 4028 semel
1045 3973 1304 4029 duntaxat
1335 3990 1430 4042 per
1459 3989 1721 4041 mensem,
1748 3990 1869 4029 cum
1896 3989 2047 4027 men~

469 4077 618 4118 Strua
679 4063 991 4131 patiuntur,
1052 4062 1277 4129 lavare;
1327 4064 1462 4117 alias
1514 4080 1813 4133 nunquam.
1866 4062 2053 4133 Neque

468 4157 616 4209 vires
654 4171 888 4223 unquam
926 4156 1147 4209 omnino
1181 4156 1384 4221 lavare,
1431 4157 1523 4210 sed
1569 4171 1762 4211 manus
1801 4165 2043 4211 tantum-

471 4250 631 4305 modo
677 4249 919 4301 abluere.
985 4246 1115 4302 Oleu
1178 4257 1351 4301 tamen
1386 4263 1451 4303 ex
1507 4248 1643 4301 lacte
1679 4249 1925 4303 confecto
1973 4259 2056 4302 ter

469 4344 663 4411 saltem
714 4343 992 4399 mensibus
1043 4342 1273 4411 singulis
1309 4342 1466 4411 ungi,
1520 4352 1574 4396 et
1608 4341 1833 4411 pellibus
1862 4343 2057 4398 deinde

472 4437 731 4506 abstergi.
764 4435 923 4489 Veste
948 4435 1015 4489 ad
1052 4435 1166 4489 haec
1199 4435 1300 4500 uti,
1345 4450 1449 4488 non
1488 4434 1675 4488 villosa
1698 4475 1714 4497 ,
1754 4437 1847 4489 sed
1880 4449 1910 4489 e
1938 4435 2058 4505 gla-

2146 570 2409 641 ῆλεκτρον
2437 572 2729 642 φερόντων,
2752 572 2847 627 καὶ
2874 574 2966 629 τὸν
2982 572 3191 643 καρπὸν
3224 576 3488 631 κατεσθίει
3522 583 3683 641 αὐτῶν

2147 661 2239 716 καὶ
2262 661 2584 732 διαφθείρει,
2612 662 2801 734 ὥσπερ
2826 666 2885 720 ἐν
2902 666 3015 728 τοῖς
3034 664 3291 734 Ἓλλησιν
3312 667 3360 718 oi
3381 666 3583 739 φθεῖρες
3597 674 3685 738 τὰς

2145 753 2449 821 ἀμπέλους.
2480 752 2665 813 Ταῦτα
2702 750 2796 808 οὖν
2843 753 2914 808 τὰ
2951 753 3115 825 θηρία
3152 754 3426 825 τρίϐοντες
3460 758 3505 809 oi
3552 761 3686 814 Ἰνδοὶ

2148 845 2414 916 βάπτουσι
2452 848 2549 911 τάς
2586 847 2886 916 φοινικίδας
2918 847 3013 900 καὶ
3050 847 3179 909 τοὺς
3202 846 3432 916 χιτῶνας
3458 849 3545 903 καὶ
3574 851 3687 907 ἀλλο

2146 937 2248 991 ὃτι
2286 937 2352 991 ἂν
2398 938 2717 1008 βούλωνται.
2776 938 2887 992 Καὶ
2944 936 3054 990 είσὶ
3097 936 3142 968 ⁸⁷
3185 935 3380 1007 βελτίω
3418 937 3522 991 τῶν
3553 943 3689 1013 παρά

2147 1029 2381 1100 Πέρσαις
2406 1030 2729 1100 βαμμάτων.

2221 1122 2345 1174 Ὅτι
2375 1123 2425 1175 οἱ
2477 1122 2837 1190 κυνοκέφαλοι
2870 1122 3149 1187 οἰκοῦντες
3179 1124 3239 1178 ὲν
3270 1125 3383 1187 τοῖς
3412 1124 3583 1194 ὄρεσιν
3606 1126 3692 1180 οὐκ

2148 1210 2493 1281 ἐργάζονται,
2525 1213 2635 1266 ἀπὸ
2675 1210 2845 1283 θήρας
2870 1212 2929 1267 δὲ
2972 1209 3157 1275 ζῶσιν·
3211 1213 3337 1266 ὅταν
3368 1213 3422 1265 δὲ
3459 1214 3691 1268 ἀποκτεί-

2149 1321 2311 1357 νωσιν
2336 1304 2498 1367 αὐτὰ,
2531 1304 2737 1358 ὀπτῶσι
2764 1304 2897 1374 πρὸς
2922 1302 3013 1358 τὸν
3046 1304 3215 1373 ἥλιον.
3247 1304 3516 1374 Τρέφουσι
3534 1305 3587 1357 δὲ
3612 1309 3694 1360 καὶ

2150 1396 2399 1470 πρόϐατα
2436 1398 2607 1451 πολλά
2659 1400 2754 1451 καὶ
2796 1394 2957 1465 αἶγας
3003 1400 3098 1451 καὶ
3144 1398 3299 1461 ὅνους
3325 1399 3392 1463 ⁸⁸,
3424 1398 3694 1455 meum:

2148 1490 2288 1559 γάλα
2305 1490 2399 1543 καὶ
2422 1488 2660 1556 ὁξύγαλα
2686 1487 2796 1542 τῶν
2820 1488 3131 1559 προϐάτων.
3150 1489 3206 1541 Ἐ
3216 1488 3276 1541 σθ
3286 1488 3421 1541 ίουσι
3442 1488 3495 1542 δὲ
3517 1492 3605 1543 καὶ
3618 1491 3695 1543 τὸν

2149 1580 2361 1651 καρπὸν
2389 1580 2485 1633 τοῦ
2514 1581 2865 1651 σιπταχόρου,
2894 1583 2991 1648 ἀφ’
3015 1575 3077 1634 οὗ
3099 1580 3190 1633 τὸν
3213 1581 3468 1651 ἤλεκτρον
3494 1580 3695 1651 (γλυκὺς

2149 1674 2259 1744 γάρ
2282 1671 2442 1743 ὲστι)’
2491 1674 2586 1726 καὶ
2607 1673 2965 1744 ,ξηραίνοντες
2988 1673 3197 1739 ζαύτοὺς
3228 1675 3486 1743 σπυρίδας
3523 1678 3697 1747 συρρά-

2150 1783 2394 1830 πτουσιν,
2412 1765 2670 1836 ὥσπερέν
2684 1767 2796 1829 τοῖς
2814 1765 3042 1837 Ἕλλησι
3061 1766 3160 1836 τὴν
3181 1765 3445 1832 ἀσταφίδα
3475 1767 3538 1819 ⁸⁸.
3565 1769 3621 1819 υἱ
3650 1767 3699 1820 δὲ

2150 1859 2509 1929 κυνοκέφαλοι
2538 1859 2752 1929 σχεδίαν
2798 1860 3161 1929 ποιησάμενοι
3190 1859 3285 1912 καὶ
3313 1858 3581 1923 ἐπιθέντες
3611 1860 3701 1912 ἀπ-

2151 1952 2407 2020 άγουσι⁸⁶
2424 1951 2621 2020 φόρτον
2645 1950 2833 2004 τούτου
2865 1952 2961 2006 καὶ
2989 1951 3090 2020 τῆς
3119 1950 3406 2020 πορφύρας
3426 1992 3441 2016 ,
3471 1951 3530 2003 τὸ
3561 1950 3703 2015 ἄνθος

2150 2042 2388 2111 καθαρὸν
2428 2044 2769 2111 ποιήσαντες,
2801 2039 2918 2111 [καὶ¹
2957 2040 3051 2093 τοῦ
3084 2041 3352 2111 ἠλέκτρου
3388 2039 3456 2109 δ’]
3485 2040 3524 2105 ξ’
3551 2043 3636 2093 καὶ
3662 2039 3701 2092 ο¹

2154 2132 2236 2205 [91
2277 2133 2370 2203 H.|
2398 2133 2633 2186 τάλαντα
2666 2132 2759 2185 τοῦ
2783 2132 3031 2186 ἐνιαυτοῦ
3055 2177 3071 2201 ,
3128 2133 3223 2187 καὶ
3254 2135 3360 2205 ὅτῳ
3386 2136 3431 2166 ⁵³
3457 2134 3516 2185 τὸ
3543 2133 3699 2203 φοινί-

2150 2241 2267 2277 κιον
2304 2222 2609 2293 βάπτεται,
2644 2222 2741 2274 τοῦ
2783 2224 3075 2293 φαρμάκου
3122 2225 3289 2295 ἕτερα
3324 2222 3571 2278 τοσαῦτα.
3604 2226 3700 2280 Καὶ

2152 2315 2420 2385 ἠλέκτρου
2455 2313 2598 2383 χίλια
2632 2313 2870 2366 τάλαντα
2897 2316 3173 2383 ἀπάγουσι
3206 2315 3328 2368 κατ’
3376 2316 3613 2369 ἐνιαυτὸν
3638 2315 3702 2385 τῷ

2163 2405 2338 2458 Ἰνδῶν
2361 2404 2702 2474 βασιλεῖ.Κα“ι
2728 2404 2893 2474 ἕτερα
2910 2405 2967 2457 δὲ
2992 2406 3327 2473 κατάγοντες
3350 2406 3585 2459 πωλοῦσι
3608 2410 3703 2468 τοῖς

2163 2495 2340 2558 Ἰνδοῖς
2372 2495 2506 2565 πρὸς
2549 2494 2745 2566 ἄρτους
2794 2496 2889 2547 καὶ
2936 2496 3135 2565 ἄλφιτα
3168 2496 3266 2549 καὶ
3299 2495 3481 2562 ξύλινα
3516 2498 3703 2566 ἱμάτια.

2152 2588 2398 2643 Πωλοῦσι
2440 2589 2497 2642 δὲ
2530 2588 2624 2641 καὶ
2668 2587 2795 2658 ξίφη
2827 2628 2842 2652 ,
2902 2582 2983 2651 οἷς
3018 2589 3261 2659 χρῶνται
3303 2589 3440 2659 πρὸς
3471 2589 3565 2658 τὴν
3614 2587 3707 2640 τῶν

2153 2684 2357 2755 θηρίων
2386 2684 2582 2754 ἄγραν,
2614 2685 2708 2737 καὶ
2738 2681 2865 2747 τόξα
2901 2684 2994 2736 καὶ
3020 2683 3269 2736 ἁκόντια’
3312 2685 3452 2738 πάνυ
3498 2686 3600 2754 γὰρ
3626 2684 3708 2736 καὶ

2150 2775 2312 2829 δεινοί
2342 2777 2479 2828 εἰσιν
2515 2774 2818 2838 ἀκοντίζειν
2853 2778 2947 2829 καὶ
2996 2776 3262 2839 τοξεύειν.
3302 2776 3647 2846 Ἀπολέμητοι
3670 2776 3708 2827 δ’

2152 2870 2259 2922 sici.
2285 2870 2373 2923 διὰ
2400 2869 2460 2922 τὸ
2525 2870 2694 2922 οἰκεῖν
2756 2869 2954 2931 αὐτοὺς
3009 2869 3139 2938 ὄρεα
3195 2869 3374 2921 ἄϐατα
3404 2869 3495 2921 καὶ
3528 2867 3706 2936 ὑψηλά.

2152 2960 2345 3019 Δίδωσι
2379 2960 2437 3012 δὲ
2470 2959 2651 3021 αὐτοῖς
2691 2958 2779 3011 διὰ
2828 2958 3082 3024 πέμπτου
3135 2958 3292 3020 ἔτους
3329 2957 3475 3028 δῶρα
3510 2959 3536 3008 ό
3574 2958 3710 3025 βασι-

2152 3054 2299 3117 λεὺς,
2328 3053 2369 3105 λ’
2399 3052 2496 3123 μὲν
2528 3050 2793 3122 μυριάδας
2816 3050 3007 3116 τόξων,
3030 3052 3125 3104 καὶ
3153 3051 3423 3104 ἀκοντίων
3446 3049 3708 3110 τοσαύτας,

2152 3146 2362 3201 πελτῶν
2388 3145 2443 3198 δὲ
2464 3144 2550 3216 ιβ’,
2574 3146 2665 3198 καὶ
2681 3144 2806 3214 ξίφη
2821 3144 2875 3195 δὲ
2901 3143 3366 3213 πεντακισμύρια.
3382 3142 3597 3203 Τούτοις
3616 3142 3712 3202 τοῖς

2149 3237 2536 3307 κυνοκεφάλοις
2566 3237 2666 3290 οὐκ
2686 3237 2821 3291 είσὶν
2851 3236 3040 3301 οἰκίαι,
3063 3236 3177 3289 ἀλλ’
3209 3239 3268 3289 ἐν
3291 3235 3568 3305 σπηλαίοις
3598 3234 3715 3286 διαι-

2147 3331 2371 3385 τῶνται.
2390 3330 2693 3401 Θηρεύουσι
2710 3330 2767 3383 δὲ
2792 3329 2860 3383 τὰ
2878 3330 3043 3400 θηρία
3076 3329 3390 3394 τοξεύοντες
3415 3329 3505 3383 καὶ
3521 3326 3716 3381 ἀκοντί-

2150 3422 2459 3487 ζοντες,καὶ
2472 3422 2755 3483 διώκοντες
2781 3420 3283 3491 καταλαμϐάνουσιο
3308 3421 3443 3491 ταχὺ
3471 3422 3573 3490 γὰρ
3610 3418 3719 3488 τρέ-

2149 3534 2325 3588 χουσι.
2344 3516 2603 3569 Λούονται
2627 3514 2683 3566 δὲ
2705 3516 2761 3566 αἱ
2792 3516 3047 3581 γυναῖκες
3066 3511 3248 3567 αὐτῶν
3265 3513 3412 3578 ἅπαξ
3435 3512 3523 3567 τοῦ
3549 3511 3717 3582 μηνὸς,

2149 3609 2277 3661 ὅταν
2306 3606 2373 3659 τά
2393 3605 2709 3675 καταμήνια
2730 3605 2918 3666 αὑταῖς
2941 3605 2985 3637 ³⁸
3019 3604 3168 3674 ἔλθῃ,
3192 3603 3385 3656 ἄλλοτε
3404 3606 3449 3657 δ’
3483 3603 3540 3656 οὗ
3561 3619 3573 3632 °
3594 3604 3638 3655 οἱ
3671 3600 3719 3654 δὲ

2150 3697 2339 3767 ἄνδρες
2368 3698 2427 3749 οὐ
2461 3695 2713 3750 λούονται
2756 3697 2876 3766 μὲν,
2906 3695 3003 3758 τὰς
3030 3696 3087 3750 δὲ
3125 3699 3319 3767 χεῖρας
3362 3696 3719 3759 ἀπονίζονται.

2165 3790 2363 3858 Ἐλαίῳ
2393 3788 2451 3841 δὲ
2494 3787 2739 3857 χρίονται
2784 3786 2829 3818 ⁵³
2862 3788 2981 3858 τρὶς
3023 3787 3116 3839 τοῦ
3165 3790 3361 3857 μηνὸς,
3393 3789 3471 3860 τῷ
3500 3790 3607 3841 ἀπὸ
3642 3783 3718 3837 τοῦ

2151 3880 2424 3950 γάλακτος
2459 3878 2765 3949 γινομένῳ,
2801 3880 2897 3932 καὶ
2943 3879 3287 3949 ἐκτρίϐονται
3329 3882 3585 3951 δέρμασι.
3629 3877 3722 3946 Τὴν

2152 3971 2209 4023 δὲ
2267 3970 2471 4040 ἐσθῆτα
2517 3968 2733 4040 ἔχουσιν
2791 3970 2851 4022 οὐ
2903 3970 3123 4022 δασεῖαν
3152 4008 3168 4034 ,
3236 3969 3379 4023 ἀλλά
3411 3970 3578 4038 ψιλῶν
3633 3968 3725 4022 τῶν

2161 4062 2593 4133 μασθλημάτων,
2657 4061 2732 4125 ὼς
2812 4062 3188 4123 λεπτοτάτων,
3254 4063 3354 4116 καὶ
3414 4063 3567 4116 αὐτοὶ
3645 4059 3725 4112 καὶ

2161 4154 2216 4204 αἱ
2284 4153 2542 4219 γυναῖκες
2605 4151 2805 4204 αὐτῶν.
2873 4151 2937 4201 Ui
3003 4150 3059 4202 δὲ
3107 4151 3507 4203 πλουσιώτατοι
3567 4149 3725 4203 αὐτῶν

2156 4245 2279 4297 λινᾶ
2338 4243 2618 4313 φοροῦσιν’
2695 4239 2841 4296 οὗτοι
2890 4241 2933 4295 δ’
2977 4243 3115 4296 εἰσίν
3171 4243 3367 4311 ὀλίγοι.
3440 4246 3627 4296 Κλίναι
3678 4240 3726 4293 δὲ

2158 4339 2341 4401 αὐτοῖς
2373 4338 2472 4390 οὐκ
2494 4338 2652 4401 εἰσὶν,
2691 4336 2827 4389 ἀλλὰ
2860 4336 3119 4399 στιϐάδας
3167 4337 3473 4393 ποιοῦνται.
3501 4330 3659 4398 Οὗτος
3688 4333 3727 4386 δ’

2159 4432 2340 4486 αὐτῶν
2373 4431 2775 4493 πλουσιώτατος
2818 4432 3103 4500 νομίζεται
3139 4427 3300 4496 εἶναι,
3347 4426 3391 4500 ᾧ
3424 4432 3489 4485 ἂν
3520 4432 3729 4485 πλεῖστα

472 4529 585 4583 bris
625 4529 1024 4597 maceratisque
1051 4528 1286 4597 pellibus
1321 4543 1483 4595 quam
1517 4527 1876 4591 tenuissimis,
1909 4527 2049 4596 ipsos

2162 4524 2412 4596 πρόϐατα
2543 4524 2579 4592 ἡ
2612 4523 2668 4575 δὲ
2689 4522 2823 4592 ἄλλη
2850 4521 3011 4576 οὐσία
3037 4523 3415 4593 παραπλησία.
3449 4523 3625 4591 Οὑρὰν
3677 4519 3727 4572 δὲ

473 4633 626 4687 mque
665 4629 826 4687 atque
868 4633 1067 4673 uxores
1107 4618 1393 4687 :exceptis
1434 4618 1572 4671 forte
1601 4618 1887 4673 ditissimis
1919 4619 2061 4673 inter

472 4728 590 4777 eos,
626 4720 680 4767 et
711 4712 775 4764 iis
816 4711 1033 4779 quidem
1070 4709 1279 4779 paucis,
1313 4710 1406 4779 qui
1460 4709 1634 4765 liueos
1684 4718 1896 4780 gestent
1923 4711 2061 4765 ami-

474 4818 616 4866 ctus.
645 4804 755 4859 Nec
791 4807 919 4858 item
948 4804 1210 4859 lectorum
1242 4805 1457 4859 novisse
1492 4820 1649 4858 usum
1691 4819 1804 4869 eos,
1842 4804 1933 4873 qui
1963 4819 2059 4858 ex-

473 4910 855 4969 temporaneos
899 4899 1003 4953 sibi
1048 4907 1196 4953 toros
1239 4908 1545 4953 exstruant.
1590 4898 1748 4952 Hunc
1790 4898 1933 4967 apud
1962 4912 2058 4953 eos

470 4993 800 5057 ditissimum
842 4991 1067 5055 haberi,
1113 4991 1204 5060 qui
1242 4990 1532 5059 plurimum
1573 4990 1769 5044 habeat
1813 4990 2053 5059 pecoris,

471 5098 537 5139 ac
584 5084 821 5153 reliquas
873 5096 1002 5150 opes
1058 5081 1145 5137 his
1211 5082 1603 5150 propemodum
1652 5096 1772 5135 esse
1826 5081 2053 5135 similes.

473 5179 710 5232 Caudam
732 5176 844 5247 (51)
870 5176 1089 5243 insuper
1120 5176 1316 5228 habere
1341 5190 1554 5238 ornues,
1585 5184 1692 5227 tam
1720 5174 1865 5228 virus
1889 5188 2059 5241 quam

2162 4619 2352 4689 έχουσι
2383 4617 2607 4682 πάντες,
2651 4615 2745 4669 καὶ
2773 4614 2966 4686 ἄνδρες
3011 4616 3105 4668 καὶ
3137 4618 3418 4684 γυναῖκες,
3456 4616 3592 4684 ὑπὲρ
3629 4612 3729 4665 τῶν

2166 4712 2374 4783 ἰσχίων,
2395 4710 2623 4779 οἵανπερ
2644 4707 2811 4771 κύων,
2832 4702 3058 4778 μείζονα
3087 4708 3144 4760 δὲ
3174 4710 3267 4760 καὶ
3289 4708 3483 4762 δασυτέ
3492 4724 3607 4779 ραν.
3634 4702 3730 4756 Καὶ

2165 4804 2469 4874 μίσγονται,
2512 4802 2631 4863 ταῖς
2702 4797 2918 4867 γυναιξὶ
2976 4799 3399 4869 τετραποδιστὶ.
3457 4798 3640 4866 ὥσπερ
3687 4794 3730 4845 oi

2160 4896 2345 4957 κύνες·
2405 4892 2534 4965 [155
2580 4889 2672 4962 ιι]
2728 4890 2905 4953 ἄλλως
2956 4891 3012 4943 δὲ
3084 4890 3312 4960 μιγῆναι
3361 4891 3543 4953 αὐτοῖς
3597 4885 3732 4940 ἐστὶν

2161 4986 2406 5055 αἰσχρόν.
2448 4985 2656 5037 Δίκαιοι
2681 4982 2738 5035 δέ
2762 4985 2892 5045 εἰσι,
2929 4984 3021 5034 καὶ
3053 4981 3495 5051 μακροϐιώτατοι
3527 4980 3731 5034 πάντων

2160 5075 2502 5148 ἀνθρώπιον·
2536 5076 2668 5140 ζῶσι
2691 5075 2801 5147 γὰρ
2832 5074 2927 5145 ἔτη
2976 5073 3018 5144 ρ’
3073 5075 3167 5127 καὶ
3201 5072 3264 5139 o',
3306 5074 3439 5128 ἔνιοι
3466 5075 3523 5127 δὲ
3567 5069 3734 5126 αὐτῶν

2159 5190 2257 5227 και
2288 5189 2353 5222 σ.

475 5272 750 5339 mulieres,
788 5286 949 5340 supra
981 5270 1189 5338 clunes,
1234 5272 1444 5325 canina:
1476 5271 1733 5332 similem,
1799 5269 1901 5323 nisi
1970 5269 2115 5337 quod
2155 5266 2327 5333 major
2384 5266 2495 5329 sit,
2551 5274 2607 5319 et
2672 5265 2794 5335 pilis
2856 5263 3095 5318 densior.
3150 5261 3544 5331 Qtndrupedes
3613 5256 3733 5310 item

1785 5383 2017 5440 VARhE
2057 5384 2464 5439 LECTIONES.

565 5491 607 5522 ⁵⁷
633 5492 726 5545 καὶ
748 5492 857 5544 εἰσὶ
886 5490 930 5543 A
960 5508 973 5545 :
1006 5489 1115 5543 είσὶ
1137 5491 1194 5543 δὲ
1220 5492 1313 5544 καὶ
1344 5507 1404 5555 ς.

487 5563 530 5593 ⁸²
566 5562 694 5635 ὅτῳ]
731 5561 874 5615 οὕτω
897 5579 958 5626 ς’.
1035 5562 1081 5597 ⁵³
1119 5562 1289 5631 αὐτῆς
1322 5565 1381 5628 ιιι.

1482 5487 1528 5521 ⁸⁸
1553 5490 1709 5552 ὅνους
1734 5490 1775 5543 Α
1803 5506 1816 5542 :
1843 5488 1926 5552 δῖς
1954 5506 2015 5552 ς.

1455 5560 1503 5591 δ”
1533 5560 1772 5631 χρῶνται
1811 5577 1871 5625 ς.

2092 5489 2136 5519 ⁵³
2174 5486 2403 5558 σταφίδα
2435 5504 2496 5550 ς.
2572 5485 2619 5518 ⁸⁸
2643 5485 2909 5553 ἐπάγουσι
2938 5485 3000 5537 Δ.
3076 5483 3119 5517 ⁶¹
3147 5482 3411 5553 ἠλέκτρου
3436 5493 3547 5533 om.
3577 5490 3653 5545 pr.
3675 5470 3736 5524 Α.

2016 5676 2245 5733 Νυί·Α;.

565 5792 676 5865 (3|)
714 5793 1080 5854 Caudatorum
1112 5798 1396 5854 hominum
1427 5794 1673 5852 meminit
1701 5812 1917 5866 quoque
1952 5795 2089 5851 Plin.
2126 5796 2217 5852 lib.
2254 5811 2347 5862 ut,
2384 5810 2505 5865 cap.
2536 5793 2570 5846 2
2595 5792 2645 5847 in
2684 5792 2811 5845 line.
