  <div class='ocr_page' id='page_1' title='image "/cluster/home/n/w/nwhite01/storage/ocr_20150623/103:no.3/coo.31924054870070/126.png"; bbox 0 0 3926 6434; ppageno 0'>
   <div class='ocr_carea' id='block_1_1' title="bbox 194 384 283 450">
    <p class='ocr_par' dir='ltr' id='par_1_1' title="bbox 194 384 283 450">
     <span class='ocr_line' id='line_1_1' title="bbox 194 384 283 450; baseline 0 0"><span class='ocrx_word' id='word_1_1' title='bbox 194 384 283 450; x_wconf 76' lang='lat'><strong>225</strong></span> 
     </span>
    </p>
   </div>
   <div class='ocr_carea' id='block_1_2' title="bbox 1237 362 2355 431">
    <p class='ocr_par' dir='ltr' id='par_1_2' title="bbox 1237 362 2355 431">
     <span class='ocr_line' id='line_1_2' title="bbox 1237 362 2355 431; baseline -0.003 0"><span class='ocrx_word' id='word_1_2' title='bbox 1237 362 1764 431; x_wconf 77' lang='lat' dir='ltr'><strong>BIBLIOTHECA.</strong></span> <span class='ocrx_word' id='word_1_3' title='bbox 1802 392 1872 403; x_wconf 92' lang='grc'><strong><em>-</em></strong></span> <span class='ocrx_word' id='word_1_4' title='bbox 1908 367 2070 427; x_wconf 88' lang='lat' dir='ltr'><strong>COD.</strong></span> <span class='ocrx_word' id='word_1_5' title='bbox 2114 367 2355 428; x_wconf 82' lang='lat' dir='ltr'><strong>LXXII.</strong></span> 
     </span>
    </p>
   </div>
   <div class='ocr_carea' id='block_1_3' title="bbox 3302 363 3412 429">
    <p class='ocr_par' dir='ltr' id='par_1_3' title="bbox 3302 363 3412 429">
     <span class='ocr_line' id='line_1_3' title="bbox 3302 363 3412 429; baseline -0.036 0"><span class='ocrx_word' id='word_1_6' title='bbox 3302 363 3412 429; x_wconf 71' lang='lat'><strong>9‘26</strong></span> 
     </span>
    </p>
   </div>
   <div class='ocr_carea' id='block_1_4' title="bbox 191 478 3408 557">
    <p class='ocr_par' dir='ltr' id='par_1_4' title="bbox 191 478 3408 557">
     <span class='ocr_line' id='line_1_4' title="bbox 191 478 3408 557; baseline -0.004 -12"><span class='ocrx_word' id='word_1_7' title='bbox 191 493 293 557; x_wconf 80' lang='lat' dir='ltr'><strong>bos,</strong></span> <span class='ocrx_word' id='word_1_8' title='bbox 352 500 535 544; x_wconf 82' lang='lat' dir='ltr'><strong>canum</strong></span> <span class='ocrx_word' id='word_1_9' title='bbox 574 497 735 545; x_wconf 86' lang='lat' dir='ltr'><strong>more,</strong></span> <span class='ocrx_word' id='word_1_10' title='bbox 780 496 903 537; x_wconf 89' lang='lat' dir='ltr'><strong>cum</strong></span> <span class='ocrx_word' id='word_1_11' title='bbox 936 478 1078 554; x_wconf 59' lang='lat'><strong>580</strong></span> <span class='ocrx_word' id='word_1_12' title='bbox 1115 480 1433 537; x_wconf 83' lang='lat' dir='ltr'><strong>mulieribus</strong></span> <span class='ocrx_word' id='word_1_13' title='bbox 1483 480 1776 551; x_wconf 78' lang='lat' dir='ltr'><strong>congredi,</strong></span> <span class='ocrx_word' id='word_1_14' title='bbox 1818 481 2088 550; x_wconf 84' lang='lat' dir='ltr'><strong>aliumque</strong></span> <span class='ocrx_word' id='word_1_15' title='bbox 2132 478 2521 550; x_wconf 82' lang='lat' dir='ltr'><strong>congrediendi</strong></span> <span class='ocrx_word' id='word_1_16' title='bbox 2574 479 2789 531; x_wconf 87' lang='lat' dir='ltr'><strong>modum</strong></span> <span class='ocrx_word' id='word_1_17' title='bbox 2850 490 3067 531; x_wconf 89' lang='lat' dir='ltr'><strong>omnem</strong></span> <span class='ocrx_word' id='word_1_18' title='bbox 3121 491 3220 546; x_wconf 89' lang='lat' dir='ltr'><strong>pro</strong></span> <span class='ocrx_word' id='word_1_19' title='bbox 3263 481 3408 548; x_wconf 76' lang='lat' dir='ltr'><strong>turpi</strong></span> 
     </span>
    </p>
   </div>
   <div class='ocr_carea' id='block_1_5' title="bbox 178 569 3409 645">
    <p class='ocr_par' dir='ltr' id='par_1_5' title="bbox 178 569 3409 645">
     <span class='ocr_line' id='line_1_5' title="bbox 178 569 3409 645; baseline -0.005 -7"><span class='ocrx_word' id='word_1_20' title='bbox 178 585 382 639; x_wconf 70' lang='lat' dir='ltr'><strong>habere.</strong></span> <span class='ocrx_word' id='word_1_21' title='bbox 411 577 741 633; x_wconf 82' lang='lat' dir='ltr'><strong>Justissimos</strong></span> <span class='ocrx_word' id='word_1_22' title='bbox 781 575 999 630; x_wconf 86' lang='lat' dir='ltr'><strong>eosdem</strong></span> <span class='ocrx_word' id='word_1_23' title='bbox 1030 588 1188 641; x_wconf 81' lang='lat' dir='ltr'><strong>esse,</strong></span> <span class='ocrx_word' id='word_1_24' title='bbox 1225 574 1455 643; x_wconf 63' lang='lat' dir='ltr'><strong>vitatque</strong></span> <span class='ocrx_word' id='word_1_25' title='bbox 1487 572 1728 639; x_wconf 81' lang='lat' dir='ltr'><strong>reliquos</strong></span> <span class='ocrx_word' id='word_1_26' title='bbox 1770 574 1913 627; x_wconf 90' lang='lat' dir='ltr'><strong>inter</strong></span> <span class='ocrx_word' id='word_1_27' title='bbox 1947 573 2195 627; x_wconf 84' lang='lat' dir='ltr'><strong>homines</strong></span> <span class='ocrx_word' id='word_1_28' title='bbox 2232 573 2587 645; x_wconf 70' lang='lat' dir='ltr'><strong>longissime.</strong></span> <span class='ocrx_word' id='word_1_29' title='bbox 2639 569 2833 625; x_wconf 83' lang='lat' dir='ltr'><strong>Vivere</strong></span> <span class='ocrx_word' id='word_1_30' title='bbox 2892 584 3129 638; x_wconf 87' lang='lat' dir='ltr'><strong>namque</strong></span> <span class='ocrx_word' id='word_1_31' title='bbox 3179 572 3245 623; x_wconf 87' lang='lat' dir='ltr'><strong>ad</strong></span> <span class='ocrx_word' id='word_1_32' title='bbox 3277 584 3409 625; x_wconf 82' lang='lat' dir='ltr'><strong>ccu-</strong></span> 
     </span>
    </p>
   </div>
   <div class='ocr_carea' id='block_1_6' title="bbox 198 667 2799 741">
    <p class='ocr_par' dir='ltr' id='par_1_6' title="bbox 198 667 2799 741">
     <span class='ocr_line' id='line_1_6' title="bbox 198 667 2799 741; baseline -0.004 -9"><span class='ocrx_word' id='word_1_33' title='bbox 198 678 409 732; x_wconf 81' lang='lat' dir='ltr'><strong>tesimum</strong></span> <span class='ocrx_word' id='word_1_34' title='bbox 457 682 617 740; x_wconf 85' lang='lat' dir='ltr'><strong>utque</strong></span> <span class='ocrx_word' id='word_1_35' title='bbox 665 679 721 724; x_wconf 91' lang='lat' dir='ltr'><strong>et</strong></span> <span class='ocrx_word' id='word_1_36' title='bbox 763 669 1221 741; x_wconf 75' lang='lat' dir='ltr'><strong>septuagesimum</strong></span> <span class='ocrx_word' id='word_1_37' title='bbox 1248 710 1263 734; x_wconf 92' lang='lat'><strong>,</strong></span> <span class='ocrx_word' id='word_1_38' title='bbox 1313 667 1708 738; x_wconf 75' lang='lat' dir='ltr'><strong>nonnullasque</strong></span> <span class='ocrx_word' id='word_1_39' title='bbox 1751 669 1822 723; x_wconf 82' lang='lat' dir='ltr'><strong>ad</strong></span> <span class='ocrx_word' id='word_1_40' title='bbox 1865 669 2289 724; x_wconf 87' lang='lat' dir='ltr'><strong>ducentesimum</strong></span> <span class='ocrx_word' id='word_1_41' title='bbox 2325 685 2543 739; x_wconf 88' lang='lat' dir='ltr'><strong>quoque</strong></span> <span class='ocrx_word' id='word_1_42' title='bbox 2576 686 2799 724; x_wconf 90' lang='lat' dir='ltr'><strong>annmn.</strong></span> 
     </span>
    </p>
   </div>
   <div class='ocr_carea' id='block_1_7' title="bbox 182 762 1735 839">
    <p class='ocr_par' dir='ltr' id='par_1_7' title="bbox 182 762 1722 839">
     <span class='ocr_line' id='line_1_7' title="bbox 182 762 1722 839; baseline -0.024 -12"><span class='ocrx_word' id='word_1_43' title='bbox 182 765 190 771; x_wconf 67' lang='grc'><em>’</em></span> <span class='ocrx_word' id='word_1_44' title='bbox 257 770 407 839; x_wconf 83' lang='grc' dir='ltr'><strong>’Υπὲρ</strong></span> <span class='ocrx_word' id='word_1_45' title='bbox 427 767 477 820; x_wconf 83' lang='grc' dir='ltr'><strong>δὲ</strong></span> <span class='ocrx_word' id='word_1_46' title='bbox 502 764 700 818; x_wconf 75' lang='grc' dir='ltr'>τούτων</span> <span class='ocrx_word' id='word_1_47' title='bbox 728 765 775 797; x_wconf 82' lang='grc'><strong><em>⁵⁸</em></strong></span> <span class='ocrx_word' id='word_1_48' title='bbox 795 765 1016 835; x_wconf 77' lang='grc' dir='ltr'>ἑτέρους</span> <span class='ocrx_word' id='word_1_49' title='bbox 1064 763 1196 833; x_wconf 71' lang='grc' dir='ltr'>φασὶ</span> <span class='ocrx_word' id='word_1_50' title='bbox 1225 762 1514 832; x_wconf 66' lang='grc' dir='ltr'><strong>βιοτεύειν,</strong></span> <span class='ocrx_word' id='word_1_51' title='bbox 1541 764 1589 794; x_wconf 76' lang='lat' dir='ltr'><strong>as</strong></span> <span class='ocrx_word' id='word_1_52' title='bbox 1610 762 1722 816; x_wconf 70' lang='grc' dir='ltr'><strong>ἄνω</strong></span> 
     </span>
    </p>
   </div>
   <div class='ocr_carea' id='block_1_8' title="bbox 1840 762 3416 839">
    <p class='ocr_par' dir='ltr' id='par_1_8' title="bbox 1901 762 3416 831">
     <span class='ocr_line' id='line_1_8' title="bbox 1901 762 3416 831; baseline -0.001 -14"><span class='ocrx_word' id='word_1_53' title='bbox 1901 762 2011 817; x_wconf 84' lang='lat' dir='ltr'><strong>Hos</strong></span> <span class='ocrx_word' id='word_1_54' title='bbox 2034 764 2178 818; x_wconf 85' lang='lat' dir='ltr'><strong>ultra</strong></span> <span class='ocrx_word' id='word_1_55' title='bbox 2208 763 2402 819; x_wconf 83' lang='lat' dir='ltr'><strong>scribit</strong></span> <span class='ocrx_word' id='word_1_56' title='bbox 2434 764 2686 817; x_wconf 75' lang='lat' dir='ltr'><strong>habitare</strong></span> <span class='ocrx_word' id='word_1_57' title='bbox 2722 764 2860 817; x_wconf 89' lang='lat' dir='ltr'><strong>alios</strong></span> <span class='ocrx_word' id='word_1_58' title='bbox 2902 778 3064 831; x_wconf 86' lang='lat' dir='ltr'><strong>supra</strong></span> <span class='ocrx_word' id='word_1_59' title='bbox 3097 762 3243 816; x_wconf 82' lang='lat' dir='ltr'><strong>ﬂuvii</strong></span> <span class='ocrx_word' id='word_1_60' title='bbox 3268 762 3416 816; x_wconf 88' lang='lat' dir='ltr'><strong>illius</strong></span> 
     </span>
    </p>
   </div>
   <div class='ocr_carea' id='block_1_9' title="bbox 201 848 1725 930">
    <p class='ocr_par' dir='ltr' id='par_1_9' title="bbox 201 848 1725 930">
     <span class='ocr_line' id='line_1_9' title="bbox 201 848 1725 930; baseline -0.003 -20"><span class='ocrx_word' id='word_1_61' title='bbox 201 859 476 930; x_wconf 68' lang='grc' dir='ltr'>τῶνπηγῶν</span> <span class='ocrx_word' id='word_1_62' title='bbox 500 856 587 910; x_wconf 74' lang='grc' dir='ltr'>τοῦ</span> <span class='ocrx_word' id='word_1_63' title='bbox 616 855 889 926; x_wconf 80' lang='grc' dir='ltr'>ποταμοῦ.</span> <span class='ocrx_word' id='word_1_64' title='bbox 923 848 1083 909; x_wconf 77' lang='grc' dir='ltr'>Οὗτοι</span> <span class='ocrx_word' id='word_1_65' title='bbox 1123 855 1167 886; x_wconf 83' lang='grc'><strong>⁸⁷</strong></span> <span class='ocrx_word' id='word_1_66' title='bbox 1211 855 1268 907; x_wconf 73' lang='grc' dir='ltr'><strong>δὲ</strong></span> <span class='ocrx_word' id='word_1_67' title='bbox 1298 856 1348 907; x_wconf 79' lang='grc' dir='ltr'><strong>οἱ</strong></span> <span class='ocrx_word' id='word_1_68' title='bbox 1372 854 1418 887; x_wconf 76' lang='grc'>⁸⁸</span> <span class='ocrx_word' id='word_1_69' title='bbox 1445 853 1725 925; x_wconf 77' lang='grc' dir='ltr'>ἄνθρωποι</span> 
     </span>
    </p>
   </div>
   <div class='ocr_carea' id='block_1_10' title="bbox 214 947 1725 1029">
    <p class='ocr_par' dir='ltr' id='par_1_10' title="bbox 214 947 1725 1029">
     <span class='ocr_line' id='line_1_10' title="bbox 214 947 1725 1029; baseline -0.008 -18"><span class='ocrx_word' id='word_1_70' title='bbox 214 957 411 1029; x_wconf 72' lang='grc' dir='ltr'>μέλανες</span> <span class='ocrx_word' id='word_1_71' title='bbox 438 952 521 1024; x_wconf 79' lang='grc' dir='ltr'>μὲν</span> <span class='ocrx_word' id='word_1_72' title='bbox 540 952 672 1002; x_wconf 84' lang='grc' dir='ltr'>εἰσιν</span> <span class='ocrx_word' id='word_1_73' title='bbox 705 947 900 1020; x_wconf 83' lang='grc' dir='ltr'>ὥσπερ</span> <span class='ocrx_word' id='word_1_74' title='bbox 926 950 976 1003; x_wconf 84' lang='grc' dir='ltr'><strong>οί</strong></span> <span class='ocrx_word' id='word_1_75' title='bbox 1007 948 1157 1004; x_wconf 76' lang='grc' dir='ltr'>ἄλλοι</span> <span class='ocrx_word' id='word_1_76' title='bbox 1203 948 1373 1007; x_wconf 73' lang='grc' dir='ltr'>Ἰνδοὶ.</span> <span class='ocrx_word' id='word_1_77' title='bbox 1402 947 1725 1018; x_wconf 71' lang='grc' dir='ltr'>ἐργάζονται</span> 
     </span>
    </p>
   </div>
   <div class='ocr_carea' id='block_1_11' title="bbox 215 1038 1724 1111">
    <p class='ocr_par' dir='ltr' id='par_1_11' title="bbox 215 1038 1724 1111">
     <span class='ocr_line' id='line_1_11' title="bbox 215 1038 1724 1111; baseline -0.008 -8"><span class='ocrx_word' id='word_1_78' title='bbox 215 1051 266 1104; x_wconf 72' lang='grc' dir='ltr'>δὲ</span> <span class='ocrx_word' id='word_1_79' title='bbox 290 1046 437 1110; x_wconf 77' lang='grc' dir='ltr'>οὐδὲν,</span> <span class='ocrx_word' id='word_1_80' title='bbox 471 1042 567 1095; x_wconf 72' lang='grc' dir='ltr'>οὐδὲ</span> <span class='ocrx_word' id='word_1_81' title='bbox 604 1040 852 1095; x_wconf 76' lang='grc' dir='ltr'>ἐσθίουσι</span> <span class='ocrx_word' id='word_1_82' title='bbox 889 1043 1033 1095; x_wconf 87' lang='grc' dir='ltr'>σῖτον</span> <span class='ocrx_word' id='word_1_83' title='bbox 1057 1081 1071 1106; x_wconf 91' lang='grc'><strong>,</strong></span> <span class='ocrx_word' id='word_1_84' title='bbox 1106 1041 1227 1094; x_wconf 75' lang='grc' dir='ltr'><strong>οὐδὲ</strong></span> <span class='ocrx_word' id='word_1_85' title='bbox 1271 1040 1517 1093; x_wconf 80' lang='grc' dir='ltr'><strong>πίνουσιν</strong></span> <span class='ocrx_word' id='word_1_86' title='bbox 1554 1038 1724 1111; x_wconf 78' lang='grc' dir='ltr'>ὕδωρ,</span> 
     </span>
    </p>
   </div>
   <div class='ocr_carea' id='block_1_12' title="bbox 226 1128 1727 1211">
    <p class='ocr_par' dir='ltr' id='par_1_12' title="bbox 226 1128 1727 1211">
     <span class='ocr_line' id='line_1_12' title="bbox 226 1128 1727 1211; baseline -0.008 -16"><span class='ocrx_word' id='word_1_87' title='bbox 226 1141 428 1211; x_wconf 62' lang='lat' dir='ltr'><strong>etprima:</strong></span> <span class='ocrx_word' id='word_1_88' title='bbox 449 1136 493 1188; x_wconf 77' lang='grc' dir='ltr'><em>δὲ</em></span> <span class='ocrx_word' id='word_1_89' title='bbox 517 1132 685 1187; x_wconf 83' lang='grc' dir='ltr'>πολλὰ</span> <span class='ocrx_word' id='word_1_90' title='bbox 708 1134 971 1205; x_wconf 77' lang='grc' dir='ltr'><strong>τρέφουσι</strong></span> <span class='ocrx_word' id='word_1_91' title='bbox 994 1174 1008 1200; x_wconf 95' lang='grc'><strong>,</strong></span> <span class='ocrx_word' id='word_1_92' title='bbox 1041 1134 1137 1188; x_wconf 72' lang='grc' dir='ltr'>καὶ</span> <span class='ocrx_word' id='word_1_93' title='bbox 1166 1133 1292 1203; x_wconf 78' lang='grc' dir='ltr'>βοῦς</span> <span class='ocrx_word' id='word_1_94' title='bbox 1314 1132 1409 1185; x_wconf 67' lang='grc' dir='ltr'>καὶ</span> <span class='ocrx_word' id='word_1_95' title='bbox 1438 1128 1601 1200; x_wconf 72' lang='grc' dir='ltr'>αϊγας</span> <span class='ocrx_word' id='word_1_96' title='bbox 1632 1131 1727 1184; x_wconf 82' lang='grc' dir='ltr'>καὶ</span> 
     </span>
    </p>
   </div>
   <div class='ocr_carea' id='block_1_13' title="bbox 232 1224 1729 1295">
    <p class='ocr_par' dir='ltr' id='par_1_13' title="bbox 232 1224 1729 1295">
     <span class='ocr_line' id='line_1_13' title="bbox 232 1224 1729 1295; baseline -0.008 -7"><span class='ocrx_word' id='word_1_97' title='bbox 232 1235 312 1295; x_wconf 66' lang='lat' dir='ltr'><strong>6i:</strong></span> <span class='ocrx_word' id='word_1_98' title='bbox 334 1232 495 1283; x_wconf 59' lang='grc' dir='ltr'>πίνουσι</span> <span class='ocrx_word' id='word_1_99' title='bbox 519 1227 572 1279; x_wconf 80' lang='grc' dir='ltr'><strong>δὲ</strong></span> <span class='ocrx_word' id='word_1_100' title='bbox 632 1226 698 1280; x_wconf 74' lang='grc' dir='ltr'>τὸ</span> <span class='ocrx_word' id='word_1_101' title='bbox 745 1227 889 1295; x_wconf 85' lang='grc' dir='ltr'>γάλα</span> <span class='ocrx_word' id='word_1_102' title='bbox 917 1268 933 1292; x_wconf 90' lang='grc'><strong>,</strong></span> <span class='ocrx_word' id='word_1_103' title='bbox 992 1226 1122 1281; x_wconf 77' lang='grc' dir='ltr'>ἄλλο</span> <span class='ocrx_word' id='word_1_104' title='bbox 1152 1226 1209 1279; x_wconf 81' lang='grc' dir='ltr'><strong>δὲ</strong></span> <span class='ocrx_word' id='word_1_105' title='bbox 1236 1226 1406 1279; x_wconf 77' lang='grc' dir='ltr'>οὐδέν.</span> <span class='ocrx_word' id='word_1_106' title='bbox 1467 1225 1639 1277; x_wconf 84' lang='grc' dir='ltr'><strong>Ὅταν</strong></span> <span class='ocrx_word' id='word_1_107' title='bbox 1671 1224 1729 1276; x_wconf 82' lang='grc' dir='ltr'><strong>δὲ</strong></span> 
     </span>
    </p>
   </div>
   <div class='ocr_carea' id='block_1_14' title="bbox 230 1316 1728 1395">
    <p class='ocr_par' dir='ltr' id='par_1_14' title="bbox 230 1316 1728 1395">
     <span class='ocr_line' id='line_1_14' title="bbox 230 1316 1728 1395; baseline -0.006 -18"><span class='ocrx_word' id='word_1_108' title='bbox 230 1324 400 1395; x_wconf 73' lang='grc' dir='ltr'>γένηταί</span> <span class='ocrx_word' id='word_1_109' title='bbox 422 1339 511 1374; x_wconf 88' lang='grc' dir='ltr'>τινι</span> <span class='ocrx_word' id='word_1_110' title='bbox 546 1320 731 1374; x_wconf 82' lang='grc' dir='ltr'>αὐτῶν</span> <span class='ocrx_word' id='word_1_111' title='bbox 762 1320 999 1387; x_wconf 77' lang='grc' dir='ltr'><strong>παιδίον,</strong></span> <span class='ocrx_word' id='word_1_112' title='bbox 1038 1319 1099 1373; x_wconf 75' lang='grc' dir='ltr'>οὗ</span> <span class='ocrx_word' id='word_1_113' title='bbox 1126 1320 1385 1389; x_wconf 80' lang='grc' dir='ltr'><strong>τέτρηται</strong></span> <span class='ocrx_word' id='word_1_114' title='bbox 1413 1318 1514 1388; x_wconf 79' lang='grc' dir='ltr'>τὴν</span> <span class='ocrx_word' id='word_1_115' title='bbox 1546 1316 1728 1387; x_wconf 78' lang='grc' dir='ltr'>πυγὴν</span> 
     </span>
    </p>
   </div>
   <div class='ocr_carea' id='block_1_15' title="bbox 221 1410 1729 1483">
    <p class='ocr_par' dir='ltr' id='par_1_15' title="bbox 221 1410 1729 1483">
     <span class='ocr_line' id='line_1_15' title="bbox 221 1410 1729 1483; baseline -0.009 -9"><span class='ocrx_word' id='word_1_116' title='bbox 332 1416 585 1477; x_wconf 58' lang='lat' dir='ltr'><strong>exoneret,</strong></span> <span class='ocrx_word' id='word_1_117' title='bbox 627 1413 769 1468; x_wconf 80' lang='grc' dir='ltr'>ἀλλὰ</span> <span class='ocrx_word' id='word_1_118' title='bbox 793 1413 861 1466; x_wconf 82' lang='grc' dir='ltr'>τὰ</span> <span class='ocrx_word' id='word_1_119' title='bbox 882 1414 982 1483; x_wconf 77' lang='grc' dir='ltr'>μὲν</span> <span class='ocrx_word' id='word_1_120' title='bbox 1018 1412 1164 1483; x_wconf 85' lang='grc' dir='ltr'>ίσχία</span> <span class='ocrx_word' id='word_1_121' title='bbox 1194 1411 1328 1482; x_wconf 74' lang='grc' dir='ltr'>ἔχει,</span> <span class='ocrx_word' id='word_1_122' title='bbox 1367 1410 1431 1463; x_wconf 79' lang='grc' dir='ltr'>τὸ</span> <span class='ocrx_word' id='word_1_123' title='bbox 1455 1411 1514 1462; x_wconf 81' lang='grc' dir='ltr'><strong>δὲ</strong></span> <span class='ocrx_word' id='word_1_124' title='bbox 1538 1411 1729 1482; x_wconf 84' lang='grc' dir='ltr'>τρῆμα</span> 
     </span>
    </p>
   </div>
   <div class='ocr_carea' id='block_1_16' title="bbox 214 1502 1730 1581">
    <p class='ocr_par' dir='ltr' id='par_1_16' title="bbox 214 1502 1730 1581">
     <span class='ocr_line' id='line_1_16' title="bbox 214 1502 1730 1581; baseline -0.009 -14"><span class='ocrx_word' id='word_1_125' title='bbox 214 1512 499 1581; x_wconf 62' lang='grc' dir='ltr'>συμπέφυκε.</span> <span class='ocrx_word' id='word_1_126' title='bbox 525 1507 615 1560; x_wconf 85' lang='grc' dir='ltr'><strong>Διὸ</strong></span> <span class='ocrx_word' id='word_1_127' title='bbox 645 1505 992 1560; x_wconf 83' lang='grc' dir='ltr'>ἁποπατοῦσι</span> <span class='ocrx_word' id='word_1_128' title='bbox 1018 1505 1116 1575; x_wconf 84' lang='grc' dir='ltr'>μὲν</span> <span class='ocrx_word' id='word_1_129' title='bbox 1134 1502 1220 1569; x_wconf 81' lang='grc' dir='ltr'>οὒ,</span> <span class='ocrx_word' id='word_1_130' title='bbox 1252 1503 1312 1556; x_wconf 79' lang='grc' dir='ltr'>οὗ</span> <span class='ocrx_word' id='word_1_131' title='bbox 1324 1506 1435 1573; x_wconf 86' lang='grc' dir='ltr'>ρεῖν</span> <span class='ocrx_word' id='word_1_132' title='bbox 1462 1502 1521 1556; x_wconf 82' lang='grc' dir='ltr'>δὲ</span> <span class='ocrx_word' id='word_1_133' title='bbox 1538 1502 1730 1574; x_wconf 83' lang='grc' dir='ltr'>ὥσπερ</span> 
     </span>
    </p>
   </div>
   <div class='ocr_carea' id='block_1_17' title="bbox 206 1594 1727 1673">
    <p class='ocr_par' dir='ltr' id='par_1_17' title="bbox 206 1594 1727 1673">
     <span class='ocr_line' id='line_1_17' title="bbox 206 1594 1727 1673; baseline -0.004 -18"><span class='ocrx_word' id='word_1_134' title='bbox 206 1602 337 1673; x_wconf 77' lang='grc' dir='ltr'>τυρὸν</span> <span class='ocrx_word' id='word_1_135' title='bbox 368 1599 549 1662; x_wconf 74' lang='grc' dir='ltr'>αὐτούς</span> <span class='ocrx_word' id='word_1_136' title='bbox 586 1616 754 1664; x_wconf 82' lang='grc' dir='ltr'>φασιν</span> <span class='ocrx_word' id='word_1_137' title='bbox 804 1599 865 1651; x_wconf 77' lang='grc' dir='ltr'>οὐ</span> <span class='ocrx_word' id='word_1_138' title='bbox 896 1598 1040 1650; x_wconf 88' lang='grc' dir='ltr'>πάνυ</span> <span class='ocrx_word' id='word_1_139' title='bbox 1082 1597 1262 1667; x_wconf 76' lang='grc' dir='ltr'>παχὺν</span> <span class='ocrx_word' id='word_1_140' title='bbox 1312 1596 1450 1649; x_wconf 81' lang='grc' dir='ltr'>ἀλλὰ</span> <span class='ocrx_word' id='word_1_141' title='bbox 1485 1594 1727 1666; x_wconf 85' lang='grc' dir='ltr'>Θολερόν.</span> 
     </span>
    </p>
   </div>
   <div class='ocr_carea' id='block_1_18' title="bbox 215 1688 1732 1761">
    <p class='ocr_par' dir='ltr' id='par_1_18' title="bbox 215 1688 1732 1761">
     <span class='ocr_line' id='line_1_18' title="bbox 215 1688 1732 1761; baseline -0.005 -14"><span class='ocrx_word' id='word_1_142' title='bbox 215 1693 416 1749; x_wconf 71' lang='grc' dir='ltr'>Ἐπάνδὲ</span> <span class='ocrx_word' id='word_1_143' title='bbox 445 1690 584 1761; x_wconf 74' lang='grc' dir='ltr'>πρωϊ</span> <span class='ocrx_word' id='word_1_144' title='bbox 617 1690 787 1744; x_wconf 80' lang='grc' dir='ltr'>πίωσι</span> <span class='ocrx_word' id='word_1_145' title='bbox 825 1689 919 1742; x_wconf 86' lang='grc' dir='ltr'>τοῦ</span> <span class='ocrx_word' id='word_1_146' title='bbox 961 1688 1268 1757; x_wconf 81' lang='grc' dir='ltr'>γάλακτος,</span> <span class='ocrx_word' id='word_1_147' title='bbox 1314 1688 1409 1741; x_wconf 70' lang='grc' dir='ltr'>καὶ</span> <span class='ocrx_word' id='word_1_148' title='bbox 1439 1688 1520 1750; x_wconf 86' lang='grc' dir='ltr'><strong>είς</strong></span> <span class='ocrx_word' id='word_1_149' title='bbox 1564 1688 1732 1758; x_wconf 83' lang='grc' dir='ltr'>μέσον</span> 
     </span>
    </p>
   </div>
   <div class='ocr_carea' id='block_1_19' title="bbox 202 1775 1732 1854">
    <p class='ocr_par' dir='ltr' id='par_1_19' title="bbox 202 1775 1732 1854">
     <span class='ocr_line' id='line_1_19' title="bbox 202 1775 1732 1854; baseline -0.003 -19"><span class='ocrx_word' id='word_1_150' title='bbox 202 1783 374 1854; x_wconf 68' lang='grc' dir='ltr'>ἡμέρας</span> <span class='ocrx_word' id='word_1_151' title='bbox 397 1778 546 1844; x_wconf 75' lang='grc' dir='ltr'>αὖθις</span> <span class='ocrx_word' id='word_1_152' title='bbox 582 1781 820 1845; x_wconf 76' lang='grc' dir='ltr'><strong>πιόντες,</strong></span> <span class='ocrx_word' id='word_1_153' title='bbox 854 1780 1011 1852; x_wconf 74' lang='grc' dir='ltr'>ῥίζαν</span> <span class='ocrx_word' id='word_1_154' title='bbox 1036 1780 1172 1847; x_wconf 74' lang='grc' dir='ltr'>φασὶ</span> <span class='ocrx_word' id='word_1_155' title='bbox 1204 1778 1334 1849; x_wconf 88' lang='grc' dir='ltr'>παρ’</span> <span class='ocrx_word' id='word_1_156' title='bbox 1362 1779 1548 1843; x_wconf 82' lang='grc' dir='ltr'>αὐτοῖς</span> <span class='ocrx_word' id='word_1_157' title='bbox 1590 1775 1732 1832; x_wconf 78' lang='grc' dir='ltr'>εἶναι</span> 
     </span>
    </p>
   </div>
   <div class='ocr_carea' id='block_1_20' title="bbox 201 1871 1731 1944">
    <p class='ocr_par' dir='ltr' id='par_1_20' title="bbox 201 1871 1731 1944">
     <span class='ocr_line' id='line_1_20' title="bbox 201 1871 1731 1944; baseline -0.001 -17"><span class='ocrx_word' id='word_1_158' title='bbox 201 1878 432 1943; x_wconf 69' lang='grc' dir='ltr'>γλυκεῖαν,</span> <span class='ocrx_word' id='word_1_159' title='bbox 456 1874 581 1943; x_wconf 79' lang='grc' dir='ltr'>ἣτις</span> <span class='ocrx_word' id='word_1_160' title='bbox 629 1874 731 1926; x_wconf 76' lang='grc' dir='ltr'><strong>οὐκ</strong></span> <span class='ocrx_word' id='word_1_161' title='bbox 774 1875 840 1944; x_wconf 76' lang='grc' dir='ltr'><strong>ἑᾷ</strong></span> <span class='ocrx_word' id='word_1_162' title='bbox 884 1874 947 1926; x_wconf 84' lang='grc' dir='ltr'>τὸ</span> <span class='ocrx_word' id='word_1_163' title='bbox 985 1872 1126 1941; x_wconf 87' lang='grc' dir='ltr'>γάλα</span> <span class='ocrx_word' id='word_1_164' title='bbox 1189 1871 1500 1942; x_wconf 81' lang='grc' dir='ltr'>πήγνυσθαι</span> <span class='ocrx_word' id='word_1_165' title='bbox 1548 1874 1609 1925; x_wconf 80' lang='grc' dir='ltr'>ὲν</span> <span class='ocrx_word' id='word_1_166' title='bbox 1664 1874 1731 1944; x_wconf 81' lang='grc' dir='ltr'>τῇ</span> 
     </span>
    </p>
   </div>
   <div class='ocr_carea' id='block_1_21' title="bbox 1828 854 3419 926">
    <p class='ocr_par' dir='ltr' id='par_1_21' title="bbox 1828 854 3419 926">
     <span class='ocr_line' id='line_1_21' title="bbox 1828 854 3419 926; baseline 0 -17"><span class='ocrx_word' id='word_1_167' title='bbox 1828 854 2025 922; x_wconf 81' lang='lat' dir='ltr'><strong>fontes,</strong></span> <span class='ocrx_word' id='word_1_168' title='bbox 2064 856 2393 926; x_wconf 85' lang='lat' dir='ltr'><strong>reliquorum</strong></span> <span class='ocrx_word' id='word_1_169' title='bbox 2444 858 2698 910; x_wconf 87' lang='lat' dir='ltr'><strong>ludorum</strong></span> <span class='ocrx_word' id='word_1_170' title='bbox 2734 856 2908 911; x_wconf 89' lang='lat' dir='ltr'><strong>instar</strong></span> <span class='ocrx_word' id='word_1_171' title='bbox 2952 858 3156 926; x_wconf 82' lang='lat' dir='ltr'><strong>nigros,</strong></span> <span class='ocrx_word' id='word_1_172' title='bbox 3192 856 3283 924; x_wconf 91' lang='lat' dir='ltr'><strong>qni</strong></span> <span class='ocrx_word' id='word_1_173' title='bbox 3324 872 3419 909; x_wconf 89' lang='lat' dir='ltr'><strong>ne-</strong></span> 
     </span>
    </p>
   </div>
   <div class='ocr_carea' id='block_1_22' title="bbox 1826 946 3419 1017">
    <p class='ocr_par' dir='ltr' id='par_1_22' title="bbox 1826 946 3419 1017">
     <span class='ocr_line' id='line_1_22' title="bbox 1826 946 3419 1017; baseline -0.001 -18"><span class='ocrx_word' id='word_1_174' title='bbox 1826 961 1933 1017; x_wconf 86' lang='lat' dir='ltr'><strong>que</strong></span> <span class='ocrx_word' id='word_1_175' title='bbox 1974 947 2075 1016; x_wconf 90' lang='lat' dir='ltr'><strong>ipsi</strong></span> <span class='ocrx_word' id='word_1_176' title='bbox 2116 947 2408 1016; x_wconf 82' lang='lat' dir='ltr'><strong>quidquam</strong></span> <span class='ocrx_word' id='word_1_177' title='bbox 2454 956 2772 1015; x_wconf 82' lang='lat' dir='ltr'><strong>operentur.</strong></span> <span class='ocrx_word' id='word_1_178' title='bbox 2816 946 2956 1012; x_wconf 88' lang='lat' dir='ltr'><strong>Quin</strong></span> <span class='ocrx_word' id='word_1_179' title='bbox 3005 963 3105 1000; x_wconf 90' lang='lat' dir='ltr'><strong>nec</strong></span> <span class='ocrx_word' id='word_1_180' title='bbox 3154 947 3277 1001; x_wconf 87' lang='lat' dir='ltr'><strong>cibo</strong></span> <span class='ocrx_word' id='word_1_181' title='bbox 3322 961 3419 999; x_wconf 85' lang='lat' dir='ltr'><strong>eus</strong></span> 
     </span>
    </p>
   </div>
   <div class='ocr_carea' id='block_1_23' title="bbox 1826 1039 3417 1108">
    <p class='ocr_par' dir='ltr' id='par_1_23' title="bbox 1826 1039 3417 1108">
     <span class='ocr_line' id='line_1_23' title="bbox 1826 1039 3417 1108; baseline -0.003 -14"><span class='ocrx_word' id='word_1_182' title='bbox 1826 1039 1972 1094; x_wconf 82' lang='lat' dir='ltr'><strong>vesci</strong></span> <span class='ocrx_word' id='word_1_183' title='bbox 2005 1039 2134 1104; x_wconf 88' lang='lat' dir='ltr'><strong>ullo,</strong></span> <span class='ocrx_word' id='word_1_184' title='bbox 2164 1046 2257 1092; x_wconf 88' lang='lat' dir='ltr'><strong>aut</strong></span> <span class='ocrx_word' id='word_1_185' title='bbox 2290 1054 2486 1108; x_wconf 88' lang='lat' dir='ltr'><strong>aquam</strong></span> <span class='ocrx_word' id='word_1_186' title='bbox 2537 1040 2724 1094; x_wconf 87' lang='lat' dir='ltr'><strong>bibere</strong></span> <span class='ocrx_word' id='word_1_187' title='bbox 2752 1054 2767 1103; x_wconf 88' lang='lat'><strong>;</strong></span> <span class='ocrx_word' id='word_1_188' title='bbox 2808 1039 3021 1107; x_wconf 87' lang='lat' dir='ltr'><strong>pecoris</strong></span> <span class='ocrx_word' id='word_1_189' title='bbox 3057 1048 3264 1092; x_wconf 81' lang='lat' dir='ltr'><strong>tantum</strong></span> <span class='ocrx_word' id='word_1_190' title='bbox 3297 1054 3417 1091; x_wconf 87' lang='lat' dir='ltr'><strong>ma-</strong></span> 
     </span>
    </p>
   </div>
   <div class='ocr_carea' id='block_1_24' title="bbox 1829 1131 3417 1203">
    <p class='ocr_par' dir='ltr' id='par_1_24' title="bbox 1829 1131 3417 1203">
     <span class='ocr_line' id='line_1_24' title="bbox 1829 1131 3417 1203; baseline -0.002 -18"><span class='ocrx_word' id='word_1_191' title='bbox 1829 1146 1988 1203; x_wconf 81' lang='lat' dir='ltr'><strong>gnam</strong></span> <span class='ocrx_word' id='word_1_192' title='bbox 2036 1132 2182 1187; x_wconf 83' lang='lat' dir='ltr'><strong>alere</strong></span> <span class='ocrx_word' id='word_1_193' title='bbox 2219 1133 2463 1200; x_wconf 89' lang='lat' dir='ltr'><strong>copiam,</strong></span> <span class='ocrx_word' id='word_1_194' title='bbox 2526 1131 2689 1185; x_wconf 87' lang='lat' dir='ltr'><strong>boum</strong></span> <span class='ocrx_word' id='word_1_195' title='bbox 2721 1172 2735 1194; x_wconf 94' lang='lat'><strong>,</strong></span> <span class='ocrx_word' id='word_1_196' title='bbox 2809 1147 3095 1201; x_wconf 89' lang='lat' dir='ltr'><strong>caprarum</strong></span> <span class='ocrx_word' id='word_1_197' title='bbox 3125 1173 3142 1196; x_wconf 93' lang='lat'><strong>,</strong></span> <span class='ocrx_word' id='word_1_198' title='bbox 3191 1133 3417 1194; x_wconf 79' lang='lat' dir='ltr'><strong>ovium;</strong></span> 
     </span>
    </p>
   </div>
   <div class='ocr_carea' id='block_1_25' title="bbox 1830 1223 3421 1295">
    <p class='ocr_par' dir='ltr' id='par_1_25' title="bbox 1830 1223 3421 1295">
     <span class='ocr_line' id='line_1_25' title="bbox 1830 1223 3421 1295; baseline -0.003 -14"><span class='ocrx_word' id='word_1_199' title='bbox 1830 1227 2025 1281; x_wconf 90' lang='lat' dir='ltr'><strong>horum</strong></span> <span class='ocrx_word' id='word_1_200' title='bbox 2060 1224 2145 1281; x_wconf 84' lang='lat' dir='ltr'><strong>lac</strong></span> <span class='ocrx_word' id='word_1_201' title='bbox 2175 1225 2383 1289; x_wconf 81' lang='lat' dir='ltr'><strong>bibere,</strong></span> <span class='ocrx_word' id='word_1_202' title='bbox 2413 1240 2475 1280; x_wconf 83' lang='lat' dir='ltr'><strong>ac</strong></span> <span class='ocrx_word' id='word_1_203' title='bbox 2506 1225 2640 1279; x_wconf 88' lang='lat' dir='ltr'><strong>nihil</strong></span> <span class='ocrx_word' id='word_1_204' title='bbox 2674 1235 2963 1295; x_wconf 55' lang='lat' dir='ltr'><strong>praeterea.</strong></span> <span class='ocrx_word' id='word_1_205' title='bbox 3005 1223 3243 1279; x_wconf 78' lang='lat' dir='ltr'><strong>Infantes</strong></span> <span class='ocrx_word' id='word_1_206' title='bbox 3288 1241 3421 1293; x_wconf 68' lang='lat' dir='ltr'><strong>prm-</strong></span> 
     </span>
    </p>
   </div>
   <div class='ocr_carea' id='block_1_26' title="bbox 1832 1307 3422 1385">
    <p class='ocr_par' dir='ltr' id='par_1_26' title="bbox 1832 1307 3422 1385">
     <span class='ocr_line' id='line_1_26' title="bbox 1832 1307 3422 1385; baseline -0.003 -14"><span class='ocrx_word' id='word_1_207' title='bbox 1832 1327 2003 1382; x_wconf 89' lang='lat' dir='ltr'><strong>terea,</strong></span> <span class='ocrx_word' id='word_1_208' title='bbox 2026 1319 2115 1385; x_wconf 87' lang='lat' dir='ltr'><strong>qui</strong></span> <span class='ocrx_word' id='word_1_209' title='bbox 2138 1320 2279 1385; x_wconf 87' lang='lat' dir='ltr'><strong>apud</strong></span> <span class='ocrx_word' id='word_1_210' title='bbox 2316 1318 2414 1371; x_wconf 89' lang='lat' dir='ltr'><strong>hos</strong></span> <span class='ocrx_word' id='word_1_211' title='bbox 2436 1326 2749 1379; x_wconf 88' lang='lat' dir='ltr'><strong>nascantur,</strong></span> <span class='ocrx_word' id='word_1_212' title='bbox 2787 1332 2895 1370; x_wconf 88' lang='lat' dir='ltr'><strong>non</strong></span> <span class='ocrx_word' id='word_1_213' title='bbox 2935 1316 3139 1370; x_wconf 89' lang='lat' dir='ltr'><strong>habere</strong></span> <span class='ocrx_word' id='word_1_214' title='bbox 3172 1307 3422 1382; x_wconf 80' lang='lat' dir='ltr'><strong>perlor&#39;a-</strong></span> 
     </span>
    </p>
   </div>
   <div class='ocr_carea' id='block_1_27' title="bbox 1832 1409 3419 1479">
    <p class='ocr_par' dir='ltr' id='par_1_27' title="bbox 1832 1409 3419 1479">
     <span class='ocr_line' id='line_1_27' title="bbox 1832 1409 3419 1479; baseline -0.001 -18"><span class='ocrx_word' id='word_1_215' title='bbox 1832 1419 1941 1463; x_wconf 90' lang='lat' dir='ltr'><strong>tam</strong></span> <span class='ocrx_word' id='word_1_216' title='bbox 1961 1410 2207 1479; x_wconf 86' lang='lat' dir='ltr'><strong>corporis</strong></span> <span class='ocrx_word' id='word_1_217' title='bbox 2237 1409 2320 1463; x_wconf 90' lang='lat' dir='ltr'><strong>sui</strong></span> <span class='ocrx_word' id='word_1_218' title='bbox 2351 1410 2559 1471; x_wconf 88' lang='lat' dir='ltr'><strong>sedem,</strong></span> <span class='ocrx_word' id='word_1_219' title='bbox 2584 1424 2761 1477; x_wconf 77' lang='lat' dir='ltr'><strong>neque</strong></span> <span class='ocrx_word' id='word_1_220' title='bbox 2793 1424 2891 1479; x_wconf 89' lang='lat' dir='ltr'><strong>per</strong></span> <span class='ocrx_word' id='word_1_221' title='bbox 2911 1425 3031 1463; x_wconf 92' lang='lat' dir='ltr'><strong>eam</strong></span> <span class='ocrx_word' id='word_1_222' title='bbox 3062 1418 3419 1462; x_wconf 82' lang='lat' dir='ltr'><strong>excrementa</strong></span> 
     </span>
    </p>
   </div>
   <div class='ocr_carea' id='block_1_28' title="bbox 1832 1500 3419 1569">
    <p class='ocr_par' dir='ltr' id='par_1_28' title="bbox 1832 1500 3419 1569">
     <span class='ocr_line' id='line_1_28' title="bbox 1832 1500 3419 1569; baseline -0.003 -12"><span class='ocrx_word' id='word_1_223' title='bbox 1832 1503 2068 1569; x_wconf 82' lang='lat' dir='ltr'><strong>ejicere;</strong></span> <span class='ocrx_word' id='word_1_224' title='bbox 2097 1516 2217 1555; x_wconf 89' lang='lat' dir='ltr'><strong>nam</strong></span> <span class='ocrx_word' id='word_1_225' title='bbox 2241 1502 2344 1556; x_wconf 88' lang='lat' dir='ltr'><strong>etsi</strong></span> <span class='ocrx_word' id='word_1_226' title='bbox 2380 1500 2569 1556; x_wconf 89' lang='lat' dir='ltr'><strong>clunes</strong></span> <span class='ocrx_word' id='word_1_227' title='bbox 2602 1503 2858 1565; x_wconf 79' lang='lat' dir='ltr'><strong>habeant,</strong></span> <span class='ocrx_word' id='word_1_228' title='bbox 2894 1517 3033 1555; x_wconf 86' lang='lat' dir='ltr'><strong>anus</strong></span> <span class='ocrx_word' id='word_1_229' title='bbox 3090 1511 3270 1554; x_wconf 85' lang='lat' dir='ltr'><strong>tamen</strong></span> <span class='ocrx_word' id='word_1_230' title='bbox 3301 1501 3419 1569; x_wconf 89' lang='lat' dir='ltr'><strong>ipse</strong></span> 
     </span>
    </p>
   </div>
   <div class='ocr_carea' id='block_1_29' title="bbox 1832 1595 3423 1665">
    <p class='ocr_par' dir='ltr' id='par_1_29' title="bbox 1832 1595 3423 1665">
     <span class='ocr_line' id='line_1_29' title="bbox 1832 1595 3423 1665; baseline -0.003 -14"><span class='ocrx_word' id='word_1_231' title='bbox 1832 1596 2056 1651; x_wconf 78' lang='lat' dir='ltr'><strong>coaluit.</strong></span> <span class='ocrx_word' id='word_1_232' title='bbox 2106 1596 2291 1665; x_wconf 81' lang='lat' dir='ltr'><strong>Itaque</strong></span> <span class='ocrx_word' id='word_1_233' title='bbox 2338 1595 2473 1649; x_wconf 91' lang='lat' dir='ltr'><strong>nihil</strong></span> <span class='ocrx_word' id='word_1_234' title='bbox 2514 1595 2659 1665; x_wconf 91' lang='lat' dir='ltr'><strong>ipsos</strong></span> <span class='ocrx_word' id='word_1_235' title='bbox 2703 1595 2920 1663; x_wconf 89' lang='lat' dir='ltr'><strong>quidem</strong></span> <span class='ocrx_word' id='word_1_236' title='bbox 2954 1610 3051 1663; x_wconf 88' lang='lat' dir='ltr'><strong>per</strong></span> <span class='ocrx_word' id='word_1_237' title='bbox 3082 1610 3283 1647; x_wconf 90' lang='lat' dir='ltr'><strong>annum</strong></span> <span class='ocrx_word' id='word_1_238' title='bbox 3324 1609 3423 1646; x_wconf 76' lang='lat' dir='ltr'><strong>ex-</strong></span> 
     </span>
    </p>
   </div>
   <div class='ocr_carea' id='block_1_30' title="bbox 1833 1687 3425 1756">
    <p class='ocr_par' dir='ltr' id='par_1_30' title="bbox 1833 1687 3425 1756">
     <span class='ocr_line' id='line_1_30' title="bbox 1833 1687 3425 1756; baseline -0.003 -13"><span class='ocrx_word' id='word_1_239' title='bbox 1833 1702 2097 1755; x_wconf 86' lang='lat' dir='ltr'><strong>cernere;</strong></span> <span class='ocrx_word' id='word_1_240' title='bbox 2146 1690 2242 1742; x_wconf 87' lang='lat' dir='ltr'><strong>sed</strong></span> <span class='ocrx_word' id='word_1_241' title='bbox 2282 1702 2570 1742; x_wconf 84' lang='lat' dir='ltr'><strong>caseosum</strong></span> <span class='ocrx_word' id='word_1_242' title='bbox 2625 1687 2791 1756; x_wconf 86' lang='lat' dir='ltr'><strong>quid,</strong></span> <span class='ocrx_word' id='word_1_243' title='bbox 2848 1687 3089 1755; x_wconf 91' lang='lat' dir='ltr'><strong>illudque</strong></span> <span class='ocrx_word' id='word_1_244' title='bbox 3133 1702 3240 1741; x_wconf 92' lang='lat' dir='ltr'><strong>non</strong></span> <span class='ocrx_word' id='word_1_245' title='bbox 3290 1701 3425 1739; x_wconf 84' lang='lat' dir='ltr'><strong>con-</strong></span> 
     </span>
    </p>
   </div>
   <div class='ocr_carea' id='block_1_31' title="bbox 1834 1778 3424 1851">
    <p class='ocr_par' dir='ltr' id='par_1_31' title="bbox 1834 1778 3424 1851">
     <span class='ocr_line' id='line_1_31' title="bbox 1834 1778 3424 1851; baseline -0.003 -15"><span class='ocrx_word' id='word_1_246' title='bbox 1834 1783 2153 1851; x_wconf 70' lang='lat' dir='ltr'><strong>SpisSalum,</strong></span> <span class='ocrx_word' id='word_1_247' title='bbox 2203 1789 2256 1835; x_wconf 88' lang='lat' dir='ltr'><strong>at</strong></span> <span class='ocrx_word' id='word_1_248' title='bbox 2308 1778 2637 1833; x_wconf 81' lang='lat' dir='ltr'><strong>feculentnm</strong></span> <span class='ocrx_word' id='word_1_249' title='bbox 2690 1780 3087 1844; x_wconf 81' lang='lat' dir='ltr'><strong>tantummodo,</strong></span> <span class='ocrx_word' id='word_1_250' title='bbox 3132 1795 3227 1850; x_wconf 88' lang='lat' dir='ltr'><strong>per</strong></span> <span class='ocrx_word' id='word_1_251' title='bbox 3253 1779 3424 1833; x_wconf 72' lang='lat' dir='ltr'><strong>urina:</strong></span> 
     </span>
    </p>
   </div>
   <div class='ocr_carea' id='block_1_32' title="bbox 1838 1870 3423 1941">
    <p class='ocr_par' dir='ltr' id='par_1_32' title="bbox 1838 1870 3423 1941">
     <span class='ocr_line' id='line_1_32' title="bbox 1838 1870 3423 1941; baseline -0.001 -15"><span class='ocrx_word' id='word_1_252' title='bbox 1838 1884 2073 1926; x_wconf 83' lang='lat' dir='ltr'><strong>meatum</strong></span> <span class='ocrx_word' id='word_1_253' title='bbox 2101 1873 2321 1939; x_wconf 80' lang='lat' dir='ltr'><strong>ejicere.</strong></span> <span class='ocrx_word' id='word_1_254' title='bbox 2354 1870 2508 1937; x_wconf 88' lang='lat' dir='ltr'><strong>Quod</strong></span> <span class='ocrx_word' id='word_1_255' title='bbox 2538 1871 2581 1925; x_wconf 91' lang='lat' dir='ltr'><strong>si</strong></span> <span class='ocrx_word' id='word_1_256' title='bbox 2622 1871 2762 1926; x_wconf 87' lang='lat' dir='ltr'><strong>lacte</strong></span> <span class='ocrx_word' id='word_1_257' title='bbox 2787 1887 2945 1925; x_wconf 88' lang='lat' dir='ltr'><strong>mane</strong></span> <span class='ocrx_word' id='word_1_258' title='bbox 2978 1881 3128 1941; x_wconf 91' lang='lat' dir='ltr'><strong>poto,</strong></span> <span class='ocrx_word' id='word_1_259' title='bbox 3162 1873 3329 1926; x_wconf 88' lang='lat' dir='ltr'><strong>etiam</strong></span> <span class='ocrx_word' id='word_1_260' title='bbox 3369 1872 3423 1926; x_wconf 91' lang='lat' dir='ltr'><strong>in</strong></span> 
     </span>
    </p>
   </div>
   <div class='ocr_carea' id='block_1_33' title="bbox 199 1961 1735 2038">
    <p class='ocr_par' dir='ltr' id='par_1_33' title="bbox 199 1961 1735 2038">
     <span class='ocr_line' id='line_1_33' title="bbox 199 1961 1735 2038; baseline -0.004 -17"><span class='ocrx_word' id='word_1_261' title='bbox 199 1969 361 2038; x_wconf 77' lang='grc' dir='ltr'>κοιλίᾳ·</span> <span class='ocrx_word' id='word_1_262' title='bbox 408 1966 613 2036; x_wconf 75' lang='grc' dir='ltr'>ταύτην</span> <span class='ocrx_word' id='word_1_263' title='bbox 649 1961 744 2019; x_wconf 83' lang='grc' dir='ltr'>οὖν</span> <span class='ocrx_word' id='word_1_264' title='bbox 794 1963 1099 2037; x_wconf 82' lang='grc' dir='ltr'><strong>τρώγοντες</strong></span> <span class='ocrx_word' id='word_1_265' title='bbox 1135 1962 1217 2025; x_wconf 82' lang='grc' dir='ltr'><strong>είς</strong></span> <span class='ocrx_word' id='word_1_266' title='bbox 1255 1962 1495 2033; x_wconf 77' lang='grc' dir='ltr'>ἑσπέραν</span> <span class='ocrx_word' id='word_1_267' title='bbox 1536 1963 1735 2035; x_wconf 72' lang='grc' dir='ltr'>ἔμετον</span> 
     </span>
    </p>
   </div>
   <div class='ocr_carea' id='block_1_34' title="bbox 1840 1961 3428 2038">
    <p class='ocr_par' dir='ltr' id='par_1_34' title="bbox 1840 1964 3428 2031">
     <span class='ocr_line' id='line_1_34' title="bbox 1840 1964 3428 2031; baseline -0.002 -11"><span class='ocrx_word' id='word_1_268' title='bbox 1840 1966 2068 2021; x_wconf 90' lang='lat' dir='ltr'><strong>meridie</strong></span> <span class='ocrx_word' id='word_1_269' title='bbox 2113 1964 2447 2027; x_wconf 86' lang='lat' dir='ltr'><strong>adbiberint,</strong></span> <span class='ocrx_word' id='word_1_270' title='bbox 2487 1964 2700 2019; x_wconf 88' lang='lat' dir='ltr'><strong>dulcem</strong></span> <span class='ocrx_word' id='word_1_271' title='bbox 2740 1967 2881 2031; x_wconf 88' lang='lat' dir='ltr'><strong>apud</strong></span> <span class='ocrx_word' id='word_1_272' title='bbox 2931 1979 3026 2017; x_wconf 86' lang='lat' dir='ltr'><strong>eos</strong></span> <span class='ocrx_word' id='word_1_273' title='bbox 3066 1964 3299 2019; x_wconf 83' lang='lat' dir='ltr'><strong>inveniri</strong></span> <span class='ocrx_word' id='word_1_274' title='bbox 3334 1981 3428 2018; x_wconf 87' lang='lat' dir='ltr'><strong>ra-</strong></span> 
     </span>
    </p>
   </div>
   <div class='ocr_carea' id='block_1_35' title="bbox 198 2056 1735 2133">
    <p class='ocr_par' dir='ltr' id='par_1_35' title="bbox 198 2058 1430 2133">
     <span class='ocr_line' id='line_1_35' title="bbox 198 2058 1430 2133; baseline -0.002 -17"><span class='ocrx_word' id='word_1_275' title='bbox 198 2062 453 2127; x_wconf 73' lang='grc' dir='ltr'>ποιοῦνται,</span> <span class='ocrx_word' id='word_1_276' title='bbox 484 2062 580 2117; x_wconf 80' lang='grc' dir='ltr'>καὶ</span> <span class='ocrx_word' id='word_1_277' title='bbox 611 2060 901 2133; x_wconf 76' lang='grc' dir='ltr'><strong>ἐξεμοῦσιν</strong></span> <span class='ocrx_word' id='word_1_278' title='bbox 928 2060 1147 2114; x_wconf 76' lang='grc' dir='ltr'>ἅπαντα</span> <span class='ocrx_word' id='word_1_279' title='bbox 1168 2058 1430 2122; x_wconf 80' lang='grc' dir='ltr'><strong>εὐκόλως.</strong></span> 
     </span>
    </p>
   </div>
   <div class='ocr_carea' id='block_1_36' title="bbox 1840 2056 3430 2133">
    <p class='ocr_par' dir='ltr' id='par_1_36' title="bbox 1840 2056 3430 2128">
     <span class='ocr_line' id='line_1_36' title="bbox 1840 2056 3430 2128; baseline -0.002 -15"><span class='ocrx_word' id='word_1_280' title='bbox 1840 2061 2014 2113; x_wconf 86' lang='lat' dir='ltr'><strong>dicem</strong></span> <span class='ocrx_word' id='word_1_281' title='bbox 2061 2058 2378 2128; x_wconf 81' lang='lat' dir='ltr'><strong>quamdam,</strong></span> <span class='ocrx_word' id='word_1_282' title='bbox 2425 2071 2546 2125; x_wconf 63' lang='lat' dir='ltr'><strong>quae</strong></span> <span class='ocrx_word' id='word_1_283' title='bbox 2587 2056 2670 2109; x_wconf 88' lang='lat' dir='ltr'><strong>lac</strong></span> <span class='ocrx_word' id='word_1_284' title='bbox 2721 2056 2849 2109; x_wconf 91' lang='lat' dir='ltr'><strong>illud</strong></span> <span class='ocrx_word' id='word_1_285' title='bbox 2898 2056 2950 2109; x_wconf 93' lang='lat' dir='ltr'><strong>in</strong></span> <span class='ocrx_word' id='word_1_286' title='bbox 2998 2070 3186 2109; x_wconf 89' lang='lat' dir='ltr'><strong>eorum</strong></span> <span class='ocrx_word' id='word_1_287' title='bbox 3235 2066 3430 2110; x_wconf 88' lang='lat' dir='ltr'><strong>ventre</strong></span> 
     </span>
    </p>
   </div>
   <div class='ocr_carea' id='block_1_37' title="bbox 1840 2149 3429 2222">
    <p class='ocr_par' dir='ltr' id='par_1_37' title="bbox 1840 2149 3429 2222">
     <span class='ocr_line' id='line_1_37' title="bbox 1840 2149 3429 2222; baseline -0.003 -16"><span class='ocrx_word' id='word_1_288' title='bbox 1840 2150 2113 2222; x_wconf 78' lang='lat' dir='ltr'><strong>coagulari</strong></span> <span class='ocrx_word' id='word_1_289' title='bbox 2152 2166 2260 2205; x_wconf 91' lang='lat' dir='ltr'><strong>non</strong></span> <span class='ocrx_word' id='word_1_290' title='bbox 2302 2151 2465 2205; x_wconf 90' lang='lat' dir='ltr'><strong>sinat.</strong></span> <span class='ocrx_word' id='word_1_291' title='bbox 2513 2149 2683 2216; x_wconf 82' lang='lat' dir='ltr'><strong>Hujus</strong></span> <span class='ocrx_word' id='word_1_292' title='bbox 2717 2163 2844 2219; x_wconf 82' lang='lat' dir='ltr'><strong>ergo</strong></span> <span class='ocrx_word' id='word_1_293' title='bbox 2888 2164 2982 2203; x_wconf 88' lang='lat' dir='ltr'><strong>esu</strong></span> <span class='ocrx_word' id='word_1_294' title='bbox 3022 2149 3283 2201; x_wconf 85' lang='lat' dir='ltr'><strong>vomitum</strong></span> <span class='ocrx_word' id='word_1_295' title='bbox 3326 2149 3429 2203; x_wconf 81' lang='lat' dir='ltr'><strong>sibi</strong></span> 
     </span>
    </p>
   </div>
   <div class='ocr_carea' id='block_1_38' title="bbox 1843 2240 3425 2321">
    <p class='ocr_par' dir='ltr' id='par_1_38' title="bbox 1843 2240 3425 2321">
     <span class='ocr_line' id='line_1_38' title="bbox 1843 2240 3425 2321; baseline -0.004 -21"><span class='ocrx_word' id='word_1_296' title='bbox 1843 2246 2050 2321; x_wconf 82' lang='lat' dir='ltr'><strong>vesperi</strong></span> <span class='ocrx_word' id='word_1_297' title='bbox 2076 2259 2396 2313; x_wconf 78' lang='lat' dir='ltr'><strong>provocare,</strong></span> <span class='ocrx_word' id='word_1_298' title='bbox 2426 2259 2521 2312; x_wconf 93' lang='lat' dir='ltr'><strong>per</strong></span> <span class='ocrx_word' id='word_1_299' title='bbox 2550 2258 2711 2312; x_wconf 88' lang='lat' dir='ltr'><strong>quem</strong></span> <span class='ocrx_word' id='word_1_300' title='bbox 2765 2243 2948 2296; x_wconf 80' lang='lat' dir='ltr'><strong>omnia</strong></span> <span class='ocrx_word' id='word_1_301' title='bbox 2992 2240 3151 2295; x_wconf 82' lang='lat' dir='ltr'><strong>facile</strong></span> <span class='ocrx_word' id='word_1_302' title='bbox 3178 2240 3425 2310; x_wconf 88' lang='lat' dir='ltr'><strong>ejiciant.</strong></span> 
     </span>
    </p>
   </div>
   <div class='ocr_carea' id='block_1_39' title="bbox 1910 2331 3433 2409">
    <p class='ocr_par' dir='ltr' id='par_1_39' title="bbox 1910 2331 3433 2409">
     <span class='ocr_line' id='line_1_39' title="bbox 1910 2331 3433 2409; baseline -0.004 -18"><span class='ocrx_word' id='word_1_303' title='bbox 1910 2336 2269 2409; x_wconf 70' lang='lat' dir='ltr'><strong>Asiuos(62),</strong></span> <span class='ocrx_word' id='word_1_304' title='bbox 2298 2336 2510 2398; x_wconf 87' lang='lat' dir='ltr'><strong>scribit,</strong></span> <span class='ocrx_word' id='word_1_305' title='bbox 2544 2335 2709 2389; x_wconf 84' lang='lat' dir='ltr'><strong>habet</strong></span> <span class='ocrx_word' id='word_1_306' title='bbox 2749 2334 2895 2387; x_wconf 92' lang='lat' dir='ltr'><strong>ludia</strong></span> <span class='ocrx_word' id='word_1_307' title='bbox 2928 2333 3228 2396; x_wconf 85' lang='lat' dir='ltr'><strong>silvestres,</strong></span> <span class='ocrx_word' id='word_1_308' title='bbox 3274 2331 3433 2401; x_wconf 85' lang='lat' dir='ltr'><strong>equis</strong></span> 
     </span>
    </p>
   </div>
   <div class='ocr_carea' id='block_1_40' title="bbox 1841 2418 3434 2501">
    <p class='ocr_par' dir='ltr' id='par_1_40' title="bbox 1841 2418 3434 2501">
     <span class='ocr_line' id='line_1_40' title="bbox 1841 2418 3434 2501; baseline -0.005 -15"><span class='ocrx_word' id='word_1_309' title='bbox 1841 2430 1975 2501; x_wconf 87' lang='lat' dir='ltr'><strong>ipsis</strong></span> <span class='ocrx_word' id='word_1_310' title='bbox 1999 2444 2179 2500; x_wconf 91' lang='lat' dir='ltr'><strong>pares,</strong></span> <span class='ocrx_word' id='word_1_311' title='bbox 2216 2439 2272 2485; x_wconf 90' lang='lat' dir='ltr'><strong>et</strong></span> <span class='ocrx_word' id='word_1_312' title='bbox 2295 2430 2625 2499; x_wconf 77' lang='lat' dir='ltr'><strong>quandoque</strong></span> <span class='ocrx_word' id='word_1_313' title='bbox 2676 2426 2913 2495; x_wconf 85' lang='lat' dir='ltr'><strong>majores</strong></span> <span class='ocrx_word' id='word_1_314' title='bbox 2950 2426 3079 2497; x_wconf 89' lang='lat' dir='ltr'><strong>:qui</strong></span> <span class='ocrx_word' id='word_1_315' title='bbox 3113 2435 3286 2480; x_wconf 88' lang='lat' dir='ltr'><strong>totum</strong></span> <span class='ocrx_word' id='word_1_316' title='bbox 3321 2418 3434 2479; x_wconf 87' lang='lat' dir='ltr'><strong>albi</strong></span> 
     </span>
    </p>
   </div>
   <div class='ocr_carea' id='block_1_41' title="bbox 1843 2518 3432 2593">
    <p class='ocr_par' dir='ltr' id='par_1_41' title="bbox 1843 2518 3432 2593">
     <span class='ocr_line' id='line_1_41' title="bbox 1843 2518 3432 2593; baseline -0.004 -14"><span class='ocrx_word' id='word_1_317' title='bbox 1843 2537 2062 2593; x_wconf 88' lang='lat' dir='ltr'><strong>corpus,</strong></span> <span class='ocrx_word' id='word_1_318' title='bbox 2084 2533 2253 2592; x_wconf 90' lang='lat' dir='ltr'><strong>caput</strong></span> <span class='ocrx_word' id='word_1_319' title='bbox 2284 2522 2459 2577; x_wconf 89' lang='lat' dir='ltr'><strong>solum</strong></span> <span class='ocrx_word' id='word_1_320' title='bbox 2492 2521 2695 2575; x_wconf 83' lang='lat' dir='ltr'><strong>habent</strong></span> <span class='ocrx_word' id='word_1_321' title='bbox 2734 2534 3095 2588; x_wconf 85' lang='lat' dir='ltr'><strong>purpureum,</strong></span> <span class='ocrx_word' id='word_1_322' title='bbox 3126 2518 3432 2587; x_wconf 86' lang='lat' dir='ltr'><strong>oculosque</strong></span> 
     </span>
    </p>
   </div>
   <div class='ocr_carea' id='block_1_42' title="bbox 1844 2607 3437 2685">
    <p class='ocr_par' dir='ltr' id='par_1_42' title="bbox 1844 2607 3437 2685">
     <span class='ocr_line' id='line_1_42' title="bbox 1844 2607 3437 2685; baseline -0.005 -13"><span class='ocrx_word' id='word_1_323' title='bbox 1844 2615 2127 2685; x_wconf 77' lang='lat' dir='ltr'><strong>Cteruleos.</strong></span> <span class='ocrx_word' id='word_1_324' title='bbox 2162 2614 2343 2669; x_wconf 90' lang='lat' dir='ltr'><strong>Cornu</strong></span> <span class='ocrx_word' id='word_1_325' title='bbox 2370 2612 2479 2666; x_wconf 86' lang='lat' dir='ltr'><strong>illis</strong></span> <span class='ocrx_word' id='word_1_326' title='bbox 2508 2611 2743 2666; x_wconf 88' lang='lat' dir='ltr'><strong>cubitale</strong></span> <span class='ocrx_word' id='word_1_327' title='bbox 2763 2612 2942 2665; x_wconf 87' lang='lat' dir='ltr'><strong>media</strong></span> <span class='ocrx_word' id='word_1_328' title='bbox 2975 2612 3219 2678; x_wconf 75' lang='lat' dir='ltr'><strong>procedit</strong></span> <span class='ocrx_word' id='word_1_329' title='bbox 3254 2607 3437 2664; x_wconf 81' lang='lat' dir='ltr'><strong>fronte</strong></span> 
     </span>
    </p>
   </div>
   <div class='ocr_carea' id='block_1_43' title="bbox 1845 2701 3437 2779">
    <p class='ocr_par' dir='ltr' id='par_1_43' title="bbox 1845 2701 3437 2779">
     <span class='ocr_line' id='line_1_43' title="bbox 1845 2701 3437 2779; baseline -0.004 -18"><span class='ocrx_word' id='word_1_330' title='bbox 1845 2705 2027 2779; x_wconf 87' lang='lat' dir='ltr'><strong>[cujus</strong></span> <span class='ocrx_word' id='word_1_331' title='bbox 2070 2707 2231 2762; x_wconf 87' lang='lat' dir='ltr'><strong>scobs</strong></span> <span class='ocrx_word' id='word_1_332' title='bbox 2275 2706 2327 2760; x_wconf 90' lang='lat' dir='ltr'><strong>in</strong></span> <span class='ocrx_word' id='word_1_333' title='bbox 2358 2714 2487 2775; x_wconf 89' lang='lat' dir='ltr'><strong>potu</strong></span> <span class='ocrx_word' id='word_1_334' title='bbox 2519 2704 2699 2769; x_wconf 88' lang='lat' dir='ltr'><strong>datur,</strong></span> <span class='ocrx_word' id='word_1_335' title='bbox 2741 2710 3030 2770; x_wconf 80' lang='lat' dir='ltr'><strong>tueturqnc</strong></span> <span class='ocrx_word' id='word_1_336' title='bbox 3070 2717 3097 2753; x_wconf 90' lang='lat' dir='ltr'><strong>a</strong></span> <span class='ocrx_word' id='word_1_337' title='bbox 3136 2701 3437 2755; x_wconf 87' lang='lat' dir='ltr'><strong>mortileris</strong></span> 
     </span>
    </p>
   </div>
   <div class='ocr_carea' id='block_1_44' title="bbox 1845 2793 3438 2869">
    <p class='ocr_par' dir='ltr' id='par_1_44' title="bbox 1845 2793 3438 2869">
     <span class='ocr_line' id='line_1_44' title="bbox 1845 2793 3438 2869; baseline -0.003 -19"><span class='ocrx_word' id='word_1_338' title='bbox 1845 2796 2119 2869; x_wconf 87' lang='lat' dir='ltr'><strong>venenis.]</strong></span> <span class='ocrx_word' id='word_1_339' title='bbox 2157 2798 2285 2865; x_wconf 83' lang='lat' dir='ltr'><strong>Ejus</strong></span> <span class='ocrx_word' id='word_1_340' title='bbox 2322 2796 2551 2851; x_wconf 82' lang='lat' dir='ltr'><strong>inferior</strong></span> <span class='ocrx_word' id='word_1_341' title='bbox 2582 2793 2860 2863; x_wconf 80' lang='lat' dir='ltr'><strong>frontique</strong></span> <span class='ocrx_word' id='word_1_342' title='bbox 2900 2793 3143 2863; x_wconf 86' lang='lat' dir='ltr'><strong>proxima</strong></span> <span class='ocrx_word' id='word_1_343' title='bbox 3186 2807 3332 2862; x_wconf 84' lang='lat' dir='ltr'><strong>pars,</strong></span> <span class='ocrx_word' id='word_1_344' title='bbox 3368 2794 3438 2845; x_wconf 85' lang='lat' dir='ltr'><strong>ad</strong></span> 
     </span>
    </p>
   </div>
   <div class='ocr_carea' id='block_1_45' title="bbox 1847 2886 3439 2960">
    <p class='ocr_par' dir='ltr' id='par_1_45' title="bbox 1847 2886 3439 2960">
     <span class='ocr_line' id='line_1_45' title="bbox 1847 2886 3439 2960; baseline -0.005 -15"><span class='ocrx_word' id='word_1_345' title='bbox 1847 2890 2076 2945; x_wconf 89' lang='lat' dir='ltr'><strong>duorum</strong></span> <span class='ocrx_word' id='word_1_346' title='bbox 2104 2889 2406 2960; x_wconf 89' lang='lat' dir='ltr'><strong>palmorum</strong></span> <span class='ocrx_word' id='word_1_347' title='bbox 2443 2888 2676 2957; x_wconf 78' lang='lat' dir='ltr'><strong>Spatium</strong></span> <span class='ocrx_word' id='word_1_348' title='bbox 2707 2886 2925 2955; x_wconf 79' lang='lat' dir='ltr'><strong>egregie</strong></span> <span class='ocrx_word' id='word_1_349' title='bbox 2948 2886 3203 2948; x_wconf 86' lang='lat' dir='ltr'><strong>candida,</strong></span> <span class='ocrx_word' id='word_1_350' title='bbox 3238 2900 3439 2953; x_wconf 86' lang='lat' dir='ltr'><strong>supre-</strong></span> 
     </span>
    </p>
   </div>
   <div class='ocr_carea' id='block_1_46' title="bbox 1849 2978 3449 3076">
    <p class='ocr_par' dir='ltr' id='par_1_46' title="bbox 1849 2978 3449 3076">
     <span class='ocr_line' id='line_1_46' title="bbox 1849 2978 3449 3076; baseline -0.003 -40"><span class='ocrx_word' id='word_1_351' title='bbox 1849 2998 1934 3036; x_wconf 89' lang='lat' dir='ltr'><strong>ma</strong></span> <span class='ocrx_word' id='word_1_352' title='bbox 1972 2984 2024 3036; x_wconf 93' lang='lat' dir='ltr'><strong>in</strong></span> <span class='ocrx_word' id='word_1_353' title='bbox 2058 2998 2288 3036; x_wconf 80' lang='lat' dir='ltr'><strong>acumen</strong></span> <span class='ocrx_word' id='word_1_354' title='bbox 2323 2981 2602 3043; x_wconf 90' lang='lat' dir='ltr'><strong>desinens,</strong></span> <span class='ocrx_word' id='word_1_355' title='bbox 2633 2995 2754 3033; x_wconf 88' lang='lat' dir='ltr'><strong>cum</strong></span> <span class='ocrx_word' id='word_1_356' title='bbox 2792 2995 3009 3033; x_wconf 88' lang='lat' dir='ltr'><strong>smnmo</strong></span> <span class='ocrx_word' id='word_1_357' title='bbox 3049 2979 3245 3032; x_wconf 87' lang='lat' dir='ltr'><strong>rubore</strong></span> <span class='ocrx_word' id='word_1_358' title='bbox 3273 2978 3449 3076; x_wconf 78' lang='lat' dir='ltr'><strong>puni-l</strong></span> 
     </span>
    </p>
   </div>
   <div class='ocr_carea' id='block_1_47' title="bbox 1848 3071 3443 3143">
    <p class='ocr_par' dir='ltr' id='par_1_47' title="bbox 1848 3071 3443 3143">
     <span class='ocr_line' id='line_1_47' title="bbox 1848 3071 3443 3143; baseline -0.004 -14"><span class='ocrx_word' id='word_1_359' title='bbox 1848 3090 1942 3129; x_wconf 81' lang='lat' dir='ltr'><strong>cea</strong></span> <span class='ocrx_word' id='word_1_360' title='bbox 1984 3084 2098 3140; x_wconf 83' lang='lat' dir='ltr'><strong>est;</strong></span> <span class='ocrx_word' id='word_1_361' title='bbox 2133 3088 2255 3143; x_wconf 83' lang='lat' dir='ltr'><strong>quae</strong></span> <span class='ocrx_word' id='word_1_362' title='bbox 2304 3088 2433 3129; x_wconf 86' lang='lat' dir='ltr'><strong>vero</strong></span> <span class='ocrx_word' id='word_1_363' title='bbox 2475 3074 2619 3127; x_wconf 90' lang='lat' dir='ltr'><strong>inter</strong></span> <span class='ocrx_word' id='word_1_364' title='bbox 2650 3073 2748 3126; x_wconf 86' lang='lat' dir='ltr'><strong>bas</strong></span> <span class='ocrx_word' id='word_1_365' title='bbox 2784 3073 2963 3127; x_wconf 87' lang='lat' dir='ltr'><strong>media</strong></span> <span class='ocrx_word' id='word_1_366' title='bbox 3012 3071 3325 3136; x_wconf 84' lang='lat' dir='ltr'><strong>intercedit,</strong></span> <span class='ocrx_word' id='word_1_367' title='bbox 3358 3072 3443 3124; x_wconf 83' lang='lat' dir='ltr'><strong>ni-</strong></span> 
     </span>
    </p>
   </div>
   <div class='ocr_carea' id='block_1_48' title="bbox 1848 3132 3449 3237">
    <p class='ocr_par' dir='ltr' id='par_1_48' title="bbox 1848 3132 3449 3237">
     <span class='ocr_line' id='line_1_48' title="bbox 1848 3132 3449 3237; baseline -0.002 -17"><span class='ocrx_word' id='word_1_368' title='bbox 1848 3184 1965 3237; x_wconf 79' lang='lat' dir='ltr'><strong>gra.</strong></span> <span class='ocrx_word' id='word_1_369' title='bbox 2003 3132 2229 3236; x_wconf 74' lang='lat' dir='ltr'><strong>.latnqui</strong></span> <span class='ocrx_word' id='word_1_370' title='bbox 2261 3183 2329 3222; x_wconf 85' lang='lat' dir='ltr'><strong>ex</strong></span> <span class='ocrx_word' id='word_1_371' title='bbox 2376 3168 2462 3221; x_wconf 89' lang='lat' dir='ltr'><strong>bis</strong></span> <span class='ocrx_word' id='word_1_372' title='bbox 2504 3166 2700 3221; x_wconf 88' lang='lat' dir='ltr'><strong>bibunt</strong></span> <span class='ocrx_word' id='word_1_373' title='bbox 2737 3165 2884 3237; x_wconf 90' lang='lat' dir='ltr'><strong>(nam</strong></span> <span class='ocrx_word' id='word_1_374' title='bbox 2922 3173 2978 3219; x_wconf 85' lang='lat' dir='ltr'><strong>et</strong></span> <span class='ocrx_word' id='word_1_375' title='bbox 3012 3166 3064 3220; x_wconf 88' lang='lat' dir='ltr'><strong>in</strong></span> <span class='ocrx_word' id='word_1_376' title='bbox 3103 3165 3293 3233; x_wconf 84' lang='lat' dir='ltr'><strong>pocula</strong></span> <span class='ocrx_word' id='word_1_377' title='bbox 3330 3132 3449 3237; x_wconf 45' lang='lat' dir='ltr'><strong>tor-1</strong></span> 
     </span>
    </p>
   </div>
   <div class='ocr_carea' id='block_1_49' title="bbox 3442 3209 3449 3267">
    <p class='ocr_par' dir='ltr' id='par_1_49' title="bbox 3442 3209 3449 3267">
     <span class='ocr_line' id='line_1_49' title="bbox 3442 3209 3449 3267; baseline 0 0"><span class='ocrx_word' id='word_1_378' title='bbox 3442 3209 3449 3267; x_wconf 73' lang='grc' dir='ltr'><strong>ί</strong></span> 
     </span>
    </p>
   </div>
   <div class='ocr_carea' id='block_1_50' title="bbox 1770 2119 1811 2174">
    <p class='ocr_par' dir='ltr' id='par_1_50' title="bbox 1770 2119 1811 2174">
     <span class='ocr_line' id='line_1_50' title="bbox 1770 2119 1811 2174; baseline 0 0"><span class='ocrx_word' id='word_1_379' title='bbox 1770 2119 1811 2174; x_wconf 87' lang='grc' dir='ltr'><strong>Β</strong></span> 
     </span>
    </p>
   </div>
   <div class='ocr_carea' id='block_1_51' title="bbox 252 2324 1740 2395">
    <p class='ocr_par' dir='ltr' id='par_1_51' title="bbox 252 2324 1740 2395">
     <span class='ocr_line' id='line_1_51' title="bbox 252 2324 1740 2395; baseline -0.001 -14"><span class='ocrx_word' id='word_1_380' title='bbox 252 2328 357 2381; x_wconf 80' lang='grc' dir='ltr'>Ὀτι</span> <span class='ocrx_word' id='word_1_381' title='bbox 378 2326 510 2379; x_wconf 79' lang='grc' dir='ltr'>είσὶν</span> <span class='ocrx_word' id='word_1_382' title='bbox 532 2325 651 2379; x_wconf 72' lang='grc' dir='ltr'>ὄνοι</span> <span class='ocrx_word' id='word_1_383' title='bbox 685 2326 868 2395; x_wconf 79' lang='grc' dir='ltr'>ἄγριοι</span> <span class='ocrx_word' id='word_1_384' title='bbox 909 2327 966 2379; x_wconf 79' lang='grc' dir='ltr'>ὲν</span> <span class='ocrx_word' id='word_1_385' title='bbox 1012 2328 1128 2390; x_wconf 81' lang='grc' dir='ltr'>τοῖς</span> <span class='ocrx_word' id='word_1_386' title='bbox 1170 2325 1372 2391; x_wconf 79' lang='grc' dir='ltr'>Ἰνδοῖς,</span> <span class='ocrx_word' id='word_1_387' title='bbox 1407 2326 1515 2380; x_wconf 80' lang='grc' dir='ltr'>ῐσοι</span> <span class='ocrx_word' id='word_1_388' title='bbox 1546 2324 1740 2389; x_wconf 74' lang='grc' dir='ltr'>ἵπποις</span> 
     </span>
    </p>
   </div>
   <div class='ocr_carea' id='block_1_52' title="bbox 200 2417 1739 2490">
    <p class='ocr_par' dir='ltr' id='par_1_52' title="bbox 200 2417 1739 2490">
     <span class='ocr_line' id='line_1_52' title="bbox 200 2417 1739 2490; baseline -0.001 -17"><span class='ocrx_word' id='word_1_389' title='bbox 200 2421 270 2473; x_wconf 79' lang='grc' dir='ltr'>καὶ</span> <span class='ocrx_word' id='word_1_390' title='bbox 292 2418 517 2489; x_wconf 78' lang='grc' dir='ltr'><strong>μείζους·</strong></span> <span class='ocrx_word' id='word_1_391' title='bbox 550 2418 745 2471; x_wconf 83' lang='grc' dir='ltr'>λευκοὶ</span> <span class='ocrx_word' id='word_1_392' title='bbox 786 2419 843 2471; x_wconf 76' lang='grc' dir='ltr'><strong>δέ</strong></span> <span class='ocrx_word' id='word_1_393' title='bbox 899 2420 1006 2471; x_wconf 75' lang='grc' dir='ltr'>εισι</span> <span class='ocrx_word' id='word_1_394' title='bbox 1032 2418 1096 2471; x_wconf 81' lang='grc' dir='ltr'>τὸ</span> <span class='ocrx_word' id='word_1_395' title='bbox 1126 2419 1309 2489; x_wconf 83' lang='grc' dir='ltr'>σῶμα,</span> <span class='ocrx_word' id='word_1_396' title='bbox 1333 2419 1433 2489; x_wconf 80' lang='grc' dir='ltr'>τὴν</span> <span class='ocrx_word' id='word_1_397' title='bbox 1492 2417 1739 2490; x_wconf 83' lang='grc' dir='ltr'>κεφαλὴν</span> 
     </span>
    </p>
   </div>
   <div class='ocr_carea' id='block_1_53' title="bbox 195 2508 1742 2582">
    <p class='ocr_par' dir='ltr' id='par_1_53' title="bbox 195 2508 1742 2582">
     <span class='ocr_line' id='line_1_53' title="bbox 195 2508 1742 2582; baseline -0.001 -19"><span class='ocrx_word' id='word_1_398' title='bbox 195 2513 443 2582; x_wconf 75' lang='grc' dir='ltr'>πορφυροῖ,</span> <span class='ocrx_word' id='word_1_399' title='bbox 473 2512 572 2561; x_wconf 75' lang='grc' dir='ltr'>καὶ</span> <span class='ocrx_word' id='word_1_400' title='bbox 611 2508 925 2579; x_wconf 80' lang='grc' dir='ltr'>ὀφθαλμοὺς</span> <span class='ocrx_word' id='word_1_401' title='bbox 948 2508 1131 2579; x_wconf 75' lang='grc' dir='ltr'>ἔχουσι</span> <span class='ocrx_word' id='word_1_402' title='bbox 1162 2510 1205 2542; x_wconf 78' lang='grc'><strong>⁸⁵</strong></span> <span class='ocrx_word' id='word_1_403' title='bbox 1245 2510 1531 2573; x_wconf 76' lang='grc' dir='ltr'>κυανέους.</span> <span class='ocrx_word' id='word_1_404' title='bbox 1558 2510 1742 2579; x_wconf 77' lang='grc' dir='ltr'>Κέρας</span> 
     </span>
    </p>
   </div>
   <div class='ocr_carea' id='block_1_54' title="bbox 196 2600 1743 2673">
    <p class='ocr_par' dir='ltr' id='par_1_54' title="bbox 196 2600 1743 2673">
     <span class='ocr_line' id='line_1_54' title="bbox 196 2600 1743 2673; baseline -0.003 -16"><span class='ocrx_word' id='word_1_405' title='bbox 196 2604 240 2657; x_wconf 68' lang='grc' dir='ltr'><strong>δὲ</strong></span> <span class='ocrx_word' id='word_1_406' title='bbox 263 2602 359 2673; x_wconf 75' lang='grc' dir='ltr'>ἔχει</span> <span class='ocrx_word' id='word_1_407' title='bbox 383 2604 437 2655; x_wconf 71' lang='grc' dir='ltr'>ἐν</span> <span class='ocrx_word' id='word_1_408' title='bbox 457 2602 537 2673; x_wconf 82' lang='grc' dir='ltr'>τῷ</span> <span class='ocrx_word' id='word_1_409' title='bbox 576 2600 838 2672; x_wconf 76' lang='grc' dir='ltr'>μετώπῳ,</span> <span class='ocrx_word' id='word_1_410' title='bbox 872 2601 990 2666; x_wconf 80' lang='grc' dir='ltr'>ἐνὸς</span> <span class='ocrx_word' id='word_1_411' title='bbox 1018 2602 1222 2672; x_wconf 81' lang='grc' dir='ltr'>πήχεος</span> <span class='ocrx_word' id='word_1_412' title='bbox 1260 2602 1321 2654; x_wconf 83' lang='grc' dir='ltr'>τὸ</span> <span class='ocrx_word' id='word_1_413' title='bbox 1353 2601 1602 2671; x_wconf 79' lang='grc' dir='ltr'>μέγεθος.</span> <span class='ocrx_word' id='word_1_414' title='bbox 1631 2601 1743 2655; x_wconf 81' lang='grc' dir='ltr'><strong>Καὶ</strong></span> 
     </span>
    </p>
   </div>
   <div class='ocr_carea' id='block_1_55' title="bbox 196 2692 1743 2764">
    <p class='ocr_par' dir='ltr' id='par_1_55' title="bbox 196 2692 1743 2764">
     <span class='ocr_line' id='line_1_55' title="bbox 196 2692 1743 2764; baseline 0 -17"><span class='ocrx_word' id='word_1_415' title='bbox 196 2696 357 2748; x_wconf 76' lang='grc' dir='ltr'>ἔστιτὸ</span> <span class='ocrx_word' id='word_1_416' title='bbox 383 2694 478 2764; x_wconf 85' lang='grc' dir='ltr'>μὲν</span> <span class='ocrx_word' id='word_1_417' title='bbox 494 2695 655 2747; x_wconf 86' lang='grc' dir='ltr'>κάτω</span> <span class='ocrx_word' id='word_1_418' title='bbox 668 2692 760 2746; x_wconf 81' lang='grc' dir='ltr'>τοῦ</span> <span class='ocrx_word' id='word_1_419' title='bbox 782 2694 841 2748; x_wconf 81' lang='grc' dir='ltr'>κέ</span> <span class='ocrx_word' id='word_1_420' title='bbox 851 2710 1033 2764; x_wconf 87' lang='grc' dir='ltr'>ρατος,</span> <span class='ocrx_word' id='word_1_421' title='bbox 1054 2694 1180 2748; x_wconf 79' lang='grc' dir='ltr'>ὅσον</span> <span class='ocrx_word' id='word_1_422' title='bbox 1209 2695 1303 2747; x_wconf 79' lang='grc' dir='ltr'><strong>ἐπὶ</strong></span> <span class='ocrx_word' id='word_1_423' title='bbox 1328 2694 1421 2747; x_wconf 81' lang='grc' dir='ltr'><strong>δύο</strong></span> <span class='ocrx_word' id='word_1_424' title='bbox 1436 2694 1743 2757; x_wconf 83' lang='grc' dir='ltr'>παλαιστὰς</span> 
     </span>
    </p>
   </div>
   <div class='ocr_carea' id='block_1_56' title="bbox 194 2785 1744 2858">
    <p class='ocr_par' dir='ltr' id='par_1_56' title="bbox 194 2785 1744 2858">
     <span class='ocr_line' id='line_1_56' title="bbox 194 2785 1744 2858; baseline -0.001 -20"><span class='ocrx_word' id='word_1_425' title='bbox 194 2787 305 2858; x_wconf 76' lang='grc' dir='ltr'>πρὸς</span> <span class='ocrx_word' id='word_1_426' title='bbox 330 2788 383 2840; x_wconf 83' lang='grc' dir='ltr'>τὸ</span> <span class='ocrx_word' id='word_1_427' title='bbox 412 2786 692 2856; x_wconf 81' lang='grc' dir='ltr'>μέτωπον,</span> <span class='ocrx_word' id='word_1_428' title='bbox 716 2786 858 2839; x_wconf 87' lang='grc' dir='ltr'>πάνυ</span> <span class='ocrx_word' id='word_1_429' title='bbox 876 2785 1089 2838; x_wconf 76' lang='grc' dir='ltr'>λευκόνο</span> <span class='ocrx_word' id='word_1_430' title='bbox 1119 2785 1181 2838; x_wconf 85' lang='grc' dir='ltr'>τὸ</span> <span class='ocrx_word' id='word_1_431' title='bbox 1202 2786 1257 2838; x_wconf 79' lang='grc' dir='ltr'><strong>δὲ</strong></span> <span class='ocrx_word' id='word_1_432' title='bbox 1279 2787 1464 2840; x_wconf 77' lang='grc' dir='ltr'>ἐπάνω</span> <span class='ocrx_word' id='word_1_433' title='bbox 1494 2785 1587 2850; x_wconf 79' lang='grc' dir='ltr'><strong>ὀξύ</strong></span> <span class='ocrx_word' id='word_1_434' title='bbox 1627 2787 1744 2838; x_wconf 78' lang='grc' dir='ltr'>ἐστι</span> 
     </span>
    </p>
   </div>
   <div class='ocr_carea' id='block_1_57' title="bbox 192 2877 1743 2950">
    <p class='ocr_par' dir='ltr' id='par_1_57' title="bbox 192 2877 1743 2950">
     <span class='ocr_line' id='line_1_57' title="bbox 192 2877 1743 2950; baseline -0.002 -18"><span class='ocrx_word' id='word_1_435' title='bbox 192 2880 267 2933; x_wconf 74' lang='grc' dir='ltr'>τοῦ</span> <span class='ocrx_word' id='word_1_436' title='bbox 283 2880 514 2950; x_wconf 78' lang='grc' dir='ltr'><strong>κέρατος.</strong></span> <span class='ocrx_word' id='word_1_437' title='bbox 536 2878 715 2932; x_wconf 81' lang='grc' dir='ltr'>Τοῦτο</span> <span class='ocrx_word' id='word_1_438' title='bbox 727 2878 782 2931; x_wconf 80' lang='grc' dir='ltr'><strong>δὲ</strong></span> <span class='ocrx_word' id='word_1_439' title='bbox 809 2877 1087 2946; x_wconf 81' lang='grc' dir='ltr'>φοινικοῦν</span> <span class='ocrx_word' id='word_1_440' title='bbox 1115 2880 1282 2939; x_wconf 78' lang='grc' dir='ltr'>ἐστιν,</span> <span class='ocrx_word' id='word_1_441' title='bbox 1316 2877 1547 2949; x_wconf 73' lang='grc' dir='ltr'>ἐρυθρὸν</span> <span class='ocrx_word' id='word_1_442' title='bbox 1577 2878 1743 2931; x_wconf 88' lang='grc' dir='ltr'>πάνυ·</span> 
     </span>
    </p>
   </div>
   <div class='ocr_carea' id='block_1_58' title="bbox 198 2970 1748 3041">
    <p class='ocr_par' dir='ltr' id='par_1_58' title="bbox 198 2970 1748 3041">
     <span class='ocr_line' id='line_1_58' title="bbox 198 2970 1748 3041; baseline -0.002 -16"><span class='ocrx_word' id='word_1_443' title='bbox 198 2971 315 3025; x_wconf 80' lang='grc' dir='ltr'><strong>τὸδὲ</strong></span> <span class='ocrx_word' id='word_1_444' title='bbox 338 2971 457 3025; x_wconf 74' lang='grc' dir='ltr'>ἄλλο</span> <span class='ocrx_word' id='word_1_445' title='bbox 486 2971 547 3023; x_wconf 83' lang='grc' dir='ltr'>τὸ</span> <span class='ocrx_word' id='word_1_446' title='bbox 578 2972 638 3023; x_wconf 74' lang='grc' dir='ltr'>ὲν</span> <span class='ocrx_word' id='word_1_447' title='bbox 666 2970 746 3041; x_wconf 86' lang='grc' dir='ltr'>τῷ</span> <span class='ocrx_word' id='word_1_448' title='bbox 772 2970 923 3041; x_wconf 79' lang='grc' dir='ltr'>μέσῳ</span> <span class='ocrx_word' id='word_1_449' title='bbox 954 2970 1145 3040; x_wconf 80' lang='grc' dir='ltr'>μέλαν.</span> <span class='ocrx_word' id='word_1_450' title='bbox 1164 2971 1260 3023; x_wconf 87' lang='grc' dir='ltr'>Ἐκ</span> <span class='ocrx_word' id='word_1_451' title='bbox 1290 2970 1496 3024; x_wconf 84' lang='grc' dir='ltr'>τούτων</span> <span class='ocrx_word' id='word_1_452' title='bbox 1523 2970 1573 3022; x_wconf 82' lang='grc' dir='ltr'>οί</span> <span class='ocrx_word' id='word_1_453' title='bbox 1594 2970 1748 3023; x_wconf 76' lang='grc' dir='ltr'>πιόνο</span> 
     </span>
    </p>
   </div>
   <div class='ocr_carea' id='block_1_59' title="bbox 191 3060 1747 3134">
    <p class='ocr_par' dir='ltr' id='par_1_59' title="bbox 191 3060 1747 3134">
     <span class='ocr_line' id='line_1_59' title="bbox 191 3060 1747 3134; baseline -0.002 -17"><span class='ocrx_word' id='word_1_454' title='bbox 191 3064 318 3127; x_wconf 78' lang='grc' dir='ltr'>τες⁶⁶</span> <span class='ocrx_word' id='word_1_455' title='bbox 346 3062 838 3134; x_wconf 76' lang='grc' dir='ltr'>(κατασκευάζουσι</span> <span class='ocrx_word' id='word_1_456' title='bbox 871 3060 1078 3134; x_wconf 72' lang='lat'><strong>[9211.]</strong></span> <span class='ocrx_word' id='word_1_457' title='bbox 1110 3060 1221 3133; x_wconf 87' lang='grc' dir='ltr'><strong>γὰρ</strong></span> <span class='ocrx_word' id='word_1_458' title='bbox 1241 3062 1568 3133; x_wconf 76' lang='grc' dir='ltr'>ἐκπώματα)</span> <span class='ocrx_word' id='word_1_459' title='bbox 1606 3078 1747 3115; x_wconf 87' lang='grc' dir='ltr'>σπα-</span> 
     </span>
    </p>
   </div>
   <div class='ocr_carea' id='block_1_60' title="bbox 193 3152 1746 3227">
    <p class='ocr_par' dir='ltr' id='par_1_60' title="bbox 193 3152 1746 3227">
     <span class='ocr_line' id='line_1_60' title="bbox 193 3152 1746 3227; baseline -0.003 -19"><span class='ocrx_word' id='word_1_460' title='bbox 193 3153 315 3227; x_wconf 79' lang='grc' dir='ltr'>σμῷ,</span> <span class='ocrx_word' id='word_1_461' title='bbox 336 3155 514 3225; x_wconf 70' lang='grc' dir='ltr'>φασιν,</span> <span class='ocrx_word' id='word_1_462' title='bbox 541 3154 609 3207; x_wconf 78' lang='grc' dir='ltr'>οὐ</span> <span class='ocrx_word' id='word_1_463' title='bbox 638 3153 1012 3225; x_wconf 79' lang='grc' dir='ltr'>λαμϐάνονται</span> <span class='ocrx_word' id='word_1_464' title='bbox 1034 3152 1157 3207; x_wconf 77' lang='grc' dir='ltr'>οὔτε</span> <span class='ocrx_word' id='word_1_465' title='bbox 1183 3156 1251 3225; x_wconf 83' lang='grc' dir='ltr'>τῇ</span> <span class='ocrx_word' id='word_1_466' title='bbox 1285 3154 1406 3225; x_wconf 74' lang='grc' dir='ltr'>ἱερᾷ</span> <span class='ocrx_word' id='word_1_467' title='bbox 1439 3154 1599 3223; x_wconf 87' lang='grc' dir='ltr'>νόσῳ,</span> <span class='ocrx_word' id='word_1_468' title='bbox 1628 3152 1746 3205; x_wconf 82' lang='grc' dir='ltr'>ἀλλ’</span> 
     </span>
    </p>
   </div>
   <div class='ocr_carea' id='block_1_61' title="bbox 191 3244 1735 3338">
    <p class='ocr_par' dir='ltr' id='par_1_61' title="bbox 191 3244 1735 3319">
     <span class='ocr_line' id='line_1_61' title="bbox 191 3244 1735 3319; baseline -0.001 -18"><span class='ocrx_word' id='word_1_469' title='bbox 191 3248 290 3301; x_wconf 62' lang='grc' dir='ltr'><strong>οὐδὲ</strong></span> <span class='ocrx_word' id='word_1_470' title='bbox 315 3248 627 3319; x_wconf 76' lang='grc' dir='ltr'>φαρμάκοις</span> <span class='ocrx_word' id='word_1_471' title='bbox 646 3246 983 3312; x_wconf 76' lang='grc' dir='ltr'>ἁλίσκονται,</span> <span class='ocrx_word' id='word_1_472' title='bbox 1007 3244 1119 3299; x_wconf 75' lang='grc' dir='ltr'>οὔτ’</span> <span class='ocrx_word' id='word_1_473' title='bbox 1137 3246 1202 3300; x_wconf 84' lang='grc' dir='ltr'>ἂν</span> <span class='ocrx_word' id='word_1_474' title='bbox 1228 3246 1538 3317; x_wconf 87' lang='grc' dir='ltr'>προπίωσιν</span> <span class='ocrx_word' id='word_1_475' title='bbox 1551 3244 1666 3299; x_wconf 80' lang='grc' dir='ltr'>οὔτ’</span> <span class='ocrx_word' id='word_1_476' title='bbox 1680 3246 1735 3300; x_wconf 77' lang='grc' dir='ltr'>ἂι</span> 
     </span>
    </p>
   </div>
   <div class='ocr_carea' id='block_1_62' title="bbox 1840 3244 3449 3338">
    <p class='ocr_par' dir='ltr' id='par_1_62' title="bbox 1848 3244 3449 3338">
     <span class='ocr_line' id='line_1_62' title="bbox 1848 3244 3449 3338; baseline -0.003 -24"><span class='ocrx_word' id='word_1_477' title='bbox 1848 3268 2051 3314; x_wconf 88' lang='lat' dir='ltr'><strong>nantur</strong></span> <span class='ocrx_word' id='word_1_478' title='bbox 2091 3274 2153 3313; x_wconf 89' lang='lat' dir='ltr'><strong>ea</strong></span> <span class='ocrx_word' id='word_1_479' title='bbox 2203 3257 2430 3329; x_wconf 87' lang='lat' dir='ltr'><strong>cornua)</strong></span> <span class='ocrx_word' id='word_1_480' title='bbox 2488 3260 2522 3313; x_wconf 94' lang='lat' dir='ltr'><strong>ii</strong></span> <span class='ocrx_word' id='word_1_481' title='bbox 2575 3272 2751 3326; x_wconf 87' lang='lat' dir='ltr'><strong>neque</strong></span> <span class='ocrx_word' id='word_1_482' title='bbox 2804 3272 3060 3327; x_wconf 84' lang='lat' dir='ltr'><strong>spasmo,</strong></span> <span class='ocrx_word' id='word_1_483' title='bbox 3114 3267 3175 3311; x_wconf 89' lang='lat' dir='ltr'><strong>ut</strong></span> <span class='ocrx_word' id='word_1_484' title='bbox 3218 3244 3449 3338; x_wconf 43' lang='lat' dir='ltr'><strong>feruutd</strong></span> 
     </span>
    </p>
   </div>
   <div class='ocr_carea' id='block_1_63' title="bbox 193 3337 1735 3423">
    <p class='ocr_par' dir='ltr' id='par_1_63' title="bbox 193 3337 1735 3413">
     <span class='ocr_line' id='line_1_63' title="bbox 193 3337 1735 3413; baseline -0.001 -20"><span class='ocrx_word' id='word_1_485' title='bbox 193 3340 254 3412; x_wconf 82' lang='grc' dir='ltr'><strong>τῷ</strong></span> <span class='ocrx_word' id='word_1_486' title='bbox 275 3342 601 3413; x_wconf 78' lang='grc' dir='ltr'>φαρμάκῳ⁶¹</span> <span class='ocrx_word' id='word_1_487' title='bbox 621 3340 964 3411; x_wconf 78' lang='grc' dir='ltr'>ἐπιπίωσινῆ</span> <span class='ocrx_word' id='word_1_488' title='bbox 988 3338 1127 3394; x_wconf 76' lang='grc' dir='ltr'>οἶνον</span> <span class='ocrx_word' id='word_1_489' title='bbox 1148 3341 1183 3411; x_wconf 78' lang='grc' dir='ltr'><strong>ἢ</strong></span> <span class='ocrx_word' id='word_1_490' title='bbox 1222 3338 1367 3411; x_wconf 76' lang='grc' dir='ltr'>ὕδωρ</span> <span class='ocrx_word' id='word_1_491' title='bbox 1391 3340 1423 3410; x_wconf 82' lang='grc' dir='ltr'>ἦ</span> <span class='ocrx_word' id='word_1_492' title='bbox 1445 3337 1574 3393; x_wconf 80' lang='grc' dir='ltr'>ἄλλο</span> <span class='ocrx_word' id='word_1_493' title='bbox 1606 3356 1661 3392; x_wconf 89' lang='grc' dir='ltr'><strong>τι</strong></span> <span class='ocrx_word' id='word_1_494' title='bbox 1682 3340 1735 3391; x_wconf 64' lang='grc' dir='ltr'>ἐκ</span> 
     </span>
    </p>
   </div>
   <div class='ocr_carea' id='block_1_64' title="bbox 1840 3337 3448 3423">
    <p class='ocr_par' dir='ltr' id='par_1_64' title="bbox 1850 3337 3448 3423">
     <span class='ocr_line' id='line_1_64' title="bbox 1850 3337 3448 3423; baseline -0.004 -15"><span class='ocrx_word' id='word_1_495' title='bbox 1850 3353 2228 3423; x_wconf 88' lang='lat' dir='ltr'><strong>corripiuntur</strong></span> <span class='ocrx_word' id='word_1_496' title='bbox 2254 3394 2269 3419; x_wconf 95' lang='lat'><strong>,</strong></span> <span class='ocrx_word' id='word_1_497' title='bbox 2317 3366 2417 3407; x_wconf 87' lang='lat' dir='ltr'><strong>nec</strong></span> <span class='ocrx_word' id='word_1_498' title='bbox 2474 3350 2665 3405; x_wconf 90' lang='lat' dir='ltr'><strong>morbo</strong></span> <span class='ocrx_word' id='word_1_499' title='bbox 2708 3364 2889 3405; x_wconf 89' lang='lat' dir='ltr'><strong>sacro.</strong></span> <span class='ocrx_word' id='word_1_500' title='bbox 2942 3348 3055 3403; x_wconf 87' lang='lat' dir='ltr'><strong>lmn</strong></span> <span class='ocrx_word' id='word_1_501' title='bbox 3094 3364 3197 3403; x_wconf 88' lang='lat' dir='ltr'><strong>nec</strong></span> <span class='ocrx_word' id='word_1_502' title='bbox 3232 3337 3448 3415; x_wconf 38' lang='lat' dir='ltr'><strong>veneno?</strong></span> 
     </span>
    </p>
   </div>
   <div class='ocr_carea' id='block_1_65' title="bbox 194 3428 1735 3533">
    <p class='ocr_par' dir='ltr' id='par_1_65' title="bbox 194 3432 1735 3508">
     <span class='ocr_line' id='line_1_65' title="bbox 194 3432 1735 3508; baseline -0.003 -21"><span class='ocrx_word' id='word_1_503' title='bbox 194 3436 280 3489; x_wconf 77' lang='grc' dir='ltr'><strong>τῶν</strong></span> <span class='ocrx_word' id='word_1_504' title='bbox 295 3437 660 3508; x_wconf 75' lang='grc' dir='ltr'>ἐκπωμάτων.</span> <span class='ocrx_word' id='word_1_505' title='bbox 686 3436 749 3489; x_wconf 80' lang='grc' dir='ltr'><strong>Οἱ</strong></span> <span class='ocrx_word' id='word_1_506' title='bbox 775 3435 875 3506; x_wconf 84' lang='grc' dir='ltr'>μὲν</span> <span class='ocrx_word' id='word_1_507' title='bbox 906 3432 999 3489; x_wconf 80' lang='grc' dir='ltr'>οὖν</span> <span class='ocrx_word' id='word_1_508' title='bbox 1019 3434 1169 3489; x_wconf 82' lang='grc' dir='ltr'>ἄλλοι</span> <span class='ocrx_word' id='word_1_509' title='bbox 1194 3434 1307 3487; x_wconf 82' lang='grc' dir='ltr'>ὅνοι</span> <span class='ocrx_word' id='word_1_510' title='bbox 1326 3434 1635 3505; x_wconf 74' lang='grc' dir='ltr'>καὶῆμεροι</span> <span class='ocrx_word' id='word_1_511' title='bbox 1651 3432 1735 3487; x_wconf 65' lang='grc' dir='ltr'>καὶ</span> 
     </span>
    </p>
   </div>
   <div class='ocr_carea' id='block_1_66' title="bbox 1840 3428 3449 3533">
    <p class='ocr_par' dir='ltr' id='par_1_66' title="bbox 1852 3428 3449 3516">
     <span class='ocr_line' id='line_1_66' title="bbox 1852 3428 3449 3516; baseline -0.003 -19"><span class='ocrx_word' id='word_1_512' title='bbox 1852 3446 2217 3516; x_wconf 73' lang='lat' dir='ltr'><strong>possuntlzmli</strong></span> <span class='ocrx_word' id='word_1_513' title='bbox 2250 3444 2379 3509; x_wconf 88' lang='lat' dir='ltr'><strong>ullo,</strong></span> <span class='ocrx_word' id='word_1_514' title='bbox 2412 3444 2505 3513; x_wconf 89' lang='lat' dir='ltr'><strong>qui</strong></span> <span class='ocrx_word' id='word_1_515' title='bbox 2536 3444 2698 3497; x_wconf 85' lang='lat' dir='ltr'><strong>modo</strong></span> <span class='ocrx_word' id='word_1_516' title='bbox 2717 3450 2841 3496; x_wconf 80' lang='lat' dir='ltr'><strong>ante</strong></span> <span class='ocrx_word' id='word_1_517' title='bbox 2872 3440 2956 3495; x_wconf 85' lang='lat' dir='ltr'><strong>vel</strong></span> <span class='ocrx_word' id='word_1_518' title='bbox 2984 3451 3106 3510; x_wconf 85' lang='lat' dir='ltr'><strong>post</strong></span> <span class='ocrx_word' id='word_1_519' title='bbox 3139 3440 3266 3494; x_wconf 85' lang='lat' dir='ltr'><strong>illud</strong></span> <span class='ocrx_word' id='word_1_520' title='bbox 3305 3428 3449 3493; x_wconf 42' lang='lat' dir='ltr'><strong>hau?</strong></span> 
     </span>
    </p>
   </div>
   <div class='ocr_carea' id='block_1_67' title="bbox 196 3524 1735 3605">
    <p class='ocr_par' dir='ltr' id='par_1_67' title="bbox 196 3524 1735 3601">
     <span class='ocr_line' id='line_1_67' title="bbox 196 3524 1735 3601; baseline -0.004 -18"><span class='ocrx_word' id='word_1_521' title='bbox 196 3529 343 3601; x_wconf 71' lang='grc' dir='ltr'>ἄγριοι</span> <span class='ocrx_word' id='word_1_522' title='bbox 370 3531 459 3583; x_wconf 77' lang='grc' dir='ltr'>καὶ</span> <span class='ocrx_word' id='word_1_523' title='bbox 493 3525 672 3582; x_wconf 82' lang='grc' dir='ltr'>τᾶλλα</span> <span class='ocrx_word' id='word_1_524' title='bbox 699 3525 925 3598; x_wconf 86' lang='grc' dir='ltr'>μώνυχα</span> <span class='ocrx_word' id='word_1_525' title='bbox 956 3527 1123 3598; x_wconf 78' lang='grc' dir='ltr'>θηρία</span> <span class='ocrx_word' id='word_1_526' title='bbox 1158 3528 1336 3581; x_wconf 86' lang='grc' dir='ltr'>πάντα</span> <span class='ocrx_word' id='word_1_527' title='bbox 1364 3524 1735 3594; x_wconf 81' lang='grc' dir='ltr'>ἀστραγάλους</span> 
     </span>
    </p>
   </div>
   <div class='ocr_carea' id='block_1_68' title="bbox 1840 3524 3450 3605">
    <p class='ocr_par' dir='ltr' id='par_1_68' title="bbox 1854 3532 3450 3605">
     <span class='ocr_line' id='line_1_68' title="bbox 1854 3532 3450 3605; baseline -0.004 -15"><span class='ocrx_word' id='word_1_528' title='bbox 1854 3548 2022 3602; x_wconf 88' lang='lat' dir='ltr'><strong>stum,</strong></span> <span class='ocrx_word' id='word_1_529' title='bbox 2050 3536 2260 3597; x_wconf 90' lang='lat' dir='ltr'><strong>vinum,</strong></span> <span class='ocrx_word' id='word_1_530' title='bbox 2301 3548 2524 3605; x_wconf 87' lang='lat' dir='ltr'><strong>aquam,</strong></span> <span class='ocrx_word' id='word_1_531' title='bbox 2558 3543 2652 3586; x_wconf 90' lang='lat' dir='ltr'><strong>aut</strong></span> <span class='ocrx_word' id='word_1_532' title='bbox 2691 3533 2835 3585; x_wconf 90' lang='lat' dir='ltr'><strong>aliud</strong></span> <span class='ocrx_word' id='word_1_533' title='bbox 2871 3532 3149 3601; x_wconf 86' lang='lat' dir='ltr'><strong>quidpiam</strong></span> <span class='ocrx_word' id='word_1_534' title='bbox 3184 3547 3248 3584; x_wconf 80' lang='lat' dir='ltr'><strong>ex</strong></span> <span class='ocrx_word' id='word_1_535' title='bbox 3285 3532 3450 3605; x_wconf 65' lang='lat' dir='ltr'><strong>hisce}</strong></span> 
     </span>
    </p>
   </div>
   <div class='ocr_carea' id='block_1_69' title="bbox 197 3594 1735 3699">
    <p class='ocr_par' dir='ltr' id='par_1_69' title="bbox 197 3611 1735 3691">
     <span class='ocr_line' id='line_1_69' title="bbox 197 3611 1735 3691; baseline -0.001 -20"><span class='ocrx_word' id='word_1_536' title='bbox 197 3620 276 3672; x_wconf 75' lang='grc' dir='ltr'><strong>οὐκ</strong></span> <span class='ocrx_word' id='word_1_537' title='bbox 296 3619 497 3691; x_wconf 73' lang='grc' dir='ltr'>ἔχουσιν</span> <span class='ocrx_word' id='word_1_538' title='bbox 530 3620 582 3651; x_wconf 80' lang='grc'><strong>⁸³</strong></span> <span class='ocrx_word' id='word_1_539' title='bbox 608 3620 727 3673; x_wconf 82' lang='grc' dir='ltr'><strong>οὐδὲ</strong></span> <span class='ocrx_word' id='word_1_540' title='bbox 759 3619 922 3691; x_wconf 80' lang='grc' dir='ltr'>χολὴν</span> <span class='ocrx_word' id='word_1_541' title='bbox 950 3620 1043 3672; x_wconf 75' lang='grc' dir='ltr'><strong>ἐπὶ</strong></span> <span class='ocrx_word' id='word_1_542' title='bbox 1066 3618 1161 3672; x_wconf 77' lang='grc' dir='ltr'>τοῦ</span> <span class='ocrx_word' id='word_1_543' title='bbox 1183 3620 1416 3689; x_wconf 75' lang='grc' dir='ltr'>ἥπατος·</span> <span class='ocrx_word' id='word_1_544' title='bbox 1445 3611 1593 3671; x_wconf 73' lang='grc' dir='ltr'>οὗτοι</span> <span class='ocrx_word' id='word_1_545' title='bbox 1620 3617 1665 3649; x_wconf 74' lang='grc'>⁸³</span> <span class='ocrx_word' id='word_1_546' title='bbox 1688 3616 1735 3670; x_wconf 79' lang='grc' dir='ltr'><strong>δὲ</strong></span> 
     </span>
    </p>
   </div>
   <div class='ocr_carea' id='block_1_70' title="bbox 1840 3594 3451 3699">
    <p class='ocr_par' dir='ltr' id='par_1_70' title="bbox 1854 3594 3451 3699">
     <span class='ocr_line' id='line_1_70' title="bbox 1854 3594 3451 3699; baseline -0.004 -16"><span class='ocrx_word' id='word_1_547' title='bbox 1854 3628 2062 3699; x_wconf 86' lang='lat' dir='ltr'><strong>poculis</strong></span> <span class='ocrx_word' id='word_1_548' title='bbox 2088 3628 2295 3682; x_wconf 89' lang='lat' dir='ltr'><strong>bibant.</strong></span> <span class='ocrx_word' id='word_1_549' title='bbox 2318 3629 2396 3681; x_wconf 85' lang='lat' dir='ltr'><strong>Ac</strong></span> <span class='ocrx_word' id='word_1_550' title='bbox 2427 3640 2550 3681; x_wconf 91' lang='lat' dir='ltr'><strong>cum</strong></span> <span class='ocrx_word' id='word_1_551' title='bbox 2584 3624 2766 3679; x_wconf 72' lang='lat' dir='ltr'><strong>caueri</strong></span> <span class='ocrx_word' id='word_1_552' title='bbox 2790 3624 3008 3699; x_wconf 86' lang='lat' dir='ltr'><strong>quidem</strong></span> <span class='ocrx_word' id='word_1_553' title='bbox 3038 3623 3153 3677; x_wconf 83' lang='lat' dir='ltr'><strong>sive</strong></span> <span class='ocrx_word' id='word_1_554' title='bbox 3185 3594 3451 3697; x_wconf 64' lang='lat' dir='ltr'><strong>mausch</strong></span> 
     </span>
    </p>
   </div>
   <div class='ocr_carea' id='block_1_71' title="bbox 199 3709 1735 3797">
    <p class='ocr_par' dir='ltr' id='par_1_71' title="bbox 199 3709 1735 3784">
     <span class='ocr_line' id='line_1_71' title="bbox 199 3709 1735 3784; baseline -0.001 -21"><span class='ocrx_word' id='word_1_555' title='bbox 199 3710 272 3763; x_wconf 76' lang='lat' dir='ltr'><strong>tul.</strong></span> <span class='ocrx_word' id='word_1_556' title='bbox 299 3712 641 3784; x_wconf 76' lang='grc' dir='ltr'>ἀστράγαλον</span> <span class='ocrx_word' id='word_1_557' title='bbox 678 3713 773 3764; x_wconf 84' lang='grc' dir='ltr'>καὶ</span> <span class='ocrx_word' id='word_1_558' title='bbox 813 3710 975 3783; x_wconf 81' lang='grc' dir='ltr'>χολὴν</span> <span class='ocrx_word' id='word_1_559' title='bbox 1015 3712 1109 3764; x_wconf 75' lang='grc' dir='ltr'><strong>ἐπὶ</strong></span> <span class='ocrx_word' id='word_1_560' title='bbox 1155 3710 1251 3764; x_wconf 82' lang='grc' dir='ltr'>τοῦ</span> <span class='ocrx_word' id='word_1_561' title='bbox 1290 3711 1502 3781; x_wconf 80' lang='grc' dir='ltr'>ἥπατος</span> <span class='ocrx_word' id='word_1_562' title='bbox 1542 3709 1735 3780; x_wconf 63' lang='grc' dir='ltr'>ἔχουσι.</span> 
     </span>
    </p>
   </div>
   <div class='ocr_carea' id='block_1_72' title="bbox 1840 3709 3451 3797">
    <p class='ocr_par' dir='ltr' id='par_1_72' title="bbox 1856 3710 3451 3797">
     <span class='ocr_line' id='line_1_72' title="bbox 1856 3710 3451 3797; baseline -0.006 -22"><span class='ocrx_word' id='word_1_563' title='bbox 1856 3722 1927 3785; x_wconf 92' lang='lat' dir='ltr'><strong>ti,</strong></span> <span class='ocrx_word' id='word_1_564' title='bbox 1962 3721 2076 3776; x_wconf 84' lang='lat' dir='ltr'><strong>sive</strong></span> <span class='ocrx_word' id='word_1_565' title='bbox 2112 3719 2392 3775; x_wconf 86' lang='lat' dir='ltr'><strong>silvestres</strong></span> <span class='ocrx_word' id='word_1_566' title='bbox 2434 3718 2595 3785; x_wconf 87' lang='lat' dir='ltr'><strong>asini,</strong></span> <span class='ocrx_word' id='word_1_567' title='bbox 2641 3718 2855 3787; x_wconf 86' lang='lat' dir='ltr'><strong>aliaque</strong></span> <span class='ocrx_word' id='word_1_568' title='bbox 2892 3718 3092 3785; x_wconf 87' lang='lat' dir='ltr'><strong>quibus</strong></span> <span class='ocrx_word' id='word_1_569' title='bbox 3122 3716 3292 3771; x_wconf 88' lang='lat' dir='ltr'><strong>solida</strong></span> <span class='ocrx_word' id='word_1_570' title='bbox 3339 3710 3451 3797; x_wconf 66' lang='grc' dir='ltr'>ιιιιῇ</span> 
     </span>
    </p>
   </div>
   <div class='ocr_carea' id='block_1_73' title="bbox 202 3798 1735 3886">
    <p class='ocr_par' dir='ltr' id='par_1_73' title="bbox 202 3798 1735 3875">
     <span class='ocr_line' id='line_1_73' title="bbox 202 3798 1735 3875; baseline 0.001 -21"><span class='ocrx_word' id='word_1_571' title='bbox 202 3803 269 3856; x_wconf 72' lang='grc' dir='ltr'><strong>τὸν</strong></span> <span class='ocrx_word' id='word_1_572' title='bbox 292 3804 341 3857; x_wconf 78' lang='grc' dir='ltr'><strong>δὲ</strong></span> <span class='ocrx_word' id='word_1_573' title='bbox 377 3804 731 3875; x_wconf 81' lang='grc' dir='ltr'>ἀστράγαλον</span> <span class='ocrx_word' id='word_1_574' title='bbox 767 3805 1051 3858; x_wconf 78' lang='grc' dir='ltr'>κάλλιστον</span> <span class='ocrx_word' id='word_1_575' title='bbox 1074 3798 1149 3858; x_wconf 80' lang='grc' dir='ltr'>ὧν</span> <span class='ocrx_word' id='word_1_576' title='bbox 1193 3804 1306 3873; x_wconf 80' lang='grc' dir='ltr'><strong>ἐγὼ</strong></span> <span class='ocrx_word' id='word_1_577' title='bbox 1327 3804 1572 3874; x_wconf 79' lang='grc' dir='ltr'>ἑώρακα,</span> <span class='ocrx_word' id='word_1_578' title='bbox 1606 3798 1735 3856; x_wconf 83' lang='grc' dir='ltr'>οἷόν-</span> 
     </span>
    </p>
   </div>
   <div class='ocr_carea' id='block_1_74' title="bbox 1840 3798 3452 3886">
    <p class='ocr_par' dir='ltr' id='par_1_74' title="bbox 1856 3806 3452 3886">
     <span class='ocr_line' id='line_1_74' title="bbox 1856 3806 3452 3886; baseline -0.006 -18"><span class='ocrx_word' id='word_1_579' title='bbox 1856 3814 1978 3886; x_wconf 81' lang='lat' dir='ltr'><strong>gula</strong></span> <span class='ocrx_word' id='word_1_580' title='bbox 2013 3822 2118 3877; x_wconf 90' lang='lat' dir='ltr'><strong>est,</strong></span> <span class='ocrx_word' id='word_1_581' title='bbox 2152 3811 2411 3867; x_wconf 84' lang='lat' dir='ltr'><strong>animalia</strong></span> <span class='ocrx_word' id='word_1_582' title='bbox 2441 3817 2650 3876; x_wconf 88' lang='lat' dir='ltr'><strong>omnia,</strong></span> <span class='ocrx_word' id='word_1_583' title='bbox 2681 3825 2861 3881; x_wconf 91' lang='lat' dir='ltr'><strong>neque</strong></span> <span class='ocrx_word' id='word_1_584' title='bbox 2885 3811 3021 3863; x_wconf 88' lang='lat' dir='ltr'><strong>talos</strong></span> <span class='ocrx_word' id='word_1_585' title='bbox 3054 3807 3313 3870; x_wconf 83' lang='lat' dir='ltr'><strong>habeant,</strong></span> <span class='ocrx_word' id='word_1_586' title='bbox 3344 3806 3452 3886; x_wconf 34' lang='lat' dir='ltr'><strong>ne-f</strong></span> 
     </span>
    </p>
   </div>
   <div class='ocr_carea' id='block_1_75' title="bbox 210 3882 1735 3978">
    <p class='ocr_par' dir='ltr' id='par_1_75' title="bbox 210 3892 1735 3967">
     <span class='ocr_line' id='line_1_75' title="bbox 210 3892 1735 3967; baseline 0.007 -22"><span class='ocrx_word' id='word_1_587' title='bbox 210 3910 287 3965; x_wconf 76' lang='grc' dir='ltr'><strong>περ</strong></span> <span class='ocrx_word' id='word_1_588' title='bbox 307 3895 414 3966; x_wconf 81' lang='grc' dir='ltr'><strong>βοὸς</strong></span> <span class='ocrx_word' id='word_1_589' title='bbox 445 3899 548 3951; x_wconf 76' lang='grc' dir='ltr'>καὶ</span> <span class='ocrx_word' id='word_1_590' title='bbox 580 3897 645 3949; x_wconf 84' lang='grc' dir='ltr'>τὸ</span> <span class='ocrx_word' id='word_1_591' title='bbox 680 3892 819 3960; x_wconf 79' lang='grc' dir='ltr'>εἶδος</span> <span class='ocrx_word' id='word_1_592' title='bbox 864 3896 960 3949; x_wconf 73' lang='grc' dir='ltr'>καὶ</span> <span class='ocrx_word' id='word_1_593' title='bbox 997 3896 1058 3949; x_wconf 84' lang='grc' dir='ltr'>τὸ</span> <span class='ocrx_word' id='word_1_594' title='bbox 1099 3895 1352 3967; x_wconf 77' lang='grc' dir='ltr'>μέγεθος·</span> <span class='ocrx_word' id='word_1_595' title='bbox 1395 3896 1568 3967; x_wconf 83' lang='grc' dir='ltr'>βαρὺς</span> <span class='ocrx_word' id='word_1_596' title='bbox 1600 3894 1646 3948; x_wconf 86' lang='grc' dir='ltr'><strong>δ’</strong></span> <span class='ocrx_word' id='word_1_597' title='bbox 1671 3894 1735 3957; x_wconf 76' lang='grc' dir='ltr'>ὡς</span> 
     </span>
    </p>
   </div>
   <div class='ocr_carea' id='block_1_76' title="bbox 1840 3882 3453 3978">
    <p class='ocr_par' dir='ltr' id='par_1_76' title="bbox 1856 3882 3453 3978">
     <span class='ocr_line' id='line_1_76' title="bbox 1856 3882 3453 3978; baseline -0.004 -18"><span class='ocrx_word' id='word_1_598' title='bbox 1856 3882 1963 3978; x_wconf 77' lang='lat' dir='ltr'><strong>que</strong></span> <span class='ocrx_word' id='word_1_599' title='bbox 1989 3907 2040 3960; x_wconf 91' lang='lat' dir='ltr'><strong>in</strong></span> <span class='ocrx_word' id='word_1_600' title='bbox 2063 3904 2250 3974; x_wconf 88' lang='lat' dir='ltr'><strong>jecore</strong></span> <span class='ocrx_word' id='word_1_601' title='bbox 2291 3905 2387 3971; x_wconf 79' lang='lat' dir='ltr'><strong>fel,</strong></span> <span class='ocrx_word' id='word_1_602' title='bbox 2412 3906 2528 3959; x_wconf 63' lang='lat' dir='ltr'><strong>hac</strong></span> <span class='ocrx_word' id='word_1_603' title='bbox 2554 3913 2733 3958; x_wconf 87' lang='lat' dir='ltr'><strong>tamen</strong></span> <span class='ocrx_word' id='word_1_604' title='bbox 2758 3910 2987 3971; x_wconf 89' lang='lat' dir='ltr'><strong>utraque</strong></span> <span class='ocrx_word' id='word_1_605' title='bbox 3018 3900 3070 3954; x_wconf 93' lang='lat' dir='ltr'><strong>iu</strong></span> <span class='ocrx_word' id='word_1_606' title='bbox 3096 3900 3179 3954; x_wconf 88' lang='lat' dir='ltr'><strong>his</strong></span> <span class='ocrx_word' id='word_1_607' title='bbox 3202 3882 3453 3975; x_wconf 76' lang='lat' dir='ltr'><strong>invenire</strong></span> 
     </span>
    </p>
   </div>
   <div class='ocr_carea' id='block_1_77' title="bbox 215 3978 1735 4065">
    <p class='ocr_par' dir='ltr' id='par_1_77' title="bbox 215 3988 1735 4062">
     <span class='ocr_line' id='line_1_77' title="bbox 215 3988 1735 4062; baseline -0.001 -19"><span class='ocrx_word' id='word_1_608' title='bbox 215 3988 440 4057; x_wconf 72' lang='grc' dir='ltr'>μόλιϐδος,</span> <span class='ocrx_word' id='word_1_609' title='bbox 493 3991 604 4055; x_wconf 80' lang='grc' dir='ltr'>τὴν</span> <span class='ocrx_word' id='word_1_610' title='bbox 652 3990 711 4043; x_wconf 81' lang='grc' dir='ltr'><strong>δὲ</strong></span> <span class='ocrx_word' id='word_1_611' title='bbox 748 3990 918 4060; x_wconf 87' lang='grc' dir='ltr'>χρόαν</span> <span class='ocrx_word' id='word_1_612' title='bbox 957 3990 1149 4062; x_wconf 84' lang='grc' dir='ltr'>ὥσπερ</span> <span class='ocrx_word' id='word_1_613' title='bbox 1198 3990 1508 4062; x_wconf 73' lang='grc' dir='ltr'>κιννάϐαρι,</span> <span class='ocrx_word' id='word_1_614' title='bbox 1537 3991 1634 4044; x_wconf 81' lang='grc' dir='ltr'>καὶ</span> <span class='ocrx_word' id='word_1_615' title='bbox 1660 3989 1735 4043; x_wconf 68' lang='grc' dir='ltr'><strong>διδ</strong></span> 
     </span>
    </p>
   </div>
   <div class='ocr_carea' id='block_1_78' title="bbox 1840 3978 3453 4065">
    <p class='ocr_par' dir='ltr' id='par_1_78' title="bbox 1857 3978 3453 4065">
     <span class='ocr_line' id='line_1_78' title="bbox 1857 3978 3453 4065; baseline -0.008 -10"><span class='ocrx_word' id='word_1_616' title='bbox 1857 4009 1962 4064; x_wconf 89' lang='lat' dir='ltr'><strong>est,</strong></span> <span class='ocrx_word' id='word_1_617' title='bbox 1981 4010 2037 4055; x_wconf 91' lang='lat' dir='ltr'><strong>et</strong></span> <span class='ocrx_word' id='word_1_618' title='bbox 2070 3999 2236 4054; x_wconf 89' lang='lat' dir='ltr'><strong>talum</strong></span> <span class='ocrx_word' id='word_1_619' title='bbox 2266 4007 2417 4053; x_wconf 86' lang='lat' dir='ltr'><strong>certe</strong></span> <span class='ocrx_word' id='word_1_620' title='bbox 2439 3998 2706 4061; x_wconf 86' lang='lat' dir='ltr'><strong>omnium,</strong></span> <span class='ocrx_word' id='word_1_621' title='bbox 2737 4010 2875 4065; x_wconf 92' lang='lat' dir='ltr'><strong>quos</strong></span> <span class='ocrx_word' id='word_1_622' title='bbox 2901 3994 3153 4064; x_wconf 89' lang='lat' dir='ltr'><strong>equidem</strong></span> <span class='ocrx_word' id='word_1_623' title='bbox 3188 3978 3453 4053; x_wconf 71' lang='lat' dir='ltr'><strong>viderim,</strong></span> 
     </span>
    </p>
   </div>
   <div class='ocr_carea' id='block_1_79' title="bbox 209 4080 1735 4164">
    <p class='ocr_par' dir='ltr' id='par_1_79' title="bbox 209 4080 1735 4153">
     <span class='ocr_line' id='line_1_79' title="bbox 209 4080 1735 4153; baseline 0 -17"><span class='ocrx_word' id='word_1_624' title='bbox 209 4080 376 4146; x_wconf 61' lang='grc' dir='ltr'>βῶθους.</span> <span class='ocrx_word' id='word_1_625' title='bbox 410 4082 738 4153; x_wconf 85' lang='grc' dir='ltr'>Ταχύτατον</span> <span class='ocrx_word' id='word_1_626' title='bbox 774 4083 833 4135; x_wconf 84' lang='grc' dir='ltr'><strong>δέ</strong></span> <span class='ocrx_word' id='word_1_627' title='bbox 876 4084 995 4136; x_wconf 74' lang='grc' dir='ltr'>ἐστι</span> <span class='ocrx_word' id='word_1_628' title='bbox 1023 4083 1084 4136; x_wconf 84' lang='grc' dir='ltr'>τὸ</span> <span class='ocrx_word' id='word_1_629' title='bbox 1109 4083 1249 4147; x_wconf 82' lang='grc' dir='ltr'>ζῶον</span> <span class='ocrx_word' id='word_1_630' title='bbox 1273 4082 1434 4136; x_wconf 83' lang='grc' dir='ltr'>τοῦτο</span> <span class='ocrx_word' id='word_1_631' title='bbox 1463 4083 1559 4136; x_wconf 76' lang='grc' dir='ltr'>καὶ</span> <span class='ocrx_word' id='word_1_632' title='bbox 1589 4082 1735 4137; x_wconf 84' lang='grc' dir='ltr'>ἀλκι-</span> 
     </span>
    </p>
   </div>
   <div class='ocr_carea' id='block_1_80' title="bbox 1840 4080 3445 4164">
    <p class='ocr_par' dir='ltr' id='par_1_80' title="bbox 1856 4084 3445 4164">
     <span class='ocr_line' id='line_1_80' title="bbox 1856 4084 3445 4164; baseline -0.006 -17"><span class='ocrx_word' id='word_1_633' title='bbox 1856 4092 2309 4164; x_wconf 85' lang='lat' dir='ltr'><strong>pulcherrimum,</strong></span> <span class='ocrx_word' id='word_1_634' title='bbox 2345 4090 2498 4145; x_wconf 86' lang='lat' dir='ltr'><strong>bovis</strong></span> <span class='ocrx_word' id='word_1_635' title='bbox 2523 4088 2633 4144; x_wconf 90' lang='lat' dir='ltr'><strong>talo</strong></span> <span class='ocrx_word' id='word_1_636' title='bbox 2664 4098 2720 4143; x_wconf 92' lang='lat' dir='ltr'><strong>et</strong></span> <span class='ocrx_word' id='word_1_637' title='bbox 2738 4087 2951 4157; x_wconf 54' lang='lat' dir='ltr'><strong>,specie,</strong></span> <span class='ocrx_word' id='word_1_638' title='bbox 2989 4097 3045 4141; x_wconf 90' lang='lat' dir='ltr'><strong>et</strong></span> <span class='ocrx_word' id='word_1_639' title='bbox 3074 4084 3445 4153; x_wconf 70' lang='lat' dir='ltr'><strong>magnitudine</strong></span> 
     </span>
    </p>
   </div>
   <div class='ocr_carea' id='block_1_81' title="bbox 203 4173 1735 4254">
    <p class='ocr_par' dir='ltr' id='par_1_81' title="bbox 203 4173 1735 4246">
     <span class='ocr_line' id='line_1_81' title="bbox 203 4173 1735 4246; baseline 0.001 -19"><span class='ocrx_word' id='word_1_640' title='bbox 203 4173 427 4240; x_wconf 79' lang='grc' dir='ltr'>μὼτατον⁶</span> <span class='ocrx_word' id='word_1_641' title='bbox 464 4175 627 4229; x_wconf 78' lang='grc' dir='ltr'>οὐδὲν</span> <span class='ocrx_word' id='word_1_642' title='bbox 651 4175 710 4228; x_wconf 81' lang='grc' dir='ltr'><strong>δὲ</strong></span> <span class='ocrx_word' id='word_1_643' title='bbox 739 4173 866 4229; x_wconf 80' lang='grc' dir='ltr'>οὕτε</span> <span class='ocrx_word' id='word_1_644' title='bbox 904 4176 1067 4238; x_wconf 81' lang='grc' dir='ltr'>ἵππος</span> <span class='ocrx_word' id='word_1_645' title='bbox 1099 4174 1225 4230; x_wconf 76' lang='grc' dir='ltr'>οὒτε</span> <span class='ocrx_word' id='word_1_646' title='bbox 1254 4175 1384 4229; x_wconf 78' lang='grc' dir='ltr'>ἄλλο</span> <span class='ocrx_word' id='word_1_647' title='bbox 1410 4192 1463 4228; x_wconf 92' lang='grc' dir='ltr'><strong>τι</strong></span> <span class='ocrx_word' id='word_1_648' title='bbox 1483 4176 1735 4246; x_wconf 78' lang='grc' dir='ltr'>διωκόμει</span> 
     </span>
    </p>
   </div>
   <div class='ocr_carea' id='block_1_82' title="bbox 1840 4173 3447 4254">
    <p class='ocr_par' dir='ltr' id='par_1_82' title="bbox 1860 4176 3447 4254">
     <span class='ocr_line' id='line_1_82' title="bbox 1860 4176 3447 4254; baseline -0.011 -8"><span class='ocrx_word' id='word_1_649' title='bbox 1860 4189 2117 4254; x_wconf 89' lang='lat' dir='ltr'><strong>similem,</strong></span> <span class='ocrx_word' id='word_1_650' title='bbox 2141 4187 2235 4242; x_wconf 88' lang='lat' dir='ltr'><strong>sed</strong></span> <span class='ocrx_word' id='word_1_651' title='bbox 2270 4187 2445 4240; x_wconf 89' lang='lat' dir='ltr'><strong>instar</strong></span> <span class='ocrx_word' id='word_1_652' title='bbox 2483 4183 2691 4254; x_wconf 90' lang='lat' dir='ltr'><strong>plumbi</strong></span> <span class='ocrx_word' id='word_1_653' title='bbox 2734 4195 2980 4251; x_wconf 79' lang='lat' dir='ltr'><strong>gravem,</strong></span> <span class='ocrx_word' id='word_1_654' title='bbox 3004 4188 3057 4233; x_wconf 88' lang='lat' dir='ltr'><strong>et</strong></span> <span class='ocrx_word' id='word_1_655' title='bbox 3082 4177 3232 4230; x_wconf 91' lang='lat' dir='ltr'><strong>minii</strong></span> <span class='ocrx_word' id='word_1_656' title='bbox 3266 4176 3447 4229; x_wconf 85' lang='lat' dir='ltr'><strong>colore</strong></span> 
     </span>
    </p>
   </div>
   <div class='ocr_carea' id='block_1_83' title="bbox 200 4267 1735 4349">
    <p class='ocr_par' dir='ltr' id='par_1_83' title="bbox 200 4267 1735 4339">
     <span class='ocr_line' id='line_1_83' title="bbox 200 4267 1735 4339; baseline 0.004 -22"><span class='ocrx_word' id='word_1_657' title='bbox 200 4280 269 4317; x_wconf 79' lang='grc' dir='ltr'><strong>νον</strong></span> <span class='ocrx_word' id='word_1_658' title='bbox 298 4267 730 4339; x_wconf 69' lang='grc' dir='ltr'>καταλαμϐάνει.</span> <span class='ocrx_word' id='word_1_659' title='bbox 776 4268 1042 4338; x_wconf 83' lang='grc' dir='ltr'>Ἀρχεται</span> <span class='ocrx_word' id='word_1_660' title='bbox 1080 4269 1136 4323; x_wconf 80' lang='grc' dir='ltr'><strong>δὲ</strong></span> <span class='ocrx_word' id='word_1_661' title='bbox 1156 4270 1348 4339; x_wconf 80' lang='grc' dir='ltr'>τρέχον</span> <span class='ocrx_word' id='word_1_662' title='bbox 1396 4268 1735 4339; x_wconf 72' lang='grc' dir='ltr'>βραδύτερον</span> 
     </span>
    </p>
   </div>
   <div class='ocr_carea' id='block_1_84' title="bbox 1840 4267 3449 4349">
    <p class='ocr_par' dir='ltr' id='par_1_84' title="bbox 1860 4272 3449 4349">
     <span class='ocr_line' id='line_1_84' title="bbox 1860 4272 3449 4349; baseline -0.011 -11"><span class='ocrx_word' id='word_1_663' title='bbox 1860 4284 1927 4337; x_wconf 84' lang='lat' dir='ltr'><strong>ad</strong></span> <span class='ocrx_word' id='word_1_664' title='bbox 1953 4282 2139 4336; x_wconf 88' lang='lat' dir='ltr'><strong>intima</strong></span> <span class='ocrx_word' id='word_1_665' title='bbox 2166 4293 2336 4349; x_wconf 90' lang='lat' dir='ltr'><strong>usque</strong></span> <span class='ocrx_word' id='word_1_666' title='bbox 2357 4277 2662 4333; x_wconf 75' lang='lat' dir='ltr'><strong>rubentem.</strong></span> <span class='ocrx_word' id='word_1_667' title='bbox 2686 4272 3100 4328; x_wconf 81' lang='lat' dir='ltr'><strong>Velocissiruum</strong></span> <span class='ocrx_word' id='word_1_668' title='bbox 3127 4284 3343 4339; x_wconf 88' lang='lat' dir='ltr'><strong>quoque</strong></span> <span class='ocrx_word' id='word_1_669' title='bbox 3365 4276 3449 4321; x_wconf 85' lang='lat' dir='ltr'><strong>est</strong></span> 
     </span>
    </p>
   </div>
   <div class='ocr_carea' id='block_1_85' title="bbox 196 4359 1735 4434">
    <p class='ocr_par' dir='ltr' id='par_1_85' title="bbox 196 4359 1735 4434">
     <span class='ocr_line' id='line_1_85' title="bbox 196 4359 1735 4434; baseline 0.003 -25"><span class='ocrx_word' id='word_1_670' title='bbox 196 4359 295 4412; x_wconf 81' lang='grc' dir='ltr'>ὅσον</span> <span class='ocrx_word' id='word_1_671' title='bbox 325 4360 366 4413; x_wconf 83' lang='grc' dir='ltr'>δ’</span> <span class='ocrx_word' id='word_1_672' title='bbox 395 4362 461 4414; x_wconf 83' lang='grc' dir='ltr'>ἂν</span> <span class='ocrx_word' id='word_1_673' title='bbox 502 4360 674 4413; x_wconf 80' lang='grc' dir='ltr'>πλέον</span> <span class='ocrx_word' id='word_1_674' title='bbox 704 4360 750 4393; x_wconf 78' lang='grc'><strong>⁸⁷⁵</strong></span> <span class='ocrx_word' id='word_1_675' title='bbox 778 4361 968 4431; x_wconf 89' lang='grc' dir='ltr'>χρόνον</span> <span class='ocrx_word' id='word_1_676' title='bbox 992 4361 1186 4434; x_wconf 84' lang='grc' dir='ltr'>τρέχῃ,</span> <span class='ocrx_word' id='word_1_677' title='bbox 1219 4361 1519 4414; x_wconf 72' lang='grc' dir='ltr'>ἐντείνεται</span> <span class='ocrx_word' id='word_1_678' title='bbox 1556 4360 1735 4431; x_wconf 65' lang='grc' dir='ltr'>δαιμο</span> 
     </span>
    </p>
   </div>
   <div class='ocr_carea' id='block_1_86' title="bbox 1840 4359 3448 4434">
    <p class='ocr_par' dir='ltr' id='par_1_86' title="bbox 1861 4366 3448 4429">
     <span class='ocr_line' id='line_1_86' title="bbox 1861 4366 3448 4429; baseline -0.012 -1"><span class='ocrx_word' id='word_1_679' title='bbox 1861 4374 1964 4428; x_wconf 87' lang='lat' dir='ltr'><strong>hoc</strong></span> <span class='ocrx_word' id='word_1_680' title='bbox 2002 4370 2203 4426; x_wconf 86' lang='lat' dir='ltr'><strong>animal</strong></span> <span class='ocrx_word' id='word_1_681' title='bbox 2245 4384 2308 4424; x_wconf 88' lang='lat' dir='ltr'><strong>ac</strong></span> <span class='ocrx_word' id='word_1_682' title='bbox 2353 4366 2795 4422; x_wconf 79' lang='lat' dir='ltr'><strong>robustissimum</strong></span> <span class='ocrx_word' id='word_1_683' title='bbox 2827 4380 2840 4416; x_wconf 91' lang='lat'><strong>:</strong></span> <span class='ocrx_word' id='word_1_684' title='bbox 2885 4372 2944 4416; x_wconf 90' lang='lat' dir='ltr'><strong>ut</strong></span> <span class='ocrx_word' id='word_1_685' title='bbox 2984 4377 3083 4415; x_wconf 89' lang='lat' dir='ltr'><strong>nec</strong></span> <span class='ocrx_word' id='word_1_686' title='bbox 3110 4375 3308 4429; x_wconf 86' lang='lat' dir='ltr'><strong>equus,</strong></span> <span class='ocrx_word' id='word_1_687' title='bbox 3346 4374 3448 4412; x_wconf 74' lang='lat' dir='ltr'><strong>nec</strong></span> 
     </span>
    </p>
   </div>
   <div class='ocr_carea' id='block_1_87' title="bbox 197 4450 1735 4530">
    <p class='ocr_par' dir='ltr' id='par_1_87' title="bbox 197 4450 1735 4526">
     <span class='ocr_line' id='line_1_87' title="bbox 197 4450 1735 4526; baseline 0.004 -25"><span class='ocrx_word' id='word_1_688' title='bbox 197 4450 300 4515; x_wconf 83' lang='grc' dir='ltr'>νίως</span> <span class='ocrx_word' id='word_1_689' title='bbox 339 4455 431 4507; x_wconf 79' lang='grc' dir='ltr'>καὶ</span> <span class='ocrx_word' id='word_1_690' title='bbox 471 4453 680 4524; x_wconf 77' lang='grc' dir='ltr'>μᾶλλον</span> <span class='ocrx_word' id='word_1_691' title='bbox 716 4456 812 4508; x_wconf 78' lang='grc' dir='ltr'>καὶ</span> <span class='ocrx_word' id='word_1_692' title='bbox 872 4453 1072 4508; x_wconf 74' lang='grc' dir='ltr'>θᾶσσον</span> <span class='ocrx_word' id='word_1_693' title='bbox 1121 4454 1327 4526; x_wconf 80' lang='grc' dir='ltr'>τρέχει.</span> <span class='ocrx_word' id='word_1_694' title='bbox 1371 4455 1584 4519; x_wconf 81' lang='grc' dir='ltr'>Ἀλλως</span> <span class='ocrx_word' id='word_1_695' title='bbox 1649 4454 1735 4525; x_wconf 73' lang='grc' dir='ltr'>μὲι</span> 
     </span>
    </p>
   </div>
   <div class='ocr_carea' id='block_1_88' title="bbox 1840 4450 3450 4530">
    <p class='ocr_par' dir='ltr' id='par_1_88' title="bbox 1862 4450 3450 4530">
     <span class='ocr_line' id='line_1_88' title="bbox 1862 4450 3450 4530; baseline -0.01 -10"><span class='ocrx_word' id='word_1_696' title='bbox 1862 4467 2011 4521; x_wconf 88' lang='lat' dir='ltr'><strong>aliud</strong></span> <span class='ocrx_word' id='word_1_697' title='bbox 2060 4465 2227 4519; x_wconf 90' lang='lat' dir='ltr'><strong>ullum</strong></span> <span class='ocrx_word' id='word_1_698' title='bbox 2273 4462 2491 4530; x_wconf 89' lang='lat' dir='ltr'><strong>assequi</strong></span> <span class='ocrx_word' id='word_1_699' title='bbox 2553 4463 2655 4516; x_wconf 93' lang='lat' dir='ltr'><strong>hoc</strong></span> <span class='ocrx_word' id='word_1_700' title='bbox 2706 4455 3085 4528; x_wconf 82' lang='lat' dir='ltr'><strong>persequendo</strong></span> <span class='ocrx_word' id='word_1_701' title='bbox 3136 4454 3329 4523; x_wconf 89' lang='lat' dir='ltr'><strong>possit.</strong></span> <span class='ocrx_word' id='word_1_702' title='bbox 3384 4450 3450 4504; x_wconf 80' lang='lat' dir='ltr'><strong>Et</strong></span> 
     </span>
    </p>
   </div>
   <div class='ocr_carea' id='block_1_89' title="bbox 195 4543 1735 4625">
    <p class='ocr_par' dir='ltr' id='par_1_89' title="bbox 195 4543 1735 4617">
     <span class='ocr_line' id='line_1_89' title="bbox 195 4543 1735 4617; baseline 0.001 -18"><span class='ocrx_word' id='word_1_703' title='bbox 195 4543 269 4599; x_wconf 68' lang='grc' dir='ltr'>οὖν</span> <span class='ocrx_word' id='word_1_704' title='bbox 314 4547 357 4579; x_wconf 85' lang='grc'><strong>⁸⁸</strong></span> <span class='ocrx_word' id='word_1_705' title='bbox 405 4548 686 4617; x_wconf 80' lang='grc' dir='ltr'>άθὴρατόν</span> <span class='ocrx_word' id='word_1_706' title='bbox 720 4549 839 4600; x_wconf 84' lang='grc' dir='ltr'>ὲστι</span> <span class='ocrx_word' id='word_1_707' title='bbox 883 4548 944 4600; x_wconf 85' lang='grc' dir='ltr'>τὸ</span> <span class='ocrx_word' id='word_1_708' title='bbox 987 4547 1127 4611; x_wconf 82' lang='grc' dir='ltr'>ζῶον</span> <span class='ocrx_word' id='word_1_709' title='bbox 1188 4548 1368 4601; x_wconf 77' lang='grc' dir='ltr'>τοῦτο’</span> <span class='ocrx_word' id='word_1_710' title='bbox 1402 4548 1533 4601; x_wconf 85' lang='grc' dir='ltr'>ὅταν</span> <span class='ocrx_word' id='word_1_711' title='bbox 1588 4546 1646 4600; x_wconf 83' lang='grc' dir='ltr'><strong>δὲ</strong></span> <span class='ocrx_word' id='word_1_712' title='bbox 1684 4548 1735 4601; x_wconf 79' lang='grc' dir='ltr'><strong><em>τέ</em></strong></span> 
     </span>
    </p>
   </div>
   <div class='ocr_carea' id='block_1_90' title="bbox 1840 4543 3450 4625">
    <p class='ocr_par' dir='ltr' id='par_1_90' title="bbox 1865 4546 3450 4625">
     <span class='ocr_line' id='line_1_90' title="bbox 1865 4546 3450 4625; baseline -0.009 -12"><span class='ocrx_word' id='word_1_713' title='bbox 1865 4558 2149 4614; x_wconf 89' lang='lat' dir='ltr'><strong>remissius</strong></span> <span class='ocrx_word' id='word_1_714' title='bbox 2189 4546 2410 4625; x_wconf 83' lang='lat' dir='ltr'><strong>quidem</strong></span> <span class='ocrx_word' id='word_1_715' title='bbox 2455 4553 2611 4608; x_wconf 92' lang='lat' dir='ltr'><strong>initio</strong></span> <span class='ocrx_word' id='word_1_716' title='bbox 2657 4560 2881 4605; x_wconf 87' lang='lat' dir='ltr'><strong>currere</strong></span> <span class='ocrx_word' id='word_1_717' title='bbox 2926 4548 3067 4603; x_wconf 86' lang='lat' dir='ltr'><strong>solet</strong></span> <span class='ocrx_word' id='word_1_718' title='bbox 3119 4564 3132 4600; x_wconf 93' lang='lat'><strong>:</strong></span> <span class='ocrx_word' id='word_1_719' title='bbox 3173 4548 3267 4601; x_wconf 89' lang='lat' dir='ltr'><strong>sed</strong></span> <span class='ocrx_word' id='word_1_720' title='bbox 3310 4546 3450 4600; x_wconf 89' lang='lat' dir='ltr'><strong>miro</strong></span> 
     </span>
    </p>
   </div>
   <div class='ocr_carea' id='block_1_91' title="bbox 195 4638 1735 4723">
    <p class='ocr_par' dir='ltr' id='par_1_91' title="bbox 195 4638 1735 4713">
     <span class='ocr_line' id='line_1_91' title="bbox 195 4638 1735 4713; baseline 0.002 -23"><span class='ocrx_word' id='word_1_721' title='bbox 195 4638 334 4691; x_wconf 81' lang='grc' dir='ltr'>τέκνα</span> <span class='ocrx_word' id='word_1_722' title='bbox 366 4640 544 4710; x_wconf 78' lang='grc' dir='ltr'>μικρὰ</span> <span class='ocrx_word' id='word_1_723' title='bbox 578 4638 708 4692; x_wconf 78' lang='grc' dir='ltr'>ὄντα</span> <span class='ocrx_word' id='word_1_724' title='bbox 735 4640 1071 4710; x_wconf 86' lang='grc' dir='ltr'>περιάγωσιν</span> <span class='ocrx_word' id='word_1_725' title='bbox 1113 4638 1213 4693; x_wconf 69' lang='grc' dir='ltr'><strong>ἐπὶ</strong></span> <span class='ocrx_word' id='word_1_726' title='bbox 1258 4642 1359 4713; x_wconf 82' lang='grc' dir='ltr'>τὴν</span> <span class='ocrx_word' id='word_1_727' title='bbox 1388 4640 1622 4712; x_wconf 79' lang='grc' dir='ltr'>βοτάνην</span> <span class='ocrx_word' id='word_1_728' title='bbox 1658 4641 1735 4695; x_wconf 78' lang='grc' dir='ltr'>κα¹</span> 
     </span>
    </p>
   </div>
   <div class='ocr_carea' id='block_1_92' title="bbox 1840 4638 3451 4723">
    <p class='ocr_par' dir='ltr' id='par_1_92' title="bbox 1865 4641 3451 4723">
     <span class='ocr_line' id='line_1_92' title="bbox 1865 4641 3451 4723; baseline -0.011 -16"><span class='ocrx_word' id='word_1_729' title='bbox 1865 4652 2102 4723; x_wconf 87' lang='lat' dir='ltr'><strong>quodam</strong></span> <span class='ocrx_word' id='word_1_730' title='bbox 2137 4648 2319 4714; x_wconf 84' lang='lat' dir='ltr'><strong>modo,</strong></span> <span class='ocrx_word' id='word_1_731' title='bbox 2354 4662 2463 4717; x_wconf 91' lang='lat' dir='ltr'><strong>quo</strong></span> <span class='ocrx_word' id='word_1_732' title='bbox 2495 4644 2699 4699; x_wconf 87' lang='lat' dir='ltr'><strong>diutius</strong></span> <span class='ocrx_word' id='word_1_733' title='bbox 2725 4642 3008 4707; x_wconf 85' lang='lat' dir='ltr'><strong>currit,eo</strong></span> <span class='ocrx_word' id='word_1_734' title='bbox 3038 4641 3300 4694; x_wconf 87' lang='lat' dir='ltr'><strong>incitatur</strong></span> <span class='ocrx_word' id='word_1_735' title='bbox 3331 4656 3451 4693; x_wconf 78' lang='lat' dir='ltr'><strong>Ina-</strong></span> 
     </span>
    </p>
   </div>
   <div class='ocr_carea' id='block_1_93' title="bbox 195 4727 1735 4815">
    <p class='ocr_par' dir='ltr' id='par_1_93' title="bbox 195 4727 1729 4803">
     <span class='ocr_line' id='line_1_93' title="bbox 195 4727 1729 4803; baseline 0.005 -25"><span class='ocrx_word' id='word_1_736' title='bbox 195 4727 279 4780; x_wconf 79' lang='grc' dir='ltr'><strong>ὑπὸ</strong></span> <span class='ocrx_word' id='word_1_737' title='bbox 330 4730 554 4792; x_wconf 79' lang='grc' dir='ltr'>ἱππείας</span> <span class='ocrx_word' id='word_1_738' title='bbox 596 4730 798 4801; x_wconf 80' lang='grc' dir='ltr'>πολλῆς</span> <span class='ocrx_word' id='word_1_739' title='bbox 854 4729 1306 4802; x_wconf 78' lang='grc' dir='ltr'>περιληφθῶσιν,</span> <span class='ocrx_word' id='word_1_740' title='bbox 1350 4734 1411 4786; x_wconf 84' lang='grc' dir='ltr'>οὐ</span> <span class='ocrx_word' id='word_1_741' title='bbox 1472 4732 1729 4803; x_wconf 84' lang='grc' dir='ltr'>βούλοντα</span> 
     </span>
    </p>
   </div>
   <div class='ocr_carea' id='block_1_94' title="bbox 1840 4727 3451 4815">
    <p class='ocr_par' dir='ltr' id='par_1_94' title="bbox 1865 4730 3451 4815">
     <span class='ocr_line' id='line_1_94' title="bbox 1865 4730 3451 4815; baseline -0.009 -17"><span class='ocrx_word' id='word_1_742' title='bbox 1865 4745 1967 4815; x_wconf 84' lang='lat' dir='ltr'><strong>gis,</strong></span> <span class='ocrx_word' id='word_1_743' title='bbox 2001 4752 2059 4796; x_wconf 92' lang='lat' dir='ltr'><strong>ut</strong></span> <span class='ocrx_word' id='word_1_744' title='bbox 2081 4741 2201 4811; x_wconf 81' lang='lat' dir='ltr'><strong>plus</strong></span> <span class='ocrx_word' id='word_1_745' title='bbox 2226 4750 2390 4809; x_wconf 85' lang='lat' dir='ltr'><strong>atque</strong></span> <span class='ocrx_word' id='word_1_746' title='bbox 2417 4736 2657 4791; x_wconf 91' lang='lat' dir='ltr'><strong>velocius</strong></span> <span class='ocrx_word' id='word_1_747' title='bbox 2693 4742 2903 4789; x_wconf 82' lang='lat' dir='ltr'><strong>currat.</strong></span> <span class='ocrx_word' id='word_1_748' title='bbox 2930 4731 3087 4798; x_wconf 83' lang='lat' dir='ltr'><strong>Quod</strong></span> <span class='ocrx_word' id='word_1_749' title='bbox 3118 4731 3283 4800; x_wconf 84' lang='lat' dir='ltr'><strong>igitur</strong></span> <span class='ocrx_word' id='word_1_750' title='bbox 3311 4730 3451 4783; x_wconf 82' lang='lat' dir='ltr'><strong>alias</strong></span> 
     </span>
    </p>
   </div>
   <div class='ocr_carea' id='block_1_95' title="bbox 197 4824 1735 4904">
    <p class='ocr_par' dir='ltr' id='par_1_95' title="bbox 197 4825 1732 4899">
     <span class='ocr_line' id='line_1_95' title="bbox 197 4825 1732 4899; baseline 0.002 -21"><span class='ocrx_word' id='word_1_751' title='bbox 197 4827 395 4895; x_wconf 70' lang='grc' dir='ltr'>φεύγειν</span> <span class='ocrx_word' id='word_1_752' title='bbox 418 4825 819 4889; x_wconf 84' lang='grc' dir='ltr'>καταλιπόντες</span> <span class='ocrx_word' id='word_1_753' title='bbox 851 4825 979 4889; x_wconf 76' lang='grc' dir='ltr'>τοὺς</span> <span class='ocrx_word' id='word_1_754' title='bbox 1017 4825 1259 4893; x_wconf 87' lang='grc' dir='ltr'>πώλους,</span> <span class='ocrx_word' id='word_1_755' title='bbox 1306 4827 1445 4881; x_wconf 84' lang='grc' dir='ltr'>ἀλλὰ</span> <span class='ocrx_word' id='word_1_756' title='bbox 1487 4829 1732 4899; x_wconf 82' lang='grc' dir='ltr'>μάχοντα</span> 
     </span>
    </p>
   </div>
   <div class='ocr_carea' id='block_1_96' title="bbox 1840 4824 3454 4904">
    <p class='ocr_par' dir='ltr' id='par_1_96' title="bbox 1864 4824 3454 4904">
     <span class='ocr_line' id='line_1_96' title="bbox 1864 4824 3454 4904; baseline -0.008 -16"><span class='ocrx_word' id='word_1_757' title='bbox 1864 4849 2137 4904; x_wconf 88' lang='lat' dir='ltr'><strong>nunquam</strong></span> <span class='ocrx_word' id='word_1_758' title='bbox 2193 4847 2288 4901; x_wconf 91' lang='lat' dir='ltr'><strong>per</strong></span> <span class='ocrx_word' id='word_1_759' title='bbox 2348 4831 2695 4884; x_wconf 85' lang='lat' dir='ltr'><strong>venatiOucm</strong></span> <span class='ocrx_word' id='word_1_760' title='bbox 2758 4825 2880 4895; x_wconf 87' lang='lat' dir='ltr'><strong>capi</strong></span> <span class='ocrx_word' id='word_1_761' title='bbox 2919 4834 3145 4894; x_wconf 88' lang='lat' dir='ltr'><strong>posset,</strong></span> <span class='ocrx_word' id='word_1_762' title='bbox 3192 4824 3278 4875; x_wconf 90' lang='lat' dir='ltr'><strong>ubi</strong></span> <span class='ocrx_word' id='word_1_763' title='bbox 3324 4838 3454 4876; x_wconf 89' lang='lat' dir='ltr'><strong>suos</strong></span> 
     </span>
    </p>
   </div>
   <div class='ocr_carea' id='block_1_97' title="bbox 196 4916 1735 4997">
    <p class='ocr_par' dir='ltr' id='par_1_97' title="bbox 196 4916 1735 4990">
     <span class='ocr_line' id='line_1_97' title="bbox 196 4916 1735 4990; baseline 0.001 -18"><span class='ocrx_word' id='word_1_764' title='bbox 196 4920 271 4972; x_wconf 74' lang='grc' dir='ltr'>καὶ</span> <span class='ocrx_word' id='word_1_765' title='bbox 310 4919 504 4989; x_wconf 82' lang='grc' dir='ltr'>κέρατι</span> <span class='ocrx_word' id='word_1_766' title='bbox 542 4916 590 4950; x_wconf 82' lang='grc'><strong>⁸⁸</strong></span> <span class='ocrx_word' id='word_1_767' title='bbox 653 4918 748 4970; x_wconf 79' lang='grc' dir='ltr'>καὶ</span> <span class='ocrx_word' id='word_1_768' title='bbox 794 4916 1133 4987; x_wconf 85' lang='grc' dir='ltr'>λακτίσμασι</span> <span class='ocrx_word' id='word_1_769' title='bbox 1192 4918 1287 4971; x_wconf 81' lang='grc' dir='ltr'>καὶ</span> <span class='ocrx_word' id='word_1_770' title='bbox 1346 4918 1616 4990; x_wconf 86' lang='grc' dir='ltr'>δήγμασι,</span> <span class='ocrx_word' id='word_1_771' title='bbox 1659 4921 1735 4974; x_wconf 80' lang='grc' dir='ltr'>κα¹</span> 
     </span>
    </p>
   </div>
   <div class='ocr_carea' id='block_1_98' title="bbox 1840 4916 3453 4997">
    <p class='ocr_par' dir='ltr' id='par_1_98' title="bbox 1861 4916 3453 4997">
     <span class='ocr_line' id='line_1_98' title="bbox 1861 4916 3453 4997; baseline -0.012 -14"><span class='ocrx_word' id='word_1_772' title='bbox 1861 4928 2038 4997; x_wconf 84' lang='lat' dir='ltr'><strong>pullos</strong></span> <span class='ocrx_word' id='word_1_773' title='bbox 2077 4925 2255 4980; x_wconf 85' lang='lat' dir='ltr'><strong>adhuc</strong></span> <span class='ocrx_word' id='word_1_774' title='bbox 2300 4920 2550 4990; x_wconf 85' lang='lat' dir='ltr'><strong>parvulus</strong></span> <span class='ocrx_word' id='word_1_775' title='bbox 2607 4919 2753 4991; x_wconf 62' lang='lat' dir='ltr'><strong>49a</strong></span> <span class='ocrx_word' id='word_1_776' title='bbox 2807 4918 2894 4980; x_wconf 53' lang='lat' dir='ltr'><strong>.ad</strong></span> <span class='ocrx_word' id='word_1_777' title='bbox 2962 4929 3161 4985; x_wconf 84' lang='lat' dir='ltr'><strong>pascua</strong></span> <span class='ocrx_word' id='word_1_778' title='bbox 3214 4916 3453 4967; x_wconf 85' lang='lat' dir='ltr'><strong>circnm-</strong></span> 
     </span>
    </p>
   </div>
   <div class='ocr_carea' id='block_1_99' title="bbox 195 5005 1735 5088">
    <p class='ocr_par' dir='ltr' id='par_1_99' title="bbox 195 5008 1735 5079">
     <span class='ocr_line' id='line_1_99' title="bbox 195 5008 1735 5079; baseline 0.003 -18"><span class='ocrx_word' id='word_1_779' title='bbox 195 5009 395 5075; x_wconf 61' lang='grc' dir='ltr'><strong>¹Ι,πολλοὺς</strong></span> <span class='ocrx_word' id='word_1_780' title='bbox 425 5010 526 5063; x_wconf 73' lang='grc' dir='ltr'>καὶ</span> <span class='ocrx_word' id='word_1_781' title='bbox 552 5009 752 5074; x_wconf 79' lang='grc' dir='ltr'>ἵππους</span> <span class='ocrx_word' id='word_1_782' title='bbox 785 5010 879 5062; x_wconf 73' lang='grc' dir='ltr'>ναὶ</span> <span class='ocrx_word' id='word_1_783' title='bbox 916 5008 1120 5079; x_wconf 71' lang='grc' dir='ltr'>ἄνδρας</span> <span class='ocrx_word' id='word_1_784' title='bbox 1166 5009 1535 5065; x_wconf 82' lang='grc' dir='ltr'>ἀπολλύουσιν</span> <span class='ocrx_word' id='word_1_785' title='bbox 1566 5052 1581 5075; x_wconf 89' lang='grc'><strong>,</strong></span> <span class='ocrx_word' id='word_1_786' title='bbox 1628 5012 1735 5066; x_wconf 89' lang='grc' dir='ltr'>ἁλί-</span> 
     </span>
    </p>
   </div>
   <div class='ocr_carea' id='block_1_100' title="bbox 1840 5005 3457 5088">
    <p class='ocr_par' dir='ltr' id='par_1_100' title="bbox 1863 5005 3457 5088">
     <span class='ocr_line' id='line_1_100' title="bbox 1863 5005 3457 5088; baseline -0.011 -13"><span class='ocrx_word' id='word_1_787' title='bbox 1863 5021 2065 5076; x_wconf 87' lang='lat' dir='ltr'><strong>duccre</strong></span> <span class='ocrx_word' id='word_1_788' title='bbox 2100 5017 2289 5088; x_wconf 75' lang='lat' dir='ltr'><strong>cwpit,</strong></span> <span class='ocrx_word' id='word_1_789' title='bbox 2317 5016 2487 5069; x_wconf 87' lang='lat' dir='ltr'><strong>multo</strong></span> <span class='ocrx_word' id='word_1_790' title='bbox 2504 5013 2739 5084; x_wconf 78' lang='lat' dir='ltr'><strong>cingitur</strong></span> <span class='ocrx_word' id='word_1_791' title='bbox 2764 5011 3013 5081; x_wconf 87' lang='lat' dir='ltr'><strong>equitatu</strong></span> <span class='ocrx_word' id='word_1_792' title='bbox 3042 5026 3056 5062; x_wconf 91' lang='lat'><strong>:</strong></span> <span class='ocrx_word' id='word_1_793' title='bbox 3081 5023 3144 5062; x_wconf 89' lang='lat' dir='ltr'><strong>ac</strong></span> <span class='ocrx_word' id='word_1_794' title='bbox 3171 5008 3297 5061; x_wconf 92' lang='lat' dir='ltr'><strong>dum</strong></span> <span class='ocrx_word' id='word_1_795' title='bbox 3331 5005 3457 5059; x_wconf 86' lang='lat' dir='ltr'><strong>reli-</strong></span> 
     </span>
    </p>
   </div>
   <div class='ocr_carea' id='block_1_101' title="bbox 197 5098 1735 5181">
    <p class='ocr_par' dir='ltr' id='par_1_101' title="bbox 197 5104 1733 5177">
     <span class='ocr_line' id='line_1_101' title="bbox 197 5104 1733 5177; baseline 0.002 -19"><span class='ocrx_word' id='word_1_796' title='bbox 197 5119 389 5159; x_wconf 80' lang='grc' dir='ltr'>σκονται</span> <span class='ocrx_word' id='word_1_797' title='bbox 418 5105 477 5159; x_wconf 80' lang='grc' dir='ltr'><strong>δὲ</strong></span> <span class='ocrx_word' id='word_1_798' title='bbox 510 5105 607 5160; x_wconf 77' lang='grc' dir='ltr'><strong>καὶ</strong></span> <span class='ocrx_word' id='word_1_799' title='bbox 626 5105 782 5159; x_wconf 60' lang='grc' dir='ltr'><strong>αὐτοὶ¹</strong></span> <span class='ocrx_word' id='word_1_800' title='bbox 819 5104 1163 5172; x_wconf 81' lang='grc' dir='ltr'>τοξευόμενοι</span> <span class='ocrx_word' id='word_1_801' title='bbox 1196 5106 1293 5158; x_wconf 73' lang='grc' dir='ltr'>καὶ</span> <span class='ocrx_word' id='word_1_802' title='bbox 1319 5105 1733 5177; x_wconf 81' lang='grc' dir='ltr'>ἀκοντιζόμενοι</span> 
     </span>
    </p>
   </div>
   <div class='ocr_carea' id='block_1_102' title="bbox 1840 5098 3452 5181">
    <p class='ocr_par' dir='ltr' id='par_1_102' title="bbox 1864 5098 3452 5181">
     <span class='ocr_line' id='line_1_102' title="bbox 1864 5098 3452 5181; baseline -0.011 -13"><span class='ocrx_word' id='word_1_803' title='bbox 1864 5113 1968 5169; x_wconf 90' lang='lat' dir='ltr'><strong>clis</strong></span> <span class='ocrx_word' id='word_1_804' title='bbox 1993 5110 2153 5181; x_wconf 82' lang='lat' dir='ltr'><strong>pullis</strong></span> <span class='ocrx_word' id='word_1_805' title='bbox 2188 5110 2310 5179; x_wconf 80' lang='lat' dir='ltr'><strong>fuga</strong></span> <span class='ocrx_word' id='word_1_806' title='bbox 2339 5107 2441 5161; x_wconf 82' lang='lat' dir='ltr'><strong>sibi</strong></span> <span class='ocrx_word' id='word_1_807' title='bbox 2477 5105 2769 5162; x_wconf 85' lang='lat' dir='ltr'><strong>consulere</strong></span> <span class='ocrx_word' id='word_1_808' title='bbox 2804 5118 2909 5157; x_wconf 88' lang='lat' dir='ltr'><strong>non</strong></span> <span class='ocrx_word' id='word_1_809' title='bbox 2951 5100 3087 5165; x_wconf 91' lang='lat' dir='ltr'><strong>vult,</strong></span> <span class='ocrx_word' id='word_1_810' title='bbox 3120 5098 3216 5153; x_wconf 79' lang='lat' dir='ltr'><strong>sed</strong></span> <span class='ocrx_word' id='word_1_811' title='bbox 3255 5111 3452 5160; x_wconf 88' lang='lat' dir='ltr'><strong>cornu,</strong></span> 
     </span>
    </p>
   </div>
   <div class='ocr_carea' id='block_1_103' title="bbox 194 5194 1735 5271">
    <p class='ocr_par' dir='ltr' id='par_1_103' title="bbox 194 5194 1729 5271">
     <span class='ocr_line' id='line_1_103' title="bbox 194 5194 1729 5271; baseline 0.005 -24"><span class='ocrx_word' id='word_1_812' title='bbox 194 5194 348 5259; x_wconf 81' lang='grc' dir='ltr'>ζῶντα</span> <span class='ocrx_word' id='word_1_813' title='bbox 379 5198 491 5269; x_wconf 81' lang='grc' dir='ltr'><strong>γάρ</strong></span> <span class='ocrx_word' id='word_1_814' title='bbox 522 5197 623 5252; x_wconf 83' lang='grc' dir='ltr'>οὑκ</span> <span class='ocrx_word' id='word_1_815' title='bbox 665 5196 731 5251; x_wconf 81' lang='grc' dir='ltr'>ἂν</span> <span class='ocrx_word' id='word_1_816' title='bbox 755 5196 964 5261; x_wconf 79' lang='grc' dir='ltr'>λάϐοις.</span> <span class='ocrx_word' id='word_1_817' title='bbox 995 5196 1077 5251; x_wconf 78' lang='grc' dir='ltr'><strong>Τὰ</strong></span> <span class='ocrx_word' id='word_1_818' title='bbox 1100 5196 1159 5250; x_wconf 85' lang='grc' dir='ltr'>δὲ</span> <span class='ocrx_word' id='word_1_819' title='bbox 1188 5198 1330 5269; x_wconf 82' lang='grc' dir='ltr'>κρέα</span> <span class='ocrx_word' id='word_1_820' title='bbox 1384 5198 1475 5253; x_wconf 76' lang='grc' dir='ltr'>διὰ</span> <span class='ocrx_word' id='word_1_821' title='bbox 1522 5199 1625 5271; x_wconf 84' lang='grc' dir='ltr'>τὴν</span> <span class='ocrx_word' id='word_1_822' title='bbox 1667 5218 1729 5254; x_wconf 91' lang='grc' dir='ltr'><strong>πι</strong></span> 
     </span>
    </p>
   </div>
   <div class='ocr_carea' id='block_1_104' title="bbox 1840 5194 3453 5271">
    <p class='ocr_par' dir='ltr' id='par_1_104' title="bbox 1867 5194 3453 5269">
     <span class='ocr_line' id='line_1_104' title="bbox 1867 5194 3453 5269; baseline -0.013 -8"><span class='ocrx_word' id='word_1_823' title='bbox 1867 5205 2136 5269; x_wconf 84' lang='lat' dir='ltr'><strong>calcibus,</strong></span> <span class='ocrx_word' id='word_1_824' title='bbox 2166 5202 2442 5258; x_wconf 83' lang='lat' dir='ltr'><strong>morsibus</strong></span> <span class='ocrx_word' id='word_1_825' title='bbox 2474 5201 2546 5253; x_wconf 83' lang='lat' dir='ltr'><strong>ita</strong></span> <span class='ocrx_word' id='word_1_826' title='bbox 2570 5206 2769 5262; x_wconf 85' lang='lat' dir='ltr'><strong>certat,</strong></span> <span class='ocrx_word' id='word_1_827' title='bbox 2792 5207 2851 5250; x_wconf 93' lang='lat' dir='ltr'><strong>ut</strong></span> <span class='ocrx_word' id='word_1_828' title='bbox 2881 5194 3079 5249; x_wconf 89' lang='lat' dir='ltr'><strong>multos</strong></span> <span class='ocrx_word' id='word_1_829' title='bbox 3110 5207 3232 5248; x_wconf 89' lang='lat' dir='ltr'><strong>cum</strong></span> <span class='ocrx_word' id='word_1_830' title='bbox 3260 5204 3453 5260; x_wconf 87' lang='lat' dir='ltr'><strong>equus,</strong></span> 
     </span>
    </p>
   </div>
   <div class='ocr_carea' id='block_1_105' title="bbox 1490 5335 2191 5393">
    <p class='ocr_par' dir='ltr' id='par_1_105' title="bbox 1490 5335 2191 5393">
     <span class='ocr_line' id='line_1_105' title="bbox 1490 5335 2191 5393; baseline 0 -2"><span class='ocrx_word' id='word_1_831' title='bbox 1490 5335 1732 5393; x_wconf 68' lang='lat' dir='ltr'><strong>VARl/E</strong></span> <span class='ocrx_word' id='word_1_832' title='bbox 1782 5337 2083 5393; x_wconf 80' lang='lat' dir='ltr'><strong>LECTION</strong></span> <span class='ocrx_word' id='word_1_833' title='bbox 2091 5335 2191 5391; x_wconf 85' lang='lat' dir='ltr'><strong>ES.</strong></span> 
     </span>
    </p>
   </div>
   <div class='ocr_carea' id='block_1_106' title="bbox 252 5420 3456 5504">
    <p class='ocr_par' dir='ltr' id='par_1_106' title="bbox 252 5420 3456 5504">
     <span class='ocr_line' id='line_1_106' title="bbox 252 5420 3456 5504; baseline 0.003 -23"><span class='ocrx_word' id='word_1_834' title='bbox 252 5427 294 5460; x_wconf 84' lang='grc'><strong>⁸³</strong></span> <span class='ocrx_word' id='word_1_835' title='bbox 320 5430 543 5493; x_wconf 73' lang='grc' dir='ltr'>τούτους</span> <span class='ocrx_word' id='word_1_836' title='bbox 576 5450 637 5497; x_wconf 82' lang='grc' dir='ltr'><strong>ς.</strong></span> <span class='ocrx_word' id='word_1_837' title='bbox 666 5500 689 5504; x_wconf 36' lang='grc' dir='ltr'>μ</span> <span class='ocrx_word' id='word_1_838' title='bbox 712 5428 760 5464; x_wconf 78' lang='grc'><strong><em>⁸⁸</em></strong></span> <span class='ocrx_word' id='word_1_839' title='bbox 787 5431 1072 5504; x_wconf 82' lang='grc' dir='ltr'>βιωτεύειν</span> <span class='ocrx_word' id='word_1_840' title='bbox 1102 5435 1168 5491; x_wconf 84' lang='grc' dir='ltr'>Α.</span> <span class='ocrx_word' id='word_1_841' title='bbox 1241 5434 1288 5467; x_wconf 81' lang='grc'><strong>⁸⁷</strong></span> <span class='ocrx_word' id='word_1_842' title='bbox 1322 5427 1467 5488; x_wconf 75' lang='grc' dir='ltr'>οὗτοι</span> <span class='ocrx_word' id='word_1_843' title='bbox 1496 5434 1541 5489; x_wconf 84' lang='grc' dir='ltr'><strong>Α</strong></span> <span class='ocrx_word' id='word_1_844' title='bbox 1567 5452 1578 5487; x_wconf 93' lang='lat'>:</span> <span class='ocrx_word' id='word_1_845' title='bbox 1606 5435 1764 5489; x_wconf 75' lang='grc' dir='ltr'>αὐτοὶ</span> <span class='ocrx_word' id='word_1_846' title='bbox 1786 5453 1851 5500; x_wconf 83' lang='grc' dir='ltr'><strong>ς.</strong></span> <span class='ocrx_word' id='word_1_847' title='bbox 1930 5434 1977 5466; x_wconf 82' lang='grc'><strong>⁸⁸</strong></span> <span class='ocrx_word' id='word_1_848' title='bbox 2010 5433 2085 5496; x_wconf 82' lang='grc' dir='ltr'><strong>οἱΙ</strong></span> <span class='ocrx_word' id='word_1_849' title='bbox 2117 5434 2211 5504; x_wconf 69' lang='grc' dir='ltr'>καὶ</span> <span class='ocrx_word' id='word_1_850' title='bbox 2242 5432 2291 5504; x_wconf 88' lang='grc' dir='ltr'>οἱ</span> <span class='ocrx_word' id='word_1_851' title='bbox 2310 5448 2384 5504; x_wconf 11' lang='grc' dir='ltr'>κς.</span> <span class='ocrx_word' id='word_1_852' title='bbox 2457 5430 2503 5461; x_wconf 73' lang='grc'><strong>⁸⁸</strong></span> <span class='ocrx_word' id='word_1_853' title='bbox 2535 5428 2628 5504; x_wconf 61' lang='grc' dir='ltr'>κα).</span> <span class='ocrx_word' id='word_1_854' title='bbox 2656 5436 2712 5504; x_wconf 65' lang='lat' dir='ltr'><strong>et</strong></span> <span class='ocrx_word' id='word_1_855' title='bbox 2741 5427 2926 5504; x_wconf 51' lang='grc' dir='ltr'>ἔχουσι</span> <span class='ocrx_word' id='word_1_856' title='bbox 2988 5440 3097 5504; x_wconf 67' lang='grc' dir='ltr'>ρει).</span> <span class='ocrx_word' id='word_1_857' title='bbox 3135 5426 3199 5479; x_wconf 78' lang='grc' dir='ltr'><strong>Α·</strong></span> <span class='ocrx_word' id='word_1_858' title='bbox 3220 5422 3335 5504; x_wconf 18' lang='lat' dir='ltr'><strong>NA“</strong></span> <span class='ocrx_word' id='word_1_859' title='bbox 3355 5420 3456 5504; x_wconf 70' lang='grc' dir='ltr'>,πί⁸</span> 
     </span>
    </p>
   </div>
   <div class='ocr_carea' id='block_1_107' title="bbox 196 5492 3457 5577">
    <p class='ocr_par' dir='ltr' id='par_1_107' title="bbox 196 5492 3457 5577">
     <span class='ocr_line' id='line_1_107' title="bbox 196 5492 3457 5577; baseline -0.006 -12"><span class='ocrx_word' id='word_1_860' title='bbox 196 5514 354 5564; x_wconf 79' lang='grc' dir='ltr'>νοντες</span> <span class='ocrx_word' id='word_1_861' title='bbox 377 5520 441 5577; x_wconf 64' lang='grc' dir='ltr'><strong>ς.</strong></span> <span class='ocrx_word' id='word_1_862' title='bbox 487 5492 561 5577; x_wconf 51' lang='grc' dir='ltr'><strong>’δι</strong></span> <span class='ocrx_word' id='word_1_863' title='bbox 585 5492 691 5556; x_wconf 66' lang='grc' dir='ltr'>’τοῦ</span> <span class='ocrx_word' id='word_1_864' title='bbox 723 5492 1020 5576; x_wconf 69' lang='grc' dir='ltr'>φαρμάκου</span> <span class='ocrx_word' id='word_1_865' title='bbox 1046 5506 1110 5559; x_wconf 80' lang='grc' dir='ltr'>Α.</span> <span class='ocrx_word' id='word_1_866' title='bbox 1140 5507 1183 5537; x_wconf 86' lang='grc'><strong>⁶²</strong></span> <span class='ocrx_word' id='word_1_867' title='bbox 1212 5505 1313 5560; x_wconf 76' lang='grc' dir='ltr'>οὐκ</span> <span class='ocrx_word' id='word_1_868' title='bbox 1350 5504 1566 5575; x_wconf 74' lang='grc' dir='ltr'>ἔχουσιν</span> <span class='ocrx_word' id='word_1_869' title='bbox 1589 5507 1715 5560; x_wconf 83' lang='lat' dir='ltr'><strong>add.</strong></span> <span class='ocrx_word' id='word_1_870' title='bbox 1751 5492 1829 5561; x_wconf 64' lang='lat' dir='ltr'><strong>re.</strong></span> <span class='ocrx_word' id='word_1_871' title='bbox 1872 5506 1938 5561; x_wconf 86' lang='lat' dir='ltr'><strong>A.</strong></span> <span class='ocrx_word' id='word_1_872' title='bbox 2015 5492 2263 5577; x_wconf 74' lang='grc' dir='ltr'>⁸⁸ὀῦτοι]</span> <span class='ocrx_word' id='word_1_873' title='bbox 2294 5492 2511 5573; x_wconf 53' lang='grc' dir='ltr'>εῇουσιν</span> <span class='ocrx_word' id='word_1_874' title='bbox 2557 5499 2712 5554; x_wconf 71' lang='grc' dir='ltr'>αὐτοὶ</span> <span class='ocrx_word' id='word_1_875' title='bbox 2743 5492 2806 5563; x_wconf 69' lang='grc' dir='ltr'><strong>ςίζ</strong></span> <span class='ocrx_word' id='word_1_876' title='bbox 2878 5493 2923 5529; x_wconf 69' lang='grc'><strong>⁸⁵</strong></span> <span class='ocrx_word' id='word_1_877' title='bbox 2947 5496 3169 5550; x_wconf 82' lang='grc' dir='ltr'>πλείονα</span> <span class='ocrx_word' id='word_1_878' title='bbox 3218 5492 3457 5563; x_wconf 77' lang='lat' dir='ltr'><strong>Stepha-</strong></span> 
     </span>
    </p>
   </div>
   <div class='ocr_carea' id='block_1_108' title="bbox 198 5567 1243 5648">
    <p class='ocr_par' dir='ltr' id='par_1_108' title="bbox 198 5567 1243 5648">
     <span class='ocr_line' id='line_1_108' title="bbox 198 5567 1243 5648; baseline 0.01 -28"><span class='ocrx_word' id='word_1_879' title='bbox 198 5582 304 5625; x_wconf 86' lang='lat' dir='ltr'><strong>nus.</strong></span> <span class='ocrx_word' id='word_1_880' title='bbox 373 5573 419 5605; x_wconf 81' lang='lat'><strong>“</strong></span> <span class='ocrx_word' id='word_1_881' title='bbox 454 5567 550 5627; x_wconf 79' lang='grc' dir='ltr'>οὖν</span> <span class='ocrx_word' id='word_1_882' title='bbox 577 5590 687 5630; x_wconf 89' lang='grc' dir='ltr'>οιιι.</span> <span class='ocrx_word' id='word_1_883' title='bbox 714 5567 780 5629; x_wconf 81' lang='grc' dir='ltr'><strong>Ᾱ.</strong></span> <span class='ocrx_word' id='word_1_884' title='bbox 804 5567 816 5576; x_wconf 84' lang='grc'><em>’</em></span> <span class='ocrx_word' id='word_1_885' title='bbox 843 5567 855 5576; x_wconf 82' lang='grc'><em>’</em></span> <span class='ocrx_word' id='word_1_886' title='bbox 880 5577 925 5608; x_wconf 77' lang='grc'><strong>⁸⁸</strong></span> <span class='ocrx_word' id='word_1_887' title='bbox 951 5577 1151 5648; x_wconf 84' lang='grc' dir='ltr'>κέρασι</span> <span class='ocrx_word' id='word_1_888' title='bbox 1182 5594 1243 5644; x_wconf 81' lang='grc' dir='ltr'><strong>ς.</strong></span> 
     </span>
    </p>
   </div>
   <div class='ocr_carea' id='block_1_109' title="bbox 1672 5671 1906 5728">
    <p class='ocr_par' dir='ltr' id='par_1_109' title="bbox 1672 5671 1906 5728">
     <span class='ocr_line' id='line_1_109' title="bbox 1672 5671 1906 5728; baseline 0.009 -2"><span class='ocrx_word' id='word_1_889' title='bbox 1672 5671 1906 5728; x_wconf 60' lang='lat' dir='ltr'><strong>NOTAE.</strong></span> 
     </span>
    </p>
   </div>
   <div class='ocr_carea' id='block_1_110' title="bbox 201 5750 3452 5892">
    <p class='ocr_par' dir='ltr' id='par_1_110' title="bbox 201 5750 3452 5892">
     <span class='ocr_line' id='line_1_110' title="bbox 201 5750 3452 5892; baseline -0.006 -72"><span class='ocrx_word' id='word_1_890' title='bbox 201 5762 582 5892; x_wconf 45' lang='grc' dir='ltr'><strong>θέῗξέηἷὲίιοιιι</strong></span> <span class='ocrx_word' id='word_1_891' title='bbox 621 5765 765 5823; x_wconf 88' lang='lat' dir='ltr'><strong>hanc</strong></span> <span class='ocrx_word' id='word_1_892' title='bbox 792 5765 1190 5838; x_wconf 87' lang='lat' dir='ltr'><strong>narrationem,</strong></span> <span class='ocrx_word' id='word_1_893' title='bbox 1229 5765 1454 5827; x_wconf 78' lang='lat' dir='ltr'><strong>mutatis</strong></span> <span class='ocrx_word' id='word_1_894' title='bbox 1477 5766 1742 5824; x_wconf 80' lang='lat' dir='ltr'><strong>duntaxat</strong></span> <span class='ocrx_word' id='word_1_895' title='bbox 1789 5757 2541 5837; x_wconf 82' lang='lat' dir='ltr'><strong>aliquotvocabulis,retulit</strong></span> <span class='ocrx_word' id='word_1_896' title='bbox 2572 5753 2779 5815; x_wconf 63' lang='lat' dir='ltr'><strong>Elian.</strong></span> <span class='ocrx_word' id='word_1_897' title='bbox 2820 5752 2875 5810; x_wconf 90' lang='lat' dir='ltr'><strong>in</strong></span> <span class='ocrx_word' id='word_1_898' title='bbox 2924 5766 3046 5824; x_wconf 85' lang='lat' dir='ltr'><strong>cap.</strong></span> <span class='ocrx_word' id='word_1_899' title='bbox 3093 5752 3183 5819; x_wconf 75' lang='grc'>52,</span> <span class='ocrx_word' id='word_1_900' title='bbox 3234 5750 3324 5807; x_wconf 87' lang='lat' dir='ltr'><strong>lib.</strong></span> <span class='ocrx_word' id='word_1_901' title='bbox 3378 5759 3452 5813; x_wconf 78' lang='lat' dir='ltr'><strong>Iv,</strong></span> 
     </span>
    </p>
   </div>
  </div>
