3926 6454
472 371 578 437 227

1623 363 1888 425 ΡΗΟΤΙΙ
1927 360 2434 423 PATRIARCH/E
2476 362 2589 423 (ΖΡ.

3618 379 3712 449 223

475 493 592 536 tum
614 479 763 535 viros
791 478 1094 543 interimat,
1123 476 1341 547 sagittis
1367 473 1585 530 tandem
1621 490 1685 529 ac
1710 475 1906 543 jaculis
1923 491 2055 530 con—

2178 475 2403 547 ιρότητα
2445 470 2673 544 ἀϐρωτά
2721 471 2860 525 ἐστι.
2884 468 3189 541 Θηρεύεται
3234 469 3293 525 δὲ
3334 474 3440 530 τῶν
3484 486 3712 555 κεράτων

472 573 679 629 Iussum
724 572 868 644 (cum
920 572 1102 625 vivum
1148 569 1408 640 nequeat)
1456 568 1692 637 capitur.
1739 567 1947 623 Carues
1988 568 2060 623 ob

2166 568 2268 621 καὶ
2295 566 2406 621 τῶν
2428 564 2791 636 ἀστραγάλων
2819 563 3031 617 ἕνεκεν.

472 666 780 721 amaritiem
831 666 919 721 edi
968 681 1073 722 non
1112 674 1366 735 possunt.
1409 662 1599 733 Neque
1640 677 1771 719 vero
1818 666 1887 719 ob
1918 664 2064 718 aliud
2105 662 2410 734 quidpiam,
2441 676 2604 732 quam
2643 670 2865 730 pmpter
2895 660 3070 716 solum
3104 673 3275 715 cornu
3336 671 3392 718 et
3436 666 3568 725 talos
3625 666 3719 734 hoc'

472 759 675 814 animal
708 767 998 812 venantur.
1858 807 1865 815 .

551 848 809 903 Indorum
865 834 923 903 in»
956 850 1180 905 ﬂumine
1227 851 1428 906 vermis
1477 852 1721 908 nascitur
1760 850 1914 922 (55),
1962 850 2059 914 ait,

472 942 659 1010 specie
689 941 909 1010 quidem
942 942 1019 996 illi
1064 957 1171 997 non
1206 944 1498 1009 absimilis,
1534 944 1628 1013 qui
1674 943 1887 998 innasci
1935 942 2061 998 ﬁcui

474 1034 658 1088 arbori
690 1033 831 1088 solet
870 1036 1003 1088 :sed
1038 1034 1254 1090 cubitos
1282 1045 1488 1105 septem
1524 1035 1720 1105 longus
1756 1035 1883 1105 (etsi
1917 1033 2060 1088 alius

475 1125 585 1181 alio
616 1126 812 1195 major,
842 1126 1152 1195 minorque)
1180 1136 1234 1181 et
1263 1127 1339 1180 ita
1380 1142 1619 1192 crassus,
1652 1136 1711 1182 ut
1731 1141 1855 1182 eum
1877 1127 2061 1182 decem

476 1231 743 1269 annorum
770 1230 908 1285 puer
927 1227 1159 1286 utroque
1190 1217 1275 1270 vix
1306 1216 1536 1271 brachio
1570 1217 1824 1285 amplecti
1847 1225 2015 1286 queat
2046 1233 2061 1271 :

478 1306 616 1360 duos
651 1305 1022 1359 tantummodo
1050 1306 1210 1360 habet
1240 1306 1452 1373 dentes,
1486 1322 1649 1377 supra
1699 1322 1887 1373 unum,
1931 1307 2067 1361 alte-

479 1412 600 1450 rum
630 1397 811 1464 infra;
846 1398 930 1452 his
969 1398 1230 1467 quidquid
1277 1400 1649 1468 prehenderit,
1688 1402 1932 1454 devorat.
1978 1401 2066 1455 ln-

477 1488 654 1541 terdiu
684 1488 736 1541 in
764 1502 926 1543 emno
959 1489 1203 1542 ﬂuminis
1242 1505 1612 1556 commorans,
1643 1501 1805 1545 noctu
1857 1502 2062 1546 tantum

477 1579 777 1647 egreditur.
812 1580 967 1645 Quod
989 1582 1034 1635 si
1070 1589 1180 1634 tum
1200 1579 1339 1634 forte
1363 1580 1416 1634 in
1441 1581 1634 1635 bovem
1671 1592 1764 1635 aut
1794 1582 2063 1636 camelmn

476 1669 752 1736 inciderit,
785 1685 970 1725 morsu
1000 1682 1310 1741 correptum
1341 1671 1394 1725 in
1423 1671 1621 1728 ﬂumen
1649 1674 1837 1741 trahit,
1864 1683 2062 1728 totum-

476 1777 583 1832 que
616 1773 816 1833 przeter
855 1765 1028 1819 solum
1078 1777 1351 1832 ventrem,
1384 1775 1563 1821 vorat.
1615 1766 1840 1834 Capitur
1870 1768 2061 1838 grandi

475 1856 639 1911 hatno
683 1858 839 1927 cujus
885 1857 1082 1913 ferreis
1112 1857 1326 1913 catenis
1360 1857 1576 1912 haedum
1608 1859 1725 1914 sive
1757 1874 1955 1928 agnum
1988 1858 2065 1911 al-

2235 847 2361 901 .oﬂ
2390 846 2448 899 δν
2480 844 2559 915 τῷ
2586 842 2815 913 ποταμῷ
2855 841 2966 895 τῶν
3000 839 3179 896 Ἰνδῶν
3203 840 3247 872 ⁸⁷
3279 842 3494 915 σκώληξ
3522 851 3719 917 γίνεται

2162 941 2226 995 τδ
2258 941 2359 1011 μὲν
2384 934 2545 1003 εῐδος,
2569 932 2787 1007 οἷόνπερ
2830 935 2889 987 ἐν
2908 937 3029 997 ταῖς
3056 934 3251 996 συκαῖς
3283 935 3441 989 εἴωθε
3470 940 3714 1013 γίνεσθαι,

2162 1033 2228 1088 τὸ
2255 1032 2314 1087 δὲ
2347 1031 2522 1103 μῆκος
2551 1031 2747 1101 πήχεις
2776 1027 2821 1059 ⁸⁸
2844 1025 3003 1090 ἑπτὰ,
3028 1026 3122 1079 καὶ
3149 1023 3366 1094 μείζους
3395 1027 3451 1080 δὲ
3472 1032 3715 1089 καὶὲλάτ.

2163 1142 2321 1189 τουςο
2354 1124 2416 1177 τὸ
2450 1122 2507 1176 δὲ
2535 1122 2706 1192 πάχος
2752 1118 3017 1172 δεκαετέα
3064 1115 3232 1170 παῖδα
3272 1116 3423 1185 μόλις
3464 1123 3588 1187 φασὶ
3613 1128 3716 1190 ταῖς

2165 1218 2324 1290 χερσὶ
2358 1215 2697 1288 περιλαϐεῖν.
2733 1213 2958 1282 Ἔχουσι
2991 1209 3048 1263 δὲ
3085 1208 3305 1272 ὀδόντας
3356 1210 3469 1275 δύο,
3499 1212 3591 1268 ἕνα
3620 1217 3718 1273 ἀνω

2166 1312 2261 1366 καὶ
2310 1311 2409 1365 ἕνα
2459 1310 2645 1364 κάτω·
2689 1304 2817 1379 [156
2868 1302 2962 1377 IL]
2992 1303 3134 1356 καὶὸ
3166 1319 3220 1355 τι
3263 1300 3330 1355 ἂν
3377 1303 3575 1359 λάϐωσι
3621 1313 3719 1375 τοῖς

2166 1405 2369 1469 ὀδοῦσι,
2397 1402 2768 1457 κατεσθίουσι.
2798 1398 2909 1453 Καὶ
2936 1397 3038 1467 τὴν
3074 1395 3172 1467 μὲν
3216 1396 3426 1466 ἡμέραν
3453 1398 3508 1450 ὲν
3537 1402 3598 1469 τῇ
3630 1401 3720 1455 ἱλύῖ

2165 1499 2260 1554 τοῦ
2296 1496 2546 1568 ποταμοῦ
2574 1493 2910 1555 διαιτῶνται,
2942 1492 3009 1561 τῇ
3033 1488 3091 1543 δὲ
3116 1488 3274 1542 νυκτὶ
3294 1488 3616 1560 ἐξέρχονται,
3640 1496 3720 1548 καὶ

2168 1594 2265 1648 ἐάν
2287 1609 2395 1645 τινι
2426 1588 2624 1660 ἐντύχῃ
2653 1588 2697 1620 ⁸⁸
2727 1588 2786 1639 ἐν
2818 1587 2884 1656 τῇ
2926 1585 2998 1653 γῇ
3024 1580 3107 1652 βοῒ
3138 1581 3172 1652 ἢ
3204 1580 3435 1651 καμήλῳ
3458 1584 3550 1636 καί
3576 1583 3717 1656 “tu.

2172 1684 2453 1739 συλλαϐὼν
2496 1681 2646 1735 ἕλκει
2680 1682 2761 1743 είς
2806 1679 2901 1732 τὸν
2948 1675 3226 1745 ποταμὸν,
3268 1675 3365 1728 καὶ
3403 1675 3573 1729 πάντα
3608 1694 3721 1730 κατι

2171 1779 2341 1833 εσθίει
2356 1776 2500 1847 πλὴν
2528 1776 2628 1845 τῆς
2653 1772 2882 1835 κοιλίας.
2915 1768 3236 1840 Ἀγρεύεται
3264 1766 3322 1820 δὲ
3344 1767 3618 1837 ἀγκίστρῳ
3639 1786 3721 1839 με.

2171 1870 2342 1941 γάλῳ9
2402 1868 2591 1937 ἔριφον
2648 1864 2683 1935 ἢ
2731 1864 2870 1936 ἄρνα
2916 1861 3257 1931 ὲνδησάντων
3296 1858 3340 1889 ⁷⁰
3384 1859 3477 1911 καὶ
3522 1859 3721 1914 ἁλύσεσι

474 1948 793 2018 ligaverint.
824 1950 1054 2020 Captum
1084 1949 1198 2022 (54)
1229 1967 1326 2019 per
1348 1952 1466 2006 dies
1496 1951 1717 2021 triginta
1740 1967 2063 2021 suspensum

2178 1962 2421 2034 σιδηραῖς
2448 1958 2889 2031 ὲναρμοσάντων.
2925 1952 3325 2025 ’Δγρεύσαντες
3362 1949 3420 2003 δὲ
3454 1951 3723 2021 τριάκοντα

477 2050 689 2106 tenent,
713 2044 1012 2113 suppositis
1042 2044 1210 2108 vasis,
1241 2045 1581 2114 distillatque
1606 2045 1813 2100 interea
1847 2054 2060 2113 tempo-

477 2133 557 2188 ris
589 2150 655 2188 ex
692 2149 757 2189 eo
790 2136 1018 2205 liquoris
1056 2146 1290 2203 tantum,
1323 2148 1588 2206 quantum
1637 2138 1822 2192 decem
1871 2138 2063 2209 cotylaa

475 2225 671 2281 Attica:
705 2227 948 2295 capiant.
999 2227 1130 2282 Post
1162 2228 1307 2283 diem
1340 2229 1680 2283 tricesimum
1709 2243 1948 2284 vermem
1984 2232 2064 2298 ip-

477 2332 598 2372 sum
624 2319 911 2389 abjiciunt,
944 2319 1234 2390 oleumque
1265 2321 1432 2392 probe
1458 2336 1523 2376 ac
1563 2331 1679 2375 tuto
1712 2322 2055 2376 reconditum

477 2411 546 2464 ad
597 2412 772 2465 solum
820 2409 1078 2466 Indorum
1123 2427 1304 2481 regem
1359 2410 1622 2478 afferunt;
1674 2428 1797 2465 nam
1832 2413 2062 2467 aliorum

480 2504 684 2557 nemini
716 2504 922 2573 aliquid
951 2503 1113 2572 hujus
1142 2504 1248 2560 olei
1279 2506 1421 2575 apud
1444 2520 1503 2559 se
1532 2506 1733 2559 habere
1762 2504 1909 2561 licet.
1938 2505 2064 2561 Cui-

477 2608 699 2664 cunque
746 2606 928 2649 autem
972 2596 1051 2650 rei
1087 2596 1255 2652 hocce
1280 2596 1460 2650 oleum
1492 2595 1654 2650 fuerit
1691 2596 2061 2665 superfusum,

479 2702 601 2741 eam
655 2689 941 2757 accendit;
994 2689 1235 2757 adeoque
1274 2689 1412 2759 ligna
1450 2689 1567 2757 ipsa
1601 2697 1763 2757 atque
1812 2690 2065 2744 animalia

479 2778 749 2834 comburit
794 2796 809 2833 :
849 2795 1028 2850 neque
1072 2780 1233 2834 aliter
1305 2780 1581 2850 exstingui
1646 2787 1863 2850 potest,
1901 2794 2064 2849 quam

480 2870 641 2924 inulti
672 2870 953 2938 crassique
982 2870 1078 2924 luti
1100 2871 1327 2939 injectu.

556 2958 696 3015 Sunt
725 2961 868 3027 apud
889 2957 1052 3015 Indos
1075 2961 1301 3017 arbores
1340 2962 1506 3017 cedro
1537 2972 1630 3017 aut
1659 2976 1922 3031 cupresso
1946 2976 2069 3030 pro-

480 3058 712 3107 ceritate
745 3064 924 3120 pares,
951 3052 1144 3123 palmae
1170 3051 1353 3119 foliis;
1379 3056 1541 3123 paulo
1569 3066 1750 3109 tamen
1776 3054 2067 3108 latioribus

481 3156 537 3201 et
579 3147 784 3216 absque
848 3148 970 3201 sinu
995 3148 1111 3203 sive
1163 3148 1355 3204 axilla.
1404 3148 1620 3203 Florem
1672 3149 1872 3202 habent
1932 3148 2067 3202 lauri

482 3241 739 3293 masculae
775 3240 1028 3305 similem,
1084 3242 1181 3295 sed
1212 3239 1447 3294 fructum
1477 3240 1679 3294 nullum
1727 3239 1928 3294 ferunt.
1959 3237 2068 3293 No-

2168 2059 2381 2131 ήμέρας
2415 2056 2697 2129 κρεμῶσιν
2743 2054 2907 2108 αὐτὸν
2937 2052 2982 2085 ⁷³
3023 2052 3118 2105 καὶ
3160 2051 3361 2119 ἀγγεῖα
3407 2049 3721 2113 ὑποτιθέασι,

2168 2150 2266 2203 καὶ
2298 2151 2381 2221 ρεί
2403 2148 2464 2213 ἐξ
2486 2146 2650 2200 αὑτοῦ
2680 2146 2804 2200 ὅσον
2831 2144 2963 2198 δέκα
2990 2141 3224 2206 κοτύλας
3246 2140 3499 2203 Ἀττικὰς
3525 2139 3582 2192 τὸ
3606 2139 3723 2210 πλῆο

2170 2242 2283 2306 θος.
2336 2242 2508 2295 Ὅταν
2558 2239 2616 2293 δὲ
2670 2237 3013 2308 παρέλθωσιν
3068 2234 3127 2288 αἱ
3174 2233 3470 2305 τριάκοντα
3517 2232 3723 2301 ἡμέραι,

2169 2334 2573 2405 ἀπορρίπτουσι
2603 2329 2694 2384 τὸν
2727 2328 3005 2399 σκώληκα,
3040 2324 3216 2380 καὶτὸ
3241 2323 3422 2376 ἔλαιον
3448 2322 3724 2390 ἀσφαλισά-

2174 2439 2325 2493 μενοι
2355 2425 2549 2491 ἀγουσι
2574 2421 2653 2492 τῷ
2688 2420 2901 2491 βασιλεῖ
2945 2419 3092 2489 μόνῳ
3120 2415 3233 2470 τῶν
3274 2414 3453 2468 Ἰνδῶν
3472 2428 3486 2441 ⁸
3518 2412 3652 2482 ἄλλῳ
3676 2411 3724 2463 δὲ

2169 2514 2272 2567 ούκ
2301 2512 2508 2581 ἔξεστιν
2557 2512 2618 2578 ἐξ
2671 2511 2838 2566 αὐτοῦ
2902 2510 3070 2581 ἔχειν.
3103 2506 3278 2561 Τοῦτο
3323 2507 3385 2559 τὸ
3436 2505 3626 2570 ἔλαιον,
3653 2502 3724 2571 ἐφ’

2166 2604 2199 2658 ὀ
2226 2606 2269 2638 ⁷³
2308 2604 2376 2659 ἂν
2404 2604 2663 2675 ὲπιχυθῇ,
2699 2603 2951 2667 ἀνάπτει,
2997 2600 3094 2656 καὶ
3130 2597 3463 2669 καταφλέγει
3494 2596 3619 2660 ξύλα
3647 2593 3727 2647 καὶ

2173 2693 2309 2760 ζῶα,
2338 2694 2435 2748 καὶ
2474 2695 2650 2759 άλλως
2695 2696 2758 2749 οὐ
2797 2692 3081 2747 σϐέννυται
3106 2691 3153 2744 εί
3188 2688 3267 2762 μὴ
3308 2687 3465 2759 πηλῷ
3487 2684 3654 2756 πολλῷ
3675 2700 3727 2737 τε

2173 2789 2272 2842 καὶ
2296 2790 2483 2859 παχεῖ.

2245 2966 2371 3019 Ὀτι
2404 2967 2521 3019 ἔστι
2551 2964 2743 3037 δένδρα
2768 2966 2828 3019 ὲν
2860 2964 3043 3027 Ἰνδοῖς
3071 2962 3254 3034 ὑψηλά
3290 2961 3478 3031 ὥσπερ
3502 2957 3728 3029 κέδροςῆ

2175 3059 2508 3129 κυπάριττος
2530 3058 2693 3123 ⁷³,τά
2750 3058 2807 3111 δὲ
2864 3057 3039 3126 φύλλα
3075 3056 3266 3128 ὥσπερ
3329 3052 3521 3124 φοῖνιξ,
3569 3049 3727 3119 ὀλίγον

2176 3152 2489 3222 πλατύτερα
2505 3168 2519 3183 ο
2546 3154 2641 3206 καὶ
2666 3152 3005 3223 μασχαλίδας
3021 3152 3120 3205 οὐκ
3139 3151 3274 3221 ἔχει.
3296 3149 3475 3202 Ἀνθεῖ
3488 3146 3543 3200 δὲ
3564 3144 3728 3212 ῶσπερ

2176 3247 2209 3316 ἡ
2244 3246 2421 3317 ἄρσην
2448 3247 2648 3315 δάφνη,
2683 3246 2896 3317 καρπὸν
2928 3244 2973 3298 δ’
3017 3245 3117 3297 οὐκ
3148 3244 3285 3313 ἔχει,
3316 3240 3657 3310 ὐνομάζεται
3679 3234 3728 3287 δὲ

482 3347 606 3385 nten
641 3330 747 3386 illis
764 3331 948 3386 Indice
976 3330 1238 3402 Carpion,
1258 3331 1446 3387 Graece
1465 3331 1772 3403 μυροφόρα.
1800 3330 2065 3386 Distillanl

2178 3338 2391 3392 Ἰνδιστ)⁸
2425 3340 2523 3409 μὲν
2552 3340 2810 3410 κάρπιον,
2851 3338 3157 3409 Ἑλληνιστὶ
3178 3338 3234 3391 δὲ
3262 3335 3570 3408 μυροφόρα.
3591 3331 3728 3384 Ἐστι

480 3440 543 3479 ea
582 3426 681 3478 hac
716 3440 819 3479 non
844 3425 1133 3480 admodum
1163 3425 1432 3496 frequenti
1473 3426 1688 3491 arbore,
1731 3425 1835 3479 olei
1870 3424 2067 3494 ,cujus-

480 3520 606 3572 dant
640 3528 829 3586 guttae,
858 3534 995 3587 quas
1035 3518 1157 3573 lana
1190 3521 1255 3574 de
1296 3528 1491 3573 trunco
1533 3520 1810 3574 abstersas
1849 3518 1902 3572 in
1937 3517 2073 3586 lapi-

480 3614 613 3667 deos
639 3612 836 3667 deinde
866 3612 1173 3668 alabastros
1208 3613 1546 3681 exprimunt.
1578 3611 1787 3666 Modice
1811 3610 1945 3665 illud
1980 3625 2073 3663 ru-

478 3708 639 3761 brum
686 3717 807 3774 est,
856 3717 911 3763 et
976 3708 1410 3763 crassiusculum
1482 3705 1795 3761 suavissimi
1847 3717 2074 3775 prorsus

422 3868 425 3871 _
483 3798 695 3863 odoris,
726 3813 890 3868 quem
919 3799 1084 3852 etiam
1116 3799 1184 3852 ad
1214 3798 1464 3867 quintum
1494 3811 1668 3865 usque
1691 3794 1926 3849 stadium
1968 3792 2074 3847 dif-

481 3892 632 3947 fundi
664 3892 841 3945 aiunt.
879 3889 993 3945 Soli
1024 3900 1203 3945 autem
1233 3889 1371 3961 regi,
1414 3888 1640 3956 ejusque
1662 3884 1984 3955 propinquis
2020 3883 2074 3937 id

484 3982 686 4037 habere
718 3983 1057 4037 conceditur.
1097 3981 1174 4034 Ex
1204 3996 1269 4034 eo
1304 3996 1426 4034 cutn
1456 3977 1711 4033 Indorum
1736 3991 1829 4029 rex
1858 3976 1923 4029 ad
1944 3974 2075 4028 Per-

480 4094 665 4133 sarum
704 4093 887 4148 regem
915 4077 1119 4145 aliquitl
1149 4077 1410 4141 misisset,
1451 4074 1656 4132 vidisse
1676 4072 1819 4144 491)
1869 4087 1929 4127 se
1950 4086 2073 4125 nar-

479 4183 566 4227 rat
613 4171 849 4234 Ctesias,
901 4170 1177 4238 talemque
1216 4171 1441 4224 odorem
1495 4168 1842 4237 percepisse,
1897 4164 2074 4233 qualis

480 4278 659 4331 neque
699 4263 879 4316 verbis
910 4261 1165 4327 exprimi,
1201 4275 1377 4328 neque
1400 4274 1521 4313 cunt
1547 4257 1657 4311 alio
1689 4254 1799 4311 ullo
1826 4250 2067 4310 conferri

480 4367 686 4424 posset.

553 4450 782 4503 Caseum
840 4449 967 4501 item
999 4431 1095 4500 ~ac
1168 4444 1350 4499 vinum
1405 4443 1646 4496 omnium
1688 4437 2069 4495 suavissimum

480 4538 685 4594 habere
728 4539 826 4593 hos
869 4546 1091 4602 narrat,
1141 4534 1308 4604 idque
1357 4548 1417 4587 se
1474 4531 1745 4601 gustando
1786 4536 2072 4598 expertum

480 4630 759 4686 didicisse.

549 4721 716 4789 Fons,
756 4723 854 4787 ait,
892 4721 944 4776 in
978 4720 1145 4775 Indiis
1176 4730 1263 4775 est
1308 4718 1574 4786 quadrata
1603 4713 1799 4775 forma,
1829 4711 2067 4780 quinque

2099 4684 2146 4740 D

2173 3433 2231 3487 δὲ
2283 3433 2506 3487 σπάνια.
2548 3433 2761 3485 Ῥέουσι
2810 3432 2868 3485 δὲ
2912 3432 2972 3496 ἐξ
3019 3430 3186 3486 αὑτοῦ
3232 3431 3418 3484 ελαίου
3477 3423 3729 3492 σταγόνες,

2174 3524 2267 3589 οὒς
2294 3524 2340 3556 ⁷⁸⁵
2366 3524 2498 3595 ἐρίῳ
2528 3523 2847 3593 ἀναψῶντες
2876 3523 2985 3577 ἀπὸ
3005 3523 3098 3575 τοῦ
3126 3520 3347 3592 δένδρου
3370 3516 3729 3578 ἁποπιέζουσιν

2174 3618 2254 3679 είς
2299 3615 2677 3686 ἀλαϐάστρους
2722 3615 2979 3678 λιθίνους.
3015 3616 3174 3668 Ἔστι
3221 3614 3280 3668 δὲ
3327 3613 3389 3667 τὸ
3420 3611 3518 3682 μὲν
3559 3605 3729 3677 χρῶμα

2173 3709 2416 3780 ἀτρέμας
2464 3710 2773 3782 ὑπέρυθρον
2806 3711 2903 3764 καὶ
2954 3710 3230 3779 ὐπόπαχυ,
3265 3708 3382 3772 δζει
3430 3705 3487 3758 δὲ
3537 3702 3729 3754 πάντων

2178 3793 2267 3868 [95
2297 3796 2385 3869 IL]
2419 3798 2638 3868 ἥδιστον
2660 3816 2674 3829 ο
2704 3798 2848 3864 ὄζειν
2873 3798 2931 3851 δέ
2965 3816 3133 3869 φασιν
3176 3799 3313 3852 αὐτὸ
3346 3798 3440 3851 καί⁵
3478 3793 3568 3846 ἐπὶ
3590 3788 3726 3842 πέντε

2176 3885 2445 3951 σταδίους.
2472 3888 2637 3959 Μόνῳ
2662 3888 2719 3942 δὲ
2751 3887 2963 3959 βασιλεῖ
2985 3888 3182 3958 κτητόν
3201 3889 3319 3942 ἐστι
3338 3886 3496 3941 τοῦτο
3525 3880 3616 3935 καὶ
3639 3878 3729 3937 τοῖς

2175 3980 2497 4048 συγγενέσιν
2524 3980 2715 4036 αὑτοῦ.
2748 3982 2858 4036 Καὶ
2889 3980 3137 4053 ἔπεμψεν
3166 3981 3212 4013 ⁷⁸
3240 3984 3269 4034 ὀ
3297 3978 3472 4034 Ἰνδῶν
3499 3973 3575 4045 τῷ
3609 3971 3733 4037 Περ·

2176 4072 2287 4127 σῶν
2322 4070 2552 4142 βασιλεῖ,
2606 4074 2701 4128 καί
2736 4091 2902 4145 φησιν
2928 4075 2975 4107 ⁷⁸
3008 4074 3137 4128 ἰδεῖν
3182 4074 3319 4127 αύτὺ
3362 4067 3622 4140 Κτησίας,
3654 4058 3732 4113 καὶ

2176 4166 2553 4238 ὀ(πιορεινθῖθιναι
2584 4168 2757 4240 ὀσμῆς
2785 4170 2904 4233 οἵας
2932 4167 3055 4221 οὔτε
3073 4169 3249 4222 εἰπεῖν
3276 4164 3344 4240 ἦν
3369 4163 3496 4220 οὒτε
3516 4156 3733 4213 είκάοαι.

2246 4435 2370 4489 ’Ότι
2405 4434 2498 4486 τδν
2524 4432 2689 4503 τυρὸν
2716 4430 2812 4485 καὶ
2832 4431 2922 4484 τὸν
2951 4424 3096 4483 οἶνον
3129 4430 3351 4483 πάντων
3384 4423 3519 4497 φησὶ
3548 4411 3734 4488 γλυκύ-

2173 4544 2356 4593 τατον,
2388 4525 2465 4590 ὡς
2485 4525 2674 4591 αὐτὸς,
2699 4522 2857 4596 φησὶ,
2892 4521 3080 4593 φαγὼν
3108 4522 3196 4576 διὰ
3237 4522 3434 4593 πείρας
3459 4512 3673 4587 ἔμαθεν.

2248 4713 2372 4765 ’Ότι
2390 4710 2598 4781 κρήνην
2626 4709 2671 4741 ⁷⁷
2698 4710 2757 4762 ὲν
2773 4706 2956 4770 Ἰνδοῖς
2978 4722 3165 4777 φησιν,
3188 4705 3315 4759 ὅσον
3335 4701 3498 4758 πέντε
3519 4684 3738 4765 ὀργυιῶν

479 4816 707 4872 circiter
726 4815 976 4869 ulnarum
999 4813 1226 4869 ambitu.
1254 4812 1423 4881 Ilnjus
1448 4826 1586 4879 aqua
1610 4809 1685 4862 ita
1706 4807 1851 4861 intra
1873 4819 2065 4859 saxum

2178 4780 2594 4875 ἡπερίμετρος,
2643 4802 2987 4873 τετράγωνος
3020 4799 3066 4831 ⁷⁸
3093 4798 3170 4853 δέ.
3205 4799 3363 4852 Ἔστι
3404 4794 3460 4847 δὲ
3505 4787 3567 4842 τὺ
3608 4780 3738 4880 ὓὸιςρ

479 4909 817 4973 continetur,
846 4916 968 4961 uta
1014 4907 1167 4961 labro
1209 4906 1275 4958 ad
1328 4906 1498 4973 ipsam
1550 4903 1712 4955 trium
1749 4899 2063 4954 cubitorum

2178 4900 2233 4951 ὲν
2262 4898 2437 4968 πέτρᾳ
2464 4914 2476 4926 ·
2509 4896 2673 4965 βάθος
2711 4896 2768 4949 δὲ
2818 4889 2959 4946 εἶναι
3011 4892 3176 4963 μέχρι
3219 4891 3313 4945 τοῦ
3348 4888 3539 4943 ὓδατος
3583 4884 3738 4984 τριιιςς

478 5003 717 5071 spatium
748 5001 1074 5065 intercedat,
1117 5015 1257 5069 aqua
1298 5013 1426 5051 vero
1454 4998 1567 5065 ipsa
1610 4996 1772 5048 trium
1810 4993 2065 5047 similiter

2178 4990 2389 5061 πηχῶν,
2418 4990 2479 5043 τὸ
2510 4990 2568 5043 δὲ
2606 4988 2728 5043 καθ’
2761 4987 2950 5048 ὓδατος
2990 4988 3162 5053 τριῶν
3205 4981 3465 5055 ὀργυιῶν.
3492 4974 3739 5071 Λούονται

478 5096 730 5151 ulnarum
774 5093 1117 5149 altitudinem
1158 5102 1359 5147 teneat.
1418 5089 1628 5145 Lavant
1670 5089 1723 5141 in
1772 5104 1834 5141 ca
1901 5088 2062 5155 (cum

2178 5081 2230 5133 δὲ
2350 5078 2502 5151 αὑτῷ
2530 5081 2579 5133 οἱ
2632 5080 3028 5150 ἐπισημότατοι
3058 5078 3166 5131 τῶν
3196 5077 3395 5142 Ἰνδῶν,
3436 5069 3529 5125 καὶ
3559 5059 3739 5125 ἄνδρες

1764 5220 1994 5277 VARI/IS
2038 5218 2441 5278 LECTIONES.

547 5377 592 5409 ⁸⁷
638 5376 818 5431 malim
853 5373 934 5444 τῷ
977 5370 1142 5443 Ἰνδῷ.
1220 5371 1264 5402 ⁸⁸
1295 5370 1516 5440 πήχεων
1540 5386 1600 5431 ς.
1677 5366 1722 5396 ⁸⁹
1757 5366 1852 5418 ἐάν
1878 5382 1984 5417 τινι
2020 5362 2218 5433 ἐντύχῃ
2252 5363 2298 5418 Α
2328 5381 2342 5418 :
2378 5363 2585 5418 τούτων
2618 5365 2678 5428 ὃς
2707 5365 2773 5419 ἂν
2804 5364 3012 5489 ἐντύχγὲ
3035 5362 3143 5417 τινὶ
3171 5381 3255 5428 ς.-

547 5447 863 5489 mirantia-rm”
896 5442 991 5489 καὶ
1025 5460 1086 5489 σ-
1163 5442 1207 5473 τί
1230 5441 1359 5489 αὐτὸ
1391 5442 1454 5489 Α.
1530 5440 1575 5469 ⁷⁸
1604 5436 1654 5489 ὃ]
1694 5429 1737 5489 ὦ
1777 5438 1841 5488 Δ.
1933 5435 1979 5466 ⁷³
2009 5436 2353 5489 κυπάρισσος
2390 5454 2450 5489 c.
2527 5436 2573 5468 ⁷⁵
2604 5432 2720 5489 οὓς]
2754 5452 2933 5489 nonne
3016 5435 3083 5489 εἳ
3114 5431 3255 5489 aveo

475 5448 553 5516 τῷ
580 5429 863 5516 ἀγκίστρῳ
896 5429 991 5497 καὶ
1025 5429 1107 5507 ς.’
1163 5442 1207 5473 ⁷³
1230 5429 1454 5539 itit-:81.
1530 5429 1575 5469 ⁷-⁸
1604 5429 1737 5539 falari)
1777 5438 1841 5488 A.
1933 5435 1979 5466 ⁷³
2009 5429 2353 5536 κυΊς-ξᾶρίσσος
2390 5454 2450 5501 ς.
2482 5436 2573 5539 ’⁸⁷⁵
2604 5432 2721 5504 οὓς]
2754 5429 3083 5499 ηοιιηέᾶςῖ
3114 5431 3418 5504 ἀνάψαντες
3448 5440 3507 5487 ς·

481 5518 723 5539 Ir____.t-..
764 5517 785 5539 Α
833 5534 845 5539 -
888 5513 1101 5539 2--...t-
1126 5512 1177 5539 :3.
1204 5514 1223 5539 ι
1299 5510 1462 5539 ...’.-....'.
1495 5527 1531 5539 .-
1715 5507 1880 5539 νηηηῖυ
1917 5522 1956 5539 ρ
2143 5507 2316 5539 ννλῦςυνι
2343 5523 2383 5539 ι-
2552 5509 2894 5539 ηιμ-λιιυωυηρ
2927 5521 3014 5539 nm
3072 5523 3110 5539 ρ

478 5506 724 5587 επεμψεν
753 5506 800 5570 Ᾱ
831 5506 848 5571 Ξ
886 5513 1101 5584 ἔπεμψε
1123 5512 1179 5565 δὲ
1204 5512 1261 5579 ἐξ
1296 5510 1463 5564 αὑτοῦ
1494 5527 1554 5573 ς.
1634 5506 1682 5539 ⁷⁸
1715 5507 1880 5574 φασιν
1917 5522 1978 5570 ς.
2074 5506 2117 5536 ⁷⁷
2143 5507 2320 5576 κρήνη
2342 5523 2403 5573 ς.
2482 5507 2527 5539 ⁷⁸
2552 5509 2894 5579 τετράγωνος
2927 5521 3037 5561 om.
3072 5523 3132 5571 ς.

1999 5621 2231 5683 NOT/E.

552 5752 665 5827 (δὸ)
701 5754 827 5827 limo
869 5758 1011 5827 ipsa,
1051 5753 1353 5827 atquealin
1396 5751 1461 5804 de
1498 5748 1822 5827 hoc_verme
1862 5744 2042 5818 plura,
2072 5744 2343 5814 excerpsit
2391 5759 2454 5800 ex
2490 5742 2669 5800 Ctesia
2708 5742 2906 5799 (Elian.
2960 5742 3056 5799 lib.
3097 5756 3150 5810 ν,
3179 5755 3299 5810 cap.
3332 5738 3387 5804 ’5,

706 5824 851 5881 Idem
884 5819 949 5882 de
981 5842 1043 5883 eo
1071 5819 1505 5880 cti‘hilostratus
1538 5819 1722 5874 refert.

3426 5729 3499 5785 De
3527 5702 3735 5775 animt”-
