3926 6430
258 358 349 425 999
1313 332 1840 395 BIBI.IOTIIECA.
1876 332 2128 394 -—COD.
2171 332 2414 395 LXXII.

3380 337 3489 404 233

253 460 337 517 καὶ
365 456 542 518 παῖδες
570 454 663 509 καὶ
709 455 1001 522 γυναῖκες·
1040 450 1357 523 κολυμϐῶσι
1400 453 1455 504 δὲ
1499 453 1593 506 ἐπὶ
1636 451 1794 515 πόδας

1906 450 2175 519 purgandi
2216 452 2465 519 corporis
2494 466 2685 518 causa,
2740 462 2852 507 tum
2890 462 2947 505 ut
2975 454 3285 508 morborum
3328 471 3495 512 omne

259 552 506 625 ῥίπτοντες
538 544 783 609 ἑαυτούς.
819 545 988 598 Ὀταν
1020 543 1077 597 δὲ
1129 543 1484 614 εἰσπηδῶσιν,
1540 543 1798 597 ἐκϐάλλει

257 642 429 703 αὐτοὺς
453 638 509 690 τὸ
535 637 674 707 ὕδωρ
701 638 834 690 ἄνω.
867 637 982 691 Οὐκ
1009 634 1334 706 ἀνθρώπους
1363 636 1419 689 δὲ
1453 636 1611 705 μόνον
1638 636 1799 707 ἀναῤ-

261 737 432 807 ρίπτει,
457 730 581 784 ἀλλὰ
614 728 707 781 καὶ
734 727 861 782 ἄλλο
885 730 913 781 ὃ
942 746 996 781 τι
1025 729 1093 782 ἂν
1182 728 1319 793 ζῶον
1349 728 1599 799 ἐκρίπτει
1630 729 1711 792 είς
1738 728 1799 780 τὸ

263 826 417 897 ξηρὸν,
439 821 521 875 καί
542 819 650 884 ζῶν
694 821 789 872 καὶ
838 819 1118 891 τεθνηκὸς,
1161 821 1255 872 καὶ
1287 819 1474 882 ἁπλῶς
1522 818 1700 872 πάντα
1730 819 1798 872 τὰ

267 916 586 989 ἐμὸαλλόμενα
628 911 773 981 πλὴν
805 911 1027 983 σιδήρου
1054 912 1149 964 καὶ
1178 911 1425 983 ἀργύρου
1460 912 1505 943 ⁷⁸
1542 912 1635 963 καὶ
1663 928 1797 981 χρυ-

278 1013 359 1064 σοῦ
381 1011 460 1063 καὶ
479 1003 656 1077 χαλκοῦ
682 1022 695 1034 ·
727 1005 901 1081 ταῦτα
932 1006 987 1058 δὲ
1015 1006 1229 1076 δέχεται
1261 1006 1435 1058 κάτω.
1472 1003 1627 1057 Ἔστι
1655 1002 1710 1055 δὲ
1735 1003 1797 1055 τὸ

281 1102 401 1171 ὕδωρ
423 1098 529 1151 πάνυ
563 1095 771 1167 ψυχρὸν
806 1097 900 1149 καὶ
927 1098 1022 1166 ἡδὺ
1059 1101 1237 1150 πιεῖν’
1276 1096 1446 1166 ψόφον
1480 1096 1535 1148 δὲ
1565 1096 1796 1165 παρέχει

288 1196 434 1266 μέγαν,
458 1192 625 1260 ὡσπερ
660 1190 783 1251 ζέον
807 1192 870 1244 ἐκ
909 1190 1158 1256 λέῦητος.
1186 1189 1455 1258 Καθαίρει
1485 1187 1622 1241 δὲτὸ
1654 1186 1797 1257 ὕδωρ

282 1287 398 1340 τοῦτο
432 1283 615 1352 ἀλφοὺς
663 1284 761 1337 καὶ
793 1284 1146 1355 ψωριῶντας.
1183 1283 1447 1336 Καλεῖται
1486 1281 1542 1334 δὲ
1582 1279 1799 1334 Ἰνδιστὶ

272 1376 843 1447 Βαλλιίὸη,Ἐλληνιστὶ
871 1376 927 1429 δὲ
956 1376 1233 1447 ὠφελίμη.

1908 553 2080 607 genus
2125 539 2462 608 aharceant)
2516 541 2769 595 ludorum
2807 544 3195 612 spectatissimi
3246 547 3491 614 quique.

1906 646 2028 686 cum
2066 633 2331 686 uxoribus
2375 648 2438 687 ac
2473 632 2660 687 liberis
2696 653 2711 688 :
2748 645 2802 689 et
2839 646 3029 688 natant
3068 638 3118 688 in
3154 638 3320 704 pedes
3372 651 3492 691 sese

1906 721 2289 790 conjicientes.
2327 721 2461 777 Nam
2500 726 2721 793 quando
2753 726 3025 791 insiliunt,
3058 725 3365 792 ejaculatur
3394 742 3492 781 eos

1905 829 2043 882 aqua
2075 831 2316 869 sursum.
2349 815 2533 886 Neque
2564 817 2810 871 homines
2835 820 2906 872 ita
2939 821 3284 873 solummodo
3316 821 3365 872 iu
3392 836 3485 873 su-

1906 905 2073 960 blime
2098 906 2255 974 jacit,
2300 909 2395 962 sed
2425 910 2658 977 quodvis
2682 910 2848 963 etiam
2879 911 3104 975 animal,
3138 913 3322 965 vivum
3356 912 3489 966 illud

1904 1003 1974 1055 sit
2005 1004 2120 1059 sive
2154 1016 2453 1070 mortuum,
2482 1006 2535 1059 in
2571 1006 2775 1060 siccam
2814 1006 2968 1075 ejicit
3004 1018 3204 1062 terram
3240 1024 3255 1062 :
3292 1010 3401 1063 imo
3429 1018 3485 1063 et

1905 1111 2244 1166 quaecunque
2282 1098 2333 1150 in
2372 1113 2488 1152 eam
2525 1099 2843 1166 injiciuntur
2876 1100 2987 1171 (55)
3017 1116 3031 1165 ;
3063 1101 3107 1155 si
3140 1104 3364 1164 ferrum,
3390 1116 3491 1153 au-

1907 1203 2053 1253 rum,
2085 1205 2180 1256 tes,
2221 1201 2384 1259 atque
2418 1202 2699 1258 argentum
2734 1192 2878 1262 (qua:
2914 1193 3026 1247 sola
3060 1194 3109 1246 in
3142 1192 3366 1246 fundum
3395 1195 3491 1246 de-

1906 1282 2097 1349 mittit)
2135 1283 2400 1350 excipias.
2433 1285 2586 1354 Aqua
2623 1284 2739 1353 ipsa
2776 1285 3073 1355 perfrigida
3106 1294 3210 1350 est,
3258 1294 3316 1339 et
3360 1293 3489 1351 potu

1907 1374 2130 1441 suavis;
2166 1390 2286 1443 qua:
2330 1385 2383 1428 et
2431 1378 2719 1443 strepitum
2749 1377 2861 1430 edit
2898 1393 3175 1445 magnum,
3225 1377 3401 1447 qualis
3437 1378 3491 1431 in

266 1476 400 1529 lemne
427 1472 713 1525 bnllicntis.
749 1469 919 1525 Sanat
962 1470 1077 1525 hare
1105 1469 1374 1540 vitiligine
1409 1477 1463 1524 et
1494 1466 1679 1522 scabie
1706 1464 2016 1520 laborantes
2049 1485 2063 1521 :
2113 1477 2455 1537 vocaturque
2502 1467 2683 1537 lingua
2751 1469 2931 1524 Indica
2988 1468 3253 1535 Beliade,
3301 1469 3492 1525 Graeca

258 1569 483 1637 ὠφελίμη.
505 1567 551 1618 ἰιΙ
580 1576 690 1630 est,
718 1567 888 1619 utilis.

308 1660 439 1715 Eiaiv
462 1657 504 1689 ”
535 1658 592 1709 ἐν
640 1658 754 1719 τοῖς
788 1656 942 1727 ὄρεσι
971 1657 1085 1719 τοῖς
1110 1654 1374 1721 Ἰνδικοῖς,
1415 1654 1547 1706 ὅπου
1578 1654 1605 1706 ὁ
1630 1651 1794 1726 κάλα-

1973 1643 2238 1700 Versatur
2270 1646 2322 1700 iu
2344 1646 2450 1701 illis
2486 1646 2648 1702 ludite
2691 1649 2966 1704 montibus
3005 1649 3141 1719 (56),
3180 1649 3234 1703 in
3283 1652 3489 1720 quibus

254 1770 334 1824 μος
364 1750 527 1803 αὐτῶν
562 1750 786 1819 φύεται,
814 1748 1093 1819 ἄνθρωποι
1119 1748 1195 1801 τὸ
1226 1747 1428 1817 πλῆθος
1462 1746 1641 1798 αὐτῶν
1667 1745 1795 1816 ἄχρι

254 1848 329 1900 καὶ
376 1844 529 1915 τριῶν
583 1842 887 1913 μυριάδων.
936 1842 1156 1894 Τούτων
1227 1842 1281 1893 αἱ
1336 1842 1595 1907 γυναῖκες
1649 1836 1798 1902 ἅπαξ

250 1938 490 1991 τίκτουσιν
508 1936 563 1986 ἐν
580 1935 663 2003 τῷ
682 1934 799 2005 βίῳ,
817 1934 910 1988 καὶ
922 1934 990 1986 τὰ
1010 1934 1305 2003 τικτόμενα
1328 1932 1549 1994 ὀδόντας
1571 1932 1683 2000 ἔχει
1702 1931 1797 1985 καὶ

248 2031 304 2084 τὰ
328 2031 426 2084 ἄνω
440 2029 525 2081 καὶ
546 2031 616 2080 τὰ
630 2028 673 2059 ⁸¹
708 2028 859 2080 κάτω
880 2030 1021 2080 πάνυ
1042 2026 1259 2090 καλούςο
1292 2026 1504 2085 καὶτὰς
1533 2025 1726 2094 τρίχας
1745 2024 1793 2055 ⁸²

244 2124 325 2186 τάς
359 2140 411 2175 τε
445 2125 501 2174 ἐν
523 2125 589 2193 τῇ
645 2121 853 2192 κεφαλῇ
887 2120 980 2173 καὶ
1011 2123 1130 2183 ταῖς
1152 2118 1353 2190 ὀφρύσι
1390 2117 1581 2180 πολιὰς
1606 2117 1652 2148 ⁸³
1679 2117 1794 2187 ἔχει

244 2215 391 2270 πάντα
406 2215 465 2267 ἐκ
480 2215 733 2283 γενετῆς,
754 2215 849 2266 καὶ
874 2214 941 2267 τὰ
958 2213 1125 2283 θήλεα
1143 2212 1211 2274 ⁸⁵,
1230 2210 1407 2265 καὶτὰ
1422 2212 1649 2283 ἄρρενα.
1667 2211 1796 2263 Μέ-

243 2325 316 2378 χρι
340 2308 427 2378 μὲν
455 2302 545 2360 οὖν
571 2305 619 2359 λ’
652 2307 786 2360 ὲτῶν
818 2306 1017 2369 λευκὰς
1048 2305 1159 2375 ἔχει
1184 2305 1413 2367 ἕκαστος
1442 2303 1550 2356 τῶν
1587 2300 1794 2372 ἀνθρώ-

242 2418 339 2453 πων
358 2400 570 2453 ἐκείνων
603 2400 706 2462 ei;
742 2399 936 2470 τρίχας
978 2398 1101 2450 καθ’
1136 2397 1179 2429 ⁸⁵
1205 2397 1327 2449 ὅλου
1373 2396 1467 2449 τοῦ
1517 2393 1791 2463 σώματος,

241 2491 465 2561 ἄρχονται
498 2489 553 2542 δὲ
589 2489 799 2561 ἐκεῖθεν
830 2488 1181 2559 μελαίνεσθαι
1204 2503 1218 2517 ⁸
1250 2486 1514 2556 ἐξήκοντα
1557 2485 1614 2537 δὲ
1654 2483 1791 2536 ὲτῶν

241 2582 527 2653 γενομένους
568 2559 618 2612 έδ
652 2581 799 2632 ἐστιν
840 2580 968 2631 ἰδεῖν
999 2580 1195 2643 αὺτιὺς
1227 2582 1405 2641 πάσας
1436 2578 1655 2648 ἔχοντας
1695 2593 1791 2645 με·

239 2671 396 2735 λαίνας
424 2672 487 2733 ⁸⁷,
523 2669 654 2743 [157
691 2668 784 2742 3.]
812 2671 995 2741 ἔχουσι
1023 2670 1080 2724 δὲ
1119 2664 1265 2723 οὗτοι
1306 2671 1353 2722 οἱ
1381 2670 1659 2739 ἄνθρωποι
1689 2669 1791 2719 ἀνὰ

238 2762 358 2817 ὀκτὼ
380 2764 675 2827 δακτύλους
724 2764 810 2831 ἐφ’
844 2764 1082 2832 ἑκατέρᾳ
1112 2761 1159 2794 ⁸³
1196 2763 1359 2834 χειρὶ,
1405 2762 1664 2824 ὡσαύτως
1688 2760 1792 2814 ἀνὰ

236 2855 357 2907 ὀκτὼ
388 2857 476 2908 καὶ
505 2857 619 2917 τοῖς
648 2856 793 2919 ποσὶ,
821 2856 916 2908 καὶ
958 2854 1154 2923 ἄνδρες
1194 2854 1291 2906 καὶ
1331 2856 1588 2920 γυναῖκες
1612 2850 1793 2904 ὠπαύ·

236 2964 345 3010 τως.
396 2949 513 3000 Εἰσὶ
544 2949 606 3000 δὲ
655 2947 864 3018 σφόδρα
904 2947 1254 3014 πολεμισταὶ,
1288 2947 1383 2998 καὶ
1432 2944 1647 3013 βασιλεῖ
1683 2945 1792 2996 τῶν

1906 1738 2150 1793 calamus
2187 1739 2403 1794 Indicus
2418 1744 2679 1807 nascitur,
2707 1756 2876 1811 genus
2903 1743 3183 1796 hominum
3215 1744 3488 1813 quoddam

1906 1831 1973 1883 ad
2013 1829 2231 1898 triginta
2270 1830 2459 1894 millia,
2498 1846 2733 1900 quorum
2778 1831 2994 1886 feminae
3026 1833 3194 1887 semel
3225 1836 3493 1888 duntaxat

1904 1921 1957 1975 in
1988 1922 2095 1973 vita
2137 1922 2353 1991 pariqu
2408 1923 2606 1988 fetum,
2644 1923 3009 1992 pulcherrime
3040 1926 3181 1978 infra
3213 1942 3492 1995 supraque

1904 2016 2204 2079 dentatum,
2234 2015 2597 2084 omnibusque
2630 2024 2737 2069 tam
2782 2016 3003 2071 feminis
3032 2033 3198 2086 quam
3228 2021 3489 2074 masculis

1902 2112 2010 2183 jam
2047 2109 2171 2163 inde
2206 2124 2235 2160 a
2293 2108 2601 2172 nativitate,
2653 2118 2708 2163 et
2738 2110 2933 2176 capitis
2973 2119 3027 2163 et
3070 2110 3489 2176 superciliorum

1899 2204 1994 2275 pili
2029 2207 2252 2256 canent.
2292 2198 2477 2267 Usque
2525 2198 2593 2251 ad
2630 2199 2963 2253 tricesimum
3002 2213 3135 2269 ergo
3161 2202 3361 2265 multis,
3388 2217 3490 2255 an-

1902 2312 2055 2359 num,
2098 2294 2251 2346 albos
2304 2291 2469 2344 habet
2519 2304 2708 2344 eorum
2747 2288 2981 2358 quilibet
3024 2292 3190 2346 totius
3240 2296 3490 2361 corporis

1898 2386 2060 2458 pilos,
2104 2385 2193 2454 qui
2228 2381 2484 2450 deinceps
2516 2381 2823 2450 nigrescere
2856 2380 3140 2449 incipiunt,
3182 2384 3306 2436 dum
3331 2400 3493 2438 sexa-

1899 2480 2107 2551 gesimo
2163 2479 2379 2531 demum
2429 2488 2573 2527 anno
2619 2487 2811 2528 omnes
2876 2474 3100 2527 omnino
3158 2475 3299 2545 nigri
3360 2474 3490 2530 facti

1900 2569 2331 2636 conspiciantur.
2372 2563 2611 2620 Octonos
2652 2565 2855 2619 habent
2903 2566 3013 2629 isti,
3072 2566 3171 2619 viri
3223 2581 3382 2634 aeque
3433 2575 3493 2618 ut

1902 2660 2185 2725 mulieres,
2228 2659 2282 2712 in
2326 2667 2558 2726 utraque
2603 2672 2768 2710 manu
2816 2657 3033 2727 digitos,
3072 2674 3136 2711 ac
3181 2660 3405 2713 totidem
3436 2659 3491 2711 iu

1900 2753 2128 2822 singulis
2167 2765 2384 2820 quoque
2443 2749 2691 2819 pedibus.
2755 2750 2896 2803 Sunt
2933 2750 3095 2804 etiam
3146 2752 3355 2806 strenui
3395 2750 3493 2804 ad-

1901 2847 2120 2901 modum
2156 2846 2382 2908 milites,
2422 2854 2478 2899 ut
2511 2843 2767 2898 ludorum
2803 2860 2871 2897 ex
2908 2844 2992 2899 his
3031 2859 3208 2913 regem
3242 2859 3487 2913 sequan-

1902 2948 1991 2993 tur
2034 2939 2275 3007 quinque
2315 2938 2726 3008 sagittariorum
2769 2937 3251 3005 jaculatorumquc
3297 2936 3489 2989 millia.

244 3037 399 3090 Ἰνδῶν
429 3039 658 3091 ἕπονται
706 3038 921 3103 τοξόται
970 3036 1176 3089 τούτων
1228 3036 1661 3105 πεντακισχίλιοι
1704 3036 1794 3088 καὶ

1903 3032 2073 3084 Aures
2102 3046 2232 3084 vero
2262 3029 2369 3084 illis
2408 3040 2569 3083 tantae
2598 3030 2674 3082 ait
2709 3044 2828 3083 esse
2864 3028 3279 3099 magnitudinis,
3319 3037 3379 3080 ut
3422 3029 3491 3081 ad

232 3129 537 3183 ἀκοντισταί.
552 3131 639 3182 Τὰ
657 3129 713 3182 δὲ
726 3123 841 3182 ὦτά
856 3146 928 3199 φη
938 3127 1303 3197 σιτηλικαῦτα
1320 3127 1484 3198 ἔχειν,
1507 3126 1648 3179 ὥστε
1668 3125 1796 3188 τοὺς

234 3218 495 3291 βραχίονας
523 3221 709 3275 αὐτῶν
741 3221 832 3275 ὑπ’
867 3221 1048 3275 αὐτῶν
1082 3220 1454 3274 καλύπτεσθαι
1501 3220 1662 3290 μέχρι
1687 3218 1794 3271 τῶν

230 3312 487 3377 ἀγκώνων,
515 3314 615 3365 καὶ
643 3312 870 3366 ὄπισθεν
898 3313 989 3365 τὸν
1020 3312 1189 3364 νῶτον
1221 3311 1314 3365 ὑπ’
1344 3311 1486 3364 αὐτὰ
1510 3311 1555 3342 ⁸⁸
1594 3328 1791 3377 συγκαο

229 3397 460 3454 λύπτειν·
491 3403 553 3455 τὸ
602 3402 661 3455 δὲ
690 3399 783 3465 οὖς
820 3403 884 3455 τὸ
916 3403 1105 3474 ἕτερον
1144 3402 1239 3455 τοῦ
1275 3402 1463 3473 ἐτέρου
1514 3401 1786 3470 θιγγάνει.

1905 3120 2147 3175 cubitum
2188 3134 2361 3187 usque
2399 3119 2766 3187 dependentes
2799 3119 3020 3172 brachia
3056 3121 3335 3187 ohlegant,
3365 3127 3420 3171 et
3454 3131 3485 3171 a

1906 3223 2058 3283 tergo
2090 3212 2324 3266 invicem
2355 3219 2639 3281 tangentes
2672 3220 2818 3266 totos
2848 3212 3096 3280 operiant
3130 3208 3417 3265 humeros.

292 3495 375 3549 Est
403 3506 584 3550 autem
642 3497 695 3549 in
723 3496 1005 3565 IEthiopia
1032 3497 1285 3567 stupendi
1321 3512 1546 3565 prorsus
1615 3498 1829 3553 roboris
1867 3497 2070 3552 animal
2115 3498 2384 3567 quoddam
2438 3503 2698 3549 crocottas
2770 3494 2884 3564 (57)
2929 3494 3284 3565 appellatum,
3338 3494 3494 3564 vulgo

229 3590 505 3662 φοίνιαι.
563 3589 776 3645 Ferunt
825 3589 881 3644 id
926 3590 1226 3645 humanam
1273 3591 1544 3644 imitatum
1584 3606 1797 3655 vocem,
1837 3607 1903 3645 ex
1931 3591 2151 3645 nomine
2190 3599 2351 3644 noctu
2412 3588 2661 3643 homines
2711 3604 2966 3653 evocare,
3032 3598 3089 3642 et
3170 3589 3495 3645 accedentes

232 3683 487 3748 devorare,
521 3684 727 3739 habere
777 3684 921 3739 idem
976 3684 1150 3739 leonis
1188 3684 1713 3753 magnanimitatem,
1754 3686 1878 3755 equi
1942 3684 2313 3748 velocitatem,
2349 3691 2404 3736 et
2445 3681 2586 3736 tauri
2646 3682 2835 3747 robur,
2887 3696 2952 3737 ac
2996 3680 3140 3735 ferro
3157 3680 3374 3751 quidem
3399 3695 3493 3736 ex.

156 3757 164 3769 ’
233 3776 448 3844 pugnari.
482 3774 776 3830 lnEuhwa
812 3790 1027 3847 quoque
1072 3774 1383 3830 Chalcidiea
1434 3775 1559 3830 felle
1606 3790 1795 3831 carere
1872 3776 2017 3830 illius
2080 3775 2183 3830 loci
2233 3790 2386 3838 oves,
2435 3790 2737 3844 carnesque
2796 3775 2986 3829 barum
3032 3776 3321 3827 admodum
3372 3788 3494 3830 esse

238 3879 511 3931 amaras,ut
553 3882 619 3921 ne
654 3882 817 3922 canes
853 3868 1069 3938 quidem
1099 3867 1166 3921 iis
1198 3866 1343 3922 vesci
1372 3876 1598 3937 queant.
1627 3868 1794 3921 Aiunt
1832 3878 1886 3922 et
1917 3866 2054 3921 ultra
2098 3865 2402 3921 Maurusias
2425 3866 2610 3922 fauces
2639 3877 2829 3922 testate
2891 3866 3126 3937 complui
3191 3866 3490 3936 regionem,

241 3960 631 4015 hieme-torreri.
659 3959 716 4014 in
734 3959 1065 4031 Cyouiorum
1099 3970 1357 4029 praeterea
1391 3960 1610 4029 regione
1629 3959 1834 4013 fontem
1876 3974 1996 4013 esse
2020 3960 2333 4028 quemdam,
2357 3960 2449 4028 qui
2490 3975 2590 4029 pro
2634 3974 2777 4029 aqua
2813 3959 2991 4014 oleum
3027 3960 3313 4026 scaturiat,
3385 3976 3493 4030 quo

237 4053 364 4106 etiam
409 4055 608 4110 incolae
638 4057 704 4107 ad
770 4054 924 4108 cibos
974 4055 1154 4109 omnis
1197 4054 1417 4123 generis
1466 4064 1707 4108 utantur.
1743 4053 1799 4106 In
1842 4055 2063 4124 regione
2085 4053 2293 4120 adhaec,
2355 4056 2441 4109 cui
2501 4054 2803 4109 Metatridae
2834 4070 3055 4118 nomen,
3090 4070 3196 4107 non
3222 4056 3296 4108 ita
3326 4073 3493 4126 prope

230 4165 375 4219 mare,
422 4167 554 4209 esse
610 4152 838 4215 fontem,
871 4152 961 4222 qui
1000 4152 1175 4206 media
1234 4164 1391 4206 noete
1426 4150 1904 4205 vehementissime
1937 4149 2242 4214 exundans,
2298 4167 2547 4220 magnam
2585 4149 2769 4217 ejiciat
2848 4151 3076 4220 piscium
3161 4152 3372 4219 ('Opiattt
3436 4157 3489 4211 in

232 4252 429 4308 terram,
457 4256 523 4299 ut
571 4260 672 4298 nec
709 4242 1031 4314 colligendis
1078 4243 1147 4298 iis
1204 4242 1395 4298 incolae
1443 4242 1796 4305 suliicientes,
1842 4239 2134 4294 maximam
2173 4252 2377 4311 partem
2412 4242 2465 4295 in
2501 4244 2649 4298 sicco
2682 4243 2852 4299 fetere
2873 4245 3077 4299 sinant.

285 4338 460 4392 Ταῦτα
497 4338 731 4407 γράφων
760 4338 854 4389 καὶ
890 4334 1204 4407 μυθολογῶν
1230 4334 1477 4405 Κτησίας
1511 4335 1661 4403 λέγει
1696 4335 1792 4388 τὰ·

1967 4330 2094 4388 llazc
2118 4333 2243 4388 dum
2280 4334 2473 4389 scribit
2531 4335 2742 4389 (Itesias
2766 4346 2929 4405 atque
2957 4335 3251 4401 fabulatur,
3273 4337 3386 4390 vult
3406 4346 3490 4390 ta-

226 4428 514 4500 ληθέστατα
560 4430 817 4500 γράφειν,
862 4430 1086 4497 ἐπάγων
1116 4428 1192 4491 ὡς
1231 4427 1298 4482 τὰ
1336 4428 1437 4498 μὲν
1479 4428 1641 4491 αὐτὸς
1674 4426 1794 4480 ἰδὼν

1903 4441 2023 4481 men
2048 4427 2333 4482 verissima
2362 4429 2650 4497 scripsisse
2670 4429 2867 4492 videri,
2888 4430 3167 4499 additque,
3188 4431 3269 4484 vel
3296 4432 3491 4497 ipsum-

224 4523 461 4591 γράφειν,
490 4523 562 4576 τὰ
607 4522 664 4575 δὲ
696 4523 828 4593 παρ’
867 4521 1049 4575 αὐτῶν
1092 4520 1283 4591 μαθὼν
1322 4520 1430 4574 τῶν
1479 4521 1698 4575 ἰδόντων
1726 4521 1794 4585 ⁹⁰,

1903 4528 2011 4572 met
2035 4520 2149 4574 suis
2172 4532 2454 4589 speetasse
2473 4522 2646 4576 oculis
2672 4521 2809 4593 (58),
2838 4538 2959 4591 qua:
2980 4523 3177 4577 scribit
3208 4522 3371 4593 50a,
3400 4521 3485 4577 vel

222 4615 374 4669 πολλὰ
401 4616 459 4670 δὲ
483 4615 691 4670 τούτων
723 4618 819 4670 καὶ
846 4615 982 4670 ἄλλα
1010 4614 1439 4685 θαυμασιώτερα
1463 4613 1794 4685 παραλιπεῖν

1903 4612 1965 4666 ab
2023 4612 2257 4668 oculatis
2310 4624 2459 4667 certe
2498 4614 2730 4669 testibus
2773 4615 3095 4682 accepisse:
3156 4616 3266 4669 imo
3306 4625 3360 4668 et
3404 4614 3488 4670 his

220 4706 298 4761 διὰ
322 4709 379 4761 τὸ
415 4710 494 4780 μὴ
523 4709 675 4774 δόξαι
701 4712 812 4772 τοῖς
844 4708 920 4781 μὴ
952 4707 1306 4778 τεθεαμένοις
1343 4707 1386 4738 ⁹¹
1416 4705 1626 4760 ἄπιστα
1656 4723 1794 4775 συγ-

1903 4703 2056 4774 louge
2078 4705 2254 4775 magis
2276 4707 2595 4762 admiranda
2618 4709 3064 4775 praetermisisse,
3099 4724 3165 4763 ne
3195 4710 3281 4763 cui
3320 4707 3482 4773 forte,

220 4802 459 4870 ypd-patv.
506 4802 597 4866 Ἐν
621 4797 702 4867 οἷς
725 4804 823 4857 καὶ
850 4801 1027 4857 ταῦτα
1053 4803 1121 4855 θ’.

1903 4797 1990 4863 ιιιιί
2019 4796 2137 4852 haec
2189 4814 2464 4868 nunquam
2524 4800 2747 4864 viderit,
2787 4800 3004 4869 indigna
3053 4801 3157 4855 [ide
3199 4799 3489 4868 scripsisse

1896 4891 2166 4945 videatur.
2194 4890 2291 4946 Hic
2329 4892 2492 4962 igitur
2515 4892 2603 4945 illa
2638 4893 2917 4948 desinunt.

1505 4974 1733 5031 VARI/13
1771 4977 2173 5036 LECTIONES.

283 5075 325 5110 ⁷³
362 5077 459 5130 καὶ
488 5074 729 5147 ἀργύρου
762 5072 1149 5147 postularim?)
1182 5074 1351 5144 ponit.
1386 5092 1445 5138 ς.
1521 5072 1745 5147 ῗίξέστιν
1774 5077 1819 5128 Α
1921 5078 1963 5109 ει
1984 5078 2051 5130 τὰ
2080 5080 2202 5133 add.
2234 5082 2299 5134 A.

220 5145 259 5197 Δ
290 5144 842 5223 εῌπεωλώμέψςςη
907 5144 953 5177 ³⁵
984 5146 1175 5223 θήλεια
1216 5163 1300 5223 ις,
1374 5147 1419 5223 ’ξε
1443 5144 1590 5223 καθ’]
1646 5146 1741 5223 καὶ
1784 5148 1830 5199 Α
1880 5166 1893 5201 :
1946 5148 2012 5201 δι’
2045 5167 2104 5223 ςἸ
2253 5144 2707 5223 γινομένους
2743 5150 2786 5183 ⁸⁷
2846 5164 2965 5222 p0st
3001 5144 3257 5223 μελαίνας
3286 5167 3407 5205 cum
3443 5153 3487 5204 A

222 5220 367 5291 omisi
393 5215 607 5291 τρίχας.
656 5218 729 5291 ⁸⁸⁸
750 5215 1049 5291 ἐκάστῃᾼ
1124 5216 1172 5291 ⁸2
1208 5216 1303 5291 ὐπῖ
1336 5215 1477 5291 αὐτὰ
1528 5218 1570 5268 Δ
1604 5234 1617 5270 :
1653 5218 1962 5291 ἅπαντας.
2066 5222 2110 5252 ⁹⁰
2152 5215 2451 5275 ίδὸνίτωνἈ
2489 5239 2502 5274 ;
2535 5222 2751 5275 εἰδότων
2786 5215 2859 5287 ς.’
2926 5224 2969 5255 ⁹¹
3001 5215 3361 5291 τεθεαμένοις
3387 5224 3428 5274 Α
3471 5241 3483 5275 :

226 5286 389 5342 ταῦτα
425 5280 783 5359 θεασαμένοις
810 5306 871 5355 ς’.
932 5280 1011 5319 ’ἣ
1033 5289 1091 5341 ἐν
1115 5280 1196 5349 οἷς
1221 5286 1315 5338 καὶ
1346 5287 1520 5338 ταῦτα
1547 5300 1655 5340 om.
1694 5287 1755 5339 U.
1786 5280 1934 5343 addin
1962 5307 2068 5361 mg.
2112 5308 2186 5347 rc.
2215 5294 2257 5346 A
2291 5309 2306 5346 :
2341 5292 2510 5345 ἐθέλω
2540 5294 2643 5364 μὲν
2674 5280 2968 5363 ψεύδεσθαι
3015 5280 3195 5349 λέγειν
3244 5280 3359 5345 καί
3390 5292 3489 5345 αὑ-

1713 5382 1955 5448 NOTAE.

286 5476 397 5545 (55)
424 5477 724 5548 Antigonus
751 5474 1128 5548 Histamirab.
1168 5473 1293 5548 163,
1326 5473 1466 5548 hanc
1513 5473 1789 5548 narratio-

223 5544 580 5618 ucnrattingii
604 5549 864 5618 additque
885 5547 949 5599 ἄν
978 5564 1032 5599 τι
1064 5547 1283 5615 ἐμπέσῃ
1317 5544 1572 5618 πλάγιον,
1605 5544 1787 5618 ὀρθὸν,

223 5616 478 5673 ἐνόαλεῖν.
494 5615 552 5673 Vi
565 5621 699 5674 tiose
713 5615 893 5673 autent
918 5618 988 5670 ibi
1010 5619 1133 5687 legi,
1147 5620 1214 5669 τὰ
1229 5625 1307 5676 εις
1326 5616 1495 5687 ἀυτὴν
1513 5615 1640 5681 ἀφιε
1650 5617 1789 5687 μένα

222 5689 613 5758 καταδίχεσθαι,
650 5691 850 5745 omissa
883 5684 1173 5756 negatione
1204 5703 1302 5756 pro
1336 5684 1413 5756 μὴ
1460 5702 1610 5737 κατα
1641 5686 1793 5757 δέχε-

225 5757 376 5829 secti;
405 5757 472 5815 ex
503 5762 622 5824 hoc,
653 5770 806 5829 puto,
831 5758 1030 5815 Ctesias
1066 5759 1184 5813 loco
1215 5758 1501 5829 intelliges.

286 5827 396 5898 (56)
438 5831 563 5889 Vide
588 5827 835 5907 suprain
871 5846 955 5902 pr.
990 5833 1045 5887 ιι.
1079 5830 1205 5887 cod.
1234 5830 1371 5885 i’liu.
1407 5828 1498 5884 lib.
1535 5843 1630 5895 vu,
1659 5835 1782 5891 me,

2379 5079 2423 5111 ⁸³
2452 5082 2546 5133 καὶ
2583 5080 2858 5152 τρίχαςέν
2882 5099 2941 5134 τε
2972 5085 3037 5152 τῇ
3090 5100 3150 5146 ς.
3225 5080 3270 5113 ⁸³
3297 5080 3489 5134 πολιὰς

1971 5478 2085 5561 (5.7)
2119 5481 2376 5537 Assutum
2407 5482 2509 5537 hoc
2554 5497 2584 5537 e
2633 5481 2755 5538 cod.
2812 5480 3098 5545 Bavarico,
3132 5484 3176 5536 si
3211 5481 3351 5537 forte
3380 5482 3487 5539 huc

1898 5565 2478 5697 1:‘3‘2.‘b'l8n)e.illujusetiam
2517 5624 2782 5697 Diodorus
2807 5624 2974 5679 Sicul.
3011 5623 3258 5697 meminit
3290 5624 3383 5679 lib.
3419 5639 3483 5697 tu

1898 5690 2040 5744 Bibl.
2074 5708 2205 5767 cap.
2227 5696 2280 5757 5,
2338 5697 2621 5767 legendum
2660 5694 2861 5751 {Eliani
2916 5711 3036 5766 cap.
3067 5695 3157 5761 22,
3187 5696 3280 5751 lib.
3314 5690 3485 5752 vniié

1898 5774 2090 5818 natura
2120 5766 2341 5820 animal.
