3926 6462
1143 501 1379 559 LXXIII.

786 596 1066 652 Heliodori
1103 595 1445 665 Ethiopicon
1477 595 1597 647 libri
1628 611 1679 650 ι.

510 687 766 760 Legimus
788 688 1060 742 lleliodori
1089 686 1423 757 zEthiOpica.
1455 687 1602 758 Opus
1640 695 1725 741 est
1755 686 2019 741 dramati-

435 797 584 847 cum,
608 795 670 835 ea
712 779 918 848 phrasi,
963 793 1083 848 quae
1114 790 1494 846 argumentum
1531 777 1898 846 conscriptum
1921 777 2020 831 de-

435 883 591 937 ceat;
621 869 786 924 multa
803 869 1002 924 etenim
1027 878 1110 924 est
1129 869 1179 922 in
1203 883 1269 922 eo
1291 869 1407 924 sine
1439 867 1781 923 affectatione
1810 868 2020 938 simpli-

437 963 578 1017 citas
627 972 788 1031 atque
811 961 1147 1031 jucunditas.
1203 959 1501 1014 Ali‘ectibus
1542 970 1799 1028 praeterea
1837 974 2018 1014 rerum

443 1041 648 1124 partim
673 1056 1041 1126 praesentium,
1073 1055 1267 1122 partim
1304 1064 1667 1124 speratarum,
1693 1063 1786 1106 aut
1839 1053 2021 1123 inspe-

439 1158 702 1212 ratarum,
737 1157 1033 1215 temperata
1063 1146 1304 1199 narratio
1321 1155 1424 1211 est,
1450 1145 1626 1199 salute
1647 1160 2020 1216 sa‘pettumero

439 1249 636 1308 praeter
650 1240 958 1308 opinionem
984 1240 1034 1291 in
1061 1238 1253 1292 mediis
1278 1237 1676 1292 calamitatibus
1693 1235 2021 1292 allata.Ver-

440 1331 506 1383 ba
545 1346 759 1401 quoque
785 1330 1108 1385 adhibentur
1136 1330 1515 1399 significantia,
1543 1340 1597 1384 et
1626 1345 1780 1400 pura,
1810 1345 1928 1400 quae
1974 1331 2020 1386 si

438 1421 731 1487 interdum,
757 1432 816 1475 ut
841 1437 940 1489 par
976 1430 1081 1487 est,
1123 1422 1176 1475 in
1216 1423 1442 1491 figuram
1468 1419 1850 1487 deﬂectantnr,
1882 1437 2008 1491 per-

437 1513 622 1579 spicua
674 1523 850 1566 tamen
903 1524 1048 1576 sunt,
1101 1511 1492 1582 evidenterque
1533 1515 1862 1583 propositam
1905 1528 2019 1569 rem

435 1604 716 1658 exhibent.
777 1602 988 1658 Periodi
1027 1605 1212 1665 etiam,
1274 1617 1375 1672 pro
1446 1604 1685 1670 subjecta
1729 1620 1807 1672 re,
1859 1617 2018 1676 aptae,

435 1697 634 1766 quippe
655 1696 935 1764 aliquanto
967 1696 1246 1750 breviores
1307 1697 1826 1764 contractioresque.
1857 1697 2022 1752 Com-

434 1787 636 1856 positio
665 1789 924 1857 denique,
963 1796 1022 1840 ιιι
1062 1798 1261 1841 cmtera
1309 1789 1516 1852 omnia,
1565 1789 1868 1843 narrationi
1916 1789 2019 1857 ipsi

1591 389 1852 452 ΙἨΟΤΙῙ
1889 389 2020 450 ΡΑἸ

2126 388 2397 452 ARCIUE
2425 390 2536 450 CP.
3564 391 3658 460 2Ἰὲ

2830 498 2948 553 Of".

2532 591 2876 661 Ηλιοδώρου
2937 591 3300 646 Αίθιοπικόν.

2201 685 2543 758 Ἀνεγνὼσθη
2587 684 2907 756 Ἡλιοδώρου
2935 685 3282 738 Αἰθιοπικόν
3312 683 3378 738 ³³.
3425 685 3569 741 Ἐστι
3614 689 3665 744 δὲ

2119 778 2180 832 τδ
2214 780 2498 849 σύνταγμα
2547 777 2903 848 δραματικὸν,
2935 776 3134 846 φράσει
3185 774 3240 827 δὲ
3283 777 3557 850 πρεπούσῃ
3601 785 3662 850 τῇ

2122 871 2376 924 ὑποθέσει
2409 870 2672 939 κέχρηται
2693 884 2707 899 ο
2739 869 2835 920 καὶ
2875 865 2984 937 γάρ
3017 865 3247 937 ἀφελείᾳ
3275 868 3367 918 καὶ
3395 866 3666 939 γλυκύτητι

2121 963 2215 1036 [94
2251 963 2343 1035 Η.]
2377 960 2684 1024 πλεονάζει.
2727 960 2835 1013 Καὶ
2866 959 3062 1014 πάθεσι
3099 958 3156 1012 δὲ
3199 959 3266 1011 τὰ
3305 960 3402 1029 μὲν
3435 963 3667 1033 παροῦσι,

2119 1057 2189 1109 ’τὰ
2217 1057 2273 1110 δὲ
2303 1055 2700 1124 ὲλπιζομένοις,
2733 1054 2800 1107 τά
2827 1053 2882 1104 δὲ
2923 1044 3016 1105 καί
3042 1052 3088 1085 ’⁵
3111 1051 3449 1117 ἀνελπίστοις
3479 1053 3670 1110 διαποι-

2121 1150 2362 1204 κίλλεται
2403 1151 2436 1218 ὴ
2477 1148 2750 1218 διήγησις,
2800 1146 2896 1198 καὶ
2932 1144 3256 1215 παραδόξοις
3297 1145 3361 1196 ὲκ
3388 1145 3434 1176 ⁸⁸
3478 1162 3669 1216 συμφο.

2126 1242 2234 1312 ρῶν
2272 1241 2588 1312 σωτηρίαις,
2631 1238 2812 1304 λέξεσι
2852 1255 2911 1288 τε
2960 1237 3222 1306 εὐσήμοις
3269 1239 3362 1288 καὶ
3403 1237 3668 1307 καθαραῖς.

2122 1335 2233 1390 Καὶ
2260 1335 2314 1388 et
2343 1351 2469 1394 που,
2498 1333 2572 1396 ὡς
2596 1332 2762 1394 εἰκὸς,
2797 1331 2893 1383 καὶ
2931 1331 3052 1391 ταῖς
3103 1330 3183 1390 είς
3218 1327 3424 1398 τροπὴν
3474 1328 3670 1383 κλινού-

2124 1443 2244 1487 σαις
2258 1425 2653 1494 ἀποχρήσαιτο,
2688 1420 2995 1491 εὔσημοίτέ
3020 1421 3127 1472 εἰσι
3160 1417 3254 1471 καὶ
3281 1418 3521 1488 ἐναργῶς
3544 1435 3671 1490 παρ-

2126 1517 2350 1570 ιστῶσαι
2393 1515 2456 1568 τὸ
2501 1513 2905 1585 προκείμενονώ
2952 1512 3196 1581 Περίοδοι
3239 1509 3536 1580 σύμμετροι
3591 1513 3673 1565 καὶ

2124 1611 2263 1681 πρὸς
2287 1611 2334 1642 ⁹⁶
2362 1611 2424 1663 τὸ
2452 1609 2788 1681 βραχύτερον
2814 1587 2903 1660 οἷα
2933 1605 2996 1678 δὴ
3033 1603 3456 1672 συστελλόμεναι
3487 1604 3545 1655 ³⁷.
3575 1605 3674 1658 Καὶ

2120 1707 2154 1774 ὴ
2187 1705 2431 1774 συνθήκη
2475 1704 2532 1756 δὲ
2563 1702 2657 1756 καὶ
2690 1701 2859 1755 τᾶλλα
2880 1699 2957 1769 τῷ
3003 1699 3146 1770 λόγῳ
3181 1697 3441 1760 ἀνάλογα.
3473 1697 3674 1764 Ἔρωτα

2129 1797 2229 1868 μὲν
2261 1796 2454 1866 ἀνδρὸς
2504 1795 2719 1863 ὑφαίνει
2766 1793 2864 1847 καὶ
2910 1791 3192 1860 γυναικὸς.
3245 1789 3592 1862 σωφροσύνης
3624 1789 3674 1843 δὲ

434 1883 993 1951 accomtnodata,qua
1025 1881 1125 1933 viri
1155 1881 1375 1950 quidem
1430 1881 1752 1951 feminaeque
1789 1883 2020 1938 refertur

2125 1891 2364 1944 δείκνυσι
2394 1886 2560 1941 πόθον
2589 1887 2685 1939 καὶ
2714 1884 2962 1956 φυλακὴν
2990 1883 3217 1954 ἀκριϐῆ.

434 1988 611 2037 amor,
649 1973 741 2028 sed
767 1975 856 2042 qui
879 1973 1156 2028 castitatis
1183 1971 1438 2043 praeferat
1461 1973 1815 2040 desiderium,
1841 1985 2020 2031 custo-

434 2067 690 2135 diamque
714 2076 1050 2121 accuratam.

508 2157 786 2213 Dramatis
844 2158 1006 2225 hujus
1065 2167 1445 2229 argumentum
1485 2159 1692 2216 auctori
1738 2162 2022 2230 praebuere

441 2249 765 2320 Theagenes
825 2250 1204 2313 etChariclea,
1246 2239 1397 2306 caste
1448 2252 1589 2306 inter
1616 2268 1676 2307 se
1734 2268 1800 2308 ac
1828 2255 2022 2324 pudice

437 2351 704 2406 amantes,
742 2357 864 2395 cum
903 2341 1047 2396 ultro
1109 2342 1357 2412 citroque
1415 2344 1602 2413 jactati
1653 2355 1927 2410 errarunt,
1967 2353 2023 2399 et

435 2435 582 2504 eapti
634 2436 800 2489 etiam
867 2435 1183 2502 identidem,
1237 2437 1396 2492 fidem
1458 2447 1636 2491 tamen
1686 2439 2020 2508 conjngalem

437 2537 758 2583 constanter
779 2537 1089 2584 servarunt.
1119 2527 1259 2600 Ergo
1287 2530 1505 2585 nomina
1535 2531 1726 2584 horum
1745 2530 2023 2584 adducun-

439 2630 547 2687 tur,
580 2630 636 2676 et
685 2623 997 2675 summatim
1055 2623 1315 2692 quidquid
1344 2622 1488 2691 passi
1529 2631 1654 2675 sunt
1705 2633 2017 2692 egeruntve.

435 2709 851 2766 Atheniensium
879 2710 1050 2766 festus
1087 2712 1226 2778 dies,
1253 2726 1383 2781 quo,
1409 2711 1693 2766 Charlelea
1715 2712 2019 2777 sacerdote,

437 2801 756 2874 Theagenes
789 2819 952 2858 cursu
985 2812 1182 2860 certat.
1227 2806 1308 2858 Ab
1335 2804 1510 2859 oculis
1551 2813 1678 2859 tunc
1705 2803 2021 2859 natusinvi-

438 2910 558 2947 cem
581 2909 738 2948 amor
775 2907 1036 2963 ortusque
1059 2911 1123 2948 ex
1157 2909 1222 2948 eo
1244 2895 1465 2949 morbus
1489 2894 1543 2948 in
1574 2895 1878 2960 Chariclea,
1903 2910 2023 2963 quae

437 2998 616 3056 rapta,
643 3002 746 3039 non
791 2989 984 3052 invita,
1011 3003 1041 3041 c
1070 2991 1231 3042 datno
1258 2987 1550 3055 Charielis,
1571 2990 1661 3057 qui
1703 3000 1900 3058 parens
1929 2989 2024 3042 ha-

441 3079 693 3132 bebatur.
718 3078 926 3147 Raptor
957 3093 1107 3142 vero,
1131 3091 1296 3147 opera
1320 3078 1660 3143 Calasiridis,
1679 3080 2020 3149 Theagenes.

434 3170 792 3240 Almavigatio
811 3175 1227 3242 atqueappulsio
1251 3172 1302 3226 itt
1329 3171 1688 3242 Zacynthum.
1712 3172 2023 3229 Navarchus

434 3267 697 3321 (lariclem
747 3279 933 3321 amore
990 3269 1234 3336 capitur,
1271 3277 1324 3321 et
1362 3268 1486 3320 ficta
1547 3269 1834 3335 promissio
1879 3267 2019 3322 facta

436 3376 466 3411 a
489 3360 835 3414 Cbalasiride
859 3361 1119 3430 conjugii.
1157 3358 1214 3412 ln
1254 3359 1440 3414 littore
1473 3359 1756 3414 Chariclca
1787 3359 2023 3429 hospitio

437 3464 682 3522 accepta,
708 3463 761 3508 et
785 3453 1042 3506 imlicium
1069 3451 1271 3506 factum
1304 3468 1331 3504 a
1360 3451 1653 3521 piscatore,
1671 3452 1761 3520 qui
1797 3465 2022 3521 recepe-

437 3551 558 3609 rat,
596 3540 932 3595 Trachinum
986 3544 1316 3612 quemdam,
1353 3541 1621 3596 latronum
1671 3542 2020 3611 praefectum,

435 3635 666 3708 virginis
705 3645 920 3704 raptum
975 3635 1246 3689 meditari.
1290 3635 1425 3690 llinc
1460 3634 1776 3690 Calasiridis
1815 3635 1938 3704 fuga
1967 3645 2024 3689 et

435 3728 732 3785 Charicleae
804 3745 818 3782 :
885 3743 1022 3796 quos
1104 3725 1410 3781 Trachinus
1489 3726 1832 3792 insectatus,
1922 3741 2020 3780 Ita-

439 3837 561 3877 vent
604 3822 767 3890 capit,
814 3832 1117 3890 captusque
1155 3829 1342 3874 amore
1383 3830 1488 3883 est,
1517 3827 1572 3874 et.
1610 3819 1890 3874 Chariclea
1921 3835 2022 3873 nu-

439 3914 581 3984 ptias
661 3913 798 3967 velle
881 3913 1052 3981 lingit.
1139 3911 1517 3980 Expostulatio
1594 3911 1901 3981 Theagenis
1965 3921 2026 3965 ut

439 4007 646 4072 fratris,
715 4005 1036 4060 Calasiridis
1097 4017 1225 4056 vero
1281 4009 1340 4056 ut
1395 4004 1658 4072 parentis,
1689 4006 1778 4072 qui
1819 4013 1874 4058 ct
1904 4004 2022 4059 voti

442 4107 731 4168 compotes
797 4097 1014 4151 redditi.
1057 4096 1218 4150 Maris
1250 4097 1374 4149 hinc
1401 4105 1724 4164 tempestate
1765 4099 2022 4164 subortal,

439 4201 497 4246 et
524 4190 869 4259 naufragium
903 4190 1074 4242 vitant
1107 4189 1251 4258 50b
1275 4225 1292 4253 ,
1319 4199 1375 4241 ct
1425 4191 1491 4241 ad
1540 4189 1826 4258 quamdam
1856 4189 2027 4262 Egy-

440 4285 519 4355 pti
550 4299 699 4338 oram
758 4297 948 4336 navem
985 4282 1279 4351 appellunt.
1302 4279 1600 4334 Charicleac
1653 4283 1963 4348 nuptiarum
1995 4297 2023 4335 a

2187 2165 2304 2221 Καὶ
2332 2163 2483 2218 ἔστιν
2521 2160 2670 2232 αὑτῷ
2699 2161 2733 2231 ή
2775 2158 2868 2212 τοῦ
2902 2155 3179 2229 δράματος
3225 2155 3479 2218 ὑπόθεσις
3521 2153 3674 2226 Χαρίο

2121 2261 2280 2315 κλεια
2312 2261 2405 2312 καὶ
2460 2258 2763 2326 Θεαγένης,
2819 2257 3098 2324 σώφρονες
3152 2251 3403 2322 ἀλλήλων
3447 2252 3671 2320 ἐρασταὶ,

2120 2355 2216 2409 καὶ
2247 2353 2420 2422 πλάνη
2473 2350 2678 2403 τούτων
2721 2347 2813 2400 καὶ
2859 2345 3210 2414 αἰχμαλωσία
3259 2341 3566 2412 παντοδαπὴ
3595 2341 3675 2393 καὶ

2121 2442 2337 2515 φυλακὴ
2363 2444 2461 2510 τῆς
2492 2437 2867 2509 σωφροσύνης.
2895 2435 2978 2486 Τὰ
3001 2432 3058 2486 δὲ
3082 2431 3436 2502 ὲμφερόμενα
3463 2430 3676 2498 ὀνόματα

2121 2535 2216 2588 καὶ
2250 2533 2326 2595 ὼς
2355 2533 2414 2584 ὲν
2447 2528 2731 2599 κεφαλαίῳ
2765 2526 2834 2580 τὰ
2861 2524 3008 2595 πάθη
3040 2525 3136 2578 καὶ
3171 2525 3226 2577 αἱ
3263 2521 3510 2593 πράξεις,
3535 2519 3678 2591 ἑορτὴ

2133 2625 2434 2697 Ἀθηναίων
2465 2625 2558 2677 καὶ
2583 2621 2886 2694 Χαρίκλεια
2909 2617 3273 2689 ίερατεύουσα
3300 2615 3395 2670 καὶ
3426 2613 3679 2682 Θεαγένης

2124 2721 2526 2790 σταδιοδρόμος,
2585 2718 2678 2772 καὶ
2731 2715 2868 2788 πρὸς
2923 2713 3190 2784 ἀλλήλους
3244 2710 3393 2779 ἔρως
3446 2707 3551 2761 ἀπὸ
3595 2707 3681 2777 τῆς

2121 2817 2316 2886 ὅψεως,
2351 2813 2446 2867 καὶ
2496 2812 2649 2874 νόσος
2681 2808 3011 2881 Χαρικλείας
3044 2806 3152 2860 ἀπὸ
3193 2803 3298 2858 τοῦ
3349 2803 3559 2875 ἔρωτος,
3602 2800 3682 2854 καὶ

2122 2903 2347 2974 ἁρπαγὴ
2371 2900 2577 2971 ταύτης
2615 2899 2850 2969 ἑκούσης
2883 2898 2990 2951 ἀπὸ
3033 2895 3399 2965 Χαρικλέους,
3427 2894 3481 2956 ὃς
3515 2891 3679 2959 ἐνομί-

2123 3000 2246 3064 ζετο
2273 2997 2408 3067 αὐτῇ
2443 2997 2624 3065 πατήρ
2652 2996 2699 3026 ’⁸
2724 3009 2740 3025 ο
2771 2992 3044 3060 Θεαγένης
3078 2989 3122 3042 δ’
3153 2985 3222 3061 ἦν
3253 2989 3282 3042 ό
3314 2983 3568 3058 ἡρπακὼς
3601 2985 3676 3038 διὰ

2125 3090 2507 3157 Καλασίριδος.
2554 3086 2859 3147 Ἀπόπλους
2893 3083 2989 3137 καὶ
3025 3081 3340 3144 κατάπλους
3379 3079 3468 3132 ἐπὶ
3495 3078 3682 3131 Ζάκυν-

2131 3186 2244 3247 θον,
2275 3183 2370 3237 καὶ
2413 3181 2552 3254 ἔρως
2590 3179 2685 3232 τοῦ
2718 3178 2992 3248 ναυάρχου
3043 3174 3179 3244 πρὸς
3224 3171 3565 3242 Χαρίκλειαν,
3597 3169 3680 3223 καὶ

2128 3273 2486 3344 πεπλασμένη
2539 3269 2693 3339 παρὰ
2723 3269 2770 3301 ⁹⁹
2803 3265 3165 3333 Καλασίριδος
3211 3263 3308 3317 τοῦ
3349 3263 3523 3332 γάμου
3563 3260 3682 3312 ὑπί-

2125 3387 2333 3440 σχεσις,
2367 3367 2460 3419 καὶ
2507 3363 2802 3424 κατάλυσις
2847 3360 2997 3431 παρὰ
3033 3358 3121 3412 τὸν
3153 3356 3403 3425 αἰγιαλὸν
3442 3355 3548 3407 τῶν
3570 3352 3716 3424 περὶ,

2123 3459 2477 3530 Χαρίκλειαν,
2520 3454 2617 3507 καὶ
2670 3454 2901 3522 μήνυσις
2953 3449 3105 3519 παρὰ
3159 3448 3256 3502 τοῦ
3309 3444 3680 3515 ὑποδεξαμένου

2124 3554 2318 3615 ἁλιέως
2346 3553 2428 3605 ὅτι
2450 3548 2716 3618 Τραχινὸς
2737 3547 2765 3598 ὁ
2793 3545 3098 3618 λῄσταρχος
3125 3543 3387 3615 ἁρπαγὴν
3409 3540 3506 3612 τῆς
3534 3539 3681 3608 κόρης

2127 3644 2461 3720 βουλεύεται,
2497 3643 2592 3696 καλ¹
2624 3639 2900 3701 ἀπόπλους
2929 3639 3017 3692 διὰ
3044 3637 3204 3690 τοῦτο
3229 3633 3582 3703 Καλασίριδος
3601 3631 3682 3684 καὶ

2122 3741 2231 3794 τῶν
2257 3739 2386 3809 περὶ
2425 3734 2780 3807 Χαρίκλειαν,
2815 3730 2943 3804 [160
2985 3729 3078 3802 lt]
3113 3729 3210 3784 καὶ
3255 3727 3526 3792 ὲπιδίωξις
3555 3725 3683 3796 Τρα-

2123 3832 2297 3905 χινοῦ,
2329 3830 2425 3886 καὶ
2454 3827 2762 3898 κατάληψις
2789 3825 2890 3896 τῆς
2917 3822 3073 3888 νεὼς,
3103 3823 3199 3876 καὶ
3240 3821 3381 3893 ἔρως
3411 3817 3679 3890 Τραχινοῦ,

2124 3924 2219 3979 καὶ
2271 3921 2563 3992 ὑπόκρισις
2613 3921 2692 3983 είς
2741 3916 3140 3986 συγκατάθεσιν
3190 3913 3559 3986 Χαρικλείας,
3604 3909 3685 3963 καὶ

2125 4015 2402 4084 ἐξαίτησις
2428 4012 2735 4080 Θεαγένους
2765 4010 2840 4074 ὡς
2863 4007 3120 4078 ἀδελφοῦ,
3159 4006 3237 4070 ὼς
3265 4007 3324 4061 δὲ
3353 4005 3555 4076 πατρὸς
3585 4004 3685 4056 Και-

2125 4107 2424 4180 λασίριδος,
2455 4106 2550 4160 καὶ
2595 4104 2944 4174 ὲκπλήρωσις
2973 4101 3071 4170 τῆς
3115 4101 3409 4170 αἰτήσεως,
3453 4098 3545 4151 καὶ
3580 4113 3685 4166 τρι-

2129 4199 2303 4269 κυμία
2332 4197 2632 4264 θαλάσσης,
2669 4193 2763 4248 καὶ
2784 4192 3024 4264 διαφυγὴ
3071 4192 3372 4258 ναυαγίων,
3403 4187 3495 4242 καὶ
3532 4200 3686 4255 προς·
3723 4194 3734 4207 ’

2127 4291 2364 4362 όρμησις
2421 4287 2613 4360 μέρεσί
2653 4303 2766 4340 τισι
2825 4284 2928 4356 τῆς
2959 4284 3263 4350 Αἰγύπτου,
3296 4284 3391 4335 καὶ
3444 4276 3687 4351 Τραχινδς

441 4377 718 4431 'l‘rachino
744 4375 1136 4433 factatnentio.
1169 4383 1232 4426 et
1273 4370 1590 4426 Calasiridis
1630 4371 1739 4426 ficti
1787 4373 2020 4442 parentis

2126 4381 2222 4436 τοῦ
2247 4381 2430 4451 γάμου
2461 4378 2796 4452 Χαρικλείας
2838 4376 3306 4448 μιμνησκόμενος,
3342 4375 3436 4428 καὶ
3465 4371 3689 4426 Καλάσι-

441 4469 707 4539 promissa
745 4478 908 4535 atque
961 4465 1234 4535 deccptio,
1286 4463 1514 4532 nuptiali
1563 4464 1720 4534 epulo
1759 4465 2020 4519 instituto.

2133 4488 2217 4542 ρις
2249 4472 2276 4522 ὁ
2309 4470 2472 4541 δῆθεν
2520 4469 2701 4542 πατὴρ
2745 4467 3198 4538 ὑπισχνούμενος,
3246 4467 3342 4520 καὶ
3381 4463 3576 4532 ἀπάτη.
3608 4457 3691 4512 καὶ

439 4562 654 4617 l’eloris
685 4576 860 4625 amor,
917 4561 1184 4612 incitante
1248 4557 1572 4619 Calasiridc,
1635 4565 1692 4610 et
1745 4558 2020 4610 contentio

2127 4563 2400 4634 γαμήλιος
2445 4561 2670 4632 εὐωχία,
2723 4561 2819 4615 καὶ
2851 4560 3104 4631 Πέλωρος
3146 4560 3283 4630 ἔρως
3331 4557 3645 4626 Καλασίριος
3674 4551 3689 4581 ί

439 4653 696 4709 Trachini
739 4662 794 4706 et
843 4649 1052 4703 Peioris
1094 4663 1256 4717 super
1283 4647 1590 4702 Chariclea.
1639 4647 1860 4717 Strages
1901 4649 2020 4704 hinc

2132 4650 2585 4720 παροτρύνοντος,
2619 4651 2713 4702 καὶ
2737 4650 2852 4720 ἔρις
2880 4648 3152 4720 Τραχινοῢ
3188 4649 3283 4701 καὶ
3311 4649 3553 4718 Πέλωρος
3580 4643 3693 4712 περ’ι

442 4751 663 4802 taudent
694 4753 844 4809 nata,
877 4753 1170 4813 mutuaque
1205 4744 1480 4795 latronum
1514 4744 1836 4807 iuternccio,
1863 4758 2020 4810 quam

2130 4743 2485 4815 Χαρικλείαῖο
2512 4744 2608 4796 καὶ
2636 4742 2788 4806 τέλος
2834 4743 3016 4812 σφαγὴ
3051 4743 3145 4796 καὶ
3182 4741 3429 4794 ἀπώλεια
3459 4737 3584 4809 παρ’
3609 4734 3694 4787 ἀλ-

442 4841 557 4906 ipsa
593 4851 810 4904 quoque
829 4834 1115 4887 Chariclen
1145 4833 1426 4886 mittendis
1449 4833 1500 4884 in
1559 4833 1680 4886 illos
1716 4833 1838 4887 telis
1891 4833 2020 4886 mul-

2130 4836 2308 4908 λήλων
2344 4837 2457 4890 τῶν
2485 4835 2699 4907 λῃστῶν
2732 4835 3101 4906 συνεργούσης
3137 4835 3232 4888 καὶ
3280 4831 3604 4903 Χαρικλείας
3632 4827 3692 4895 τῇ

441 4943 554 4985 tum
605 4929 894 4999 promovit.
939 4927 1136 4979 Luctus
1187 4925 1486 4979 Chariclea:
1541 4939 1704 4994 super
1743 4923 2020 4996 Theagene

2130 4931 2355 4983 ἐκείνων
2398 4930 2646 5000 ἀπωλείᾳ
2679 4931 2791 4993 τοῖς
2818 4927 3137 5000 τοξεύμασι,
3181 4928 3277 4981 καὶ
3306 4927 3503 4996 θρῆνος
3534 4924 3692 4990 Χαρι-

444 5023 770 5080 vulneribus
818 5031 1016 5075 Strato.
1054 5019 1298 5072 Aliorum
1325 5018 1522 5072 iterum
1549 5015 1819 5071 latronum
1849 5018 2020 5071 incur-

2135 5021 2320 5084 κλείας
2361 5023 2454 5075 ἐπὶ
2478 5022 2756 5093 Θεαγένην
2789 5023 2809 5052 ²
2842 5020 3124 5093 τραύμασι
3173 5020 3446 5089 κείμενον.
3481 5010 3690 5087 Λῃστῶν

1758 5131 1999 5189 VARUE
2036 5133 2442 5192 LECTIONES.

440 5255 528 5318 τὸς
561 5255 654 5307 τδν
680 5251 925 5306 τοιοῦτον
954 5252 1173 5304 Κνίδιον
1205 5251 1550 5322 συγγραφέα,
1583 5252 1698 5304 ἀλλ’
1731 5250 1792 5316 ἐξ
1821 5246 1901 5324 ὧν
1937 5253 2388 5324 ἀπισχυρίζονται
2427 5255 2477 5308 οἱ
2513 5254 2666 5324 παρὰ
2699 5255 2811 5318 τοῖς
2837 5253 3322 5324 ἀνατολικωτεροις
3358 5244 3693 5324 μερεσινιὲμ·

439 5317 912 5397 φιλοχωρήσαντες
943 5325 1210 5397 ήμέτεροι
1250 5317 1553 5397 ἑωρακέναι
1577 5364 1603 5397 ,_
1621 5326 1717 5397 καὶ
1749 5322 1846 5397 τοῦ
1883 5317 2192 5397 νεκροῖΓδὲ⁸
2217 5323 2487 5397 σωματος,
2527 5326 2555 5378 ὃ
2588 5317 2649 5378 οὐ
2692 5317 2802 5397 προ
2833 5324 3048 5397 πολλυῦί
3075 5317 3261 5397 Ἰταλοί
3293 5317 3439 5397 τινες
3463 5317 3692 5397 διεκόμι-

445 5388 544 5447 σαν
565 5388 834 5456 ἕντάύθοί,
866 5388 1199 5461 ἀνθέλκομαι
1225 5394 1554 5466 φάναιίσως
1581 5393 1865 5466 ἀληθεύειν
1890 5388 2089 5466 αὐτόν.
2147 5393 2194 5428 ⁸³
2219 5388 2502 5449 αἰσιοπικά
2524 5414 2564 5461 ς
2587 5413 2602 5450 :
2640 5397 2712 5451 cf.
2737 5388 2862 5450 cod.
2894 5394 2984 5449 94.
3013 5393 3327 5466 Ἰαμϐλίχου
3353 5388 3688 5466 δραματικὸνἔ

440 5467 488 5565 1:
517 5466 611 5517 καὶ
642 5477 766 5518 ante
781 5466 936 5565 .‘s'ltm.
976 5466 1148 5565 popit.
1179 5481 1238 5527 ς.
1273 5535 1290 5565 ἴ
1317 5465 1362 5494 ⁸⁸
1396 5463 1570 5565 sala:
1597 5466 1661 5548 ὲκ
1683 5481 1745 5565 cz
1811 5465 1867 5548 3°
1900 5465 2112 5565 :pbq’A
2146 5466 2273 5565 :fi;
2444 5467 2488 5565 :7
2519 5467 2943 5565 cuocalléttavat
2967 5461 3110 5531 add.
3141 5467 3207 5518 A.
3233 5461 3260 5462 η
3282 5464 3328 5496 ’⁸
3371 5461 3570 5531 πατήρ.
3606 5461 3692 5508 καὶ

441 5537 607 5602 hasty.
646 5553 708 5600 ς.
781 5536 826 5568 ⁸⁸
862 5533 1015 5606 παρα
1045 5533 1091 5587 Λ
1121 5552 1134 5588 :
1165 5535 1296 5605 περὶ
1336 5551 1398 5598 ς.
1474 5533 1493 5565 ¹
1529 5533 1894 5605 Καλασίριδος
1920 5552 1970 5598 ς.
2044 5539 2064 5567 ²
2089 5536 2271 5590 malitn
2299 5533 2928 5610 Θεαγένει-κειμένῳ.

1986 5634 2231 5706 NOTAE.

509 5763 926 5844 .(58‘).C_outra_
953 5767 1120 5820 refert
1150 5766 1374 5824 Lucian.
1410 5765 1504 5823 lib.
1533 5780 1571 5833 ι,
1638 5762 1788 5825 Vera:
1829 5765 2017 5824 histor.
2059 5770 2297 5827 thsiam
2322 5771 2554 5828 deludis
2579 5769 2872 5841 scripsisse
2907 5770 2944 5826 δι
2968 5769 3104 5841 μήτε
3141 5766 3304 5830 αὐτὸς
3369 5760 3494 5826 εἶδε,
3561 5754 3688 5828 μήτε

441 5833 601 5890 ἄλλου
629 5835 873 5898 εἰπόντος
903 5838 1123 5906 ἢκουσε.
2700 5833 2713 5841 ’
2868 5871 2872 5879 ·
