3926 6428
540 384 653 445 ’2Ἶῦ

1708 380 1775 441 ΡΙ
1784 382 1969 442 ΙΟἸῚΙ
2003 383 2121 442 ΡΑἾ

2229 379 2512 439 ’ARCIL‘E
2549 381 2655 441 cp.
3685 400 3775 459 ῃ,

545 495 703 561 periti
742 496 902 547 sitno.
936 492 1183 545 Fratrem
1236 494 1322 546 hic
1392 495 1576 559 itaque
1639 506 1846 562 tergum
1896 506 2121 559 vertere1

2238 492 2452 559 Θύαμις
2476 492 2533 544 δὲ
2562 492 2807 559 ἐγεγόνει
2856 494 3278 563 ἐμπειρότατος.
3305 498 3394 551 Διὸ
3423 503 3515 554 καὶ
3543 509 3780 574 τρέπεται

546 583 885 652 abiectisque
944 584 1114 636 armis
1165 598 1227 636 se
1279 584 1561 651 proripere
1611 587 1772 652 cogit.
1823 582 2123 637 lnsectatur

544 677 826 747 Thyatuis,
850 684 903 731 et
936 676 1121 729 urbem
1144 676 1340 743 saepius
1374 692 1535 729 cursu
1562 678 1825 730 ambiunt.
1854 675 2121 746 Tbyatnin

543 770 861 838 Theagenes
884 768 1152 838 sequitur,
1193 784 1357 837 quem
1412 769 1587 822 visum
1643 768 1856 837 deperit
1897 770 2120 833 Arsace,

549 862 844 917 Oroondati
880 861 1098 930 conjux.
1126 860 1533 929 Superveniunt
1558 860 1817 915 Calasiris
1846 871 1901 914 et
1924 861 2120 915 Chari-

543 955 683 1006 clea.
709 953 772 1005 Et
796 952 887 1006 ille
924 953 1142 1022 quidem
1178 952 1380 1006 liberos
1406 952 1627 1018 cognito
1654 952 1706 1004 in
1746 962 1987 1005 mutuam
2016 968 2120 1006 caa-

545 1047 666 1099 dctu
696 1060 857 1099 ruere
892 1044 1236 1112 (Calasiridis
1263 1043 1408 1097 enim
1441 1044 1533 1097 lilii
1571 1043 1829 1114 Thyamis
1869 1059 1932 1099 ac
1962 1044 2121 1098 Peto-

543 1140 673 1193 siris
701 1138 879 1208 erant)
906 1137 1172 1201 accurrit,
1198 1146 1253 1190 et
1294 1137 1535 1190 clamore
1558 1138 1794 1201 sublato,
1825 1153 1967 1206 aegre
2021 1154 2124 1191 cae-

543 1234 664 1285 dem
694 1233 950 1294 inhibuit,
974 1232 1116 1299 quod
1155 1231 1239 1283 vix
1264 1238 1541 1299 parentem
1568 1228 1721 1282 liberi
1741 1241 2120 1299 agnoscerent.

534 1322 826 1377 Chariclea
855 1322 926 1375 ibi
952 1322 1004 1374 in
1026 1320 1369 1390 Theagenem
1396 1321 1602 1381 incidit,
1627 1335 1692 1373 ac
1721 1321 1912 1388 positis
1930 1321 2122 1374 deinde

543 1417 733 1480 armis,
785 1416 1147 1471 sacerdotium
1201 1415 1462 1486 Thyamis
1506 1416 1729 1484 adeptus
1765 1431 1793 1468 a
1821 1424 1973 1483 patre
2016 1424 2119 1477 est,

536 1511 631 1579 qui
670 1525 793 1565 mox
821 1510 931 1562 vita
958 1508 1216 1563 decessit.

608 1691 689 1746 En
734 1693 928 1745 iterum
962 1691 1170 1744 insidia:
1210 1691 1439 1744 Arsaces
1476 1689 1529 1742 in
1569 1689 1911 1756 Theagenem
1942 1687 2123 1739 adole-

540 1797 805 1850 scentem,
852 1793 903 1838 et
961 1784 1326 1838 Charicleam.
1380 1782 1608 1852 Cybeles
1657 1797 1871 1851 quoque
1913 1780 2122 1833 ancillae

2226 584 2314 635 τὸν
2350 584 2598 653 ἀδελφόν.
2641 586 2701 635 Ὀ
2726 584 2781 636 δὲ
2812 586 2990 638 πάντα
3022 586 3183 656 ῥίψας
3220 587 3440 657 φεύγει,
3465 596 3555 647 καὶ
3594 599 3781 656 ἐπιδιώ.

2226 694 2313 730 κει
2340 678 2576 746 Θύαμις,
2611 679 2702 729 καὶ
2724 678 3018 731 κυκλοῦται
3060 679 3322 745 πολλάκις
3352 685 3383 752 ἡ
3409 686 3561 751 πόλις
3579 690 3677 743 ὑπὸ
3703 698 3780 749 τοῦ

2226 770 2450 838 δρόμου.
2486 770 2595 822 Καὶ
2649 770 2960 840 παρέπεται
3010 771 3286 842 Θεαγένης
3312 774 3566 845 Θυάμιδι,
3587 785 3674 835 καὶ
3696 788 3783 857 ἐρᾷ

2225 858 2413 912 τοῦτον
2451 860 2635 912 ἰδοῦσα
2675 862 2918 930 Ἀρσάκη
2958 864 2989 931 ἡ
3048 864 3397 929 Ὀροονδάτου
3432 867 3474 898 ¹⁸
3504 876 3655 941 γυνή.
3690 847 3785 930 Καὶ
3864 930 3875 943 Ι

2225 948 2636 1015 καταλαμϐάνει
2681 950 2985 1021 Καλάσιρις
3039 954 3135 1006 καὶ
3179 954 3499 1023 Χαρίκλεια.
3524 960 3675 1015 Καὶὸ
3700 966 3783 1033 μὲν

2229 1040 2352 1093 ἰδὼν
2386 1044 2512 1103 τοὺς
2563 1042 2763 1106 παῖδας
2810 1044 2929 1097 κατ’
2971 1044 3220 1114 ἀλλήλων
3273 1050 3550 1116 φονῴντας
3599 1056 3786 1123 (παῖδες

2226 1133 2335 1201 γὰρ
2362 1132 2693 1204 Καλασίριδι
2727 1135 2942 1205 Θύαμις
2970 1137 3066 1189 καὶ
3106 1138 3420 1209 Πετόσιρις)
3463 1148 3782 1215 προστρέχει,

2225 1227 2450 1296 ἀναϐοᾷ,
2489 1228 2643 1296 μόλις
2670 1228 2872 1297 ἐπέσχε
2907 1229 2999 1282 τὸν
3026 1229 3257 1283 θάνατον
3292 1232 3444 1300 μόλις
3477 1237 3583 1287 τῶν
3604 1240 3787 1293 παίδων

2225 1320 2386 1372 αὐτὸν
2420 1322 2814 1386 ὲπεγνωκότων
2837 1337 2851 1351 ⁶
2878 1321 2990 1391 ἠδὲ
3022 1322 3328 1392 Χαρίκλεια
3351 1324 3639 1379 ἐπιπίπτει
3669 1330 3787 1383 Θεα-

2224 1413 2392 1476 γένει.
2446 1414 2557 1465 Καὶ
2619 1414 2713 1473 τοῦ
2765 1414 3005 1483 πολέμου
3091 1414 3448 1478 συσταλέντος
3512 1419 3553 1449 ¹⁹
3595 1419 3787 1488 δέχεται

2224 1506 2436 1572 (υὶύαμις
2498 1507 2595 1573 τὴν
2639 1505 2944 1576 ἱερωσύνην
2998 1508 3149 1575 παρὰ
3193 1506 3238 1536 ²⁰
3267 1509 3496 1577 πατρὸς,
3552 1511 3704 1576 αὐτὸς
3738 1514 3787 1566 δὲ

2224 1612 2476 1665 τελευτᾳ.

2299 1686 2466 1756 ’Ἄλλη
2494 1688 2656 1740 πάλιν
2687 1686 2947 1757 ἐπιϐουλὴ
2985 1688 3262 1759 Ἀρσάκης
3287 1690 3429 1743 κατὰ
3449 1691 3555 1743 τῶν
3584 1696 3785 1747 νεανιῶν

2225 1780 2528 1846 Θεαγένους
2558 1782 2650 1833 καὶ
2683 1780 3041 1851 Χαρικλείας,
3084 1784 3182 1836 καὶ
3235 1784 3490 1855 Κυϐέλης
3526 1791 3623 1856 τῆς
3648 1787 3785 1859 θερα-

534 1886 847 1946 promptum
899 1877 964 1926 ad
1016 1876 1195 1926 omnia
1238 1873 1590 1939 obsequium,
1635 1872 1851 1923 domum
1892 1868 2121 1921 Arsaces

2230 1872 2477 1934 παινίδος
2504 1874 2675 1942 αὐτῆς
2706 1872 2985 1941 πρόθυμος
3025 1876 3106 1938 είς
3174 1877 3359 1929 πάντα
3401 1878 3684 1947 ὑπουργία,
3706 1883 3782 1934 καὶ

540 1985 634 2023 eos
681 1958 992 2029 evocantis,
1035 1965 1193 2030 hujus
1218 1978 1431 2032 quoque
1474 1976 1627 2015 amor
1675 1962 1725 2014 iu
1778 1959 2118 2027 Theagenem

543 2059 887 2124 immodicus,
931 2057 1196 2112 machinis
1243 2056 1497 2109 omnibus
1543 2052 1795 2120 nequitiae
1839 2048 2118 2111 adhibitis,

538 2154 751 2222 viisque
782 2151 1023 2221 quassitis
1062 2149 1203 2202 omni
1240 2148 1713 2201 delinitnentorum
1746 2157 1962 2209 genere.
1987 2141 2121 2195 Pra-

539 2259 663 2295 vntn
696 2244 797 2297 huc
822 2240 1033 2295 accedit
1060 2239 1347 2292 consilium
1382 2237 1629 2307 Cybeles,
1654 2250 1773 2304 quae
1795 2244 2119 2287 venenatum

538 2336 839 2391 Chariclem
879 2332 1126 2401 poculum
1171 2330 1403 2396 miscuit,
1450 2330 1654 2397 sospite
1706 2339 1882 2379 tamen
1932 2325 2122 2380 Chari-

540 2430 676 2488 clea,
730 2428 827 2480 sibi
870 2442 1052 2480 necem
1097 2424 1275 2477 attulit
1313 2424 1591 2477 vene-lica.
1637 2420 1919 2472 Cruciatus
1962 2429 2121 2485 atque

540 2534 779 2573 :eruutna
831 2515 1132 2585 Theagenis
1181 2524 1235 2566 et
1281 2512 1579 2565 Cltaricleaa
1611 2549 1625 2573 ,
1690 2511 1832 2578 quod
1890 2508 2121 2559 Arsaces

539 2626 781 2664 amorem
805 2608 1121 2676 Theagenes
1142 2606 1483 2660 detrectaret.
1520 2601 1804 2655 Chariclea
1842 2598 1979 2667 ignis
2004 2611 2120 2666 pte-

542 2718 608 2755 ua
648 2701 1041 2755 condemnatur
1071 2738 1087 2763 ,
1138 2698 1231 2752 sed
1288 2697 1332 2749 is
1380 2694 1675 2747 Pantarbes
1722 2691 1834 2761 t65)
1863 2731 1876 2753 ,
1931 2689 2120 2757 lapidis

532 2794 807 2848 beneﬁcio
837 2791 1219 2857 exstinguitur.
1249 2788 1341 2842 Sic
1381 2787 1546 2840 evasit
1581 2787 1631 2837 in
1665 2782 1948 2853 prmseutia
1982 2780 2120 2833 Cha-

543 2888 731 2941 riclea.
756 2887 958 2940 Arsace
982 2884 1195 2937 interim
1238 2880 1521 2933 furibunda
1551 2892 1736 2930 necem
1767 2875 1817 2928 itt
1848 2882 2118 2941 posterum

541 2980 681 3032 diem
733 2978 1075 3031 machinatur
1123 2973 1433 3028 (lhariclrte.
1478 2969 1835 3029 Oroondates,
1892 2965 2121 3017 Arsaces

542 3069 793 3130 maritus,
838 3067 1004 3120 mittit
1034 3065 1307 3137 [Bogoam
1342 3057 1689 3129 eunuchum]
1721 3059 1807 3125 qui
1839 3071 1997 3109 noctu
2025 3055 2121 3106 hos

533 3158 760 3223 juvenes
790 3171 975 3209 secum
1017 3154 1263 3222 sumpsit.
1299 3152 1435 3222 51b
1497 3150 1587 3203 Sic
1619 3151 1761 3203 enim
1798 3147 2119 3214 imperatum

504 3272 512 3281 ·
540 3250 734 3315 fuerat,
764 3262 1047 3319 postquam
1080 3246 1294 3317 Cybelis
1325 3246 1486 3307 libus,
1516 3258 1609 3310 spe
1650 3241 1901 3309 potiundi
1929 3239 2120 3292 Chari-

537 3341 671 3397 cleaa
723 3341 924 3408 nuptiis
958 3340 1271 3398 frustratus,
1325 3351 1658 3403 quascunque
1687 3336 1751 3387 ab
1792 3336 1992 3387 Arsace
2027 3348 2121 3400 pa-

543 3443 681 3489 trata
724 3444 927 3498 essent,
960 3435 1024 3486 ad
1056 3434 1242 3486 herum
1276 3433 1548 3498 prolectus
1585 3429 1885 3482 nuntiasset
1916 3428 2119 3480 omnia.

609 3526 925 3595 fEthiopum
970 3540 1096 3577 mox
1128 3523 1376 3591 irruptio,
1414 3532 1706 3589 raptusque
1738 3520 2042 3587 Theagenis
2068 3528 2124 3572 et

536 3619 870 3683 Charicleze,
930 3628 1092 3685 atque
1139 3617 1205 3669 ad
1251 3615 1536 3685 Hydaspen
1581 3612 1891 3680 ιιΕιΙιὶοριιιιι
1941 3626 2120 3678 regem

540 3711 793 3765 abductio
818 3719 1092 3771 narratur,
1132 3716 1185 3761 et
1217 3716 1274 3760 ttt
1309 3705 1395 3759 ille
1428 3704 1644 3774 quidem
1678 3703 1785 3757 Soli
1821 3703 1942 3765 deo,
1977 3702 2123 3755 Cha-

541 3804 707 3858 riclea
740 3818 864 3856 vero
897 3803 1063 3856 Luna:
1100 3809 1445 3855 consecretur
1488 3798 1725 3851 victima.
1771 3798 1903 3851 lliuc
1947 3806 2121 3849 certa-

540 3900 686 3953 mina
715 3908 770 3952 et
798 3894 1086 3958 sacriﬁcia,
1128 3891 1480 3962 praesentibus
1525 3891 1856 3951 Sisintitbro,
1900 3904 2123 3959 gymno-

541 3990 906 4058 sophistarutn
963 3986 1227 4055 principe,
1289 3999 1410 4037 cum
1478 3982 1590 4035 suis
1642 3980 2120 4052 gytunosophistis.

534 4091 705 4147 atque
756 4078 977 4131 Persina
1029 4076 1170 4143 regis
1210 4088 1397 4127 uxore.
1443 4071 1683 4125 Postulat
1720 4072 2001 4124 Cltariclea
2038 4072 2123 4125 sui

540 4169 859 4225 defendendi
902 4175 1218 4237 potestatem
1272 4164 1385 4219 tieri
1415 4164 1555 4233 apud
1589 4162 1895 4233 Hydaspen.
1946 4164 2120 4217 Causa

540 4264 683 4317 dicta
718 4271 821 4324 est,
863 4260 1139 4328 iudicante
1174 4257 1506 4319 Sisimitltro,
1544 4256 1877 4323 testibusque
1927 4271 2123 4321 super-

538 4356 756 4410 stitibus
810 4351 1201 4422 probantibus,
1255 4348 1520 4420 Hydaspis
1568 4363 1631 4402 ac
1682 4348 1916 4401 Persiuaz
1958 4348 2120 4399 tiliam

535 4464 658 4503 esse
686 4445 1047 4500 Charicleam.
1096 4443 1224 4511 Regi
1265 4455 1367 4494 non
1410 4441 1545 4493 satis
1587 4442 1985 4508 persuadetur;
2028 4439 2119 4506 qui

2223 1966 2558 2034 πρόσκλησις
2618 1966 2799 2018 αὐτῶν
2856 1969 2949 2019 ἐπὶ
2992 1969 3092 2036 τὴν
3153 1970 3336 2020 οἰκίαν
3380 1970 3669 2041 Ἀρσάκης,
3710 1976 3784 2027 καὶ

2224 2056 2363 2124 ἔρως
2388 2058 2555 2126 αὐτῆς
2590 2057 2723 2127 πρὸς
2752 2058 3033 2126 Θεαγένην
3084 2060 3491 2129 ἀκατάσχετος,
3519 2064 3610 2113 καὶ
3638 2081 3785 2133 μηχα-

2223 2148 2311 2199 ναὶ
2345 2149 2516 2199 πᾶσαι
2555 2149 2647 2199 καὶ
2684 2149 2894 2217 μέθοδοι
2926 2147 3223 2201 κακώσεών
3256 2168 3319 2202 τε
3352 2153 3447 2205 καὶ
3477 2152 3781 2222 θεραπειῶν,

2222 2241 2318 2292 καὶ
2346 2238 2608 2309 ἐπιϐουλὴ
2634 2239 2727 2309 [9G
2759 2239 2850 2310 IL]
2916 2239 3167 2310 Κυϐέλης
3216 2241 3310 2297 διὰ
3344 2244 3638 2311 φαρμάκου
3663 2246 3781 2298 κατὰ

2222 2331 2581 2399 Χαρικλείας.
2631 2332 2883 2401 Σωτηρία
2934 2333 3310 2400 Χαρικλείας·
3366 2336 3465 2386 καὶ
3508 2337 3781 2404 ἀναίρεσις,

2221 2423 2287 2473 δι’
2309 2416 2382 2473 ὧν
2407 2423 2653 2493 ἀναιρεῖν
2688 2424 3009 2493 ἐμελέτησε,
3046 2426 3325 2493 Κυϐέλης.
3354 2425 3687 2493 Στρέὸλωσις
3706 2430 3785 2481 καὶ

2223 2515 2469 2577 κάκωσις
2492 2516 2832 2585 Χαρικλείας
2857 2518 2949 2569 καὶ
2967 2517 3299 2584 Θεαγένους,
3338 2519 3420 2571 ὅτι
3454 2519 3529 2589 μὴ
3567 2520 3785 2573 συντίθε-

2221 2624 2311 2657 ται
2335 2607 2471 2676 πρὸς
2499 2606 2591 2659 τὸν
2634 2608 2905 2678 Ἀρσάκης
2937 2608 3159 2678 ἔρωταὸ
3180 2610 3499 2680 Θεαγένης
3529 2614 3620 2665 καὶ
3644 2614 3791 2683 Χαρι-

2222 2699 2407 2762 κλείας
2429 2702 2508 2761 εἰς
2556 2698 2666 2766 πῦρ
2730 2700 3026 2770 καταδίκη,
3076 2702 3168 2752 καὶ
3225 2701 3329 2753 τοῦ
3398 2703 3569 2772 πυρὸς
3594 2704 3679 2756 διὰ
3707 2707 3791 2773 τῆς

2223 2791 2544 2859 παντάρϐης
2568 2791 2661 2844 τοῦ
2684 2791 2834 2843 λίθου
2866 2792 3222 2855 κατάσϐεσις,
3239 2796 3459 2865 καὶτῆς
3485 2795 3792 2865 Χαρικλείας

2221 2885 2359 2945 τέως
2408 2883 2623 2950 ἄφεσις,
2691 2884 2784 2935 καὶ
2824 2884 3068 2953 Ἀρσάκη
3106 2888 3423 2956 μαινομένη
3465 2887 3557 2939 καὶ
3587 2887 3794 2940 θάνατον

2223 2978 2278 3037 ἐς
2344 2974 2533 3044 αῠριον
2614 2976 2919 3046 Χαρικλείᾳ
2991 2978 3425 3046 εὐτρεπίζουσα.
3522 2980 3795 3047 Ἀποστοὶὴ

2234 3066 2585 3136 Ὀροονδάτου
2631 3066 2725 3119 τοῦ
2760 3067 2803 3096 ¹¹
2844 3070 2942 3137 τῆς
2978 3069 3256 3139 Ἀρσάκης
3310 3071 3529 3141 ἀνδρὸς,
3563 3072 3654 3123 καὶ
3680 3072 3795 3124 ἀνά-

2225 3160 2387 3230 ληψις
2419 3160 2509 3213 διὰ
2544 3163 2641 3229 τῆς
2671 3161 2864 3222 νυκτὸς
2884 3162 2993 3213 τῶν
3024 3164 3251 3216 νεανιῶν
3273 3178 3291 3191 ⁸
3332 3165 3497 3220 τοῦτο
3525 3167 3629 3235 γάρ
3654 3182 3799 3235 προσ-

2225 3253 2505 3314 ετέτακτο,
2567 3252 2691 3304 ἐπεὶ
2736 3252 2764 3304 ὁ
2815 3256 2944 3316 παῖς
2970 3256 3070 3323 τῆς
3116 3254 3377 3325 Κυϐέλης
3409 3257 3692 3327 ἀποτυχὼν
3715 3256 3799 3310 τοῦ

2225 3345 2361 3416 πρὸς
2378 3344 2711 3416 Χαρίκλειαν
2727 3362 2927 3415 γάμου,
2945 3348 3143 3411 πάντα,
3162 3349 3262 3401 ὅσα
3278 3353 3353 3419 τῇ
3383 3350 3625 3420 Ἀρσάκῃ
3640 3350 3805 3402 διαπέ-

2225 3455 2436 3508 πρακτο
2462 3440 2526 3503 ’⁸,
2568 3438 2705 3507 πρὸς
2734 3439 2825 3491 τὸν
2867 3440 3134 3512 δεσπότην
3185 3442 3418 3513 ἀπάρας
3469 3442 3800 3513 ἀπήγγειλεν.

2309 3530 2584 3591 Ἐπίθεσις
2612 3531 2721 3583 τῶν
2747 3532 3046 3594 Αἰθιόπων,
3094 3535 3190 3586 καὶ
3232 3536 3472 3604 ἁρπαγὴ
3522 3536 3803 3604 Θεαγένους

2226 3624 2318 3673 καὶ
2363 3622 2722 3691 Χαρικλείας,
2780 3625 2876 3679 καὶ
2936 3626 3074 3695 πρὸς
3125 3627 3414 3697 Ὑδάσπην
3466 3630 3560 3683 τὸν
3607 3629 3803 3698 βασιλέα

2224 3714 2329 3765 τῶν
2359 3712 2629 3764 Αἰθιόπων
2660 3714 2957 3784 ἀπαγωγή.
2994 3713 3125 3768 Εἶτα
3168 3717 3484 3788 ἁφιέρωσις
3523 3719 3724 3772 τούτων
3739 3723 3802 3778 εις

2225 3805 2285 3855 τὸ
2312 3804 2563 3873 τυθῆναι,
2604 3804 2703 3875 τὴν
2754 3806 2851 3874 μὲν
2900 3810 2966 3876 τῇ
2999 3807 3227 3877 Σελήνῃ,
3262 3809 3362 3861 τὸν
3404 3810 3464 3862 δὲ
3521 3810 3601 3879 τῷ
3638 3809 3795 3876 Ἡλίῳ.

2226 3892 2357 3947 Εἶτα
2382 3894 2591 3962 ἀγῶνες
2625 3896 2718 3947 καὶ
2744 3896 2947 3960 θυσίαι,
2991 3898 3085 3949 καὶ
3117 3898 3453 3969 Σισιμίθρου
3481 3900 3579 3953 τοῦ
3609 3898 3805 3971 πρώτου

2224 3987 2331 4038 τῶν
2366 3987 2818 4056 γυμνοσοφιστῶν
2850 3988 2947 4040 καὶ
3002 3989 3184 4042 αὐτῶν
3212 3992 3524 4061 παρουσία,
3562 3994 3655 4045 καὶ
3684 3994 3809 4062 Περ-

2226 4082 2380 4152 σίνης
2418 4082 2521 4151 τῆς
2544 4082 2800 4150 γυναικὸς
2820 4083 2913 4135 τοῦ
2937 4083 3221 4148 βασιλέως.
3253 4086 3373 4137 Καὶ
3406 4089 3626 4155 αἴτησις
3654 4089 3810 4157 Χαρι-

2224 4175 2408 4237 κλείας
2460 4176 2547 4228 ἵνα
2586 4175 2970 4246 δικαιολογηθῇ
3015 4175 3281 4247 Ὑδάσπῃ,
3323 4181 3423 4232 καὶ
3463 4180 3807 4245 δικαιολογία,

2224 4269 2319 4321 καὶ
2340 4268 2522 4339 κρίσις
2550 4268 2870 4339 Σισιμίθρου
2931 4269 3027 4321 καλ⁵
3071 4272 3354 4341 μαρτυρία
3401 4272 3488 4325 ὅτι
3525 4272 3812 4342 Χαρίκλεια

2226 4362 2356 4422 παῖς
2403 4360 2490 4429 εἴη
2529 4359 2803 4412 Ὑδάσπου
2863 4361 2957 4413 καὶ
3013 4362 3307 4431 Περσίνης.
3360 4364 3629 4417 Πείθεται
3674 4364 3812 4433 μόλις

2237 4450 2531 4519 Ὑδάσπης.
2568 4450 2728 4502 Ἀλλὰ
2753 4451 2848 4504 καὶ
2869 4451 3041 4513 οὕτως
3074 4452 3229 4519 ἄγειν
3264 4451 3503 4521 ἔμελλεν
3527 4457 3607 4518 είς
3636 4454 3813 4506 θυσίαν

539 4538 702 4591 etiam
736 4538 816 4590 sic
849 4536 1105 4599 hostiam,
1142 4533 1329 4602 patri-.e
1367 4532 1466 4600 legi
1514 4531 1862 4601 moribusque
1888 4532 2118 4586 obsecu-

2229 4543 2397 4612 τιμῶν
2424 4543 2515 4596 τὸν
2547 4544 2775 4612 πάτριον
2824 4544 3011 4613 νόμον.
3050 4544 3107 4595 ’0
3135 4544 3192 4596 δὲ
3243 4545 3427 4615 δῆμος
3477 4548 3815 4619 ἀπηγόρευε,

541 4638 648 4693 tus,
700 4631 904 4682 caedere
948 4627 1069 4680 illos
1122 4634 1294 4695 parat.
1348 4622 1584 4692 Populus
1631 4623 1977 4677 contradicit.
2027 4622 2119 4678 Sic

542 4738 757 4777 sursum
807 4721 974 4775 libera
1019 4718 1171 4773 abire
1206 4719 1358 4788 jussa
1408 4717 1711 4779 Chariclea,
1748 4732 1865 4785 quae
1899 4716 2118 4785 quidem

542 4816 789 4867 liberatio
846 4811 1214 4865 incredibilem
1283 4809 1533 4862 omnibus
1594 4808 1799 4876 peperit
1854 4806 2117 4860 laetitiam.

539 4906 645 4962 Sed
685 4906 877 4959 iterum
909 4903 1208 4957 Cbaricleae
1253 4903 1543 4955 discrimen
1591 4911 1854 4954 creatum.
1888 4900 2123 4970 'l‘heage-

540 5014 640 5053 nes
664 4999 898 5063 vinctus,
931 5005 989 5048 ut
1026 4995 1199 5048 hostia
1249 4994 1359 5048 aris
1387 4995 1563 5047 adhuc
1585 4996 1908 5048 destinatur.
1946 4995 2122 5049 Varia:

540 5091 832 5158 multaeque
882 5103 947 5141 eo
997 5088 1214 5140 nomine
1257 5087 1397 5156 apud
1440 5094 1714 5155 parentem
1764 5102 1972 5154 preces,
2032 5089 2127 5142 sed

538 5184 633 5239 ille
676 5182 1049 5236 liberationem
1103 5178 1446 5249 Theagenis,
1488 5179 1975 5248 impunitatemque
2036 5179 2129 5233 ab-

540 5278 677 5331 nuit.
712 5276 907 5328 Animo
936 5280 1117 5343 itaque
1145 5282 1428 5327 externata
1453 5272 1759 5339 Chariclea,
1795 5274 1976 5327 omnia
2010 5289 2128 5341 quae

539 5370 643 5424 sibi
676 5377 730 5425 et
767 5368 1040 5437 Theageni
1082 5369 1310 5421 adversa
1359 5366 1709 5431 accidissent,
1755 5366 1916 5420 matri
1964 5380 2127 5419 enar-

2227 4635 2323 4687 καὶ
2382 4634 2603 4703 ἀφίεται
2660 4635 2988 4704 Χαρίκλεια,
3036 4637 3132 4688 καὶ
3169 4636 3319 4706 χαρὰ
3368 4638 3603 4692 πάντων
3641 4640 3821 4707 ἐπἰτῇ

2228 4726 2438 4793 ἀφέσει.
2478 4724 2651 4792 Ἀγὼν
2680 4726 2841 4778 πάλιν
2870 4727 3028 4789 ἄλλος
3052 4729 3381 4799 Χαρικλείᾳ,
3416 4730 3705 4799 Θεαγένης
3749 4730 3823 4781 ἐτι

2229 4818 2446 4887 δέσμιος
2474 4817 2567 4868 ἐπὶ
2596 4818 2663 4886 τῇ
2694 4815 2876 4886 θυσίᾳ,
2910 4818 3004 4869 καὶ
3053 4818 3201 4885 λόγοι
3235 4820 3371 4888 περὶ
3398 4821 3577 4873 αὐτοῦ
3610 4824 3655 4853 ³³
3692 4821 3826 4891 πρὸς

2228 4911 2319 4961 τὸν
2354 4909 2570 4979 πατέρα
2606 4909 2791 4961 πολλοὶ
2823 4910 2917 4961 καὶ
2931 4909 3189 4973 ποικίλοι,
3219 4909 3313 4962 τοῦ
3344 4911 3406 4964 δὲ
3448 4915 3667 4985 πατρὸς
3697 4913 3831 4966 ἀπό-

2229 5018 2411 5064 νευσις
2458 5001 2552 5053 ἐπὶ
2604 5004 2672 5070 τῇ
2723 5000 2973 5053 ἁθωώσει
3020 5002 3362 5070 Θεαγένους,
3414 5006 3519 5058 καὶ
3565 5004 3834 5075 ἁδημονία

2230 5092 2583 5163 Χαρικλείας,
2618 5094 2708 5144 καὶ
2745 5093 2881 5171 πρὸς
2914 5094 3012 5162 τὴν
3038 5096 3252 5163 μητέρα
3286 5094 3668 5167 ἐξαγόρευσις
3704 5098 3837 5148 πάν-

2229 5203 2359 5251 των,
2395 5187 2493 5238 ὅσα
2524 5187 2659 5255 αὐτῇ
2712 5186 3014 5255 συνηνέχθη
3049 5189 3143 5239 καί
3204 5188 3502 5256 Θεαγένει.
3566 5192 3682 5242 Καὶ
3723 5192 3836 5259 άρι-

2234 5278 2388 5329 στεία
2412 5277 2713 5343 Θεαγένους
2738 5279 2829 5329 ἐπὶ
2855 5278 2931 5347 τῷ
2960 5277 3167 5349 ταύρῳ,
3222 5279 3316 5331 καὶ
3366 5281 3469 5333 τοῦ
3504 5282 3690 5351 δήμου
3715 5283 3839 5351 τέρ-

2234 5373 2347 5440 ψις.
2393 5371 2515 5423 Ἔτι
2537 5370 2785 5440 ἀριστεία
2823 5372 2881 5423 ὲν
2927 5373 2994 5441 τῇ
3034 5372 3170 5442 πρὸς
3217 5374 3307 5425 τὸν
3352 5373 3603 5427 Αἰθίοπα
3634 5377 3726 5426 τὸν
3758 5374 3844 5444 μὲ-

1855 5506 2085 5564 νΑῘὶΙιΕ
2124 5510 2531 5566 LECTIONES.

597 5603 641 5633 ιθ
682 5601 964 5669 Ὀροόάτου
1006 5617 1066 5663 ς.
1128 5602 1171 5631 ¹⁹
1196 5601 1488 5664 συστάντος
1544 5620 1603 5665 ς.
1652 5603 1695 5633 ²⁰
1727 5603 1850 5671 περὶ
1874 5620 1933 5667 ς.

545 5675 752 5742 ματέρα
788 5683 1017 5739 ponunt.

2011 5605 2054 5633 “
2076 5604 2169 5657 τοῦ
2197 5605 2321 5661 add.
2356 5607 2420 5659 A.
2481 5608 2525 5636 “
2549 5606 2918 5676 διεπέπρακτο
2947 5628 3005 5673 ς.
3071 5611 3116 5641 ³³
3149 5611 3279 5681 περὶ
3308 5611 3489 5663 αὐτοῦ
3526 5614 3691 5680 vulgo
3728 5614 3846 5678 post

2056 5761 2287 5817 NUT/E.

613 5862 726 5933 (θῦ)
763 5862 835 5916 De
861 5876 961 5930 qua
1001 5858 1114 5913 vide
1137 5856 1326 5912 Ctesia‘
1350 5855 1529 5909 Indica
1564 5870 1740 5924 supr.,
1771 5867 1821 5909 et
1865 5854 2118 5911 Philostr.
2163 5860 2255 5912 lib.
2290 5858 2350 5911 ΙΙΙ
2382 5862 2445 5915 de
2485 5862 2599 5915 Vita
2634 5861 2924 5930 Apollonii.
