3926 6430
500 422 616 487 939

761 533 1102 590 Lesbonactis
1151 536 1419 589 orationes
1464 532 1694 602 politica:
1738 549 1854 587 xw.

580 631 755 684 Lectze
808 642 933 682 sunt
993 638 1047 681 et
1107 627 1457 682 Lcshonactis
1524 625 1801 679 Orationes
1863 626 2095 694 politiae

500 722 745 779 sedecim
776 720 908 791 (68).
945 720 1043 775 Hic
1083 730 1263 773 autem
1298 719 1577 773 Lesbonax

1153 806 1364 862 LXXV.

444 922 449 928 ‘
508 901 669 957 Joan.
695 900 973 970 Philononi
1018 900 1250 954 Libellus
1278 910 1463 953 contra
1502 900 1768 955 Joannem
1804 903 2093 970 patriarcli.

791 969 903 1024 GP.
952 988 1191 1040 cognom.
1241 970 1632 1025 Scholasticum
1678 972 1812 1042 (69).

580 1061 711 1132 Legi
742 1061 904 1117 Joan.
947 1058 1229 1132 PhiIOponi
1265 1061 1527 1115 Libellum
1571 1063 1833 1118 adversus
1863 1080 1946 1127 ea,
1980 1080 2100 1135 qua:

508 1167 610 1222 pro
659 1164 810 1207 certo
862 1154 1133 1223 dogmate,
1189 1153 1265 1207 De
1313 1164 1495 1205 sancta
1553 1170 1616 1207 ac
1662 1155 2101 1211 consubstantiali

514 1243 777 1298 Trinitatc
816 1245 997 1299 divine
1034 1246 1252 1298 tradidit
1286 1245 1345 1299 B.
1386 1244 1624 1301 Joannes
1694 1247 2091 1314 Scholasticns,

516 1337 983 1408 archiepiscopus.
1053 1338 1687 1409 Constantinopolitanus
1740 1344 1792 1397 in
1855 1346 2102 1401 oratione

511 1444 607 1482 sna
652 1429 1020 1495 Catechetica,
1058 1444 1219 1498 quam
1254 1429 1471 1486 Justino
1503 1431 1760 1507 [minore]
1804 1436 2103 1506 imperante

512 1518 700 1572 habuit
730 1520 901 1587 prima
934 1520 1223 1574 indictione
1251 1521 1388 1590 (70).

588 1612 848 1665 Dictionis
885 1626 1082 1679 genere
1106 1611 1190 1665 sui
1212 1614 1404 1667 similis
1431 1624 1536 1681 est,
1566 1619 1882 1686 perspicuus
1916 1618 2103 1673 videli-

510 1714 616 1769 cet,
668 1704 912 1775 nihilque
955 1708 1225 1762 intensum
1279 1710 1509 1777 habens,
1538 1721 1630 1765 aut
1660 1727 1862 1782 grave;
1917 1727 2102 1765 verum

512 1800 1003 1865 argumentationis
1051 1800 1246 1868 forma,
1292 1818 1398 1857 non
1444 1804 1640 1872 impius
1692 1806 1875 1870 modo,
1913 1807 2006 1860 sed
2052 1816 2107 1858 et

1682 420 1949 480 PHOTII
1985 416 2497 479 PATRIARCHXE
2530 416 2641 474 (ΣΡ.

3658 416 3751 481 Ξίθ

2466 530 2897 594 Δεσϐὠνακτος
2919 525 3087 591 λόγοι
3119 523 3411 577 πολιτικοὶ
3442 530 3532 589 ις’.

2286 621 2734 692 Ἀνεγνὼσθησαν
2766 620 2822 672 δὲ
2876 620 2969 670 καὶ
2998 615 3386 678 Λεσϐιῢνακτος
3424 618 3592 686 Δότοι
3610 624 3757 675 πολι.

2203 715 2356 771 τικοὶ
2388 713 2603 779 δεκαέξ.
2635 708 2804 775 Οὗτος
2843 711 2899 764 δὲ
2938 712 2965 763 ὁ
2988 708 3371 775 Λεσϐῶναξ....

2926 802 3044 855 ΟΕ’.

2204 899 2480 954 Ἰωάννου
2502 898 2608 953 τοῦ
2629 898 2974 952 Φιλοπόνου
2998 895 3153 961 πρὸς
3182 894 3287 947 τὸν
3308 894 3586 963 Ἰωάννην
3615 897 3763 968 ἀρχι-

2444 972 2785 1024 επίο-κοπον
2815 968 3526 1031 Κωνσταντινουπόλεως.

2288 1063 2633 1130 ’.ἀνεγνώσθη
2664 1061 2917 1113 Ἰωάννου
2975 1057 3072 1111 τοῦ
3126 1057 3420 1109 Φιλοπόνου
3468 1054 3765 1128 βιϐλιδάριον

2206 1156 2350 1210 κατά
2372 1156 2481 1208 τῶν
2500 1154 2697 1216 ἐνθέως
2713 1150 3187 1221 δογματισθέντων
3214 1150 3347 1216 Περὶ
3369 1147 3476 1214 τῆς
3498 1151 3659 1218 ἁγίας
3682 1154 3763 1205 καὶ

2209 1249 2542 1318 όμοουσίου
2568 1244 2809 1313 Τριόδος
2836 1242 2941 1296 ὑπὸ
2971 1241 3062 1295 τοῦ
3093 1242 3152 1293 ὲν
3169 1241 3344 1308 ἁγίοις
3370 1239 3610 1292 Ἰωάννου
3632 1242 3768 1311 ἀρχι.

2208 1342 2508 1394 επισκόπου
2544 1336 3192 1397 Κωνσταντινουπόλεως,
3240 1333 3333 1386 τοῦ
3370 1334 3476 1385 ἀπὸ
3504 1332 3768 1401 Σχολαστι-

2209 1434 2343 1499 κῶν,
2392 1434 2449 1485 ἐν
2488 1431 2565 1499 τῷ
2594 1426 2967 1500 Κατηχητικῷ
3022 1426 3166 1494 λόγῳ
3190 1426 3258 1488 ⁸⁸,
3283 1424 3342 1476 ὃν
3371 1419 3522 1475 εἶπεν
3556 1424 3642 1475 ἐπὶ
3686 1425 3769 1491 τῆς

2210 1526 2431 1595 πρώτης
2461 1523 2840 1592 ὲπινεμήσεως
2866 1520 3243 1588 βασιλεύοντος
3268 1518 3576 1570 Ἰουστίνου.

2288 1618 2445 1669 Ἔστι
2468 1616 2523 1669 δὲ
2553 1615 2651 1685 τὴν
2682 1615 2884 1683 φράσιν
2914 1614 3097 1682 opma;
3141 1610 3353 1679 ἐαυτῷο
3390 1612 3569 1681 σαφής
3600 1630 3654 1665 τε
3681 1614 3773 1685 γὰρ

2212 1714 2307 1765 καὶ
2338 1711 2489 1763 οὐδὲν
2516 1709 2765 1780 μετέχων
2795 1706 2949 1758 τόνου
2996 1706 3029 1774 ἦ
3070 1705 3424 1774 σεμνότητος.
3448 1705 3571 1766 Τοῖς
3592 1707 3771 1775 ἐπιχει-

2216 1807 2426 1877 ρήμασι
2456 1803 2515 1857 δὲ
2576 1802 2636 1855 οὐ
2698 1802 2858 1871 μόνον
2890 1798 3113 1868 ἀσεϐὴς,
3144 1798 3279 1850 ἀλλὰ
3329 1797 3424 1850 καὶ
3460 1797 3577 1849 λίαν
3602 1799 3771 1869 σαθρὸς

512 1887 756 1956 putidus,
788 1898 950 1957 atque
992 1889 1297 1944 imbecillus
1330 1900 1433 1956 est,
1470 1902 1528 1946 ut
1583 1908 1648 1945 ne
1676 1894 1948 1947 umbratili
1984 1895 2107 1965 qui-

2221 1899 2311 1951 καὶ
2346 1897 2639 1965 ἀνίσχυρος
2678 1891 2807 1965 [165
2844 1890 2934 1963 8.]
2965 1894 3057 1943 καὶ
3098 1890 3223 1960 μηδ’
3251 1889 3556 1959 ὲπιπολαίῳ
3597 1908 3769 1958 φαντα-

516 1979 638 2034 dem
670 1981 917 2035 veritatis
954 1982 1156 2051 specie,
1196 1985 1417 2053 proiiria
1453 1987 1692 2053 potuerit
1722 1986 1973 2042 colorare
2015 1989 2110 2041 ad-

516 2086 708 2127 versus
751 2075 869 2141 pios
912 2075 1270 2144 sophismata.
1311 2074 1545 2131 Naturas
1578 2079 1777 2132 etenim
1824 2090 1987 2148 atque
2021 2094 2110 2133 es-

518 2165 743 2227 sentias,
796 2166 1037 2234 deosque
1079 2179 1445 2234 commentus,
1491 2170 1667 2225 nullas
1712 2171 1837 2225 inde
1867 2188 1973 2225 non
2016 2188 2111 2226 ore

517 2257 791 2317 infrenato
844 2260 896 2312 in
957 2260 1321 2314 Christianam
1372 2262 1481 2331 (Ἠ)
1536 2264 1695 2317 iidem
1746 2264 2112 2332 blasphemias

518 2352 693 2403 vomit
723 2350 865 2404 istud
892 2352 1184 2406 identidem
1213 2371 1226 2407 :
1273 2370 1293 2406 ι
1338 2353 1516 2409 Unum
1548 2371 1709 2425 quam
1746 2357 1915 2411 multa
1940 2356 2111 2427 signi-

518 2444 647 2497 ﬁcat
685 2444 799 2515 (72)
864 2462 885 2495 ›
950 2447 1111 2499 anxie
1154 2448 1333 2508 nimis,
1382 2449 1718 2518 nimiumque
1754 2451 1960 2504 minute
1981 2466 2112 2505 con-

516 2546 760 2590 sectans.
807 2535 882 2591 lta
943 2550 1039 2606 per
1077 2554 1230 2593 suam
1279 2539 1653 2605 artiﬁciosam,
1691 2552 1748 2595 ut
1777 2541 1851 2595 illi
1889 2543 2109 2611 quidem

518 2628 754 2694 videtur,
815 2630 1178 2700 nugacitatem
1203 2672 1219 2696 ,
1255 2631 1338 2685 vel
1364 2633 1599 2701 pueriles
1648 2633 1826 2702 potius
1856 2634 2107 2703 ineptias,

519 2720 909 2793 mystagogiam
962 2733 1201 2777 nostram
1244 2724 1608 2795 theologicam
1635 2726 1787 2780 nihili
1817 2742 1875 2781 se
1907 2728 2110 2794 facere,

524 2813 823 2867 insolenter
864 2814 1109 2881 jartavit.
1150 2816 1220 2867 At
1264 2832 1369 2870 non
1418 2816 1557 2887 52b
1588 2818 1640 2871 in
1682 2819 1785 2873 hoc
1818 2819 1991 2873 solum
2025 2835 2114 2873 ar-

520 2908 871 2973 gumentandi
913 2922 1111 2977 genere
1153 2907 1401 2964 inﬁrmus
1446 2921 1551 2973 est,
1602 2926 1667 2966 ac
1717 2911 1964 2977 demens,
2016 2913 2113 2965 sed

520 3006 578 3054 et
615 3001 667 3052 in
698 3000 820 3055 aliis
846 3001 1100 3055 omnibus
1122 3003 1257 3067 suis,
1288 3018 1517 3072 quorum
1542 3004 1761 3072 quidem
1786 3016 1976 3059 auctor
2005 3015 2110 3071 est,

522 3092 761 3162 scriptis.
796 3092 1019 3163 Excipio
1053 3094 1164 3159 illa,
1201 3110 1339 3165 qum,
1390 3095 1619 3151 aliorum
1652 3095 1871 3151 inventa
1910 3101 2115 3168 compi-

521 3185 661 3251 lans,
717 3186 817 3240 sibi
868 3186 1206 3241 vindicavit.
1252 3186 1591 3258 Longissime
1644 3191 1789 3245 enim
1828 3190 1977 3246 infra
2020 3206 2112 3245 eos

524 3286 777 3331 auctores
810 3286 914 3343 est,
958 3277 1048 3347 qui
1092 3278 1287 3332 falsum
1325 3251 1528 3334 norunt
1555 3295 1582 3332 a
1627 3296 1757 3335 vero
1790 3281 2109 3349 diiudicare,
2142 3251 2183 3309 θ

520 3381 575 3425 et
602 3370 668 3423 ad
701 3372 815 3439 ipsa
855 3386 1141 3425 sensorum
1173 3372 1422 3425 acumina
1461 3374 1791 3444 pertingere.
1824 3375 1954 3441 Quae
1979 3390 2110 3445 ergo

522 3462 625 3517 sibi
662 3462 940 3516 subdititia
990 3473 1228 3534 arrogat,
1260 3472 1485 3518 servant
1516 3464 1601 3517 illa
1637 3465 1851 3535 quidem
1883 3466 2113 3534 scripto-

523 3567 645 3606 rum
692 3552 1104 3608 characterem:
1138 3565 1378 3609 attamen
1428 3567 1552 3609 sunt
1600 3556 1652 3609 in
1710 3556 1776 3610 iis
1830 3556 2108 3620 nonnulla,

524 3642 760 3711 maligno
814 3644 1169 3714 improboque
1204 3646 1465 3700 orationis
1495 3646 1661 3699 veluti
1711 3648 1851 3701 victu
1879 3649 2109 3715 quodam

528 3747 691 3804 atque
719 3748 979 3805 apparatu
1014 3738 1082 3791 ab
1105 3738 1220 3807 ipso
1247 3750 1522 3808 corrupta,
1550 3740 1601 3793 id
1632 3742 1775 3810 quod
1792 3756 2108 3810 germanum

525 3837 644 3885 erat
681 3831 732 3884 in
781 3830 909 3900 ipsis
936 3833 1274 3895 auctoribus,
1312 3848 1373 3887 ac
1408 3836 1733 3899 masculum,
1759 3834 2060 3888 amiserunt
2094 3852 2108 3888 :

527 3932 763 3989 suntque
812 3922 878 3976 iis
909 3922 1108 3975 similia
1141 3925 1476 3991 compositis,
1511 3941 1630 3994 qua?
1665 3925 1884 3993 quidem
1917 3936 2109 3979 natura

526 4016 754 4083 optima,
804 4015 872 4068 ob
899 4014 1004 4068 cibi
1046 4025 1224 4069 tamen
1264 4017 1552 4087 victusque
1600 4019 1890 4085 rationem,
1930 4020 2108 4090 illegi-

526 4110 721 4162 timum
753 4108 904 4178 quid,
930 4118 984 4162 et
1022 4108 1324 4178 improbum
1354 4127 1463 4180 pra:
1492 4127 1549 4165 se
1578 4110 1779 4167 ferunt.
1816 4111 2107 4167 Verumta-

526 4217 650 4255 men
704 4201 757 4255 in
811 4202 913 4256 hoc
946 4202 1061 4269 ipso
1120 4202 1255 4257 libro
1317 4215 1629 4260 sanctorum
1681 4204 1899 4259 Patrum
1965 4205 2107 4260 dicta

526 4294 734 4364 colligit
768 4313 782 4350 :
815 4306 872 4349 ut
905 4294 1151 4364 Gregorii
1204 4310 1566 4365 cognomento
1590 4299 1870 4369 Theologi,
1910 4309 1964 4353 et
2009 4299 2109 4352 Ba—

2215 1992 2307 2063 σίᾳ
2337 1990 2438 2058 τῆς
2477 1986 2734 2058 ἀληθείας
2763 1986 2831 2038 τά
2855 1988 3030 2038 οἰκεῖα
3059 1984 3310 2053 δυνηθεὶς
3330 1983 3629 2053 ὲπιχρῶσαι
3657 1986 3772 2038 κατὰ

2213 2086 2310 2153 τῆς
2364 2082 2649 2145 εὐσεϐείας
2713 2079 3025 2149 σοφίσματα
3052 2094 3065 2108 ’
3120 2077 3314 2146 φύσεις
3345 2076 3454 2146 γάρ
3484 2079 3573 2128 καὶ
3616 2077 3774 2140 οὐσίας

2214 2180 2309 2229 καὶ
2344 2178 2603 2246 θεότητας
2621 2175 2664 2205 ³²
2688 2175 2781 2227 καὶ
2798 2173 2952 2234 θεοὺς
2986 2171 3359 2239 πλασάμενος,
3391 2168 3635 2221 ἐντεῦθεν
3661 2169 3771 2221 ἀθυ-

2217 2268 2500 2339 ροστόμως
2525 2269 2708 2321 πᾶσαν
2744 2263 3096 2336 βλασφημίαν
3126 2264 3226 2332 τῆς
3267 2262 3613 2333 Χριστιανῶν
3636 2279 3776 2313 κατα-

2214 2361 2387 2431 χέει³³
2412 2361 2669 2423 πίστεως,
2694 2359 2755 2411 τὸ
2782 2377 2798 2408 ι
2820 2359 2876 2409 ἓν
2899 2359 3042 2409 πόσα
3078 2355 3341 2425 σημαίνει
3368 2374 3385 2404 ι
3412 2353 3773 2424 σμικρολογῶνο

2217 2454 2328 2505 κάκ
2361 2450 2460 2520 τῆς
2481 2450 2737 2521 τεχνικῆς
2768 2449 2955 2511 αὐτοῦ,
2991 2449 3065 2511 ὡς
3089 2449 3265 2501 οῐεται
3296 2448 3363 2508 ³⁷⁵,
3400 2445 3778 2515 ματαιολογίας,

2221 2545 2422 2615 μᾶλλον
2461 2545 2518 2597 δὲ
2570 2543 2973 2615 παιδαριώδους
3022 2540 3447 2611 ἀπειροκαλίας,
3492 2541 3588 2609 τὴν
3629 2540 3779 2591 θεολο-

2216 2637 2379 2707 γικὴν
2412 2637 2569 2705 ἡμῶν
2593 2636 2899 2702 ὲξουθενεῖν
2934 2632 3244 2705 ὲφρυάξατο
3284 2632 3688 2702 μυσταγωγίαν.
3718 2633 3780 2682 Οὐ

2220 2730 2384 2799 μόνον
2413 2729 2458 2781 δ’
2488 2730 2545 2780 ὲν
2570 2727 2784 2789 τούτοις
2821 2728 2864 2757 ³⁵
2889 2727 3003 2778 ἐστὶ
3035 2726 3149 2787 τοῖς
3183 2724 3612 2793 ἐπιχειρήμασιν
3640 2721 3780 2774 ἀσθε-

2219 2824 2313 2892 νὴς
2347 2824 2441 2876 καὶ⁸
2464 2822 2712 2891 ἀνόητος,
2744 2820 2881 2873 ἀλλά
2901 2820 2995 2871 καὶ
3026 2820 3083 2870 ὲν
3120 2820 3235 2880 τοῖς
3258 2817 3449 2879 ἄλλοις
3478 2815 3675 2869 ἅπασιν
3705 2817 3786 2869 αὺ-

2218 2914 2309 2969 τοῦ
2341 2915 2736 2982 συντάγμασιν,
2766 2906 2840 2965 ὧν
2888 2914 3035 2964 ἐστιν
3078 2910 3240 2972 aere;
3272 2909 3484 2978 πατὴρ,
3547 2906 3673 2960 ἀλλά
3724 2909 3783 2976 μὴ

2219 3006 2515 3077 ἀλλαχόθεν
2568 3004 2842 3074 ἐκκλέψας
2899 3004 2999 3066 τὰς
3054 3003 3311 3073 εὑρέσεις
3364 3000 3690 3053 ὑπεϐάλλετο
3732 3000 3785 3060 ³⁸,

2218 3098 2340 3151 λίαν
2390 3099 2537 3152 ἐστὶν
2578 3099 2620 3130 ³⁷
2661 3096 3047 3165 ἀπῳκισμένος
3072 3094 3181 3147 τῶν
3226 3092 3468 3147 συνιδεῖν
3492 3092 3715 3162 ἐχόντων
3737 3091 3786 3141 τὸ

2218 3192 2418 3263 ψεῦδος
2445 3193 2479 3263 ἦ
2504 3192 2737 3254 τάληθὲς
2766 3190 2861 3244 καὶ
2883 3189 2991 3242 τῶν
3014 3190 3095 3252 είς
3123 3188 3167 3219 ³⁸
3190 3185 3509 3257 δριμύτητα
3531 3186 3792 3238 τεινόντων

2219 3286 2513 3355 νοημάτων
2539 3284 2872 3354 ἐφάψασθαι.
2892 3284 2959 3335 Ἀ
2990 3282 3036 3335 δ’
3070 3281 3221 3333 ἐστὶν
3244 3279 3404 3349 αὐτῷ
3431 3278 3787 3347 ὑποϐολιμαῖα,

2217 3379 2505 3449 σώζειμὲν
2530 3378 2640 3431 τῶν
2692 3377 2907 3445 φύντων
2963 3375 3054 3427 τὸν
3102 3372 3466 3443 χαρακτῆρα,
3514 3369 3648 3441 πλὴν
3691 3368 3791 3421 ἐστι

2215 3475 2308 3528 καὶ
2332 3474 2368 3528 ἃ
2396 3476 2462 3544 τῇ
2503 3471 2755 3543 μοχθηρᾷ
2801 3468 2932 3539 παρ’
2968 3466 3136 3521 αὐτοῦ
3186 3466 3378 3537 διαίτῃ
3422 3465 3518 3517 καλ¹
3557 3462 3787 3525 διασκευῆ

2213 3566 2309 3619 τοῦ
2338 3566 2499 3633 λόγου
2533 3564 2596 3616 τὸ
2631 3564 2878 3631 γενναῖον
2906 3561 2997 3613 καὶ
3037 3556 3368 3629 ἀρρενωπὸν
3421 3555 3534 3607 τῶν
3565 3568 3794 3621 γεννησα-

2220 3662 2397 3729 μένων
2441 3656 2782 3711 ἀπεϐἀλλετο
2834 3655 2901 3717 ³⁸,
2960 3653 3055 3705 καὶ
3097 3651 3247 3703 ἔστιν
3302 3649 3499 3720 ὥσπερ
3566 3645 3787 3704 σύνθετα,

2220 3751 2361 3820 φυὴν
2410 3750 2509 3820 μὲν
2560 3749 2780 3819 ὁριστα,
2810 3748 2982 3816 τροφῇ
3014 3742 3069 3797 δὲ
3108 3744 3203 3795 καὶ
3231 3741 3422 3813 διαίτῃ
3449 3741 3512 3792 τδ
3549 3738 3693 3790 νόθον
3713 3732 3786 3786 καὶ

2222 3841 2495 3912 μοχθηρὸν
2543 3838 2937 3907 ὑποφαίνοντα.
2992 3834 3138 3904 Πλὴν
3168 3833 3287 3886 ἀλλ’
3334 3832 3394 3885 ἔν
3445 3848 3510 3900 γε
3545 3829 3704 3896 τούτῳ
3725 3822 3784 3890 τῷ

2218 3927 2362 3997 λόγῳ
2390 3928 2486 3980 καὶ
2504 3928 2770 3997 Πατέρων
2790 3926 2975 3995 ῥήσεις
2992 3922 3332 3993 παραφέρει,
3353 3922 3451 3975 τοῦ
3476 3938 3537 3974 τε
3556 3918 3791 3983 Θεολόγου

2217 4020 2525 4093 Γρηγορίου
2551 4021 2644 4072 καὶ
2669 4018 2762 4072 τοῦ
2795 4018 3031 4087 μεγάλου
3062 4015 3351 4069 Βασιλείου
3388 4010 3712 4065 Ἀθανασίου
3745 4022 3794 4056 τε

2215 4113 2311 4167 τοῦ
2351 4112 2657 4166 πολυάθλου
2709 4113 2805 4165 καὶ
2850 4110 2946 4164 τοῦ
3007 4113 3065 4164 ὲν
3128 4109 3310 4177 ἁγίοις
3357 4105 3667 4178 Κυρίλλουο
3699 4098 3797 4154 ἀλλ’

2216 4206 2369 4259 οὐδὲν
2390 4205 2539 4275 αὑτῷ
2572 4204 2917 4257 συντελοῦσιν
2945 4202 3055 4256 οὐδ’
3086 4197 3245 4257 αὗται
3271 4204 3355 4265 είς
3397 4200 3496 4254 τὸν
3529 4194 3801 4269 προκείμε-

2217 4315 2308 4352 νον
2338 4298 2433 4351 καὶ
2459 4296 2631 4368 ἠσεϐη
2642 4296 2802 4367 μένον
2825 4295 3047 4350 σκοπόν.

525 4387 631 4448 silii
662 4385 862 4457 Magni,
894 4387 1173 4443 Athanasii
1218 4392 1343 4445 item
1379 4391 1521 4447 illius
1550 4393 1717 4446 variis
1745 4393 1901 4446 malis
1938 4391 2184 4454 exerciti,
2217 4406 2281 4446 ac
2304 4389 2365 4443 B.
2396 4390 2742 4459 Cyrilli,quaa
2806 4399 2984 4443 tamen
3045 4400 3267 4441 causam
3339 4385 3521 4455 ipsius
3577 4381 3799 4452 impiam.

524 4498 684 4554 quam
723 4484 883 4538 habet
913 4485 1266 4551 propositam,
1299 4486 1520 4542 minime
1552 4496 1927 4554 promoveant.

1196 4576 1431 4631 LXXVI.

602 4670 697 4725 Fl.
723 4670 936 4743 Iosephi
969 4675 1358 4741 Antiquitatum
1386 4670 1743 4725 Iudaicarum
1778 4672 1899 4725 libri
1931 4689 2021 4726 xx.

602 4829 859 4898 Legimus
902 4830 1067 4883 Flavii
1109 4827 1330 4897 Iosephi
1364 4827 1609 4882 Judairw
1658 4830 1994 4897 antiquitatis
2041 4830 2106 4883 li-

2134 4581 2188 4642 ι)

2934 4569 3072 4633 oq'.

2215 4666 2479 4722 Φλαϐίου
2529 4661 2823 4729 Ἰωσήπου
2858 4661 3195 4725 Ἰουδαϊκῆς
3239 4656 3678 4727 ἀρχαιολογίας
3711 4654 3807 4707 λό-

2906 4750 2996 4800 γοι
3030 4738 3102 4784 κ’.

2289 4831 2382 4902 [98
2412 4828 2503 4900 Η.]
2534 4826 2885 4895 Ἀνεγνώσθη
2907 4824 3145 4877 Φλαϐίου
3166 4822 3445 4893 Ἰωσήπου
3479 4818 3813 4883 Ἰουδαϊκῆς

1867 4920 2103 4974 VARUE
2151 4920 2562 4976 LECTIONES.

595 5016 637 5048 ³¹
672 5013 838 5084 λόγῳ]
872 5014 1037 5086 αὐτοῦ
1072 5013 1216 5083 λόγῳ
1249 5033 1307 5067 c.
1412 5016 1455 5045 ³²
1488 5017 1581 5069 καὶ
1616 5015 1877 5086 θεότητας
1900 5017 2022 5070 add.
2054 5019 2115 5071 Α.

524 5086 571 5118 ⁸⁸
601 5088 812 5147 τούτοις
846 5085 965 5157 ἐστὶ
996 5088 1119 5157 τοῖς
1158 5086 1587 5154 ἐπιχειρήμασιν
1618 5090 1660 5139 Δ
1689 5104 1701 5139 :
1733 5085 1942 5139 τούτων
1969 5089 2077 5149 τοῖς
2129 5088 2555 5157 ἐπιχειρήμασίν
2590 5090 2738 5138 ἐστιν
2771 5102 2831 5148 ς.

1714 5158 1759 5188 ³³
1792 5158 2096 5212 ἀπεϐάλετο
2147 5176 2357 5228 margo,
2393 5159 2573 5209 nescio
2606 5173 2673 5210 an
2709 5166 2874 5208 rel-te.

524 5172 687 5211 stum.
769 5157 814 5186 ³⁷
844 5155 964 5208 λίαν
990 5154 1045 5207 δέ
1080 5158 1225 5207 ἐστιν
1260 5174 1316 5219 ς.
1390 5157 1433 5186 ³⁸
1457 5158 1513 5218 ἐς
1559 5175 1618 5220 ς.

2828 5014 2874 5044 ⁸⁸
2906 5013 2981 5074 ὡς
3018 5013 3190 5064 οἴεται
3223 5011 3267 5062 Α
3301 5026 3316 5063 :
3374 5010 3701 5075 προσοίεται
3752 5023 3807 5070 ς.

2215 5018 2259 5049 ³³
2299 5017 2630 5085 καταχέεται
2663 5034 2722 5080 ς.

2952 5085 2997 5113 ³⁵
3032 5080 3396 5152 ὑπεϐάλλετο]
3446 5081 3635 5133 malim
3677 5094 3813 5131 aort-

2023 5275 2254 5331 NOT/E.

616 5366 707 5429 68)
736 5364 1235 5436 Lesbonactisidute
1271 5366 1525 5436 leguntur
1565 5366 1852 5421 Orationes
1882 5387 1894 5422 :
1922 5369 2101 5436 politi-

523 5452 582 5486 ca
653 5453 779 5501 una,
810 5438 875 5490 de
917 5436 1054 5489 bello
1084 5435 1420 5506 Corinthio;
1457 5437 1621 5489 altera
1656 5435 2007 5506 protreptica.
2040 5441 2107 5493 ad

525 5522 757 5579 pugnam
774 5522 894 5579 cum
916 5505 1667 5579 Lacedzemoniis."istoriatn
1684 5508 1846 5562 refert
1860 5509 2124 5579 Tlntcyd.,

526 5576 621 5627 lib.
684 5590 782 5627 vu.
828 5577 1117 5645 Antiquior
1170 5577 1257 5631 hic
1311 5576 1398 5629 illo
1448 5573 1785 5632 Lesbonactc
1811 5591 1916 5641 est,
1948 5573 2106 5645 quem

527 5645 891 5716 sub_Augusto
928 5647 1305 5716 philosophum
1350 5649 1525 5716 egisse
1572 5648 1762 5701 scribit
1796 5649 1990 5702 Suitlas
2014 5691 2027 5703 .

599 5714 710 5781 (69)
764 5714 940 5782 Hujus
983 5716 1209 5770 Joannis
1244 5714 1567 5786 patriarchae
1602 5722 1801 5772 Intentio
1830 5731 1913 5773 est
1955 5736 2105 5786 supr.

530 5788 651 5837 COll.
706 5786 795 5839 ‘24.
833 5788 999 5850 Quem
1059 5798 1309 5840 sanctum
1365 5788 1564 5840 dictum
1619 5800 1740 5855 puta
1770 5805 1833 5841 ex
1873 5789 2105 5844 formula

530 5860 735 5907 tantum
780 5856 1110 5910 Graecorum.
1148 5858 1277 5911 Vide
1307 5859 1368 5909 Ι).
1394 5858 1514 5911 Bar.
1552 5870 1681 5911 tom.
1719 5858 1821 5911 VII.

603 5925 713 5994 (70)
764 5926 886 5981 Ἐπὶ
936 5928 1033 5995 τῆς
1068 5927 1289 5998 πρώτης
1343 5932 1719 6001 ἐπινεμήσεως
1772 5930 2105 5986 Glossarium

2213 5378 2371 5421 Vetus
2401 5368 2753 5422 indictionem
2800 5367 3213 5431 interpretatur.
3253 5363 3396 5432 Sup.
3438 5364 3494 5418 in
3550 5358 3816 5430 Hesychio

2211 5438 2504 5507 ἑνδεκάτην
2541 5437 2849 5491 ἱνδικτιῶνα
2879 5436 3091 5490 extulit.

2284 5509 2398 5579 (Ἠ)
2430 5501 2564 5563 llinc
2599 5518 2761 5575 atque
2798 5508 3016 5579 aliunde
3043 5506 3259 5579 merito,
3303 5513 3367 5556 ιιι
3413 5518 3443 5557 a
3478 5501 3815 5579 ﬁde_Chris-

2215 5575 2354 5633 tiana
2378 5575 2388 5579 ’
2411 5581 2714 5634 abhorrens
2751 5578 3057 5632 traducitur
3089 5592 3118 5629 a
3144 5575 3374 5630 Conone
3405 5586 3463 5629 et
3498 5575 3669 5627 Sociis
3697 5587 3813 5637 sup.

2210 5652 2331 5704 00d.
2356 5649 2446 5703 25.

2286 5721 2399 5789 (7'2)
2460 5720 2530 5774 Τὸ
2560 5720 2629 5773 ἓν
2659 5721 2823 5773 πόσα
2852 5719 3157 5785 σημαίνει,
3183 5714 3645 5789 σμικρολογῶν.
3705 5712 3817 5789 Quo

2221 5782 2335 5845 fere
2384 5782 2548 5843 modo
2595 5794 2735 5858 apud
2782 5782 3027 5843 Cassiod.
3068 5792 3118 5839 in
3153 5782 3259 5837 vita
3292 5785 3357 5837 Β.
3397 5789 3700 5859 (llirysust.
3747 5782 3817 5859 lc-

2218 5864 2392 5929 gimus
2415 5861 2647 5915 Arianos
2676 5863 2965 5917 cecinisse.
3011 5860 3144 5915 «Ubi
3176 5873 3331 5920 sunt,
3362 5858 3460 5925 qui
3499 5858 3691 5910 dicunt
3718 5864 3815 5904 tria

2220 5933 2417 5984 virtute
2458 5932 2667 5984 unum?
2700 5950 2719 5983 ι
