3926 6438
188 386 267 451 ιιι
1141 384 1667 446 BIBLIOTHECA.
1691 385 1938 447 ——coo.
1980 390 2470 452 LXXV-LXXVI.
3288 382 3397 447 242

192 493 574 566 ἀρχαιολογίας.
607 492 662 542 ὲν
693 491 872 559 λόγοις
903 499 972 544 κ’.
1003 492 1263 562 Ἀρχεται
1291 494 1399 547 ἀπὸ
1419 496 1516 564 τῆς
1544 496 1710 547 Μωῡ-
1739 546 1742 555 η

1844 512 1945 551 νιόε
1979 498 2096 554 XX.
2146 500 2191 554 A
2226 500 2412 555 mundi
2462 498 2739 554 creatione
2787 496 2929 565 apud
2967 494 3149 550 Mosen
3183 494 3394 550 initium

196 593 304 654 σέως
344 586 697 655 κοσμογονίας,
754 584 820 637 τὰ
870 584 1042 637 πολλὰ
1065 586 1306 657 συνᾴδων
1339 589 1405 658 τῇ
1430 588 1711 650 Μωῦσέως

1856 596 1988 657 ucit,
2033 593 2127 663 qui
2172 609 2297 649 cum
2340 592 2445 647 etsi
2488 607 2741 661 magnam
2785 600 2992 658 partem
3018 589 3280 653 concinit,
3316 590 3400 644 in—

199 682 437 752 σνγγραφῇ
470 677 534 740 ⁸ο,
560 675 673 727 ἔστι
704 674 760 726 δὲ
777 673 908 727 ἔνθα
948 674 1293 747 ἀλλοιότερον
1326 678 1715 748 συγγραφόμε..

1850 687 2033 739 erdum
2092 696 2274 741 tamen
2326 687 2576 741 diversus
2621 685 2754 750 abit,
2802 682 3087 751 pergitque
3132 695 3304 749 usque
3332 679 3400 735 ad

199 793 286 837 νος.
314 774 506 827 Κὰτεισι
526 768 579 820 δὲ
606 766 770 838 μέχρι
800 766 900 837 τῆς
926 767 1102 837 ἀρχῆς
1117 766 1211 821 τοῦ
1238 767 1374 839 πρὸς
1411 768 1715 839 Ῥωμαίους

1852 777 2019 831 ellum
2072 794 2195 831 cum
2244 777 2510 833 Romanis
2552 776 2861 831 Judaicum.
2894 770 3092 826 Judaeis
3139 778 3252 822 tum
3303 783 3402 823 rex

211 865 432 921 Ἰουδαίων
458 859 706 929 πολέμου⁶
743 858 1027 913 ἐϐασίλευε
1054 860 1111 913 δὲ
1154 860 1273 913 τότε
1307 859 1415 915 τῶν
1443 860 1717 915 Ἰουδαίων

1849 869 2127 938 mperabat
2173 869 2431 940 Agrippa,
2481 868 2731 937 Agrippae
2768 864 2948 934 Magni
2986 862 3049 915 F.
3090 860 3181 930 qui
3217 859 3399 914 Jesum

208 956 465 1026 Ἀγρίππας
487 948 611 1003 ὁτοῦ
645 950 961 1023 Ἀργρίππα
981 950 1075 1003 τοῦ
1115 951 1355 1021 μεγάλου
1378 954 1529 1016 παῖς,
1549 951 1720 1024 ὃςἸη-

1853 960 2142 1015 lamalielis
2173 959 2237 1016 F.
2273 961 2592 1029 pontiﬁcatu
2627 957 2851 1029 dejecit,
2908 954 3229 1023 sutl'ecitque
3268 950 3403 1005 Mat-

220 1050 324 1103 σοῦν
350 1048 421 1100 τὸν
438 1043 511 1097 τοῦ
524 1043 555 1094 Γ
556 1043 798 1113 αμαλιὴλ
817 1044 917 1114 τὴν
938 1044 1367 1115 ἀρχιερωσύνην
1384 1046 1720 1115 ἀφελόμενος

1852 1054 1995 1107 hiant
2052 1052 2337 1124 Theophili
2395 1052 2457 1107 F.
2488 1052 2608 1120 Quo
2650 1051 2893 1107 audaciae
2946 1057 3072 1121 post
3129 1043 3402 1115 cognitam

223 1143 371 1197 δίδωσι
394 1135 564 1205 Ματθία
590 1134 672 1204 τῷ
695 1136 737 1165 δι
761 1135 1047 1204 Θεοφίλου.
1080 1135 1307 1205 Πρῶτος
1340 1136 1397 1188 δὲ
1440 1136 1720 1207 Ἀντίοχος

1856 1144 2069 1198 Ιεὺτιείε
2094 1143 2385 1198 sacerdotii
2424 1143 2745 1213 dignitatem
2780 1142 2991 1211 primus
3021 1135 3263 1192 omnium
3292 1133 3406 1185 An-

230 1234 303 1287 καὶ
323 1227 602 1298 ὀστρατηγδς
622 1227 789 1279 αὐτοῦ
821 1227 1048 1292 Λυσίας,
1084 1227 1175 1296 ἀφ’
1202 1223 1264 1280 οὒ
1295 1231 1408 1291 τοῖς
1439 1229 1722 1292 Ἰουδαίοις

1854 1233 2040 1287 l0l‘lllls
2087 1232 2313 1303 ejusque
2330 1232 2438 1287 dux
2462 1232 2651 1301 Lysias
2679 1231 2928 1285 conando
2957 1239 3280 1297 progressus
3302 1232 3404 1276 est.

227 1319 546 1393 ἀρχιερωσύνης
564 1318 816 1389 ἐγνώσθη
837 1319 1075 1388 ἀξίωμα,
1098 1320 1177 1382 είς
1187 1319 1393 1389 ταύτην
1410 1319 1508 1390 τὴν
1525 1322 1726 1391 τολμη-

1864 1327 2017 1379 'niam
2065 1326 2210 1381 enim
2248 1325 2349 1392 illi,
2380 1325 2464 1379 cui
2508 1324 2752 1379 Menelao
2812 1330 3233 1393 cognomentum
3286 1315 3414 1379 fuit,

219 1420 297 1487 ρὰν
312 1412 499 1481 κατέστη
531 1411 850 1481 ἐγχείρησιν
874 1427 889 1441 ο
917 1411 1007 1464 τὸν
1027 1412 1137 1483 γὰρ
1154 1410 1356 1475 Ὀνίαν,
1382 1405 1425 1480 ᾧ
1450 1412 1725 1478 Μενέλαος

1859 1416 2109 1471 ιοιιιὶῐὶοίο
2137 1418 2529 1471 submoverunt
2574 1424 2954 1483 necaruntque
2980 1430 2994 1465 :
3019 1411 3148 1481 quin
3166 1407 3409 1462 etﬁlium

212 1508 402 1575 ἐπίκλην,
419 1505 508 1574 τὴν
535 1504 953 1577 ἀρχιερωσύνην
976 1505 1410 1576 ἁφελόμενοικαὶ
1425 1504 1723 1572 ἀνελόντες,

1854 1520 2070 1564 »οισι-ηαξ
2094 1509 2375 1578 dignitatis
2404 1508 2754 1562 successione
2781 1506 3087 1574 privarunt,
3107 1501 3404 1567 subrogato

205 1596 297 1653 εἶτα
340 1596 518 1650 καὶτὸν
550 1597 719 1649 παῖδα
753 1600 854 1666 τῆς
881 1597 1133 1668 διαδοχῆς
1171 1598 1566 1663 ἀπελάσαντες,
1598 1599 1729 1653 καθ-

1863 1604 2039 1657 acimo
2074 1602 2190 1672 (75)
2224 1618 2254 1656 e
2286 1615 2485 1671 genere
2513 1599 2733 1669 quidem
2772 1596 3029 1659 Aarouis,
3063 1593 3156 1648 sed
3180 1590 3409 1645 alterius

206 1693 369 1745 ιστᾶσιν
394 1689 630 1757 Ἰάκιμον
656 1690 724 1753 δ’,
756 1690 950 1758 γένους
981 1690 1079 1760 μὲν
1107 1689 1204 1743 τοῦ
1233 1689 1508 1761 Ἀαρῶνος
1530 1690 1596 1756 ⁸³,
1628 1690 1729 1743 οὐκ

1861 1696 2071 1751 ιιηιίΙίιε.
2109 1696 2248 1751 Olim
2276 1708 2402 1748 vero
2431 1709 2527 1763 per
2558 1706 2776 1747 omnem
2808 1690 2974 1744 vitam
3028 1684 3411 1741 Pontiﬁcatum

200 1787 299 1838 ὄντα
321 1784 368 1835 δὲ
391 1782 481 1851 τῆς
505 1782 689 1845 οἰκίας
747 1782 973 1852 ταύτης.
1021 1782 1137 1853 Πρὸ
1169 1781 1227 1835 δὲ
1253 1781 1445 1835 τούτου
1487 1782 1576 1835 διὰ
1606 1781 1724 1852 βίου

1861 1804 2043 1856 ;erere,
2073 1788 2184 1859 jam
2219 1787 2345 1841 inde
2386 1788 2453 1840 ab
2480 1784 2714 1838 Aaronis
2755 1781 3109 1850 temporibus,
3149 1787 3205 1832 et
3240 1774 3411 1829 ﬁlium

200 1848 554 1947 ἀρχιερατεόειν
589 1875 873 1944 νενόμιστο
889 1848 935 1906 ⁵-⁸
956 1848 1373 1946 ἀπὸ-Ἀαρῶνος
1396 1848 1723 1945 ἀρξάμενος,

1864 1900 1887 1937 rt
1921 1882 2193 1937 demortui
2237 1882 2411 1949 patris
2458 1879 2783 1949 dignitatem
2814 1873 3108 1930 succedere
3134 1870 3217 1925 lex
3252 1868 3414 1938 jube-

200 1974 269 2023 καὶ
297 1972 405 2033 παῖς
428 1970 581 2041 παρὰ
616 1969 823 2039 πατρὸς
846 1969 891 2000 ’⁵⁵
907 1968 1005 2037 τὴν
1025 1968 1189 2039 τιμὴν
1205 1968 1493 2039 διεδέχετο.
1531 1968 1732 2020 Τελευ-

1860 1989 1946 2034 till.
1977 1976 2192 2031 Mortuo
2211 1986 2390 2028 autem
2416 1982 2535 2042 post
2553 1969 2769 2025 triennii
2790 1968 3160 2038 pontiﬁcatum
3186 1961 3410 2026 lacimo,

197 2067 412 2130 τήσαντος
453 2059 509 2112 δὲ
558 2059 812 2130 Ἰακίμου
832 2058 900 2121 ⁸⁸,
927 2059 1109 2130 τρισὶν
1159 2061 1431 2122 ἐνιαυτοῖς
1463 2059 1733 2130 ἀρχιερα-

1866 2068 2120 2139 ειριρηηίο
2180 2068 2378 2122 deinde
2423 2065 2618 2119 civitas
2669 2061 2925 2131 pontiﬁce
2982 2058 3181 2111 caruit.
3236 2054 3416 2119 Quare

197 2157 455 2220 τεύσαντος,
492 2152 715 2223 ἔμεινεν
775 2154 808 2222 ἡ
836 2152 990 2217 πόλις
1049 2154 1335 2215 ἐνιαυτοὺς
1379 2152 1521 2205 έπτά
1560 2152 1735 2222 χωρὶς

1871 2179 1957 2216 um
1999 2178 2065 2215 ex
2109 2158 2415 2215 Asamonaei
2458 2158 2569 2228 (74)
2611 2156 2783 2225 stirpe
2814 2153 3054 2208 Matthize
3082 2149 3195 2219 (75)
3227 2146 3417 2216 hujus-

198 2246 468 2320 ἀρχιερέως.
512 2244 579 2299 Ὀ
607 2245 665 2299 δὲ
691 2244 785 2298 τοῦ
810 2244 1192 2315 Ἀσαμωναίου
1235 2244 1462 2313 ἔγγονος
1500 2244 1545 2276 ⁸⁷
1582 2246 1736 2297 Ματ-

1864 2270 1941 2323 {ue
1978 2252 2102 2307 ﬁliis
2141 2252 2318 2322 gentis
2347 2249 2585 2303 Iudaica:
2636 2255 2783 2301 esset
2820 2245 3026 2300 credita
3069 2239 3414 2311 praefectura,

198 2340 321 2402 θείας
342 2339 382 2371 ⁸⁸
409 2340 500 2393 καὶ
534 2338 591 2391 οἱ
630 2336 823 2390 τούτου
875 2336 1087 2401 παῖδες,
1124 2336 1225 2407 τὴν
1284 2335 1617 2405 προστασίαν
1641 2334 1734 2388 τοῦ

1875 2344 2151 2414 ellumque
2190 2343 2352 2396 iidem
2397 2357 2519 2395 cum
2564 2338 2949 2393 Macedonibus
2979 2334 3300 2406 gessissent,
3326 2328 3420 2385 Jo-

199 2434 343 2494 ἒθνους
376 2429 761 2492 πιστευθέντες
811 2430 907 2481 καὶ
957 2428 1379 2497 πολεμήσαντες
1406 2425 1735 2487 Μακεδόσιν,

1878 2438 2064 2492 atham
2102 2436 2420 2507 pontilicem
2466 2442 2677 2487 creant.
2720 2432 2799 2488 Ex
2832 2446 2936 2501 qua
2965 2430 3136 2499 stirpe
3167 2436 3220 2481 et
3250 2424 3424 2480 Judas

196 2524 409 2593 Ἰωνάθην
441 2521 713 2593 ἀρχιερέα
772 2519 1133 2573 καθιστῶσιν.
1169 2518 1262 2584 Ἐξ
1305 2512 1375 2590 ἦς
1431 2518 1630 2586 γενεᾶς
1667 2511 1738 2586 ἦν

1871 2537 2206 2597 ognomento
2228 2525 2576 2582 Aristobulus
2609 2523 2735 2587 fuit,
2775 2524 2866 2593 qui
2902 2532 2957 2578 et
3001 2520 3141 2591 53a
3172 2519 3420 2573 diadema

198 2617 268 2669 καὶ
289 2613 471 2677 Ἰούδας
493 2612 522 2664 6
563 2610 883 2680 ἐπικληθεὶς
908 2609 1342 2682 Ἀριστόϐουλος,
1368 2608 1427 2673 ὃς
1460 2609 1557 2662 καὶ
1585 2608 1739 2680 πρῶ-

1875 2624 2004 2694 apiti
2054 2622 2266 2692 primus
2310 2620 2595 2690 imposuit.
2630 2617 2796 2689 Regis
2838 2630 2972 2686 ergo
3006 2615 3147 2669 idem
3187 2611 3422 2681 bicjure

197 2726 264 2771 τος
306 2707 529 2777 διάδημα
593 2704 903 2777 περιέθετο,
952 2705 1247 2775 ἀρχιερεὺς
1273 2704 1302 2755 6
1336 2702 1380 2735 “
1428 2701 1591 2763 αὐτὸς
1624 2700 1743 2771 ἅμα

1873 2715 2022 2780 ἱιηιιΙ,
2048 2725 2105 2769 et
2130 2713 2421 2769 sacerdotii
2454 2727 2607 2776 usus,
2649 2725 2797 2765 anno
2823 2724 2932 2764 uno
2962 2717 3259 2777 superstes,
3298 2718 3423 2759 suc-

194 2802 267 2852 καὶ
287 2798 523 2868 βασιλεὺς
590 2796 962 2867 χρηματίσας.
1023 2797 1135 2850 Καὶ
1179 2794 1429 2857 ἐπιϐιοὺς
1493 2792 1742 2847 ἐνιαυτὸν

1880 2821 2125 2861 essorem
2169 2804 2386 2874 reliquit
2432 2803 2584 2875 regni
2624 2801 2784 2858 simul
2829 2811 2884 2855 et
2922 2799 3269 2869 pontiﬁcatus
3313 2794 3426 2848 t'ra-

193 2894 284 2955 ἕνα,
302 2891 527 2960 διάδοχον
561 2888 691 2960 ἔσχε
724 2888 819 2942 καὶ
856 2891 957 2959 τῆς
1007 2885 1290 2957 βασιλείας
1329 2885 1426 2939 καὶ
1460 2885 1560 2955 τῆς
1596 2885 1743 2956 ἱερα-

1875 2912 2009 2962 rem,
2056 2895 2141 2950 cui
2185 2895 2493 2951 Alexandro
2530 2908 2756 2949 nomen.
2804 2892 2989 2947 Gessit
3017 2889 3106 2944 hic
3136 2886 3425 2956 imperium

192 2986 317 3053 τικῆς
340 2984 505 3054 ἀρχῆς
528 2983 624 3035 τὸν
645 2981 875 3050 ἀδελφὸν
928 2979 1306 3049 (Ἀλέξανδρος
1339 2978 1487 3049 αὐτῷ
1518 2976 1742 3046 ὄνομα),

1880 3005 2021 3046 nnos
2054 2999 2260 3061 septem
2293 2996 2350 3044 et
2378 2988 2592 3059 viginti.
2623 2987 2705 3041 Ab
2731 2986 2835 3040 hoc
2876 2982 3127 3053 pervenit
3170 2979 3430 3046 deinceps

193 3077 295 3148 |l68
329 3076 408 3148 IL]
438 3076 495 3139 ὃς
532 3074 745 3127 ἐπεϐίω
765 3076 831 3145 τῇ
869 3074 1011 3145 ἀρχῇ
1044 3072 1139 3143 έτη
1176 3072 1282 3137 κζν.
1318 3073 1431 3124 Καὶ
1451 3071 1743 3142 διέδραμεν

1882 3099 2075 3156 egnum
2103 3098 2227 3136 cum
2259 3081 2587 3144 sacerdotio,
2631 3076 2939 3133 Asamonaei
2978 3072 3213 3144 posteris
3239 3085 3432 3126 serva-

192 3170 461 3240 ήβασιλεία
490 3170 634 3239 μετὰ
678 3167 777 3235 τῆς
834 3164 1249 3237 ἀρχιερωσύνης
1296 3166 1408 3227 τοῖς
1446 3163 1554 3217 ἀπὸ
1583 3164 1742 3217 Ἀσα-

1881 3191 1984 3238 um,
2021 3173 2088 3227 ad
2128 3171 2440 3243 Hyrcanum
2482 3184 2673 3239 usque,
2706 3182 2865 3236 quem
2913 3165 3286 3219 Romanorum
3321 3162 3431 3215 dux

194 3263 394 3331 μωναίου
427 3261 719 3332 σωζομένη
753 3259 951 3330 μέχρις
987 3258 1288 3327 ’Υρκάνου,
1335 3256 1394 3310 ὃν
1457 3257 1744 3328 Πομπήῖος

1886 3266 2165 3336 'Ompeius.
2192 3265 2362 3331 captis
2396 3260 2810 3331 Hierosolymis,
2854 3273 3020 3326 regno
3052 3256 3268 3325 quidem
3306 3268 3436 3323 ερο-

190 3356 497 3427 όῬωμαίων
530 3355 867 3426 στρατηγὸς,
921 3352 1207 3424 πορθήσας
1240 3351 1310 3404 τὰ
1370 3350 1740 3420 Ἰεροσόλυμα,

1890 3359 2023 3423 avit,
2058 3357 2426 3413 sacerdotium
2462 3364 2642 3407 tamen
2684 3362 2957 3407 suinmum
2986 3349 3226 3405 Judaicaa
3258 3346 3435 3418 gentis

193 3451 268 3520 τὴν
299 3451 386 3518 μὲν
418 3448 703 3519 βασιλείαν
728 3447 990 3515 ἀφείλατο
1023 3444 1091 3508 ⁵ο,
1121 3442 1538 3514 ἀρχιερατεύειν
1566 3442 1623 3495 δὲ
1651 3441 1743 3494 τοῦ

1896 3465 2048 3504 erere
2081 3448 2348 3520 permisit.
2392 3444 2623 3499 Praefuit
2652 3445 2708 3499 in
2758 3444 3073 3497 universum
3117 3452 3292 3494 annos
3319 3444 3436 3491 tres

195 3544 343 3606 ἔθνους
366 3543 667 3596 κατέλιπεν
690 3558 703 3571 '
733 3541 905 3612 ἄρξας
928 3541 985 3593 δὲ
1034 3540 1215 3593 πάντα
1245 3537 1339 3608 ἔτη
1366 3538 1411 3567 ⁵³
1452 3536 1745 3605 τριάκοντα

1886 3550 1906 3593 ι
1959 3541 2205 3609 triginta,
2256 3552 2381 3591 cum
2416 3537 2517 3591 sub
2556 3535 2911 3589 Pharnabazo
2957 3538 3014 3585 et
3059 3531 3267 3586 Pacoro
3302 3528 3436 3582 Par-

197 3638 401 3707 καὶτρία
423 3636 781 3708 αἰχμάλωτος
815 3635 922 3689 ὑπὸ
962 3632 1319 3706 Φαρναϐάζου
1371 3633 1466 3684 καὶ
1496 3630 1747 3700 Πακόρου

1884 3632 2073 3686 horum
2100 3630 2370 3700 praefectis
2393 3638 2581 3699 captus
2603 3637 2708 3693 est,
2728 3625 3096 3694 suﬁ'ectusque
3121 3623 3190 3678 ab
3210 3622 3318 3677 illis
3343 3637 3434 3676 rex

199 3729 278 3781 τῶν
294 3732 381 3799 τῆς
413 3728 755 3799 Παρθυηνῆς
789 3726 1067 3780 δυναστῶν
1098 3726 1334 3794 γίνεται,
1362 3725 1455 3776 καὶ
1488 3722 1749 3775 καθίστα-

1877 3723 2147 3779 lristobuli
2180 3721 2370 3775 fratris
2398 3721 2540 3774 lilius
2558 3719 2884 3789 Antigonus.
2907 3714 3277 3782 Huncipsum,
3306 3727 3427 3765 cum

202 3840 265 3873 τιι
288 3822 368 3872 ὑπ’
396 3821 588 3873 αὐτῶν
609 3823 636 3873 6
662 3820 755 3872 τοῦ
790 3818 1207 3890 Ἀριστοϐούλου
1233 3817 1462 3885 ἀδελφοῦ
1495 3815 1610 3877 υίὸς
1639 3815 1752 3867 Ἀν-

1902 3830 2029 3869 mos
2058 3824 2191 3880 tres,
2225 3813 2559 3881 totidemque
2605 3823 2824 3864 menses
2864 3807 3213 3876 imperasset,
3247 3802 3440 3856 Sosius

210 3915 369 3979 τὶτονος
414 3911 700 3982 βασιλεύς.
749 3912 847 3963 Ὃν
904 3913 1055 3981 τρεῖς
1108 3910 1282 3980 μῆνας
1334 3908 1427 3960 καὶ
1480 3905 1607 3976 τρία
1656 3904 1750 3974 ἔτη

1896 3911 2077 3964 uidem
2106 3909 2476 3963 Romanorum
2506 3904 2615 3957 dux
2656 3911 2711 3957 et
2742 3901 2985 3956 Herodes
3018 3898 3227 3968 primus
3252 3895 3323 3963 (is
3347 3892 3440 3963 qui

212 4006 395 4073 ἄρξαντα
419 4007 653 4067 Σόσσιος
680 4005 723 4034 ⁸²
748 4004 775 4055 6
805 4003 1094 4072 Ῥωμαίων
1123 4000 1428 4073 στρατηγὸς
1452 3999 1547 4051 καὶ
1581 3992 1755 4066 Ἦρώ·

1890 4001 2132 4070 mtipatri
2181 3997 2511 4052 Ascalonitaa
2545 3993 2872 4056 sacerdotis,
2920 4001 2976 4045 et
3012 3988 3262 4059 Cypridis
3298 3986 3440 4039 Ara-

206 4096 272 4164 δξς
300 4100 324 4150 ὁ
349 4096 596 4167 πρῶτος,
628 4098 655 4149 6
683 4093 777 4148 τοῦ
812 4094 1178 4165 Ἀντιπάτρου
1225 4091 1321 4145 τοῦ
1353 4090 1753 4144 Ἀσκαλωνίτου

1899 4094 1997 4147 ica:
2027 4090 2170 4144 ﬁlius
2193 4088 2315 4158 fuit)
2348 4086 2711 4142 debellarunt.
2741 4082 3011 4137 Antonius
3044 4090 3227 4134 autem
3252 4077 3447 4132 Antio-

202 4189 269 4240 τοῦ
307 4189 614 4259 ίεροδούλου
673 4189 770 4242 καὶ
820 4188 918 4259 τῆς
970 4187 1247 4259 Κύπριδος
1287 4188 1388 4256 τῆς
1422 4183 1752 4256 Ἀραϐίσσης

1894 4184 2037 4238 hiam
2076 4180 2399 4252 perductum
2441 4178 2675 4232 necavit.
2707 4174 2785 4247 lta‘
2812 4176 2973 4229 ﬁnem
3006 4172 3326 4227 Asamonaaa
3355 4184 3444 4223 so-

202 4284 318 4345 πιίς,
344 4281 839 4352 ἐξεπολιόρκησαν,
874 4280 1159 4343 Ἀντώνιος
1196 4280 1254 4333 δὲ
1304 4280 1385 4341 είς
1417 4277 1752 4346 Ἀντιόχειαν

1902 4276 2014 4332 oles
2051 4274 2263 4339 habuit,
2308 4281 2362 4327 et
2407 4270 2699 4340 imperium
2751 4267 3064 4322 Judazorum
3106 4281 3137 4320 a
3182 4263 3452 4319 Romanis

198 4376 468 4446 ἀναχθέντα
491 4375 698 4430 ἀνεῖλε.
753 4375 864 4428 Καὶ
921 4376 1156 4428 παύεται
1186 4373 1262 4441 ςτδ
1286 4370 1683 4443 Ἀσαμωναίων
1712 4369 1748 4401 ⁸³

1890 4369 2107 4424 lerodes
2138 4366 2395 4435 sumpsit.
2428 4364 2522 4418 Ille
2548 4363 2723 4417 cuivis
2751 4360 3127 4432 pontiﬁcatum
3170 4356 3440 4425 praebens,

197 4467 341 4533 γένος,
392 4469 488 4521 καὶ
546 4466 824 4539 λαμϐάνει
871 4466 970 4534 τὴν
1005 4466 1112 4518 τῶν
1161 4463 1434 4517 Ἰουδαίων
1480 4461 1747 4532 βασιλεῖαι

1897 4459 2303 4524 uccessoribus,
2337 4464 2398 4510 ut
2444 4453 2588 4509 idem
2618 4453 2905 4514 auderent,
2937 4458 3101 4519 caput
3127 4448 3341 4504 exstitit
3365 4455 3447 4501 at-

197 4560 321 4627 παρὰ
356 4534 653 4629 Ῥωμαίων
703 4558 977 4629 Ἡρώδης·
1036 4557 1095 4620 ὃς
1137 4556 1252 4620 τοῖς
1307 4556 1535 4626 τυχοῦσι
1576 4556 1747 4626 νέμων

1910 4571 1971 4610 ne
2001 4553 2331 4622 exemplum.
2365 4548 2634 4619 Pertingit
2666 4550 2869 4616 itaque,
2902 4554 2959 4598 ut
2996 4559 3157 4612 supra
3187 4542 3460 4608 diximus,

196 4651 271 4719 τὴν
299 4651 713 4723 ἀρχιερωσύνην
748 4651 845 4705 καὶ
876 4653 987 4713 τοῖς
1024 4649 1289 4719 διαδόχοις
1328 4648 1492 4701 αὑτοῦ
1534 4648 1596 4701 τὸ
1630 4648 1746 4701 αὐτὶ

1907 4648 1955 4700 ic
2005 4647 2244 4714 scriptor
2288 4641 2445 4697 libris
2488 4639 2703 4710 viginti,
2740 4638 2808 4691 ab
2847 4636 2981 4690 orbe
3010 4633 3229 4688 condito
3268 4632 3451 4699 auspi-

196 4719 345 4795 τοῦτο⁷
371 4719 574 4797 -πονιεῖν
617 4719 761 4814 ἀρχὴ
820 4742 1015 4811 γέγονε
1055 4743 1150 4795 καὶ
1190 4741 1561 4810 παράδειγμα.
1609 4741 1746 4794 Κάτ-

1901 4743 2043 4799 atus,
2069 4734 2135 4787 ad
2166 4731 2381 4785 initium
2424 4742 2597 4796 usque
2630 4725 2754 4781 belli
2788 4722 2963 4779 ultimi
2992 4719 3305 4775 Iudaeorum
3327 4734 3451 4772 cum

196 4850 310 4886 εισιν
347 4832 463 4897 οὖν,
529 4836 715 4906 ὥσπερ
765 4835 1014 4905 εἴρηται,
1065 4836 1094 4887 6
1160 4835 1511 4905 συγγραφεὺς
1557 4836 1614 4888 ὲν
1649 4836 1746 4895 τοῖς

1903 4824 2132 4881 Lomnnis
2163 4841 2176 4877 :
2212 4836 2318 4891 qua
2346 4826 2672 4889 tempestate
2702 4816 2755 4869 in
2796 4812 2980 4868 Iudaea
3021 4810 3290 4881 regnavit,
3322 4823 3453 4863 auc-

198 4926 343 4980 εῖκοσι
385 4926 635 4997 βιϐλίοις,
688 4902 1000 4997 ⁷ἀρξάμενος
1055 4924 1164 4977 ἀπὸ
1207 4902 1315 4992 τῆς
1360 4923 1748 4994 κοσμογονίας1

1903 4921 2091 4975 πὶιιιιε
2140 4915 2541 4976 Romanorum,
2587 4910 2851 4997 Agrippa,
2885 4906 3135 4976 Agrippae
3180 4904 3241 4958 F.
3280 4902 3453 4973 Syria:

200 5014 337 5085 μέχρι
380 4991 483 5084 τῆς
543 4991 861 5085 ἀρχῆς-τοῖό
902 5013 1219 5067 τελευταίου
1268 4991 1407 5083 πρὸς
1464 4991 1750 5083 Ῥωμαίους

1903 5023 2010 5064 rero
2036 5021 2101 5062 ac
2130 5003 2335 5059 Judaaat
2364 4999 2656 5073 praafectus
2681 4998 2781 5053 fuit
2812 4996 3006 5051 Gesius
3035 4995 3252 5060 Florus,
3292 4993 3339 5046 is
3361 4991 3453 5060 qui

198 5105 449 5161 Ἰουδαίων
510 5109 771 5178 πολέμου,
828 5106 953 5161 καθ’
1020 5106 1079 5161 ὃν
1128 5106 1321 5175 καιρὸν
1341 5106 1615 5160 Ἰουδαίων
1669 5107 1748 5177 μὲι

1900 5103 2073 5159 llbino
2125 5096 2421 5161 successit;
2483 5092 2637 5161 cujus
2697 5092 3054 5160 impotentem
3089 5087 3450 5150 dominatum,

200 5196 496 5251 ἐϐασίλευεν
526 5199 629 5252 ὑπὸ
671 5197 960 5267 Ῥωμαίων
980 5197 1261 5259 καταστὰς
1290 5195 1602 5265 Ἀγρίππας
1624 5198 1651 5249 ὁ
1675 5194 1750 5248 τοῐ

1906 5192 2369 5260 rudelitatemque
2418 5184 2731 5241 Judzeorum
2793 5184 2941 5237 natio
2990 5195 3095 5234 non
3132 5177 3335 5241 ferens,
3378 5184 3456 5229 tu-

1468 5289 1698 5342 V'Alil/E
1743 5283 2154 5343 LECTIONES.

262 5385 303 5416 ³⁸
325 5389 609 5458 γραφῆς.
718 5386 761 5458 δλί
783 5384 884 5457 τῷ]
1009 5384 1107 5458 τοῦ
1136 5402 1196 5458 ς.
1300 5384 1345 5415 δ’
1376 5382 1711 5458 καθιστῶσιν
1749 5384 2021 5453 Ἰάκειμον
2224 5378 2270 5410 ⁸³
2295 5375 2539 5458 ςΑαρὼν,
2583 5444 2597 5458 ι
2626 5392 2704 5458 ςκῖ
2739 5442 2779 5458 M
2802 5371 2849 5403 “
2881 5370 3164 5458 νενόμέστο
3205 5366 3327 5458 add.
3386 5364 3467 5421 Α..

203 5453 239 5528 ff
271 5437 806 5528 m'p‘i'éiio'impbg
925 5437 986 5487 ᾗ
1008 5437 1288 5528 Ἰαιιείμου
1307 5471 1367 5519 ς.
1463 5454 1506 5485 ⁸⁷
1534 5437 2006 5528 οἱ-ῖὲγ-ίονοι-Ὁ..
2058 5437 2104 5528 ’ξδ
2141 5437 2421 5521 ματαθίαξ
2529 5437 2534 5439 γ
2735 5442 2789 5496 δὲ
2816 5444 2844 5495 ό
2871 5460 2931 5508 ς.
2952 5513 2974 5527 Ψ
3018 5440 3062 5471 ⁵⁰
3100 5437 3465 5528 ἀφείλετο-φλ

204 5524 241 5553 ⁵³
268 5508 363 5596 ἔτηῘ
532 5508 743 5583 Livii—57’
774 5508 1008 5598 330.6910;
1042 5508 1209 5598 ¢._cl'.
1246 5508 1497 5598 Hudson.
1528 5528 1592 5598 ad
1626 5508 1848 5598 Juseph.
1977 5521 2101 5577 Jud.
2137 5508 2408 5591 lproaem.
2444 5518 2498 5571 7.
2575 5515 2620 5547 ⁵³
2658 5508 3033 5583 Ἀσαμωναῖον
3078 5526 3140 5572 ς.
3225 5508 3273 5541 ⁵⁸
3300 5508 3471 5561 τοῦτοί

206 5595 359 5650 ποιεῖν
386 5598 556 5671 ἀρχὴ]
609 5598 770 5653 τοῦτο
791 5595 936 5670 ἀρχὴ
958 5600 1024 5663 Α,
1049 5595 1209 5649 τοῦτο
1234 5596 1407 5648 ποιεῖν
1430 5595 1747 5647 καταλιπὼν
1782 5595 1925 5665 ἁρχὴ
1959 5611 2020 5657 ς.

1699 5689 1834 5744 ΙΝΟΤ
1839 5690 1903 5743 1E

273 5789 377 5857 (ῗό)
408 5790 495 5843 Al.
527 5792 770 5857 Alcimo,
801 5790 885 5845 vel
915 5788 1216 5846 Jacchimo.
1260 5856 1268 5857 ί
1534 5855 1543 5857 _
1676 5854 1691 5857 _
1877 5785 2047 5857 sopit.“
2073 5780 2389 5857 Stephanus
2418 5777 2472 5855 in
2508 5787 2626 5843 cap.
2659 5768 3023 5827 Machalneor.

276 5847 386 5927 (Πί
424 5861 501 5917 Ue
532 5863 614 5918 bis
649 5847 819 5919 multa
869 5861 1090 5918 doctiss.
1126 5856 1411 5913 Oriolanus
1460 5855 1629 5926 episc.
1666 5854 1759 5912 ,Ιο-
1942 5847 2057 5923 ζῖὄ)
2095 5854 2175 5905 Μ.
2208 5847 2501 5903 Μιιιιιιιιὶιυ.
