3926 6424
487 409 593 472 213

1620 409 1883 469 PHOTII
1924 407 2430 468 PATBIARCIIIE
2469 405 2578 465 CP.

3627 412 3724 475 2H

497 525 751 578 multuari
785 525 973 594 eozpit,
1007 525 1199 579 melius
1225 539 1347 578 esse
1377 535 1492 577 rata
1523 524 1720 580 multos
1745 525 1906 579 simul
1931 536 1986 578 et
2013 526 2065 576 in

2173 523 2478 592 ,Αγρίππχν
2511 522 2848 593 ἐπετρόπευε
2879 522 2937 574 δέ
2992 521 3091 591 τῆς
3140 520 3340 591 Συρίας
3368 525 3459 577 καὶ
3481 527 3727 598 Ἰουδαίας

494 619 765 678 libertate,
796 634 958 686 quam
1009 617 1153 672 lente
1198 633 1262 672 ac
1309 617 1593 686 paulatim,
1628 627 1685 671 et
1719 617 1771 671 in
1806 618 2069 671 servitute

490 709 786 778 exstingui.
815 710 1004 763 Altero
1048 720 1197 763 certe
1248 712 1585 776 praal'eeturaa
1631 709 1802 775 Flori,
1838 708 2071 763 Neronis

491 817 622 854 vero
653 802 866 853 decimo
893 817 1061 863 anno,
1092 802 1288 855 bellum
1318 805 1512 872 agitari
1541 813 1804 873 emptum,
1838 802 2071 873 ﬁnisque

490 887 817 957 estJosephi
865 887 1265 945 llistoriaezde
1290 891 1449 957 cujus
1489 890 1629 960 ston
1681 906 1842 961 supra
1891 891 2072 945 dicere

489 995 732 1034 Illeﬂlllll.

2171 614 2362 677 Γέσιος
2401 613 2638 686 Φλῶρος,
2680 615 2925 667 Ἀλϐίνου
2959 615 3203 684 διάδοχος
3236 630 3251 644 ·
3282 609 3342 669 οὗ
3367 618 3464 685 τὴν
3507 637 3727 694 κακουρ-

2120 717 2133 730 ·
2173 707 2298 774 γίαν
2321 709 2414 758 καὶ
2446 706 2706 776 ὡμότητα
2738 707 2800 758 τὸ
2853 707 3124 759 Ἰουδαίων
3177 707 3329 771 ἔθνος
3387 710 3447 762 οὐ
3490 713 3728 782 φέροντες

2111 806 2128 840 '.
2173 797 2522 857 ἐστασίασαν,
2550 797 2640 870 [99
2694 796 2788 870 IL]
2853 801 3106 870 κρεῖσσον
3165 801 3504 870 ἡγησάμενοι
3553 804 3731 874 ἁθρόον

2175 892 2268 942 καὶ
2328 891 2428 943 σὺν
2470 891 2756 963 ἐλευθερίᾳ
2798 891 2830 961 ἢ
2890 893 3007 944 κατ’
3063 891 3244 960 ὀλίγον
3275 894 3370 946 καὶ
3422 897 3515 949 σὺν
3543 897 3738 972 δουλεία

2175 983 2498 1036 ἀπολέσθαι.
2535 985 2799 1054 Δεύτερον
2828 984 2873 1036 δ’
2901 980 2970 1056 ἦν
2999 986 3045 1016 ⁵⁸
3086 985 3206 1048 ἔτος
3237 986 3336 1057 τῆς
3377 988 3591 1059 Φλώρου
3629 994 3736 1046 ἐπι-

490 1072 721 1140 τροπῆς,
753 1071 1054 1124 δωδέκατον
1105 1071 1164 1124 δέ
1211 1072 1310 1143 τῆς
1361 1073 1618 1144 Νέρωνος
1667 1073 1864 1144 ἀρχῆς,
1902 1073 1989 1126 ὅτε
2020 1074 2048 1126 ὁ
2086 1074 2318 1144 πόλεμος
2364 1073 2639 1146 ἐλάμὸανε
2677 1077 2889 1149 κίνησιν
2914 1094 2929 1109 ο
2971 1079 3028 1132 ἐν
3059 1073 3142 1144 οἷς
3175 1079 3389 1150 καὶτῆς
3419 1081 3652 1153 ἱστορίας
3685 1102 3740 1152 τὸ

499 1167 693 1237 πέρας.
750 1164 876 1229 Οἷος
899 1166 953 1219 δὲ
977 1169 1076 1238 τὴν
1117 1168 1319 1238 φράσιν
1395 1170 1568 1233 ἐστὶν,
1641 1169 1956 1240 ἔμπροσθεν
2006 1170 2245 1241 εἴρηται,

561 1261 744 1316 Genus
775 1263 845 1314 illi
874 1261 1181 1325 Judaicum,
1204 1273 1257 1314 et
1289 1266 1543 1317 sacerdos
1578 1265 1710 1332 ipse,
1738 1264 1906 1334 patris
1932 1279 2066 1332 quo-

486 1369 590 1420 que
636 1357 858 1421 stirpem
900 1370 931 1406 e
971 1355 1348 1409 sacerdotibus
1395 1355 1552 1425 longa
1606 1355 1872 1422 majorum
1924 1355 2067 1408 serie

487 1446 720 1499 ducebat
755 1464 767 1500 :
803 1461 928 1499 nam
975 1456 1150 1500 mater
1196 1447 1329 1515 regii
1361 1448 1641 1516 sanguinis
1690 1447 1790 1501 fuit
1831 1464 1897 1501 ex
1940 1449 2069 1502 Asa-

490 1552 818 1592 monaaorum
865 1539 953 1590 illa
995 1538 1200 1601 sobole,
1237 1555 1361 1606 quin
1410 1539 1719 1593 diutissime
1765 1541 1904 1595 inter
1934 1556 2068 1594 con-

489 1630 719 1684 tribules
749 1631 1056 1684 sacerdotio
1094 1632 1261 1696 potita
1304 1647 1546 1697 summo,
1581 1642 1637 1686 et
1677 1648 1864 1702 regno.
1899 1632 2070 1688 Natus

487 1740 617 1795 ergo
650 1724 922 1792 Joseplius
948 1740 1015 1778 ex
1041 1725 1128 1779 illa
1150 1735 1345 1788 matre,
1381 1735 1434 1779 et
1465 1725 1713 1791 Mattliia,
1753 1725 1889 1796 53b
1923 1741 2066 1779 anno

487 1820 661 1886 primo
685 1819 796 1872 Caii
831 1818 1060 1871 Romani
1100 1819 1469 1885 imperatoris,
1494 1818 1606 1888 jam
1645 1819 1770 1873 inde
1801 1835 1829 1872 a
1862 1821 2068 1874 teneris

2248 1263 2403 1315 Ἔστι
2434 1261 2488 1314 δέ
2518 1263 2546 1315 ὁ
2574 1263 2620 1296 ⁸⁸
2651 1261 2915 1333 Ἰώσηπος
2960 1263 3114 1332 γένος
3153 1263 3251 1334 μὲν
3290 1262 3540 1324 Ἰουδαῖος
3578 1267 3744 1338 ἱερεὺς

2174 1356 2272 1407 καὶ
2310 1355 2368 1419 ἐξ
2399 1356 2589 1425 ἱερέων
2622 1356 2691 1408 τὰ
2728 1356 2863 1425 πρὸς
2895 1358 3100 1426 πατρὸς
3129 1357 3337 1411 ἄνωθεν
3362 1360 3740 1429 καταγόμενος,

2175 1448 2239 1500 ἐκ
2269 1447 2546 1516 βασιλείου
2605 1447 2662 1500 δέ
2695 1449 2740 1479 ⁵⁷
2777 1448 2950 1518 φυλῆς
2977 1450 3082 1502 ὑπὸ
3110 1450 3211 1518 τῆς
3241 1451 3479 1520 μητρός’
3512 1453 3620 1505 τῶν
3647 1455 3745 1527 γὰρ

2188 1537 2564 1607 Ἀσαμωναίου
2601 1537 2826 1600 παίδων,
2860 1539 2911 1592 οἳ
2951 1539 3043 1590 ἐπὶ
3090 1539 3436 1609 μακρότατον
3486 1539 3592 1592 τῶν
3623 1543 3745 1610 ὀμο-

2176 1630 2360 1699 φύλων
2391 1631 2712 1701 ἱεράτευσάν
2742 1649 2800 1683 τε
2825 1631 2920 1684 καὶ
2949 1631 3332 1696 ἐϐασίλευσαν,
3352 1635 3386 1703 ἡ
3417 1637 3746 1704 γεννησαμέ-

2175 1741 2241 1791 νη
2299 1723 2590 1792 ἀπόγονος.
2646 1723 2865 1778 Γίνεται,
2905 1723 2968 1792 δὴ
3006 1723 3051 1755 ⁸⁸
3085 1722 3142 1790 ἐξ
3184 1723 3357 1793 αὐτῆς
3391 1723 3488 1776 καὶ
3517 1724 3746 1782 Ματθίου

2175 1813 2318 1867 κατὰ
2350 1813 2411 1866 τὸ
2455 1814 2674 1884 πρῶτον
2712 1813 2831 1876 ἔτος
2877 1814 2977 1884 τῆς
3027 1814 3190 1867 Γαΐου
3237 1815 3526 1884 Ῥωμαίων
3560 1817 3750 1887 ἠγεμο-

485 1912 791 1982 unguieulis
821 1910 1178 1980 philosophia:
1219 1909 1414 1965 studiis
1436 1926 1557 1965 sese
1589 1911 1812 1965 dedidit.
1839 1911 2058 1964 Annum

2169 1906 2280 1968 νίας
2319 1907 2602 1976 Ἰώσηπος,
2662 1908 2727 1960 ὲκ
2771 1908 2900 1970 νέας
2929 1909 3028 1976 μὲν
3078 1909 3409 1976 φιλολογῶν
3445 1911 3572 1978 περὶ
3611 1911 3666 1962 δὲ
3698 1913 3749 1965 τὸ

485 2004 680 2058 deinde
710 2006 988 2073 attingens
1016 2014 1230 2056 sextum
1269 2004 1566 2067 decimum,
1589 2005 1829 2057 animum
1855 2019 2072 2072 quoque

484 2099 550 2151 ad
576 2095 888 2150 Iudaeorum
918 2108 1097 2149 sectas
1125 2095 1330 2164 appulit
1357 2098 1491 2166 (tres
1517 2095 1630 2164 (76)
1661 2106 1840 2149 autem
1878 2112 2064 2148 nume-

487 2186 700 2257 rantur)
743 2202 1039 2255 omnesque
1071 2201 1270 2254 magno
1317 2187 1482 2239 animi
1537 2187 1718 2240 studio
1755 2197 2070 2255 persecutus

485 2290 588 2344 est,
617 2289 672 2330 ut
695 2279 934 2331 otnnium
955 2288 1112 2347 capto
1143 2278 1536 2346 eXperimento,
1569 2279 1826 2346 Optimam
1855 2278 2069 2331 tandem

483 2371 921 2439 amplecteretur.
954 2370 1131 2438 Atque
1165 2372 1247 2422 hae
1279 2369 1391 2422 fere
1422 2379 1587 2422 secta!
1617 2369 1720 2423 illa:
1745 2388 1757 2422 :
1783 2369 2065 2434 Pharisaei,

487 2462 765 2517 Sadducazi
797 2473 850 2515 et
880 2461 1070 2516 Esseni
1107 2462 1242 2533 (77).
1277 2463 1420 2527 Quas
1447 2479 1568 2515 cum
1603 2464 1983 2531 percurrisset,
2015 2464 2067 2514 in

482 2555 830 2615 solitudinem
851 2555 1075 2617 secedit,
1104 2555 1285 2623 ibique
1304 2555 1416 2607 viro
1436 2567 1545 2608 tres
1560 2570 1733 2614 annos
1754 2556 2066 2624 utitur(78;,

481 2651 570 2716 qui
604 2649 901 2701 solitariam
928 2656 1047 2700 erat
1071 2647 1236 2700 vitam
1267 2659 1483 2700 austere
1502 2647 1708 2714 pridem
1730 2648 2065 2714 complexus,

481 2737 568 2788 cui
633 2736 1015 2789 vestimentum
1072 2733 1328 2787 arborum
1388 2734 1538 2800 folia,
1583 2734 1899 2788 alimentum
1935 2752 2066 2789 Vero

485 2824 665 2878 herbae
699 2831 893 2893 sponte
927 2832 1066 2876 nata:
1114 2822 1427 2892 prmbebant
1459 2840 1472 2876 :
1505 2833 1559 2876 et
1607 2823 1798 2891 frigida
1845 2825 2067 2892 insuper

483 2914 685 2981 saepius
732 2912 968 2964 interdiu
1021 2922 1292 2980 noctuque
1333 2911 1568 2973 laVabat,
1602 2913 1857 2980 puritatis
1883 2913 2063 2966 conti-

489 3005 795 3072 nentizeque
846 3005 1043 3071 gratia.
1079 3003 1215 3056 llinc
1260 3002 1326 3056 ad
1377 3004 1841 3056 undevicesimum
1889 3006 2065 3058 artatis

484 3113 686 3152 annum
732 3096 921 3150 urbem
977 3097 1214 3166 repetiit,
1270 3094 1670 3151 Phariszcorum
1721 3081 2061 3166 potissimum

484 3192 736 3246 interesim
767 3201 1006 3254 secutus,
1026 3207 1185 3259 quam
1208 3192 1255 3244 ei
1291 3191 1403 3244 fere
1434 3193 1670 3246 similem
1705 3191 2058 3262 facitittt(79).

2174 1998 2562 2051 ἑκκαιδέκατον
2602 1998 2721 2061 ἔτος
2766 1999 3006 2066 γεγονὼς
3029 2000 3265 2052 ἐπέϐαλε
3302 2003 3400 2053 καὶ
3444 2003 3564 2064 ταῖς
3610 2004 3749 2074 παρά

2186 2087 2458 2150 Ἰουδαίοις
2481 2088 2724 2158 αἱρέσεσι
2753 2088 2923 2158 (τρεῖς
2954 2088 2998 2141 δ’
3025 2089 3151 2158 εἰσὶ)
3194 2090 3290 2142 καὶ
3319 2092 3503 2151 πασας
3532 2091 3749 2156 εὐτόνως

2176 2180 2362 2250 μετῄει
2395 2180 2535 2251 ὑπὲρ
2551 2181 2646 2233 τοῦ
2682 2181 2871 2234 πασῶν
2903 2183 3100 2252 πεῖραν
3123 2182 3389 2252 εἰληφότα
3419 2183 3638 2236 ἑλέσθαι
3662 2186 3750 2255 τὴν

2172 2269 2402 2336 ἀμείνω.
2442 2266 2563 2319 Εἰσὶ
2595 2268 2642 2320 δ’
2675 2271 2731 2321 αἱ
2775 2268 3020 2339 αἱρέσεις
3069 2270 3360 2340 Φαρισαῖοι
3418 2271 3750 2325 Σαδδουκαῖοι

2172 2363 2266 2412 καὶ
2310 2361 2590 2430 Ἐσσηνοί·
2627 2361 2692 2424 ἃς
2731 2361 2952 2414 διελθὼν
2992 2361 3193 2429 ἔξεισιν
3233 2363 3333 2416 ἐπὶ
3381 2363 3482 2434 τὴν
3534 2365 3750 2436 ἔρημον,

2172 2454 2333 2506 κάκεῖ
2399 2455 2763 2524 συνδιατρίῦει
2839 2454 3114 2530 ἀνθρώπῳ
3175 2459 3284 2508 τινὶ
3348 2457 3444 2509 τὸν
3501 2459 3755 2528 ἐρημικὸν

2170 2546 2420 2600 demam
2445 2548 2558 2614 βίον
2581 2548 2673 2599 ἐπὶ
2707 2544 3072 2618 ἕτητρίαῘΗν
3106 2548 3163 2600 δὲ
3194 2547 3268 2618 τῷ
3295 2548 3573 2619 ἀνθρώπῳ
3607 2550 3755 2622 ἐσθὴς

2171 2638 2274 2708 μὲν
2306 2640 2369 2690 ἐκ
2395 2639 2650 2708 δένδρων,
2684 2641 2778 2692 καὶ
2808 2640 2984 2710 τροφὴ
3001 2640 3109 2693 τῶν
3130 2641 3427 2712 αὐτοφυῶν
3451 2644 3505 2694 αἱ
3528 2641 3755 2711 βοτάναι,

2169 2732 2481 2802 καὶψυχροιῖ
2501 2732 2926 2804 ὓδατοςλουτρὸν
2942 2734 3203 2798 πολλάκις
3221 2735 3431 2804 καὶτῆς
3448 2737 3655 2808 ἡμέρας
3669 2740 3759 2788 καὶ

2167 2829 2263 2896 τῆς
2282 2827 2474 2888 νυκτὸς
2491 2827 2626 2896 πρὸς
2656 2827 2896 2894 ἁγνείαν.
2918 2828 3155 2880 Ἐκεῖθεν
3187 2829 3320 2898 περὶ
3339 2829 3400 2880 τὸ
3420 2830 3760 2881 ἐννεακαιδέ-

2167 2937 2332 2972 κατον
2351 2918 2467 2982 ἔτος
2484 2919 2730 2972 ἐπάνεισι
2752 2921 2888 2990 πρὸς
2902 2920 3000 2993 τὴν
3027 2921 3200 2982 πόλιν,
3223 2923 3330 2991 τὴν
3354 2921 3666 2992 Φαρισαίων
3690 2922 3761 2974 αῖ-

2171 3029 2317 3082 ρεσιν
2334 3014 2599 3082 στέργων,
2614 3015 2680 3083 ἣν
2708 3015 2803 3067 καὶ
2827 3017 2891 3084 τῇ
2915 3014 3044 3086 παρ’
3071 3015 3306 3084 Ἕλλησί
3327 3033 3499 3084 φασιν
3538 3017 3584 3047 δ’
3610 3018 3763 3070 ἐοικέ-

2166 3105 2628 3176 ναιὲπιλεγομένῃ
2655 3107 2888 3177 Στωϊκῇ.
2907 3102 3040 3159 Εἶτα
3063 3107 3191 3176 περὶ
3204 3109 3262 3158 τὸ
3285 3108 3623 3179 τριακοστὸν
3653 3109 3762 3172 ἔτος

2168 3198 2446 3266 πέμπεται
2497 3199 2649 3268 παρὰ
2695 3201 2803 3251 τῶν
2845 3199 3298 3270 Ἱεροσολυμιτῶν
3334 3201 3451 3254 τῶν
3515 3203 3573 3253 ἐν
3617 3203 3768 3255 Γαλιη

483 3301 602 3354 qua:
632 3285 772 3353 apud
798 3297 986 3351 gentes
1006 3287 1191 3340 Stoica
1223 3296 1308 3340 est
1335 3287 1866 3356 appellata.Anuum
1895 3302 2062 3354 agens

2169 3254 2294 3359 λαίᾳ
2343 3254 2659 3360 προνοήσων
2709 3293 2776 3323 ⁸ο·
2812 3254 2986 3364 ἀρχὴν
3017 3254 3422 3364 γὰρ-ταραχῆς
3461 3295 3677 3365 ἐδέχετο
3704 3297 3765 3349 τά

488 3387 678 3446 postea
743 3379 1106 3441 tricesimum,
1139 3381 1206 3432 ab
1242 3378 1752 3447 llierosolymitanis
1804 3380 1870 3431 ad
1917 3378 2065 3432 Gali-

482 3472 632 3535 laaam
665 3472 1064 3540 procurandum
1098 3471 1354 3524 mittitur.
1391 3470 1508 3524 Jam
1549 3471 1692 3524 enim
1741 3471 1947 3524 turbari
1979 3487 2065 3524 res

485 3573 770 3634 cteperant
795 3563 1131 3630 Judaaorum,
1171 3564 1466 3631 multisque
1493 3564 1594 3632 ipsi
1636 3563 1828 3632 agitari
1861 3563 2062 3615 tumul-

480 3657 647 3711 tibus.
689 3656 822 3709 Dein
875 3656 1223 3710 Galilzeorum
1273 3656 1468 3709 ductor
1497 3663 1736 3715 creatus,
1773 3655 2064 3723 rempubli-

477 3764 599 3809 cam
633 3750 772 3802 bene
796 3750 1047 3817 gessit,et
1079 3749 1276 3801 multas
1301 3746 1590 3816 variasque
1619 3746 2060 3816 :emulorum(80)

481 3845 536 3896 in
582 3841 860 3907 republica
901 3839 1334 3894 administranda
1380 3839 1602 3893 insidias
1631 3841 1878 3893 evitavit.
1928 3840 2059 3893 Cum

478 3935 718 3990 inimicis
753 3935 916 3986 etiam
951 3932 1283 3986 moderatius
1318 3935 1547 4000 agendo,
1580 3948 1685 3985 non
1721 3949 1842 3985 raro
1877 3948 1972 3987 eos
2008 3934 2059 3985 in

481 4041 638 4082 suam
695 4025 905 4094 redegit
952 4033 1303 4093 potestatem.
1338 4024 1544 4078 Bellum
1587 4027 1739 4089 item,
1783 4026 1924 4094 quod
1967 4026 2060 4078 atl-

476 4133 670 4174 versus
703 4117 980 4172 Romanos
1011 4118 1210 4171 invitus
1253 4119 1519 4185 susitepit,
1557 4118 1769 4170 l'ortiter
1810 4117 2060 4185 Jotapitis

477 4211 760 4271 sustinuit.
795 4208 964 4266 Vivus
1001 4218 1181 4263 tamen
1216 4211 1269 4264 in
1317 4208 1658 4277 Vespasiani,
1689 4209 2058 4262 Romanorum

2169 3381 2464 3446 Ἰουδαίων,
2521 3381 2748 3444 πολλαῖς
2800 3383 3051 3450 ἀταξίαις
3097 3384 3199 3455 ἤδη
3230 3386 3762 3456 συναλλοιουμένων.

2167 3469 2302 3526 Εἶτα
2334 3475 2427 3527 καὶ
2452 3475 2758 3545 στρατηγὸς
2803 3476 2912 3528 τῶν
2943 3477 3076 3546 περί
3118 3479 3218 3546 τὴν
3250 3479 3564 3534 Γαλιλαίαν
3601 3499 3766 3551 χειρο-

2165 3565 2412 3632 τονηθεὶς
2447 3563 2506 3618 εὖ
2529 3583 2589 3618 τε
2615 3566 2861 3636 προῦστη
2886 3569 2926 3597 ⁸⁸
2963 3567 3057 3620 τοῦ
3081 3567 3292 3632 ἔθνους,
3328 3571 3432 3624 καὶ
3465 3573 3669 3643 μυρίας
3687 3575 3768 3624 καὶ

2166 3657 2574 3720 ποικιλωτάτας
2599 3658 2705 3710 ὑπὸ
2741 3659 2850 3712 τῶν
2882 3659 3454 3730 ἀντιπολιτευομένων
3480 3663 3764 3726 ἐπιϐουλὰς

2167 3748 2406 3810 ὑποστάς
2458 3748 2584 3820 [169
2640 3749 2731 3822 IL]
2767 3751 2947 3814 πάσας
2991 3751 3248 3821 ἐξέφυγε,
3304 3755 3408 3806 καὶ
3460 3757 3701 3825 μετρίως
3725 3755 3764 3785 ⁸³

2165 3843 2278 3902 τοῖς
2319 3842 2532 3912 ἐχθροῖς
2556 3841 2694 3912 ἔχων
2718 3843 3074 3908 ὑπεξουσίους
3101 3843 3146 3874 ⁸³
3166 3844 3443 3910 πολλάκις
3477 3850 3761 3917 ἐχρήσατο.

2164 3933 2275 3984 Καὶ
2303 3931 2393 3985 τὸν
2425 3932 2563 4002 πρὸς
2617 3934 2922 4004 Ῥωμαίους
2957 3934 3194 4005 πόλεμον
3236 3937 3398 3991 ἄκων
3439 3941 3772 4010 ἀναδεξάμε-

2164 4040 2254 4086 νος
2287 4026 2381 4077 καὶ
2414 4025 2674 4096 ἀνδρείως
2717 4025 3029 4094 διενεγκὼν,
3055 4031 3112 4080 ἐν
3150 4029 3520 4096 Ἰωταπάτοις
3554 4035 3602 4063 ⁸⁸
3631 4035 3772 4102 ὅμως

2165 4113 2407 4186 ζωγρεία
2464 4116 2509 4147 ⁸⁸
2577 4119 2976 4189 Οὐεσπασιανῷ
3024 4119 3319 4190 Ῥωμαίων
3377 4123 3513 4176 τότε
3585 4141 3775 4194 στρατ-

2163 4207 2388 4277 ηγοῦντι
2405 4209 2706 4264 ἁλίσκεται.
2728 4208 2858 4266 Εἶτα
2873 4214 3134 4282 τυγχάνει
3156 4213 3274 4268 λίαν
3296 4217 3590 4286 εὐμενοῦς
3612 4217 3774 4271 αὐτοῦ

2161 4303 2285 4356 τότε
2329 4321 2388 4358 τε
2437 4306 2480 4337 ⁶⁰
2530 4306 2619 4358 καὶ
2655 4307 2750 4359 ἐπὶ
2794 4307 2954 4361 πλέον
2993 4307 3282 4377 Ῥωμαίων
3333 4311 3646 4382 ἄρξαντος,
3683 4312 3779 4364 οὐκ

477 4411 700 4460 manum
744 4395 937 4458 sensit,
988 4409 1052 4447 ac
1100 4393 1495 4461 perbenignum
1533 4391 1646 4457 jam
1689 4401 1823 4458 tum,
1853 4403 1906 4444 et
1931 4407 2059 4444 vero

2169 4392 2331 4445 αὑτοῦ
2363 4393 2419 4446 δέ
2461 4395 2623 4464 μόνου
2660 4395 2794 4449 ἀλλὰ
2830 4397 2924 4450 καὶ
2957 4397 3066 4449 τῶν
3099 4397 3306 4449 παίδων
3341 4399 3521 4451 Τίτου
3556 4399 3652 4451 καὶ
3683 4405 3778 4449 Δο-

475 4488 710 4558 amplius
758 4497 1047 4557 postquam
1098 4484 1402 4540 Romanum
1447 4483 1688 4536 obtinuit
1725 4485 2055 4551 imperium:

2169 4487 2422 4556 μετιανοῦ
2437 4489 2502 4540 ἐκ
2527 4488 2777 4560 διαδοχῆς
2803 4491 2844 4519 ⁸⁷
2874 4489 3374 4559 βεϐασιλευκότων,
3389 4491 3472 4555 ὡς
3489 4493 3594 4547 καὶ
3615 4492 3716 4560 τῆς
3733 4491 3779 4522 ⁸⁸

477 4597 656 4649 neque
686 4583 860 4634 solum
894 4581 1046 4633 illum
1077 4580 1234 4632 talem
1265 4587 1522 4645 eXpertus
1552 4589 1656 4639 est,
1681 4579 1774 4629 sed
1799 4578 1959 4630 etiam
1995 4577 2056 4627 li-

2179 4577 2498 4648 Ῥωμαῖκῆς
2538 4584 2724 4648 τυχεῖν
2749 4581 3026 4644 πολιτείας
3055 4582 3148 4632 καὶ
3173 4581 3408 4636 πάντων
3436 4586 3500 4636 ἐν
3543 4583 3781 4652 ἀφθονίᾳ

475 4677 638 4740 beros
687 4672 802 4740 ejus
853 4671 1036 4743 Titum
1089 4685 1154 4723 ac
1203 4667 1610 4732 Domitianum,
1662 4668 1750 4736 qui
1815 4667 2055 4737 parentis

2169 4673 2529 4742 καταστῆναι.
2575 4672 2918 4744 Ἀπηρτίσθη
2967 4673 3000 4744 ὴ
3058 4674 3101 4704 ⁶⁹
3156 4674 3378 4743 ἱστορία
3444 4675 3540 4742 νς⁹
3589 4675 3784 4745 ἄγοντι

476 4305 652 4375 copiis
682 4302 947 4372 pra-fecti,
983 4313 1309 4372 potestatem
1345 4304 1492 4355 venit
1522 4320 1534 4355 :
1573 4316 1732 4369 quem
1777 4302 1829 4354 in
1867 4318 1924 4354 se
1961 4303 2060 4354 liu-

1740 4849 1977 4904 VARIIE
2013 4849 2420 4905 LECTIONES.

532 4948 577 4980 ⁸⁵
595 4947 638 4999 δ’
662 4942 730 5017 ἦν
752 4947 836 5022 A__:
870 4945 932 5015 δὴ
965 4963 1025 5009 ς’.
1062 4946 1167 5022 ⁵6ηὸ
1199 4947 1322 4999 add.
1350 4946 1416 5000 Α.
1447 4946 1588 5022 "utr.
1612 4945 1736 5022 gae.
1769 4965 1829 5009 ς.
1866 4948 1910 4979 ⁵⁸
1939 4947 2006 5022 δῂ
2034 4948 2078 4999 Α
2099 4963 2124 5022 _:
2157 4947 2222 5016 δὴ
2256 4945 2350 5022 ουν
2378 4964 2439 5010 ς.
2580 4947 2993 5022 (pater/[malim
3022 4966 3212 5022 φησιν.
3243 4948 3316 5022 cf.
3369 4949 3617 5022 Ioseph.
3648 4951 3779 5022 ,Vit.

472 5024 506 5071 ‘2
559 5030 701 5072 extr.
783 5019 828 5048 ⁶⁰
858 5017 1295 5087 προνοησάμενος
1337 5035 1396 5080 ς.
1475 5017 1515 5046 ⁶¹
1551 5018 1792 5085 προέστη
1825 5035 1886 5080 ς.
1963 5018 2006 5048 ⁶¹
2045 5020 2263 5087 μέτριον
2293 5017 2357 5069 Α.
2464 5017 2511 5048 ⁵³
2535 5019 2868 5083 ὑπεξουσίως
2914 5023 2978 5081 Α,
3009 5017 3359 5084 ὑπεξουσίοις
3396 5039 3463 5084 ς’.
3519 5017 3534 5022 ’
3617 5021 3665 5054 ⁸⁸
3696 5025 3784 5076 ἱα-

470 5091 733 5162 ταπ-άτοις
764 5107 823 5152 ς.
878 5088 922 5119 ⁵⁵
953 5085 1194 5158 ζωγρείᾳ
1220 5105 1362 5143 corr.
1393 5089 1434 5141 A
1464 5105 1476 5140 :
1501 5087 1746 5156 ζωγρίαν
1789 5105 1848 5152 ς.
1905 5087 1949 5120 ⁶⁶
1975 5085 2097 5140 τότε
2117 5085 2178 5140 τε
2201 5088 2244 5138 Α
2275 5103 2288 5139 :
2324 5103 2384 5138 τε
2418 5087 2541 5140 τότε
2579 5106 2637 5152 ς.
2703 5089 2744 5121 ⁸⁷
2771 5089 2910 5142 κατά
2944 5088 3193 5160 διαδοχὴν
3222 5107 3283 5153 ς.
3340 5092 3391 5123 ⁸⁸
3425 5095 3536 5162 τῆς
3563 5110 3682 5149 οιιι.
3711 5096 3781 5150 Α.

471 5159 594 5233 “lli
652 5161 762 5231 δὲή
792 5178 851 5223 ς·

1971 5339 2202 5397 NOTAE.

543 5456 655 5527 (76)
684 5457 768 5527 De
825 5457 1023 5526 quibus
1066 5458 1290 5524 cepiose
1345 5456 1404 5508 υ.
1440 5457 1638 5527 Baron.
1694 5456 1843 5511 card.
1896 5456 2052 5510 initio

472 5526 603 5581 tom.
632 5528 684 5580 1.
737 5526 932 5581 Annal.
968 5527 1170 5596 ﬂecctes.
1213 5529 1275 5581 Et
1326 5539 1512 5581 noster
1557 5526 1732 5580 Nieol.
1769 5528 2053 5582 Serrarius

475 5597 739 5662 singulari
778 5614 879 5652 suo
909 5598 1310 5664 Triltazresium
1345 5598 1629 5665 Opusculo.

547 5668 658 5736 (Π)
708 5666 844 5721 Vide
893 5667 1173 5721 Philonem
1228 5668 1474 5722 Judaeum
1531 5667 1622 5721 lib.
1669 5667 1824 5732 Quod
1876 5668 2050 5721 omnis

473 5737 667 5802 probus
702 5738 853 5802 liber,
885 5739 938 5792 in
977 5738 1121 5793 med.
1148 5749 1202 5793 et
1236 5740 1330 5791 lib.
1364 5737 1441 5790 De
1470 5738 1580 5788 vita
1621 5739 2046 5806 contemplativa,

476 5818 604 5890 toto.
669 5807 824 5862 Suid.
872 5823 1088 5877 quoque
1170 5812 1399 5864 vocibus
1451 5808 1694 5868 Ἐσσαῖοι
1755 5821 1809 5871 et
1879 5810 2049 5878 Φαρι-

474 5893 639 5933 σαιοι.

2235 5457 2346 5539 (78)
2375 5457 2470 5539 βοὶ
2499 5475 2692 5514 nomen
2729 5459 2900 5525 Bano,
2931 5468 3066 5516 teste
3103 5456 3343 5528 Josepho
3393 5456 3505 5513 lib.
3553 5458 3634 5512 De
3669 5460 3784 5513 vita

2155 5539 2512 5668 “litigiini'i'igi;
2543 5599 2680 5654 forte
2708 5609 2760 5652 et
2797 5600 2885 5654 illa
2932 5599 3114 5652 Stoica
3161 5600 3432 5667 dogmata
3466 5614 3498 5650 a
3532 5599 3783 5652 Philone

2158 5681 2387 5723 tractata
2434 5673 2658 5740 singulis
2709 5672 2904 5724 libellis
2937 5691 2946 5723 :
2981 5668 3184 5723 Omnes
3223 5671 3441 5738 probos
3471 5687 3609 5724 esse
3637 5672 3781 5724 libe-

2154 5757 2268 5802 ros,
2299 5751 2352 5793 et
2384 5757 2570 5794 omnes
2601 5743 2874 5810 improbos
2909 5757 3032 5795 esse
3060 5756 3266 5794 servos.

2225 5811 2429 5938 380_)~ln
2477 5811 2673 5882 quibus
2713 5811 2898 5868 Justus
2948 5811 3286 5867 Tibericnsis
3338 5811 3416 5865 de
3477 5827 3598 5884 quo
3652 5826 3777 5879 sup.

2265 5924 2275 5934 .
2305 5899 2394 5936 oo.

2157 5899 2275 5939 ςοα.
2305 5899 2394 5936 00.
