3926 6482
229 439 322 500 2:5
891 477 898 484 -
1217 443 1746 510 BIBLIOTHECA.
1766 474 1835 487 --
1862 451 2026 514 COD.
2073 454 2366 517 LXXVII.

3360 457 3476 520 248

232 544 467 608 ἐνιαυτὸν,
486 543 772 615 Ῥωμαίων
792 546 1126 617 Δομετιανοῦ
1150 546 1268 614 ἔτος
1299 552 1401 622 τῆς
1431 555 1610 626 ἀρχῆς
1633 555 1766 625 ἄγον

1893 561 2178 630 imperium
2208 564 2401 618 ordine
2433 570 2798 632 exceperunt,
2825 570 2881 616 ut
2915 573 2969 618 et
2998 563 3252 618 Romana.
3277 566 3348 620 sit
3383 570 3468 623 ci-

231 658 307 700 τος
333 638 375 668 ’θ
393 636 856 708 τρισκαιδέκατον.

1888 653 2058 708 vitate
2092 655 2347 716 donatus,
2394 654 2683 722 multisque
2724 655 2919 724 Opibus
2952 667 3164 710 auctus.
3203 659 3466 714 Absoluta

234 740 291 790 ait
329 751 384 789 eo
428 733 664 786 historia!
723 735 954 805 scriptio
1002 749 1158 795 sexto
1211 751 1267 796 et
1319 742 1772 816 quinquagesimo
1811 750 1989 802 aetatis
2032 764 2196 813 anno,
2264 751 2478 820 imperii
2532 766 2664 805 vero
2701 751 2999 806 Domitiani
3076 752 3305 807 Romani
3356 756 3465 811 Au-

237 829 357 897 gusti
387 825 533 880 tertio
569 825 803 880 decimo.

937 927 1054 979 OZ'.

243 1014 511 1071 Εῠναπίου
533 1013 1147 1142 Χρονικῆςὲέστορίίξς
1159 1020 1270 1089 τῆς
1281 1022 1434 1093 μετὰ
1449 1021 1771 1095 Δέξιππον,

907 1107 999 1142 τοι
1031 1109 1093 1142 ις
1115 1133 1130 1142 .

907 1107 999 1157 τοι
1031 1107 1102 1155 ις·
1115 1133 1130 1146 .

321 1177 598 1248 ’Δνεγνὼσθη
644 1178 926 1235 Εύναπίου
978 1186 1277 1254 Χρονικῆς
1339 1189 1635 1260 Ἱστορίας
1673 1191 1773 1262 τῆς

267 1275 377 1345 μετὰ
403 1271 655 1336 Δέξιππον,
711 1272 841 1336 νέας
889 1276 1177 1344 ἐκδόσεως,
1215 1283 1273 1334 ἐν
1322 1283 1549 1354 βιϐλίοις
1580 1303 1772 1339 τεσσα-

257 1365 519 1436 psmﬂaxz
550 1363 617 1418 ".
658 1365 926 1437 Ἀρχεται
967 1369 1067 1438 μὲν
1099 1375 1201 1442 τῆς
1249 1375 1490 1446 ἱστορίας
1521 1377 1629 1431 ἀπὸ
1671 1379 1772 1448 τῆς

249 1456 460 1511 Κλαυδίου
484 1455 780 1526 βασιλείας,
809 1462 864 1523 ἐς
899 1462 957 1514 ὃν
987 1464 1244 1537 Δεξίππῳ
1296 1469 1342 1499 ⁷²
1369 1470 1400 1538 ἡ
1437 1471 1645 1539 ἱστορία
1666 1488 1768 1525 κα-

240 1549 438 1616 ταλήγει,
484 1548 830 1623 ἀποτελευτᾷ
865 1552 921 1605 δὲ
955 1555 1036 1617 είς
1064 1556 1163 1626 τὴν
1202 1557 1464 1628 Ὀνωρίου
1504 1563 1598 1614 καὶ
1646 1563 1769 1632 Ἀρ-

236 1638 387 1692 καδίου
413 1638 514 1690 τῶν
539 1639 826 1695 Θεοδοσίου
870 1646 1077 1699 παίδων
1118 1649 1413 1718 βασιλείαν,
1434 1653 1642 1706 ἐκεῖνον
1678 1655 1768 1706 τὸν

232 1733 386 1800 χρόνον
415 1731 558 1794 τέλος
588 1736 694 1801 τῆς
720 1735 962 1806 ἱστορίας
986 1741 1375 1810 ποιησάμενος,
1397 1743 1456 1796 ὃν
1485 1745 1772 1814 Ἀρσάκιος

234 1825 328 1893 μὲν,
359 1821 441 1874 τοῦ
478 1826 688 1892 χρυσοῦ
706 1828 805 1898 τῆς
845 1830 1172 1901 Ἐκκλησίας
1211 1837 1478 1904 στόματος
1521 1838 1768 1892 Ἰωάννου

2544 927 2802 984 LXXV".

1951 1023 2184 1092 Euuapii
2226 1022 2604 1078 Chronicorum
2655 1034 2769 1091 post
2798 1021 3096 1092 Demippum
3128 1023 3250 1075 libri
3281 1039 3413 1077 xm-

1952 1184 2097 1238 Lecti
2138 1194 2264 1238 sunt
2317 1184 2540 1252 Eunapii
2581 1181 2692 1254 (8t)
2738 1198 2890 1237 nova:
2930 1179 3316 1236 'CIn-onicorum
3349 1191 3470 1250 post

1881 1278 2178 1347 Dexippum
2206 1277 2458 1331 editionis
2491 1279 2612 1332 libri
2647 1280 3083 1347 quatuordecim.
3128 1277 3468 1333 Narrationis

1878 1369 2087 1421 initium
2135 1384 2163 1420 a
2193 1368 2400 1422 Claudii
2454 1369 2660 1423 Caesar.
2713 1369 2942 1438 imperio
2990 1369 3160 1432 ducit,
3208 1371 3260 1422 iu
3312 1385 3468 1435 quem

1875 1461 2099 1532 Dexippi
2152 1462 2376 1516 historia
2433 1461 2643 1524 linitur,
2694 1461 3005 1530 desinitque
3052 1464 3103 1515 in
3147 1461 3365 1516 lionorii
3413 1473 3477 1520 et

1872 1552 2088 1606 Arcadii
2130 1553 2421 1607 liberorum
2467 1554 2754 1608 Theodosii
2804 1563 3069 1622 tempora,
3107 1565 3166 1608 ιιι
3200 1565 3326 1609 tuuc
3355 1557 3472 1609 his-

1880 1647 2030 1701 toria-3
2059 1663 2170 1702 suae
2198 1649 2488 1702 terminum
2517 1660 2703 1718 ponat,
2739 1652 2957 1720 quando
2991 1653 3271 1718 ArSacius,
3329 1651 3470 1724 54a

1876 1738 2073 1794 Joann.
2129 1741 2518 1812 Chrysostomo
2567 1745 2956 1809 exterminata,
2999 1743 3191 1797 solium
3227 1743 3470 1812 episcopi

1876 1834 2181 1903 occupavit,
2229 1835 2553 1905 Arcadiique
2585 1837 2931 1904 imperatoris
2967 1852 3104 1890 uxor
3132 1837 3375 1915 gravida,
3410 1847 3465 1890 et

227 1917 561 1980 ἀπελαθέντος,
597 1921 686 1982 εἱς
709 1920 802 1973 τὸν
824 1923 1213 1995 ἀρχιερατικὸν
1241 1929 1428 1999 θρόνον
1459 1931 1766 2001 ἀνηγμένος

1877 1942 1992 1980 mox
2025 1927 2319 1989 abortieus,
2374 1927 2476 1981 vita
2508 1928 2762 1983 decessit.
2811 1930 3090 1999 Eunapius
3122 1930 3210 1983 hic
3243 1928 3471 1985 Sardis-—

227 2011 495 2078 ἱεράτευεν,
540 2016 572 2083 ή
618 2016 680 2068 δὲ
720 2017 816 2070 τοῦ
863 2019 1243 2088 βασιλεύοντος
1287 2025 1571 2095 Ἀρκαδίου
1629 2027 1766 2097 γυνὴ

225 2105 334 2156 κατὰ
361 2105 584 2176 γαστρὸς
637 2108 835 2177 ἔχουσα
882 2113 977 2164 καὶ
1021 2114 1358 2184 ἁμόλώσασα
1385 2117 1476 2170 τὸν
1508 2119 1622 2188 βίον
1658 2120 1766 2172 ἁπ-

224 2199 386 2250 ἐλιπεν.
407 2193 570 2262 Οὗτος
596 2203 632 2254 ὁ
662 2202 931 2266 Εύνάπιος
961 2205 1256 2275 Σαρδιανὸς
1281 2208 1381 2278 μὲν
1413 2208 1538 2281 [100
1559 2210 1653 2282 H.]
1672 2211 1764 2279 γέ-

223 2308 289 2350 νος
323 2290 424 2340 ἐστὶ
451 2290 568 2358 (τὰς
595 2291 713 2362 γὰρ
761 2295 820 2346 ἐν
861 2295 1030 2366 Λυδία
1063 2295 1288 2366 Σάρδεις
1316 2297 1441 2368 ἔσχε
1481 2299 1762 2370 πατρίδα),

224 2379 441 2450 δυσσεδὴς
487 2381 544 2434 δὲ
592 2382 701 2452 τὴν
746 2381 1046 2452 θρησκείαν
1085 2384 1160 2438 ὢν
1205 2387 1295 2454 (τὰ
1335 2387 1608 2460 Ἑλλήνων
1655 2394 1764 2460 γὰρ

225 2471 392 2540 ἐτίμα),
419 2475 542 2536 τοὺς
583 2475 692 2542 μὲν
724 2476 976 2548 εὐσεϐείᾳ
1012 2478 1111 2549 τὴν
1140 2478 1418 2548 βασιλείαν
1447 2483 1760 2552 κοσμήσανο

220 2580 296 2624 τις
321 2565 467 2616 παντὶ
499 2566 700 2637 τρόπῳ
730 2568 826 2620 καὶ
856 2569 1054 2639 ἀνέδην
1089 2571 1331 2636 κακίζων
1367 2572 1635 2642 διασύρει,
1668 2575 1762 2625 καὶ

226 2657 416 2724 μάλιστά
442 2675 504 2724 γε
525 2658 627 2711 τὸν
657 2659 833 2729 μέγαν
861 2662 1292 2724 Κωνσταντίνον,
1321 2663 1529 2733 ἐξαίρει
1562 2665 1618 2717 δὲ
1635 2666 1763 2727 τοὺς

1868 2036 1970 2074 nus
2004 2035 2201 2088 genere
2237 2020 2526 2091 (Sardibus
2557 2023 2701 2075 enim
2736 2021 2919 2094 Lydiae
2955 2023 3140 2092 natus)
3166 2024 3313 2090 quod
3336 2021 3470 2091 gen-

1869 2113 1999 2162 tium
2055 2114 2305 2182 dogmata
2341 2123 2687 2181 sequeretur,
2742 2129 2846 2168 non
2877 2129 3069 2184 parum
3100 2114 3299 2182 impius
3346 2114 3465 2166 fuit°

1867 2204 1966 2270 Qui
2006 2220 2135 2273 ergo
2167 2206 2365 2272 pietate
2414 2204 2674 2272 singulari
2717 2205 3004 2274 imperium
3045 2217 3331 2269 ornarunt,
3364 2221 3460 2260 eos

1865 2297 2090 2350 omnino
2122 2297 2346 2365 largiter
2385 2297 2622 2362 vellicat,
2649 2309 2810 2367 atque
2841 2298 3097 2361 traducit,
3128 2299 3489 2366 maximeque

1872 2391 2110 2442 omnium
2150 2389 2264 2459 (89.)
2306 2389 2723 2443 Constantinum
2775 2388 3061 2460 Magnum;
3107 2389 3304 2458 impios
3336 2405 3469 2441 ron-

1874 2489 1953 2531 tra
1988 2481 2220 2546 extollit,
2259 2496 2320 2534 ac
2349 2498 2460 2550 prae
2492 2483 2705 2536 cmteris
2731 2479 3005 2536 Iulianum
3040 2483 3375 2552 Apmtatam,
3411 2489 3472 2534 ιιι

1873 2573 1984 2626 fere
2018 2573 2080 2627 ad
2121 2574 2260 2628 hunc
2286 2573 2613 2628 laudandum
2639 2573 2957 2629 historicum
2997 2575 3162 2630 hocce
3191 2587 3328 2642 opus
3358 2572 3472 2629 cla-

1871 2665 2093 2720 borasse
2125 2665 2396 2721 videatur.

219 2748 488 2815 δυσσεϐεῖς,
519 2749 624 2804 καὶ
652 2751 762 2804 τῶν
809 2752 988 2806 ἄλλων
1032 2754 1195 2807 πλέον
1253 2756 1544 2810 Ἰουλιανὺν
1575 2756 1666 2811 τὸν
1696 2758 2050 2828 Παραῧάτην,
2092 2759 2188 2812 καὶ
2229 2759 2416 2829 σχεδόν
2459 2777 2514 2813 τι
2544 2759 2607 2813 τὸ
2647 2759 2748 2831 τῆς
2795 2761 3036 2831 ἱστορίας
3077 2759 3227 2832 αὐτῷ
3261 2763 3340 2825 είς
3409 2763 3472 2816 τὸ

219 2844 388 2895 ἐκείνου
415 2842 698 2914 ἐγκώμιον
736 2845 990 2897 συντεθὲν
1013 2846 1338 2917 ὲξεπονὴθη.

275 2937 406 2989 Ἐστι
446 2937 501 2990 δὲ
546 2938 854 3010 καλλιεπὴς
894 2940 995 3010 τὴν
1047 2941 1274 3008 φράσιν,
1303 2943 1351 2994 εἱ
1387 2942 1630 3012 περιέλοι
1674 2960 1760 3006 τις

217 3029 348 3082 αὐτοῦ
367 3030 468 3081 τῶν
489 3029 674 3097 λόγων
695 3031 752 3083 τὸ
774 3031 941 3084 ἀλεκτ
951 3032 1212 3097 ρυονῶδες
1261 3036 1356 3087 καὶ
1402 3035 1764 3104 ὲλαιρωδέστε-

220 3139 292 3191 ρον
335 3123 421 3174 καὶ
471 3123 874 3194 συωδέστερον,
919 3126 1017 3178 καὶ
1048 3125 1180 3180 δέκα
1212 3129 1256 3159 ⁷³
1282 3129 1409 3191 τοὺς
1443 3128 1764 3198 ἱερακώδεις

220 3217 293 3265 καὶ
330 3214 657 3284 κιρακὼδεις
686 3216 780 3268 καὶ
816 3215 1167 3288 πιθηκώδεις,
1199 3221 1294 3271 καὶ
1342 3221 1404 3273 τὸ
1443 3222 1763 3290 ποταμῶδες

219 3305 433 3374 δὰκρυον,
464 3305 561 3358 καὶ
609 3307 677 3359 τὰ
716 3308 900 3378 ὃμοια·
946 3309 1158 3374 τούτοις
1186 3311 1296 3382 γάρ
1337 3313 1431 3365 καὶ
1467 3313 1563 3383 τὴν
1595 3314 1764 3383 ἄλλην

220 3396 304 3448 τῶν
329 3397 598 3465 ὀιομάτων
644 3397 1101 3469 περιλυμαίνεται
1138 3403 1232 3454 xai.
1275 3403 1574 3456 διανοθεύει
1604 3404 1765 3471 εὐγέ‹

221 3505 354 3541 νειαν.
387 3490 487 3542 Καὶ
515 3492 751 3559 τροπαῖς
807 3492 908 3560 μὲν
937 3492 1204 3562 κέχρηται
1251 3494 1597 3564 παραϐόλως,
1629 3495 1766 3566 ὅπερ

224 3581 338 3647 ὁτῆς
378 3582 616 3651 ἱστορίας
645 3583 745 3635 οὐκ
776 3582 954 3636 ἐθέλει
978 3584 1022 3615 ⁷⁸
1044 3583 1239 3655 νόμος·
1281 3588 1595 3656 ἀφαιρεῖται
1614 3586 1671 3639 δὲ
1705 3587 1766 3640 τὸ

228 3672 384 3724 λυποῦν
414 3675 444 3744 ἡ
473 3674 580 3744 τῆς
614 3675 816 3739 λέξεως
855 3675 1094 3745 ἔμφασις
1135 3678 1206 3730 τὰ
1235 3678 1406 3734 πολλὰ
1437 3679 1529 3732 καὶ
1550 3681 1765 3734 ἀστειό-

229 3783 312 3836 της,
335 3768 403 3838 Τῇ
445 3769 696 3840 συνθήκῃ
725 3769 779 3822 δὲ
810 3771 905 3823 καὶ
934 3770 1012 3841 τῷ
1037 3774 1200 3841 σαφεῖ
1234 3771 1370 3842 πρὸς
1404 3773 1650 3844 ἱστορίαν
1673 3774 1766 3827 καὶ

232 3863 312 3922 ταῖς
348 3863 619 3933 περιόδοις
667 3864 1002 3935 συμμέτρως
1045 3866 1141 3918 καὶ
1171 3867 1388 3929 οἰκείως
1439 3866 1587 3936 ἔχει·
1626 3867 1767 3938 πλὴν

241 3951 393 4023 ἐνιαχοῦ
438 3955 866 4026 δικανικώτερον
911 3957 1112 4027 μᾶλλον
1142 3958 1174 4029 ἢ
1212 3958 1630 4029 ἱστορικὼτερον
1663 3976 1767 4030 ιμει

239 4048 313 4096 στιί
352 4049 440 4101 καὶ
491 4048 818 4118 περιϐάλλει
875 4051 966 4104 τὸν
1012 4050 1190 4118 λόγον.
1224 4050 1556 4121 Νεωτερίζει
1586 4052 1629 4103 δ’
1668 4052 1769 4104 οὐκ

233 4136 341 4203 ὀλίγα
366 4141 456 4192 καὶ
476 4142 725 4211 περἰτάς
762 4141 1067 4208 συντάξεις,
1108 4143 1247 4212 πλὴν
1276 4145 1376 4196 οὐκ
1408 4145 1488 4207 εἰς
1515 4144 1575 4196 τὸ
1601 4145 1770 4214 ἄχαρι

229 4230 305 4282 οὐδ’
326 4234 394 4296 είς
423 4235 482 4287 τὸ
506 4237 630 4298 ταῖς
657 4235 903 4306 μεθόδοις
927 4236 973 4267 ’⁵
1001 4236 1173 4305 λαϐὴν
1204 4233 1509 4288 ἐπιδοῦναι.

276 4499 360 4554 Δύο
383 4501 437 4555 δὲ
459 4501 852 4573 πραγματείας
886 4501 985 4572 τὴν
1014 4502 1186 4571 αὐτὴν
1221 4502 1589 4574 περιεχούσας
1623 4505 1772 4557 ἱστο-

227 4592 724 4670 ρίινσυνεγρὰψατο,
753 4595 982 4666 πρώτην
1006 4596 1100 4648 καὶ
1128 4595 1413 4666 δευτέραν,
1448 4597 1544 4650 καὶ
1581 4598 1639 4648 ὲν
1673 4597 1772 4666 μὲν

225 4687 271 4753 τῇ
313 4684 491 4758 πρώτῃ
545 4687 746 4758 πολλὴν
805 4687 946 4741 κατὰ
997 4691 1097 4758 τῆς
1147 4687 1394 4758 καθαρᾶς
1447 4689 1607 4759 ἡμῶν
1659 4688 1770 4742 τῶν

226 4775 522 4844 Χριστιανῶν
566 4779 806 4842 πίστεως
860 4780 1220 4850 κατασπείρει
1253 4781 1632 4850 βλασφημίαν,
1672 4781 1770 4834 καὶ

225 4869 297 4937 τὴν
327 4869 638 4941 Ἑλληνικὴν
685 4872 1054 4943 ἀποσεμνύνει
1097 4873 1547 4944 δεισιδαιμονίαν,
1595 4871 1768 4926 πολλὰ

225 4959 304 5012 τῶν
352 4963 586 5016 εὐσεϐῶν
646 4963 910 5034 βασιλέων
970 4965 1386 5035 καθαπτόμενος
1418 4981 1431 4994 ’
1470 4966 1528 5018 ὲν
1573 4963 1631 5015 δὲ
1697 4966 1764 5033 τῇ

224 5049 428 5126 δευτέρᾳ,
464 5056 530 5126 ἣν
582 5059 676 5142 καὶ
699 5057 861 5110 Νέαν·
885 5055 1134 5110 ἔκδοσιν
1162 5058 1480 5129 ἐπιγράφει,
1522 5055 1620 5126 τὴν
1669 5055 1767 5126 μὲν

227 5145 388 5218 πολλὴν
415 5147 573 5220 ὕϐριν
603 5149 696 5203 καὶ
725 5147 1039 5217 ἀσέλγειαν,
1075 5150 1141 5220 ἢν
1173 5151 1314 5202 κατὰ
1343 5150 1440 5218 τῆς
1476 5147 1763 5210 εὐσεϐείας

1935 2940 2176 2996 Pulchra
2239 2939 2359 3008 ejus
2411 2939 2598 3001 (ὶίριίο,
2660 2938 2703 2992 si
2765 2939 2889 3009 quis
2945 2940 3048 2992 ista
3116 2939 3392 3009 exceperit
3454 2957 3470 2994 :

1880 3035 2372 3106 Ἀλεκτρυονῶδες,
2411 3035 2511 3088 καὶ
2543 3033 3008 3104 ὲλαιρωδέστερον,
3040 3033 3145 3086 καὶ·
3170 3032 3472 3086 συωδέστε-

1873 3147 1985 3201 ρον,
2017 3131 2114 3181 καὶ
2147 3129 2210 3198 δὴ
2248 3129 2342 3181 καὶ
2384 3128 2512 3190 τοὺς
2557 3125 2907 3196 ίερακὼδεις,
2962 3126 3058 3178 καὶ
3113 3123 3470 3195 κορακὼδεις,

1869 3223 1962 3275 καὶ
2012 3220 2366 3292 πιθηκώδεις,
2400 3220 2494 3273 καὶ
2521 3219 2583 3272 τὺ
2615 3216 2938 3289 ποταμῶδες
2954 3217 3210 3287 δάκρυον.
3245 3215 3299 3270 ld
3334 3226 3417 3269 est
3454 3235 3468 3271 :

1871 3314 2327 3377 Galliuaceosum,
2368 3313 2537 3382 magis
2587 3312 2879 3376 cervinum,
2915 3310 3186 3379 magisque
3228 3309 3468 3372 suillum,

1867 3403 2200 3472 accipitrosi,
2253 3401 2480 3462 carnosi,
2535 3399 2739 3452 simiosi
2760 3436 2774 3460 ,
2807 3408 2853 3450 et
2893 3397 3127 3465 lacryma
3161 3396 3469 3465 (luminosa,

1865 3509 1920 3550 et
1956 3497 2004 3546 id
2036 3509 2206 3563 genus
2239 3493 2366 3546 alia.
2395 3491 2490 3544 llis
2525 3492 2668 3543 enim
2702 3490 2931 3559 aliisque
2962 3490 3204 3552 vocibus,
3229 3503 3460 3557 genero--

1868 3602 1985 3639 sum
2039 3585 2248 3638 dicendi
2294 3599 2462 3652 genus
2502 3583 2826 3651 corrumpit,
2882 3592 3045 3652 atque
3086 3582 3221 3634 adeo
3261 3582 3472 3634 adnite-

1870 3687 1971 3730 rat.
2027 3676 2236 3746 Tropos
2276 3678 2338 3728 ad
2379 3677 2492 3729 lucc
2541 3683 2734 3743 praater
2776 3674 2996 3728 modum
3035 3674 3276 3737 adhibet,
3326 3675 3471 3742 quod

1871 3771 2112 3823 historia:
2171 3769 2252 3822 lex
2317 3777 2482 3822 vetat.
2544 3767 2747 3820 Eximit
2801 3777 2982 3820 autem
3041 3767 3345 3820 molestiam
3413 3775 3466 3816 ut

1868 3862 2161 3929 plurimum
2204 3860 2418 3914 dicendi
2470 3860 2572 3921 vis,
2619 3871 2673 3913 et
2715 3859 3020 3914 urbanitas.
3067 3858 3473 3926 Compositioue

1868 3967 2020 4010 νιινο.
2076 3961 2128 4005 et
2183 3951 2595 4019 perspicuitate,
2661 3965 2724 4004 ac
2773 3950 3014 4017 periodis
3059 3955 3120 4002 ad
3185 3950 3468 4003 historiam

1870 4044 2276 4098 accommodate
2309 4058 2371 4097 ac
2402 4044 2618 4113 proprie
2647 4043 2838 4108 utitur,
2872 4042 2975 4095 nisi
3008 4041 3148 4110 quod
3189 4041 3492 4095 interdum.

1865 4134 2098 4204 juridice
2153 4135 2344 4204 magis,
2415 4151 2577 4203 quam
2629 4134 2890 4188 historice
2963 4132 3170 4201 implet,
3230 4133 3475 4199 texitque

1870 4228 2194 4282 Orationem.
2244 4225 2469 4280 lnnovat
2504 4242 2608 4280 non
2654 4240 2824 4294 pauca
2863 4225 2917 4278 in
2948 4226 3334 4286 construemlo,
3374 4239 3471 4278 ve-

1872 4337 1990 4374 ruvu
2030 4323 2080 4373 id
2124 4335 2230 4374 non
2273 4321 2501 4388 ingrate,
2574 4335 2750 4390 orque
2780 4328 2836 4372 ut
2876 4319 3114 4388 periodis
3171 4319 3471 4389 reprehen-

1874 4411 2066 4465 dendis
2098 4426 2284 4463 ansam
2313 4413 2573 4478 praebeat.

1949 4501 2091 4554 Duos
2122 4509 2302 4552 autem
2349 4509 2547 4562 tomos,
2584 4499 2674 4568 qui
2709 4498 2958 4553 eamdem
3000 4498 3295 4553 Historiam
3324 4513 3477 4552 com-

1873 4589 2202 4660 plectantur,
2276 4589 2517 4658 scripsit,
2587 4591 2844 4657 primum,
2900 4597 2956 4643 et
3009 4592 3328 4644 secundum.
3393 4593 3475 4643 Ac

1876 4681 2042 4751 priori
2079 4680 2321 4748 quidetn,
2376 4680 2561 4732 multis
2587 4680 2638 4732 iu
2668 4680 2942 4733 sinceram
2985 4677 3312 4734 Christiana:
3343 4694 3475 4734 uos-

1878 4783 1976 4826 tne
2008 4771 2126 4825 lidei
2163 4770 2471 4825 doctrinam
2526 4769 2877 4838 blasphemiis
2919 4771 3202 4839 conjectis,
3231 4773 3471 4840 gentium

1874 4875 2062 4920 contra
2095 4863 2471 4918 detestandum
2510 4878 2752 4936 errorem
2783 4864 3075 4932 magniﬁce
3102 4864 3470 4930 commendat,

1877 4956 2045 5010 multa
2085 4969 2302 5024 quoque
2333 4955 2542 5023 piorum
2598 4955 2986 5024 imperatorum
3017 4956 3158 5010 l'acta
3194 4957 3469 5010 mordens.

1873 5048 2060 5102 Altero
2088 5063 2216 5101 vero
2255 5058 2421 5112 ιοιιιο,
2456 5062 2614 5112 quem
2652 5057 2706 5100 et
2733 5063 2934 5102 novant
2962 5048 3256 5103 editionem
3291 5056 3470 5110 vocat,

1865 5143 2137 5211 ingentem
2214 5141 2361 5194 illam
2427 5142 2799 5196 conviciorum
2883 5142 3122 5207 turbam,
3194 5157 3354 5212 quam
3411 5142 3468 5197 in

1448 5302 1688 5359 VAngE
1729 5300 2136 5358 LECTIONES.

277 5424 313 5451 το
333 5425 530 5494 ἔχοντος
559 5445 622 5492 ς.

233 5489 543 5563 lin-gunius:
570 5489 613 5551 ῖῖ
652 5497 715 5553 Α.
780 5499 828 5529 ’³⁸
859 5499 919 5550 οὐ
951 5489 1097 5549 θέλει
1130 5513 1190 5558 ς.
1270 5496 1316 5527 ’⁸
1340 5495 1611 5566 περιόδοις
1636 5511 1696 5558 ς’.

703 5427 749 5459 τι
775 5424 1250 5496 τεσσαρακαὶδεκα
1280 5443 1342 5489 ς’.
1399 5422 2076 5496 εί.ίΒοίεεοηείί..Ειιησρ.
2113 5437 2161 5490 p.
2197 5435 2286 5476 ῐῖ..
2342 5423 2387 5452 τ’
2420 5422 2693 5486 Δεξίππου
2739 5440 2797 5486 ςε
2858 5420 3076 5492 ⁷³δέκα]
3115 5421 3178 5491 δὴ
3199 5421 3291 5473 καὶ
3325 5421 3462 5480 Μειδία.

1706 5612 1945 5667 NOT/E.

293 5726 384 5799 (91)
409 5729 625 5799 Eunapii
660 5741 876 5786 exstant
913 5732 1282 5798 Sophismrum
1315 5733 1434 5785 vita!
1463 5731 1775 5794 Grmcolat.,

236 5797 349 5867 typis
395 5797 760 5865 l’lautihiauis,
807 5813 860 5856 et
918 5806 970 5855 iu
1035 5804 1365 5866 Germania,
1413 5803 1612 5856 additis
1661 5802 1778 5867 ejus

241 5866 506 5939 lmmiomtm
557 5874 890 5942 fragmentis,
937 5888 1003 5928 ex
1056 5875 1138 5926 his
1181 5871 1561 5933 Chaonicorum
1603 5866 1774 5936 libris,

242 5950 344 5999 Quos
384 5944 445 5995 ob
481 5945 907 5999 maledicentiam
961 5946 1012 5998 in
1047 5944 1413 5999 Christianam
1463 5945 1773 6014 religiOuctu

1881 5734 2065 5786 divina
2131 5735 2364 5800 quadam
2418 5731 2754 5799 providentia
2802 5730 3150 5784 intercidisse
3203 5731 3460 5782 arbitror.

1952 5803 2068 5873 (8'2)
2113 5804 2182 5858 Ut
2229 5818 2284 5858 et
2319 5805 2567 5859 Zosimus
2599 5803 2666 5856 dc
2697 5817 2802 5871 quo
2840 5801 2946 5873 inf.
2997 5802 3118 5854 cod.
3167 5800 3256 5858 98.
3295 5802 3466 5873 Quem

1879 5873 1939 5927 D.
2001 5871 2192 5928 Barou.
2270 5883 2306 5925 t.
2382 5873 2420 5925 ΙΙ
2489 5874 2683 5926 Annal.
2741 5872 2925 5926 ποίεε.
2987 5873 3185 5942 passim
3247 5871 3462 5924 refellit.
