3926 6440
215 400 304 464 249
998 398 1527 461 BIBLIOTHECA.
1567 426 1638 435 --
1673 398 1840 461 COD.
1881 400 2478 467 LXXVIII-LXXIX.

3335 406 3444 470 250

218 515 333 568 ἑπτὰ
360 506 444 565 τοῦ
500 509 711 580 πρώτου
754 509 920 580 λόγου
956 512 1116 564 τοῦτο
1156 512 1496 583 παραδηλοῖ·
1529 512 1589 565 οὐ
1637 512 1744 585 μὴν

1863 516 1968 583 ςῑοι·
2004 519 2126 573 vita:
2168 537 2331 575 usura
2364 519 2704 591 contigisset,
2765 528 3013 574 extremo
3042 518 3181 575 libro
3210 521 3443 589 septimo

220 608 332 661 ἀλλὰ
356 605 440 658 καὶ
470 604 784 672 ἑπομένους,
812 605 860 657 εἱ
914 604 975 657 τὸ
1008 604 1107 675 ζῇν
1140 608 1353 676 προσῆν
1386 604 1464 675 τῷ
1506 623 1752 677 συγγρα-

224 705 314 772 φεῖ.
343 700 408 761 ὡς
443 698 528 750 τοῦ
557 697 782 767 ἑϐδόμου
811 698 973 767 λόγου
1001 698 1060 750 τὸ
1088 699 1264 767 πέρας
1294 698 1651 751 ἐνδείκνυσιν.

286 790 418 840 Ἐστι
443 786 480 838 δ’
519 786 545 836 ό
580 786 931 854 συγγραφεὺς
955 786 1342 855 Φιλαδελφεὺς,
1389 787 1440 839 εῐ
1461 804 1546 850 τις
1567 786 1749 851 ἄλλος,

230 879 347 932 κατὰ
374 875 667 944 συγγραφὴν
717 876 965 946 ἱστορίας
1021 877 1264 947 ἄριστος,
1313 877 1572 947 καθαρὸς,
1620 877 1753 931 ἀπέ-

239 989 407 1043 ριττός,
450 968 716 1038 εὑκρινὴς,
762 968 963 1034 λέξεων
1024 970 1143 1034 ταῖς
1194 970 1591 1043 ἀνθηροτάταις
1654 970 1752 1023 καὶ

243 1069 462 1134 εὐσήμοις
486 1065 559 1116 καὶ
583 1064 665 1125 εἰς
697 1064 864 1131 ὄγκον
895 1064 1016 1117 τινὰ
1066 1064 1400 1133 ἀνηγμένοις
1432 1062 1750 1133 χρώμενος·

249 1160 327 1210 καὶ
348 1156 382 1187 ³⁷
400 1154 492 1206 056%
515 1154 561 1205 αἱ
584 1157 983 1224 καινοπρεπεῖς
1007 1154 1173 1225 αὐτῷ,
1207 1155 1330 1207 ὅσαι
1356 1156 1416 1207 τὸ
1447 1156 1752 1223 ἐμφατικὸν

254 1253 327 1304 καὶ
350 1246 497 1315 εὔηχον
517 1246 605 1297 καὶ
652 1248 947 1315 μεγαλεῖον
966 1247 1171 1317 ἔχουσι,
1198 1247 1648 1317 παραϐλέπονται
1680 1247 1748 1279 ⁸⁸·

251 1343 320 1393 καί
341 1338 445 1398 ὁλως
467 1335 505 1365 ⁸⁹
526 1333 706 1388 κανών
740 1337 891 1388 ἐστιν
927 1337 1203 1405 ἱστορικοῦ
1256 1337 1439 1404 λόγου.
1484 1337 1751 1407 Σοφιστὴς

242 1430 279 1481 δ’
323 1424 373 1497 ἧν
414 1426 465 1479 τὸ
517 1428 882 1496 ἐπιτήδευμα,
945 1430 1040 1481 καὶ
1081 1429 1376 1500 ῥητορικῆς
1432 1430 1511 1492 εἰς
1582 1430 1752 1501 ἄκρον

233 1518 469 1590 ἑληὶακὼς,
500 1521 591 1572 καὶ
619 1520 721 1593 τὴν
744 1521 1043 1592 Θρησκείαν
1064 1523 1165 1575 οὐκ
1187 1521 1292 1587 ἔξω
1319 1522 1412 1576 τοῦ
1436 1524 1754 1594 Χριστιανι-

228 1612 302 1669 κοῦ
332 1613 493 1668 θιάσου
520 1612 585 1667 ⁸⁸.

915 1796 1040 1851 οθι.

481 1886 786 1943 Κανδίδου
821 1886 1110 1957 Ἱστορίας
1146 1891 1315 1962 λόγοι
1348 1896 1426 1959 γ’.
1654 1942 1656 1946 ,

270 1979 943 2053 [17511.]Ἀνεγνώσοησαν
980 1982 1243 2036 Κανδίδου
1274 1982 1560 2051 Ἱστορίας
1602 1983 1753 2053 λόγοι

214 2074 350 2141 τρεῖς.
385 2074 645 2141 ’Δρχεται
686 2070 786 2141 μὲν
826 2071 927 2140 τῆς
960 2071 1204 2142 ἱστορίας
1242 2072 1351 2125 ἀπὸ
1382 2075 1481 2142 τῆς
1524 2072 1757 2138 Λέοντος

212 2166 537 2235 ἀναρρήσεως,
574 2163 636 2227 ὃς
666 2159 735 2234 ἦν
765 2164 830 2216 ἐκ
862 2163 1067 2226 Δακίας
1099 2163 1198 2233 μὲν
1228 2164 1326 2233 τῆς
1350 2165 1410 2217 ἐν
1451 2164 1752 2235 Ἰλλυριοῖς,

212 2255 541 2326 στρατιωτικῴ
582 2255 963 2327 παραγγείλας
990 2257 1233 2327 τάγματι
1264 2257 1358 2309 καὶ
1386 2255 1555 2309 τελῶν
1585 2256 1757 2327 ἄρξας

210 2350 291 2401 τῶν
312 2350 359 2399 ἐν
380 2347 721 2419 Σηλυμϐρίᾳ,
746 2348 845 2417 τὴν
868 2347 1145 2417 βασιλείαν
1161 2349 1218 2401 δὲ
1238 2350 1281 2381 ⁸⁸
1305 2349 1509 2420 σπουδῇ
1540 2350 1756 2403 Ἀσπα-

212 2457 280 2509 ρος
318 2438 692 2509 ἐγχειρισθεὶς,
735 2438 796 2504 ὃς
843 2435 913 2511 ἦν
962 2440 1184 2505 Ἀλανὸς
1234 2441 1335 2512 μὲν
1366 2442 1411 2474 ’³
1450 2444 1627 2511 γένος,
1693 2445 1759 2496 ἐκ

210 2535 367 2603 νεαρᾶς
395 2532 447 2586 δὲ
481 2532 966 2604 στρατευσάμενος
984 2534 1226 2606 ἡλικίας,
1252 2535 1347 2588 καὶ
1370 2534 1758 2606 παιδοποιησά-

212 2645 338 2696 μενος
390 2630 452 2680 ὲκ
500 2627 676 2697 τριῶν
714 2628 912 2698 γάμων
954 2628 1365 2700 Ἀρδαὸοὑριον,
1429 2630 1753 2701 Πατρίκιον,

209 2719 580 2791 Ἐρμενάριχον,
618 2721 715 2773 καὶ
747 2719 970 2792 θηλείας
1003 2721 1115 2775 δύο.
1161 2723 1405 2775 Ποιεῖται
1438 2722 1539 2793 μὲν
1572 2725 1601 2776 ὁ
1627 2739 1758 2791 συγ-

205 2814 429 2882 γραφεὺς,
479 2814 557 2879 ὡς
608 2813 847 2886 εἴρηται,
904 2813 1081 2886 ἀρχὴν
1141 2815 1241 2885 τῆς
1276 2813 1325 2845 ⁹³
1363 2815 1606 2888 ἱστορίας
1657 2814 1759 2887 τὴν

203 2905 345 2976 ἀρχὴν
372 2907 464 2976 τῆς
486 2909 722 2970 Λέοντος
752 2906 1053 2978 βασιλείας,
1076 2907 1307 2978 τελευτᾷ
1331 2907 1378 2960 δ’
1405 2908 1485 2972 εἰς
1504 2907 1603 2979 τὴν
1625 2908 1757 2962 ἀνα-

202 3000 424 3067 γόρευσιν
448 3001 833 3056 Ἀναστασίου.
874 3002 1029 3054 Ἐστι
1057 3001 1116 3056 δὲ
1147 3001 1406 3073 πατρίδος
1446 3002 1547 3072 μὲν
1578 3002 1757 3055 Ἰσαυ-

204 3090 317 3158 ρίις,
346 3093 414 3155 ὼς
442 3093 611 3155 αὑτός
658 3110 811 3164 φησι,
847 3093 947 3163 τῆς
979 3092 1266 3163 τραχείας,
1312 3093 1653 3163 ἐπιτήδευμα
1698 3092 1757 3146 δὲ

203 3184 331 3253 ἔσχεν
366 3186 717 3254 ὑπογραφεὺς
761 3186 871 3239 τῶν
910 3188 968 3239 ἐν
1003 3186 1273 3254 Ἰσαύροις
1318 3186 1570 3240 πλεῖστον
1604 3189 1755 3255 ίσχυ⁹

204 3278 398 3330 σάντων.
431 3279 542 3348 Τὴν
579 3279 635 3331 δὲ
681 3278 979 3350 Ορησκείαν
1018 3279 1348 3348 Χριστιανὸς
1379 3275 1447 3350 ἦν
1477 3280 1570 3332 καὶ
1598 3280 1758 3350 61066-

204 3372 351 3437 δοξος·
378 3373 472 3441 τήν
495 3389 560 3424 τε
589 3371 698 3441 γὰρ
722 3372 994 3443 τετάρτην
1029 3372 1246 3424 σύνοδον
1272 3373 1517 3436 ἐπαίνοις
1546 3373 1756 3442 στέφει,

206 3465 414 3528 καὶτοὺς
453 3465 499 3497 ’⁸
532 3464 659 3518 κατ’
704 3464 875 3533 αὐτῆς
911 3464 1376 3535 καινοτομοῦντας
1417 3466 1759 3519 καθάπτεται

206 3558 406 3619 δικαίως,
449 3558 567 3628 Τὴν
614 3558 670 3617 δὲ
724 3558 927 3629 φράσιν
972 3559 1074 3612 οὐκ
1105 3558 1220 3629 ἔχει
1264 3559 1585 3628 πρέπουσαν
1614 3559 1758 3630 λόγῳ

210 3654 443 3724 ἱστορικῷ.
469 3656 610 3718 Ταῖς
642 3670 702 3707 τε
730 3657 839 3726 γὰρ
869 3658 1182 3726 ποιητικαῖς
1211 3654 1423 3720 λέξεσιν
1454 3656 1760 3726 ἀπειροκά-

210 3750 288 3811 iui;
311 3768 360 3802 τε
387 3751 660 3822 κέχρηται
708 3751 804 3802 καὶ
862 3750 1266 3821 μειρακιωδῶς,
1296 3751 1390 3803 καὶ
1435 3752 1467 3820 ἡ
1514 3750 1758 3822 συνθήκη

216 3845 320 3913 αὐτῷ
360 3848 435 3909 εἰς
466 3846 529 3899 τὸ
560 3843 899 3915 τραχύτερον
944 3846 1038 3898 καὶ
1068 3828 1301 3913 δύσηχον
1322 3844 1761 3915 ἐκδιθυραμϐοὖ-

222 3954 297 4001 τοι,
318 3938 498 4008 ὥσπερ
522 3936 596 3992 αὖ
625 3939 788 3991 πάλιν
816 3940 894 4000 εἰς
918 3941 977 3990 τὸ
1004 3937 1362 4007 ἐκλελυμένον
1388 3954 1446 3989 τε
1479 3938 1573 3989 καὶ
1596 3940 1763 4007 ἐκμε-

220 4029 279 4090 ii,-
296 4031 555 4096 ὑπτιάζει.
584 4029 917 4100 Νεωτερίζει
943 4030 1000 4083 δὲ
1019 4031 1113 4084 καὶ
1141 4032 1258 4092 ταῖς
1290 4028 1631 4094 συντάξεσιν,
1660 4030 1762 4081 οὐκ

218 4119 275 4181 εἰς
290 4120 338 4171 τὸ
361 4120 644 4192 γλαφυρὸν
669 4122 867 4192 μᾶλλον
897 4121 990 4174 καὶ
1018 4120 1400 4191 ἐπαφρόδιτον,
1435 4120 1622 4191 ὥσπερ
1647 4120 1762 4173 ἐτε-

216 4231 295 4283 ροι,
315 4217 418 4267 ἀλλ’
443 4215 591 4268 ὥστε
611 4216 880 4285 δυσχερὴς
910 4212 1257 4267 ἀκοῦσαικαὶ
1279 4211 1374 4265 τοῦ
1406 4212 1559 4284 ἡδέος
1590 4214 1762 4284 ὑπερ-

207 4306 337 4375 όριος.
383 4308 534 4379 Πλὴν
587 4308 751 4369 αὐτὸς
804 4305 999 4359 ἑαυτοῦ
1057 4304 1194 4358 πολὺ
1249 4303 1475 4375 βελτίων
1541 4304 1757 4374 ἐνιαχοῦ

207 4400 291 4463 rei;
314 4399 485 4469 λόγοις
531 4402 711 4454 πάντα
743 4400 1051 4469 γενόμενος,
1090 4398 1342 4468 συμμιγῆ
1388 4397 1485 4469 τὴν
1518 4398 1763 4469 ἱστορίαν

209 4492 277 4545 καὶ
303 4493 358 4559 ἐξ
398 4494 807 4564 ἀνομοιοτάτων
858 4490 1115 4562 ἁρμόζων
1162 4491 1471 4544 ἁλίσκεται.
1504 4489 1631 4563 [102
1664 4489 1755 4563 IL]

210 4577 343 4648 Οὗτος
375 4562 720 4656 ἰσχυρίζεται
749 4584 849 4654 τὴν
875 4581 1151 4654 Ἰσαυρίαν
1186 4582 1295 4636 ἀπὸ
1332 4581 1428 4636 τοῦ
1465 4562 1634 4636 Ἥσαῦ
1663 4562 1759 4637 λαέ
1791 4562 1840 4621 D

214 4676 296 4728 δεῖν
320 4678 413 4749 τὴν
445 4676 789 4747 ἐπωνυμίαν.

256 4771 532 4842 Διέρχεται
565 4770 622 4824 δὲ
652 4771 709 4821 ὲν
740 4768 841 4839 μὲν
876 4768 957 4839 τῷ
989 4767 1194 4839 πρώτῳ
1226 4769 1371 4841 λόγῳ
1394 4771 1495 4840 τὴν
1538 4770 1757 4824 Ἀσπα-

211 4879 281 4931 ρος
306 4866 393 4917 καὶ
419 4863 533 4915 τῶν
562 4861 767 4915 παίδων
795 4860 962 4915 αὐτοῦ
999 4862 1340 4926 δυναστείαν,
1382 4862 1480 4934 τὴν
1514 4864 1760 4935 ἀνάρρη-

208 4971 272 5007 σιν
293 4958 373 5011 διὰ
400 4955 496 5009 τοῦ
526 4957 810 5027 Ἀσπαρος
836 4956 1090 5020 Λέοντος,
1121 4954 1211 5015 τὸν
1247 4956 1533 5025 συμδάντα
1555 4959 1622 5028 τῇ
1656 4955 1757 5008 πό-

204 5044 267 5098 λει
289 5050 632 5119 ἐμπρησμὸν,
654 5052 749 5103 καὶ
777 5051 878 5103 ὅσα
908 5051 1155 5121 Ἀσπαρι
1185 5050 1314 5119 περὶ
1339 5048 1533 5101 τούτου
1568 5049 1662 5101 ἐπὶ
1696 5048 1759 5101 τὸ

205 5142 332 5210 κοινῇ
361 5143 641 5212 συμφέρον
667 5141 1100 5212 διαπέπρακται.
1132 5142 1243 5201 Καὶ
1272 5143 1400 5212 περὶ
1430 5142 1682 5195 Τιτιανοῦ
1709 5143 1754 5174 9⁵

1855 609 2146 679 signiﬁcat.

1933 786 2398 859 Philadelphensis
2446 798 2528 845 est
2554 789 2642 843 hic
2691 789 2949 856 scriptor,
2988 794 3043 839 et
3073 785 3118 841 si
3151 783 3271 852 quis
3304 784 3443 837 alius

1854 882 1909 933 in
1935 880 2162 933 historia
2188 878 2471 932 scribenda
2506 877 3007 946 prmslaulissimus.
3038 883 3222 940 utpote
3253 885 3440 938 purus,

1858 972 2077 1025 minime
2128 973 2462 1033 redundans,
2522 985 2627 1023 non
2658 967 2938 1028 confusus,
2991 964 3171 1019 verbis
3207 964 3445 1016 maxime

1855 1063 2080 1128 ﬂoridis,
2125 1080 2187 1117 ac
2223 1062 2653 1133 signiﬁcantibus
2706 1076 2855 1124 usus,
2908 1073 3027 1126 qua:
3071 1058 3136 1109 ad
3174 1057 3443 1123 magnitu-

1855 1157 2034 1210 dinem
2087 1170 2150 1208 ac
2201 1169 2448 1220 pompam
2508 1151 2741 1219 aliquam
2810 1150 3052 1211 tendant,
3111 1161 3178 1200 ne
3231 1145 3444 1199 DOValiS

1854 1250 2073 1320 quidem
2120 1248 2367 1311 vocibus,
2419 1245 2634 1312 quando
2668 1244 2751 1296 ille
2783 1242 3073 1294 vehemens
3114 1238 3241 1308 quid
3267 1248 3321 1291 et
3355 1251 3444 1291 so-

1855 1354 2071 1404 norum,
2130 1347 2222 1389 aut
2263 1335 2621 1405 grauditaleui
2666 1333 2903 1399 aliquam
2953 1333 3174 1395 habent,
3218 1340 3440 1397 praeter-

1856 1430 2056 1484 missis.
2090 1427 2274 1497 Itaque
2316 1435 2786 1493 quantusquantus
2836 1429 2940 1485 est,
2982 1437 3167 1474 norma
3198 1417 3440 1472 historici

1854 1523 2121 1578 sermonis
2163 1531 2267 1584 est,
2298 1518 2442 1589 55a
2479 1517 2775 1586 sopliistam
2821 1530 2947 1568 vero
2984 1528 3188 1581 agens.
3228 1515 3293 1563 ad
3321 1511 3441 1563 rhe-

1858 1617 2039 1671 toricae
2065 1629 2337 1668 summum
2367 1612 2574 1679 apicem
2610 1609 2874 1678 pervenit,
2921 1608 3067 1660 inter
3098 1604 3443 1659 Christianos

1857 1707 2133 1778 religionis
2164 1706 2313 1759 cultu
2350 1704 2739 1758 recensendos.

2530 1795 2769 1853 LXXIX.

2205 1891 2431 1949 Candidi
2465 1888 2828 1944 Historiarum
2852 1888 2977 1941 libri
3006 1903 3088 1946 III.

1934 1986 2085 2043 Lecti
2145 1996 2273 2040 sunt
2332 1983 2558 2037 Candidi
2619 1980 2858 2035 historici
2905 1980 3027 2034 libri
3059 1989 3182 2034 tres.
3221 1977 3445 2032 Inchoat

1857 2079 2144 2135 historiam
2182 2079 2250 2131 ab
2291 2077 2555 2131 electione
2592 2072 2814 2137 Leonis,
2863 2074 2953 2140 qui
2983 2087 3013 2125 e
3039 2069 3202 2125 Dacia
3233 2069 3444 2139 Illyrica

1857 2174 2143 2232 oriundus.
2194 2186 2316 2223 cum
2370 2169 2592 2222 militari
2636 2165 2837 2236 agmini
2871 2165 2983 2236 (91)
3017 2162 3442 2233 Selymbrianis-

1858 2282 1962 2336 que
1991 2265 2304 2320 cohortibus
2334 2271 2619 2332 praeesset,
2662 2259 2886 2325 Asparis
2929 2255 3114 2310 studio
3153 2255 3440 2323 imperium

1858 2363 2086 2431 adeptus
2113 2367 2217 2412 est.
2246 2355 2346 2410 Hic
2380 2362 2557 2425 Aspar
2601 2368 2799 2422 genere
2834 2352 3040 2405 Alanus
3072 2361 3211 2411 erat,
3249 2363 3278 2401 a
3312 2363 3446 2415 pue-

1860 2455 1983 2509 ritia
2019 2450 2273 2506 militiam
2308 2458 2533 2503 secutus
2574 2446 2711 2514 (92),
2755 2443 2847 2513 qui
2879 2444 3050 2497 ternis
3084 2441 3287 2510 nuptiis
3319 2440 3447 2493 tori-

1858 2549 1978 2602 dem
2014 2544 2179 2609 ﬁlios,
2207 2540 2599 2601 Ardaburium,
2644 2537 2961 2601 Patricium,
2993 2532 3444 2589 Ermenarichum

1859 2639 1970 2713 (95)
2000 2639 2242 2707 duasque
2289 2635 2427 2690 ﬁlias
2470 2631 2715 2687 sustulit.
2768 2629 2963 2698 Incipit
3007 2642 3158 2695 ergo,
3192 2625 3267 2678 uti
3304 2623 3449 2677 dixi-

1858 2748 2000 2799 mus,
2031 2731 2327 2787 historicus
2379 2726 2449 2782 ab
2495 2726 2653 2780 initio
2709 2721 2908 2778 Leonis
2955 2718 3303 2790 imperatoris
3351 2717 3452 2770 de-

1856 2825 1986 2881 siuit
2016 2838 2148 2879 vero
2196 2837 2321 2877 cum
2368 2819 2692 2874 Auasrasius
2753 2816 3054 2885 imperator
3102 2810 3453 2864 renuntiatus

1856 2926 1963 2972 est.
1996 2915 2180 2969 Patria
2230 2912 2305 2967 illi
2345 2927 2406 2965 ea
2446 2910 2650 2965 Isauria
2691 2917 2798 2970 est,
2845 2914 2903 2958 ut
2932 2905 3045 2973 ipse
3074 2900 3300 2966 fatetur,
3327 2916 3453 2969 quae

1859 3007 2096 3063 Trachea
2147 3004 2285 3078 [sive
2334 2999 2553 3073 aspera]
2595 2999 2818 3053 dicitur.
2872 2995 3117 3050 Tabellio
3181 2992 3279 3047 fuit
3326 2993 3453 3046 vitae

1858 3105 2113 3160 instituto
2144 3102 2244 3154 sub
2278 3100 2343 3153 iis
2390 3098 2480 3165 qui
2526 3096 2665 3165 apud
2718 3092 2935 3147 Isauros
2970 3099 3225 3160 poterant
3273 3086 3445 3155 pluri-

1862 3215 2006 3251 mum
2039 3213 2052 3250 :
2083 3194 2344 3263 religione
2388 3206 2519 3244 vero
2542 3186 2910 3245 Christianus,
2944 3195 2998 3236 et
3024 3182 3240 3250 quidem
3270 3178 3454 3232 ortho-

1863 3294 2056 3345 doxus.
2108 3288 2368 3354 Quartam
2428 3282 2573 3336 enim
2625 3278 2893 3351 synodum
2946 3275 3196 3329 laudibus
3250 3281 3449 3333 Ornat,

1863 3385 2167 3451 meritoque
2197 3375 2515 3448 perstringit
2537 3389 2654 3437 eos,
2679 3371 2773 3440 qui
2804 3385 2923 3424 eam
2949 3374 3286 3437 Oppuguaut.
3313 3363 3448 3432 Sty—

1864 3479 1971 3531 lum
2008 3476 2168 3529 habet
2194 3470 2439 3525 historia:
2478 3483 2583 3521 non
2618 3466 2753 3519 satis
2790 3462 3282 3516 accommodatum.
3314 3455 3452 3509 Nam

1862 3580 1915 3626 et
1939 3579 2221 3638 poetarum
2265 3564 2555 3634 phrasibus
2601 3560 2721 3613 sine
2769 3556 3007 3618 delectu,
3040 3568 3102 3605 ac
3134 3550 3453 3621 iuveniliter

1862 3661 2126 3723 abmilur,
2174 3664 2229 3710 et
2264 3653 2590 3722 compositio
2632 3649 2754 3718 ejus
2786 3648 2974 3699 durior
3001 3656 3055 3698 et
3087 3647 3318 3706 absona,
3365 3642 3451 3693 di-

1864 3751 2274 3823 tbyramborum
2305 3748 2435 3810 ritu,
2476 3759 2596 3812 quae
2631 3742 2765 3796 alias
2811 3742 3007 3793 iterum
3036 3739 3089 3790 in
3124 3734 3452 3788 dissolutum

1863 3857 2027 3913 atque
2052 3841 2444 3896 iucoucinnum
2494 3837 2775 3892 dilabitur.
2813 3830 3263 3887 Constructiuues
3295 3827 3452 3879 iuno-

1863 3949 1956 3991 vat
2006 3953 2109 3990 non
2164 3936 2228 3987 ad
2279 3944 2533 3987 ornatum
2588 3931 2845 3996 majorem
2884 3942 2948 3981 ac
2980 3932 3343 3981 venustatem,
3398 3929 3455 3970 ut

1866 4029 2059 4098 reliqui
2124 4026 2320 4089 solent,
2375 4024 2470 4079 sed
2522 4023 2616 4087 ita,
2681 4031 2741 4073 ut
2794 4020 2979 4071 auditu
3031 4015 3290 4069 molestus
3340 4011 3454 4072 tiat,

1862 4123 2151 4187 omnisque
2195 4119 2328 4169 adeo
2356 4130 2551 4180 expers
2600 4111 2911 4166 suavitatis.
2958 4106 3233 4159 Interdum
3272 4113 3455 4155 autem

1863 4230 1925 4269 se
1965 4214 2083 4281 ipso
2136 4208 2320 4264 verbis
2390 4208 2582 4261 melior
2638 4217 2863 4274 prorsus
2904 4200 3167 4258 evadens,
3215 4194 3445 4263 promis-

1864 4320 2023 4363 cuam
2056 4302 2366 4364 historiam,
2404 4300 2568 4353 etiam
2622 4312 2690 4351 ex
2730 4295 3027 4348 admodum
3074 4286 3455 4347 dissimilibus,

1866 4397 2202 4452 concinnare
2251 4390 2701 4461 deprehenditur.
2760 4384 2864 4440 Hic
2908 4382 3174 4438 Isauriam
3211 4377 3278 4431 ab
3313 4374 3458 4432 Esau

1866 4504 2068 4546 nomen
2101 4494 2403 4543 mutuatain
2432 4484 2615 4538 dicere
2643 4484 2832 4535 audet.

1859 4790 1865 4797 ν
1940 4760 2127 4817 Primo
2174 4756 2313 4812 libro
2359 4760 2549 4808 narrat
2587 4748 2837 4820 Asparis,
2887 4745 3298 4812 liberorumque
3342 4741 3463 4813 ejus

1867 4854 2189 4926 potentiam,
2221 4858 2275 4903 et
2304 4845 2502 4901 Leonis
2526 4857 2623 4913 per
2675 4843 2937 4909 Asparem
2991 4834 3339 4890 electionem.
3385 4830 3464 4886 De

1870 4949 2024 5003 urbis
2051 4941 2473 5013 conﬂagratione
2496 4945 2715 4997 exorta,
2747 4944 2977 5001 quaeque
3010 4928 3099 4982 hic
3124 4929 3193 4981 ab
3224 4927 3460 4994 Aspare,

1867 5038 2188 5110 reipublicae
2224 5030 2512 5089 commodo
2543 5037 2694 5099 gesta
2730 5026 2866 5081 sint.
2903 5023 2974 5076 De
3019 5020 3240 5077 Titiano
3272 5027 3327 5072 et
3361 5014 3461 5069 Vi-

1866 5143 2053 5199 viano,
2104 5139 2270 5198 utque
2318 5126 2386 5180 de
2421 5124 2528 5178 illis
2582 5121 2761 5190 Aspar
2805 5132 2929 5172 cum
2965 5115 3298 5185 imperatore
3323 5124 3465 5164 con-

1496 5241 1737 5300 νΑιιιιΕ
1775 5232 2187 5301 LECTIONES.

206 5330 408 5430 utam
441 5336 599 5392 omA°
653 5337 699 5368 ⁸⁸
720 5336 1192 5408 παραδλέπονται]
1219 5337 1665 5404 παραδλέπονται
1692 5340 1952 5411 ὥσπερ...
1978 5333 2109 5388 τὸ...
2167 5326 2262 5380 καὶ
2283 5322 2592 5378 τοιαῦθενια
2613 5319 2678 5372 Α.
2737 5317 2784 5349 ⁸⁸
2801 5313 2921 5377 ὅλος
2947 5328 3009 5375 ς.

361 5421 441 5430 κ-..
531 5409 551 5430 ι
652 5410 699 5430 n
737 5411 810 5430 hx.
834 5407 851 5430 1
900 5410 994 5430 με..
1054 5408 1105 5430 ,ι
1154 5426 1185 5430 _
1286 5408 1334 5430 in
1365 5409 1426 5430 -2.
1449 5426 1464 5430 _
1515 5411 1596 5430 Ls
1626 5410 1644 5430 1
1745 5413 1756 5430 ι
1864 5413 1879 5430 ι
1905 5428 1950 5430 ,_
2025 5406 2050 5430 Α
2147 5397 2318 5430 “HT...
2341 5426 2407 5430 ,__
2430 5388 2904 5430 νηιηητηηηιςυτων
2935 5384 3009 5430 Δ,

266 5384 599 5483 ama:
652 5410 699 5440 οι
727 5384 872 5481 1.251“
880 5384 1208 5482 ἐζέΓὲῖξ.
1227 5384 1664 5483 ’Ἳῖῖέἧῖιῖἑῖ
1693 5384 2084 5483 “arma.
2147 5397 2318 5451 ’δτῶν
2340 5426 2407 5437 -
2430 5388 2904 5460 καινοτομούντων
2934 5384 3016 5436 A:

208 5468 446 5531 Labbeus.

3043 5307 3090 5342 °°
3109 5297 3373 5369 Θειασμοῦ
3397 5296 3465 5369 Α,

3102 5377 3153 5410 ³⁵
3192 5368 3468 5427 Τατιανοῦ

1683 5562 1921 5620 NOTAE.

262 5656 364 5729 (9i)
412 5658 594 5711 Τελῶν
647 5660 817 5729 ἄρξας
859 5659 971 5713 τῶν
1023 5662 1082 5712 ἐν
1134 5657 1477 5729 Σηλυμῦρεα.
1514 5657 1763 5713 Thracia:

362 5740 447 5783 est
472 5728 796 5800 Selymbria,
850 5732 917 5784 de
961 5747 1066 5801 qua
1106 5728 1377 5800 Stephani.
1432 5730 1654 5793 Strabo,
1700 5738 1763 5782 et

269 5869 371 5941 (92)
405 5872 503 5940 Qui
533 5887 657 5928 cum
708 5882 933 5946 parente
965 5872 1272 5931 Ardaburio
1310 5870 1752 5929 Valentinianum

1874 5660 2007 5729 imp.
2044 5655 2284 5721 reduxit,
2348 5662 2486 5707 teste
2528 5644 2916 5721 Olympiodoro
2966 5637 3096 5694 intr.
3140 5631 3265 5688 cod.
3301 5626 3372 5684 80
3403 5624 3462 5683 in

1873 5729 2058 5871 ﬂ"('95)
2086 5792 2566 5858 Ilermonarichus,
2592 5782 3016 5847 Armenerichus
3044 5778 3186 5834 idem
3212 5779 3460 5829 vocatur.
