3926 6442
387 401 491 465 251

1518 415 1782 478 PHOTlI
1821 379 2328 481 tumtum:qu
2364 424 2463 486 CP.

3550 427 3654 490 25?.

389 516 644 582 tenderit,
705 527 761 570 et
811 533 932 586 qua:
977 534 1041 575 ac
1095 521 1275 590 qualia
1314 523 1459 580 inter
1505 543 1602 583 eos
1641 531 1803 584 verba
1853 541 1958 584 tum

2070 533 2164 586 καὶ
2195 534 2472 597 Βιϐιανοῦ,
2505 535 2602 588 xal
2652 536 2729 599 ὡς
2754 535 2884 606 περὶ
2916 535 3096 588 αὐτῶν
3137 535 3391 606 διηνέχθη
3431 539 3654 610 Ἀσπαρ

381 606 584 675 jactata
610 608 738 662 sint.
773 607 1162 677 Imperatorem
1195 630 1257 668 ea
1290 630 1354 670 ex
1388 632 1552 672 causa
1598 635 1717 673 cum
1761 621 1970 675 Isauro-

386 715 504 750 rum
542 715 742 769 genere
784 704 1100 758 societatem
1137 707 1352 775 iniisse,
1386 725 1484 778 per
1529 711 1966 769 Tarasicodisam

385 789 835 846 Rusumbladeoti
877 794 939 851 F.
989 812 1150 865 quem
1203 799 1367 854 etiam
1410 801 1706 871 (Zenonem
1763 818 1969 862 mutato

386 881 609 935 nomine
663 885 936 954 vocatum)
992 902 1249 956 generum
1313 891 1417 944 sini
1466 895 1684 957 ascivit,
1741 911 1862 950 cum
1922 899 1968 952 is

385 973 624 1039 priorem
673 973 980 1044 coniugem.
1025 979 1335 1033 mortalium
1378 980 1493 1050 lege
1533 986 1832 1051 amisisset,
1866 988 1969 1041 Ar-

382 1063 672 1118 ttaburium
721 1065 884 1129 item,
929 1067 1066 1138 55!)
1117 1086 1223 1138 quo
1270 1075 1584 1141 imperatori
1639 1079 1968 1135 adversare-

383 1162 494 1219 tur,
524 1155 741 1211 Isauros
793 1175 946 1226 teque
987 1177 1206 1216 suarum
1257 1171 1489 1235 partium
1546 1169 1728 1224 facere
1760 1174 1968 1227 consti-

387 1248 599 1303 tuisse:
641 1262 806 1320 atque
849 1252 1143 1308 Murtiuum
1193 1262 1508 1326 quemdam,
1558 1263 1852 1318 Ardaburii
1886 1265 1968 1319 fa-

387 1341 672 1409 miliarem,
737 1342 1131 1401 Tarasicodiste
1175 1350 1473 1416 indicasse,
1525 1368 1863 1424 quaecunque
1911 1358 1964 1412 in

384 1432 768 1500 imperatorem
816 1440 1222 1495 macltinaretur
1269 1443 1632 1499 Ardaburius.
1684 1448 1967 1513 Quomodo

383 1524 580 1577 eximie
611 1528 859 1595 asperius
885 1531 935 1581 in
963 1531 1078 1586 dies
1101 1545 1385 1588 crescente
1417 1545 1598 1590 mutua
1627 1539 1963 1608 suspicione,

381 1613 812 1684 Leoimperator
857 1623 1128 1691 Asparem
1183 1629 1423 1692 sustulit,
1467 1629 1689 1699 ejusque
1737 1632 1962 1698 liberos,

378 1706 740 1764 Ardabutium
792 1721 847 1767 et
922 1715 1215 1772 Patricium
1268 1721 1536 1776 Caesarem
1565 1743 1578 1777 :
1612 1734 1666 1779 et
1709 1725 1752 1779 si
1784 1724 1967 1780 Caesar

379 1810 602 1868 excepta
667 1803 821 1872 plaga
874 1803 1153 1874 ἱιιοιιὶηοιο
1199 1810 1378 1864 salvus
1429 1814 1622 1878 evasit,
1671 1815 1959 1885 vixitque;

378 1900 433 1943 et
453 1890 590 1946 alius
609 1891 734 1945 item
757 1895 821 1947 de
839 1895 1061 1966 Asparis
1087 1897 1208 1952 filiis
1229 1899 1649 1956 Armenericltus
1666 1903 1802 1975 (94),
1822 1908 1962 1974 quod
1997 1897 2037 1951 Β

380 1985 595 2035 alieSset
617 1993 731 2038 tum
762 1985 898 2040 forte
918 2003 945 2040 a
967 1999 1137 2056 patre,
1163 1995 1359 2045 caulem
1384 1993 1603 2060 perinde
1625 1995 1828 2066 effugit.
1854 1996 1963 2051 Ta-

379 2074 732 2130 rasicodisam
767 2093 896 2143 ergo
919 2080 1020 2135 sibi
1063 2098 1340 2151 generum,
1384 2087 1507 2140 data
1550 2087 1784 2141 Ariadna
1827 2089 1957 2155 tilia,

382 2165 675 2233 imperator
689 2170 899 2236 ascivit,
920 2171 1298 2244 Zenonemque
1313 2179 1526 2230 nomina
1539 2189 1646 2232 tum
1662 2179 1798 2251 (95),
1814 2197 1965 2236 exer-

380 2257 520 2311 citus
555 2261 605 2313 iu
639 2261 858 2317 Oriente
903 2265 1096 2320 ducem
1135 2269 1362 2322 creavit.
1408 2269 1595 2325 Refert
1626 2275 1818 2330 deinde
1842 2292 1962 2345 qua:

381 2349 434 2402 in
474 2350 656 2406 Africa
706 2357 942 2410 secunda
1006 2359 1346 2430 adversaque
1377 2367 1609 2431 gesserit
1639 2366 1956 2422 Basiliscus.

381 2438 615 2497 Leonem
673 2460 889 2515 quoque
954 2449 1121 2502 multa
1179 2454 1448 2508 volentem
1519 2457 1958 2528 molientemque,

377 2541 485 2596 quo
526 2527 798 2587 Zenonem
851 2550 1108 2602 generum
1174 2540 1553 2610 imperatorem
1597 2551 1958 2614 renuntiaret,

378 2619 536 2686 plebe
582 2637 941 2692 repugnante,
997 2629 1219 2685 minime
1269 2633 1319 2686 id
1362 2635 1577 2703 quidem
1622 2637 1833 2693 efﬁcere
1866 2657 1960 2709 po-

379 2711 575 2767 tuisset
634 2731 648 2767 :
707 2718 802 2768 sed
865 2719 1025 2786 paulo
1083 2733 1207 2776 ante
1274 2726 1506 2793 obitum,
1585 2743 1834 2800 nepotem
1892 2752 1958 2789 ex

376 2802 613 2857 Ariadna
642 2816 692 2859 et
733 2805 952 2864 Zenone
997 2823 1203 2880 natum,
1251 2831 1505 2873 creasse:
1557 2821 1627 2875 ita
1662 2834 1779 2890 post
1817 2824 1957 2878 Leo-

381 2893 463 2945 nis
505 2909 787 2951 excessum
816 2915 845 2952 a
891 2900 1074 2957 Leone
1117 2905 1227 2960 lilio
1273 2906 1543 2964 Zenonem
1596 2926 1827 2982 patrem,
1867 2935 1958 2972 as-

378 2989 890 3057 sentientesenatu,
971 3011 1092 3050 esse
1168 3000 1550 3067 imperatorem
1613 3023 1954 3067 coronatum.

377 3076 516 3131 Hinc
551 3080 859 3136 Isaurorum
907 3095 1138 3142 stemma
1178 3107 1271 3160 per
1317 3099 1487 3150 series
1536 3099 1829 3171 descripsit
1860 3121 1956 3158 au-

381 3181 521 3235 ctor,
584 3183 746 3240 atque
794 3177 916 3232 illos
963 3195 1085 3236 esse
1135 3182 1275 3238 Esau
1313 3198 1555 3254 posteros
1603 3209 1668 3247 ac
1718 3197 1956 3251 sobolem

374 3262 620 3317 studiose
652 3270 980 3332 persuadere
1008 3285 1256 3329 conatur.
1295 3276 1368 3330 Ut
1403 3293 1429 3329 a
1470 3278 1666 3334 Veriua
1696 3285 1954 3352 tleceptus
1986 3257 2026 3312 Ο

374 3352 556 3408 Zenon
595 3357 727 3428 (96),
765 3362 962 3429 fugerit
1011 3380 1134 3417 cum
1190 3383 1366 3424 uxore
1409 3387 1470 3426 ac
1513 3385 1685 3429 matre
1706 3394 1770 3430 ex
1803 3379 1954 3444 urbe,

373 3446 748 3517 imperioque:
783 3463 946 3521 utque
995 3454 1192 3509 Verina
1231 3474 1329 3528 spe
1372 3465 1698 3532 adjungendi
1724 3469 1823 3522 sibi
1858 3469 1960 3523 Pa-

373 3538 589 3592 tricium
625 3543 961 3611 magistrum,
1001 3545 1226 3617 fereque
1252 3563 1311 3603 ttt
1341 3552 1661 3622 imperaret,
1697 3575 1954 3628 generum

371 3646 530 3683 suum
565 3630 885 3708 [Zenonem]
921 3635 1307 3710 fugaveritpcr
1329 3642 1597 3708 fraudem,
1629 3665 1749 3717 quze
1779 3662 1954 3708 tamen

370 3736 497 3788 spes
522 3738 641 3776 eam
675 3725 947 3792 fefellerit,
974 3747 1093 3784 cum
1126 3733 1182 3797 ii,
1216 3736 1305 3802 qui
1336 3736 1386 3789 in
1418 3739 1740 3804 magistratu
1774 3755 1953 3809 erant,

372 3811 702 3867 BasiliSt-um
759 3818 876 3885 ejus
950 3818 1174 3875 fratrem
1241 3825 1625 3896 imperatorem
1686 3839 1960 3890 renuntia-

373 3915 518 3957 runt.
557 3905 629 3958 De
659 3907 964 3963 Isaurorum
998 3915 1298 3970 incredibili
1353 3918 1954 3995 Coustautinopolitana

371 3995 425 4048 in
457 3998 589 4051 urbe
616 4001 781 4064 caede,
807 4011 973 4070 utque
1001 4016 1119 4074 post
1165 4021 1412 4078 nepotem
1450 4015 1818 4073 Romanorum
1855 4021 1958 4076 im-

371 4096 707 4153 peratorem,
758 4093 981 4150 Orestes
1057 4107 1208 4166 pater
1277 4103 1638 4173 Augustulum
1711 4111 1957 4165 Romano

370 4178 676 4246 prtefecerit
723 4184 972 4254 imperio.
1013 4188 1078 4243 Et
1127 4192 1243 4248 haec
1281 4195 1396 4251 fere
1443 4199 1580 4254 libro
1615 4202 1790 4270 primo
1833 4221 1957 4257 nar-

371 4281 456 4325 rat
486 4272 783 4331 Candidus.

442 4367 628 4420 Altero
683 4386 809 4424 vero
867 4372 1005 4428 libro
1055 4377 1183 4433 ista.
1224 4378 1494 4437 Patricius
1546 4389 1820 4456 magister,
1862 4393 1953 4458 qui

372 4475 494 4511 cum
557 4462 748 4515 Verina
815 4471 1266 4524 consuetudinem
1328 4475 1581 4545 habebat,
1641 4481 1956 4548 indignante

2070 625 2166 676 καὶ
2201 627 2229 676 6
2257 624 2532 694 βασιλεὺς,
2556 627 2650 678 καὶ
2681 621 2769 678 οἷα
2809 628 2888 689 εἰς
2909 625 3176 696 ἀλλήλους
3215 627 3649 696 ἀπεφθέγξαντο.

2071 717 2183 770 Kal
2213 717 2288 777 ὡς
2315 719 2343 770 6
2373 717 2630 787 βασιλεὺς
2651 718 2739 770 διὰ
2767 717 2926 770 τοῦτο
2948 718 3268 788 ᾑταιρίσατο
3299 719 3359 772 τὸ
3391 721 3436 751 ’⁸
3479 720 3654 774 Ἰσαύ-

2073 827 2181 881 ρων
2206 810 2361 878 γένος
2391 811 2478 864 διὰ
2501 811 2942 882 Ταρασικοδίσσα
2973 812 3019 844 9"
3054 811 3653 882 Ῥουσουμϐλαδεὼτου,

2068 901 2128 954 ὃν
2157 901 2253 954 καὶ
2279 902 2504 973 Ζήνωνα
2531 903 2908 972 μετονομάσας
2930 901 3181 974 γαμϐρὸν
3207 905 3362 973 ὲποιή
3374 921 3521 969 σατο,
3555 905 3655 975 τὴν

2069 994 2343 1064 προτέραν
2397 996 2632 1062 γυναῖκα
2680 995 2912 1047 θανάτου
2945 995 3096 1065 νόμῳ
3146 995 3510 1050 ἀποϐαλόντα.
3544 998 3654 1050 Kal

2067 1083 2144 1146 ὡς
2182 1084 2562 1154 Ἀρδαϐούριος
2599 1088 2678 1149 είς
2716 1086 2776 1140 τὸ
2822 1087 3065 1140 ἐναντίον
3115 1087 3354 1158 μελετῶν
3387 1087 3465 1157 τῷ
3495 1088 3650 1158 βασι-

2068 1175 2153 1228 λεῖ
2195 1176 2286 1228 καὶ
2325 1176 2494 1241 αὐτὸς
2531 1177 3037 1250 οἰκειοποιήσασθαι
3085 1179 3212 1242 τοὺς
3259 1179 3539 1249 Ίσαύρους
3584 1180 3655 1233 δι-

2069 1269 2264 1340 ενοήθη
2285 1285 2299 1298 °
2333 1271 2428 1322 καὶ
2464 1270 2545 1324 ὅτι
2571 1272 2866 1341 Μαρτῖνος,
2901 1271 3100 1334 οἰκεῖος
3133 1270 3207 1323 ὢν
3237 1272 3649 1343 Ἀρδαϐουρίου,

2071 1348 2274 1431 μηνύεί
2327 1361 2767 1435 Ταρασικοδίσσᾳ
2806 1365 2949 1434 άπερ
3007 1363 3380 1435 Ἀρδαϐουρίῳ
3414 1365 3459 1396 ⁵⁸
3509 1366 3652 1418 κατά

2070 1453 2335 1524 βασιλέως
2381 1455 2670 1526 ὲτυρεύετο
2693 1473 2708 1487 ·
2735 1458 2830 1510 καὶ
2857 1457 2935 1520 ὡς
2980 1457 3230 1510 ἐντεῦθεν
3263 1458 3322 1519 ὲς
3355 1456 3417 1510 τὸ
3449 1459 3652 1529 τραχύ-

2065 1564 2225 1618 τερον
2255 1548 2356 1617 τῆς
2387 1549 2444 1610 ἐς
2480 1549 2745 1619 ἀλλήλους
2793 1551 3051 1614 ὑπονοίας
3083 1553 3128 1583 ⁹⁹
3165 1551 3462 1623 προϊούσης
3494 1553 3652 1604 ἀναι-

2071 1642 2154 1709 ρεῖ
2183 1640 2336 1692 Λέων
2376 1641 2402 1692 6
2435 1638 2685 1708 βασιλεὺς
2713 1641 2970 1710 Ἀσπαρα
3001 1641 3096 1694 καὶ
3125 1643 3252 1704 τοὺς
3285 1644 3498 1706 παῖδας,
3527 1644 3652 1710 Ἀρ-

2066 1729 2355 1799 δαϐούριον
2399 1731 2490 1783 καὶ
2540 1729 2840 1800 Πατρίκιον
2871 1731 2962 1783 τὸν
3017 1731 3291 1801 Καίσαρα.
3325 1731 3467 1784 Ἀλλ’
3495 1734 3522 1784 6
3555 1732 3652 1799 μὲν

2067 1823 2289 1890 Καῖσαρ
2322 1820 2431 1874 τῶν
2461 1819 2684 1890 πληγῶν
2715 1819 3022 1887 ἀνενεγκὼν
3055 1821 3373 1892 παραδόξως
3417 1821 3649 1892 διεσώθη

2069 1913 2163 1966 καὶ
2186 1912 2456 1983 διέζησεν.
2488 1912 2654 1966 Ἀλλὰ
2683 1913 2778 1964 καὶ
2809 1913 2837 1965 6
2862 1913 3048 1983 ἕτερος
3079 1913 3188 1965 τῶν
3212 1913 3419 1967 παίδων
3446 1913 3653 1984 Ἀρμε-

2070 2005 2284 2074 νέριχος
2315 2004 2376 2057 οὐ
2427 2001 2731 2074 συμπαρὼν
2767 2003 2845 2072 τῷ
2899 2003 3058 2072 φύντι
3090 2004 3181 2057 τὸν
3219 2005 3376 2074 φόνον
3419 2005 3541 2057 τότε
3568 2006 3651 2057 δι-

2070 2093 2258 2162 έφυγε.
2285 2093 2760 2164 Ταρασικοδίσσαν
2784 2093 2840 2147 δὲ
2863 2093 3110 2165 γαμϐρὸν
3141 2094 3371 2163 Θυγατρὶ
3395 2095 3652 2169 Ἀριάδνῃ

2069 2185 2222 2238 Λέων
2260 2185 2277 2215 ¹
2313 2187 2340 2238 ὁ
2383 2183 2640 2255 βασιλεὺς
2690 2188 2950 2251 ποιεῖται,
2993 2185 3088 2238 καὶ
3151 2185 3512 2255 μετονομάζει
3543 2187 3671 2254 Ζήο’

2068 2294 2232 2342 νωνα,
2262 2278 2570 2350 στρατηγὸν
2595 2278 2696 2348 τῆς
2725 2279 2839 2331 Ἕω
2857 2279 3268 2349 χειροτονήσας.
3290 2280 3398 2331 Kal
3420 2281 3487 2333 τὰ
3511 2279 3652 2333 κατά

2066 2369 2338 2440 Ἀφρικὴν
2389 2370 2716 2423 Βασιλίσκου
2758 2371 3116 2441 εὐτυχήματά
3146 2387 3203 2423 τε
3253 2371 3350 2423 καὶ
3377 2370 3649 2441 δυστυχή⁶

2071 2481 2237 2531 ματα.
2271 2464 2380 2516 Kal
2409 2465 2485 2527 ὠς
2525 2464 2678 2517 Λέων
2715 2463 2886 2517 πολλά
2928 2463 3214 2533 βουληθεὶς
3259 2465 3353 2516 καὶ
3378 2466 3652 2534 διαμηχα-

2067 2558 2374 2627 νησάμενος
2424 2559 2646 2626 Ζήνωνα
2672 2556 2764 2610 τὸν
2810 2557 3060 2627 γαμϐρὸν
3110 2558 3354 2610 ἀνειπεῖν
3401 2555 3647 2624 βασιλέα,

2066 2650 2174 2702 τῶν
2190 2649 2447 2719 ὑπηκόων
2469 2648 2544 2720 μὴ
2563 2647 3044 2719 παραδεχομένων,
3066 2646 3190 2707 H76
3214 2646 3305 2718 IL]
3323 2648 3423 2700 ούκ
3439 2648 3647 2717 ἴσχυσε.

2071 2741 2180 2793 Kal
2205 2739 2280 2800 ὡς
2313 2741 2416 2809 πρὸ
2456 2741 2713 2809 τελευτῆς
2746 2738 2911 2793 αὐτοῦ
2957 2740 3049 2791 τὸν
3081 2739 3302 2807 ἔγγονον
3347 2738 3447 2809 μὲν
3483 2737 3650 2791 αὑτοῦ

2065 2835 2130 2886 ὲκ
2159 2836 2403 2904 Ζήνωνος
2424 2832 2594 2901 φύντα
2611 2834 2677 2902 τῇ
2698 2832 2952 2904 Ἀριάδνῃ
2967 2849 2980 2862 ’
3012 2833 3107 2884 καὶ
3129 2832 3204 2893 ὡς
3225 2831 3364 2901 μετά
3391 2831 3654 2902 τελευτὴν

2066 2929 2294 2990 Λέοντος
2318 2930 2345 2980 6
2373 2931 2500 2988 παῖς
2523 2927 2674 2980 Λέων
2707 2927 2933 2996 Ζήνωνα
2961 2928 3050 2978 τὸν
3079 2925 3311 2993 πατέρα,
3344 2925 3651 2976 συναινέσει

2066 3022 2166 3091 τῆς
2203 3020 2420 3090 βουλῆς,
2473 3017 2695 3088 βασιλέα
2724 3019 2744 3048 ²
2771 3015 2986 3086 ἕστεψε.
3037 3015 3400 3085 Λεπτομερής
3447 3031 3507 3067 τε
3549 3016 3653 3084 τῆς

2065 3113 2326 3180 Ἰσαύρων
2351 3109 2704 3179 γενεαλογίας
2727 3109 3008 3177 ἀφήγησις
3026 3123 3039 3138 ⁸
3070 3108 3165 3160 καὶ
3193 3108 3267 3169 ὡς
3298 3107 3489 3170 εἴησαν
3514 3107 3657 3163 ἀπέ-

2065 3221 2214 3273 γονοι
2242 3203 2336 3256 τοῦ
2378 3202 2573 3266 Ἠσαῦ,
2603 3200 2774 3271 πολλὴ
2806 3201 3010 3269 σπουδὴ
3037 3201 3132 3253 καὶ
3155 3201 3426 3270 διήγησις.
3459 3199 3656 3262 Ὅπως

2059 3314 2118 3347 τε
2148 3297 2332 3364 Ζήνων
2379 3295 2483 3348 ὑπὸ
2535 3296 2775 3366 Βηρίνης
2823 3293 3134 3364 ἀπατηθεὶς
3185 3295 3378 3362 φεύγει
3427 3293 3656 3362 γυναικὶ

2063 3389 2178 3459 ἅμα
2217 3388 2311 3440 καὶ
2346 3388 2514 3457 μητρὶ
2546 3388 2645 3457 τῆς
2695 3387 2906 3448 πόλεως
2937 3385 3035 3439 καὶ
3083 3387 3180 3456 τῆς
3213 3384 3519 3454 βασιλείας·
3555 3385 3656 3437 καὶ

2060 3479 2134 3540 ὡς
2170 3480 2400 3550 Βηρῖνα,
2433 3478 2608 3530 ἑλπίδι
2634 3477 2726 3530 τοῦ
2758 3479 3098 3546 συναφοῆναι
3125 3478 3409 3549 Πατρικίῳ
3437 3477 3515 3548 τῷ
3546 3495 3659 3546 μα-

2061 3569 2276 3640 γίστρῳ
2298 3572 2393 3623 καὶ
2433 3569 2739 3639 βασιλεύειν
2764 3570 2926 3624 αὑτὸν
2966 3571 2987 3603 ³
3015 3570 3106 3623 τὸν
3136 3570 3383 3640 γαμϐρὸν
3428 3569 3598 3637 αὐτῆς
3629 3569 3657 3601 ⁸

2061 3664 2448 3730 φυγαδεύσασα
2479 3662 2537 3728 ἐξ
2565 3665 2802 3732 ἀπάτης,
2835 3663 2929 3715 καὶ
2956 3663 3094 3732 αὐτὴ
3117 3664 3216 3732 τῆς
3240 3663 3456 3725 ἐλπίδος
3480 3662 3652 3731 ἐσφά-

2059 3753 2147 3824 λη,
2173 3755 2282 3806 τῶν
2314 3756 2372 3806 ὲν
2402 3754 2545 3807 τέλει
2570 3754 2896 3807 Βασιλίσκον
2927 3755 3018 3806 τὸν
3049 3753 3222 3823 αὐτῆς
3245 3753 3474 3823 ἀδελφὸν
3502 3755 3619 3806 ἁνει
3639 3783 3650 3794 -

2061 3848 2273 3900 πόντων
2305 3845 2553 3916 βασιλέα.
2583 3845 2718 3916 Περί
2746 3863 2804 3897 τε
2837 3848 2938 3915 τῆς
2982 3844 3242 3913 Ἰσαύρων
3270 3846 3327 3896 ὲν
3357 3845 3647 3897 Κωνσταν-

2058 3937 2364 3989 τινουπόλει
2399 3937 2681 4006 ἀμυθήτου
2711 3937 2949 4004 σφαγῆς.
2982 3935 3093 3988 Καὶ
3132 3936 3208 3995 ὡς
3240 3934 3379 4006 μετὰ
3409 3935 3653 3987 Νέπωτα

2061 4029 2289 4099 βασιλέα
2337 4029 2557 4098 Ῥώμης
2603 4026 3014 4095 Αὐγούστου).ον
3060 4028 3089 4079 6
3141 4027 3322 4096 πατὴρ
3387 4027 3651 4097 Ὀρέστης

2071 4122 2295 4194 Ῥώμης
2350 4121 2732 4194 κατεπράξατο
2782 4121 3114 4192 βασιλεύειν.
3146 4120 3334 4172 Ταῦτα
3369 4121 3397 4172 6
3431 4117 3651 4188 πρῶτος

2058 4216 2236 4286 λόγος.

2141 4398 2200 4450 Ὀ
2232 4398 2288 4449 δὲ
2336 4395 2612 4465 δεύτερος.
2649 4396 2797 4458 ὅπως
2825 4394 3123 4465 Πατρίκιος
3164 4395 3194 4447 6
3247 4393 3570 4464 μάγιστρος,
3617 4395 3656 4446 6

2059 4488 2264 4558 Βηρίνῃ
2319 4485 2823 4558 συμφθειρόμενος,
2886 4487 3444 4554 ὲπαγανακτήσαντος
3497 4485 3652 4554 αὐτῷ

372 4549 489 4617 ipso
519 4550 802 4621 Basilisco,
842 4560 1022 4627 periit.
1057 4561 1359 4634 Eapropter
1391 4568 1442 4620 itt
1485 4571 1711 4628 fratrem
1754 4576 1951 4635 Verina

373 4644 491 4667 ...ΗΑ
532 4660 688 4667 -..-.-.
737 4658 748 4667 ι
967 4654 1000 4667 η
1345 4663 1373 4667 --

2066 4549 2653 4639 Βάσιλίσκουάπεϐίω,
2688 4579 2782 4632 καὶ
2811 4549 2898 4631 διὰ
2931 4549 3091 4629 τούτο
3124 4549 3330 4648 Βηρίνα
3353 4577 3420 4630 δι’
3447 4577 3651 4648 ἔχθρας

370 4644 494 4696 odio
527 4658 808 4717 concepto,
861 4669 924 4707 ac
966 4654 1240 4711 Zenonem
1270 4663 1462 4729 opibus
1502 4669 1568 4720 ad
1625 4684 1954 4740 recuperau-

371 4737 501 4789 dum
530 4738 814 4808 imperium
858 4747 1148 4815 adjuvans,
1194 4765 1435 4808 extrema
1468 4773 1696 4828 quaeque
1728 4779 1754 4814 a
1784 4763 1952 4819 fratre

371 4829 617 4895 pertulit,
661 4847 724 4886 ac
763 4836 863 4890 nisi
897 4853 928 4892 e
963 4841 1162 4910 templo
1205 4843 1467 4904 Armatus
1504 4866 1623 4905 eam
1652 4854 1790 4908 clam
1817 4861 1948 4913 sub-

371 4921 640 4988 duxisset,
690 4925 829 4982 forte
882 4939 938 4983 et
994 4933 1107 5001 ipsa
1164 4951 1194 4990 e
1229 4941 1408 4996 medio
1460 4945 1671 5000 sublata
1737 4951 1948 5007 fuisset.

369 5012 501 5065 Cum
533 5013 777 5073 Basilisci
807 5023 1001 5079 deinde
1047 5043 1216 5084 uxore
1240 5031 1355 5104 (97)
1380 5037 1714 5096 adulteratus
1751 5043 1951 5100 Arma—

373 5115 479 5168 tus,
523 5107 589 5160 ad
633 5124 900 5166 summam
935 5123 1183 5185 pervenit
1213 5129 1530 5196 potentiam,
1567 5137 1703 5188 adeo
1734 5142 1791 5188 ut
1833 5148 1950 5191 tan-

368 5196 490 5250 dem
521 5198 569 5251 ei
605 5199 826 5270 bellum,
851 5207 994 5274 quod
1041 5213 1301 5270 adversus
1331 5217 1598 5276 Zenonem
1633 5228 1945 5296 gerebatur,

2061 4676 2198 4746 πρὸς
2231 4675 2322 4727 τὸν
2368 4674 2597 4741 ἀδελφὸν
2648 4674 2991 4732 καταστᾶσα,
3026 4672 3121 4723 καὶ
3160 4672 3366 4741 Ζήνωνι
3394 4671 3483 4723 διὰ
3511 4688 3652 4742 χρη-

2063 4768 2250 4837 μάτων
2277 4767 2377 4836 τὴν
2427 4766 2529 4834 τῆς
2564 4765 2842 4836 βασιλείας
2889 4763 3157 4833 ἀνάληψιν
3194 4764 3646 4834 συμπράττουσα,

2057 4860 2126 4912 τὰ
2170 4859 2373 4927 ἔσχατα
2416 4856 2653 4927 ἔπασχεν
2689 4857 2795 4910 ὑπὸ
2825 4856 2846 4887 ⁸
2882 4857 2978 4909 τοῦ
3028 4856 3285 4925 ἀδελφοῦ,
3337 4856 3433 4909 καὶ
3480 4859 3528 4908 ει
3569 4856 3651 4926 μὴ

2058 4951 2336 5019 διέκλεψεν
2363 4950 2532 5021 αὐτὴν
2553 4949 2826 5018 Ἀρμάτος
2856 4950 2877 4981 ⁸
2903 4951 2966 5002 ὲκ
2992 4948 3084 5001 τοῦ
3109 4948 3262 5013 ναοῦ,
3291 4948 3433 5019 τάχα
3455 4948 3520 5001 ἂν
3551 4949 3650 5001 καὶ

2058 5042 2346 5114 διεφθάρη.
2391 5041 2480 5104 Ὠς
2512 5042 2531 5072 ⁷
2556 5041 2684 5113 [105
2711 5040 2807 5113 Η.]
2837 5040 3112 5111 Ἀρμάτος
3136 5043 3201 5112 τῇ
3228 5043 3444 5111 γαμετῇ
3470 5040 3492 5071 ⁸
3516 5058 3650 5093 συν-

2057 5136 2510 5206 διαφθειρόμενος
2576 5133 2902 5186 Βασιλίσκου
2957 5134 3048 5185 ἐπὶ
3115 5134 3257 5203 μέγα
3325 5132 3650 5196 δυναστείας

2057 5229 2224 5298 ἤρθη,
2254 5230 2349 5282 καὶ
2381 5231 2456 5291 ὡς
2488 5227 2716 5298 ὕστερον
2759 5227 2851 5280 τὸν
2884 5227 3025 5280 κατὰ
3058 5227 3304 5295 Ζήνωνος
3335 5225 3648 5288 πιστευθεὶς

1643 5341 1883 5399 ΥΑΒΙᾹΞ
1927 5345 2334 5403 LECTIONES.

425 5406 469 5496 :6
611 5410 673 5463 τὸ
700 5413 826 5496 τῶν,
851 5433 912 5496 ςς
964 5419 1042 5496 ,³⁷
1063 5419 1462 5496 Τηρασικοδίσα
1485 5450 1544 5496 ς,
1625 5436 1672 5469 οδ
1708 5439 1721 5460 ν

368 5477 461 5528 καὶ
477 5477 626 5568 ,βαι
657 5499 718 5546 ς.
807 5485 827 5517 ³
849 5477 1030 5568 αὐτῶν
1053 5509 1114 5568 ς.
1209 5495 1227 5526 ³
1251 5477 1526 5568 αὑτήςῂξ.

370 5551 507 5618 μετῇ
531 5555 612 5604 A:
651 5556 865 5622 γυναικὶ
900 5560 981 5614 sic
1009 5551 1252 5619 et'infra.
1289 5584 1349 5630 ς.

1722 5441 2091 5521 ᾼρδαϐούριος
2116 5459 2196 5521 9..
2251 5442 2296 5473 ⁸⁸
2332 5439 2576 5521 ἐπινοίας
2601 5438 2694 5521 Α..
2757 5439 2771 5468 ¹
2813 5439 2950 5491 λέων
2996 5438 3239 5521 λαϐὼνὶὸ
3264 5504 3278 5521 .

1618 5507 1640 5538 ⁸
1671 5504 1814 5582 ὑπὲρ
1851 5530 1911 5576 ς.
1983 5504 2019 5543 ’⁸
2051 5504 2297 5583 ἁρμάτος
2357 5529 2437 5582 pr.
2474 5514 2518 5564 Α
2548 5509 2818 5580 ἁρμάτιος
2859 5522 3004 5564 corr.
3067 5507 3082 5536 "
3119 5504 3211 5558 καὶ⁹
3247 5504 3323 5567 ὠς
3374 5521 3435 5567 ς’.
3498 5506 3645 5570 δγα-

2757 5439 2771 5468 ¹
2813 5439 2950 5491 λέων
2996 5431 3178 5486 λαϐὼν
3211 5433 3239 5484 6
3291 5434 3356 5488 A.
3443 5430 3644 5504 ’βασι

1893 5668 2128 5726 NOTAE.

441 5738 552 5818 (ἓξ)
583 5745 669 5818 ._4_I.
702 5749 1142 5814 Ermenaricltus.

443 5810 554 5877 (95)
586 5813 767 5871 Multis
796 5825 861 5876 de
894 5827 993 5877 hoc
1035 5810 1187 5883 διε-ΕΠ.

440 5883 553 5953 (υϋ)
587 5888 730 5942 Duas
771 5894 868 5960 ipsi
919 5897 1384 5971 Constantinopoli
1420 5915 1628 5961 erectas
1662 5908 1942 5967 columnas

2059 5768 2347 5852 descripsit
2377 5767 2532 5852 Suidl.
2567 5769 2620 5852 in
2654 5769 2849 5852 Veriua
2873 5807 2886 5822 .
3158 5842 3199 5852 η
3317 5838 3327 5852 '
3518 5839 3531 5852 ,

2130 5842 2242 5905 (97)
2275 5839 2570 5910 Zeuouitlc.
2605 5838 2742 5909 Lege
2770 5843 2922 5910 plura
2951 5856 3084 5895 voce
3158 5838 3473 5909 ’Λρμάτιοςι
3518 5837 3641 5907 Ἀρ·

2061 5916 2231 5982 ματος
2267 5911 2405 5979 apud
2442 5908 2596 5963 Suid.
