3926 6446
252 453 366 516 253

1337 442 1866 504 BlBLIOTI-IECA.
1906 464 1977 474 —
2013 442 2175 502 COD.
2216 442 2478 502 LXXIX.

3433 441 3541 506 254

259 565 510 634 πόλεμον
551 558 844 614 ἀπέκλινεν
901 556 994 611 ἐπὶ
1044 556 1340 627 συνθήκαις
1395 559 1462 610 δι’
1503 555 1672 610 Ίλλοῦ
1722 553 1862 622 πρὸς

1978 557 2232 608 ttreditttm
2258 555 2443 619 fuerit,
2480 554 2547 609 ad
2581 569 2739 624 quem
2791 563 2965 608 tamen
2999 553 3162 608 certis
3190 553 3364 621 pactis
3395 553 3540 624 56a

261 654 461 720 αὺτὸν,
494 655 590 707 καὶ
622 650 929 720 εὐδοκιμῶν
958 649 1050 704 ἐπὶ
1094 651 1359 720 Ζήνωνος,
1393 651 1468 714 ὡς
1500 651 1592 704 καὶ
1621 651 1711 703 τὸν
1745 652 1861 701 υἱὸν

263 750 598 804 Βασιλίσκον
619 746 878 816 Καίσαρα
907 745 1058 807 ίδεῖν,
1085 744 1310 814 ὕστερον
1341 746 1736 816 ἐκρεουργήθη,
1767 744 1862 797 καὶ

269 850 297 898 6
334 847 465 905 παῖς
517 845 582 893 ἐκ
624 838 722 892 τοῦ
758 841 778 870 ⁸
815 838 1094 908 Καίσαρος
1142 839 1222 901 εἰς
1271 839 1394 900 τοὺς
1440 839 1496 890 ὲν
1532 836 1862 905 Βλαχέρναις

281 936 637 1005 ἀναγνώστας
687 932 957 984 ἐτέλεσεν.
1005 931 1092 994 Ὠς
1143 930 1247 997 πρὸ
1295 928 1501 982 τούτων
1537 929 1862 990 Βασιλίσκος

283 1032 514 1102 Μᾶρκον
544 1028 626 1080 τὸν
653 1024 791 1077 ἴδιον
827 1025 940 1076 υἱὸν
971 1024 1226 1092 Καίσαρα
1261 1023 1481 1074 ἀνεῖπεν
1514 1022 1576 1082 ¹⁰,
1616 1018 1735 1073 εἶτα
1767 1021 1862 1073 καὶ

295 1122 540 1193 βασιλέα.
573 1119 667 1172 Καὶ
697 1116 776 1179 ὠς
821 1114 1021 1178 ’ἰλλοῦς
1065 1114 1262 1184 συνέϐη
1293 1115 1500 1184 Ζήνωνι
1541 1113 1623 1177 εὶς
1653 1113 1859 1180 φιλίαν,

303 1217 399 1268 καὶ
441 1214 590 1266 πάλιν
631 1207 929 1262 ἀναλαϐεῖν
973 1206 1357 1276 παρεσκεύασε
1403 1207 1504 1277 τὴν
1563 1207 1860 1275 βασιλείαν.

306 1307 405 1358 Καὶ
442 1304 513 1365 ὡς
544 1299 1039 1361 καταστασιασθεὶς
1086 1297 1340 1367 βασιλεὺς
1395 1300 1493 1351 σὺν
1522 1301 1588 1368 τῇ
1642 1299 1864 1366 γυναικὶ

293 1394 534 1466 Ζηνωνίδι
559 1392 654 1444 καὶ
679 1392 893 1452 τέκνοις
925 1389 1258 1456 καταφεύγει
1281 1391 1358 1450 είς
1380 1389 1479 1460 τὴν
1515 1389 1861 1459 Ἐκκλησίαν,

286 1486 530 1539 κάκεῖθεν
577 1485 766 1553 ἀπάτῃ
812 1483 1086 1553 ’Λρμάτου
1122 1481 1405 1551 ἐκϐληθεὶς
1449 1480 1750 1551 ἐξορίζεται
1785 1485 1866 1544 εἰς

276 1578 702 1639 Καππαδοκίαν,
757 1572 876 1628 εἶτα
925 1576 1192 1643 παγγενεὶ
1221 1574 1262 1604 ¹¹
1303 1573 1738 1640 κατασφὰζεται.
1775 1574 1865 1636 Ὠς

273 1671 481 1740 Πέτρου
506 1672 604 1724 τοῦ
623 1669 921 1732 δυσσεϐοῦς
940 1669 1036 1732 τὰς
1062 1670 1160 1734 τῆς
1183 1667 1477 1738 Ἀνατολῆς
1495 1685 1560 1720 τα
1571 1669 1864 1740 ράσσοντος

279 1751 617 1833 Ἕκκλησίας
674 1764 1030 1817 Καλανδίωνα
1079 1764 1265 1831 Ζήνων
1296 1765 1323 1814 6
1370 1761 1626 1831 βασιλεὺς
1685 1765 1765 1826 εἰς
1804 1759 1865 1813 τὸ

267 1857 523 1925 ἱερᾶσθαι
565 1856 898 1926 Ἀντιοχείας
924 1856 1208 1910 ἀπέστειλε
1242 1857 1310 1918 ⁸³,
1334 1855 1429 1907 καὶ
1454 1855 1705 1925 δεόμενος
1728 1871 1861 1925 χρη-

265 1948 460 2017 μάτων
475 1951 542 2000 ἐκ
564 1950 898 2018 μηνυμάτων
931 1948 1290 2017 ἐπέτυχε,καὶ
1307 1947 1490 2001 πολλοὶ
1510 1948 1861 2020 νεωτερίσαν-

259 2059 354 2103 τες
377 2043 507 2093 κατ’
528 2041 694 2095 αὑτοῦ
719 2043 812 2094 καὶ
830 2042 1132 2106 ὲαλωκότες
1149 2042 1304 2112 δίκην
1318 2042 1524 2097 ἔδοσαν.
1547 2042 1632 2107 Ὠς
1662 2041 1862 2105 ἰλλοῦς

259 2133 443 2185 πολλὰ
473 2136 539 2204 τῇ
581 2133 871 2203 Ῥωμαίων
898 2138 1192 2202 συνήνεγκε
1218 2133 1464 2204 πολιτείᾳ
1495 2136 1616 2196 ταῖς
1643 2151 1700 2185 τε
1728 2133 1868 2187 κατὰ

260 2223 516 2292 πόλεμον
566 2223 961 2294 ἀνδραγαθίαις
989 2225 1085 2276 καὶ
1130 2225 1249 2287 ταῖς
1278 2223 1419 2276 κατὰ
1450 2224 1608 2275 πόλιν
1663 2224 1871 2292 φιλοτι-

263 2324 426 2390 μίαις
467 2341 528 2374 τε
560 2326 655 2375 καὶ
685 2323 1155 2392 δικαιοπραγίαις.
1206 2321 1294 2384 Ὠς
1342 2321 1483 2392 μετὰ
1520 2321 1620 2390 τὴν
1651 2322 1872 2392 ἀναίρε-

261 2432 346 2466 σιν
386 2415 492 2466 τοῦ
522 2413 791 2483 βασιλέως
823 2415 1086 2476 Νέπωτος
1125 2413 1346 2484 Ῥώμης
1390 2416 1483 2468 καὶ
1510 2417 1600 2469 τὸν
1629 2417 1870 2486 διωγμὸν

257 2507 362 2560 an?)
400 2509 526 2576 μετ’
556 2510 719 2562 αὐτὸν
744 2511 1157 2577 Αύγουστούλου
1189 2511 1482 2582 Ὀδόακρος
1516 2510 1744 2575 Ἰταλίας
1775 2514 1870 2565 καὶ

258 2599 445 2666 αὐτῆς
495 2601 772 2670 ἐκράτησε
817 2599 1069 2671 Ῥώμης·
1114 2604 1212 2655 καὶ
1263 2604 1674 2656 στασιασάντων
1715 2603 1868 2675 αύτῷ

256 2691 379 2742 τῶν
409 2692 700 2760 δυσμικῶν
726 2692 1004 2758 Γαλατῶν,
1044 2694 1636 2764 διαπρεσϐευσαμένων
1678 2713 1737 2747 τε
1770 2697 1871 2748 αύ-

254 2785 383 2837 :ch
425 2791 524 2837 καὶ
553 2785 850 2856 Ὀδοὰκρου
876 2787 1014 2857 πρὸς
1035 2788 1281 2856 Ζήνωνα,
1310 2789 1587 2858 Ὀδοάκρῳ
1619 2790 1818 2857 μᾶλλον
1842 2793 1870 2842 6

251 2877 468 2944 Ζήνων
525 2878 839 2932 ἀπέκλινεν.
888 2879 974 2941 Ὠς
1009 2878 1230 2943 Ἀλανός
1281 2898 1368 2943 τις
1411 2880 1611 2933 Ἰλλοῦν
1661 2882 1871 2936 ἀνελεῖν

254 2969 565 3039 βουληθεὶς
604 2972 696 3024 καὶ
724 2972 934 3041 πλήξας
959 2973 1261 3026 Ἐπινίκιον
1287 2970 1462 3036 εἶπεν,
1494 2975 1552 3033 ὃς
1577 2971 1645 3047 ἦν
1673 2977 1871 3040 οἰκεῖος

250 3064 510 3134 Βηρίνῃ,
543 3065 644 3135 τὴν
691 3065 974 3134 ἀναίρεσιν
1027 3065 1354 3118 ὑποθέσθαι·
1391 3065 1486 3118 καὶ
1521 3066 1596 3130 ὡς
1650 3067 1866 3137 ἐξεδόθη

252 3156 580 3220 Ἐπινίκισς
617 3155 779 3209 Ἰλλοῦ
802 3174 814 3186 ·
840 3157 934 3209 καὶ
954 3158 1030 3220 ὡς
1057 3159 1347 3228 ὑποσχέσει
1373 3160 1468 3211 καὶ
1489 3160 1804 3231 ἀμνηστίας
1827 3161 1869 3193 ¹³

1966 647 2089 701 Hilli
2128 647 2238 719 (98)
2270 662 2433 715 opera
2465 648 2886 711 conditionibus,
2938 644 3153 700 defecit.
3188 644 3300 700 Sub
3324 645 3542 700 Zenone

1966 730 2128 806 igitur
2179 739 2313 792 tanti
2349 754 2470 792 cum
2510 750 2657 792 esset
2694 737 2932 791 nominis
2977 738 3259 802 Armatus,
3292 748 3348 790 ιιι
3388 746 3441 790 et
3481 740 3544 789 ii-

1966 831 2094 884 lium
2125 830 2445 884 Basiliscum
2472 830 2737 884 Caasarem
2773 829 2992 893 viderit,
3033 839 3152 897 post
3190 829 3543 882 nihilominus

1967 923 2019 977 itt
2056 923 2222 976 frusta
2255 922 2558 990 discerptus
2592 932 2674 975 est
2703 921 2813 992 (99)
2849 931 2903 974 et
2928 937 3061 988 puer
3095 921 3212 989 ipse
3235 937 3300 974 ex
3327 920 3544 974 Caesare

1965 1015 2108 1070 inter
2140 1014 2369 1067 lectores
2406 1015 2457 1066 in
2494 1013 2811 1067 Blacliernis
2854 1012 3092 1081 proliteri
3127 1014 3310 1080 ccepit.
3345 1011 3542 1064 Basili-

1965 1121 2091 1162 scus
2123 1116 2248 1160 ante
2279 1108 2392 1160 bace
2429 1104 2666 1159 Marcum
2713 1104 2880 1157 lilium
2907 1103 3176 1156 Caesarem
3209 1111 3446 1164 crearat,
3480 1115 3544 1154 ac

1968 1209 2088 1270 post
2135 1200 2298 1254 etiam
2355 1197 2760 1265 imperatorem.
2800 1195 2971 1249 Hillus
3014 1210 3136 1248 cum
3164 1193 3382 1246 Zenone
3417 1207 3548 1245 con-

1968 1295 2153 1349 ciliata
2177 1291 2415 1345 amicitia
2447 1289 2732 1357 imperium
2760 1287 2935 1341 eidem
2961 1299 3285 1353 recuperare
3309 1281 3543 1336 studuit.

1968 1385 2265 1439 Basiliscus
2297 1383 2480 1450 itaque
2513 1397 2542 1433 a
2575 1379 2851 1434 seditiosis
2876 1386 3183 1446 superatus,
3218 1389 3340 1430 cum
3373 1372 3548 1426 Zeno-

1969 1479 2094 1532 nide
2119 1477 2368 1546 conjuge,
2395 1490 2459 1528 ac
2493 1472 2679 1526 liberis
2706 1472 2758 1524 in
2782 1470 3034 1538 templum
3063 1484 3121 1521 se
3149 1466 3370 1533 recepit,
3405 1465 3550 1516 unde

1971 1570 2178 1624 Armati
2228 1568 2513 1621 fraudibus
2545 1574 2844 1624 extractus,
2872 1574 2928 1616 et
2955 1563 3004 1613 in
3032 1559 3431 1629 Cappadociam
3464 1572 3549 1608 re-

1971 1664 2204 1732 legatus.
2255 1674 2380 1714 mox
2420 1675 2543 1713 cum
2581 1667 2688 1710 tota
2743 1657 2911 1724 stirpe
2947 1668 3120 1706 cmsus
3147 1659 3249 1704 est.
3279 1649 3413 1702 Cum
3447 1645 3549 1699 Pe-

1972 1765 2088 1812 trus
2148 1754 2224 1824 (l)
2275 1755 2364 1808 ille
2419 1751 2619 1819 impius
2657 1748 2899 1803 Orientis
2952 1747 3196 1799 turbaret
3248 1741 3545 1803 Ecclesias,

1975 1851 2118 1904 misit
2143 1847 2287 1901 Zeno
2319 1849 2615 1914 imperator
2655 1841 3070 1901 Calandinncnt,
3103 1848 3159 1890 ut
3196 1834 3550 1888 Antiochena:

1973 1943 2117 1996 sedis
2151 1939 2438 2008 episcopus
2488 1944 2815 1989 sacraretur.
2847 1930 2981 1984 Cum
3029 1929 3156 1982 item
3203 1927 3427 1997 pecunia
3464 1928 3547 1977 itt-

1973 2036 2180 2102 digeret
2210 2034 2530 2100 imperator,
2565 2027 2869 2096 quterenda:
2914 2023 2989 2077 illi
3028 2023 3269 2092 pecunia:
3312 2020 3551 2072 rationes

1973 2139 2209 2182 ostensa:
2240 2133 2388 2178 sunt.
2434 2121 2588 2174 Multi
2629 2118 2790 2172 rebus
2837 2115 2992 2169 novis
3030 2123 3221 2166 contra
3257 2111 3405 2163 illtnn
3438 2118 3554 2160 stu-

1973 2224 2185 2282 dentes,
2223 2217 2367 2285 capti
2411 2229 2600 2284 poenas
2635 2211 2918 2265 dederunt.
2956 2207 3117 2260 Multa
3155 2204 3327 2258 Hillus
3351 2202 3553 2255 Roma-

1975 2331 2056 2369 na:
2085 2310 2396 2382 reipublica:
2435 2307 2687 2371 contulit,
2719 2321 2842 2361 cum
2889 2303 3093 2357 militia:
3133 2300 3292 2355 rebus
3334 2297 3555 2351 fortiter

1973 2410 2166 2476 gestis,
2203 2418 2316 2459 tum
2354 2405 2496 2458 domi
2525 2402 2769 2456 honestis
2800 2397 3015 2459 studiis,
3051 2393 3353 2461 acjustitiae
3377 2390 3550 2444 cultu.

1976 2503 2104 2557 Post
2167 2501 2551 2565 interemptum
2607 2494 2911 2547 Romanum
2963 2491 3230 2544 Caesarem
3280 2495 3552 2553 nepotem,

1973 2606 2027 2648 et
2054 2595 2171 2660 ejus
2200 2603 2574 2643 successorem
2619 2581 2983 2652 Augustulum
3021 2579 3329 2647 expulsum,
3365 2574 3553 2627 Odoa-

1974 2703 2066 2740 cer
2091 2683 2270 2748 ltalia,
2298 2694 2462 2750 atque
2505 2681 2619 2749 ipsa
2651 2677 2786 2730 adeo
2817 2676 2950 2727 urbe
2985 2674 3188 2741 potitus
3213 2677 3314 2722 est.
3356 2666 3557 2719 Rebel-

1974 2773 2215 2828 lantibus
2246 2782 2424 2825 autem
2460 2771 2584 2823 huic
2611 2765 2923 2820 Occidentis
2955 2761 3150 2826 Gallis,
3206 2770 3260 2814 et
3285 2759 3557 2828 legatione

1975 2868 2042 2920 ab
2075 2868 2231 2937 ipsis,
2271 2865 2486 2932 aliaque
2510 2861 2576 2915 ab
2603 2859 2850 2914 Odoacro
2879 2858 2944 2910 ad
2974 2855 3244 2909 Zenonem
3277 2854 3463 2917 missa,
3502 2852 3558 2904 in

1975 2963 2282 3017 Odoacrum
2328 2959 2498 3026 magis
2537 2955 2776 3009 Zenonis
2822 2953 3039 3004 animus
3076 2948 3377 3003 inclinavit.
3431 2943 3560 2999 Ala-

1978 3072 2078 3108 nus
2132 3053 2348 3122 quidam
2405 3049 2659 3104 occidere
2718 3045 2917 3099 llillunt
2971 3053 3217 3104 conatus,
3258 3052 3380 3092 cum
3433 3052 3558 3088 eunt

1977 3148 2356 3219 percussisSct,
2385 3145 2453 3198 ab
2485 3141 2752 3211 Epinicio,
2783 3139 2875 3206 qui
2910 3146 3029 3190 erat
3055 3133 3269 3188 Verinaz
3300 3130 3561 3184 domesti-

256 3248 369 3300 καὶ
413 3249 752 3317 εὐεργεσιῶν
785 3251 984 3314 ,ἐξεῖπε
1037 3252 1216 3304 πάντα
1270 3252 1590 3320 Ἐπινίκιος,
1633 3256 1733 3308 ὅσα
1765 3258 1864 3308 ἐπ-

1978 3261 2094 3309 cus,
2128 3243 2483 3296 subornatum
2523 3251 2582 3291 se
2617 3237 2684 3290 ad
2733 3235 2937 3289 caedem
2976 3232 3074 3295 ait,
3117 3230 3299 3297 itaque
3327 3219 3560 3279 traditus

257 3341 535 3431 εὸούλευε
560 3342 633 3410 Βη
646 3345 765 3411 ρῖνα
789 3344 930 3394 κατὰ
969 3343 1132 3396 Ἰλλοῦ
1156 3361 1170 3374 ·
1201 3342 1325 3416 [177
1355 3345 1449 3417 IL]
1473 3346 1566 3399 καὶ
1587 3348 1662 3411 ὡς
1688 3350 1872 3418 Ζήνων

263 3436 519 3503 Βηρῖναν
557 3434 645 3486 διὰ
673 3434 830 3487 τοῦτο
876 3436 1180 3500 ἐκδίδωσιν,
1218 3439 1245 3490 6
1289 3437 1342 3489 δὲ
1389 3438 1560 3508 αὐτὴν
1590 3441 1669 3502 είς
1701 3441 1875 3510 φρού-

266 3544 386 3592 ριον
422 3525 684 3590 Κιλικίας
717 3527 1439 3598 ὑπερορίσαςήσφαλίσατο.
1477 3530 1566 3594 Ὠς
1600 3532 1874 3602 Παμπρε-

263 3621 379 3689 πὶῳ
405 3618 488 3688 τῷ
510 3619 760 3672 δυσσεϐεῖ
776 3622 863 3672 διὰ
883 3623 1110 3691 Μάρσου
1140 3623 1338 3687 Ἰλλοῦς
1356 3624 1634 3692 φιλιωθεὶς
1657 3626 1875 3679 ἅπαντα

267 3712 415 3764 κατὰ
459 3713 658 3782 μικρὸν
706 3714 927 3782 συνέχεε
961 3717 1028 3768 τὰ
1079 3717 1265 3771 αὑτοῦ.
1305 3718 1393 3780 Ὠς
1427 3718 1692 3787 ἐμφύλιος
1745 3736 1873 3771 συν-

271 3805 406 3874 έστη
447 3805 662 3873 Ζήνωνι
699 3807 744 3836 ¹⁶
774 3807 1012 3877 πόλεμος
1048 3807 1371 3880 ἐξάρχοντος
1413 3811 1737 3878 Μαρκιανοῦ
1776 3812 1874 3863 καὶ

279 3896 616 3964 llr/monitu),
657 3898 792 3950 υἱῶν
826 3898 921 3951 τοῦ
961 3899 1384 3968 βασιλεύσαντος
1429 3903 1649 3974 Ῥώμης
1686 3906 1873 3957 Ἀνθε-

286 3989 435 4054 μέου·
469 3991 569 4042 καὶ
615 3991 990 4060 κρατήσαντος
1024 3993 1274 4062 Ζήνωνος
1319 3993 1384 4046 δι’
1428 3995 1596 4048 Ἱλλοῦ
1629 3999 1873 4067 πρεσϐύ-

278 4095 431 4147 τερος
465 4079 570 4148 μὲν
599 4083 915 4151 Μαρκιανὸς
958 4084 1365 4155 ἐχειροτονήθη,
1409 4088 1437 4140 ὁ
1467 4087 1522 4139 δὲ
1567 4089 1875 4158 Προκόπιος

273 4173 412 4240 πρὸς
445 4172 783 4243 Θεοδώριχον
806 4176 895 4227 τὸν
918 4177 974 4226 ὲν
991 4175 1176 4246 Θρᾴκῃ
1196 4178 1443 4246 διέφυγε.
1464 4180 1576 4232 Καὶ
1602 4181 1676 4244 ὡς
1703 4182 1876 4253 ὑπερ-

269 4265 519 4333 ορισθεὶς
562 4267 884 4337 Μαρκιανὸς
928 4270 986 4320 ὲν
1032 4270 1402 4340 Καππαδοκία
1452 4275 1547 4325 καὶ
1596 4275 1875 4344 διαφυγὼν

273 4357 515 4426 ἐτάραξε
550 4357 648 4428 τὴν
697 4361 817 4412 κατ’
856 4360 1144 4427 Ἀγκυραν
1182 4363 1471 4428 Γαλατίαν,
1517 4361 1637 4418 εἶτα
1674 4368 1874 4439 συλλη-

272 4449 437 4515 φθεὶς
473 4452 555 4512 είς
582 4451 858 4520 Ἰσαυρίαν
882 4453 1166 4524 διῳκίσθη.
1197 4455 1306 4506 Καὶ
1329 4455 1405 4518 ὡς
1494 4458 1628 4526 πρὸς
1672 4459 1874 4514 Ἰλλοῦν

1976 3335 2120 3389 llillo
2155 3333 2433 3403 Epinicius
2471 3341 2578 3394 est,
2620 3327 2712 3395 qui
2752 3329 2877 3378 data
2917 3325 3018 3376 iide
3066 3331 3121 3375 et
3157 3317 3471 3378 oblivionis,
3505 3323 3561 3368 et

1977 3412 2346 3499 praeiniorunt,
2386 3425 2576 3477 ordine
2613 3429 2807 3474 cuncta
2850 3415 3153 3473 enarravit,
3195 3427 3313 3479 quae
3363 3409 3415 3462 in
3445 3406 3561 3459 llil-

1976 3525 2085 3578 lum
2123 3521 2317 3574 Verina
2369 3517 2673 3570 moliretur.
2726 3511 2904 3576 Quare
2938 3507 3084 3562 Zeno
3119 3504 3373 3559 Vcrinam
3418 3500 3560 3553 llillo

1978 3615 2218 3676 tradidit,
2269 3613 2358 3680 qui
2392 3625 2510 3664 eam
2565 3609 2617 3660 in
2675 3605 2877 3660 Cilicia:
2930 3602 3214 3656 castellum
3266 3595 3558 3664 ablegavit,

1975 3722 2138 3778 atque
2188 3707 2259 3760 ita
2314 3715 2486 3757 tutum
2518 3717 2642 3754 sese
2687 3698 2944 3752 reddidit.
3001 3693 3178 3747 Hillus
3209 3689 3558 3756 Patuprepin,

1977 3803 2184 3860 homini
2223 3802 2412 3870 impio,
2437 3795 2602 3850 Marsi
2642 3808 2830 3863 opera,
2858 3791 3034 3844 factus
3075 3801 3258 3850 carus,
3299 3783 3558 3852 paulatim

1978 3896 2162 3954 omnia
2219 3895 2390 3962 ipsius
2435 3889 2656 3959 negotia
2722 3883 3083 3955 perturbavit.
3140 3879 3312 3934 Civile
3355 3873 3560 3929 Zenoni

1975 3991 2174 4046 bellum
2219 3987 2341 4050 fuit,
2393 3994 2557 4052 atque
2602 3981 2921 4034 intestinum
2973 3971 3378 4042 insurgentibus
3425 3967 3566 4018 Mar-

1978 4085 2142 4140 ciano
2191 4092 2243 4134 et
2277 4077 2566 4147 Procopio,
2607 4074 2732 4127 liliis
2764 4070 2882 4139 ejus
2910 4070 3000 4138 qui
3046 4067 3231 4119 Romae
3261 4066 3565 4131 imperave-

1977 4169 2062 4230 rat
2114 4172 2392 4228 Anthemii
2453 4184 2591 4238 quos
2625 4182 2746 4220 cum
2799 4163 2974 4216 llillus
3017 4159 3253 4213 ZeitOnis
3302 4154 3565 4220 auspiciis

1976 4267 2289 4328 devicisset,
2325 4262 2634 4316 Marcianus
2669 4258 2888 4326 quidem
2928 4264 3054 4308 natu
3107 4249 3368 4319 grandior
3414 4247 3559 4300 ordi-

1979 4370 2141 4412 natus
2173 4365 2259 4408 est
2287 4355 2572 4425 presbyter
2611 4367 2625 4402 :
2665 4347 2965 4414 Procopius
3005 4358 3134 4396 vero
3167 4344 3232 4394 ad
3261 4338 3565 4392 Tbeuderi-

1978 4454 2140 4507 cltum
2201 4451 2252 4503 in
2304 4446 2596 4501 Thraciam
2642 4439 2908 4509 confugit.
2959 4439 3099 4503 Quin
3145 4445 3195 4486 et
3222 4434 3455 4486 extorris
3510 4433 3566 4484 in

273 4540 456 4637 ἔχθρα
503 4540 585 4637 τῷ
616 4543 828 4637 βασιλεῖ
870 4545 1100 4616 συνέστη
1133 4523 1246 4598 καὶ
1297 4523 1725 4619 ηὐξήθη-Οὕτω
1774 4553 1869 4623 μὲν

1982 4542 2326 4615 Cappadocia
2373 4537 2704 4597 Marcianus,
2743 4532 2870 4600 fuga
2923 4529 3156 4596 elapsus,
3192 4541 3312 4595 qua:
3343 4524 3412 4577 ad
3455 4523 3568 4576 An-

274 4634 366 4686 οὖν
410 4635 457 4665 ⁸⁵
484 4635 580 4686 καὶ
610 4636 640 4686 6
667 4636 941 4704 δεύτερος.

1991 4656 2174 4712 cyratu
2201 4636 2442 4706 pertinet
2466 4627 2759 4690 Galatiam,
2789 4622 3047 4685 turbavit,
3090 4620 3260 4671 donec
3290 4627 3482 4684 captus
3516 4614 3572 4668 in

280 4727 550 4781 lsauriam
578 4737 664 4780 est
701 4727 988 4796 relegatus.
1020 4731 1078 4783 In
1108 4729 1307 4785 Hillurn
1341 4748 1556 4804 quoque
1631 4739 1699 4795 ab
1769 4742 2102 4816 imperatore
2163 4735 2346 4790 Odium
2401 4729 2724 4790 conceptum
2801 4724 2910 4778 εει»
2988 4719 3335 4780 auctumque.
3389 4714 3567 4782 Atque

278 4821 396 4871 haec
431 4816 572 4868 libro
600 4819 840 4871 secundo
866 4820 1104 4886 prodita.

358 4908 424 4960 Ὅ
460 4907 516 4960 δὲ
537 4909 719 4978 τρίτος
749 4909 885 4964 ἄλλα
907 4929 965 4963 τε
994 4913 1258 4983 περιέχει,
1288 4916 1381 4969 καὶ
1405 4918 1480 4982 ὡς
1505 4920 1584 4984 εἰς
1611 4923 1673 4976 τὸ
1695 4925 1876 4995 ἐμφα-

275 5000 371 5062 νὲς
418 4998 622 5060 Ἰλλοῦς
655 4999 968 5064 ἐπαναστὰς
1000 5005 1210 5074 Ζήνωνι
1246 5005 1470 5075 βασιλέα
1492 5012 1746 5067 Λεόντιον
1778 5017 1875 5069 σὺν

275 5092 498 5165 Βηρίνῃ
523 5093 760 5159 ἀνεῖπεν,
784 5095 932 5157 ὅπως
957 5113 1013 5147 τε
1042 5095 1529 5170 δυσπραγήσαντες
1555 5105 1881 5177 ἐπολιορκή-

278 5185 464 5256 θησαν
492 5185 586 5238 καὶ
645 5186 862 5249 ἁλόντες
916 5189 1340 5261 ἀπετμήθησαν,
1399 5197 1494 5248 καὶ
1547 5195 1719 5250 τᾶλλα
1772 5198 1879 5261 ἓως

278 5280 383 5342 τῆς
411 5279 663 5348 Ζήνωνος
685 5279 964 5350 τελευτῆς.

2060 4919 2196 4991 56b
2258 4910 2480 4968 Tertius
2525 4904 2720 4960 deinde
2769 4903 2909 4956 liber
2959 4915 3082 4954 cum
3138 4898 3242 4952 alia
3301 4897 3567 4960 continet,

1985 4989 2100 5066 tum
2142 5003 2415 5075 quomodo
2443 4998 2624 5068 palam
2671 4996 2720 5048 in
2749 4993 3024 5047 Zenonem
3056 4989 3231 5044 Hillus
3257 4990 3571 5043 insurrexe-

1987 5103 2080 5164 rit,
2138 5094 2536 5160 Leontiumque
2583 5090 2964 5156 imperatorem
2997 5082 3192 5137 Verina
3224 5081 3570 5136 renuntiave-

1987 5195 2083 5257 rit,
2117 5199 2284 5258 utque
2343 5200 2401 5239 re
2457 5180 2749 5236 infeliciter
2810 5188 2989 5248 gesta,
3048 5175 3258 5230 obsessi
3313 5173 3570 5240 captique

1985 5283 2164 5350 capite
2209 5277 2446 5332 truncati
2497 5275 2632 5337 sint,
2683 5271 2901 5341 aliaque
2937 5269 3004 5323 ad
3044 5267 3123 5339 (2)
3157 5269 3360 5323 exitum
3401 5277 3570 5332 usque

1985 5371 2244 5427 Zenonis.

1537 5470 1777 5526 VARIAE
1806 5467 2213 5524 LECTiUNES.

355 5559 378 5588 ’
406 5559 473 5608 ὲκ
492 5557 588 5610 τοῦ
609 5557 653 5610 Δ
679 5575 692 5609 :
723 5560 832 5612 ἀπὸ
856 5578 917 5624 ς.
1032 5561 1076 5593 ¹⁶
1106 5558 1259 5615 εἶπεν
1298 5561 1366 5617 Α.

283 5627 504 5698 Ζήνωνι
539 5646 600 5692 ς.
669 5630 712 5662 ³⁵
745 5631 842 5700 μὲν
862 5630 956 5684 οὖν
1023 5649 1129 5686 om.
1155 5635 1222 5687 A.

1466 5561 1506 5593 ¹¹
1539 5567 1791 5635 παγγενῆ
1818 5562 1884 5618 Α.

1971 5561 2015 5591 ³³
2048 5559 2368 5619 ἀπέσταλκε
2406 5577 2469 5626 ς.
2557 5559 2602 5592 ⁸³
2631 5558 2966 5630 ἀμνηστείας
2989 5573 3056 5620 ς.
3155 5553 3200 5584 ¹⁶
3223 5548 3456 5622 Ζήνωνι]
3491 5548 3571 5622 τῷ

1823 5697 2055 5759 ΝΟΤΑΞ.

512 5767 757 5846 Zenonis
795 5771 938 5824 bunc
988 5770 1195 5842 Magum
1233 5773 1410 5846 fuisse
1452 5777 1674 5846 SCI'ipsit
1719 5777 1874 5833 Suid.

290 5831 482 5968 ull-99)
561 5831 802 5894 Malcbbs
871 5857 970 5910 sup
1063 5831 1130 5897 ab
1206 5845 1458 5915 Ouulpbo
1530 5831 1878 5906 interfectum

2059 5769 2510 5851 (_-ll)nl-laereti_cus,
2551 5784 2699 5851 ευριπ
2773 5767 3212 5851 cognominatur,
3264 5766 3387 5823 cod.
3433 5765 3566 5833 61;.

1990 5838 2330 5916 θιῑίῃςξαιιο.
2367 5843 2718 5916 Antiocheam.
2741 5841 2886 5916 sedis
2915 5850 3115 5916 raptor.

2063 5912 2145 5986 (2)
2171 5910 2340 5978 Quem
2374 5914 2489 5983 lege
2519 5913 2658 5981 apud
2687 5911 2842 5965 Suid.
2876 5913 2927 5965 in
2965 5907 3208 5966 Zenone.
