3926 6454
462 425 572 488 255

1129 536 1343 592 LXXX.

713 631 1076 703 Olympiodori
1113 631 1457 683 historiarum
1494 628 1615 683 libri
1648 642 1788 682 xm.

538 726 687 781 Lecti
729 733 854 779 sunt
891 722 1258 793 Olympiodori
1302 721 1661 775 Historiarum
1697 720 1817 773 libri
1858 718 1964 772 duo
1993 724 2047 770 et

466 820 683 889 viginti,
718 818 881 871 ducto
938 817 1095 870 initio
1151 816 1217 869 ab
1271 813 1491 868 Honorii
1544 812 1771 866 Romani
1818 810 2051 880 impera-

469 912 600 965 toris
656 909 941 963 consulatu
996 908 1259 974 septimo,
1327 916 1382 961 et
1436 904 1727 959 Theodosii
1761 904 2047 959 secundo:

469 1003 793 1070 deducitqne
854 1000 1135 1053 historiam
1194 1001 1259 1051 ad
1316 998 1366 1052 id
1421 1012 1590 1067 usque
1645 1008 1888 1065 tempus,
1945 1011 2051 1061 quo

474 1093 908 1155 Valentinianus,
943 1089 1175 1143 Placida:
1214 1098 1268 1142 et
1310 1088 1608 1143 Constantii
1646 1088 1809 1150 filius,
1848 1086 2052 1140 Roma-

472 1198 574 1240 nns
612 1184 906 1250 imperator
954 1182 1267 1235 declaratus
1314 1190 1414 1232 est.
1445 1179 1693 1248 Scriptor
1737 1180 1825 1233 hic
1871 1189 2050 1232 ortum

470 1274 620 1329 ducit
654 1272 996 1342 AZgyptiacis
1032 1270 1256 1333 Thebis,
1294 1269 1628 1337 professione
1669 1282 1846 1338 poeta,
1888 1281 1946 1323 nt
1989 1273 2056 1327 de

472 1382 532 1421 se
566 1362 790 1427 fatetur,
825 1363 1080 1432 religione
1122 1376 1249 1415 vero
1296 1362 1535 1430 gentium
1584 1361 1842 1415 imbutus.
1880 1363 2054 1418 Dictio

475 1454 548 1507 illi
578 1454 759 1517 clara;
792 1454 1016 1506 remissa
1051 1463 1227 1504 tamen
1264 1466 1325 1503 ac
1365 1452 1651 1514 dissoluta,
1684 1462 1738 1506 et
1770 1454 1823 1506 in
1858 1454 2058 1521 protri-

478 1559 585 1602 tam
629 1546 878 1600 devoluta
921 1547 1209 1598 verborum
1253 1544 1605 1599 alliuentiam.
1645 1542 1835 1599 Oratio
1877 1548 2059 1613 itaque

478 1639 699 1709 indigna
746 1648 804 1691 ut
853 1637 1097 1692 historiae
1144 1638 1532 1691 adnumeretur
1560 1655 1574 1691 :
1605 1638 1762 1707 cujus
1799 1639 1912 1709 ipse
1950 1638 2061 1694 for-

478 1740 624 1783 tasse
664 1728 938 1794 conscius,
971 1743 1075 1783 non
1124 1728 1406 1783 historiam
1458 1730 1599 1783 hanc
1632 1744 1661 1781 a
1695 1743 1753 1783 se
1782 1729 2056 1792 adornari,

479 1820 573 1874 sed
606 1820 890 1873 materiam
922 1821 1207 1884 duntaxat,
1252 1835 1346 1875 seu
1382 1819 1840 1874 Commentariun)
1879 1821 2061 1874 Histo-

1595 416 1858 477 PHOTII
1901 415 2410 477 PATRIABCHAE
2449 415 2559 476 CP.

3632 413 3735 477 εει

2898 534 2981 588 η’.

2363 625 2853 694 Ὀλυμπιοδώρου
2889 625 3158 691 ἱστορίας
3191 623 3363 691 λόγοι
3408 623 3528 687 φιβ’.

2237 716 2684 783 Ἀνεγνώσθησαν
2720 714 3165 785 Ὀλυμπιοδώρου
3221 712 3537 781 Ἱστορικοὶ
3575 715 3738 783 λόγοι

2151 807 2255 878 κβ’.
2280 810 2539 879 Ἀρχεται
2558 809 2665 862 ἀπὸ
2693 809 2792 877 τῆς
2819 808 3079 877 Ὀνωρίου
3098 806 3190 859 τοῦ
3211 806 3484 876 βασιλέως
3526 806 3739 877 Ῥώμης

2149 901 2249 970 τῆς
2273 900 2539 962 ὑπατείας
2563 900 2624 952 τὸ
2641 900 2867 968 ἕϐδομον
2887 901 2979 951 καὶ
2999 897 3281 950 Θεοδοσίου
3304 898 3368 949 τὸ
3396 897 3651 967 δεύτερον
3677 902 3735 964 ιθ,

2154 993 2481 1063 κατέρχεται
2514 992 2571 1044 δὲ
2624 992 2815 1064 μέχρις
2861 992 2981 1043 ὅτου
3018 990 3437 1053 Βαλεντινιανὺς
3479 992 3507 1041 6
3540 989 3741 1045 Πλακι-

2152 1086 2270 1148 δίας
2304 1088 2344 1118 ”
2377 1086 2470 1138 καὶ
2518 1084 2929 1140 Κωνσταντίινου
2963 1086 3007 1117 ¹⁸
3050 1087 3178 1148 παῖς
3226 1086 3306 1147 είς
3344 1084 3448 1154 τὴν
3482 1083 3739 1153 βασίλειον

2154 1178 2256 1248 τῆς
2287 1178 2509 1248 Ῥώμης
2537 1177 2821 1249 ἀνερρήθη
2859 1176 2989 1249 [104
3014 1176 3108 1250 Η.]
3133 1179 3333 1249 ἀρχὴν.
3368 1172 3543 1241 Οὗτος
3567 1180 3594 1230 6
3621 1195 3741 1244 συγ-

2156 1274 2402 1341 γραφεὺς
2431 1272 2666 1341 Θηϐαῖος
2696 1270 2797 1341 μέν
2835 1274 3004 1333 ἐστιν,
3049 1272 3113 1323 ὲκ
3142 1271 3250 1322 τῶν
3282 1270 3423 1341 πρὸς
3471 1268 3740 1337 Αἴγυπτον

2158 1363 2351 1431 Θηϐῶν
2380 1364 2442 1416 τὸ
2471 1364 2627 1432 γένος
2656 1363 2816 1433 ἔχων,
2844 1362 3075 1433 ποιητὴς
3109 1363 3173 1427 ’9,
3208 1361 3282 1424 ώς
3309 1361 3478 1423 αὐτὸς
3504 1378 3657 1427 φησι,
3687 1364 3742 1414 τὸ

2160 1455 2520 1525 ἐπιτήδευμα,
2561 1455 2761 1523 Ἕλλην
2793 1454 2891 1525 τὴν
2925 1453 3249 1525 θρησκείαν,
3285 1453 3471 1522 σαφὴς
3521 1452 3618 1521 μὲν
3654 1454 3740 1523 τὴν

2161 1547 2379 1615 φράσιν,
2433 1548 2621 1610 ἄτονος
2665 1547 2725 1600 δὲ
2780 1548 2876 1601 καὶ
2926 1547 3285 1617 ἐκλελυμένος
3340 1545 3440 1598 κα)⁸
3482 1544 3621 1614 πρὸς
3652 1548 3742 1614 τὴν

2164 1640 2561 1710 πεπατημένην
2609 1640 3075 1709 κατενηνεγμένος
3124 1636 3550 1708 χυδαιολογίαν,
3611 1636 3739 1688 ὥστε

2167 1732 2290 1803 μηδ’
2317 1731 2468 1795 ἄξιος
2503 1734 2581 1796 εἰς
2618 1731 2939 1802 συγγραφὴν
2963 1730 3382 1802 ἀναγράφεσθαι
3409 1732 3438 1782 6
3472 1729 3650 1797 λόγος.
3685 1732 3740 1779 '0

2164 1826 2258 1877 καὶ
2303 1824 2465 1888 αὐτὸς
2500 1825 2629 1888 ῐσως
2680 1822 2907 1877 συνιδὼν
2941 1824 3002 1876 οὑ
3032 1823 3361 1893 συγγραφὴν
3391 1821 3546 1892 αὑτῴ
3582 1820 3738 1873 ταῦτα

479 1912 573 1965 rite
604 1913 940 1981 suppeditari
975 1913 1280 1967 contendit.
1318 1912 1468 1966 Adeo
1506 1912 1756 1968 informis
1789 1928 1853 1966 ac
1883 1914 2062 1981 specie

2174 1916 2704 1985 κατασκευασθῆναι,
2737 1914 2871 1968 ἀλλὰ
2901 1914 3035 1985 ὕλην
3064 1915 3393 1985 συγγραφῆς
3421 1912 3737 1983 ἐκπορισθῆ-

478 2018 699 2068 carens,
728 2005 896 2059 etiam
929 2005 1158 2071 ipsemet
1183 2004 1440 2059 dictionis
1465 2019 1576 2059 suae
1600 2006 1886 2060 character
1915 2006 2063 2061 visus

478 2106 585 2151 est.
633 2098 699 2151 Et
742 2112 871 2152 vero
909 2096 1054 2151 nulla
1102 2097 1218 2151 idea
1265 2098 1354 2152 hic
1398 2098 1590 2161 enitet,
1632 2098 1736 2152 nisi
1778 2099 1900 2158 unis
1940 2114 2061 2151 eum

479 2186 607 2240 alibi
660 2186 996 2257 simplicitati
1046 2189 1310 2242 accedere
1362 2189 1692 2255 contendat;
1741 2190 1843 2242 etsi
1892 2204 2064 2257 neque

480 2280 621 2335 hanc
670 2280 921 2343 attingat,
956 2280 1081 2334 dum
1119 2280 1283 2336 nimis
1330 2282 1518 2335 humili
1569 2296 1634 2337 ac
1678 2283 1772 2335 vili
1809 2284 2065 2337 dictionis

485 2385 688 2439 genere
718 2386 869 2436 usus,
895 2371 947 2426 in
982 2372 1316 2428 idiotismum
1350 2374 1727 2441 plebeiumque
1755 2388 2064 2429 sermonem

484 2477 707 2531 prorsus
742 2463 1027 2517 delabitur.
1060 2464 1127 2518 Et
1167 2465 1291 2519 licet
1324 2463 1529 2519 Silvam
1572 2481 1728 2519 suam
1774 2468 1891 2535 ipse
1930 2482 2065 2536 Opus

481 2553 737 2623 appellet,
773 2555 927 2610 libris
973 2566 1151 2612 tamen
1213 2558 1519 2627 distinguit,
1553 2557 2067 2628 praefationibusque

481 2663 681 2703 ornare
722 2648 938 2703 nititur.
976 2648 1267 2704 Historiam
1312 2651 1559 2706 inscribit
1607 2649 1912 2706 Theodosio
1940 2651 2069 2723 [Mi-

484 2738 628 2811 nori]
661 2739 974 2809 imperatori
1007 2744 1098 2812 qui
1135 2743 1357 2799 Arcadii
1394 2744 1564 2811 Illius,
1595 2744 1819 2800 Honorii
1851 2761 1914 2801 ac
1949 2745 2067 2799 Pla-

481 2832 640 2888 cidia:
674 2834 938 2902 patruelis
965 2834 1089 2893 fuit.

558 3014 762 3071 Narrat
814 3016 995 3085 itaque
1042 3016 1408 3075 Stelichonem
1460 3019 1525 3073 ad
1579 3034 1828 3091 magnam
1878 3035 2070 3090 perve-

489 3107 636 3162 nisse
686 3110 1024 3178 potentiam,
1082 3126 1205 3167 cum
1264 3128 1389 3165 eum
1448 3111 1786 3168 Theodosius
1844 3113 2069 3185 Magnus

2164 2024 2252 2060 ναι
2274 2007 2679 2061 διαόεὸαιοῦται
2696 2022 2711 2038 ’
2739 2006 2913 2068 οὕτως
2937 2007 3183 2076 ἄμορφος
3218 2006 3315 2058 καὶ
3341 2004 3551 2066 άνίδεος
3592 2004 3635 2034 ²⁰
3660 2007 3739 2056 καὶ

2162 2099 2311 2170 αὐτῷ
2347 2100 2443 2153 τοῦ
2474 2100 2635 2167 λόγου
2666 2100 2694 2151 ὁ
2739 2099 3026 2170 χαρακτὴρ
3085 2097 3475 2165 κατεφαίνετο.
3507 2096 3614 2147 Καὶ
3642 2096 3738 2165 γὰρ

2164 2193 2391 2262 οὐδεμιᾷ
2420 2192 2530 2245 τῶν
2563 2192 2715 2245 ἰδεῶν
2746 2191 3169 2255 καλλωπίζεται,
3201 2189 3346 2260 πλὴν
3376 2189 3430 2242 εἴ
3458 2206 3541 2252 τις
3570 2188 3626 2240 ἓν
3645 2205 3737 2242 τισι

2164 2288 2231 2356 τῇ
2260 2286 2489 2356 ἀφελείᾳ
2516 2284 2835 2355 πλησιάζειν
2866 2283 3177 2337 ὲκὸιάσοιτο
3200 2299 3213 2312 ·
3246 2282 3329 2352 τῷ
3367 2282 3480 2351 γὰρ
3510 2281 3627 2333 λίαν
3657 2299 3737 2333 τα-

2168 2375 2339 2446 πεινῷ
2382 2378 2475 2429 καὶ
2501 2375 2942 2446 ὲξηυτελισμένῳ
2985 2374 3079 2428 καὶ
3106 2372 3314 2442 ταύτης
3341 2373 3626 2424 ἐκπίπτων
3670 2374 3737 2433 είς

2168 2467 2477 2537 ίδιωτισμὸν
2508 2469 2645 2529 ὅλως
2679 2468 3060 2538 ὑπενήνεκται.
3094 2465 3282 2532 ’Ύλην
3311 2465 3369 2517 δὲ
3402 2464 3566 2525 αὐτὸς
3595 2465 3738 2517 ἱστο-

2158 2560 2301 2628 ρίας
2330 2559 2504 2611 ταῦτα
2531 2553 2733 2623 καλῶν,
2757 2559 2907 2628 ὅμως
2938 2558 3032 2609 καὶ¹
3059 2556 3241 2624 λόγοις
3267 2556 3476 2625 διαιρεῖ
3504 2556 3596 2607 καὶ
3623 2571 3738 2624 προ-

2166 2652 2369 2721 οιμίοις
2420 2653 2678 2722 πειρᾶται
2723 2652 2974 2721 κοσμεῖν,
3021 2651 3115 2703 καὶ
3168 2648 3311 2720 πρὸς
3345 2647 3622 2700 Θεοδόσιον
3659 2646 3738 2697 τὸν

2170 2746 2417 2817 βασιλέα,
2445 2745 2503 2807 ὃς
2540 2744 2758 2814 ἀνεψιὸς
2785 2743 3158 2815 ἐχρημάτιζεν
3197 2741 3463 2813 Ὀνωρίου
3496 2740 3587 2793 καὶ
3618 2740 3741 2792 Πλα-

2169 2838 2368 2902 κιδίας,
2418 2837 2706 2910 Ἀρκαδίου
2729 2837 2787 2890 δὲ
2816 2838 2967 2900 παῖς,
3003 2836 3141 2906 πρὸς
3165 2833 3363 2888 τοῦτον
3392 2834 3493 2906 τὴν
3521 2833 3739 2902 ἱστορίαν

2167 2930 2463 2999 ἀναφωνεί.

2239 3021 2811 3090 Διαλαμὸάνειτοίνυν
2845 3020 2977 3091 περὶ
3010 3019 3371 3089 Στελίχωνος,
3418 3020 3548 3087 ὅσην
3578 3036 3633 3071 τε
3657 3034 3739 3068 περ

2173 3113 2490 3185 ριε6ἐ6λητο
2513 3113 2767 3183 δύναμιν,
2799 3112 3077 3175 καταστὰς
3103 3111 3406 3181 ἐπίτροπος
3433 3112 3476 3141 ²¹
3502 3110 3607 3163 τῶν
3628 3109 3741 3160 παί-

492 3215 693 3269 parens
740 3200 892 3270 ipse,
938 3202 1052 3255 suis
1101 3201 1288 3257 liberis
1333 3203 1569 3257 Arcadio
1624 3214 1785 3274 atque
1832 3204 2065 3261 Honorio

2174 3208 2276 3260 δων
2315 3206 2602 3278 Ἀρκαδίου
2648 3205 2745 3258 καὶ
2783 3204 3043 3274 Ὀνωρίου
3079 3204 3171 3256 ὑπ’
3205 3203 3379 3257 αὐτοῦ
3428 3202 3520 3255 τοῦ
3559 3200 3741 3269 πατρὸς

492 3302 726 3347 tutorem
763 3294 1133 3363 imposuisset,
1163 3309 1227 3349 ac
1257 3306 1522 3363 praeterea
1552 3310 1775 3351 uxorem
1806 3296 2068 3353 Serenam

489 3380 755 3444 duxisset,
794 3397 825 3435 a
860 3380 1168 3437 Theodosio
1209 3398 1363 3452 aeque
1408 3384 1506 3451 ipsi
1552 3386 1899 3452 desponsam.
1936 3388 2072 3443 Post

481 3473 674 3536 etiam,
720 3470 829 3523 tilia
879 3489 976 3525 sua
1017 3472 1373 3529 Thermantia
1410 3477 1598 3543 nuptui
1636 3476 1873 3531 Honorio
1906 3478 2074 3548 impe-

488 3564 661 3621 ,ratori
696 3564 846 3629 data,
881 3564 1032 3618 illum
1069 3565 1169 3619 sibi
1204 3580 1466 3635 generum
1500 3567 1761 3622 ascivisse
1798 3586 1811 3621 :
1843 3569 2074 3637 indeque

484 3656 560 3713 ,ad
601 3671 869 3709 summam
918 3673 1144 3726 prorsus
1196 3670 1447 3713 evectum
1499 3661 1821 3729 potentiam.
1902 3661 2073 3718 Multa

489 3762 593 3817 pro
646 3746 905 3803 ltmnanis
950 3766 1073 3803 cum
1130 3752 1296 3805 variis
1348 3753 1599 3822 gentibus
1648 3755 1789 3808 bella
1839 3757 2077 3827 gessisse

495 3841 745 3906 feliciter,
778 3843 949 3896 donec
982 3845 1327 3913 sanguinaria
1365 3845 1442 3918 (3i
1483 3848 1813 3917 immanique
1842 3850 2075 3920 Olympii

488 3947 656 3999 opera
704 3932 819 4001 (qui
872 3948 967 4002 per
1016 3934 1382 3991 Stelichonem
1425 3938 1739 4007 imperatori
1788 3938 2077 3997 familiaris

490 4023 672 4077 factus
707 4023 905 4093 fuerat)
937 4027 1079 4080 ferro
1112 4040 1335 4083 mortem
1370 4031 1588 4101 excepit
1616 4031 1717 4100 (4).

563 4115 727 4170 Addit
784 4117 1099 4172 Alarichum
1157 4120 1456 4175 Gothorum
1522 4122 1868 4191 praefectum,
1937 4126 2078 4197 57a

491 4227 655 4280 quem
707 4212 834 4265 olim
889 4222 1143 4266 evocarat
1186 4213 1453 4277 Stelicho,
1503 4223 1561 4268 ut
1609 4213 1851 4269 Honorio
1903 4218 2081 4287 Illyri-

491 4318 617 4357 cum
651 4307 819 4357 armis
855 4314 1063 4359 teneret
1101 4305 1239 4376 (bene
1284 4306 1427 4358 enim
1472 4306 1545 4359 illi
1588 4308 1866 4374 provincia
1914 4325 1940 4362 a
1984 4326 2077 4376 pa-

494 4408 647 4450 rente
704 4397 1010 4451 Theodosio
1061 4399 1113 4451 in
1176 4399 1466 4468 partitione
1542 4400 1691 4469 regni
1761 4400 2079 4471 obvenerat)

497 4499 609 4543 tum
659 4492 729 4544 ob
760 4492 1087 4547 Stelichonis
1131 4493 1354 4559 czedem,
1393 4502 1503 4546 tum
1555 4494 1698 4562 quod
1753 4496 2078 4562 promissum

494 4583 571 4636 illi
605 4587 788 4637 datum
827 4600 932 4637 non
983 4594 1147 4649 esset,
1187 4585 1445 4651 cinxisse,
1489 4595 1544 4639 et
1578 4585 1788 4653 cepisse
1826 4585 2074 4651 Romam,
2103 4569 2155 4629 D

498 4676 554 4734 in
611 4691 784 4743 eaque
840 4676 973 4730 urbe
1033 4678 1406 4733 incredibilem
1467 4678 1679 4748 argenti
1735 4680 1841 4731 vim
1899 4682 2075 4747 praala

495 4768 803 4823 avertisse.-
843 4768 982 4833 Quin
1030 4780 1087 4823 et
1127 4769 1354 4825 Honorii
1403 4768 1695 4823 Placidiam
1735 4769 1851 4842 (5),
1892 4770 2077 4825 Roma:

498 4871 612 4913 tum
660 4872 947 4930 agentem,
996 4863 1266 4931 captivam
1322 4862 1600 4918 habuisse.
1646 4862 1789 4919 Ante
1855 4873 2073 4932 captain

496 4968 625 5006 vero
673 4956 862 5008 urbem
915 4955 1178 5011 illustrem
1228 4964 1338 5011 tum
1384 4956 1580 5023 virum,
1631 4958 1717 5012 cui
1768 4957 1950 5013 Attalo
1996 4956 2070 5029 (6)

2174 3295 2352 3350 αὐτῶν
2376 3294 2656 3347 Θεοδοσίου
2686 3292 2778 3345 τοῦ
2805 3292 3084 3359 Μεγάλου,
3119 3292 3211 3344 καὶ
3242 3292 3321 3353 ὡς
3345 3292 3581 3361 Σερῆναν
3607 3291 3738 3359 νόμῳ

2175 3387 2352 3456 γάμου
2385 3383 2649 3452 ἠγάγετο,
2682 3382 2965 3435 Θεοδοσίου
2999 3382 3093 3434 καὶ
3132 3381 3342 3452 ταύτην
3374 3380 3522 3452 αὐτῷ
3562 3397 3737 3445 κατεγ-

2174 3480 2498 3547 γυήσαντος.
2528 3478 2651 3530 Ὀτι
2706 3493 2766 3528 τε
2816 3476 2954 3545 μετὰ
3000 3474 3173 3527 ταῦτα
3222 3474 3494 3544 Στελίχων
3543 3475 3616 3536 είς
3656 3472 3738 3541 τὴν

2175 3571 2370 3624 ἑαυτοῦ
2414 3570 2761 3641 Θερμαντίαν
2798 3569 2889 3621 τὸν
2942 3568 3167 3638 βασιλέα
3212 3567 3469 3638 Ὀνώριον
3517 3562 3740 3634 γαμϐρδν

2176 3665 2491 3733 ἐποιήσατο,
2523 3663 2615 3715 καὶ
2644 3661 2718 3720 ὡς
2748 3662 2842 3713 ὲπὶ
2878 3660 3129 3712 πλεῖστον
3160 3659 3242 3712 ἔτι
3277 3661 3479 3729 μᾶλλον
3512 3656 3643 3728 ἤρθη
3666 3655 3739 3707 δυ-

2177 3757 2415 3818 νάμεως,
2446 3756 2541 3808 καὶ
2565 3754 2795 3816 πολλοὺς
2829 3752 3096 3823 πολέμους
3122 3751 3266 3822 ὑπὲρ
3316 3752 3600 3819 Ῥωμαίων
3623 3745 3735 3815 πρὸς

2182 3849 2352 3901 πολλὰ
2390 3847 2499 3900 τῶν
2535 3846 2703 3899 ἐθνῶν
2735 3844 3099 3914 κατώρθωσε·
3137 3846 3231 3897 καὶ
3256 3845 3340 3897 ὅτι
3371 3841 3633 3912 μιαιφόνῳ
3660 3838 3734 3889 καὶ

2178 3940 2533 4015 ἀπανθρώπῳ
2557 3941 2761 4011 σπουδῇ
2799 3940 3123 4009 Ὀλυμπίου,
3160 3937 3217 3989 ὃν
3251 3938 3415 4000 αὐτὸς
3447 3936 3521 4006 τῷ
3555 3931 3738 4003 βασιλεί

2180 4036 2592 4107 προσῳκείωσε,
2623 4034 2713 4086 τὸν
2743 4032 2833 4084 διὰ
2865 4032 3050 4101 ξίφους
3080 4032 3345 4100 ὑπέμεινε
3386 4029 3627 4083 θάνατον.

2252 4126 2381 4201 [180
2413 4125 2505 4198 IL]
2547 4127 2668 4177 Ὀτι
2703 4124 2988 4195 Ἀλὰριχος
3016 4127 3043 4177 6
3082 4123 3192 4176 τῶν
3226 4123 3441 4176 Γότοων
3472 4120 3735 4190 φύλαρχος,

2179 4223 2237 4275 ὃν
2267 4220 2536 4289 Στελίχων
2580 4218 2983 4289 μετεκαλέσατο
3010 4218 3101 4269 ἐπὶ
3130 4215 3207 4285 τῷ
3252 4215 3486 4285 φυλάξαι
3528 4208 3736 4275 Ὁνωρέῳ

2180 4315 2240 4367 τὸ
2268 4315 2313 4345 ²¹
2358 4312 2649 4382 Ἰλλυρικὸν
2699 4311 2785 4383 (τῇ
2817 4312 2925 4381 γὰρ
2965 4307 3129 4362 αὖτοῦ
3169 4304 3238 4379 ἦν
3286 4307 3436 4376 παρὰ
3486 4298 3734 4355 Θεοδοσίου

2180 4404 2273 4457 τοῦ
2301 4403 2509 4473 πατρὸς
2533 4404 2796 4471 ὲκνενεμη
2807 4404 2966 4470 μένον
2996 4400 3288 4470 βασιλείᾳ),
3318 4392 3473 4459 οὗτος
3498 4394 3581 4445 ὁ¹³
3614 4386 3734 4441 Ἀλά·

2187 4513 2331 4568 ριχος
2359 4495 2452 4549 διά
2479 4511 2537 4547 τε
2584 4494 2675 4547 τὸν
2706 4494 2866 4563 φόνον
2913 4493 3261 4563 Στελίχωνος,
3308 4491 3401 4545 καὶ⁹
3439 4490 3520 4541 ὅτι
3559 4484 3591 4537 ἃ
3636 4498 3737 4533 συν-

2183 4591 2363 4642 έκειτο
2400 4588 2551 4658 αὐτῷ
2597 4587 2697 4640 οὐκ
2735 4586 3027 4656 ἐλάμϐανε,
3062 4587 3344 4656 πολιορκεῖ
3376 4583 3471 4635 καὶ
3508 4572 3740 4645 ἐκπορθεῖ

2183 4681 2281 4749 τὴν
2312 4681 2358 4711 ’⁸
2401 4677 2650 4749 Ῥώμην·
2683 4677 2742 4743 ἐξ
2788 4672 2854 4749 ἧς
2904 4677 3165 4747 χρήματά
3217 4693 3276 4728 τε
3329 4674 3530 4741 ἄπειρα
3576 4662 3739 4730 ἐξεκό-

2188 4790 2344 4843 μισε,
2407 4773 2499 4824 καὶ
2556 4772 2655 4841 τὴν
2724 4768 2957 4838 ἀδελφὴν
3023 4767 3283 4837 Ὀνωρίου
3353 4758 3637 4816 Ιιλακιδίαν
3688 4754 3739 4802 ἐν

2195 4864 2385 4937 Ῥώμῃ
2412 4863 2704 4931 διάγουσαν
2725 4858 3096 4932 ᾑχμαλώτισε.
3126 4861 3235 4912 Καὶ
3258 4855 3364 4926 πρὸ
3390 4859 3485 4923 τῆς
3515 4850 3739 4904 ἁλώσεως

2179 4959 2238 5012 δὲ
2277 4957 2373 5009 ἕνα
2400 4955 2523 5008 τινὰ
2548 4954 2658 5007 τῶν
2681 4958 2821 5007 κατὰ
2858 4954 2957 5022 τὴν
2998 4952 3217 5023 Ῥώμην
3258 4948 3515 5014 ἐπιδόξων
3539 4942 3741 5013 (Ἄττα-

1829 5092 2056 5148 vanta;
2097 5053 2501 5151 LECTIONES.

570 5210 616 5241 ’⁵
641 5209 737 5263 τοῦ
765 5208 1019 5279 δευτέρου
1052 5225 1113 5273 ς.
1178 5209 1219 5240 ’⁷
1241 5210 1506 5274 πλακίδας
1538 5226 1618 5276 ιιν.
1664 5213 1729 5265 Α.
1800 5211 1847 5242 ¹⁸
1878 5211 2257 5269 Κωνστοιντίου
2282 5210 2559 5271 Schottus.
2591 5208 2935 5278 Sylburgius.
2977 5206 3245 5279 1481)δεῖιεὶ
3290 5205 3355 5279 λη
3381 5193 3735 5279 (remigi-1":

496 5283 1071 5349 oneratorchymicus.
1106 5279 1226 5334 Vid.
1266 5281 1479 5349 Fabric.
1516 5281 1773 5335 Biblioth.
1814 5280 1909 5334 Gr.
1952 5292 1987 5333 t.
2029 5281 2136 5333 VII.

2169 5298 2220 5348 p.
2265 5280 2389 5341 5-H,
2422 5283 2509 5332 ed.
2544 5269 2757 5334 llailes.
2795 5269 2880 5311 ”¹⁰
2905 5278 3141 5339 ἁνείδεος
3178 5276 3324 5330 libri.
3395 5274 3436 5303 ²¹
3471 5269 3735 5334 ἐπίτροπος

497 5353 624 5407 add.
659 5353 725 5406 A.
809 5347 853 5383 ’ί
874 5348 975 5422 τῷ]
1008 5351 1069 5402 τὸ
1100 5351 1162 5403 Α.
1226 5352 1271 5384 ³³
1290 5350 1341 5425 ὁ]
1371 5347 1463 5406 οὖν
1486 5352 1515 5404 ὁ
1543 5369 1605 5417 ς.
1678 5351 1724 5387 ’⁵
1756 5356 1855 5423 τὴν
1876 5351 2030 5406 πόλιν
2067 5347 2257 5421 ῥώμην
2286 5351 2350 5402 Α.

2016 5458 2252 5520 NOTAE.

576 5580 654 5649 (3)
689 5579 765 5633 ita
797 5582 995 5649 pietate
1032 5580 1296 5647 insignem
1338 5582 1508 5632 virum
1551 5578 1924 5634 Christianum
1959 5594 2073 5645 per—

502 5652 723 5718 etitngit
755 5654 914 5705 humo
955 5654 1226 5715 ethnicus,
1254 5660 1309 5704 ut
1335 5662 1391 5703 et
1419 5649 1689 5711 Zositnns.
1726 5650 1818 5702 lil).
1854 5665 1901 5704 ν.
1940 5649 2078 5700 Latt-

501 5721 599 5773 dat
630 5732 806 5774 tamen
846 5723 984 5776 binis
1032 5721 1098 5774 ad
1129 5738 1253 5776 cum
1284 5722 1427 5776 datis
1457 5719 1654 5774 litteris
1710 5720 1771 5773 Β.
1824 5722 2081 5790 Angusti-

504 5807 625 5852 nus,
643 5792 797 5856 epist.
831 5792 950 5853 ΗΑ,
992 5792 1108 5845 129.

579 5862 653 5930 (ει)
682 5861 840 5914 Manu
877 5861 1199 5929 lleracliatti,
1227 5861 1315 5931 qui
1347 5860 1504 5931 hujus
1531 5860 1789 5917 facinoris
1821 5861 2096 5934 primaint"

2184 5577 2393 5643 accepit
2425 5576 2618 5630 Africa:
2646 5574 3047 5643 praefecturam.
3101 5574 3229 5644 Ejus
3267 5586 3320 5628 ct
3347 5569 3441 5624 inl'.
3475 5558 3656 5620 mentio
3683 5552 3733 5606 ﬁt

2186 5647 2254 5703 ab
2285 5649 2385 5700 lmc
2415 5657 2655 5700 :tllt‘lttl‘c.

2372 5718 2501 5794 Qua:
2533 5716 2681 5794 Galla
2720 5716 2954 5794 Placidia
2997 5716 3160 5768 dicta.
3382 5790 3390 5794 _
3460 5775 3510 5794 μ’

2272 5772 2348 5855 (ϐ’)
2377 5772 2598 5841 priscas
2638 5788 2849 5842 Attalus
2889 5799 3116 5842 vocatus
3142 5797 3246 5850 est,
3295 5790 3427 5835 teste
3460 5772 3730 5829 ὃυιυιιιυιιι)

2207 5858 2298 5915 lih.
2327 5874 2400 5923 ιχ,
2439 5873 2558 5926 cap.
2592 5857 2643 5912 8.

2872 5946 2889 5976 ο
