3926 6472
246 418 337 484 257
1273 405 1803 467 BIBLI'OTHECA.
1828 427 1899 438 -
1936 404 2101 465 COD.
2141 405 2372 465 LXXX.

3381 412 3489 475 258

246 538 321 597 λος
343 526 405 599 ἦν
429 526 594 595 ὄνομα
638 519 814 594 αῶτῳ)
864 520 964 591 τὴν
992 517 1343 590 ὲπαρχότητα
1387 518 1511 571 τότε
1548 518 1801 571 διέποντα

1909 529 2126 581 nomen,
2173 530 2442 570 summam
2481 514 2863 587 praefecturam
2912 527 3215 591 gerentem,
3256 522 3493 595 impera-

248 630 315 689 είς
340 620 546 693 βασιλέα
582 617 977 686 ἀνηγόρευσεν.
1025 611 1308 683 Ἐπράχθη
1340 611 1397 665 δὲ
1436 611 1584 681 αὐτῷ
1626 610 1799 663 ταῦτα

249 716 322 769 δια
344 730 397 765 τε
423 711 512 772 τὰς
545 703 953 777 προειρημένας
989 702 1192 765 αἰτίας,
1226 703 1322 755 καὶ
1345 702 1427 767 ὅτι
1477 702 1670 771 Σάρον,
1704 701 1802 753 καὶ

250 806 385 862 αὐτόν
417 798 601 853 Γότθον
630 796 788 863 ὄντα,
846 796 939 848 καὶ
984 795 1226 864 πλήθους
1270 794 1370 863 μὲν
1398 793 1582 861 ὀλίγου
1632 792 1801 862 ἐπάρ-

251 915 389 971 χοντα
413 895 547 962 (ἄχρι
579 890 693 959 γὰρ
728 896 769 942 σ¹
800 889 833 960 ἢ
869 889 963 941 καὶ
988 894 1032 941 τ’
1067 887 1217 957 αὐτῷ
1245 890 1272 941 6
1299 887 1425 950 λαὸς
1456 886 1797 955 ἐξετείνετο),

258 996 407 1054 ἄλλως
427 990 476 1043 δὲ
514 985 759 1056 ἡρωϊκόν
791 1001 914 1037 τινα
952 984 1048 1037 καὶ
1095 986 1153 1036 ἐν
1200 984 1401 1054 μάχαις
1455 983 1802 1050 ἁκαταγώνι-

268 1105 394 1149 στον,
438 1080 597 1135 τοῦτον
635 1077 726 1130 ὅτι
775 1078 1032 1145 Ῥωμαῖοι
1081 1077 1435 1147 ᾑταιρίσαντο
1482 1075 1549 1128 δι’
1600 1074 1801 1145 ἔχθρας

283 1176 506 1247 ’Ᾱλαρίχῳ
528 1172 671 1234 ὄντα,
708 1170 975 1223 ἄσπονδον
994 1169 1190 1239 ἐχθρὸν
1225 1169 1509 1249 Ἀλάριχον
1539 1169 1584 1199 ’⁸
1609 1169 1798 1237 ἐποιή-

279 1286 422 1325 σαντο.
458 1266 555 1315 Ὀτι
599 1263 659 1313 ἐν
708 1263 776 1331 τῇ
823 1260 1114 1331 πολιορκίᾳ
1147 1260 1243 1329 τῆς
1285 1259 1508 1328 Ῥώμης
1569 1260 1800 1329 ἀλληλο-

274 1363 406 1428 euri:
427 1355 519 1408 τῶν
546 1353 912 1406 ἐνοικούντων
958 1353 1188 1421 ἐγίνετο.
1222 1354 1347 1405 Ὅτι
1386 1353 1674 1423 Ἀλάριχος
1721 1354 1801 1406 ἔτι

265 1455 422 1518 ζῶντος
446 1447 774 1516 Στελίχωνος
818 1454 868 1517 μ’
907 1447 1237 1516 κεντηνάρια
1281 1445 1473 1515 μισθὸν
1518 1446 1678 1498 ἔλαϐε
1702 1448 1801 1514 τῆς

255 1539 583 1608 ἐκστρατείας.
622 1538 752 1589 Ὅτι
782 1538 921 1606 μετὰ
941 1536 1169 1592 θάνατον
1204 1537 1531 1606 Στελίχωνος
1562 1538 1803 1606 ἀναιρεῖ-

250 1646 323 1682 ται
364 1628 786 1692 ἐκκαποπνιγείσα
828 1625 924 1677 καὶ
973 1626 1185 1697 Σερῆνα
1219 1626 1265 1656 ’⁸
1312 1627 1344 1693 ἡ
1399 1626 1591 1679 τούτου
1638 1626 1797 1697 γυνὴ,

248 1721 368 1773 αἰτία
391 1717 708 1787 νομισθεῑσα
734 1719 834 1786 τῆς
869 1719 961 1770 ἐπὶ
998 1718 1220 1787 Ῥώμην
1250 1719 1441 1785 ἐφόδου
1488 1719 1797 1790 Ἀλαρίχου·

246 1813 516 1883 ἀναιρεῖται
553 1810 611 1861 δὲ
654 1811 931 1879 πρότερον
978 1811 1116 1879 μετὰ
1154 1810 1251 1881 τὴν
1287 1810 1415 1882 [105
1454 1811 1547 1882 Η.]
1578 1813 1800 1882 ἀναίρε-

247 1920 372 1972 ρεσιν
409 1900 740 1969 Στελίχωνος
769 1902 814 1931 ’⁷
840 1905 866 1954 6
903 1900 1104 1965 ταύτης
1162 1903 1417 1955 κάκείνου
1454 1906 1581 1966 παῖς
1636 1904 1802 1973 Εὐχέ-

247 2012 358 2065 ριος.
383 1995 499 2046 Ὅτι
547 1994 608 2045 τὸ
644 1994 1040 2064 Βουκελλὰριος
1098 1996 1269 2065 ὄνομα
1303 1997 1362 2048 ἐν
1396 2000 1520 2058 ταῖς
1568 1999 1804 2068 ἡμέραις

252 2086 481 2155 ’θεωρίου
514 2086 750 2156 ἐφέρετο
795 2086 935 2139 κατὰ
984 2088 1332 2158 στρατιωτῶν
1365 2090 1427 2141 οὐ
1476 2090 1635 2159 μόνον
1674 2091 1807 2142 Ῥω-

245 2178 396 2246 μαίων
436 2176 572 2229 ἀλλὰ
604 2178 703 2229 καὶ
740 2179 778 2229 Γ
781 2178 953 2230 ότθων
992 2178 1153 2231 τινῶν
1174 2196 1187 2208 ·
1219 2179 1294 2243 ώς
1326 2180 1370 2231 δ’
1398 2179 1581 2243 αὕτως
1620 2181 1717 2233 κα)⁵
1746 2182 1806 2233 τὸ

241 2267 576 2337 ponit-iptith
607 2270 758 2322 κατὰ
788 2270 1048 2343 διαφόρου
1088 2272 1181 2323 καὶ
1216 2272 1539 2342 ’συμμιγοῦς
1582 2273 1807 2343 ἐφέρετο

243 2359 469 2429 πλήθους.
506 2360 636 2412 Ὅτι
676 2360 972 2431 Ὀλύμπιος
1005 2364 1033 2413 ὁ
1059 2361 1459 2424 ἐπιϐουλεύσας
1500 2362 1808 2432 Στελίχωνα

245 2454 516 2522 μὰγιστρος
549 2452 668 2505 τῶν
707 2454 977 2522 ὀφφικίων
1010 2456 1257 2523 γέγονεν,
1306 2451 1424 2509 εἶτα
1454 2455 1678 2521 ἐξέπεσε
1708 2456 1807 2526 τῆς

242 2546 408 2615 ἀρχῆς,
439 2543 559 2598 εἶτα
591 2547 762 2600 πάλιν
808 2548 981 2615 ἐπέϐη
1025 2548 1255 2618 ταύτης,
1290 2548 1485 2602 ἔπειτα
1527 2547 1803 2614 ἐξέπεσεν,

245 2630 342 2687 εἶτα
372 2638 624 2688 ἐκπεσὼν
656 2638 911 2707 ῥοπάλοις
939 2638 1166 2708 ὕστερον
1199 2640 1304 2693 ὑπὸ
1328 2641 1713 2693 Κωνσταντίου
1737 2640 1803 2705 ’⁸,

244 2724 544 2794 ὃςὴγὰγετο
600 2728 939 2795 Πλακιδίαν,
986 2732 1282 2802 παιόμενος
1328 2734 1658 2803 ἀναιρεῖται,
1709 2734 1807 2798 τὰς

245 2818 390 2878 ἀκοὰς
420 2820 693 2889 πρότερον
723 2823 979 2886 ἐκκοπείς
1000 2841 1011 2853 ’
1048 2824 1144 2876 καὶ
1176 2825 1209 2894 ή
1238 2824 1361 2896 δίκη
1407 2826 1501 2879 τὸν
1524 2826 1809 2899 ἀνοσιουρ-

244 2908 324 2975 τὸν
360 2910 434 2969 εἰς
462 2910 621 2973 τέλος
668 2912 769 2965 οὐκ
803 2914 1018 2984 ἀφῆκεν
1049 2916 1093 2948 ³⁸
1121 2916 1491 2987 ἀτιμώρητον.
1535 2920 1655 2972 Ὀτι
1699 2920 1808 2971 τῶν

247 3004 369 3069 μετὰ
403 3003 746 3073 Ῥοδογάῖσον
771 3006 984 3059 Γότθων
1012 3008 1061 3060 οἱ
1092 3008 1465 3077 κεφαλαιῶται
1496 3009 1541 3041 ³ο
1568 3009 1806 3080 ὀπτίμα-

243 3110 314 3146 τοι
338 3096 647 3163 ἐκαλοῦντο,
673 3100 754 3163 εἰς
783 3100 992 3153 δώδεκα
1031 3101 1401 3166 συντείνοντες
1425 3104 1693 3174 χιλιάδας,
1718 3103 1808 3164 οὓς

1906 616 2079 660 torem
2116 609 2490 663 renuntiasse.
2534 611 2779 678 Actaque
2807 626 2927 667 esse
2963 613 3078 667 ha’c
3111 614 3180 668 ob
3209 631 3327 682 eas,
3354 634 3494 686 quas

1902 699 2144 754 diximus
2179 713 2397 764 causas,
2444 710 2499 754 et
2540 702 2611 755 ob
2667 700 2860 756 Sarum
2902 704 3004 774 (7),
3042 705 3300 761 Gotthum
3362 710 3491 763 item

1902 806 2124 863 genere,
2180 793 2275 847 sed
2326 807 2621 862 paucorum
2675 793 2954 849 hominum
3006 797 3323 866 praelectum
3376 800 3493 869 (vix

1902 886 2046 938 enim
2075 887 2358 952 ducentos,
2397 896 2495 940 aut
2543 902 2840 953 summum,
2880 899 3150 945 treCentos
3191 893 3491 964 ductabat),

1904 988 2100 1033 caetera
2178 994 2502 1047 generosum
2576 982 2782 1045 virum,
2855 985 3132 1051 armisque
3210 984 3491 1052 invictum,

1902 1085 2063 1139 quem
2097 1072 2241 1139 quod
2280 1072 2484 1125 socium
2518 1058 2619 1125 sibi
2653 1072 2883 1126 Romani
2929 1075 3329 1143 adjunxissent,
3360 1076 3491 1130 Ala-

1905 1164 2042 1217 richi
2075 1162 2333 1217 infestum
2368 1165 2601 1230 hostem,
2639 1166 2690 1218 in
2742 1178 3060 1236 perpetuum
3106 1169 3309 1222 idcirco
3352 1170 3495 1223 hunc

1905 1258 2248 1310 renuntiasse
2283 1257 2402 1310 Sari
2438 1257 2709 1310 amicitiae.
2754 1257 2813 1311 ln
2866 1260 2967 1311 hac
3016 1259 3166 1314 urbis
3214 1261 3496 1314 obsidione

1905 1359 2091 1403 mutua
2136 1364 2303 1405 carnc
2350 1359 2538 1418 pastos
2584 1351 2862 1405 obsessos.
2894 1350 3229 1414 Alarichum,
3280 1354 3497 1405 vivente

1903 1442 2202 1495 etiamnum
2247 1441 2581 1506 Stelichone,
2616 1443 2821 1498 militia:
2872 1446 3177 1497 mercedem
3235 1457 3496 1499 centena-

1903 1536 2015 1587 rios
2060 1535 2417 1603 quadraginta
2490 1536 2789 1603 accepisse.
2854 1534 2982 1589 Post
3033 1534 3369 1597 Stelichonis
3415 1538 3496 1589 in-

1903 1627 2146 1691 teritum,
2190 1626 2506 1681 sull'ocatam
2549 1628 2798 1693 periisse,
2840 1638 2893 1681 et
2916 1628 3204 1683 tSerenam
3258 1631 3333 1699 (8)
3380 1631 3497 1697 cjns

1906 1719 2216 1788 coniugem,
2254 1719 2397 1787 quod
2428 1718 2669 1771 Alarichi
2707 1718 2773 1770 ad
2810 1719 2997 1771 urbem
3034 1721 3298 1773 adventus
3331 1736 3493 1773 causa

1906 1811 2182 1863 exstitisse
2238 1819 2539 1877 putaretur.
2587 1808 2932 1863 lnterfectum
2959 1823 3137 1872 antea,
3164 1811 3496 1878 interempto

1902 1902 2012 1971 jam
2053 1902 2386 1965 Stelichone,
2415 1902 2586 1955 ﬁlium
2620 1902 2738 1969 ejus
2786 1918 2851 1955 ex
2896 1900 3098 1955 Surena
3143 1904 3492 1957 Eucherium.

1907 1994 2229 2050 Buccellarii
2291 1995 2405 2064 (9)
2474 1996 2795 2049 vocabulum
2856 1994 3079 2049 llonorii
3150 1996 3496 2065 imperatoris

1910 2089 2248 2156 temporibus
2298 2088 2558 2140 tributum
2621 2086 2905 2151 militibus,
2941 2102 3046 2139 non
3095 2088 3352 2143 Romanis
3404 2106 3495 2143 so-

1909 2180 2040 2244 lum,
2080 2181 2171 2234 sed
2227 2189 2280 2233 et
2334 2177 2549 2234 Gotthis
2600 2179 2946 2246 quibusdam.
2987 2180 3183 2233 Eodem
3237 2183 3395 2235 modo
3443 2191 3498 2235 et

1909 2274 2280 2341 [ωίίεηιιονιιιη
2348 2287 2548 2324 nomen
2614 2270 2930 2324 attributum
3003 2273 3308 2335 inconditae,
3361 2281 3415 2326 et
3468 2288 3498 2325 c

1909 2362 2140 2414 diversis
2208 2359 2455 2414 conﬂatm
2524 2359 2879 2414 multitudini.
2946 2359 3253 2429 Olympium
3322 2363 3494 2424 illiilli,

1907 2456 1998 2523 qui
2053 2454 2349 2508 Stelichoni
2412 2452 2700 2506 insidiatus
2747 2463 2888 2515 erat,
2941 2453 3238 2506 olliciosum
3296 2456 3497 2524 magis-

1910 2557 2050 2600 trmn
2098 2546 2321 2608 factum,
2358 2561 2420 2599 ea
2469 2554 2592 2612 post
2643 2544 2905 2612 dignitate
2955 2546 3244 2599 excidisse.
3293 2545 3499 2599 Dvhinc

1907 2640 2101 2694 iterum
2153 2638 2403 2705 potitum,
2451 2651 2664 2689 rursum
2720 2636 2994 2704 privatum
3064 2651 3231 2690 esse:
3280 2641 3495 2690 tandem

1908 2731 2145 2785 fustibus
2180 2746 2209 2783 a
2243 2730 2591 2787 Constantio.
2627 2729 2716 2798 qui
2746 2728 3036 2783 Placidiam
3065 2745 3288 2783 uxorem
3321 2732 3495 2784 duxe-

1910 2832 2025 2887 rat,
2074 2832 2371 2877 mactatum
2423 2823 2768 2887 occubuisse,
2827 2836 2951 2875 cum
3011 2823 3059 2876 ei
3108 2833 3235 2876 ante
3290 2823 3494 2876 czedo-m

1909 2914 2168 2970 auricula:
2221 2926 2444 2970 resecue
2494 2915 2745 2968 fuissent.
2792 2911 2871 2967 Ita
2922 2914 3143 2983 impium
3190 2916 3301 2985 (lO)
3349 2916 3495 2967 illum

1908 3022 2017 3061 non
2067 3006 2393 3075 impunitum
2433 3004 2656 3060 obiisse.
2705 3004 3054 3070 Gottborum,
3082 3006 3172 3071 qui
3224 3021 3344 3060 cum
3388 3005 3493 3060 Ro-

1910 3100 2137 3168 dogaiso
2174 3108 2352 3162 erant,
2394 3098 2682 3167 primarios
2719 3097 2887 3163 viros,
2928 3098 3211 3167 optimatos
3250 3098 3494 3167 appella-

246 3188 685 3259 καταπολεμήσας
734 3191 1002 3262 Στελίχων
1058 3192 1400 3261 Ῥοδογάῖσον
1448 3195 1797 3268 προσηταιρί-

1911 3199 1993 3243 tos
2027 3186 2125 3252 ait,
2154 3184 2438 3241 duodecim
2486 3184 2601 3239 fere
2654 3184 2890 3238 millium
2941 3198 3169 3238 numero
3203 3183 3337 3254 (ll),
3369 3184 3497 3251 qui-

246 3280 502 3334 σατο.⁶’οτι
527 3282 816 3354 Ἀλαρίχου
838 3285 979 3355 νόσῳ
995 3285 1425 3355 τελευτήσαντος
1440 3286 1685 3356 διάδοχος
1706 3287 1803 3340 αὐ-

245 3371 324 3423 τοῦ
363 3374 683 3445 Ἀδαοῦλφος
703 3378 1049 3442 καθίσταται,
1075 3380 1106 3432 6
1126 3379 1228 3449 τῆς
1259 3380 1517 3449 γυναικὸς
1549 3380 1801 3447 ἁδελφός.

252 3465 354 3520 ὀτι
387 3468 475 3522 τὸν
519 3469 691 3543 ξηρὸν
740 3473 904 3545 ἄρτον
949 3472 1303 3542 βουκελλάτον
1368 3474 1396 3527 6
1452 3474 1805 3544 συγγραφεὺς

248 3560 503 3615 καλεῖσθαί
526 3580 685 3634 φησι,
706 3567 799 3619 καὶ
822 3565 1074 3636 χλευάζει
1095 3566 1194 3637 τὴν
1210 3567 1319 3619 τῶν
1343 3568 1690 3638 στρατιωτῶν
1709 3570 1807 3622 ἐπ-

247 3653 482 3721 ωνυμίαν,
514 3654 595 3719 ὡς
643 3658 707 3709 ἐκ
733 3658 923 3710 τούτου
950 3658 1358 3730 Βουκελλαρίων
1382 3660 1806 3730 ἐπικληθέντων.

304 3811 414 3863 ’Ότι
444 3814 855 3878 Κωνσταντῖνος
880 3817 959 3879 είς
979 3816 1271 3887 τυραννίδα
1292 3816 1481 3888 ἀρθεὶς
1502 3816 1803 3887 πρεσϐεύε-

253 3921 317 3958 ται
342 3909 473 3977 πρὸς
512 3909 776 3981 Ὀνώριον
800 3952 815 3976 ,
864 3910 1015 3965 ἄκων
1060 3911 1308 3981 βιασθεὶς
1365 3910 1808 3977 ἀπολογούμενος

257 3997 400 4062 ἄρξαι,
435 4001 775 4072 συγγνώμην
813 4001 869 4054 δὲ
918 4000 1086 4055 αἰτῶν
1124 4002 1219 4054 καὶ
1253 4001 1352 4072 τὴν
1395 4000 1495 4069 τῆς
1528 3998 1807 4070 βασιλείας

252 4090 385 4153 ἀξιῶν
436 4093 748 4146 κοινωνίαν⁹
789 4093 883 4147 καὶ
929 4093 1184 4163 βασιλεὺς
1229 4092 1319 4146 διὰ
1368 4092 1436 4145 τὰ
1472 4094 1806 4162 ἐνεστηκότα

249 4179 454 4254 δυσχερῆ
488 4185 630 4249 τέως
670 4187 1029 4256 καταδέχεται
1058 4184 1157 4256 τὴν
1180 4185 1281 4254 τῆς
1311 4184 1586 4255 βασιλείας
1613 4203 1806 4239 κοινω-

249 4272 363 4328 νίαν.
399 4279 557 4331 Κατὰ
583 4277 681 4341 τὰς
700 4279 1034 4349 Βρεττανίας
1062 4278 1119 4330 δὲ
1149 4280 1177 4332 ὁ
1199 4280 1607 4345 Κωνσταντίνος
1641 4282 1804 4350 ἐτύγ-

250 4380 383 4431 χανεν
446 4372 935 4441 ἀνηγορευμένος,
992 4372 1183 4424 στάσει
1241 4371 1351 4424 τῶν
1393 4375 1574 4426 ἐκεῖσε
1634 4393 1804 4447 στραο·

247 4457 426 4509 τιωτών
480 4462 562 4523 εἰς
616 4460 823 4531 ταύτην
873 4463 1182 4531 ἁνηγμένος
1257 4460 1353 4532 τὴν
1432 4463 1630 4533 ἀρχήν.
1693 4466 1805 4518 Καὶ

1909 3280 2012 3333 bus
2068 3276 2320 3333 omnibus
2374 3274 2678 3340 debellatis,
2724 3274 3092 3329 Stelichonem
3148 3290 3268 3329 cum
3319 3272 3498 3327 Rodo-

1908 3370 2060 3441 gaiso
2087 3368 2404 3423 societatem
2438 3366 2630 3421 iniisse
2656 3365 2799 3437 (12).
2818 3366 3077 3421 Alaricho
3103 3366 3276 3421 morbi
3308 3367 3358 3418 vi
3391 3383 3493 3419 ex-

1909 3462 2111 3513 stincto
2152 3471 2527 3511 successorem
2561 3457 2742 3510 datum
2777 3456 3145 3526 Adaulphnm,
3178 3457 3360 3509 uxoris
3387 3459 3490 3508 tra-

1909 3560 2069 3606 trem.
2119 3549 2259 3620 57b
2303 3549 2506 3604 Panem
2556 3550 2758 3604 siccum
2809 3548 3045 3616 scriptor
3100 3548 3187 3601 hic
3225 3547 3498 3601 buccella-

1911 3652 2024 3696 tum
2068 3640 2179 3709 (l5)
2226 3640 2405 3693 vocari
2449 3641 2640 3705 tradit,
2686 3640 2987 3708 illuditque'
3016 3638 3248 3691 militum
3293 3653 3498 3708 cogno-

1913 3731 2065 3793 mini.
2098 3738 2156 3784 ut
2185 3731 2275 3799 qui
2308 3730 2435 3784 hinc
2460 3730 2777 3784 Buccellarii
2809 3730 2919 3784 sint
2956 3728 3229 3797 appellati.

1980 3822 2372 3876 Constantinus
2423 3821 2489 3873 ad
2547 3821 2835 3890 imperium
2897 3820 3177 3887 tyrannice
3226 3818 3494 3875 sublatus.

1908 3915 1977 3967 ad
2027 3913 2325 3969 Honorium
2391 3912 2600 3981 legatos
2655 3912 2821 3965 mittit
2871 3916 3217 3973 excusantes,
3265 3909 3495 3963 invitum

1910 4008 2082 4073 illum,
2132 4014 2187 4061 et
2239 4023 2268 4057 a
2326 4004 2593 4059 militibus
2636 4014 2909 4070 coactum,
2963 4002 3249 4070 imperium
3303 4015 3494 4054 SUSth

1911 4103 2057 4171 pisse
2106 4113 2125 4165 ;
2181 4099 2393 4152 veniam
2464 4097 2627 4167 igitur
2687 4095 2997 4163 postulare,
3064 4093 3493 4158 societatemque

1912 4190 2151 4259 imperii.
2196 4187 2496 4257 Imperator
2535 4196 2759 4256 propter
2798 4184 3172 4255 impendentes
3221 4184 3500 4237 molestias

1913 4280 2178 4348 tantisper
2208 4280 2451 4347 suscepit
2486 4278 2536 4331 in
2604 4277 2947 4331 societatem.
2987 4275 3372 4329 Constantinus
3408 4274 3496 4326 hic

1915 4374 1968 4426 in
2010 4371 2287 4424 Britannia
2345 4369 2687 4423 renuntiatus
2740 4366 2937 4440 fuerat,
2994 4364 3215 4419 militari
3262 4364 3495 4417 tumultu

1914 4466 1980 4516 ad
2014 4464 2304 4531 imperium
2340 4464 2585 4516 adactus.
2626 4460 2839 4515 Etenim
2883 4469 3006 4513 ante
3044 4457 3263 4512 Honorii
3297 4472 3498 4511 consu-

247 4547 337 4617 γὰρ
366 4551 421 4601 ἐν
463 4553 690 4617 ταύταις
749 4525 868 4617 ταῖς
921 4525 1322 4623 Βρενττανίαις,
1364 4525 1574 4625 πρὶνηῆ
1634 4556 1802 4609 Ὀνώ-

1913 4557 2081 4610 latum
2116 4556 2428 4625 septimum,
2464 4557 2517 4608 in
2573 4556 2896 4609 seditionem
2953 4552 3062 4605 illic
3103 4565 3291 4605 versus
3334 4565 3494 4605 exer-

247 4655 343 4707 ριον
370 4643 427 4694 τὸ
471 4644 701 4715 ἕϐδομον
743 4646 1069 4709 ὑπατεῦσαι,
1121 4646 1201 4708 είς
1239 4646 1431 4699 στάσιν
1462 4648 1713 4717 ὁρμῆσαν
1744 4651 1803 4701 τὸ

247 4731 296 4781 ἐν
323 4734 510 4799 αὑταῖς
553 4738 949 4808 στρατιωτικὸν
972 4739 1200 4807 Μάρκον
1230 4738 1352 4792 τινὰ
1393 4738 1616 4792 ἀνεῖπον
1645 4741 1803 4793 αύτο-

1911 4650 2082 4715 citus,
2136 4648 2377 4702 Marcum
2436 4648 2723 4716 quemdam
2786 4647 3167 4714 imperatorem
3228 4653 3491 4697 crearat:

1910 4758 2018 4811 quo
2057 4743 2125 4794 ab
2164 4741 2298 4811 ipsis
2334 4738 2569 4799 sublato,
2620 4736 2915 4792 Gratianus
2958 4736 3215 4792 suﬂectus
3247 4745 3354 4790 est.
3397 4731 3501 4788 llic

1520 4879 1755 4935 VARIIE
1798 4881 2203 4937 LECTIONES.

309 4989 350 5019 ”
386 4990 670 5060 Ἀλάριχος
706 4992 1001 5060 ἐποιήσατο
1028 5008 1087 5054 ς.

249 5057 286 5090 ’⁸
319 5057 530 5128 ἁφεῐκεν
560 5079 619 5125 ς.
685 5062 729 5092 ³⁸
759 5057 1093 5129 κεφαλιῶται
1131 5078 1192 5125 ς.

1192 4989 1238 5021 ³⁸
1265 4990 1359 5043 καὶ
1381 4990 1594 5061 Σερῆνα
1625 4993 1667 5046 Α
1705 5012 1719 5044 :
1766 4995 2065 5065 καισαρίνα
2105 5012 2167 5059 ς.

2292 4994 2337 5025 ’⁷
2358 4994 2488 5056 παῖς
2516 4994 2544 5044 ὁ
2572 4992 2703 5063 Εὑχ.
2730 5008 2791 5056 ς.
2909 4990 2956 5022 ³⁸
2986 4988 3400 5043 Κω·ισταντίνου
3431 5005 3495 5053 ς.

1739 5196 1975 5252 NOTAE.

312 5338 379 5408 (7)
400 5339 534 5393 Idem
575 5340 709 5394 alias
734 5340 941 5392 Asarus
974 5338 1294 5407 appellatur,
1333 5345 1395 5390 ut
1428 5338 1573 5406 apud
1600 5335 1803 5390 Zosim.
1876 5336 1879 5340 ’

253 5406 336 5462 iul‘.
367 5414 479 5465 cod.
517 5414 606 5465 98.

314 5482 380 5567 t§>
410 5479 844 5567 ΞερηνέεινᾸεῖδος

313 5550 379 5620 (9)
409 5548 716 5607 Buccellarii
745 5548 925 5607 Suidaa
952 5548 1353 5606 Gallo-Grmcia:
1388 5549 1611 5603 milites.
1649 5548 1808 5601 Plora

257 5613 464 5691 Fit'ri'ieb.
500 5625 589 5677 lib.
626 5640 786 5687 xxw,
823 5640 942 5691 cap.
987 5623 1088 5683 16,
1139 5632 1193 5674 et
1231 5620 1325 5675 lib.
1355 5635 1486 5673 xxv:
1509 5661 1522 5682 ,
1559 5621 1806 5691 cap._4715.

259 5686 371 5744 Vide
400 5698 556 5746 etiam
586 5686 1434 5762 Constant.'Porphyrogenuetze
1460 5691 1553 5743 lib.
1581 5689 1657 5762 D‘e
1677 5689 1809 5762 Tlle-

259 5765 445 5824 matib.,
466 5766 553 5816 ubi
590 5777 800 5817 sextum
840 5760 1100 5816 describit
1123 5760 1586 5815 Buccellariorttln
1616 5760 1806 5823 fuisse,

263 5840 303 5883 ει
324 5848 422 5901 prae
452 5837 663 5890 caeteris
695 5832 872 5889 Nicol.
912 5833 1132 5903 Rigaltii
1168 5830 1410 5887 Glossar.
1442 5830 1723 5885 τακτικὸν.

1989 5332 2102 5403 (10)
2137 5334 2244 5397 Sic,
2280 5335 2441 5389 homo
2481 5335 2675 5402 impie,
2716 5334 3081 5388 Christianum
3124 5343 3177 5387 et
3216 5333 3495 5388 laudatum

1915 5403 2092 5458 virum
2128 5404 2399 5473 appellare
2426 5406 2630 5459 audes?

2151 5476 2300 5529 Unde
2349 5474 2548 5528 Zosimi
2596 5476 2925 5531 calculusde
2972 5473 3490 5546 quadringentorum

1918 5545 2147 5599 millium
2179 5548 2419 5599 exercitu
2456 5548 2613 5615 Iidem
2654 5561 2759 5600 nou
2791 5547 2949 5615 plane
2978 5545 3239 5598 excedere
3260 5545 3491 5599 vidi-tur.

1989 5616 2103 5687 (l2)
2143 5617 2308 5682 Atqui
2345 5632 2373 5669 a
2422 5614 2733 5670 Steliehone
2777 5614 2989 5687 Captum
3037 5624 3198 5687 atque
3242 5628 3495 5687 necatum

1916 5684 2181 5752 referunt,
2219 5687 2448 5756 Prosper
2470 5726 2484 5750 ,
2515 5687 2890 5747 Cassiodorus,
2922 5684 3165 5756 Orosius,
3204 5695 3261 5740 et
3300 5686 3357 5740 S.
3383 5688 3496 5739 Au-

1917 5756 2169 5825 gustinus
2200 5757 2293 5810 lib.
2331 5755 2362 5809 ν
2391 5760 2457 5811 de
2486 5758 2709 5809 civitate
2742 5756 2861 5820 Dei,
2894 5771 3012 5822 cap.
3045 5755 3137 5825 9.9.

1981 5827 2095 5897 (ιὸ)
2126 5825 2259 5883 Vide
2290 5842 2443 5897 supr.
2480 5827 2640 5897 paulo
2668 5825 3007 5891 Buccellarii,
3039 5841 3102 5881 ex
3129 5823 3407 5881 Turoeho.
