3926 6434
512 382 623 448 259

1617 373 1882 434 PlIOTll
1925 373 2306 434 PATRIARC
2319 374 2445 434 H/E
2485 375 2592 435 (ΣΡ.

3672 380 3770 446 260

515 496 604 548 ubi
635 506 849 547 menses
879 497 1131 559 quatuor,
1169 487 1276 542 illis
1315 486 1424 555 iam
1467 488 1687 544 fastidio
1727 489 1925 553 ductis,
1957 506 2097 557 prae-

2208 492 2465 562 κράτορα·
2493 491 2589 545 τοῦ
2612 491 2668 546 δὲ
2693 491 2784 546 ὑπ’
2803 491 2984 545 αὐτῶν
3015 493 3053 524 ³¹
3079 491 3462 562 ἀναιρεθέντος
3488 495 3772 566 Γρατιανὸς

515 585 822 647 terfuisset,
867 582 1213 635 interﬁcitur.
1251 580 1387 632 Tum
1431 579 1821 634 Constantinus
1868 579 2092 648 Augusti

516 681 734 734 nomine
792 677 1084 732 salutatur.
1142 675 1192 730 Is
1244 674 1548 740 Justinutn,
1601 686 1656 729 et
1703 675 2096 746 ﬁeovigasten,

518 771 836 826 militarium
874 773 1150 834 copiarum
1192 770 1358 823 duces
1396 784 1611 834 creans,
1655 768 1842 823 relicta
1879 768 2094 824 Britan-

516 865 626 929 nia,
678 879 800 916 cum
859 863 973 916 suis
1029 861 1262 928 trajecit,
1317 864 1570 929 venitque
1611 860 1906 916 Bononiam
1960 863 2095 931 (M),

517 957 846 1010 maritimam
911 956 1096 1009 urbem
1150 957 1229 1008 sic
1280 955 1502 1016 dictam,
1541 956 1769 1023 primam
1824 957 1876 1010 in
1909 954 2098 1009 Galliae

520 1050 718 1104 ﬁnibus
769 1049 1026 1116 positam.
1086 1047 1162 1100 lbi
1220 1057 1482 1110 moratus,
1519 1047 1730 1101 Gallum
1767 1064 2005 1112 omnem,
2047 1058 2101 1102 et

520 1146 812 1212 Acytarum
848 1143 960 1212 (15)
1000 1142 1228 1194 militem
1283 1140 1387 1195 sibi
1449 1141 1772 1210 adiungens,
1816 1143 1963 1194 omni
2021 1153 2102 1194 est

515 1231 688 1287 Gallia
726 1234 930 1302 potitus
963 1234 1025 1284 ad
1066 1232 1228 1301 Alpes
1261 1247 1451 1298 usque,
1483 1246 1602 1300 quae
1629 1232 1832 1285 Italiam
1866 1249 1892 1284 a
1928 1233 2098 1287 Gallia

523 1335 802 1387 separant.
857 1323 996 1376 lluic
1031 1321 1124 1374 lilii
1163 1323 1266 1374 duo
1296 1331 1474 1383 erant,
1507 1321 1800 1386 Constans,
1834 1336 1887 1376 et
1928 1321 2098 1375 Julia-

526 1431 648 1467 nus.
697 1411 848 1466 Illum
899 1412 1167 1478 Ctesarent
1226 1413 1543 1476 constituit;
1584 1401 1856 1467 lulianum
1911 1416 2101 1469 deinde

519 1521 586 1558 eo
615 1505 731 1574 ipso
765 1515 1008 1572 tempore
1041 1504 1440 1558 nobilissimum
1475 1507 1797 1562 nominavit.

530 1597 761 1659 Ἰταλίας
804 1615 863 1649 τε
919 1597 960 1627 ³⁷
1009 1597 1104 1649 καὶ
1151 1597 1421 1660 Γαλατίας
1478 1598 1546 1629 ³⁸’
1589 1598 1744 1661 οὗτος
1775 1600 1867 1654 δύο
1917 1605 2112 1666 παῖδας
2144 1604 2290 1674 ἔσχε,
2319 1607 2652 1661 Κώνσταντα
2688 1609 2782 1662 καὶ
2822 1610 3141 1672 Ἰουλιανόν,
3187 1604 3261 1663 ὧν
3298 1611 3392 1662 τὸν

2215 587 2403 650 αὐτοῖς
2424 585 2873 640 ἀντικαθίσταται
2906 601 2924 617 ⁶
2957 588 3080 638 ἐπεὶ
3106 587 3163 639 δὲ
3199 589 3292 640 καὶ
3319 584 3476 651 οὗτος
3506 592 3583 652 εἰς
3599 594 3772 662 τετρά-

2209 696 2375 749 μηνον
2395 681 2580 743 αὐτοῖς
2606 681 2918 749 προσκορὴς
2951 679 3194 747 γεγονὼς
3244 681 3568 749 ἀπεσφάγη,
3624 687 3770 738 Κων-

2206 775 2484 833 σταντίνος
2504 773 2624 824 τότε
2648 775 2728 835 εἰς
2752 772 2813 824 τὸ
2841 771 2935 825 τοῦ
2963 771 3370 844 αὐτοκράτορος
3398 775 3772 840 ἀναϐιϐάζεται

2205 865 2399 934 ὄνομα.
2436 864 2555 935 [181
2599 864 2693 935 R.]
2730 856 2900 927 Οὗτος
2942 865 3228 918 Ἰουστῖνον
3268 867 3364 919 καὶ
3409 866 3772 938 Νεοὸιγάστην

2208 957 2550 1026 στρατηγοὺς
2592 957 3001 1027 προϐαλόμενος
3044 958 3124 1022 ³⁵,
3177 958 3407 1020 καὶτὰς
3456 959 3773 1028 Βρεττανίας

2205 1051 2398 1112 ἐάσας,
2431 1051 2754 1119 περαιοῦται
2795 1050 2911 1119 ἅμα
2939 1050 2987 1082 ³³
3015 1051 3124 1103 τῶν
3169 1049 3336 1103 αὑτοῦ
3368 1051 3460 1104 ἐπὶ
3501 1051 3769 1119 Βονωνίαν,

2207 1143 2360 1195 πόλιν
2389 1142 2530 1196 οὕτω
2560 1145 2925 1214 καλουμένην,
2952 1145 3410 1216 παραθαλασσίαν
3439 1145 3535 1198 καὶ
3565 1146 3773 1218 πρώτην

2207 1238 2264 1288 έν
2298 1239 2410 1299 τοῖς
2444 1237 2552 1288 τῶν
2583 1237 2821 1291 Γαλλιῶν
2853 1237 2900 1270 ⁸⁸
2939 1238 3112 1310 ὁρίοις
3150 1238 3435 1309 κειμένην.
3469 1239 3640 1292 Ἔνθα
3667 1240 3773 1294 δια-

2206 1327 2425 1395 τρίψας,
2452 1331 2545 1382 καὶ
2569 1331 2688 1382 ὅλον
2715 1330 2802 1383 τὸν
2853 1331 3057 1384 Γάλλον
3091 1333 3185 1383 καὶ
3229 1331 3526 1384 ’Δκύτανον
3552 1334 3597 1363 ³⁸
3622 1351 3773 1402 στρα-

2209 1420 2408 1489 τιώτην
2437 1422 2902 1492 ἱδιοποιησάμενος
2926 1464 2941 1485 ,
2979 1427 3175 1494 κρατεῖ
3209 1425 3430 1477 πάντων
3464 1424 3572 1476 τῶν
3608 1427 3772 1496 μερῶν

2208 1515 2305 1578 τῆς
2347 1513 2614 1578 Γαλατίας
2649 1516 2695 1546 ³⁸
2752 1517 2914 1587 μέχρι
2965 1517 3074 1570 τῶν
3117 1517 3373 1570 Ἀλπεων
3417 1519 3530 1571 τῶν
3587 1520 3772 1588 μεταξὺ

3471 1611 3570 1681 μὲν
3632 1612 3773 1665 Kay.

520 1708 719 1744 σταντα
744 1689 1004 1759 Καίσαρα
1034 1691 1372 1759 χειροτονεῖ,
1405 1687 1523 1742 εἶτα
1558 1687 1787 1762 ὕστερον
1817 1693 1961 1746 κατὰ
2002 1698 2101 1757 τὰς
2138 1698 2312 1758 αὑτὰς
2340 1700 2557 1767 ἡμέρας
2589 1701 2684 1754 καὶ
2712 1701 2803 1754 τὸν
2855 1703 3144 1761 Ἰουλιανόν
3167 1704 3586 1773 νωόελίσσιμον.

586 1782 799 1834 Attalus
843 1789 1029 1832 contra
1075 1778 1372 1833 Honorium
1429 1782 1726 1847 imperans,
1775 1786 1839 1836 ad
1884 1785 2098 1838 Raven-
2137 1793 2176 1845 Β

518 1886 641 1922 nam
672 1879 1083 1923 castratur-tatus
1108 1879 1208 1934 est,
1239 1871 1545 1938 missusque
1577 1872 1642 1925 ad
1668 1873 1814 1926 illum
1846 1886 2098 1943 tanquam

517 1962 585 2013 ab
619 1959 862 2014 Honorio
914 1961 1246 2028 imperatore
1279 1968 1342 2014 ad
1379 1963 1761 2031 imperatorem
1801 1967 1912 2035 (16)
1957 1968 2105 2022 Jovi-

524 2055 722 2108 nianus
744 2051 1028 2120 praefectus
1054 2064 1216 2120 atque
1254 2057 1538 2122 patricius,
1570 2067 1623 2111 et
1653 2058 1870 2125 Valens,
1906 2063 2106 2116 utrius-

524 2159 630 2211 que
675 2143 875 2195 militiae
922 2144 1061 2206 dux,
1127 2151 1182 2193 et
1245 2140 1519 2197 Pnlamitts
1548 2159 1807 2214 quaistor,
1851 2159 1906 2202 et
1939 2147 2107 2201 Julia-

524 2248 626 2286 nus
672 2232 1007 2284 notariormn
1065 2231 1430 2300 primicerius.
1482 2235 1541 2289 Ili
1581 2237 1760 2292 Attalo
1793 2238 2106 2307 significant

518 2325 590 2378 ab
619 2325 857 2378 Horuorio
889 2340 1007 2379 sese
1045 2327 1238 2380 missos
1281 2338 1337 2381 ut
1373 2345 1493 2381 cum
1525 2329 1615 2383 illo
1654 2330 1720 2384 de
1771 2331 1980 2398 imperii
2018 2349 2106 2388 so-

1701 2426 1999 2478 concedere
2027 2437 2106 2478 Ia-

518 2526 641 2563 men
679 2522 758 2574 se,
791 2518 847 2561 ut
887 2510 1112 2562 insulam
1179 2512 1443 2566 inhabitet
1485 2515 1752 2567 malorum
1781 2531 1974 2584 expers
1999 2515 2107 2570 Ho-

516 2419 716 2472 cietate
767 2427 1020 2471 traeient.
1061 2419 1265 2472 Abnuit
1316 2435 1445 2474 vero
1498 2421 1585 2475 ille
1629 2439 1644 2475 :

517 2603 731 2661 norius,
767 2601 849 2653 vel
894 2602 1058 2657 alium
1090 2613 1239 2657 certe
1281 2621 1439 2674 quem
1472 2607 1601 2659 velit
1630 2607 1828 2662 locum.
1860 2608 2104 2676 Respon-

517 2694 606 2746 det
637 2692 828 2745 adlia’c
853 2693 1189 2748 laetabundus
1229 2693 1507 2761 Joviauus,
1532 2699 1846 2767 indicatque
1879 2711 2102 2756 exutum

514 2785 627 2851 jam
676 2787 744 2839 ab
771 2786 957 2839 Altalo
990 2803 1091 2838 una
1125 2788 1274 2854 regni
1307 2798 1458 2856 parte
1487 2788 1781 2844 Honorium
1815 2792 2104 2859 imperato—

518 2892 652 2930 rem.
677 2877 855 2942 Quare
881 2877 1092 2932 .lovium
1119 2880 1330 2934 Attalus
1353 2881 1702 2951 increpando,
1726 2887 1931 2938 nullum
1961 2887 2104 2942 ferre

519 2984 724 3021 morem
775 2971 932 3034 dixit,
971 2981 1027 3024 ut
1084 2973 1329 3039 spoliari't
1365 2975 1621 3030 dicendus
1665 2978 1732 3029 sit
1787 2977 2102 3046 imperator,

516 3060 608 3127 qui
643 3071 832 3128 sponte
876 3078 973 3114 sua
1006 3063 1235 3131 imperio
1275 3066 1571 3119 abdicaret.
1614 3065 1813 3122 Verum
1842 3067 2104 3126 Juviauus

2279 1790 2401 1841 Ὅτι
2431 1792 2694 1854 ’Ἄτταλος
2719 1793 3048 1861 βασιλεύσας
3071 1796 3212 1847 κατὰ
3245 1796 3510 1865 Ὀνωρίου
3543 1798 3633 1850 ἐπὶ
3671 1799 3772 1852 Ῥά-

2210 1879 2402 1931 ϐενναν
2444 1881 2903 1950 ἐκστρατεύεται,
2943 1885 3036 1936 καὶ
3091 1885 3369 1954 πέμπεται
3417 1885 3554 1953 πρὸς
3605 1885 3769 1950 αὑτὸν,

2208 1972 2282 2034 ὡς
2306 1974 2370 2025 ὲκ
2399 1973 2666 2043 βασιλέως
2703 1975 2965 2048 Ὀνωρίου
2997 1977 3132 2047 πρὸς
3167 1977 3419 2046 βασιλέα,
3466 1978 3714 2042 Ἰοϐιανὺς
3734 1981 3770 2012 ³³
3855 2026 3863 2034 .

2208 2065 2444 2137 ἔπαρχος
2473 2070 2566 2120 καὶ
2594 2069 2906 2139 πατρίκιος,
2942 2072 3034 2122 καὶ
3058 2071 3276 2140 Οὐάλης
3307 2073 3618 2142 στρατηγὸς
3662 2075 3773 2126 ἑκα-

2205 2159 2372 2227 τέρας
2423 2159 2743 2229 δυνάμεως,
2802 2162 2898 2215 καὶ
2945 2163 3222 2232 Ποτάμιος
3265 2165 3294 2215 ὁ
3334 2165 3654 2233 κυαίστωρ,
3692 2167 3772 2218 καὶ

2222 2247 2502 2313 Ἰουλιανὸς
2557 2252 2919 2322 πριμικήριος
2970 2253 3079 2306 τῶν
3130 2255 3421 2326 νοταρίων·
3481 2256 3529 2308 οἳ
3573 2257 3770 2326 ἐδήλουν

2221 2342 2460 2409 Ἀττάλῳ
2507 2343 2600 2395 ἐπὶ
2652 2344 2908 2416 κοινωνίᾳ
2965 2346 3066 2414 τῆς
3121 2347 3400 2417 βασιλείας
3455 2350 3771 2405 ἀπεστάλθαι

2208 2435 2357 2502 παρά
2399 2433 2679 2505 ὐνωρίου.
2735 2433 2792 2487 Ὀ
2815 2435 2873 2488 δὲ
2897 2438 3218 2501 ἀπένευσεν,
3257 2440 3398 2492 ἀλλὰ
3427 2442 3590 2510 νῆσον
3621 2445 3771 2494 οἰκεῖν

2205 2523 2458 2594 ἦέτερόν
2500 2543 2624 2580 τινα
2657 2529 2821 2580 τόπον
2849 2569 2862 2593 ,
2916 2528 2977 2582 ὃν
3027 2530 3093 2584 ἂν
3140 2531 3386 2600 βούλοιτο
3413 2571 3428 2595 ,
3491 2539 3771 2604 συγχωρεῖν

2216 2615 2496 2683 Ὀνὼριον,
2525 2619 2712 2672 κακῶν
2740 2621 2946 2691 ἀπαθῆ.
3010 2622 3398 2694 Ἀποκρίνεται
3441 2626 3496 2678 δὲ
3540 2627 3773 2690 Ἰοϐιανὸς

2207 2709 2414 2777 ἡσθεὶς,
2451 2709 2581 2781 [106
2628 2710 2718 2783 Η.]
2762 2714 3229 2784 ἐπαγγελλόμενος
3276 2717 3375 2769 καὶ
3408 2717 3628 2770 σινῶσαι
3667 2717 3772 2770 καθ’

2205 2799 2324 2862 ἑνὸς
2356 2801 2552 2870 μέλους
2593 2804 2638 2833 ⁸⁰
2665 2803 2755 2855 τὸν
2793 2804 3017 2873 βασιλέα
3064 2806 3344 2876 Ὀνώριον.
3398 2811 3514 2878 Ἐφ’
3547 2804 3771 2877 ᾦὲπετί-

2209 2908 2380 2961 μησεν
2410 2894 2672 2956 ’Ἄτταλος
2715 2897 2956 2966 Ἰοϐιανῷ
2985 2899 3030 2930 ⁸³
3054 2941 3068 2964 ,
3104 2900 3178 2963 ὡς
3212 2902 3434 2966 οὐθενλς
3465 2903 3614 2966 ἔθους
3637 2904 3771 2966 ὖντος

2207 2985 2483 3040 σινοῦσθαι
2528 2987 2753 3058 βασιλέα
2804 2993 2987 3044 ἑκοντὶ
3025 2992 3124 3062 τὴν
3157 2994 3438 3064 βασιλείαν
3468 2997 3770 3066 ἀποτιθέμε-

2205 3094 2314 3131 νον.
2366 3080 2526 3133 Ἀλλὰ
2574 3083 2829 3147 Ἰοϐιανὸς
2874 3085 2972 3154 μὲν
2999 3086 3264 3147 πολλάκις
3321 3088 3664 3158 πρεσϐεύσας
3689 3087 3770 3138 καὶ

517 3148 663 3218 58a
697 3165 1067 3218 szepenumero
1119 3154 1384 3221 legatione
1419 3156 1590 3230 obita,
1614 3173 1788 3227 neque
1809 3161 2099 3226 quidquam

2209 3171 2375 3241 μηδὲν
2400 3173 2608 3238 ἀνύσας
2639 3139 2936 3247 καταμένει
2986 3179 3124 3248 πρὸς
3157 3139 3424 3234 ’Ἄτταλον
3450 3223 3463 3241 ,
3508 3185 3770 3252 πατρίκιος

516 3241 829 3308 proﬁciens,
870 3244 1068 3295 mansit
1106 3245 1324 3297 tandem
1351 3249 1489 3315 apud
1533 3249 1793 3312 Attalum,
1841 3250 2099 3319 illiusque

516 3335 779 3400 patricius
811 3345 896 3388 est
927 3337 1248 3406 appellatus.
1286 3338 1558 3394 Ravenna:
1591 3343 1808 3396 imerim
1834 3345 2102 3398 delabitur

514 3425 581 3477 ad
638 3425 926 3482 Eusebium
967 3429 1082 3498 (t7)
1121 3432 1476 3498 praepositum
1513 3433 1626 3503 ‘18)
1675 3444 1958 3502 potestas:
2005 3436 2099 3506 qui

514 3529 636 3589 post
669 3537 772 3574 non
819 3524 910 3574 diu
950 3522 1084 3594 (l9),
1114 3525 1401 3579 'Alloviclii
1451 3527 1729 3593 violentia,
1760 3545 1824 3583 ac
1879 3529 2100 3585 decreto

516 3611 754 3676 publico,
790 3612 842 3664 in
883 3614 1058 3666 oculis
1098 3615 1444 3684 imperatoris
1491 3619 1723 3673 l'ustibus
1752 3632 1834 3674 est
1861 3622 2097 3675 occisus.

517 3700 646 3755 Post
676 3705 837 3756 etiam
878 3706 1002 3758 dum
1039 3707 1294 3762 Alariclio
1329 3707 1440 3778 (20)
1486 3725 1591 3763 non
1625 3714 2101 3780 acquiescitAtta-

424 3829 429 3853 ,
516 3790 622 3852 lus,
655 3803 709 3846 et
737 3810 864 3846 vero
898 3799 1131 3851 maxime
1175 3798 1310 3852 .Iovii
1347 3815 1534 3867 Opera,
1571 3804 1664 3872 qui
1697 3802 1920 3858 llnnorii
1951 3805 2098 3870 lega-

516 3891 601 3935 tos
629 3887 959 3950 prodiderat,
986 3888 1211 3956 imperio
1241 3890 1492 3957 dejicitur
1523 3906 1809 3962 manetque
1833 3899 2096 3965 privatam

521 3977 663 4043 apud
706 3977 1022 4030 Alariclium
1058 3981 1223 4034 vitam
1274 3984 1498 4052 degens.
1540 3984 1743 4039 Deinde
1788 4003 1896 4040 non
1931 3991 2099 4042 multo

518 4067 851 4134 postiterum
891 4069 1198 4137 imperavit,
1237 4089 1296 4128 ac
1332 4089 1551 4128 rursum
1585 4077 1838 4131 abdicare
1876 4093 2098 4134 coactus

515 4167 620 4210 est.
656 4155 783 4210 Post
811 4161 924 4213 haec
948 4165 1162 4216 tandem
1204 4165 1266 4216 ad
1328 4165 1640 4218 Ravennam
1694 4168 1988 4236 profectus,
2044 4182 2099 4225 et

513 4250 746 4302 summis
785 4255 1024 4306 dexterae
1061 4271 1250 4309 manus
1294 4255 1480 4325 digitis
1521 4269 1807 4315 truncatus
1861 4265 2099 4331 proscri-

513 4337 680 4392 bitur.
718 4341 1030 4397 Alloviclius
1081 4345 1208 4398 item
1257 4358 1376 4415 post
1414 4348 1594 4416 paulo,
1629 4351 1774 4417 quod
1805 4352 2094 4408 Eusebium

2217 3261 2474 3314 Ἀττάλου
2511 3262 2874 3334 ὀνομασθεὶς,
2911 3269 3235 3339 μετέρχεται
3261 3271 3321 3323 δὲ
3353 3273 3496 3324 κατὰ
3521 3274 3615 3342 τὴν
3658 3273 3769 3325 Ῥά-

2203 3352 2395 3406 ϐενναν
2429 3355 2524 3406 ἐπὶ
2548 3356 2641 3409 τὸν
2670 3360 3000 3427 πρεπόσιτον
3037 3361 3304 3414 Εὑσέϐιον
3335 3366 3368 3433 ἡ
3396 3363 3690 3426 δυναστεία,
3717 3363 3768 3426 ὃς

2206 3445 2346 3514 μετὰ
2369 3445 2555 3498 ἱκανὸν
2584 3449 2776 3518 χρόνον
2813 3449 3123 3521 Ἀλλοὸίχου
3163 3452 3207 3484 δ’
3235 3454 3477 3525 ἐπηρείᾳ
3510 3455 3602 3508 καὶ
3651 3455 3770 3507 ὑποο

2203 3537 2348 3608 θήκῃ
2389 3537 2626 3610 δημοσίᾳ
2664 3542 2758 3593 καὶ
2792 3543 2879 3594 ἐπ’
2929 3543 3086 3612 ὄψεσι
3115 3547 3209 3600 τοῦ
3257 3547 3527 3616 βασιλέως
3575 3547 3768 3618 ῥάσδοις

2201 3626 2528 3696 ἀναιρεῖται.
2549 3631 2754 3698 Χρόνος
2769 3632 3032 3706 έρρευσεν
3049 3637 3254 3700 ἱκανός,
3271 3641 3368 3692 καὶ
3383 3641 3458 3711 μὴ
3473 3642 3768 3709 πειθόμενος

2206 3720 2470 3784 Ἄτταλος
2510 3723 2801 3795 Ἀλαρίχῳ,
2850 3728 3056 3800 σπουδῇ
3097 3729 3152 3781 δὲ
3193 3731 3434 3800 μάλιστα
3488 3728 3763 3789 ’1ο6ιανοῦ,

2202 3811 2261 3873 ὂς
2283 3808 2349 3883 ἦν
2383 3816 2483 3882 τὴν
2531 3816 2795 3886 Ὀνωρίου
2834 3820 3130 3891 πρεσϐείαν
3177 3824 3559 3894 προδεδωκὼς,
3591 3823 3764 3877 καθαι-

2205 3905 2379 3971 ρεῖται
2412 3905 2511 3974 τῆς
2543 3906 2823 3975 βασιλείας
2850 3952 2864 3974 ,
2925 3913 3020 3963 καὶ
3055 3913 3207 3982 μένει
3241 3915 3332 3967 τὸν
3393 3915 3607 3985 ίδιώτην
3636 3912 3767 3980 παρᾶ

2214 3995 2488 4068 Ἀλαρίχῳ
2537 4000 2652 4069 βίον
2687 4001 3091 4074 ἁνθῃρημένος.
3137 4007 3371 4060 Ἔπειτα
3415 4009 3552 4074 μετὰ
3598 4007 3767 4077 χρόνον

2199 4088 2320 4141 τινὰ
2349 4089 2661 4159 βασιλεύει,
2716 4089 2839 4148 εἶτα
2886 4096 3254 4167 καθαιρεῖται.
3295 4102 3407 4154 Καὶ
3435 4101 3572 4171 μετά
3615 4097 3766 4151 ταῦτα

2201 4177 2428 4249 ὕστερον
2472 4184 2564 4235 ἐπὶ
2622 4185 2920 4240 Ῥάϐενναν
2957 4191 3358 4260 παραγεγονὼς
3397 4193 3495 4244 καὶ
3537 4193 3652 4252 τοὺς
3680 4189 3765 4256 τῆς

2197 4270 2380 4336 δεξιᾶς
2405 4276 2585 4343 χειρὸς
2615 4276 2913 4342 δακτύλους
2943 4283 3422 4352 ἀκρωτηριασθεὶς
3455 4282 3638 4353 ὲξορὲᾳ
3673 4297 3763 4330 πα·

2204 4365 2560 4435 ραπέμπεται
2586 4369 2656 4423 η.
2685 4371 2810 4424 Ὅτι
2857 4373 3166 4444 Ἀλλόϐιχος
3191 4377 3330 4444 μετὰ
3357 4377 3551 4448 βραχὺ,
3577 4375 3671 4440 τὴν
3689 4368 3760 4436 ἐφ’

515 4438 859 4502 praepositum
907 4440 1240 4503 sustulisset,
1280 4444 1624 4511 imperatoris
1662 4447 1936 4500 sententia
1979 4462 2097 4517 pce—

2280 4455 2374 4508 τὸν
2402 4459 2731 4528 πρεπόσιτον
2796 4465 3056 4518 Εὑσέϐιον
3095 4468 3271 4520 ἀνεῖλε
3333 4469 3491 4536 δίκην
3544 4467 3714 4524 τιννὺς
3747 4501 3760 4523 ,

513 4540 611 4579 nas
641 4529 806 4593 dedit,
855 4543 1014 4596 atque
1051 4533 1102 4586 in
1145 4533 1261 4600 ejus
1310 4546 1606 4602 conspectu
1651 4539 1920 4592 occiditur
1958 4541 2092 4610 (21).

511 4617 904 4678 Constantinus
967 4635 1260 4696 tyrannus,
1313 4631 1528 4698 cognita
1570 4631 1836 4686 Alloviclii
1892 4646 2091 4699 morte,

2204 4550 2398 4620 γνώμῃ
2425 4551 2518 4604 τοῦ
2557 4553 2823 4624 βασιλέως
2858 4559 2998 4613 κατὰ
3033 4563 3323 4630 πρόσωπον
3353 4558 3518 4613 αὐτοῦ
3543 4555 3766 4624 ἀναιρεῖ-

2202 4657 2314 4693 ται⁶
2354 4642 2914 4711 καὶιΚωνσταντῖνος
2963 4651 2990 4702 ὁ
3039 4650 3303 4720 τύραννος
3339 4651 3429 4703 τὸν
3473 4646 3763 4715 Ἀλλοόίχου

1833 4791 2069 4849 VARI/I3
2106 4796 2519 4858 LECTIONES.

576 4962 618 4992 ³¹
647 4964 812 5063 αύτοῦ
825 4984 912 5063 ⁸ςῖ
967 4968 1009 5063 “-
1040 4969 1160 5024 libri
1189 4973 1646 5063 προεαλλόμενος.
1695 4979 1752 5063 .3"
1777 4982 1980 5063 τωνᾼξ
2008 4987 2119 5049 τοῖς
2150 5005 2222 5063 ς.Δ
2263 4989 2309 5020 ³⁸
2331 4991 2477 5044 Γαλα
2504 4993 2611 5044 τῶν
2634 4995 2783 5062 ὅροις
2811 5014 2870 5060 ς.
2924 4997 2968 5028 ³⁵
2990 4998 3294 5050 ἁκύταλλον
3333 5000 3394 5060 Α,
3416 4997 3681 5063 ἀκύταρον
3705 5004 3761 5063 .ς

506 5038 748 5090 correxit
825 5040 1106 5094 bchottus.

507 5119 635 5173 ρους
656 5123 718 5169 ς.
828 5110 868 5138 ⁸³
907 5107 1099 5181 Ἰωϐίῳ
1125 5129 1188 5176 ς,

1200 5044 1244 5073 ³⁸
1266 5045 1519 5130 Inpia;
1547 5064 1606 5111 ς.
1631 5117 1645 5130 ι
1692 5050 1828 5130 ³⁷ιτε
1880 5044 2114 5130 adtl._A.'
2158 5044 2224 5088 ⁷⁸⁸
2250 5061 2484 5126 Γαλλίας
2515 5081 2575 5127 ς.

2661 5058 2705 5096 ³⁵³
2741 5058 3019 5130 Ἰωϐιανὸς
3073 5086 3110 5132 ς
3141 5071 3221 5123 sic
3272 5085 3326 5123 et
3363 5058 3522 5121 intra.
3597 5058 3650 5094 ’⁴⁰
3675 5058 3760 5130 μέ-

2021 5270 2257 5327 NOTAE.

503 5388 1058 5525 caf’llgil’lurboniain
1087 5393 1285 5466 legitur
1312 5401 1451 5467 apud
1476 5401 1842 5462 Sozomenum
1876 5408 1974 5461 lib.
2007 5425 2084 5473 ix,

501 5529 1052 5663 gofllb'llliariuitanum
1087 5539 1338 5605 emenda,
1373 5557 1436 5598 ex
1469 5541 1690 5601 Sozom.
1721 5562 1873 5618 supr.
1909 5557 1960 5604 et
1994 5548 2084 5603 Si-

2269 5411 2382 5492 (βδ)
2401 5416 2757 5492 ξυναστεὶα.
2781 5419 2924 5473 Jovii
2954 5421 3226 5492 ἐπαρχίαν
3247 5423 3346 5490 τῆς
3375 5418 3540 5486 αὐλῆς
3567 5415 3649 5468 ltic
3675 5425 3757 5463 ac-

2197 5483 2370 5563 cipio.
2401 5484 2720 5563 l-lauceniiu
2753 5495 3002 5563 secundae
3037 5483 3162 5558 post
3189 5483 3504 5563 prin-cipcm‘
3527 5494 3750 5558 potesta-

2198 5552 2488 5630 tis‘l'uissjt,
2522 5557 2618 5630 viri
2648 5559 2790 5612 docti
2823 5552 3103 5617 notarunt.
3189 5552 3201 5563 ’
3368 5552 3378 5560 ’
3619 5623 3646 5630 η
3715 5620 3723 5630 .

2266 5624 2385 5702 (19),
2413 5626 2761 5702 ΕυοίήιξίιιιιιιΔ
2788 5640 2944 5682 vocat
2977 5632 3173 5702 Signn.
3209 5632 3303 5687 lib.
3333 5648 3412 5694 XI,
3455 5629 3572 5680 hist.
3608 5623 3752 5702 Q_rci-

711 5668 1172 5760 IZa‘osimuanlib.‘tr
1210 5689 1349 5734 extr.
1383 5680 1596 5760 Jovium
1647 5688 1788 5743 hunc
1820 5703 2081 5760 perpetuo

501 5747 680 5810 νοςῗίξτ
709 5739 882 5810 Ψηηῆ
917 5747 1082 5800 etliliu
1114 5749 1509 5805 inconstantior
1545 5739 1675 5810 est.“
1708 5739 1786 5743 Ἡ-
1821 5739 1988 5762 rhr“

572 5804 685 5874 (17)
716 5807 868 5865 Sacri
908 5818 1160 5873 cubiculi.
1199 5817 1328 5874 Vide
1367 5804 1650 5881 Zosimniii
1685 5828 1776 5884 lib.
1811 5845 1867 5896 ν,
1895 5840 1950 5886 et
1992 5831 2075 5887 Si-

501 5887 626 5942 gon.
657 5875 751 5934 lib.
781 5896 836 5934 x.

2193 5695 2336 5746 dem.
2370 5697 2554 5756 imper.
2598 5698 2930 5753 Ebodicbunt
2961 5694 3179 5756 Snzvniu.
3218 5706 3309 5757 lib.
3349 5719 3420 5757 ix.
3458 5713 3574 5758 cap.
3604 5694 3684 5746 l5.

2215 5765 2379 5884 1(2‘?)
2422 5765 2495 5819 De
2527 5766 2784 5822 Africana
2831 5775 3180 5838 expeditione
3219 5774 3474 5843 legendus
3518 5765 3750 5820 Zosimus

2215 5853 2223 5884 1
2252 5853 2284 5884 1.
2359 5875 2370 5884 ,

2191 5835 2375 5973 Μ’(ιίίῦ
2406 5905 2578 5960 Aliter
2610 5908 2723 5964 lucc
2762 5909 2982 5966 Sozom.
3019 5914 3107 5970 lib.
3143 5931 3218 5980 ix,
3252 5932 3370 5984 cap.
3406 5910 3492 5964 15.
