3926 6440
217 383 306 446 261
999 323 1006 330 Ι
1267 370 1789 432 BlBLIGTHECA.
1823 395 1892 407 --
1929 369 2092 429 COD.
2134 370 2363 430 LXXX.

3363 373 3469 434 262

221 498 429 549 θάνατον
459 484 667 558 μαθὼν,
716 482 1074 551 ἐπειγόμενος
1123 481 1258 551 πρὸς
1299 481 1595 533 Ῥάϐενναν
1638 477 1780 530 ὥστε

1890 475 2164 530 llaveuam
2196 481 2482 540 accedens,
2511 489 2701 534 utcum
2730 479 2966 534 llonorio
2982 477 3466 557 fmdus-inirct("2‘2)

223 581 524 640 σπείσασθαι
562 575 824 646 ὐνωρίῳ,
855 573 1116 644 φοϐηθεὶς
1155 573 1507 642 ὑποστρέφει.

283 678 394 730 Ὅτι
419 673 476 725 τὸ
515 672 734 740 Ῥήγιον
768 665 1103 737 μητρόπολίς
1137 666 1253 717 ἐστι
1281 665 1379 733 τῆς
1412 661 1675 733 Βρεττίας
1707 659 1776 725 ⁸⁸,

226 769 277 833 ἒξ
304 761 357 821 οὗ
383 780 540 834 φησιν
568 763 599 813 ὀ
635 760 907 831 ἱστορικὸς
949 759 1232 828 Ἀλάριχον
1264 757 1356 809 ἐπὶ
1387 756 1636 810 Σικελίαν
1660 756 1780 825 βου·

225 863 420 929 λὸμενον
433 855 805 927 περαιωθῆναι
823 853 1201 922 ἐπισχεθῆναιο
1230 852 1452 920 ἄγαλμα
1473 852 1602 920 γάρ,
1622 851 1776 920 φησὶ,

230 949 574 1018 τετελεσμένον
621 947 914 1016 ἱστάμενον
953 943 1198 997 ἐκώλυσε
1227 944 1274 975 ’⁵⁵
1299 945 1398 1015 τὴν
1453 946 1775 1015 περαίωσιν.

237 1044 486 1099 Τετέλεστο
510 1040 586 1101 δὲ,
620 1039 698 1101 ὡς
725 1038 1033 1109 μυθολογεί,
1065 1036 1217 1106 παρά
1237 1036 1347 1088 τῶν
1371 1038 1614 1108 ἀρχαίων
1642 1039 1780 1091 ἀπο-

243 1135 458 1207 τρόπαιον
496 1149 548 1183 τε
581 1131 679 1184 τοῦ
727 1130 836 1184 ἀπὸ
875 1131 974 1199 τῆς
1015 1130 1216 1200 Αἴτνης
1274 1129 1446 1199 πυρὸς
1499 1131 1593 1183 καὶ
1643 1131 1780 1199 πρὸς

250 1231 438 1285 κώλυσιν
471 1227 713 1295 παρόδου
760 1224 851 1278 διὰ
893 1223 1173 1293 θαλάσσης
1206 1223 1523 1294 βαρϐάρων·
1574 1223 1632 1275 ἐν
1668 1225 1779 1294 γὰρ

247 1324 307 1390 τῷ
330 1323 391 1373 ἐνὶ
433 1319 546 1370 ποδὶ
585 1319 706 1387 πῦρ
762 1317 1064 1386 ἀκοίμητον
1117 1319 1409 1386 ἐτύγχανε,
1446 1317 1542 1368 καὶ
1592 1318 1650 1368 ὲν
1703 1315 1781 1384 τῷ

241 1415 376 1482 ἑτέρῳ
405 1410 536 1481 ὕδωρ
583 1410 943 1480 ἀδιάφθορον.
998 1404 1071 1462 Oli
1098 1410 1498 1472 καταλυθέντος
1550 1408 1780 1478 ὕστερον

231 1511 280 1559 ἐκ
300 1523 346 1556 τε
368 1503 452 1556 τοῦ
484 1503 744 1555 Αἰτναίου
777 1503 951 1573 πυρὸς
986 1504 1081 1555 καὶ
1106 1504 1169 1554 ὲκ
1192 1502 1301 1554 τῶν
1323 1502 1618 1573 βαρϐάρων
1654 1502 1781 1571 βλά-

225 1599 356 1666 ϐαςή
401 1596 624 1649 Σικελία
668 1596 910 1659 ἐδέξατο.
954 1597 1308 1666 Κατέστρεψε
1357 1596 1412 1648 δὲ
1453 1595 1514 1647 τὸ
1556 1595 1780 1663 ἄγαλμα

230 1690 520 1760 Ἀσκληπιὸς
537 1691 566 1741 ὁ
589 1689 702 1742 τῶν
732 1691 788 1742 ὲν
819 1689 1042 1761 Σικελίᾳ
1069 1690 1365 1759 κτημάτων
1393 1689 1778 1741 Κωνσταντίου

219 1783 294 1837 καὶ
317 1783 604 1844 Πλακιδίας
636 1783 912 1854 διοικητὴς
944 1785 1243 1845 καταστάς.

277 1879 385 1930 Ὀτι
418 1877 830 1930 Κωνσταντίνου
868 1879 914 1910 ⁸³
943 1877 1038 1930 τοῦ
1067 1879 1334 1948 τυράννου
1367 1877 1461 1931 καὶ
1485 1874 1779 1928 Κώνσταν-

215 1987 290 2032 τος
324 1971 409 2021 τοῦ
455 1972 671 2032 παιδὸς,
709 1971 769 2034 ὃς
798 1971 1063 2042 πρότερον
1098 1971 1198 2039 μὲν
1245 1972 1462 2040 Καῖσαρ
1496 1970 1689 2023 ἔπειτα
1721 1969 1780 2022 δὲ

216 2066 294 2117 καὶ
319 2063 563 2132 βασιλεὺς
596 2064 723 2136 [184
751 2063 843 2136 IL]
877 2065 1340 2135 ἐκεχειροτόνητο,
1367 2065 1576 2118 τούτων
1608 2067 1778 2134 ἡττη-

214 2153 389 2206 θέντων
421 2156 512 2207 καὶ
550 2156 910 2223 πεφευγότων
954 2157 1236 2225 Γερόντιος
1263 2159 1289 2209 ὁ
1337 2156 1642 2226 σρατηγὸς,
1679 2155 1780 2224 τὴν

216 2247 332 2316 πρὸς
356 2247 474 2310 τοὺς
513 2246 831 2317 βαρϐάρους
882 2247 1184 2316 ἁσμενίσας
1217 2249 1442 2318 εἰρήνην
1470 2289 1482 2310 ,
1523 2247 1779 2315 Μάξιμον

214 2340 290 2390 τὸν
321 2337 507 2391 ἑαυτοῦ
555 2339 756 2402 παῖδα,
805 2341 886 2402 εἰς
932 2339 1030 2408 τὴν
1063 2339 1172 2391 τῶν
1226 2339 1566 2407 δομεστὶκων
1621 2342 1778 2405 τάξιν

213 2429 461 2494 τελοῦντα,
501 2429 733 2499 βασιλέα
760 2431 1106 2502 ἀναγορεύει*
1135 2427 1255 2484 εἷτα
1278 2432 1573 2496 ἐπιδιώξας
1627 2432 1780 2486 Κών-

216 2538 393 2573 σταντα
419 2521 812 2593 κατεπράξατο
837 2523 1228 2595 ἀναιρεθῆναι,
1273 2528 1367 2578 καὶ
1416 2525 1559 2578 κατὰ
1613 2527 1779 2588 πόδας

219 2616 375 2667 εἵπετο
403 2614 623 2668 διώκων
663 2619 758 2669 καὶ
800 2618 891 2669 τὸν
943 2617 1156 2686 πατέρα
1203 2619 1636 2672 Κωνσταντίνον.
1689 2619 1778 2672 Ἐν

219 2699 254 2771 ᾧ
287 2705 542 2758 δὲταῦτα
602 2706 854 2774 ἐγίνετο,
910 2707 1289 2772 Κωνστάντιος
1353 2710 1447 2761 καὶ
1506 2709 1778 2778 Ούλφιλᾶς

213 2797 620 2850 ἀποστέλλονται
661 2798 813 2869 παρὰ
859 2798 1120 2868 Ὀνωρίου
1148 2800 1291 2852 κατὰ
1341 2802 1776 2866 Κωνσταντίνου,

214 2891 293 2940 καὶ
315 2890 712 2953 καταλαϐόντες
736 2892 836 2961 τὴν
871 2891 1188 2963 ’Λρήλατον,
1217 2892 1346 2945 ἔνθα
1370 2894 1469 2957 τὰς
1495 2893 1779 2963 διατριϐάς

213 2982 424 3034 ἐποιεῖτο
451 2983 867 3046 Κωνσταντῖνος
891 2986 988 3036 σὺν
1029 2985 1299 3054 Ἰουλιανῷ
1330 2985 1407 3056 τῷ
1448 2987 1618 3051 παιδὶ,
1652 2987 1781 3040 ταύ-

210 3087 299 3140 την
324 3073 698 3143 πολιορκοῦσι·
742 3075 835 3129 καὶ
879 3077 1291 3140 Κωνσταντῖνος
1334 3078 1666 3148 καταφυγὼν
1701 3083 1780 3143 εἰς

1887 577 2029 618 metu
2059 569 2343 635 perculsns
2378 572 2621 622 revertit.

1957 659 2222 729 Rhegium
2261 664 2597 732 metropolim
2627 679 2746 718 esse
2771 666 2882 735 (25)
2914 665 3266 724 Bruttiorum.
3313 683 3342 722 e
3363 683 3467 738 qua

1887 755 2049 808 refert
2077 755 2370 809 historicus
2399 758 2734 824 Alarichum,
2768 762 2893 813 dum
2947 761 2998 814 in
3034 759 3278 816 Siciliam
3315 765 3471 830 traji—

1883 862 2005 900 cere
2033 858 2496 914 parat,retentum
2522 853 2710 904 fuisse.
2737 854 2927 905 Statua
2951 855 3116 918 enim,
3149 855 3345 924 inquit,
3385 855 3470 906 it;-

1882 945 2174 1002 augurata,
2209 936 2280 988 ibi
2330 947 2481 990 stans
2521 939 2804 1007 trajectum
2839 946 3077 1001 vetabat.
3109 943 3309 999 Fuerat
3340 961 3470 998 vero

1885 1025 2021 1086 haec,
2063 1034 2120 1076 ut
2156 1024 2450 1090 fabulatur,
2496 1028 2564 1081 ab
2599 1031 2838 1098 antiquis
2869 1031 3211 1100 inaugurata,
3250 1049 3370 1086 cum
3409 1041 3469 1083 ut

1882 1116 2060 1170 Aitnaa
2096 1119 2294 1170 montis
2345 1121 2495 1185 ignes
2552 1132 2843 1187 averteret,
2884 1135 2992 1176 tum
3037 1134 3092 1176 ut
3125 1126 3290 1178 utaris
3316 1135 3468 1177 tran-

1884 1212 1987 1264 situ
2033 1211 2299 1267 Barbaros
2324 1215 2676 1280 prohiberet.
2706 1214 2892 1270 Altero
2925 1217 3071 1271 enim
3116 1220 3250 1286 pede
3277 1234 3471 1288 perpe-

1885 1312 2033 1356 tuum
2083 1305 2286 1374 ignem,
2336 1307 2510 1362 altero
2544 1324 2674 1362 vero
2721 1325 3011 1378 perennem
3054 1329 3246 1381 aquam
3291 1322 3472 1381 gesta-

1885 1396 1994 1450 bat.
2029 1397 2103 1450 Ea
2139 1399 2302 1468 igitur
2341 1409 2519 1452 statua
2546 1400 2851 1464 confracta,
2886 1405 3104 1456 tandem
3160 1421 3221 1456 ex
3257 1405 3469 1458 XEIna-o

1887 1491 2006 1559 igne
2042 1491 2178 1559 (9.5),
2221 1502 2274 1545 et
2316 1509 2342 1544 a
2389 1492 2643 1548 Barbaris
2677 1496 3064 1548 detrimentum
3097 1497 3336 1549 Siciliam
3380 1513 3471 1550 cc-

1886 1583 2049 1648 pisse.
2088 1583 2343 1638 Eversatn
2387 1601 2512 1640 Vero
2537 1598 2772 1640 statuam
2811 1589 2878 1640 ab
2903 1588 3244 1656 Aisculapio,
3286 1592 3377 1658 qui
3413 1593 3464 1642 iu

1887 1675 2074 1731 Sicilia
2099 1679 2504 1746 possessionum
2536 1680 2842 1735 Constantii
2879 1693 2932 1736 et
2969 1683 3219 1736 Placidia:
3247 1695 3469 1737 curator

1885 1780 2023 1824 erat.

1813 1847 1852 1899 Β
1951 1860 2311 1916 Constantino
2339 1864 2605 1932 .'lyranno,
2634 1874 2687 1918 et
2724 1863 3022 1919 Constante
3076 1866 3183 1919 filio
3213 1865 3323 1935 (qui
3361 1867 3470 1936 pri-

1886 1971 2034 2006 mmn
2072 1956 2286 2023 quidem
2320 1955 2521 2021 Caesar,
2550 1967 2671 2024 post
2715 1957 2877 2011 etiam
2917 1956 3213 2025 imperator
3251 1971 3469 2012 creatus

1884 2049 2060 2100 fuerat
2096 2050 2278 2112 victis,
2320 2047 2555 2119 fugaque
2604 2049 2847 2118 dilapsis,
2876 2049 3171 2105 Gerontius
3206 2052 3326 2105 belli
3357 2053 3469 2106 dux

1883 2156 2005 2193 cmn
2049 2139 2306 2195 Barbaris
2331 2157 2463 2207 pace
2486 2142 2676 2211 jliheus
2709 2143 2842 2211 inita
2884 2143 3051 2196 tilium
3101 2159 3259 2198 suum
3301 2144 3471 2196 Ma\i-

1885 2250 2032 2286 tnutn
2071 2235 2161 2301 qui
2198 2235 2339 2287 inter
2372 2235 2699 2289 domesticos
2740 2237 2853 2306 (25)
2901 2236 3312 2303 numerabatur,
3356 2238 3473 2292 Cae-

1884 2342 2064 2382 saretn
2121 2329 2418 2383 renuntiat.
2469 2327 2825 2383 Constantem
2883 2330 3080 2384 deinde
3113 2331 3408 2396 insecutus,
3441 2346 3473 2386 e

1884 2421 2060 2474 medio
2101 2421 2352 2486 sustulit,
2414 2432 2469 2475 et
2524 2424 2752 2492 vestigia
2806 2436 3162 2490 consectans,
3204 2426 3474 2480 Constan-

1885 2514 2056 2566 tinum
2113 2529 2327 2582 quoque
2369 2524 2575 2583 patrem
2635 2518 3079 2585 persequebatur.
3145 2517 3282 2572 llum
3353 2520 3471 2572 haec

1883 2614 2166 2673 geruntur,
2219 2605 2609 2660 Constantinus
2668 2607 2780 2677 (26)
2828 2619 2881 2660 et
2940 2608 3185 2676 Ulphilas
3235 2612 3303 2662 ab
3357 2606 3469 2661 llo-

1882 2700 2038 2754 uorio
2082 2700 2343 2754 adversus
2386 2700 2798 2754 Constantimun
2836 2701 3020 2766 missi;
3071 2718 3302 2771 cumque
3336 2702 3473 2757 Are-

1883 2791 2040 2844 latem
2073 2792 2448 2860 pervenissent
2487 2793 2627 2862 58b
2665 2792 2755 2846 ubi
2804 2792 3198 2847 Constantinus
3222 2809 3343 2848 cum
3377 2795 3472 2849 Ju-

1883 2881 2027 2936 liano
2062 2883 2171 2935 lilio
2217 2884 2448 2951 agebat,
2485 2885 2623 2938 hanc
2667 2886 2934 2939 obsident.
2973 2885 3364 2940 Constantinus
3401 2887 3470 2941 ad

1884 2976 2140 3044 templum
2159 2978 2494 3053 confugiens,
2512 2979 2763 3032 sacerdos
2786 2980 3089 3043 ordinatur,
3111 2978 3470 3048 jurejurando

1883 3072 1947 3122 de
1978 3070 2150 3123 salute
2181 3069 2252 3122 illi
2292 3071 2454 3135 dato;
2487 3071 2564 3124 sic
2586 3071 2738 3125 urbis
2773 3083 2940 3140 portae
2969 3071 3344 3126 obsidentibus
3371 3072 3475 3124 mi-

211 3166 476 3236 εύκτήριον
521 3167 901 3240 πρεσϐύτερος
945 3171 1070 3221 τότε
1115 3173 1504 3240 χειροτονεῖται
1536 3211 1552 3236 ,
1601 3172 1779 3242 ὅρκων

1889 3164 2068 3215 litibus
2095 3173 2295 3232 apertae
2321 3174 2470 3226 sunt,
2515 3165 2822 3231 missusque
2866 3173 2949 3217 est
2990 3180 3114 3216 cum
3165 3162 3379 3218 Juliano
3411 3164 3473 3218 fi-

210 3258 342 3323 αύτῴ
378 3261 516 3332 ὑπὲρ
548 3262 827 3332 σωτηρίας
868 3261 1152 3314 δοθέντων⁵
1185 3264 1279 3315 καὶ
1311 3267 1423 3327 τοῖς
1452 3264 1779 3332 πολιορκοῦ-

212 3363 285 3399 σιν
310 3351 361 3402 ai
391 3350 559 3403 πύλαι
591 3353 688 3421 τῆς
721 3352 932 3415 πόλεως
975 3353 1466 3408 άναπετάννυνται.
1499 3357 1606 3408 Καὶ
1639 3356 1779 3424 πέμ-

212 3459 355 3494 πεται
382 3445 477 3496 σὺν
502 3443 584 3514 τῷ
613 3444 713 3514 υἱῷ
747 3447 1154 3509 Κωνσταντῖνος
1178 3447 1314 3516 πρὸς
1356 3447 1633 3517 Ὀνὼριον·
1673 3449 1700 3499 ὁ
1723 3448 1780 3499 δὲ

213 3533 551 3602 μνησικακῶν
592 3536 775 3598 αὐτοῖς
826 3535 965 3605 ὑπὲρ
1016 3537 1126 3588 τῶν
1185 3536 1424 3605 ἀνεψιῶν
1455 3537 1641 3601 αὐτοῦ,
1688 3537 1782 3601 οὓς

213 3625 461 3693 ἐτύγχανε
517 3629 932 3692 Κωνσταντῖνος
993 3629 1200 3683 ἀνελὼν
1229 3669 1244 3689 ,
1318 3631 1424 3702 πρὸ
1486 3633 1781 3701 τριάκοντα

211 3713 298 3783 τῆς
356 3718 650 3791 Ῥαϐέννης
700 3722 896 3792 μιλίων
981 3724 1131 3794 παρὰ
1195 3725 1321 3786 τοὺς
1376 3725 1574 3794 ὅρκους
1612 3741 1781 3793 προσ-

213 3807 376 3860 τάττει
421 3811 650 3876 τούτους
693 3816 1074 3885 ἀναιρεθῆναι.
1119 3817 1402 3887 Γερόντιος
1435 3817 1494 3870 δὲ
1539 3833 1784 3887 παραγε-

217 3903 436 3970 νομένων
464 3905 708 3976 Οὑλφιλᾶ
731 3907 857 3980 [107
880 3909 972 3982 Η.)
992 3911 1086 3964 καὶ
1115 3911 1532 3964 Κωνσταντξνου
1565 3909 1779 3978 φεύγει,

215 3998 291 4048 καὶ
324 4001 730 4070 καταληφθεὶς,
783 4005 866 4057 ὅτι
910 4005 1200 4076 ἐγκρατῶς
1239 4000 1377 4076 ἦρχε
1429 4006 1524 4058 τοῦ
1577 4005 1780 4058 οἰκείου

213 4091 451 4159 στρατοὺ,
484 4092 578 4145 ὑπ’
600 4095 778 4148 αὐτῶν
811 4097 1039 4151 ἐκείνων
1066 4096 1502 4150 ὲπιϐουλεύεται’
1534 4097 1644 4168 πῦρ
1672 4097 1782 4168 γὰρ

212 4183 335 4235 κατά
375 4184 480 4253 τῆς
534 4186 717 4250 οἰκίας
753 4188 918 4241 αύτοῦ
962 4189 1196 4258 ἀνῆψαν.
1240 4188 1299 4240 '0
1351 4189 1409 4242 δὲ
1466 4189 1604 4258 πρὸς
1657 4189 1782 4252 τοὺς

212 4272 611 4341 ἐπαναστάντας
641 4280 926 4349 κρατερῶς
959 4281 1218 4350 ἐμάχετο,
1252 4280 1349 4334 ἕνα
1373 4281 1782 4351 συναγωνιστὴν

212 4363 333 4431 ἔχων
372 4368 599 4421 Ἀλανὸν
648 4371 708 4422 τὸ
737 4371 914 4437 γένος,
949 4372 1030 4433 εἰς
1073 4369 1298 4432 δούλους
1346 4369 1512 4422 αὑτοῦ
1568 4369 1612 4400 "’
1659 4372 1782 4438 ἀρι-

211 4454 523 4526 θμούμενον.
555 4461 718 4525 Τέλος
748 4464 837 4516 τόν
885 4481 944 4516 τε
996 4463 1217 4517 Ἀλανὸν
1250 4465 1342 4516 καὶ
1379 4463 1477 4533 τὴν
1522 4464 1779 4531 γυναῖκα,

1886 3259 1956 3309 lio
1997 3256 2393 3310 Constantinus
2439 3261 2506 3309 ad
2552 3257 2870 3312 llonoriutn.
2929 3257 3020 3310 llle
3068 3273 3197 3311 vero
3251 3258 3472 3313 tninime

1886 3349 2017 3416 ipsis
2059 3348 2366 3418 ignoscetis,
2423 3351 2491 3404 ob
2545 3351 2860 3404 interfeCIos
2915 3365 2942 3401 a
2987 3350 3343 3404 Constantino
3375 3365 3473 3404 co-

1884 3453 2075 3510 gnatos
2126 3459 2254 3498 suos
2283 3442 2422 3514 (27),
2466 3444 2532 3495 ad
2586 3443 2802 3511 triginta
2831 3442 2943 3513 (28)
2984 3459 3012 3495 a
3056 3442 3310 3495 Ravenna
3345 3442 3471 3496 mil-

1887 3535 2064 3598 liaria,
2097 3547 2282 3590 contra
2331 3535 2687 3604 jurisjuraudi
2725 3536 2880 3588 Iidem
2928 3537 3154 3588 interfici
3183 3533 3468 3598 eosjubet.

1885 3628 2179 3682 Gerontius
2223 3629 2372 3692 dein,
2438 3629 2820 3683 accedentibus
2853 3628 3071 3698 Ulpltlla
3115 3639 3171 3683 et
3207 3628 3474 3682 Constan-

1889 3721 2022 3786 tino,
2071 3719 2250 3790 fugam
2290 3721 2563 3789 capessit:
2599 3723 3077 3791 deprehensusque
3119 3721 3261 3792 quod
3295 3721 3471 3790 impo-

1889 3815 2090 3868 tentius
2132 3814 2394 3870 exercitui
2424 3813 2750 3891 praefuisset,
2781 3830 3001 3868 suorum
3033 3815 3245 3869 insidiis
3273 3816 3471 3884 petitus

1886 3917 1990 3960 est.
2054 3904 2235 3975 Ignem
2288 3907 2471 3975 itaque
2511 3907 2678 3974 ipsius
2727 3905 2933 3960 aedibus
2990 3905 3292 3974 injeccrunt
3355 3923 3369 3958 :
3417 3914 3476 3959 at

1889 3999 1979 4053 ille
2011 3997 2223 4052 fortiter
2245 3999 2296 4051 in
2333 3999 2675 4052 adversarios
2695 4009 2916 4068 pugnat,
2945 4013 3050 4051 uno
3080 3998 3368 4065 adjuvante
3390 3997 3475 4050 fa-

1887 4093 2058 4156 mulo,
2087 4093 2177 4161 qui
2210 4090 2420 4148 Alanus
2448 4099 2588 4146 erat.
2630 4090 2708 4144 Re
2735 4101 2911 4145 tamen
2940 4091 3156 4144 tandem
3185 4092 3474 4160 desperata

1885 4186 2116 4239 Alanum
2155 4185 2328 4248 illum,
2365 4199 2626 4253 suamque
2676 4199 2899 4236 uxorem
2929 4183 3078 4254 (29),
3114 4193 3170 4237 ut
3215 4183 3316 4252 ipsi
3349 4197 3478 4252 pos—

1889 4278 2144 4341 tularant,
2188 4276 2474 4341 interimit,
2527 4290 2590 4329 ac
2635 4275 2868 4342 denique
2907 4275 3070 4328 etiam
3109 4273 3210 4328 sibi
3242 4285 3473 4328 mortem

1887 4373 2195 4427 consciscit.
2247 4371 2513 4425 Maximus
2561 4371 2678 4440 ejus
2723 4369 2907 4438 filius,
2960 4385 3020 4425 re
3066 4369 3361 4437 intellecta,
3405 4370 3474 4422 ad

1890 4465 2184 4520 foederatos
2215 4463 2458 4532 confugit
2483 4461 2776 4516 Barbaros.

210 4549 352 4603 τοῦτο
384 4550 909 4620 προθυμουμένους,
955 4555 1187 4624 ἀναιρεῖ,
1242 4552 1686 4622 ἐπικατασφάζει
1724 4555 1780 4608 δὲ
1817 4559 1908 4610 καὶ
1936 4558 2148 4610 ἑαυτόν.
2181 4555 2436 4626 Μάξιμος
2479 4554 2538 4608 δὲ
2599 4555 2629 4606 ὁ
2693 4557 2826 4618 παῖς
2871 4553 3050 4607 ταῦτα
3113 4551 3304 4622 μαθὼν
3341 4551 3479 4623 πρὸς

209 4642 321 4704 τοὺς
358 4642 733 4705 ὑποσπόνδους
758 4645 948 4712 φεύγει
975 4645 1307 4717 βαρϐάρους.

272 4735 391 4790 Ὅτι
436 4737 650 4799 Ἰοϐἰνος
678 4737 719 4767 ⁸⁸
740 4738 797 4788 ἐν
823 4739 1144 4807 Μουνδιακῷ
1168 4739 1209 4769 *9
1227 4739 1322 4808 τῆς
1353 4739 1545 4808 ἐτέρας
1573 4739 1789 4808 Γερμα-
1821 4744 1864 4800 D

209 4827 316 4891 νίας
350 4829 493 4882 κατά
540 4827 776 4896 σπουδὴν
819 4828 865 4858 ⁵⁸
913 4827 1072 4900 Γώαρ
1111 4829 1205 4881 τοῦ
1250 4830 1472 4883 Ἀλανοῦ
1518 4832 1611 4881 καὶ
1653 4831 1785 4882 Γυν-

211 4921 430 4990 τιαρίου,
462 4923 520 4984 ὃς
559 4921 830 4992 φύλαρχος
855 4921 1195 4993 ἐχρημάτιζε
1241 4924 1351 4976 τῶν
1388 4923 1780 4992 Βουργουντιό-

1963 4739 2211 4794 Jovinius
2244 4739 2382 4806 apud
2412 4735 2750 4791 Mundacium
2781 4735 2892 4806 (50)
2924 4733 3231 4790 Germania?
3252 4733 3478 4789 alterius

1893 4833 2107 4894 urbem,
2141 4833 2325 4886 studio
2375 4814 2571 4885 Goa°ris
2611 4829 2791 4890 Alani,
2831 4839 2885 4882 et
2936 4829 3182 4885 Guntiari
3229 4827 3480 4897 Burgun-

1892 4926 2101 4976 diorum
2156 4922 2396 4993 prmfecti
2431 4931 2700 4992 tyrannus
2735 4930 2956 4976 creatus
2993 4933 3101 4976 est.
3128 4920 3228 4976 Cui
3266 4929 3325 4976 ut
3353 4935 3476 4976 sese

1465 5062 1700 5118 VARle
1754 5061 2160 5117 LECTIONES.

285 5158 330 5190 “
355 5159 650 5231 Βρετανεας
697 5179 755 5227 ς.
830 5162 875 5194 ⁸⁸
906 5160 1112 5215 ἐκώλυε
1148 5180 1206 5226 ς.

226 5231 298 5292 s'c
324 5243 376 5286 et
417 5233 551 5286 infra
625 5235 668 5264 ⁸⁸
697 5232 1092 5303 Μογουντιακῷ
1125 5234 1492 5288 ΙΙωει-ῑιθιίιιε.

1279 5161 1327 5194 ⁸⁸
1360 5161 1776 5215 Κωνσταντῐνου
1809 5175 1891 5226 pr.
1927 5161 1990 5212 A.
2044 5159 2428 5214 Κωνσταντίου
2471 5173 2616 5214 corr.
2676 5157 2722 5188 ⁸⁷
2750 5155 2900 5227 αὐτῷ
2925 5173 2985 5221 ς.

1591 5231 1638 5262 ⁵ο
1678 5229 1911 5299 σπονδὴν
1934 5234 1997 5283 Α.

3065 5155 3113 5187 ⁸⁸
3151 5152 3391 5218 Ἰωϐῖνος
3415 5169 3477 5219 ς,

1713 5323 1946 5380 ΝΟΤίΕ.

285 5417 394 5485 (Si)
425 5419 579 5489 Anno
602 5418 806 5475 Christi
845 5420 970 5475 411.
1003 5420 1129 5475 Car.
1168 5420 1360 5489 Sigou.

279 5491 390 5558 (23)
421 5488 652 5561 Cumin
684 5489 944 5560 Βρεττίας
985 5488 1264 5561 legendum
1304 5493 1410 5548 hic.

527 5577 658 5632 {alia
693 5559 902 5615 stilicet
931 5559 1178 5631 gentium
1209 5562 1625 5630 superstitione,

285 5629 389 5700 (25)
429 5629 498 5700 De
529 5630 840 5685 Domeslicis
873 5629 1136 5686 videndus
1164 5629 1481 5700 Curupalal.
1508 5631 1687 5684 libello
1721 5631 1786 5684 de

218 5697 425 5752 ofﬁcial.
455 5699 870 5771 Constantinop.
912 5701 1126 5757 Brissou
1156 5703 1206 5754 in
1237 5697 1434 5764 lex'ico,
1468 5712 1519 5754 et
1552 5703 1672 5756 alii.

282 5770 386 5840 (26)
433 5772 572 5825 ldem
618 5776 708 5843 qui
754 5770 1052 5828 l’lacidiatn
1101 5784 1285 5842 postea
1338 5774 1628 5842 conjugem
1686 5785 1780 5825 κο·-

227 5852 346 5909 Ct-ptl
359 5884 371 5897 .

1971 5423 2086 5492 (27)
2125 5423 2489 5478 Vercnianum
2527 5439 2589 5476 ac
2620 5422 2908 5491 Didymum
2951 5421 3220 5492 intelligit,
3259 5418 3482 5492 dequi-

1897 5487 1996 5548 bus
2028 5487 2278 5550 stimus
2323 5508 2484 5565 atque
2515 5487 2894 5558 Sozomenus,
2946 5502 2996 5547 et
3039 5507 3107 5545 ex
3155 5491 3238 5543 his
3285 5487 3473 5560 Sigon-

1895 5566 2082 5706 ΙΙι’(2ἒ)
2109 5637 2186 5692 Ad
2215 5637 2470 5690 Mincium
2505 5635 2726 5706 flutrten,
2759 5632 2948 5702 Sigou.

1965 5705 2080 5777 (29)
2118 5707 2479 5761 Nouato/tium
2512 5707 2637 5759 Car.
2669 5705 2858 5777 Sigon.
2895 5710 3070 5777 vocat.

1965 5769 2076 5851 (50)
2115 5779 2509 5848 Moguutt'acum
2544 5769 2775 5831 debebat
2821 5774 3063 5829 scribere
3092 5769 3402 5841 Olyntpiod.
