  <div class='ocr_page' id='page_1' title='image "/cluster/home/n/w/nwhite01/storage/ocr_20150623/103:no.3/coo.31924054870070/145.png"; bbox 0 0 3926 6434; ppageno 0'>
   <div class='ocr_carea' id='block_1_1' title="bbox 475 373 586 437">
    <p class='ocr_par' dir='ltr' id='par_1_1' title="bbox 475 373 586 437">
     <span class='ocr_line' id='line_1_1' title="bbox 475 373 586 437; baseline 0.018 -2"><span class='ocrx_word' id='word_1_1' title='bbox 475 373 586 437; x_wconf 75' lang='grc'><strong>263</strong></span> 
     </span>
    </p>
   </div>
   <div class='ocr_carea' id='block_1_2' title="bbox 1643 342 2605 440">
    <p class='ocr_par' dir='ltr' id='par_1_2' title="bbox 1643 342 2605 440">
     <span class='ocr_line' id='line_1_2' title="bbox 1643 342 2605 440; baseline 0.003 -3"><span class='ocrx_word' id='word_1_2' title='bbox 1643 342 1909 437; x_wconf 72' lang='lat' dir='ltr'><strong>Pnom</strong></span> <span class='ocrx_word' id='word_1_3' title='bbox 1948 378 2455 440; x_wconf 65' lang='lat' dir='ltr'><strong>PATRIARCHAE</strong></span> <span class='ocrx_word' id='word_1_4' title='bbox 2495 379 2605 440; x_wconf 89' lang='lat' dir='ltr'><strong>CP.</strong></span> 
     </span>
    </p>
   </div>
   <div class='ocr_carea' id='block_1_3' title="bbox 3630 398 3724 464">
    <p class='ocr_par' dir='ltr' id='par_1_3' title="bbox 3630 398 3724 464">
     <span class='ocr_line' id='line_1_3' title="bbox 3630 398 3724 464; baseline 0.021 -2"><span class='ocrx_word' id='word_1_5' title='bbox 3630 398 3724 464; x_wconf 66' lang='lat'><strong>965.</strong></span> 
     </span>
    </p>
   </div>
   <div class='ocr_carea' id='block_1_4' title="bbox 478 490 2073 575">
    <p class='ocr_par' dir='ltr' id='par_1_4' title="bbox 478 490 2073 563">
     <span class='ocr_line' id='line_1_4' title="bbox 478 490 2073 563; baseline 0.006 -20"><span class='ocrx_word' id='word_1_6' title='bbox 478 492 796 563; x_wconf 77' lang='lat' dir='ltr'><strong>adjuugeret</strong></span> <span class='ocrx_word' id='word_1_7' title='bbox 840 490 1128 562; x_wconf 82' lang='lat' dir='ltr'><strong>Adaulpho</strong></span> <span class='ocrx_word' id='word_1_8' title='bbox 1161 503 1351 548; x_wconf 86' lang='lat' dir='ltr'><strong>auctor</strong></span> <span class='ocrx_word' id='word_1_9' title='bbox 1404 493 1507 548; x_wconf 77' lang='lat' dir='ltr'><strong>fuit</strong></span> <span class='ocrx_word' id='word_1_10' title='bbox 1558 496 1789 552; x_wconf 86' lang='lat' dir='ltr'><strong>Attalus.</strong></span> <span class='ocrx_word' id='word_1_11' title='bbox 1846 497 1911 551; x_wconf 83' lang='lat' dir='ltr'><strong>Et</strong></span> <span class='ocrx_word' id='word_1_12' title='bbox 1954 513 2073 553; x_wconf 71' lang='lat' dir='ltr'><strong>vero</strong></span> 
     </span>
    </p>
   </div>
   <div class='ocr_carea' id='block_1_5' title="bbox 2185 490 3726 575">
    <p class='ocr_par' dir='ltr' id='par_1_5' title="bbox 2186 495 3726 575">
     <span class='ocr_line' id='line_1_5' title="bbox 2186 495 3726 575; baseline 0.032 -52"><span class='ocrx_word' id='word_1_13' title='bbox 2186 514 2294 549; x_wconf 77' lang='grc' dir='ltr'><strong>νων</strong></span> <span class='ocrx_word' id='word_1_14' title='bbox 2310 497 2645 566; x_wconf 59' lang='grc' dir='ltr'><strong>σι’τύραννος</strong></span> <span class='ocrx_word' id='word_1_15' title='bbox 2664 495 3031 568; x_wconf 81' lang='grc' dir='ltr'>ἀνηγορεύθη.</span> <span class='ocrx_word' id='word_1_16' title='bbox 3056 498 3196 570; x_wconf 73' lang='grc' dir='ltr'>Πρὸς</span> <span class='ocrx_word' id='word_1_17' title='bbox 3218 498 3276 550; x_wconf 74' lang='grc' dir='ltr'><strong>ὃν</strong></span> <span class='ocrx_word' id='word_1_18' title='bbox 3288 497 3333 531; x_wconf 77' lang='grc'><strong>⁸⁸</strong></span> <span class='ocrx_word' id='word_1_19' title='bbox 3351 512 3726 575; x_wconf 73' lang='grc' dir='ltr'><strong>παραγενέσθαι</strong></span> 
     </span>
    </p>
   </div>
   <div class='ocr_carea' id='block_1_6' title="bbox 481 582 2065 651">
    <p class='ocr_par' dir='ltr' id='par_1_6' title="bbox 481 582 2065 651">
     <span class='ocr_line' id='line_1_6' title="bbox 481 582 2065 651; baseline 0.005 -15"><span class='ocrx_word' id='word_1_20' title='bbox 481 582 571 636; x_wconf 90' lang='lat' dir='ltr'><strong>hic</strong></span> <span class='ocrx_word' id='word_1_21' title='bbox 610 598 732 636; x_wconf 93' lang='lat' dir='ltr'><strong>cum</strong></span> <span class='ocrx_word' id='word_1_22' title='bbox 764 584 935 651; x_wconf 85' lang='lat' dir='ltr'><strong>copiis</strong></span> <span class='ocrx_word' id='word_1_23' title='bbox 961 585 1028 638; x_wconf 87' lang='lat' dir='ltr'><strong>ad</strong></span> <span class='ocrx_word' id='word_1_24' title='bbox 1061 585 1210 638; x_wconf 91' lang='lat' dir='ltr'><strong>illum</strong></span> <span class='ocrx_word' id='word_1_25' title='bbox 1236 602 1294 640; x_wconf 89' lang='lat' dir='ltr'><strong>se</strong></span> <span class='ocrx_word' id='word_1_26' title='bbox 1319 586 1549 643; x_wconf 79' lang='lat' dir='ltr'><strong>confert.</strong></span> <span class='ocrx_word' id='word_1_27' title='bbox 1588 586 1839 643; x_wconf 85' lang='lat' dir='ltr'><strong>Jovinius</strong></span> <span class='ocrx_word' id='word_1_28' title='bbox 1884 601 2065 644; x_wconf 90' lang='lat' dir='ltr'><strong>tamen</strong></span> 
     </span>
    </p>
   </div>
   <div class='ocr_carea' id='block_1_7' title="bbox 476 673 2068 752">
    <p class='ocr_par' dir='ltr' id='par_1_7' title="bbox 476 673 2068 752">
     <span class='ocr_line' id='line_1_7' title="bbox 476 673 2068 752; baseline 0.006 -24"><span class='ocrx_word' id='word_1_29' title='bbox 476 673 751 743; x_wconf 79' lang='lat' dir='ltr'><strong>Adaulphi</strong></span> <span class='ocrx_word' id='word_1_30' title='bbox 797 676 1031 729; x_wconf 83' lang='lat' dir='ltr'><strong>adventu</strong></span> <span class='ocrx_word' id='word_1_31' title='bbox 1079 676 1344 745; x_wconf 81' lang='lat' dir='ltr'><strong>oﬂ&#39;ensus,</strong></span> <span class='ocrx_word' id='word_1_32' title='bbox 1384 680 1637 743; x_wconf 79' lang='lat' dir='ltr'><strong>obscure,</strong></span> <span class='ocrx_word' id='word_1_33' title='bbox 1689 690 1743 735; x_wconf 87' lang='lat' dir='ltr'><strong>et</strong></span> <span class='ocrx_word' id='word_1_34' title='bbox 1778 682 1940 736; x_wconf 89' lang='lat' dir='ltr'><strong>veluti</strong></span> <span class='ocrx_word' id='word_1_35' title='bbox 1973 699 2068 752; x_wconf 91' lang='lat' dir='ltr'><strong>per</strong></span> 
     </span>
    </p>
   </div>
   <div class='ocr_carea' id='block_1_8' title="bbox 476 766 2069 840">
    <p class='ocr_par' dir='ltr' id='par_1_8' title="bbox 476 766 2069 840">
     <span class='ocr_line' id='line_1_8' title="bbox 476 766 2069 840; baseline 0.006 -21"><span class='ocrx_word' id='word_1_36' title='bbox 476 766 760 835; x_wconf 70' lang='lat' dir='ltr'><strong>muigmata</strong></span> <span class='ocrx_word' id='word_1_37' title='bbox 786 766 1025 821; x_wconf 78' lang='lat' dir='ltr'><strong>Attalum</strong></span> <span class='ocrx_word' id='word_1_38' title='bbox 1062 779 1319 833; x_wconf 89' lang='lat' dir='ltr'><strong>accusat;</strong></span> <span class='ocrx_word' id='word_1_39' title='bbox 1365 772 1507 840; x_wconf 90' lang='lat' dir='ltr'><strong>quod</strong></span> <span class='ocrx_word' id='word_1_40' title='bbox 1538 773 1831 826; x_wconf 83' lang='lat' dir='ltr'><strong>adventum</strong></span> <span class='ocrx_word' id='word_1_41' title='bbox 1863 776 2069 828; x_wconf 88' lang='lat' dir='ltr'><strong>suasis-</strong></span> 
     </span>
    </p>
   </div>
   <div class='ocr_carea' id='block_1_9' title="bbox 479 847 2062 932">
    <p class='ocr_par' dir='ltr' id='par_1_9' title="bbox 479 847 2062 932">
     <span class='ocr_line' id='line_1_9' title="bbox 479 847 2062 932; baseline 0.003 -20"><span class='ocrx_word' id='word_1_42' title='bbox 479 868 582 912; x_wconf 82' lang='lat' dir='ltr'><strong>set.</strong></span> <span class='ocrx_word' id='word_1_43' title='bbox 617 847 786 912; x_wconf 85' lang='lat' dir='ltr'><strong>Sarus</strong></span> <span class='ocrx_word' id='word_1_44' title='bbox 814 860 927 931; x_wconf 79' lang='lat'><strong>(3|)</strong></span> <span class='ocrx_word' id='word_1_45' title='bbox 964 861 1092 914; x_wconf 88' lang='lat' dir='ltr'><strong>item</strong></span> <span class='ocrx_word' id='word_1_46' title='bbox 1149 863 1217 916; x_wconf 89' lang='lat' dir='ltr'><strong>ad</strong></span> <span class='ocrx_word' id='word_1_47' title='bbox 1272 861 1579 925; x_wconf 49' lang='lat' dir='ltr'><strong>Joviniunu</strong></span> <span class='ocrx_word' id='word_1_48' title='bbox 1611 876 1871 919; x_wconf 87' lang='lat' dir='ltr'><strong>venturus</strong></span> <span class='ocrx_word' id='word_1_49' title='bbox 1915 877 2062 932; x_wconf 88' lang='lat' dir='ltr'><strong>erat;</strong></span> 
     </span>
    </p>
   </div>
   <div class='ocr_carea' id='block_1_10' title="bbox 479 951 2070 1024">
    <p class='ocr_par' dir='ltr' id='par_1_10' title="bbox 479 951 2070 1024">
     <span class='ocr_line' id='line_1_10' title="bbox 479 951 2070 1024; baseline 0.007 -21"><span class='ocrx_word' id='word_1_50' title='bbox 479 953 573 1005; x_wconf 90' lang='lat' dir='ltr'><strong>sed</strong></span> <span class='ocrx_word' id='word_1_51' title='bbox 604 951 918 1020; x_wconf 80' lang='lat' dir='ltr'><strong>Adaulplms</strong></span> <span class='ocrx_word' id='word_1_52' title='bbox 944 957 1163 1024; x_wconf 79' lang='lat' dir='ltr'><strong>cognita</strong></span> <span class='ocrx_word' id='word_1_53' title='bbox 1198 972 1276 1020; x_wconf 92' lang='lat' dir='ltr'><strong>re,</strong></span> <span class='ocrx_word' id='word_1_54' title='bbox 1313 958 1573 1011; x_wconf 81' lang='lat' dir='ltr'><strong>collectus</strong></span> <span class='ocrx_word' id='word_1_55' title='bbox 1609 958 1795 1012; x_wconf 88' lang='lat' dir='ltr'><strong>decem</strong></span> <span class='ocrx_word' id='word_1_56' title='bbox 1830 958 2070 1014; x_wconf 85' lang='lat' dir='ltr'><strong>millibus</strong></span> 
     </span>
    </p>
   </div>
   <div class='ocr_carea' id='block_1_11' title="bbox 479 1044 2069 1120">
    <p class='ocr_par' dir='ltr' id='par_1_11' title="bbox 479 1044 2069 1120">
     <span class='ocr_line' id='line_1_11' title="bbox 479 1044 2069 1120; baseline 0.007 -25"><span class='ocrx_word' id='word_1_57' title='bbox 479 1044 733 1109; x_wconf 84' lang='lat' dir='ltr'><strong>militum,</strong></span> <span class='ocrx_word' id='word_1_58' title='bbox 764 1049 1008 1101; x_wconf 90' lang='lat' dir='ltr'><strong>occurrit</strong></span> <span class='ocrx_word' id='word_1_59' title='bbox 1056 1046 1212 1111; x_wconf 88' lang='lat' dir='ltr'><strong>Saro,</strong></span> <span class='ocrx_word' id='word_1_60' title='bbox 1243 1049 1386 1103; x_wconf 85' lang='lat' dir='ltr'><strong>viros</strong></span> <span class='ocrx_word' id='word_1_61' title='bbox 1415 1051 1714 1104; x_wconf 82' lang='lat' dir='ltr'><strong>octodecim</strong></span> <span class='ocrx_word' id='word_1_62' title='bbox 1760 1063 1851 1105; x_wconf 92' lang='lat' dir='ltr'><strong>aut</strong></span> <span class='ocrx_word' id='word_1_63' title='bbox 1882 1052 2069 1120; x_wconf 72' lang='lat' dir='ltr'><strong>viginti</strong></span> 
     </span>
    </p>
   </div>
   <div class='ocr_carea' id='block_1_12' title="bbox 478 1138 2072 1210">
    <p class='ocr_par' dir='ltr' id='par_1_12' title="bbox 478 1138 2072 1210">
     <span class='ocr_line' id='line_1_12' title="bbox 478 1138 2072 1210; baseline 0.006 -23"><span class='ocrx_word' id='word_1_64' title='bbox 478 1139 619 1205; x_wconf 88' lang='lat' dir='ltr'><strong>apud</strong></span> <span class='ocrx_word' id='word_1_65' title='bbox 682 1153 740 1190; x_wconf 85' lang='lat' dir='ltr'><strong>se</strong></span> <span class='ocrx_word' id='word_1_66' title='bbox 790 1138 1007 1192; x_wconf 89' lang='lat' dir='ltr'><strong>habenti</strong></span> <span class='ocrx_word' id='word_1_67' title='bbox 1058 1156 1218 1209; x_wconf 89' lang='lat' dir='ltr'><strong>quem</strong></span> <span class='ocrx_word' id='word_1_68' title='bbox 1261 1152 1410 1210; x_wconf 83' lang='lat' dir='ltr'><strong>gesta</strong></span> <span class='ocrx_word' id='word_1_69' title='bbox 1472 1143 1711 1204; x_wconf 87' lang='lat' dir='ltr'><strong>heroica,</strong></span> <span class='ocrx_word' id='word_1_70' title='bbox 1752 1155 1805 1195; x_wconf 78' lang='lat' dir='ltr'><strong>et</strong></span> <span class='ocrx_word' id='word_1_71' title='bbox 1851 1155 2072 1210; x_wconf 84' lang='lat' dir='ltr'><strong>stupore</strong></span> 
     </span>
    </p>
   </div>
   <div class='ocr_carea' id='block_1_13' title="bbox 477 1228 2073 1304">
    <p class='ocr_par' dir='ltr' id='par_1_13' title="bbox 477 1228 2073 1304">
     <span class='ocr_line' id='line_1_13' title="bbox 477 1228 2073 1304; baseline 0.006 -24"><span class='ocrx_word' id='word_1_72' title='bbox 477 1228 641 1298; x_wconf 77' lang='lat' dir='ltr'><strong>digna</strong></span> <span class='ocrx_word' id='word_1_73' title='bbox 684 1229 933 1284; x_wconf 87' lang='lat' dir='ltr'><strong>edentem</strong></span> <span class='ocrx_word' id='word_1_74' title='bbox 978 1231 1091 1301; x_wconf 69' lang='lat'><strong>(32)</strong></span> <span class='ocrx_word' id='word_1_75' title='bbox 1117 1270 1131 1291; x_wconf 88' lang='lat'><strong>.</strong></span> <span class='ocrx_word' id='word_1_76' title='bbox 1168 1235 1339 1286; x_wconf 79' lang='lat' dir='ltr'><strong>scutis</strong></span> <span class='ocrx_word' id='word_1_77' title='bbox 1392 1235 1684 1300; x_wconf 86' lang='lat' dir='ltr'><strong>adhibitis,</strong></span> <span class='ocrx_word' id='word_1_78' title='bbox 1721 1238 1899 1288; x_wconf 88' lang='lat' dir='ltr'><strong>vivmu</strong></span> <span class='ocrx_word' id='word_1_79' title='bbox 1927 1252 2073 1304; x_wconf 66' lang='lat' dir='ltr'><strong>(egre</strong></span> 
     </span>
    </p>
   </div>
   <div class='ocr_carea' id='block_1_14' title="bbox 479 1328 2072 1396">
    <p class='ocr_par' dir='ltr' id='par_1_14' title="bbox 479 1328 2072 1396">
     <span class='ocr_line' id='line_1_14' title="bbox 479 1328 2072 1396; baseline 0.006 -21"><span class='ocrx_word' id='word_1_80' title='bbox 479 1337 674 1390; x_wconf 79' lang='lat' dir='ltr'><strong>capere</strong></span> <span class='ocrx_word' id='word_1_81' title='bbox 737 1335 1071 1392; x_wconf 89' lang='lat' dir='ltr'><strong>potuerunt,</strong></span> <span class='ocrx_word' id='word_1_82' title='bbox 1124 1328 1447 1396; x_wconf 84' lang='lat' dir='ltr'><strong>tandemque</strong></span> <span class='ocrx_word' id='word_1_83' title='bbox 1492 1330 1768 1382; x_wconf 86' lang='lat' dir='ltr'><strong>occidunt.</strong></span> <span class='ocrx_word' id='word_1_84' title='bbox 1822 1330 2072 1384; x_wconf 89' lang='lat' dir='ltr'><strong>Descive-</strong></span> 
     </span>
    </p>
   </div>
   <div class='ocr_carea' id='block_1_15' title="bbox 480 1417 2070 1483">
    <p class='ocr_par' dir='ltr' id='par_1_15' title="bbox 480 1417 2070 1483">
     <span class='ocr_line' id='line_1_15' title="bbox 480 1417 2070 1483; baseline 0.006 -16"><span class='ocrx_word' id='word_1_85' title='bbox 480 1425 567 1467; x_wconf 87' lang='lat' dir='ltr'><strong>rat</strong></span> <span class='ocrx_word' id='word_1_86' title='bbox 592 1424 774 1470; x_wconf 91' lang='lat' dir='ltr'><strong>autem</strong></span> <span class='ocrx_word' id='word_1_87' title='bbox 808 1418 875 1469; x_wconf 89' lang='lat' dir='ltr'><strong>ab</strong></span> <span class='ocrx_word' id='word_1_88' title='bbox 912 1417 1155 1470; x_wconf 80' lang='lat' dir='ltr'><strong>Honorio</strong></span> <span class='ocrx_word' id='word_1_89' title='bbox 1190 1418 1380 1483; x_wconf 82' lang='lat' dir='ltr'><strong>Sarus,</strong></span> <span class='ocrx_word' id='word_1_90' title='bbox 1404 1421 1586 1474; x_wconf 89' lang='lat' dir='ltr'><strong>audito</strong></span> <span class='ocrx_word' id='word_1_91' title='bbox 1616 1420 1937 1475; x_wconf 87' lang='lat' dir='ltr'><strong>Belleridem</strong></span> <span class='ocrx_word' id='word_1_92' title='bbox 1970 1424 2070 1476; x_wconf 87' lang='lat' dir='ltr'><strong>do-</strong></span> 
     </span>
    </p>
   </div>
   <div class='ocr_carea' id='block_1_16' title="bbox 480 1509 2072 1579">
    <p class='ocr_par' dir='ltr' id='par_1_16' title="bbox 480 1509 2072 1579">
     <span class='ocr_line' id='line_1_16' title="bbox 480 1509 2072 1579; baseline 0.005 -18"><span class='ocrx_word' id='word_1_93' title='bbox 480 1509 767 1562; x_wconf 88' lang='lat' dir='ltr'><strong>mesticum</strong></span> <span class='ocrx_word' id='word_1_94' title='bbox 827 1525 981 1563; x_wconf 89' lang='lat' dir='ltr'><strong>suum</strong></span> <span class='ocrx_word' id='word_1_95' title='bbox 1033 1511 1415 1579; x_wconf 81' lang='lat' dir='ltr'><strong>interfectum;</strong></span> <span class='ocrx_word' id='word_1_96' title='bbox 1471 1514 1671 1567; x_wconf 87' lang='lat' dir='ltr'><strong>nullam</strong></span> <span class='ocrx_word' id='word_1_97' title='bbox 1706 1527 1885 1568; x_wconf 87' lang='lat' dir='ltr'><strong>tamen</strong></span> <span class='ocrx_word' id='word_1_98' title='bbox 1911 1515 2072 1569; x_wconf 68' lang='lat' dir='ltr'><strong>caedis</strong></span> 
     </span>
    </p>
   </div>
   <div class='ocr_carea' id='block_1_17' title="bbox 482 1600 2071 1676">
    <p class='ocr_par' dir='ltr' id='par_1_17' title="bbox 482 1600 2071 1676">
     <span class='ocr_line' id='line_1_17' title="bbox 482 1600 2071 1676; baseline 0.006 -25"><span class='ocrx_word' id='word_1_99' title='bbox 482 1600 749 1653; x_wconf 88' lang='lat' dir='ltr'><strong>rationem</strong></span> <span class='ocrx_word' id='word_1_100' title='bbox 786 1601 1008 1656; x_wconf 76' lang='lat' dir='ltr'><strong>duxisse</strong></span> <span class='ocrx_word' id='word_1_101' title='bbox 1039 1604 1446 1671; x_wconf 87' lang='lat' dir='ltr'><strong>imperatorem,</strong></span> <span class='ocrx_word' id='word_1_102' title='bbox 1474 1621 1574 1661; x_wconf 88' lang='lat' dir='ltr'><strong>nec</strong></span> <span class='ocrx_word' id='word_1_103' title='bbox 1601 1606 1653 1659; x_wconf 92' lang='lat' dir='ltr'><strong>in</strong></span> <span class='ocrx_word' id='word_1_104' title='bbox 1685 1621 2071 1676; x_wconf 87' lang='lat' dir='ltr'><strong>percussorem</strong></span> 
     </span>
    </p>
   </div>
   <div class='ocr_carea' id='block_1_18' title="bbox 480 1689 1168 1758">
    <p class='ocr_par' dir='ltr' id='par_1_18' title="bbox 480 1689 1168 1758">
     <span class='ocr_line' id='line_1_18' title="bbox 480 1689 1168 1758; baseline 0.007 -17"><span class='ocrx_word' id='word_1_105' title='bbox 480 1689 806 1758; x_wconf 86' lang='lat' dir='ltr'><strong>inquirendo</strong></span> <span class='ocrx_word' id='word_1_106' title='bbox 840 1692 1168 1746; x_wconf 79' lang='lat' dir='ltr'><strong>vindicasse.</strong></span> 
     </span>
    </p>
   </div>
   <div class='ocr_carea' id='block_1_19' title="bbox 556 1781 2072 1856">
    <p class='ocr_par' dir='ltr' id='par_1_19' title="bbox 556 1781 2072 1856">
     <span class='ocr_line' id='line_1_19' title="bbox 556 1781 2072 1856; baseline 0.004 -23"><span class='ocrx_word' id='word_1_107' title='bbox 556 1781 737 1835; x_wconf 79' lang='lat' dir='ltr'><strong>llefert</strong></span> <span class='ocrx_word' id='word_1_108' title='bbox 792 1782 918 1836; x_wconf 91' lang='lat' dir='ltr'><strong>item</strong></span> <span class='ocrx_word' id='word_1_109' title='bbox 964 1784 1029 1837; x_wconf 91' lang='lat' dir='ltr'><strong>de</strong></span> <span class='ocrx_word' id='word_1_110' title='bbox 1064 1785 1297 1846; x_wconf 85' lang='lat' dir='ltr'><strong>Donato,</strong></span> <span class='ocrx_word' id='word_1_111' title='bbox 1333 1795 1385 1839; x_wconf 91' lang='lat' dir='ltr'><strong>et</strong></span> <span class='ocrx_word' id='word_1_112' title='bbox 1418 1784 1649 1849; x_wconf 83' lang='lat' dir='ltr'><strong>Hunnis,</strong></span> <span class='ocrx_word' id='word_1_113' title='bbox 1677 1786 1853 1855; x_wconf 87' lang='lat' dir='ltr'><strong>deque</strong></span> <span class='ocrx_word' id='word_1_114' title='bbox 1884 1802 2072 1856; x_wconf 82' lang='lat' dir='ltr'><strong>regum</strong></span> 
     </span>
    </p>
   </div>
   <div class='ocr_carea' id='block_1_20' title="bbox 2171 587 3724 673">
    <p class='ocr_par' dir='ltr' id='par_1_20' title="bbox 2171 587 3724 673">
     <span class='ocr_line' id='line_1_20' title="bbox 2171 587 3724 673; baseline 0.008 -31"><span class='ocrx_word' id='word_1_115' title='bbox 2171 589 2435 652; x_wconf 82' lang='grc' dir='ltr'>Ἀτταλος</span> <span class='ocrx_word' id='word_1_116' title='bbox 2468 587 2792 657; x_wconf 79' lang='grc' dir='ltr'>’Δδαοῦλφον</span> <span class='ocrx_word' id='word_1_117' title='bbox 2839 592 3128 658; x_wconf 87' lang='grc' dir='ltr'>παραινεῖ·</span> <span class='ocrx_word' id='word_1_118' title='bbox 3164 589 3260 641; x_wconf 76' lang='grc' dir='ltr'><strong>καὶ</strong></span> <span class='ocrx_word' id='word_1_119' title='bbox 3292 597 3635 663; x_wconf 84' lang='grc' dir='ltr'>παραγίνεται</span> <span class='ocrx_word' id='word_1_120' title='bbox 3664 607 3724 673; x_wconf 69' lang='grc'><strong>⁸³,</strong></span> 
     </span>
    </p>
   </div>
   <div class='ocr_carea' id='block_1_21' title="bbox 2167 680 3729 757">
    <p class='ocr_par' dir='ltr' id='par_1_21' title="bbox 2167 680 3729 757">
     <span class='ocr_line' id='line_1_21' title="bbox 2167 680 3729 757; baseline 0.003 -23"><span class='ocrx_word' id='word_1_121' title='bbox 2167 681 2284 752; x_wconf 77' lang='grc' dir='ltr'><strong>ἅμα</strong></span> <span class='ocrx_word' id='word_1_122' title='bbox 2305 681 2403 734; x_wconf 77' lang='grc' dir='ltr'>τοῦ</span> <span class='ocrx_word' id='word_1_123' title='bbox 2426 680 2683 750; x_wconf 80' lang='grc' dir='ltr'><strong>πλήθους.</strong></span> <span class='ocrx_word' id='word_1_124' title='bbox 2707 681 2817 734; x_wconf 88' lang='lat' dir='ltr'><strong>Kal</strong></span> <span class='ocrx_word' id='word_1_125' title='bbox 2833 681 3053 743; x_wconf 85' lang='grc' dir='ltr'>’1ο6ἰνος</span> <span class='ocrx_word' id='word_1_126' title='bbox 3069 682 3390 737; x_wconf 74' lang='grc' dir='ltr'>ἀνιᾶταιὲπὶ</span> <span class='ocrx_word' id='word_1_127' title='bbox 3413 691 3477 757; x_wconf 77' lang='grc' dir='ltr'><strong>τῇ</strong></span> <span class='ocrx_word' id='word_1_128' title='bbox 3504 691 3729 748; x_wconf 61' lang='grc' dir='ltr'>’Δδαοωρ</span> 
     </span>
    </p>
   </div>
   <div class='ocr_carea' id='block_1_22' title="bbox 2170 774 3728 853">
    <p class='ocr_par' dir='ltr' id='par_1_22' title="bbox 2170 774 3728 853">
     <span class='ocr_line' id='line_1_22' title="bbox 2170 774 3728 853; baseline 0.004 -26"><span class='ocrx_word' id='word_1_129' title='bbox 2170 791 2271 844; x_wconf 68' lang='lat' dir='ltr'><strong>(pou</strong></span> <span class='ocrx_word' id='word_1_130' title='bbox 2306 774 2609 845; x_wconf 76' lang='grc' dir='ltr'>παρουσίᾳ,</span> <span class='ocrx_word' id='word_1_131' title='bbox 2639 775 2733 827; x_wconf 80' lang='grc' dir='ltr'><strong>καὶ</strong></span> <span class='ocrx_word' id='word_1_132' title='bbox 2770 774 3042 845; x_wconf 79' lang='grc' dir='ltr'>μέμφεται</span> <span class='ocrx_word' id='word_1_133' title='bbox 3076 774 3144 827; x_wconf 81' lang='grc' dir='ltr'><strong>δι’</strong></span> <span class='ocrx_word' id='word_1_134' title='bbox 3170 778 3502 845; x_wconf 76' lang='grc' dir='ltr'><strong>αἰνιγμάτων</strong></span> <span class='ocrx_word' id='word_1_135' title='bbox 3541 786 3613 853; x_wconf 78' lang='grc' dir='ltr'><strong>τῷ</strong></span> <span class='ocrx_word' id='word_1_136' title='bbox 3635 804 3728 841; x_wconf 78' lang='grc' dir='ltr'><strong>πα.</strong></span> 
     </span>
    </p>
   </div>
   <div class='ocr_carea' id='block_1_23' title="bbox 2174 866 3729 939">
    <p class='ocr_par' dir='ltr' id='par_1_23' title="bbox 2174 866 3729 939">
     <span class='ocr_line' id='line_1_23' title="bbox 2174 866 3729 939; baseline 0.008 -21"><span class='ocrx_word' id='word_1_137' title='bbox 2174 866 2483 937; x_wconf 87' lang='grc' dir='ltr'>ραινέσαντι</span> <span class='ocrx_word' id='word_1_138' title='bbox 2528 867 2767 937; x_wconf 79' lang='grc' dir='ltr'><strong>Ἀττάλῳ</strong></span> <span class='ocrx_word' id='word_1_139' title='bbox 2783 866 2879 937; x_wconf 83' lang='grc' dir='ltr'>τὴν</span> <span class='ocrx_word' id='word_1_140' title='bbox 2897 867 3100 934; x_wconf 76' lang='grc' dir='ltr'>ἄφιξιν.</span> <span class='ocrx_word' id='word_1_141' title='bbox 3123 868 3232 920; x_wconf 80' lang='grc' dir='ltr'><strong>Καὶ</strong></span> <span class='ocrx_word' id='word_1_142' title='bbox 3283 870 3451 938; x_wconf 90' lang='grc' dir='ltr'>Σάρος</span> <span class='ocrx_word' id='word_1_143' title='bbox 3468 874 3531 939; x_wconf 73' lang='grc' dir='ltr'>δὲ</span> <span class='ocrx_word' id='word_1_144' title='bbox 3557 877 3729 935; x_wconf 75' lang='grc' dir='ltr'>ἔμελλε</span> 
     </span>
    </p>
   </div>
   <div class='ocr_carea' id='block_1_24' title="bbox 2172 958 3731 1033">
    <p class='ocr_par' dir='ltr' id='par_1_24' title="bbox 2172 958 3731 1033">
     <span class='ocr_line' id='line_1_24' title="bbox 2172 958 3731 1033; baseline 0.004 -22"><span class='ocrx_word' id='word_1_145' title='bbox 2172 958 2310 1029; x_wconf 75' lang='grc' dir='ltr'>πρὸς</span> <span class='ocrx_word' id='word_1_146' title='bbox 2349 958 2567 1011; x_wconf 70' lang='grc' dir='ltr'>Ἰοὸῖνον</span> <span class='ocrx_word' id='word_1_147' title='bbox 2612 960 3035 1030; x_wconf 78' lang='grc' dir='ltr'>παραγενέσθαι·</span> <span class='ocrx_word' id='word_1_148' title='bbox 3079 960 3193 1013; x_wconf 86' lang='grc' dir='ltr'>ἀλλ’</span> <span class='ocrx_word' id='word_1_149' title='bbox 3234 961 3554 1033; x_wconf 72' lang='grc' dir='ltr'>Ἀδαοῦλφος</span> <span class='ocrx_word' id='word_1_150' title='bbox 3590 972 3731 1028; x_wconf 79' lang='grc' dir='ltr'>τοῦτο</span> 
     </span>
    </p>
   </div>
   <div class='ocr_carea' id='block_1_25' title="bbox 2175 1050 3731 1128">
    <p class='ocr_par' dir='ltr' id='par_1_25' title="bbox 2175 1050 3731 1128">
     <span class='ocr_line' id='line_1_25' title="bbox 2175 1050 3731 1128; baseline 0.001 -23"><span class='ocrx_word' id='word_1_151' title='bbox 2175 1050 2365 1122; x_wconf 86' lang='grc' dir='ltr'>μαθὼν</span> <span class='ocrx_word' id='word_1_152' title='bbox 2396 1052 2852 1121; x_wconf 76' lang='grc' dir='ltr'>προϋπαντιάςει,</span> <span class='ocrx_word' id='word_1_153' title='bbox 2880 1051 3124 1120; x_wconf 78' lang='grc' dir='ltr'>χιλιάδας</span> <span class='ocrx_word' id='word_1_154' title='bbox 3150 1052 3283 1106; x_wconf 90' lang='grc' dir='ltr'>δέκα</span> <span class='ocrx_word' id='word_1_155' title='bbox 3312 1061 3731 1128; x_wconf 70' lang='grc' dir='ltr'>συνεπαγόμενος</span> 
     </span>
    </p>
   </div>
   <div class='ocr_carea' id='block_1_26' title="bbox 2175 1138 3731 1227">
    <p class='ocr_par' dir='ltr' id='par_1_26' title="bbox 2175 1138 3731 1227">
     <span class='ocr_line' id='line_1_26' title="bbox 2175 1138 3731 1227; baseline 0.003 -34"><span class='ocrx_word' id='word_1_156' title='bbox 2175 1138 2517 1213; x_wconf 84' lang='grc' dir='ltr'><strong>στρατιώτην</strong></span> <span class='ocrx_word' id='word_1_157' title='bbox 2547 1140 2617 1207; x_wconf 73' lang='grc'><strong>³⁸,</strong></span> <span class='ocrx_word' id='word_1_158' title='bbox 2651 1142 2829 1211; x_wconf 79' lang='grc' dir='ltr'>ἔχοντι</span> <span class='ocrx_word' id='word_1_159' title='bbox 2862 1142 3060 1211; x_wconf 84' lang='grc' dir='ltr'>ἄνδρας</span> <span class='ocrx_word' id='word_1_160' title='bbox 3087 1144 3214 1211; x_wconf 83' lang='grc' dir='ltr'>περὶ</span> <span class='ocrx_word' id='word_1_161' title='bbox 3235 1144 3395 1197; x_wconf 87' lang='grc' dir='ltr'>αὑτὸν</span> <span class='ocrx_word' id='word_1_162' title='bbox 3418 1145 3731 1227; x_wconf 70' lang='grc' dir='ltr'><strong>[Ἀσάρῳη]</strong></span> 
     </span>
    </p>
   </div>
   <div class='ocr_carea' id='block_1_27' title="bbox 2172 1234 3733 1309">
    <p class='ocr_par' dir='ltr' id='par_1_27' title="bbox 2172 1234 3733 1309">
     <span class='ocr_line' id='line_1_27' title="bbox 2172 1234 3733 1309; baseline 0.006 -21"><span class='ocrx_word' id='word_1_163' title='bbox 2172 1235 2549 1288; x_wconf 80' lang='grc' dir='ltr'>ὀκτωκαίδεκα</span> <span class='ocrx_word' id='word_1_164' title='bbox 2602 1234 2635 1306; x_wconf 80' lang='grc' dir='ltr'><strong>ἢ</strong></span> <span class='ocrx_word' id='word_1_165' title='bbox 2678 1237 2773 1288; x_wconf 76' lang='grc' dir='ltr'><strong>καὶ</strong></span> <span class='ocrx_word' id='word_1_166' title='bbox 2824 1238 3048 1290; x_wconf 80' lang='grc' dir='ltr'>εἴκοσιν.</span> <span class='ocrx_word' id='word_1_167' title='bbox 3090 1237 3187 1287; x_wconf 89' lang='grc' dir='ltr'><strong>Ὃν</strong></span> <span class='ocrx_word' id='word_1_168' title='bbox 3239 1236 3375 1305; x_wconf 83' lang='grc' dir='ltr'>ἔργα</span> <span class='ocrx_word' id='word_1_169' title='bbox 3407 1241 3615 1309; x_wconf 78' lang='grc' dir='ltr'>ἡρωῖκά</span> <span class='ocrx_word' id='word_1_170' title='bbox 3652 1252 3733 1298; x_wconf 76' lang='grc' dir='ltr'><strong>καὶ</strong></span> 
     </span>
    </p>
   </div>
   <div class='ocr_carea' id='block_1_28' title="bbox 2176 1326 3729 1398">
    <p class='ocr_par' dir='ltr' id='par_1_28' title="bbox 2176 1326 3729 1398">
     <span class='ocr_line' id='line_1_28' title="bbox 2176 1326 3729 1398; baseline 0.005 -19"><span class='ocrx_word' id='word_1_171' title='bbox 2176 1327 2458 1397; x_wconf 76' lang='grc' dir='ltr'>θαυμάσαι</span> <span class='ocrx_word' id='word_1_172' title='bbox 2490 1327 2619 1390; x_wconf 77' lang='grc' dir='ltr'>ἄξια</span> <span class='ocrx_word' id='word_1_173' title='bbox 2659 1326 3070 1395; x_wconf 77' lang='grc' dir='ltr'>ἐπιδειξάμενον</span> <span class='ocrx_word' id='word_1_174' title='bbox 3106 1327 3260 1395; x_wconf 79' lang='grc' dir='ltr'>μόλις</span> <span class='ocrx_word' id='word_1_175' title='bbox 3306 1330 3522 1393; x_wconf 84' lang='grc' dir='ltr'>σόκκοις</span> <span class='ocrx_word' id='word_1_176' title='bbox 3547 1334 3588 1364; x_wconf 80' lang='grc'><strong>⁵⁸</strong></span> <span class='ocrx_word' id='word_1_177' title='bbox 3619 1336 3729 1398; x_wconf 75' lang='grc' dir='ltr'><strong>ὲξώ⁶</strong></span> 
     </span>
    </p>
   </div>
   <div class='ocr_carea' id='block_1_29' title="bbox 2174 1418 3733 1492">
    <p class='ocr_par' dir='ltr' id='par_1_29' title="bbox 2174 1418 3733 1492">
     <span class='ocr_line' id='line_1_29' title="bbox 2174 1418 3733 1492; baseline 0.005 -21"><span class='ocrx_word' id='word_1_178' title='bbox 2174 1437 2410 1490; x_wconf 86' lang='grc' dir='ltr'>γρησαν,</span> <span class='ocrx_word' id='word_1_179' title='bbox 2435 1420 2532 1471; x_wconf 75' lang='grc' dir='ltr'><strong>καὶ</strong></span> <span class='ocrx_word' id='word_1_180' title='bbox 2561 1418 2785 1489; x_wconf 73' lang='grc' dir='ltr'>ὕστερον</span> <span class='ocrx_word' id='word_1_181' title='bbox 2808 1418 3114 1487; x_wconf 82' lang='grc' dir='ltr'>ἀναιροῦσι.</span> <span class='ocrx_word' id='word_1_182' title='bbox 3148 1420 3322 1490; x_wconf 86' lang='grc' dir='ltr'>Σάρος</span> <span class='ocrx_word' id='word_1_183' title='bbox 3355 1422 3398 1472; x_wconf 82' lang='grc' dir='ltr'>δ’</span> <span class='ocrx_word' id='word_1_184' title='bbox 3422 1419 3485 1492; x_wconf 85' lang='grc' dir='ltr'>ἦν</span> <span class='ocrx_word' id='word_1_185' title='bbox 3514 1426 3733 1491; x_wconf 82' lang='grc' dir='ltr'>ἀποστὰς</span> 
     </span>
    </p>
   </div>
   <div class='ocr_carea' id='block_1_30' title="bbox 2190 1505 3725 1581">
    <p class='ocr_par' dir='ltr' id='par_1_30' title="bbox 2190 1505 3725 1581">
     <span class='ocr_line' id='line_1_30' title="bbox 2190 1505 3725 1581; baseline 0.005 -20"><span class='ocrx_word' id='word_1_186' title='bbox 2190 1508 2471 1579; x_wconf 79' lang='grc' dir='ltr'>Ὀνωρίου,</span> <span class='ocrx_word' id='word_1_187' title='bbox 2497 1511 2577 1562; x_wconf 85' lang='grc' dir='ltr'>ὅτι</span> <span class='ocrx_word' id='word_1_188' title='bbox 2606 1508 2945 1579; x_wconf 87' lang='grc' dir='ltr'>Βελλερίδου,</span> <span class='ocrx_word' id='word_1_189' title='bbox 2993 1508 3051 1573; x_wconf 85' lang='grc' dir='ltr'><strong>δς</strong></span> <span class='ocrx_word' id='word_1_190' title='bbox 3098 1505 3165 1580; x_wconf 81' lang='grc' dir='ltr'><strong>ἦν</strong></span> <span class='ocrx_word' id='word_1_191' title='bbox 3214 1509 3362 1581; x_wconf 84' lang='grc' dir='ltr'>αὑτῷ</span> <span class='ocrx_word' id='word_1_192' title='bbox 3404 1512 3725 1581; x_wconf 82' lang='grc' dir='ltr'>δομέστικος,</span> 
     </span>
    </p>
   </div>
   <div class='ocr_carea' id='block_1_31' title="bbox 2178 1600 3733 1679">
    <p class='ocr_par' dir='ltr' id='par_1_31' title="bbox 2178 1600 3733 1679">
     <span class='ocr_line' id='line_1_31' title="bbox 2178 1600 3733 1679; baseline 0 -26"><span class='ocrx_word' id='word_1_193' title='bbox 2178 1600 2560 1670; x_wconf 84' lang='grc' dir='ltr'>ἀναιρεθέντος</span> <span class='ocrx_word' id='word_1_194' title='bbox 2598 1601 2774 1664; x_wconf 73' lang='grc' dir='ltr'>οὐδεὶς</span> <span class='ocrx_word' id='word_1_195' title='bbox 2815 1601 2972 1668; x_wconf 82' lang='grc' dir='ltr'>λόγος</span> <span class='ocrx_word' id='word_1_196' title='bbox 3013 1601 3090 1671; x_wconf 82' lang='grc' dir='ltr'><strong>τῷ</strong></span> <span class='ocrx_word' id='word_1_197' title='bbox 3146 1602 3355 1671; x_wconf 80' lang='grc' dir='ltr'>βασιλεῖ</span> <span class='ocrx_word' id='word_1_198' title='bbox 3410 1605 3507 1673; x_wconf 79' lang='grc' dir='ltr'><strong>τῆς</strong></span> <span class='ocrx_word' id='word_1_199' title='bbox 3543 1606 3733 1679; x_wconf 77' lang='grc' dir='ltr'>ἀναιρέ.</span> 
     </span>
    </p>
   </div>
   <div class='ocr_carea' id='block_1_32' title="bbox 2181 1693 3407 1764">
    <p class='ocr_par' dir='ltr' id='par_1_32' title="bbox 2181 1693 3407 1764">
     <span class='ocr_line' id='line_1_32' title="bbox 2181 1693 3407 1764; baseline 0.004 -20"><span class='ocrx_word' id='word_1_200' title='bbox 2181 1710 2317 1754; x_wconf 88' lang='grc' dir='ltr'>σεως</span> <span class='ocrx_word' id='word_1_201' title='bbox 2348 1693 2467 1745; x_wconf 75' lang='grc' dir='ltr'>οὑδὲ</span> <span class='ocrx_word' id='word_1_202' title='bbox 2482 1694 2577 1745; x_wconf 78' lang='grc' dir='ltr'><strong>τοῦ</strong></span> <span class='ocrx_word' id='word_1_203' title='bbox 2606 1694 2769 1759; x_wconf 76' lang='grc' dir='ltr'>φόνου</span> <span class='ocrx_word' id='word_1_204' title='bbox 2792 1695 3005 1761; x_wconf 80' lang='grc' dir='ltr'>γίνεται</span> <span class='ocrx_word' id='word_1_205' title='bbox 3029 1696 3073 1726; x_wconf 85' lang='grc'><strong>⁸⁷</strong></span> <span class='ocrx_word' id='word_1_206' title='bbox 3097 1694 3407 1764; x_wconf 76' lang='grc' dir='ltr'>εἴσπραξις.</span> 
     </span>
    </p>
   </div>
   <div class='ocr_carea' id='block_1_33' title="bbox 2254 1784 3733 1859">
    <p class='ocr_par' dir='ltr' id='par_1_33' title="bbox 2254 1784 3733 1859">
     <span class='ocr_line' id='line_1_33' title="bbox 2254 1784 3733 1859; baseline 0.004 -23"><span class='ocrx_word' id='word_1_207' title='bbox 2254 1784 2375 1836; x_wconf 84' lang='grc' dir='ltr'>Ὅτι</span> <span class='ocrx_word' id='word_1_208' title='bbox 2424 1784 2780 1853; x_wconf 72' lang='grc' dir='ltr'>διαλαμϐάνει</span> <span class='ocrx_word' id='word_1_209' title='bbox 2827 1786 2955 1854; x_wconf 72' lang='grc' dir='ltr'>περὶ</span> <span class='ocrx_word' id='word_1_210' title='bbox 3014 1786 3247 1838; x_wconf 85' lang='grc' dir='ltr'>Δονάτου</span> <span class='ocrx_word' id='word_1_211' title='bbox 3306 1788 3397 1838; x_wconf 71' lang='grc' dir='ltr'><strong>καὶ</strong></span> <span class='ocrx_word' id='word_1_212' title='bbox 3459 1788 3584 1859; x_wconf 67' lang='grc' dir='ltr'>περὶ</span> <span class='ocrx_word' id='word_1_213' title='bbox 3643 1790 3733 1842; x_wconf 80' lang='grc' dir='ltr'><strong>τῶν</strong></span> 
     </span>
    </p>
   </div>
   <div class='ocr_carea' id='block_1_34' title="bbox 479 1867 2073 1947">
    <p class='ocr_par' dir='ltr' id='par_1_34' title="bbox 479 1872 2073 1947">
     <span class='ocr_line' id='line_1_34' title="bbox 479 1872 2073 1947; baseline 0.003 -18"><span class='ocrx_word' id='word_1_214' title='bbox 479 1872 599 1945; x_wconf 76' lang='lat'><strong>(5&#39;5)</strong></span> <span class='ocrx_word' id='word_1_215' title='bbox 635 1891 822 1928; x_wconf 87' lang='lat' dir='ltr'><strong>eorum</strong></span> <span class='ocrx_word' id='word_1_216' title='bbox 860 1876 1153 1947; x_wconf 79' lang='lat' dir='ltr'><strong>sagittandi</strong></span> <span class='ocrx_word' id='word_1_217' title='bbox 1181 1876 1415 1947; x_wconf 76' lang='lat' dir='ltr'><strong>jperitia.</strong></span> <span class='ocrx_word' id='word_1_218' title='bbox 1461 1877 1709 1945; x_wconf 86' lang='lat' dir='ltr'><strong>Seipsum</strong></span> <span class='ocrx_word' id='word_1_219' title='bbox 1755 1881 1821 1932; x_wconf 86' lang='lat' dir='ltr'><strong>ad</strong></span> <span class='ocrx_word' id='word_1_220' title='bbox 1866 1879 1986 1933; x_wconf 91' lang='lat' dir='ltr'><strong>illos</strong></span> <span class='ocrx_word' id='word_1_221' title='bbox 2025 1889 2073 1933; x_wconf 92' lang='lat' dir='ltr'><strong>et</strong></span> 
     </span>
    </p>
   </div>
   <div class='ocr_carea' id='block_1_35' title="bbox 2185 1867 3732 1947">
    <p class='ocr_par' dir='ltr' id='par_1_35' title="bbox 2185 1872 3732 1945">
     <span class='ocr_line' id='line_1_35' title="bbox 2185 1872 3732 1945; baseline 0.005 -19"><span class='ocrx_word' id='word_1_222' title='bbox 2185 1872 2421 1937; x_wconf 75' lang='grc' dir='ltr'>Οὑννων,</span> <span class='ocrx_word' id='word_1_223' title='bbox 2460 1878 2555 1927; x_wconf 78' lang='grc' dir='ltr'>καὶ</span> <span class='ocrx_word' id='word_1_224' title='bbox 2584 1877 2712 1944; x_wconf 79' lang='grc' dir='ltr'>περὶ</span> <span class='ocrx_word' id='word_1_225' title='bbox 2747 1875 2855 1927; x_wconf 79' lang='grc' dir='ltr'><strong>τῶν</strong></span> <span class='ocrx_word' id='word_1_226' title='bbox 2892 1876 3079 1945; x_wconf 77' lang='grc' dir='ltr'>ρηγῶν</span> <span class='ocrx_word' id='word_1_227' title='bbox 3118 1877 3299 1928; x_wconf 79' lang='grc' dir='ltr'>αὐτῶν</span> <span class='ocrx_word' id='word_1_228' title='bbox 3328 1876 3427 1945; x_wconf 76' lang='grc' dir='ltr'>τῆς</span> <span class='ocrx_word' id='word_1_229' title='bbox 3460 1880 3732 1945; x_wconf 66' lang='grc' dir='ltr'>εὐφυεστά-</span> 
     </span>
    </p>
   </div>
   <div class='ocr_carea' id='block_1_36' title="bbox 482 1967 2077 2041">
    <p class='ocr_par' dir='ltr' id='par_1_36' title="bbox 482 1967 2077 2041">
     <span class='ocr_line' id='line_1_36' title="bbox 482 1967 2077 2041; baseline 0.004 -20"><span class='ocrx_word' id='word_1_230' title='bbox 482 1967 772 2031; x_wconf 87' lang='lat' dir='ltr'><strong>Donatum,</strong></span> <span class='ocrx_word' id='word_1_231' title='bbox 803 1980 1074 2022; x_wconf 87' lang='lat' dir='ltr'><strong>oratorem</strong></span> <span class='ocrx_word' id='word_1_232' title='bbox 1126 1970 1356 2023; x_wconf 88' lang='lat' dir='ltr'><strong>missum</strong></span> <span class='ocrx_word' id='word_1_233' title='bbox 1381 1971 1613 2041; x_wconf 82' lang='lat' dir='ltr'><strong>scriptor</strong></span> <span class='ocrx_word' id='word_1_234' title='bbox 1642 1972 1751 2037; x_wconf 87' lang='lat' dir='ltr'><strong>ait;</strong></span> <span class='ocrx_word' id='word_1_235' title='bbox 1786 1972 2077 2041; x_wconf 87' lang='lat' dir='ltr'><strong>multisque</strong></span> 
     </span>
    </p>
   </div>
   <div class='ocr_carea' id='block_1_37' title="bbox 480 2060 2077 2133">
    <p class='ocr_par' dir='ltr' id='par_1_37' title="bbox 480 2060 2077 2133">
     <span class='ocr_line' id='line_1_37' title="bbox 480 2060 2077 2133; baseline 0.004 -23"><span class='ocrx_word' id='word_1_236' title='bbox 480 2060 652 2111; x_wconf 87' lang='lat' dir='ltr'><strong>maris</strong></span> <span class='ocrx_word' id='word_1_237' title='bbox 699 2060 1030 2123; x_wconf 90' lang='lat' dir='ltr'><strong>errouibns,</strong></span> <span class='ocrx_word' id='word_1_238' title='bbox 1089 2061 1455 2130; x_wconf 88' lang='lat' dir='ltr'><strong>periculisque</strong></span> <span class='ocrx_word' id='word_1_239' title='bbox 1518 2061 1803 2129; x_wconf 87' lang='lat' dir='ltr'><strong>jactatum,</strong></span> <span class='ocrx_word' id='word_1_240' title='bbox 1871 2066 2077 2133; x_wconf 80' lang='lat' dir='ltr'><strong>tragice</strong></span> 
     </span>
    </p>
   </div>
   <div class='ocr_carea' id='block_1_38' title="bbox 482 2152 2076 2223">
    <p class='ocr_par' dir='ltr' id='par_1_38' title="bbox 482 2152 2076 2223">
     <span class='ocr_line' id='line_1_38' title="bbox 482 2152 2076 2223; baseline 0.002 -17"><span class='ocrx_word' id='word_1_241' title='bbox 482 2161 690 2206; x_wconf 89' lang='lat' dir='ltr'><strong>narrat.</strong></span> <span class='ocrx_word' id='word_1_242' title='bbox 726 2153 988 2205; x_wconf 88' lang='lat' dir='ltr'><strong>Donatum</strong></span> <span class='ocrx_word' id='word_1_243' title='bbox 1015 2167 1229 2223; x_wconf 87' lang='lat' dir='ltr'><strong>quoque</strong></span> <span class='ocrx_word' id='word_1_244' title='bbox 1253 2152 1606 2222; x_wconf 85' lang='lat' dir='ltr'><strong>jurejurando</strong></span> <span class='ocrx_word' id='word_1_245' title='bbox 1640 2157 2076 2209; x_wconf 89' lang='lat' dir='ltr'><strong>circumventum</strong></span> 
     </span>
    </p>
   </div>
   <div class='ocr_carea' id='block_1_39' title="bbox 482 2245 2076 2317">
    <p class='ocr_par' dir='ltr' id='par_1_39' title="bbox 482 2245 2076 2317">
     <span class='ocr_line' id='line_1_39' title="bbox 482 2245 2076 2317; baseline 0.002 -19"><span class='ocrx_word' id='word_1_246' title='bbox 482 2255 672 2299; x_wconf 85' lang='lat' dir='ltr'><strong>contra</strong></span> <span class='ocrx_word' id='word_1_247' title='bbox 732 2245 812 2299; x_wconf 79' lang='lat' dir='ltr'><strong>fas</strong></span> <span class='ocrx_word' id='word_1_248' title='bbox 853 2246 1157 2317; x_wconf 78' lang='lat' dir='ltr'><strong>jugulatutu</strong></span> <span class='ocrx_word' id='word_1_249' title='bbox 1207 2263 1327 2303; x_wconf 83' lang='lat' dir='ltr'><strong>esse</strong></span> <span class='ocrx_word' id='word_1_250' title='bbox 1370 2257 1470 2302; x_wconf 89' lang='lat' dir='ltr'><strong>:et</strong></span> <span class='ocrx_word' id='word_1_251' title='bbox 1500 2247 1867 2302; x_wconf 81' lang='lat' dir='ltr'><strong>Cltaratouem</strong></span> <span class='ocrx_word' id='word_1_252' title='bbox 1929 2248 2076 2302; x_wconf 88' lang='lat' dir='ltr'><strong>inter</strong></span> 
     </span>
    </p>
   </div>
   <div class='ocr_carea' id='block_1_40' title="bbox 485 2336 2076 2405">
    <p class='ocr_par' dir='ltr' id='par_1_40' title="bbox 485 2336 2076 2405">
     <span class='ocr_line' id='line_1_40' title="bbox 485 2336 2076 2405; baseline 0.003 -16"><span class='ocrx_word' id='word_1_253' title='bbox 485 2351 639 2405; x_wconf 80' lang='lat' dir='ltr'><strong>reges</strong></span> <span class='ocrx_word' id='word_1_254' title='bbox 661 2336 919 2404; x_wconf 90' lang='lat' dir='ltr'><strong>primum,</strong></span> <span class='ocrx_word' id='word_1_255' title='bbox 946 2338 1014 2390; x_wconf 92' lang='lat' dir='ltr'><strong>ob</strong></span> <span class='ocrx_word' id='word_1_256' title='bbox 1038 2338 1238 2391; x_wconf 69' lang='lat' dir='ltr'><strong>cmdem</strong></span> <span class='ocrx_word' id='word_1_257' title='bbox 1276 2340 1354 2391; x_wconf 88' lang='lat' dir='ltr'><strong>ira</strong></span> <span class='ocrx_word' id='word_1_258' title='bbox 1386 2338 1694 2399; x_wconf 87' lang='lat' dir='ltr'><strong>incensum,</strong></span> <span class='ocrx_word' id='word_1_259' title='bbox 1724 2338 2076 2404; x_wconf 84' lang='lat' dir='ltr'><strong>imperatoris</strong></span> 
     </span>
    </p>
   </div>
   <div class='ocr_carea' id='block_1_41' title="bbox 482 2427 2077 2500">
    <p class='ocr_par' dir='ltr' id='par_1_41' title="bbox 482 2427 2077 2500">
     <span class='ocr_line' id='line_1_41' title="bbox 482 2427 2077 2500; baseline 0.003 -21"><span class='ocrx_word' id='word_1_260' title='bbox 482 2427 641 2481; x_wconf 91' lang='lat' dir='ltr'><strong>donis</strong></span> <span class='ocrx_word' id='word_1_261' title='bbox 668 2443 882 2481; x_wconf 85' lang='lat' dir='ltr'><strong>rursum</strong></span> <span class='ocrx_word' id='word_1_262' title='bbox 910 2430 1207 2496; x_wconf 74' lang='lat' dir='ltr'><strong>mitigatum</strong></span> <span class='ocrx_word' id='word_1_263' title='bbox 1234 2468 1249 2492; x_wconf 90' lang='lat'><strong>,</strong></span> <span class='ocrx_word' id='word_1_264' title='bbox 1285 2430 1665 2498; x_wconf 84' lang='lat' dir='ltr'><strong>placatumque</strong></span> <span class='ocrx_word' id='word_1_265' title='bbox 1699 2428 1887 2484; x_wconf 84' lang='lat' dir='ltr'><strong>fuisse.</strong></span> <span class='ocrx_word' id='word_1_266' title='bbox 1931 2429 2077 2500; x_wconf 82' lang='lat' dir='ltr'><strong>59a</strong></span> 
     </span>
    </p>
   </div>
   <div class='ocr_carea' id='block_1_42' title="bbox 488 2520 1986 2592">
    <p class='ocr_par' dir='ltr' id='par_1_42' title="bbox 488 2520 1986 2592">
     <span class='ocr_line' id='line_1_42' title="bbox 488 2520 1986 2592; baseline 0.001 -17"><span class='ocrx_word' id='word_1_267' title='bbox 488 2520 557 2575; x_wconf 84' lang='lat' dir='ltr'><strong>Et</strong></span> <span class='ocrx_word' id='word_1_268' title='bbox 585 2521 699 2576; x_wconf 68' lang='lat' dir='ltr'><strong>haec</strong></span> <span class='ocrx_word' id='word_1_269' title='bbox 729 2522 946 2591; x_wconf 89' lang='lat' dir='ltr'><strong>quidem</strong></span> <span class='ocrx_word' id='word_1_270' title='bbox 984 2523 1159 2592; x_wconf 89' lang='lat' dir='ltr'><strong>prima</strong></span> <span class='ocrx_word' id='word_1_271' title='bbox 1188 2524 1370 2592; x_wconf 90' lang='lat' dir='ltr'><strong>operis</strong></span> <span class='ocrx_word' id='word_1_272' title='bbox 1396 2522 1597 2578; x_wconf 87' lang='lat' dir='ltr'><strong>decade</strong></span> <span class='ocrx_word' id='word_1_273' title='bbox 1619 2523 1986 2578; x_wconf 89' lang='lat' dir='ltr'><strong>continentur.</strong></span> 
     </span>
    </p>
   </div>
   <div class='ocr_carea' id='block_1_43' title="bbox 556 2700 2073 2771">
    <p class='ocr_par' dir='ltr' id='par_1_43' title="bbox 556 2700 2073 2771">
     <span class='ocr_line' id='line_1_43' title="bbox 556 2700 2073 2771; baseline -0.001 -12"><span class='ocrx_word' id='word_1_274' title='bbox 556 2705 795 2759; x_wconf 83' lang='lat' dir='ltr'><strong>Alteram</strong></span> <span class='ocrx_word' id='word_1_275' title='bbox 827 2717 958 2757; x_wconf 82' lang='lat' dir='ltr'><strong>vero</strong></span> <span class='ocrx_word' id='word_1_276' title='bbox 1009 2703 1137 2756; x_wconf 87' lang='lat' dir='ltr'><strong>hinc</strong></span> <span class='ocrx_word' id='word_1_277' title='bbox 1183 2703 1521 2771; x_wconf 77' lang='lat' dir='ltr'><strong>auspicatur.</strong></span> <span class='ocrx_word' id='word_1_278' title='bbox 1572 2700 1804 2758; x_wconf 67' lang='lat' dir='ltr'><strong>Iovinus</strong></span> <span class='ocrx_word' id='word_1_279' title='bbox 1846 2702 2073 2758; x_wconf 83' lang='lat' dir='ltr'><strong>fratrem</strong></span> 
     </span>
    </p>
   </div>
   <div class='ocr_carea' id='block_1_44' title="bbox 483 2793 2075 2864">
    <p class='ocr_par' dir='ltr' id='par_1_44' title="bbox 483 2793 2075 2864">
     <span class='ocr_line' id='line_1_44' title="bbox 483 2793 2075 2864; baseline -0.002 -12"><span class='ocrx_word' id='word_1_280' title='bbox 483 2812 638 2852; x_wconf 86' lang='lat' dir='ltr'><strong>suum</strong></span> <span class='ocrx_word' id='word_1_281' title='bbox 672 2794 1095 2861; x_wconf 87' lang='lat' dir='ltr'><strong>Sebastianum,</strong></span> <span class='ocrx_word' id='word_1_282' title='bbox 1133 2794 1303 2848; x_wconf 90' lang='lat' dir='ltr'><strong>invito</strong></span> <span class='ocrx_word' id='word_1_283' title='bbox 1330 2793 1651 2862; x_wconf 83' lang='lat' dir='ltr'><strong>Adaolpho,</strong></span> <span class='ocrx_word' id='word_1_284' title='bbox 1687 2796 2075 2864; x_wconf 84' lang='lat' dir='ltr'><strong>imperatorem</strong></span> 
     </span>
    </p>
   </div>
   <div class='ocr_carea' id='block_1_45' title="bbox 483 2886 2078 2958">
    <p class='ocr_par' dir='ltr' id='par_1_45' title="bbox 483 2886 2078 2958">
     <span class='ocr_line' id='line_1_45' title="bbox 483 2886 2078 2958; baseline -0.001 -13"><span class='ocrx_word' id='word_1_285' title='bbox 483 2903 699 2952; x_wconf 79' lang='lat' dir='ltr'><strong>creatis,</strong></span> <span class='ocrx_word' id='word_1_286' title='bbox 733 2889 786 2941; x_wconf 93' lang='lat' dir='ltr'><strong>iu</strong></span> <span class='ocrx_word' id='word_1_287' title='bbox 818 2887 938 2955; x_wconf 88' lang='lat' dir='ltr'><strong>ejus</strong></span> <span class='ocrx_word' id='word_1_288' title='bbox 983 2889 1167 2941; x_wconf 89' lang='lat' dir='ltr'><strong>odium</strong></span> <span class='ocrx_word' id='word_1_289' title='bbox 1216 2887 1467 2942; x_wconf 86' lang='lat' dir='ltr'><strong>incurrit.</strong></span> <span class='ocrx_word' id='word_1_290' title='bbox 1518 2886 1838 2957; x_wconf 85' lang='lat' dir='ltr'><strong>Adaulphus</strong></span> <span class='ocrx_word' id='word_1_291' title='bbox 1894 2889 2078 2958; x_wconf 86' lang='lat' dir='ltr'><strong>itaque</strong></span> 
     </span>
    </p>
   </div>
   <div class='ocr_carea' id='block_1_46' title="bbox 484 2978 2076 3051">
    <p class='ocr_par' dir='ltr' id='par_1_46' title="bbox 484 2978 2076 3051">
     <span class='ocr_line' id='line_1_46' title="bbox 484 2978 2076 3051; baseline -0.001 -18"><span class='ocrx_word' id='word_1_292' title='bbox 484 2995 584 3051; x_wconf 88' lang='lat' dir='ltr'><strong>per</strong></span> <span class='ocrx_word' id='word_1_293' title='bbox 633 2979 999 3034; x_wconf 84' lang='lat' dir='ltr'><strong>internuntios</strong></span> <span class='ocrx_word' id='word_1_294' title='bbox 1041 2980 1219 3047; x_wconf 86' lang='lat' dir='ltr'><strong>capita</strong></span> <span class='ocrx_word' id='word_1_295' title='bbox 1251 2993 1312 3033; x_wconf 90' lang='lat' dir='ltr'><strong>se</strong></span> <span class='ocrx_word' id='word_1_296' title='bbox 1344 2982 1702 3049; x_wconf 79' lang='lat' dir='ltr'><strong>tyrannorum</strong></span> <span class='ocrx_word' id='word_1_297' title='bbox 1756 2978 2076 3044; x_wconf 90' lang='lat' dir='ltr'><strong>missurmn,</strong></span> 
     </span>
    </p>
   </div>
   <div class='ocr_carea' id='block_1_47' title="bbox 484 3071 2075 3145">
    <p class='ocr_par' dir='ltr' id='par_1_47' title="bbox 484 3071 2075 3145">
     <span class='ocr_line' id='line_1_47' title="bbox 484 3071 2075 3145; baseline -0.003 -16"><span class='ocrx_word' id='word_1_298' title='bbox 484 3074 1071 3145; x_wconf 84' lang='lat' dir='ltr'><strong>pacemqueiuiturum</strong></span> <span class='ocrx_word' id='word_1_299' title='bbox 1111 3071 1350 3129; x_wconf 88' lang='lat' dir='ltr'><strong>Honorio</strong></span> <span class='ocrx_word' id='word_1_300' title='bbox 1378 3073 1713 3143; x_wconf 45' lang='lat' dir='ltr'><strong>.pollicetur.</strong></span> <span class='ocrx_word' id='word_1_301' title='bbox 1751 3072 1813 3126; x_wconf 86' lang='lat' dir='ltr'><strong>lli</strong></span> <span class='ocrx_word' id='word_1_302' title='bbox 1857 3073 2075 3127; x_wconf 87' lang='lat' dir='ltr'><strong>domum</strong></span> 
     </span>
    </p>
   </div>
   <div class='ocr_carea' id='block_1_48' title="bbox 485 3164 2074 3237">
    <p class='ocr_par' dir='ltr' id='par_1_48' title="bbox 485 3164 2074 3237">
     <span class='ocr_line' id='line_1_48' title="bbox 485 3164 2074 3237; baseline -0.001 -14"><span class='ocrx_word' id='word_1_303' title='bbox 485 3178 549 3224; x_wconf 85' lang='lat' dir='ltr'><strong>ut</strong></span> <span class='ocrx_word' id='word_1_304' title='bbox 570 3168 865 3225; x_wconf 88' lang='lat' dir='ltr'><strong>redierunt.</strong></span> <span class='ocrx_word' id='word_1_305' title='bbox 888 3178 942 3222; x_wconf 89' lang='lat' dir='ltr'><strong>et</strong></span> <span class='ocrx_word' id='word_1_306' title='bbox 977 3166 1355 3237; x_wconf 85' lang='lat' dir='ltr'><strong>jusjurandum</strong></span> <span class='ocrx_word' id='word_1_307' title='bbox 1396 3168 1695 3236; x_wconf 64' lang='lat' dir='ltr'><strong>priestitum</strong></span> <span class='ocrx_word' id='word_1_308' title='bbox 1723 3176 1831 3232; x_wconf 89' lang='lat' dir='ltr'><strong>est,</strong></span> <span class='ocrx_word' id='word_1_309' title='bbox 1871 3164 2074 3221; x_wconf 86' lang='lat' dir='ltr'><strong>Sebas-</strong></span> 
     </span>
    </p>
   </div>
   <div class='ocr_carea' id='block_1_49' title="bbox 486 3257 2077 3330">
    <p class='ocr_par' dir='ltr' id='par_1_49' title="bbox 486 3257 2077 3330">
     <span class='ocr_line' id='line_1_49' title="bbox 486 3257 2077 3330; baseline -0.001 -14"><span class='ocrx_word' id='word_1_310' title='bbox 486 3262 622 3316; x_wconf 81' lang='lat' dir='ltr'><strong>tiani</strong></span> <span class='ocrx_word' id='word_1_311' title='bbox 654 3276 773 3315; x_wconf 78' lang='lat' dir='ltr'><strong>mox</strong></span> <span class='ocrx_word' id='word_1_312' title='bbox 832 3273 994 3330; x_wconf 89' lang='lat' dir='ltr'><strong>caput</strong></span> <span class='ocrx_word' id='word_1_313' title='bbox 1025 3260 1337 3329; x_wconf 82' lang='lat' dir='ltr'><strong>imperatori</strong></span> <span class='ocrx_word' id='word_1_314' title='bbox 1371 3260 1622 3313; x_wconf 87' lang='lat' dir='ltr'><strong>mittitur.</strong></span> <span class='ocrx_word' id='word_1_315' title='bbox 1647 3257 1873 3314; x_wconf 82' lang='lat' dir='ltr'><strong>Jovinus</strong></span> <span class='ocrx_word' id='word_1_316' title='bbox 1910 3260 2077 3314; x_wconf 90' lang='lat' dir='ltr'><strong>etiam</strong></span> 
     </span>
    </p>
   </div>
   <div class='ocr_carea' id='block_1_50' title="bbox 488 3351 2080 3424">
    <p class='ocr_par' dir='ltr' id='par_1_50' title="bbox 488 3351 2080 3424">
     <span class='ocr_line' id='line_1_50' title="bbox 488 3351 2080 3424; baseline -0.003 -15"><span class='ocrx_word' id='word_1_317' title='bbox 488 3356 605 3424; x_wconf 90' lang='lat' dir='ltr'><strong>ipse</strong></span> <span class='ocrx_word' id='word_1_318' title='bbox 621 3354 690 3408; x_wconf 88' lang='lat' dir='ltr'><strong>ab</strong></span> <span class='ocrx_word' id='word_1_319' title='bbox 712 3352 995 3422; x_wconf 82' lang='lat' dir='ltr'><strong>Adaulpho</strong></span> <span class='ocrx_word' id='word_1_320' title='bbox 1031 3354 1287 3407; x_wconf 86' lang='lat' dir='ltr'><strong>obsessus</strong></span> <span class='ocrx_word' id='word_1_321' title='bbox 1320 3365 1380 3406; x_wconf 82' lang='lat' dir='ltr'><strong>se</strong></span> <span class='ocrx_word' id='word_1_322' title='bbox 1402 3352 1629 3415; x_wconf 86' lang='lat' dir='ltr'><strong>dedidit,</strong></span> <span class='ocrx_word' id='word_1_323' title='bbox 1674 3352 1982 3420; x_wconf 81' lang='lat' dir='ltr'><strong>missusque</strong></span> <span class='ocrx_word' id='word_1_324' title='bbox 2014 3351 2080 3405; x_wconf 88' lang='lat' dir='ltr'><strong>ad</strong></span> 
     </span>
    </p>
   </div>
   <div class='ocr_carea' id='block_1_51' title="bbox 488 3442 2081 3514">
    <p class='ocr_par' dir='ltr' id='par_1_51' title="bbox 488 3442 2081 3514">
     <span class='ocr_line' id='line_1_51' title="bbox 488 3442 2081 3514; baseline -0.003 -13"><span class='ocrx_word' id='word_1_325' title='bbox 488 3448 871 3514; x_wconf 86' lang='lat' dir='ltr'><strong>imperatorem</strong></span> <span class='ocrx_word' id='word_1_326' title='bbox 915 3454 999 3497; x_wconf 91' lang='lat' dir='ltr'><strong>est</strong></span> <span class='ocrx_word' id='word_1_327' title='bbox 1037 3461 1050 3497; x_wconf 93' lang='lat'>:</span> <span class='ocrx_word' id='word_1_328' title='bbox 1117 3459 1275 3513; x_wconf 91' lang='lat' dir='ltr'><strong>quem</strong></span> <span class='ocrx_word' id='word_1_329' title='bbox 1328 3442 1611 3496; x_wconf 88' lang='lat' dir='ltr'><strong>Dardanus</strong></span> <span class='ocrx_word' id='word_1_330' title='bbox 1658 3444 1946 3511; x_wconf 71' lang='lat' dir='ltr'><strong>praefectus</strong></span> <span class='ocrx_word' id='word_1_331' title='bbox 1986 3458 2081 3497; x_wconf 87' lang='lat' dir='ltr'><strong>sua</strong></span> 
     </span>
    </p>
   </div>
   <div class='ocr_carea' id='block_1_52' title="bbox 489 3535 2080 3605">
    <p class='ocr_par' dir='ltr' id='par_1_52' title="bbox 489 3535 2080 3605">
     <span class='ocr_line' id='line_1_52' title="bbox 489 3535 2080 3605; baseline -0.001 -14"><span class='ocrx_word' id='word_1_332' title='bbox 489 3553 652 3591; x_wconf 91' lang='lat' dir='ltr'><strong>manu</strong></span> <span class='ocrx_word' id='word_1_333' title='bbox 686 3536 1016 3605; x_wconf 90' lang='lat' dir='ltr'><strong>percutiens,</strong></span> <span class='ocrx_word' id='word_1_334' title='bbox 1065 3535 1351 3601; x_wconf 86' lang='lat' dir='ltr'><strong>interimit,</strong></span> <span class='ocrx_word' id='word_1_335' title='bbox 1395 3535 1679 3603; x_wconf 85' lang='lat' dir='ltr'><strong>utriusque</strong></span> <span class='ocrx_word' id='word_1_336' title='bbox 1729 3545 1891 3603; x_wconf 87' lang='lat' dir='ltr'><strong>caput</strong></span> <span class='ocrx_word' id='word_1_337' title='bbox 1925 3547 2080 3589; x_wconf 79' lang='lat' dir='ltr'><strong>extra</strong></span> 
     </span>
    </p>
   </div>
   <div class='ocr_carea' id='block_1_53' title="bbox 486 3628 2083 3699">
    <p class='ocr_par' dir='ltr' id='par_1_53' title="bbox 486 3628 2083 3699">
     <span class='ocr_line' id='line_1_53' title="bbox 486 3628 2083 3699; baseline -0.001 -15"><span class='ocrx_word' id='word_1_338' title='bbox 486 3630 872 3699; x_wconf 77' lang='lat' dir='ltr'><strong>Carthaginem</strong></span> <span class='ocrx_word' id='word_1_339' title='bbox 892 3629 1006 3698; x_wconf 70' lang='grc'><strong>(54)</strong></span> <span class='ocrx_word' id='word_1_340' title='bbox 1028 3629 1164 3697; x_wconf 88' lang='lat' dir='ltr'><strong>palis</strong></span> <span class='ocrx_word' id='word_1_341' title='bbox 1188 3628 1410 3680; x_wconf 75' lang='lat' dir='ltr'><strong>inﬁxum</strong></span> <span class='ocrx_word' id='word_1_342' title='bbox 1433 3644 1446 3680; x_wconf 91' lang='lat'><strong>:</strong></span> <span class='ocrx_word' id='word_1_343' title='bbox 1466 3629 1553 3680; x_wconf 89' lang='lat' dir='ltr'><strong>ubi</strong></span> <span class='ocrx_word' id='word_1_344' title='bbox 1573 3637 1621 3681; x_wconf 89' lang='lat' dir='ltr'><strong>et</strong></span> <span class='ocrx_word' id='word_1_345' title='bbox 1644 3628 1990 3681; x_wconf 80' lang='lat' dir='ltr'><strong>Constantini</strong></span> <span class='ocrx_word' id='word_1_346' title='bbox 2021 3643 2083 3683; x_wconf 87' lang='lat' dir='ltr'><strong>ac</strong></span> 
     </span>
    </p>
   </div>
   <div class='ocr_carea' id='block_1_54' title="bbox 488 3718 2079 3791">
    <p class='ocr_par' dir='ltr' id='par_1_54' title="bbox 488 3718 2079 3791">
     <span class='ocr_line' id='line_1_54' title="bbox 488 3718 2079 3791; baseline -0.001 -14"><span class='ocrx_word' id='word_1_347' title='bbox 488 3721 687 3777; x_wconf 74' lang='lat' dir='ltr'><strong>Iuliani</strong></span> <span class='ocrx_word' id='word_1_348' title='bbox 719 3733 876 3775; x_wconf 88' lang='lat' dir='ltr'><strong>antea</strong></span> <span class='ocrx_word' id='word_1_349' title='bbox 918 3733 1218 3781; x_wconf 87' lang='lat' dir='ltr'><strong>resectum;</strong></span> <span class='ocrx_word' id='word_1_350' title='bbox 1254 3718 1532 3776; x_wconf 61' lang='lat' dir='ltr'><strong>Maximini</strong></span> <span class='ocrx_word' id='word_1_351' title='bbox 1586 3722 1713 3775; x_wconf 89' lang='lat' dir='ltr'><strong>item</strong></span> <span class='ocrx_word' id='word_1_352' title='bbox 1745 3732 1797 3775; x_wconf 91' lang='lat' dir='ltr'><strong>et</strong></span> <span class='ocrx_word' id='word_1_353' title='bbox 1829 3721 2079 3791; x_wconf 81' lang='lat' dir='ltr'><strong>Eugenii,</strong></span> 
     </span>
    </p>
   </div>
   <div class='ocr_carea' id='block_1_55' title="bbox 491 3812 2080 3885">
    <p class='ocr_par' dir='ltr' id='par_1_55' title="bbox 491 3812 2080 3885">
     <span class='ocr_line' id='line_1_55' title="bbox 491 3812 2080 3885; baseline 0 -18"><span class='ocrx_word' id='word_1_354' title='bbox 491 3816 584 3883; x_wconf 84' lang='lat' dir='ltr'><strong>qui</strong></span> <span class='ocrx_word' id='word_1_355' title='bbox 623 3816 723 3868; x_wconf 87' lang='lat' dir='ltr'><strong>sub</strong></span> <span class='ocrx_word' id='word_1_356' title='bbox 759 3812 1065 3870; x_wconf 86' lang='lat' dir='ltr'><strong>Theodosio</strong></span> <span class='ocrx_word' id='word_1_357' title='bbox 1111 3829 1308 3881; x_wconf 79' lang='lat' dir='ltr'><strong>magno</strong></span> <span class='ocrx_word' id='word_1_358' title='bbox 1348 3814 1685 3885; x_wconf 86' lang='lat' dir='ltr'><strong>tyrannidem</strong></span> <span class='ocrx_word' id='word_1_359' title='bbox 1738 3813 2080 3880; x_wconf 78' lang='lat' dir='ltr'><strong>alIectantes,</strong></span> 
     </span>
    </p>
   </div>
   <div class='ocr_carea' id='block_1_56' title="bbox 489 3906 2084 3973">
    <p class='ocr_par' dir='ltr' id='par_1_56' title="bbox 489 3906 2084 3973">
     <span class='ocr_line' id='line_1_56' title="bbox 489 3906 2084 3973; baseline 0.002 -12"><span class='ocrx_word' id='word_1_360' title='bbox 489 3908 739 3961; x_wconf 90' lang='lat' dir='ltr'><strong>eumdem</strong></span> <span class='ocrx_word' id='word_1_361' title='bbox 801 3908 1191 3973; x_wconf 61' lang='lat' dir='ltr'><strong>suntlexitum</strong></span> <span class='ocrx_word' id='word_1_362' title='bbox 1236 3908 1440 3960; x_wconf 90' lang='lat' dir='ltr'><strong>sortiti.</strong></span> <span class='ocrx_word' id='word_1_363' title='bbox 1490 3906 1827 3961; x_wconf 83' lang='lat' dir='ltr'><strong>Postulatum</strong></span> <span class='ocrx_word' id='word_1_364' title='bbox 1882 3920 1967 3963; x_wconf 91' lang='lat' dir='ltr'><strong>est</strong></span> <span class='ocrx_word' id='word_1_365' title='bbox 2017 3911 2084 3964; x_wconf 91' lang='lat' dir='ltr'><strong>ab</strong></span> 
     </span>
    </p>
   </div>
   <div class='ocr_carea' id='block_1_57' title="bbox 492 3999 2082 4071">
    <p class='ocr_par' dir='ltr' id='par_1_57' title="bbox 492 3999 2082 4071">
     <span class='ocr_line' id='line_1_57' title="bbox 492 3999 2082 4071; baseline 0.003 -18"><span class='ocrx_word' id='word_1_366' title='bbox 492 4000 798 4069; x_wconf 84' lang='lat' dir='ltr'><strong>Adaulpho,</strong></span> <span class='ocrx_word' id='word_1_367' title='bbox 830 4000 1010 4054; x_wconf 91' lang='lat' dir='ltr'><strong>studio</strong></span> <span class='ocrx_word' id='word_1_368' title='bbox 1052 3999 1287 4052; x_wconf 81' lang='lat' dir='ltr'><strong>maxime</strong></span> <span class='ocrx_word' id='word_1_369' title='bbox 1314 3999 1619 4055; x_wconf 83' lang='lat' dir='ltr'><strong>Constantii</strong></span> <span class='ocrx_word' id='word_1_370' title='bbox 1672 4004 1788 4071; x_wconf 90' lang='lat' dir='ltr'><strong>ejus</strong></span> <span class='ocrx_word' id='word_1_371' title='bbox 1813 4004 1900 4071; x_wconf 89' lang='lat' dir='ltr'><strong>qui</strong></span> <span class='ocrx_word' id='word_1_372' title='bbox 1934 4002 2082 4057; x_wconf 88' lang='lat' dir='ltr'><strong>illam</strong></span> 
     </span>
    </p>
   </div>
   <div class='ocr_carea' id='block_1_58' title="bbox 496 4090 2083 4164">
    <p class='ocr_par' dir='ltr' id='par_1_58' title="bbox 496 4090 2083 4164">
     <span class='ocr_line' id='line_1_58' title="bbox 496 4090 2083 4164; baseline 0.005 -23"><span class='ocrx_word' id='word_1_373' title='bbox 496 4102 681 4157; x_wconf 88' lang='lat' dir='ltr'><strong>postea</strong></span> <span class='ocrx_word' id='word_1_374' title='bbox 720 4108 942 4146; x_wconf 82' lang='lat' dir='ltr'><strong>uxorem</strong></span> <span class='ocrx_word' id='word_1_375' title='bbox 976 4094 1151 4155; x_wconf 78' lang='lat' dir='ltr'><strong>duxit,</strong></span> <span class='ocrx_word' id='word_1_376' title='bbox 1184 4090 1481 4149; x_wconf 86' lang='lat' dir='ltr'><strong>Placidiam</strong></span> <span class='ocrx_word' id='word_1_377' title='bbox 1531 4109 1692 4164; x_wconf 88' lang='lat' dir='ltr'><strong>quam</strong></span> <span class='ocrx_word' id='word_1_378' title='bbox 1718 4095 1858 4163; x_wconf 89' lang='lat' dir='ltr'><strong>apud</strong></span> <span class='ocrx_word' id='word_1_379' title='bbox 1884 4111 1942 4149; x_wconf 90' lang='lat' dir='ltr'><strong>se</strong></span> <span class='ocrx_word' id='word_1_380' title='bbox 1972 4094 2083 4149; x_wconf 81' lang='lat' dir='ltr'><strong>Ro-</strong></span> 
     </span>
    </p>
   </div>
   <div class='ocr_carea' id='block_1_59' title="bbox 496 4186 2083 4252">
    <p class='ocr_par' dir='ltr' id='par_1_59' title="bbox 496 4186 2083 4252">
     <span class='ocr_line' id='line_1_59' title="bbox 496 4186 2083 4252; baseline 0.004 -18"><span class='ocrx_word' id='word_1_381' title='bbox 496 4198 597 4236; x_wconf 65' lang='lat' dir='ltr'><strong>ma;</strong></span> <span class='ocrx_word' id='word_1_382' title='bbox 629 4195 840 4252; x_wconf 79' lang='lat' dir='ltr'><strong>captain</strong></span> <span class='ocrx_word' id='word_1_383' title='bbox 875 4186 1123 4251; x_wconf 80' lang='lat' dir='ltr'><strong>habebat,</strong></span> <span class='ocrx_word' id='word_1_384' title='bbox 1173 4187 1416 4241; x_wconf 88' lang='lat' dir='ltr'><strong>Honorio</strong></span> <span class='ocrx_word' id='word_1_385' title='bbox 1468 4188 1625 4241; x_wconf 88' lang='lat' dir='ltr'><strong>l&#39;ratri</strong></span> <span class='ocrx_word' id='word_1_386' title='bbox 1687 4197 1745 4239; x_wconf 90' lang='lat' dir='ltr'><strong>ut</strong></span> <span class='ocrx_word' id='word_1_387' title='bbox 1806 4186 2083 4241; x_wconf 87' lang='lat' dir='ltr'><strong>redderet.</strong></span> 
     </span>
    </p>
   </div>
   <div class='ocr_carea' id='block_1_60' title="bbox 496 4274 2083 4348">
    <p class='ocr_par' dir='ltr' id='par_1_60' title="bbox 496 4274 2083 4348">
     <span class='ocr_line' id='line_1_60' title="bbox 496 4274 2083 4348; baseline 0.001 -19"><span class='ocrx_word' id='word_1_388' title='bbox 496 4274 601 4330; x_wconf 88' lang='lat' dir='ltr'><strong>Sed</strong></span> <span class='ocrx_word' id='word_1_389' title='bbox 631 4277 776 4345; x_wconf 90' lang='lat' dir='ltr'><strong>quod</strong></span> <span class='ocrx_word' id='word_1_390' title='bbox 809 4278 1094 4348; x_wconf 84' lang='lat' dir='ltr'><strong>Adaulpho</strong></span> <span class='ocrx_word' id='word_1_391' title='bbox 1119 4280 1410 4348; x_wconf 89' lang='lat' dir='ltr'><strong>promissa,</strong></span> <span class='ocrx_word' id='word_1_392' title='bbox 1437 4279 1736 4348; x_wconf 46' lang='lat' dir='ltr'><strong>praesertim</strong></span> <span class='ocrx_word' id='word_1_393' title='bbox 1765 4279 1830 4335; x_wconf 92' lang='lat' dir='ltr'><strong>de</strong></span> <span class='ocrx_word' id='word_1_394' title='bbox 1849 4278 2083 4333; x_wconf 90' lang='lat' dir='ltr'><strong>curanda</strong></span> 
     </span>
    </p>
   </div>
   <div class='ocr_carea' id='block_1_61' title="bbox 2179 1964 3733 2036">
    <p class='ocr_par' dir='ltr' id='par_1_61' title="bbox 2179 1964 3733 2036">
     <span class='ocr_line' id='line_1_61' title="bbox 2179 1964 3733 2036; baseline 0.005 -19"><span class='ocrx_word' id='word_1_395' title='bbox 2179 1981 2279 2035; x_wconf 83' lang='grc' dir='ltr'><strong>της</strong></span> <span class='ocrx_word' id='word_1_396' title='bbox 2330 1964 2544 2029; x_wconf 78' lang='grc' dir='ltr'>τοξείας</span> <span class='ocrx_word' id='word_1_397' title='bbox 2575 2005 2590 2027; x_wconf 92' lang='grc'><strong>,</strong></span> <span class='ocrx_word' id='word_1_398' title='bbox 2638 1967 2731 2017; x_wconf 71' lang='grc' dir='ltr'><strong>καὶ</strong></span> <span class='ocrx_word' id='word_1_399' title='bbox 2771 1966 2847 2028; x_wconf 85' lang='grc' dir='ltr'><strong>ὡς</strong></span> <span class='ocrx_word' id='word_1_400' title='bbox 2898 1966 3032 2036; x_wconf 85' lang='grc' dir='ltr'>πρὸς</span> <span class='ocrx_word' id='word_1_401' title='bbox 3077 1967 3277 2029; x_wconf 78' lang='grc' dir='ltr'>αὐτοὺς</span> <span class='ocrx_word' id='word_1_402' title='bbox 3331 1968 3425 2019; x_wconf 81' lang='grc' dir='ltr'><strong>καὶ</strong></span> <span class='ocrx_word' id='word_1_403' title='bbox 3473 1972 3733 2025; x_wconf 79' lang='grc' dir='ltr'>Δονάτονό</span> 
     </span>
    </p>
   </div>
   <div class='ocr_carea' id='block_1_62' title="bbox 2183 2058 3733 2130">
    <p class='ocr_par' dir='ltr' id='par_1_62' title="bbox 2183 2058 3733 2130">
     <span class='ocr_line' id='line_1_62' title="bbox 2183 2058 3733 2130; baseline 0.004 -21"><span class='ocrx_word' id='word_1_404' title='bbox 2183 2058 2453 2127; x_wconf 70' lang='grc' dir='ltr'>ἱστορικὸς</span> <span class='ocrx_word' id='word_1_405' title='bbox 2487 2058 2846 2127; x_wconf 79' lang='grc' dir='ltr'>ὲπρέσδευσε’</span> <span class='ocrx_word' id='word_1_406' title='bbox 2876 2060 2970 2111; x_wconf 72' lang='grc' dir='ltr'><strong>καὶ</strong></span> <span class='ocrx_word' id='word_1_407' title='bbox 3013 2059 3230 2128; x_wconf 76' lang='grc' dir='ltr'>τὴνδιὰ</span> <span class='ocrx_word' id='word_1_408' title='bbox 3274 2060 3547 2130; x_wconf 86' lang='grc' dir='ltr'>θαλάσσης</span> <span class='ocrx_word' id='word_1_409' title='bbox 3589 2064 3733 2115; x_wconf 83' lang='grc' dir='ltr'>αὑτοῦ</span> 
     </span>
    </p>
   </div>
   <div class='ocr_carea' id='block_1_63' title="bbox 2181 2148 3734 2223">
    <p class='ocr_par' dir='ltr' id='par_1_63' title="bbox 2181 2148 3734 2223">
     <span class='ocr_line' id='line_1_63' title="bbox 2181 2148 3734 2223; baseline 0.004 -23"><span class='ocrx_word' id='word_1_410' title='bbox 2181 2148 2393 2219; x_wconf 79' lang='grc' dir='ltr'><strong>πλάνην</strong></span> <span class='ocrx_word' id='word_1_411' title='bbox 2415 2150 2748 2218; x_wconf 71' lang='grc' dir='ltr'>ἐκτραγῳδεῖ</span> <span class='ocrx_word' id='word_1_412' title='bbox 2777 2150 2869 2202; x_wconf 71' lang='grc' dir='ltr'><strong>καὶ</strong></span> <span class='ocrx_word' id='word_1_413' title='bbox 2898 2150 2987 2202; x_wconf 83' lang='grc' dir='ltr'>τὸν</span> <span class='ocrx_word' id='word_1_414' title='bbox 3014 2151 3277 2205; x_wconf 81' lang='grc' dir='ltr'>κίνδυνον.</span> <span class='ocrx_word' id='word_1_415' title='bbox 3308 2153 3416 2205; x_wconf 82' lang='lat' dir='ltr'><strong>Kal.</strong></span> <span class='ocrx_word' id='word_1_416' title='bbox 3441 2154 3585 2215; x_wconf 81' lang='grc' dir='ltr'>ὅπως</span> <span class='ocrx_word' id='word_1_417' title='bbox 3609 2155 3734 2223; x_wconf 84' lang='grc' dir='ltr'><strong>ὅρκῳ</strong></span> 
     </span>
    </p>
   </div>
   <div class='ocr_carea' id='block_1_64' title="bbox 2180 2241 3733 2312">
    <p class='ocr_par' dir='ltr' id='par_1_64' title="bbox 2180 2241 3733 2312">
     <span class='ocr_line' id='line_1_64' title="bbox 2180 2241 3733 2312; baseline 0.003 -20"><span class='ocrx_word' id='word_1_418' title='bbox 2180 2241 2410 2303; x_wconf 87' lang='grc' dir='ltr'>Δονάτος</span> <span class='ocrx_word' id='word_1_419' title='bbox 2466 2241 2772 2310; x_wconf 78' lang='grc' dir='ltr'>ἀπατηθεὶς</span> <span class='ocrx_word' id='word_1_420' title='bbox 2822 2242 3107 2312; x_wconf 86' lang='grc' dir='ltr'>ἐκθέσμως</span> <span class='ocrx_word' id='word_1_421' title='bbox 3176 2245 3587 2312; x_wconf 78' lang='grc' dir='ltr'>ἀποσφάζεται,</span> <span class='ocrx_word' id='word_1_422' title='bbox 3656 2247 3733 2297; x_wconf 73' lang='grc' dir='ltr'>καὶ</span> 
     </span>
    </p>
   </div>
   <div class='ocr_carea' id='block_1_65' title="bbox 2180 2332 3732 2405">
    <p class='ocr_par' dir='ltr' id='par_1_65' title="bbox 2180 2332 3732 2405">
     <span class='ocr_line' id='line_1_65' title="bbox 2180 2332 3732 2405; baseline 0.003 -21"><span class='ocrx_word' id='word_1_423' title='bbox 2180 2332 2330 2395; x_wconf 87' lang='grc' dir='ltr'>ὃπως</span> <span class='ocrx_word' id='word_1_424' title='bbox 2354 2333 2623 2399; x_wconf 84' lang='grc' dir='ltr'>Χαράτων</span> <span class='ocrx_word' id='word_1_425' title='bbox 2653 2336 2680 2386; x_wconf 90' lang='grc' dir='ltr'>ὁ</span> <span class='ocrx_word' id='word_1_426' title='bbox 2709 2334 2816 2386; x_wconf 85' lang='grc' dir='ltr'>τῶν</span> <span class='ocrx_word' id='word_1_427' title='bbox 2842 2336 3027 2404; x_wconf 79' lang='grc' dir='ltr'><strong>ρηγῶν</strong></span> <span class='ocrx_word' id='word_1_428' title='bbox 3052 2335 3269 2405; x_wconf 83' lang='grc' dir='ltr'>πρῶτος</span> <span class='ocrx_word' id='word_1_429' title='bbox 3297 2336 3390 2387; x_wconf 70' lang='grc' dir='ltr'>ἐπὶ</span> <span class='ocrx_word' id='word_1_430' title='bbox 3409 2337 3484 2404; x_wconf 81' lang='grc' dir='ltr'>τῷ</span> <span class='ocrx_word' id='word_1_431' title='bbox 3512 2338 3647 2405; x_wconf 83' lang='grc' dir='ltr'><strong>φόνῳ</strong></span> <span class='ocrx_word' id='word_1_432' title='bbox 3668 2340 3732 2398; x_wconf 84' lang='grc' dir='ltr'>εἰς</span> 
     </span>
    </p>
   </div>
   <div class='ocr_carea' id='block_1_66' title="bbox 2182 2421 3734 2495">
    <p class='ocr_par' dir='ltr' id='par_1_66' title="bbox 2182 2421 3734 2495">
     <span class='ocr_line' id='line_1_66' title="bbox 2182 2421 3734 2495; baseline 0.003 -22"><span class='ocrx_word' id='word_1_433' title='bbox 2182 2421 2355 2491; x_wconf 80' lang='grc' dir='ltr'>θυμὸν</span> <span class='ocrx_word' id='word_1_434' title='bbox 2385 2422 2712 2483; x_wconf 81' lang='grc' dir='ltr'>άνὰπτεται,</span> <span class='ocrx_word' id='word_1_435' title='bbox 2740 2425 2887 2486; x_wconf 84' lang='grc' dir='ltr'>ὅπως</span> <span class='ocrx_word' id='word_1_436' title='bbox 2924 2441 2983 2477; x_wconf 87' lang='grc' dir='ltr'><strong>τε</strong></span> <span class='ocrx_word' id='word_1_437' title='bbox 3016 2425 3177 2478; x_wconf 87' lang='grc' dir='ltr'>πάλιν</span> <span class='ocrx_word' id='word_1_438' title='bbox 3220 2424 3519 2495; x_wconf 78' lang='grc' dir='ltr'>βασιλικοῖς</span> <span class='ocrx_word' id='word_1_439' title='bbox 3566 2426 3734 2495; x_wconf 81' lang='grc' dir='ltr'>δώροις</span> 
     </span>
    </p>
   </div>
   <div class='ocr_carea' id='block_1_67' title="bbox 2179 2511 3736 2588">
    <p class='ocr_par' dir='ltr' id='par_1_67' title="bbox 2179 2511 3736 2588">
     <span class='ocr_line' id='line_1_67' title="bbox 2179 2511 3736 2588; baseline 0.002 -24"><span class='ocrx_word' id='word_1_440' title='bbox 2179 2511 2576 2583; x_wconf 84' lang='grc' dir='ltr'>διαπραΰνεται</span> <span class='ocrx_word' id='word_1_441' title='bbox 2614 2516 2708 2567; x_wconf 82' lang='grc' dir='ltr'>καὶ</span> <span class='ocrx_word' id='word_1_442' title='bbox 2734 2516 3015 2587; x_wconf 78' lang='grc' dir='ltr'><strong>ἡσυχάζει·</strong></span> <span class='ocrx_word' id='word_1_443' title='bbox 3051 2517 3111 2569; x_wconf 78' lang='grc' dir='ltr'><strong>ὲν</strong></span> <span class='ocrx_word' id='word_1_444' title='bbox 3147 2512 3228 2579; x_wconf 77' lang='grc' dir='ltr'>οἷς</span> <span class='ocrx_word' id='word_1_445' title='bbox 3256 2518 3410 2588; x_wconf 81' lang='grc' dir='ltr'><strong>καὶὴ</strong></span> <span class='ocrx_word' id='word_1_446' title='bbox 3447 2516 3628 2587; x_wconf 82' lang='grc' dir='ltr'>πρώτη</span> <span class='ocrx_word' id='word_1_447' title='bbox 3655 2518 3736 2585; x_wconf 74' lang='grc' dir='ltr'>τῆς</span> 
     </span>
    </p>
   </div>
   <div class='ocr_carea' id='block_1_68' title="bbox 2184 2604 2767 2675">
    <p class='ocr_par' dir='ltr' id='par_1_68' title="bbox 2184 2604 2767 2675">
     <span class='ocr_line' id='line_1_68' title="bbox 2184 2604 2767 2675; baseline 0.007 -18"><span class='ocrx_word' id='word_1_448' title='bbox 2184 2604 2427 2674; x_wconf 74' lang='grc' dir='ltr'>ἱστορίας</span> <span class='ocrx_word' id='word_1_449' title='bbox 2453 2607 2767 2675; x_wconf 79' lang='grc' dir='ltr'>δεκάλογος.</span> 
     </span>
    </p>
   </div>
   <div class='ocr_carea' id='block_1_69' title="bbox 2256 2696 3736 2774">
    <p class='ocr_par' dir='ltr' id='par_1_69' title="bbox 2256 2696 3736 2774">
     <span class='ocr_line' id='line_1_69' title="bbox 2256 2696 3736 2774; baseline 0.004 -25"><span class='ocrx_word' id='word_1_450' title='bbox 2256 2698 2517 2769; x_wconf 82' lang='grc' dir='ltr'><strong>¹’Δρχεται</strong></span> <span class='ocrx_word' id='word_1_451' title='bbox 2550 2699 2605 2751; x_wconf 81' lang='grc' dir='ltr'>δὲ</span> <span class='ocrx_word' id='word_1_452' title='bbox 2634 2702 2666 2766; x_wconf 80' lang='grc' dir='ltr'><strong>ὴ</strong></span> <span class='ocrx_word' id='word_1_453' title='bbox 2701 2699 2930 2774; x_wconf 88' lang='grc' dir='ltr'>δευτέρα</span> <span class='ocrx_word' id='word_1_454' title='bbox 2973 2696 3097 2766; x_wconf 82' lang='grc' dir='ltr'>ὧδε,</span> <span class='ocrx_word' id='word_1_455' title='bbox 3140 2703 3224 2755; x_wconf 85' lang='grc' dir='ltr'><strong>δτι</strong></span> <span class='ocrx_word' id='word_1_456' title='bbox 3270 2703 3489 2767; x_wconf 79' lang='grc' dir='ltr'>Ἰοδῖνος</span> <span class='ocrx_word' id='word_1_457' title='bbox 3525 2704 3568 2735; x_wconf 85' lang='grc'>⁸⁸</span> <span class='ocrx_word' id='word_1_458' title='bbox 3608 2705 3736 2773; x_wconf 68' lang='grc' dir='ltr'>παρὰ</span> 
     </span>
    </p>
   </div>
   <div class='ocr_carea' id='block_1_70' title="bbox 2180 2790 3734 2863">
    <p class='ocr_par' dir='ltr' id='par_1_70' title="bbox 2180 2790 3734 2863">
     <span class='ocr_line' id='line_1_70' title="bbox 2180 2790 3734 2863; baseline 0.003 -21"><span class='ocrx_word' id='word_1_459' title='bbox 2180 2790 2408 2860; x_wconf 83' lang='grc' dir='ltr'><strong>γνώμην</strong></span> <span class='ocrx_word' id='word_1_460' title='bbox 2452 2792 2780 2861; x_wconf 67' lang='grc' dir='ltr'>Ἀδαοὺλφου</span> <span class='ocrx_word' id='word_1_461' title='bbox 2806 2796 2899 2847; x_wconf 82' lang='grc' dir='ltr'><strong>τὸν</strong></span> <span class='ocrx_word' id='word_1_462' title='bbox 2922 2796 3053 2849; x_wconf 77' lang='grc' dir='ltr'>[διον</span> <span class='ocrx_word' id='word_1_463' title='bbox 3087 2796 3319 2863; x_wconf 85' lang='grc' dir='ltr'>ἀδελφὸν</span> <span class='ocrx_word' id='word_1_464' title='bbox 3341 2796 3734 2849; x_wconf 82' lang='grc' dir='ltr'>Σεδαστιανὸν⁵’</span> 
     </span>
    </p>
   </div>
   <div class='ocr_carea' id='block_1_71' title="bbox 2183 2881 3734 2958">
    <p class='ocr_par' dir='ltr' id='par_1_71' title="bbox 2183 2881 3734 2958">
     <span class='ocr_line' id='line_1_71' title="bbox 2183 2881 3734 2958; baseline 0.001 -24"><span class='ocrx_word' id='word_1_465' title='bbox 2183 2881 2411 2951; x_wconf 80' lang='grc' dir='ltr'>βασιλέα</span> <span class='ocrx_word' id='word_1_466' title='bbox 2432 2887 2822 2954; x_wconf 83' lang='grc' dir='ltr'>χειροτονήσας</span> <span class='ocrx_word' id='word_1_467' title='bbox 2840 2888 2922 2951; x_wconf 88' lang='grc' dir='ltr'><strong>είς</strong></span> <span class='ocrx_word' id='word_1_468' title='bbox 2946 2887 3148 2958; x_wconf 78' lang='grc' dir='ltr'>ἔχθραν</span> <span class='ocrx_word' id='word_1_469' title='bbox 3174 2888 3486 2958; x_wconf 82' lang='grc' dir='ltr'>’Λδαοὺλφῳ</span> <span class='ocrx_word' id='word_1_470' title='bbox 3502 2888 3734 2954; x_wconf 83' lang='grc' dir='ltr'>κατέστη.</span> 
     </span>
    </p>
   </div>
   <div class='ocr_carea' id='block_1_72' title="bbox 2180 2974 3735 3050">
    <p class='ocr_par' dir='ltr' id='par_1_72' title="bbox 2180 2974 3735 3050">
     <span class='ocr_line' id='line_1_72' title="bbox 2180 2974 3735 3050; baseline 0.001 -24"><span class='ocrx_word' id='word_1_471' title='bbox 2180 2974 2294 3027; x_wconf 78' lang='grc' dir='ltr'>Καὶ</span> <span class='ocrx_word' id='word_1_472' title='bbox 2340 2974 2550 3044; x_wconf 80' lang='grc' dir='ltr'>πέμπει</span> <span class='ocrx_word' id='word_1_473' title='bbox 2609 2977 2938 3046; x_wconf 80' lang='grc' dir='ltr'>Ἀδαοῦλφος</span> <span class='ocrx_word' id='word_1_474' title='bbox 2998 2982 3136 3049; x_wconf 88' lang='grc' dir='ltr'>πρὸς</span> <span class='ocrx_word' id='word_1_475' title='bbox 3196 2979 3458 3049; x_wconf 85' lang='grc' dir='ltr'>Ὀνώριον</span> <span class='ocrx_word' id='word_1_476' title='bbox 3506 2978 3624 3050; x_wconf 78' lang='grc'><strong>[185</strong></span> <span class='ocrx_word' id='word_1_477' title='bbox 3656 2974 3735 3046; x_wconf 69' lang='lat'><strong>[1.]</strong></span> 
     </span>
    </p>
   </div>
   <div class='ocr_carea' id='block_1_73' title="bbox 2182 3065 3737 3142">
    <p class='ocr_par' dir='ltr' id='par_1_73' title="bbox 2182 3065 3737 3142">
     <span class='ocr_line' id='line_1_73' title="bbox 2182 3065 3737 3142; baseline 0.002 -25"><span class='ocrx_word' id='word_1_478' title='bbox 2182 3065 2465 3135; x_wconf 77' lang='grc' dir='ltr'>πρέσϐεις,</span> <span class='ocrx_word' id='word_1_479' title='bbox 2495 3066 2866 3139; x_wconf 78' lang='grc' dir='ltr'>ὑποσχόμενος</span> <span class='ocrx_word' id='word_1_480' title='bbox 2889 3071 2986 3132; x_wconf 85' lang='grc' dir='ltr'><strong>τάς</strong></span> <span class='ocrx_word' id='word_1_481' title='bbox 3003 3087 3060 3123; x_wconf 92' lang='grc' dir='ltr'><strong>τε</strong></span> <span class='ocrx_word' id='word_1_482' title='bbox 3084 3070 3190 3123; x_wconf 84' lang='grc' dir='ltr'><strong>τῶν</strong></span> <span class='ocrx_word' id='word_1_483' title='bbox 3214 3072 3496 3142; x_wconf 89' lang='grc' dir='ltr'>τυράννων</span> <span class='ocrx_word' id='word_1_484' title='bbox 3522 3069 3737 3137; x_wconf 76' lang='grc' dir='ltr'>κεφαλάς</span> 
     </span>
    </p>
   </div>
   <div class='ocr_carea' id='block_1_74' title="bbox 2182 3156 3737 3234">
    <p class='ocr_par' dir='ltr' id='par_1_74' title="bbox 2182 3156 3737 3234">
     <span class='ocr_line' id='line_1_74' title="bbox 2182 3156 3737 3234; baseline 0.001 -24"><span class='ocrx_word' id='word_1_485' title='bbox 2182 3158 2281 3211; x_wconf 78' lang='grc' dir='ltr'>καὶ</span> <span class='ocrx_word' id='word_1_486' title='bbox 2329 3161 2555 3231; x_wconf 75' lang='grc' dir='ltr'>εἰρήνην</span> <span class='ocrx_word' id='word_1_487' title='bbox 2606 3162 2781 3229; x_wconf 79' lang='grc' dir='ltr'>ἄγειν.</span> <span class='ocrx_word' id='word_1_488' title='bbox 2819 3156 2919 3215; x_wconf 81' lang='grc' dir='ltr'>Ὧν</span> <span class='ocrx_word' id='word_1_489' title='bbox 2968 3163 3430 3234; x_wconf 76' lang='grc' dir='ltr'>ὑποστρεψάντων</span> <span class='ocrx_word' id='word_1_490' title='bbox 3466 3165 3554 3217; x_wconf 78' lang='grc' dir='ltr'>καὶ</span> <span class='ocrx_word' id='word_1_491' title='bbox 3584 3164 3737 3232; x_wconf 85' lang='grc' dir='ltr'>ὅρκων</span> 
     </span>
    </p>
   </div>
   <div class='ocr_carea' id='block_1_75' title="bbox 2187 3256 3738 3329">
    <p class='ocr_par' dir='ltr' id='par_1_75' title="bbox 2187 3256 3738 3329">
     <span class='ocr_line' id='line_1_75' title="bbox 2187 3256 3738 3329; baseline 0.001 -24"><span class='ocrx_word' id='word_1_492' title='bbox 2187 3256 2627 3324; x_wconf 89' lang='grc' dir='ltr'>μεσιτευσάντων</span> <span class='ocrx_word' id='word_1_493' title='bbox 2653 3256 3019 3311; x_wconf 82' lang='grc' dir='ltr'>Σεδαστιανοῦ</span> <span class='ocrx_word' id='word_1_494' title='bbox 3049 3261 3147 3327; x_wconf 74' lang='grc' dir='ltr'>μὲν</span> <span class='ocrx_word' id='word_1_495' title='bbox 3190 3260 3471 3329; x_wconf 85' lang='grc' dir='ltr'>πέμπεται</span> <span class='ocrx_word' id='word_1_496' title='bbox 3494 3258 3567 3327; x_wconf 80' lang='grc' dir='ltr'>τῷ</span> <span class='ocrx_word' id='word_1_497' title='bbox 3603 3257 3738 3327; x_wconf 77' lang='grc' dir='ltr'>βασιο</span> 
     </span>
    </p>
   </div>
   <div class='ocr_carea' id='block_1_76' title="bbox 2184 3347 3740 3423">
    <p class='ocr_par' dir='ltr' id='par_1_76' title="bbox 2184 3347 3740 3423">
     <span class='ocr_line' id='line_1_76' title="bbox 2184 3347 3740 3423; baseline 0 -24"><span class='ocrx_word' id='word_1_498' title='bbox 2184 3347 2268 3399; x_wconf 80' lang='grc' dir='ltr'><strong>λεί</strong></span> <span class='ocrx_word' id='word_1_499' title='bbox 2298 3348 2329 3417; x_wconf 77' lang='grc' dir='ltr'>ἡ</span> <span class='ocrx_word' id='word_1_500' title='bbox 2364 3349 2597 3419; x_wconf 81' lang='grc' dir='ltr'>κεφαλὴ,</span> <span class='ocrx_word' id='word_1_501' title='bbox 2634 3350 2848 3413; x_wconf 82' lang='grc' dir='ltr'>Ἰοϐἶνος</span> <span class='ocrx_word' id='word_1_502' title='bbox 2872 3352 2928 3404; x_wconf 83' lang='grc' dir='ltr'>δὲ</span> <span class='ocrx_word' id='word_1_503' title='bbox 2959 3353 3063 3405; x_wconf 86' lang='grc' dir='ltr'><strong>ὑπὸ</strong></span> <span class='ocrx_word' id='word_1_504' title='bbox 3098 3352 3428 3423; x_wconf 81' lang='grc' dir='ltr'>Ἀδαούλφου</span> <span class='ocrx_word' id='word_1_505' title='bbox 3453 3349 3740 3420; x_wconf 81' lang='grc' dir='ltr'>πολιορκού-</span> 
     </span>
    </p>
   </div>
   <div class='ocr_carea' id='block_1_77' title="bbox 2187 3438 3737 3514">
    <p class='ocr_par' dir='ltr' id='par_1_77' title="bbox 2187 3438 3737 3514">
     <span class='ocr_line' id='line_1_77' title="bbox 2187 3438 3737 3514; baseline 0.002 -24"><span class='ocrx_word' id='word_1_506' title='bbox 2187 3455 2349 3508; x_wconf 88' lang='grc' dir='ltr'>μενος</span> <span class='ocrx_word' id='word_1_507' title='bbox 2380 3441 2572 3493; x_wconf 77' lang='grc' dir='ltr'>έαυτὸν</span> <span class='ocrx_word' id='word_1_508' title='bbox 2616 3443 2886 3496; x_wconf 75' lang='grc' dir='ltr'>ἐκδίδωσι.</span> <span class='ocrx_word' id='word_1_509' title='bbox 2923 3446 3034 3497; x_wconf 88' lang='lat' dir='ltr'><strong>Kal.</strong></span> <span class='ocrx_word' id='word_1_510' title='bbox 3079 3446 3362 3514; x_wconf 76' lang='grc' dir='ltr'>πέμπεται</span> <span class='ocrx_word' id='word_1_511' title='bbox 3400 3447 3637 3505; x_wconf 84' lang='grc' dir='ltr'>κάκεῖνος</span> <span class='ocrx_word' id='word_1_512' title='bbox 3671 3438 3737 3509; x_wconf 80' lang='grc' dir='ltr'><strong>τῷ</strong></span> 
     </span>
    </p>
   </div>
   <div class='ocr_carea' id='block_1_78' title="bbox 2186 3530 3738 3609">
    <p class='ocr_par' dir='ltr' id='par_1_78' title="bbox 2186 3530 3738 3609">
     <span class='ocr_line' id='line_1_78' title="bbox 2186 3530 3738 3609; baseline 0 -26"><span class='ocrx_word' id='word_1_513' title='bbox 2186 3530 2418 3602; x_wconf 84' lang='grc' dir='ltr'>βασιλεῖ,</span> <span class='ocrx_word' id='word_1_514' title='bbox 2442 3532 2501 3586; x_wconf 81' lang='grc' dir='ltr'>ὃν</span> <span class='ocrx_word' id='word_1_515' title='bbox 2529 3535 2867 3606; x_wconf 84' lang='grc' dir='ltr'>αὑοεντήσας</span> <span class='ocrx_word' id='word_1_516' title='bbox 2900 3537 3169 3608; x_wconf 86' lang='grc' dir='ltr'>Δάρδανος</span> <span class='ocrx_word' id='word_1_517' title='bbox 3195 3541 3222 3588; x_wconf 80' lang='grc' dir='ltr'>ὁ</span> <span class='ocrx_word' id='word_1_518' title='bbox 3256 3540 3498 3609; x_wconf 77' lang='grc' dir='ltr'>ἔπαρχος</span> <span class='ocrx_word' id='word_1_519' title='bbox 3529 3535 3738 3604; x_wconf 78' lang='grc' dir='ltr'>ἀναιρείο</span> 
     </span>
    </p>
   </div>
   <div class='ocr_carea' id='block_1_79' title="bbox 2186 3626 3736 3703">
    <p class='ocr_par' dir='ltr' id='par_1_79' title="bbox 2186 3626 3736 3703">
     <span class='ocr_line' id='line_1_79' title="bbox 2186 3626 3736 3703; baseline 0.003 -26"><span class='ocrx_word' id='word_1_520' title='bbox 2186 3627 2280 3678; x_wconf 76' lang='grc' dir='ltr'><strong>καὶ</strong></span> <span class='ocrx_word' id='word_1_521' title='bbox 2311 3626 2660 3680; x_wconf 82' lang='grc' dir='ltr'>ἀποτίθενται</span> <span class='ocrx_word' id='word_1_522' title='bbox 2712 3630 2880 3697; x_wconf 74' lang='grc' dir='ltr'>ἄμφω</span> <span class='ocrx_word' id='word_1_523' title='bbox 2938 3633 2994 3683; x_wconf 79' lang='lat' dir='ltr'><strong>ai</strong></span> <span class='ocrx_word' id='word_1_524' title='bbox 3050 3632 3291 3700; x_wconf 77' lang='grc' dir='ltr'>κεφαλαὶ</span> <span class='ocrx_word' id='word_1_525' title='bbox 3344 3626 3736 3703; x_wconf 76' lang='grc' dir='ltr'>Καρθαγένης⁶⁰</span> 
     </span>
    </p>
   </div>
   <div class='ocr_carea' id='block_1_80' title="bbox 2185 3717 3737 3793">
    <p class='ocr_par' dir='ltr' id='par_1_80' title="bbox 2185 3717 3737 3793">
     <span class='ocr_line' id='line_1_80' title="bbox 2185 3717 3737 3793; baseline -0.001 -23"><span class='ocrx_word' id='word_1_526' title='bbox 2185 3717 2418 3783; x_wconf 75' lang='grc' dir='ltr'>ἔξωθεν,</span> <span class='ocrx_word' id='word_1_527' title='bbox 2445 3719 2575 3772; x_wconf 75' lang='grc' dir='ltr'>ἔνθα</span> <span class='ocrx_word' id='word_1_528' title='bbox 2608 3722 2701 3773; x_wconf 68' lang='grc' dir='ltr'><strong>καὶ</strong></span> <span class='ocrx_word' id='word_1_529' title='bbox 2731 3724 2764 3792; x_wconf 86' lang='grc' dir='ltr'><strong>ἡ</strong></span> <span class='ocrx_word' id='word_1_530' title='bbox 2808 3724 3219 3775; x_wconf 79' lang='grc' dir='ltr'>Κωνσταντὶνου</span> <span class='ocrx_word' id='word_1_531' title='bbox 3258 3725 3355 3777; x_wconf 75' lang='grc' dir='ltr'><strong>καὶ</strong></span> <span class='ocrx_word' id='word_1_532' title='bbox 3396 3727 3426 3793; x_wconf 88' lang='grc' dir='ltr'>ή</span> <span class='ocrx_word' id='word_1_533' title='bbox 3478 3717 3737 3774; x_wconf 82' lang='grc' dir='ltr'>Ἰουλιανοῦ</span> 
     </span>
    </p>
   </div>
   <div class='ocr_carea' id='block_1_81' title="bbox 2186 3810 3738 3884">
    <p class='ocr_par' dir='ltr' id='par_1_81' title="bbox 2186 3810 3738 3884">
     <span class='ocr_line' id='line_1_81' title="bbox 2186 3810 3738 3884; baseline -0.005 -18"><span class='ocrx_word' id='word_1_534' title='bbox 2186 3812 2586 3883; x_wconf 87' lang='grc' dir='ltr'>ἀπετμήθησαν</span> <span class='ocrx_word' id='word_1_535' title='bbox 2619 3812 2907 3883; x_wconf 83' lang='grc' dir='ltr'>πρότερον,</span> <span class='ocrx_word' id='word_1_536' title='bbox 2929 3816 2964 3884; x_wconf 80' lang='grc' dir='ltr'>ἥ</span> <span class='ocrx_word' id='word_1_537' title='bbox 3001 3832 3057 3866; x_wconf 89' lang='grc' dir='ltr'><strong>τε</strong></span> <span class='ocrx_word' id='word_1_538' title='bbox 3079 3815 3389 3884; x_wconf 81' lang='grc' dir='ltr'>Μαξιμίνου</span> <span class='ocrx_word' id='word_1_539' title='bbox 3422 3814 3513 3866; x_wconf 80' lang='grc' dir='ltr'>καὶ</span> <span class='ocrx_word' id='word_1_540' title='bbox 3538 3814 3568 3878; x_wconf 87' lang='grc' dir='ltr'>ἡ</span> <span class='ocrx_word' id='word_1_541' title='bbox 3595 3810 3738 3875; x_wconf 79' lang='grc' dir='ltr'>Εὐγε-</span> 
     </span>
    </p>
   </div>
   <div class='ocr_carea' id='block_1_82' title="bbox 2186 3900 3740 3978">
    <p class='ocr_par' dir='ltr' id='par_1_82' title="bbox 2186 3900 3740 3978">
     <span class='ocr_line' id='line_1_82' title="bbox 2186 3900 3740 3978; baseline -0.004 -21"><span class='ocrx_word' id='word_1_542' title='bbox 2186 3904 2324 3967; x_wconf 90' lang='grc' dir='ltr'>νίου,</span> <span class='ocrx_word' id='word_1_543' title='bbox 2366 3902 2414 3956; x_wconf 83' lang='grc' dir='ltr'>οἳ</span> <span class='ocrx_word' id='word_1_544' title='bbox 2435 3906 2525 3956; x_wconf 78' lang='grc' dir='ltr'><strong>ἐπὶ</strong></span> <span class='ocrx_word' id='word_1_545' title='bbox 2554 3905 2836 3958; x_wconf 84' lang='grc' dir='ltr'>Θεοδοσίου</span> <span class='ocrx_word' id='word_1_546' title='bbox 2867 3907 2959 3959; x_wconf 84' lang='grc' dir='ltr'>τοῦ</span> <span class='ocrx_word' id='word_1_547' title='bbox 2983 3908 3240 3976; x_wconf 84' lang='grc' dir='ltr'>Μεγάλου</span> <span class='ocrx_word' id='word_1_548' title='bbox 3271 3905 3551 3978; x_wconf 81' lang='grc' dir='ltr'>τυραννίδι</span> <span class='ocrx_word' id='word_1_549' title='bbox 3577 3900 3740 3954; x_wconf 81' lang='grc' dir='ltr'>ἐπιθέ-</span> 
     </span>
    </p>
   </div>
   <div class='ocr_carea' id='block_1_83' title="bbox 2191 3992 3741 4071">
    <p class='ocr_par' dir='ltr' id='par_1_83' title="bbox 2191 3992 3741 4071">
     <span class='ocr_line' id='line_1_83' title="bbox 2191 3992 3741 4071; baseline 0.005 -23"><span class='ocrx_word' id='word_1_550' title='bbox 2191 4014 2342 4067; x_wconf 88' lang='grc' dir='ltr'>μενοι</span> <span class='ocrx_word' id='word_1_551' title='bbox 2380 3998 2459 4059; x_wconf 71' lang='lat' dir='ltr'><strong>ei;</strong></span> <span class='ocrx_word' id='word_1_552' title='bbox 2493 3997 2654 4050; x_wconf 85' lang='grc' dir='ltr'>τοῦτο</span> <span class='ocrx_word' id='word_1_553' title='bbox 2675 3998 2865 4060; x_wconf 83' lang='grc' dir='ltr'>τέλους</span> <span class='ocrx_word' id='word_1_554' title='bbox 2904 4000 3308 4071; x_wconf 79' lang='grc' dir='ltr'>κατέστρεψαν.</span> <span class='ocrx_word' id='word_1_555' title='bbox 3364 3996 3673 4062; x_wconf 79' lang='grc' dir='ltr'>Ἀδαοῦλφος</span> <span class='ocrx_word' id='word_1_556' title='bbox 3695 3992 3741 4043; x_wconf 68' lang='grc' dir='ltr'>δὲ</span> 
     </span>
    </p>
   </div>
   <div class='ocr_carea' id='block_1_84' title="bbox 2188 4088 3755 4163">
    <p class='ocr_par' dir='ltr' id='par_1_84' title="bbox 2188 4088 3755 4163">
     <span class='ocr_line' id='line_1_84' title="bbox 2188 4088 3755 4163; baseline -0.003 -22"><span class='ocrx_word' id='word_1_557' title='bbox 2188 4089 2485 4142; x_wconf 87' lang='grc' dir='ltr'>Πλακιδίαν</span> <span class='ocrx_word' id='word_1_558' title='bbox 2532 4092 2793 4163; x_wconf 76' lang='grc' dir='ltr'>ἀπῃτεῖτο</span> <span class='ocrx_word' id='word_1_559' title='bbox 2836 4092 2979 4144; x_wconf 83' lang='grc' dir='ltr'>κατὰ</span> <span class='ocrx_word' id='word_1_560' title='bbox 3036 4092 3274 4162; x_wconf 83' lang='grc' dir='ltr'>σπουδὴν</span> <span class='ocrx_word' id='word_1_561' title='bbox 3332 4092 3562 4160; x_wconf 83' lang='grc' dir='ltr'>μάλιστα</span> <span class='ocrx_word' id='word_1_562' title='bbox 3609 4088 3755 4157; x_wconf 43' lang='grc' dir='ltr'>κων(</span> 
     </span>
    </p>
   </div>
   <div class='ocr_carea' id='block_1_85' title="bbox 2191 4180 3737 4255">
    <p class='ocr_par' dir='ltr' id='par_1_85' title="bbox 2191 4180 3737 4255">
     <span class='ocr_line' id='line_1_85' title="bbox 2191 4180 3737 4255; baseline 0.007 -22"><span class='ocrx_word' id='word_1_563' title='bbox 2191 4183 2613 4245; x_wconf 73' lang='grc' dir='ltr'>σταντίιιου,δς⁶¹</span> <span class='ocrx_word' id='word_1_564' title='bbox 2643 4184 2871 4255; x_wconf 81' lang='grc' dir='ltr'>ὓστερον</span> <span class='ocrx_word' id='word_1_565' title='bbox 2898 4188 3037 4255; x_wconf 83' lang='grc' dir='ltr'>αὐτῇ</span> <span class='ocrx_word' id='word_1_566' title='bbox 3070 4186 3164 4239; x_wconf 74' lang='grc' dir='ltr'><strong>καὶ</strong></span> <span class='ocrx_word' id='word_1_567' title='bbox 3188 4188 3270 4248; x_wconf 86' lang='grc' dir='ltr'><strong>είς</strong></span> <span class='ocrx_word' id='word_1_568' title='bbox 3291 4188 3502 4254; x_wconf 84' lang='grc' dir='ltr'>γάμους</span> <span class='ocrx_word' id='word_1_569' title='bbox 3528 4180 3737 4245; x_wconf 59' lang='grc' dir='ltr'><strong>ἔζευξεν</strong></span> 
     </span>
    </p>
   </div>
   <div class='ocr_carea' id='block_1_86' title="bbox 2189 4274 3738 4347">
    <p class='ocr_par' dir='ltr' id='par_1_86' title="bbox 2189 4274 3738 4347">
     <span class='ocr_line' id='line_1_86' title="bbox 2189 4274 3738 4347; baseline -0.001 -21"><span class='ocrx_word' id='word_1_570' title='bbox 2189 4274 2327 4326; x_wconf 85' lang='grc' dir='ltr'><strong>άλλά</strong></span> <span class='ocrx_word' id='word_1_571' title='bbox 2347 4275 2456 4326; x_wconf 84' lang='grc' dir='ltr'><strong>τῶν</strong></span> <span class='ocrx_word' id='word_1_572' title='bbox 2488 4276 2625 4344; x_wconf 83' lang='grc' dir='ltr'>πρὸς</span> <span class='ocrx_word' id='word_1_573' title='bbox 2667 4277 2995 4345; x_wconf 80' lang='grc' dir='ltr'>Ἀδαοῦλφον</span> <span class='ocrx_word' id='word_1_574' title='bbox 3020 4279 3374 4347; x_wconf 82' lang='grc' dir='ltr'>ὑποσχέσεων</span> <span class='ocrx_word' id='word_1_575' title='bbox 3410 4276 3484 4347; x_wconf 80' lang='grc' dir='ltr'>μὴ</span> <span class='ocrx_word' id='word_1_576' title='bbox 3514 4288 3738 4344; x_wconf 71' lang='grc' dir='ltr'>περαινο-</span> 
     </span>
    </p>
   </div>
   <div class='ocr_carea' id='block_1_87' title="bbox 494 4360 2073 4441">
    <p class='ocr_par' dir='ltr' id='par_1_87' title="bbox 494 4371 2073 4441">
     <span class='ocr_line' id='line_1_87' title="bbox 494 4371 2073 4441; baseline 0.004 -21"><span class='ocrx_word' id='word_1_577' title='bbox 494 4382 728 4433; x_wconf 84' lang='lat' dir='ltr'><strong>annona,</strong></span> <span class='ocrx_word' id='word_1_578' title='bbox 762 4371 1017 4438; x_wconf 70' lang='lat' dir='ltr'><strong>perfecta</strong></span> <span class='ocrx_word' id='word_1_579' title='bbox 1049 4387 1152 4426; x_wconf 91' lang='lat' dir='ltr'><strong>non</strong></span> <span class='ocrx_word' id='word_1_580' title='bbox 1195 4373 1450 4435; x_wconf 91' lang='lat' dir='ltr'><strong>luissent,</strong></span> <span class='ocrx_word' id='word_1_581' title='bbox 1497 4372 1868 4441; x_wconf 84' lang='lat' dir='ltr'><strong>nequeipsam</strong></span> <span class='ocrx_word' id='word_1_582' title='bbox 1908 4373 2073 4426; x_wconf 89' lang='lat' dir='ltr'><strong>reddi-</strong></span> 
     </span>
    </p>
   </div>
   <div class='ocr_carea' id='block_1_88' title="bbox 2185 4360 3734 4441">
    <p class='ocr_par' dir='ltr' id='par_1_88' title="bbox 2193 4360 3734 4441">
     <span class='ocr_line' id='line_1_88' title="bbox 2193 4360 3734 4441; baseline -0.004 -24"><span class='ocrx_word' id='word_1_583' title='bbox 2193 4366 2370 4434; x_wconf 86' lang='grc' dir='ltr'>μένων</span> <span class='ocrx_word' id='word_1_584' title='bbox 2397 4368 2462 4426; x_wconf 80' lang='grc'>⁸⁸,</span> <span class='ocrx_word' id='word_1_585' title='bbox 2502 4368 2593 4419; x_wconf 72' lang='grc' dir='ltr'><strong>καὶ</strong></span> <span class='ocrx_word' id='word_1_586' title='bbox 2629 4368 2863 4438; x_wconf 88' lang='grc' dir='ltr'>μάλιστα</span> <span class='ocrx_word' id='word_1_587' title='bbox 2910 4370 3010 4441; x_wconf 75' lang='grc' dir='ltr'>τῆς</span> <span class='ocrx_word' id='word_1_588' title='bbox 3056 4373 3446 4439; x_wconf 86' lang='grc' dir='ltr'>σιτοπομπίας,</span> <span class='ocrx_word' id='word_1_589' title='bbox 3479 4368 3595 4421; x_wconf 77' lang='grc' dir='ltr'>οὔτε</span> <span class='ocrx_word' id='word_1_590' title='bbox 3626 4360 3734 4414; x_wconf 87' lang='grc' dir='ltr'>ταύ-</span> 
     </span>
    </p>
   </div>
   <div class='ocr_carea' id='block_1_89' title="bbox 496 4461 1878 4534">
    <p class='ocr_par' dir='ltr' id='par_1_89' title="bbox 496 4461 1878 4534">
     <span class='ocr_line' id='line_1_89' title="bbox 496 4461 1878 4534; baseline 0.003 -19"><span class='ocrx_word' id='word_1_591' title='bbox 496 4461 596 4527; x_wconf 92' lang='lat' dir='ltr'><strong>dit,</strong></span> <span class='ocrx_word' id='word_1_592' title='bbox 625 4474 678 4516; x_wconf 93' lang='lat' dir='ltr'><strong>et</strong></span> <span class='ocrx_word' id='word_1_593' title='bbox 704 4479 891 4534; x_wconf 83' lang='lat' dir='ltr'><strong>pacem</strong></span> <span class='ocrx_word' id='word_1_594' title='bbox 929 4464 1071 4519; x_wconf 90' lang='lat' dir='ltr'><strong>bello</strong></span> <span class='ocrx_word' id='word_1_595' title='bbox 1101 4476 1537 4521; x_wconf 85' lang='lat' dir='ltr'><strong>commutaturus</strong></span> <span class='ocrx_word' id='word_1_596' title='bbox 1576 4465 1878 4520; x_wconf 82' lang='lat' dir='ltr'><strong>videbatur.</strong></span> 
     </span>
    </p>
   </div>
   <div class='ocr_carea' id='block_1_90' title="bbox 568 4637 2090 4709">
    <p class='ocr_par' dir='ltr' id='par_1_90' title="bbox 568 4637 2090 4709">
     <span class='ocr_line' id='line_1_90' title="bbox 568 4637 2090 4709; baseline 0.003 -20"><span class='ocrx_word' id='word_1_597' title='bbox 568 4637 882 4705; x_wconf 88' lang='lat' dir='ltr'><strong>Adaulplms</strong></span> <span class='ocrx_word' id='word_1_598' title='bbox 917 4656 1066 4709; x_wconf 73' lang='lat' dir='ltr'><strong>ergo,</strong></span> <span class='ocrx_word' id='word_1_599' title='bbox 1100 4657 1221 4695; x_wconf 89' lang='lat' dir='ltr'><strong>cum</strong></span> <span class='ocrx_word' id='word_1_600' title='bbox 1258 4640 1492 4696; x_wconf 79' lang='lat' dir='ltr'><strong>Placidia</strong></span> <span class='ocrx_word' id='word_1_601' title='bbox 1553 4651 1910 4709; x_wconf 87' lang='lat' dir='ltr'><strong>repeteretur,</strong></span> <span class='ocrx_word' id='word_1_602' title='bbox 1974 4641 2090 4695; x_wconf 81' lang='lat' dir='ltr'><strong>fru-</strong></span> 
     </span>
    </p>
   </div>
   <div class='ocr_carea' id='block_1_91' title="bbox 499 4732 2083 4805">
    <p class='ocr_par' dir='ltr' id='par_1_91' title="bbox 499 4732 2083 4805">
     <span class='ocr_line' id='line_1_91' title="bbox 499 4732 2083 4805; baseline 0.005 -25"><span class='ocrx_word' id='word_1_603' title='bbox 499 4743 743 4783; x_wconf 82' lang='lat' dir='ltr'><strong>mentum</strong></span> <span class='ocrx_word' id='word_1_604' title='bbox 808 4732 1048 4787; x_wconf 86' lang='lat' dir='ltr'><strong>vicissim</strong></span> <span class='ocrx_word' id='word_1_605' title='bbox 1102 4735 1219 4803; x_wconf 88' lang='lat' dir='ltr'><strong>ipse</strong></span> <span class='ocrx_word' id='word_1_606' title='bbox 1280 4737 1609 4805; x_wconf 70' lang='lat' dir='ltr'><strong>proruiSsum</strong></span> <span class='ocrx_word' id='word_1_607' title='bbox 1676 4735 1859 4803; x_wconf 86' lang='lat' dir='ltr'><strong>petiit.</strong></span> <span class='ocrx_word' id='word_1_608' title='bbox 1915 4733 2083 4802; x_wconf 88' lang='lat' dir='ltr'><strong>Cujus</strong></span> 
     </span>
    </p>
   </div>
   <div class='ocr_carea' id='block_1_92' title="bbox 499 4822 2079 4896">
    <p class='ocr_par' dir='ltr' id='par_1_92' title="bbox 499 4822 2079 4896">
     <span class='ocr_line' id='line_1_92' title="bbox 499 4822 2079 4896; baseline 0.003 -20"><span class='ocrx_word' id='word_1_609' title='bbox 499 4822 837 4889; x_wconf 83' lang='lat' dir='ltr'><strong>conferendi,</strong></span> <span class='ocrx_word' id='word_1_610' title='bbox 892 4828 992 4880; x_wconf 90' lang='lat' dir='ltr'><strong>etsi</strong></span> <span class='ocrx_word' id='word_1_611' title='bbox 1048 4829 1138 4896; x_wconf 89' lang='lat' dir='ltr'><strong>qui</strong></span> <span class='ocrx_word' id='word_1_612' title='bbox 1203 4830 1568 4896; x_wconf 84' lang='lat' dir='ltr'><strong>promiserant</strong></span> <span class='ocrx_word' id='word_1_613' title='bbox 1628 4828 1839 4894; x_wconf 84' lang='lat' dir='ltr'><strong>copiam</strong></span> <span class='ocrx_word' id='word_1_614' title='bbox 1879 4829 2079 4881; x_wconf 88' lang='lat' dir='ltr'><strong>nullam</strong></span> 
     </span>
    </p>
   </div>
   <div class='ocr_carea' id='block_1_93' title="bbox 2190 4454 3737 4533">
    <p class='ocr_par' dir='ltr' id='par_1_93' title="bbox 2190 4454 3737 4533">
     <span class='ocr_line' id='line_1_93' title="bbox 2190 4454 3737 4533; baseline 0.006 -23"><span class='ocrx_word' id='word_1_615' title='bbox 2190 4475 2289 4528; x_wconf 86' lang='grc' dir='ltr'><strong>την</strong></span> <span class='ocrx_word' id='word_1_616' title='bbox 2318 4459 2566 4513; x_wconf 80' lang='grc' dir='ltr'>ἀπεδίδου</span> <span class='ocrx_word' id='word_1_617' title='bbox 2603 4463 2696 4512; x_wconf 78' lang='grc' dir='ltr'><strong>καὶ</strong></span> <span class='ocrx_word' id='word_1_618' title='bbox 2720 4464 2801 4525; x_wconf 86' lang='grc' dir='ltr'>εἰς</span> <span class='ocrx_word' id='word_1_619' title='bbox 2833 4463 3015 4533; x_wconf 86' lang='grc' dir='ltr'>μάχην</span> <span class='ocrx_word' id='word_1_620' title='bbox 3049 4464 3282 4533; x_wconf 77' lang='grc' dir='ltr'>ἐμελέτα</span> <span class='ocrx_word' id='word_1_621' title='bbox 3323 4463 3368 4494; x_wconf 81' lang='grc'><strong><em>⁸³</em></strong></span> <span class='ocrx_word' id='word_1_622' title='bbox 3400 4462 3466 4513; x_wconf 76' lang='grc' dir='ltr'>τὰ</span> <span class='ocrx_word' id='word_1_623' title='bbox 3486 4456 3582 4527; x_wconf 76' lang='grc' dir='ltr'><strong>τῆς</strong></span> <span class='ocrx_word' id='word_1_624' title='bbox 3613 4454 3737 4522; x_wconf 64' lang='grc' dir='ltr'>είρή·</span> 
     </span>
    </p>
   </div>
   <div class='ocr_carea' id='block_1_94' title="bbox 2117 4549 2641 4621">
    <p class='ocr_par' dir='ltr' id='par_1_94' title="bbox 2117 4549 2641 4621">
     <span class='ocr_line' id='line_1_94' title="bbox 2117 4549 2641 4621; baseline 0.008 -20"><span class='ocrx_word' id='word_1_625' title='bbox 2117 4568 2160 4621; x_wconf 78' lang='grc' dir='ltr'><strong>ι)</strong></span> <span class='ocrx_word' id='word_1_626' title='bbox 2191 4566 2286 4620; x_wconf 86' lang='grc' dir='ltr'><strong>νης</strong></span> <span class='ocrx_word' id='word_1_627' title='bbox 2311 4549 2641 4605; x_wconf 74' lang='grc' dir='ltr'>διαλύεσθαι.</span> 
     </span>
    </p>
   </div>
   <div class='ocr_carea' id='block_1_95' title="bbox 2276 4642 3731 4714">
    <p class='ocr_par' dir='ltr' id='par_1_95' title="bbox 2276 4642 3731 4714">
     <span class='ocr_line' id='line_1_95' title="bbox 2276 4642 3731 4714; baseline -0.005 -18"><span class='ocrx_word' id='word_1_628' title='bbox 2276 4644 2398 4696; x_wconf 83' lang='grc' dir='ltr'>Ὀτι</span> <span class='ocrx_word' id='word_1_629' title='bbox 2437 4643 2763 4713; x_wconf 80' lang='grc' dir='ltr'>Ἀδαοῦλφος</span> <span class='ocrx_word' id='word_1_630' title='bbox 2789 4645 3200 4714; x_wconf 83' lang='grc' dir='ltr'>ἀπαιτούμενος</span> <span class='ocrx_word' id='word_1_631' title='bbox 3224 4642 3517 4697; x_wconf 85' lang='grc' dir='ltr'>Πλακιδίαν</span> <span class='ocrx_word' id='word_1_632' title='bbox 3543 4643 3731 4694; x_wconf 81' lang='grc' dir='ltr'>ἀνταπ-</span> 
     </span>
    </p>
   </div>
   <div class='ocr_carea' id='block_1_96' title="bbox 2191 4729 3745 4809">
    <p class='ocr_par' dir='ltr' id='par_1_96' title="bbox 2191 4729 3745 4809">
     <span class='ocr_line' id='line_1_96' title="bbox 2191 4729 3745 4809; baseline -0.006 -21"><span class='ocrx_word' id='word_1_633' title='bbox 2191 4736 2311 4806; x_wconf 85' lang='grc' dir='ltr'>ῄτει</span> <span class='ocrx_word' id='word_1_634' title='bbox 2359 4738 2451 4789; x_wconf 88' lang='grc' dir='ltr'><strong>τὸν</strong></span> <span class='ocrx_word' id='word_1_635' title='bbox 2514 4738 2804 4808; x_wconf 84' lang='grc' dir='ltr'>ὁρισθέντα</span> <span class='ocrx_word' id='word_1_636' title='bbox 2846 4737 2983 4809; x_wconf 64' lang='grc' dir='ltr'>[ε-ιυε</span> <span class='ocrx_word' id='word_1_637' title='bbox 3050 4736 3157 4809; x_wconf 81' lang='grc' dir='ltr'><strong>Η.]</strong></span> <span class='ocrx_word' id='word_1_638' title='bbox 3208 4741 3371 4792; x_wconf 87' lang='grc' dir='ltr'>σῖτον.</span> <span class='ocrx_word' id='word_1_639' title='bbox 3435 4736 3663 4800; x_wconf 81' lang='grc' dir='ltr'>’Λπόρων</span> <span class='ocrx_word' id='word_1_640' title='bbox 3709 4729 3745 4780; x_wconf 83' lang='grc' dir='ltr'>δ’</span> 
     </span>
    </p>
   </div>
   <div class='ocr_carea' id='block_1_97' title="bbox 2191 4814 3748 4896">
    <p class='ocr_par' dir='ltr' id='par_1_97' title="bbox 2191 4814 3748 4896">
     <span class='ocr_line' id='line_1_97' title="bbox 2191 4814 3748 4896; baseline -0.007 -18"><span class='ocrx_word' id='word_1_641' title='bbox 2191 4826 2361 4878; x_wconf 76' lang='grc' dir='ltr'>ὄντων</span> <span class='ocrx_word' id='word_1_642' title='bbox 2389 4825 2499 4879; x_wconf 82' lang='grc' dir='ltr'>τῶν</span> <span class='ocrx_word' id='word_1_643' title='bbox 2521 4826 2907 4896; x_wconf 83' lang='grc' dir='ltr'>ὑποσχομένων</span> <span class='ocrx_word' id='word_1_644' title='bbox 2934 4827 3011 4888; x_wconf 88' lang='grc' dir='ltr'>εἰς</span> <span class='ocrx_word' id='word_1_645' title='bbox 3036 4827 3094 4877; x_wconf 81' lang='grc' dir='ltr'><strong>τὸ</strong></span> <span class='ocrx_word' id='word_1_646' title='bbox 3122 4826 3329 4887; x_wconf 82' lang='grc' dir='ltr'>δοῦναι,</span> <span class='ocrx_word' id='word_1_647' title='bbox 3358 4825 3507 4877; x_wconf 81' lang='grc' dir='ltr'>οὐδὲν</span> <span class='ocrx_word' id='word_1_648' title='bbox 3532 4822 3583 4873; x_wconf 86' lang='grc' dir='ltr'>δὲ</span> <span class='ocrx_word' id='word_1_649' title='bbox 3606 4814 3748 4889; x_wconf 83' lang='grc' dir='ltr'>ἦττον</span> 
     </span>
    </p>
   </div>
   <div class='ocr_carea' id='block_1_98' title="bbox 500 4908 2073 4989">
    <p class='ocr_par' dir='ltr' id='par_1_98' title="bbox 500 4918 2068 4987">
     <span class='ocr_line' id='line_1_98' title="bbox 500 4918 2068 4987; baseline 0.005 -19"><span class='ocrx_word' id='word_1_650' title='bbox 500 4918 799 4985; x_wconf 85' lang='lat' dir='ltr'><strong>haberent,</strong></span> <span class='ocrx_word' id='word_1_651' title='bbox 878 4921 1046 4973; x_wconf 88' lang='lat' dir='ltr'><strong>nihilo</strong></span> <span class='ocrx_word' id='word_1_652' title='bbox 1111 4931 1289 4976; x_wconf 82' lang='lat' dir='ltr'><strong>tamen</strong></span> <span class='ocrx_word' id='word_1_653' title='bbox 1363 4922 1541 4976; x_wconf 85' lang='lat' dir='ltr'><strong>secius</strong></span> <span class='ocrx_word' id='word_1_654' title='bbox 1600 4924 1982 4987; x_wconf 86' lang='lat' dir='ltr'><strong>consentiunt,</strong></span> <span class='ocrx_word' id='word_1_655' title='bbox 2042 4938 2068 4976; x_wconf 89' lang='lat' dir='ltr'><strong>s</strong></span> 
     </span>
    </p>
   </div>
   <div class='ocr_carea' id='block_1_99' title="bbox 2185 4908 3750 4989">
    <p class='ocr_par' dir='ltr' id='par_1_99' title="bbox 2192 4908 3750 4989">
     <span class='ocr_line' id='line_1_99' title="bbox 2192 4908 3750 4989; baseline 0.001 -16"><span class='ocrx_word' id='word_1_656' title='bbox 2192 4920 2621 4989; x_wconf 79' lang='grc' dir='ltr'>ὁμολογούντων,</span> <span class='ocrx_word' id='word_1_657' title='bbox 2656 4924 2705 4973; x_wconf 83' lang='grc' dir='ltr'>εἰ</span> <span class='ocrx_word' id='word_1_658' title='bbox 2735 4920 2952 4974; x_wconf 78' lang='grc' dir='ltr'>λάϐοιεν</span> <span class='ocrx_word' id='word_1_659' title='bbox 2974 4920 3290 4982; x_wconf 86' lang='grc' dir='ltr'>Πλακιδίαν,</span> <span class='ocrx_word' id='word_1_660' title='bbox 3324 4918 3635 4988; x_wconf 76' lang='grc' dir='ltr'>παρασχεῖν,</span> <span class='ocrx_word' id='word_1_661' title='bbox 3670 4908 3750 4961; x_wconf 60' lang='grc' dir='ltr'><strong>καὶ</strong></span> 
     </span>
    </p>
   </div>
   <div class='ocr_carea' id='block_1_100' title="bbox 500 5007 2073 5084">
    <p class='ocr_par' dir='ltr' id='par_1_100' title="bbox 500 5008 2070 5083">
     <span class='ocr_line' id='line_1_100' title="bbox 500 5008 2070 5083; baseline 0.002 -20"><span class='ocrx_word' id='word_1_662' title='bbox 500 5008 794 5064; x_wconf 80' lang='lat' dir='ltr'><strong>Placidiatn</strong></span> <span class='ocrx_word' id='word_1_663' title='bbox 844 5014 1187 5081; x_wconf 71' lang='lat' dir='ltr'><strong>reciperent,</strong></span> <span class='ocrx_word' id='word_1_664' title='bbox 1226 5024 1598 5083; x_wconf 79' lang='lat' dir='ltr'><strong>accepturum.</strong></span> <span class='ocrx_word' id='word_1_665' title='bbox 1655 5016 1735 5067; x_wconf 90' lang='lat' dir='ltr'><strong>Ad</strong></span> <span class='ocrx_word' id='word_1_666' title='bbox 1780 5030 1900 5083; x_wconf 63' lang='lat' dir='ltr'><strong>qum</strong></span> <span class='ocrx_word' id='word_1_667' title='bbox 1929 5015 2070 5066; x_wconf 83' lang='lat' dir='ltr'><strong>simil</strong></span> 
     </span>
    </p>
   </div>
   <div class='ocr_carea' id='block_1_101' title="bbox 2185 5007 3751 5084">
    <p class='ocr_par' dir='ltr' id='par_1_101' title="bbox 2192 5007 3751 5084">
     <span class='ocr_line' id='line_1_101' title="bbox 2192 5007 3751 5084; baseline -0.017 -9"><span class='ocrx_word' id='word_1_668' title='bbox 2192 5016 2220 5067; x_wconf 79' lang='grc' dir='ltr'>ὁ</span> <span class='ocrx_word' id='word_1_669' title='bbox 2249 5014 2525 5084; x_wconf 76' lang='grc' dir='ltr'>βάρϐαρος</span> <span class='ocrx_word' id='word_1_670' title='bbox 2575 5014 2643 5066; x_wconf 82' lang='grc' dir='ltr'>τὰ</span> <span class='ocrx_word' id='word_1_671' title='bbox 2673 5015 2835 5083; x_wconf 84' lang='grc' dir='ltr'>ὅμοια</span> <span class='ocrx_word' id='word_1_672' title='bbox 2868 5013 3214 5083; x_wconf 85' lang='grc' dir='ltr'>ὑπεκρίνετο,</span> <span class='ocrx_word' id='word_1_673' title='bbox 3250 5014 3344 5064; x_wconf 78' lang='grc' dir='ltr'>καὶ</span> <span class='ocrx_word' id='word_1_674' title='bbox 3383 5010 3516 5080; x_wconf 85' lang='grc' dir='ltr'>πρὸς</span> <span class='ocrx_word' id='word_1_675' title='bbox 3546 5007 3751 5059; x_wconf 86' lang='grc' dir='ltr'>Μασσα·</span> 
     </span>
    </p>
   </div>
   <div class='ocr_carea' id='block_1_102' title="bbox 501 5092 2073 5177">
    <p class='ocr_par' dir='ltr' id='par_1_102' title="bbox 501 5102 2073 5170">
     <span class='ocr_line' id='line_1_102' title="bbox 501 5102 2073 5170; baseline 0.001 -16"><span class='ocrx_word' id='word_1_676' title='bbox 501 5102 615 5155; x_wconf 81' lang='lat' dir='ltr'><strong>fere</strong></span> <span class='ocrx_word' id='word_1_677' title='bbox 642 5112 694 5155; x_wconf 88' lang='lat' dir='ltr'><strong>et</strong></span> <span class='ocrx_word' id='word_1_678' title='bbox 728 5103 844 5170; x_wconf 87' lang='lat' dir='ltr'><strong>ipse</strong></span> <span class='ocrx_word' id='word_1_679' title='bbox 868 5102 1140 5158; x_wconf 83' lang='lat' dir='ltr'><strong>Barbarus</strong></span> <span class='ocrx_word' id='word_1_680' title='bbox 1173 5106 1527 5159; x_wconf 87' lang='lat' dir='ltr'><strong>sinmlationc</strong></span> <span class='ocrx_word' id='word_1_681' title='bbox 1559 5108 1841 5159; x_wconf 85' lang='lat' dir='ltr'><strong>utebatur.</strong></span> <span class='ocrx_word' id='word_1_682' title='bbox 1907 5104 2073 5157; x_wconf 82' lang='lat' dir='ltr'><strong>Massi</strong></span> 
     </span>
    </p>
   </div>
   <div class='ocr_carea' id='block_1_103' title="bbox 2185 5092 3752 5177">
    <p class='ocr_par' dir='ltr' id='par_1_103' title="bbox 2200 5092 3752 5177">
     <span class='ocr_line' id='line_1_103' title="bbox 2200 5092 3752 5177; baseline 0.002 -20"><span class='ocrx_word' id='word_1_683' title='bbox 2200 5106 2343 5165; x_wconf 82' lang='grc' dir='ltr'>λίαν.</span> <span class='ocrx_word' id='word_1_684' title='bbox 2372 5104 2524 5171; x_wconf 82' lang='grc' dir='ltr'>πόλιν</span> <span class='ocrx_word' id='word_1_685' title='bbox 2562 5105 2705 5158; x_wconf 81' lang='grc' dir='ltr'>οὓτω</span> <span class='ocrx_word' id='word_1_686' title='bbox 2750 5105 3114 5177; x_wconf 82' lang='grc' dir='ltr'>καλουμένην,</span> <span class='ocrx_word' id='word_1_687' title='bbox 3157 5103 3593 5174; x_wconf 76' lang='grc' dir='ltr'>παραγενόμενος</span> <span class='ocrx_word' id='word_1_688' title='bbox 3630 5092 3752 5154; x_wconf 69' lang='grc' dir='ltr'>δόλῳ</span> 
     </span>
    </p>
   </div>
   <div class='ocr_carea' id='block_1_104' title="bbox 500 5183 2073 5266">
    <p class='ocr_par' dir='ltr' id='par_1_104' title="bbox 500 5190 2073 5264">
     <span class='ocr_line' id='line_1_104' title="bbox 500 5190 2073 5264; baseline 0 -19"><span class='ocrx_word' id='word_1_689' title='bbox 500 5190 625 5245; x_wconf 89' lang='lat' dir='ltr'><strong>liam</strong></span> <span class='ocrx_word' id='word_1_690' title='bbox 670 5195 899 5259; x_wconf 89' lang='lat' dir='ltr'><strong>interea,</strong></span> <span class='ocrx_word' id='word_1_691' title='bbox 926 5195 1005 5248; x_wconf 91' lang='lat' dir='ltr'><strong>sic</strong></span> <span class='ocrx_word' id='word_1_692' title='bbox 1030 5196 1226 5248; x_wconf 89' lang='lat' dir='ltr'><strong>dictam</strong></span> <span class='ocrx_word' id='word_1_693' title='bbox 1262 5199 1447 5249; x_wconf 89' lang='lat' dir='ltr'><strong>urbem</strong></span> <span class='ocrx_word' id='word_1_694' title='bbox 1495 5195 1790 5264; x_wconf 81' lang='lat' dir='ltr'><strong>profectus,</strong></span> <span class='ocrx_word' id='word_1_695' title='bbox 1826 5195 1947 5248; x_wconf 91' lang='lat' dir='ltr'><strong>dolo</strong></span> <span class='ocrx_word' id='word_1_696' title='bbox 1974 5210 2073 5250; x_wconf 84' lang='lat' dir='ltr'><strong>ean</strong></span> 
     </span>
    </p>
   </div>
   <div class='ocr_carea' id='block_1_105' title="bbox 2185 5183 3751 5266">
    <p class='ocr_par' dir='ltr' id='par_1_105' title="bbox 2199 5183 3751 5266">
     <span class='ocr_line' id='line_1_105' title="bbox 2199 5183 3751 5266; baseline -0.003 -18"><span class='ocrx_word' id='word_1_697' title='bbox 2199 5197 2405 5263; x_wconf 68' lang='grc' dir='ltr'>ταύτην</span> <span class='ocrx_word' id='word_1_698' title='bbox 2455 5196 2642 5249; x_wconf 79' lang='grc' dir='ltr'>λαὸεἰν</span> <span class='ocrx_word' id='word_1_699' title='bbox 2681 5196 2926 5266; x_wconf 66' lang='grc' dir='ltr'><strong>Ιἡλπιζζεν,</strong></span> <span class='ocrx_word' id='word_1_700' title='bbox 2971 5196 3140 5248; x_wconf 84' lang='grc' dir='ltr'>Ἔνθα</span> <span class='ocrx_word' id='word_1_701' title='bbox 3172 5196 3398 5263; x_wconf 76' lang='grc' dir='ltr'>πληγεὶς</span> <span class='ocrx_word' id='word_1_702' title='bbox 3441 5183 3751 5255; x_wconf 72' lang='grc' dir='ltr'>Βονηφατίου</span> 
     </span>
    </p>
   </div>
   <div class='ocr_carea' id='block_1_106' title="bbox 1786 5332 2472 5392">
    <p class='ocr_par' dir='ltr' id='par_1_106' title="bbox 1786 5332 2472 5392">
     <span class='ocr_line' id='line_1_106' title="bbox 1786 5332 2472 5392; baseline 0.004 -3"><span class='ocrx_word' id='word_1_703' title='bbox 1786 5332 2021 5389; x_wconf 68' lang='lat' dir='ltr'><strong>VARIAS</strong></span> <span class='ocrx_word' id='word_1_704' title='bbox 2064 5336 2472 5392; x_wconf 83' lang='lat' dir='ltr'><strong>LECTIONES.</strong></span> 
     </span>
    </p>
   </div>
   <div class='ocr_carea' id='block_1_107' title="bbox 580 5452 3751 5530">
    <p class='ocr_par' dir='ltr' id='par_1_107' title="bbox 580 5452 3751 5530">
     <span class='ocr_line' id='line_1_107' title="bbox 580 5452 3751 5530; baseline 0.001 -23"><span class='ocrx_word' id='word_1_705' title='bbox 580 5454 623 5484; x_wconf 82' lang='grc'>⁸¹</span> <span class='ocrx_word' id='word_1_706' title='bbox 649 5456 1088 5527; x_wconf 85' lang='grc' dir='ltr'>Βουργυντιόνων</span> <span class='ocrx_word' id='word_1_707' title='bbox 1124 5474 1184 5519; x_wconf 85' lang='grc' dir='ltr'><strong>ς.</strong></span> <span class='ocrx_word' id='word_1_708' title='bbox 1261 5457 1306 5487; x_wconf 70' lang='grc'><strong>⁸³</strong></span> <span class='ocrx_word' id='word_1_709' title='bbox 1324 5453 1405 5525; x_wconf 70' lang='grc' dir='ltr'><strong>ὃν]</strong></span> <span class='ocrx_word' id='word_1_710' title='bbox 1432 5452 1525 5516; x_wconf 80' lang='grc' dir='ltr'><strong>οὓς</strong></span> <span class='ocrx_word' id='word_1_711' title='bbox 1552 5471 1627 5507; x_wconf 83' lang='lat' dir='ltr'><strong>rc.</strong></span> <span class='ocrx_word' id='word_1_712' title='bbox 1737 5472 1750 5507; x_wconf 90' lang='lat'><strong>:</strong></span> <span class='ocrx_word' id='word_1_713' title='bbox 1786 5471 1880 5530; x_wconf 75' lang='lat' dir='ltr'><strong>pr.</strong></span> <span class='ocrx_word' id='word_1_714' title='bbox 1910 5456 2238 5530; x_wconf 82' lang='lat' dir='ltr'><strong>enituom._</strong></span> <span class='ocrx_word' id='word_1_715' title='bbox 2276 5458 2322 5489; x_wconf 82' lang='grc'><strong>⁸³</strong></span> <span class='ocrx_word' id='word_1_716' title='bbox 2347 5456 2423 5526; x_wconf 81' lang='grc' dir='ltr'>τῷ</span> <span class='ocrx_word' id='word_1_717' title='bbox 2459 5456 2653 5528; x_wconf 84' lang='grc' dir='ltr'>πλήθει</span> <span class='ocrx_word' id='word_1_718' title='bbox 2689 5475 2750 5521; x_wconf 84' lang='grc' dir='ltr'><strong>ς.</strong></span> <span class='ocrx_word' id='word_1_719' title='bbox 2818 5457 2863 5487; x_wconf 65' lang='grc'><strong>⁸⁵</strong></span> <span class='ocrx_word' id='word_1_720' title='bbox 2889 5456 3192 5528; x_wconf 77' lang='grc' dir='ltr'>στρατιώτῃ</span> <span class='ocrx_word' id='word_1_721' title='bbox 3223 5476 3281 5522; x_wconf 77' lang='grc' dir='ltr'><strong>ς.</strong></span> <span class='ocrx_word' id='word_1_722' title='bbox 3352 5458 3398 5489; x_wconf 77' lang='grc'><strong>⁸⁵</strong></span> <span class='ocrx_word' id='word_1_723' title='bbox 3428 5453 3631 5530; x_wconf 15' lang='grc' dir='ltr'>’ᾼίσάρῳ</span> <span class='ocrx_word' id='word_1_724' title='bbox 3652 5464 3751 5501; x_wconf 81' lang='lat' dir='ltr'><strong>0m-</strong></span> 
     </span>
    </p>
   </div>
   <div class='ocr_carea' id='block_1_108' title="bbox 506 5523 3749 5599">
    <p class='ocr_par' dir='ltr' id='par_1_108' title="bbox 506 5523 3749 5599">
     <span class='ocr_line' id='line_1_108' title="bbox 506 5523 3749 5599; baseline 0 -21"><span class='ocrx_word' id='word_1_725' title='bbox 506 5540 589 5594; x_wconf 72' lang='lat' dir='ltr'><strong>pr.</strong></span> <span class='ocrx_word' id='word_1_726' title='bbox 631 5530 692 5599; x_wconf 61' lang='grc' dir='ltr'><strong>ᾼ.</strong></span> <span class='ocrx_word' id='word_1_727' title='bbox 741 5523 785 5558; x_wconf 57' lang='grc'><strong>⁵⁸</strong></span> <span class='ocrx_word' id='word_1_728' title='bbox 818 5528 1041 5589; x_wconf 76' lang='grc' dir='ltr'>σάκκοις</span> <span class='ocrx_word' id='word_1_729' title='bbox 1079 5545 1137 5590; x_wconf 83' lang='grc' dir='ltr'><strong>ς.</strong></span> <span class='ocrx_word' id='word_1_730' title='bbox 1222 5528 1283 5599; x_wconf 31' lang='grc'><strong>⁵⁷-</strong></span> <span class='ocrx_word' id='word_1_731' title='bbox 1306 5523 1516 5599; x_wconf 76' lang='grc' dir='ltr'>ἐγένετο</span> <span class='ocrx_word' id='word_1_732' title='bbox 1540 5527 1708 5599; x_wconf 34' lang='grc' dir='ltr'>ς.ῌέ⁸</span> <span class='ocrx_word' id='word_1_733' title='bbox 1754 5527 1915 5599; x_wconf 72' lang='grc' dir='ltr'>ἰὸὂιος</span> <span class='ocrx_word' id='word_1_734' title='bbox 1945 5527 2015 5599; x_wconf 65' lang='grc' dir='ltr'>Α.</span> <span class='ocrx_word' id='word_1_735' title='bbox 2068 5529 2111 5559; x_wconf 79' lang='grc'><strong>⁵³</strong></span> <span class='ocrx_word' id='word_1_736' title='bbox 2146 5523 2459 5599; x_wconf 76' lang='grc' dir='ltr'>σεϐασττνον</span> <span class='ocrx_word' id='word_1_737' title='bbox 2492 5523 2564 5581; x_wconf 43' lang='lat' dir='ltr'><strong>AI</strong></span> <span class='ocrx_word' id='word_1_738' title='bbox 2646 5530 2689 5559; x_wconf 81' lang='grc'><strong>⁶⁰</strong></span> <span class='ocrx_word' id='word_1_739' title='bbox 2718 5523 3062 5599; x_wconf 75' lang='grc' dir='ltr'>καρταγένης</span> <span class='ocrx_word' id='word_1_740' title='bbox 3102 5546 3139 5593; x_wconf 84' lang='grc' dir='ltr'><strong><em>ς</em></strong></span> <span class='ocrx_word' id='word_1_741' title='bbox 3168 5523 3430 5585; x_wconf 63' lang='grc' dir='ltr'>’ὃυιιοιιιιε</span> <span class='ocrx_word' id='word_1_742' title='bbox 3464 5523 3749 5587; x_wconf 69' lang='grc' dir='ltr'>Ῥαϐέννης·</span> 
     </span>
    </p>
   </div>
   <div class='ocr_carea' id='block_1_109' title="bbox 508 5595 2473 5668">
    <p class='ocr_par' dir='ltr' id='par_1_109' title="bbox 508 5595 2473 5668">
     <span class='ocr_line' id='line_1_109' title="bbox 508 5595 2473 5668; baseline 0.003 -21"><span class='ocrx_word' id='word_1_743' title='bbox 508 5597 552 5627; x_wconf 83' lang='lat'>“</span> <span class='ocrx_word' id='word_1_744' title='bbox 582 5595 665 5668; x_wconf 82' lang='grc' dir='ltr'><strong>ὃς]</strong></span> <span class='ocrx_word' id='word_1_745' title='bbox 696 5596 752 5649; x_wconf 84' lang='grc' dir='ltr'>ὃν</span> <span class='ocrx_word' id='word_1_746' title='bbox 782 5600 844 5652; x_wconf 78' lang='grc' dir='ltr'>Α.</span> <span class='ocrx_word' id='word_1_747' title='bbox 902 5600 946 5629; x_wconf 81' lang='grc'>⁶¹</span> <span class='ocrx_word' id='word_1_748' title='bbox 983 5597 1396 5666; x_wconf 83' lang='grc' dir='ltr'>περαιουμένων</span> <span class='ocrx_word' id='word_1_749' title='bbox 1428 5597 1493 5649; x_wconf 76' lang='grc' dir='ltr'><strong>Α.</strong></span> <span class='ocrx_word' id='word_1_750' title='bbox 1604 5596 1648 5627; x_wconf 78' lang='grc'><strong>⁸³</strong></span> <span class='ocrx_word' id='word_1_751' title='bbox 1675 5597 2035 5667; x_wconf 83' lang='grc' dir='ltr'>ὲμελετᾶτοΑ</span> <span class='ocrx_word' id='word_1_752' title='bbox 2070 5617 2081 5651; x_wconf 94' lang='lat'>:</span> <span class='ocrx_word' id='word_1_753' title='bbox 2122 5598 2372 5650; x_wconf 75' lang='grc' dir='ltr'>ἀπεδίδου</span> <span class='ocrx_word' id='word_1_754' title='bbox 2414 5618 2473 5664; x_wconf 86' lang='grc' dir='ltr'><strong>ς.</strong></span> 
     </span>
    </p>
   </div>
   <div class='ocr_carea' id='block_1_110' title="bbox 2026 5691 2263 5748">
    <p class='ocr_par' dir='ltr' id='par_1_110' title="bbox 2026 5691 2263 5748">
     <span class='ocr_line' id='line_1_110' title="bbox 2026 5691 2263 5748; baseline 0.008 -3"><span class='ocrx_word' id='word_1_755' title='bbox 2026 5691 2263 5748; x_wconf 65' lang='lat' dir='ltr'><strong>NOTAE.</strong></span> 
     </span>
    </p>
   </div>
   <div class='ocr_carea' id='block_1_111' title="bbox 581 5768 3226 5856">
    <p class='ocr_par' dir='ltr' id='par_1_111' title="bbox 581 5768 3226 5856">
     <span class='ocr_line' id='line_1_111' title="bbox 581 5768 3226 5856; baseline 0.001 -21"><span class='ocrx_word' id='word_1_756' title='bbox 581 5782 695 5856; x_wconf 65' lang='lat'><strong>(51)</strong></span> <span class='ocrx_word' id='word_1_757' title='bbox 724 5784 807 5856; x_wconf 73' lang='grc' dir='ltr'><strong>ᾼΙ.</strong></span> <span class='ocrx_word' id='word_1_758' title='bbox 842 5785 1062 5839; x_wconf 77' lang='lat' dir='ltr'><strong>Asarus.</strong></span> <span class='ocrx_word' id='word_1_759' title='bbox 1087 5786 1189 5840; x_wconf 80' lang='lat' dir='ltr'><strong>inf.</strong></span> <span class='ocrx_word' id='word_1_760' title='bbox 1216 5791 1356 5856; x_wconf 83' lang='lat' dir='ltr'><strong>apud</strong></span> <span class='ocrx_word' id='word_1_761' title='bbox 1382 5786 1657 5841; x_wconf 81' lang='lat' dir='ltr'><strong>Zosimum</strong></span> <span class='ocrx_word' id='word_1_762' title='bbox 1691 5787 1813 5840; x_wconf 88' lang='lat' dir='ltr'><strong>cod.</strong></span> <span class='ocrx_word' id='word_1_763' title='bbox 1840 5787 1929 5841; x_wconf 82' lang='lat'><strong>98.</strong></span> <span class='ocrx_word' id='word_1_764' title='bbox 2274 5790 2388 5855; x_wconf 70' lang='lat'><strong>(33)</strong></span> <span class='ocrx_word' id='word_1_765' title='bbox 2427 5787 2643 5855; x_wconf 82' lang='grc' dir='ltr'><strong>Ῥηγῶν</strong></span> <span class='ocrx_word' id='word_1_766' title='bbox 2679 5786 2871 5841; x_wconf 87' lang='lat' dir='ltr'><strong>Latina</strong></span> <span class='ocrx_word' id='word_1_767' title='bbox 2906 5803 3036 5843; x_wconf 82' lang='lat' dir='ltr'><strong>voce</strong></span> <span class='ocrx_word' id='word_1_768' title='bbox 3070 5768 3226 5843; x_wconf 56' lang='lat' dir='ltr'><strong>diiii.</strong></span> 
     </span>
    </p>
   </div>
   <div class='ocr_carea' id='block_1_112' title="bbox 588 5854 3355 5931">
    <p class='ocr_par' dir='ltr' id='par_1_112' title="bbox 588 5854 3355 5931">
     <span class='ocr_line' id='line_1_112' title="bbox 588 5854 3355 5931; baseline 0.002 -24"><span class='ocrx_word' id='word_1_769' title='bbox 588 5855 700 5923; x_wconf 64' lang='lat'><strong>(5%)</strong></span> <span class='ocrx_word' id='word_1_770' title='bbox 733 5854 839 5910; x_wconf 79' lang='lat' dir='ltr'><strong>Pro</strong></span> <span class='ocrx_word' id='word_1_771' title='bbox 868 5857 1089 5920; x_wconf 81' lang='grc' dir='ltr'>σάκκοις</span> <span class='ocrx_word' id='word_1_772' title='bbox 1125 5854 1460 5928; x_wconf 15' lang='grc' dir='ltr'>Ιεευήσάκοις</span> <span class='ocrx_word' id='word_1_773' title='bbox 1489 5858 1573 5912; x_wconf 86' lang='lat' dir='ltr'><strong>vel</strong></span> <span class='ocrx_word' id='word_1_774' title='bbox 1606 5856 1852 5911; x_wconf 81' lang='grc' dir='ltr'>σάκεσιν.</span> <span class='ocrx_word' id='word_1_775' title='bbox 2280 5862 2391 5927; x_wconf 69' lang='lat' dir='ltr'><strong>(5i)</strong></span> <span class='ocrx_word' id='word_1_776' title='bbox 2430 5854 2742 5913; x_wconf 65' lang='lat' dir='ltr'><strong>Ravennam</strong></span> <span class='ocrx_word' id='word_1_777' title='bbox 2776 5860 3019 5914; x_wconf 73' lang='lat' dir='ltr'><strong>arbitror</strong></span> <span class='ocrx_word' id='word_1_778' title='bbox 3054 5863 3355 5931; x_wconf 66' lang='lat' dir='ltr'><strong>legendum.</strong></span> 
     </span>
    </p>
   </div>
  </div>
