  <div class='ocr_page' id='page_1' title='image "/cluster/home/n/w/nwhite01/storage/ocr_20150623/103:no.3/coo.31924054870070/147.png"; bbox 0 0 3926 6474; ppageno 0'>
   <div class='ocr_carea' id='block_1_1' title="bbox 421 397 528 458">
    <p class='ocr_par' dir='ltr' id='par_1_1' title="bbox 421 397 528 458">
     <span class='ocr_line' id='line_1_1' title="bbox 421 397 528 458; baseline -0.009 0"><span class='ocrx_word' id='word_1_1' title='bbox 421 397 528 458; x_wconf 70' lang='lat'><strong>267</strong></span> 
     </span>
    </p>
   </div>
   <div class='ocr_carea' id='block_1_2' title="bbox 1591 388 2542 454">
    <p class='ocr_par' dir='ltr' id='par_1_2' title="bbox 1591 388 2542 454">
     <span class='ocr_line' id='line_1_2' title="bbox 1591 388 2542 454; baseline 0.004 -4"><span class='ocrx_word' id='word_1_2' title='bbox 1591 389 1856 452; x_wconf 84' lang='lat' dir='ltr'><strong>PHO&#39;lII</strong></span> <span class='ocrx_word' id='word_1_3' title='bbox 1887 388 2394 452; x_wconf 63' lang='lat' dir='ltr'><strong>PATRIARCHAS</strong></span> <span class='ocrx_word' id='word_1_4' title='bbox 2434 392 2542 454; x_wconf 69' lang='grc' dir='ltr'><strong>(ΣΡ.</strong></span> 
     </span>
    </p>
   </div>
   <div class='ocr_carea' id='block_1_3' title="bbox 3638 385 3749 450">
    <p class='ocr_par' dir='ltr' id='par_1_3' title="bbox 3638 385 3749 450">
     <span class='ocr_line' id='line_1_3' title="bbox 3638 385 3749 450; baseline 0.018 -2"><span class='ocrx_word' id='word_1_5' title='bbox 3638 385 3749 450; x_wconf 75' lang='grc'><strong>268</strong></span> 
     </span>
    </p>
   </div>
   <div class='ocr_carea' id='block_1_4' title="bbox 425 497 2024 577">
    <p class='ocr_par' dir='ltr' id='par_1_4' title="bbox 425 504 2024 577">
     <span class='ocr_line' id='line_1_4' title="bbox 425 504 2024 577; baseline -0.003 -16"><span class='ocrx_word' id='word_1_6' title='bbox 425 517 634 577; x_wconf 86' lang='lat' dir='ltr'><strong>partem</strong></span> <span class='ocrx_word' id='word_1_7' title='bbox 660 505 798 576; x_wconf 65' lang='grc' dir='ltr'>(Η),</span> <span class='ocrx_word' id='word_1_8' title='bbox 836 505 1177 562; x_wconf 87' lang='lat' dir='ltr'><strong>multitudine</strong></span> <span class='ocrx_word' id='word_1_9' title='bbox 1211 505 1324 572; x_wconf 82' lang='lat' dir='ltr'><strong>jam</strong></span> <span class='ocrx_word' id='word_1_10' title='bbox 1359 510 1517 557; x_wconf 84' lang='lat' dir='ltr'><strong>aucta</strong></span> <span class='ocrx_word' id='word_1_11' title='bbox 1553 505 1814 571; x_wconf 88' lang='lat' dir='ltr'><strong>civitate;</strong></span> <span class='ocrx_word' id='word_1_12' title='bbox 1845 504 2024 558; x_wconf 83' lang='lat' dir='ltr'><strong>addit-</strong></span> 
     </span>
    </p>
   </div>
   <div class='ocr_carea' id='block_1_5' title="bbox 2134 497 3750 577">
    <p class='ocr_par' dir='ltr' id='par_1_5' title="bbox 2134 497 3750 575">
     <span class='ocr_line' id='line_1_5' title="bbox 2134 497 3750 575; baseline -0.004 -19"><span class='ocrx_word' id='word_1_13' title='bbox 2134 522 2292 574; x_wconf 90' lang='grc' dir='ltr'>μενον</span> <span class='ocrx_word' id='word_1_14' title='bbox 2341 505 2507 575; x_wconf 79' lang='grc' dir='ltr'>μέρος</span> <span class='ocrx_word' id='word_1_15' title='bbox 2535 504 2616 575; x_wconf 83' lang='grc' dir='ltr'>τῷ</span> <span class='ocrx_word' id='word_1_16' title='bbox 2666 503 2824 574; x_wconf 82' lang='grc' dir='ltr'>δήμῳ</span> <span class='ocrx_word' id='word_1_17' title='bbox 2859 505 2939 566; x_wconf 83' lang='grc' dir='ltr'><strong>είς</strong></span> <span class='ocrx_word' id='word_1_18' title='bbox 2972 501 3172 570; x_wconf 77' lang='grc' dir='ltr'>πλῆθος</span> <span class='ocrx_word' id='word_1_19' title='bbox 3219 501 3325 570; x_wconf 65' lang='grc' dir='ltr'><strong>ἤδη</strong></span> <span class='ocrx_word' id='word_1_20' title='bbox 3376 498 3486 568; x_wconf 80' lang='grc' dir='ltr'>τῆς</span> <span class='ocrx_word' id='word_1_21' title='bbox 3530 497 3750 562; x_wconf 84' lang='grc' dir='ltr'>πόλεως</span> 
     </span>
    </p>
   </div>
   <div class='ocr_carea' id='block_1_6' title="bbox 425 596 2025 669">
    <p class='ocr_par' dir='ltr' id='par_1_6' title="bbox 425 596 2025 669">
     <span class='ocr_line' id='line_1_6' title="bbox 425 596 2025 669; baseline -0.003 -15"><span class='ocrx_word' id='word_1_22' title='bbox 425 615 530 669; x_wconf 84' lang='lat' dir='ltr'><strong>que</strong></span> <span class='ocrx_word' id='word_1_23' title='bbox 555 613 660 654; x_wconf 92' lang='lat' dir='ltr'><strong>uno</strong></span> <span class='ocrx_word' id='word_1_24' title='bbox 701 599 786 651; x_wconf 91' lang='lat' dir='ltr'><strong>die</strong></span> <span class='ocrx_word' id='word_1_25' title='bbox 831 613 1116 652; x_wconf 86' lang='lat' dir='ltr'><strong>numerum</strong></span> <span class='ocrx_word' id='word_1_26' title='bbox 1153 598 1342 652; x_wconf 90' lang='lat' dir='ltr'><strong>initum</strong></span> <span class='ocrx_word' id='word_1_27' title='bbox 1368 610 1491 650; x_wconf 89' lang='lat' dir='ltr'><strong>esse</strong></span> <span class='ocrx_word' id='word_1_28' title='bbox 1531 596 1730 650; x_wconf 85' lang='lat' dir='ltr'><strong>civium</strong></span> <span class='ocrx_word' id='word_1_29' title='bbox 1760 606 2025 667; x_wconf 86' lang='lat' dir='ltr'><strong>quatuor-</strong></span> 
     </span>
    </p>
   </div>
   <div class='ocr_carea' id='block_1_7' title="bbox 427 687 886 744">
    <p class='ocr_par' dir='ltr' id='par_1_7' title="bbox 427 687 886 744">
     <span class='ocr_line' id='line_1_7' title="bbox 427 687 886 744; baseline 0 -3"><span class='ocrx_word' id='word_1_30' title='bbox 427 689 598 744; x_wconf 87' lang='lat' dir='ltr'><strong>decim</strong></span> <span class='ocrx_word' id='word_1_31' title='bbox 633 687 886 742; x_wconf 86' lang='lat' dir='ltr'><strong>millium.</strong></span> 
     </span>
    </p>
   </div>
   <div class='ocr_carea' id='block_1_8' title="bbox 497 779 2026 850">
    <p class='ocr_par' dir='ltr' id='par_1_8' title="bbox 497 779 2026 850">
     <span class='ocr_line' id='line_1_8' title="bbox 497 779 2026 850; baseline 0 -16"><span class='ocrx_word' id='word_1_32' title='bbox 497 780 840 850; x_wconf 85' lang='lat' dir='ltr'><strong>Adaulphns,</strong></span> <span class='ocrx_word' id='word_1_33' title='bbox 895 794 1022 833; x_wconf 88' lang='lat' dir='ltr'><strong>nato</strong></span> <span class='ocrx_word' id='word_1_34' title='bbox 1067 781 1168 834; x_wconf 93' lang='lat' dir='ltr'><strong>sibi</strong></span> <span class='ocrx_word' id='word_1_35' title='bbox 1209 795 1238 834; x_wconf 90' lang='lat' dir='ltr'><strong>e</strong></span> <span class='ocrx_word' id='word_1_36' title='bbox 1270 779 1515 834; x_wconf 77' lang='lat' dir='ltr'><strong>Placidia</strong></span> <span class='ocrx_word' id='word_1_37' title='bbox 1552 780 1685 845; x_wconf 87' lang='lat' dir='ltr'><strong>filio,</strong></span> <span class='ocrx_word' id='word_1_38' title='bbox 1726 780 1812 834; x_wconf 92' lang='lat' dir='ltr'><strong>cui</strong></span> <span class='ocrx_word' id='word_1_39' title='bbox 1846 779 2026 834; x_wconf 83' lang='lat' dir='ltr'><strong>Theo-</strong></span> 
     </span>
    </p>
   </div>
   <div class='ocr_carea' id='block_1_9' title="bbox 429 859 2022 944">
    <p class='ocr_par' dir='ltr' id='par_1_9' title="bbox 429 859 2022 944">
     <span class='ocr_line' id='line_1_9' title="bbox 429 859 2022 944; baseline 0.003 -21"><span class='ocrx_word' id='word_1_40' title='bbox 429 874 582 926; x_wconf 77' lang='lat' dir='ltr'><strong>dosio</strong></span> <span class='ocrx_word' id='word_1_41' title='bbox 616 888 810 926; x_wconf 83' lang='lat' dir='ltr'><strong>nomen</strong></span> <span class='ocrx_word' id='word_1_42' title='bbox 841 874 1015 936; x_wconf 89' lang='lat' dir='ltr'><strong>dedit,</strong></span> <span class='ocrx_word' id='word_1_43' title='bbox 1039 874 1340 928; x_wconf 75' lang='lat' dir='ltr'><strong>Romanam</strong></span> <span class='ocrx_word' id='word_1_44' title='bbox 1366 874 1600 944; x_wconf 85' lang='lat' dir='ltr'><strong>amplius</strong></span> <span class='ocrx_word' id='word_1_45' title='bbox 1628 859 2022 942; x_wconf 85' lang='lat' dir='ltr'><strong>rempublicam</strong></span> 
     </span>
    </p>
   </div>
   <div class='ocr_carea' id='block_1_10' title="bbox 430 965 2022 1036">
    <p class='ocr_par' dir='ltr' id='par_1_10' title="bbox 430 965 2022 1036">
     <span class='ocr_line' id='line_1_10' title="bbox 430 965 2022 1036; baseline 0.001 -18"><span class='ocrx_word' id='word_1_46' title='bbox 430 979 616 1018; x_wconf 86' lang='lat' dir='ltr'><strong>amare</strong></span> <span class='ocrx_word' id='word_1_47' title='bbox 681 965 993 1019; x_wconf 90' lang='lat' dir='ltr'><strong>videbatur.</strong></span> <span class='ocrx_word' id='word_1_48' title='bbox 1025 965 1221 1020; x_wconf 82' lang='lat' dir='ltr'><strong>Verum</strong></span> <span class='ocrx_word' id='word_1_49' title='bbox 1241 966 1586 1032; x_wconf 82' lang='lat' dir='ltr'><strong>Constantio,</strong></span> <span class='ocrx_word' id='word_1_50' title='bbox 1618 967 1841 1036; x_wconf 85' lang='lat' dir='ltr'><strong>ejusque</strong></span> <span class='ocrx_word' id='word_1_51' title='bbox 1871 980 2022 1022; x_wconf 85' lang='lat' dir='ltr'><strong>assc-</strong></span> 
     </span>
    </p>
   </div>
   <div class='ocr_carea' id='block_1_11' title="bbox 446 1055 2024 1132">
    <p class='ocr_par' dir='ltr' id='par_1_11' title="bbox 446 1055 2024 1132">
     <span class='ocr_line' id='line_1_11' title="bbox 446 1055 2024 1132; baseline 0.003 -24"><span class='ocrx_word' id='word_1_52' title='bbox 446 1055 547 1109; x_wconf 84' lang='lat' dir='ltr'><strong>clis</strong></span> <span class='ocrx_word' id='word_1_53' title='bbox 603 1056 1058 1126; x_wconf 87' lang='lat' dir='ltr'><strong>repugnantibus,</strong></span> <span class='ocrx_word' id='word_1_54' title='bbox 1097 1059 1214 1127; x_wconf 83' lang='lat' dir='ltr'><strong>ejus</strong></span> <span class='ocrx_word' id='word_1_55' title='bbox 1243 1067 1297 1112; x_wconf 92' lang='lat' dir='ltr'><strong>et</strong></span> <span class='ocrx_word' id='word_1_56' title='bbox 1326 1059 1510 1112; x_wconf 80' lang='lat' dir='ltr'><strong>uxoris</strong></span> <span class='ocrx_word' id='word_1_57' title='bbox 1542 1057 2024 1132; x_wconf 74' lang='lat' dir='ltr'><strong>Placidiac,{pacis</strong></span> 
     </span>
    </p>
   </div>
   <div class='ocr_carea' id='block_1_12' title="bbox 438 1146 2025 1218">
    <p class='ocr_par' dir='ltr' id='par_1_12' title="bbox 438 1146 2025 1218">
     <span class='ocr_line' id='line_1_12' title="bbox 438 1146 2025 1218; baseline 0.001 -16"><span class='ocrx_word' id='word_1_58' title='bbox 438 1146 975 1218; x_wconf 73' lang='lat' dir='ltr'><strong>ineundm]conatus</strong></span> <span class='ocrx_word' id='word_1_59' title='bbox 1028 1151 1238 1204; x_wconf 80' lang='lat' dir='ltr'><strong>frustra</strong></span> <span class='ocrx_word' id='word_1_60' title='bbox 1265 1149 1502 1204; x_wconf 85' lang='lat' dir='ltr'><strong>fuerunt.</strong></span> <span class='ocrx_word' id='word_1_61' title='bbox 1537 1147 1877 1205; x_wconf 82' lang='lat' dir='ltr'><strong>Exstinctum</strong></span> <span class='ocrx_word' id='word_1_62' title='bbox 1927 1167 2025 1204; x_wconf 87' lang='lat' dir='ltr'><strong>au-</strong></span> 
     </span>
    </p>
   </div>
   <div class='ocr_carea' id='block_1_13' title="bbox 434 1239 2018 1308">
    <p class='ocr_par' dir='ltr' id='par_1_13' title="bbox 434 1239 2018 1308">
     <span class='ocr_line' id='line_1_13' title="bbox 434 1239 2018 1308; baseline 0.003 -16"><span class='ocrx_word' id='word_1_63' title='bbox 434 1249 538 1292; x_wconf 89' lang='lat' dir='ltr'><strong>tem</strong></span> <span class='ocrx_word' id='word_1_64' title='bbox 570 1249 754 1307; x_wconf 89' lang='lat' dir='ltr'><strong>postea</strong></span> <span class='ocrx_word' id='word_1_65' title='bbox 784 1239 1045 1295; x_wconf 85' lang='lat' dir='ltr'><strong>infantem</strong></span> <span class='ocrx_word' id='word_1_66' title='bbox 1104 1240 1459 1294; x_wconf 76' lang='lat' dir='ltr'><strong>vehementer</strong></span> <span class='ocrx_word' id='word_1_67' title='bbox 1515 1250 1750 1308; x_wconf 86' lang='lat' dir='ltr'><strong>uterque</strong></span> <span class='ocrx_word' id='word_1_68' title='bbox 1811 1256 2018 1307; x_wconf 85' lang='lat' dir='ltr'><strong>parens</strong></span> 
     </span>
    </p>
   </div>
   <div class='ocr_carea' id='block_1_14' title="bbox 431 1322 2024 1401">
    <p class='ocr_par' dir='ltr' id='par_1_14' title="bbox 431 1322 2024 1401">
     <span class='ocr_line' id='line_1_14' title="bbox 431 1322 2024 1401; baseline 0.001 -18"><span class='ocrx_word' id='word_1_69' title='bbox 431 1329 569 1383; x_wconf 83' lang='lat' dir='ltr'><strong>luxit</strong></span> <span class='ocrx_word' id='word_1_70' title='bbox 622 1331 766 1401; x_wconf 79' lang='lat' dir='ltr'><strong>60a</strong></span> <span class='ocrx_word' id='word_1_71' title='bbox 798 1341 1164 1400; x_wconf 87' lang='lat' dir='ltr'><strong>argenteaque</strong></span> <span class='ocrx_word' id='word_1_72' title='bbox 1187 1322 1350 1401; x_wconf 71' lang='lat' dir='ltr'><strong>cap&#39;sa</strong></span> <span class='ocrx_word' id='word_1_73' title='bbox 1374 1331 1674 1393; x_wconf 75' lang='lat' dir='ltr'><strong>conditum,</strong></span> <span class='ocrx_word' id='word_1_74' title='bbox 1713 1329 1864 1400; x_wconf 74' lang='lat' dir='ltr'><strong>juxta</strong></span> <span class='ocrx_word' id='word_1_75' title='bbox 1899 1331 2024 1384; x_wconf 81' lang='lat' dir='ltr'><strong>Bar-</strong></span> 
     </span>
    </p>
   </div>
   <div class='ocr_carea' id='block_1_15' title="bbox 431 1420 2024 1490">
    <p class='ocr_par' dir='ltr' id='par_1_15' title="bbox 431 1420 2024 1490">
     <span class='ocr_line' id='line_1_15' title="bbox 431 1420 2024 1490; baseline -0.001 -15"><span class='ocrx_word' id='word_1_76' title='bbox 431 1421 685 1475; x_wconf 83' lang='lat' dir='ltr'><strong>cinonem</strong></span> <span class='ocrx_word' id='word_1_77' title='bbox 717 1423 768 1474; x_wconf 93' lang='lat' dir='ltr'><strong>in</strong></span> <span class='ocrx_word' id='word_1_78' title='bbox 805 1421 1006 1489; x_wconf 88' lang='lat' dir='ltr'><strong>templo</strong></span> <span class='ocrx_word' id='word_1_79' title='bbox 1037 1421 1267 1490; x_wconf 86' lang='lat' dir='ltr'><strong>quodam</strong></span> <span class='ocrx_word' id='word_1_80' title='bbox 1303 1421 1656 1488; x_wconf 87' lang='lat' dir='ltr'><strong>sepelierunt.</strong></span> <span class='ocrx_word' id='word_1_81' title='bbox 1694 1420 2024 1474; x_wconf 85' lang='lat' dir='ltr'><strong>lnterficitnr</strong></span> 
     </span>
    </p>
   </div>
   <div class='ocr_carea' id='block_1_16' title="bbox 433 1511 2023 1584">
    <p class='ocr_par' dir='ltr' id='par_1_16' title="bbox 433 1511 2023 1584">
     <span class='ocr_line' id='line_1_16' title="bbox 433 1511 2023 1584; baseline -0.003 -17"><span class='ocrx_word' id='word_1_82' title='bbox 433 1514 629 1568; x_wconf 88' lang='lat' dir='ltr'><strong>deinde</strong></span> <span class='ocrx_word' id='word_1_83' title='bbox 663 1524 717 1568; x_wconf 92' lang='lat' dir='ltr'><strong>et</strong></span> <span class='ocrx_word' id='word_1_84' title='bbox 753 1514 1073 1582; x_wconf 86' lang='lat' dir='ltr'><strong>Adaulpbus</strong></span> <span class='ocrx_word' id='word_1_85' title='bbox 1109 1513 1221 1580; x_wconf 87' lang='lat' dir='ltr'><strong>ipse</strong></span> <span class='ocrx_word' id='word_1_86' title='bbox 1260 1511 1410 1584; x_wconf 90' lang='lat' dir='ltr'><strong>(dum</strong></span> <span class='ocrx_word' id='word_1_87' title='bbox 1443 1526 1610 1580; x_wconf 87' lang='lat' dir='ltr'><strong>equos</strong></span> <span class='ocrx_word' id='word_1_88' title='bbox 1643 1517 1772 1565; x_wconf 73' lang='lat' dir='ltr'><strong>suos</strong></span> <span class='ocrx_word' id='word_1_89' title='bbox 1820 1511 1871 1564; x_wconf 93' lang='lat' dir='ltr'><strong>in</strong></span> <span class='ocrx_word' id='word_1_90' title='bbox 1907 1523 2023 1564; x_wconf 76' lang='lat' dir='ltr'><strong>sta-</strong></span> 
     </span>
    </p>
   </div>
   <div class='ocr_carea' id='block_1_17' title="bbox 431 1603 2020 1675">
    <p class='ocr_par' dir='ltr' id='par_1_17' title="bbox 431 1603 2020 1675">
     <span class='ocr_line' id='line_1_17' title="bbox 431 1603 2020 1675; baseline -0.004 -14"><span class='ocrx_word' id='word_1_91' title='bbox 431 1607 561 1661; x_wconf 87' lang='lat' dir='ltr'><strong>bnlo</strong></span> <span class='ocrx_word' id='word_1_92' title='bbox 591 1645 606 1674; x_wconf 89' lang='lat'><strong>,</strong></span> <span class='ocrx_word' id='word_1_93' title='bbox 638 1607 703 1661; x_wconf 88' lang='lat' dir='ltr'><strong>de</strong></span> <span class='ocrx_word' id='word_1_94' title='bbox 732 1621 908 1670; x_wconf 89' lang='lat' dir='ltr'><strong>more,</strong></span> <span class='ocrx_word' id='word_1_95' title='bbox 972 1603 1398 1675; x_wconf 84' lang='lat' dir='ltr'><strong>contemplatur)</strong></span> <span class='ocrx_word' id='word_1_96' title='bbox 1429 1619 1460 1658; x_wconf 83' lang='lat' dir='ltr'><strong>a</strong></span> <span class='ocrx_word' id='word_1_97' title='bbox 1514 1603 1718 1659; x_wconf 89' lang='lat' dir='ltr'><strong>Gottho</strong></span> <span class='ocrx_word' id='word_1_98' title='bbox 1785 1606 2020 1674; x_wconf 85' lang='lat' dir='ltr'><strong>quodam</strong></span> 
     </span>
    </p>
   </div>
   <div class='ocr_carea' id='block_1_18' title="bbox 437 1698 2022 1773">
    <p class='ocr_par' dir='ltr' id='par_1_18' title="bbox 437 1698 2022 1773">
     <span class='ocr_line' id='line_1_18' title="bbox 437 1698 2022 1773; baseline -0.001 -21"><span class='ocrx_word' id='word_1_99' title='bbox 437 1698 556 1766; x_wconf 90' lang='lat' dir='ltr'><strong>ejus</strong></span> <span class='ocrx_word' id='word_1_100' title='bbox 593 1699 914 1766; x_wconf 91' lang='lat' dir='ltr'><strong>domestico,</strong></span> <span class='ocrx_word' id='word_1_101' title='bbox 957 1699 1144 1754; x_wconf 87' lang='lat' dir='ltr'><strong>Dohbii</strong></span> <span class='ocrx_word' id='word_1_102' title='bbox 1182 1699 1420 1773; x_wconf 88' lang='lat' dir='ltr'><strong>nomine,</strong></span> <span class='ocrx_word' id='word_1_103' title='bbox 1459 1712 1582 1754; x_wconf 89' lang='lat' dir='ltr'><strong>cum</strong></span> <span class='ocrx_word' id='word_1_104' title='bbox 1633 1699 1771 1752; x_wconf 86' lang='lat' dir='ltr'><strong>hanc</strong></span> <span class='ocrx_word' id='word_1_105' title='bbox 1820 1698 2022 1751; x_wconf 81' lang='lat' dir='ltr'><strong>veteris</strong></span> 
     </span>
    </p>
   </div>
   <div class='ocr_carea' id='block_1_19' title="bbox 435 1788 2018 1864">
    <p class='ocr_par' dir='ltr' id='par_1_19' title="bbox 435 1788 2018 1864">
     <span class='ocr_line' id='line_1_19' title="bbox 435 1788 2018 1864; baseline -0.003 -18"><span class='ocrx_word' id='word_1_106' title='bbox 435 1793 544 1847; x_wconf 88' lang='lat' dir='ltr'><strong>odii</strong></span> <span class='ocrx_word' id='word_1_107' title='bbox 611 1792 925 1847; x_wconf 86' lang='lat' dir='ltr'><strong>vindicandi</strong></span> <span class='ocrx_word' id='word_1_108' title='bbox 984 1791 1331 1864; x_wconf 83' lang='lat' dir='ltr'><strong>occasionem</strong></span> <span class='ocrx_word' id='word_1_109' title='bbox 1371 1791 1460 1844; x_wconf 86' lang='lat' dir='ltr'><strong>ille</strong></span> <span class='ocrx_word' id='word_1_110' title='bbox 1512 1800 1822 1859; x_wconf 86' lang='lat' dir='ltr'><strong>captasset;</strong></span> <span class='ocrx_word' id='word_1_111' title='bbox 1855 1788 2018 1857; x_wconf 77' lang='lat' dir='ltr'><strong>hujus</strong></span> 
     </span>
    </p>
   </div>
   <div class='ocr_carea' id='block_1_20' title="bbox 2127 592 3754 669">
    <p class='ocr_par' dir='ltr' id='par_1_20' title="bbox 2127 592 3754 669">
     <span class='ocr_line' id='line_1_20' title="bbox 2127 592 3754 669; baseline -0.005 -19"><span class='ocrx_word' id='word_1_112' title='bbox 2127 597 2504 669; x_wconf 81' lang='grc' dir='ltr'>ὲπιδιδούσης·</span> <span class='ocrx_word' id='word_1_113' title='bbox 2563 597 2769 668; x_wconf 74' lang='grc' dir='ltr'>ἔγραψε</span> <span class='ocrx_word' id='word_1_114' title='bbox 2800 597 2910 667; x_wconf 85' lang='grc' dir='ltr'>γὰρ</span> <span class='ocrx_word' id='word_1_115' title='bbox 2937 596 2980 626; x_wconf 75' lang='grc'>⁷⁸</span> <span class='ocrx_word' id='word_1_116' title='bbox 3022 594 3116 647; x_wconf 79' lang='grc' dir='ltr'><strong>καὶ</strong></span> <span class='ocrx_word' id='word_1_117' title='bbox 3160 596 3218 646; x_wconf 75' lang='grc' dir='ltr'><strong>ἐν</strong></span> <span class='ocrx_word' id='word_1_118' title='bbox 3260 594 3370 663; x_wconf 79' lang='grc' dir='ltr'>μιᾷ</span> <span class='ocrx_word' id='word_1_119' title='bbox 3422 592 3630 662; x_wconf 74' lang='grc' dir='ltr'>ἡμέρᾳ</span> <span class='ocrx_word' id='word_1_120' title='bbox 3661 607 3754 643; x_wconf 85' lang='grc' dir='ltr'>τε-</span> 
     </span>
    </p>
   </div>
   <div class='ocr_carea' id='block_1_21' title="bbox 2129 687 3416 760">
    <p class='ocr_par' dir='ltr' id='par_1_21' title="bbox 2129 687 3416 760">
     <span class='ocr_line' id='line_1_21' title="bbox 2129 687 3416 760; baseline -0.004 -18"><span class='ocrx_word' id='word_1_121' title='bbox 2129 690 2386 759; x_wconf 77' lang='grc' dir='ltr'>τέχθαι⁷³</span> <span class='ocrx_word' id='word_1_122' title='bbox 2419 689 2652 760; x_wconf 64' lang='grc' dir='ltr'>ἀριθμὸν</span> <span class='ocrx_word' id='word_1_123' title='bbox 2683 688 2937 759; x_wconf 80' lang='grc' dir='ltr'><strong>χιλιάδων</strong></span> <span class='ocrx_word' id='word_1_124' title='bbox 2963 687 3416 755; x_wconf 71' lang='grc' dir='ltr'><strong>δεκατεσσάρων.</strong></span> 
     </span>
    </p>
   </div>
   <div class='ocr_carea' id='block_1_22' title="bbox 2202 773 3754 853">
    <p class='ocr_par' dir='ltr' id='par_1_22' title="bbox 2202 773 3754 853">
     <span class='ocr_line' id='line_1_22' title="bbox 2202 773 3754 853; baseline -0.006 -20"><span class='ocrx_word' id='word_1_125' title='bbox 2202 781 2328 852; x_wconf 69' lang='grc' dir='ltr'><strong>μθθ</strong></span> <span class='ocrx_word' id='word_1_126' title='bbox 2359 780 2455 853; x_wconf 78' lang='grc' dir='ltr'><strong>Η.]</strong></span> <span class='ocrx_word' id='word_1_127' title='bbox 2488 781 2606 834; x_wconf 77' lang='grc' dir='ltr'>Ὀτι</span> <span class='ocrx_word' id='word_1_128' title='bbox 2652 778 2977 845; x_wconf 81' lang='grc' dir='ltr'>’Λδαοῦλφος</span> <span class='ocrx_word' id='word_1_129' title='bbox 3013 778 3301 846; x_wconf 83' lang='grc' dir='ltr'>τεχθέντος</span> <span class='ocrx_word' id='word_1_130' title='bbox 3347 773 3515 843; x_wconf 83' lang='grc' dir='ltr'>αὐτῷ</span> <span class='ocrx_word' id='word_1_131' title='bbox 3548 775 3616 826; x_wconf 81' lang='grc' dir='ltr'>ὲκ</span> <span class='ocrx_word' id='word_1_132' title='bbox 3648 775 3754 841; x_wconf 67' lang='grc' dir='ltr'>τῆς</span> 
     </span>
    </p>
   </div>
   <div class='ocr_carea' id='block_1_23' title="bbox 2127 863 3748 937">
    <p class='ocr_par' dir='ltr' id='par_1_23' title="bbox 2127 863 3748 937">
     <span class='ocr_line' id='line_1_23' title="bbox 2127 863 3748 937; baseline -0.004 -11"><span class='ocrx_word' id='word_1_133' title='bbox 2127 873 2422 936; x_wconf 86' lang='grc' dir='ltr'>Πλακιδίας</span> <span class='ocrx_word' id='word_1_134' title='bbox 2467 872 2674 936; x_wconf 80' lang='grc' dir='ltr'>παιδὸς,</span> <span class='ocrx_word' id='word_1_135' title='bbox 2716 863 2761 937; x_wconf 85' lang='grc' dir='ltr'><strong>ᾧ</strong></span> <span class='ocrx_word' id='word_1_136' title='bbox 2801 869 3094 923; x_wconf 49' lang='lat' dir='ltr'><strong>ensem”</strong></span> <span class='ocrx_word' id='word_1_137' title='bbox 3149 868 3352 935; x_wconf 79' lang='grc' dir='ltr'><strong>κλῆσιν</strong></span> <span class='ocrx_word' id='word_1_138' title='bbox 3429 864 3748 929; x_wconf 75' lang='grc' dir='ltr'><strong>Θεοδόσιον,</strong></span> 
     </span>
    </p>
   </div>
   <div class='ocr_carea' id='block_1_24' title="bbox 2127 947 3750 1033">
    <p class='ocr_par' dir='ltr' id='par_1_24' title="bbox 2127 947 3750 1033">
     <span class='ocr_line' id='line_1_24' title="bbox 2127 947 3750 1033; baseline -0.007 -15"><span class='ocrx_word' id='word_1_139' title='bbox 2127 965 2290 1019; x_wconf 85' lang='grc' dir='ltr'>πλέον</span> <span class='ocrx_word' id='word_1_140' title='bbox 2320 963 2602 1033; x_wconf 70' lang='grc' dir='ltr'>ἠσπάζετο</span> <span class='ocrx_word' id='word_1_141' title='bbox 2633 962 2732 1032; x_wconf 82' lang='grc' dir='ltr'><strong>τὴν</strong></span> <span class='ocrx_word' id='word_1_142' title='bbox 2763 962 2900 1032; x_wconf 82' lang='grc' dir='ltr'>πρὸς</span> <span class='ocrx_word' id='word_1_143' title='bbox 2957 947 3264 1029; x_wconf 83' lang='grc' dir='ltr'>Ῥωμαίούς</span> <span class='ocrx_word' id='word_1_144' title='bbox 3313 957 3549 1025; x_wconf 78' lang='grc' dir='ltr'>φιλίαν·</span> <span class='ocrx_word' id='word_1_145' title='bbox 3587 957 3750 1009; x_wconf 80' lang='grc' dir='ltr'>Κωνο</span> 
     </span>
    </p>
   </div>
   <div class='ocr_carea' id='block_1_25' title="bbox 2128 1037 3749 1123">
    <p class='ocr_par' dir='ltr' id='par_1_25' title="bbox 2128 1037 3749 1123">
     <span class='ocr_line' id='line_1_25' title="bbox 2128 1037 3749 1123; baseline -0.006 -15"><span class='ocrx_word' id='word_1_146' title='bbox 2128 1055 2378 1108; x_wconf 85' lang='grc' dir='ltr'>σταντίυυ</span> <span class='ocrx_word' id='word_1_147' title='bbox 2399 1055 2456 1106; x_wconf 82' lang='grc' dir='ltr'>δὲ</span> <span class='ocrx_word' id='word_1_148' title='bbox 2483 1056 2578 1107; x_wconf 76' lang='grc' dir='ltr'><strong>καὶ</strong></span> <span class='ocrx_word' id='word_1_149' title='bbox 2606 1054 2716 1106; x_wconf 79' lang='grc' dir='ltr'><strong>τῶν</strong></span> <span class='ocrx_word' id='word_1_150' title='bbox 2744 1053 2874 1123; x_wconf 79' lang='grc' dir='ltr'>περὶ</span> <span class='ocrx_word' id='word_1_151' title='bbox 2907 1052 3284 1104; x_wconf 79' lang='grc' dir='ltr'>Κωνστάντιον</span> <span class='ocrx_word' id='word_1_152' title='bbox 3325 1037 3749 1119; x_wconf 69' lang='grc' dir='ltr'>ἀντιπραττόῗμ</span> 
     </span>
    </p>
   </div>
   <div class='ocr_carea' id='block_1_26' title="bbox 2125 1142 3747 1218">
    <p class='ocr_par' dir='ltr' id='par_1_26' title="bbox 2125 1142 3747 1218">
     <span class='ocr_line' id='line_1_26' title="bbox 2125 1142 3747 1218; baseline -0.006 -17"><span class='ocrx_word' id='word_1_153' title='bbox 2125 1167 2232 1202; x_wconf 91' lang='grc' dir='ltr'><strong>των</strong></span> <span class='ocrx_word' id='word_1_154' title='bbox 2255 1147 2448 1218; x_wconf 79' lang='grc' dir='ltr'>ἔμενεν</span> <span class='ocrx_word' id='word_1_155' title='bbox 2464 1147 2746 1216; x_wconf 78' lang='grc' dir='ltr'><strong>ἄπρακτος</strong></span> <span class='ocrx_word' id='word_1_156' title='bbox 2769 1149 2802 1216; x_wconf 83' lang='grc' dir='ltr'>ἡ</span> <span class='ocrx_word' id='word_1_157' title='bbox 2824 1145 3015 1198; x_wconf 62' lang='grc' dir='ltr'>τούτδυ</span> <span class='ocrx_word' id='word_1_158' title='bbox 3038 1147 3131 1197; x_wconf 72' lang='grc' dir='ltr'><strong>καὶ</strong></span> <span class='ocrx_word' id='word_1_159' title='bbox 3147 1146 3193 1175; x_wconf 76' lang='grc' dir='ltr'><strong>τ⁸</strong></span> <span class='ocrx_word' id='word_1_160' title='bbox 3227 1142 3547 1199; x_wconf 73' lang='grc' dir='ltr'>Πλακιδίας</span> <span class='ocrx_word' id='word_1_161' title='bbox 3574 1143 3747 1211; x_wconf 81' lang='grc' dir='ltr'>ὁρμή.</span> 
     </span>
    </p>
   </div>
   <div class='ocr_carea' id='block_1_27' title="bbox 2126 1233 3747 1310">
    <p class='ocr_par' dir='ltr' id='par_1_27' title="bbox 2126 1233 3747 1310">
     <span class='ocr_line' id='line_1_27' title="bbox 2126 1233 3747 1310; baseline -0.005 -15"><span class='ocrx_word' id='word_1_162' title='bbox 2126 1242 2562 1310; x_wconf 78' lang='grc' dir='ltr'><strong>Τελευτήσαντος</strong></span> <span class='ocrx_word' id='word_1_163' title='bbox 2583 1239 2638 1292; x_wconf 79' lang='grc' dir='ltr'><strong>δὲ</strong></span> <span class='ocrx_word' id='word_1_164' title='bbox 2656 1239 2751 1291; x_wconf 76' lang='grc' dir='ltr'>τοῦ</span> <span class='ocrx_word' id='word_1_165' title='bbox 2779 1239 2966 1301; x_wconf 71' lang='grc' dir='ltr'>παιδὸς</span> <span class='ocrx_word' id='word_1_166' title='bbox 2991 1237 3184 1297; x_wconf 80' lang='grc' dir='ltr'><strong>πένθος</strong></span> <span class='ocrx_word' id='word_1_167' title='bbox 3203 1235 3352 1306; x_wconf 80' lang='grc' dir='ltr'>μέγα</span> <span class='ocrx_word' id='word_1_168' title='bbox 3373 1233 3545 1287; x_wconf 81' lang='grc' dir='ltr'>ποιοῦ</span> <span class='ocrx_word' id='word_1_169' title='bbox 3555 1250 3642 1286; x_wconf 90' lang='grc' dir='ltr'><strong>σιν</strong></span> <span class='ocrx_word' id='word_1_170' title='bbox 3661 1235 3747 1287; x_wconf 70' lang='grc' dir='ltr'><strong>ἐπ’</strong></span> 
     </span>
    </p>
   </div>
   <div class='ocr_carea' id='block_1_28' title="bbox 2125 1327 3750 1404">
    <p class='ocr_par' dir='ltr' id='par_1_28' title="bbox 2125 1327 3750 1404">
     <span class='ocr_line' id='line_1_28' title="bbox 2125 1327 3750 1404; baseline -0.007 -17"><span class='ocrx_word' id='word_1_171' title='bbox 2125 1333 2297 1404; x_wconf 80' lang='grc' dir='ltr'>αὐτῷ,</span> <span class='ocrx_word' id='word_1_172' title='bbox 2331 1333 2428 1386; x_wconf 76' lang='grc' dir='ltr'>καὶ</span> <span class='ocrx_word' id='word_1_173' title='bbox 2455 1333 2753 1387; x_wconf 87' lang='grc' dir='ltr'>θάπτουσιν</span> <span class='ocrx_word' id='word_1_174' title='bbox 2781 1333 2842 1383; x_wconf 81' lang='grc' dir='ltr'><strong>ὲν</strong></span> <span class='ocrx_word' id='word_1_175' title='bbox 2867 1330 3099 1400; x_wconf 79' lang='grc' dir='ltr'><strong>λάρνακι</strong></span> <span class='ocrx_word' id='word_1_176' title='bbox 3136 1329 3486 1389; x_wconf 80' lang='grc' dir='ltr'>καταθέντες</span> <span class='ocrx_word' id='word_1_177' title='bbox 3521 1327 3750 1397; x_wconf 76' lang='grc' dir='ltr'>ἀργυρᾷ</span> 
     </span>
    </p>
   </div>
   <div class='ocr_carea' id='block_1_29' title="bbox 2126 1415 3748 1497">
    <p class='ocr_par' dir='ltr' id='par_1_29' title="bbox 2126 1415 3748 1497">
     <span class='ocr_line' id='line_1_29' title="bbox 2126 1415 3748 1497; baseline -0.006 -19"><span class='ocrx_word' id='word_1_178' title='bbox 2126 1427 2231 1497; x_wconf 55' lang='lat' dir='ltr'><strong>etp-lt</strong></span> <span class='ocrx_word' id='word_1_179' title='bbox 2267 1427 2367 1494; x_wconf 83' lang='grc' dir='ltr'>τῆς</span> <span class='ocrx_word' id='word_1_180' title='bbox 2396 1423 2782 1496; x_wconf 81' lang='grc' dir='ltr'>Βαρκέλλωνος</span> <span class='ocrx_word' id='word_1_181' title='bbox 2823 1422 2880 1474; x_wconf 80' lang='grc' dir='ltr'>έν</span> <span class='ocrx_word' id='word_1_182' title='bbox 2909 1439 3015 1474; x_wconf 85' lang='grc' dir='ltr'>τινι</span> <span class='ocrx_word' id='word_1_183' title='bbox 3064 1423 3368 1491; x_wconf 79' lang='grc' dir='ltr'>εὐκτηρίῳ.</span> <span class='ocrx_word' id='word_1_184' title='bbox 3404 1415 3551 1472; x_wconf 81' lang='grc' dir='ltr'>Εἶτα</span> <span class='ocrx_word' id='word_1_185' title='bbox 3596 1422 3748 1470; x_wconf 79' lang='grc' dir='ltr'>ἀναι-</span> 
     </span>
    </p>
   </div>
   <div class='ocr_carea' id='block_1_30' title="bbox 2127 1513 3746 1592">
    <p class='ocr_par' dir='ltr' id='par_1_30' title="bbox 2127 1513 3746 1592">
     <span class='ocr_line' id='line_1_30' title="bbox 2127 1513 3746 1592; baseline -0.005 -20"><span class='ocrx_word' id='word_1_186' title='bbox 2127 1524 2301 1592; x_wconf 84' lang='grc' dir='ltr'>ρεῖται</span> <span class='ocrx_word' id='word_1_187' title='bbox 2332 1519 2427 1572; x_wconf 71' lang='grc' dir='ltr'>καὶ</span> <span class='ocrx_word' id='word_1_188' title='bbox 2477 1516 2838 1586; x_wconf 49' lang='grc' dir='ltr'>Ἀδαοῧλεος,</span> <span class='ocrx_word' id='word_1_189' title='bbox 2871 1517 2947 1576; x_wconf 79' lang='grc' dir='ltr'><strong>εἰς</strong></span> <span class='ocrx_word' id='word_1_190' title='bbox 2982 1517 3315 1585; x_wconf 79' lang='grc' dir='ltr'>ὲπιτήρησιν</span> <span class='ocrx_word' id='word_1_191' title='bbox 3369 1514 3492 1566; x_wconf 81' lang='grc' dir='ltr'>τῶν</span> <span class='ocrx_word' id='word_1_192' title='bbox 3520 1513 3746 1568; x_wconf 82' lang='grc' dir='ltr'>οἰκείων</span> 
     </span>
    </p>
   </div>
   <div class='ocr_carea' id='block_1_31' title="bbox 2125 1604 3742 1676">
    <p class='ocr_par' dir='ltr' id='par_1_31' title="bbox 2125 1604 3742 1676">
     <span class='ocr_line' id='line_1_31' title="bbox 2125 1604 3742 1676; baseline -0.003 -13"><span class='ocrx_word' id='word_1_193' title='bbox 2125 1611 2329 1676; x_wconf 78' lang='grc' dir='ltr'>ἵππων,</span> <span class='ocrx_word' id='word_1_194' title='bbox 2373 1610 2449 1673; x_wconf 83' lang='grc' dir='ltr'>ὡς</span> <span class='ocrx_word' id='word_1_195' title='bbox 2485 1610 2690 1662; x_wconf 82' lang='grc' dir='ltr'>εἴθιστο</span> <span class='ocrx_word' id='word_1_196' title='bbox 2739 1607 2912 1674; x_wconf 79' lang='grc' dir='ltr'>αὐτῷ,</span> <span class='ocrx_word' id='word_1_197' title='bbox 2961 1606 3253 1676; x_wconf 77' lang='grc' dir='ltr'>διατρίϐων</span> <span class='ocrx_word' id='word_1_198' title='bbox 3288 1607 3354 1658; x_wconf 79' lang='grc' dir='ltr'><strong>ἐν</strong></span> <span class='ocrx_word' id='word_1_199' title='bbox 3386 1604 3472 1675; x_wconf 80' lang='grc' dir='ltr'>τῷ</span> <span class='ocrx_word' id='word_1_200' title='bbox 3511 1605 3742 1659; x_wconf 81' lang='grc' dir='ltr'><strong>ἱππῶνι.</strong></span> 
     </span>
    </p>
   </div>
   <div class='ocr_carea' id='block_1_32' title="bbox 2135 1694 3744 1772">
    <p class='ocr_par' dir='ltr' id='par_1_32' title="bbox 2135 1694 3744 1772">
     <span class='ocr_line' id='line_1_32' title="bbox 2135 1694 3744 1772; baseline -0.004 -17"><span class='ocrx_word' id='word_1_201' title='bbox 2135 1705 2377 1772; x_wconf 82' lang='grc' dir='ltr'>’Λναιρεῖ</span> <span class='ocrx_word' id='word_1_202' title='bbox 2419 1702 2475 1755; x_wconf 84' lang='grc' dir='ltr'><strong>δὲ</strong></span> <span class='ocrx_word' id='word_1_203' title='bbox 2523 1701 2684 1754; x_wconf 74' lang='grc' dir='ltr'>αὐτὸν</span> <span class='ocrx_word' id='word_1_204' title='bbox 2719 1694 2882 1764; x_wconf 50' lang='lat' dir='ltr'><strong>sig”</strong></span> <span class='ocrx_word' id='word_1_205' title='bbox 2914 1700 3022 1754; x_wconf 85' lang='grc' dir='ltr'>τῶν</span> <span class='ocrx_word' id='word_1_206' title='bbox 3071 1698 3290 1752; x_wconf 79' lang='grc' dir='ltr'>οἰκείων</span> <span class='ocrx_word' id='word_1_207' title='bbox 3331 1697 3565 1750; x_wconf 86' lang='grc' dir='ltr'>Γότθων</span> <span class='ocrx_word' id='word_1_208' title='bbox 3613 1697 3744 1749; x_wconf 77' lang='grc' dir='ltr'><strong>Δού-</strong></span> 
     </span>
    </p>
   </div>
   <div class='ocr_carea' id='block_1_33' title="bbox 2125 1789 3740 1863">
    <p class='ocr_par' dir='ltr' id='par_1_33' title="bbox 2125 1789 3740 1863">
     <span class='ocr_line' id='line_1_33' title="bbox 2125 1789 3740 1863; baseline -0.004 -16"><span class='ocrx_word' id='word_1_209' title='bbox 2125 1794 2303 1857; x_wconf 83' lang='grc' dir='ltr'>6ιος⁷⁶</span> <span class='ocrx_word' id='word_1_210' title='bbox 2350 1792 2612 1863; x_wconf 77' lang='grc' dir='ltr'>τούνομα,</span> <span class='ocrx_word' id='word_1_211' title='bbox 2667 1792 2869 1862; x_wconf 80' lang='grc' dir='ltr'>ἔχθραν</span> <span class='ocrx_word' id='word_1_212' title='bbox 2906 1791 3146 1844; x_wconf 84' lang='grc' dir='ltr'>παλαιὰν</span> <span class='ocrx_word' id='word_1_213' title='bbox 3187 1789 3740 1861; x_wconf 79' lang='grc' dir='ltr'>καιροφυλακήσας⁶</span> 
     </span>
    </p>
   </div>
   <div class='ocr_carea' id='block_1_34' title="bbox 431 1860 2024 1956">
    <p class='ocr_par' dir='ltr' id='par_1_34' title="bbox 431 1880 2022 1953">
     <span class='ocr_line' id='line_1_34' title="bbox 431 1880 2022 1953; baseline -0.002 -16"><span class='ocrx_word' id='word_1_214' title='bbox 431 1883 575 1937; x_wconf 91' lang='lat' dir='ltr'><strong>enim</strong></span> <span class='ocrx_word' id='word_1_215' title='bbox 614 1883 764 1953; x_wconf 91' lang='lat' dir='ltr'><strong>prior</strong></span> <span class='ocrx_word' id='word_1_216' title='bbox 799 1884 1078 1944; x_wconf 86' lang='lat' dir='ltr'><strong>dominus,</strong></span> <span class='ocrx_word' id='word_1_217' title='bbox 1114 1880 1386 1936; x_wconf 74' lang='lat' dir='ltr'><strong>Gotthicze</strong></span> <span class='ocrx_word' id='word_1_218' title='bbox 1438 1882 1610 1950; x_wconf 88' lang='lat' dir='ltr'><strong>partis</strong></span> <span class='ocrx_word' id='word_1_219' title='bbox 1670 1896 1789 1944; x_wconf 82' lang='lat' dir='ltr'><strong>rex,</strong></span> <span class='ocrx_word' id='word_1_220' title='bbox 1845 1880 2022 1934; x_wconf 81' lang='lat' dir='ltr'><strong>fuerat</strong></span> 
     </span>
    </p>
   </div>
   <div class='ocr_carea' id='block_1_35' title="bbox 2134 1860 3742 1956">
    <p class='ocr_par' dir='ltr' id='par_1_35' title="bbox 2134 1860 3742 1956">
     <span class='ocr_line' id='line_1_35' title="bbox 2134 1860 3742 1956; baseline -0.004 -19"><span class='ocrx_word' id='word_1_221' title='bbox 2134 1887 2292 1938; x_wconf 87' lang='grc' dir='ltr'>πάλαι</span> <span class='ocrx_word' id='word_1_222' title='bbox 2320 1886 2425 1956; x_wconf 79' lang='grc' dir='ltr'>γὰρ</span> <span class='ocrx_word' id='word_1_223' title='bbox 2554 1886 2582 1938; x_wconf 90' lang='grc' dir='ltr'>ὁ</span> <span class='ocrx_word' id='word_1_224' title='bbox 2603 1885 2645 1915; x_wconf 84' lang='grc'><strong>⁷⁷</strong></span> <span class='ocrx_word' id='word_1_225' title='bbox 2678 1860 2872 1937; x_wconf 70' lang='grc' dir='ltr'>τοότου</span> <span class='ocrx_word' id='word_1_226' title='bbox 2901 1883 3191 1952; x_wconf 78' lang='grc' dir='ltr'><strong>δεσπότης,</strong></span> <span class='ocrx_word' id='word_1_227' title='bbox 3223 1860 3434 1952; x_wconf 85' lang='grc' dir='ltr'>μοίρας</span> <span class='ocrx_word' id='word_1_228' title='bbox 3471 1880 3742 1950; x_wconf 78' lang='grc' dir='ltr'>Γοτθικῆς</span> 
     </span>
    </p>
   </div>
   <div class='ocr_carea' id='block_1_36' title="bbox 431 1971 2019 2044">
    <p class='ocr_par' dir='ltr' id='par_1_36' title="bbox 431 1971 2019 2044">
     <span class='ocr_line' id='line_1_36' title="bbox 431 1971 2019 2044; baseline -0.003 -16"><span class='ocrx_word' id='word_1_229' title='bbox 431 1975 502 2030; x_wconf 84' lang='lat' dir='ltr'><strong>ab</strong></span> <span class='ocrx_word' id='word_1_230' title='bbox 547 1975 831 2044; x_wconf 90' lang='lat' dir='ltr'><strong>Adaulpho</strong></span> <span class='ocrx_word' id='word_1_231' title='bbox 863 1990 893 2028; x_wconf 91' lang='lat' dir='ltr'><strong>e</strong></span> <span class='ocrx_word' id='word_1_232' title='bbox 955 1973 1136 2028; x_wconf 90' lang='lat' dir='ltr'><strong>medio</strong></span> <span class='ocrx_word' id='word_1_233' title='bbox 1182 1972 1695 2028; x_wconf 79' lang='lat' dir='ltr'><strong>sublatus..Exinde</strong></span> <span class='ocrx_word' id='word_1_234' title='bbox 1756 1971 2019 2026; x_wconf 82' lang='lat' dir='ltr'><strong>Dobbinm</strong></span> 
     </span>
    </p>
   </div>
   <div class='ocr_carea' id='block_1_37' title="bbox 431 2063 2016 2136">
    <p class='ocr_par' dir='ltr' id='par_1_37' title="bbox 431 2063 2016 2136">
     <span class='ocr_line' id='line_1_37' title="bbox 431 2063 2016 2136; baseline -0.004 -16"><span class='ocrx_word' id='word_1_235' title='bbox 431 2076 714 2136; x_wconf 74' lang='lat' dir='ltr'><strong>receptum</strong></span> <span class='ocrx_word' id='word_1_236' title='bbox 767 2065 1082 2134; x_wconf 81' lang='lat' dir='ltr'><strong>Adaulphus</strong></span> <span class='ocrx_word' id='word_1_237' title='bbox 1116 2065 1170 2119; x_wconf 91' lang='lat' dir='ltr'><strong>in</strong></span> <span class='ocrx_word' id='word_1_238' title='bbox 1204 2080 1358 2119; x_wconf 86' lang='lat' dir='ltr'><strong>suam</strong></span> <span class='ocrx_word' id='word_1_239' title='bbox 1395 2063 1660 2118; x_wconf 77' lang='lat' dir='ltr'><strong>familiam</strong></span> <span class='ocrx_word' id='word_1_240' title='bbox 1728 2065 2016 2118; x_wconf 86' lang='lat' dir='ltr'><strong>asciverat:</strong></span> 
     </span>
    </p>
   </div>
   <div class='ocr_carea' id='block_1_38' title="bbox 431 2156 2026 2226">
    <p class='ocr_par' dir='ltr' id='par_1_38' title="bbox 431 2156 2026 2226">
     <span class='ocr_line' id='line_1_38' title="bbox 431 2156 2026 2226; baseline -0.001 -16"><span class='ocrx_word' id='word_1_241' title='bbox 431 2157 524 2226; x_wconf 90' lang='lat' dir='ltr'><strong>qui</strong></span> <span class='ocrx_word' id='word_1_242' title='bbox 556 2157 608 2210; x_wconf 91' lang='lat' dir='ltr'><strong>in</strong></span> <span class='ocrx_word' id='word_1_243' title='bbox 642 2159 901 2211; x_wconf 85' lang='lat' dir='ltr'><strong>ultionem</strong></span> <span class='ocrx_word' id='word_1_244' title='bbox 941 2157 1143 2225; x_wconf 88' lang='lat' dir='ltr'><strong>prioris</strong></span> <span class='ocrx_word' id='word_1_245' title='bbox 1178 2157 1427 2221; x_wconf 88' lang='lat' dir='ltr'><strong>domini,</strong></span> <span class='ocrx_word' id='word_1_246' title='bbox 1465 2156 1695 2210; x_wconf 88' lang='lat' dir='ltr'><strong>alterum</strong></span> <span class='ocrx_word' id='word_1_247' title='bbox 1746 2156 1908 2220; x_wconf 90' lang='lat' dir='ltr'><strong>hunc,</strong></span> <span class='ocrx_word' id='word_1_248' title='bbox 1944 2158 2026 2208; x_wconf 90' lang='lat' dir='ltr'><strong>in-</strong></span> 
     </span>
    </p>
   </div>
   <div class='ocr_carea' id='block_1_39' title="bbox 428 2247 2024 2320">
    <p class='ocr_par' dir='ltr' id='par_1_39' title="bbox 428 2247 2024 2320">
     <span class='ocr_line' id='line_1_39' title="bbox 428 2247 2024 2320; baseline -0.003 -16"><span class='ocrx_word' id='word_1_249' title='bbox 428 2249 573 2320; x_wconf 84' lang='lat' dir='ltr'><strong>jecta</strong></span> <span class='ocrx_word' id='word_1_250' title='bbox 656 2265 820 2303; x_wconf 90' lang='lat' dir='ltr'><strong>manu</strong></span> <span class='ocrx_word' id='word_1_251' title='bbox 885 2249 1158 2316; x_wconf 86' lang='lat' dir='ltr'><strong>violenta,</strong></span> <span class='ocrx_word' id='word_1_252' title='bbox 1222 2249 1464 2303; x_wconf 89' lang='lat' dir='ltr'><strong>sustulit.</strong></span> <span class='ocrx_word' id='word_1_253' title='bbox 1523 2248 1760 2304; x_wconf 85' lang='lat' dir='ltr'><strong>Moriens</strong></span> <span class='ocrx_word' id='word_1_254' title='bbox 1825 2247 2024 2301; x_wconf 78' lang='lat' dir='ltr'><strong>Adaul-</strong></span> 
     </span>
    </p>
   </div>
   <div class='ocr_carea' id='block_1_40' title="bbox 434 2340 2021 2413">
    <p class='ocr_par' dir='ltr' id='par_1_40' title="bbox 434 2340 2021 2413">
     <span class='ocr_line' id='line_1_40' title="bbox 434 2340 2021 2413; baseline 0.001 -18"><span class='ocrx_word' id='word_1_255' title='bbox 434 2344 576 2412; x_wconf 84' lang='lat' dir='ltr'><strong>phus</strong></span> <span class='ocrx_word' id='word_1_256' title='bbox 616 2341 766 2395; x_wconf 84' lang='lat' dir='ltr'><strong>fratri</strong></span> <span class='ocrx_word' id='word_1_257' title='bbox 832 2357 930 2396; x_wconf 86' lang='lat' dir='ltr'><strong>suo</strong></span> <span class='ocrx_word' id='word_1_258' title='bbox 979 2341 1250 2410; x_wconf 79' lang='lat' dir='ltr'><strong>injunxit,</strong></span> <span class='ocrx_word' id='word_1_259' title='bbox 1322 2340 1565 2397; x_wconf 82' lang='lat' dir='ltr'><strong>Placidia</strong></span> <span class='ocrx_word' id='word_1_260' title='bbox 1625 2351 1684 2397; x_wconf 93' lang='lat' dir='ltr'><strong>ut</strong></span> <span class='ocrx_word' id='word_1_261' title='bbox 1718 2340 2021 2413; x_wconf 82' lang='lat' dir='ltr'><strong>[Honorio]</strong></span> 
     </span>
    </p>
   </div>
   <div class='ocr_carea' id='block_1_41' title="bbox 434 2433 2022 2504">
    <p class='ocr_par' dir='ltr' id='par_1_41' title="bbox 434 2433 2022 2504">
     <span class='ocr_line' id='line_1_41' title="bbox 434 2433 2022 2504; baseline 0.001 -16"><span class='ocrx_word' id='word_1_262' title='bbox 434 2435 790 2502; x_wconf 86' lang='lat' dir='ltr'><strong>redderetur;</strong></span> <span class='ocrx_word' id='word_1_263' title='bbox 826 2445 1008 2503; x_wconf 79' lang='lat' dir='ltr'><strong>utque,</strong></span> <span class='ocrx_word' id='word_1_264' title='bbox 1052 2433 1098 2488; x_wconf 88' lang='lat' dir='ltr'><strong>si</strong></span> <span class='ocrx_word' id='word_1_265' title='bbox 1137 2449 1244 2503; x_wconf 92' lang='lat' dir='ltr'><strong>quo</strong></span> <span class='ocrx_word' id='word_1_266' title='bbox 1273 2437 1432 2488; x_wconf 90' lang='lat' dir='ltr'><strong>modo</strong></span> <span class='ocrx_word' id='word_1_267' title='bbox 1479 2446 1720 2504; x_wconf 87' lang='lat' dir='ltr'><strong>possent,</strong></span> <span class='ocrx_word' id='word_1_268' title='bbox 1757 2434 2022 2489; x_wconf 75' lang='lat' dir='ltr'><strong>Romanae</strong></span> 
     </span>
    </p>
   </div>
   <div class='ocr_carea' id='block_1_42' title="bbox 435 2522 2012 2598">
    <p class='ocr_par' dir='ltr' id='par_1_42' title="bbox 435 2522 2012 2598">
     <span class='ocr_line' id='line_1_42' title="bbox 435 2522 2012 2598; baseline 0.003 -22"><span class='ocrx_word' id='word_1_269' title='bbox 435 2524 536 2577; x_wconf 85' lang='lat' dir='ltr'><strong>sibi</strong></span> <span class='ocrx_word' id='word_1_270' title='bbox 597 2526 776 2592; x_wconf 86' lang='lat' dir='ltr'><strong>gentis</strong></span> <span class='ocrx_word' id='word_1_271' title='bbox 858 2526 1209 2580; x_wconf 81' lang='lat' dir='ltr'><strong>concordiam</strong></span> <span class='ocrx_word' id='word_1_272' title='bbox 1253 2522 1477 2598; x_wconf 82' lang='lat' dir='ltr'><strong>[Gotthi</strong></span> <span class='ocrx_word' id='word_1_273' title='bbox 1522 2527 1539 2598; x_wconf 83' lang='lat' dir='ltr'>J</span> <span class='ocrx_word' id='word_1_274' title='bbox 1577 2529 2012 2597; x_wconf 59' lang='lat' dir='ltr'><strong>soi-.ietatemque</strong></span> 
     </span>
    </p>
   </div>
   <div class='ocr_carea' id='block_1_43' title="bbox 433 2618 2025 2690">
    <p class='ocr_par' dir='ltr' id='par_1_43' title="bbox 433 2618 2025 2690">
     <span class='ocr_line' id='line_1_43' title="bbox 433 2618 2025 2690; baseline 0.003 -20"><span class='ocrx_word' id='word_1_275' title='bbox 433 2618 823 2674; x_wconf 86' lang='lat' dir='ltr'><strong>conciliarent.</strong></span> <span class='ocrx_word' id='word_1_276' title='bbox 871 2620 939 2672; x_wconf 82' lang='lat' dir='ltr'><strong>At</strong></span> <span class='ocrx_word' id='word_1_277' title='bbox 968 2619 1056 2688; x_wconf 91' lang='lat' dir='ltr'><strong>qui</strong></span> <span class='ocrx_word' id='word_1_278' title='bbox 1091 2621 1360 2674; x_wconf 87' lang='lat' dir='ltr'><strong>successit</strong></span> <span class='ocrx_word' id='word_1_279' title='bbox 1406 2620 1526 2674; x_wconf 87' lang='lat' dir='ltr'><strong>Sari</strong></span> <span class='ocrx_word' id='word_1_280' title='bbox 1575 2622 1744 2674; x_wconf 78' lang='lat' dir='ltr'><strong>frater</strong></span> <span class='ocrx_word' id='word_1_281' title='bbox 1793 2621 2025 2690; x_wconf 85' lang='lat' dir='ltr'><strong>Singiri-</strong></span> 
     </span>
    </p>
   </div>
   <div class='ocr_carea' id='block_1_44' title="bbox 435 2709 2020 2782">
    <p class='ocr_par' dir='ltr' id='par_1_44' title="bbox 435 2709 2020 2782">
     <span class='ocr_line' id='line_1_44' title="bbox 435 2709 2020 2782; baseline 0.002 -19"><span class='ocrx_word' id='word_1_282' title='bbox 435 2710 569 2766; x_wconf 84' lang='lat' dir='ltr'><strong>chus</strong></span> <span class='ocrx_word' id='word_1_283' title='bbox 599 2709 826 2781; x_wconf 88' lang='lat' dir='ltr'><strong>(studio</strong></span> <span class='ocrx_word' id='word_1_284' title='bbox 876 2712 1055 2780; x_wconf 91' lang='lat' dir='ltr'><strong>potius</strong></span> <span class='ocrx_word' id='word_1_285' title='bbox 1081 2727 1144 2767; x_wconf 87' lang='lat' dir='ltr'><strong>ac</strong></span> <span class='ocrx_word' id='word_1_286' title='bbox 1175 2711 1248 2779; x_wconf 88' lang='lat' dir='ltr'><strong>vi,</strong></span> <span class='ocrx_word' id='word_1_287' title='bbox 1297 2727 1460 2782; x_wconf 88' lang='lat' dir='ltr'><strong>quam</strong></span> <span class='ocrx_word' id='word_1_288' title='bbox 1509 2713 1886 2779; x_wconf 70' lang='lat' dir='ltr'><strong>successione,</strong></span> <span class='ocrx_word' id='word_1_289' title='bbox 1922 2721 2020 2766; x_wconf 86' lang='lat' dir='ltr'><strong>aut</strong></span> 
     </span>
    </p>
   </div>
   <div class='ocr_carea' id='block_1_45' title="bbox 433 2800 2024 2874">
    <p class='ocr_par' dir='ltr' id='par_1_45' title="bbox 433 2800 2024 2874">
     <span class='ocr_line' id='line_1_45' title="bbox 433 2800 2024 2874; baseline 0.003 -20"><span class='ocrx_word' id='word_1_290' title='bbox 433 2800 552 2866; x_wconf 81' lang='lat' dir='ltr'><strong>lege</strong></span> <span class='ocrx_word' id='word_1_291' title='bbox 610 2801 1153 2873; x_wconf 87' lang='lat' dir='ltr'><strong>creatus)Adaulphi</strong></span> <span class='ocrx_word' id='word_1_292' title='bbox 1227 2803 1475 2871; x_wconf 88' lang='lat' dir='ltr'><strong>epriore</strong></span> <span class='ocrx_word' id='word_1_293' title='bbox 1535 2803 1768 2874; x_wconf 87' lang='lat' dir='ltr'><strong>conjuge</strong></span> <span class='ocrx_word' id='word_1_294' title='bbox 1823 2804 2024 2858; x_wconf 83' lang='lat' dir='ltr'><strong>liberos</strong></span> 
     </span>
    </p>
   </div>
   <div class='ocr_carea' id='block_1_46' title="bbox 435 2891 2021 2965">
    <p class='ocr_par' dir='ltr' id='par_1_46' title="bbox 435 2891 2021 2965">
     <span class='ocr_line' id='line_1_46' title="bbox 435 2891 2021 2965; baseline 0.005 -22"><span class='ocrx_word' id='word_1_295' title='bbox 435 2891 488 2943; x_wconf 81' lang='lat' dir='ltr'><strong>vi</strong></span> <span class='ocrx_word' id='word_1_296' title='bbox 534 2905 565 2944; x_wconf 90' lang='lat' dir='ltr'><strong>e</strong></span> <span class='ocrx_word' id='word_1_297' title='bbox 623 2892 744 2944; x_wconf 89' lang='lat' dir='ltr'><strong>sinu</strong></span> <span class='ocrx_word' id='word_1_298' title='bbox 827 2891 1064 2962; x_wconf 82' lang='lat' dir='ltr'><strong>Sigesari</strong></span> <span class='ocrx_word' id='word_1_299' title='bbox 1126 2895 1365 2964; x_wconf 86' lang='lat' dir='ltr'><strong>episcopi</strong></span> <span class='ocrx_word' id='word_1_300' title='bbox 1431 2896 1708 2965; x_wconf 88' lang='lat' dir='ltr'><strong>abreptos,</strong></span> <span class='ocrx_word' id='word_1_301' title='bbox 1769 2897 2021 2963; x_wconf 81' lang='lat' dir='ltr'><strong>occidit;</strong></span> 
     </span>
    </p>
   </div>
   <div class='ocr_carea' id='block_1_47' title="bbox 435 2981 2023 3058">
    <p class='ocr_par' dir='ltr' id='par_1_47' title="bbox 435 2981 2023 3058">
     <span class='ocr_line' id='line_1_47' title="bbox 435 2981 2023 3058; baseline 0.006 -24"><span class='ocrx_word' id='word_1_302' title='bbox 435 2983 830 3050; x_wconf 87' lang='lat' dir='ltr'><strong>atqueipsam</strong></span> <span class='ocrx_word' id='word_1_303' title='bbox 912 2981 1212 3038; x_wconf 86' lang='lat' dir='ltr'><strong>Placidiam</strong></span> <span class='ocrx_word' id='word_1_304' title='bbox 1300 2988 1567 3055; x_wconf 78' lang='lat' dir='ltr'><strong>reginam,</strong></span> <span class='ocrx_word' id='word_1_305' title='bbox 1645 2988 1695 3040; x_wconf 94' lang='lat' dir='ltr'><strong>in</strong></span> <span class='ocrx_word' id='word_1_306' title='bbox 1754 2986 2023 3058; x_wconf 74' lang='lat' dir='ltr'><strong>Adaulphi</strong></span> 
     </span>
    </p>
   </div>
   <div class='ocr_carea' id='block_1_48' title="bbox 435 3075 2021 3148">
    <p class='ocr_par' dir='ltr' id='par_1_48' title="bbox 435 3075 2021 3148">
     <span class='ocr_line' id='line_1_48' title="bbox 435 3075 2021 3148; baseline 0.004 -18"><span class='ocrx_word' id='word_1_307' title='bbox 435 3075 642 3130; x_wconf 87' lang='lat' dir='ltr'><strong>scilicet</strong></span> <span class='ocrx_word' id='word_1_308' title='bbox 697 3076 1104 3139; x_wconf 87' lang='lat' dir='ltr'><strong>contumeliam,</strong></span> <span class='ocrx_word' id='word_1_309' title='bbox 1165 3079 1390 3145; x_wconf 85' lang='lat' dir='ltr'><strong>pedibus</strong></span> <span class='ocrx_word' id='word_1_310' title='bbox 1443 3090 1571 3133; x_wconf 90' lang='lat' dir='ltr'><strong>ante</strong></span> <span class='ocrx_word' id='word_1_311' title='bbox 1631 3094 1832 3148; x_wconf 87' lang='lat' dir='ltr'><strong>equmn</strong></span> <span class='ocrx_word' id='word_1_312' title='bbox 1914 3097 2021 3136; x_wconf 88' lang='lat' dir='ltr'><strong>una</strong></span> 
     </span>
    </p>
   </div>
   <div class='ocr_carea' id='block_1_49' title="bbox 2128 1966 3742 2048">
    <p class='ocr_par' dir='ltr' id='par_1_49' title="bbox 2128 1966 3742 2048">
     <span class='ocr_line' id='line_1_49' title="bbox 2128 1966 3742 2048; baseline -0.007 -18"><span class='ocrx_word' id='word_1_313' title='bbox 2128 1978 2258 2048; x_wconf 70' lang='grc' dir='ltr'><strong>ῥῆξ’,</strong></span> <span class='ocrx_word' id='word_1_314' title='bbox 2297 1978 2401 2029; x_wconf 87' lang='grc' dir='ltr'><strong>ὐπὸ</strong></span> <span class='ocrx_word' id='word_1_315' title='bbox 2468 1976 2800 2044; x_wconf 76' lang='grc' dir='ltr'>’Λδαούλφου</span> <span class='ocrx_word' id='word_1_316' title='bbox 2848 1977 3229 2047; x_wconf 80' lang='grc' dir='ltr'><strong>ἀνῃρημένος,</strong></span> <span class='ocrx_word' id='word_1_317' title='bbox 3281 1971 3345 2038; x_wconf 79' lang='grc' dir='ltr'><strong>ἐξ</strong></span> <span class='ocrx_word' id='word_1_318' title='bbox 3400 1966 3468 2026; x_wconf 78' lang='grc' dir='ltr'><strong>οὗ</strong></span> <span class='ocrx_word' id='word_1_319' title='bbox 3507 1972 3605 2024; x_wconf 78' lang='grc' dir='ltr'>καὶ</span> <span class='ocrx_word' id='word_1_320' title='bbox 3652 1972 3742 2023; x_wconf 83' lang='grc' dir='ltr'><strong>τὸν</strong></span> 
     </span>
    </p>
   </div>
   <div class='ocr_carea' id='block_1_50' title="bbox 2126 2062 3741 2137">
    <p class='ocr_par' dir='ltr' id='par_1_50' title="bbox 2126 2062 3741 2137">
     <span class='ocr_line' id='line_1_50' title="bbox 2126 2062 3741 2137; baseline -0.003 -18"><span class='ocrx_word' id='word_1_321' title='bbox 2126 2067 2348 2120; x_wconf 78' lang='grc' dir='ltr'>Δούὸιον</span> <span class='ocrx_word' id='word_1_322' title='bbox 2393 2067 2578 2120; x_wconf 76' lang='grc' dir='ltr'>λαϐὼν</span> <span class='ocrx_word' id='word_1_323' title='bbox 2648 2065 2973 2134; x_wconf 76' lang='grc' dir='ltr'>Ἀδαοῦλφος</span> <span class='ocrx_word' id='word_1_324' title='bbox 3029 2066 3381 2137; x_wconf 74' lang='grc' dir='ltr'>ᾠκειώσατοο</span> <span class='ocrx_word' id='word_1_325' title='bbox 3451 2066 3483 2116; x_wconf 85' lang='grc' dir='ltr'>ὁ</span> <span class='ocrx_word' id='word_1_326' title='bbox 3540 2062 3600 2115; x_wconf 83' lang='grc' dir='ltr'><strong>δὲ</strong></span> <span class='ocrx_word' id='word_1_327' title='bbox 3661 2062 3741 2132; x_wconf 76' lang='grc' dir='ltr'><strong>τῷ</strong></span> 
     </span>
    </p>
   </div>
   <div class='ocr_carea' id='block_1_51' title="bbox 2127 2156 3739 2240">
    <p class='ocr_par' dir='ltr' id='par_1_51' title="bbox 2127 2156 3739 2240">
     <span class='ocr_line' id='line_1_51' title="bbox 2127 2156 3739 2240; baseline -0.002 -26"><span class='ocrx_word' id='word_1_328' title='bbox 2127 2162 2330 2232; x_wconf 86' lang='grc' dir='ltr'>πρώτῳ</span> <span class='ocrx_word' id='word_1_329' title='bbox 2372 2161 2608 2233; x_wconf 81' lang='grc' dir='ltr'>δεσπότῃ</span> <span class='ocrx_word' id='word_1_330' title='bbox 2635 2161 2860 2231; x_wconf 85' lang='grc' dir='ltr'>ἀμύνων</span> <span class='ocrx_word' id='word_1_331' title='bbox 2887 2161 2977 2214; x_wconf 75' lang='grc' dir='ltr'>τὸν</span> <span class='ocrx_word' id='word_1_332' title='bbox 3016 2159 3270 2230; x_wconf 82' lang='grc' dir='ltr'>δεύτερον</span> <span class='ocrx_word' id='word_1_333' title='bbox 3295 2157 3654 2240; x_wconf 50' lang='grc' dir='ltr'>διεχρήσατο</span> <span class='ocrx_word' id='word_1_334' title='bbox 3669 2156 3739 2210; x_wconf 78' lang='grc'><strong>⁷⁸.</strong></span> 
     </span>
    </p>
   </div>
   <div class='ocr_carea' id='block_1_52' title="bbox 2127 2248 3736 2324">
    <p class='ocr_par' dir='ltr' id='par_1_52' title="bbox 2127 2248 3736 2324">
     <span class='ocr_line' id='line_1_52' title="bbox 2127 2248 3736 2324; baseline -0.003 -18"><span class='ocrx_word' id='word_1_335' title='bbox 2127 2255 2406 2308; x_wconf 78' lang='grc' dir='ltr'>Τελευτῶν</span> <span class='ocrx_word' id='word_1_336' title='bbox 2436 2255 2493 2308; x_wconf 82' lang='grc' dir='ltr'>δὲ</span> <span class='ocrx_word' id='word_1_337' title='bbox 2537 2254 2858 2322; x_wconf 78' lang='grc' dir='ltr'>’Δδαούλφος</span> <span class='ocrx_word' id='word_1_338' title='bbox 2889 2251 3224 2324; x_wconf 85' lang='grc' dir='ltr'>προσέταττε</span> <span class='ocrx_word' id='word_1_339' title='bbox 3257 2251 3340 2322; x_wconf 80' lang='grc' dir='ltr'>τῷ</span> <span class='ocrx_word' id='word_1_340' title='bbox 3370 2251 3496 2320; x_wconf 83' lang='grc' dir='ltr'>ἰδίῳ</span> <span class='ocrx_word' id='word_1_341' title='bbox 3522 2248 3736 2318; x_wconf 73' lang='grc' dir='ltr'>ἀδελφῷ</span> 
     </span>
    </p>
   </div>
   <div class='ocr_carea' id='block_1_53' title="bbox 2126 2340 3740 2415">
    <p class='ocr_par' dir='ltr' id='par_1_53' title="bbox 2126 2340 3740 2415">
     <span class='ocr_line' id='line_1_53' title="bbox 2126 2340 3740 2415; baseline -0.002 -22"><span class='ocrx_word' id='word_1_342' title='bbox 2126 2342 2420 2396; x_wconf 82' lang='grc' dir='ltr'>ἀποδοῦναι</span> <span class='ocrx_word' id='word_1_343' title='bbox 2461 2345 2558 2415; x_wconf 79' lang='grc' dir='ltr'>τὴν</span> <span class='ocrx_word' id='word_1_344' title='bbox 2600 2343 2916 2407; x_wconf 87' lang='grc' dir='ltr'>Πλακιδίαν,</span> <span class='ocrx_word' id='word_1_345' title='bbox 2977 2343 3103 2407; x_wconf 78' lang='grc' dir='ltr'>καὶ,</span> <span class='ocrx_word' id='word_1_346' title='bbox 3142 2343 3196 2395; x_wconf 76' lang='grc' dir='ltr'>εἴ</span> <span class='ocrx_word' id='word_1_347' title='bbox 3217 2359 3269 2395; x_wconf 86' lang='grc' dir='ltr'>τι</span> <span class='ocrx_word' id='word_1_348' title='bbox 3301 2341 3594 2402; x_wconf 79' lang='grc' dir='ltr'>δύναιντο,</span> <span class='ocrx_word' id='word_1_349' title='bbox 3641 2340 3740 2409; x_wconf 86' lang='grc' dir='ltr'>τὴν</span> 
     </span>
    </p>
   </div>
   <div class='ocr_carea' id='block_1_54' title="bbox 2141 2432 3738 2506">
    <p class='ocr_par' dir='ltr' id='par_1_54' title="bbox 2141 2432 3738 2506">
     <span class='ocr_line' id='line_1_54' title="bbox 2141 2432 3738 2506; baseline -0.004 -18"><span class='ocrx_word' id='word_1_350' title='bbox 2141 2435 2429 2504; x_wconf 86' lang='grc' dir='ltr'>Ῥωμαίων</span> <span class='ocrx_word' id='word_1_351' title='bbox 2477 2436 2660 2504; x_wconf 77' lang='grc' dir='ltr'>φιλίαν</span> <span class='ocrx_word' id='word_1_352' title='bbox 2703 2437 2916 2499; x_wconf 79' lang='grc' dir='ltr'>ἑαυτοῖς</span> <span class='ocrx_word' id='word_1_353' title='bbox 2947 2433 3438 2506; x_wconf 77' lang='grc' dir='ltr'>περιποιήσασθαι.</span> <span class='ocrx_word' id='word_1_354' title='bbox 3478 2432 3738 2502; x_wconf 75' lang='grc' dir='ltr'><strong>Διάδοχος</strong></span> 
     </span>
    </p>
   </div>
   <div class='ocr_carea' id='block_1_55' title="bbox 2125 2523 3734 2596">
    <p class='ocr_par' dir='ltr' id='par_1_55' title="bbox 2125 2523 3734 2596">
     <span class='ocr_line' id='line_1_55' title="bbox 2125 2523 3734 2596; baseline -0.002 -18"><span class='ocrx_word' id='word_1_355' title='bbox 2125 2525 2181 2578; x_wconf 87' lang='grc' dir='ltr'>δὲ</span> <span class='ocrx_word' id='word_1_356' title='bbox 2225 2526 2253 2578; x_wconf 84' lang='grc' dir='ltr'>ὁ</span> <span class='ocrx_word' id='word_1_357' title='bbox 2284 2524 2378 2578; x_wconf 77' lang='grc' dir='ltr'>τοῦ</span> <span class='ocrx_word' id='word_1_358' title='bbox 2425 2526 2600 2596; x_wconf 70' lang='grc' dir='ltr'>Σάρου</span> <span class='ocrx_word' id='word_1_359' title='bbox 2637 2526 2866 2594; x_wconf 76' lang='grc' dir='ltr'>ἁδελφὸς</span> <span class='ocrx_word' id='word_1_360' title='bbox 2901 2526 3246 2596; x_wconf 84' lang='grc' dir='ltr'>Σιγγὲριχος,</span> <span class='ocrx_word' id='word_1_361' title='bbox 3279 2524 3501 2594; x_wconf 81' lang='grc' dir='ltr'>σπουδῇ</span> <span class='ocrx_word' id='word_1_362' title='bbox 3536 2523 3734 2594; x_wconf 82' lang='grc' dir='ltr'>μᾶλλον</span> 
     </span>
    </p>
   </div>
   <div class='ocr_carea' id='block_1_56' title="bbox 2128 2617 3738 2689">
    <p class='ocr_par' dir='ltr' id='par_1_56' title="bbox 2128 2617 3738 2689">
     <span class='ocr_line' id='line_1_56' title="bbox 2128 2617 3738 2689; baseline 0 -19"><span class='ocrx_word' id='word_1_363' title='bbox 2128 2619 2220 2670; x_wconf 67' lang='grc' dir='ltr'><strong>καὶ</strong></span> <span class='ocrx_word' id='word_1_364' title='bbox 2247 2617 2540 2689; x_wconf 78' lang='grc' dir='ltr'>δυναστεία</span> <span class='ocrx_word' id='word_1_365' title='bbox 2577 2618 2608 2688; x_wconf 80' lang='grc' dir='ltr'><strong>ἢ</strong></span> <span class='ocrx_word' id='word_1_366' title='bbox 2639 2617 2936 2688; x_wconf 76' lang='grc' dir='ltr'>ἀκολουθίᾳ</span> <span class='ocrx_word' id='word_1_367' title='bbox 2964 2617 3057 2670; x_wconf 79' lang='grc' dir='ltr'>καὶ</span> <span class='ocrx_word' id='word_1_368' title='bbox 3097 2619 3268 2688; x_wconf 81' lang='grc' dir='ltr'>νόμῳ,</span> <span class='ocrx_word' id='word_1_369' title='bbox 3301 2617 3526 2686; x_wconf 85' lang='grc' dir='ltr'>γίνεται</span> <span class='ocrx_word' id='word_1_370' title='bbox 3545 2633 3556 2644; x_wconf 94' lang='grc'><strong>·</strong></span> <span class='ocrx_word' id='word_1_371' title='bbox 3586 2617 3642 2680; x_wconf 81' lang='grc' dir='ltr'>ὃς</span> <span class='ocrx_word' id='word_1_372' title='bbox 3669 2617 3738 2670; x_wconf 78' lang='grc' dir='ltr'><strong>τά</strong></span> 
     </span>
    </p>
   </div>
   <div class='ocr_carea' id='block_1_57' title="bbox 2125 2709 3733 2781">
    <p class='ocr_par' dir='ltr' id='par_1_57' title="bbox 2125 2709 3733 2781">
     <span class='ocr_line' id='line_1_57' title="bbox 2125 2709 3733 2781; baseline -0.002 -19"><span class='ocrx_word' id='word_1_373' title='bbox 2125 2727 2183 2762; x_wconf 87' lang='grc' dir='ltr'><strong>τε</strong></span> <span class='ocrx_word' id='word_1_374' title='bbox 2217 2709 2440 2774; x_wconf 86' lang='grc' dir='ltr'>παιδία,</span> <span class='ocrx_word' id='word_1_375' title='bbox 2477 2709 2512 2762; x_wconf 81' lang='grc' dir='ltr'>ἃ</span> <span class='ocrx_word' id='word_1_376' title='bbox 2547 2712 2611 2762; x_wconf 84' lang='grc' dir='ltr'><strong>ἐκ</strong></span> <span class='ocrx_word' id='word_1_377' title='bbox 2650 2709 2749 2778; x_wconf 81' lang='grc' dir='ltr'><strong>τῆς</strong></span> <span class='ocrx_word' id='word_1_378' title='bbox 2797 2711 3071 2781; x_wconf 73' lang='grc' dir='ltr'>προτέρας</span> <span class='ocrx_word' id='word_1_379' title='bbox 3121 2709 3390 2777; x_wconf 75' lang='grc' dir='ltr'>γυναικὸς</span> <span class='ocrx_word' id='word_1_380' title='bbox 3434 2709 3733 2778; x_wconf 80' lang='grc' dir='ltr'>ἐτύγχανεν</span> 
     </span>
    </p>
   </div>
   <div class='ocr_carea' id='block_1_58' title="bbox 2140 2802 3734 2874">
    <p class='ocr_par' dir='ltr' id='par_1_58' title="bbox 2140 2802 3734 2874">
     <span class='ocr_line' id='line_1_58' title="bbox 2140 2802 3734 2874; baseline -0.001 -20"><span class='ocrx_word' id='word_1_381' title='bbox 2140 2802 2451 2872; x_wconf 77' lang='grc' dir='ltr'>Ἀδαούλιρῳ</span> <span class='ocrx_word' id='word_1_382' title='bbox 2474 2804 2871 2874; x_wconf 74' lang='grc' dir='ltr'>γεγεννημένα,</span> <span class='ocrx_word' id='word_1_383' title='bbox 2900 2803 3098 2867; x_wconf 79' lang='grc' dir='ltr'>ἀνεῖλε,</span> <span class='ocrx_word' id='word_1_384' title='bbox 3131 2803 3222 2873; x_wconf 74' lang='grc' dir='ltr'><strong>βίᾳ</strong></span> <span class='ocrx_word' id='word_1_385' title='bbox 3247 2803 3364 2856; x_wconf 85' lang='grc' dir='ltr'>τῶν</span> <span class='ocrx_word' id='word_1_386' title='bbox 3390 2802 3489 2855; x_wconf 83' lang='grc' dir='ltr'>τοῦ</span> <span class='ocrx_word' id='word_1_387' title='bbox 3514 2802 3734 2854; x_wconf 71' lang='grc' dir='ltr'>ἐπισκό-</span> 
     </span>
    </p>
   </div>
   <div class='ocr_carea' id='block_1_59' title="bbox 2128 2891 3733 2964">
    <p class='ocr_par' dir='ltr' id='par_1_59' title="bbox 2128 2891 3733 2964">
     <span class='ocr_line' id='line_1_59' title="bbox 2128 2891 3733 2964; baseline -0.001 -19"><span class='ocrx_word' id='word_1_388' title='bbox 2128 2911 2228 2946; x_wconf 81' lang='grc' dir='ltr'><strong>που</strong></span> <span class='ocrx_word' id='word_1_389' title='bbox 2259 2895 2566 2963; x_wconf 83' lang='grc' dir='ltr'>Σιγησάρου</span> <span class='ocrx_word' id='word_1_390' title='bbox 2596 2895 2810 2947; x_wconf 83' lang='grc' dir='ltr'>κόλπων</span> <span class='ocrx_word' id='word_1_391' title='bbox 2833 2894 3187 2958; x_wconf 81' lang='grc' dir='ltr'>ἀποσπάσας,</span> <span class='ocrx_word' id='word_1_392' title='bbox 3221 2896 3319 2947; x_wconf 70' lang='grc' dir='ltr'><strong>καὶ</strong></span> <span class='ocrx_word' id='word_1_393' title='bbox 3351 2895 3456 2964; x_wconf 82' lang='grc' dir='ltr'>τὴν</span> <span class='ocrx_word' id='word_1_394' title='bbox 3490 2891 3733 2964; x_wconf 81' lang='grc' dir='ltr'>βασιλίδα</span> 
     </span>
    </p>
   </div>
   <div class='ocr_carea' id='block_1_60' title="bbox 2128 2985 3732 3058">
    <p class='ocr_par' dir='ltr' id='par_1_60' title="bbox 2128 2985 3732 3058">
     <span class='ocr_line' id='line_1_60' title="bbox 2128 2985 3732 3058; baseline 0.001 -20"><span class='ocrx_word' id='word_1_395' title='bbox 2128 2985 2424 3038; x_wconf 83' lang='grc' dir='ltr'>Πλακιδίαν</span> <span class='ocrx_word' id='word_1_396' title='bbox 2469 2987 2548 3048; x_wconf 85' lang='grc' dir='ltr'><strong>είς</strong></span> <span class='ocrx_word' id='word_1_397' title='bbox 2600 2985 2758 3057; x_wconf 78' lang='grc' dir='ltr'>ὓϐριν</span> <span class='ocrx_word' id='word_1_398' title='bbox 2783 2995 2790 3001; x_wconf 91' lang='grc'><em>’</em></span> <span class='ocrx_word' id='word_1_399' title='bbox 2816 2986 3148 3055; x_wconf 64' lang='grc' dir='ltr'>Ἀδαούλφου</span> <span class='ocrx_word' id='word_1_400' title='bbox 3185 2989 3250 3040; x_wconf 82' lang='grc' dir='ltr'><strong>ἐκ</strong></span> <span class='ocrx_word' id='word_1_401' title='bbox 3284 2987 3458 3050; x_wconf 73' lang='grc' dir='ltr'>ποδὸς</span> <span class='ocrx_word' id='word_1_402' title='bbox 3489 2987 3732 3058; x_wconf 81' lang='grc' dir='ltr'>προηγή-</span> 
     </span>
    </p>
   </div>
   <div class='ocr_carea' id='block_1_61' title="bbox 2130 3079 3769 3150">
    <p class='ocr_par' dir='ltr' id='par_1_61' title="bbox 2130 3079 3769 3150">
     <span class='ocr_line' id='line_1_61' title="bbox 2130 3079 3769 3150; baseline 0 -20"><span class='ocrx_word' id='word_1_403' title='bbox 2130 3079 2324 3132; x_wconf 81' lang='grc' dir='ltr'>σασθαι</span> <span class='ocrx_word' id='word_1_404' title='bbox 2355 3079 2449 3131; x_wconf 79' lang='grc' dir='ltr'>τοῦ</span> <span class='ocrx_word' id='word_1_405' title='bbox 2493 3079 2662 3132; x_wconf 81' lang='grc' dir='ltr'>ἵππου</span> <span class='ocrx_word' id='word_1_406' title='bbox 2713 3079 2830 3150; x_wconf 77' lang='grc' dir='ltr'>ἅμα</span> <span class='ocrx_word' id='word_1_407' title='bbox 2877 3081 3084 3133; x_wconf 78' lang='grc' dir='ltr'>λοιπῶν</span> <span class='ocrx_word' id='word_1_408' title='bbox 3136 3081 3180 3112; x_wconf 72' lang='grc'><strong>⁷³</strong></span> <span class='ocrx_word' id='word_1_409' title='bbox 3218 3079 3600 3150; x_wconf 84' lang='grc' dir='ltr'>αἰχμαλώτων</span> <span class='ocrx_word' id='word_1_410' title='bbox 3639 3081 3769 3132; x_wconf 79' lang='grc' dir='ltr'><strong>ἐπ·-</strong></span> 
     </span>
    </p>
   </div>
   <div class='ocr_carea' id='block_1_62' title="bbox 435 3167 2024 3254">
    <p class='ocr_par' dir='ltr' id='par_1_62' title="bbox 435 3167 2023 3243">
     <span class='ocr_line' id='line_1_62' title="bbox 435 3167 2023 3243; baseline 0.003 -21"><span class='ocrx_word' id='word_1_411' title='bbox 435 3181 558 3222; x_wconf 90' lang='lat' dir='ltr'><strong>cum</strong></span> <span class='ocrx_word' id='word_1_412' title='bbox 607 3167 825 3220; x_wconf 77' lang='lat' dir='ltr'><strong>crcteris</strong></span> <span class='ocrx_word' id='word_1_413' title='bbox 870 3168 1103 3236; x_wconf 86' lang='lat' dir='ltr'><strong>captivis</strong></span> <span class='ocrx_word' id='word_1_414' title='bbox 1155 3169 1436 3224; x_wconf 90' lang='lat' dir='ltr'><strong>ambulare</strong></span> <span class='ocrx_word' id='word_1_415' title='bbox 1471 3172 1672 3240; x_wconf 84' lang='lat' dir='ltr'><strong>coegit,</strong></span> <span class='ocrx_word' id='word_1_416' title='bbox 1704 3174 1866 3243; x_wconf 86' lang='lat' dir='ltr'><strong>idque</strong></span> <span class='ocrx_word' id='word_1_417' title='bbox 1909 3184 2023 3228; x_wconf 85' lang='lat' dir='ltr'><strong>toto</strong></span> 
     </span>
    </p>
   </div>
   <div class='ocr_carea' id='block_1_63' title="bbox 2134 3167 3739 3254">
    <p class='ocr_par' dir='ltr' id='par_1_63' title="bbox 2134 3167 3739 3243">
     <span class='ocr_line' id='line_1_63' title="bbox 2134 3167 3739 3243; baseline 0 -19"><span class='ocrx_word' id='word_1_418' title='bbox 2134 3169 2289 3235; x_wconf 78' lang='grc' dir='ltr'>έταξε</span> <span class='ocrx_word' id='word_1_419' title='bbox 2310 3188 2324 3201; x_wconf 91' lang='grc'><strong>·</strong></span> <span class='ocrx_word' id='word_1_420' title='bbox 2354 3172 2449 3222; x_wconf 72' lang='grc' dir='ltr'>καὶ</span> <span class='ocrx_word' id='word_1_421' title='bbox 2477 3171 2538 3222; x_wconf 78' lang='grc' dir='ltr'><strong>τὸ</strong></span> <span class='ocrx_word' id='word_1_422' title='bbox 2569 3171 2847 3241; x_wconf 78' lang='grc' dir='ltr'>διάστημα</span> <span class='ocrx_word' id='word_1_423' title='bbox 2876 3167 3005 3242; x_wconf 65' lang='grc' dir='ltr'>ἦνθο</span> <span class='ocrx_word' id='word_1_424' title='bbox 3036 3173 3136 3242; x_wconf 83' lang='grc' dir='ltr'>τῆς</span> <span class='ocrx_word' id='word_1_425' title='bbox 3161 3175 3512 3243; x_wconf 77' lang='grc' dir='ltr'>προπομπῆς</span> <span class='ocrx_word' id='word_1_426' title='bbox 3546 3173 3610 3224; x_wconf 86' lang='grc' dir='ltr'><strong>ἐκ</strong></span> <span class='ocrx_word' id='word_1_427' title='bbox 3640 3172 3739 3240; x_wconf 79' lang='grc' dir='ltr'>τῆς</span> 
     </span>
    </p>
   </div>
   <div class='ocr_carea' id='block_1_64' title="bbox 437 3255 2023 3325">
    <p class='ocr_par' dir='ltr' id='par_1_64' title="bbox 437 3255 2023 3325">
     <span class='ocr_line' id='line_1_64' title="bbox 437 3255 2023 3325; baseline 0.006 -17"><span class='ocrx_word' id='word_1_428' title='bbox 437 3255 530 3310; x_wconf 92' lang='lat' dir='ltr'><strong>illo</strong></span> <span class='ocrx_word' id='word_1_429' title='bbox 555 3257 728 3324; x_wconf 86' lang='lat' dir='ltr'><strong>spatio</strong></span> <span class='ocrx_word' id='word_1_430' title='bbox 781 3259 923 3325; x_wconf 83' lang='lat' dir='ltr'><strong>quod</strong></span> <span class='ocrx_word' id='word_1_431' title='bbox 965 3267 1046 3310; x_wconf 87' lang='lat' dir='ltr'><strong>est</strong></span> <span class='ocrx_word' id='word_1_432' title='bbox 1102 3258 1170 3311; x_wconf 89' lang='lat' dir='ltr'><strong>ab</strong></span> <span class='ocrx_word' id='word_1_433' title='bbox 1224 3259 1358 3313; x_wconf 90' lang='lat' dir='ltr'><strong>urbe</strong></span> <span class='ocrx_word' id='word_1_434' title='bbox 1405 3262 1470 3313; x_wconf 92' lang='lat' dir='ltr'><strong>ad</strong></span> <span class='ocrx_word' id='word_1_435' title='bbox 1521 3261 1898 3316; x_wconf 85' lang='lat' dir='ltr'><strong>duodecimum</strong></span> <span class='ocrx_word' id='word_1_436' title='bbox 1938 3281 2023 3318; x_wconf 85' lang='lat' dir='ltr'><strong>us-</strong></span> 
     </span>
    </p>
   </div>
   <div class='ocr_carea' id='block_1_65' title="bbox 436 3345 2021 3422">
    <p class='ocr_par' dir='ltr' id='par_1_65' title="bbox 436 3345 2021 3422">
     <span class='ocr_line' id='line_1_65' title="bbox 436 3345 2021 3422; baseline 0.005 -25"><span class='ocrx_word' id='word_1_437' title='bbox 436 3360 543 3413; x_wconf 89' lang='lat' dir='ltr'><strong>que</strong></span> <span class='ocrx_word' id='word_1_438' title='bbox 588 3345 857 3413; x_wconf 90' lang='lat' dir='ltr'><strong>lapidem.</strong></span> <span class='ocrx_word' id='word_1_439' title='bbox 927 3346 1144 3416; x_wconf 82' lang='lat' dir='ltr'><strong>Septem</strong></span> <span class='ocrx_word' id='word_1_440' title='bbox 1191 3348 1280 3402; x_wconf 94' lang='lat' dir='ltr'><strong>ille</strong></span> <span class='ocrx_word' id='word_1_441' title='bbox 1327 3349 1442 3405; x_wconf 89' lang='lat' dir='ltr'><strong>dies</strong></span> <span class='ocrx_word' id='word_1_442' title='bbox 1482 3367 1604 3406; x_wconf 80' lang='lat' dir='ltr'><strong>rum</strong></span> <span class='ocrx_word' id='word_1_443' title='bbox 1667 3354 2021 3422; x_wconf 76' lang='lat' dir='ltr'><strong>imperasset,</strong></span> 
     </span>
    </p>
   </div>
   <div class='ocr_carea' id='block_1_66' title="bbox 437 3436 2026 3515">
    <p class='ocr_par' dir='ltr' id='par_1_66' title="bbox 437 3436 2026 3515">
     <span class='ocr_line' id='line_1_66' title="bbox 437 3436 2026 3515; baseline 0.008 -29"><span class='ocrx_word' id='word_1_444' title='bbox 437 3436 794 3504; x_wconf 86' lang='lat' dir='ltr'><strong>interemptus</strong></span> <span class='ocrx_word' id='word_1_445' title='bbox 820 3444 922 3499; x_wconf 85' lang='lat' dir='ltr'><strong>est,</strong></span> <span class='ocrx_word' id='word_1_446' title='bbox 956 3446 1010 3490; x_wconf 84' lang='lat' dir='ltr'><strong>et</strong></span> <span class='ocrx_word' id='word_1_447' title='bbox 1059 3436 1388 3493; x_wconf 84' lang='lat' dir='ltr'><strong>Golthorum</strong></span> <span class='ocrx_word' id='word_1_448' title='bbox 1439 3441 1547 3495; x_wconf 76' lang='lat' dir='ltr'><strong>dux</strong></span> <span class='ocrx_word' id='word_1_449' title='bbox 1584 3440 2026 3515; x_wconf 71' lang='lat' dir='ltr'><strong>Valias(-H)con-</strong></span> 
     </span>
    </p>
   </div>
   <div class='ocr_carea' id='block_1_67' title="bbox 437 3526 711 3579">
    <p class='ocr_par' dir='ltr' id='par_1_67' title="bbox 437 3526 711 3579">
     <span class='ocr_line' id='line_1_67' title="bbox 437 3526 711 3579; baseline 0.004 -1"><span class='ocrx_word' id='word_1_450' title='bbox 437 3526 711 3579; x_wconf 86' lang='lat' dir='ltr'><strong>stituitur.</strong></span> 
     </span>
    </p>
   </div>
   <div class='ocr_carea' id='block_1_68' title="bbox 508 3613 2030 3688">
    <p class='ocr_par' dir='ltr' id='par_1_68' title="bbox 508 3613 2030 3688">
     <span class='ocr_line' id='line_1_68' title="bbox 508 3613 2030 3688; baseline 0.009 -20"><span class='ocrx_word' id='word_1_451' title='bbox 508 3613 694 3670; x_wconf 79' lang='lat' dir='ltr'><strong>Refert</strong></span> <span class='ocrx_word' id='word_1_452' title='bbox 726 3617 816 3670; x_wconf 87' lang='lat' dir='ltr'><strong>hic</strong></span> <span class='ocrx_word' id='word_1_453' title='bbox 878 3620 1114 3688; x_wconf 89' lang='lat' dir='ltr'><strong>scriptor</strong></span> <span class='ocrx_word' id='word_1_454' title='bbox 1170 3622 1390 3678; x_wconf 86' lang='lat' dir='ltr'><strong>audisse</strong></span> <span class='ocrx_word' id='word_1_455' title='bbox 1439 3639 1497 3680; x_wconf 90' lang='lat' dir='ltr'><strong>se</strong></span> <span class='ocrx_word' id='word_1_456' title='bbox 1529 3639 1559 3679; x_wconf 91' lang='lat' dir='ltr'><strong>e</strong></span> <span class='ocrx_word' id='word_1_457' title='bbox 1594 3625 1808 3680; x_wconf 81' lang='lat' dir='ltr'><strong>Valerio</strong></span> <span class='ocrx_word' id='word_1_458' title='bbox 1840 3627 2030 3682; x_wconf 77' lang='lat' dir='ltr'><strong>claris-</strong></span> 
     </span>
    </p>
   </div>
   <div class='ocr_carea' id='block_1_69' title="bbox 437 3711 2028 3782">
    <p class='ocr_par' dir='ltr' id='par_1_69' title="bbox 437 3711 2028 3782">
     <span class='ocr_line' id='line_1_69' title="bbox 437 3711 2028 3782; baseline 0.007 -17"><span class='ocrx_word' id='word_1_459' title='bbox 437 3711 574 3765; x_wconf 85' lang='lat' dir='ltr'><strong>simo</strong></span> <span class='ocrx_word' id='word_1_460' title='bbox 624 3711 762 3776; x_wconf 88' lang='lat' dir='ltr'><strong>viro,</strong></span> <span class='ocrx_word' id='word_1_461' title='bbox 796 3712 863 3765; x_wconf 92' lang='lat' dir='ltr'><strong>de</strong></span> <span class='ocrx_word' id='word_1_462' title='bbox 889 3715 1164 3782; x_wconf 79' lang='lat' dir='ltr'><strong>argenteis</strong></span> <span class='ocrx_word' id='word_1_463' title='bbox 1228 3720 1428 3771; x_wconf 89' lang='lat' dir='ltr'><strong>statuis</strong></span> <span class='ocrx_word' id='word_1_464' title='bbox 1473 3721 1540 3772; x_wconf 88' lang='lat' dir='ltr'><strong>ad</strong></span> <span class='ocrx_word' id='word_1_465' title='bbox 1603 3721 1875 3776; x_wconf 81' lang='lat' dir='ltr'><strong>Barbaros</strong></span> <span class='ocrx_word' id='word_1_466' title='bbox 1939 3740 2028 3776; x_wconf 91' lang='lat' dir='ltr'><strong>ar-</strong></span> 
     </span>
    </p>
   </div>
   <div class='ocr_carea' id='block_1_70' title="bbox 439 3802 2025 3881">
    <p class='ocr_par' dir='ltr' id='par_1_70' title="bbox 439 3802 2025 3881">
     <span class='ocr_line' id='line_1_70' title="bbox 439 3802 2025 3881; baseline 0.008 -26"><span class='ocrx_word' id='word_1_467' title='bbox 439 3802 643 3856; x_wconf 83' lang='lat' dir='ltr'><strong>cendos</strong></span> <span class='ocrx_word' id='word_1_468' title='bbox 693 3803 1040 3870; x_wconf 71' lang='lat' dir='ltr'><strong>inauguratis</strong></span> <span class='ocrx_word' id='word_1_469' title='bbox 1063 3806 1217 3878; x_wconf 69' lang='lat'><strong>(45).</strong></span> <span class='ocrx_word' id='word_1_470' title='bbox 1263 3809 1397 3863; x_wconf 85' lang='lat' dir='ltr'><strong>Natu</strong></span> <span class='ocrx_word' id='word_1_471' title='bbox 1428 3808 1761 3876; x_wconf 86' lang='lat' dir='ltr'><strong>Constantii,</strong></span> <span class='ocrx_word' id='word_1_472' title='bbox 1829 3814 2025 3881; x_wconf 87' lang='lat' dir='ltr'><strong>inquit,</strong></span> 
     </span>
    </p>
   </div>
   <div class='ocr_carea' id='block_1_71' title="bbox 441 3894 2028 3970">
    <p class='ocr_par' dir='ltr' id='par_1_71' title="bbox 441 3894 2028 3970">
     <span class='ocr_line' id='line_1_71' title="bbox 441 3894 2028 3970; baseline 0.01 -25"><span class='ocrx_word' id='word_1_473' title='bbox 441 3894 786 3961; x_wconf 80' lang='lat' dir='ltr'><strong>imperatoris</strong></span> <span class='ocrx_word' id='word_1_474' title='bbox 843 3901 1203 3966; x_wconf 87' lang='lat' dir='ltr'><strong>temporibus,</strong></span> <span class='ocrx_word' id='word_1_475' title='bbox 1244 3901 1501 3970; x_wconf 62' lang='lat' dir='ltr'><strong>prarfecto</strong></span> <span class='ocrx_word' id='word_1_476' title='bbox 1553 3905 1606 3958; x_wconf 84' lang='lat' dir='ltr'><strong>in</strong></span> <span class='ocrx_word' id='word_1_477' title='bbox 1640 3903 1872 3960; x_wconf 86' lang='lat' dir='ltr'><strong>Thracia</strong></span> <span class='ocrx_word' id='word_1_478' title='bbox 1922 3907 2028 3960; x_wconf 74' lang='lat' dir='ltr'><strong>Va-</strong></span> 
     </span>
    </p>
   </div>
   <div class='ocr_carea' id='block_1_72' title="bbox 439 3986 2027 4068">
    <p class='ocr_par' dir='ltr' id='par_1_72' title="bbox 439 3986 2027 4068">
     <span class='ocr_line' id='line_1_72' title="bbox 439 3986 2027 4068; baseline 0.013 -31"><span class='ocrx_word' id='word_1_479' title='bbox 439 3986 596 4051; x_wconf 90' lang='lat' dir='ltr'><strong>lerio,</strong></span> <span class='ocrx_word' id='word_1_480' title='bbox 641 3987 900 4042; x_wconf 87' lang='lat' dir='ltr'><strong>indicium</strong></span> <span class='ocrx_word' id='word_1_481' title='bbox 949 3991 1150 4045; x_wconf 88' lang='lat' dir='ltr'><strong>factum</strong></span> <span class='ocrx_word' id='word_1_482' title='bbox 1191 3995 1427 4050; x_wconf 87' lang='lat' dir='ltr'><strong>thesauri</strong></span> <span class='ocrx_word' id='word_1_483' title='bbox 1459 4000 1805 4068; x_wconf 88' lang='lat' dir='ltr'><strong>reperiundi.</strong></span> <span class='ocrx_word' id='word_1_484' title='bbox 1870 4001 2027 4058; x_wconf 82' lang='lat' dir='ltr'><strong>Vale-</strong></span> 
     </span>
    </p>
   </div>
   <div class='ocr_carea' id='block_1_73' title="bbox 443 4076 2032 4156">
    <p class='ocr_par' dir='ltr' id='par_1_73' title="bbox 443 4076 2032 4156">
     <span class='ocr_line' id='line_1_73' title="bbox 443 4076 2032 4156; baseline 0.014 -27"><span class='ocrx_word' id='word_1_485' title='bbox 443 4076 556 4130; x_wconf 90' lang='lat' dir='ltr'><strong>rius</strong></span> <span class='ocrx_word' id='word_1_486' title='bbox 587 4093 718 4134; x_wconf 92' lang='lat' dir='ltr'><strong>vero</strong></span> <span class='ocrx_word' id='word_1_487' title='bbox 769 4081 835 4134; x_wconf 89' lang='lat' dir='ltr'><strong>ad</strong></span> <span class='ocrx_word' id='word_1_488' title='bbox 867 4083 1043 4137; x_wconf 89' lang='lat' dir='ltr'><strong>locum</strong></span> <span class='ocrx_word' id='word_1_489' title='bbox 1103 4086 1393 4156; x_wconf 85' lang='lat' dir='ltr'><strong>accedens,</strong></span> <span class='ocrx_word' id='word_1_490' title='bbox 1447 4105 1659 4146; x_wconf 90' lang='lat' dir='ltr'><strong>sacrum</strong></span> <span class='ocrx_word' id='word_1_491' title='bbox 1713 4093 1860 4148; x_wconf 91' lang='lat' dir='ltr'><strong>illum</strong></span> <span class='ocrx_word' id='word_1_492' title='bbox 1907 4111 2032 4151; x_wconf 90' lang='lat' dir='ltr'><strong>esse</strong></span> 
     </span>
    </p>
   </div>
   <div class='ocr_carea' id='block_1_74' title="bbox 442 4167 2032 4251">
    <p class='ocr_par' dir='ltr' id='par_1_74' title="bbox 442 4167 2032 4251">
     <span class='ocr_line' id='line_1_74' title="bbox 442 4167 2032 4251; baseline 0.014 -31"><span class='ocrx_word' id='word_1_493' title='bbox 442 4167 706 4238; x_wconf 81' lang='lat' dir='ltr'><strong>religione</strong></span> <span class='ocrx_word' id='word_1_494' title='bbox 735 4187 801 4226; x_wconf 84' lang='lat' dir='ltr'><strong>ex</strong></span> <span class='ocrx_word' id='word_1_495' title='bbox 834 4174 1026 4230; x_wconf 89' lang='lat' dir='ltr'><strong>incolis</strong></span> <span class='ocrx_word' id='word_1_496' title='bbox 1051 4179 1324 4245; x_wconf 84' lang='lat' dir='ltr'><strong>cognovit,</strong></span> <span class='ocrx_word' id='word_1_497' title='bbox 1358 4189 1413 4234; x_wconf 90' lang='lat' dir='ltr'><strong>et</strong></span> <span class='ocrx_word' id='word_1_498' title='bbox 1439 4183 1661 4251; x_wconf 88' lang='lat' dir='ltr'><strong>antiquo</strong></span> <span class='ocrx_word' id='word_1_499' title='bbox 1687 4185 1793 4239; x_wconf 92' lang='lat' dir='ltr'><strong>ritu</strong></span> <span class='ocrx_word' id='word_1_500' title='bbox 1823 4197 2032 4242; x_wconf 81' lang='lat' dir='ltr'><strong>statuas</strong></span> 
     </span>
    </p>
   </div>
   <div class='ocr_carea' id='block_1_75' title="bbox 441 4259 2028 4346">
    <p class='ocr_par' dir='ltr' id='par_1_75' title="bbox 441 4259 2028 4346">
     <span class='ocr_line' id='line_1_75' title="bbox 441 4259 2028 4346; baseline 0.012 -32"><span class='ocrx_word' id='word_1_501' title='bbox 441 4259 642 4316; x_wconf 87' lang='lat' dir='ltr'><strong>ibidem</strong></span> <span class='ocrx_word' id='word_1_502' title='bbox 689 4277 1068 4324; x_wconf 88' lang='lat' dir='ltr'><strong>consecratas.</strong></span> <span class='ocrx_word' id='word_1_503' title='bbox 1126 4270 1328 4325; x_wconf 77' lang='lat' dir='ltr'><strong>Retulit</strong></span> <span class='ocrx_word' id='word_1_504' title='bbox 1377 4273 1492 4328; x_wconf 67' lang='lat' dir='ltr'><strong>haec</strong></span> <span class='ocrx_word' id='word_1_505' title='bbox 1522 4276 1587 4329; x_wconf 90' lang='lat' dir='ltr'><strong>ad</strong></span> <span class='ocrx_word' id='word_1_506' title='bbox 1618 4276 2028 4346; x_wconf 84' lang='lat' dir='ltr'><strong>imperatorem,</strong></span> 
     </span>
    </p>
   </div>
   <div class='ocr_carea' id='block_1_76' title="bbox 441 4355 2029 4434">
    <p class='ocr_par' dir='ltr' id='par_1_76' title="bbox 441 4355 2029 4434">
     <span class='ocr_line' id='line_1_76' title="bbox 441 4355 2029 4434; baseline 0.012 -29"><span class='ocrx_word' id='word_1_507' title='bbox 441 4355 878 4427; x_wconf 88' lang='lat' dir='ltr'><strong>rescriptnmque</strong></span> <span class='ocrx_word' id='word_1_508' title='bbox 910 4363 1140 4430; x_wconf 84' lang='lat' dir='ltr'><strong>accepit,</strong></span> <span class='ocrx_word' id='word_1_509' title='bbox 1191 4377 1298 4432; x_wconf 91' lang='lat' dir='ltr'><strong>quo</strong></span> <span class='ocrx_word' id='word_1_510' title='bbox 1337 4364 1633 4434; x_wconf 87' lang='lat' dir='ltr'><strong>jubebatur</strong></span> <span class='ocrx_word' id='word_1_511' title='bbox 1671 4370 1904 4423; x_wconf 86' lang='lat' dir='ltr'><strong>indicata</strong></span> <span class='ocrx_word' id='word_1_512' title='bbox 1943 4371 2029 4425; x_wconf 89' lang='lat' dir='ltr'><strong>illa</strong></span> 
     </span>
    </p>
   </div>
   <div class='ocr_carea' id='block_1_77' title="bbox 439 4443 2031 4523">
    <p class='ocr_par' dir='ltr' id='par_1_77' title="bbox 439 4443 2031 4523">
     <span class='ocr_line' id='line_1_77' title="bbox 439 4443 2031 4523; baseline 0.013 -26"><span class='ocrx_word' id='word_1_513' title='bbox 439 4443 578 4498; x_wconf 89' lang='lat' dir='ltr'><strong>bona</strong></span> <span class='ocrx_word' id='word_1_514' title='bbox 635 4447 846 4503; x_wconf 89' lang='lat' dir='ltr'><strong>tollere.</strong></span> <span class='ocrx_word' id='word_1_515' title='bbox 899 4449 1067 4518; x_wconf 84' lang='lat' dir='ltr'><strong>Igitur</strong></span> <span class='ocrx_word' id='word_1_516' title='bbox 1113 4454 1310 4512; x_wconf 66' lang='lat' dir='ltr'><strong>effosso</strong></span> <span class='ocrx_word' id='word_1_517' title='bbox 1363 4458 1504 4523; x_wconf 89' lang='lat' dir='ltr'><strong>loco,</strong></span> <span class='ocrx_word' id='word_1_518' title='bbox 1574 4470 1684 4514; x_wconf 90' lang='lat' dir='ltr'><strong>tres</strong></span> <span class='ocrx_word' id='word_1_519' title='bbox 1727 4461 1912 4516; x_wconf 72' lang='lat' dir='ltr'><strong>solidae</strong></span> <span class='ocrx_word' id='word_1_520' title='bbox 1964 4477 2031 4517; x_wconf 78' lang='lat' dir='ltr'><strong>ex</strong></span> 
     </span>
    </p>
   </div>
   <div class='ocr_carea' id='block_1_78' title="bbox 2132 3265 3732 3336">
    <p class='ocr_par' dir='ltr' id='par_1_78' title="bbox 2132 3265 3732 3336">
     <span class='ocr_line' id='line_1_78' title="bbox 2132 3265 3732 3336; baseline 0.001 -20"><span class='ocrx_word' id='word_1_521' title='bbox 2132 3265 2341 3327; x_wconf 85' lang='grc' dir='ltr'>πόλεως</span> <span class='ocrx_word' id='word_1_522' title='bbox 2372 3265 2534 3334; x_wconf 89' lang='grc' dir='ltr'>μέχρι</span> <span class='ocrx_word' id='word_1_523' title='bbox 2563 3265 2870 3319; x_wconf 83' lang='grc' dir='ltr'>δωδεκάτου</span> <span class='ocrx_word' id='word_1_524' title='bbox 2904 3265 3156 3335; x_wconf 82' lang='grc' dir='ltr'>σημείου.</span> <span class='ocrx_word' id='word_1_525' title='bbox 3201 3265 3384 3320; x_wconf 74' lang='grc' dir='ltr'>Ἑπτὰ</span> <span class='ocrx_word' id='word_1_526' title='bbox 3425 3267 3486 3320; x_wconf 83' lang='grc' dir='ltr'>δὲ</span> <span class='ocrx_word' id='word_1_527' title='bbox 3516 3265 3732 3336; x_wconf 77' lang='grc' dir='ltr'>ἡμέρας</span> 
     </span>
    </p>
   </div>
   <div class='ocr_carea' id='block_1_79' title="bbox 2134 3355 3730 3433">
    <p class='ocr_par' dir='ltr' id='par_1_79' title="bbox 2134 3355 3730 3433">
     <span class='ocr_line' id='line_1_79' title="bbox 2134 3355 3730 3433; baseline 0.001 -25"><span class='ocrx_word' id='word_1_528' title='bbox 2134 3355 2306 3426; x_wconf 77' lang='grc' dir='ltr'>ἄρξας</span> <span class='ocrx_word' id='word_1_529' title='bbox 2348 3358 2678 3433; x_wconf 76' lang='grc' dir='ltr'>ἀναιρεῖται,</span> <span class='ocrx_word' id='word_1_530' title='bbox 2713 3357 2944 3432; x_wconf 72' lang='grc' dir='ltr'>ἡγεμὼν</span> <span class='ocrx_word' id='word_1_531' title='bbox 2986 3357 3044 3410; x_wconf 79' lang='grc' dir='ltr'><strong>δὲ</strong></span> <span class='ocrx_word' id='word_1_532' title='bbox 3083 3357 3193 3411; x_wconf 84' lang='grc' dir='ltr'>τῶν</span> <span class='ocrx_word' id='word_1_533' title='bbox 3226 3359 3450 3412; x_wconf 79' lang='grc' dir='ltr'>Γότθων</span> <span class='ocrx_word' id='word_1_534' title='bbox 3500 3357 3730 3419; x_wconf 81' lang='grc' dir='ltr'>Οὐαλίας</span> 
     </span>
    </p>
   </div>
   <div class='ocr_carea' id='block_1_80' title="bbox 2133 3446 2479 3499">
    <p class='ocr_par' dir='ltr' id='par_1_80' title="bbox 2133 3446 2479 3499">
     <span class='ocr_line' id='line_1_80' title="bbox 2133 3446 2479 3499; baseline -0.003 0"><span class='ocrx_word' id='word_1_535' title='bbox 2133 3446 2479 3499; x_wconf 74' lang='grc' dir='ltr'>καθίσταται.</span> 
     </span>
    </p>
   </div>
   <div class='ocr_carea' id='block_1_81' title="bbox 2205 3619 3730 3696">
    <p class='ocr_par' dir='ltr' id='par_1_81' title="bbox 2205 3619 3730 3696">
     <span class='ocr_line' id='line_1_81' title="bbox 2205 3619 3730 3696; baseline -0.003 -20"><span class='ocrx_word' id='word_1_536' title='bbox 2205 3624 2328 3676; x_wconf 87' lang='grc' dir='ltr'>Ὅτι</span> <span class='ocrx_word' id='word_1_537' title='bbox 2359 3625 2386 3676; x_wconf 89' lang='grc' dir='ltr'>ὁ</span> <span class='ocrx_word' id='word_1_538' title='bbox 2422 3624 2691 3694; x_wconf 81' lang='grc' dir='ltr'>ἱστορικός</span> <span class='ocrx_word' id='word_1_539' title='bbox 2734 3642 2868 3696; x_wconf 81' lang='grc' dir='ltr'>φησι</span> <span class='ocrx_word' id='word_1_540' title='bbox 2902 3623 3054 3695; x_wconf 83' lang='grc' dir='ltr'><strong>παρά</strong></span> <span class='ocrx_word' id='word_1_541' title='bbox 3085 3623 3418 3692; x_wconf 84' lang='grc' dir='ltr'>Οὐαλερίου,</span> <span class='ocrx_word' id='word_1_542' title='bbox 3448 3623 3594 3684; x_wconf 73' lang='grc' dir='ltr'>τινὸς</span> <span class='ocrx_word' id='word_1_543' title='bbox 3628 3619 3730 3673; x_wconf 83' lang='grc' dir='ltr'><strong>τῶν</strong></span> 
     </span>
    </p>
   </div>
   <div class='ocr_carea' id='block_1_82' title="bbox 2132 3713 3731 3789">
    <p class='ocr_par' dir='ltr' id='par_1_82' title="bbox 2132 3713 3731 3789">
     <span class='ocr_line' id='line_1_82' title="bbox 2132 3713 3731 3789; baseline -0.003 -20"><span class='ocrx_word' id='word_1_544' title='bbox 2132 3716 2419 3786; x_wconf 75' lang='grc' dir='ltr'>ἐπισήμων</span> <span class='ocrx_word' id='word_1_545' title='bbox 2457 3713 2690 3771; x_wconf 79' lang='grc' dir='ltr'>ἀκοῦοαι</span> <span class='ocrx_word' id='word_1_546' title='bbox 2740 3719 2868 3789; x_wconf 76' lang='grc' dir='ltr'>περὶ</span> <span class='ocrx_word' id='word_1_547' title='bbox 2914 3717 3250 3788; x_wconf 86' lang='grc' dir='ltr'>ἀνδριάντων</span> <span class='ocrx_word' id='word_1_548' title='bbox 3285 3715 3556 3787; x_wconf 78' lang='grc' dir='ltr'>ἀργυρῶν</span> <span class='ocrx_word' id='word_1_549' title='bbox 3588 3730 3731 3766; x_wconf 75' lang='grc' dir='ltr'>τετει-</span> 
     </span>
    </p>
   </div>
   <div class='ocr_carea' id='block_1_83' title="bbox 2131 3809 3730 3882">
    <p class='ocr_par' dir='ltr' id='par_1_83' title="bbox 2131 3809 3730 3882">
     <span class='ocr_line' id='line_1_83' title="bbox 2131 3809 3730 3882; baseline 0.004 -21"><span class='ocrx_word' id='word_1_550' title='bbox 2131 3809 2468 3880; x_wconf 82' lang='grc' dir='ltr'>λεσμένων⁸¹</span> <span class='ocrx_word' id='word_1_551' title='bbox 2494 3811 2574 3872; x_wconf 87' lang='grc' dir='ltr'>εἰς</span> <span class='ocrx_word' id='word_1_552' title='bbox 2603 3810 2896 3882; x_wconf 80' lang='grc' dir='ltr'>βαρϐάρων</span> <span class='ocrx_word' id='word_1_553' title='bbox 2922 3809 3293 3864; x_wconf 83' lang='grc' dir='ltr'>ἀποκὼλυσ;ν.</span> <span class='ocrx_word' id='word_1_554' title='bbox 3347 3810 3438 3864; x_wconf 84' lang='grc' dir='ltr'>Ἐν</span> <span class='ocrx_word' id='word_1_555' title='bbox 3473 3809 3584 3879; x_wconf 77' lang='grc' dir='ltr'>γὰρ</span> <span class='ocrx_word' id='word_1_556' title='bbox 3616 3809 3730 3867; x_wconf 79' lang='grc' dir='ltr'>ταῖς</span> 
     </span>
    </p>
   </div>
   <div class='ocr_carea' id='block_1_84' title="bbox 2132 3899 3726 3972">
    <p class='ocr_par' dir='ltr' id='par_1_84' title="bbox 2132 3899 3726 3972">
     <span class='ocr_line' id='line_1_84' title="bbox 2132 3899 3726 3972; baseline -0.004 -18"><span class='ocrx_word' id='word_1_557' title='bbox 2132 3903 2392 3972; x_wconf 70' lang='grc' dir='ltr'>ἡμέραις,</span> <span class='ocrx_word' id='word_1_558' title='bbox 2437 3905 2592 3971; x_wconf 75' lang='grc' dir='ltr'>φησι,</span> <span class='ocrx_word' id='word_1_559' title='bbox 2640 3902 3029 3955; x_wconf 78' lang='grc' dir='ltr'>Κωνσταντίου</span> <span class='ocrx_word' id='word_1_560' title='bbox 3074 3901 3168 3955; x_wconf 82' lang='grc' dir='ltr'><strong>τοῦ</strong></span> <span class='ocrx_word' id='word_1_561' title='bbox 3228 3901 3507 3972; x_wconf 87' lang='grc' dir='ltr'>βασιλέως</span> <span class='ocrx_word' id='word_1_562' title='bbox 3561 3902 3618 3952; x_wconf 83' lang='grc' dir='ltr'>ὲν</span> <span class='ocrx_word' id='word_1_563' title='bbox 3664 3899 3726 3966; x_wconf 82' lang='grc' dir='ltr'>τῇ</span> 
     </span>
    </p>
   </div>
   <div class='ocr_carea' id='block_1_85' title="bbox 2133 3993 3726 4068">
    <p class='ocr_par' dir='ltr' id='par_1_85' title="bbox 2133 3993 3726 4068">
     <span class='ocr_line' id='line_1_85' title="bbox 2133 3993 3726 4068; baseline -0.002 -20"><span class='ocrx_word' id='word_1_564' title='bbox 2133 3997 2321 4068; x_wconf 77' lang='grc' dir='ltr'>Θρᾴκῃ</span> <span class='ocrx_word' id='word_1_565' title='bbox 2355 3996 2656 4066; x_wconf 83' lang='grc' dir='ltr'>Οὐαλερίου</span> <span class='ocrx_word' id='word_1_566' title='bbox 2695 3997 2955 4067; x_wconf 82' lang='grc' dir='ltr'>ἄρχοντος</span> <span class='ocrx_word' id='word_1_567' title='bbox 3013 3997 3246 4068; x_wconf 83' lang='grc' dir='ltr'>μήνυσις</span> <span class='ocrx_word' id='word_1_568' title='bbox 3274 3997 3506 4065; x_wconf 84' lang='grc' dir='ltr'>γέγονεν</span> <span class='ocrx_word' id='word_1_569' title='bbox 3535 3993 3610 4056; x_wconf 81' lang='grc' dir='ltr'>ὡς</span> <span class='ocrx_word' id='word_1_570' title='bbox 3635 3993 3726 4060; x_wconf 82' lang='grc' dir='ltr'>θη-</span> 
     </span>
    </p>
   </div>
   <div class='ocr_carea' id='block_1_86' title="bbox 2088 4087 3729 4160">
    <p class='ocr_par' dir='ltr' id='par_1_86' title="bbox 2088 4087 3729 4160">
     <span class='ocr_line' id='line_1_86' title="bbox 2088 4087 3729 4160; baseline -0.002 -21"><span class='ocrx_word' id='word_1_571' title='bbox 2088 4123 2092 4127; x_wconf 91' lang='lat'><strong><em>-</em></strong></span> <span class='ocrx_word' id='word_1_572' title='bbox 2137 4090 2337 4158; x_wconf 78' lang='grc' dir='ltr'>σαυρὸς</span> <span class='ocrx_word' id='word_1_573' title='bbox 2363 4087 2641 4159; x_wconf 83' lang='grc' dir='ltr'>εὑρεθείη.</span> <span class='ocrx_word' id='word_1_574' title='bbox 2671 4088 2967 4159; x_wconf 80' lang='grc' dir='ltr'>Οὐαλέριος</span> <span class='ocrx_word' id='word_1_575' title='bbox 2991 4089 3048 4141; x_wconf 85' lang='grc' dir='ltr'>δὲ</span> <span class='ocrx_word' id='word_1_576' title='bbox 3071 4093 3228 4160; x_wconf 83' lang='grc' dir='ltr'>παρὰ</span> <span class='ocrx_word' id='word_1_577' title='bbox 3253 4089 3345 4140; x_wconf 76' lang='grc' dir='ltr'>τὸν</span> <span class='ocrx_word' id='word_1_578' title='bbox 3371 4089 3541 4141; x_wconf 87' lang='grc' dir='ltr'>τόπον</span> <span class='ocrx_word' id='word_1_579' title='bbox 3565 4100 3729 4154; x_wconf 88' lang='grc' dir='ltr'>παρα·</span> 
     </span>
    </p>
   </div>
   <div class='ocr_carea' id='block_1_87' title="bbox 2135 4175 3726 4253">
    <p class='ocr_par' dir='ltr' id='par_1_87' title="bbox 2135 4175 3726 4253">
     <span class='ocr_line' id='line_1_87' title="bbox 2135 4175 3726 4253; baseline -0.006 -18"><span class='ocrx_word' id='word_1_580' title='bbox 2135 4185 2428 4253; x_wconf 83' lang='grc' dir='ltr'>γενόμενος</span> <span class='ocrx_word' id='word_1_581' title='bbox 2480 4182 2744 4253; x_wconf 89' lang='grc' dir='ltr'>μανθάνει</span> <span class='ocrx_word' id='word_1_582' title='bbox 2793 4182 3004 4252; x_wconf 78' lang='grc' dir='ltr'>παρά⁸¹</span> <span class='ocrx_word' id='word_1_583' title='bbox 3055 4181 3163 4233; x_wconf 83' lang='grc' dir='ltr'>τῶν</span> <span class='ocrx_word' id='word_1_584' title='bbox 3217 4181 3535 4251; x_wconf 75' lang='grc' dir='ltr'>ἐπιχωρίων</span> <span class='ocrx_word' id='word_1_585' title='bbox 3591 4175 3726 4244; x_wconf 76' lang='grc' dir='ltr'>ἱερὸν</span> 
     </span>
    </p>
   </div>
   <div class='ocr_carea' id='block_1_88' title="bbox 2135 4259 3720 4346">
    <p class='ocr_par' dir='ltr' id='par_1_88' title="bbox 2135 4259 3720 4346">
     <span class='ocr_line' id='line_1_88' title="bbox 2135 4259 3720 4346; baseline -0.006 -18"><span class='ocrx_word' id='word_1_586' title='bbox 2135 4273 2274 4328; x_wconf 79' lang='grc' dir='ltr'>εἶναι</span> <span class='ocrx_word' id='word_1_587' title='bbox 2299 4275 2391 4328; x_wconf 81' lang='grc' dir='ltr'>τὸν</span> <span class='ocrx_word' id='word_1_588' title='bbox 2417 4275 2582 4328; x_wconf 88' lang='grc' dir='ltr'>τόπον</span> <span class='ocrx_word' id='word_1_589' title='bbox 2608 4276 2673 4340; x_wconf 83' lang='grc'><strong>⁸³,</strong></span> <span class='ocrx_word' id='word_1_590' title='bbox 2711 4276 2805 4328; x_wconf 66' lang='grc' dir='ltr'><strong>κα)¹</strong></span> <span class='ocrx_word' id='word_1_591' title='bbox 2835 4275 2894 4339; x_wconf 76' lang='grc' dir='ltr'>ἐξ</span> <span class='ocrx_word' id='word_1_592' title='bbox 2931 4259 3166 4346; x_wconf 80' lang='grc' dir='ltr'>ἀρχαίας</span> <span class='ocrx_word' id='word_1_593' title='bbox 3197 4273 3428 4340; x_wconf 85' lang='grc' dir='ltr'>τελετῆς</span> <span class='ocrx_word' id='word_1_594' title='bbox 3475 4268 3720 4339; x_wconf 83' lang='grc' dir='ltr'>ἀνδριάν-</span> 
     </span>
    </p>
   </div>
   <div class='ocr_carea' id='block_1_89' title="bbox 2135 4358 3722 4439">
    <p class='ocr_par' dir='ltr' id='par_1_89' title="bbox 2135 4358 3722 4439">
     <span class='ocr_line' id='line_1_89' title="bbox 2135 4358 3722 4439; baseline -0.005 -19"><span class='ocrx_word' id='word_1_595' title='bbox 2135 4386 2230 4431; x_wconf 76' lang='grc' dir='ltr'><strong>τας</strong></span> <span class='ocrx_word' id='word_1_596' title='bbox 2262 4369 2320 4420; x_wconf 84' lang='grc' dir='ltr'>ὲν</span> <span class='ocrx_word' id='word_1_597' title='bbox 2367 4367 2517 4437; x_wconf 85' lang='grc' dir='ltr'>αὐτῷ</span> <span class='ocrx_word' id='word_1_598' title='bbox 2561 4368 2926 4439; x_wconf 83' lang='grc' dir='ltr'>ἀφιερῶσθαι.</span> <span class='ocrx_word' id='word_1_599' title='bbox 2963 4365 3097 4422; x_wconf 80' lang='grc' dir='ltr'>Εἶτα</span> <span class='ocrx_word' id='word_1_600' title='bbox 3137 4367 3405 4437; x_wconf 77' lang='grc' dir='ltr'>ἀναφέρει</span> <span class='ocrx_word' id='word_1_601' title='bbox 3451 4364 3623 4416; x_wconf 77' lang='grc' dir='ltr'>ταῦτα</span> <span class='ocrx_word' id='word_1_602' title='bbox 3649 4358 3722 4429; x_wconf 75' lang='grc' dir='ltr'>τῷ</span> 
     </span>
    </p>
   </div>
   <div class='ocr_carea' id='block_1_90' title="bbox 2139 4451 3724 4528">
    <p class='ocr_par' dir='ltr' id='par_1_90' title="bbox 2139 4451 3724 4528">
     <span class='ocr_line' id='line_1_90' title="bbox 2139 4451 3724 4528; baseline -0.004 -18"><span class='ocrx_word' id='word_1_603' title='bbox 2139 4458 2370 4526; x_wconf 80' lang='grc' dir='ltr'>βασιλεῖ,</span> <span class='ocrx_word' id='word_1_604' title='bbox 2403 4460 2496 4512; x_wconf 79' lang='grc' dir='ltr'><strong>καὶ</strong></span> <span class='ocrx_word' id='word_1_605' title='bbox 2519 4458 2734 4528; x_wconf 86' lang='grc' dir='ltr'>δέχεται</span> <span class='ocrx_word' id='word_1_606' title='bbox 2764 4459 3002 4528; x_wconf 83' lang='grc' dir='ltr'>γράμμα</span> <span class='ocrx_word' id='word_1_607' title='bbox 3024 4458 3325 4528; x_wconf 82' lang='grc' dir='ltr'>ὲπιτρέπον</span> <span class='ocrx_word' id='word_1_608' title='bbox 3347 4454 3500 4526; x_wconf 81' lang='grc' dir='ltr'>αὐτῷ</span> <span class='ocrx_word' id='word_1_609' title='bbox 3532 4451 3724 4507; x_wconf 81' lang='grc' dir='ltr'>ἀναλα-</span> 
     </span>
    </p>
   </div>
   <div class='ocr_carea' id='block_1_91' title="bbox 443 4542 2024 4621">
    <p class='ocr_par' dir='ltr' id='par_1_91' title="bbox 443 4542 2024 4621">
     <span class='ocr_line' id='line_1_91' title="bbox 443 4542 2024 4621; baseline 0.011 -31"><span class='ocrx_word' id='word_1_610' title='bbox 443 4549 672 4608; x_wconf 76' lang='lat' dir='ltr'><strong>argento</strong></span> <span class='ocrx_word' id='word_1_611' title='bbox 706 4542 982 4599; x_wconf 67' lang='lat' dir='ltr'><strong>fabricatae</strong></span> <span class='ocrx_word' id='word_1_612' title='bbox 1005 4559 1233 4616; x_wconf 71' lang='lat' dir='ltr'><strong>repertae</strong></span> <span class='ocrx_word' id='word_1_613' title='bbox 1260 4561 1389 4604; x_wconf 91' lang='lat' dir='ltr'><strong>sunt</strong></span> <span class='ocrx_word' id='word_1_614' title='bbox 1413 4562 1624 4616; x_wconf 56' lang='lat' dir='ltr'><strong>statua’,</strong></span> <span class='ocrx_word' id='word_1_615' title='bbox 1643 4554 1822 4621; x_wconf 89' lang='lat' dir='ltr'><strong>specie</strong></span> <span class='ocrx_word' id='word_1_616' title='bbox 1837 4555 2024 4610; x_wconf 85' lang='lat' dir='ltr'><strong>barba-</strong></span> 
     </span>
    </p>
   </div>
   <div class='ocr_carea' id='block_1_92' title="bbox 2134 4542 3719 4621">
    <p class='ocr_par' dir='ltr' id='par_1_92' title="bbox 2142 4544 3719 4621">
     <span class='ocr_line' id='line_1_92' title="bbox 2142 4544 3719 4621; baseline -0.005 -21"><span class='ocrx_word' id='word_1_617' title='bbox 2142 4549 2258 4602; x_wconf 67' lang='grc' dir='ltr'>δεῖν</span> <span class='ocrx_word' id='word_1_618' title='bbox 2287 4548 2357 4602; x_wconf 81' lang='grc' dir='ltr'>τὰ</span> <span class='ocrx_word' id='word_1_619' title='bbox 2385 4550 2717 4621; x_wconf 84' lang='grc' dir='ltr'>μηνυθέντα.</span> <span class='ocrx_word' id='word_1_620' title='bbox 2767 4551 3186 4620; x_wconf 88' lang='grc' dir='ltr'>Ἀνορυχθέντος</span> <span class='ocrx_word' id='word_1_621' title='bbox 3214 4550 3394 4602; x_wconf 85' lang='grc' dir='ltr'>τοίνυν</span> <span class='ocrx_word' id='word_1_622' title='bbox 3435 4546 3529 4600; x_wconf 82' lang='grc' dir='ltr'>τοῦ</span> <span class='ocrx_word' id='word_1_623' title='bbox 3563 4544 3719 4596; x_wconf 85' lang='grc' dir='ltr'>τόπου</span> 
     </span>
    </p>
   </div>
   <div class='ocr_carea' id='block_1_93' title="bbox 443 4629 2029 4716">
    <p class='ocr_par' dir='ltr' id='par_1_93' title="bbox 443 4629 2029 4716">
     <span class='ocr_line' id='line_1_93' title="bbox 443 4629 2029 4716; baseline 0.014 -37"><span class='ocrx_word' id='word_1_624' title='bbox 443 4629 554 4683; x_wconf 86' lang='lat' dir='ltr'><strong>rica</strong></span> <span class='ocrx_word' id='word_1_625' title='bbox 588 4631 727 4696; x_wconf 72' lang='lat' dir='ltr'><strong>sine,</strong></span> <span class='ocrx_word' id='word_1_626' title='bbox 759 4644 812 4687; x_wconf 80' lang='lat' dir='ltr'><strong>et</strong></span> <span class='ocrx_word' id='word_1_627' title='bbox 832 4647 1062 4708; x_wconf 87' lang='lat' dir='ltr'><strong>utroque</strong></span> <span class='ocrx_word' id='word_1_628' title='bbox 1089 4640 1310 4696; x_wconf 87' lang='lat' dir='ltr'><strong>brachio</strong></span> <span class='ocrx_word' id='word_1_629' title='bbox 1355 4655 1568 4709; x_wconf 86' lang='lat' dir='ltr'><strong>ansato,</strong></span> <span class='ocrx_word' id='word_1_630' title='bbox 1595 4653 1742 4700; x_wconf 86' lang='lat' dir='ltr'><strong>veste</strong></span> <span class='ocrx_word' id='word_1_631' title='bbox 1768 4657 2029 4716; x_wconf 70' lang='lat' dir='ltr'><strong>prazterea</strong></span> 
     </span>
    </p>
   </div>
   <div class='ocr_carea' id='block_1_94' title="bbox 443 4718 2054 4804">
    <p class='ocr_par' dir='ltr' id='par_1_94' title="bbox 443 4718 2054 4804">
     <span class='ocr_line' id='line_1_94' title="bbox 443 4718 2054 4804; baseline 0.014 -36"><span class='ocrx_word' id='word_1_632' title='bbox 443 4718 720 4788; x_wconf 85' lang='lat' dir='ltr'><strong>variegata</strong></span> <span class='ocrx_word' id='word_1_633' title='bbox 779 4722 1067 4781; x_wconf 83' lang='lat' dir='ltr'><strong>barbarico</strong></span> <span class='ocrx_word' id='word_1_634' title='bbox 1107 4729 1214 4782; x_wconf 90' lang='lat' dir='ltr'><strong>ritu</strong></span> <span class='ocrx_word' id='word_1_635' title='bbox 1257 4731 1480 4798; x_wconf 72' lang='lat' dir='ltr'><strong>indutae,</strong></span> <span class='ocrx_word' id='word_1_636' title='bbox 1518 4742 1572 4786; x_wconf 86' lang='lat' dir='ltr'><strong>et</strong></span> <span class='ocrx_word' id='word_1_637' title='bbox 1600 4749 1812 4788; x_wconf 89' lang='lat' dir='ltr'><strong>comam</strong></span> <span class='ocrx_word' id='word_1_638' title='bbox 1849 4737 2054 4804; x_wconf 69' lang='lat' dir='ltr'><strong>capite~</strong></span> 
     </span>
    </p>
   </div>
   <div class='ocr_carea' id='block_1_95' title="bbox 441 4816 2025 4892">
    <p class='ocr_par' dir='ltr' id='par_1_95' title="bbox 441 4816 2025 4892">
     <span class='ocr_line' id='line_1_95' title="bbox 441 4816 2025 4892; baseline 0.014 -33"><span class='ocrx_word' id='word_1_639' title='bbox 441 4816 715 4876; x_wconf 77' lang='lat' dir='ltr'><strong>gestantes</strong></span> <span class='ocrx_word' id='word_1_640' title='bbox 758 4820 922 4882; x_wconf 89' lang='lat' dir='ltr'><strong>atque</strong></span> <span class='ocrx_word' id='word_1_641' title='bbox 953 4816 1004 4870; x_wconf 92' lang='lat' dir='ltr'><strong>in</strong></span> <span class='ocrx_word' id='word_1_642' title='bbox 1041 4821 1492 4888; x_wconf 87' lang='lat' dir='ltr'><strong>septentrionem,</strong></span> <span class='ocrx_word' id='word_1_643' title='bbox 1524 4838 1643 4892; x_wconf 68' lang='lat' dir='ltr'><strong>quae</strong></span> <span class='ocrx_word' id='word_1_644' title='bbox 1670 4824 2025 4881; x_wconf 88' lang='lat' dir='ltr'><strong>barbarorum</strong></span> 
     </span>
    </p>
   </div>
   <div class='ocr_carea' id='block_1_96' title="bbox 441 4900 2024 4984">
    <p class='ocr_par' dir='ltr' id='par_1_96' title="bbox 441 4900 2024 4984">
     <span class='ocr_line' id='line_1_96' title="bbox 441 4900 2024 4984; baseline 0.013 -30"><span class='ocrx_word' id='word_1_645' title='bbox 441 4900 592 4969; x_wconf 83' lang='lat' dir='ltr'><strong>regio</strong></span> <span class='ocrx_word' id='word_1_646' title='bbox 611 4913 714 4969; x_wconf 77' lang='grc' dir='ltr'>εει,</span> <span class='ocrx_word' id='word_1_647' title='bbox 751 4905 1011 4963; x_wconf 86' lang='lat' dir='ltr'><strong>obversae.</strong></span> <span class='ocrx_word' id='word_1_648' title='bbox 1042 4910 1172 4978; x_wconf 80' lang='lat' dir='ltr'><strong>Quae</strong></span> <span class='ocrx_word' id='word_1_649' title='bbox 1198 4913 1358 4967; x_wconf 89' lang='lat' dir='ltr'><strong>simul</strong></span> <span class='ocrx_word' id='word_1_650' title='bbox 1390 4925 1551 4984; x_wconf 84' lang='lat' dir='ltr'><strong>atque</strong></span> <span class='ocrx_word' id='word_1_651' title='bbox 1576 4925 1770 4971; x_wconf 78' lang='lat' dir='ltr'><strong>statua:</strong></span> <span class='ocrx_word' id='word_1_652' title='bbox 1796 4920 2024 4974; x_wconf 84' lang='lat' dir='ltr'><strong>sublatae</strong></span> 
     </span>
    </p>
   </div>
   <div class='ocr_carea' id='block_1_97' title="bbox 2136 4625 3722 4712">
    <p class='ocr_par' dir='ltr' id='par_1_97' title="bbox 2136 4625 3722 4712">
     <span class='ocr_line' id='line_1_97' title="bbox 2136 4625 3722 4712; baseline 0.004 -20"><span class='ocrx_word' id='word_1_653' title='bbox 2136 4641 2488 4711; x_wconf 80' lang='grc' dir='ltr'>εὑρίσκονται</span> <span class='ocrx_word' id='word_1_654' title='bbox 2534 4645 2686 4712; x_wconf 86' lang='grc' dir='ltr'>τρεῖς</span> <span class='ocrx_word' id='word_1_655' title='bbox 2726 4643 3045 4711; x_wconf 86' lang='grc' dir='ltr'>ἀνδριάντες</span> <span class='ocrx_word' id='word_1_656' title='bbox 3093 4641 3160 4694; x_wconf 82' lang='grc' dir='ltr'>δι’</span> <span class='ocrx_word' id='word_1_657' title='bbox 3209 4641 3333 4693; x_wconf 78' lang='grc' dir='ltr'>ὅλου</span> <span class='ocrx_word' id='word_1_658' title='bbox 3386 4639 3448 4703; x_wconf 80' lang='grc' dir='ltr'>ἐξ</span> <span class='ocrx_word' id='word_1_659' title='bbox 3487 4625 3722 4706; x_wconf 76' lang='grc' dir='ltr'>ἀργύρου</span> 
     </span>
    </p>
   </div>
   <div class='ocr_carea' id='block_1_98' title="bbox 2137 4720 3718 4806">
    <p class='ocr_par' dir='ltr' id='par_1_98' title="bbox 2137 4720 3718 4806">
     <span class='ocr_line' id='line_1_98' title="bbox 2137 4720 3718 4806; baseline -0.009 -21"><span class='ocrx_word' id='word_1_660' title='bbox 2137 4736 2523 4805; x_wconf 83' lang='grc' dir='ltr'>πεποιημένοι,</span> <span class='ocrx_word' id='word_1_661' title='bbox 2570 4736 2628 4786; x_wconf 75' lang='grc' dir='ltr'><strong>ὲν</strong></span> <span class='ocrx_word' id='word_1_662' title='bbox 2662 4733 2708 4766; x_wconf 65' lang='grc'><strong>⁸⁸</strong></span> <span class='ocrx_word' id='word_1_663' title='bbox 2742 4735 2982 4806; x_wconf 83' lang='grc' dir='ltr'>σχήματι</span> <span class='ocrx_word' id='word_1_664' title='bbox 3031 4731 3422 4804; x_wconf 65' lang='grc' dir='ltr'>βαρϐαρικῷεδ</span> <span class='ocrx_word' id='word_1_665' title='bbox 3472 4720 3718 4803; x_wconf 62' lang='grc' dir='ltr'>κατακεί-</span> 
     </span>
    </p>
   </div>
   <div class='ocr_carea' id='block_1_99' title="bbox 2140 4813 3715 4896">
    <p class='ocr_par' dir='ltr' id='par_1_99' title="bbox 2140 4813 3715 4896">
     <span class='ocr_line' id='line_1_99' title="bbox 2140 4813 3715 4896; baseline -0.003 -19"><span class='ocrx_word' id='word_1_666' title='bbox 2140 4844 2290 4894; x_wconf 87' lang='grc' dir='ltr'>μενοι</span> <span class='ocrx_word' id='word_1_667' title='bbox 2322 4828 2418 4879; x_wconf 77' lang='grc' dir='ltr'>καὶ</span> <span class='ocrx_word' id='word_1_668' title='bbox 2447 4825 2916 4896; x_wconf 82' lang='grc' dir='ltr'>ὲξηγκωνισμένοι</span> <span class='ocrx_word' id='word_1_669' title='bbox 2942 4828 3062 4878; x_wconf 81' lang='grc' dir='ltr'>κατ’</span> <span class='ocrx_word' id='word_1_670' title='bbox 3113 4825 3320 4894; x_wconf 83' lang='grc' dir='ltr'>ἀμφοῖν</span> <span class='ocrx_word' id='word_1_671' title='bbox 3353 4820 3475 4872; x_wconf 82' lang='grc' dir='ltr'>ταῖν</span> <span class='ocrx_word' id='word_1_672' title='bbox 3523 4813 3715 4885; x_wconf 75' lang='grc' dir='ltr'>χεροῖν,</span> 
     </span>
    </p>
   </div>
   <div class='ocr_carea' id='block_1_100' title="bbox 2141 4905 3718 4994">
    <p class='ocr_par' dir='ltr' id='par_1_100' title="bbox 2141 4905 3718 4994">
     <span class='ocr_line' id='line_1_100' title="bbox 2141 4905 3718 4994; baseline -0.012 -19"><span class='ocrx_word' id='word_1_673' title='bbox 2141 4921 2266 4994; x_wconf 76' lang='grc'><strong>[189</strong></span> <span class='ocrx_word' id='word_1_674' title='bbox 2299 4919 2406 4992; x_wconf 60' lang='lat' dir='ltr'><strong>IL]</strong></span> <span class='ocrx_word' id='word_1_675' title='bbox 2456 4919 2797 4989; x_wconf 79' lang='grc' dir='ltr'>ἐνδεδυμένοι</span> <span class='ocrx_word' id='word_1_676' title='bbox 2849 4919 2906 4972; x_wconf 81' lang='grc' dir='ltr'><strong>δὲ</strong></span> <span class='ocrx_word' id='word_1_677' title='bbox 2960 4916 3236 4989; x_wconf 78' lang='grc' dir='ltr'>βάρϐαρον</span> <span class='ocrx_word' id='word_1_678' title='bbox 3298 4905 3718 4975; x_wconf 61' lang='grc' dir='ltr'>πεποικιλμένῳ*</span> 
     </span>
    </p>
   </div>
   <div class='ocr_carea' id='block_1_101' title="bbox 1767 5050 2446 5113">
    <p class='ocr_par' dir='ltr' id='par_1_101' title="bbox 1767 5050 2446 5113">
     <span class='ocr_line' id='line_1_101' title="bbox 1767 5050 2446 5113; baseline 0.004 -7"><span class='ocrx_word' id='word_1_679' title='bbox 1767 5050 2000 5110; x_wconf 67' lang='lat' dir='ltr'><strong>VARIE</strong></span> <span class='ocrx_word' id='word_1_680' title='bbox 2035 5057 2334 5113; x_wconf 82' lang='lat' dir='ltr'><strong>LECTION</strong></span> <span class='ocrx_word' id='word_1_681' title='bbox 2342 5055 2446 5109; x_wconf 85' lang='lat' dir='ltr'><strong>ES.</strong></span> 
     </span>
    </p>
   </div>
   <div class='ocr_carea' id='block_1_102' title="bbox 549 5163 3716 5250">
    <p class='ocr_par' dir='ltr' id='par_1_102' title="bbox 549 5163 3716 5250">
     <span class='ocr_line' id='line_1_102' title="bbox 549 5163 3716 5250; baseline 0.001 -34"><span class='ocrx_word' id='word_1_682' title='bbox 549 5167 595 5197; x_wconf 78' lang='lat'>&quot;</span> <span class='ocrx_word' id='word_1_683' title='bbox 625 5164 828 5250; x_wconf 50' lang='grc' dir='ltr'>γὰρηὲ</span> <span class='ocrx_word' id='word_1_684' title='bbox 875 5185 888 5219; x_wconf 90' lang='lat'><strong>:</strong></span> <span class='ocrx_word' id='word_1_685' title='bbox 944 5166 1001 5220; x_wconf 83' lang='grc' dir='ltr'>δὲ</span> <span class='ocrx_word' id='word_1_686' title='bbox 1058 5185 1140 5250; x_wconf 53' lang='grc' dir='ltr'>ς..</span> <span class='ocrx_word' id='word_1_687' title='bbox 1219 5169 1266 5250; x_wconf 63' lang='grc' dir='ltr'><em>ξ³</em></span> <span class='ocrx_word' id='word_1_688' title='bbox 1296 5171 1562 5250; x_wconf 83' lang='grc' dir='ltr'>τετάχθαι</span> <span class='ocrx_word' id='word_1_689' title='bbox 1593 5191 1654 5250; x_wconf 36' lang='grc' dir='ltr'>ς..</span> <span class='ocrx_word' id='word_1_690' title='bbox 1696 5245 1712 5250; x_wconf 28' lang='grc' dir='ltr'><strong>Α</strong></span> <span class='ocrx_word' id='word_1_691' title='bbox 1770 5176 1815 5207; x_wconf 71' lang='grc'><strong>⁷⁵</strong></span> <span class='ocrx_word' id='word_1_692' title='bbox 1877 5177 2116 5250; x_wconf 78' lang='grc' dir='ltr'>ἐπέθηκε</span> <span class='ocrx_word' id='word_1_693' title='bbox 2169 5199 2230 5245; x_wconf 90' lang='grc' dir='ltr'><strong>ς.</strong></span> <span class='ocrx_word' id='word_1_694' title='bbox 2307 5180 2354 5211; x_wconf 79' lang='grc'><strong>⁷⁵</strong></span> <span class='ocrx_word' id='word_1_695' title='bbox 2384 5176 2608 5249; x_wconf 74' lang='grc' dir='ltr'>καὶτῆς</span> <span class='ocrx_word' id='word_1_696' title='bbox 2658 5179 2779 5250; x_wconf 34' lang='lat' dir='ltr'><strong>Il),</strong></span> <span class='ocrx_word' id='word_1_697' title='bbox 2817 5195 2878 5250; x_wconf 76' lang='grc' dir='ltr'><strong>ς.</strong></span> <span class='ocrx_word' id='word_1_698' title='bbox 2983 5178 3050 5208; x_wconf 75' lang='grc'><strong>⁷⁸*</strong></span> <span class='ocrx_word' id='word_1_699' title='bbox 3079 5178 3155 5240; x_wconf 81' lang='grc' dir='ltr'><strong>είς</strong></span> <span class='ocrx_word' id='word_1_700' title='bbox 3196 5193 3324 5250; x_wconf 53' lang='lat' dir='ltr'><strong>om;</strong></span> <span class='ocrx_word' id='word_1_701' title='bbox 3516 5171 3566 5250; x_wconf 62' lang='grc' dir='ltr'><strong>’ξ</strong></span> <span class='ocrx_word' id='word_1_702' title='bbox 3586 5163 3716 5220; x_wconf 76' lang='grc' dir='ltr'><strong>Δόϐ-</strong></span> 
     </span>
    </p>
   </div>
   <div class='ocr_carea' id='block_1_103' title="bbox 441 5235 3716 5368">
    <p class='ocr_par' dir='ltr' id='par_1_103' title="bbox 441 5235 3716 5368">
     <span class='ocr_line' id='line_1_103' title="bbox 443 5235 3716 5368; baseline -0.004 -70"><span class='ocrx_word' id='word_1_703' title='bbox 443 5235 560 5298; x_wconf 75' lang='grc' dir='ltr'><strong>διος</strong></span> <span class='ocrx_word' id='word_1_704' title='bbox 593 5235 917 5320; x_wconf 30' lang='grc' dir='ltr'><strong>-κΔόϐίξιον</strong></span> <span class='ocrx_word' id='word_1_705' title='bbox 977 5255 1060 5318; x_wconf 42' lang='grc' dir='ltr'>ς..</span> <span class='ocrx_word' id='word_1_706' title='bbox 1121 5239 1140 5269; x_wconf 82' lang='grc'><strong>⁷</strong></span> <span class='ocrx_word' id='word_1_707' title='bbox 1201 5242 1240 5320; x_wconf 40' lang='grc' dir='ltr'>’ό</span> <span class='ocrx_word' id='word_1_708' title='bbox 1289 5256 1398 5296; x_wconf 88' lang='lat' dir='ltr'><strong>om.</strong></span> <span class='ocrx_word' id='word_1_709' title='bbox 1434 5235 1522 5297; x_wconf 70' lang='grc' dir='ltr'>Ἃ.</span> <span class='ocrx_word' id='word_1_710' title='bbox 1601 5235 1647 5276; x_wconf 48' lang='grc' dir='ltr'><strong>ἦε</strong></span> <span class='ocrx_word' id='word_1_711' title='bbox 1690 5235 2053 5320; x_wconf 86' lang='grc' dir='ltr'>διεχειρίσατὸ</span> <span class='ocrx_word' id='word_1_712' title='bbox 2108 5235 2197 5316; x_wconf 69' lang='grc' dir='ltr'>ς.’</span> <span class='ocrx_word' id='word_1_713' title='bbox 2277 5251 2324 5282; x_wconf 73' lang='grc' dir='ltr'><strong>τ’</strong></span> <span class='ocrx_word' id='word_1_714' title='bbox 2347 5235 2965 5320; x_wconf 70' lang='grc' dir='ltr'>λοιποῖςάἰχμαλιῧτοις</span> <span class='ocrx_word' id='word_1_715' title='bbox 3005 5267 3075 5313; x_wconf 82' lang='grc' dir='ltr'>ς.</span> <span class='ocrx_word' id='word_1_716' title='bbox 3138 5235 3153 5240; x_wconf 51' lang='grc'>⁷</span> <span class='ocrx_word' id='word_1_717' title='bbox 3193 5247 3238 5278; x_wconf 84' lang='grc'><strong>⁸⁰</strong></span> <span class='ocrx_word' id='word_1_718' title='bbox 3296 5240 3389 5368; x_wconf 46' lang='grc' dir='ltr'>ἔρα]</span> <span class='ocrx_word' id='word_1_719' title='bbox 3440 5241 3497 5295; x_wconf 86' lang='grc' dir='ltr'>δὲ</span> <span class='ocrx_word' id='word_1_720' title='bbox 3540 5236 3606 5310; x_wconf 73' lang='grc' dir='ltr'>ἦν</span> <span class='ocrx_word' id='word_1_721' title='bbox 3656 5251 3716 5317; x_wconf 67' lang='grc' dir='ltr'><strong>ς.</strong></span> 
     </span>
     <span class='ocr_line' id='line_1_104' title="bbox 441 5305 3714 5368; baseline -0 0"><span class='ocrx_word' id='word_1_722' title='bbox 441 5305 488 5338; x_wconf 62' lang='grc'><strong>⁸⁸</strong></span> <span class='ocrx_word' id='word_1_723' title='bbox 533 5305 958 5368; x_wconf 68' lang='grc' dir='ltr'><strong>τετελεσμενωνί</strong></span> <span class='ocrx_word' id='word_1_724' title='bbox 1015 5308 1121 5361; x_wconf 79' lang='lat' dir='ltr'><strong>Vltl.</strong></span> <span class='ocrx_word' id='word_1_725' title='bbox 1174 5309 1392 5368; x_wconf 67' lang='lat' dir='ltr'><strong>ltuster.</strong></span> <span class='ocrx_word' id='word_1_726' title='bbox 1429 5320 1494 5367; x_wconf 74' lang='lat' dir='ltr'><strong>ad</strong></span> <span class='ocrx_word' id='word_1_727' title='bbox 1557 5315 1712 5368; x_wconf 89' lang='lat' dir='ltr'><strong>Suid.</strong></span> <span class='ocrx_word' id='word_1_728' title='bbox 1770 5334 1818 5368; x_wconf 92' lang='lat' dir='ltr'><strong>v.</strong></span> <span class='ocrx_word' id='word_1_729' title='bbox 1876 5319 2114 5368; x_wconf 70' lang='grc' dir='ltr'>Μὰλεοε.</span> <span class='ocrx_word' id='word_1_730' title='bbox 2227 5321 2273 5353; x_wconf 77' lang='grc'><strong>⁸⁸</strong></span> <span class='ocrx_word' id='word_1_731' title='bbox 2305 5321 2458 5368; x_wconf 75' lang='grc' dir='ltr'>παρὰ</span> <span class='ocrx_word' id='word_1_732' title='bbox 2488 5321 2528 5368; x_wconf 86' lang='grc' dir='ltr'><strong>Α</strong></span> <span class='ocrx_word' id='word_1_733' title='bbox 2565 5339 2578 5368; x_wconf 86' lang='lat'><strong>:</strong></span> <span class='ocrx_word' id='word_1_734' title='bbox 2611 5323 2740 5368; x_wconf 75' lang='grc' dir='ltr'>περὶ</span> <span class='ocrx_word' id='word_1_735' title='bbox 2764 5336 2828 5368; x_wconf 73' lang='grc' dir='ltr'><strong>ε’-</strong></span> <span class='ocrx_word' id='word_1_736' title='bbox 2909 5318 2957 5351; x_wconf 82' lang='grc'><strong>⁸³</strong></span> <span class='ocrx_word' id='word_1_737' title='bbox 2981 5320 3074 5368; x_wconf 77' lang='grc' dir='ltr'>τὸν</span> <span class='ocrx_word' id='word_1_738' title='bbox 3101 5318 3266 5368; x_wconf 85' lang='grc' dir='ltr'>τόπον</span> <span class='ocrx_word' id='word_1_739' title='bbox 3297 5317 3324 5368; x_wconf 87' lang='grc' dir='ltr'><strong>έ</strong></span> <span class='ocrx_word' id='word_1_740' title='bbox 3351 5331 3435 5368; x_wconf 81' lang='grc' dir='ltr'><strong>ναι</strong></span> <span class='ocrx_word' id='word_1_741' title='bbox 3457 5330 3516 5368; x_wconf 84' lang='grc' dir='ltr'><strong>ς.</strong></span> <span class='ocrx_word' id='word_1_742' title='bbox 3588 5309 3631 5338; x_wconf 60' lang='grc'><strong>³⁸</strong></span> <span class='ocrx_word' id='word_1_743' title='bbox 3661 5319 3714 5354; x_wconf 82' lang='grc' dir='ltr'><strong>εν</strong></span> 
     </span>
    </p>
   </div>
   <div class='ocr_carea' id='block_1_104' title="bbox 533 5305 3714 5392">
    <p class='ocr_par' dir='ltr' id='par_1_104' title="bbox 533 5305 3714 5392">
     <span class='ocr_line' id='line_1_105' title="bbox 533 5305 3714 5392; baseline 0.002 -33"><span class='ocrx_word' id='word_1_744' title='bbox 533 5305 958 5392; x_wconf 48' lang='grc' dir='ltr'>τετελεσμένων]</span> <span class='ocrx_word' id='word_1_745' title='bbox 1015 5308 1121 5388; x_wconf 66' lang='lat' dir='ltr'><strong>vid.</strong></span> <span class='ocrx_word' id='word_1_746' title='bbox 1174 5309 1392 5368; x_wconf 84' lang='lat' dir='ltr'><strong>Kuster.</strong></span> <span class='ocrx_word' id='word_1_747' title='bbox 1429 5320 1494 5367; x_wconf 75' lang='lat' dir='ltr'><strong>ad</strong></span> <span class='ocrx_word' id='word_1_748' title='bbox 1557 5315 1712 5370; x_wconf 88' lang='lat' dir='ltr'><strong>Suid.</strong></span> <span class='ocrx_word' id='word_1_749' title='bbox 1770 5305 1818 5371; x_wconf 53' lang='grc' dir='ltr'><strong>θ’.</strong></span> <span class='ocrx_word' id='word_1_750' title='bbox 1863 5305 2137 5384; x_wconf 68' lang='grc' dir='ltr'>’Μάλεος.’</span> <span class='ocrx_word' id='word_1_751' title='bbox 2227 5321 2273 5353; x_wconf 80' lang='grc'><strong>⁸⁸</strong></span> <span class='ocrx_word' id='word_1_752' title='bbox 2305 5321 2458 5391; x_wconf 86' lang='grc' dir='ltr'>παρὰ</span> <span class='ocrx_word' id='word_1_753' title='bbox 2485 5305 2578 5375; x_wconf 35' lang='lat' dir='ltr'><strong>Av:</strong></span> <span class='ocrx_word' id='word_1_754' title='bbox 2611 5305 2740 5392; x_wconf 64' lang='grc' dir='ltr'>πέρ).</span> <span class='ocrx_word' id='word_1_755' title='bbox 2764 5336 2828 5385; x_wconf 74' lang='grc' dir='ltr'>ς’.</span> <span class='ocrx_word' id='word_1_756' title='bbox 2909 5305 2961 5351; x_wconf 67' lang='grc' dir='ltr'>⁸ί</span> <span class='ocrx_word' id='word_1_757' title='bbox 2981 5305 3074 5371; x_wconf 62' lang='grc' dir='ltr'>τὶν</span> <span class='ocrx_word' id='word_1_758' title='bbox 3101 5318 3266 5371; x_wconf 89' lang='grc' dir='ltr'>τόπον</span> <span class='ocrx_word' id='word_1_759' title='bbox 3297 5305 3516 5378; x_wconf 69' lang='grc' dir='ltr'>έῖνῖιις.</span> <span class='ocrx_word' id='word_1_760' title='bbox 3562 5305 3631 5338; x_wconf 67' lang='grc'><strong>’⁸⁸</strong></span> <span class='ocrx_word' id='word_1_761' title='bbox 3661 5306 3714 5354; x_wconf 78' lang='grc' dir='ltr'>ἐν</span> 
     </span>
    </p>
   </div>
   <div class='ocr_carea' id='block_1_105' title="bbox 443 5377 3092 5448">
    <p class='ocr_par' dir='ltr' id='par_1_105' title="bbox 443 5377 3092 5448">
     <span class='ocr_line' id='line_1_106' title="bbox 443 5377 3092 5448; baseline -0.002 -18"><span class='ocrx_word' id='word_1_762' title='bbox 443 5391 552 5431; x_wconf 91' lang='lat' dir='ltr'><strong>om.</strong></span> <span class='ocrx_word' id='word_1_763' title='bbox 581 5379 647 5432; x_wconf 79' lang='grc' dir='ltr'>Α.</span> <span class='ocrx_word' id='word_1_764' title='bbox 703 5378 748 5410; x_wconf 73' lang='grc'><strong>⁸⁵</strong></span> <span class='ocrx_word' id='word_1_765' title='bbox 773 5377 1107 5448; x_wconf 70' lang='grc' dir='ltr'>βαρϐαρικοῦ</span> <span class='ocrx_word' id='word_1_766' title='bbox 1149 5398 1209 5444; x_wconf 78' lang='grc' dir='ltr'>ς’.</span> <span class='ocrx_word' id='word_1_767' title='bbox 2074 5377 2088 5384; x_wconf 66' lang='grc'>⁷</span> <span class='ocrx_word' id='word_1_768' title='bbox 2387 5377 2399 5391; x_wconf 81' lang='grc'><strong>⁸</strong></span> <span class='ocrx_word' id='word_1_769' title='bbox 2687 5377 2700 5392; x_wconf 84' lang='grc'><strong><em>³</em></strong></span> <span class='ocrx_word' id='word_1_770' title='bbox 2773 5377 2793 5385; x_wconf 73' lang='grc'>⁷</span> <span class='ocrx_word' id='word_1_771' title='bbox 3082 5415 3092 5424; x_wconf 91' lang='grc'><strong>.</strong></span> 
     </span>
    </p>
   </div>
   <div class='ocr_carea' id='block_1_106' title="bbox 1939 5479 2172 5535">
    <p class='ocr_par' dir='ltr' id='par_1_106' title="bbox 1939 5479 2172 5535">
     <span class='ocr_line' id='line_1_107' title="bbox 1939 5479 2172 5535; baseline -0.009 0"><span class='ocrx_word' id='word_1_772' title='bbox 1939 5479 2172 5535; x_wconf 61' lang='grc' dir='ltr'><strong>ΝΟΤᾸΕ.</strong></span> 
     </span>
    </p>
   </div>
   <div class='ocr_carea' id='block_1_107' title="bbox 520 5625 2033 5705">
    <p class='ocr_par' dir='ltr' id='par_1_107' title="bbox 520 5625 2033 5705">
     <span class='ocr_line' id='line_1_108' title="bbox 520 5625 2033 5705; baseline 0.007 -27"><span class='ocrx_word' id='word_1_773' title='bbox 520 5625 633 5697; x_wconf 68' lang='grc'><strong>(42)</strong></span> <span class='ocrx_word' id='word_1_774' title='bbox 665 5628 902 5705; x_wconf 66' lang='lat' dir='ltr'><strong>Subaudi</strong></span> <span class='ocrx_word' id='word_1_775' title='bbox 941 5631 1201 5705; x_wconf 73' lang='lat' dir='ltr'><strong>frumenti</strong></span> <span class='ocrx_word' id='word_1_776' title='bbox 1224 5633 1445 5705; x_wconf 80' lang='lat' dir='ltr'><strong>publici,</strong></span> <span class='ocrx_word' id='word_1_777' title='bbox 1507 5635 1663 5701; x_wconf 77' lang='grc' dir='ltr'>(μιοά</span> <span class='ocrx_word' id='word_1_778' title='bbox 1689 5635 1890 5687; x_wconf 89' lang='lat' dir='ltr'><strong>viritim</strong></span> <span class='ocrx_word' id='word_1_779' title='bbox 1929 5651 2033 5705; x_wconf 83' lang='lat' dir='ltr'><strong>pu-</strong></span> 
     </span>
    </p>
   </div>
   <div class='ocr_carea' id='block_1_108' title="bbox 449 5695 2028 5775">
    <p class='ocr_par' dir='ltr' id='par_1_108' title="bbox 449 5695 2028 5775">
     <span class='ocr_line' id='line_1_109' title="bbox 449 5695 2028 5775; baseline 0.009 -29"><span class='ocrx_word' id='word_1_780' title='bbox 449 5695 590 5775; x_wconf 71' lang='lat' dir='ltr'><strong>blice</strong></span> <span class='ocrx_word' id='word_1_781' title='bbox 627 5707 826 5775; x_wconf 75' lang='lat' dir='ltr'><strong>populo</strong></span> <span class='ocrx_word' id='word_1_782' title='bbox 853 5695 1011 5754; x_wconf 76' lang='lat' dir='ltr'><strong>lloin.</strong></span> <span class='ocrx_word' id='word_1_783' title='bbox 1045 5695 1504 5769; x_wconf 74' lang='lat' dir='ltr'><strong>distribuebatur,</strong></span> <span class='ocrx_word' id='word_1_784' title='bbox 1526 5695 1597 5756; x_wconf 62' lang='lat' dir='ltr'><strong>tle</strong></span> <span class='ocrx_word' id='word_1_785' title='bbox 1628 5719 1736 5773; x_wconf 88' lang='lat' dir='ltr'><strong>quo</strong></span> <span class='ocrx_word' id='word_1_786' title='bbox 1768 5695 1942 5759; x_wconf 66' lang='lat' dir='ltr'><strong>multa</strong></span> <span class='ocrx_word' id='word_1_787' title='bbox 1977 5708 2028 5761; x_wconf 91' lang='lat' dir='ltr'><strong>in</strong></span> 
     </span>
    </p>
   </div>
   <div class='ocr_carea' id='block_1_109' title="bbox 447 5771 962 5836">
    <p class='ocr_par' dir='ltr' id='par_1_109' title="bbox 447 5771 962 5836">
     <span class='ocr_line' id='line_1_110' title="bbox 447 5771 962 5836; baseline 0.012 -18"><span class='ocrx_word' id='word_1_788' title='bbox 447 5771 620 5836; x_wconf 81' lang='lat' dir='ltr'><strong>impp.</strong></span> <span class='ocrx_word' id='word_1_789' title='bbox 661 5771 962 5836; x_wconf 80' lang='lat' dir='ltr'><strong>rescriptis.</strong></span> 
     </span>
    </p>
   </div>
   <div class='ocr_carea' id='block_1_110' title="bbox 521 5834 2030 5914">
    <p class='ocr_par' dir='ltr' id='par_1_110' title="bbox 521 5834 2030 5914">
     <span class='ocr_line' id='line_1_111' title="bbox 521 5834 2030 5914; baseline 0.011 -27"><span class='ocrx_word' id='word_1_790' title='bbox 521 5834 636 5904; x_wconf 71' lang='grc'><strong>(45)</strong></span> <span class='ocrx_word' id='word_1_791' title='bbox 663 5834 848 5893; x_wconf 74' lang='lat' dir='ltr'><strong>Graece</strong></span> <span class='ocrx_word' id='word_1_792' title='bbox 884 5849 966 5894; x_wconf 83' lang='lat' dir='ltr'><strong>est</strong></span> <span class='ocrx_word' id='word_1_793' title='bbox 1019 5840 1128 5911; x_wconf 85' lang='grc' dir='ltr'><strong>πρὸ</strong></span> <span class='ocrx_word' id='word_1_794' title='bbox 1171 5841 1271 5912; x_wconf 80' lang='grc' dir='ltr'>τῆς</span> <span class='ocrx_word' id='word_1_795' title='bbox 1307 5842 1729 5914; x_wconf 87' lang='grc' dir='ltr'>Βαρκέλλωνος,</span> <span class='ocrx_word' id='word_1_796' title='bbox 1773 5857 1832 5903; x_wconf 87' lang='lat' dir='ltr'><strong>ut</strong></span> <span class='ocrx_word' id='word_1_797' title='bbox 1870 5846 2030 5905; x_wconf 82' lang='lat' dir='ltr'><strong>hodie</strong></span> 
     </span>
    </p>
   </div>
   <div class='ocr_carea' id='block_1_111' title="bbox 2144 5622 3704 5708">
    <p class='ocr_par' dir='ltr' id='par_1_111' title="bbox 2144 5622 3704 5708">
     <span class='ocr_line' id='line_1_112' title="bbox 2144 5622 3704 5708; baseline -0.001 -14"><span class='ocrx_word' id='word_1_798' title='bbox 2144 5637 2344 5708; x_wconf 83' lang='lat' dir='ltr'><strong>dicitur</strong></span> <span class='ocrx_word' id='word_1_799' title='bbox 2372 5655 2385 5690; x_wconf 90' lang='lat'><strong>:</strong></span> <span class='ocrx_word' id='word_1_800' title='bbox 2420 5639 2720 5708; x_wconf 88' lang='lat' dir='ltr'><strong>antiquitus</strong></span> <span class='ocrx_word' id='word_1_801' title='bbox 2749 5655 2879 5691; x_wconf 87' lang='lat' dir='ltr'><strong>vero</strong></span> <span class='ocrx_word' id='word_1_802' title='bbox 2903 5639 3153 5708; x_wconf 45' lang='lat' dir='ltr'><strong>Burrﬁm.</strong></span> <span class='ocrx_word' id='word_1_803' title='bbox 3191 5633 3363 5685; x_wconf 79' lang='grc' dir='ltr'><strong>Ριὶιιίο</strong></span> <span class='ocrx_word' id='word_1_804' title='bbox 3387 5639 3439 5683; x_wconf 73' lang='grc' dir='ltr'>ει</span> <span class='ocrx_word' id='word_1_805' title='bbox 3474 5622 3704 5681; x_wconf 58' lang='lat' dir='ltr'><strong>Palmm-</strong></span> 
     </span>
    </p>
   </div>
   <div class='ocr_carea' id='block_1_112' title="bbox 2215 5704 3310 5778">
    <p class='ocr_par' dir='ltr' id='par_1_112' title="bbox 2215 5704 3310 5778">
     <span class='ocr_line' id='line_1_113' title="bbox 2215 5704 3310 5778; baseline -0.002 -20"><span class='ocrx_word' id='word_1_806' title='bbox 2215 5707 2327 5778; x_wconf 71' lang='grc'><strong>(44)</strong></span> <span class='ocrx_word' id='word_1_807' title='bbox 2365 5704 2569 5777; x_wconf 53' lang='lat' dir='ltr'><strong>Sigonf</strong></span> <span class='ocrx_word' id='word_1_808' title='bbox 2587 5719 2642 5761; x_wconf 84' lang='lat' dir='ltr'><strong>et</strong></span> <span class='ocrx_word' id='word_1_809' title='bbox 2673 5710 2762 5763; x_wconf 78' lang='lat' dir='ltr'><strong>alii</strong></span> <span class='ocrx_word' id='word_1_810' title='bbox 2802 5709 2974 5754; x_wconf 76' lang='lat' dir='ltr'><strong>t’ama</strong></span> <span class='ocrx_word' id='word_1_811' title='bbox 3004 5704 3310 5778; x_wconf 80' lang='lat' dir='ltr'><strong>ediderunt.</strong></span> 
     </span>
    </p>
   </div>
   <div class='ocr_carea' id='block_1_113' title="bbox 2213 5771 3703 5849">
    <p class='ocr_par' dir='ltr' id='par_1_113' title="bbox 2213 5771 3703 5849">
     <span class='ocr_line' id='line_1_114' title="bbox 2213 5771 3703 5849; baseline -0.009 -16"><span class='ocrx_word' id='word_1_812' title='bbox 2213 5771 2326 5849; x_wconf 74' lang='grc'><strong>(45)</strong></span> <span class='ocrx_word' id='word_1_813' title='bbox 2357 5771 2756 5832; x_wconf 76' lang='lat' dir='ltr'><strong>Commendare</strong></span> <span class='ocrx_word' id='word_1_814' title='bbox 2801 5784 3034 5829; x_wconf 87' lang='lat' dir='ltr'><strong>conatur</strong></span> <span class='ocrx_word' id='word_1_815' title='bbox 3082 5776 3243 5829; x_wconf 91' lang='lat' dir='ltr'><strong>homo</strong></span> <span class='ocrx_word' id='word_1_816' title='bbox 3278 5771 3522 5828; x_wconf 87' lang='lat' dir='ltr'><strong>ethnicus</strong></span> <span class='ocrx_word' id='word_1_817' title='bbox 3560 5775 3703 5820; x_wconf 81' lang='lat' dir='ltr'><strong>suam</strong></span> 
     </span>
    </p>
   </div>
   <div class='ocr_carea' id='block_1_114' title="bbox 2140 5849 2610 5919">
    <p class='ocr_par' dir='ltr' id='par_1_114' title="bbox 2140 5849 2610 5919">
     <span class='ocr_line' id='line_1_115' title="bbox 2140 5849 2610 5919; baseline -0.017 -13"><span class='ocrx_word' id='word_1_818' title='bbox 2140 5849 2610 5919; x_wconf 86' lang='lat' dir='ltr'><strong>superstitionem.</strong></span> 
     </span>
    </p>
   </div>
  </div>
