3926 6434
185 392 280 456 εδει
1265 377 1774 438 BIBLIOTIIECA

1895 400 1907 410 -
1947 373 2112 434 COD.
2138 368 2388 431 LXXX.

3347 362 3454 427 27‘)

190 508 374 576 ἐσθῆτα
393 542 409 565 ,
439 502 537 556 καὶ
561 498 840 569 κομῶντες
867 498 970 560 τὰς
1004 494 1276 566 κεφαλάς,
1304 494 1552 556 νεύοντες
1583 494 1674 544 ἐπὶ
1707 494 1766 543 τὸ

1895 500 2000 542 .unt
2051 500 2256 557 paucos
2293 494 2413 553 post
2447 481 2584 548 dies,
2646 481 2972 536 Gotthorum
3036 479 3273 548 primum
3332 494 3467 547 gens

191 600 418 675 ἀρκτῷον
451 595 637 666 μέρος,
683 591 937 644 τουτέστι
976 591 1120 644 κατὰ
1148 590 1242 642 τοῦ
1289 587 1629 659 βαρϐαρικοῦ
1654 583 1764 656 χὼ-

198 713 298 767 ρου.
355 684 452 742 Ὧν
491 685 826 754 ἀνδριάντων
875 681 1297 751 ἀναληφθέντων
1353 681 1612 750 πάραυτα
1673 679 1766 731 καὶ

201 766 300 852 μετ’
339 779 524 844 ὀλίγας
547 775 758 845 ἡμέρας
780 773 998 842 πρῶτον
1028 771 1127 842 μὲν
1151 771 1211 822 τὸ
1232 770 1279 801 ⁸⁸
1306 770 1519 823 Γότθων
1546 769 1697 832 ἔθνος
1720 766 1766 799 ⁸⁷

202 878 359 928 πᾶσαν
385 869 658 938 ἐπιτρέχει
681 866 782 936 τὴν
806 866 1050 936 Θρᾴκην,
1081 861 1274 931 ἔμελλε
1296 861 1354 915 δὲ
1390 862 1586 931 μικρὸν
1610 860 1767 913 ὕστε-

209 985 284 1036 ρον
309 965 391 1015 καὶ
417 963 473 1012 τὸ
497 962 604 1012 τῶν
639 959 859 1011 Οὓννων
887 957 982 1008 καὶ
1008 955 1067 1021 τὸ
1102 953 1210 1007 τῶν
1234 954 1554 1023 Σαρματῶν
1592 971 1762 1006 κατα-

212 1054 494 1126 δραμεῐσθαι
525 1051 588 1104 τό
617 1069 677 1104 τε
719 1049 1011 1120 Ἰλλυρικὸν
1050 1047 1145 1100 καὶ
1179 1044 1352 1116 αὐτὴν
1383 1046 1481 1117 τὴν
1511 1045 1755 1116 Θρᾴκηνο

1874 964 1930 1010 et
1987 955 2148 1008 trium
2218 961 2526 1007 statuarum
2595 961 2879 1011 munerus,

1868 1055 2056 1117 gentes
2090 1043 2353 1098 barbaras
2405 1046 2759 1106 inauguratus
2804 1040 3108 1095 videbatur.

1870 581 2182 634 universam
2213 577 2446 631 incurrit
2468 574 2786 636 Thraciam;
2817 570 3124 639 futuraeque
3167 580 3290 638 post
3320 569 3465 641 60b

1872 673 2043 745 paulo
2085 680 2245 725 erant
2271 668 2592 723 Hunnorum
2623 681 2686 720 ac
2717 665 3091 719 Sarmatarum
3132 663 3471 717 incursiones

1871 769 1926 824 in
1986 766 2286 838 Illyricum,
2335 770 2391 814 et
2442 762 2614 831 ipsam
2642 754 2936 813 Thraciam
2982 773 3003 812 :

3043 757 3120 810 uti
3174 756 3467 810 Thraciam

1888 863 2032 916 inter
2061 869 2118 914 et
2147 858 2423 930 Illyricum
2456 857 2561 910 sita
2593 863 2721 908 sunt
2754 854 2870 906 haec
2892 849 3322 906 consecrationis
3351 847 3467 902 loca

2950 946 3214 999 adversus
3277 958 3470 999 omnes

221 1159 270 1209 ὲν
299 1153 425 1220 μέσῳ
462 1149 572 1217 γὰρ
601 1146 777 1214 αὐτῆς
823 1163 882 1197 τε
936 1144 1159 1216 Θρᾴκης
1184 1144 1279 1198 καὶ
1318 1141 1411 1196 τοῦ
1467 1141 1765 1212 Ἰλλυρικοῦ
1807 1142 2096 1194 κατέκειτο
2124 1141 2194 1193 τὰ
2231 1138 2331 1208 τῆς
2357 1136 2611 1207 τελετῆς,
2640 1137 2734 1188 καὶ
2760 1132 2924 1204 ἐῴκει
2977 1132 3087 1185 τῶν
3148 1132 3319 1204 τριῶν
3378 1133 3470 1186 ἀν·

228 1246 439 1318 ἔριάντων
468 1243 496 1293 ὁ
547 1239 787 1310 ἀριθμὸς
843 1239 986 1292 κατὰ
1027 1238 1229 1302 παντὸς
1277 1237 1468 1300 ἔθνους
1487 1237 1532 1267 ⁸⁸
1567 1235 1884 1290 τετελέσθαι
1910 1237 1953 1267 ⁸³
1987 1235 2290 1306 βαρϐάρου.

281 1339 383 1411 [ΗΘ
418 1335 521 1408 Η.]
562 1337 684 1389 Ὀτι
731 1336 760 1388 ὀ
797 1334 1067 1406 ἱστορικὸς
1119 1332 1372 1404 περὶτοῦ
1413 1334 1617 1386 οἰκείου
1651 1332 1771 1386 δια-

224 1431 466 1500 λαμϐάνων
520 1426 754 1480 διάπλου
805 1425 977 1478 πολλὰ
1027 1423 1224 1477 παθεῖν
1288 1423 1387 1476 καὶ
1438 1421 1772 1492 δυστυχῆσαί

219 1541 344 1594 φησι.
370 1522 531 1587 Λέγει
561 1520 618 1572 δέ
651 1519 747 1572 καὶ
777 1520 856 1580 εἰς
884 1519 983 1580 τὰς
1025 1517 1260 1587 Ἀθήνας
1287 1518 1550 1586 κατᾶραι,
1582 1519 1676 1570 καὶ
1707 1519 1771 1586 τῇ

213 1614 352 1668 αὑτοῦ
383 1613 592 1682 σπουδῇ
639 1613 735 1664 καὶ
767 1609 1061 1680 ἐπιμελείᾳ
1100 1611 1181 1672 είς
1215 1610 1263 1640 9°
1315 1609 1405 1661 τὸν
1463 1607 1775 1675 σοφιστικὸν

212 1707 374 1774 θῴνον
397 1705 701 1774 ἀναχθῆναι
737 1703 989 1756 Λεόντιον
1029 1703 1182 1756 οὔπω
1214 1703 1487 1756 ἐθέλοντα.
1518 1703 1680 1768 Λέγει
1721 1701 1778 1753 δὲ

206 1800 288 1852 καὶ
325 1800 447 1868 περὶ
465 1797 565 1850 τοῦ
601 1797 863 1867 τρίϐωνος
884 1837 898 1858 ,
934 1797 1010 1860 ὡς
1038 1798 1138 1850 οὐκ
1161 1797 1288 1866 ἐξῆν
1319 1795 1461 1850 κατὰ
1484 1796 1582 1859 τὰς
1619 1795 1776 1864 Ἀθή-

207 1909 288 1952 νας
330 1889 726 1958 περιϐαλέσθαι
756 1888 920 1940 αὐτόν
955 1905 1099 1950 τινα,
1135 1889 1228 1940 καὶ
1260 1887 1499 1957 μάλιστα
1531 1886 1700 1950 ξένον,
1732 1878 1777 1952 ᾧ

208 1983 326 2051 ph"
355 1982 460 2033 τῶν
492 1978 769 2049 σοφιστῶν
810 1981 844 2050 ἡ
892 1977 1088 2048 γνώμη
1115 1979 1387 2049 ἐπέτρεπε
1422 1979 1515 2031 καὶ
1544 1979 1601 2031 αἱ
1635 1978 1778 2031 κατὰ

204 2075 313 2133 τοὺς
334 2073 684 2141 σοφιστικοὺς
699 2071 899 2141 νόμους
921 2071 1137 2125 τελεταὶ
1155 2071 1439 2124 ἐϐεϐαίουν
1458 2072 1518 2121 τὸ
1535 2069 1774 2138 ἀξίωμα.

202 2159 296 2217 Ἦν
325 2165 378 2216 δέ
415 2165 460 2194 ⁹²
491 2165 567 2215 τὰ
599 2162 905 2230 τελούμενα
936 2162 1190 2215 τοιαῡτω
1236 2161 1464 2232 Πρῶτον
1501 2161 1598 2231 μὲν
1645 2178 1776 2213 κατ·

204 2259 379 2326 ἡγοντο
397 2256 486 2308 ἐπὶ
506 2256 570 2307 τὸ
588 2256 852 2324 δημόσιον
873 2254 1159 2325 βαλανεῖον
1179 2257 1293 2308 ὅσοι
1320 2255 1595 2325 νεήλυδες,
1626 2254 1692 2308 ἄν
1717 2269 1778 2305 τε

208 2348 372 2418 μικροὶ
401 2348 464 2399 ἂν
498 2363 563 2398 τε
601 2346 848 2414 μεγάλοι.
914 2346 1004 2410 Ἐξ
1036 2339 1110 2398 ὧν
1147 2345 1244 2398 καὶ
1274 2347 1322 2396 οἱ
1369 2345 1506 2412 πρὸς
1541 2345 1630 2397 τόν
1659 2343 1778 2414 τρί-

206 2443 332 2493 ϐωνα
363 2438 700 2508 ἐπιτήδειοι,
735 2437 952 2508 ἡλικίας
990 2439 1091 2508 ἤδη
1126 2436 1319 2511 καιροῦ
1364 2437 1652 2505 γεγονότες
1686 2433 1780 2499 οὓς

204 2535 271 2594 εἰς
301 2533 459 2602 μέσον
509 2531 737 2583 ἔϐαλλον
765 2532 816 2582 οἱ
855 2531 1190 2599 κατάγοντες
1242 2529 1610 2599 σχολαστικοί.
1646 2523 1782 2580 Εἶτα

203 2624 296 2676 τῶν
328 2624 423 2692 μὲν
457 2623 778 2694 ἔμπροσθεν
820 2623 1122 2692 τρεχόντων
1162 2623 1256 2674 καὶ
1293 2621 1638 2682 κωλυόντων,
1671 2619 1780 2672 τῶν

202 2717 251 2768 δὲ
301 2717 589 2770 ὠθούντων
635 2717 731 2769 καὶ
775 2718 1104 2786 ἐπεχόντων,
1148 2716 1368 2769 πάντων
1421 2716 1478 2767 δὲ
1514 2714 1624 2768 τῶν
1675 2732 1782 2766 κω-

202 2808 416 2862 λυόντων
474 2809 657 2864 ταῦτα
714 2811 964 2880 βοώντων
1006 2831 1024 2863 ι
1061 2813 1200 2875 Exi,
1237 2813 1376 2875 στᾶ,
1428 2812 1487 2864 οὐ
1520 2811 1701 2877 λούει,
1757 2829 1776 2861 ι

202 2905 564 2970 κατακρατεῖν
609 2903 774 2974 δῆθεν
851 2904 947 2956 τοῦ
999 2905 1211 2972 ἀγῶνος
1267 2904 1486 2957 ἐδόκουν
1541 2905 1590 2955 οἱ
1656 2904 1783 2955 ἀντ-

201 2991 452 3055 ωθοῦντες
503 2995 586 3055 εἰς
618 2994 786 3064 τιμὴν
821 2993 916 3046 τοῦ
948 2993 1330 3062 καταγομένου
1386 2989 1778 3063 σχολαστικοῢ,

1951 1331 2028 1386 De
2062 1348 2158 1384 sua
2190 1329 2430 1400 scriptor
2466 1327 2556 1382 hic
2587 1327 2940 1397 navigatione
2982 1323 3152 1379 refert
3204 1321 3374 1376 multa
3413 1336 3475 1377 se

1880 1425 2109 1478 adversa
2136 1423 2451 1491 pertulisse.
2494 1420 2739 1474 Athenas
2789 1435 3007 1488 quoque
3047 1417 3321 1487 appulisse
3351 1423 3472 1468 tra-

1880 1518 1980 1581 dit,
2013 1531 2222 1585 suoque
2251 1514 2431 1568 studio
2469 1523 2525 1568 et
2554 1527 2685 1567 cura
2712 1513 2776 1564 ad
2805 1511 3160 1577 εοιιὶιίειὶοιιηι
3188 1509 3351 1563 etiam
3386 1522 3469 1563 set

1881 1611 2004 1664 dem
2038 1618 2288 1663 evectum
2315 1605 2629 1671 Leontium,
2660 1603 2877 1659 tametsi
2916 1602 2966 1656 id
3002 1603 3090 1656 ille
3124 1616 3470 1670 nequaquam

1881 1703 2067 1758 vellet.
2129 1701 2235 1756 Sed
2270 1709 2326 1754 et
2379 1699 2445 1754 de
2489 1699 2650 1766 pallio
2689 1697 2986 1767 sopltistico
3037 1693 3148 1765 (46)
3195 1694 3473 1748 memoria

1885 1795 2151 1867 prodidit,
2194 1794 2395 1847 nemini
2444 1792 2769 1862 (praesertim
2813 1804 2942 1843 vero
2989 1799 3179 1842 extero
3218 1783 3474 1850 homini),

1881 1890 2114 1944 Athenis
2156 1889 2206 1940 id
2238 1896 2458 1953 gestare
2501 1884 2757 1944 licuisse;
2806 1882 2906 1934 nisi
2945 1881 3316 1947 sephistarum
3358 1876 3476 1934 sul-

1883 1981 2058 2050 fragio
2102 1979 2220 2046 ejus
2267 1976 2506 2047 gestatio
2538 1975 2614 2028 illi
2659 1985 2945 2034 concessa,
2994 1971 3340 2038 dignitasque
3370 1969 3474 2021 ista

1884 2075 2257 2143 sophistarum
2301 2072 2481 2141 legum
2520 2068 2718 2121 ritibus
2742 2077 2892 2119 esset
2921 2065 3279 2121 conﬁrmata.
3317 2061 3477 2114 Ritus

1860 2157 2090 2229 autem,
2120 2166 2212 2236 qui
2255 2165 2684 2234 peragebantur,
2742 2159 2876 2213 tales
2905 2167 3085 2213 erant.
3131 2156 3374 2209 Primum
3409 2157 3479 2208 ad

1886 2261 2159 2330 publicum
2203 2257 2453 2312 balneum
2488 2253 2900 2308 deducebantur
2945 2249 3258 2320 qui‘novilii
3310 2250 3480 2301 adve-

1884 2352 2116 2410 nissent,
2144 2349 2261 2402 sive
2287 2348 2466 2416 parvi,
2500 2345 2611 2398 sive
2631 2342 2985 2411 grandiores:
3024 2349 3192 2408 atque
3218 2340 3360 2391 inter
3378 2337 3478 2391 hos

1884 2445 2048 2499 etiam
2072 2444 2106 2495 ii
2147 2442 2240 2511 qui
2273 2455 2369 2508 per
2406 2448 2622 2492 mtatcm
2651 2438 2718 2489 ad
2750 2434 2974 2502 pallium
3007 2432 3338 2494 sumendum
3355 2431 3475 2500 apti

1886 2547 2063 2602 erant,
2107 2549 2244 2604 quos
2278 2533 2330 2585 in
2361 2531 2599 2583 medium
2633 2525 3030 2598 protrudebant
3059 2523 3410 2588 scholastici,
3445 2537 3477 2578 a

1888 2631 2084 2700 quibus
2130 2610 2561 2684 deducebantur,
2601 2619 2797 2673 deinde
2838 2619 2964 2673 aliis
3012 2615 3480 2686 prrecurrentibus

1888 2734 2050 2790 atque
2085 2716 2533 2789 prohibentibus;
2567 2713 2688 2766 aliis
2721 2709 3264 2781 protrudentibus,et
3288 2703 3478 2763 centra

1894 2811 2285 2866 tendentibus:
2318 2814 2586 2878 quotquot
2634 2817 2816 2859 autem
2865 2802 3229 2872 prohibebant
3277 2799 3482 2854 vocife-

1901 2905 2196 2959 rantibus:
2237 2902 2412 2965 r'SIa,
2441 2910 2546 2963 sla,
2607 2914 2710 2952 non
2752 2896 2894 2958 lava,
2942 2915 2960 2946 ι
2993 2893 3353 2948 nihilominus
3397 2902 3481 2945 ta-

1891 3015 2011 3053 men
2039 2999 2092 3052 in
2127 2997 2424 3051 certamine
2450 2994 2483 3046 ii
2520 2991 2844 3045 videbantur
2867 2987 3142 3051 obtinere,
3171 2985 3264 3054 qui
3291 2985 3342 3037 in
3382 2985 3479 3036 ho-'

201 3085 335 3148 ὅστις
408 3087 555 3154 μετὰ
625 3085 827 3156 πολλὴν
877 3087 1048 3158 ὥραν,
1120 3087 1365 3148 στάσεως
1423 3084 1627 3153 πολλῆς
1689 3083 1779 3136 ἐπὶ

1895 3107 2079 3146 norem
2133 3087 2474 3149 scholastici,
2525 3098 2690 3153 quem
2741 3079 3108 3140 dedueebant,
3150 3077 3482 3131 obsistentes

199 3177 304 3237 τοῖς
353 3177 714 3247 προαχθεῖσιν
781 3179 993 3247 ἐθίμοις
1065 3181 1275 3250 ῥήμασι
1336 3178 1782 3248 προγενομένης,

201 3269 469 3336 εἰσάγεται
501 3274 584 3333 εἰς
611 3272 703 3323 τὸν
730 3270 935 3341 θερμὸν
971 3267 1120 3325 οἶκον
1154 3273 1248 3324 καὶ
1280 3269 1639 3323 ἁπολούεταιο
1665 3263 1784 3320 εἶτα

203 3361 557 3432 ἐνδυσάμενος
591 3363 804 3434 ἐδέχετο
850 3365 951 3434 τὴν
994 3365 1089 3418 τοῦ
1137 3364 1406 3434 τρίϐωνος
1449 3363 1698 3428 ἐξουσίαν
1716 3362 1784 3428 ³³,

202 3456 286 3506 καὶ
311 3455 541 3508 αὐτόθεν
561 3456 698 3524 μετὰ
728 3455 823 3508 τοῦ
862 3455 1122 3522 τρίϐωνος
1149 3457 1214 3509 ἐκ
1243 3456 1337 3509 τοῦ
1382 3453 1666 3524 βαλανείου
1697 3455 1788 3506 ἐν-

204 3545 334 3616 τίμῳ
363 3548 458 3600 καὶ
498 3548 770 3618 περιδόξῳ
811 3549 1286 3620 δορυφορούμενος
1331 3550 1522 3618 πομπῇ
1580 3546 1785 3616 ἀπῄει,

203 3638 428 3702 δαπάνας
470 3641 735 3708 ἐπιγνοὺς
767 3643 1006 3711 φανερὰς
1057 3644 1137 3703 εἰς
1169 3643 1296 3704 τοὺς
1340 3640 1450 3692 τῶν
1493 3639 1786 3709 διατριϐῶν

207 3732 506 3801 προστάτας
532 3735 658 3797 τοὺς
684 3734 1012 3805 λεγομένους
1055 3734 1406 3804 ’Λκρωμίτας

269 3909 386 3963 Ὅτι
415 3911 467 3962 οἱ
506 3910 806 3965 Ούάνδαλοι
831 3912 959 3976 τοὺς
977 3912 1210 3976 Γότθους
1242 3914 1541 3979 Τρούλους
1558 3910 1788 3964 καλοῦσι

204 3999 281 4054 διὰ
306 4001 363 4053 τὸ
392 4003 546 4071 λιμῷ
575 4003 935 4073 πιεζομένους
964 4005 1163 4067 αὐτοὺς
1189 4003 1421 4075 τροῦλαν
1455 4005 1605 4056 σίτου
1635 4003 1789 4072 παρὰ

205 4093 301 4146 τῶν
332 4095 662 4149 Ούανδάλων
702 4097 996 4166 ἀγοράζειν
1046 4097 1164 4160 ἐνὸς
1223 4097 1586 4167 χρυσίνουθδ·
1644 4098 1678 4167 ἡ
1731 4096 1789 4149 δὲ

205 4187 392 4256 τροῦλα
417 4190 547 4242 οὐδὲ
577 4190 762 4260 τρίτον
793 4190 984 4254 ξέστου
1022 4193 1214 4261 χωρεῖ.

269 4279 383 4333 Ὅτι
440 4281 594 4334 κατὰ
635 4282 734 4346 τὰς
798 4282 1074 4342 Ἱσπανίας
1125 4283 1232 4336 τῶν
1264 4282 1585 4336 Οὖανδάλων
1614 4299 1786 4336 κατα-

205 4369 532 4440 δραμόντων,
564 4375 660 4426 καὶ
681 4373 788 4426 τῶν
831 4373 1120 4444 Ῥωμαίων
1145 4376 1224 4438 εἰς
1249 4374 1350 4436 τὰς
1374 4373 1788 4444 τετειχισμένας

206 4462 375 4526 πόλεις
409 4465 868 4534 καταφυγόντων,
918 4466 1175 4528 τοσοῦτος
1230 4467 1408 4518 αὐτῶν
1456 4465 1612 4535 λιμὸς
1650 4483 1785 4518 κατ-
1821 4457 1867 4512 Ι)

206 4553 504 4624 εκράτησεν
551 4554 628 4618 ὡς
669 4558 749 4619 εἰς
791 4556 1202 4627 ἀλληλοφαγίαν
1242 4556 1626 4626 ἐκϐιασθῆναι.
1678 4557 1788 4608 Καὶ

205 4645 330 4714 γυνὴ
355 4647 605 4716 τέσσαρα
637 4647 804 4700 τέκνα
834 4649 1035 4719 ἔχουσα
1081 4649 1263 4703 πάντα
1311 4648 1612 4716 κατέφαγε,
1651 4649 1788 4718 πρό-

209 4747 359 4797 φασιν
408 4735 498 4804 ἐφ’
538 4739 773 4792 ἑκάστου
825 4740 1128 4810 ποιουμένη
1184 4741 1284 4810 τὴν
1332 4742 1441 4793 τῶν
1475 4741 1788 4794 ὑπολοίπων

207 4824 400 4895 τροφὴν
440 4829 539 4880 καὶ¹
592 4829 887 4900 σωτηρίαν,
914 4832 1019 4895 ἕως
1069 4832 1134 4885 ἂν
1172 4835 1350 4886 πάντα
1395 4833 1789 4902 καταφαγοῦσα

208 4913 362 4980 λίθοις
394 4918 502 4971 ὑπὸ
526 4920 619 4973 τοῦ
650 4921 823 4993 δήμου
858 4923 1122 4994 ἀνῃρέθη.

271 5007 392 5062 Ὀτι
414 5011 747 5076 Εὑπλούτιος
777 5017 805 5068 ό
839 5015 1234 5086 μαγιστριανὸς
1278 5016 1412 5087 πρὸς
1445 5015 1694 5082 Οὐάλιον,
1723 5017 1785 5081 ὃς

210 5097 308 5155 τῶν
365 5102 582 5156 Γότθων
643 5104 982 5176 ἐχρημάτιζε
1037 5107 1334 5178 φύλαρχος,
1391 5108 1785 5162 ἀποστέλλεται

1895 3183 2270 3238 retrudebant.
2299 3178 2542 3231 deem
2573 3174 2693 3245 past
2727 3175 2942 3240 longam
2971 3185 3202 3234 moram,
3225 3169 3482 3222 multam-

1892 3291 1997 3345 que
2023 3274 2093 3327 ob
2134 3273 2279 3326 illata
2311 3287 2376 3325 ex
2414 3285 2564 3323 more
2609 3267 2754 3320 ultro
2787 3266 3034 3334 citroque
3065 3262 3226 3316 verba
3259 3271 3485 3316 conten-

1895 3370 2118 3430 tionem,
2166 3367 2209 3419 is
2241 3365 2330 3432 qui
2357 3362 2668 3422 deducitur,
2695 3360 2746 3412 in
2769 3358 3002 3412 ealidam
3039 3356 3236 3410 cellam
3268 3355 3483 3408 induci-

1894 3470 2003 3526 tur,
2035 3460 2217 3528 ibique
2247 3457 2507 3509 abluitur.
2542 3454 2612 3504 At
2653 3461 2943 3520 postquam
2987 3465 3047 3502 se
3091 3447 3286 3508 induit,
3331 3445 3482 3515 pallii

1895 3555 2212 3620 dignitatem
2261 3547 2481 3616 accipit,
2515 3555 2685 3613 atque
2713 3543 2910 3596 exinde
2940 3556 3061 3595 cum
3106 3539 3271 3608 pallio
3303 3553 3335 3592 e
3373 3536 3488 3591 bal-

1896 3661 2019 3710 neo,
2047 3641 2253 3698 celebri
2309 3650 2365 3694 et
2397 3632 2697 3692 honoriﬁca
2729 3635 2964 3703 stipatus
2997 3645 3214 3702 pompa,
3245 3629 3487 3696 digredi-

1896 3752 2006 3804 tur,
2064 3737 2302 3793 decretis
2344 3734 2636 3788 luculentis
2691 3729 3002 3799 sumptibus
3056 3726 3110 3779 in
3168 3724 3481 3778 scholarum

1898 3829 2197 3892 antistites,
2227 3828 2322 3897 qui
2356 3823 2612 3879 dicuntur
2634 3821 2928 3876 Acromita:
2963 3818 3098 3888 (47).

1969 3922 2194 3980 Vandali
2224 3919 2456 3975 Gotthos
2483 3917 2754 3986 appellant
2782 3911 2993 3975 Trulos,
3029 3919 3312 3978 propterea
3341 3905 3486 3975 quod

1895 4017 1949 4071 hi
1977 4016 2156 4071 enecti
2207 4012 2504 4081 aliquando
2558 4010 2726 4071 fame,
2773 4006 2940 4059 tritici
2976 4004 3173 4056 trulam
3204 4017 3234 4054 a
3265 3999 3484 4052 Vanda-

1895 4109 1961 4162 lis
1989 4122 2154 4161 aureo
2191 4120 2298 4159 uno
2333 4105 2685 4158 redimerem.
2721 4098 2888 4153 Trula
2925 4110 3057 4150 vero
3090 4095 3332 4150 nondum
3370 4102 3482 4145 ter-

1897 4201 2029 4255 tiam
2071 4199 2288 4252 sextarii
2332 4205 2540 4265 partem
2569 4193 2736 4260 capit.

1965 4290 2102 4344 Dum
2131 4289 2358 4344 Vandali
2378 4287 2671 4356 Hispanias
2691 4291 3015 4347 vastassent,
3041 4281 3132 4349 qui
3163 4279 3217 4333 in
3241 4283 3487 4330 n'mratas

1897 4397 1957 4436 se
1987 4381 2154 4435 urbes
2178 4379 2411 4433 Romani
2447 4385 2789 4446 receperant,
2814 4389 2879 4428 eo
2910 4373 3106 4426 inedia;
3129 4370 3309 4423 adacti
3334 4375 3484 4428 sunt,

1896 4480 1955 4528 ut
1997 4473 2232 4526 invicem
2272 4487 2334 4542 se
2363 4471 2618 4524 laniando
2633 4470 2795 4522 cdere
2817 4474 3168 4542 cogerentur.
3195 4461 3272 4515 lbi
3293 4460 3488 4514 mulier

1898 4583 2027 4630 una,
2070 4575 2308 4635 quatuor
2343 4565 2638 4617 liberorum
2690 4569 2888 4624 mater,
2931 4541 3124 4611 otnnes
3159 4557 3486 4620 devoravit;

1896 4659 1963 4710 ad
1999 4656 2240 4726 singulos
2267 4666 2594 4724 praetexens,
2629 4650 2872 4719 reliquos
2897 4664 2957 4704 se
2989 4647 3154 4714 alere,
3185 4663 3251 4702 ac
3276 4648 3491 4702 salvare

1894 4749 2053 4810 velle,
2097 4750 2272 4823 donec
2308 4745 2563 4799 omnibus
2611 4741 2919 4812 absumptis
2948 4739 3228 4810 lapidibus
3254 4752 3286 4792 a
3329 4738 3488 4807 plebe

1894 4843 2090 4896 obrma
2121 4849 2224 4894 est.

1964 5023 2113 5094 61a
2140 5018 2425 5088 Euplutius
2454 5015 2842 5087 magistrianus
2885 5016 2952 5070 ad
2981 5014 3195 5070 Valium
3220 5012 3334 5083 (48)
3357 5010 3490 5066 Got-

1898 5111 2115 5166 thorum
2155 5106 2470 5178 praefectum
2521 5106 2783 5170 mittitur,
2823 5106 2915 5175 qui
2956 5106 3108 5175 pacis
3134 5105 3340 5178 ἰαύει-ιι
3384 5101 3486 5158 ini-

1505 5277 1743 5333 vamm
1785 5234 2202 5333 LECTtoNES.

277 5388 319 5418 ιο
347 5385 428 5462 τι]
453 5391 514 5466 τι,
537 5391 646 5446 τῶν
669 5411 754 5466 ς..
819 5391 1050 5466 Novo;
1072 5397 1110 5448 A
1147 5412 1160 5448 =
1197 5398 1364 5466 μέρος
1402 5415 1462 5461 ς·

253 5395 319 5482 ...':
343 5395 514 5482 e13?»
531 5395 754 5482 τῶνε-τ
819 5395 1110 5482 taxeo
1147 5398 1493 5482 aereas-ﬂ
1536 5397 1582 5429 δε
1612 5397 1797 5482 εοιίρυς
1820 5399 2026 5482 ουλοηΑο
2053 5395 2430 5482 .ἷ⁹.ῖελεῖ9θα⁵
2468 5415 2526 5462 ς·

215 5464 315 5509 τῶν
343 5464 575 5557 ponit-r5.
653 5466 698 5496 ³³
725 5464 794 5534 ἦν
825 5464 906 5536 δέ]
931 5466 1005 5520 cf.
1037 5464 1427 5538 Wyttenbach.
1453 5467 1663 5538 Eunap.
1691 5471 1746 5524 2.
1778 5533 1779 5536 η

1895 5470 1975 5525 ΒΟ.
2053 5470 2100 5503 ⁸³
2133 5467 2382 5533 ἐξουσίαν
2411 5470 2452 5522 Α
2475 5487 2490 5524 :
2511 5467 2671 5533 ἀξίαν
2689 5485 2750 5533 ς.
2772 5464 2790 5470 ⁷
2829 5468 2876 5500 θ*
2905 5467 3126 5537 χρυσίον
3161 5486 3222 5533 ς.

2621 5397 2667 5430 ὀ
2689 5393 2790 5470 εἰς]
2827 5396 2922 5470 καὶ
2953 5397 3034 5458 εἰς
3055 5400 3150 5470 ς’.
3229 5392 3276 5426 ⁹¹
3305 5393 3338 5464 ἡ
3369 5402 3492 5448 ante

1681 5609 1689 5616 '
1721 5605 1958 5667 NOTAE.

281 5683 558 5770 (16).}lide
585 5667 912 5770 B:_Gregor.
949 5693 1212 5770 Nazianz:
1238 5709 1379 5754 orat.
1411 5698 1484 5752 ΞΟ
1505 5739 1519 5763 ,
1555 5715 1673 5767 quae
1700 5712 1785 5756 est

218 5753 280 5840 de
303 5753 379 5840 B;
401 5755 596 5840 Basilio
625 5753 1144 5840 Magnotposthinit.
1175 5753 1382 5840 Eunap.
1416 5753 1639 5839 quicque
1673 5753 1780 5825 ini;

223 5824 290 5880 tio
340 5823 685 5897 Prollzcresii,
717 5823 789 5886 ἐι
829 5823 916 5888 Jb.
987 5831 1192 5905 Gorop.
1247 5823 1516 5894 Becanum
1547 5823 1782 5896 'Iib.mtv

1899 5703 2177 5844 0ΥᾶἒῖὊὶ
2209 5774 2456 5844 μείζονες
2484 5771 2779 5844 Hesychio,
2813 5781 2866 5826 et
2895 5770 3051 5842 quasi
3083 5767 3418 5840 superiores.

1973 5842 2086 5915 (48)
2121 5842 2252 5914 Sup.
2304 5842 2507 5898 l’nliam
2541 5843 2772 5899 vocavit.
