3926 6434
469 382 569 448 271

1624 392 1888 453 ΡΙΙΟΊῚΙ
1924 394 2428 460 PATRIARCILE
2465 398 2576 456 CD.

3623 398 3724 461 272

469 509 569 565 ret,
630 496 1037 568 Placidiamque
1099 502 1390 573 reciperet.
1455 505 1547 560 llle
1586 522 1717 563 vero
1763 511 2042 565 commode

2156 514 2241 581 ἐφ’
2270 506 2315 582 ᾧ
2346 513 2578 576 σπονδάς
2607 529 2665 565 τε
2702 510 2889 565 θέσθαι
2954 508 3235 579 εἰρηνικὰς
3286 509 3380 560 καὶ
3436 510 3723 565 ἀπολαϐεῖν

471 592 693 660 recepit,
735 592 1013 660 missaque
1035 592 1470 651 frumentatione
1501 610 1885 653 sexcentarum
1930 602 2049 655 mil-

468 682 618 749 lium,
648 681 891 737 Placidia
931 683 1189 753 Euplutio
1226 689 1450 755 tradita,
1494 689 1558 744 ad
1606 682 1905 746 llonorium
1946 692 2050 747 fra-

393 786 405 792 '
464 783 602 828 trem
632 774 947 831 remittitur.

535 953 669 1008 Cum
720 953 950 1009 Athenis
1005 955 1211 1025 inquiri
1267 966 1507 1025 coeptum
1571 969 1756 1025 esset,
1807 975 2047 1030 quonam

467 1047 625 1099 modo
656 1046 1017 1116 conglutinari
1053 1057 1273 1115 possent
1301 1046 1453 1111 libri,
1490 1049 1703 1105 discere
1752 1054 2047 1120 quaerenti-

465 1136 566 1191 bus
622 1137 837 1192 modum
881 1138 1127 1208 glutinis,
1179 1138 1495 1207 Philtatius,
1547 1144 1837 1210 scriptoris
1886 1145 2047 1215 hujus

464 1231 663 1295 socius,
710 1232 763 1285 in
801 1247 860 1285 re
892 1233 1156 1286 litteraria
1203 1233 1342 1289 bene
1394 1235 1734 1300 industrius,
1785 1240 2043 1304 ostendit,

462 1336 633 1390 quare
678 1331 732 1378 et
775 1323 1002 1379 honoris
1047 1326 1224 1394 gratia
1277 1334 1513 1383 statuam
1556 1328 1631 1381 illi
1679 1329 1831 1385 cives
1873 1329 2045 1385 collo-

462 1421 609 1467 cant.

534 1505 610 1560 De
660 1504 786 1561 Oasi
845 1508 1037 1562 auctor
1085 1508 1254 1564 multa
1311 1518 1501 1564 narrat
1548 1510 1914 1567 incredibilia.
1966 1512 2045 1568 De

464 1598 576 1666 ejus
626 1598 860 1667 primum
910 1600 1175 1669 temperie
1214 1618 1227 1655 :
1264 1604 1493 1671 etquod
1545 1616 1704 1658 sacro
1735 1604 1806 1657 ibi
1854 1605 2045 1659 morbo

462 1704 566 1743 non
608 1692 767 1743 modo
804 1690 934 1743 nulli
970 1692 1240 1756 laborent,
1282 1694 1376 1748 sed
1417 1697 1581 1748 etiam
1624 1695 1669 1749 si
1701 1694 1792 1765 qui
1824 1697 2046 1751 aliunde

459 1780 771 1844 adveniant,
813 1795 877 1835 eo
915 1780 1237 1847 liberentur,
1278 1783 1349 1838 ob
1392 1784 1681 1851 benignam
1730 1787 1874 1839 aeris
1908 1796 2044 1838 tem-

2155 607 2255 679 τὴν
2290 608 2582 661 Πλακιδίαν
2616 624 2630 640 ο
2666 609 2694 659 6
2716 605 3027 676 δὲ’ὲτοίμως
3086 602 3320 671 δέχεται.
3355 603 3463 654 Καὶ
3491 604 3723 660 ἀποστα-

2155 698 2337 762 λέντος
2356 696 2507 769 αὐτῷ
2536 698 2681 751 σίτου
2702 699 2757 750 ἐν
2791 698 3047 767 μυριάσιν
3080 692 3345 763 ἑξήκοντα
3372 693 3662 747 ἀπολύεται
3680 697 3723 730 ⁸⁵

2157 789 2420 844 Πλακιδία
2481 788 2850 860 παραδοθεῖσα
2904 784 3221 853 Εὐπλουτίῳ
3275 783 3413 854 πρὸς
3476 784 3725 856 Ὀνώριον

2155 885 2245 937 τὸν
2268 885 2470 937 οίκεῖον
2497 883 2667 951 αὐτῆς
2692 881 2940 949 ἀδελφόν.
3630 876 3633 879 “

2225 977 2347 1028 Ὀτι
2405 952 2716 1046 ζητήματος
2764 976 2819 1025 ὲν
2859 976 2979 1036 ταῖς
3042 971 3295 1041 Ἀθήναις
3356 968 3726 1038 ἀνακύψαντος

2156 1068 2285 1136 περὶ
2328 1067 2438 1119 τῶν
2482 1065 2895 1134 κεκολλημένων
2917 1064 2962 1095 ’⁸
2992 1064 3213 1134 βιϐλίων
3238 1062 3430 1134 μαθεῖν
3484 1061 3610 1132 [l92
3637 1062 3725 1133 Β.)

2151 1159 2263 1220 τοῖς
2292 1155 2609 1228 ἐπιζητοῦσι
2633 1156 2692 1208 τὺ
2717 1156 2914 1226 μέτρον
2938 1155 3038 1208 τοῦ
3068 1155 3259 1209 κόλλου
3275 1156 3345 1220 θ’,
3367 1153 3723 1215 Φιλτάτιος⁹⁷⁸

2151 1253 2180 1303 6
2211 1249 2305 1303 τοῦ
2341 1249 2613 1321 ἱστορικοῦ
2643 1248 2879 1317 ἑταῖρος,
2914 1247 3130 1315 εὐφυῶς
3163 1247 3293 1317 περὶ
3338 1243 3727 1316 γραμματικήν

2152 1342 2313 1412 ἔχων,
2347 1344 2507 1395 τοῦτο
2560 1340 2803 1404 ἐπέδειξε
2820 1340 2888 1405 ⁸⁸,
2939 1341 3035 1394 καὶ
3064 1339 3433 1410 εὐδοκιμήσας
3477 1338 3727 1407 τυγχάνει

2153 1435 2301 1504 παρά
2331 1432 2442 1487 τῶν
2472 1431 2706 1510 πολιτῶν
2735 1432 2961 1495 εἰκόνος.

2224 1527 2346 1579 Ὅτι
2373 1526 2501 1596 περὶ
2527 1525 2627 1596 τῆς
2650 1525 2892 1587 Ὀάσεως
2918 1524 2945 1576 6
2964 1524 3319 1595 συγγραφεὺς
3349 1522 3522 1576 πολλά
3550 1536 3727 1591 παρα-

2151 1617 2441 1684 δοξολογεῖ,
2507 1617 2633 1685 περί
2657 1635 2716 1669 τε
2746 1615 2866 1688 [111
2901 1614 2992 1687 Η.]
3054 1618 3153 1686 τῆς
3207 1616 3507 1685 εὐκρασίας
3537 1616 3722 1685 αὐτῆς,

2152 1712 2247 1763 καὶ
2305 1709 2386 1761 ὅτι
2408 1710 2456 1760 οἱ
2477 1707 2574 1777 τὴν
2641 1708 2792 1779 ἱερὰν
2845 1708 2998 1760 νόσον
3028 1707 3244 1778 ἔχοντες
3271 1707 3331 1759 οὐ
3360 1706 3524 1775 μόνον
3555 1706 3726 1757 ὲκεῖσε

2150 1805 2209 1857 οὐ
2260 1803 2535 1871 γίνονται,
2590 1802 2728 1855 ἀλλὰ
2782 1802 2875 1856 καὶ
2931 1800 3228 1870 ἀλλαχόθεν
3301 1797 3729 1869 παραγινόμενοι

460 1872 687 1937 periem.
728 1872 803 1927 De
842 1873 1062 1942 copiosa
1095 1873 1293 1927 deinde
1328 1890 1448 1944 qua:
1491 1876 1692 1929 ibidem
1726 1887 1811 1930 est
1855 1893 2038 1938 arena,

2149 1896 2577 1949 ἀπαλλάττονται
2611 1892 2707 1948 τοῦ
2761 1895 3124 1962 νοσήματοςη
3150 1892 3236 1945 διὰ
3290 1890 3390 1961 τὴν
3443 1890 3537 1942 τοῦ
3572 1890 3725 1961 ἀέρος

459 1964 631 2030 deque
660 1965 863 2030 puteis,
894 1965 985 2033 qui
1026 1964 1261 2019 fossione
1289 1968 1356 2019 ad
1381 1968 1643 2022 ducentos
1660 1977 1714 2021 et
1739 1977 2041 2035 trecentos,

460 2069 849 2123 nonnunquam
925 2070 1058 2111 vero
1103 2058 1268 2111 etiam
1326 2059 1393 2112 ad
1453 2059 1784 2126 quingentos
1833 2059 2045 2113 cubitos

460 2144 625 2210 facta,
674 2147 1026 2214 scaturiginis
1070 2149 1219 2202 rivos
1264 2163 1359 2217 per
1402 2150 1672 2204 orificium
1707 2148 2041 2204 eﬂ‘undunt:

459 2238 600 2291 unde
630 2252 729 2307 per
772 2238 921 2292 vices
960 2239 1022 2305 ii,
1061 2242 1151 2309 qui
1194 2242 1468 2295 communi
1502 2240 1689 2296 labore
1728 2257 1865 2312 opus
1898 2242 2045 2297 fece-

462 2338 609 2393 runt,
645 2330 931 2397 hauriunt,
972 2341 1026 2385 et
1062 2347 1190 2386 arva
1224 2348 1321 2387 sua
1354 2334 1535 2403 rigant
1563 2334 1839 2403 agricol-re.
1867 2334 2044 2389 Arbo-

459 2436 545 2475 res
578 2422 691 2491 (49)
722 2433 984 2493 perpetuo
1008 2424 1079 2479 ibi
1115 2440 1273 2495 poma
1302 2424 1443 2479 ferre
1476 2436 1528 2480 et
1571 2424 1906 2481 frumentum
1933 2427 2045 2482 illic

460 2525 648 2568 natum
691 2516 838 2569 omni
892 2513 1166 2570 frumento
1222 2532 1344 2572 esse
1397 2519 1770 2585 praestantius,
1811 2520 2044 2587 niveque

457 2605 763 2660 candidius.
828 2606 1106 2661 Interdum
1156 2608 1239 2662 bis
1290 2609 1585 2677 quotannis
1645 2609 1909 2663 hordeum
1969 2610 2042 2665 ibi

459 2700 591 2763 seri,
633 2700 867 2754 millium
900 2711 1079 2753 autem
1121 2709 1381 2769 perpetuo
1417 2708 1522 2753 ter.
1582 2699 1783 2770 Rigare
1836 2700 2045 2756 incolas

459 2794 676 2847 ruscula
702 2808 826 2859 sua,
854 2803 1044 2848 :esrate
1076 2794 1237 2847 tertio
1260 2808 1477 2863 quoque
1506 2794 1612 2858 die,
1644 2794 1841 2859 hieme,
1867 2805 2044 2859 sexto,

458 2896 623 2954 atque
671 2886 799 2939 hinc
857 2894 1062 2939 tantam
1118 2896 1277 2940 terrae
1321 2885 1659 2940 fertilitatem
1735 2888 2039 2943 conciliari.

459 2977 745 3046 Nunquam
772 2977 846 3032 ibi
882 2978 1082 3033 cwlum
1131 2980 1304 3034 nubes
1326 2980 1677 3033 contrahere.
1715 2979 1796 3032 Ad
1830 2981 1946 3034 haec
1977 2981 2043 3034 de

459 3072 777 3142 horologiis,
810 3086 930 3139 quae
953 3071 1152 3125 ibidem
1190 3070 1579 3125 conficiuntur.
1616 3069 1805 3126 ()asim
1835 3086 2043 3126 memo-

458 3175 545 3219 rat
576 3165 810 3219 insulam
861 3163 994 3217 olim
1034 3162 1229 3227 fuisse,
1268 3158 1435 3232 atque
1469 3177 1497 3215 a
1526 3164 1841 3216 continente
1864 3163 2041 3216 divul-

2145 1987 2464 2058 εὐκρασίαν.
2520 1987 2632 2040 Καὶ
2669 1985 2796 2055 περὶ
2826 1985 2924 2053 τῆς
2952 1984 3184 2055 ψάμμου
3213 1985 3311 2053 τῆς
3342 1984 3551 2054 πολλῆς
3583 1984 3721 2036 ἐκεί·

2144 2097 2239 2147 νης
2260 2078 2355 2130 καὶ
2385 2079 2490 2131 τῶν
2516 2078 2901 2150 ὀρυσσομένων
2927 2080 3201 2148 φρεάτων,
3219 2078 3294 2141 ὡς
3318 2080 3398 2139 είς
3425 2077 3723 2139 διακοσίους

2146 2173 2240 2225 καὶ
2296 2171 2666 2242 τριακοσίους,
2726 2169 2839 2222 ἔσθ’
2870 2172 2958 2222 ὅτε
2988 2170 3045 2222 δὲ
3076 2171 3166 2223 καὶ
3215 2172 3295 2233 είς
3338 2170 3724 2231 πεντακοσίους

2148 2264 2342 2335 πήχεις
2390 2263 2735 2333 ὀρυσσόμενα
2793 2263 3157 2326 ἀναϐλύζουσι
3188 2263 3248 2315 τὸ
3286 2261 3505 2334 ῥεῖθρον
3558 2260 3719 2314 αὐτοῦ

2143 2357 2238 2410 τοῦ
2294 2357 2515 2427 στομίου
2569 2354 2935 2427 προχεόμενον
2969 2369 2987 2386 ο
3055 2354 3113 2421 ἐξ
3169 2348 3229 2407 οὗ
3283 2354 3424 2406 κατά
3483 2352 3724 2422 διαδοχὴν

2144 2447 2459 2516 ἀρυόμενοι,
2477 2446 2622 2508 ὅσοις
2645 2444 2821 2497 κοινὸν
2840 2444 3031 2513 γέγονε
3056 2443 3118 2495 τὸ
3148 2443 3331 2513 ἔργον,
3360 2443 3457 2505 τὰς
3477 2444 3493 2473 ¹
3524 2441 3721 2503 οίκείας

2146 2537 2386 2609 ἀρούρας
2439 2535 2752 2600 ποτίζουσιν
2788 2538 2837 2589 οἱ
2864 2536 3121 2605 γεωργοί.
3180 2535 3287 2588 Καὶ
3314 2536 3400 2587 ὅτι
3437 2535 3491 2586 αἱ
3518 2532 3721 2600 ὀπῶραι

2143 2628 2228 2680 ἀεὶ
2256 2631 2368 2691 τοῖς
2396 2628 2635 2698 δένδρεσι
2689 2628 2968 2698 φέρονται,
3027 2628 3122 2680 καὶ
3152 2628 3233 2679 ὅτι
3266 2629 3293 2680 6
3327 2628 3472 2688 σῖτος
3532 2623 3724 2687 παντὸς

2144 2716 2443 2783 κρείττωνί
2482 2717 2629 2767 σίτου
2660 2716 2757 2769 καὶ
2790 2716 2963 2785 χιόνος
2996 2715 3341 2786 λευκότερος,
3382 2715 3481 2768 καὶ
3504 2716 3585 2767 ὄτι
3612 2713 3720 2766 ἐσθ’

2143 2813 2231 2864 ὅτε
2282 2814 2365 2875 δἰς
2393 2812 2488 2866 τοῦ
2540 2813 2694 2878 ἔτους
2736 2815 3022 2885 σπείρεται
3058 2817 3090 2885 ἡ
3128 2814 3313 2886 κριθὴ,
3344 2815 3467 2885 τρὶς
3490 2815 3551 2868 δὲ
3578 2815 3659 2868 ἀεὶ
3686 2815 3718 2885 ἡ

2143 2900 2395 2968 κέγχρος.
2414 2899 2725 2971 Ἀρδεύουσι
2747 2903 2804 2955 δὲ
2832 2904 2899 2955 τὰ
2921 2904 3087 2972 γὴδια
3108 2904 3287 2956 αὐτῶν
3343 2906 3404 2957 ὲν
3441 2904 3590 2975 θέρει
3626 2905 3720 2972 μὲν

2142 2990 2229 3045 διὰ
2264 2992 2457 3062 τρίτης
2510 2994 2744 3064 ἡμέρας,
2775 2995 2832 3046 ὲν
2861 2995 3090 3064 χειμῶνι
3121 2996 3178 3048 δὲ
3215 2996 3303 3049 διὰ
3366 2997 3550 3066 ἕκτης,
3579 2997 3635 3061 ἐξ
3658 2989 3719 3050 οὗ

2143 3084 2239 3137 καὶ
2269 3087 2300 3155 ἡ
2334 3087 2566 3156 εὐφορία
2612 3087 2844 3155 γίνεται.
2895 3091 3007 3142 Καὶ
3030 3091 3148 3144 δτι³
3180 3091 3441 3144 οὐδέποτε
3476 3091 3724 3160 συννεφῐα

2144 3174 2373 3242 γίνεται.
2398 3176 2508 3229 Καὶ
2532 3194 2597 3228 πε
2607 3178 2659 3247 ρ).
2683 3178 2790 3231 τῶν
2812 3180 3153 3250 ποιουμένων
3168 3182 3335 3234 αὐτοῦ
3370 3181 3719 3253 ὡρολογίωνδ.

455 3274 595 3323 sam,
629 3257 989 3325 eamdemque
1011 3257 1079 3309 ab
1108 3255 1383 3309 Herodoto
1411 3256 1591 3309 vocari
1625 3254 1864 3328 [Thalia]
1900 3255 2042 3310 Bea-

2149 3265 2303 3333 Λέγει
2335 3266 2391 3318 δὲ
2420 3268 2501 3320 ὅτι
2556 3268 2718 3338 νῆσος
2747 3271 2807 3322 τὸ
2846 3269 3072 3323 παλαιὸν
3105 3267 3173 3341 ἦν
3216 3273 3311 3325 καὶ
3341 3251 3721 3343 ἀπεχερσώθη,

455 3362 623 3403 torum
680 3350 947 3413 insulam;
998 3350 1065 3403 ab
1124 3346 1399 3402 Herodoto
1449 3347 1562 3419 (50)
1600 3358 1781 3403 autem
1823 3363 1892 3403 eo
1943 3350 2039 3417 qui

455 3442 656 3510 Urphei
704 3457 767 3495 ac
816 3440 1001 3494 Musaei
1049 3440 1379 3509 conscripsit
1432 3438 1718 3494 historiam
1767 3439 2042 3495 nominari

458 3532 793 3586 l’hmacidem
824 3531 960 3603 (51).
1008 3530 1246 3586 Insulam
1277 3538 1405 3583 ante
1436 3527 1604 3584 fuisse
1644 3545 1713 3583 ex
1743 3545 1809 3584 eo
1856 3529 2040 3599 conje-

463 3633 649 3677 cturas
676 3623 848 3686 ducit,
866 3624 1008 3691 quod
1030 3631 1183 3675 testa)
1211 3622 1457 3685 marinae,
1485 3630 1541 3675 et
1562 3631 1744 3676 ostrea
1772 3621 2041 3691 lapidibus

455 3715 924 3777 adharrescentia,
980 3716 1033 3766 in
1072 3728 1138 3767 eo
1196 3724 1380 3766 monte
1421 3712 1791 3775 inveniantur,
1834 3713 1926 3781 qui
1972 3726 2038 3766 ex

456 3803 736 3856 Thebaide
781 3803 833 3855 in
862 3802 1045 3857 Oasim
1078 3802 1245 3857 ducit.
1285 3803 1488 3858 Deinde
1522 3804 1706 3867 etiam,
1740 3805 1881 3871 quod
1913 3819 2038 3871 per—

454 3905 616 3962 petuo
649 3894 865 3963 copiosa
899 3894 968 3947 ibi
1000 3908 1163 3947 arena
1193 3904 1388 3962 scatet,
1413 3905 1633 3963 tresque
1658 3896 1827 3951 Oases
1845 3897 2036 3964 replet.

453 3984 589 4038 Nam
641 3987 803 4039 etiam
842 3987 959 4054 ipse
994 3985 1113 4055 (5‘2)
1149 3996 1261 4040 tres
1304 3985 1476 4041 Oases
1502 4001 1625 4041 esse
1670 3988 1856 4040 tradit.
1896 3986 2041 4042 Duas

454 4094 701 4148 magnas,
741 4079 1073 4133 exteriorem
1126 4094 1314 4143 unam,
1351 4079 1580 4133 alteram
1625 4080 1965 4138 interiorem.
2010 4095 2042 4134 e

456 4170 674 4236 regione
710 4170 813 4223 sibi
852 4170 1084 4224 invicem
1110 4171 1411 4240 oppositas,
1461 4181 1679 4225 centum
1722 4172 2039 4226 milliarium

450 4261 601 4330 61!)
647 4261 825 4330 spatio
876 4261 1185 4328 interiecto,
1233 4277 1357 4315 cum
1441 4264 1597 4317 tertia
1643 4278 1829 4331 parva,
1878 4262 2038 4332 longe

455 4355 747 4408 interstitio
799 4352 867 4406 ab
892 4353 1325 4408 alteris'duabns
1367 4367 1643 4423 separata.
1676 4354 1905 4424 Insuper
1936 4356 2041 4411 hoc

450 4448 614 4499 etiam
648 4453 971 4514 argumento
1000 4445 1234 4499 insulam
1266 4446 1434 4500 fuisse
1473 4448 1661 4509 tradit,
1699 4449 1841 4515 quod
1868 4462 2039 4516 smpe-

452 4552 681 4591 numero
712 4537 934 4601 accidit,
973 4526 1034 4592 ut
1074 4539 1253 4606 pisces
1287 4539 1355 4592 ab
1390 4540 1581 4594 avibus
1621 4555 1689 4596 eo
1738 4541 1901 4595 delati
1954 4544 2031 4595 vi-

2144 3355 2235 3408 κα).
2288 3358 2369 3409 ὅτι
2400 3358 2603 3429 ταύτην
2629 3360 2783 3413 καλεῖ
2821 3361 3103 3432 Ἡρόδοτος
3134 3364 3438 3433 Μακάρων
3476 3366 3720 3434 νήσους⁸

2154 3446 2456 3516 Ἡρόδωρος
2484 3450 2563 3515 δὲ,
2590 3453 2616 3504 6
2644 3452 2744 3521 τὴν
2771 3453 3017 3523 Ὀρφέως
3058 3457 3152 3509 καὶ
3183 3458 3466 3511 Μουσαίου
3492 3458 3720 3527 συγγρά-

2141 3538 2247 3607 ψας
2279 3540 2545 3609 ἱστορίαν,
2590 3545 2883 3599 Φαιηκίδα
2913 3551 3116 3619 ταύτην
3146 3550 3320 3603 καλεῖ.
3350 3551 3651 3620 Τεκμηριοῖ
3669 3549 3720 3600 δὲ

2140 3632 2302 3700 νῆσον
2332 3634 2504 3705 αὐτὴν
2556 3638 2839 3704 γεγονέναι
2868 3639 2931 3691 ἐκ
2960 3656 3020 3693 τε
3048 3641 3143 3693 τοῦ
3171 3642 3419 3713 ὄστρακα
3458 3644 3720 3696 θαλάσσια

2140 3724 2234 3776 καὶ
2264 3724 2463 3795 ὄστρεα
2495 3726 2660 3791 λίθοις
2682 3731 2775 3782 τοῦ
2804 3730 2964 3802 ὅρους
2993 3736 3501 3805 προσπεπλασμένα
3526 3737 3545 3767 ⁸
3575 3735 3723 3805 εὑρί-

2142 3817 2367 3869 σκεσθαι
2419 3820 2513 3871 τοῦ
2541 3821 2636 3873 ἐπὶ
2681 3824 2778 3892 τὴν
2811 3825 3008 3878 Ὄασιν
3042 3828 3150 3880 ἀπὸ
3179 3829 3276 3896 τῆς
3313 3829 3580 3898 Θηϐαΐδος
3622 3828 3713 3897 φέ-

2145 3918 2348 3979 ροντος,
2407 3911 2660 3984 δεύτερον
2689 3915 2770 3967 ὅτι
2799 3916 3052 3986 ψάμαθος
3093 3916 3262 3990 πολλὴ
3295 3921 3614 3991 ἐπεκχεῖται
3639 3919 3718 3972 ἀεὶ

2140 4000 2235 4053 καὶ
2267 4002 2365 4065 τὰς
2393 4006 2540 4075 τρεῖς
2599 4006 2904 4077 ἀναπληροῖ
2953 4009 3191 4073 Ὀἁσεις.
3223 4006 3385 4081 Τρεῖς
3417 4013 3525 4082 γάρ
3562 4026 3716 4080 φησιν

2152 4090 2362 4155 Ὀάσεις
2420 4096 2512 4148 καὶ
2576 4098 2738 4161 αὐτὸς
2792 4095 2955 4163 εἶναι,
3008 4100 3102 4152 δύο
3165 4103 3409 4171 μεγάλας
3431 4104 3473 4166 ⁶,
3504 4104 3599 4173 τὴν
3628 4102 3716 4172 μὲν

2139 4181 2406 4254 ἐξωτέρω,
2439 4187 2538 4257 τὴν
2565 4188 2621 4240 δὲ
2649 4190 2923 4264 έσωτέρω,
2948 4196 3290 4265 καταντικρὺ
3343 4196 3598 4264 κειμένας
3629 4193 3715 4247 ἀλ·

2139 4273 2349 4345 λήλαις,
2371 4280 2737 4343 συντείνοντος
2789 4285 2869 4344 εἰς
2900 4284 3096 4337 ἑκατὸν
3158 4289 3362 4355 σημεῖα
3394 4285 3488 4339 τοῦ
3521 4284 3712 4357 μεταξὺ

2138 4366 2508 4438 διαστήματος
2532 4386 2545 4401 ·
2578 4370 2693 4423 ἔστι
2716 4371 2772 4424 δὲ
2802 4375 2894 4426 καὶ
2923 4375 3059 4445 άλλη
3101 4377 3259 4447 τρίτη
3317 4381 3510 4451 μικρὰ,
3548 4373 3717 4443 πολλῷ

2137 4458 2471 4530 διαστήματι
2517 4461 2627 4515 τῶν
2678 4463 2773 4516 δύο
2836 4470 3243 4540 κεχωρισμένη.
3318 4472 3483 4539 Λέγει
3538 4470 3591 4522 δὲ
3640 4468 3713 4530 εις

2140 4551 2325 4604 πίστιν
2376 4553 2469 4605 τοῦ
2502 4555 2664 4624 νῆσον
2698 4557 2953 4624 γενέσθαι
2983 4559 3064 4613 ὅτι
3099 4564 3193 4615 καὶ
3223 4564 3327 4616 ὑπὸ
3356 4564 3561 4635 ὀρνέων
3587 4561 3710 4629 69:2-

451 4634 663 4689 santur,
696 4635 789 4678 aut
814 4636 965 4681 certe
998 4640 1317 4681 arrosoruiu
1352 4629 1583 4697 piscium
1646 4629 1889 4698 reliquiae
1924 4648 1939 4686 :
1977 4644 2035 4686 ut

2149 4643 2266 4696 σθαι
2318 4610 2605 4715 συμϐαίνει
2642 4610 2902 4713 πολλάκις
2940 4610 3710 4726 ιχοιέςᾷερᾎᾷενῶξῖέαίτι)-

452 4717 576 4769 inde
609 4715 921 4784 conjectare
956 4708 1140 4783 liceat,
1184 4735 1288 4771 non
1331 4722 1621 4774 admodum
1656 4722 1813 4791 longe
1845 4722 2059 4778 abesse

449 4824 621 4863 mare.
663 4810 755 4864 Ait
785 4809 896 4879 (55)
933 4821 1114 4864 autem
1159 4821 1214 4864 et
1255 4810 1543 4866 llmuerum
1594 4829 1661 4867 ex
1697 4816 1869 4869 vicina
1906 4816 2032 4870 huic

448 4900 723 4956 Thebaide
760 4915 931 4971 genus
955 4901 1179 4957 ducere.

2145 4734 2288 4787 θύων
2334 4736 2525 4789 ἄλλοτε
2576 4739 2825 4809 λείψανα,
2877 4742 2952 4804 ὡς
3000 4743 3252 4800 ἐντεῦθεν
3290 4746 3601 4810 εἰκάζεσθαι
3640 4741 3709 4809 μὴ

2140 4828 2275 4880 πολὺ
2337 4829 2527 4901 πόρρω
2583 4826 2722 4885 εἶναι
2775 4834 2874 4905 τὴν
2926 4835 3225 4891 θάλασσαν.
3296 4837 3433 4907 Φησὶ
3468 4836 3487 4867 ⁷
3530 4834 3583 4888 δὲ
3620 4833 3711 4885 καὶ

2142 4918 2289 4990 Ὅμη
2300 4937 2391 4989 ρον
2415 4924 2479 4975 ἐκ
2502 4922 2603 4992 τῆς
2626 4924 2761 4996 πρὸς
2784 4926 2955 4997 ταύτῃ
2981 4927 3249 4998 Θηϐαΐδος
3262 4929 3441 4983 ἕλκειν
3464 4929 3523 4981 τὸ
3542 4927 3707 4995 γένος·

1743 5024 1976 5083 VARIIE
2012 5031 2305 5091 LECTION
2317 5034 2420 5093 ES.

513 5141 559 5171 9’
594 5140 889 5194 ἀπολύεται
922 5141 966 5194 Α
1008 5161 1022 5197 :
1059 5141 1447 5197 ἀποστέλλεται
1486 5162 1546 5208 ς.

1641 5145 1687 5176 ⁹⁶
1720 5146 2131 5216 κεκωλωμένων
2175 5153 2237 5216 Α,
2265 5157 2435 5208 altero
2478 5175 2525 5210 ω
2580 5172 2848 5216 correcto.

2953 5165 2995 5195 "’
3034 5162 3210 5217 κώλου
3247 5165 3309 5218 Α.
3418 5164 3483 5197 ³⁷⁸
3522 5158 3706 5213 enta-

443 5226 645 5305 ἷξτέίὲ·
704 5211 1042 5305 ἰῖἰιεπὶξξιξὲ
1069 5232 1189 5305 E1.
1298 5214 1391 5305 τοτΞ
1419 5215 1764 5305 effaris}
1783 5227 1934 5305 ﬁt”!
1955 5211 2273 5305 ἐίίὶκραετίάν
2311 5228 2555 5305 νυηίιμλ·
2681 5211 2932 5305 ﬁdem?
2961 5211 3209 5305 τάξέῗί
3227 5211 3549 5305 "Vtram
3581 5246 3708 5305 παν-

440 5281 530 5345 τὸς
566 5297 624 5344 ς.
704 5280 725 5312 ³
759 5283 852 5335 καὶ
881 5285 961 5336 ὅτι
982 5284 1044 5336 οὐ
1067 5286 1195 5353 περὶ
1221 5285 1285 5337 Α.
1366 5284 1388 5314 ’⁵
1413 5280 1605 5347 αὐτοῖς’
1633 5280 1971 5354 ὡρολογειῶν
2002 5280 2092 5344 Α.’
2146 5294 2166 5323 ⁵
2196 5280 2554 5367 πεπλασμένα
2579 5317 2638 5364 ς.
2700 5280 3261 5377 τὴν
3289 5280 3626 5372 ξίν-’ἷῂφασὶ
3646 5313 3704 5359 ς.

1972 5385 2205 5445 NOTAE.

515 5475 627 5545 (49)
690 5476 775 5530 AI.
826 5476 1007 5530 Zosim
1066 5475 1158 5530 lib.
1201 5492 1235 5530 ν
1271 5491 1369 5530 nec
1422 5477 1672 5530 arborem
1717 5476 1786 5530 ibi
1835 5476 2020 5541 ullam,

444 5560 544 5597 nec
569 5547 897 5599 donnicilium
930 5561 1069 5600 esse.
1099 5547 1235 5601 Vide
1268 5546 1437 5601 Notas
1464 5549 1523 5602 ι).
1550 5547 1752 5599 Baron.
1788 5549 1855 5602 ad
1886 5547 2025 5602 Mar-

446 5615 670 5682 tyrolog.
710 5616 776 5668 12
821 5615 990 5669 Junii.

513 5684 625 5753 (ὅθ)
662 5685 698 5737 Ε
729 5688 882 5753 cujus
917 5688 1044 5740 item
1083 5685 1232 5739 libris
1259 5684 1367 5736 τῶν
1398 5685 1537 5756 κατὰ
1578 5684 1877 5756 Ἡρακλέα,
1922 5688 2024 5745 fre-

441 5758 660 5821 quentia
694 5757 892 5821 passim
945 5757 1293 5810 adducuntur
1322 5755 1659 5809 testimonia.

509 5824 621 5897 (51)
650 5827 877 5883 Alia‘est
907 5824 1127 5881 llorneri
1159 5824 1419 5891 Φαιακία,
1478 5840 1597 5894 quae
1620 5830 1847 5897 caeteris
1878 5829 2013 5885 Cor-

2135 5500 2261 5554 cyra
2300 5486 2519 5542 dicitur.

2230 5557 2319 5625 52)
2352 5556 2421 5629 Ut
2446 5570 2603 5614 antea
2631 5560 2829 5615 Strabo
2856 5562 2953 5617 lib.
2986 5580 3099 5618 xvn
3127 5560 3418 5629 Geograph.
3448 5557 3533 5610 ubi
3562 5551 3701 5629 ’ᾼνάο

2135 5643 2281 5711 σξις,
2304 5624 2399 5679 vel
2432 5646 2461 5683 e
2522 5647 2655 5686 mss.
2712 5632 2951 5695 Αὑάσεις
2981 5636 3179 5699 legitur
3210 5624 3530 5699 {Stephano
3563 5624 3696 5675 Αὑα-

2134 5713 2314 5840 έιῖίὸ-δ)
2353 5769 2429 5821 Ex
2471 5769 2732 5840 Calasiris
2764 5783 2979 5840 quoque
3011 5770 3282 5828 sententia
3314 5766 3452 5840 apud
3490 5760 3690 5819 Helicd.

2129 5838 2183 5891 in
2216 5837 2560 5907 .ﬁ'tltiopicis,
2596 5838 2689 5895 lib.
2726 5855 2811 5894 ut.
