  <div class='ocr_page' id='page_1' title='image "/cluster/home/n/w/nwhite01/storage/ocr_20150623/103:no.3/coo.31924054870070/152.png"; bbox 0 0 3926 6438; ppageno 0'>
   <div class='ocr_carea' id='block_1_1' title="bbox 218 383 322 448">
    <p class='ocr_par' dir='ltr' id='par_1_1' title="bbox 218 383 322 448">
     <span class='ocr_line' id='line_1_1' title="bbox 218 383 322 448; baseline 0.01 -1"><span class='ocrx_word' id='word_1_1' title='bbox 218 383 322 448; x_wconf 68' lang='grc' dir='ltr'><strong>2ῗῖ</strong></span> 
     </span>
    </p>
   </div>
   <div class='ocr_carea' id='block_1_2' title="bbox 1229 386 2302 447">
    <p class='ocr_par' dir='ltr' id='par_1_2' title="bbox 1229 386 2302 447">
     <span class='ocr_line' id='line_1_2' title="bbox 1229 386 2302 447; baseline 0.001 -2"><span class='ocrx_word' id='word_1_2' title='bbox 1229 386 1760 447; x_wconf 79' lang='lat' dir='ltr'><strong>BIBLIOTIIECA.</strong></span> <span class='ocrx_word' id='word_1_3' title='bbox 1785 413 1851 423; x_wconf 86' lang='lat'><strong>--</strong></span> <span class='ocrx_word' id='word_1_4' title='bbox 1881 386 2046 446; x_wconf 84' lang='lat' dir='ltr'><strong>COD.</strong></span> <span class='ocrx_word' id='word_1_5' title='bbox 2072 386 2302 446; x_wconf 81' lang='lat' dir='ltr'><strong>LXXX.</strong></span> 
     </span>
    </p>
   </div>
   <div class='ocr_carea' id='block_1_3' title="bbox 3408 383 3522 445">
    <p class='ocr_par' dir='ltr' id='par_1_3' title="bbox 3408 383 3522 445">
     <span class='ocr_line' id='line_1_3' title="bbox 3408 383 3522 445; baseline 0.009 -1"><span class='ocrx_word' id='word_1_6' title='bbox 3408 383 3522 445; x_wconf 56' lang='lat'><strong>213</strong></span> 
     </span>
    </p>
   </div>
   <div class='ocr_carea' id='block_1_4' title="bbox 221 492 1836 566">
    <p class='ocr_par' dir='ltr' id='par_1_4' title="bbox 221 492 1808 566">
     <span class='ocr_line' id='line_1_4' title="bbox 221 492 1808 566; baseline 0.001 -20"><span class='ocrx_word' id='word_1_7' title='bbox 221 497 439 566; x_wconf 78' lang='grc' dir='ltr'>μέρους.</span> <span class='ocrx_word' id='word_1_8' title='bbox 492 493 655 558; x_wconf 81' lang='grc' dir='ltr'>Τέλος</span> <span class='ocrx_word' id='word_1_9' title='bbox 702 493 767 546; x_wconf 81' lang='grc' dir='ltr'><strong>ἐκ</strong></span> <span class='ocrx_word' id='word_1_10' title='bbox 796 492 897 562; x_wconf 80' lang='grc' dir='ltr'>τῆς</span> <span class='ocrx_word' id='word_1_11' title='bbox 940 493 1279 564; x_wconf 75' lang='grc' dir='ltr'><strong>ἀναφθείσης</strong></span> <span class='ocrx_word' id='word_1_12' title='bbox 1336 494 1552 565; x_wconf 78' lang='grc' dir='ltr'><strong>ἐκείνης</strong></span> <span class='ocrx_word' id='word_1_13' title='bbox 1607 493 1808 564; x_wconf 71' lang='grc' dir='ltr'>ἔοχθρας</span> 
     </span>
    </p>
   </div>
   <div class='ocr_carea' id='block_1_5' title="bbox 1950 492 3514 566">
    <p class='ocr_par' dir='ltr' id='par_1_5' title="bbox 1951 492 3514 563">
     <span class='ocr_line' id='line_1_5' title="bbox 1951 492 3514 563; baseline 0 -15"><span class='ocrx_word' id='word_1_14' title='bbox 1951 495 2090 549; x_wconf 91' lang='lat' dir='ltr'><strong>mori</strong></span> <span class='ocrx_word' id='word_1_15' title='bbox 2133 511 2234 563; x_wconf 86' lang='lat' dir='ltr'><strong>par.</strong></span> <span class='ocrx_word' id='word_1_16' title='bbox 2259 509 2401 549; x_wconf 89' lang='lat' dir='ltr'><strong>nunc</strong></span> <span class='ocrx_word' id='word_1_17' title='bbox 2426 493 2645 557; x_wconf 84' lang='lat' dir='ltr'><strong>odium,</strong></span> <span class='ocrx_word' id='word_1_18' title='bbox 2680 492 3209 563; x_wconf 83' lang='lat' dir='ltr'><strong>Constantinopolim</strong></span> <span class='ocrx_word' id='word_1_19' title='bbox 3249 494 3514 562; x_wconf 79' lang='lat' dir='ltr'><strong>Placidia,</strong></span> 
     </span>
    </p>
   </div>
   <div class='ocr_carea' id='block_1_6' title="bbox 218 585 1810 657">
    <p class='ocr_par' dir='ltr' id='par_1_6' title="bbox 218 585 1810 657">
     <span class='ocr_line' id='line_1_6' title="bbox 218 585 1810 657; baseline 0.001 -19"><span class='ocrx_word' id='word_1_20' title='bbox 218 589 307 638; x_wconf 81' lang='grc' dir='ltr'><strong>καὶ</strong></span> <span class='ocrx_word' id='word_1_21' title='bbox 337 585 434 638; x_wconf 85' lang='grc' dir='ltr'><strong>τοῦ</strong></span> <span class='ocrx_word' id='word_1_22' title='bbox 472 585 805 657; x_wconf 81' lang='grc' dir='ltr'>ἀντιρρόπου</span> <span class='ocrx_word' id='word_1_23' title='bbox 841 585 940 654; x_wconf 80' lang='grc' dir='ltr'><strong>τῆς</strong></span> <span class='ocrx_word' id='word_1_24' title='bbox 972 586 1103 654; x_wconf 70' lang='grc' dir='ltr'>πρὶν</span> <span class='ocrx_word' id='word_1_25' title='bbox 1141 585 1326 654; x_wconf 81' lang='grc' dir='ltr'>φιλίας</span> <span class='ocrx_word' id='word_1_26' title='bbox 1359 587 1550 657; x_wconf 88' lang='grc' dir='ltr'>μίσους</span> <span class='ocrx_word' id='word_1_27' title='bbox 1579 589 1658 650; x_wconf 86' lang='grc' dir='ltr'><strong>είς</strong></span> <span class='ocrx_word' id='word_1_28' title='bbox 1709 589 1810 640; x_wconf 77' lang='grc' dir='ltr'><strong>Βυ-</strong></span> 
     </span>
    </p>
   </div>
   <div class='ocr_carea' id='block_1_7' title="bbox 222 675 1809 748">
    <p class='ocr_par' dir='ltr' id='par_1_7' title="bbox 222 675 1809 748">
     <span class='ocr_line' id='line_1_7' title="bbox 222 675 1809 748; baseline 0.001 -20"><span class='ocrx_word' id='word_1_29' title='bbox 222 678 432 742; x_wconf 79' lang='grc' dir='ltr'>ζάντιον</span> <span class='ocrx_word' id='word_1_30' title='bbox 460 676 744 739; x_wconf 84' lang='grc' dir='ltr'>Πλακιδία,</span> <span class='ocrx_word' id='word_1_31' title='bbox 773 675 868 729; x_wconf 89' lang='grc' dir='ltr'><strong>τοῦ</strong></span> <span class='ocrx_word' id='word_1_32' title='bbox 895 677 1129 745; x_wconf 67' lang='grc' dir='ltr'>ἀδελφοῦ</span> <span class='ocrx_word' id='word_1_33' title='bbox 1184 677 1678 748; x_wconf 83' lang='grc' dir='ltr'>ὑπερισχύσαντος,</span> <span class='ocrx_word' id='word_1_34' title='bbox 1711 680 1809 731; x_wconf 81' lang='grc' dir='ltr'><strong>σὺν</strong></span> 
     </span>
    </p>
   </div>
   <div class='ocr_carea' id='block_1_8' title="bbox 222 766 1807 841">
    <p class='ocr_par' dir='ltr' id='par_1_8' title="bbox 222 766 1807 841">
     <span class='ocr_line' id='line_1_8' title="bbox 222 766 1807 841; baseline 0.001 -22"><span class='ocrx_word' id='word_1_35' title='bbox 222 770 328 828; x_wconf 84' lang='grc' dir='ltr'>τοῖς</span> <span class='ocrx_word' id='word_1_36' title='bbox 366 766 591 829; x_wconf 78' lang='grc' dir='ltr'>οἰκείοις</span> <span class='ocrx_word' id='word_1_37' title='bbox 638 769 829 821; x_wconf 79' lang='grc' dir='ltr'>παισὶν</span> <span class='ocrx_word' id='word_1_38' title='bbox 897 768 1228 838; x_wconf 80' lang='grc' dir='ltr'>ἐξορίζεται.</span> <span class='ocrx_word' id='word_1_39' title='bbox 1287 771 1400 822; x_wconf 73' lang='grc' dir='ltr'><strong>Καὶ</strong></span> <span class='ocrx_word' id='word_1_40' title='bbox 1466 769 1628 839; x_wconf 81' lang='grc' dir='ltr'>μόνος</span> <span class='ocrx_word' id='word_1_41' title='bbox 1667 770 1807 841; x_wconf 78' lang='grc' dir='ltr'>αὐτῇ</span> 
     </span>
    </p>
   </div>
   <div class='ocr_carea' id='block_1_9' title="bbox 227 857 1806 934">
    <p class='ocr_par' dir='ltr' id='par_1_9' title="bbox 227 857 1806 934">
     <span class='ocr_line' id='line_1_9' title="bbox 227 857 1806 934; baseline 0.002 -22"><span class='ocrx_word' id='word_1_42' title='bbox 227 859 549 929; x_wconf 74' lang='grc' dir='ltr'>Βονηεράτιος</span> <span class='ocrx_word' id='word_1_43' title='bbox 577 861 644 912; x_wconf 66' lang='grc' dir='ltr'><strong>τά</strong></span> <span class='ocrx_word' id='word_1_44' title='bbox 686 861 853 914; x_wconf 80' lang='grc' dir='ltr'>πιστά</span> <span class='ocrx_word' id='word_1_45' title='bbox 899 857 1186 928; x_wconf 80' lang='grc' dir='ltr'><strong>φυλάττων</strong></span> <span class='ocrx_word' id='word_1_46' title='bbox 1227 862 1335 915; x_wconf 70' lang='grc' dir='ltr'><strong>ἀπδ</strong></span> <span class='ocrx_word' id='word_1_47' title='bbox 1379 861 1478 932; x_wconf 77' lang='grc' dir='ltr'>τῆς</span> <span class='ocrx_word' id='word_1_48' title='bbox 1515 862 1806 934; x_wconf 81' lang='grc' dir='ltr'><strong>Ἀφρικῆς,</strong></span> 
     </span>
    </p>
   </div>
   <div class='ocr_carea' id='block_1_10' title="bbox 236 950 1817 1033">
    <p class='ocr_par' dir='ltr' id='par_1_10' title="bbox 236 950 1817 1033">
     <span class='ocr_line' id='line_1_10' title="bbox 236 950 1817 1033; baseline 0.004 -33"><span class='ocrx_word' id='word_1_49' title='bbox 236 950 298 1025; x_wconf 71' lang='grc' dir='ltr'>ἧς</span> <span class='ocrx_word' id='word_1_50' title='bbox 323 951 477 1033; x_wconf 61' lang='grc' dir='ltr'>Ξρχε,</span> <span class='ocrx_word' id='word_1_51' title='bbox 531 955 621 1005; x_wconf 79' lang='grc' dir='ltr'><strong>καὶ</strong></span> <span class='ocrx_word' id='word_1_52' title='bbox 657 955 920 1024; x_wconf 78' lang='grc' dir='ltr'>χρήματα</span> <span class='ocrx_word' id='word_1_53' title='bbox 942 954 1016 1017; x_wconf 81' lang='grc' dir='ltr'>ὡς</span> <span class='ocrx_word' id='word_1_54' title='bbox 1040 953 1266 1008; x_wconf 78' lang='grc' dir='ltr'>ἐδύνατο</span> <span class='ocrx_word' id='word_1_55' title='bbox 1299 954 1517 1024; x_wconf 76' lang='grc' dir='ltr'>ἔπεμπε</span> <span class='ocrx_word' id='word_1_56' title='bbox 1551 955 1648 1010; x_wconf 72' lang='grc' dir='ltr'><strong>καὶ</strong></span> <span class='ocrx_word' id='word_1_57' title='bbox 1678 955 1817 1017; x_wconf 73' lang='grc' dir='ltr'>πρὸς</span> 
     </span>
    </p>
   </div>
   <div class='ocr_carea' id='block_1_11' title="bbox 1910 584 3518 655">
    <p class='ocr_par' dir='ltr' id='par_1_11' title="bbox 1910 584 3518 655">
     <span class='ocr_line' id='line_1_11' title="bbox 1910 584 3518 655; baseline -0.003 -16"><span class='ocrx_word' id='word_1_58' title='bbox 1910 587 2079 639; x_wconf 79' lang='lat' dir='ltr'><strong>fratre</strong></span> <span class='ocrx_word' id='word_1_59' title='bbox 2101 586 2451 655; x_wconf 70' lang='lat' dir='ltr'><strong>przevalente,</strong></span> <span class='ocrx_word' id='word_1_60' title='bbox 2485 600 2608 639; x_wconf 90' lang='lat' dir='ltr'><strong>cum</strong></span> <span class='ocrx_word' id='word_1_61' title='bbox 2643 585 2838 639; x_wconf 88' lang='lat' dir='ltr'><strong>liberis</strong></span> <span class='ocrx_word' id='word_1_62' title='bbox 2883 585 3180 654; x_wconf 76' lang='lat' dir='ltr'><strong>ablegatur.</strong></span> <span class='ocrx_word' id='word_1_63' title='bbox 3223 584 3386 639; x_wconf 82' lang='lat' dir='ltr'><strong>Solus</strong></span> <span class='ocrx_word' id='word_1_64' title='bbox 3411 585 3518 636; x_wconf 85' lang='lat' dir='ltr'><strong>Bo-</strong></span> 
     </span>
    </p>
   </div>
   <div class='ocr_carea' id='block_1_12' title="bbox 1915 677 2474 733">
    <p class='ocr_par' dir='ltr' id='par_1_12' title="bbox 1915 677 2474 733">
     <span class='ocr_line' id='line_1_12' title="bbox 1915 677 2474 733; baseline -0.002 -1"><span class='ocrx_word' id='word_1_65' title='bbox 1915 677 2149 733; x_wconf 87' lang='lat' dir='ltr'><strong>nifacius</strong></span> <span class='ocrx_word' id='word_1_66' title='bbox 2189 678 2347 732; x_wconf 79' lang='lat' dir='ltr'><strong>ﬁdem</strong></span> <span class='ocrx_word' id='word_1_67' title='bbox 2399 677 2474 731; x_wconf 86' lang='lat' dir='ltr'><strong>illi</strong></span> 
     </span>
    </p>
   </div>
   <div class='ocr_carea' id='block_1_13' title="bbox 1916 769 3514 840">
    <p class='ocr_par' dir='ltr' id='par_1_13' title="bbox 1916 769 3514 840">
     <span class='ocr_line' id='line_1_13' title="bbox 1916 769 3514 840; baseline -0.002 -14"><span class='ocrx_word' id='word_1_68' title='bbox 1916 781 2168 836; x_wconf 76' lang='lat' dir='ltr'><strong>nrzeerat,</strong></span> <span class='ocrx_word' id='word_1_69' title='bbox 2223 771 2532 840; x_wconf 85' lang='lat' dir='ltr'><strong>pecuniam,</strong></span> <span class='ocrx_word' id='word_1_70' title='bbox 2582 779 2638 822; x_wconf 92' lang='lat' dir='ltr'><strong>ut</strong></span> <span class='ocrx_word' id='word_1_71' title='bbox 2681 780 2915 837; x_wconf 85' lang='lat' dir='ltr'><strong>poterat,</strong></span> <span class='ocrx_word' id='word_1_72' title='bbox 2961 769 3237 832; x_wconf 73' lang='lat' dir='ltr'><strong>submisit,</strong></span> <span class='ocrx_word' id='word_1_73' title='bbox 3281 780 3391 822; x_wconf 88' lang='lat' dir='ltr'><strong>tum</strong></span> <span class='ocrx_word' id='word_1_74' title='bbox 3447 771 3514 823; x_wconf 83' lang='lat' dir='ltr'><strong>ad</strong></span> 
     </span>
    </p>
   </div>
   <div class='ocr_carea' id='block_1_14' title="bbox 1922 855 3522 932">
    <p class='ocr_par' dir='ltr' id='par_1_14' title="bbox 1922 855 3522 932">
     <span class='ocr_line' id='line_1_14' title="bbox 1922 855 3522 932; baseline 0.001 -17"><span class='ocrx_word' id='word_1_75' title='bbox 1922 864 2024 916; x_wconf 87' lang='lat' dir='ltr'><strong>alia</strong></span> <span class='ocrx_word' id='word_1_76' title='bbox 2054 865 2101 916; x_wconf 92' lang='lat' dir='ltr'><strong>ei</strong></span> <span class='ocrx_word' id='word_1_77' title='bbox 2142 855 2400 932; x_wconf 84' lang='lat' dir='ltr'><strong>obsequia</strong></span> <span class='ocrx_word' id='word_1_78' title='bbox 2435 875 2634 932; x_wconf 71' lang='lat' dir='ltr'><strong>prmsm</strong></span> <span class='ocrx_word' id='word_1_79' title='bbox 2665 863 2784 915; x_wconf 81' lang='lat' dir='ltr'><strong>fuit.</strong></span> <span class='ocrx_word' id='word_1_80' title='bbox 2826 862 2926 928; x_wconf 86' lang='lat' dir='ltr'><strong>Qui</strong></span> <span class='ocrx_word' id='word_1_81' title='bbox 2975 870 3094 928; x_wconf 84' lang='lat' dir='ltr'><strong>post</strong></span> <span class='ocrx_word' id='word_1_82' title='bbox 3149 861 3335 926; x_wconf 85' lang='lat' dir='ltr'><strong>etiam,</strong></span> <span class='ocrx_word' id='word_1_83' title='bbox 3368 871 3427 915; x_wconf 92' lang='lat' dir='ltr'><strong>ut</strong></span> <span class='ocrx_word' id='word_1_84' title='bbox 3451 862 3522 916; x_wconf 81' lang='lat' dir='ltr'><strong>ad</strong></span> 
     </span>
    </p>
   </div>
   <div class='ocr_carea' id='block_1_15' title="bbox 1925 951 3406 1022">
    <p class='ocr_par' dir='ltr' id='par_1_15' title="bbox 1925 951 3406 1022">
     <span class='ocr_line' id='line_1_15' title="bbox 1925 951 3406 1022; baseline -0.001 -16"><span class='ocrx_word' id='word_1_85' title='bbox 1925 954 2216 1020; x_wconf 87' lang='lat' dir='ltr'><strong>imperium</strong></span> <span class='ocrx_word' id='word_1_86' title='bbox 2253 956 2366 1008; x_wconf 67' lang='lat' dir='ltr'><strong>Isaac</strong></span> <span class='ocrx_word' id='word_1_87' title='bbox 2405 953 2627 1017; x_wconf 86' lang='lat' dir='ltr'><strong>rediret,</strong></span> <span class='ocrx_word' id='word_1_88' title='bbox 2659 953 2790 1006; x_wconf 84' lang='lat' dir='ltr'><strong>nihil</strong></span> <span class='ocrx_word' id='word_1_89' title='bbox 2825 968 2929 1006; x_wconf 91' lang='lat' dir='ltr'><strong>nou</strong></span> <span class='ocrx_word' id='word_1_90' title='bbox 2967 951 3117 1017; x_wconf 85' lang='lat' dir='ltr'><strong>fecit,</strong></span> <span class='ocrx_word' id='word_1_91' title='bbox 3153 952 3406 1022; x_wconf 88' lang='lat' dir='ltr'><strong>tulitque.</strong></span> 
     </span>
    </p>
   </div>
   <div class='ocr_carea' id='block_1_16' title="bbox 2533 675 3516 741">
    <p class='ocr_par' dir='ltr' id='par_1_16' title="bbox 2533 675 3516 741">
     <span class='ocr_line' id='line_1_16' title="bbox 2533 675 3516 741; baseline -0.004 -9"><span class='ocrx_word' id='word_1_92' title='bbox 2533 691 2782 741; x_wconf 85' lang='lat' dir='ltr'><strong>servans,</strong></span> <span class='ocrx_word' id='word_1_93' title='bbox 2844 692 2968 730; x_wconf 88' lang='lat' dir='ltr'><strong>cum</strong></span> <span class='ocrx_word' id='word_1_94' title='bbox 3032 691 3099 731; x_wconf 76' lang='lat' dir='ltr'><strong>ex</strong></span> <span class='ocrx_word' id='word_1_95' title='bbox 3156 675 3364 736; x_wconf 79' lang='lat' dir='ltr'><strong>Africa.</strong></span> <span class='ocrx_word' id='word_1_96' title='bbox 3427 677 3516 732; x_wconf 85' lang='lat' dir='ltr'><strong>cui</strong></span> 
     </span>
    </p>
   </div>
   <div class='ocr_carea' id='block_1_17' title="bbox 240 1044 3526 1122">
    <p class='ocr_par' dir='ltr' id='par_1_17' title="bbox 240 1044 3526 1122">
     <span class='ocr_line' id='line_1_17' title="bbox 240 1044 3526 1122; baseline -0.002 -17"><span class='ocrx_word' id='word_1_97' title='bbox 240 1054 328 1120; x_wconf 66' lang='grc' dir='ltr'>τὴν</span> <span class='ocrx_word' id='word_1_98' title='bbox 356 1050 512 1117; x_wconf 75' lang='grc' dir='ltr'>ἀλλην</span> <span class='ocrx_word' id='word_1_99' title='bbox 557 1051 719 1114; x_wconf 76' lang='grc' dir='ltr'>αὐτὸς</span> <span class='ocrx_word' id='word_1_100' title='bbox 757 1050 985 1105; x_wconf 74' lang='grc' dir='ltr'>ἔσπευδε</span> <span class='ocrx_word' id='word_1_101' title='bbox 1036 1051 1356 1120; x_wconf 74' lang='grc' dir='ltr'>θεραπείαν,</span> <span class='ocrx_word' id='word_1_102' title='bbox 1418 1050 1646 1122; x_wconf 73' lang='grc' dir='ltr'>ὕστερον</span> <span class='ocrx_word' id='word_1_103' title='bbox 1699 1050 1758 1103; x_wconf 81' lang='grc' dir='ltr'>δὲ</span> <span class='ocrx_word' id='word_1_104' title='bbox 1802 1048 1898 1103; x_wconf 76' lang='grc' dir='ltr'><strong>καὶ</strong></span> <span class='ocrx_word' id='word_1_105' title='bbox 1929 1051 2010 1113; x_wconf 82' lang='grc' dir='ltr'>εἰς</span> <span class='ocrx_word' id='word_1_106' title='bbox 2075 1049 2175 1120; x_wconf 79' lang='grc' dir='ltr'>τὴν</span> <span class='ocrx_word' id='word_1_107' title='bbox 2224 1050 2324 1120; x_wconf 83' lang='grc' dir='ltr'><strong>τῆς</strong></span> <span class='ocrx_word' id='word_1_108' title='bbox 2387 1047 2668 1120; x_wconf 79' lang='grc' dir='ltr'>βασιλείας</span> <span class='ocrx_word' id='word_1_109' title='bbox 2721 1045 2988 1118; x_wconf 79' lang='grc' dir='ltr'><strong>ἀνάληψιν</strong></span> <span class='ocrx_word' id='word_1_110' title='bbox 3033 1046 3250 1100; x_wconf 82' lang='grc' dir='ltr'>ᾶπαντα</span> <span class='ocrx_word' id='word_1_111' title='bbox 3299 1044 3526 1099; x_wconf 70' lang='grc' dir='ltr'>συνεϐά-</span> 
     </span>
    </p>
   </div>
   <div class='ocr_carea' id='block_1_18' title="bbox 248 1150 380 1202">
    <p class='ocr_par' dir='ltr' id='par_1_18' title="bbox 248 1150 380 1202">
     <span class='ocr_line' id='line_1_18' title="bbox 248 1150 380 1202; baseline 0.008 -1"><span class='ocrx_word' id='word_1_112' title='bbox 248 1150 380 1202; x_wconf 81' lang='grc' dir='ltr'>λετο.</span> 
     </span>
    </p>
   </div>
   <div class='ocr_carea' id='block_1_19' title="bbox 319 1233 1810 1313">
    <p class='ocr_par' dir='ltr' id='par_1_19' title="bbox 319 1233 1810 1313">
     <span class='ocr_line' id='line_1_19' title="bbox 319 1233 1810 1313; baseline 0.008 -18"><span class='ocrx_word' id='word_1_113' title='bbox 319 1246 424 1297; x_wconf 84' lang='grc' dir='ltr'>Ὀτι</span> <span class='ocrx_word' id='word_1_114' title='bbox 470 1233 726 1313; x_wconf 77' lang='grc' dir='ltr'>Ὁνώριος</span> <span class='ocrx_word' id='word_1_115' title='bbox 772 1241 1009 1311; x_wconf 81' lang='grc' dir='ltr'>ὑδερικῷ</span> <span class='ocrx_word' id='word_1_116' title='bbox 1065 1243 1337 1312; x_wconf 75' lang='grc' dir='ltr'>νοσήματι</span> <span class='ocrx_word' id='word_1_117' title='bbox 1377 1241 1542 1306; x_wconf 78' lang='grc' dir='ltr'>ἁλοὺς</span> <span class='ocrx_word' id='word_1_118' title='bbox 1597 1241 1704 1312; x_wconf 77' lang='grc' dir='ltr'><strong>πρδ</strong></span> <span class='ocrx_word' id='word_1_119' title='bbox 1753 1241 1810 1307; x_wconf 72' lang='grc' dir='ltr'><strong>ἒξ</strong></span> 
     </span>
    </p>
   </div>
   <div class='ocr_carea' id='block_1_20' title="bbox 255 1333 1798 1404">
    <p class='ocr_par' dir='ltr' id='par_1_20' title="bbox 255 1333 1798 1404">
     <span class='ocr_line' id='line_1_20' title="bbox 255 1333 1798 1404; baseline -0.002 -17"><span class='ocrx_word' id='word_1_120' title='bbox 255 1334 501 1388; x_wconf 77' lang='grc' dir='ltr'>καλανδῶν</span> <span class='ocrx_word' id='word_1_121' title='bbox 565 1333 958 1403; x_wconf 83' lang='grc' dir='ltr'>Σεπτεμϐρίων</span> <span class='ocrx_word' id='word_1_122' title='bbox 1004 1333 1270 1404; x_wconf 76' lang='grc' dir='ltr'>τελευτᾷ’</span> <span class='ocrx_word' id='word_1_123' title='bbox 1333 1334 1430 1386; x_wconf 75' lang='grc' dir='ltr'>καὶ</span> <span class='ocrx_word' id='word_1_124' title='bbox 1486 1334 1798 1403; x_wconf 85' lang='grc' dir='ltr'>πέμπονται</span> 
     </span>
    </p>
   </div>
   <div class='ocr_carea' id='block_1_21' title="bbox 251 1424 1810 1496">
    <p class='ocr_par' dir='ltr' id='par_1_21' title="bbox 251 1424 1810 1496">
     <span class='ocr_line' id='line_1_21' title="bbox 251 1424 1810 1496; baseline -0.002 -16"><span class='ocrx_word' id='word_1_125' title='bbox 251 1429 530 1496; x_wconf 73' lang='grc' dir='ltr'>γράμματα</span> <span class='ocrx_word' id='word_1_126' title='bbox 559 1426 694 1496; x_wconf 78' lang='grc' dir='ltr'>πρὸς</span> <span class='ocrx_word' id='word_1_127' title='bbox 719 1425 763 1457; x_wconf 86' lang='grc'><strong>³⁷</strong></span> <span class='ocrx_word' id='word_1_128' title='bbox 797 1426 898 1494; x_wconf 79' lang='grc' dir='ltr'>τὴν</span> <span class='ocrx_word' id='word_1_129' title='bbox 944 1425 1211 1495; x_wconf 81' lang='grc' dir='ltr'>ἀνατολὴν</span> <span class='ocrx_word' id='word_1_130' title='bbox 1233 1427 1324 1478; x_wconf 72' lang='grc' dir='ltr'><strong>τὸν</strong></span> <span class='ocrx_word' id='word_1_131' title='bbox 1349 1424 1617 1495; x_wconf 83' lang='grc' dir='ltr'>βασιλέως</span> <span class='ocrx_word' id='word_1_132' title='bbox 1645 1425 1810 1478; x_wconf 76' lang='grc' dir='ltr'>θάνα-</span> 
     </span>
    </p>
   </div>
   <div class='ocr_carea' id='block_1_22' title="bbox 244 1508 1813 1587">
    <p class='ocr_par' dir='ltr' id='par_1_22' title="bbox 244 1508 1813 1587">
     <span class='ocr_line' id='line_1_22' title="bbox 244 1508 1813 1587; baseline -0.001 -19"><span class='ocrx_word' id='word_1_133' title='bbox 244 1535 322 1569; x_wconf 85' lang='grc' dir='ltr'><strong>τον</strong></span> <span class='ocrx_word' id='word_1_134' title='bbox 358 1516 659 1584; x_wconf 80' lang='grc' dir='ltr'>μηνύοντα.</span> <span class='ocrx_word' id='word_1_135' title='bbox 695 1517 785 1569; x_wconf 89' lang='grc' dir='ltr'><strong>Ἐν</strong></span> <span class='ocrx_word' id='word_1_136' title='bbox 813 1508 858 1584; x_wconf 81' lang='grc' dir='ltr'>ᾧ</span> <span class='ocrx_word' id='word_1_137' title='bbox 883 1516 939 1569; x_wconf 78' lang='grc' dir='ltr'><strong>δὲ</strong></span> <span class='ocrx_word' id='word_1_138' title='bbox 972 1517 1148 1570; x_wconf 86' lang='grc' dir='ltr'>ταῦτα</span> <span class='ocrx_word' id='word_1_139' title='bbox 1181 1517 1514 1586; x_wconf 74' lang='grc' dir='ltr'>ἐπέμποντο,</span> <span class='ocrx_word' id='word_1_140' title='bbox 1556 1517 1813 1587; x_wconf 80' lang='grc' dir='ltr'>Ἰωάννης</span> 
     </span>
    </p>
   </div>
   <div class='ocr_carea' id='block_1_23' title="bbox 241 1605 1821 1681">
    <p class='ocr_par' dir='ltr' id='par_1_23' title="bbox 241 1605 1821 1681">
     <span class='ocr_line' id='line_1_23' title="bbox 241 1605 1821 1681; baseline 0.001 -20"><span class='ocrx_word' id='word_1_141' title='bbox 241 1626 313 1672; x_wconf 84' lang='grc' dir='ltr'><strong>τις</strong></span> <span class='ocrx_word' id='word_1_142' title='bbox 338 1609 681 1677; x_wconf 81' lang='grc' dir='ltr'>αύθεντήσας</span> <span class='ocrx_word' id='word_1_143' title='bbox 706 1613 982 1680; x_wconf 82' lang='grc' dir='ltr'>τυραννεῖ.</span> <span class='ocrx_word' id='word_1_144' title='bbox 1001 1605 1191 1680; x_wconf 75' lang='grc' dir='ltr'><strong>Ἐφόὗ</strong></span> <span class='ocrx_word' id='word_1_145' title='bbox 1214 1612 1310 1663; x_wconf 67' lang='grc' dir='ltr'><strong>καὶ</strong></span> <span class='ocrx_word' id='word_1_146' title='bbox 1333 1611 1431 1681; x_wconf 82' lang='grc' dir='ltr'><strong>τῆς</strong></span> <span class='ocrx_word' id='word_1_147' title='bbox 1460 1611 1821 1681; x_wconf 73' lang='grc' dir='ltr'>ἀναρρήσεως</span> 
     </span>
    </p>
   </div>
   <div class='ocr_carea' id='block_1_24' title="bbox 239 1701 1811 1774">
    <p class='ocr_par' dir='ltr' id='par_1_24' title="bbox 239 1701 1811 1774">
     <span class='ocr_line' id='line_1_24' title="bbox 239 1701 1811 1774; baseline 0.001 -21"><span class='ocrx_word' id='word_1_148' title='bbox 239 1701 523 1770; x_wconf 75' lang='grc' dir='ltr'>γινομένης</span> <span class='ocrx_word' id='word_1_149' title='bbox 552 1701 596 1732; x_wconf 83' lang='grc'><strong>³⁸</strong></span> <span class='ocrx_word' id='word_1_150' title='bbox 624 1701 831 1772; x_wconf 74' lang='grc' dir='ltr'>ἐρρήθη</span> <span class='ocrx_word' id='word_1_151' title='bbox 883 1702 1071 1774; x_wconf 82' lang='grc' dir='ltr'>ὥσπερ</span> <span class='ocrx_word' id='word_1_152' title='bbox 1120 1703 1228 1755; x_wconf 87' lang='grc' dir='ltr'><strong>ἀπό</strong></span> <span class='ocrx_word' id='word_1_153' title='bbox 1255 1719 1401 1764; x_wconf 86' lang='grc' dir='ltr'>τινος</span> <span class='ocrx_word' id='word_1_154' title='bbox 1448 1704 1811 1772; x_wconf 74' lang='grc' dir='ltr'>προρρήσεως</span> 
     </span>
    </p>
   </div>
   <div class='ocr_carea' id='block_1_25' title="bbox 239 1791 1817 1864">
    <p class='ocr_par' dir='ltr' id='par_1_25' title="bbox 239 1791 1817 1864">
     <span class='ocr_line' id='line_1_25' title="bbox 239 1791 1817 1864; baseline 0.002 -21"><span class='ocrx_word' id='word_1_155' title='bbox 239 1791 571 1862; x_wconf 74' lang='grc' dir='ltr'>προαχθέν³⁹ο</span> <span class='ocrx_word' id='word_1_156' title='bbox 595 1812 614 1844; x_wconf 77' lang='grc' dir='ltr'><strong>ι</strong></span> <span class='ocrx_word' id='word_1_157' title='bbox 630 1792 840 1854; x_wconf 81' lang='grc' dir='ltr'>Πίπτει,</span> <span class='ocrx_word' id='word_1_158' title='bbox 861 1795 922 1844; x_wconf 84' lang='grc' dir='ltr'><strong>ού</strong></span> <span class='ocrx_word' id='word_1_159' title='bbox 941 1795 1149 1862; x_wconf 54' lang='grc' dir='ltr'>στήκεμ</span> <span class='ocrx_word' id='word_1_160' title='bbox 1167 1814 1183 1846; x_wconf 75' lang='grc' dir='ltr'><strong>ι</strong></span> <span class='ocrx_word' id='word_1_161' title='bbox 1203 1794 1295 1846; x_wconf 70' lang='grc' dir='ltr'><strong>καὶ</strong></span> <span class='ocrx_word' id='word_1_162' title='bbox 1317 1795 1377 1846; x_wconf 74' lang='grc' dir='ltr'>τὸ</span> <span class='ocrx_word' id='word_1_163' title='bbox 1404 1794 1607 1863; x_wconf 78' lang='grc' dir='ltr'>πλῆθος</span> <span class='ocrx_word' id='word_1_164' title='bbox 1627 1793 1817 1864; x_wconf 81' lang='grc' dir='ltr'>ὥσπερ</span> 
     </span>
    </p>
   </div>
   <div class='ocr_carea' id='block_1_26' title="bbox 235 1880 1818 1954">
    <p class='ocr_par' dir='ltr' id='par_1_26' title="bbox 235 1880 1818 1954">
     <span class='ocr_line' id='line_1_26' title="bbox 235 1880 1818 1954; baseline 0.003 -22"><span class='ocrx_word' id='word_1_165' title='bbox 235 1880 556 1941; x_wconf 78' lang='grc' dir='ltr'>ἀναλύοντες</span> <span class='ocrx_word' id='word_1_166' title='bbox 569 1881 614 1913; x_wconf 71' lang='grc'>⁸⁸</span> <span class='ocrx_word' id='word_1_167' title='bbox 631 1882 723 1934; x_wconf 76' lang='grc' dir='ltr'>ἐπὶ</span> <span class='ocrx_word' id='word_1_168' title='bbox 740 1883 800 1934; x_wconf 79' lang='grc' dir='ltr'><strong>τὸ</strong></span> <span class='ocrx_word' id='word_1_169' title='bbox 829 1882 1049 1954; x_wconf 52' lang='grc' dir='ltr'><strong>ῥηθὲν⁵1</strong></span> <span class='ocrx_word' id='word_1_170' title='bbox 1074 1883 1443 1953; x_wconf 82' lang='grc' dir='ltr'>ἀναφωνοῦσι·</span> <span class='ocrx_word' id='word_1_171' title='bbox 1476 1885 1730 1954; x_wconf 72' lang='grc' dir='ltr'>(Στήκει,</span> <span class='ocrx_word' id='word_1_172' title='bbox 1755 1886 1818 1937; x_wconf 83' lang='grc' dir='ltr'><strong>ού</strong></span> 
     </span>
    </p>
   </div>
   <div class='ocr_carea' id='block_1_27' title="bbox 238 1990 476 2025">
    <p class='ocr_par' dir='ltr' id='par_1_27' title="bbox 238 1990 476 2025">
     <span class='ocr_line' id='line_1_27' title="bbox 238 1990 476 2025; baseline 0 0"><span class='ocrx_word' id='word_1_173' title='bbox 238 1990 476 2025; x_wconf 76' lang='grc' dir='ltr'>πιπτει.»</span> 
     </span>
    </p>
   </div>
   <div class='ocr_carea' id='block_1_28' title="bbox 304 2062 1832 2138">
    <p class='ocr_par' dir='ltr' id='par_1_28' title="bbox 304 2062 1832 2138">
     <span class='ocr_line' id='line_1_28' title="bbox 304 2062 1832 2138; baseline 0.003 -24"><span class='ocrx_word' id='word_1_174' title='bbox 304 2066 426 2117; x_wconf 85' lang='grc' dir='ltr'><strong>Ὀτι</strong></span> <span class='ocrx_word' id='word_1_175' title='bbox 459 2065 803 2134; x_wconf 76' lang='grc' dir='ltr'>Βονηφάτιος</span> <span class='ocrx_word' id='word_1_176' title='bbox 843 2067 986 2137; x_wconf 81' lang='grc' dir='ltr'>ἀνὴρ</span> <span class='ocrx_word' id='word_1_177' title='bbox 1009 2062 1077 2138; x_wconf 77' lang='grc' dir='ltr'>ἦν</span> <span class='ocrx_word' id='word_1_178' title='bbox 1098 2067 1358 2138; x_wconf 74' lang='grc' dir='ltr'>ἡρωϊκὸς,</span> <span class='ocrx_word' id='word_1_179' title='bbox 1405 2067 1498 2121; x_wconf 71' lang='grc' dir='ltr'>καὶ</span> <span class='ocrx_word' id='word_1_180' title='bbox 1536 2068 1678 2120; x_wconf 85' lang='grc' dir='ltr'><strong>κατά</strong></span> <span class='ocrx_word' id='word_1_181' title='bbox 1703 2067 1832 2121; x_wconf 84' lang='grc' dir='ltr'>πο).-</span> 
     </span>
    </p>
   </div>
   <div class='ocr_carea' id='block_1_29' title="bbox 234 2157 1830 2233">
    <p class='ocr_par' dir='ltr' id='par_1_29' title="bbox 234 2157 1830 2233">
     <span class='ocr_line' id='line_1_29' title="bbox 234 2157 1830 2233; baseline 0.003 -24"><span class='ocrx_word' id='word_1_182' title='bbox 234 2157 338 2209; x_wconf 80' lang='grc' dir='ltr'><strong>λῶν</strong></span> <span class='ocrx_word' id='word_1_183' title='bbox 389 2157 658 2222; x_wconf 83' lang='grc' dir='ltr'>πολλάκις</span> <span class='ocrx_word' id='word_1_184' title='bbox 708 2159 1000 2230; x_wconf 81' lang='grc' dir='ltr'>βαρϐάρων</span> <span class='ocrx_word' id='word_1_185' title='bbox 1066 2161 1424 2230; x_wconf 75' lang='grc' dir='ltr'>ἠρίστευσεν,</span> <span class='ocrx_word' id='word_1_186' title='bbox 1477 2162 1669 2215; x_wconf 81' lang='grc' dir='ltr'>ἄλλοτε</span> <span class='ocrx_word' id='word_1_187' title='bbox 1731 2163 1830 2233; x_wconf 83' lang='grc' dir='ltr'><strong>μὲν</strong></span> 
     </span>
    </p>
   </div>
   <div class='ocr_carea' id='block_1_30' title="bbox 236 2250 1830 2321">
    <p class='ocr_par' dir='ltr' id='par_1_30' title="bbox 236 2250 1830 2321">
     <span class='ocr_line' id='line_1_30' title="bbox 236 2250 1830 2321; baseline 0.001 -19"><span class='ocrx_word' id='word_1_188' title='bbox 236 2252 330 2302; x_wconf 70' lang='grc' dir='ltr'><strong>σὺν</strong></span> <span class='ocrx_word' id='word_1_189' title='bbox 375 2250 586 2315; x_wconf 79' lang='grc' dir='ltr'>ὀλίγοις</span> <span class='ocrx_word' id='word_1_190' title='bbox 610 2251 996 2321; x_wconf 87' lang='grc' dir='ltr'>ἐπερχόμενος,</span> <span class='ocrx_word' id='word_1_191' title='bbox 1020 2251 1215 2306; x_wconf 85' lang='grc' dir='ltr'>ἄλλοτε</span> <span class='ocrx_word' id='word_1_192' title='bbox 1239 2252 1296 2304; x_wconf 83' lang='grc' dir='ltr'><strong>δὲ</strong></span> <span class='ocrx_word' id='word_1_193' title='bbox 1321 2252 1418 2305; x_wconf 68' lang='grc' dir='ltr'><strong>καὶ</strong></span> <span class='ocrx_word' id='word_1_194' title='bbox 1444 2254 1541 2305; x_wconf 78' lang='grc' dir='ltr'><strong>σὺν</strong></span> <span class='ocrx_word' id='word_1_195' title='bbox 1565 2252 1830 2314; x_wconf 86' lang='grc' dir='ltr'>πλείοσιν,</span> 
     </span>
    </p>
   </div>
   <div class='ocr_carea' id='block_1_31' title="bbox 237 2342 1835 2414">
    <p class='ocr_par' dir='ltr' id='par_1_31' title="bbox 237 2342 1835 2414">
     <span class='ocr_line' id='line_1_31' title="bbox 237 2342 1835 2414; baseline 0.001 -20"><span class='ocrx_word' id='word_1_196' title='bbox 237 2342 400 2395; x_wconf 84' lang='grc' dir='ltr'>ἐνίοτε</span> <span class='ocrx_word' id='word_1_197' title='bbox 427 2343 490 2396; x_wconf 83' lang='grc' dir='ltr'>δὲ</span> <span class='ocrx_word' id='word_1_198' title='bbox 522 2345 616 2396; x_wconf 80' lang='grc' dir='ltr'><strong>καὶ</strong></span> <span class='ocrx_word' id='word_1_199' title='bbox 650 2343 974 2414; x_wconf 83' lang='grc' dir='ltr'>μονομαχῶν</span> <span class='ocrx_word' id='word_1_200' title='bbox 996 2360 1008 2372; x_wconf 89' lang='grc'><strong>·</strong></span> <span class='ocrx_word' id='word_1_201' title='bbox 1034 2346 1130 2396; x_wconf 70' lang='grc' dir='ltr'><strong>καὶ</strong></span> <span class='ocrx_word' id='word_1_202' title='bbox 1175 2342 1362 2407; x_wconf 83' lang='grc' dir='ltr'>ἁπλῶς</span> <span class='ocrx_word' id='word_1_203' title='bbox 1413 2346 1612 2408; x_wconf 78' lang='grc' dir='ltr'>εἰπεῖν,</span> <span class='ocrx_word' id='word_1_204' title='bbox 1669 2345 1835 2397; x_wconf 74' lang='grc' dir='ltr'>παντὶ</span> 
     </span>
    </p>
   </div>
   <div class='ocr_carea' id='block_1_32' title="bbox 233 2433 1835 2505">
    <p class='ocr_par' dir='ltr' id='par_1_32' title="bbox 233 2433 1835 2505">
     <span class='ocr_line' id='line_1_32' title="bbox 233 2433 1835 2505; baseline -0.001 -19"><span class='ocrx_word' id='word_1_205' title='bbox 435 2434 657 2486; x_wconf 81' lang='grc' dir='ltr'>πολλῶν</span> <span class='ocrx_word' id='word_1_206' title='bbox 688 2433 983 2504; x_wconf 83' lang='grc' dir='ltr'>βαρϐάρων</span> <span class='ocrx_word' id='word_1_207' title='bbox 1016 2434 1111 2486; x_wconf 71' lang='grc' dir='ltr'><strong>καὶ</strong></span> <span class='ocrx_word' id='word_1_208' title='bbox 1143 2434 1418 2505; x_wconf 82' lang='grc' dir='ltr'>διαφόρων</span> <span class='ocrx_word' id='word_1_209' title='bbox 1445 2434 1618 2488; x_wconf 82' lang='grc' dir='ltr'>ἐθνῶν</span> <span class='ocrx_word' id='word_1_210' title='bbox 1660 2435 1835 2504; x_wconf 72' lang='grc' dir='ltr'>ἀπήλο</span> 
     </span>
    </p>
   </div>
   <div class='ocr_carea' id='block_1_33' title="bbox 235 2517 1839 2594">
    <p class='ocr_par' dir='ltr' id='par_1_33' title="bbox 235 2517 1839 2594">
     <span class='ocr_line' id='line_1_33' title="bbox 235 2517 1839 2594; baseline 0.002 -23"><span class='ocrx_word' id='word_1_211' title='bbox 235 2520 355 2583; x_wconf 82' lang='grc' dir='ltr'>λαξε</span> <span class='ocrx_word' id='word_1_212' title='bbox 386 2521 496 2589; x_wconf 81' lang='grc' dir='ltr'>τὴν</span> <span class='ocrx_word' id='word_1_213' title='bbox 527 2522 818 2591; x_wconf 73' lang='grc' dir='ltr'>Ἀφρικὴν.</span> <span class='ocrx_word' id='word_1_214' title='bbox 857 2517 966 2574; x_wconf 83' lang='grc' dir='ltr'>Ἦν</span> <span class='ocrx_word' id='word_1_215' title='bbox 989 2521 1046 2574; x_wconf 86' lang='grc' dir='ltr'>δὲ</span> <span class='ocrx_word' id='word_1_216' title='bbox 1075 2523 1170 2574; x_wconf 79' lang='grc' dir='ltr'><strong>καὶ</strong></span> <span class='ocrx_word' id='word_1_217' title='bbox 1202 2522 1558 2593; x_wconf 76' lang='grc' dir='ltr'>δικαιοσύνης</span> <span class='ocrx_word' id='word_1_218' title='bbox 1599 2523 1839 2594; x_wconf 80' lang='grc' dir='ltr'>ἐραστὴς</span> 
     </span>
    </p>
   </div>
   <div class='ocr_carea' id='block_1_34' title="bbox 235 2612 1840 2686">
    <p class='ocr_par' dir='ltr' id='par_1_34' title="bbox 235 2612 1840 2686">
     <span class='ocr_line' id='line_1_34' title="bbox 235 2612 1840 2686; baseline 0.004 -24"><span class='ocrx_word' id='word_1_219' title='bbox 235 2612 324 2663; x_wconf 74' lang='grc' dir='ltr'>καὶ</span> <span class='ocrx_word' id='word_1_220' title='bbox 381 2614 693 2681; x_wconf 83' lang='grc' dir='ltr'>χρημάτων</span> <span class='ocrx_word' id='word_1_221' title='bbox 737 2614 1027 2684; x_wconf 85' lang='grc' dir='ltr'>κρείττων.</span> <span class='ocrx_word' id='word_1_222' title='bbox 1064 2615 1352 2685; x_wconf 86' lang='grc' dir='ltr'>Ἐπράχθη</span> <span class='ocrx_word' id='word_1_223' title='bbox 1390 2614 1444 2668; x_wconf 79' lang='grc' dir='ltr'>δὲ</span> <span class='ocrx_word' id='word_1_224' title='bbox 1481 2615 1630 2686; x_wconf 84' lang='grc' dir='ltr'>αῦτῷ</span> <span class='ocrx_word' id='word_1_225' title='bbox 1661 2615 1756 2669; x_wconf 84' lang='grc' dir='ltr'><strong>καί</strong></span> <span class='ocrx_word' id='word_1_226' title='bbox 1786 2633 1840 2668; x_wconf 90' lang='grc' dir='ltr'><strong>τι</strong></span> 
     </span>
    </p>
   </div>
   <div class='ocr_carea' id='block_1_35' title="bbox 233 2703 1842 2777">
    <p class='ocr_par' dir='ltr' id='par_1_35' title="bbox 233 2703 1842 2777">
     <span class='ocr_line' id='line_1_35' title="bbox 233 2703 1842 2777; baseline 0.004 -23"><span class='ocrx_word' id='word_1_227' title='bbox 233 2703 497 2757; x_wconf 70' lang='grc' dir='ltr'><strong>⁴τοιοῦτον·</strong></span> <span class='ocrx_word' id='word_1_228' title='bbox 531 2706 698 2777; x_wconf 78' lang='grc' dir='ltr'>’Δνήρ</span> <span class='ocrx_word' id='word_1_229' title='bbox 723 2723 807 2769; x_wconf 86' lang='grc' dir='ltr'><strong>τις</strong></span> <span class='ocrx_word' id='word_1_230' title='bbox 826 2707 1107 2776; x_wconf 84' lang='grc' dir='ltr'>ἄγροικος,</span> <span class='ocrx_word' id='word_1_231' title='bbox 1139 2706 1280 2777; x_wconf 80' lang='grc' dir='ltr'>ἔχων</span> <span class='ocrx_word' id='word_1_232' title='bbox 1298 2706 1568 2760; x_wconf 81' lang='grc' dir='ltr'>ἀνθοῦσαν</span> <span class='ocrx_word' id='word_1_233' title='bbox 1605 2711 1842 2776; x_wconf 83' lang='grc' dir='ltr'>γυναῖκα</span> 
     </span>
    </p>
   </div>
   <div class='ocr_carea' id='block_1_36' title="bbox 237 2797 1842 2871">
    <p class='ocr_par' dir='ltr' id='par_1_36' title="bbox 237 2797 1842 2871">
     <span class='ocr_line' id='line_1_36' title="bbox 237 2797 1842 2871; baseline 0.003 -25"><span class='ocrx_word' id='word_1_234' title='bbox 237 2798 331 2864; x_wconf 71' lang='grc' dir='ltr'><strong>τὴν</strong></span> <span class='ocrx_word' id='word_1_235' title='bbox 376 2797 539 2866; x_wconf 82' lang='grc' dir='ltr'>ὤραν</span> <span class='ocrx_word' id='word_1_236' title='bbox 573 2836 590 2861; x_wconf 94' lang='grc'><strong>,</strong></span> <span class='ocrx_word' id='word_1_237' title='bbox 654 2798 759 2850; x_wconf 76' lang='grc' dir='ltr'><strong>ὑπό</strong></span> <span class='ocrx_word' id='word_1_238' title='bbox 805 2816 951 2861; x_wconf 83' lang='grc' dir='ltr'>τινος</span> <span class='ocrx_word' id='word_1_239' title='bbox 1018 2797 1124 2850; x_wconf 85' lang='grc' dir='ltr'>τῶν</span> <span class='ocrx_word' id='word_1_240' title='bbox 1180 2799 1486 2868; x_wconf 84' lang='grc' dir='ltr'>συμμάχων</span> <span class='ocrx_word' id='word_1_241' title='bbox 1546 2798 1842 2871; x_wconf 82' lang='grc' dir='ltr'>βαρϐάρων</span> 
     </span>
    </p>
   </div>
   <div class='ocr_carea' id='block_1_37' title="bbox 237 2889 1842 2963">
    <p class='ocr_par' dir='ltr' id='par_1_37' title="bbox 237 2889 1842 2963">
     <span class='ocr_line' id='line_1_37' title="bbox 237 2889 1842 2963; baseline 0.001 -21"><span class='ocrx_word' id='word_1_242' title='bbox 237 2889 566 2959; x_wconf 80' lang='grc' dir='ltr'>ἐμοιχεύετο</span> <span class='ocrx_word' id='word_1_243' title='bbox 603 2891 669 2944; x_wconf 64' lang='grc' dir='ltr'><strong>δ’.</strong></span> <span class='ocrx_word' id='word_1_244' title='bbox 726 2894 911 2943; x_wconf 84' lang='grc' dir='ltr'>Δεῖται</span> <span class='ocrx_word' id='word_1_245' title='bbox 952 2893 1242 2961; x_wconf 77' lang='grc' dir='ltr'>τοιγαροῦν</span> <span class='ocrx_word' id='word_1_246' title='bbox 1291 2892 1636 2962; x_wconf 84' lang='grc' dir='ltr'>Βονηφατίου</span> <span class='ocrx_word' id='word_1_247' title='bbox 1670 2934 1684 2957; x_wconf 86' lang='grc'><strong>,</strong></span> <span class='ocrx_word' id='word_1_248' title='bbox 1744 2892 1842 2963; x_wconf 83' lang='grc' dir='ltr'>τὴν</span> 
     </span>
    </p>
   </div>
   <div class='ocr_carea' id='block_1_38' title="bbox 239 2979 1844 3055">
    <p class='ocr_par' dir='ltr' id='par_1_38' title="bbox 239 2979 1844 3055">
     <span class='ocr_line' id='line_1_38' title="bbox 239 2979 1844 3055; baseline 0.004 -24"><span class='ocrx_word' id='word_1_249' title='bbox 239 2979 392 3050; x_wconf 76' lang='grc' dir='ltr'>ῦϐριν</span> <span class='ocrx_word' id='word_1_250' title='bbox 438 2981 868 3052; x_wconf 72' lang='grc' dir='ltr'>ὀλοφυρόμενος.</span> <span class='ocrx_word' id='word_1_251' title='bbox 916 2984 974 3036; x_wconf 85' lang='grc' dir='ltr'><strong>Ὀ</strong></span> <span class='ocrx_word' id='word_1_252' title='bbox 1029 2984 1086 3036; x_wconf 77' lang='grc' dir='ltr'>δὲ</span> <span class='ocrx_word' id='word_1_253' title='bbox 1133 2984 1468 3053; x_wconf 67' lang='grc' dir='ltr'>Βονηςράτιος</span> <span class='ocrx_word' id='word_1_254' title='bbox 1525 2986 1713 3055; x_wconf 85' lang='grc' dir='ltr'>μαθὼν</span> <span class='ocrx_word' id='word_1_255' title='bbox 1782 2986 1844 3038; x_wconf 79' lang='grc' dir='ltr'>τὸ</span> 
     </span>
    </p>
   </div>
   <div class='ocr_carea' id='block_1_39' title="bbox 1847 1745 1888 1798">
    <p class='ocr_par' dir='ltr' id='par_1_39' title="bbox 1847 1745 1888 1798">
     <span class='ocr_line' id='line_1_39' title="bbox 1847 1745 1888 1798; baseline -0.024 0"><span class='ocrx_word' id='word_1_256' title='bbox 1847 1745 1888 1798; x_wconf 74' lang='grc' dir='ltr'><strong>Β</strong></span> 
     </span>
    </p>
   </div>
   <div class='ocr_carea' id='block_1_40' title="bbox 1995 1233 3518 1305">
    <p class='ocr_par' dir='ltr' id='par_1_40' title="bbox 1995 1233 3518 1305">
     <span class='ocr_line' id='line_1_40' title="bbox 1995 1233 3518 1305; baseline -0.002 -14"><span class='ocrx_word' id='word_1_257' title='bbox 1995 1235 2265 1291; x_wconf 87' lang='lat' dir='ltr'><strong>Honorius</strong></span> <span class='ocrx_word' id='word_1_258' title='bbox 2291 1249 2444 1305; x_wconf 69' lang='lat' dir='ltr'><strong>aquae</strong></span> <span class='ocrx_word' id='word_1_259' title='bbox 2481 1233 2766 1288; x_wconf 86' lang='lat' dir='ltr'><strong>intercutis</strong></span> <span class='ocrx_word' id='word_1_260' title='bbox 2813 1233 3002 1288; x_wconf 89' lang='lat' dir='ltr'><strong>morbo</strong></span> <span class='ocrx_word' id='word_1_261' title='bbox 3032 1242 3341 1302; x_wconf 89' lang='lat' dir='ltr'><strong>correptus,</strong></span> <span class='ocrx_word' id='word_1_262' title='bbox 3391 1244 3518 1288; x_wconf 88' lang='lat' dir='ltr'><strong>ante</strong></span> 
     </span>
    </p>
   </div>
   <div class='ocr_carea' id='block_1_41' title="bbox 1923 1323 3520 1396">
    <p class='ocr_par' dir='ltr' id='par_1_41' title="bbox 1923 1323 3520 1396">
     <span class='ocr_line' id='line_1_41' title="bbox 1923 1323 3520 1396; baseline 0.001 -19"><span class='ocrx_word' id='word_1_263' title='bbox 1923 1327 2064 1380; x_wconf 90' lang='lat' dir='ltr'><strong>diem</strong></span> <span class='ocrx_word' id='word_1_264' title='bbox 2110 1341 2159 1378; x_wconf 87' lang='lat' dir='ltr'><strong>vt</strong></span> <span class='ocrx_word' id='word_1_265' title='bbox 2192 1323 2312 1378; x_wconf 84' lang='lat' dir='ltr'><strong>Kal.</strong></span> <span class='ocrx_word' id='word_1_266' title='bbox 2365 1326 2642 1393; x_wconf 84' lang='lat' dir='ltr'><strong>Septemb.</strong></span> <span class='ocrx_word' id='word_1_267' title='bbox 2678 1323 2788 1396; x_wconf 75' lang='lat'><strong>(58)</strong></span> <span class='ocrx_word' id='word_1_268' title='bbox 2818 1325 2982 1378; x_wconf 82' lang='lat' dir='ltr'><strong>vitam</strong></span> <span class='ocrx_word' id='word_1_269' title='bbox 3021 1323 3178 1389; x_wconf 77' lang='lat' dir='ltr'><strong>finiit,</strong></span> <span class='ocrx_word' id='word_1_270' title='bbox 3226 1325 3520 1394; x_wconf 78' lang='lat' dir='ltr'><strong>misszeque</strong></span> 
     </span>
    </p>
   </div>
   <div class='ocr_carea' id='block_1_42' title="bbox 1929 1405 3510 1487">
    <p class='ocr_par' dir='ltr' id='par_1_42' title="bbox 1929 1405 3510 1487">
     <span class='ocr_line' id='line_1_42' title="bbox 1929 1405 3510 1487; baseline -0.001 -15"><span class='ocrx_word' id='word_1_271' title='bbox 1929 1420 1982 1472; x_wconf 94' lang='lat' dir='ltr'><strong>in</strong></span> <span class='ocrx_word' id='word_1_272' title='bbox 2025 1418 2374 1472; x_wconf 76' lang='lat' dir='ltr'><strong>Occidentem</strong></span> <span class='ocrx_word' id='word_1_273' title='bbox 2401 1417 2615 1481; x_wconf 68' lang='lat' dir='ltr'><strong>litterae,</strong></span> <span class='ocrx_word' id='word_1_274' title='bbox 2649 1417 2876 1487; x_wconf 78' lang='lat' dir='ltr'><strong>Augusti</strong></span> <span class='ocrx_word' id='word_1_275' title='bbox 2908 1425 3139 1471; x_wconf 90' lang='lat' dir='ltr'><strong>mortem</strong></span> <span class='ocrx_word' id='word_1_276' title='bbox 3171 1405 3510 1471; x_wconf 76' lang='lat' dir='ltr'><strong>nuntiantes.</strong></span> 
     </span>
    </p>
   </div>
   <div class='ocr_carea' id='block_1_43' title="bbox 1930 1507 3527 1579">
    <p class='ocr_par' dir='ltr' id='par_1_43' title="bbox 1930 1507 3527 1579">
     <span class='ocr_line' id='line_1_43' title="bbox 1930 1507 3527 1579; baseline 0.001 -17"><span class='ocrx_word' id='word_1_277' title='bbox 1930 1511 2211 1578; x_wconf 64' lang='lat' dir='ltr'><strong>Quaedam</strong></span> <span class='ocrx_word' id='word_1_278' title='bbox 2249 1511 2392 1564; x_wconf 89' lang='lat' dir='ltr'><strong>ultro</strong></span> <span class='ocrx_word' id='word_1_279' title='bbox 2442 1510 2692 1578; x_wconf 88' lang='lat' dir='ltr'><strong>citroque</strong></span> <span class='ocrx_word' id='word_1_280' title='bbox 2749 1510 3060 1574; x_wconf 86' lang='lat' dir='ltr'><strong>mittuntur,</strong></span> <span class='ocrx_word' id='word_1_281' title='bbox 3115 1507 3359 1565; x_wconf 80' lang='lat' dir='ltr'><strong>Joannes</strong></span> <span class='ocrx_word' id='word_1_282' title='bbox 3406 1513 3527 1579; x_wconf 90' lang='lat' dir='ltr'><strong>qui-</strong></span> 
     </span>
    </p>
   </div>
   <div class='ocr_carea' id='block_1_44' title="bbox 1931 1601 3525 1674">
    <p class='ocr_par' dir='ltr' id='par_1_44' title="bbox 1931 1601 3525 1674">
     <span class='ocr_line' id='line_1_44' title="bbox 1931 1601 3525 1674; baseline -0.002 -17"><span class='ocrx_word' id='word_1_283' title='bbox 1931 1606 2054 1657; x_wconf 87' lang='lat' dir='ltr'><strong>dam</strong></span> <span class='ocrx_word' id='word_1_284' title='bbox 2108 1603 2456 1674; x_wconf 81' lang='lat' dir='ltr'><strong>tyrannidem</strong></span> <span class='ocrx_word' id='word_1_285' title='bbox 2510 1603 2818 1672; x_wconf 81' lang='lat' dir='ltr'><strong>occupavit,</strong></span> <span class='ocrx_word' id='word_1_286' title='bbox 2869 1611 3030 1670; x_wconf 87' lang='lat' dir='ltr'><strong>atque</strong></span> <span class='ocrx_word' id='word_1_287' title='bbox 3062 1601 3180 1671; x_wconf 80' lang='lat' dir='ltr'><strong>ejus</strong></span> <span class='ocrx_word' id='word_1_288' title='bbox 3229 1601 3525 1672; x_wconf 71' lang='lat' dir='ltr'><strong>inaugura-</strong></span> 
     </span>
    </p>
   </div>
   <div class='ocr_carea' id='block_1_45' title="bbox 1932 1693 3527 1765">
    <p class='ocr_par' dir='ltr' id='par_1_45' title="bbox 1932 1693 3527 1765">
     <span class='ocr_line' id='line_1_45' title="bbox 1932 1693 3527 1765; baseline -0.003 -15"><span class='ocrx_word' id='word_1_289' title='bbox 1932 1699 2077 1750; x_wconf 89' lang='lat' dir='ltr'><strong>tione</strong></span> <span class='ocrx_word' id='word_1_290' title='bbox 2108 1696 2341 1765; x_wconf 88' lang='lat' dir='ltr'><strong>imperii,</strong></span> <span class='ocrx_word' id='word_1_291' title='bbox 2393 1706 2649 1763; x_wconf 89' lang='lat' dir='ltr'><strong>tanquam</strong></span> <span class='ocrx_word' id='word_1_292' title='bbox 2683 1695 2750 1748; x_wconf 89' lang='lat' dir='ltr'><strong>ab</strong></span> <span class='ocrx_word' id='word_1_293' title='bbox 2798 1694 2984 1763; x_wconf 86' lang='lat' dir='ltr'><strong>aliquo</strong></span> <span class='ocrx_word' id='word_1_294' title='bbox 3022 1693 3218 1748; x_wconf 75' lang='lat' dir='ltr'><strong>futura:</strong></span> <span class='ocrx_word' id='word_1_295' title='bbox 3269 1694 3348 1747; x_wconf 85' lang='lat' dir='ltr'><strong>rei</strong></span> <span class='ocrx_word' id='word_1_296' title='bbox 3395 1709 3527 1748; x_wconf 84' lang='lat' dir='ltr'><strong>ora-</strong></span> 
     </span>
    </p>
   </div>
   <div class='ocr_carea' id='block_1_46' title="bbox 1929 1784 3518 1856">
    <p class='ocr_par' dir='ltr' id='par_1_46' title="bbox 1929 1784 3518 1856">
     <span class='ocr_line' id='line_1_46' title="bbox 1929 1784 3518 1856; baseline -0.001 -16"><span class='ocrx_word' id='word_1_297' title='bbox 1929 1786 2051 1840; x_wconf 85' lang='lat' dir='ltr'><strong>culo</strong></span> <span class='ocrx_word' id='word_1_298' title='bbox 2081 1825 2096 1850; x_wconf 93' lang='lat'><strong>,</strong></span> <span class='ocrx_word' id='word_1_299' title='bbox 2127 1785 2330 1853; x_wconf 84' lang='lat' dir='ltr'><strong>jactum</strong></span> <span class='ocrx_word' id='word_1_300' title='bbox 2359 1796 2443 1839; x_wconf 89' lang='lat' dir='ltr'><strong>est</strong></span> <span class='ocrx_word' id='word_1_301' title='bbox 2472 1803 2484 1840; x_wconf 91' lang='lat'>:</span> <span class='ocrx_word' id='word_1_302' title='bbox 2527 1803 2545 1836; x_wconf 79' lang='grc' dir='ltr'><strong>ι</strong></span> <span class='ocrx_word' id='word_1_303' title='bbox 2582 1785 2760 1848; x_wconf 88' lang='lat' dir='ltr'><strong>Cadit,</strong></span> <span class='ocrx_word' id='word_1_304' title='bbox 2789 1801 2899 1840; x_wconf 92' lang='lat' dir='ltr'><strong>non</strong></span> <span class='ocrx_word' id='word_1_305' title='bbox 2934 1794 3075 1852; x_wconf 81' lang='lat' dir='ltr'><strong>stat;</strong></span> <span class='ocrx_word' id='word_1_306' title='bbox 3115 1803 3134 1837; x_wconf 71' lang='grc' dir='ltr'><strong>ι</strong></span> <span class='ocrx_word' id='word_1_307' title='bbox 3166 1785 3307 1855; x_wconf 85' lang='lat' dir='ltr'><strong>quod</strong></span> <span class='ocrx_word' id='word_1_308' title='bbox 3333 1784 3518 1856; x_wconf 79' lang='lat' dir='ltr'><strong>vulgus</strong></span> 
     </span>
    </p>
   </div>
   <div class='ocr_carea' id='block_1_47' title="bbox 1929 1877 2904 1932">
    <p class='ocr_par' dir='ltr' id='par_1_47' title="bbox 1929 1877 2904 1932">
     <span class='ocr_line' id='line_1_47' title="bbox 1929 1877 2904 1932; baseline -0.001 -2"><span class='ocrx_word' id='word_1_309' title='bbox 1929 1880 2133 1932; x_wconf 90' lang='lat' dir='ltr'><strong>dictum</strong></span> <span class='ocrx_word' id='word_1_310' title='bbox 2189 1877 2466 1932; x_wconf 80' lang='lat' dir='ltr'><strong>inverteus</strong></span> <span class='ocrx_word' id='word_1_311' title='bbox 2524 1877 2904 1931; x_wconf 66' lang='lat' dir='ltr'><strong>esi-lamabat:</strong></span> 
     </span>
    </p>
   </div>
   <div class='ocr_carea' id='block_1_48' title="bbox 1931 1972 2086 2026">
    <p class='ocr_par' dir='ltr' id='par_1_48' title="bbox 1931 1972 2086 2026">
     <span class='ocr_line' id='line_1_48' title="bbox 1931 1972 2086 2026; baseline -0.026 0"><span class='ocrx_word' id='word_1_312' title='bbox 1931 1972 2031 2026; x_wconf 86' lang='lat' dir='ltr'><strong>tlit.</strong></span> <span class='ocrx_word' id='word_1_313' title='bbox 2068 1990 2086 2022; x_wconf 72' lang='grc' dir='ltr'><strong>ι</strong></span> 
     </span>
    </p>
   </div>
   <div class='ocr_carea' id='block_1_49' title="bbox 2969 1877 3528 1933">
    <p class='ocr_par' dir='ltr' id='par_1_49' title="bbox 2969 1877 3528 1933">
     <span class='ocr_line' id='line_1_49' title="bbox 2969 1877 3528 1933; baseline 0.002 -5"><span class='ocrx_word' id='word_1_314' title='bbox 2969 1895 2987 1928; x_wconf 77' lang='grc' dir='ltr'><strong>ι</strong></span> <span class='ocrx_word' id='word_1_315' title='bbox 3053 1877 3214 1933; x_wconf 88' lang='lat' dir='ltr'><strong>Stat.</strong></span> <span class='ocrx_word' id='word_1_316' title='bbox 3273 1892 3378 1930; x_wconf 91' lang='lat' dir='ltr'><strong>non</strong></span> <span class='ocrx_word' id='word_1_317' title='bbox 3437 1892 3528 1929; x_wconf 88' lang='lat' dir='ltr'><strong>ca-</strong></span> 
     </span>
    </p>
   </div>
   <div class='ocr_carea' id='block_1_50' title="bbox 2004 2062 3525 2134">
    <p class='ocr_par' dir='ltr' id='par_1_50' title="bbox 2004 2062 3525 2134">
     <span class='ocr_line' id='line_1_50' title="bbox 2004 2062 3525 2134; baseline -0.001 -19"><span class='ocrx_word' id='word_1_318' title='bbox 2004 2062 2314 2117; x_wconf 86' lang='lat' dir='ltr'><strong>Bonifacius</strong></span> <span class='ocrx_word' id='word_1_319' title='bbox 2347 2062 2461 2134; x_wconf 75' lang='lat'><strong>(5&#39;9)</strong></span> <span class='ocrx_word' id='word_1_320' title='bbox 2501 2063 2584 2116; x_wconf 91' lang='lat' dir='ltr'><strong>vir</strong></span> <span class='ocrx_word' id='word_1_321' title='bbox 2618 2074 2740 2118; x_wconf 88' lang='lat' dir='ltr'><strong>erat</strong></span> <span class='ocrx_word' id='word_1_322' title='bbox 2778 2064 3056 2127; x_wconf 85' lang='lat' dir='ltr'><strong>heroicus,</strong></span> <span class='ocrx_word' id='word_1_323' title='bbox 3086 2063 3178 2132; x_wconf 90' lang='lat' dir='ltr'><strong>qui</strong></span> <span class='ocrx_word' id='word_1_324' title='bbox 3208 2078 3334 2118; x_wconf 88' lang='lat' dir='ltr'><strong>cum</strong></span> <span class='ocrx_word' id='word_1_325' title='bbox 3386 2065 3525 2115; x_wconf 69' lang='lat' dir='ltr'><strong>nnat-</strong></span> 
     </span>
    </p>
   </div>
   <div class='ocr_carea' id='block_1_51' title="bbox 1935 2158 3530 2230">
    <p class='ocr_par' dir='ltr' id='par_1_51' title="bbox 1935 2158 3530 2230">
     <span class='ocr_line' id='line_1_51' title="bbox 1935 2158 3530 2230; baseline -0.001 -18"><span class='ocrx_word' id='word_1_326' title='bbox 1935 2158 2008 2214; x_wconf 89' lang='lat' dir='ltr'><strong>tis</strong></span> <span class='ocrx_word' id='word_1_327' title='bbox 2036 2173 2180 2227; x_wconf 62' lang='lat' dir='ltr'><strong>saape</strong></span> <span class='ocrx_word' id='word_1_328' title='bbox 2220 2159 2476 2228; x_wconf 81' lang='lat' dir='ltr'><strong>gentibus</strong></span> <span class='ocrx_word' id='word_1_329' title='bbox 2511 2159 2761 2214; x_wconf 88' lang='lat' dir='ltr'><strong>barbaris</strong></span> <span class='ocrx_word' id='word_1_330' title='bbox 2794 2171 3019 2215; x_wconf 89' lang='lat' dir='ltr'><strong>strenue</strong></span> <span class='ocrx_word' id='word_1_331' title='bbox 3064 2161 3346 2230; x_wconf 78' lang='lat' dir='ltr'><strong>pugnavit,</strong></span> <span class='ocrx_word' id='word_1_332' title='bbox 3391 2176 3530 2230; x_wconf 86' lang='lat' dir='ltr'><strong>pan-</strong></span> 
     </span>
    </p>
   </div>
   <div class='ocr_carea' id='block_1_52' title="bbox 1936 2251 3531 2321">
    <p class='ocr_par' dir='ltr' id='par_1_52' title="bbox 1936 2251 3531 2321">
     <span class='ocr_line' id='line_1_52' title="bbox 1936 2251 3531 2321; baseline -0.002 -16"><span class='ocrx_word' id='word_1_333' title='bbox 1936 2251 2017 2305; x_wconf 90' lang='lat' dir='ltr'><strong>cis</strong></span> <span class='ocrx_word' id='word_1_334' title='bbox 2044 2251 2318 2304; x_wconf 89' lang='lat' dir='ltr'><strong>interdum</strong></span> <span class='ocrx_word' id='word_1_335' title='bbox 2377 2251 2551 2320; x_wconf 83' lang='lat' dir='ltr'><strong>copiis</strong></span> <span class='ocrx_word' id='word_1_336' title='bbox 2611 2251 2896 2314; x_wconf 83' lang='lat' dir='ltr'><strong>adhibitis,</strong></span> <span class='ocrx_word' id='word_1_337' title='bbox 2938 2252 3210 2306; x_wconf 87' lang='lat' dir='ltr'><strong>interdum</strong></span> <span class='ocrx_word' id='word_1_338' title='bbox 3263 2251 3531 2321; x_wconf 78' lang='lat' dir='ltr'><strong>pluribus,</strong></span> 
     </span>
    </p>
   </div>
   <div class='ocr_carea' id='block_1_53' title="bbox 1938 2341 3536 2412">
    <p class='ocr_par' dir='ltr' id='par_1_53' title="bbox 1938 2341 3536 2412">
     <span class='ocr_line' id='line_1_53' title="bbox 1938 2341 3536 2412; baseline -0.001 -16"><span class='ocrx_word' id='word_1_339' title='bbox 1938 2357 2331 2410; x_wconf 75' lang='lat' dir='ltr'><strong>nonnunquam</strong></span> <span class='ocrx_word' id='word_1_340' title='bbox 2382 2356 2510 2396; x_wconf 88' lang='lat' dir='ltr'><strong>vero</strong></span> <span class='ocrx_word' id='word_1_341' title='bbox 2547 2351 2602 2396; x_wconf 88' lang='lat' dir='ltr'><strong>et</strong></span> <span class='ocrx_word' id='word_1_342' title='bbox 2633 2341 2897 2412; x_wconf 78' lang='lat' dir='ltr'><strong>singulari</strong></span> <span class='ocrx_word' id='word_1_343' title='bbox 2951 2343 3295 2397; x_wconf 90' lang='lat' dir='ltr'><strong>certamine:</strong></span> <span class='ocrx_word' id='word_1_344' title='bbox 3349 2351 3426 2405; x_wconf 72' lang='lat' dir='ltr'><strong>et,</strong></span> <span class='ocrx_word' id='word_1_345' title='bbox 3477 2350 3536 2394; x_wconf 82' lang='lat' dir='ltr'><strong>ut</strong></span> 
     </span>
    </p>
   </div>
   <div class='ocr_carea' id='block_1_54' title="bbox 1938 2434 3537 2504">
    <p class='ocr_par' dir='ltr' id='par_1_54' title="bbox 1938 2434 3537 2504">
     <span class='ocr_line' id='line_1_54' title="bbox 1938 2434 3537 2504; baseline -0.001 -18"><span class='ocrx_word' id='word_1_346' title='bbox 1938 2435 2104 2488; x_wconf 89' lang='lat' dir='ltr'><strong>verbo</strong></span> <span class='ocrx_word' id='word_1_347' title='bbox 2151 2435 2362 2498; x_wconf 81' lang='lat' dir='ltr'><strong>dicam,</strong></span> <span class='ocrx_word' id='word_1_348' title='bbox 2401 2434 2664 2488; x_wconf 89' lang='lat' dir='ltr'><strong>barbaras</strong></span> <span class='ocrx_word' id='word_1_349' title='bbox 2717 2435 2953 2498; x_wconf 89' lang='lat' dir='ltr'><strong>multas,</strong></span> <span class='ocrx_word' id='word_1_350' title='bbox 3007 2434 3296 2504; x_wconf 81' lang='lat' dir='ltr'><strong>variasque</strong></span> <span class='ocrx_word' id='word_1_351' title='bbox 3345 2444 3537 2504; x_wconf 79' lang='lat' dir='ltr'><strong>gentes</strong></span> 
     </span>
    </p>
   </div>
   <div class='ocr_carea' id='block_1_55' title="bbox 1939 2523 3535 2595">
    <p class='ocr_par' dir='ltr' id='par_1_55' title="bbox 1939 2523 3535 2595">
     <span class='ocr_line' id='line_1_55' title="bbox 1939 2523 3535 2595; baseline -0.002 -16"><span class='ocrx_word' id='word_1_352' title='bbox 1939 2527 2121 2579; x_wconf 85' lang='lat' dir='ltr'><strong>Africa</strong></span> <span class='ocrx_word' id='word_1_353' title='bbox 2154 2526 2383 2595; x_wconf 82' lang='lat' dir='ltr'><strong>expulit.</strong></span> <span class='ocrx_word' id='word_1_354' title='bbox 2418 2525 2566 2580; x_wconf 88' lang='lat' dir='ltr'><strong>Idem</strong></span> <span class='ocrx_word' id='word_1_355' title='bbox 2613 2524 2839 2594; x_wconf 70' lang='lat' dir='ltr'><strong>iustitiae</strong></span> <span class='ocrx_word' id='word_1_356' title='bbox 2881 2524 2965 2577; x_wconf 88' lang='lat' dir='ltr'><strong>vel</strong></span> <span class='ocrx_word' id='word_1_357' title='bbox 2997 2525 3050 2578; x_wconf 90' lang='lat' dir='ltr'><strong>in</strong></span> <span class='ocrx_word' id='word_1_358' title='bbox 3089 2524 3278 2592; x_wconf 86' lang='lat' dir='ltr'><strong>primis</strong></span> <span class='ocrx_word' id='word_1_359' title='bbox 3324 2523 3535 2578; x_wconf 85' lang='lat' dir='ltr'><strong>studio-</strong></span> 
     </span>
    </p>
   </div>
   <div class='ocr_carea' id='block_1_56' title="bbox 1942 2615 3534 2687">
    <p class='ocr_par' dir='ltr' id='par_1_56' title="bbox 1942 2615 3534 2687">
     <span class='ocr_line' id='line_1_56' title="bbox 1942 2615 3534 2687; baseline -0.003 -14"><span class='ocrx_word' id='word_1_360' title='bbox 1942 2633 2053 2682; x_wconf 89' lang='lat' dir='ltr'><strong>Stts,</strong></span> <span class='ocrx_word' id='word_1_361' title='bbox 2087 2627 2141 2672; x_wconf 87' lang='lat' dir='ltr'><strong>et</strong></span> <span class='ocrx_word' id='word_1_362' title='bbox 2171 2619 2455 2672; x_wconf 84' lang='lat' dir='ltr'><strong>abstinens</strong></span> <span class='ocrx_word' id='word_1_363' title='bbox 2503 2633 2566 2670; x_wconf 88' lang='lat' dir='ltr'><strong>ac</strong></span> <span class='ocrx_word' id='word_1_364' title='bbox 2604 2618 2963 2687; x_wconf 85' lang='lat' dir='ltr'><strong>pecuniarum</strong></span> <span class='ocrx_word' id='word_1_365' title='bbox 3019 2626 3360 2686; x_wconf 86' lang='lat' dir='ltr'><strong>contemptor</strong></span> <span class='ocrx_word' id='word_1_366' title='bbox 3413 2615 3534 2678; x_wconf 88' lang='lat' dir='ltr'><strong>fuit,</strong></span> 
     </span>
    </p>
   </div>
   <div class='ocr_carea' id='block_1_57' title="bbox 1943 2708 3524 2780">
    <p class='ocr_par' dir='ltr' id='par_1_57' title="bbox 1943 2708 3524 2780">
     <span class='ocr_line' id='line_1_57' title="bbox 1943 2708 3524 2780; baseline -0.001 -16"><span class='ocrx_word' id='word_1_367' title='bbox 1943 2726 1970 2764; x_wconf 90' lang='lat' dir='ltr'><strong>a</strong></span> <span class='ocrx_word' id='word_1_368' title='bbox 2003 2726 2110 2780; x_wconf 89' lang='lat' dir='ltr'><strong>quo</strong></span> <span class='ocrx_word' id='word_1_369' title='bbox 2151 2711 2314 2763; x_wconf 83' lang='lat' dir='ltr'><strong>etiam</strong></span> <span class='ocrx_word' id='word_1_370' title='bbox 2365 2711 2673 2777; x_wconf 72' lang='lat' dir='ltr'><strong>huiusmodi</strong></span> <span class='ocrx_word' id='word_1_371' title='bbox 2727 2710 3017 2780; x_wconf 87' lang='lat' dir='ltr'><strong>aliquando</strong></span> <span class='ocrx_word' id='word_1_372' title='bbox 3070 2720 3343 2779; x_wconf 86' lang='lat' dir='ltr'><strong>patratum</strong></span> <span class='ocrx_word' id='word_1_373' title='bbox 3390 2708 3524 2763; x_wconf 86' lang='lat' dir='ltr'><strong>faci-</strong></span> 
     </span>
    </p>
   </div>
   <div class='ocr_carea' id='block_1_58' title="bbox 1945 2788 3536 2870">
    <p class='ocr_par' dir='ltr' id='par_1_58' title="bbox 1945 2788 3536 2870">
     <span class='ocr_line' id='line_1_58' title="bbox 1945 2788 3536 2870; baseline 0.002 -18"><span class='ocrx_word' id='word_1_374' title='bbox 1945 2813 2067 2853; x_wconf 85' lang='lat' dir='ltr'><strong>nus.</strong></span> <span class='ocrx_word' id='word_1_375' title='bbox 2120 2799 2268 2870; x_wconf 76' lang='lat' dir='ltr'><strong>63a</strong></span> <span class='ocrx_word' id='word_1_376' title='bbox 2302 2797 2558 2854; x_wconf 78' lang='lat' dir='ltr'><strong>Rusticus</strong></span> <span class='ocrx_word' id='word_1_377' title='bbox 2591 2788 2814 2870; x_wconf 78' lang='lat' dir='ltr'><strong>quidam</strong></span> <span class='ocrx_word' id='word_1_378' title='bbox 2850 2799 3128 2868; x_wconf 68' lang='lat' dir='ltr'><strong>praestanti</strong></span> <span class='ocrx_word' id='word_1_379' title='bbox 3174 2799 3347 2853; x_wconf 85' lang='lat' dir='ltr'><strong>forma</strong></span> <span class='ocrx_word' id='word_1_380' title='bbox 3402 2816 3536 2855; x_wconf 81' lang='lat' dir='ltr'><strong>uxo-</strong></span> 
     </span>
    </p>
   </div>
   <div class='ocr_carea' id='block_1_59' title="bbox 1948 2891 3531 2962">
    <p class='ocr_par' dir='ltr' id='par_1_59' title="bbox 1948 2891 3531 2962">
     <span class='ocr_line' id='line_1_59' title="bbox 1948 2891 3531 2962; baseline 0.001 -20"><span class='ocrx_word' id='word_1_381' title='bbox 1948 2906 2058 2943; x_wconf 87' lang='lat' dir='ltr'><strong>rem</strong></span> <span class='ocrx_word' id='word_1_382' title='bbox 2092 2907 2244 2944; x_wconf 87' lang='lat' dir='ltr'><strong>suam</strong></span> <span class='ocrx_word' id='word_1_383' title='bbox 2277 2907 2398 2945; x_wconf 90' lang='lat' dir='ltr'><strong>cum</strong></span> <span class='ocrx_word' id='word_1_384' title='bbox 2461 2891 2699 2945; x_wconf 85' lang='lat' dir='ltr'><strong>Barbaro</strong></span> <span class='ocrx_word' id='word_1_385' title='bbox 2753 2893 2988 2962; x_wconf 87' lang='lat' dir='ltr'><strong>quodam</strong></span> <span class='ocrx_word' id='word_1_386' title='bbox 3045 2910 3074 2948; x_wconf 90' lang='lat' dir='ltr'><strong>e</strong></span> <span class='ocrx_word' id='word_1_387' title='bbox 3130 2891 3531 2947; x_wconf 72' lang='lat' dir='ltr'><strong>confinderatis</strong></span> 
     </span>
    </p>
   </div>
   <div class='ocr_carea' id='block_1_60' title="bbox 1952 2983 3544 3054">
    <p class='ocr_par' dir='ltr' id='par_1_60' title="bbox 1952 2983 3544 3054">
     <span class='ocr_line' id='line_1_60' title="bbox 1952 2983 3544 3054; baseline 0.003 -18"><span class='ocrx_word' id='word_1_388' title='bbox 1952 2983 2125 3036; x_wconf 89' lang='lat' dir='ltr'><strong>milite</strong></span> <span class='ocrx_word' id='word_1_389' title='bbox 2169 2998 2537 3037; x_wconf 74' lang='lat' dir='ltr'><strong>consuescere</strong></span> <span class='ocrx_word' id='word_1_390' title='bbox 2592 2986 2868 3054; x_wconf 79' lang='lat' dir='ltr'><strong>cognovit,</strong></span> <span class='ocrx_word' id='word_1_391' title='bbox 2905 2987 3112 3054; x_wconf 79' lang='lat' dir='ltr'><strong>rogavit</strong></span> <span class='ocrx_word' id='word_1_392' title='bbox 3163 2986 3347 3054; x_wconf 86' lang='lat' dir='ltr'><strong>itaque</strong></span> <span class='ocrx_word' id='word_1_393' title='bbox 3381 2985 3544 3040; x_wconf 87' lang='lat' dir='ltr'><strong>Boni-</strong></span> 
     </span>
    </p>
   </div>
   <div class='ocr_carea' id='block_1_61' title="bbox 235 3071 1836 3161">
    <p class='ocr_par' dir='ltr' id='par_1_61' title="bbox 235 3071 1836 3148">
     <span class='ocr_line' id='line_1_61' title="bbox 235 3071 1836 3148; baseline 0.004 -24"><span class='ocrx_word' id='word_1_394' title='bbox 235 3071 526 3144; x_wconf 80' lang='grc' dir='ltr'>δεάστημα</span> <span class='ocrx_word' id='word_1_395' title='bbox 550 3074 644 3126; x_wconf 86' lang='grc' dir='ltr'><strong>τοῦ</strong></span> <span class='ocrx_word' id='word_1_396' title='bbox 671 3075 835 3127; x_wconf 84' lang='grc' dir='ltr'>τόπου</span> <span class='ocrx_word' id='word_1_397' title='bbox 871 3075 967 3129; x_wconf 80' lang='grc' dir='ltr'>καὶ</span> <span class='ocrx_word' id='word_1_398' title='bbox 987 3075 1048 3128; x_wconf 80' lang='grc' dir='ltr'><strong>τὸ</strong></span> <span class='ocrx_word' id='word_1_399' title='bbox 1065 3075 1236 3145; x_wconf 76' lang='grc' dir='ltr'>ὄνομα</span> <span class='ocrx_word' id='word_1_400' title='bbox 1267 3078 1362 3128; x_wconf 88' lang='grc' dir='ltr'><strong>τοῦ</strong></span> <span class='ocrx_word' id='word_1_401' title='bbox 1391 3077 1586 3148; x_wconf 81' lang='grc' dir='ltr'>ἀγροῦ,</span> <span class='ocrx_word' id='word_1_402' title='bbox 1619 3081 1676 3131; x_wconf 85' lang='grc' dir='ltr'><strong>ἐν</strong></span> <span class='ocrx_word' id='word_1_403' title='bbox 1707 3071 1750 3146; x_wconf 85' lang='grc' dir='ltr'>ᾧ</span> <span class='ocrx_word' id='word_1_404' title='bbox 1777 3078 1836 3130; x_wconf 74' lang='grc' dir='ltr'>τὰ</span> 
     </span>
    </p>
   </div>
   <div class='ocr_carea' id='block_1_62' title="bbox 1950 3071 3541 3161">
    <p class='ocr_par' dir='ltr' id='par_1_62' title="bbox 1955 3074 3541 3146">
     <span class='ocr_line' id='line_1_62' title="bbox 1955 3074 3541 3146; baseline 0.001 -19"><span class='ocrx_word' id='word_1_405' title='bbox 1955 3074 2178 3141; x_wconf 85' lang='lat' dir='ltr'><strong>facium,</strong></span> <span class='ocrx_word' id='word_1_406' title='bbox 2213 3078 2447 3130; x_wconf 88' lang='lat' dir='ltr'><strong>dedecus</strong></span> <span class='ocrx_word' id='word_1_407' title='bbox 2499 3077 2624 3130; x_wconf 90' lang='lat' dir='ltr'><strong>illud</strong></span> <span class='ocrx_word' id='word_1_408' title='bbox 2666 3077 2886 3131; x_wconf 70' lang='lat' dir='ltr'><strong>familia:</strong></span> <span class='ocrx_word' id='word_1_409' title='bbox 2928 3077 3244 3146; x_wconf 82' lang='lat' dir='ltr'><strong>deplorans,</strong></span> <span class='ocrx_word' id='word_1_410' title='bbox 3284 3090 3343 3131; x_wconf 90' lang='lat' dir='ltr'><strong>ut</strong></span> <span class='ocrx_word' id='word_1_411' title='bbox 3385 3094 3541 3144; x_wconf 84' lang='lat' dir='ltr'><strong>opem</strong></span> 
     </span>
    </p>
   </div>
   <div class='ocr_carea' id='block_1_63' title="bbox 240 3166 1846 3241">
    <p class='ocr_par' dir='ltr' id='par_1_63' title="bbox 240 3166 1846 3241">
     <span class='ocr_line' id='line_1_63' title="bbox 240 3166 1846 3241; baseline 0.004 -24"><span class='ocrx_word' id='word_1_412' title='bbox 240 3166 338 3234; x_wconf 79' lang='grc' dir='ltr'>τῆς</span> <span class='ocrx_word' id='word_1_413' title='bbox 364 3167 622 3235; x_wconf 79' lang='grc' dir='ltr'>μοιχείας</span> <span class='ocrx_word' id='word_1_414' title='bbox 652 3169 976 3237; x_wconf 80' lang='grc' dir='ltr'>ἐπράττετο,</span> <span class='ocrx_word' id='word_1_415' title='bbox 1013 3169 1104 3220; x_wconf 79' lang='grc' dir='ltr'><strong>τὸν</strong></span> <span class='ocrx_word' id='word_1_416' title='bbox 1142 3168 1240 3238; x_wconf 82' lang='grc' dir='ltr'><strong>μὲν</strong></span> <span class='ocrx_word' id='word_1_417' title='bbox 1279 3169 1466 3239; x_wconf 82' lang='grc' dir='ltr'>ἱκέτην</span> <span class='ocrx_word' id='word_1_418' title='bbox 1488 3169 1533 3201; x_wconf 70' lang='grc'><strong>⁸³</strong></span> <span class='ocrx_word' id='word_1_419' title='bbox 1584 3169 1716 3241; x_wconf 72' lang='grc' dir='ltr'><strong>μιι</strong></span> <span class='ocrx_word' id='word_1_420' title='bbox 1751 3169 1846 3241; x_wconf 79' lang='lat' dir='ltr'><strong>IL]</strong></span> 
     </span>
    </p>
   </div>
   <div class='ocr_carea' id='block_1_64' title="bbox 241 3259 1850 3332">
    <p class='ocr_par' dir='ltr' id='par_1_64' title="bbox 241 3259 1850 3332">
     <span class='ocr_line' id='line_1_64' title="bbox 241 3259 1850 3332; baseline 0.004 -22"><span class='ocrx_word' id='word_1_421' title='bbox 241 3259 377 3317; x_wconf 79' lang='grc' dir='ltr'>τέως</span> <span class='ocrx_word' id='word_1_422' title='bbox 437 3261 770 3329; x_wconf 81' lang='grc' dir='ltr'>ἀπέπεμπε,</span> <span class='ocrx_word' id='word_1_423' title='bbox 830 3261 1145 3328; x_wconf 77' lang='grc' dir='ltr'>προστάξας</span> <span class='ocrx_word' id='word_1_424' title='bbox 1195 3261 1359 3313; x_wconf 88' lang='grc' dir='ltr'>πάλιν</span> <span class='ocrx_word' id='word_1_425' title='bbox 1413 3264 1478 3332; x_wconf 81' lang='grc' dir='ltr'><strong>τῇ</strong></span> <span class='ocrx_word' id='word_1_426' title='bbox 1516 3261 1645 3331; x_wconf 74' lang='grc' dir='ltr'>ἑξῆς</span> <span class='ocrx_word' id='word_1_427' title='bbox 1701 3263 1850 3332; x_wconf 82' lang='grc' dir='ltr'>αὐτῷ</span> 
     </span>
    </p>
   </div>
   <div class='ocr_carea' id='block_1_65' title="bbox 253 3349 1851 3421">
    <p class='ocr_par' dir='ltr' id='par_1_65' title="bbox 253 3349 1851 3421">
     <span class='ocr_line' id='line_1_65' title="bbox 253 3349 1851 3421; baseline 0.003 -21"><span class='ocrx_word' id='word_1_428' title='bbox 253 3349 608 3421; x_wconf 76' lang='grc' dir='ltr'>προσελθεῖν,</span> <span class='ocrx_word' id='word_1_429' title='bbox 653 3351 813 3420; x_wconf 68' lang='grc' dir='ltr'>ὀψίας</span> <span class='ocrx_word' id='word_1_430' title='bbox 862 3351 919 3403; x_wconf 86' lang='grc' dir='ltr'><strong>δέ</strong></span> <span class='ocrx_word' id='word_1_431' title='bbox 959 3351 1138 3403; x_wconf 83' lang='grc' dir='ltr'>λαθὼν</span> <span class='ocrx_word' id='word_1_432' title='bbox 1174 3352 1443 3415; x_wconf 69' lang='grc' dir='ltr'>ἅπαντας,</span> <span class='ocrx_word' id='word_1_433' title='bbox 1482 3354 1576 3404; x_wconf 75' lang='grc' dir='ltr'>καὶ</span> <span class='ocrx_word' id='word_1_434' title='bbox 1621 3353 1715 3404; x_wconf 70' lang='grc' dir='ltr'>ἐπὶ</span> <span class='ocrx_word' id='word_1_435' title='bbox 1763 3353 1851 3404; x_wconf 81' lang='grc' dir='ltr'><strong>τὸν</strong></span> 
     </span>
    </p>
   </div>
   <div class='ocr_carea' id='block_1_66' title="bbox 246 3443 1849 3514">
    <p class='ocr_par' dir='ltr' id='par_1_66' title="bbox 246 3443 1849 3514">
     <span class='ocr_line' id='line_1_66' title="bbox 246 3443 1849 3514; baseline -0.001 -18"><span class='ocrx_word' id='word_1_436' title='bbox 246 3443 415 3514; x_wconf 75' lang='grc' dir='ltr'>ἀγρὸν</span> <span class='ocrx_word' id='word_1_437' title='bbox 481 3443 680 3506; x_wconf 79' lang='grc' dir='ltr'>ἐλάσας</span> <span class='ocrx_word' id='word_1_438' title='bbox 753 3444 1124 3514; x_wconf 81' lang='grc' dir='ltr'>ἐϐδομήκοντα</span> <span class='ocrx_word' id='word_1_439' title='bbox 1178 3445 1536 3514; x_wconf 83' lang='grc' dir='ltr'>διιστάμενον</span> <span class='ocrx_word' id='word_1_440' title='bbox 1592 3444 1849 3509; x_wconf 78' lang='grc' dir='ltr'>σταδίοις,</span> 
     </span>
    </p>
   </div>
   <div class='ocr_carea' id='block_1_67' title="bbox 243 3534 1853 3606">
    <p class='ocr_par' dir='ltr' id='par_1_67' title="bbox 243 3534 1853 3606">
     <span class='ocr_line' id='line_1_67' title="bbox 243 3534 1853 3606; baseline 0 -17"><span class='ocrx_word' id='word_1_441' title='bbox 243 3536 335 3590; x_wconf 78' lang='grc' dir='ltr'><strong>καὶ</strong></span> <span class='ocrx_word' id='word_1_442' title='bbox 364 3534 552 3606; x_wconf 82' lang='grc' dir='ltr'>εὑρὼν</span> <span class='ocrx_word' id='word_1_443' title='bbox 588 3536 679 3588; x_wconf 78' lang='grc' dir='ltr'><strong>τὸν</strong></span> <span class='ocrx_word' id='word_1_444' title='bbox 708 3534 984 3606; x_wconf 75' lang='grc' dir='ltr'>βάρϐαρον</span> <span class='ocrx_word' id='word_1_445' title='bbox 1029 3537 1096 3605; x_wconf 78' lang='grc' dir='ltr'>τῇ</span> <span class='ocrx_word' id='word_1_446' title='bbox 1142 3536 1509 3606; x_wconf 78' lang='grc' dir='ltr'>μοιχευομένη</span> <span class='ocrx_word' id='word_1_447' title='bbox 1547 3536 1853 3604; x_wconf 83' lang='grc' dir='ltr'>συγκαθεύ-</span> 
     </span>
    </p>
   </div>
   <div class='ocr_carea' id='block_1_68' title="bbox 244 3625 1853 3699">
    <p class='ocr_par' dir='ltr' id='par_1_68' title="bbox 244 3625 1853 3699">
     <span class='ocr_line' id='line_1_68' title="bbox 244 3625 1853 3699; baseline 0.002 -21"><span class='ocrx_word' id='word_1_448' title='bbox 244 3626 425 3686; x_wconf 76' lang='grc' dir='ltr'>δοντα.</span> <span class='ocrx_word' id='word_1_449' title='bbox 485 3627 677 3696; x_wconf 82' lang='grc' dir='ltr'>τέμνει</span> <span class='ocrx_word' id='word_1_450' title='bbox 726 3643 784 3678; x_wconf 89' lang='grc' dir='ltr'><strong>τε</strong></span> <span class='ocrx_word' id='word_1_451' title='bbox 833 3625 999 3678; x_wconf 69' lang='grc' dir='ltr'>αὑτοῦ</span> <span class='ocrx_word' id='word_1_452' title='bbox 1033 3626 1129 3696; x_wconf 77' lang='grc' dir='ltr'>τὴν</span> <span class='ocrx_word' id='word_1_453' title='bbox 1173 3627 1418 3698; x_wconf 81' lang='grc' dir='ltr'>κεφαλὴν</span> <span class='ocrx_word' id='word_1_454' title='bbox 1448 3627 1540 3680; x_wconf 70' lang='grc' dir='ltr'>καὶ</span> <span class='ocrx_word' id='word_1_455' title='bbox 1579 3628 1647 3681; x_wconf 81' lang='grc' dir='ltr'>δι’</span> <span class='ocrx_word' id='word_1_456' title='bbox 1683 3629 1853 3699; x_wconf 85' lang='grc' dir='ltr'>αὐτῆς</span> 
     </span>
    </p>
   </div>
   <div class='ocr_carea' id='block_1_69' title="bbox 248 3718 1848 3791">
    <p class='ocr_par' dir='ltr' id='par_1_69' title="bbox 248 3718 1848 3791">
     <span class='ocr_line' id='line_1_69' title="bbox 248 3718 1848 3791; baseline 0.003 -21"><span class='ocrx_word' id='word_1_457' title='bbox 248 3719 592 3787; x_wconf 76' lang='grc' dir='ltr'>ὑποστρέφει</span> <span class='ocrx_word' id='word_1_458' title='bbox 640 3718 856 3782; x_wconf 84' lang='grc' dir='ltr'>νυκτός.</span> <span class='ocrx_word' id='word_1_459' title='bbox 899 3719 1260 3786; x_wconf 83' lang='grc' dir='ltr'>Προσελθόντι</span> <span class='ocrx_word' id='word_1_460' title='bbox 1294 3719 1352 3772; x_wconf 82' lang='grc' dir='ltr'>δὲ</span> <span class='ocrx_word' id='word_1_461' title='bbox 1393 3719 1539 3774; x_wconf 84' lang='grc' dir='ltr'><strong>κατά</strong></span> <span class='ocrx_word' id='word_1_462' title='bbox 1577 3721 1639 3773; x_wconf 85' lang='grc' dir='ltr'><strong>τὸ</strong></span> <span class='ocrx_word' id='word_1_463' title='bbox 1679 3721 1848 3791; x_wconf 79' lang='grc' dir='ltr'>πρόσ-</span> 
     </span>
    </p>
   </div>
   <div class='ocr_carea' id='block_1_70' title="bbox 249 3810 1855 3885">
    <p class='ocr_par' dir='ltr' id='par_1_70' title="bbox 249 3810 1855 3885">
     <span class='ocr_line' id='line_1_70' title="bbox 249 3810 1855 3885; baseline 0.007 -28"><span class='ocrx_word' id='word_1_464' title='bbox 249 3829 430 3880; x_wconf 70' lang='grc' dir='ltr'>τιγμα</span> <span class='ocrx_word' id='word_1_465' title='bbox 458 3814 542 3873; x_wconf 81' lang='grc' dir='ltr'>εἰς</span> <span class='ocrx_word' id='word_1_466' title='bbox 560 3810 658 3881; x_wconf 79' lang='grc' dir='ltr'>τὴν</span> <span class='ocrx_word' id='word_1_467' title='bbox 695 3811 886 3882; x_wconf 77' lang='grc' dir='ltr'>αὔριον</span> <span class='ocrx_word' id='word_1_468' title='bbox 916 3811 996 3882; x_wconf 79' lang='grc' dir='ltr'><strong>τῷ</strong></span> <span class='ocrx_word' id='word_1_469' title='bbox 1029 3813 1187 3883; x_wconf 73' lang='grc' dir='ltr'>ἀνδρὶ</span> <span class='ocrx_word' id='word_1_470' title='bbox 1216 3812 1496 3866; x_wconf 83' lang='grc' dir='ltr'>ἐπιδίδωσι</span> <span class='ocrx_word' id='word_1_471' title='bbox 1522 3815 1614 3867; x_wconf 85' lang='grc' dir='ltr'><strong>τοῦ</strong></span> <span class='ocrx_word' id='word_1_472' title='bbox 1650 3815 1855 3885; x_wconf 83' lang='grc' dir='ltr'>βαρϐά-</span> 
     </span>
    </p>
   </div>
   <div class='ocr_carea' id='block_1_71' title="bbox 252 3903 1854 3975">
    <p class='ocr_par' dir='ltr' id='par_1_71' title="bbox 252 3903 1854 3975">
     <span class='ocr_line' id='line_1_71' title="bbox 252 3903 1854 3975; baseline 0 -17"><span class='ocrx_word' id='word_1_473' title='bbox 252 3921 346 3975; x_wconf 82' lang='grc' dir='ltr'><strong>ρου</strong></span> <span class='ocrx_word' id='word_1_474' title='bbox 376 3905 486 3975; x_wconf 78' lang='grc' dir='ltr'>τὴν</span> <span class='ocrx_word' id='word_1_475' title='bbox 515 3903 784 3972; x_wconf 72' lang='grc' dir='ltr'>κεφαλὴν,</span> <span class='ocrx_word' id='word_1_476' title='bbox 811 3904 1311 3974; x_wconf 83' lang='grc' dir='ltr'>διαπυνθανόμενος</span> <span class='ocrx_word' id='word_1_477' title='bbox 1345 3907 1393 3956; x_wconf 85' lang='grc' dir='ltr'><strong>εί</strong></span> <span class='ocrx_word' id='word_1_478' title='bbox 1423 3907 1777 3974; x_wconf 85' lang='grc' dir='ltr'>ἐπιγινώσκοι</span> <span class='ocrx_word' id='word_1_479' title='bbox 1808 3907 1854 3938; x_wconf 67' lang='grc'><strong>⁸⁸</strong></span> 
     </span>
    </p>
   </div>
   <div class='ocr_carea' id='block_1_72' title="bbox 249 3995 1856 4070">
    <p class='ocr_par' dir='ltr' id='par_1_72' title="bbox 249 3995 1856 4070">
     <span class='ocr_line' id='line_1_72' title="bbox 249 3995 1856 4070; baseline 0 -20"><span class='ocrx_word' id='word_1_480' title='bbox 249 3998 442 4068; x_wconf 76' lang='grc' dir='ltr'>αὑτήν.</span> <span class='ocrx_word' id='word_1_481' title='bbox 494 3997 624 4070; x_wconf 82' lang='grc'><strong>[197</strong></span> <span class='ocrx_word' id='word_1_482' title='bbox 680 3995 774 4068; x_wconf 54' lang='grc' dir='ltr'>ιι]</span> <span class='ocrx_word' id='word_1_483' title='bbox 815 3996 876 4049; x_wconf 77' lang='grc' dir='ltr'>ὐ</span> <span class='ocrx_word' id='word_1_484' title='bbox 919 3996 974 4049; x_wconf 82' lang='grc' dir='ltr'>δὲ</span> <span class='ocrx_word' id='word_1_485' title='bbox 1024 4001 1136 4060; x_wconf 83' lang='grc' dir='ltr'>τοῖς</span> <span class='ocrx_word' id='word_1_486' title='bbox 1195 3997 1464 4068; x_wconf 84' lang='grc' dir='ltr'>παροῦσιν</span> <span class='ocrx_word' id='word_1_487' title='bbox 1524 3997 1640 4066; x_wconf 76' lang='grc' dir='ltr'><strong>ἅμα</strong></span> <span class='ocrx_word' id='word_1_488' title='bbox 1684 4015 1856 4050; x_wconf 85' lang='grc' dir='ltr'>κατα-</span> 
     </span>
    </p>
   </div>
   <div class='ocr_carea' id='block_1_73' title="bbox 253 4088 1855 4160">
    <p class='ocr_par' dir='ltr' id='par_1_73' title="bbox 253 4088 1855 4160">
     <span class='ocr_line' id='line_1_73' title="bbox 253 4088 1855 4160; baseline -0.001 -16"><span class='ocrx_word' id='word_1_489' title='bbox 253 4088 493 4158; x_wconf 73' lang='grc' dir='ltr'>πλαγεὶς</span> <span class='ocrx_word' id='word_1_490' title='bbox 519 4091 613 4142; x_wconf 76' lang='grc' dir='ltr'><strong>καὶ</strong></span> <span class='ocrx_word' id='word_1_491' title='bbox 633 4089 1018 4160; x_wconf 80' lang='grc' dir='ltr'>ἀμηχανήσας,</span> <span class='ocrx_word' id='word_1_492' title='bbox 1056 4088 1248 4143; x_wconf 73' lang='grc' dir='ltr'>ἔπειτα</span> <span class='ocrx_word' id='word_1_493' title='bbox 1284 4090 1538 4157; x_wconf 77' lang='grc' dir='ltr'>ἐπιγνοὺς</span> <span class='ocrx_word' id='word_1_494' title='bbox 1572 4090 1855 4143; x_wconf 72' lang='grc' dir='ltr'>καὶπολλὰ</span> 
     </span>
    </p>
   </div>
   <div class='ocr_carea' id='block_1_74' title="bbox 253 4179 1782 4251">
    <p class='ocr_par' dir='ltr' id='par_1_74' title="bbox 253 4179 1782 4251">
     <span class='ocr_line' id='line_1_74' title="bbox 253 4179 1782 4251; baseline 0.001 -19"><span class='ocrx_word' id='word_1_495' title='bbox 253 4183 350 4251; x_wconf 79' lang='grc' dir='ltr'><strong>τῆς</strong></span> <span class='ocrx_word' id='word_1_496' title='bbox 371 4180 728 4250; x_wconf 79' lang='grc' dir='ltr'>δικαιοσύνης</span> <span class='ocrx_word' id='word_1_497' title='bbox 755 4181 1158 4249; x_wconf 76' lang='grc' dir='ltr'>εὐχαριστήσας</span> <span class='ocrx_word' id='word_1_498' title='bbox 1183 4179 1251 4241; x_wconf 77' lang='grc'>⁴³,</span> <span class='ocrx_word' id='word_1_499' title='bbox 1292 4179 1392 4233; x_wconf 78' lang='grc' dir='ltr'><strong>σὺν</strong></span> <span class='ocrx_word' id='word_1_500' title='bbox 1415 4182 1562 4251; x_wconf 86' lang='grc' dir='ltr'>χαρᾷ</span> <span class='ocrx_word' id='word_1_501' title='bbox 1593 4182 1782 4251; x_wconf 75' lang='grc' dir='ltr'>ἀπῄει.</span> 
     </span>
    </p>
   </div>
   <div class='ocr_carea' id='block_1_75' title="bbox 325 4268 1858 4340">
    <p class='ocr_par' dir='ltr' id='par_1_75' title="bbox 325 4268 1858 4340">
     <span class='ocr_line' id='line_1_75' title="bbox 325 4268 1858 4340; baseline -0.001 -16"><span class='ocrx_word' id='word_1_502' title='bbox 325 4273 456 4324; x_wconf 84' lang='grc' dir='ltr'>Ὅτι</span> <span class='ocrx_word' id='word_1_503' title='bbox 487 4271 715 4333; x_wconf 74' lang='grc' dir='ltr'>ἕκαστος</span> <span class='ocrx_word' id='word_1_504' title='bbox 747 4269 854 4320; x_wconf 84' lang='grc' dir='ltr'><strong>τῶν</strong></span> <span class='ocrx_word' id='word_1_505' title='bbox 880 4269 1133 4338; x_wconf 80' lang='grc' dir='ltr'>μεγάλων</span> <span class='ocrx_word' id='word_1_506' title='bbox 1168 4269 1335 4322; x_wconf 73' lang='grc' dir='ltr'>οἴκων</span> <span class='ocrx_word' id='word_1_507' title='bbox 1359 4270 1460 4340; x_wconf 83' lang='grc' dir='ltr'>τῆς</span> <span class='ocrx_word' id='word_1_508' title='bbox 1503 4268 1743 4340; x_wconf 77' lang='grc' dir='ltr'>Ῥώμης,</span> <span class='ocrx_word' id='word_1_509' title='bbox 1781 4268 1858 4332; x_wconf 83' lang='grc' dir='ltr'>ὥς</span> 
     </span>
    </p>
   </div>
   <div class='ocr_carea' id='block_1_76' title="bbox 255 4359 1857 4434">
    <p class='ocr_par' dir='ltr' id='par_1_76' title="bbox 255 4359 1857 4434">
     <span class='ocr_line' id='line_1_76' title="bbox 255 4359 1857 4434; baseline -0.002 -17"><span class='ocrx_word' id='word_1_510' title='bbox 255 4383 449 4434; x_wconf 76' lang='grc' dir='ltr'>φησιν,</span> <span class='ocrx_word' id='word_1_511' title='bbox 503 4363 720 4417; x_wconf 78' lang='grc' dir='ltr'>ἅπαντα</span> <span class='ocrx_word' id='word_1_512' title='bbox 756 4359 900 4432; x_wconf 71' lang='grc' dir='ltr'>εἶχεν</span> <span class='ocrx_word' id='word_1_513' title='bbox 935 4361 994 4412; x_wconf 90' lang='grc' dir='ltr'><strong>ἐν</strong></span> <span class='ocrx_word' id='word_1_514' title='bbox 1034 4362 1214 4432; x_wconf 80' lang='grc' dir='ltr'>ἐαυτῷ</span> <span class='ocrx_word' id='word_1_515' title='bbox 1249 4361 1422 4414; x_wconf 84' lang='grc' dir='ltr'>ὁπόσα</span> <span class='ocrx_word' id='word_1_516' title='bbox 1455 4360 1609 4424; x_wconf 85' lang='grc' dir='ltr'>πόλις</span> <span class='ocrx_word' id='word_1_517' title='bbox 1643 4361 1857 4431; x_wconf 82' lang='grc' dir='ltr'>σύμμε-</span> 
     </span>
    </p>
   </div>
   <div class='ocr_carea' id='block_1_77' title="bbox 1956 3166 3540 3239">
    <p class='ocr_par' dir='ltr' id='par_1_77' title="bbox 1956 3166 3540 3239">
     <span class='ocr_line' id='line_1_77' title="bbox 1956 3166 3540 3239; baseline 0.001 -18"><span class='ocrx_word' id='word_1_518' title='bbox 1956 3167 2146 3223; x_wconf 82' lang='lat' dir='ltr'><strong>ferret.</strong></span> <span class='ocrx_word' id='word_1_519' title='bbox 2173 3166 2264 3222; x_wconf 88' lang='lat' dir='ltr'><strong>Ille</strong></span> <span class='ocrx_word' id='word_1_520' title='bbox 2293 3209 2308 3232; x_wconf 93' lang='lat'><strong>,</strong></span> <span class='ocrx_word' id='word_1_521' title='bbox 2346 3170 2563 3238; x_wconf 83' lang='lat' dir='ltr'><strong>cognito</strong></span> <span class='ocrx_word' id='word_1_522' title='bbox 2596 3169 2696 3222; x_wconf 89' lang='lat' dir='ltr'><strong>loci</strong></span> <span class='ocrx_word' id='word_1_523' title='bbox 2731 3169 3038 3234; x_wconf 88' lang='lat' dir='ltr'><strong>intervallo,</strong></span> <span class='ocrx_word' id='word_1_524' title='bbox 3070 3179 3124 3223; x_wconf 91' lang='lat' dir='ltr'><strong>et</strong></span> <span class='ocrx_word' id='word_1_525' title='bbox 3156 3170 3270 3239; x_wconf 81' lang='lat' dir='ltr'><strong>agri</strong></span> <span class='ocrx_word' id='word_1_526' title='bbox 3299 3169 3540 3228; x_wconf 80' lang='lat' dir='ltr'><strong>nomine.</strong></span> 
     </span>
    </p>
   </div>
   <div class='ocr_carea' id='block_1_78' title="bbox 1961 3260 3545 3331">
    <p class='ocr_par' dir='ltr' id='par_1_78' title="bbox 1961 3260 3545 3331">
     <span class='ocr_line' id='line_1_78' title="bbox 1961 3260 3545 3331; baseline 0.001 -19"><span class='ocrx_word' id='word_1_527' title='bbox 1961 3261 2048 3312; x_wconf 89' lang='lat' dir='ltr'><strong>ubi</strong></span> <span class='ocrx_word' id='word_1_528' title='bbox 2083 3260 2410 3316; x_wconf 84' lang='lat' dir='ltr'><strong>adulterium</strong></span> <span class='ocrx_word' id='word_1_529' title='bbox 2446 3271 2774 3331; x_wconf 88' lang='lat' dir='ltr'><strong>patraretur,</strong></span> <span class='ocrx_word' id='word_1_530' title='bbox 2824 3261 3094 3315; x_wconf 88' lang='lat' dir='ltr'><strong>hominem</strong></span> <span class='ocrx_word' id='word_1_531' title='bbox 3159 3273 3268 3315; x_wconf 90' lang='lat' dir='ltr'><strong>tum</strong></span> <span class='ocrx_word' id='word_1_532' title='bbox 3322 3260 3545 3328; x_wconf 81' lang='lat' dir='ltr'><strong>quidem</strong></span> 
     </span>
    </p>
   </div>
   <div class='ocr_carea' id='block_1_79' title="bbox 1917 3351 3542 3422">
    <p class='ocr_par' dir='ltr' id='par_1_79' title="bbox 1917 3351 3542 3422">
     <span class='ocr_line' id='line_1_79' title="bbox 1917 3351 3542 3422; baseline -0.001 -17"><span class='ocrx_word' id='word_1_533' title='bbox 1917 3352 2187 3417; x_wconf 70' lang='lat' dir='ltr'><strong>&#39;dimisit,</strong></span> <span class='ocrx_word' id='word_1_534' title='bbox 2225 3355 2276 3406; x_wconf 92' lang='lat' dir='ltr'><strong>in</strong></span> <span class='ocrx_word' id='word_1_535' title='bbox 2324 3363 2603 3422; x_wconf 87' lang='lat' dir='ltr'><strong>posterum</strong></span> <span class='ocrx_word' id='word_1_536' title='bbox 2653 3354 2796 3406; x_wconf 70' lang='lat' dir='ltr'><strong>diem</strong></span> <span class='ocrx_word' id='word_1_537' title='bbox 2849 3355 2914 3407; x_wconf 87' lang='lat' dir='ltr'><strong>ad</strong></span> <span class='ocrx_word' id='word_1_538' title='bbox 2967 3368 3027 3407; x_wconf 90' lang='lat' dir='ltr'><strong>se</strong></span> <span class='ocrx_word' id='word_1_539' title='bbox 3077 3353 3258 3407; x_wconf 85' lang='lat' dir='ltr'><strong>redire</strong></span> <span class='ocrx_word' id='word_1_540' title='bbox 3303 3351 3542 3422; x_wconf 83' lang='lat' dir='ltr'><strong>jussuiu.</strong></span> 
     </span>
    </p>
   </div>
   <div class='ocr_carea' id='block_1_80' title="bbox 1956 3443 3533 3512">
    <p class='ocr_par' dir='ltr' id='par_1_80' title="bbox 1956 3443 3533 3512">
     <span class='ocr_line' id='line_1_80' title="bbox 1956 3443 3533 3512; baseline 0.001 -17"><span class='ocrx_word' id='word_1_541' title='bbox 1956 3443 2129 3496; x_wconf 70' lang='lat' dir='ltr'><strong>Noetu</strong></span> <span class='ocrx_word' id='word_1_542' title='bbox 2178 3453 2401 3506; x_wconf 82' lang='lat' dir='ltr'><strong>autem,</strong></span> <span class='ocrx_word' id='word_1_543' title='bbox 2456 3444 2641 3497; x_wconf 90' lang='lat' dir='ltr'><strong>insciis</strong></span> <span class='ocrx_word' id='word_1_544' title='bbox 2695 3444 2950 3497; x_wconf 87' lang='lat' dir='ltr'><strong>omnibus</strong></span> <span class='ocrx_word' id='word_1_545' title='bbox 3014 3444 3065 3496; x_wconf 94' lang='lat' dir='ltr'><strong>in</strong></span> <span class='ocrx_word' id='word_1_546' title='bbox 3123 3457 3316 3512; x_wconf 78' lang='lat' dir='ltr'><strong>agrum</strong></span> <span class='ocrx_word' id='word_1_547' title='bbox 3351 3443 3533 3496; x_wconf 89' lang='lat' dir='ltr'><strong>&#39;illum</strong></span> 
     </span>
    </p>
   </div>
   <div class='ocr_carea' id='block_1_81' title="bbox 1955 3534 3545 3605">
    <p class='ocr_par' dir='ltr' id='par_1_81' title="bbox 1955 3534 3545 3605">
     <span class='ocr_line' id='line_1_81' title="bbox 1955 3534 3545 3605; baseline -0.001 -17"><span class='ocrx_word' id='word_1_548' title='bbox 1955 3536 2300 3605; x_wconf 78' lang='lat' dir='ltr'><strong>septuaginta</strong></span> <span class='ocrx_word' id='word_1_549' title='bbox 2341 3536 2536 3590; x_wconf 88' lang='lat' dir='ltr'><strong>stadiis</strong></span> <span class='ocrx_word' id='word_1_550' title='bbox 2573 3535 2822 3589; x_wconf 86' lang='lat' dir='ltr'><strong>dissitum</strong></span> <span class='ocrx_word' id='word_1_551' title='bbox 2874 3534 3172 3604; x_wconf 83' lang='lat' dir='ltr'><strong>profectus,</strong></span> <span class='ocrx_word' id='word_1_552' title='bbox 3221 3535 3545 3604; x_wconf 83' lang='lat' dir='ltr'><strong>deprehensi</strong></span> 
     </span>
    </p>
   </div>
   <div class='ocr_carea' id='block_1_82' title="bbox 1955 3628 3549 3696">
    <p class='ocr_par' dir='ltr' id='par_1_82' title="bbox 1955 3628 3549 3696">
     <span class='ocr_line' id='line_1_82' title="bbox 1955 3628 3549 3696; baseline 0 -14"><span class='ocrx_word' id='word_1_553' title='bbox 1955 3645 2077 3682; x_wconf 89' lang='lat' dir='ltr'><strong>cum</strong></span> <span class='ocrx_word' id='word_1_554' title='bbox 2117 3630 2326 3683; x_wconf 70' lang='lat' dir='ltr'><strong>rnmcha</strong></span> <span class='ocrx_word' id='word_1_555' title='bbox 2386 3628 2611 3683; x_wconf 81' lang='lat' dir='ltr'><strong>Barbari</strong></span> <span class='ocrx_word' id='word_1_556' title='bbox 2667 3635 2830 3695; x_wconf 77' lang='lat' dir='ltr'><strong>caput</strong></span> <span class='ocrx_word' id='word_1_557' title='bbox 2875 3629 3199 3696; x_wconf 84' lang='lat' dir='ltr'><strong>amputavit,</strong></span> <span class='ocrx_word' id='word_1_558' title='bbox 3248 3628 3549 3696; x_wconf 83' lang='lat' dir='ltr'><strong>eademque</strong></span> 
     </span>
    </p>
   </div>
   <div class='ocr_carea' id='block_1_83' title="bbox 1957 3720 3550 3781">
    <p class='ocr_par' dir='ltr' id='par_1_83' title="bbox 1957 3720 3550 3781">
     <span class='ocr_line' id='line_1_83' title="bbox 1957 3720 3550 3781; baseline 0 -9"><span class='ocrx_word' id='word_1_559' title='bbox 1957 3723 2176 3774; x_wconf 87' lang='lat' dir='ltr'><strong>domum</strong></span> <span class='ocrx_word' id='word_1_560' title='bbox 2215 3733 2371 3776; x_wconf 85' lang='lat' dir='ltr'><strong>nocte</strong></span> <span class='ocrx_word' id='word_1_561' title='bbox 2419 3723 2667 3775; x_wconf 89' lang='lat' dir='ltr'><strong>revertit.</strong></span> <span class='ocrx_word' id='word_1_562' title='bbox 2728 3721 2996 3774; x_wconf 73' lang='lat' dir='ltr'><strong>Redeunti</strong></span> <span class='ocrx_word' id='word_1_563' title='bbox 3034 3720 3180 3781; x_wconf 79' lang='lat' dir='ltr'><strong>dein,</strong></span> <span class='ocrx_word' id='word_1_564' title='bbox 3235 3730 3294 3772; x_wconf 93' lang='lat' dir='ltr'><strong>ut</strong></span> <span class='ocrx_word' id='word_1_565' title='bbox 3325 3723 3550 3772; x_wconf 82' lang='lat' dir='ltr'><strong>mainta-</strong></span> 
     </span>
    </p>
   </div>
   <div class='ocr_carea' id='block_1_84' title="bbox 1961 3810 3550 3886">
    <p class='ocr_par' dir='ltr' id='par_1_84' title="bbox 1961 3810 3550 3886">
     <span class='ocr_line' id='line_1_84' title="bbox 1961 3810 3550 3886; baseline -0.001 -19"><span class='ocrx_word' id='word_1_566' title='bbox 1961 3825 2069 3869; x_wconf 88' lang='lat' dir='ltr'><strong>tum</strong></span> <span class='ocrx_word' id='word_1_567' title='bbox 2118 3815 2316 3880; x_wconf 78' lang='lat' dir='ltr'><strong>fuerat,</strong></span> <span class='ocrx_word' id='word_1_568' title='bbox 2352 3815 2617 3886; x_wconf 90' lang='lat' dir='ltr'><strong>postridie</strong></span> <span class='ocrx_word' id='word_1_569' title='bbox 2662 3813 2881 3877; x_wconf 88' lang='lat' dir='ltr'><strong>marito,</strong></span> <span class='ocrx_word' id='word_1_570' title='bbox 2917 3810 3144 3864; x_wconf 83' lang='lat' dir='ltr'><strong>Barbari</strong></span> <span class='ocrx_word' id='word_1_571' title='bbox 3194 3822 3355 3880; x_wconf 87' lang='lat' dir='ltr'><strong>caput</strong></span> <span class='ocrx_word' id='word_1_572' title='bbox 3388 3813 3550 3865; x_wconf 79' lang='lat' dir='ltr'><strong>obtu-</strong></span> 
     </span>
    </p>
   </div>
   <div class='ocr_carea' id='block_1_85' title="bbox 1961 3903 3549 3977">
    <p class='ocr_par' dir='ltr' id='par_1_85' title="bbox 1961 3903 3549 3977">
     <span class='ocr_line' id='line_1_85' title="bbox 1961 3903 3549 3977; baseline -0.001 -21"><span class='ocrx_word' id='word_1_573' title='bbox 1961 3905 2040 3965; x_wconf 85' lang='lat' dir='ltr'><strong>lit,</strong></span> <span class='ocrx_word' id='word_1_574' title='bbox 2074 3916 2422 3974; x_wconf 84' lang='lat' dir='ltr'><strong>percontatus</strong></span> <span class='ocrx_word' id='word_1_575' title='bbox 2466 3921 2533 3958; x_wconf 88' lang='lat' dir='ltr'><strong>au</strong></span> <span class='ocrx_word' id='word_1_576' title='bbox 2585 3905 2848 3977; x_wconf 79' lang='lat' dir='ltr'><strong>novisset.</strong></span> <span class='ocrx_word' id='word_1_577' title='bbox 2901 3903 2990 3956; x_wconf 86' lang='lat' dir='ltr'><strong>Ille</strong></span> <span class='ocrx_word' id='word_1_578' title='bbox 3037 3903 3354 3971; x_wconf 85' lang='lat' dir='ltr'><strong>spectaculo</strong></span> <span class='ocrx_word' id='word_1_579' title='bbox 3425 3918 3549 3972; x_wconf 87' lang='lat' dir='ltr'><strong>per-</strong></span> 
     </span>
    </p>
   </div>
   <div class='ocr_carea' id='block_1_86' title="bbox 1958 3997 3548 4069">
    <p class='ocr_par' dir='ltr' id='par_1_86' title="bbox 1958 3997 3548 4069">
     <span class='ocr_line' id='line_1_86' title="bbox 1958 3997 3548 4069; baseline -0.002 -17"><span class='ocrx_word' id='word_1_580' title='bbox 1958 4016 2173 4065; x_wconf 85' lang='lat' dir='ltr'><strong>cussus,</strong></span> <span class='ocrx_word' id='word_1_581' title='bbox 2204 4009 2259 4054; x_wconf 89' lang='lat' dir='ltr'><strong>et</strong></span> <span class='ocrx_word' id='word_1_582' title='bbox 2297 4001 2451 4069; x_wconf 87' lang='lat' dir='ltr'><strong>quasi</strong></span> <span class='ocrx_word' id='word_1_583' title='bbox 2497 4014 2656 4054; x_wconf 89' lang='lat' dir='ltr'><strong>sensu</strong></span> <span class='ocrx_word' id='word_1_584' title='bbox 2714 4007 2916 4062; x_wconf 85' lang='lat' dir='ltr'><strong>motus,</strong></span> <span class='ocrx_word' id='word_1_585' title='bbox 2978 4013 3101 4050; x_wconf 78' lang='lat' dir='ltr'><strong>mox</strong></span> <span class='ocrx_word' id='word_1_586' title='bbox 3171 3997 3260 4051; x_wconf 87' lang='lat' dir='ltr'><strong>ubi</strong></span> <span class='ocrx_word' id='word_1_587' title='bbox 3311 3998 3548 4067; x_wconf 73' lang='lat' dir='ltr'><strong>agnovit,</strong></span> 
     </span>
    </p>
   </div>
   <div class='ocr_carea' id='block_1_87' title="bbox 1963 4088 3555 4162">
    <p class='ocr_par' dir='ltr' id='par_1_87' title="bbox 1963 4088 3555 4162">
     <span class='ocr_line' id='line_1_87' title="bbox 1963 4088 3555 4162; baseline 0.001 -17"><span class='ocrx_word' id='word_1_588' title='bbox 1963 4094 2148 4146; x_wconf 83' lang='lat' dir='ltr'><strong>multis</strong></span> <span class='ocrx_word' id='word_1_589' title='bbox 2201 4093 2428 4162; x_wconf 71' lang='lat' dir='ltr'><strong>justitite</strong></span> <span class='ocrx_word' id='word_1_590' title='bbox 2487 4107 2651 4146; x_wconf 88' lang='lat' dir='ltr'><strong>causa</strong></span> <span class='ocrx_word' id='word_1_591' title='bbox 2689 4090 2826 4144; x_wconf 84' lang='lat' dir='ltr'><strong>actis</strong></span> <span class='ocrx_word' id='word_1_592' title='bbox 2875 4091 3089 4160; x_wconf 77' lang='lat' dir='ltr'><strong>gratiis,</strong></span> <span class='ocrx_word' id='word_1_593' title='bbox 3141 4088 3364 4144; x_wconf 84' lang='lat' dir='ltr'><strong>domum</strong></span> <span class='ocrx_word' id='word_1_594' title='bbox 3400 4090 3555 4146; x_wconf 70' lang='lat' dir='ltr'><strong>laetus</strong></span> 
     </span>
    </p>
   </div>
   <div class='ocr_carea' id='block_1_88' title="bbox 1963 4174 3225 4239">
    <p class='ocr_par' dir='ltr' id='par_1_88' title="bbox 1963 4174 3225 4239">
     <span class='ocr_line' id='line_1_88' title="bbox 1963 4174 3225 4239; baseline 0.001 -1"><span class='ocrx_word' id='word_1_595' title='bbox 1963 4187 2143 4239; x_wconf 84' lang='lat' dir='ltr'><strong>rediit.</strong></span> <span class='ocrx_word' id='word_1_596' title='bbox 3223 4174 3225 4177; x_wconf 55' lang='grc'><em>’</em></span> 
     </span>
    </p>
   </div>
   <div class='ocr_carea' id='block_1_89' title="bbox 2037 4275 3556 4348">
    <p class='ocr_par' dir='ltr' id='par_1_89' title="bbox 2037 4275 3556 4348">
     <span class='ocr_line' id='line_1_89' title="bbox 2037 4275 3556 4348; baseline 0 -18"><span class='ocrx_word' id='word_1_597' title='bbox 2037 4277 2076 4330; x_wconf 79' lang='grc' dir='ltr'>Ε</span> <span class='ocrx_word' id='word_1_598' title='bbox 2111 4277 2319 4347; x_wconf 77' lang='lat' dir='ltr'><strong>magnis</strong></span> <span class='ocrx_word' id='word_1_599' title='bbox 2339 4276 2598 4331; x_wconf 79' lang='lat' dir='ltr'><strong>Romame</strong></span> <span class='ocrx_word' id='word_1_600' title='bbox 2647 4278 2799 4333; x_wconf 91' lang='lat' dir='ltr'><strong>urbis</strong></span> <span class='ocrx_word' id='word_1_601' title='bbox 2829 4277 3077 4332; x_wconf 91' lang='lat' dir='ltr'><strong>domibus</strong></span> <span class='ocrx_word' id='word_1_602' title='bbox 3108 4279 3197 4348; x_wconf 88' lang='lat' dir='ltr'><strong>(ut</strong></span> <span class='ocrx_word' id='word_1_603' title='bbox 3223 4277 3311 4331; x_wconf 89' lang='lat' dir='ltr'><strong>hic</strong></span> <span class='ocrx_word' id='word_1_604' title='bbox 3356 4275 3556 4347; x_wconf 77' lang='lat' dir='ltr'><strong>refert)</strong></span> 
     </span>
    </p>
   </div>
   <div class='ocr_carea' id='block_1_90' title="bbox 1965 4371 3554 4440">
    <p class='ocr_par' dir='ltr' id='par_1_90' title="bbox 1965 4371 3554 4440">
     <span class='ocr_line' id='line_1_90' title="bbox 1965 4371 3554 4440; baseline 0.001 -19"><span class='ocrx_word' id='word_1_605' title='bbox 1965 4371 2144 4422; x_wconf 87' lang='lat' dir='ltr'><strong>omnia</strong></span> <span class='ocrx_word' id='word_1_606' title='bbox 2169 4371 2309 4422; x_wconf 89' lang='lat' dir='ltr'><strong>intra</strong></span> <span class='ocrx_word' id='word_1_607' title='bbox 2329 4385 2386 4423; x_wconf 86' lang='lat' dir='ltr'><strong>se</strong></span> <span class='ocrx_word' id='word_1_608' title='bbox 2417 4386 2758 4440; x_wconf 52' lang='lat' dir='ltr'><strong>unaqua‘que</strong></span> <span class='ocrx_word' id='word_1_609' title='bbox 2815 4371 3037 4436; x_wconf 86' lang='lat' dir='ltr'><strong>habuit,</strong></span> <span class='ocrx_word' id='word_1_610' title='bbox 3067 4385 3402 4439; x_wconf 68' lang='lat' dir='ltr'><strong>quaacnnque</strong></span> <span class='ocrx_word' id='word_1_611' title='bbox 3431 4385 3554 4423; x_wconf 83' lang='lat' dir='ltr'><strong>nie-</strong></span> 
     </span>
    </p>
   </div>
   <div class='ocr_carea' id='block_1_91' title="bbox 255 4448 1836 4530">
    <p class='ocr_par' dir='ltr' id='par_1_91' title="bbox 255 4449 1836 4528">
     <span class='ocr_line' id='line_1_91' title="bbox 255 4449 1836 4528; baseline -0.003 -18"><span class='ocrx_word' id='word_1_612' title='bbox 255 4476 385 4527; x_wconf 77' lang='grc' dir='ltr'>τρος</span> <span class='ocrx_word' id='word_1_613' title='bbox 403 4449 642 4526; x_wconf 61' lang='grc' dir='ltr'>ἠδύνατο</span> <span class='ocrx_word' id='word_1_614' title='bbox 660 4457 825 4528; x_wconf 74' lang='grc' dir='ltr'>ἔχειν,</span> <span class='ocrx_word' id='word_1_615' title='bbox 861 4459 1198 4528; x_wconf 78' lang='grc' dir='ltr'>ἱππόδρομον</span> <span class='ocrx_word' id='word_1_616' title='bbox 1222 4457 1318 4508; x_wconf 74' lang='grc' dir='ltr'><strong>καὶ</strong></span> <span class='ocrx_word' id='word_1_617' title='bbox 1343 4457 1545 4526; x_wconf 83' lang='grc' dir='ltr'>φόρους</span> <span class='ocrx_word' id='word_1_618' title='bbox 1570 4455 1667 4507; x_wconf 76' lang='grc' dir='ltr'><strong>καὶ</strong></span> <span class='ocrx_word' id='word_1_619' title='bbox 1693 4457 1836 4507; x_wconf 67' lang='grc' dir='ltr'>ναοὺς</span> 
     </span>
    </p>
   </div>
   <div class='ocr_carea' id='block_1_92' title="bbox 1950 4448 3556 4530">
    <p class='ocr_par' dir='ltr' id='par_1_92' title="bbox 1965 4448 3556 4530">
     <span class='ocr_line' id='line_1_92' title="bbox 1965 4448 3556 4530; baseline -0.001 -16"><span class='ocrx_word' id='word_1_620' title='bbox 1965 4462 2166 4516; x_wconf 90' lang='lat' dir='ltr'><strong>diocris</strong></span> <span class='ocrx_word' id='word_1_621' title='bbox 2221 4448 2384 4515; x_wconf 84' lang='lat' dir='ltr'><strong>etiam</strong></span> <span class='ocrx_word' id='word_1_622' title='bbox 2442 4462 2572 4515; x_wconf 83' lang='lat' dir='ltr'><strong>urbs</strong></span> <span class='ocrx_word' id='word_1_623' title='bbox 2608 4462 2808 4515; x_wconf 80' lang='lat' dir='ltr'><strong>habere</strong></span> <span class='ocrx_word' id='word_1_624' title='bbox 2849 4463 3053 4530; x_wconf 76' lang='lat' dir='ltr'><strong>potuit;</strong></span> <span class='ocrx_word' id='word_1_625' title='bbox 3097 4462 3510 4530; x_wconf 78' lang='lat' dir='ltr'><strong>hippodromum</strong></span> <span class='ocrx_word' id='word_1_626' title='bbox 3538 4498 3556 4526; x_wconf 91' lang='lat'><strong>,</strong></span> 
     </span>
    </p>
   </div>
   <div class='ocr_carea' id='block_1_93' title="bbox 256 4547 1858 4623">
    <p class='ocr_par' dir='ltr' id='par_1_93' title="bbox 256 4547 1858 4623">
     <span class='ocr_line' id='line_1_93' title="bbox 256 4547 1858 4623; baseline -0.002 -21"><span class='ocrx_word' id='word_1_627' title='bbox 256 4553 352 4604; x_wconf 70' lang='grc' dir='ltr'><strong>καὶ</strong></span> <span class='ocrx_word' id='word_1_628' title='bbox 402 4548 593 4621; x_wconf 82' lang='grc' dir='ltr'>πηγάς</span> <span class='ocrx_word' id='word_1_629' title='bbox 626 4552 722 4602; x_wconf 75' lang='grc' dir='ltr'><strong>καὶ</strong></span> <span class='ocrx_word' id='word_1_630' title='bbox 754 4551 957 4623; x_wconf 79' lang='grc' dir='ltr'>λουτρά</span> <span class='ocrx_word' id='word_1_631' title='bbox 995 4550 1252 4619; x_wconf 75' lang='grc' dir='ltr'>διάφορα.</span> <span class='ocrx_word' id='word_1_632' title='bbox 1283 4547 1376 4600; x_wconf 83' lang='grc' dir='ltr'><strong>Διὸ</strong></span> <span class='ocrx_word' id='word_1_633' title='bbox 1404 4548 1499 4600; x_wconf 61' lang='grc' dir='ltr'><strong>καὶ¹</strong></span> <span class='ocrx_word' id='word_1_634' title='bbox 1548 4549 1575 4600; x_wconf 84' lang='grc' dir='ltr'>ὁ</span> <span class='ocrx_word' id='word_1_635' title='bbox 1609 4562 1858 4617; x_wconf 85' lang='grc' dir='ltr'>συγγρα-</span> 
     </span>
    </p>
   </div>
   <div class='ocr_carea' id='block_1_94' title="bbox 260 4644 840 4711">
    <p class='ocr_par' dir='ltr' id='par_1_94' title="bbox 260 4644 840 4711">
     <span class='ocr_line' id='line_1_94' title="bbox 260 4644 840 4711; baseline 0.002 -15"><span class='ocrx_word' id='word_1_636' title='bbox 260 4646 395 4711; x_wconf 70' lang='grc' dir='ltr'>φεὺς</span> <span class='ocrx_word' id='word_1_637' title='bbox 428 4644 840 4711; x_wconf 75' lang='grc' dir='ltr'>ἀπεφθέγξατο.</span> 
     </span>
    </p>
   </div>
   <div class='ocr_carea' id='block_1_95' title="bbox 261 4732 1856 4807">
    <p class='ocr_par' dir='ltr' id='par_1_95' title="bbox 261 4732 1856 4807">
     <span class='ocr_line' id='line_1_95' title="bbox 261 4732 1856 4807; baseline -0.004 -15"><span class='ocrx_word' id='word_1_638' title='bbox 261 4734 357 4804; x_wconf 66' lang='grc' dir='ltr'><strong>Εἷς</strong></span> <span class='ocrx_word' id='word_1_639' title='bbox 381 4739 567 4807; x_wconf 78' lang='grc' dir='ltr'>δόμος</span> <span class='ocrx_word' id='word_1_640' title='bbox 581 4738 737 4792; x_wconf 80' lang='grc' dir='ltr'>ἄστυ</span> <span class='ocrx_word' id='word_1_641' title='bbox 750 4739 944 4792; x_wconf 73' lang='grc' dir='ltr'>πόλει·</span> <span class='ocrx_word' id='word_1_642' title='bbox 968 4735 1348 4801; x_wconf 73' lang='grc' dir='ltr'>πόλιςᾶστεα</span> <span class='ocrx_word' id='word_1_643' title='bbox 1359 4734 1544 4804; x_wconf 82' lang='grc' dir='ltr'>μυρία</span> <span class='ocrx_word' id='word_1_644' title='bbox 1562 4734 1759 4787; x_wconf 78' lang='grc' dir='ltr'>κεύθει</span> <span class='ocrx_word' id='word_1_645' title='bbox 1787 4732 1856 4786; x_wconf 68' lang='grc'><strong>⁸⁸.</strong></span> 
     </span>
    </p>
   </div>
   <div class='ocr_carea' id='block_1_96' title="bbox 262 4825 1862 4901">
    <p class='ocr_par' dir='ltr' id='par_1_96' title="bbox 262 4825 1862 4901">
     <span class='ocr_line' id='line_1_96' title="bbox 262 4825 1862 4901; baseline -0.003 -19"><span class='ocrx_word' id='word_1_646' title='bbox 262 4826 449 4883; x_wconf 81' lang='grc' dir='ltr'>Ἦσαν</span> <span class='ocrx_word' id='word_1_647' title='bbox 501 4830 558 4882; x_wconf 81' lang='grc' dir='ltr'>δὲ</span> <span class='ocrx_word' id='word_1_648' title='bbox 603 4831 696 4883; x_wconf 76' lang='grc' dir='ltr'><strong>καὶ</strong></span> <span class='ocrx_word' id='word_1_649' title='bbox 729 4831 931 4901; x_wconf 86' lang='grc' dir='ltr'>λουτρά</span> <span class='ocrx_word' id='word_1_650' title='bbox 974 4829 1207 4900; x_wconf 88' lang='grc' dir='ltr'>δημόσια</span> <span class='ocrx_word' id='word_1_651' title='bbox 1257 4826 1612 4898; x_wconf 81' lang='grc' dir='ltr'>παμμεγέθη.</span> <span class='ocrx_word' id='word_1_652' title='bbox 1681 4828 1745 4878; x_wconf 77' lang='grc' dir='ltr'>Αἱ</span> <span class='ocrx_word' id='word_1_653' title='bbox 1803 4825 1862 4880; x_wconf 83' lang='grc' dir='ltr'>δὲ</span> 
     </span>
    </p>
   </div>
   <div class='ocr_carea' id='block_1_97' title="bbox 275 4901 1862 4990">
    <p class='ocr_par' dir='ltr' id='par_1_97' title="bbox 275 4918 1862 4990">
     <span class='ocr_line' id='line_1_97' title="bbox 275 4918 1862 4990; baseline -0.003 -16"><span class='ocrx_word' id='word_1_654' title='bbox 275 4922 632 4975; x_wconf 71' lang='grc' dir='ltr'>Ἀντωνιαναὶ</span> <span class='ocrx_word' id='word_1_655' title='bbox 665 4921 811 4975; x_wconf 77' lang='grc' dir='ltr'>οὕτω</span> <span class='ocrx_word' id='word_1_656' title='bbox 841 4924 1176 4990; x_wconf 84' lang='grc' dir='ltr'>καλούμεναι</span> <span class='ocrx_word' id='word_1_657' title='bbox 1217 4921 1296 4984; x_wconf 83' lang='grc' dir='ltr'>εἰς</span> <span class='ocrx_word' id='word_1_658' title='bbox 1350 4920 1539 4990; x_wconf 83' lang='grc' dir='ltr'>χρείαν</span> <span class='ocrx_word' id='word_1_659' title='bbox 1567 4919 1677 4972; x_wconf 80' lang='grc' dir='ltr'>τῶν</span> <span class='ocrx_word' id='word_1_660' title='bbox 1709 4918 1862 4971; x_wconf 83' lang='grc' dir='ltr'>λουο-</span> 
     </span>
    </p>
   </div>
   <div class='ocr_carea' id='block_1_98' title="bbox 271 5010 1864 5086">
    <p class='ocr_par' dir='ltr' id='par_1_98' title="bbox 271 5010 1864 5086">
     <span class='ocr_line' id='line_1_98' title="bbox 271 5010 1864 5086; baseline -0.001 -21"><span class='ocrx_word' id='word_1_661' title='bbox 271 5017 451 5082; x_wconf 76' lang='grc' dir='ltr'>μένων</span> <span class='ocrx_word' id='word_1_662' title='bbox 481 5015 751 5085; x_wconf 85' lang='grc' dir='ltr'>καθέδρας</span> <span class='ocrx_word' id='word_1_663' title='bbox 781 5010 928 5086; x_wconf 71' lang='grc' dir='ltr'>εἶχον</span> <span class='ocrx_word' id='word_1_664' title='bbox 945 5016 987 5046; x_wconf 65' lang='grc'><strong>⁸⁷</strong></span> <span class='ocrx_word' id='word_1_665' title='bbox 1022 5014 1438 5083; x_wconf 84' lang='grc' dir='ltr'>παρακειμένας</span> <span class='ocrx_word' id='word_1_666' title='bbox 1467 5013 1644 5084; x_wconf 86' lang='grc' dir='ltr'>χιλίας</span> <span class='ocrx_word' id='word_1_667' title='bbox 1669 5011 1864 5077; x_wconf 62' lang='grc' dir='ltr'>ἐξακοα</span> 
     </span>
    </p>
   </div>
   <div class='ocr_carea' id='block_1_99' title="bbox 269 5101 1864 5179">
    <p class='ocr_par' dir='ltr' id='par_1_99' title="bbox 269 5101 1864 5179">
     <span class='ocr_line' id='line_1_99' title="bbox 269 5101 1864 5179; baseline -0.003 -19"><span class='ocrx_word' id='word_1_668' title='bbox 269 5108 416 5174; x_wconf 74' lang='grc' dir='ltr'>σζσς,</span> <span class='ocrx_word' id='word_1_669' title='bbox 449 5109 516 5160; x_wconf 86' lang='grc' dir='ltr'><strong>ἐκ</strong></span> <span class='ocrx_word' id='word_1_670' title='bbox 544 5107 841 5179; x_wconf 83' lang='grc' dir='ltr'>μαρμάρου</span> <span class='ocrx_word' id='word_1_671' title='bbox 872 5106 1392 5176; x_wconf 85' lang='grc' dir='ltr'>κατεσκευασμένας</span> <span class='ocrx_word' id='word_1_672' title='bbox 1427 5103 1616 5168; x_wconf 82' lang='grc' dir='ltr'>ξεστοῦ</span> <span class='ocrx_word' id='word_1_673' title='bbox 1647 5120 1660 5134; x_wconf 90' lang='grc'><strong>·</strong></span> <span class='ocrx_word' id='word_1_674' title='bbox 1711 5103 1769 5155; x_wconf 81' lang='grc' dir='ltr'>αἱ</span> <span class='ocrx_word' id='word_1_675' title='bbox 1807 5101 1864 5156; x_wconf 78' lang='grc' dir='ltr'>δὲ</span> 
     </span>
    </p>
   </div>
   <div class='ocr_carea' id='block_1_100' title="bbox 1971 4551 3650 4623">
    <p class='ocr_par' dir='ltr' id='par_1_100' title="bbox 1971 4551 3650 4623">
     <span class='ocr_line' id='line_1_100' title="bbox 1971 4551 3650 4623; baseline 0 -17"><span class='ocrx_word' id='word_1_676' title='bbox 1971 4553 2118 4617; x_wconf 86' lang='lat' dir='ltr'><strong>fora,</strong></span> <span class='ocrx_word' id='word_1_677' title='bbox 2147 4553 2368 4607; x_wconf 85' lang='lat' dir='ltr'><strong>delubra</strong></span> <span class='ocrx_word' id='word_1_678' title='bbox 2389 4554 2625 4618; x_wconf 87' lang='lat' dir='ltr'><strong>,fontes,</strong></span> <span class='ocrx_word' id='word_1_679' title='bbox 2655 4554 2803 4607; x_wconf 82' lang='lat' dir='ltr'><strong>varia</strong></span> <span class='ocrx_word' id='word_1_680' title='bbox 2835 4553 3048 4607; x_wconf 73' lang='lat' dir='ltr'><strong>balnea.</strong></span> <span class='ocrx_word' id='word_1_681' title='bbox 3081 4551 3218 4618; x_wconf 85' lang='lat' dir='ltr'><strong>Ilinc</strong></span> <span class='ocrx_word' id='word_1_682' title='bbox 3240 4562 3294 4608; x_wconf 90' lang='lat' dir='ltr'><strong>et</strong></span> <span class='ocrx_word' id='word_1_683' title='bbox 3324 4554 3562 4623; x_wconf 83' lang='lat' dir='ltr'><strong>scriptor</strong></span> <span class='ocrx_word' id='word_1_684' title='bbox 3647 4569 3650 4574; x_wconf 83' lang='lat'>&#39;</span> 
     </span>
    </p>
   </div>
   <div class='ocr_carea' id='block_1_101' title="bbox 1969 4643 2382 4697">
    <p class='ocr_par' dir='ltr' id='par_1_101' title="bbox 1969 4643 2382 4697">
     <span class='ocr_line' id='line_1_101' title="bbox 1969 4643 2382 4697; baseline 0.002 -1"><span class='ocrx_word' id='word_1_685' title='bbox 1969 4643 2046 4696; x_wconf 91' lang='lat' dir='ltr'><strong>sic</strong></span> <span class='ocrx_word' id='word_1_686' title='bbox 2075 4645 2338 4697; x_wconf 80' lang='lat' dir='ltr'><strong>exclamat</strong></span> <span class='ocrx_word' id='word_1_687' title='bbox 2366 4660 2382 4696; x_wconf 91' lang='lat'><strong>:</strong></span> 
     </span>
    </p>
   </div>
   <div class='ocr_carea' id='block_1_102' title="bbox 1973 4731 3558 4800">
    <p class='ocr_par' dir='ltr' id='par_1_102' title="bbox 1973 4731 3558 4800">
     <span class='ocr_line' id='line_1_102' title="bbox 1973 4731 3558 4800; baseline 0.002 -16"><span class='ocrx_word' id='word_1_688' title='bbox 1973 4731 2067 4785; x_wconf 77' lang='lat' dir='ltr'><strong>Est</strong></span> <span class='ocrx_word' id='word_1_689' title='bbox 2098 4732 2220 4784; x_wconf 81' lang='lat' dir='ltr'><strong>urbs</strong></span> <span class='ocrx_word' id='word_1_690' title='bbox 2240 4749 2346 4785; x_wconf 83' lang='lat' dir='ltr'><strong>una</strong></span> <span class='ocrx_word' id='word_1_691' title='bbox 2376 4733 2562 4786; x_wconf 72' lang='lat' dir='ltr'><strong>domus</strong></span> <span class='ocrx_word' id='word_1_692' title='bbox 2584 4748 2603 4786; x_wconf 92' lang='lat'><strong><em>:</em></strong></span> <span class='ocrx_word' id='word_1_693' title='bbox 2637 4733 2778 4786; x_wconf 81' lang='lat' dir='ltr'><strong>mille</strong></span> <span class='ocrx_word' id='word_1_694' title='bbox 2803 4733 2996 4800; x_wconf 78' lang='lat' dir='ltr'><strong>oppida</strong></span> <span class='ocrx_word' id='word_1_695' title='bbox 3015 4732 3243 4786; x_wconf 66' lang='lat' dir='ltr'><strong>continet</strong></span> <span class='ocrx_word' id='word_1_696' title='bbox 3266 4749 3370 4786; x_wconf 83' lang='lat' dir='ltr'><strong>una</strong></span> <span class='ocrx_word' id='word_1_697' title='bbox 3413 4733 3558 4787; x_wconf 79' lang='lat' dir='ltr'><strong>urbs.</strong></span> 
     </span>
    </p>
   </div>
   <div class='ocr_carea' id='block_1_103' title="bbox 1961 4823 3564 4895">
    <p class='ocr_par' dir='ltr' id='par_1_103' title="bbox 1961 4823 3564 4895">
     <span class='ocr_line' id='line_1_103' title="bbox 1961 4823 3564 4895; baseline -0.001 -18"><span class='ocrx_word' id='word_1_698' title='bbox 1961 4823 2072 4878; x_wconf 76' lang='lat' dir='ltr'><strong>Sed</strong></span> <span class='ocrx_word' id='word_1_699' title='bbox 2105 4834 2158 4877; x_wconf 90' lang='lat' dir='ltr'><strong>et</strong></span> <span class='ocrx_word' id='word_1_700' title='bbox 2183 4825 2397 4878; x_wconf 86' lang='lat' dir='ltr'><strong>lavacra</strong></span> <span class='ocrx_word' id='word_1_701' title='bbox 2431 4826 2641 4892; x_wconf 84' lang='lat' dir='ltr'><strong>publica</strong></span> <span class='ocrx_word' id='word_1_702' title='bbox 2682 4825 2883 4895; x_wconf 72' lang='lat' dir='ltr'><strong>ingenti</strong></span> <span class='ocrx_word' id='word_1_703' title='bbox 2916 4840 3136 4894; x_wconf 83' lang='lat' dir='ltr'><strong>prorsus</strong></span> <span class='ocrx_word' id='word_1_704' title='bbox 3163 4824 3314 4879; x_wconf 88' lang='lat' dir='ltr'><strong>fuere</strong></span> <span class='ocrx_word' id='word_1_705' title='bbox 3355 4825 3564 4892; x_wconf 77' lang='lat' dir='ltr'><strong>magni-</strong></span> 
     </span>
    </p>
   </div>
   <div class='ocr_carea' id='block_1_104' title="bbox 1968 4917 3559 4988">
    <p class='ocr_par' dir='ltr' id='par_1_104' title="bbox 1968 4917 3559 4988">
     <span class='ocr_line' id='line_1_104' title="bbox 1968 4917 3559 4988; baseline 0.001 -22"><span class='ocrx_word' id='word_1_706' title='bbox 1968 4918 2182 4981; x_wconf 87' lang='lat' dir='ltr'><strong>tudine,</strong></span> <span class='ocrx_word' id='word_1_707' title='bbox 2229 4919 2516 4986; x_wconf 90' lang='lat' dir='ltr'><strong>equihus,</strong></span> <span class='ocrx_word' id='word_1_708' title='bbox 2585 4933 2705 4988; x_wconf 62' lang='lat' dir='ltr'><strong>quae</strong></span> <span class='ocrx_word' id='word_1_709' title='bbox 2762 4917 3154 4988; x_wconf 69' lang='lat' dir='ltr'><strong>Antoniniana!</strong></span> <span class='ocrx_word' id='word_1_710' title='bbox 3209 4918 3559 4970; x_wconf 91' lang='lat' dir='ltr'><strong>nominantur</strong></span> 
     </span>
    </p>
   </div>
   <div class='ocr_carea' id='block_1_105' title="bbox 1967 5007 3566 5075">
    <p class='ocr_par' dir='ltr' id='par_1_105' title="bbox 1967 5007 3566 5075">
     <span class='ocr_line' id='line_1_105' title="bbox 1967 5007 3566 5075; baseline 0.001 -14"><span class='ocrx_word' id='word_1_711' title='bbox 1967 5010 2231 5075; x_wconf 82' lang='lat' dir='ltr'><strong>thermae,</strong></span> <span class='ocrx_word' id='word_1_712' title='bbox 2267 5013 2333 5064; x_wconf 84' lang='lat' dir='ltr'><strong>ad</strong></span> <span class='ocrx_word' id='word_1_713' title='bbox 2373 5011 2800 5066; x_wconf 87' lang='lat' dir='ltr'><strong>commodiorem</strong></span> <span class='ocrx_word' id='word_1_714' title='bbox 2842 5011 3142 5064; x_wconf 88' lang='lat' dir='ltr'><strong>lavantium</strong></span> <span class='ocrx_word' id='word_1_715' title='bbox 3181 5025 3375 5074; x_wconf 88' lang='lat' dir='ltr'><strong>usum,</strong></span> <span class='ocrx_word' id='word_1_716' title='bbox 3418 5007 3566 5063; x_wconf 87' lang='lat' dir='ltr'><strong>mille</strong></span> 
     </span>
    </p>
   </div>
   <div class='ocr_carea' id='block_1_106' title="bbox 1977 5101 3567 5176">
    <p class='ocr_par' dir='ltr' id='par_1_106' title="bbox 1977 5101 3567 5176">
     <span class='ocr_line' id='line_1_106' title="bbox 1977 5101 3567 5176; baseline -0.001 -19"><span class='ocrx_word' id='word_1_717' title='bbox 1977 5114 2236 5160; x_wconf 81' lang='lat' dir='ltr'><strong>sexcenta</strong></span> <span class='ocrx_word' id='word_1_718' title='bbox 2275 5105 2582 5162; x_wconf 89' lang='lat' dir='ltr'><strong>habuerunt</strong></span> <span class='ocrx_word' id='word_1_719' title='bbox 2615 5107 2805 5162; x_wconf 77' lang='lat' dir='ltr'><strong>sedilia</strong></span> <span class='ocrx_word' id='word_1_720' title='bbox 2837 5123 2868 5163; x_wconf 89' lang='lat' dir='ltr'><strong>e</strong></span> <span class='ocrx_word' id='word_1_721' title='bbox 2897 5122 3174 5163; x_wconf 85' lang='lat' dir='ltr'><strong>marmore</strong></span> <span class='ocrx_word' id='word_1_722' title='bbox 3203 5106 3369 5176; x_wconf 87' lang='lat' dir='ltr'><strong>polito</strong></span> <span class='ocrx_word' id='word_1_723' title='bbox 3401 5101 3567 5157; x_wconf 85' lang='lat' dir='ltr'><strong>fabri-</strong></span> 
     </span>
    </p>
   </div>
   <div class='ocr_carea' id='block_1_107' title="bbox 1557 5237 2240 5295">
    <p class='ocr_par' dir='ltr' id='par_1_107' title="bbox 1557 5237 2240 5295">
     <span class='ocr_line' id='line_1_107' title="bbox 1557 5237 2240 5295; baseline 0.001 -1"><span class='ocrx_word' id='word_1_724' title='bbox 1557 5238 1792 5294; x_wconf 72' lang='lat' dir='ltr'><strong>VAIlI/E</strong></span> <span class='ocrx_word' id='word_1_725' title='bbox 1829 5237 2240 5295; x_wconf 83' lang='lat' dir='ltr'><strong>LECTIONES.</strong></span> 
     </span>
    </p>
   </div>
   <div class='ocr_carea' id='block_1_108' title="bbox 344 5355 3564 5435">
    <p class='ocr_par' dir='ltr' id='par_1_108' title="bbox 344 5355 3564 5435">
     <span class='ocr_line' id='line_1_108' title="bbox 344 5355 3564 5435; baseline 0.001 -21"><span class='ocrx_word' id='word_1_726' title='bbox 344 5362 603 5435; x_wconf 68' lang='lat' dir='ltr'><strong>&quot;_rrpb;A</strong></span> <span class='ocrx_word' id='word_1_727' title='bbox 622 5377 637 5416; x_wconf 90' lang='lat'><strong>:</strong></span> <span class='ocrx_word' id='word_1_728' title='bbox 655 5365 736 5426; x_wconf 80' lang='grc' dir='ltr'><strong>εἰς</strong></span> <span class='ocrx_word' id='word_1_729' title='bbox 763 5381 824 5428; x_wconf 78' lang='grc' dir='ltr'>ς.</span> <span class='ocrx_word' id='word_1_730' title='bbox 903 5365 949 5396; x_wconf 85' lang='grc'><strong>³⁸</strong></span> <span class='ocrx_word' id='word_1_731' title='bbox 973 5363 1272 5435; x_wconf 63' lang='grc' dir='ltr'>γενομένης</span> <span class='ocrx_word' id='word_1_732' title='bbox 1291 5380 1351 5426; x_wconf 78' lang='grc' dir='ltr'>ς.</span> <span class='ocrx_word' id='word_1_733' title='bbox 1427 5362 1472 5435; x_wconf 60' lang='grc' dir='ltr'><strong>³²ξ</strong></span> <span class='ocrx_word' id='word_1_734' title='bbox 1491 5359 1738 5435; x_wconf 73' lang='grc' dir='ltr'>πραχθὲν</span> <span class='ocrx_word' id='word_1_735' title='bbox 1770 5377 1832 5424; x_wconf 78' lang='grc' dir='ltr'>ς.</span> <span class='ocrx_word' id='word_1_736' title='bbox 1876 5361 1922 5435; x_wconf 72' lang='lat'><strong>“_’</strong></span> <span class='ocrx_word' id='word_1_737' title='bbox 1937 5362 2291 5435; x_wconf 72' lang='grc' dir='ltr'>ἀναλύοντες]</span> <span class='ocrx_word' id='word_1_738' title='bbox 2309 5363 2540 5419; x_wconf 79' lang='lat' dir='ltr'><strong>fortasse</strong></span> <span class='ocrx_word' id='word_1_739' title='bbox 2561 5363 2662 5434; x_wconf 78' lang='lat' dir='ltr'><strong>leg.</strong></span> <span class='ocrx_word' id='word_1_740' title='bbox 2683 5365 2973 5435; x_wconf 46' lang='grc' dir='ltr'>ἀλύοντες,</span> <span class='ocrx_word' id='word_1_741' title='bbox 3038 5366 3077 5394; x_wconf 73' lang='grc'><strong><em>⁵⁸</em></strong></span> <span class='ocrx_word' id='word_1_742' title='bbox 3103 5362 3196 5414; x_wconf 75' lang='grc' dir='ltr'>ἐπὶ</span> <span class='ocrx_word' id='word_1_743' title='bbox 3212 5360 3273 5413; x_wconf 83' lang='grc' dir='ltr'><strong>τὸ</strong></span> <span class='ocrx_word' id='word_1_744' title='bbox 3292 5355 3460 5435; x_wconf 1' lang='grc' dir='ltr'>,ῥηθξν</span> <span class='ocrx_word' id='word_1_745' title='bbox 3484 5356 3525 5416; x_wconf 73' lang='grc' dir='ltr'>Α</span> <span class='ocrx_word' id='word_1_746' title='bbox 3551 5388 3564 5399; x_wconf 88' lang='grc'><strong>·</strong></span> 
     </span>
    </p>
   </div>
   <div class='ocr_carea' id='block_1_109' title="bbox 276 5431 586 5500">
    <p class='ocr_par' dir='ltr' id='par_1_109' title="bbox 276 5431 586 5500">
     <span class='ocr_line' id='line_1_109' title="bbox 276 5431 586 5500; baseline 0.019 -18"><span class='ocrx_word' id='word_1_747' title='bbox 276 5431 335 5484; x_wconf 74' lang='grc' dir='ltr'>τὸ</span> <span class='ocrx_word' id='word_1_748' title='bbox 355 5431 508 5500; x_wconf 76' lang='grc' dir='ltr'>ῥῆμα</span> <span class='ocrx_word' id='word_1_749' title='bbox 527 5452 586 5498; x_wconf 83' lang='grc' dir='ltr'>ς.</span> 
     </span>
    </p>
   </div>
   <div class='ocr_carea' id='block_1_110' title="bbox 280 5503 1538 5574">
    <p class='ocr_par' dir='ltr' id='par_1_110' title="bbox 280 5503 1538 5574">
     <span class='ocr_line' id='line_1_110' title="bbox 280 5503 1538 5574; baseline 0.002 -21"><span class='ocrx_word' id='word_1_750' title='bbox 280 5509 610 5574; x_wconf 76' lang='grc' dir='ltr'>χαριστήσας</span> <span class='ocrx_word' id='word_1_751' title='bbox 643 5523 704 5569; x_wconf 81' lang='grc' dir='ltr'>ς.</span> <span class='ocrx_word' id='word_1_752' title='bbox 786 5503 830 5538; x_wconf 76' lang='grc'><strong>’⁵⁸</strong></span> <span class='ocrx_word' id='word_1_753' title='bbox 861 5503 1050 5560; x_wconf 76' lang='grc' dir='ltr'>κεύθει</span> <span class='ocrx_word' id='word_1_754' title='bbox 1087 5509 1132 5558; x_wconf 68' lang='grc' dir='ltr'>Α</span> <span class='ocrx_word' id='word_1_755' title='bbox 1192 5522 1208 5559; x_wconf 87' lang='lat'><strong>:</strong></span> <span class='ocrx_word' id='word_1_756' title='bbox 1255 5503 1440 5573; x_wconf 86' lang='grc' dir='ltr'>τεύχει</span> <span class='ocrx_word' id='word_1_757' title='bbox 1477 5520 1538 5566; x_wconf 82' lang='grc' dir='ltr'>ς.</span> 
     </span>
    </p>
   </div>
   <div class='ocr_carea' id='block_1_111' title="bbox 697 5431 2116 5532">
    <p class='ocr_par' dir='ltr' id='par_1_111' title="bbox 697 5431 2116 5532">
     <span class='ocr_line' id='line_1_111' title="bbox 697 5431 2116 5532; baseline -0.001 -44"><span class='ocrx_word' id='word_1_758' title='bbox 697 5437 745 5472; x_wconf 70' lang='grc'><strong>⁵³</strong></span> <span class='ocrx_word' id='word_1_759' title='bbox 779 5431 1171 5532; x_wconf 56' lang='grc' dir='ltr'>ξμοιχεὲετολ</span> <span class='ocrx_word' id='word_1_760' title='bbox 1207 5431 1388 5500; x_wconf 53' lang='grc' dir='ltr'>ι’ἐγνω</span> <span class='ocrx_word' id='word_1_761' title='bbox 1412 5432 1584 5500; x_wconf 76' lang='grc' dir='ltr'>αὐτὴν</span> <span class='ocrx_word' id='word_1_762' title='bbox 1617 5431 2023 5532; x_wconf 59' lang='grc' dir='ltr'>μοιχευομένην</span> <span class='ocrx_word' id='word_1_763' title='bbox 2055 5452 2116 5499; x_wconf 79' lang='grc' dir='ltr'>ς.</span> 
     </span>
     <span class='ocr_line' id='line_1_112' title="bbox 812 5503 1886 5532; baseline 0 0"><span class='ocrx_word' id='word_1_764' title='bbox 812 5509 830 5532; x_wconf 71' lang='grc' dir='ltr'><strong>α</strong></span> <span class='ocrx_word' id='word_1_765' title='bbox 861 5507 958 5532; x_wconf 56' lang='grc' dir='ltr'><strong>-.-Α</strong></span> <span class='ocrx_word' id='word_1_766' title='bbox 1003 5523 1047 5532; x_wconf 83' lang='grc'><strong>-.</strong></span> <span class='ocrx_word' id='word_1_767' title='bbox 1102 5509 1120 5532; x_wconf 67' lang='grc' dir='ltr'><strong>ι</strong></span> <span class='ocrx_word' id='word_1_768' title='bbox 1193 5522 1208 5532; x_wconf 88' lang='grc'><strong><em>.</em></strong></span> <span class='ocrx_word' id='word_1_769' title='bbox 1255 5503 1436 5532; x_wconf 59' lang='grc' dir='ltr'><strong>--.τηη</strong></span> <span class='ocrx_word' id='word_1_770' title='bbox 1478 5520 1516 5532; x_wconf 80' lang='grc'><strong>.-</strong></span> <span class='ocrx_word' id='word_1_771' title='bbox 1698 5518 1720 5532; x_wconf 59' lang='grc' dir='ltr'><strong>.μ</strong></span> <span class='ocrx_word' id='word_1_772' title='bbox 1750 5519 1809 5532; x_wconf 64' lang='grc' dir='ltr'><strong>..ε</strong></span> <span class='ocrx_word' id='word_1_773' title='bbox 1849 5519 1886 5532; x_wconf 67' lang='grc' dir='ltr'>ι-</span> 
     </span>
    </p>
   </div>
   <div class='ocr_carea' id='block_1_112' title="bbox 1696 5518 1908 5571">
    <p class='ocr_par' dir='ltr' id='par_1_112' title="bbox 1696 5518 1908 5571">
     <span class='ocr_line' id='line_1_113' title="bbox 1696 5518 1908 5571; baseline 0 -17"><span class='ocrx_word' id='word_1_774' title='bbox 1696 5518 1811 5571; x_wconf 85' lang='grc' dir='ltr'>ειχε</span> <span class='ocrx_word' id='word_1_775' title='bbox 1847 5519 1908 5565; x_wconf 81' lang='grc' dir='ltr'>ς.</span> 
     </span>
    </p>
   </div>
   <div class='ocr_carea' id='block_1_113' title="bbox 2195 5429 3570 5505">
    <p class='ocr_par' dir='ltr' id='par_1_113' title="bbox 2195 5429 3570 5505">
     <span class='ocr_line' id='line_1_114' title="bbox 2195 5429 3570 5505; baseline -0.009 -16"><span class='ocrx_word' id='word_1_776' title='bbox 2195 5435 2242 5466; x_wconf 64' lang='grc'>⁸³</span> <span class='ocrx_word' id='word_1_777' title='bbox 2275 5429 2495 5505; x_wconf 72' lang='grc' dir='ltr'>οἰκέτην</span> <span class='ocrx_word' id='word_1_778' title='bbox 2538 5429 2638 5499; x_wconf 63' lang='grc' dir='ltr'><strong>ς.’</strong></span> <span class='ocrx_word' id='word_1_779' title='bbox 2681 5437 2725 5466; x_wconf 67' lang='grc'><strong>’⁵⁵</strong></span> <span class='ocrx_word' id='word_1_780' title='bbox 2755 5433 3115 5504; x_wconf 81' lang='grc' dir='ltr'>ἐπιγινώσκει</span> <span class='ocrx_word' id='word_1_781' title='bbox 3147 5449 3206 5496; x_wconf 85' lang='grc' dir='ltr'>ς.</span> <span class='ocrx_word' id='word_1_782' title='bbox 3288 5431 3334 5461; x_wconf 73' lang='grc'><strong>⁵⁸</strong></span> <span class='ocrx_word' id='word_1_783' title='bbox 3398 5429 3570 5484; x_wconf 63' lang='grc' dir='ltr'>ἄπειμ’·</span> 
     </span>
    </p>
   </div>
   <div class='ocr_carea' id='block_1_114' title="bbox 1795 5614 2031 5672">
    <p class='ocr_par' dir='ltr' id='par_1_114' title="bbox 1795 5614 2031 5672">
     <span class='ocr_line' id='line_1_115' title="bbox 1795 5614 2031 5672; baseline 0.008 -2"><span class='ocrx_word' id='word_1_784' title='bbox 1795 5614 2031 5672; x_wconf 67' lang='lat' dir='ltr'><strong>NOTAE.</strong></span> 
     </span>
    </p>
   </div>
   <div class='ocr_carea' id='block_1_115' title="bbox 358 5714 1853 5786">
    <p class='ocr_par' dir='ltr' id='par_1_115' title="bbox 358 5714 1853 5786">
     <span class='ocr_line' id='line_1_116' title="bbox 358 5714 1853 5786; baseline 0 -18"><span class='ocrx_word' id='word_1_785' title='bbox 358 5714 470 5786; x_wconf 73' lang='lat'><strong>(58)</strong></span> <span class='ocrx_word' id='word_1_786' title='bbox 503 5715 788 5786; x_wconf 79' lang='lat' dir='ltr'><strong>Discrepat</strong></span> <span class='ocrx_word' id='word_1_787' title='bbox 848 5717 936 5771; x_wconf 90' lang='lat' dir='ltr'><strong>hic</strong></span> <span class='ocrx_word' id='word_1_788' title='bbox 983 5715 1224 5786; x_wconf 83' lang='lat' dir='ltr'><strong>calculus</strong></span> <span class='ocrx_word' id='word_1_789' title='bbox 1250 5720 1320 5770; x_wconf 86' lang='lat' dir='ltr'><strong>ab</strong></span> <span class='ocrx_word' id='word_1_790' title='bbox 1368 5714 1509 5777; x_wconf 88' lang='lat' dir='ltr'><strong>aliis,</strong></span> <span class='ocrx_word' id='word_1_791' title='bbox 1562 5729 1686 5786; x_wconf 68' lang='lat' dir='ltr'><strong>nam</strong></span> <span class='ocrx_word' id='word_1_792' title='bbox 1724 5729 1853 5768; x_wconf 75' lang='lat' dir='ltr'><strong>\vnr</strong></span> 
     </span>
    </p>
   </div>
   <div class='ocr_carea' id='block_1_116' title="bbox 289 5785 1854 5854">
    <p class='ocr_par' dir='ltr' id='par_1_116' title="bbox 289 5785 1854 5854">
     <span class='ocr_line' id='line_1_117' title="bbox 289 5785 1854 5854; baseline 0.002 -19"><span class='ocrx_word' id='word_1_793' title='bbox 289 5785 415 5854; x_wconf 63' lang='lat' dir='ltr'><strong>Kal.</strong></span> <span class='ocrx_word' id='word_1_794' title='bbox 452 5785 727 5854; x_wconf 80' lang='lat' dir='ltr'><strong>Septemb.</strong></span> <span class='ocrx_word' id='word_1_795' title='bbox 773 5787 976 5842; x_wconf 84' lang='lat' dir='ltr'><strong>obiisse</strong></span> <span class='ocrx_word' id='word_1_796' title='bbox 1004 5785 1304 5840; x_wconf 88' lang='lat' dir='ltr'><strong>llonorium</strong></span> <span class='ocrx_word' id='word_1_797' title='bbox 1333 5791 1550 5840; x_wconf 87' lang='lat' dir='ltr'><strong>tradunt</strong></span> <span class='ocrx_word' id='word_1_798' title='bbox 1578 5785 1854 5849; x_wconf 78' lang='lat' dir='ltr'><strong>Socrates,</strong></span> 
     </span>
    </p>
   </div>
   <div class='ocr_carea' id='block_1_117' title="bbox 293 5853 1411 5926">
    <p class='ocr_par' dir='ltr' id='par_1_117' title="bbox 293 5853 1411 5926">
     <span class='ocr_line' id='line_1_118' title="bbox 293 5853 1411 5926; baseline 0.004 -20"><span class='ocrx_word' id='word_1_799' title='bbox 293 5853 540 5926; x_wconf 65' lang='lat' dir='ltr'><strong>Proslier,</strong></span> <span class='ocrx_word' id='word_1_800' title='bbox 575 5855 918 5912; x_wconf 76' lang='lat' dir='ltr'><strong>Marcellinus</strong></span> <span class='ocrx_word' id='word_1_801' title='bbox 945 5867 999 5912; x_wconf 90' lang='lat' dir='ltr'><strong>et</strong></span> <span class='ocrx_word' id='word_1_802' title='bbox 1025 5858 1411 5912; x_wconf 66' lang='lat' dir='ltr'><strong>Cassiodorus.</strong></span> 
     </span>
    </p>
   </div>
   <div class='ocr_carea' id='block_1_118' title="bbox 2041 5708 3578 5785">
    <p class='ocr_par' dir='ltr' id='par_1_118' title="bbox 2041 5708 3578 5785">
     <span class='ocr_line' id='line_1_119' title="bbox 2041 5708 3578 5785; baseline -0.007 -17"><span class='ocrx_word' id='word_1_803' title='bbox 2041 5715 2152 5784; x_wconf 83' lang='lat'><strong>(59)</strong></span> <span class='ocrx_word' id='word_1_804' title='bbox 2184 5714 2283 5772; x_wconf 90' lang='lat' dir='ltr'><strong>Ilie</strong></span> <span class='ocrx_word' id='word_1_805' title='bbox 2322 5714 2382 5771; x_wconf 86' lang='grc' dir='ltr'><strong>Β.</strong></span> <span class='ocrx_word' id='word_1_806' title='bbox 2425 5716 2731 5785; x_wconf 79' lang='lat' dir='ltr'><strong>Augustino</strong></span> <span class='ocrx_word' id='word_1_807' title='bbox 2763 5710 3148 5782; x_wconf 76' lang='lat' dir='ltr'><strong>pcrl&#39;atniliaris</strong></span> <span class='ocrx_word' id='word_1_808' title='bbox 3179 5708 3312 5772; x_wconf 86' lang='lat' dir='ltr'><strong>fuit,</strong></span> <span class='ocrx_word' id='word_1_809' title='bbox 3365 5712 3424 5761; x_wconf 86' lang='lat' dir='ltr'><strong>ut</strong></span> <span class='ocrx_word' id='word_1_810' title='bbox 3450 5716 3578 5760; x_wconf 50' lang='lat' dir='ltr'><strong>cret</strong></span> 
     </span>
    </p>
   </div>
   <div class='ocr_carea' id='block_1_119' title="bbox 1970 5787 2958 5868">
    <p class='ocr_par' dir='ltr' id='par_1_119' title="bbox 1970 5787 2958 5856">
     <span class='ocr_line' id='line_1_120' title="bbox 1970 5787 2958 5856; baseline -0.004 -15"><span class='ocrx_word' id='word_1_811' title='bbox 1970 5787 2080 5841; x_wconf 77' lang='lat' dir='ltr'><strong>brze</strong></span> <span class='ocrx_word' id='word_1_812' title='bbox 2106 5789 2385 5856; x_wconf 80' lang='lat' dir='ltr'><strong>utriusque</strong></span> <span class='ocrx_word' id='word_1_813' title='bbox 2418 5787 2612 5840; x_wconf 75' lang='lat' dir='ltr'><strong>littera:</strong></span> <span class='ocrx_word' id='word_1_814' title='bbox 2645 5787 2958 5841; x_wconf 87' lang='lat' dir='ltr'><strong>ostendunt.</strong></span> 
     </span>
    </p>
   </div>
  </div>
