3926 6442
503 431 612 496 283

1671 416 1936 476 PHOTII
1975 390 2484 475 PATRIARCIIJE
2520 415 2634 476 cr.

3692 417 3789 479 234

506 547 769 600 cedonum
790 538 996 610 judicio
1018 577 1032 601 ,
1070 549 1255 604 regum
1283 532 1500 587 nurnine
1527 531 1811 610 imperium
1841 543 2096 597 procura-

2217 527 2280 586 ιίς
2311 529 2438 589 τοὺς
2467 526 2612 595 ἀμφὶ
2658 526 2983 598 Περδίκκαν,
3014 525 3063 579 οἳ
3094 526 3271 597 κρίσει
3308 527 3425 581 τῶν
3473 530 3792 591 Μακεδόνων

510 642 664 692 bant.
689 605 887 687 Narrat
910 628 1201 694 deinceps,
1235 635 1293 677 ιιι
1323 621 1614 677 Alexandri
1640 605 1968 671 sit-divisum
1999 617 2102 668 im-

510 731 739 796 perittnt.
764 723 905 778 Asia:
931 721 1145 790 quidem
1177 718 1279 771 hoc
1307 715 1487 768 modo.
1521 711 1810 765 Ptolemaeo
1840 709 1969 775 Lagi
1997 708 2106 760 lilio

509 822 677 874 totius
699 815 914 885 (Egypti
937 856 950 876 .
969 822 1023 866 et
1049 811 1228 880 Libyae.
1251 852 1266 874 ,
1292 818 1345 861 et
1361 807 1538 861 omnis
1557 805 1692 856 ultra
1715 804 1856 856 hanc
1876 799 2108 868 regionis

512 911 750 978 [Egyplu
767 904 1063 974 adjacentis
1082 941 1096 964 ,
1124 902 1406 969 itttperimu
1421 899 1632 952 datum.
1652 895 1967 948 Cleomenes
1979 907 2109 946 vero

513 997 581 1050 ab
597 997 909 1049 Alexandro
936 1008 1061 1061 rege
1084 991 1208 1044 huic
1239 989 1500 1054 Satrapite
1526 985 1828 1053 impositus.
1851 984 2105 1036 vicariam

511 1087 804 1142 Ptolemmo
857 1095 1114 1152 praestare
1180 1096 1398 1148 cperam
1425 1079 1610 1146 jussus
1654 1086 1758 1129 est.
1801 1075 2106 1129 Laomedon

513 1182 845 1252 Mitylenatns
868 1178 1079 1248 Syr-iant
1104 1175 1297 1240 tenuit;
1329 1173 1598 1231 Philotas.
1625 1170 1890 1232 Ciliciam;
1915 1167 2106 1220 Pithon

514 1288 667 1336 vero,
698 1269 957 1334 Mediam;
983 1269 1273 1330 Eumenes,
1297 1264 1700 1332 Cappadociam
1738 1273 1792 1316 et
1811 1261 2111 1330 Paphlago-

514 1347 698 1427 niam,
724 1374 1026 1433 gentC-Sqne
1051 1363 1116 1413 ad
1149 1360 1415 1412 Euxinum
1451 1367 1673 1424 pontum
1707 1357 1839 1410 sitas
1866 1395 1880 1420 ,
1913 1355 1977 1406 ad
2015 1371 2108 1406 us-

513 1473 620 1524 que
669 1455 1088 1523 Trapezuntem.
1138 1447 1440 1518 Ant3g0ttns
1473 1447 1812 1516 Pamphyliis
1848 1457 1903 1500 ct
1929 1445 2112 1500 Cilici-

514 1552 614 1604 bus
634 1549 746 1618 (72)
783 1547 1069 1614 pra-luctus
1112 1555 1192 1598 est
1216 1587 1229 1605 ,
1278 1557 1448 1612 usqtte
1479 1543 1542 1595 ad
1574 1542 1887 1612 Phrygiam.
1946 1542 2111 1594 Asan-

513 1643 612 1694 dro
665 1642 831 1695 Cares
869 1641 980 1706 (75)
1027 1640 1367 1690 obvenerunt
1404 1652 1417 1698 ;
1473 1633 1600 1704 Lydi
1631 1649 1756 1689 vero
1792 1633 2107 1690 Menandro.

511 1734 784 1790 Leonatus
808 1732 1124 1802 Phrygiam,
1166 1746 1289 1800 qua:
1315 1733 1378 1782 ad
1393 1728 1550 1800 64b
1581 1727 1980 1797 Hellespontum
2007 1736 2108 1792 est,

509 1827 966 1894 obtinuit.Atqne
999 1825 1070 1877 ita
1091 1825 1307 1892 quidem
1344 1825 1471 1875 Asia
1527 1815 1852 1874 distributa.
1901 1819 1957 1873 ltt
2001 1820 2109 1872 En-

511 1935 642 1989 ropa
665 1957 680 1982 ,
750 1918 979 1971 Thracia
1010 1959 1023 1980 ,

514 2012 710 2064 ιιι.ιρΙιο
764 2008 921 2062 cessit
952 2006 1098 2076 (74).
1130 2006 1414 2072 Antipater
1467 2013 1645 2058 autem
1686 2005 1950 2058 universa:
1995 2005 2109 2058 Ma-

511 2099 786 2164 cedonia},
820 2111 874 2150 et
910 2096 1164 2160 Graeciaa,
1208 2095 1403 2166 Illyriis
1436 2096 1560 2148 item
1585 2136 1599 2162 ,
1629 2108 1681 2148 et
1710 2095 1961 2148 Triballis
1983 2134 1996 2157 ,
2031 2107 2112 2148 at-

511 2206 617 2261 que
648 2191 897 2260 Agrianis
919 2231 936 2257 ,
960 2191 1331 2258 omnibusque
1361 2190 1498 2241 adeo
1535 2190 1599 2242 iis
1623 2229 1637 2252 ,
1672 2190 1865 2255 quibus
1897 2189 1949 2242 in
1981 2204 2112 2242 cou-

513 2281 752 2353 t.nente[
774 2281 1030 2351 Europaea
1058 2281 1073 2353 ]
1115 2283 1288 2334 fuerat
1313 2282 1379 2334 ab
1398 2282 1706 2336 Alexandro
1730 2283 1902 2336 adhuc
1920 2299 2112 2350 super-
2144 2336 2147 2337 ,

511 2375 638 2428 stite
667 2389 789 2428 cum
822 2378 975 2444 plena
1016 2386 1070 2428 et
1101 2390 1314 2428 summa
1340 2383 1604 2442 potestate
1640 2376 1936 2442 imperator
1965 2391 2106 2443 praer

511 2465 706 2519 fectus.
757 2464 1041 2520 Curatoris
1101 2481 1262 2534 porro
1302 2464 1578 2530 alliciunt,
1648 2482 1877 2535 quzeque
1913 2468 1981 2520 ad
2027 2483 2111 2519 rc-

510 2559 650 2626 giatn
669 2560 1002 2626 perlinerent
1033 2559 1250 2612 tutelam
1273 2599 1287 2623 ,
1315 2557 1540 2614 Cratero
1579 2560 1929 2612 mandata.At
1966 2559 2108 2626 quod

511 2665 782 2703 summum
801 2660 884 2703 est
904 2651 1044 2718 apud
1074 2649 1394 2705 Macedonas
1411 2650 1690 2718 dignitatis
1705 2651 1944 2713 culmen,
1973 2649 2106 2704 Per-

509 2746 691 2796 diccas
725 2740 1122 2809 Hephaestionis
1160 2743 1531 2795 chiliarchiam
1565 2743 1738 2796 tenuit
1766 2741 1932 2811 (75).

492 2865 504 2874 ς
584 2833 832 2886 Indorum
857 2834 1098 2885 omnium
1133 2832 1369 2901 praefecti
1405 2833 1572 2888 Porus
1599 2845 1653 2887 el.
1677 2832 1903 2888 Taxiles
1929 2837 2104 2888 l'uerc.

509 2925 588 2977 Ac
653 2925 791 2978 Poro
813 2926 1051 2994 quidem,
1112 2942 1234 2994 quae
1283 2926 1481 2979 ludunt
1520 2926 1661 2980 inter
1711 2938 1758 2980 el
1816 2926 2105 2996 Hydaspen

511 3018 732 3070 littniina
770 3016 989 3085 jacent;
1024 3017 1202 3070 Taxili
1249 3033 1376 3070 vero
1427 3019 1632 3086 reliqua
1670 3029 1796 3073 sunt
1825 3021 2104 3074 attrilmta.

505 3110 706 3162 «Pithon
737 3108 850 3178 (76)
879 3109 1016 3162 alter
1041 3110 1232 3163 horum
1261 3111 1505 3165 ﬁnitimis
1534 3111 1840 3179 imperavit,
1868 3112 2108 3181 exceptis

2208 619 2578 689 ἐπετρόπευον
2617 621 2801 680 αὐτοῖς
2838 620 2938 689 τὴν
2977 620 3176 690 ἀρχήν.
3209 618 3443 685 Διέξεισι
3476 623 3568 674 καὶ
3591 622 3790 698 ὃπωςή

2207 707 2304 760 τοῦ
2343 709 2694 780 Ἀλεξάνδρου
2725 709 3020 779 διενεμήθη
3062 711 3226 780 ἀρχήί
3267 709 3392 783 [116
3440 711 3536 785 Η.]
3582 716 3660 768 Τά
3702 720 3791 788 μέν

2209 800 2302 853 οὖν
2331 801 2432 871 τῆς
2468 802 2653 865 Ἀσίας
2675 802 2839 856 οὓτω.
2887 803 3223 872 Πτολεμαῖος
3251 807 3279 857 ὁ
3311 807 3497 873 Λάγου
3524 808 3791 875 Αἰγύπτου

2211 893 2393 963 πάσης
2444 894 2536 968 καὶ
2567 893 2772 957 Λιὸύης
2834 893 2928 946 καὶ
2978 895 3076 969 τῆς
3116 896 3373 949 ἐπέκεινα
3437 899 3577 968 γῆς,
3629 902 3791 973 ὁπόση

2211 985 2472 1054 Αἰγύπτῳ
2515 987 2798 1050 συνάπτει,
2835 987 3024 1058 ἄρχειν
3065 989 3270 1059 ἐτάχθη
3299 1009 3312 1021 ·
3347 989 3376 1041 ὁ
3399 991 3456 1044 δὲ
3483 992 3563 1062 τῷ
3596 992 3794 1061 βασιλεῖ

2229 1076 2564 1148 Ἀλεξάνδρῳ
2617 1077 2713 1131 ἐπὶ
2763 1081 2830 1149 τῇ
2881 1080 3190 1150 σατραπείᾳ
3238 1081 3411 1154 ταύτῃ
3467 1085 3795 1153 τεταγμένος

2215 1171 2529 1241 Κλεομένης
2561 1171 2804 1241 ὕπαρχος
2837 1173 3157 1243 Πτολεμαίῳ
3183 1176 3560 1245 ἀποκατέστη.
3587 1178 3794 1246 Λαομέ-

2212 1262 2314 1314 δων
2337 1263 2391 1314 δὲ
2414 1266 2441 1314 ὁ
2460 1265 2824 1329 Μιτυληναῖος
2853 1264 3040 1332 Σύρων
3069 1265 3327 1334 ἡγεῖσθαι
3353 1267 3670 1337 ἀπεφάνθη,
3706 1271 3797 1323 καὶ

2212 1350 2455 1414 Φιλώτας
2482 1351 2582 1420 μὲν
2609 1352 2886 1417 Κιλικίας,
2921 1353 3100 1406 Πίθων
3125 1357 3169 1386 ⁸³
3196 1355 3250 1408 δὲ
3282 1356 3521 1425 Μηδίας,
3556 1359 3798 1429 Εὐμένης

2213 1445 2268 1506 δὲ
2316 1445 2710 1508 Καππαδοκίας
2758 1464 2817 1498 τε
2866 1447 2958 1498 καὶ
3013 1448 3397 1516 Παφλαγονίας
3435 1452 3532 1504 καὶ
3567 1453 3676 1505 τῶν
3713 1454 3798 1506 ἐπὶ

2215 1537 2304 1588 τὸν
2333 1535 2585 1602 Εὔξεινον
2613 1537 2805 1590 πόντον
2840 1540 3138 1593 κατιόντων
3185 1543 3350 1612 μέχρι
3380 1545 3475 1595 καὶ
3507 1545 3564 1605 ἐς
3588 1545 3799 1614 Τραπερ

2217 1629 2412 1691 ζοῦντα
2436 1631 2504 1693 ⁷ο,
2548 1631 2851 1698 Ἀντίγονος
2880 1633 2937 1684 δὲ
2962 1628 3274 1700 Παμφύλων
3314 1635 3409 1686 καὶ
3436 1634 3676 1688 Κιλίκιον
3709 1637 3798 1706 μέ-

2217 1739 2307 1792 κρι
2341 1722 2605 1791 Φρυγίας,
2642 1724 2842 1793 Καρῶν
2875 1724 2931 1775 δὲ
2958 1725 3282 1794 νΑσανδρος,
3315 1723 3436 1795 [201
3465 1724 3562 1796 H.]
3593 1727 3796 1780 Μέναν-

2222 1814 2348 1882 δρος
2379 1813 2434 1864 δέ
2460 1812 2668 1874 Λυδῶν,
2705 1814 2986 1876 Λεωνάτος
3009 1813 3064 1865 δὲ
3093 1815 3193 1884 τῆς
3222 1814 3307 1882 ἐφ’
3356 1815 3737 1887 Ἑλλησπόντῳ
3755 1819 3793 1849 τί

1091 1918 1344 1982 quidem,
1411 1924 1462 1967 et.
1516 1912 1896 1966 Cherronesus
1948 1911 2106 1981 Lysi-

2217 1906 2475 1977 Φρυγίας.
2509 1907 2761 1980 Καὶιτῶν
2795 1908 2892 1977 μὲν
2925 1907 3192 1960 Ἀσιανῶν
3221 1909 3386 1974 οὕτω,
3417 1909 3529 1961 τῶν
3561 1909 3606 1962 δ’
3632 1910 3799 1977 Εὐρω-

2214 1999 2392 2050 παίων
2417 1997 2640 2068 Θρᾴκης
2675 1998 2772 2066 μὲν
2793 1999 2886 2049 καὶ
2908 1999 3255 2068 Χερρονήσου
3292 1999 3636 2068 Λυσίμαχος,
3681 2000 3794 2054 Ἀν-

2212 2093 2476 2162 τίπατρος
2512 2091 2568 2143 δὲ
2624 2093 2718 2144 ἐπὶ
2767 2093 2902 2145 πᾶσι
2948 2092 3228 2145 Μακεδόσι
3275 2094 3370 2144 καὶ
3426 2093 3658 2164 ’Ἕλλησι
3709 2095 3797 2148 καὶ

2227 2184 2509 2255 Ἰλλυριοῖς
2552 2186 2646 2237 καὶ
2676 2185 2998 2256 Τριϐαλλοῖς
3034 2185 3130 2238 καὶ
3161 2187 3415 2256 ’Λγριᾶσι
3446 2189 3543 2240 καὶ
3578 2189 3677 2241 ὅσα
3703 2188 3794 2257 τῆς

2214 2278 2445 2348 ¹ἢπείρου
2487 2277 2690 2343 eam”
2736 2279 3084 2352 Ἀλεξάνδρου
3111 2283 3418 2352 στρατηγὸς
3448 2284 3796 2354 αὐτοκράτωρ

2213 2375 2495 2428 ἐτέτακτο.
2525 2375 2635 2442 Τὴν
2658 2373 2715 2425 δὲ
2749 2373 3079 2443 κηδεμονίαν
3110 2374 3205 2426 καὶ
3239 2376 3338 2442 ὅση
3374 2375 3680 2445 προστασία
3705 2375 3796 2446 τῆς

2215 2465 2515 2535 βασιλείας,
2553 2467 2834 2536 Κρατερὸς
2874 2465 3182 2534 ἐπετράπη,
3219 2466 3347 2536 διδὴ
3389 2465 3698 2537 πρώτιστον
3718 2485 3796 2519 τι-

2217 2559 2320 2627 μῆς
2345 2557 2493 2619 τέλος
2525 2559 2673 2627 παρὰ
2699 2557 3010 2609 Μακεδόσι·
3038 2558 3344 2628 Περδίκκας
3378 2558 3438 2611 δὲ
3469 2559 3568 2628 τὴν
3610 2558 3795 2626 Ἠφαι-

2216 2651 2438 2712 στίωνος
2473 2650 2806 2720 χιλιαρχίαν.
3584 2644 3586 2646 ’

2283 2826 2464 2885 Ἦσαν
2493 2832 2546 2884 δὲ
2567 2832 2824 2902 ἄρχοντες
2863 2832 3039 2886 Ἰνδῶν
3072 2832 3171 2902 μὲν
3194 2833 3464 2886 ἁπάντων
3489 2833 3679 2900 Πῶρος
3709 2833 3796 2886 καὶ

2213 2923 2447 2992 Ταξίλης
2482 2940 2492 2953 ’
2531 2925 2644 2974 ἀλλ’
2668 2927 2694 2976 ὁ
2727 2926 2826 2994 μὲν
2860 2925 3050 2994 Πῶρος
3084 2925 3132 2977 οἳ
3168 2927 3224 2976 ἐν
3258 2927 3409 2996 μέσῳ
3445 2925 3614 2978 Ἰνδοῦ
3643 2943 3797 2978 ποτα-

2217 3017 2319 3086 μοῦ
2356 3018 2447 3069 καὶ
2485 3017 2759 3070 Ὑδάσπου
2792 3019 3073 3087 νέμονται,
3104 3018 3340 3090 Ταξίλης
3367 3020 3426 3072 δὲ
3449 3021 3558 3072 τῶν
3581 3020 3793 3073 λοιπῶν.

2213 3110 2396 3164 Πίθων
2422 3112 2466 3142 ⁷³
2498 3110 2555 3162 δέ
2583 3128 2665 3173 τις
2718 3111 2826 3163 τῶν
2865 3113 3074 3175 τούτοις
3126 3113 3345 3183 ὁμόρων
3402 3115 3613 3183 ἠγεῖτο,
3666 3113 3796 3180 πλὴν

513 3201 877 3256 l’aratnisadis
906 3202 1038 3272 (77).
1066 3202 1168 3268 Qui
1224 3219 1352 3256 vero
1387 3201 1534 3257 ludis
1586 3204 1909 3258 contermini
1958 3217 2103 3272 sunt,

2217 3204 2619 3273 Παραμισάξων
2643 3205 2708 3257 7‘.
2748 3206 2808 3256 Οἱ
2833 3204 2889 3256 δὲ
2918 3205 3288 3267 συνάπτοντες
3311 3204 3522 3268 Ἰνδοῖς,
3554 3206 3666 3258 ὅσοι
3701 3204 3796 3256 ὑπὸ

512 3293 613 3346 sub
641 3294 930 3348 Caucaseis
955 3295 1228 3348 montibus
1248 3293 1566 3360 incolentes,
1590 3295 1842 3366 Oxyartte
1872 3297 2104 3362 Bactrio,

512 3385 769 3439 Roxanes
823 3387 980 3454 patri,
1021 3389 1234 3454 regewli
1282 3388 1616 3455 obtigerunt.
1665 3387 1798 3442 llnic
1859 3388 2103 3444 RIIX'JIHB

513 3477 656 3531 lilius
712 3486 871 3530 natus
920 3487 1040 3545 post
1095 3479 1392 3531 Alexandri
1461 3479 1629 3546 patris
1682 3482 2106 3549 obitum,quem

512 3587 666 3640 aeque
692 3575 937 3639 parentis
975 3573 1193 3626 nomine
1231 3572 1600 3627 Alexandrum
1651 3575 1979 3630 Macedones
2011 3591 2106 3644 ap-

513 3662 804 3730 pellarunt.
833 3662 1152 3717 Arachosiis
1183 3676 1236 3715 et
1265 3662 1545 3718 Gedrosiis
1572 3666 1845 3736 Sibyrtius
1875 3666 2106 3736 pra-'fuit.

516 3755 783 3806 Stasanor
835 3752 932 3824 [ιιι.
968 3752 1252 3824 Slattosor]
1304 3755 1568 3809 Soliensis
1619 3757 1758 3825 apttd
1817 3757 2007 3810 Arcios
2058 3766 2110 3810 et

515 3843 760 3914 D:angus
797 3849 1061 3915 regnavit.
1126 3845 1407 3914 Philippus
1472 3848 1761 3917 Sogdianis
1799 3850 2107 3918 imperavit,

517 3951 573 3990 ut
605 3937 990 4015 lt.ulapharnes
1024 3938 1334 4008 llyrcamis,
1379 3951 1431 3994 et
1458 3939 1848 4006 Neoptolemus
1881 3941 2111 3995 Carma-

518 4030 641 4083 niae.
722 4031 904 4086 Persa:
980 4030 1258 4086 Pencestze
1326 4043 1645 4101 paruerunt.
1709 4034 2106 4105 Sogdianorum

516 4124 719 4193 quippe
747 4139 969 4192 regnum
1003 4124 1236 4194 Oropius
1265 4137 1534 4191 tenuerat,
1582 4144 1686 4181 non
1717 4144 1745 4181 a
1780 4137 1934 4197 patre
1985 4127 2110 4181 reli-

519 4229 691 4277 ctum.
728 4217 820 4271 sed
854 4221 921 4271 ah
965 4220 1277 4273 Alexandro
1338 4225 1644 4289 acceptum.
1678 4220 1777 4286 Qui
1820 4230 2106 4290 postquam

519 4307 572 4363 in
601 4323 720 4361 eam
756 4310 1120 4364 ca!amitalem
1170 4311 1386 4378 incidit,
1443 4323 1503 4366 ut
1538 4312 1924 4382 perduellionis
1987 4328 2112 4366 reus

517 4416 685 4470 regno
710 4401 996 4456 cauendus
1028 4412 1192 4466 esset,
1230 4406 1690 4458 communicatum
1718 4422 1839 4459 cum
1865 4407 1970 4460 alio
1996 4405 2109 4476 (78)

518 4493 711 4545 horum
747 4490 1192 4566 [Sogdianorum]
1229 4497 1744 4568 itnperiuttt_tenuit.
1781 4498 2106 4569 Babylonio-

2215 3296 2325 3349 τοῖς
2354 3293 2692 3356 Καυκασίοις
2722 3294 2942 3365 opaci”
2974 3295 3254 3363 νέμονται,
3288 3295 3565 3367 Ὀξυάρτῃ
3597 3295 3670 3365 τῷ
3703 3294 3798 3347 Βα-

2216 3385 2409 3456 κτρίῳ,
2457 3385 2516 3447 ὃς
2545 3382 2613 3456 ἦν
2663 3387 2939 3456 Ῥωξάνης
2969 3387 3173 3457 πατὴρ,
3210 3389 3507 3458 είς-ἀρχὴν
3531 3391 3794 3454 ἀπενεμή-

2216 3477 2428 3548 θησαν·
2462 3473 2528 3548 ἧς
2568 3478 2763 3549 ἐτέχθη
2812 3482 2942 3541 παῖς
2970 3480 3108 3548 μετὰ
3134 3480 3226 3532 τὸν
3253 3479 3347 3533 τοῦ
3378 3480 3589 3550 πατρὸς
3619 3478 3796 3542 Ἀλεξ-

2217 3571 2414 3639 άνδρου
2455 3570 2708 3634 θάνατον,
2741 3564 2787 3638 ᾧ
2837 3573 2899 3623 τὸ
2945 3571 3277 3624 Μακεδόνων
3329 3572 3539 3641 πλῆθος
3577 3572 3668 3625 τοῦ
3699 3590 3794 3624 πα-

2213 3663 2342 3733 τρὸς
2376 3662 2475 3733 τὴν
2513 3664 2890 3733 προσηγορίαν
2919 3663 3275 3734 Ἀλέξανδρον
3311 3663 3518 3718 ἔθεντο.
3564 3665 3794 3734 ’Λραχω-

2217 3756 2348 3808 σίων
2381 3755 2438 3806 δέ
2471 3756 2564 3808 καὶ
2599 3754 2923 3824 Γαδρωσίων
2962 3757 3171 3825 ἐπῆρχε
3200 3755 3508 3825 Σιϐύρτιος,
3547 3756 3642 3809 καὶ
3665 3756 3793 3807 Στα-

2217 3849 2399 3918 σάνωρ
2429 3850 2456 3900 ὁ
2489 3847 2670 3910 Σόλιος
2701 3848 2930 3918 Ἀρείων
2963 3849 3058 3900 καὶ
3097 3849 3361 3918 Δράγγων
3392 3850 3597 3917 ἡγεῖτο.
3620 3847 3794 3898 Φιλίπ-

2216 3957 2318 3992 που
2345 3941 2400 3992 δὲ
2433 3935 2501 4009 ἦν
2527 3940 2669 4010 ἁρχὴ
2702 3941 2979 4007 Σογδιανοὶ
3014 3941 3108 3994 καὶ
3148 3940 3553 4012 Ῥαδαφέρνους
3607 3941 3796 4010 Ὑρκα-

2217 4033 2326 4086 νίαι
2386 4035 2478 4086 καὶ
2520 4032 2905 4103 Νεοπτολέμου
2956 4031 3273 4103 Καρμανία.
3320 4034 3536 4104 Πέρσαι
3593 4034 3648 4086 δὲ
3704 4033 3798 4084 ὐπδ

2219 4126 2506 4199 Πευκέστῃ
2557 4126 2884 4196 ἐτάχθησαν.
2933 4127 3042 4196 Τὴν
3081 4125 3138 4178 δὲ
3185 4125 3488 4194 Σογδιανῶν
3533 4124 3795 4196 βασιλείαν

2231 4217 2499 4290 Ὀρῶπιος
2521 4213 2686 4288 εἶχεν,
2718 4220 2778 4272 ού
2821 4219 3050 4286 πάτριον
3073 4219 3214 4289 ἔχων
3240 4219 3436 4290 ἀρχὴν,
3463 4218 3602 4273 ἀλλὰ
3630 4217 3796 4277 δόντος

2217 4311 2384 4364 αὐτοῦ
2403 4311 2759 4381 Ἀλεξάνδρου
2786 4330 2799 4342 '
2824 4315 2945 4364 ἐπεὶ
2966 4311 3022 4364 δὲ
3042 4312 3175 4382 τύχη
3203 4329 3283 4374 τις
3309 4309 3457 4381 αὐτῷ
3474 4310 3762 4363 συνέπεσεν
3780 4347 3793 4371 ,

2216 4403 2644 4467 ἐπαναστάσεως
2703 4407 2886 4458 αἰτίαν
2953 4405 3208 4472 φεύγοντι
3270 4405 3654 4474 παραλυθῆναι
3711 4402 3798 4469 τῆς

2218 4496 2418 4565 ἀρχῆς,
2456 4497 2577 4548 τότε
2608 4495 2802 4558 κοινῶς
2839 4496 3019 4548 αὐτῶν
3052 4495 3152 4566 τὴν
3184 4495 3361 4566 ἀρχὴν
3395 4492 3534 4565 εἶχε.
3565 4493 3798 4547 Βαϐυλω-

519 4605 638 4642 rum
671 4605 820 4653 vero,
851 4591 1079 4661 ejusque
1109 4595 1345 4661 regionis
1375 4609 1495 4662 quae
1524 4567 1706 4648 media
1737 4567 1943 4664 Tigrim
1992 4596 2102 4667 (79)

2217 4589 2343 4640 νίων
2385 4589 2442 4640 δέ
2473 4588 2690 4655 καὶτῆς
2742 4587 2914 4657 μέσης
2965 4585 3076 4639 τῶν
3111 4587 3374 4657 ποταμῶν
3413 4587 3683 4658 Τίγρητος
3714 4579 3798 4635 καὶ

519 4683 662 4736 inter
691 4694 747 4738 et
779 4683 1110 4753 Euphratem
1141 4685 1333 4741 ﬂuvios
1367 4689 1470 4742 sita
1507 4697 1610 4754 est,
1646 4688 1717 4741 ita
1757 4690 2102 4744 distributum

519 4774 830 4841 imperium,
873 4773 1062 4830 utillis
1099 4777 1322 4846 quidem
1370 4777 1652 4840 Seleucus,
1705 4777 2108 4847 Mesopotamiae

515 4881 649 4920 vero
669 4866 973 4923 Archelaus
1007 4869 1317 4939 imperaret.
1353 4868 1452 4924 Hic
1487 4873 1671 4940 itaque
1701 4873 1967 4938 gentium,
2012 4889 2108 4927 ea-

515 4975 746 5028 rumque
774 4961 1152 5029 prwfectorum
1180 4965 1478 5034 catalogus,
1509 4974 1796 5033 postquam
1825 4963 2110 5022 Perdiccas

2211 4683 2532 4752 Εὐφράτου,
2575 4681 2684 4734 τῶν
2713 4681 2812 4751 μὲν
2835 4681 3118 4745 Σέλευκος,
3152 4682 3251 4750 τῆς
3299 4681 3354 4733 δὲ
3381 4678 3798 4747 Μεσοποταμίας

2226 4776 2521 4845 Ἀρχέλαος
2588 4770 2749 4845 ἦρχε.
2807 4773 3040 4826 Τοσόσδε
3099 4774 3336 4844 ἀριθμὸς
3393 4773 3562 4826 ἐθνῶν
3593 4788 3648 4823 τε
3713 4769 3800 4821 καὶ

2213 4870 2423 4922 ἔθνεσιν
2483 4869 2763 4939 ἀρχόντων
2834 4862 2924 4938 ἦν,
2982 4868 3071 4920 ὅτε
3134 4867 3444 4935 Περδίκκας
3513 4865 3649 4937 μετὰ
3709 4862 3798 4930 τῂν

2228 4961 2584 5030 Ἀλεξάνδρου
2606 4960 2868 5029 τελευτὴν
2895 4960 2994 5023 τὰς
3021 4959 3195 5030 ἀρχὰς
3217 4958 3422 5028 ἔνειμε.
3447 4960 3558 5011 Καὶ
3577 4959 3644 5009 τὰ
3673 4953 3796 5008 ἄλλα

1784 5059 2021 5117 VARle
2050 5061 2458 5120 LECTIONES.

581 5154 627 5186 θ’
656 5153 859 5208 πείθων
891 5172 972 5224 pr.
1010 5157 1076 5219 A,
1126 5155 1315 5210 πύθων
1368 5171 1512 5210 corr.
1589 5157 1634 5188 ⁷ο
1664 5158 2068 5226 τραπεζοῦντος
2130 5161 2195 5215 Α.

1121 5226 1167 5258 ⁷⁷⁸
1187 5227 1617 5298 παραμεισαδῶν
1647 5229 1690 5280 A
1724 5247 1737 5281 :
1776 5245 1961 5282 verum
1994 5240 2079 5286 est
2112 5226 2614 5300 Παροπαμισαδῶν.

515 5225 559 5256 ’³
593 5226 780 5279 πύθων
804 5244 947 5281 corr.
975 5228 1040 5281 A.

2273 5160 2317 5189 ⁷⁸
2360 5155 2753 5221 Ἑλλησπόντου
2809 5168 2954 5207 corr.
2979 5153 3020 5204 A
3055 5169 3069 5204 :
3147 5152 3192 5182 ⁷⁸
3224 5150 3369 5214 ἐξέτι
3397 5151 3440 5204 Α
3473 5167 3486 5204 :
3525 5149 3581 5215 ἓξ
3605 5148 3696 5218 ἐτη
3741 5161 3795 5208 ς.

2694 5226 2740 5256 ⁷³
2762 5223 2832 5276 τά
2885 5223 3182 5275 Καυκάσια
3223 5222 3324 5292 ὅρη
3377 5238 3438 5284 ς.

2081 5325 2316 5382 NOTAE.

600 5423 712 5490 (7'2)
749 5422 852 5477 Pro
891 5425 976 5478 his
1002 5423 1165 5478 habet
1196 5421 1296 5476 inl'.
1330 5421 1504 5492 Lyciis
1537 5425 1757 5478 Arrian.
1784 5427 1907 5480 cod.
1937 5425 2026 5480 92-

593 5492 703 5561 (73)
731 5493 1099 5547 Cassandrum
1137 5494 1499 5564 apudjustin.
1541 5506 1596 5549 et
1635 5497 1881 5549 Curtium
1911 5496 2055 5564 leges
2091 5513 2104 5549 :

531 5573 587 5634 ut
621 5574 673 5615 et
720 5565 770 5615 in
807 5567 983 5631 priore
1029 5567 1236 5632 imperii
1278 5563 1609 5619 Macedonici
1658 5566 1924 5620 divisione
1967 5563 2106 5634 apud

514 5633 810 5687 Arrianum
845 5635 940 5688 inf.
969 5640 1092 5690 cod.
1125 5635 1217 5688 92.

593 5702 704 5772 (74)
749 5703 950 5758 llormn
990 5706 1389 5759 triumviratum
1417 5707 1672 5760 coaleras
1703 5705 1830 5761 licet
1853 5723 1975 5761 cum
2012 5711 2112 5764 Ar-

521 5774 678 5840 ;iatto
711 5775 838 5828 infr.
862 5779 984 5831 Cutl.
1021 5777 1110 5830 92.

597 5842 709 5910 (75)
735 5841 910 5914 Jungo
945 5846 1059 5900 haec
1103 5864 1225 5900 cum
1259 5846 1529 5901 Perdicca:
1564 5846 2112 5915 dignitatepsecutus

519 5910 968 5988 Arrtmmm—inl'.
1034 5931 1087 5972 et
1147 5923 1215 5971 ita
1279 5921 1502 5988 exigunt
1565 5910 1650 5972 res
1719 5921 1785 5973 dc
1834 5910 2109 5975 'Pcrdtcca

525 5995 764 6050 ﬁtil'liillt'.

2288 5425 2400 5496 (76)
2427 5422 2543 5496 Non
2570 5421 2680 5486 ille,
2709 5422 2794 5496 cui
2822 5437 2974 5496 supr.
3007 5419 3238 5496 Mediam
3284 5419 3575 5496 obvenisse
3601 5412 3794 5495 retulit,

2209 5488 2304 5551 sed
2330 5488 2490 5565 quem
2518 5493 2782 5562 Agenoris
2815 5493 2983 5545 lilium
3022 5494 3152 5544 facit
3174 5489 3448 5551 Justinus,
3473 5500 3527 5541 et
3551 5488 3795 5542 Arrianus

2222 5565 2907 5707 ΠΙίίῖξίωρἓιῆίῃαηιὶεαάαδ
2960 5632 3104 5701 leges
3153 5631 3291 5684 iul'ra
3339 5630 3478 5700 apud
3519 5627 3793 5682 Arrianunt
3869 5659 3878 5664 .

2220 5707 2563 5843 coi17822Cum
2596 5773 2844 5842 Philippo
2882 5774 3163 5839 nimirum,
3217 5771 3299 5825 cui
3341 5769 3452 5840 jam
3509 5782 3624 5824 mox
3699 5762 3795 5817 50-

2227 5850 2406 5920 gdiani
2446 5846 2690 5920 attributi
2729 5845 3064 5920 legebantur.

2303 5919 2413 5989 (7.9)
2451 5914 2602 5970 Unde
2634 5914 3011 5983 Mesopotamia
3041 5915 3180 5969 dicta
3200 5923 3302 5970 cst.
