3926 6456
509 370 611 436 291

1671 363 1938 425 ΡΙΙΟΤΙΙ
1976 361 2494 423 ΡΑΤΒΙΑΒΕΗᾹΞ
2535 360 2646 423 CP.

3685 359 3780 426 292

513 495 715 558 gestas,
737 483 893 538 libris
925 481 1038 552 (96)
1058 481 1250 536 tribus.
1281 477 1468 532 Refert
1501 487 1691 532 auctor
1721 476 1943 531 Hosinm
1973 476 2103 530 Cor-

2214 475 2394 544 τύπῳ,
2422 475 2497 528 Τὰ
2514 473 2665 526 κατὰ
2685 471 2797 540 τὴν
2821 471 2891 524 ἐν
2911 470 3125 535 Νικαίᾳ
3148 469 3416 522 σύνοδον
3436 475 3775 540 πραχθένταο

535 580 689 632 «Ιιιιιυε
718 578 890 646 episc.
923 586 978 628 et
1009 575 1254 626 Bitonem
1293 570 1406 639 (97)
1437 582 1598 645 atque
1627 568 1967 622 Vincentium
2003 566 2110 618 Ro-

524 686 724 723 manos
756 669 1090 731 sacerdotes,
1120 664 1366 717 Silrestri
1396 662 1625 716 Romani
1663 660 1935 728 pontificis
1965 659 2110 728 lega-

519 776 620 826 tos,
661 763 919 824 adfuisse,
971 760 1143 826 ipsum
1185 769 1401 826 quoque
1452 755 1789 810 Eustathiqu
1816 751 2112 804 Antioche-

520 873 646 907 num
709 853 1098 920 patriarcham,
1161 858 1217 901 et
1275 849 1645 902 AleXandrum
1730 844 2105 914 presbyterum

523 947 895 1016 Metmpbauis
957 940 1549 1011 ConstantinOpolitaui
1593 941 1864 1006 legatum;
1935 950 2108 1003 neque

515 1042 662 1094 enim
708 1041 816 1102 hic,
868 1048 1030 1091 aetate
1063 1035 1345 1092 confectus
1393 1029 1772 1101 (centesimum
1807 1029 2109 1083 excedebat

526 1132 773 1198 anunm),
801 1129 990 1183 adesse
1016 1137 1250 1197 poterat.
1271 1124 1520 1179 Adfnisse
1542 1123 1972 1177 ctAlexandrum
1993 1120 2104 1191 (98)

521 1223 867 1276 Alexandria:
925 1221 1250 1283 antistitem,
1307 1235 1410 1271 una
1471 1233 1592 1272 cum
1633 1215 1953 1276 Athanasio,
2013 1215 2104 1282 qtti

514 1331 635 1386 post
697 1316 858 1370 etiam
896 1317 944 1369 ei
1007 1316 1058 1368 in
1110 1315 1423 1382 episcOpatu
1480 1310 1784 1364 successit:
1815 1318 1868 1362 et
1911 1322 2106 1378 praeter

513 1426 607 1463 eos
654 1409 814 1480 69b
859 1407 1154 1461 Macarintn
1209 1403 1714 1472 Hierosolymorum
1785 1403 2113 1470 praesulem.-

514 1518 634 1552 cum
671 1515 860 1568 magna
925 1509 1186 1566 prteterea
1235 1497 1612 1564 episcoporum
1649 1509 1711 1548 ac
1753 1495 2101 1546 Sacen-lotum

516 1591 879 1642 multitudine.
939 1588 1197 1642 ludictam
1251 1598 1433 1640 autem
1488 1588 1754 1655 synodum
1815 1590 2101 1644 menmrat,

510 1698 657 1736 anno
723 1683 936 1736 decimo
991 1692 1147 1736 sexto
1175 1680 1290 1750 (99)
1322 1680 1533 1747 imperii
1562 1679 1900 1732 Constantini
1928 1693 1941 1738 ;
2001 1677 2104 1729 du-

511 1789 770 1842 rasseqne
831 1775 1078 1827 actiones
1123 1772 1240 1838 ejus
1289 1772 1353 1824 ad
1389 1786 1561 1839 usque
1589 1771 1832 1838 ejusdem
1868 1770 2099 1836 primum

512 1875 563 1918 et
607 1866 924 1916 vicesimum
980 1878 1179 1915 anmun
1219 1877 1343 1915 cum
1395 1861 1673 1922 semestri,
1730 1870 1787 1913 ut
1843 1861 2097 1914 nimirum

510 1971 604 2010 sex
631 1957 706 2025 (l)
733 1957 876 2025 ipsos
906 1971 1078 2008 annos
1103 1953 1123 2025 Ι
1150 1953 1338 2007 Patres
1366 1952 1388 2025 ]
1411 1953 1782 2006 consederint.

581 2132 946 2186 Exturhatum
1002 2130 1074 2183 ibi
1136 2129 1304 2182 refert
1353 2129 1563 2190 Arium,
1621 2137 1675 2182 et
1732 2127 2101 2182 anathematis

510 2225 736 2276 fulmine
762 2222 1072 2283 confixum,
1120 2223 1213 2274 sed
1246 2221 1368 2273 inde
1409 2221 1602 2272 iterum
1627 2227 1882 2272 conatum
1930 2221 2101 2286 impe-

512 2328 656 2368 trare
685 2315 1069 2368 admissiouem
1091 2355 1107 2380 ,
1146 2311 1481 2366 tentantibus
1511 2312 1559 2363 id
1588 2327 1959 2379 smpenumero
1986 2312 2098 2366 Ett-

508 2409 662 2462 sebio
691 2406 1089 2460 Nicomediensi
1143 2412 1392 2474 praesule,
1432 2418 1485 2458 et
1521 2405 1747 2458 Eutocio
1782 2405 1858 2475 (2)
1890 2406 2097 2460 Ariano

507 2501 826 2571 presbytero
874 2501 1146 2562 ordinato,
1200 2515 1360 2566 quem
1409 2496 1792 2566 posteriorem,
1855 2499 2097 2551 animam

509 2606 677 2661 agens
707 2593 1026 2646 Constantia
1062 2593 1413 2660 imperatoris
1431 2609 1608 2659 soror,
1633 2594 1787 2648 fratri
1814 2610 2096 2649 commen-

508 2687 686 2740 darat.
734 2683 932 2736 Verum
975 2684 1075 2739 etsi
1119 2686 1308 2737 Arium
1361 2685 1448 2738 isti
1498 2686 1548 2738 in
1584 2685 1884 2740 Ecclesiam
1943 2688 2100 2739 redu-

509 2791 636 2828 cere
668 2776 850 2827 conati
890 2776 1115 2835 fuerint,
1160 2791 1264 2827 nun
1299 2776 1613 2842 permisisse
1641 2785 1821 2828 tatnen
1857 2776 2096 2828 divinam

511 2865 789 2932 ultionem,
817 2869 1026 2920 hostem
1061 2868 1202 2920 hunc
1229 2867 1483 2922 Ecclesiae
1503 2883 1613 2921 sum
1635 2870 1834 2935 templo
1854 2869 2097 2920 sanctio-

469 2987 475 2992 -
511 2961 666 3028 rique
701 2958 862 3029 adyto
925 2959 1182 3012 insultare
1241 2960 1367 3011 dum
1402 2959 1507 3012 lata
1551 2962 1601 3011 in
1649 2975 1768 3012 eum
1801 2961 2096 3020 sententia,

512 3053 565 3105 in
613 3051 828 3105 latriuis
871 3051 1041 3105 voluit
1092 3061 1260 3104 Vllalll
1314 3053 1615 3104 terminare
1661 3051 1851 3105 eodem
1891 3053 1979 3104 illo
2015 3052 2101 3103 die

2216 566 2372 634 τόμοι
2411 565 2469 616 δὲ
2500 563 2560 615 τὸ
2591 562 2795 632 βιϐλίον
2817 563 2838 593 ⁸
2875 563 3046 630 τρεῖς.
3082 562 3245 626 Λέγει
3278 559 3333 611 δὲ
3365 559 3453 612 τὸν
3479 563 3574 630 μὲν
3606 563 3776 620 "Osirin

2213 657 2308 709 τὸν
2344 656 2438 708 τοῦ
2475 653 2827 725 Κουδρούὸης
2863 651 3104 724 ['2081L]
3129 653 3221 704 καὶ
3256 651 3460 705 Βίτωνα
3481 656 3571 705 καὶ
3609 657 3777 710 Βικέν.

2212 767 2328 803 τιον
2351 791 2365 814 ,
2407 747 2756 817 Ῥωμαῖκοὺς
2782 748 2996 818 ἱερέας,
3041 748 3104 799 ἐκ
3151 744 3442 816 προσώπου
3479 747 3776 820 Σιλδέστρου

2216 840 2311 894 τοῦ
2365 839 2584 910 Ῥώμης
2616 842 2869 910 παρεῖναι
2896 879 2910 898 ,
2947 837 3242 892 Εὐστάθιον
3271 839 3326 890 δὲ
3344 839 3434 891 τὸν
3465 841 3778 910 Ἀντιοχείας

2213 932 2376 986 αὑτὸν
2416 935 2623 984 ἐκεῖνον
2657 969 2671 992 ,
2719 930 3069 999 Ἀλέξανδρον
3089 969 3104 994 ,
3140 929 3198 992 ὃς
3228 931 3349 982 τότε
3372 938 3393 968 δ
3423 931 3775 1002 πρεσϐυτέρου

2211 1025 2430 1094 ἀξίωμα
2457 1021 2634 1095 εἶχεν,
2668 1026 2748 1088 εἰς
2784 1025 3078 1094 πρόσωπον
3108 1023 3240 1075 τοῦδ
3272 1026 3773 1077 Κωνσταντινουπὸ-

2210 1121 2346 1183 λεως
2375 1119 2780 1190 Μητροιρὰνους
2809 1120 3068 1189 παρεῖναι
3099 1133 3112 1147 ·
3143 1119 3351 1180 ἐκεῖνος
3396 1117 3502 1186 γὰρ
3527 1118 3776 1170 ἐκωλύετο

2213 1212 2507 1282 βαθυτάτῳ
2545 1213 2722 1280 γήρᾳ,
2753 1211 2874 1262 ἐπεὶ
2902 1210 3053 1278 αὐτῷ
3091 1211 3118 1261 ὁ
3145 1209 3334 1278 χρόνος
3376 1209 3470 1262 τοῦ
3502 1208 3615 1278 βίου
3647 1210 3775 1280 ὑπὲρ

2194 1304 2282 1376 ,τὰ
2310 1303 2509 1354 ἑκατὸν
2546 1301 2884 1366 ὲξετείνετοἰ
2913 1300 3030 1369 ἔτη.
3081 1299 3454 1367 Συμπαρεῖναι
3486 1299 3577 1349 καὶ
3615 1299 3777 1363 Ἀλέξ-

2209 1395 2402 1466 ανδρον
2435 1396 2525 1448 τὸν
2571 1393 2973 1463 Ἀλεξανδρείας
3005 1393 3121 1463 ἃμα
3164 1391 3474 1460 Ἀθανασίῳ
3499 1431 3512 1452 ,
3543 1391 3597 1453 ὃς
3629 1390 3776 1444 ὓστε-

2213 1504 2304 1558 ρον
2331 1488 2424 1539 κα¹ι
2447 1486 2686 1556 διάδοχος
2714 1485 2807 1536 τοῦ
2833 1485 3025 1554 θρόνου
3050 1483 3443 1551 κατέστη.Ἔτι
3464 1483 3518 1534 δὲ
3539 1501 3610 1535 πα
3619 1487 3776 1551 ρεῖναι

2209 1580 2304 1632 καὶ
2354 1579 2446 1632 τὸν
2503 1577 2894 1649 Ἰεροσολύμων
2951 1577 3235 1644 Μακάρων
3273 1577 3366 1628 καὶ
3418 1575 3544 1627 ἄλλο
3591 1576 3776 1644 πλῆθος

2207 1672 2513 1742 ἀρχιερέων
2559 1673 2652 1724 καὶ
2683 1671 2895 1741 ἱερέων.
2942 1669 3393 1738 Συγκροτηθῆναι
3431 1669 3487 1719 δε
3529 1685 3656 1737 φησι
3686 1669 3773 1735 τὴν

2211 1765 2430 1816 σύνοδον
2468 1763 2869 1830 ἐξκαιδεκιτιτῳ⁷
2910 1760 3018 1813 ἔτει
3049 1761 3146 1829 τῆς
3181 1758 3595 1812 Κωνσταντίνου
3625 1758 3768 1827 βασι-

2205 1857 2392 1919 λείας,
2437 1853 2819 1924 παραταθῆναι
2870 1853 2925 1905 δὲ
2972 1851 3176 1920 ταύτης
3211 1851 3310 1912 τὰς
3357 1850 3588 1920 πράξεις
3629 1851 3776 1920 μέχρι

2205 1947 2459 2017 δευτέρου
2484 1947 2612 1998 καὶθ
2659 1946 2907 1998 εἰκοστοῦ
2941 1945 3170 2014 ἡμίσεος
3190 1987 3206 2009 ,
3240 1943 3336 2006 ἓξν
3361 1943 3604 2013 δηλονότι
3644 1943 3776 1995 ἔτεσι

2204 2041 2410 2112 ταύτης
2451 2041 2951 2110 συγκροτουμένης.

2274 2135 2413 2203 Φησὶ
2435 2133 2489 2186 δὲ
2520 2133 2913 2202 καθαιρεθῆναι
2964 2132 3062 2201 μὲν
3097 2131 3316 2202 Ἀρειον
3346 2129 3441 2182 καὶ
3491 2129 3776 2199 ἀναθέματι

2205 2225 2690 2295 καθυποὸληθῆναι
2710 2266 2723 2290 ,
2750 2221 2870 2278 εἶτα
2895 2225 3059 2277 πάλιν
3083 2223 3378 2295 πειρᾶσθαι
3401 2223 3590 2275 ὥστείο
3616 2239 3777 2292 παρα-

2204 2319 2460 2386 δεχθῆναι
2511 2333 2525 2347 ·
2587 2317 2682 2369 καὶ
2737 2315 2893 2369 τοῦτο
2937 2316 3201 2379 πολλάκις
3253 2314 3672 2386 ὲπιτηδευθῆναι
3717 2313 3778 2366 δι’

2205 2410 2468 2461 Εὑσεϐίου
2488 2449 2502 2473 ,
2533 2409 2591 2472 ὃς
2619 2404 2758 2480 ἦρχε
2790 2409 3160 2480 Νικομηδείας
3180 2449 3193 2471 ,
3223 2410 3316 2461 καὶ
3336 2408 3401 2460 δι’
3430 2407 3685 2460 Εύτοκίου
3727 2406 3780 2460 δὲ

2203 2502 2298 2554 τοῦ
2349 2502 2662 2572 Ἀρειανοῦ.
2721 2503 3097 2573 πρεσϐυτέρου
3145 2502 3363 2571 ἔχοντος
3418 2502 3778 2571 χειροθεσίαν,

2204 2597 2263 2648 ὃν
2298 2597 2328 2664 ἡ
2365 2596 2457 2648 τοῦ
2503 2596 2764 2665 βασιλέως
2798 2595 3001 2665 ἀδελφὴ
3068 2596 3504 2660 Κωνσταντῖνα,
3558 2594 3653 2664 τὴν
3699 2595 3779 2648 τέ-

2203 2688 2346 2740 λειον
2365 2689 2406 2719 ¹¹
2440 2689 2656 2757 ἡμέραν
2704 2689 3057 2758 ὑπερχομένη
3095 2686 3190 2741 τοῦ
3241 2688 3358 2757 βίου
3378 2729 3392 2750 ,
3419 2688 3686 2758 παρέθετο
3712 2687 3785 2758 τῷ

2203 2779 2435 2848 ἀδελφῷ.
2481 2779 2620 2832 Ἀλλ’
2649 2775 2794 2833 οὗτοι
2846 2780 2944 2850 μὲν
2999 2780 3260 2832 ἔσπευδον
3315 2780 3406 2832 τὸν
3438 2782 3653 2850 ’Ἄρειον
3697 2782 3784 2830 ἑπ-

2205 2873 2433 2938 αγαγείν
2463 2873 2504 2930 ’3
2557 2875 2619 2941 τῇ
2667 2871 2968 2942 Ἐκκλησία
3001 2885 3015 2900 ⁸
3054 2874 3087 2942 ἠ
3123 2873 3178 2924 δὲ
3210 2872 3329 2924 θεία
3362 2872 3488 2943 δίκη
3522 2872 3622 2925 ουκ
3646 2873 3784 2925 εἴασε

2205 2964 2295 3014 τὸν
2325 2964 2519 3033 ἐχθρὸν
2543 2964 2584 2994 ’³
2623 2964 3072 3035 κατορχήσασθαι
3107 2967 3278 3035 αὐτῆς
3312 2963 3404 3017 τοῦ
3436 2967 3542 3018 νεὼ
3566 2969 3658 3017 καὶ
3687 2964 3776 3032 τῆς

2206 3056 2262 3106 ὲν
2287 3054 2435 3124 αὺτῴ
2470 3056 2741 3118 παστάδος
2764 3098 2778 3118 ,
2805 3055 2921 3107 ἀλλ’
2938 3059 2995 3109 ὲν
3019 3057 3299 3127 ἀφεδρῶσι
3326 3057 3417 3109 τὸν
3444 3057 3560 3126 βίον
3583 3057 3783 3110 ἐδίκασε

510 3159 620 3214 quo
651 3145 764 3211 ipse
781 3143 1008 3211 ejusque
1038 3145 1256 3196 sectarii
1293 3153 1346 3197 et
1377 3144 1598 3196 asseclte
1627 3153 1932 3196 statuerant
1959 3143 2102 3195 illius

2209 3147 2588 3228 καταστρέψαι
2609 3186 2622 3208 ,
2650 3146 2772 3198 καθ’
2801 3147 2866 3217 ἢν
2893 3147 3057 3209 αὐτὸς
3080 3148 3174 3199 καὶ
3200 3149 3249 3199 οἱ
3275 3149 3610 3200 σπουδασται
3634 3145 3783 3200 αὑτοῦ

513 3236 691 3291 reditu
733 3237 824 3290 Dei
847 3236 1169 3297 Ecclesiam,
1198 3247 1251 3289 et
1279 3253 1433 3289 sacra
1479 3235 1788 3307 profanare.
1824 3237 2102 3290 Accidisse

509 3341 690 3382 autem
725 3315 911 3400 buucv[
945 3330 1093 3398 impii
1122 3327 1141 3399 Ῑ
1170 3345 1199 3384 e
1231 3331 1340 3382 vita
1380 3345 1665 3383 excessum
1716 3329 1832 3382 loco
1865 3330 2098 3396 publico,

509 3423 653 3491 quod
696 3439 724 3476 a
781 3423 898 3476 foro
935 3424 1182 3492 proxime
1229 3422 1440 3476 latrinae
1477 3423 1580 3476 illae
1626 3425 1903 3476 abessent.
1961 3421 2103 3476 Con-

511 3515 811 3568 stantinum
845 3515 1094 3584 Magnum
1145 3517 1388 3586 gavisum
1419 3516 1632 3579 scribit,
1678 3517 1821 3585 quod
1870 3514 2108 3582 integer—

513 3607 685 3661 rimus
737 3608 902 3675 judex
939 3609 1079 3662 Deus
1121 3610 1553 3663 controversiam
1587 3599 1803 3661 omnem
1837 3607 2107 3661 sententia

513 3701 622 3755 lata
655 3703 991 3766 diremisset,
1023 3703 1346 3769 tnisisseque
1377 3717 1500 3754 mox
1528 3701 1592 3753 ad
1622 3716 1683 3753 va
1697 3702 1803 3753 rius
1827 3700 2106 3769 epistolas,

516 3795 940 3863 quibusjustatn
976 3795 1041 3846 de
1068 3795 1199 3849 Ario
1229 3795 1550 3858 vindictam,
1605 3795 1752 3845 velut
1805 3793 1964 3860 cippo
2019 3791 2106 3843 iu-

515 3887 775 3954 SCriplam
816 3890 1070 3940 omnibus
1115 3888 1507 3956 promulgaret.
1555 3886 1631 3938 lla
1675 3884 1835 3952 hujus
1873 3886 2108 3954 scripto—

516 3979 591 4033 ris
627 3980 863 4032 narratio
887 3982 1157 4032 consentit
1179 3994 1300 4030 cum
1334 3980 1632 4032 Athanasio
1651 3977 1842 4047 Magno
1861 3978 1964 4043 (5),
1985 3992 2104 4029 cmn

514 4069 861 4124 Theodorelo
924 4071 1024 4139 (4),
1077 4071 1307 4140 aliisque
1351 4071 1604 4138 plurimis
1655 4071 1756 4142 (5).
1825 4069 2110 4124 Nonnullis

513 4163 655 4215 enim
685 4164 904 4215 tradere
941 4162 1235 4233 visum(6),
1267 4179 1368 4216 non
1393 4162 1742 4217 Constantini
1765 4162 1940 4233 Magni
1967 4172 2106 4216 tem-

510 4257 756 4327 poribus,
786 4259 880 4311 sed
913 4257 1236 4310 Constantio
1267 4257 1376 4310 lilio
1418 4259 1744 4325 imperante,
1778 4267 1913 4309 'tam
1961 4256 2106 4309 fcedo

507 4349 699 4402 Arium
758 4352 905 4401 exitu
946 4349 1224 4402 hominem
1283 4348 1521 4402 exuisse.
1589 4347 1658 4400 Et
1716 4347 1831 4400 hanc
1887 4347 2104 4414 quidem

2209 3240 2418 3307 ὥρισαν
2454 3239 2666 3308 ἡμέραν
2690 3239 2778 3291 διὰ
2812 3239 2910 3308 τῆς
2943 3240 3150 3292 εἰσόδου
3185 3240 3348 3292 αὑτοῦ
3376 3242 3476 3310 τὴν
3506 3240 3787 3309 ἐκκλησίαν

2212 3332 2520 3401 βεδηλῶσαι
2545 3331 2637 3383 τοῦ
2671 3331 2806 3383 Θεοῦ
2833 3332 2926 3384 καὶ
2955 3333 3023 3384 τὰ
3063 3331 3214 3399 ἅγια.
3249 3332 3357 3384 Καὶ
3383 3333 3414 3402 ἡ
3443 3331 3786 3402 καταστροφὴ

2209 3423 2265 3476 δὲ
2310 3423 2636 3493 δημόσιοςυδ
2668 3423 2920 3488 γίνεται·
2958 3422 3185 3491 πλησίον
3238 3424 3346 3494 γὰρ
3393 3425 3443 3475 oi.
3493 3421 3788 3494 ἁφεδρῶνες

2211 3514 2579 3585 ἐχρημάτιζον
2603 3515 2695 3567 τοῦ
2724 3515 2914 3586 φόρου.
2944 3515 3062 3583 Ἐφ’
3088 3510 3131 3582 ᾧ
3153 3515 3387 3585 ἡσθῆναί
3411 3533 3471 3568 τε
3505 3517 3595 3567 τὸν
3627 3516 3784 3584 μέγαν

2211 3607 2629 3658 Κωνσταντῖνον
2658 3607 2893 3676 γράφει,
2939 3607 3015 3669 ὼς
3043 3607 3136 3659 τοῦ
3169 3609 3470 3662 ἀδεκάστου
3503 3608 3686 3679 κριτοῦ
3714 3603 3789 3671 οἷς

2209 3699 2394 3770 ἔκρινε
2444 3699 2704 3763 λύσαντος
2751 3700 3162 3771 ἀμφισϐήτησιν
3210 3704 3425 3766 πᾶσαν,
3478 3703 3684 3773 γράψαι
3732 3717 3787 3753 τε

2208 3791 2369 3843 αὑτὸν
2404 3791 2619 3853 πολλοῖς
2653 3791 2949 3854 ἐπιστολὰς
2971 3835 2984 3856 ,
3017 3793 3114 3863 τὴν
3149 3793 3354 3847 ἔνδικον
3385 3793 3597 3864 Ἀρείου
3629 3810 3788 3847 κατα⁴

2211 3885 2453 3954 στροφὴν
2487 3883 2874 3951 στηλιτεύοντα
2895 3886 2958 3938 ⁸⁵.
2980 3886 3089 3937 Καὶ
3113 3887 3141 3937 ὁ
3167 3887 3265 3956 μὲν
3290 3887 3433 3939 οὕτω
3461 3889 3598 3958 φησι
3617 3927 3632 3951 ,
3662 3904 3787 3956 συμ-

2209 3975 2405 4045 φωνῶν
2433 3978 2490 4028 ἐν
2522 3975 2700 4045 τούτῳ
2731 3975 2936 4030 Ἀθανα
2950 3977 3047 4047 σίῳ
3075 3995 3132 4029 τε
3165 3978 3242 4047 τῷ
3294 3979 3518 4049 μεγάλῳ
3547 3979 3640 4031 καὶ
3665 3977 3787 4030 Θεο-

2204 4068 2434 4138 δωρήτῳ
2461 4069 2555 4120 καὶ
2581 4068 2759 4131 ἄλλοις
2794 4065 3056 4122 πλείοσιν*
3091 4069 3254 4132 ἐνίοις
3273 4061 3334 4123 ’δὲ
3361 4072 3596 4140 γράφειν
3617 4068 3784 4134 ἔδοξεν

2205 4160 2324 4228 οὐχὶ
2343 4161 2483 4212 κατὰ
2499 4161 2628 4222 τοὺς
2646 4161 3064 4214 Κωνσταντίνου
3085 4162 3128 4191 ¹⁶
3152 4164 3245 4214 τοῦ
3271 4163 3527 4230 Μεγάλου
3545 4163 3784 4234 χρόνους,

2205 4255 2343 4307 ἀλλὰ
2399 4254 2493 4306 τοῦ
2536 4255 2726 4318 παιδὸς
2775 4255 3161 4309 Κωνσταντίου
3198 4255 3578 4325 βασιλεύοντος
3625 4256 3785 4316 οὕτως

2208 4344 2451 4416 αἰσχρῶς
2473 4343 2565 4400 τὸν
2598 4347 2818 4415 ΙἈρειον
2851 4345 2910 4409 ἐξ
2933 4345 3238 4416 ἀνθρώπων
3258 4347 3650 4419 ἀφανισθῆναι.

1821 4435 2054 4491 γΑιιιΑῖ
2105 4436 2506 4491 LECTIONES.

582 4536 602 4567 ⁸
633 4535 725 4588 τοῦ
760 4535 972 4605 βιϐλίου
1028 4552 1086 4599 ς.
1164 4535 1187 4568 ⁸
1218 4535 1339 4588 τότε
1367 4532 1411 4587 Α
1446 4533 1578 4605 ετοῦ
1607 4552 1666 4598 ς.

507 4607 631 4678 add.
666 4609 729 4659 A.
762 4604 768 4605 ί
807 4605 942 4678 θγὲξ]
979 4605 1039 4669 ἒξ
1071 4607 1245 4676 ἥμισυ
1275 4607 1339 4658 Α.
1378 4677 1384 4678 7
1451 4607 1491 4637 ¹⁰
1525 4604 1683 4678 λῶστε
1724 4607 1868 4678 λωιιι.
1893 4609 1956 4659 Α.

507 4677 657 4730 εἴασε
691 4694 752 4740 ς.
844 4677 882 4706 ί*
912 4675 1188 4747 δημοσίως
1212 4694 1272 4740 ς.
1352 4677 1394 4709 ⁸⁸
1419 4675 1844 4746 στηλιτευούσας
1872 4695 1934 4740 ς.

1745 4537 1767 4567 ⁵
1794 4535 1886 4587 τοῦ
1915 4534 1959 4589 Α
2001 4553 2015 4589 :
2059 4534 2221 4588 αὐτοῦ
2253 4533 2347 4586 τοῦ
2382 4553 2442 4598 ς.

1745 4607 1868 4656 add.
1893 4609 1956 4656 A.
2039 4608 2081 4637 ¹¹
2135 4605 2348 4656 τελείαν
2419 4622 2442 4655 τ

2039 4608 2081 4637 ¹¹
2135 4605 2348 4658 τελείαν
2419 4622 2476 4669 ς.

2016 4678 2058 4708 ¹⁶
2084 4676 2465 4730 Κωνσταντίου
2493 4675 2585 4729 τοῦ
2615 4677 2806 4740 παιδὸς
2840 4694 2897 4740 ς.

2520 4536 2540 4566 ⁸
2567 4534 2836 4598 ἐξέτεινεν
2857 4544 2919 4598 ς.
3005 4537 3023 4565 ⁷
3053 4536 3430 4605 ἑκκαιδεκάτῳ
3485 4554 3546 4600 ς.
3645 4536 3668 4567 ⁸
3696 4535 3783 4588 καὶ

2581 4607 2622 4635 "
2668 4608 2977 4678 ἀπαγαγεῖν
3046 4624 3107 4670 ς.
3209 4606 3252 4637 ¹³
3311 4608 3403 4660 τὸν
3449 4607 3644 4678 ἐχθρὸν
3692 4606 3786 4658 οὐκ

2057 4767 2291 4822 NOTAE.

580 4861 690 4934 (96)
714 4863 933 4934 ﬂorum
991 4861 1125 4934 duos
1181 4863 1336 4934 nobis
1365 4863 1554 4918 Grtrce
1611 4871 1667 4916 et
1705 4861 1894 4915 Latine
1947 4864 2281 4934 detlithit
2324 4861 2715 4934 dimissamque
2753 4864 3014 4933 synodum
3067 4861 3197 4930 ipsis
3249 4860 3592 4915 Constantini
3647 4861 3781 4928 Aug.

508 4931 677 4987 Rob.
711 4931 1011 4986 Palforens.
1063 4931 1230 4985 Tertii
1278 4934 1420 4987 enim
1465 4933 1580 4987 loco
1635 4945 1745 4986 tres
1799 4933 2090 4987 admodum

509 5003 854 5059 Cnustantini
889 5003 1019 5070 imp.
1051 5003 1307 5070 epistolas
1363 5004 1627 5058 exhibuit.
1661 5003 1858 5057 Noster
1909 5015 2091 5056 autem

508 5076 776 5144 Alpbons.
811 5071 1054 5144 Pisanus
1093 5089 1158 5125 ex
1225 5074 1325 5126 hoc.
1389 5074 1652 5144 opusculo
1696 5084 1750 5126 et
1792 5073 2091 5142 exemplari

509 5143 746 5214 qundam
793 5143 1048 5205 Arabico,
1127 5143 1552 5211 sanctorumque
1601 5144 1811 5212 aliqum
1867 5145 2089 5197 Patrum

510 5215 896 5284 mnuumenti_s,
948 5224 1199 5284 quatuor
1232 5229 1360 5267 suos
1411 5217 1475 5267 de
1523 5216 1625 5268 hac
1665 5217 1873 5284 synodo
1925 5215 2093 5267 libros

509 5287 805 5339 contexuit.
829 5281 1025 5336 Franc.
1044 5282 1345 5337 Turrianus
1377 5285 1627 5339 Canones
1653 5281 1842 5337 edidit.

583 5355 694 5423 (97)
731 5354 943 5406 Βιτώνα
979 5355 1118 5406 ltum:
1149 5358 1304 5406 video
1337 5373 1364 5407 a
1387 5355 1591 5409 Graecis
1622 5354 1901 5422 appellari,
1933 5368 2093 5422 quem

512 5425 565 5479 in
607 5425 809 5477 Latinis
833 5424 1112 5478 codicibus
1150 5423 1408 5477 Victorem
1441 5427 1682 5494 lt'gltlllts.

584 5495 696 5566 (98)
732 5496 876 5552 idem
913 5494 1000 5545 ille
1035 5495 1125 5566 qui
1183 5500 1235 5547 in
1278 5493 1548 5547 demortui
1599 5493 1970 5562 MetrOphanis
2012 5493 2097 5566 lo-

513 5581 633 5617 cum
654 5565 998 5632 subrogatus,
1033 5565 1238 5631 primus
1260 5577 1339 5617 est
1371 5565 1541 5618 factus
1565 5565 2090 5631 Constantiutmnlit.

514 5635 810 5703 palt'inrch.
837 5633 1239 5703 itnpiclatiSque
1262 5635 1558 5687 antistitem
1585 5636 1820 5703 (Arium)
1852 5635 2098 5686 oratione

514 5701 611 5756 isua
641 5703 879 5768 sustulit,
927 5702 1034 5759 BB.
1071 5706 1334 5759 Albanas.
1385 5717 1436 5756 et
1469 5705 1630 5772 Greg.
1693 5701 1949 5756 Naztauz.
2001 5721 2095 5756 au-

511 5775 776 5828 ctoribus.
1752 5789 1753 5792 ‘

583 5843 698 5913 (99)
732 5840 966 5898 Balfotei
995 5859 1134 5912 aque
1162 5859 1222 5898 ac
1248 5843 1429 5899 Pisani
1462 5844 1595 5899 edit.
1621 5859 1714 5899 sex
1739 5858 1949 5899 menses
1997 5845 2094 5898 ad-

2204 4931 2615 4986 Viceuuahbus.

2284 5002 2362 5071 (l)
2403 5003 2504 5053 Alii
2533 5012 2641 5056 tres
2686 5018 2807 5057 cum
2843 5001 3095 5055 semestri
3145 5017 3318 5055 annos
3358 5003 3635 5054 duntaxat
3687 5015 3784 5053 nu-

2203 5081 2438 5124 merant.
2475 5073 2533 5125 D.
2570 5072 2766 5128 Baron.
2795 5074 2945 5126 card.
2996 5083 3126 5126 tom.
3159 5073 3219 5124 lll
3253 5071 3447 5124 Annal.
3486 5071 3786 5124 ecclesiast.

2203 5156 2310 5194 uno
2343 5158 2484 5194 anno
2503 5157 2625 5197 esse
2657 5143 3259 5197 absolutamNictenam
3283 5144 3578 5208 pertendit.

2275 5211 2352 5280 (2)
2381 5211 2456 5264 De
2475 5213 2629 5278 cujus
2666 5213 2947 5267 fraudibus
2970 5214 3122 5281 plura
3145 5213 3500 5282 Metaphrast.
3537 5211 3612 5262 De
3633 5208 3786 5280 gestis

2205 5279 2444 5334 Nicnma:
2471 5285 2679 5351 synodi,
2711 5283 2750 5337 l.
2787 5300 2858 5346 tv,
2889 5279 3055 5337 Surii.

2275 5353 2351 5421 (5)
2397 5348 2542 5420 Disp.
2570 5353 2610 5411 Ι.
2653 5358 2921 5409 adversus
2947 5355 3182 5407 Ariauos
3209 5353 3310 5408 sub
3333 5355 3424 5406 litt.
3451 5349 3688 5421 etEpist.
3721 5348 3786 5403 ad

2207 5419 2562 5475 Serapionem
2593 5434 2726 5475 tota.
2945 5457 2948 5460 ~

2250 5439 2562 5488 et'aptonem
2593 5434 2726 5478 tota.
2945 5457 2948 5460 ~

2280 5494 2354 5560 (4)
2395 5492 2516 5548 Lib.
2556 5509 2606 5546 tv
2659 5494 2888 5560 Epitom.
2939 5506 3126 5549 contra
3159 5493 3342 5548 haeret.
3392 5501 3446 5546 et
3474 5491 3568 5547 lib.
3597 5505 3615 5544 ι
3647 5488 3786 5543 Hist.

2208 5561 2412 5615 Eccles.
2447 5580 2566 5630 cap.
2593 5565 2656 5617 l5
2677 5575 2729 5617 et
2757 5565 2844 5618 Μ.

2273 5633 2347 5702 (5)
2385 5633 2443 5686 ln
2491 5627 2690 5699 quibus
2714 5636 2978 5704 Epiphan.
3014 5644 3070 5691 et
3121 5643 3313 5689 auctor
3346 5631 3479 5687 Vitae
3501 5627 3786 5688 Athanasii

2207 5703 2301 5757 inf.
2334 5706 2455 5756 cod.
2487 5704 2616 5758 258.

2203 5718 2301 5757 llll.
2334 5718 2455 5756 (20(1.
2487 5718 2616 5759 ’Ζῠὸο

2203 5852 2222 5896 ι
2270 5775 2346 5840 (ϋ)
2361 5774 2757 5897 vArabiapbrasta:
2791 5774 2962 5831 Orat.
2996 5775 3069 5831 De
3119 5775 3276 5846 gestis
3309 5773 3540 5832 Nicena:
3574 5767 3785 5841 synodi;

2226 5859 2333 5897 om.
2491 5861 2616 5897 uru.

2226 5859 2333 5898 Olli.
2366 5859 2392 5897 Υ
2407 5859 2421 5894 Ι
2449 5859 2616 5897 διιτιι.
