3926 6438
194 412 289 476 297

1276 407 1802 468 BIBLIOTHECA.
1846 435 1917 444 -·
1956 408 2121 469 COD.
2157 409 2306 469 XCI.

3345 402 3453 462 ‘298

197 527 360 583 ναίους
388 519 622 582 σπονδὰς
647 520 741 571 καὶ
769 518 896 581 τοὺς
918 518 1107 581 ἄλλους
1138 519 1411 587 Ἕλληνας
1430 558 1444 581 ,
1472 517 1601 569 ἄνευ
1632 517 1758 588 μέν·

1885 518 2016 572 .ibus
2061 518 2387 587 caeterisque
2426 514 2651 581 Grzecis,
2703 511 3137 568 Lacedaemoniis
3188 513 3452 580 exceptis.

198 633 266 667 τοι
293 610 728 680 Λακεδαιμονίων
748 649 764 675 ,
798 611 896 664 καὶ
915 612 1013 680 τὴν
1046 610 1140 663 ἐπὶ
1166 610 1267 680 τὴν
1304 609 1489 661 Ἀσίαν
1515 609 1759 679 περαίω-

203 723 274 759 σιν
291 746 305 768 ,
324 706 465 766 ὅπως
498 719 559 754 τε
588 703 793 772 μάχαις
831 702 979 774 τρισὶ
998 703 1043 733 ³⁸
1070 701 1484 772 κατεστρέψατο
1506 702 1757 773 Πέρσας,

204 800 252 850 ἐν
272 791 504 865 Γρανικῷ
551 793 650 863 μὲν
698 794 825 857 τοὺς
866 795 1155 864 σατράπας
1197 793 1462 864 Δαρείου,
1502 792 1764 862 στρατιὰν

208 892 408 957 ἄγοντας
451 885 775 956 δισμυρίους
832 885 931 957 μὲν
965 887 1154 948 ἱππεῖς
1175 926 1189 950 ,
1224 883 1429 948 πεζοὺς
1461 883 1519 938 δὲ
1550 883 1702 955 παρὰ
1719 884 1764 915 ³³

216 981 380 1052 μικῷν
407 978 549 1041 ίσους
569 1018 584 1041 ,
634 978 865 1043 τούτους
896 978 1222 1048 σύμπαντας
1270 978 1761 1048 καταπολεμήσας,

218 1075 270 1127 ἐν
306 1069 441 1140 Ἰσσῷ
482 1070 538 1123 δὲ
574 1069 740 1123 αὐτόν
794 1087 853 1122 τε
885 1072 1111 1141 Δαρεῖον
1144 1070 1238 1122 καὶ
1269 1071 1398 1132 τοὺς
1434 1070 1575 1138 ἀμφ’
1603 1068 1766 1122 αὐτὸν

223 1165 344 1221 κατὰ
358 1162 537 1235 κράτος
556 1161 911 1232 τρεψάμενος
934 1203 948 1224 ,
966 1161 1060 1215 καὶ
1087 1160 1370 1213 συλλαϐὼν
1385 1159 1768 1232 αἰχμαλώτους

224 1258 387 1320 παῖδάς
410 1272 459 1310 τε
496 1255 601 1309 καὶ
632 1256 807 1326 αὐτὴν
827 1256 1064 1325 γυναῖκα
1088 1298 1101 1321 ,
1135 1255 1193 1307 ἐν
1226 1255 1517 1325 Ἀρϐήλοις
1562 1253 1620 1306 δὲ
1648 1254 1768 1324 ἦτοι

213 1353 266 1403 ἑν
291 1346 652 1417 Γαυγαμήλοις
674 1348 755 1410 εἰς
777 1347 931 1410 τέλος
959 1345 1122 1399 αὐτὸν
1148 1346 1475 1416 ἐκνικήσας.
1498 1346 1689 1408 Ὅπως
1707 1360 1769 1397 τε

209 1439 397 1507 φεύγων
422 1440 649 1508 Δαρεῖος
680 1438 790 1490 ὑπὸ
819 1435 930 1490 τῶν
961 1438 1181 1491 οἰκείων
1224 1435 1467 1508 ἀνῃρέθη
1490 1476 1505 1502 9
1534 1437 1772 1507 ἀνερῤή·

206 1531 339 1601 θηδέ
380 1529 489 1583 ἀντ’
535 1530 709 1583 αὐτοῦ
746 1529 855 1581 ὑπὸ
900 1529 1011 1582 τῶν
1050 1530 1180 1599 περὶ
1225 1529 1387 1583 αὑτὸν
1416 1530 1497 1592 είς
1547 1527 1771 1598 βασιλέα

208 1624 387 1692 Βῆσσος
412 1635 427 1648 ⁸
455 1622 612 1683 ὅπως
631 1638 692 1672 τε
718 1620 946 1691 ὕστερον
968 1620 1179 1690 Βῆσσον
1206 1619 1556 1689 Ἀλέξανδρος
1579 1618 1765 1672 λαϐὼν

205 1717 288 1783 τῆς
320 1716 395 1777 εἰς
431 1716 670 1784 Δαρεῖον
705 1714 914 1784 τόλμης
947 1713 1263 1785 ἐλωϐήσατό
1296 1731 1356 1767 τε
1395 1714 1491 1767 καὶ
1537 1714 1770 1767 ἀνεῖλεν.

208 1807 310 1860 Ἔτι
337 1822 391 1858 τε
412 1808 566 1868 ὅπως
586 1807 644 1859 ἐν
670 1807 871 1875 μάχαις
889 1806 1240 1877 Ἀλέξανδρος
1264 1807 1497 1869 ἑπτάκις
1526 1806 1765 1877 ἐτρώθη’

1864 609 2039 666 foedus
2071 610 2317 673 iuivisse,
2348 624 2411 663 ac
2435 608 2633 663 dehinc
2671 608 2725 660 in
2752 605 2941 659 Asiam
2974 602 3279 673 traiecisse,
3313 616 3458 672 prm-

1866 704 2061 772 liisqne
2090 702 2289 757 Persas
2312 701 2565 769 fregisse,
2598 709 2653 754 et
2681 699 2746 753 ad
2774 696 3072 752 Granicum
3105 695 3323 764 quidem
3363 696 3459 748 Da-

1867 794 1931 846 rii
1959 804 2230 862 satrapas,
2255 792 2441 860 copias
2471 791 2734 844 ducentes
2768 787 3012 858 equitum
3043 784 3234 854 viginti
3264 782 3459 843 millia,

1868 886 2079 953 pedites
2116 900 2254 953 pene
2277 884 2523 949 totidem,
2562 896 2756 937 omnes
2794 879 3100 935 debellasse
3123 876 3222 933 :ad
3279 874 3460 932 Issum

1869 992 1998 1031 vero
2021 976 2240 1029 Darium
2273 991 2394 1030 cum
2423 975 2667 1029 exercitu
2699 973 2904 1027 fudisse
2928 971 3280 1041 fugasseque,
3308 977 3364 1023 et
3401 966 3463 1020 li-

1870 1070 2052 1132 beros,
2086 1077 2247 1137 atque
2276 1068 2409 1121 adeo
2441 1081 2667 1121 uxorem
2702 1064 2934 1135 cepisse.
2969 1062 3027 1117 In
3060 1061 3302 1127 Arbelis,
3344 1060 3462 1114 sive

1870 1159 1925 1213 in
1958 1158 2307 1228 Gaugamelis
2346 1158 2563 1211 tandem
2590 1166 2643 1212 et
2665 1156 2841 1225 ipsum
2895 1154 3117 1208 Darium
3143 1164 3459 1221 superasse,

1871 1251 2095 1305 ethunc
2121 1249 2425 1319 fugientem
2450 1265 2478 1303 a
2518 1249 2634 1304 suis
2682 1249 2929 1304 occisum
2978 1261 3124 1302 esse.
3165 1244 3464 1300 Suﬂ‘ectum

1872 1341 2071 1395 deinde
2124 1340 2193 1395 ab
2242 1339 2436 1394 iisdem
2470 1340 2523 1394 in
2558 1339 2705 1394 Darii
2753 1339 2931 1393 locum
2986 1352 3172 1407 regem
3212 1336 3462 1400 Bessum,

1873 1447 2029 1502 aeque
2046 1430 2391 1500 postmodum
2420 1431 2489 1487 ab
2517 1430 2830 1485 Alexandro
2854 1438 3106 1499 captum,
3130 1437 3184 1482 et
3202 1428 3274 1483 ob
3294 1427 3467 1481 auda-

1875 1539 1991 1579 cem
2019 1524 2074 1577 in
2108 1524 2330 1577 Darium
2358 1522 2615 1589 iniuriam
2650 1521 2892 1577 ludibrio
2923 1520 3203 1587 affectum,
3246 1522 3467 1588 vitaque

1874 1615 2171 1685 privatum.
2234 1615 2436 1669 Adhaec
2498 1614 2700 1683 septies
2748 1613 3119 1668 Alexandrum
3176 1613 3319 1667 inter
3367 1626 3467 1680 pu-

1876 1707 2151 1777 gnandum
2203 1705 2371 1760 fuisse
2413 1705 2792 1768 vulneratum,
2826 1705 3115 1774 regiasque
3154 1702 3209 1756 in
3237 1699 3466 1770 Pagasis

1878 1812 2009 1865 opes
2032 1796 2319 1852 sustulisse
2340 1795 2476 1866 (Si).
2504 1794 2640 1850 Cum
2696 1794 2828 1849 item
2870 1809 3194 1862 persuasum
3225 1793 3276 1848 ei
3318 1802 3469 1848 esset

204 1901 281 1952 καὶ
306 1900 444 1961 ὅπως
483 1892 603 1951 εἷλε
635 1869 704 1952 τά
829 1869 1117 1968 Παγάσαις
1137 1869 1183 1932 ίδ
1215 1899 1465 1971 βασίλεια
1489 1869 1767 1970 χρή-ματα·

1885 1888 2148 1942 Philotam
2179 1887 2406 1943 insidias
2431 1887 2634 1955 moliri,
2669 1902 2792 1941 cum
2825 1895 3050 1956 parente
3101 1885 3469 1940 Parmenione

206 1990 287 2044 καὶ
311 1991 385 2043 ὅτι
418 1989 680 2053 πεισθεὶς
723 1990 798 2053 ὼς
834 1989 1080 2055 Φιλώτας
1109 1992 1195 2063 εἴη
1228 1991 1423 2062 βουλὴν
1458 1994 1578 2045 κατ’
1608 1991 1775 2044 αὐτοῦ

206 2081 440 2150 μελετῶν,
454 2082 671 2134 ἀνεῖλεν
689 2082 849 2136 αὐτόν
865 2100 924 2135 τε
938 2084 1031 2136 καὶ
1047 2084 1139 2136 τὸν
1162 2085 1375 2154 πατέρα
1391 2083 1775 2153 Παρμενίωνα.

202 2172 426 2240 Ἐγένετο
464 2172 523 2225 δὲ
575 2173 671 2226 καὶ
702 2173 812 2225 τῶν
851 2174 1158 2243 Σογδιανῶν
1205 2173 1498 2244 βασιλείων
1536 2174 1729 2246 κύριος
1757 2214 1773 2237 ,

204 2268 285 2319 καὶ
322 2266 529 2328 Σκύθας
584 2266 641 2319 δὲ
693 2266 819 2329 τοὺς
864 2267 923 2321 ἐν
957 2268 1023 2338 τῇ
1059 2266 1218 2337 Ἀσίᾳ
1255 2267 1405 2339 μάχῃ
1436 2268 1768 2338 ἐκράτησεν.

206 2358 377 2419 Ὀπως
412 2374 471 2409 τε
512 2357 581 2409 τὸ
614 2356 708 2410 τοῦ
744 2357 978 2411 Κλείτου
1014 2357 1248 2428 πάθημα
1286 2358 1363 2428 τῷ
1383 2359 1427 2389 ³⁵
1458 2358 1608 2429 ποτῷ
1639 2375 1781 2429 παρ⁴

206 2448 497 2519 ἐνεχθέντος
533 2448 894 2520 Ἀλεξάνδρου
925 2448 1150 2519 συνέϐη,
1175 2449 1270 2502 καὶ
1298 2444 1412 2502 οἷον
1434 2449 1631 2512 πένθος
1654 2450 1781 2503 ἀνα-

205 2542 357 2611 νὴᾴας
384 2540 733 2606 ἐπεδείξατο.
788 2541 912 2594 Ἔτι
945 2540 1004 2593 δὲ
1050 2542 1150 2594 καὶ
1196 2543 1231 2611 ἡ
1288 2542 1352 2592 ἐκ
1399 2541 1610 2593 παίδων
1660 2541 1781 2593 κατ’

217 2633 547 2704 Ἀλεξάνδρου
608 2631 901 2702 ἐπιϐουλὴ,
956 2632 1052 2686 καὶ
1077 2635 1134 2702 ,ὴ
1175 2632 1268 2686 ἐπὶ
1311 2631 1488 2701 τούτῳ
1526 2631 1773 2694 κόλασις.

208 2723 374 2785 Ὅπως
404 2740 463 2775 τε
493 2723 529 2792 ἡ
564 2723 622 2774 ἐν
655 2723 723 2791 τῇ
754 2721 1018 2794 Σογδιανῇ
1063 2720 1240 2791 πέτρα
1278 2720 1420 2773 ἑάλω
1449 2718 1545 2771 καὶ
1579 2720 1613 2788 ὴ
1643 2718 1783 2786 γυνὴ

210 2813 514 2883 Ὀξυάρτου,
553 2813 617 2875 ὃς
644 2813 850 2884 ταύτης
889 2813 989 2883 τῆς
1019 2811 1202 2883 χώρας
1252 2810 1570 2864 ἐϐασίλευεν
1592 2825 1607 2840 ’
1642 2809 1781 2863 ἀλλὰ

208 2904 349 2974 καὶὴ
393 2903 649 2974 θυγάτηρ
688 2902 969 2973 Ῥωξάνη,
1016 2903 1085 2972 ἢν
1139 2901 1369 2971 ὕστερον
1425 2900 1783 2971 Ἀλέξανδρος

208 2998 365 3066 γάμου
391 2998 548 3068 νόμῳ
583 2999 822 3065 γυναῖκα
860 2995 1123 3065 ἠγάγετο.
1166 2995 1280 3047 Καὶ
1331 2993 1405 3057 ὡς
1434 2993 1785 3064 Ἀλέξανδρος

208 3090 263 3140 ἐκ
304 3089 563 3160 Βάκτρων
611 3087 706 3142 ἐπὶ
734 3087 934 3151 Ἰνδοὺς
982 3086 1186 3149 ἐλάσας
1235 3088 1441 3155 μάχαις
1476 3084 1781 3155 ἐκράτησε,

210 3182 292 3233 καὶ
317 3181 496 3242 πόλεις
536 3179 721 3235 αὐτῶν
747 3179 1039 3250 πολιορκίᾳ
1065 3177 1268 3240 πολλὰς
1294 3171 1442 3231 εἷλεν
1462 3194 1477 3209 ·
1501 3179 1559 3229 ἐν
1585 3172 1665 3237 οἷς
1691 3176 1785 3229 καὶ

210 3273 294 3341 τὴν
323 3271 671 3342 καλουμένην
700 3272 928 3341 Ἀορνον
948 3267 1287 3341 παραλαϐὼν
1333 3269 1414 3331 είς
1455 3268 1551 3337 τὴν
1580 3267 1782 3320 Ἀσκά-

210 3378 301 3413 νων
315 3362 357 3392 ³⁶
376 3362 567 3432 χώραν
595 3359 880 3431 ἐμϐάλλει.
913 3356 1181 3429 Ἐζεύχθη
1206 3357 1264 3410 δὲ
1288 3356 1439 3426 αὑτῷ
1460 3358 1555 3409 καὶ
1576 3357 1605 3408 ὁ
1624 3355 1786 3417 Ἰνδὸς

214 3453 435 3522 ποταμὸς
478 3451 732 3515 πλοίοις,
765 3450 861 3504 καὶ
906 3449 1101 3512 διαϐάς
1145 3448 1338 3520 Πῶρόν
1368 3465 1427 3500 τε
1473 3448 1567 3499 τὸν
1607 3446 1788 3499 ἰνδῶν

214 3545 421 3614 βασιλέα
455 3544 682 3614 ἐνίκησε
718 3544 819 3614 μιᾷ
855 3543 1007 3615 μάχῃ
1039 3543 1135 3595 καὶ
1183 3536 1298 3594 εἷλε
1344 3541 1621 3611 ζωγρίαν,
1664 3536 1787 3593 εἶτα

215 3638 296 3690 καὶ
339 3637 887 3708 φιλοφρονησάμενος
934 3635 1199 3689 πλειόνων
1231 3635 1422 3706 ἄρχειν
1470 3634 1505 3705 ἢ
1552 3632 1788 3705 πρόσθεν

216 3728 387 3783 ἔδωκε.
418 3728 590 3796 Λέγει
624 3728 683 3781 δὲ
724 3729 808 3780 ὅτι
831 3727 883 3779 οἱ
908 3727 1065 3781 Ἰνδοὶ
1098 3729 1372 3800 ποταμοὶ,
1407 3727 1661 3797 καθάπερ
1693 3728 1789 3780 καὶ

215 3823 240 3873 ὁ
258 3820 470 3885 Νεῖλος,
510 3819 709 3891 θέρους
742 3820 841 3891 μὲν
870 3819 1126 3885 αὔξονται
1147 3862 1163 3886 ,
1191 3819 1460 3891 χειμῶνος
1482 3820 1539 3872 δὲ
1572 3819 1788 3890 μειοῦν-

217 3928 313 3965 ται.
336 3911 711 3981 Διαλαμϐάνει
756 3911 814 3964 δὲ
861 3912 954 3965 καλ¹
990 3913 1139 3976 ὅπως
1188 3911 1349 3967 ἄλλον
1386 3911 1508 3965 τινὰ
1564 3910 1787 3981 Πῶρον,

216 4003 297 4055 καὶ
341 4003 503 4057 αὑτὸν
547 4002 730 4055 Ἰνδῶν
783 4002 1172 4073 βασιλεύοντα,
1218 4002 1277 4056 δν
1329 4006 1425 4057 καὶ
1475 4006 1555 4066 είς
1591 4004 1790 4057 κακίαν

217 4094 389 4149 ἐλάσαι
406 4096 584 4162 λέγει,
610 4094 802 4149 τοῦτον
825 4094 1041 4150 διώκων
1064 4095 1415 4169 Ἀλέξανδρος
1432 4096 1523 4150 τὸν
1546 4096 1790 4166 Ὑδραώ-

216 4204 302 4256 την
315 4187 355 4218 ³⁷
402 4187 653 4257 ποταμὸν
686 4186 1003 4258 ἐπεραιώθη
1025 4227 1041 4252 ,
1084 4188 1182 4241 καὶ
1209 4189 1338 4251 τοὺς
1369 4187 1544 4260 ταύτῃ
1575 4187 1791 4242 οἰκοῦν-

218 4293 301 4341 τας
331 4278 889 4349 Ἰνδοὺς,ἐχειρώσατο
914 4318 930 4344 ,
966 4280 1063 4333 καὶ
1098 4277 1229 4351 [122
1258 4278 1353 4352 Η.]
1387 4280 1571 4344 πόλεις
1608 4280 1791 4335 αὐτῶν

222 4371 445 4438 μεγάλας
475 4372 575 4425 καὶ
599 4370 1066 4442 πολυανθρώπους
1093 4372 1530 4443 ἐκπολιορκήσας
1571 4373 1663 4425 ἐπὶ
1702 4372 1794 4425 τὸν

1881 1977 2321 2033 interficiendum
2372 1977 2549 2045 ipsunt
2599 1991 2850 2039 curasse,
2885 1976 3283 2045 Sogdianorum
3328 1988 3468 2043 quo-

1880 2086 1986 2139 que
2017 2085 2310 2140 regnorum
2349 2071 2581 2138 potitum
2608 2084 2755 2132 esse,
2781 2069 2927 2141 68a
2954 2079 3009 2124 et
3046 2069 3188 2124 Asia:
3233 2068 3469 2137 Scythas

1881 2162 2074 2233 prcelio
2108 2162 2326 2217 vicisse.
2368 2161 2570 2216 Clitum
2610 2166 2678 2215 ab
2711 2162 3020 2217 Alexandro
3043 2170 3170 2231 potu
3192 2168 3468 2229 correpto,

1883 2256 2292 2324 interemptum,
2321 2268 2690 2322 magnumque
2712 2268 2838 2307 mox
2861 2267 2987 2308 eum
3019 2252 3173 2319 facti,
3197 2256 3255 2306 ut
3288 2254 3354 2307 ad
3379 2267 3472 2309 so-

1884 2348 2170 2403 brietatem
2224 2345 2482 2411 redierat,
2517 2360 2807 2401 maerorem
2841 2347 3149 2401 ostendisse
3181 2360 3197 2399 :
3243 2346 3311 2400 ad
3356 2347 3474 2401 haec

1882 2448 1938 2492 et
1990 2436 2300 2491 Alexandro
2351 2450 2381 2490 a
2441 2437 2627 2505 pueris
2678 2445 2918 2492 structas
2980 2436 3148 2492 fuisse
3211 2437 3471 2497 insidias.

1884 2544 2180 2600 pmnasque
2238 2529 2441 2583 idcirco
2498 2529 2790 2599 irrogatas.
2845 2528 3063 2583 Petram
3126 2529 3275 2583 illam
3321 2528 3471 2599 (22),

1885 2636 2005 2689 quae
2047 2620 2098 2673 in
2130 2618 2400 2689 Sogdiaua
2437 2620 2660 2689 regione
2690 2630 2799 2687 est,
2836 2630 3159 2690 occupatam
3193 2635 3339 2684 esse,
3380 2636 3474 2674 ca-

1885 2723 1976 2782 pta
2001 2712 2249 2782 Oxyarti,
2286 2712 2376 2780 qui
2415 2712 2621 2780 regioni
2682 2712 2759 2766 illi
2804 2711 3177 2779 imperitabat,
3218 2711 3473 2782 conjuge,

1888 2820 1995 2859 una
2042 2819 2164 2859 cum
2212 2792 2438 2858 Roxana
2473 2803 2607 2869 filia,
2648 2816 2813 2873 quam
2844 2812 2965 2873 post
2993 2802 3303 2859 Alexander
3338 2819 3475 2858 uxo-

1890 2912 2001 2951 rem
2039 2897 2143 2951 rite
2170 2896 2407 2950 duxerit.
2457 2895 2832 2951 Alexandrum
2864 2910 2931 2949 ex
2964 2896 3181 2950 Bactris
3212 2897 3278 2950 ad
3314 2896 3477 2950 Indos

1888 2988 2217 3056 profectum,
2260 2990 2586 3058 pugnaillos
2625 3002 2938 3058 superasse,
2982 2990 3257 3059 urbesque
3284 3004 3475 3043 eorum

1889 3081 2154 3149 plurimas
2178 3082 2464 3137 obsidione
2509 3082 2766 3151 cepisse:
2802 3082 2859 3136 in
2916 3081 3001 3136 his
3028 3090 3084 3136 et
3114 3085 3300 3136 Aorno
3334 3080 3479 3151 (quae

1889 3176 2420 3247 dicitur)occupata,
2475 3177 2528 3229 in
2580 3177 2956 3230 Asacanorum
2999 3176 3334 3245 provinciam
3357 3176 3480 3246 (ΩΒ)

1889 3268 2227 3336 pervenisse.
2294 3266 2534 3320 Navibus
2585 3276 2850 3335 praeterea
2907 3266 3039 3321 Indo
3080 3266 3304 3321 ﬂumine
3350 3281 3482 3321 con-

1887 3369 2083 3423 strato,
2126 3358 2432 3425 traiecisse,
2467 3367 2522 3412 et
2572 3357 2776 3413 Porum
2829 3358 3084 3413 Indorum
3137 3373 3319 3428 regem
3370 3372 3482 3412 uno

1887 3453 2158 3506 devictum
2182 3452 2396 3521 proelio,
2418 3452 2603 3506 vivum
2626 3453 2858 3521 cepisse,
2888 3452 3305 3521 Itumaniterque
3327 3465 3479 3505 com-

1889 3542 2132 3612 plexum,
2165 3543 2332 3598 latius
2372 3543 2540 3598 etiam
2560 3558 2722 3613 quam
2749 3554 2911 3599 antea
2945 3558 3177 3614 regnare
3223 3543 3477 3614 jussisse.

1890 3635 2051 3690 Indos
2076 3635 2290 3701 ﬂuvios,
2330 3651 2436 3691 non
2455 3650 2616 3691 secus
2646 3644 2811 3706 atque
2847 3634 3025 3691 Nilum
3055 3643 3246 3691 testate
3267 3636 3477 3704 augeri,

1891 3728 2069 3781 hieme
2141 3742 2272 3782 vero
2330 3728 2497 3782 minui
2533 3736 2820 3782 memorat.
2878 3728 3070 3782 Refert
3129 3729 3258 3783 item
3315 3727 3482 3782 alium

1890 3821 2182 3889 quemdam
2216 3818 2439 3885 Porum,
2473 3819 2617 3874 Indis
2662 3833 2883 3889 quoque
2911 3819 3292 3890 imperantem,
3318 3835 3479 3890 quem

1891 3918 1948 3963 et
2006 3909 2378 3965 facinorosum
2411 3911 2580 3965 fuisse
2626 3912 2726 3965 ait.
2754 3909 3125 3965 Alexandrum
3170 3926 3300 3965 vero
3354 3911 3483 3965 dum

1894 4001 2038 4055 hunc
2088 4002 2461 4072 persequitur,
2509 4000 2803 4073 Hydaspen
2858 4002 3085 4058 fluvium
3141 4003 3482 4067 trausivisse.

1894 4088 2121 4160 ejusque
2143 4093 2362 4148 accolas
2394 4093 2558 4149 ludos
2586 4094 2731 4150 bello
2767 4109 3091 4164 superasse:
3120 4095 3318 4151 horum
3351 4112 3486 4166 quo-

1895 4199 2001 4246 que
2050 4184 2247 4253 oppida
2284 4185 2627 4252 ingentia,et
2675 4184 2996 4254 frequenter
3024 4184 3268 4241 habitata
3314 4190 3485 4243 armis

1897 4276 2128 4344 cepisse,
2185 4277 2592 4346 tetendisseque
2643 4291 2808 4347 porro
2885 4276 2954 4331 ad
3020 4277 3321 4349 Hyphasitn
3370 4279 3484 4349 (τι)

1897 4368 2095 4423 flumen
2166 4385 2182 4423 :
2260 4367 2405 4438 quod
2484 4371 2612 4423 dum
2697 4373 3076 4427 transmittere
3172 4372 3487 4426 Alexander

222 4462 441 4531 Ὕφασιν
478 4463 723 4532 ποταμὸν
776 4462 996 4533 ἐχώρει.
1054 4464 1211 4517 ’Ercsi.
1241 4464 1298 4516 δὲ
1354 4464 1652 4519 διαϐαίνειν
1699 4464 1778 4517 καῖ

1899 4469 2137 4529 pararet,
2170 4461 2486 4515 tumultuari
2520 4461 2746 4517 militem
2772 4464 3027 4532 coepisse,
3052 4464 3194 4532 quod
3249 4478 3349 4518 nec
3409 4463 3488 4518 la-

219 4554 387 4607 τοῦτον
448 4553 804 4624 Ἀλέξανδρος
850 4552 995 4628 [215
1027 4552 1136 4625 IL]
1169 4553 1427 4624 ἔμελλεν,
1485 4556 1545 4617 ἐς
1602 4554 1778 4608 στάσιι

1900 4555 2059 4610 bores
2078 4555 2327 4609 assiduos
2360 4554 2638 4617 toleraret,
2674 4569 2775 4608 nec
2810 4554 2932 4610 belli
2975 4555 3237 4623 quietem,
3292 4556 3487 4611 finem.

220 4646 428 4718 ἐνικήθη
461 4647 526 4700 τὸ
549 4647 784 4718 πλῆθος,
812 4647 875 4700 οὐ
906 4646 1166 4718 φέροντες
1200 4646 1279 4699 ἔτι
1315 4648 1441 4710 τοὺς
1465 4646 1661 4710 πόνους
1690 4645 1790 4699 καὶ

221 4736 306 4806 τὴν
328 4738 631 4809 ἀπέραντον
658 4738 1019 4809 ἐκστρατείαν
1040 4754 1055 4770 ο
1088 4739 1182 4791 καὶ
1217 4737 1377 4792 τοῦτο
1422 4736 1597 4791 αίτιον
1626 4736 1783 4791 Ἀλε-

223 4825 416 4901 ξάνδρῳ
459 4832 559 4900 τῆς
588 4830 684 4884 ἀπ’
714 4828 894 4882 ’ῐνδῶν
928 4827 1287 4898 ὑποστροφῆς
1325 4827 1586 4897 κατέστη.
1624 4827 1718 4879 Ἐν
1743 4821 1789 4894 ᾧ

224 4919 304 4971 καὶ
340 4921 369 4973 ὁ
418 4921 669 4992 πέμπτος
722 4920 818 4974 τοῦ
862 4922 1223 4991 συγγραφέως
1272 4918 1788 4991 ἀποπερατοῦται³⁶

223 5007 385 5076 λόγος.

298 5100 719 5173 ’Υποστρέιροντι
761 5102 820 5156 δὲ
860 5101 1230 5174 Ἀλεξάνδρῳ,
1276 5103 1353 5166 ὡς
1378 5104 1408 5155 ό
1455 5102 1613 5163 ἕκτος
1652 5100 1789 5154 ὑπο-

225 5188 472 5260 λαμϐάνει
525 5194 682 5262 λόγος
703 5234 716 5260 ,
753 5194 925 5266 μάχαι
958 5212 1018 5248 τε
1048 5194 1198 5265 αὐτῷ
1230 5196 1326 5250 καὶ
1356 5195 1503 5248 νῖκαι
1537 5193 1783 5262 γίνονται

1897 4660 2003 4715 que
2035 4646 2397 4713 expeditionis
2418 4644 2647 4700 videret.
2686 4644 2798 4700 Hac
2832 4647 2898 4700 de
2916 4662 3079 4701 causa
3102 4688 3119 4714 ,
3158 4648 3344 4701 relicta
3403 4648 3489 4701 ln-

1896 4740 2004 4803 dia,
2038 4737 2233 4792 reverti
2255 4746 2505 4792 coactum
2535 4737 2932 4793 Alexandrum.
2964 4739 3143 4807 Atque
3185 4740 3276 4796 hic
3322 4738 3487 4808 quin-

1898 4838 2010 4884 tum
2033 4830 2231 4885 librum
2262 4829 2504 4898 scriptor
2535 4829 2753 4884 clausit.

1973 5097 2143 5152 Sexto
2191 5097 2375 5166 itaque
2402 5096 2564 5163 libro,
2612 5098 2929 5167 frequentes
2960 5100 3030 5156 ab
3057 5099 3371 5156 Alexandro
3404 5115 3491 5155 re-

1891 5192 2089 5246 deunte
2123 5206 2332 5261 pugnas
2363 5206 2486 5247 cum
2537 5191 2694 5246 hoste
2746 5192 3097 5258 commissas,
3127 5193 3490 5265 ingentesque

1464 5332 1701 5389 VARIAS
1732 5331 2145 5388 LECTIONES.

287 5422 328 5454 ³¹
343 5418 618 5493 τρισὶνεε
650 5428 841 5491 τισίς.

949 5428 993 5461 ⁸³
1020 5427 1173 5498 παρὰ
1200 5427 1243 5481 Α
1279 5444 1293 5481 :
1344 5431 1486 5482 κατὰ
1514 5446 1575 5491 ς.

230 5503 320 5543 νων
351 5512 409 5557 ς,

1654 5427 1697 5460 ιδ

488 5427 618 5479 vA':
650 5428 841 5491 τισίς.
949 5428 993 5461 ⁸³
1020 5427 1173 5498 παρὰ
1200 5427 1243 5481 Α
1279 5444 1293 5481 :
1344 5431 1486 5482 κατὰ
1514 5446 1575 5491 ς.
1654 5427 1697 5460 ³⁸
1724 5427 2113 5497 Πασαγάρδαις
2134 5427 2413 5483 Schottus.
2484 5428 2528 5459 ³³
2556 5430 2635 5501 τῷ
2666 5431 2711 5484 Α
2757 5448 2772 5486 :
2822 5428 2916 5482 τοῦ
2946 5445 2959 5477 ι

484 5496 526 5526 ³⁷
564 5495 880 5566 Ὑδραώτην
910 5500 956 5550 Α
991 5516 1005 5552 :
1057 5499 1333 5569 Ὑδάσπην
1374 5516 1436 5562 ς.
1508 5500 1554 5531 ³⁸
1589 5499 1712 5553 libri
1738 5498 2195 5568 άποπεραιοῦται.
2222 5498 2295 5553 cf.
2330 5514 2382 5569 p.
2416 5499 2484 5553 Β.
2513 5499 2638 5554 600.
2674 5501 2805 5555 ima.
2834 5500 2959 5563 704,

1964 5428 2113 5507 ρδαις
2134 5426 2413 5483 Schottus.
2484 5428 2528 5459 ³³
2556 5430 2635 5501 τῷ
2666 5431 2711 5484 Α
2757 5448 2772 5486 :
2822 5428 2916 5482 τοῦ
2946 5426 3033 5554 cfp,
3051 5444 3112 5492 ς.
3190 5427 3234 5459 ³⁸
3259 5426 3498 5481 Ἀσακά⁶

1964 5516 2195 5553 αιουται.
2222 5498 2295 5553 cf.
2331 5514 2382 5556 ι).
2416 5499 2484 5553 R.
2513 5499 2638 5554 600.
2674 5501 2805 5555 ima.
2834 5500 2959 5556 704.
3040 5537 3055 5554 .
3081 5498 3211 5556 905.
3242 5498 3334 5553 46.

3040 5537 3055 5554 ο
3083 5537 3211 5566 ννυ,
3242 5537 3334 5553 τνο

1734 5620 1966 5678 NOTAE.

288 5706 765 5786 (inliciendae:
805 5714 987 5781 editis,
1025 5726 1082 5771 et
1104 5732 1168 5771 ex
1197 5716 1410 5785 Slrab.,
1439 5715 1719 5786 Stephano
1754 5725 1809 5774 ct

232 5774 388 5852 aliis;
406 5779 602 5852 Pasaga
611 5784 742 5838 rdis.

294 5848 397 5920 (ἳῖ)
430 5850 493 5916 ρ.
516 5848 740 5908 Curtius
765 5863 1017 5909 extremo
1039 5855 1133 5923 lib.
1162 5873 1281 5913 vm.

449 5941 717 6006 ΡΑτιιοι..
735 5946 870 6027 Δ(ἰιι.
906 5945 1063 6011 CIII.

1991 5717 2104 5787 (23)
2136 5717 2224 5772 Al.
2258 5718 2620 5775 Ascanorum.

1989 5789 2107 5857 (24)
2134 5788 2219 5843 AI.
2254 5788 2505 5858 Ilypasis,
2535 5798 2597 5843 ut
2618 5788 2758 5845 Plin.
2779 5798 2835 5847 et
2856 5788 3069 5849 Solino.
3100 5790 3237 5849 Item
3256 5791 3489 5850 Ptolem.

1914 5859 2164 5929 Bybasis,
2197 5869 2252 5916 et
2271 5858 2453 5935 Strab.
2473 5858 2733 5929 Hypanis.

3030 5952 3101 6013 10
