3926 6424
434 357 541 422 209

1600 370 1863 431 ΡΗΟΤΙΙ
1905 374 2410 435 ΡΑΤΒΙΑΒΟΗΑΞ
2447 376 2557 435 CP.

3601 378 3699 440 300

433 476 621 537 partas
675 471 933 526 victorias
991 485 1403 530 commemorat.
1447 476 1654 543 Quibus
1703 479 1758 534 in
1816 479 2004 549 prtelii:

2119 481 2383 552 ⁴’λαμπραί
2412 498 2427 511 ’
2460 485 2517 535 ὲν
2570 479 2651 547 οἷς
2700 483 2971 554 λαμπρῶς
3005 483 3403 555 ἀγωνιζόμενος
3452 486 3541 540 ἐπὶ
3584 494 3698 550 ταῖς

434 560 651 615 fortiter
687 563 1040 619 dimicantem
1077 567 1145 620 ad
1173 571 1457 636 superiora
1504 571 1744 640 quinque
1776 572 2017 637 vulnera,

432 652 538 705 alia
577 652 772 706 iterum
806 654 914 708 duo
953 656 1255 725 accepisse,
1289 673 1353 713 ac
1384 659 1512 713 licet
1535 674 1565 714 e
1590 663 1821 731 septimo
1854 664 2019 717 mori-

430 752 586 798 turus
631 744 930 814 videretur,
967 749 1253 803 commode
1301 760 1481 806 tamen
1531 752 1699 808 fuisse
1747 766 2016 810 curatum.

431 834 511 889 Ex
566 835 715 891 ludia
752 846 1141 907 revertentem,
1175 843 1423 897 terrestri
1456 844 1632 913 ipsum
1665 845 1860 901 itinere
1896 862 2019 915 pro-

429 925 630 982 fectmn
666 943 811 993 esse,
850 929 1102 987 Nearcho
1137 930 1251 1003 (25)
1308 935 1481 989 altera
1534 936 1811 990 exercitus
1862 948 2018 1006 parte

428 1020 756 1085 commissa,
814 1036 878 1075 ac
927 1038 1025 1093 per
1059 1039 1209 1079 mare
1250 1026 1633 1097 redirejusso.
1684 1026 2016 1084 Com'euisse

429 1122 688 1181 utrasque
723 1114 930 1183 copias.
969 1130 1091 1169 cum
1123 1116 1447 1184 maritimas,
1482 1128 1594 1172 tum
1625 1128 1919 1173 terrestres
1946 1121 2013 1174 ad

426 1200 798 1256 Carmaniam.
812 1204 855 1255 Α
871 1203 1167 1259 Carmania
1186 1208 1380 1261 deinde
1401 1207 1453 1262 in
1474 1206 1754 1263 Persidem
1779 1210 2015 1263 Alexan-

426 1296 581 1348 drum
634 1310 1004 1365 progressum,
1071 1297 1334 1366 imperato
1372 1309 1431 1352 ut
1477 1298 1762 1356 Nearchus
1819 1301 1871 1355 in
1909 1300 2013 1356 Su-

428 1388 706 1441 sianorum
744 1389 1018 1459 regionem
1048 1404 1289 1457 cursum,
1327 1399 1383 1445 et
1409 1390 1476 1445 ad
1504 1391 1742 1463 Tigridis
1773 1391 2014 1449 ﬂuminis

435 1478 923 1533 ostiainstitueret.
966 1478 1118 1534 Hanc
1143 1490 1323 1534 autem
1342 1479 1575 1536 Nearchi
1615 1468 2012 1554 navigationem

422 1569 566 1639 68b
619 1569 1104 1626 lonica~describit
1151 1572 1383 1629 dialecto
1440 1574 1728 1641 Arrianus,
1783 1590 2015 1647 eamque

423 1662 645 1729 prOprio
686 1662 839 1716 titulo
868 1661 1062 1716 Indica
1094 1663 1364 1735 indigitat.

489 1752 801 1807 Alexander
819 1762 937 1820 post
957 1754 1070 1808 haec
1087 1754 1389 1825 neglectum
1406 1756 1533 1828 Cyri
1558 1758 1865 1828 sepulcrum
1892 1760 2006 1830 (26)

2124 575 2423 645 προτέραις
2452 575 2617 627 πέντε
2650 575 2886 646 πληγαῖς
2914 573 3065 628 δύο³⁹
3098 574 3177 628 ἔτι
3204 576 3453 645 βάλλεται
3477 620 3492 645 ,
3514 572 3586 631 ὧν
3610 582 3697 635 ἐπὶ

2120 665 2186 733 τῇ
2217 662 2420 735 ἐϐδόμῃ
2454 663 2552 717 καὶ
2580 663 2844 734 τελευτᾷν
2877 664 3053 717 ἐδόκει
3074 703 3089 725 ,
3124 666 3174 717 εἰ
3206 666 3300 717 καὶ
3333 667 3394 719 ού
3444 668 3694 736 χαλεπῶς

2120 750 2622 821 περιεγένετο.](αὶ
2639 751 2803 813 αὐτὸς
2837 750 2935 820 μὲν
2954 750 3015 815 ἐξ
3035 751 3211 804 Ἰνδῶν
3234 752 3589 824 ὑποστρέφων
3613 756 3697 810 διά

2119 838 2223 906 γῆς
2256 840 2491 893 ἐποιεῖτο
2524 840 2623 909 τὴν
2658 840 2919 894 ἐπάνοδον
2940 877 2956 902 ,
2987 838 3224 910 Νεάρχῳ
3269 840 3327 893 δὲ
3379 843 3635 913 στρατιὰν
3653 845 3695 875 ⁵ο

2120 932 2419 999 παρασχὼν
2444 930 2713 1000 ἐπέτρεψε
2760 929 2860 1001 τὴν
2901 929 2991 983 διὰ
3019 928 3298 1000 θαλάσσης
3327 930 3553 999 πορείαν
3573 946 3588 961 ·
3608 931 3698 984 καὶ

2122 1027 2524 1097 συμϐάλλουσιν
2568 1026 2823 1096 ἀλλήλοις
2873 1024 2945 1077 τὰ
2975 1024 3083 1079 ἀπὸ
3131 1025 3237 1094 γῆς
3281 1027 3375 1079 καὶ
3424 1025 3696 1096 Θαλάσσης

2121 1121 2464 1192 στρατόπεδα
2507 1121 2638 1191 περ).
2682 1117 3033 1189 Καρμανίαν.
3086 1118 3222 1170 Ἀπὸ
3268 1117 3595 1188 Καρμανίας
3640 1117 3695 1170 δὲ

2130 1213 2479 1286 Ἀλέξανδρος
2518 1212 2677 1284 μὲνΜ
2710 1214 2768 1265 ὲν
2797 1212 3020 1284 Περσίδι
3043 1212 3089 1243 ⁸⁸
3115 1252 3130 1277 ,
3165 1211 3414 1281 Νέαρχος
3444 1209 3500 1263 δὲ
3527 1210 3583 1273 ἐς
3603 1209 3697 1280 τήν

2118 1306 2425 1361 Σουσιανῶν
2451 1306 2555 1376 γῆν
2580 1304 2868 1375 ἐπετράπη
2896 1304 3161 1358 ἀποπλεῖν
3175 1304 3220 1335 ⁸³
3252 1305 3344 1357 καὶ
3371 1303 3465 1354 τοῦ
3494 1303 3539 1354 Τ
3546 1303 3695 1371 ίγρη-

2116 1417 2209 1461 τος
2238 1397 2488 1468 ποταμοῦ
2514 1398 2616 1460 τάς
2650 1397 2881 1461 ἐκϐολάς
2905 1412 2919 1426 ο
2954 1397 3050 1450 καὶ
3091 1394 3447 1464 διαλαμϐάνει
3482 1395 3573 1448 τὸν
3605 1397 3695 1448 τοῦ

2122 1490 2373 1560 Νεάρχου
2401 1489 2701 1561 περίπλουν
2739 1489 2952 1560 ἰωνικῇ
2981 1487 3181 1559 φράσει
3215 1490 3248 1557 ἠ
3276 1487 3693 1559 ὲπιγραφομένη

2116 1581 2266 1652 αὐτῷ
2303 1581 2447 1644 ἰδίως
2490 1579 2715 1648 Ἰνδική
2727 1620 2739 1633 .

2200 1764 2548 1835 Ἀλέξανδρος
2575 1763 2631 1816 δὲ
2662 1762 2755 1815 καὶ
2785 1762 2875 1815 τὸν
2910 1761 3095 1832 Κύρου
3143 1760 3315 1828 τάφον
3349 1757 3693 1829 ἠμελημένον

425 1845 737 1910 adornavit,
772 1854 830 1900 et
862 1843 1129 1902 Calanmn
1165 1848 1279 1921 (27)
1317 1827 1857 1921 gymnosophistam,
1903 1827 2004 1923 uni

2116 1827 2469 1919 émaxeu-aCet
2494 1895 2509 1919 ,
2546 1856 2640 1908 καὶ
2672 1854 2920 1907 Κάλανον
2952 1827 3045 1905 τόν
3070 1827 3517 1920 γυμνοσοφιστὴν
3542 1851 3691 1918 αίτη-

419 1934 653 1990 ﬂammis
685 1950 741 1990 se
769 1937 1116 1993 committere
1145 1939 1325 2004 vellet,
1358 1940 1502 2009 quod
1550 1944 1738 1997 morbo
1765 1954 2007 2001 tentare-

419 2034 532 2092 tur,
563 2028 741 2096 patrio
770 2026 890 2098 (28)
924 2028 1201 2100 exstingui
1240 2030 1345 2083 ritu
1380 2034 1652 2101 permisit.
1685 2032 1912 2100 Nuptias
1938 2038 2005 2092 ad

420 2119 538 2174 haec
564 2134 691 2173 cum
723 2134 878 2184 suas,
941 2130 1050 2174 tum
1092 2121 1324 2176 aliorum
1372 2124 1653 2193 Splendide
1684 2128 2000 2185 celebravit.

418 2210 540 2278 Ipse
575 2209 688 2282 (29)
717 2212 933 2280 quidem
969 2222 1100 2267 natu
1136 2214 1430 2269 maximam
1461 2215 1604 2272 Darii
1643 2218 1811 2274 ﬁliam
1842 2258 1858 2285 ,
1898 2222 2003 2275 Ar-

421 2302 611 2356 sinoen
642 2304 886 2369 nomine,
918 2305 1071 2359 duxit
1101 2345 1116 2370 ,
1170 2316 1411 2377 natuque
1445 2309 1723 2366 minimam
1768 2312 2001 2368 ﬁliarum

420 2392 578 2456 Ochi,
609 2409 729 2463 quae
752 2392 1032 2465 Parysatis
1071 2396 1237 2452 dicta.
1272 2396 1496 2452 Roxana
1524 2400 1669 2454 enim
1697 2401 1809 2471 jam
1841 2412 2001 2458 antea

417 2485 579 2538 ducta
610 2493 747 2540 erat.
784 2485 1071 2556 Drupetin,
1108 2488 1253 2542 Darii
1287 2503 1500 2558 quoque
1532 2491 1696 2545 tiliam
1722 2532 1737 2557 ,
1772 2492 2002 2562 Hephae-

418 2574 583 2628 stioni
615 2576 805 2644 nuptui
839 2576 987 2631 dedit
1027 2596 1039 2633 :
1079 2578 1308 2633 Cratero
1350 2580 1723 2636 Amastriuam
1753 2621 1771 2649 ,
1822 2584 2003 2640 Ptole-

420 2683 556 2722 maeo
594 2683 723 2723 vero
754 2679 811 2725 et
842 2670 1089 2734 Eumeni,
1113 2675 1444 2726 Artacanam
1473 2684 1529 2728 et
1555 2675 1817 2730 Artonem
1842 2677 2000 2731 Arta-

414 2760 535 2812 bazi
574 2759 713 2814 ﬁlias
766 2761 1029 2828 tradidit;
1067 2759 1316 2816 Nearcho
1367 2763 1621 2820 Barsines
1666 2776 1721 2821 et
1760 2767 2000 2824 Meltoris

417 2852 584 2904 tiliam
628 2867 850 2906 uxorem
899 2853 1089 2921 dedit;
1140 2853 1370 2909 Seleuco
1426 2856 1765 2926 Spitamenis
1810 2859 1994 2915 tiliam.

415 2944 643 2999 Cameris
674 2960 894 3013 quoque
928 2946 1094 3000 sociis
1122 2946 1456 3002 clarissimas
1487 2946 1774 3005 Persarum
1801 2966 1866 3007 ac
1888 2951 2000 3006 Me-

420 3038 614 3091 dorum
648 3037 1026 3091 ﬁliasnumero
1054 3038 1165 3092 fere
1194 3041 1469 3109 octoginta
1500 3042 1680 3096 stabili
1726 3044 1998 3098 connubio

410 3127 610 3197 iunxit,
652 3128 813 3185 factis
841 3129 1135 3185 Persarum
1174 3133 1277 3185 ritu
1307 3147 1371 3186 ac
1397 3133 1521 3202 jure
1553 3134 1779 3203 nuptiis.
1816 3133 1998 3191 Mace-

414 3223 615 3275 doumn
659 3236 875 3291 quoque
905 3233 1195 3277 veteranos
1219 3233 1608 3280 exauctoratos
1658 3227 1709 3279 in
1746 3224 2000 3282 Macedo-

413 3312 557 3365 niam
592 3312 742 3367 misit
769 3332 781 3367 :
808 3322 863 3368 et
891 3313 1237 3383 Antipatrum
1272 3315 1488 3369 interim
1515 3330 1710 3371 recens
1741 3318 1998 3374 collectas

413 3404 599 3474 copias
649 3403 752 3457 sibi
805 3404 1077 3459 adducere
1122 3403 1309 3473 jussit.
1368 3405 1505 3458 Dum
1561 3407 1677 3460 haec
1738 3415 1995 3475 aguntur,

412 3492 681 3562 Harpalus
730 3494 910 3562 regias
961 3492 1175 3549 furatus
1216 3509 1385 3565 opes,
1441 3494 1567 3567 fuga
1601 3492 1845 3566 dilapsus
1888 3507 1997 3553 est.

414 3583 763 3653 Hephaestion
809 3584 939 3640 item
994 3585 1104 3639 vita
1140 3584 1477 3659 defungitur,
1530 3588 1685 3658 cujus
1723 3590 1875 3644 ohitu
1911 3590 1998 3643 iu-

412 3677 557 3747 genti
600 3692 837 3733 mmrore
886 3689 1270 3735 consternatus
1307 3681 1615 3735 Alexander
1660 3693 1781 3749 est,
1833 3692 1997 3752 atque

412 3768 763 3823 incredibiles
786 3770 901 3839 (50)
944 3768 998 3824 in
1030 3784 1222 3840 rogum
1264 3786 1329 3826 ac
1360 3770 1508 3840 justa
1562 3772 1807 3827 facienda
1842 3790 1996 3829 sum-

412 3870 535 3928 ptus
580 3860 732 3913 fecit.
764 3859 881 3926 Quo
924 3860 1051 3914 item
1096 3871 1340 3931 tempore
1393 3860 1555 3932 legati
1612 3878 1679 3918 ex
1723 3863 1908 3919 Africa
1940 3875 1997 3920 et

411 3948 746 4019 Carthagine
777 3948 845 4004 ad
882 3948 1035 4004 illum
1072 3950 1224 4005 missi
1260 3970 1272 4004 :
1318 3952 1425 4006 imo
1460 3966 1525 4006 ex
1558 3952 1712 4007 Italia
1739 3992 1755 4019 ,
1792 3964 1851 4009 ut
1905 3957 1997 4013 hic

413 4039 603 4095 refert.
634 4040 801 4108 Cujus
827 4041 1048 4110 quidem
1076 4041 1248 4097 Italia:
1275 4043 1389 4111 (5l)
1426 4043 1848 4110 incrementum,
1876 4047 1995 4104 illos

294 4154 297 4157 ·
411 4133 664 4197 intuitus,
685 4131 1056 4188 denuntiando
1080 4134 1350 4203 praedixit.
1381 4132 1435 4187 lu
1458 4133 1811 4206 Babyloniam
1830 4139 1993 4193 eundi

410 4225 610 4294 cupido
637 4225 812 4293 ipsum
840 4225 1087 4289 incessit,
1124 4236 1181 4279 et
1219 4225 1429 4280 obitum
1463 4237 1615 4281 vates
1646 4227 1759 4297 (5'2)
1786 4231 1994 4284 denun-

410 4318 547 4370 tiant
574 4334 588 4370 :
622 4330 857 4384 cumque
877 4316 1285 4371 inconsiderate
1309 4317 1530 4386 quidam
1564 4318 1617 4372 in
1647 4319 1843 4374 throno
1875 4324 1994 4392 ejus

408 4405 772 4474 consedisset,
796 4421 863 4461 ex
881 4421 947 4462 eo
975 4408 1087 4476 jam
1120 4406 1327 4462 certius
1352 4416 1583 4463 mortem
1616 4409 1735 4479 ejus
1758 4428 1993 4482 augures
2036 4479 2044 4488 _

2118 1950 2352 2019 σάμενον
2380 1948 2459 2009 εἰς
2486 1945 2596 2017 πῦρ
2621 1943 2917 2007 εἰσελθεῖν,
2948 1944 3030 1996 ὅτι
3052 1941 3207 2005 νόσος
3240 1941 3403 1994 αὐτὸν
3438 1939 3690 2008 ἠνώχλει,

2114 2039 2358 2110 παρέσχε
2390 2038 2531 2091 κατὰ
2571 2036 2639 2089 τὰ
2685 2036 2894 2105 πάτρια
2926 2031 3271 2099 τελευτῆσαι.
3326 2027 3599 2082 Ἐπιτελεῖ
3636 2026 3692 2079 δὲ

2112 2131 2209 2184 καὶ
2232 2130 2445 2199 γάμους
2473 2128 2641 2181 αὑτοῦ
2674 2143 2736 2179 τε
2764 2126 2861 2178 καὶ
2902 2124 3009 2176 τῶν
3040 2121 3273 2192 ἑταίρων
3292 2120 3337 2151 ’⁵⁸
3364 2119 3652 2189 λαμπροὺς
3670 2156 3687 2180 ,
3728 2173 3732 2177 ,

2112 2221 2277 2281 αὐτὸς
2331 2221 2427 2289 μὲν
2473 2218 2581 2286 τὴν.
2620 2213 3006 2286 πρεσϐυτάτην
3050 2210 3161 2263 τῶν
3208 2208 3436 2278 Δαρείου
3489 2206 3691 2259 παίδων

2113 2313 2387 2387 (Ἀρσινόη
2417 2312 2554 2381 αὐτῇ
2575 2309 2620 2340 ⁸⁵
2641 2306 2832 2378 ὄνομα)
2858 2305 3145 2374 ἀγόμενος,
3169 2303 3262 2355 καὶ
3282 2300 3382 2370 τὴν
3415 2297 3688 2387 νεωτάτην

2117 2386 2176 2460 δὲ
2198 2405 2309 2458 τῶν
2343 2406 2506 2473 Ὤχου
2538 2400 2853 2469 θυγατέρων
2890 2394 3236 2467 (Παρύσατις
3253 2392 3295 2422 ’⁸
3317 2386 3686 2459 ὠνομάζετο)’

2121 2499 2371 2568 Ῥωξάνη
2400 2497 2509 2567 γάρ
2544 2494 2647 2564 ἤδη
2688 2491 3008 2563 προηγμένη
3038 2487 3321 2555 ἐτύγχανε.
3360 2482 3476 2552 Τὴν
3512 2480 3690 2550 μέντοι

2108 2590 2379 2662 Δρυπέτιν
2407 2627 2421 2652 ,
2467 2584 2742 2655 θυγατέρα
2786 2582 2883 2635 καὶ
2932 2578 3104 2649 αὐτὴν
3123 2576 3167 2607 ⁸⁷
3202 2569 3370 2628 οὖσαν
3421 2570 3689 2642 Δαρείου,

2123 2680 2477 2752 Ἡφαιστίωνι
2495 2677 2702 2743 δίδωσι,
2721 2668 2989 2747 Κρατερῷ
3002 2665 3527 2739 δέἈμαστρίνηνεδ,
3555 2664 3690 2715 Πτο-

2108 2774 2318 2844 λεμαίῳ
2353 2771 2411 2823 δὲ
2450 2769 2545 2823 καὶ
2579 2766 2813 2837 Εὐμένει
2847 2764 2946 2826 τὰς
2975 2758 3313 2830 ’Δρταϐάζου
3342 2755 3541 2817 παῖδας
3564 2754 3688 2821 Ἀρ·

2106 2864 2369 2933 τακάμαν
2392 2862 2435 2895 δ’
2473 2860 2569 2913 καὶ
2602 2860 2657 2912 Ἀ
2670 2857 2909 2929 ρτώνην,
2937 2854 3171 2924 Νεάρχῳ
3193 2850 3251 2904 δὲ
3278 2848 3380 2918 τὴν
3418 2845 3689 2917 Βαρσίνης

2108 2956 2203 3011 καὶ
2230 2952 2553 3023 Μέντορος⁸⁰
2585 2950 2748 3005 παῖδα
2774 2989 2789 3015 ,
2810 2946 3057 3015 Σελεύκῳ
3075 2944 3131 2997 δὲ
3161 2942 3259 3013 τὴν
3288 2939 3686 3009 Σπιταμένους,

2107 3045 2203 3098 καὶ
2234 3045 2347 3106 τοῖς
2377 3041 2558 3104 ἄλλοις
2585 3039 2824 3113 ἑταίροις
2867 3036 2968 3099 τὰς
2996 3032 3378 3103 δοκιμωτάτας
3409 3029 3521 3082 τῶν
3550 3028 3684 3097 Περ-

2107 3137 2216 3190 σῶν
2265 3136 2359 3189 καὶ
2411 3135 2616 3203 Μήδιον
2644 3131 2879 3196 παῖδας,
2911 3128 3041 3199 ἄχρι
3090 3126 3187 3181 καὶ
3220 3128 3279 3187 ἐς
3326 3123 3682 3193 ὀγδοήκοντα.

2102 3227 2319 3295 Πέμπει
2361 3225 2419 3278 δὲ
2469 3225 2564 3277 καὶ
2592 3224 2719 3285 τοὺς
2750 3221 3075 3291 ἀπομάχους
3105 3218 3213 3272 τῶν
3246 3215 3577 3271 Μακεδόνων
3610 3214 3687 3274 είς

2101 3315 2444 3370 Μακεδονίαν
2464 3354 2479 3379 ,
2512 3314 2706 3376 ἄλλους
2737 3313 2854 3366 ἀντ’
2886 3311 3068 3364 αὐτῶν
3096 3309 3522 3371 νεοσυλλέκτους
3552 3309 3687 3360 ἀπο-

2103 3409 2290 3477 φέρειν
2320 3406 2467 3476 αὐτῷ
2501 3402 2811 3476 προστάξας
2842 3403 3228 3473 Ἀντίπατρον.
3258 3400 3350 3453 Ἐν
3382 3400 3564 3470 τούτῳ
3591 3400 3683 3452 καὶ

2103 3497 2381 3566 Ἀρπαλος
2406 3494 2660 3565 βασιλικὰ
2677 3495 2721 3526 ⁸¹
2744 3492 2927 3547 λαϐὼν
2951 3490 3128 3563 ᾠχετο
3155 3489 3375 3559 φεύγων
3401 3489 3682 3558 χρήματα.

2100 3589 2343 3659 Τελευτᾷ
2374 3589 2468 3643 καὶ
2498 3585 2832 3656 Ἡφαιστίων
2850 3624 2864 3650 ,
2884 3586 2968 3654 ἐφ’
2988 3579 3031 3651 ᾧ
3056 3585 3198 3654 μέγα
3222 3580 3415 3643 πένθος
3434 3578 3686 3645 Ἀλεξάν-

2098 3681 2209 3751 δρῳ
2246 3680 2475 3751 ἐποιήθη
2498 3720 2515 3745 ,
2550 3680 2647 3732 καὶ
2680 3678 3056 3739 πολυδάπανος
3100 3677 3134 3746 ἡ
3195 3675 3289 3727 ἐπὶ
3340 3671 3419 3741 τῷ
3471 3670 3686 3738 σώματι

2100 3774 2253 3844 πυρά
2284 3773 2380 3826 καὶ
2414 3772 2634 3843 κηδεία·
2664 3771 2722 3825 ἐν
2753 3763 2798 3838 ᾧ
2827 3769 2924 3823 καὶ
2952 3766 3213 3839 πρέσϐεις
3231 3764 3278 3797 ⁸⁸
3301 3764 3521 3818 Λιϐύων
3557 3764 3605 3794 ⁵³
3626 3778 3685 3814 τε

2099 3864 2192 3918 καὶ
2218 3862 2607 3934 Καρχηδονίων
2640 3859 2774 3930 πρὸς
2807 3856 2970 3911 αὺτὸν
2997 3855 3285 3923 ἀφίκοντο.
3318 3855 3428 3906 Καὶ
3463 3850 3683 3905 Ἰταλῶν

2096 3957 2153 4010 δὲ
2185 3952 2591 4027 παραγενέσθαι
2612 3954 2746 4022 φησὶ
2766 3993 2780 4018 ,
2801 3951 2896 4004 καὶ
2925 3950 3008 4001 ὃτι
3028 3947 3128 4018 τὴν
3159 3945 3391 4016 αὔξησιν
3415 3943 3526 3998 τῶν
3547 3944 3686 3995 Ἰτα-

2096 4048 2204 4101 λῶν
2233 4051 2289 4111 ές
2314 4047 2515 4108 αὐτοὺς
2544 4043 2664 4098 ἰδὼν
2700 4043 2934 4113 προεῖπε
2970 4038 3067 4093 καὶ
3103 4036 3445 4107 ἀπεφήνατο.
3506 4033 3685 4102 Ὀρμᾷ

2096 4140 2153 4194 δὲ
2184 4142 2281 4193 κα).
2303 4140 2393 4193 ἐπὶ
2428 4136 2725 4190 Βαϐυλῶνα
2747 4176 2761 4201 ,
2782 4135 2878 4187 καὶ
2910 4131 3273 4203 προλέγουσιν
3304 4126 3454 4197 αὑτῴ
3476 4128 3528 4179 oi
3552 4127 3684 4194 μάν-

2094 4249 2211 4296 τεις
2237 4230 2333 4301 τὴν
2354 4229 2611 4299 τελευτήν
2637 4242 2652 4258 ·
2685 4226 2781 4280 καὶ
2798 4222 3108 4286 ὲπικαθίζει
3126 4238 3209 4284 τις
3227 4217 3393 4273 αὑτοῦ
3408 4217 3488 4289 τῷ
3507 4217 3681 4287 θρόνῳ

2097 4322 2458 4391 παραλόγως,
2496 4321 2555 4386 ἐξ
2598 4311 2659 4372 οὗ
2698 4316 2899 4387 μᾶλλον
2927 4313 3240 4378 ἐξοιώνιστο
3263 4313 3375 4373 τοῖς
3420 4310 3681 4379 μάντεσιν

2095 4416 2262 4469 αὑτοῦ
2294 4416 2328 4484 ἡ
2353 4411 2607 4483 τελευτή.
2644 4407 3101 4481 Παρεσκευάζετο
3127 4406 3172 4459 δ’
3207 4402 3357 4474 αὐτῷ
3372 4404 3417 4435 ⁸⁵
3448 4404 3599 4472 ὅμως
3621 4400 3681 4453 τὸ

408 4497 799 4565 praedixerunt.
832 4498 1073 4555 Classem
1115 4498 1471 4555 nihilominus
1520 4501 1844 4570 profectioni
1894 4506 1992 4561 ad-

2112 4505 2348 4561 ραυτικὺν
2385 4504 2461 4567 ῶς
2515 4504 2610 4557 ἐπὶ
2662 4500 2907 4573 Ἄραϐας
2924 4500 2971 4532 ⁸⁵
3015 4498 3142 4562 τοὺς
3187 4495 3455 4561 πολλοὺς,
3489 4493 3540 4547 οἳ
3588 4490 3679 4545 δύο

1710 4617 1949 4677 VARIAS
1976 4621 2399 4681 LECTIONES.

483 4708 527 4742 ³³
556 4710 674 4785 δύο]
698 4710 823 4785 libri
841 4710 1133 4785 §e§cspgv._
1178 4712 1244 4785 _‘°
1277 4711 1570 4785 στρατείαν
1597 4728 1658 4775 ς.
1702 4782 1713 4785 Α
1733 4712 1778 4744 δ’
1806 4715 1907 4785 μὲν
1939 4718 2061 4774 add.
2095 4720 2161 4773 A.

1524 4782 1568 4817 ⁴⁷
1631 4782 1727 4836 καὶ
1778 4782 1948 4857 αὐτὴν
1992 4787 2270 4859 θυγατέρα
2308 4806 2369 4851 ς’.
2477 4782 2523 4819 ⁵⁸
2584 4787 2719 4857 ’Δμα

1526 4852 1591 4905 A.
1700 4855 1744 4886 ⁸²
1791 4868 1919 4912 ante
1953 4859 2210 4912 πρέσϐεις
2247 4874 2372 4912 cum
2404 4859 2449 4911 A
2480 4858 2639 4912 omisi
2672 4858 2719 4909 ot

1791 4872 1919 4913 ante
1953 4872 2210 4929 πρεσϐεις
2247 4874 2372 4913 cum
2404 4872 2449 4911 A
2480 4873 2639 4914 omns:
2672 4872 2743 4909 οι.

405 4784 452 4814 ’⁸³
487 4781 667 4852 αὐτῆς
693 4821 708 4835 .
812 4781 859 4812 ’⁸⁵
897 4781 1064 4853 Παρ.]
1108 4782 1143 4853 ἢ
1178 4783 1320 4853 flag.
1356 4799 1417 4853 ς.

407 4855 452 4887 ⁸ο
477 4851 768 4922 Μέλτωρος
794 4868 856 4924 ς2
908 4851 1196 4924 Αδίλβασδ
1246 4851 1315 4905 τά
1371 4852 1493 4922 βασ.
1526 4852 1591 4905 A.

404 4926 451 4957 "’
474 4924 653 4978 αὐτῶν
672 4921 737 4976 Α.
812 4922 858 4954 ⁵⁵
893 4921 1194 4995 Ἀρραϐας
1213 4939 1273 4986 ς.

2239 4719 2283 4749 ⁴²
2313 4719 2373 4781 ὲς
2401 4717 2641 4787 Περσίδα
2674 4734 2736 4780 ς.
2816 4714 2862 4747 ⁸³
2893 4708 3245 4787 ἐπιπλεῖνΔΑ..
3264 4777 3276 4787 ι
3312 4704 3358 4736 ⁵⁵
3380 4703 3585 4787 ἐτέρων
3612 4721 3671 4767 ς.

2477 4775 2523 4819 ἐι
2584 4775 2942 4863 Ἀμξαστίν-τυ,Δ
2966 4800 3056 4863 gn,-
3130 4780 3175 4811 ἰο
3213 4775 3579 4863 'lApcatgavav

2626 4842 2743 4911 ἱόί.
2842 4842 2888 4886 ’ί
2918 4842 3099 4907 Λὶϐῶν
3120 4879 3189 4888 —
3213 4842 3583 4915 Καρχηδόνων
3610 4859 3670 4909 ς.

1916 4992 2149 5051 NOTAE.

478 5065 593 5137 (25)
624 5066 702 5119 De
737 5078 845 5137 quo
874 5065 1129 5135 frequens
1159 5065 1304 5136 apud
1336 5064 1520 5137 Strab.
1543 5064 1769 5137 mentio.

482 5134 597 5207 (26)
644 5134 941 5207 Aperuisse
977 5134 1376 5207 commemorat
1419 5135 1485 5203 Q.
1528 5134 1749 5191 Curtius
1796 5134 1893 5191 lib.
1929 5150 1988 5189 κ.

406 5205 527 5260 Vid.
563 5205 743 5259 Strab.
779 5205 875 5260 lib.
906 5221 1000 5267 xv,
1031 5206 1134 5260 sub
1165 5206 1259 5259 lin.

479 5276 594 5346 (9.7)
646 5272 912 5346 Sphinggn
941 5275 1148 5346 dictum
1204 5284 1396 5346 auctor
1447 5285 1533 5331 est
1594 5275 1870 5330 Plularch.
1933 5275 1986 5346 in

405 5343 735 5399 Alexandro.
761 5343 1044 5399 A'Graecis
1076 5359 1205 5399 vero
1237 5343 1502 5400 Calanum
1534 5354 1809 5411 vocatum,
1840 5345 1984 5412 quod

407 5417 587 5469 indico
621 5430 896 5481 sermone,
929 5412 1085 5477 Kale,
1121 5416 1173 5469 id
1203 5425 1309 5479 est,
1334 5417 1494 5481 salve,
1534 5419 1855 5470 accedentes
1892 5429 1984 5466 sa-

405 5484 653 5539 lutasset.
694 5484 854 5554 Plura
886 5485 939 5538 in
969 5487 1111 5539 notis
1140 5485 1207 5539 ad
1236 5485 1487 5540 Graecum
1518 5486 1819 5554 exetnplar,
1868 5482 1987 5552 qui-

409 5558 512 5608 bus
542 5554 711 5625 ~adde
750 5553 996 5625 Philonis
1045 5556 1227 5625 locum
1271 5555 1793 5625 insignemhlihello,
1838 5554 1985 5623 quod

407 5623 586 5676 o'mnis
625 5626 826 5690 probus
853 5623 1009 5690 liber,
1037 5636 1092 5679 et
1117 5623 1320 5679 AElian.
1355 5623 1450 5679 lib.
1482 5641 1515 5679 v
1544 5623 1670 5678 Var.
1703 5626 1831 5679 hist.
1860 5638 1983 5692 cap.

407 5693 462 5759 ϐ,
490 5693 1033 5765 et_Claud._Guichar
1067 5695 1319 5750 Funeral.
1351 5694 1445 5749 lib.
1476 5711 1554 5761 Ill,
1579 5712 1634 5765 p.
1669 5694 1724 5747 4.

480 5762 593 5830 (28)
626 5759 813 5834 Patrio
839 5763 920 5834 ait
946 5768 1072 5818 ritu.
1107 5766 1261 5834 Apud
1296 5765 1455 5819 Indos
1498 5759 1643 5821 enim
1676 5763 1974 5831 sapientes,

410 5831 585 5900 inquit
601 5832 821 5889 Curtius
837 5830 932 5889 lib.
956 5848 1076 5904 VIII,
1095 5830 1365 5906 occupare
1385 5834 1481 5892 fati
1502 5836 1644 5894 diem
1666 5830 1976 5913 pulchrum,

2091 5075 2146 5119 et
2180 5066 2331 5117 vivos
2356 5076 2415 5117 se
2445 5060 2677 5116 cremari
2703 5057 2920 5128 jubent.
2947 5056 3156 5123 Quibus
3188 5065 3281 5111 aut
3311 5058 3496 5126 segnis
3516 5063 3670 5117 tetas,

2096 5142 2191 5188 aut
2222 5132 2564 5187 incommoda
2592 5130 2843 5183 valetudo
2873 5140 2979 5193 est,
3028 5137 3407 5194 exspectatam
3443 5133 3677 5180 mortem

2092 5219 2191 5273 pro
2210 5204 2476 5258 dedecore
2499 5204 2622 5255 vita:
2648 5197 3004 5273 l_tabeut._Nec
3027 5196 3529 5273 ullus_corporib_us,
3552 5209 3671 5261 quas

2091 5265 2346 5328 senectus
2402 5272 2600 5334 solvit,
2659 5271 2832 5324 honos
2879 5270 3132 5322 habetur.
3165 5265 3442 5336 luquinari
3474 5273 3671 5336 putant

2092 5341 2854 5419 igneum-nisiquispirantes
2884 5338 3117 5419 recipit.‘
3199 5407 3210 5419 _
3274 5392 3329 5419 _.
3573 5403 3605 5419 ν

2164 5400 2293 5481 (29f
2316 5412 2390 5465 De
2419 5400 2625 5481 uu‘ptiis'
2672 5410 2774 5464 ista
2820 5400 3071 5463 nonnihil
3105 5400 3344 5472 turbata',
3377 5420 3445 5461 ex
3474 5419 3544 5459 vn
3570 5400 3668 5457 lib.

2092 5484 2214 5538 iuit.
2247 5482 2601 5537 restituenda.

2163 5552 2277 5625 ('50)
2309 5553 2497 5625 Decies
2521 5549 2747 5625 millium
2770 5547 3103 5625 talentorum
3137 5547 3355 5625 quidam
3388 5543 3659 5625 referunt:

2095 5612 2385 5679 duodecies
2423 5635 2548 5675 vero
2582 5620 2736 5673 Diod.
2769 5619 2860 5672 lib.
2894 5632 3040 5682 xvn;
3074 5627 3130 5670 et
3155 5612 3406 5671 Justinus
3438 5612 3532 5667 lib.
3565 5624 3662 5663 vu.

2188 5691 2280 5762 51)
2314 5691 2379 5745 Τ.
2417 5692 2606 5745 Livius
2635 5689 2895 5762 legendus
2924 5687 3017 5741 lib.
3056 5703 3144 5762 Ix,
3169 5688 3239 5762 ab
3268 5684 3332 5740 V.
3357 5685 3421 5740 C.

2188 5699 2280 5762 51)
2314 5699 2379 5745 Τ.
2417 5699 2606 5745 Livius
2635 5699 2895 5757 legendus
2924 5699 3017 5741 ub.
3056 5703 3136 5751 Ix,
3169 5699 3239 5740 ab
3273 5699 3332 5740 ν.
3357 5699 3421 5740 C.

2164 5699 2277 5834 ('52)
2309 5762 2673 5834 Quamobrem
2714 5757 2980 5834 deliberat
3005 5758 3149 5834 apud
3172 5756 3440 5813 Senecam
3476 5751 3661 5810 rheto-

2090 5826 2207 5892 rem
2240 5826 2473 5897 Suasor.
2498 5828 2590 5889 1V.
2616 5844 2686 5885 au
2715 5826 3068 5898 Babyloniam
3098 5828 3286 5883 intret.
