3926 6434
236 347 325 416 301

1234 335 1763 395 BIBLIOTHECA.
1804 358 1874 368 --
1914 334 2080 394 COD.
2112 334 2298 394 XCII.

3374 344 3481 405 302

240 458 382 531 μόνον
416 450 632 505 σέϐουσι
681 447 871 511 θεοὺς,
913 443 1157 516 Οὐρανὸν
1204 444 1300 497 καὶ
1351 443 1626 496 Διόνυσον.
1684 441 1797 495 Καὶ

1913 450 2079 506 )rnat,
2117 450 2177 497 ut
2208 444 2263 497 in
2292 442 2503 499 Arabas
2530 452 2775 500 moturus
2795 444 3139 501 multitudine
3164 444 3477 504 innumera-

235 547 389 604 ταῦτα
420 538 973 613 παρασκευαζόμενος
994 574 1009 600 ,
1060 537 1157 589 καὶ
1188 536 1288 605 τῆς
1323 536 1482 587 νόσου
1520 535 1623 604 ἤδη
1669 535 1794 586 ἐπι-

237 634 522 707 κρατούσης
542 669 558 695 ,
579 628 841 683 καταλύει
865 628 955 681 τὸν
978 627 1112 697 βίον.
1141 628 1205 679 Ἦ
1234 628 1290 680 δὲ
1310 626 1679 697 τελευτὴμὲὂ
1700 624 1792 696 Η.]

240 726 383 784 αὐτοῦ
412 723 591 785 ἄλλοις
624 720 796 783 ἄλλως
827 721 1276 790 ἀναγέγραπται,
1311 719 1407 772 καὶ
1436 718 1631 771 πολλαὶ
1664 717 1795 788 περὶ

243 818 451 889 absim"
484 813 855 887 ἐξηνέχθησαν
901 812 1217 883 διαφωνίαι.
1251 811 1417 864 Ἐϐίω
1464 810 1520 864 δὲ
1552 810 1596 881 β’
1627 810 1724 863 καλ⁵
1750 810 1796 861 λ’

246 918 330 983 ἐτη
350 953 363 975 ,
390 910 475 964 καὶ
500 907 596 961 τοῦ
634 908 822 977 τρίτου
873 906 1051 975 μῆνας
1098 904 1366 957 ἐπέλαϐεν
1395 900 1542 956 ὀκτώ
1561 918 1575 931 ⁸
1607 900 1799 971 ἐϐασίτ

249 1008 385 1058 λευσε
424 1002 475 1055 δὲ
519 999 726 1053 τούτων
773 998 902 1060 τούς
941 1014 999 1050 τε
1045 995 1190 1049 ὀκτὼ
1226 996 1402 1067 μῆνας
1445 997 1537 1075 καὶ
1570 993 1665 1063 ἐτη
1704 992 1794 1063 ιβ’.

256 1092 528 1151 Ἐπαινεῖδέ
556 1092 725 1144 αὐτὸν
756 1092 850 1144 ἐπὶ
881 1090 1087 1152 πάσαις
1116 1089 1304 1158 σχεδόν
1335 1106 1390 1141 τι
1418 1088 1537 1152 ταῖς
1570 1088 1797 1156 ἀρεταῖς

260 1195 310 1253 ἐς
337 1189 393 1240 τὰ
417 1186 633 1255 μάλιστα
669 1185 698 1236 6
729 1182 1102 1253 συγγραφεύς.
1147 1181 1257 1232 Καὶ
1286 1182 1313 1232 6
1337 1179 1567 1249 ἕϐδομος
1610 1180 1795 1248 ἀπαρ-

255 1283 425 1346 τίζεται
452 1277 641 1344 λόγος,
689 1275 749 1328 δν
793 1274 1072 1343 ἐκδέχεται
1113 1270 1322 1342 βιϐλίον
1358 1270 1452 1335 ἓν,
1488 1270 1526 1337 ἡ
1554 1266 1793 1333 Ἰνδική.

825 1452 926 1507 2M-
964 1451 1030 1507 Β]
1069 1451 1185 1507 LB'.

825 1452 926 1507 2M
964 1452 1007 1505 [ἰ
1069 1451 1185 1504 LB'.

244 1548 340 1605 Τοῦ
382 1543 565 1600 αὐτοῦ
624 1546 696 1599 τὰ
746 1453 899 1614 μέτει
951 1451 1365 1611 Ἆῖἱέἑανδρον,
1409 1541 1711 1610 suam,»
1742 1538 1794 1595 ι’.

296 1707 611 1778 Συνεγράφη
643 1706 700 1759 δὲ
731 1702 880 1775 αὐτῷ
907 1703 1003 1758 καὶ
1036 1704 1113 1757 Τὰ
1135 1701 1289 1773 μετὰ
1319 1700 1713 1769 Ἀλέξανδρον
1742 1700 1800 1753 ἐν

1898 532 2168 600 hiles,qui
2199 532 2337 588 duos
2377 534 2644 589 duntaxat
2679 537 2830 603 deos,
2858 534 3068 590 Caelum
3108 545 3164 590 et
3181 532 3477 604 Bacchum,

1899 623 2161 677 colerent.
2196 623 2325 678 Haec
2364 626 2488 679 dum
2520 634 2826 695 praeparat,
2878 627 2926 680 vi
2959 626 3130 681 morbi
3164 639 3478 698 superatus,

1900 716 2009 770 vita
2055 717 2311 773 decessit.
2349 717 2424 773 De
2467 720 2583 788 ejus
2618 734 2846 774 excessu
2878 720 3014 774 varii
3050 720 3204 774 varie
3247 722 3487 791 scripse-

1900 816 2029 861 runt
2056 846 2071 872 ,
2111 809 2389 878 multaque
2437 809 2599 864 ctiam
2633 810 2929 881 pugnantia
2959 811 3316 881 prodiderunt
3345 812 3486 883 ('53).

1904 899 2050 952 Vixit
2074 915 2249 954 annos
2288 901 2422 955 duos
2464 916 2631 969 supra
2677 902 2899 972 triginta
2931 942 2947 967 ,
2981 912 3036 957 et
3067 916 3283 959 menses
3308 912 3435 959 octo
3469 920 3483 958 :

1900 991 2101 1059 quibus
2123 999 2255 1045 'octo
2281 991 2580 1055 mensibus,
2607 994 2873 1067 annisque
2906 993 3190 1048 duodecim
3216 993 3484 1065 regnavit.

1901 1085 2183 1139 Laudatur
2232 1087 2462 1139 miriﬁce
2496 1086 2564 1140 ab
2601 1087 2701 1141 h'oe
2737 1088 3002 1156 scriptore
3034 1086 3346 1142 Alexander
3369 1128 3385 1155 ,
3415 1087 3488 1142 ob

1903 1178 2230 1247 singularem
2263 1180 2527 1231 virtutum
2560 1178 2673 1233 fere
2716 1180 2958 1231 omnium
2989 1179 3360 1249 prastautiam
3382 1216 3399 1243 ,
3431 1178 3485 1232 in

1902 1284 2011 1336 quo
2040 1269 2304 1337 septimus
2349 1270 2548 1323 desinit
2592 1270 2770 1338 liber,
2823 1286 2984 1340 quem
3031 1271 3225 1326 Indica
3285 1270 3488 1342 excipit

1907 1359 2167 1426 Historia,
2212 1361 2351 1415 libro
2388 1362 2671 1432 singulari.

2615 1451 2776 1509 XCII.

1901 1542 2158 1614 Eiusdem
2196 1544 2409 1598 Arriani
2450 1544 2527 1599 De
2566 1547 2718 1669 rigas
2734 1555 2876 1669 ἔστι
2920 1544 3283 1600 Alexandrum
3327 1546 3487 1616 gestis

2606 1633 2621 1667 ι
2662 1632 2706 1669 η
2792 1654 2806 1669 .

2606 1632 2706 1669 1οη
2734 1632 2806 1669 Δ.

1973 1710 2117 1782 69a
2135 1707 2518 1779 Scripsitidem
2537 1707 2764 1778 Respost
2780 1710 3137 1763 Alexandrum
3151 1720 3323 1779 gestas
3339 1708 3490 1764 libris

234 1804 392 1871 λόγοις
422 1801 581 1865 δέκα,
611 1802 669 1853 ἐν
701 1794 784 1862 οἷς
815 1797 1168 1868 διαλαμϐάνει
1209 1798 1307 1866 τήν
1354 1812 1411 1849 τε
1464 1794 1654 1849 στάσιν
1704 1796 1803 1866 τῆς

1913 1797 2117 1861 decem,
2138 1797 2337 1864 quibus
2360 1796 2652 1852 militarem
2676 1797 2951 1851 exercitus
2985 1797 3308 1853 seditionem
3337 1812 3490 1853 corn-

235 1893 471 1967 στρατιᾶς
503 1894 606 1947 καὶ
637 1893 734 1963 τὴν
769 1891 1074 1962 ἀνάρρησιν
1099 1888 1421 1960 Ἀρριδαίου
1444 1932 1459 1955 ,
1482 1886 1540 1949 ὃς
1563 1889 1627 1941 ἐκ
1648 1887 1797 1940 Φιλί-

239 2006 327 2059 νης
344 1988 438 2057 τῆς
484 1984 773 2053 Θεσσαλῆς
820 1983 1072 2053 Φιλίππῳ
1115 1981 1195 2052 τῷ
1249 1980 1601 2050 Ἀλεξάνδρου
1631 1979 1803 2051 πατρὶ

237 2081 581 2149 ὲγεγέννητο,
614 2078 701 2145 ἐφ’
745 2070 790 2143 ᾧ
831 2076 926 2129 καὶ
958 2073 1343 2145 Ἀλέξανδρον,
1373 2073 1433 2126 ὃν
1476 2073 1701 2143 ἔμελλεν
1744 2073 1803 2138 ἐξ

242 2171 583 2241 Ἀλεξάνδρου
614 2168 824 2221 τίκτειν
867 2166 1136 2236 Ῥωξάνη,
1172 2164 1593 2236 συμϐασιλεύειν
1621 2164 1801 2235 αὐτῷ·

231 2265 258 2317 δ
284 2266 369 2318 καὶ
393 2264 623 2331 γέγονεν
654 2262 734 2324 είς
760 2259 873 2327 φῶς
900 2258 1157 2329 ἀχθέντος
1184 2258 1277 2310 τοῦ
1299 2258 1509 2320 παιδός.
1543 2258 1648 2311 Τὸν
1680 2256 1806 2329 Ἀῤ-

232 2356 415 2426 ριδαῖον
453 2354 510 2407 δὲ
573 2353 890 2414 ἀνειπόντες
959 2350 1360 2421 μετωνόμασαν
1394 2349 1684 2403 Φίλιππον.
1717 2352 1803 2401 Δι-

231 2448 441 2517 εφέρετο
461 2445 518 2498 δέ
536 2445 585 2477 ⁸⁷
613 2447 671 2508 ἐς
702 2442 965 2513 ἀλλήλους
988 2444 1050 2495 τὸ
1074 2442 1237 2507 πεζὸν
1254 2442 1348 2496 καὶ
1376 2441 1439 2494 τὸ
1464 2442 1706 2505 ἱππικὸν,
1730 2434 1807 2495 ὧν

231 2541 272 2591 οἱ
300 2537 541 2607 μέγιστοι
560 2537 671 2591 τῶν
700 2539 914 2590 ἱππέων
946 2536 1039 2589 καὶ
1065 2536 1172 2588 τῶν
1190 2534 1474 2604 ἡγεμόνων
1500 2533 1805 2605 Περδίκκας

232 2634 256 2685 6
279 2631 521 2699 Ὀρόντου
550 2629 647 2682 καὶ
666 2628 965 2690 Λεοννάτος
990 2629 1018 2680 6
1048 2625 1275 2687 Ἀνθους
1292 2624 1338 2655 ³⁸
1359 2626 1451 2677 καὶ
1474 2625 1807 2694 Πτολεμαῖος

230 2726 253 2777 6
275 2723 444 2790 Λάγου
466 2761 482 2786 ,
506 2721 623 2773 τῶν
645 2720 700 2773 δὲ
735 2719 852 2789 μετ’
882 2718 1125 2781 ἐκείνους
1151 2715 1469 2786 Λυσίμαχός
1491 2733 1550 2769 τε
1573 2719 1601 2770 6
1642 2717 1808 2784 Ἀγα-

230 2814 465 2878 ϐοκλέους
498 2814 602 2866 καὶ
644 2811 985 2881 Ἀριστόνους
1043 2812 1074 2861 6
1127 2810 1383 2862 Πεισαίου
1431 2810 1524 2862 καὶ
1571 2807 1753 2861 Πίθων
1781 2810 1809 2861 6

230 2903 469 2975 Κρατεύα
486 2904 537 2936 δ’
582 2904 679 2956 καὶ
709 2901 973 2963 Σέλευκος
1002 2903 1031 2953 6
1060 2899 1338 2969 Ἀντιόχου
1373 2901 1468 2952 καὶ
1506 2898 1756 2969 Εὐμένης
1782 2899 1810 2950 6

231 2998 547 3066 Καρδιανός.
606 2988 769 3048 Οὗτοι
825 2994 923 3063 μὲν
967 2990 1301 3063 ἡγεμόνες⁶⁰
1336 2989 1445 3042 τῶν
1482 2989 1694 3042 ἱππέων
1718 2989 1761 3021 ⁶¹
1792 3030 1808 3055 ,

232 3088 538 3159 Μελέαγρος
564 3087 620 3141 δὲ
644 3086 752 3139 τῶν
774 3085 978 3149 πεζῶν.
999 3079 1136 3136 Εἶτα
1160 3081 1653 3153 διαπρεσϐεύωνται
1676 3081 1812 3152 πρὸς

232 3179 481 3250 ἀλλήλους
515 3178 816 3244 πολλάκις,
837 3176 932 3230 καὶ
953 3175 1110 3239 τέλος
1139 3174 1533 3244 συμϐαίνουσιν
1558 3174 1613 3227 οῖ
1637 3189 1698 3227 τε
1720 3173 1813 3227 τὸν

234 3272 442 3341 βασιλέα
470 3271 795 3333 ἀνειπόντες
827 3269 985 3333 πεζοὶ
1017 3268 1112 3322 καὶ
1144 3268 1194 3320 οἱ
1221 3266 1332 3320 τῶν
1362 3265 1571 3319 ἱππέων
1602 3264 1813 3337 ἡγεμό-

235 3379 331 3426 νες,
352 3355 497 3430 ἐφ⁹ᾧ
535 3359 897 3430 Ἀντίπατρον
928 3358 1027 3429 μὲν
1055 3355 1360 3429 στρατηγὸν
1378 3354 1647 3410 εἶναιτῶν
1674 3354 1816 3410 κατὰ

232 3456 400 3525 τὴνεύ
411 3455 607 3525 ρώπην
623 3496 638 3521 ,
659 3452 947 3523 Κρατερὸν
962 3451 1019 3505 δὲ
1037 3452 1356 3520 προστάτην
1376 3452 1479 3521 τῆς
1506 3448 1812 3520 Ἀρριδαίου

236 3549 533 3619 βασιλείας,
593 3546 905 3618 Περδίκκαν
950 3544 1008 3597 δὲ
1056 3543 1362 3613 χιλιαρχεῖν
1410 3539 1718 3612 χιλιαρχίας
1746 3535 1817 3612 ἦς

231 3638 390 3713 ἦρχεν
431 3639 773 3710 Ἡφαιστίων
799 3635 899 3707 (τὸ
930 3635 989 3689 δέ
1027 3630 1096 3705 ἦν
1150 3634 1422 3706 ἐπιτροπὴ
1457 3636 1556 3704 τῆς
1599 3632 1818 3704 ξυμπά-

238 3753 325 3804 σης
338 3735 382 3766 ⁸⁸
403 3731 735 3804 βασιλείας),
755 3729 1075 3800 Μελέαγρον
1088 3727 1146 3782 δὲ
1177 3726 1470 3799 ὖπαρχον⁸³
1490 3726 1812 3798 Περδίκκου.

236 3826 536 3896 Περδίκκας
559 3824 618 3877 δέ
640 3824 734 3877 τὸν
768 3820 1001 3892 στρατὸν
1028 3820 1268 3891 καθᾶραι
1311 3819 1665 3891 σκηψάμενος
1687 3818 1816 3882 τοὺς

236 3916 701 3986 ἐπιφανεστάτους
733 3914 836 3984 τῆς
873 3913 1178 3985 γενομένης
1227 3911 1489 3965 συνέλαϐε
1538 3914 1814 3973 στάσεως,

237 4010 325 4063 καὶ
372 4008 661 4062 συλλαϐὼν
698 4007 774 4071 ὡς
799 4009 863 4061 ἐκ
897 4005 1247 4076 προστάξεως
1290 4004 1599 4077 ’Λρῤιδαίου
1645 4003 1814 4058 αὐτοῦ

242 4102 505 4173 παρόντος
549 4100 731 4154 ἀνεῖλε
751 4140 766 4166 ,
793 4098 910 4162 δέος
940 4099 1251 4169 ἐμποιήσας
1287 4097 1364 4167 τῷ
1391 4096 1563 4167 λοιπῷ
1595 4097 1814 4168 πλήθει.

247 4194 480 4265 Ἀναιρεϊ
506 4196 566 4249 δὲ
588 4195 649 4247 οὺ
669 4193 848 4264 πολλῷ
875 4191 1103 4263 ὕστερον
1132 4192 1227 4244 καλ⁸
1256 4190 1596 4260 Μελέαγρον.
1630 4188 1720 4254 Ἐξ
1742 4182 1817 4243 ὧν

239 4285 544 4356 Περδίκκας
594 4285 837 4347 ὕποπτος
883 4285 941 4346 ἐς
985 4282 1197 4345 πάντας
1247 4276 1316 4351 ἦν
1368 4283 1464 4334 καὶ¹
1514 4280 1677 4345 αὐτὸς
1708 4282 1804 4334 ύπι

236 4375 499 4432 ὠπτευεν.
535 4375 726 4445 Ὅμως
756 4375 814 4437 ἐς
852 4371 1192 4443 σατραπείας
1208 4370 1254 4401 ⁸⁸
1292 4370 1539 4424 ἀνειπεῖν
1582 4369 1674 4433 οὓς
1711 4371 1816 4424 ὑπ-

1908 1889 2187 1959 plectitur,
2218 1887 2652 1957 electionemque
2673 1903 2737 1944 ca
2763 1890 3072 1945 conditione
3100 1890 3299 1945 factam
3332 1891 3490 1945 Arri-

1909 1982 2009 2037 daai
2050 1979 2167 2053 (54)
2213 1980 2397 2053 (quem
2445 1979 2694 2051 Philippo
2731 1982 2869 2051 patri
2928 1982 3225 2037 Alexandri
3284 1985 3495 2055 peperit

1910 2074 2124 2129 Philine
2160 2073 2356 2128 mulier
2390 2074 2677 2143 Thessala)
2714 2083 2772 2129 ut
2820 2081 2876 2128 et
2904 2075 3212 2131 Alexander
3239 2074 3492 2148 [infans],

1908 2182 2069 2236 quem
2100 2164 2327 2221 Roxana
2356 2166 2668 2220 Alexandro
2712 2166 2955 2235 paritura
3005 2177 3157 2233 erat,
3215 2169 3377 2223 simul
3411 2183 3497 2222 re-

1909 2269 2124 2329 gnaret.
2158 2258 2310 2325 Quod
2346 2259 2508 2312 etiam
2538 2258 2737 2323 evenit,
2780 2260 2927 2315 edito
2956 2259 3010 2313 in
3060 2260 3234 2314 lucem
3266 2258 3494 2315 infante.

1911 2353 2080 2419 Igitur
2120 2352 2426 2405 Arridaeum
2484 2364 2668 2420 regem
2716 2354 3131 2417 renuntiantes,
3186 2350 3495 2421 Philippum

1910 2443 2389 2514 cognominarunt.
2418 2441 2756 2497 Tumultuati
2789 2457 2919 2497 vero
2960 2453 3127 2508 sunt,
3159 2454 3213 2497 et
3259 2442 3494 2498 invicem

1912 2537 2288 2591 dissenserunt
2318 2537 2526 2605 pedites
2588 2535 2928 2605 equitesque.
2955 2536 3012 2589 lu
3045 2534 3246 2605 quibus
3271 2545 3325 2589 et
3346 2536 3501 2604 cqui-

1915 2636 2049 2687 tum,
2082 2635 2137 2678 et
2166 2624 2362 2677 ducum
2389 2624 2662 2694 principes
2696 2633 2857 2678 erant
2891 2624 3183 2679 Perdiccas
3215 2624 3406 2679 Oronti
3435 2624 3497 2681 F.

1912 2727 1966 2772 et
2000 2717 2311 2771 Leonnatus
2345 2716 2557 2771 Anthazi
2611 2726 2665 2771 et
2712 2715 3041 2772 Ptolemaeus
3076 2715 3208 2787 Lagi
3261 2714 3326 2772 F.
3378 2726 3503 2785 post

1914 2811 2014 2864 hos
2033 2808 2395 2879 Lysimachus
2428 2808 2743 2878 Agathoclis
2769 2807 2833 2863 F.
2859 2818 2915 2863 et
2944 2809 3235 2863 Aristonus
3256 2807 3415 2863 Pisaei
3435 2806 3499 2862 F.

1913 2912 1968 2956 et
2002 2900 2201 2954 Pithon
2252 2900 2499 2955 Cratevte
2554 2900 2618 2955 F.
2654 2910 2709 2955 et
2744 2900 3007 2956 Seleucus
3040 2900 3294 2955 Antiochi
3339 2898 3403 2953 F.
3448 2908 3507 2955 et

1914 2994 2188 3048 Eumenes
2218 2992 2556 3058 Cardianus,
2590 2993 2683 3061 qui
2715 2994 2936 3063 quidem
2975 2994 3216 3063 equitum
3249 2993 3505 3047 ductores

1918 3081 2071 3136 fuere
2101 3098 2115 3133 :
2148 3080 2389 3151 peditum
2424 3095 2557 3136 vero
2579 3081 2869 3150 Meleager.
2896 3081 3075 3137 Missae
3110 3082 3307 3138 dehinc
3339 3082 3507 3135 varia:

1924 3175 2180 3243 utrinque
2239 3172 2539 3243 legationes
2585 3191 2600 3225 :
2656 3175 2987 3243 tandemque
3047 3176 3308 3229 convenit
3362 3172 3508 3227 inter

1918 3268 2152 3336 pedites,
2183 3266 2272 3335 qui
2306 3266 2421 3335 jam
2458 3276 2619 3321 antea
2648 3281 2830 3336 regem
2870 3266 3234 3330 nominarant,
3271 3276 3325 3321 et
3353 3266 3507 3337 equi-

1919 3368 2031 3413 tum
2064 3359 2231 3414 duccs
2254 3397 2270 3424 ,
2321 3369 2379 3412 ut
2409 3360 2694 3429 Antipater
2726 3359 2778 3412 in
2814 3357 3025 3429 Europa
3064 3358 3184 3413 belli
3214 3359 3508 3425 imperator

1918 3462 2088 3515 esset,
2122 3449 2389 3505 Craterus
2423 3452 2573 3521 regni
2606 3452 2835 3507 Arridaai
2868 3451 3183 3522 praefectus,
3214 3452 3507 3507 Perdiccas

1920 3557 2049 3598 vero
2074 3542 2328 3612 legionis,
2366 3558 2528 3611 quam
2561 3542 2906 3612 Hephaestion
2940 3543 3174 3597 duxerat
3202 3582 3216 3607 ,
3272 3542 3507 3596 Chiliar-

1920 3634 2055 3688 chus
2085 3632 2249 3704 (quod
2278 3635 2498 3703 quidem
2530 3635 2677 3703 regni
2710 3635 2877 3688 totius
2906 3643 3020 3688 erat
3064 3633 3504 3703 procurationem

1920 3725 1998 3780 illi
2021 3724 2354 3793 tutelamque
2384 3725 2776 3795 committere),
2807 3724 3075 3794 Meleager
3107 3725 3341 3793 denique
3372 3722 3506 3779 Per-

1921 3819 2089 3874 dicem
2156 3818 2420 3873 vicarium
2480 3818 2798 3887 praefectum
2851 3825 3059 3888 ageret.
3132 3815 3274 3872 Cum
3319 3815 3507 3886 itaque

1921 3922 2104 3979 postea
2136 3910 2441 3965 exercitum
2474 3909 2709 3965 lustrare
2739 3908 3031 3965 Perdiccas
3058 3908 3341 3964 simularet
3365 3908 3506 3980 (55),

1921 4001 2210 4056 seditionis
2239 4011 2491 4056 auctores
2516 4001 2821 4072 pracipuos
2863 4001 3303 4071 comprehendit,
3355 4016 3507 4054 com-

1919 4094 2357 4163 prehensosque,
2397 4104 2652 4164 tanquam
2688 4093 2916 4165 jubente
2956 4094 3225 4158 Arridzeo,
3285 4095 3511 4161 ipsoque

1921 4186 2291 4256 inspectante,
2317 4186 2525 4240 occidit
2562 4185 2695 4256 (36).
2730 4185 2852 4252 Quo
2881 4201 2948 4240 ex
2983 4183 3129 4240 facto
3171 4193 3346 4239 terror
3380 4184 3515 4237 reli-

1921 4297 2060 4350 quos
2096 4282 2390 4351 persuasit.
2428 4280 2560 4337 Post
2583 4281 2745 4352 paulo
2766 4290 2822 4336 et
2852 4281 3181 4351 Meleagrum
3214 4278 3510 4334 interiecit.

1926 4372 2066 4429 Hinc
2098 4384 2388 4443 suspectus
2417 4376 2676 4430 omnibus
2693 4374 3005 4441 Perdiccas,
3039 4382 3269 4428 cancros
3297 4385 3517 4440 quoque

238 4467 479 4521 ὠπτευεν
502 4509 520 4532 ,
568 4467 646 4531 ὡς
677 4465 987 4541 Ἀρριδαίου
1030 4462 1347 4527 κελεύοντος
1368 4502 1384 4527 ,
1416 4462 1580 4530 ἔγνω.
1611 4464 1722 4516 Καὶ
1749 4462 1805 4530 δὴ

1926 4464 2044 4533 ipse
2071 4473 2354 4534 suspectos
2386 4465 2586 4520 habere
2616 4466 2783 4535 etrapit
2808 4478 2823 4518 :
2849 4478 2988 4534 quos
3032 4473 3214 4517 tamen
3256 4460 3323 4514 ad
3370 4475 3517 4528 pra:-

240 4560 571 4632 Πτολεμαῖος
607 4560 707 4630 μὲν
733 4561 762 4613 6
790 4558 975 4626 Λάγου
1007 4556 1286 4626 Αἰγύπτου
1320 4556 1415 4607 καὶ
1443 4554 1652 4624 Λιϐύης
1674 4595 1689 4620 ,
1721 4554 1805 4609 καὶ

1926 4557 2170 4614 feeturas
2218 4557 2390 4611 nihilo
2438 4558 2636 4624 secius,
2679 4566 2934 4626 tanquam
2979 4556 3227 4610 Arridreo
3264 4553 3513 4621 iubente.

239 4652 332 4704 ὅσα
374 4654 475 4724 τῆς
516 4651 767 4723 ’Λράϐων
818 4651 923 4721 γῆς
976 4648 1181 4720 ξύνορα
1222 4647 1580 4717 Αίγύπτῳσδ,
1627 4647 1805 4717 άρχειι

1926 4650 2231 4719 provehere
2256 4649 2467 4715 statuit.
2505 4648 2572 4704 Et
2596 4664 2727 4703 vero
2751 4648 3071 4704 Ptolemaeus
3094 4646 3223 4718 Lagi
3252 4645 3317 4700 F.
3348 4643 3520 4715 Egy-

243 4743 515 4813 ὲπετάχθη
538 4782 555 4808 ,
588 4742 911 4813 Κλεομένης
947 4741 1006 4795 δὲ
1037 4741 1067 4793 6
1108 4739 1168 4807 ἐξ
1213 4738 1562 4811 Ἀλεξάνδρου
1591 4739 1699 4809 τῆς
1724 4757 1805 4794 σα-

1926 4754 2021 4812 plo
2041 4752 2095 4797 et
2117 4742 2340 4809 Africae,
2355 4742 2611 4810 omnique
2635 4741 2710 4796 illi
2736 4741 2950 4795 Arabiae
2976 4739 3117 4811 parti
3143 4753 3263 4808 quae
3283 4736 3519 4807 Egypto

239 4836 502 4906 τραπείας
526 4834 730 4906 ταύτης
754 4834 946 4909 ἄρχειν
987 4832 1327 4905 τεταγμένος
1360 4831 1684 4902 Πτολεμαίῳ
1712 4830 1805 4884 ὓπ-

1933 4834 2165 4902 adjacet,
2187 4832 2459 4903 imperare
2484 4830 2673 4901 jussus
2695 4842 2799 4887 est.
2820 4830 3145 4887 Cleomenes
3178 4837 3383 4895 autem,
3423 4826 3514 4897 qui

1513 4971 1752 5027 VARUE
1779 4966 2190 5029 LECTIONES.

305 5088 351 5120 ⁸⁸
375 5087 552 5162 αὐτὴν
578 5091 644 5144 Δ.
713 5090 759 5123 ⁸⁷
782 5089 839 5142 δὲ
866 5092 910 5143 A
937 5107 949 5143 :
982 5090 1092 5162 γὰρ
1116 5107 1181 5155 ς.

305 5158 377 5215 ελ.
410 5175 475 5215 ς.
549 5161 596 5193 ⁸⁸
626 5159 920 5215 ξυμπάσης
950 5162 1029 5215 A:
1064 5160 1181 5215 ὅλης

1257 5089 1304 5121 ⁸⁸
1340 5089 1567 5163 ’ᾼνξους
1594 5106 1655 5152 ς.
1698 5158 1715 5163 _
1751 5089 1794 5122 ”
1824 5090 2002 5163 @1021
2043 5091 2271 5163 Κρατέα
2296 5108 2357 5155 ς.
2434 5093 2479 5123 ⁶⁰
2506 5092 2607 5163 μὲν
2656 5088 2751 5147 οὖν
2806 5093 2996 5163 ἡγης.
3028 5160 3039 5163 _
3075 5090 3119 5121 “
3154 5085 3367 5141 ἱππέων
3420 5081 3518 5163 καὶ

244 5158 377 5215 Μελ.
410 5175 475 5226 ς.
506 5158 518 5162 ’
549 5161 596 5193 ⁸⁸
626 5159 920 5231 ξυμπάσης
950 5158 1029 5215 Ανε

1094 5160 1195 5232 λης
1223 5177 1284 5225 ς.
1362 5160 1406 5191 ⁸³
1441 5157 1716 5231 ὕπαρχον]
1782 5161 1920 5216 adde
1949 5155 2113 5219 εἷναιξ
2210 5162 2255 5194 ⁸⁸
2287 5155 2627 5231 σατραπείαν
2652 5180 2724 5229 ⁵ςῖ.
2828 5155 2878 5193 ³⁸
2903 5160 3169 5231 Αἰγύπτῳ
3194 5172 3307 5214 om.
3337 5170 3420 5224 pr.
3452 5157 3518 5207 A.

1749 5302 1985 5362 ΝΟΤίΕ.

317 5413 429 5486 (53)
461 5414 591 5490 Vide
626 5414 1114 5490 Vitas_parallela_s
1154 5425 1370 5490 nostras
1404 5414 1833 5490 Aristotel_i_s,_a_c
1935 5426 2123 5473 notatu
2168 5417 2397 5490 dignum
2439 5418 2581 5488 apud
2642 5415 2893 5472 Curtium
2939 5414 3086 5485 legas
3128 5414 3225 5468 lib.
3290 5429 3367 5479 ν,
3423 5414 3525 5468 sub

252 5483 645 5556 Qeinosthenis,
706 5496 763 5539 et
784 5483 1024 5556 Joseph.
1074 5485 1410 5555 Stephanum
1449 5488 1618 5554 cpisc.
1654 5485 1828 5540 Oriol.
1932 5490 2118 5543 tinem.

249 5552 644 5630 θθεὲίὲθίὶιπὲο
670 5556 739 5609 θα
762 5571 883 5625 caP-
910 5552 950 5609 3‘
980 5552 1433 5630 Μίέοιεὲὓωομύιη.
1482 5552 1497 5554 “
1742 5624 1755 5630 _
1970 5559 2116 5630 _(56)
2159 5559 2385 5627 Quando
2440 5558 2748 5630 elephantis
2769 5556 2853 5630 __in
2910 5562 3208 5630 conSpegtu
3244 5554 3524 5630 exercitus

279 5622 440 5701 '_(34)
474 5624 750 5701 _Desippus
804 5622 927 5701 sup.
961 5626 1082 5680 cod.
1109 5625 1179 5681 82
1210 5625 1367 5680 unica
1401 5633 1609 5680 tantum
1635 5624 1831 5681 canina
1932 5622 2149 5701 ohj'eciii
2169 5622 2395 5701 trecenti
2421 5671 2437 5695 ,
2472 5622 2665 5688 omnes
2699 5625 3001 5685 belluarum
3030 5622 3261 5698 pedibus
3304 5622 3522 5696 protriti

258 5689 435 5746 littera
461 5689 735 5749 Aridaeum
776 5689 1045 5752 nominat.
1934 5689 2080 5755 sunt.
2114 5700 2268 5757 Curt.
2306 5700 2399 5756 lib.
2424 5689 2491 5757 ἰ.

312 5760 435 5831 (35)
468 5765 725 5837 Καυᾶραι
774 5765 929 5837 quasi
961 5766 1182 5838 expiare
1234 5766 1405 5824 dicas.
1458 5764 1624 5837 Cujus
1666 5765 1830 5822 ritum
