3926 6428
410 357 515 421 303

1575 370 1841 431 ΡΗΟΤΙΙ
1879 370 2385 434 ΡΛΤΒΙΑΗΟΗᾸΕ
2422 376 2530 437 CP.

3583 388 3684 453 304

413 479 482 534 ab
514 477 826 533 Alexandro
852 488 1067 550 satrapa
1104 481 1177 537 ibi
1213 484 1543 540 constitutus
1582 485 1783 552 fueral,
1813 486 1988 541 Ptole-

2104 504 2272 558 αρχος
2309 484 2449 543 εἶναι
2472 506 2487 520 θ
2518 490 2619 561 τῆς
2652 491 2709 544 δὲ
2740 493 2834 545 ἐπὶ
2862 492 3037 566 ταύτῃ
3050 496 3096 527 ⁵⁸
3133 496 3333 567 Συρίας
3362 499 3680 570 Λαομέδων,

416 568 535 623 maei
573 570 812 625 vicarius
841 572 1132 641 praefectus
1167 573 1247 628 fit.
1288 575 1461 647 Syria:
1488 576 1683 633 deinde
1702 594 1824 648 quae
1870 580 1997 635 huic

414 661 669 731 satrapis;
716 663 999 732 subiacet,
1050 665 1361 721 Laomedon
1406 668 1711 739 impositus.
1758 670 2000 726 Philotas

415 750 620 806 Ciliciae
663 753 951 821 praefectus
1003 765 1106 821 est,
1166 766 1227 811 ut
1265 757 1459 813 Pithon
1488 759 1676 815 Mediae
1713 762 1848 832 (37).
1901 762 1995 817 Eu-

416 854 601 893 menes
639 857 766 895 vero
812 843 1118 901 Cardianus
1153 845 1552 916 Cappadociam
1595 861 1649 905 et
1693 851 1999 921 Paphlago-

413 933 584 999 niam,
616 949 843 1004 qnaaqne
880 935 1053 991 Ponto
1088 936 1339 1006 adjacent
1366 939 1600 996 Euxinio
1631 948 1894 1012 suscepit,
1931 946 1996 999 ad

414 1039 587 1094 usque
602 1024 997 1095 Trapezuntem
1016 1028 1401 1097 Sinopensium
1419 1032 1710 1087 coloniam.
1724 1033 1999 1107 Pamphy-

416 1115 501 1181 lis,
534 1127 588 1171 et
606 1116 807 1189 Lyciis,
842 1136 1162 1191 magnaeque
1188 1123 1441 1197 Phrygiae
1473 1128 1781 1199 Antigonus
1811 1130 1995 1185 datus.

413 1206 580 1265 Cares
607 1211 762 1282 69b
784 1212 1099 1269 Cassandro
1120 1215 1487 1287 obvenerunt;
1510 1219 1645 1292 Lydi
1668 1222 1995 1279 Menandro:

418 1306 475 1352 ut
508 1299 789 1357 Leonnato
819 1304 906 1358 illa
940 1304 1177 1379 Phrygia
1200 1351 1215 1375 ,
1264 1326 1386 1380 qua:
1422 1313 1653 1381 pertinet
1684 1314 1750 1369 ad
1791 1313 1997 1371 Helles-

412 1401 636 1460 pontum
669 1395 804 1465 (38),
833 1411 995 1465 quam
1023 1398 1092 1453 ab
1113 1401 1228 1469 ipso
1250 1401 1558 1459 Alexandro
1579 1403 1742 1462 Calas
1773 1407 1993 1477 qttidam

414 1482 635 1538 nomine
663 1486 963 1555 obtinebat,
1002 1490 1104 1544 etsi
1139 1490 1334 1549 deinde
1358 1494 1670 1553 Demarcho
1701 1498 1995 1555 commissa

412 1569 575 1626 fuerit
603 1573 737 1644 (39).
770 1573 845 1629 Ita
870 1583 996 1631 tunc
1016 1578 1144 1633 Asia
1178 1590 1263 1637 est
1287 1583 1607 1641 distributa.

485 1661 587 1719 Per
622 1664 889 1735 Europam
923 1683 1076 1734 vero,
1116 1669 1367 1729 Thraciae
1399 1676 1619 1745 quidem
1668 1685 1725 1733 et
1760 1676 1997 1736 Cherro-

413 1768 569 1819 neso,
598 1757 961 1829 gentibusque
986 1760 1237 1818 Thraciae
1261 1764 1527 1833 finitimis,
1555 1783 1728 1840 usque
1756 1772 1823 1825 ad
1843 1788 1997 1830 mare

2103 578 2346 644 Φιλώτας
2374 580 2432 634 δὲ
2458 582 2713 647 Κιλικίας
2746 584 2841 637 καὶ
2871 584 3053 640 Πίθων
3086 587 3301 657 Μηδίας
3324 590 3368 621 ⁸⁷
3392 631 3408 657 ,
3436 591 3685 663 Εὐμένης

2101 670 2157 723 δὲ
2186 670 2215 723 ὁ
2248 672 2558 742 Καρδιανὸς
2596 675 2995 740 Καππαδοκίας
3022 679 3117 732 καὶ
3148 679 3532 749 Παφλαγονίας
3553 725 3569 748 ,
3593 685 3684 738 καὶ

2101 762 2199 815 ὅσα
2216 763 2311 817 τοῦ
2337 766 2541 819 Πόντου
2568 766 2663 821 τοῦ
2687 767 2941 834 Εὐξείνου
2979 771 3183 841 σύνορα
3211 771 3335 825 ἐστε
3348 772 3393 803 ⁸⁵
3416 775 3510 827 ἐπὶ
3534 778 3685 830 πόλιν

2116 855 2344 910 Ἐλλάδα
2365 857 2411 888 ⁸⁸
2444 858 2837 929 Τραπεζοῦντα
2858 900 2873 925 ,
2908 862 3197 917 Σινωπέων
3222 864 3450 920 ἄποικον
3476 882 3489 896 ·
3529 866 3685 937 Παμ-

2102 946 2285 1016 φύλων
2308 949 2364 1003 δὲ
2396 953 2489 1004 καὶ
2516 951 2735 1006 Λυκίων
2765 955 2861 1007 καὶ¹
2891 955 3135 1025 Φρυγίας
3152 956 3253 1027 τῆς
3285 957 3531 1027 μεγάλης
3568 958 3686 1011 ’Λν-

2100 1038 2312 1106 τὶγονος
2331 1080 2346 1103 ,
2392 1042 2595 1112 Καρῶν
2642 1043 2701 1097 δὲ
2732 1044 3142 1115 Κάσανδροςτθ,
3180 1048 3368 1100 Λυδῶν
3388 1047 3444 1101 δὲ
3473 1049 3685 1103 Μέναν-

2099 1126 2226 1199 δρος
2245 1169 2260 1193 ,
2298 1132 2399 1201 τῆς
2425 1134 2484 1186 δὲ
2523 1134 2610 1203 ἐφ’
2657 1135 3039 1208 Ἑλλησπόντῳ
3066 1138 3310 1208 Φρυγίας
3346 1140 3645 1203 Λεοννάτος
3666 1180 3683 1206 ,

2100 1221 2215 1292 ἢν⁷¹
2247 1219 2307 1286 ἐξ
2327 1222 2372 1253 ⁷³
2421 1224 2774 1297 Ἀλεξάνδρου
2816 1228 2915 1296 μὲν
2949 1228 3135 1292 Κάλας
3162 1228 3336 1299 δνομα
3362 1230 3585 1300 κατέχει
3604 1232 3682 1297 ⁷³,

2100 1310 2294 1364 ἔπειτα
2323 1313 2619 1385 Δήμαρχος
2664 1317 3065 1388 ἐπετέτραπτο.
3097 1318 3180 1373 Τά
3225 1319 3327 1389 μὲν
3351 1320 3497 1375 κατὰ
3511 1321 3562 1354 ⁷⁸
3586 1323 3687 1394 τὴν

2113 1403 2300 1457 Ἀσίαν
2330 1396 2435 1460 ὧδε
2467 1406 2554 1460 ἐνε
2562 1408 2636 1478 μή
2645 1407 2734 1479 θη.

2169 1667 2293 1723 Τῶν
2318 1667 2374 1723 δὲ
2408 1670 2553 1723 κατὰ
2588 1670 2686 1742 τὴν
2715 1672 2986 1745 Εὐρώπην
3014 1676 3239 1748 Θρᾴκης
3275 1678 3375 1749 μὲν
3404 1679 3500 1733 καὶ
3540 1680 3684 1752 Χερ-

2099 1759 2367 1831 ρονήσου,
2403 1760 2500 1814 καὶ⁵
2528 1762 2629 1815 ὅσα
2674 1762 2849 1834 Θρᾳξὶ
2876 1764 3078 1837 σύνορα
3106 1766 3263 1837 ἐθνη,
3298 1768 3423 1823 ἐστε
3456 1772 3552 1824 ἐπὶ
3591 1771 3687 1828 θά-

409 1846 553 1915 quod
592 1846 1005 1921 Salmydessum
1048 1850 1209 1909 Ponti
1258 1855 1455 1912 Euxini
1504 1859 1691 1916 urbem
1742 1863 1988 1934 attingit,

2097 1852 2303 1907 λασσαν
2341 1854 2447 1925 τὴν
2468 1855 2515 1889 ⁷⁸
2539 1856 2634 1909 ἐπὶ
2660 1857 3052 1929 Σαλμυδησσὸν
3078 1860 3173 1914 τοῦ
3197 1861 3453 1927 Εὐξείνου
3480 1865 3684 1918 Πόντου

412 1935 772 2008 Lysimachus
815 1942 1110 2012 przefectus
1157 1945 1337 2001 datur.
1397 1947 1469 2003 At
1498 1966 1619 2021 qua:
1648 1954 1786 2011 ultra
1823 1955 1998 2015 Thra-

409 2029 550 2084 ciam
584 2046 759 2100 usque
812 2035 880 2088 ad
915 2033 1200 2106 Illyricos,
1259 2036 1564 2110 Triballos,
1620 2055 1676 2101 et
1727 2049 1997 2119 Agrianos

410 2121 715 2190 pertinuit,
750 2125 979 2194 ipsaque
1026 2128 1163 2183 adeo
1207 2129 1522 2189 Macedonia
1545 2177 1561 2203 ,
1588 2147 1643 2192 et
1678 2138 1879 2207 Epirus
1930 2145 1996 2198 ad

407 2208 716 2267 Ceraunios
753 2228 926 2282 usque
963 2226 1180 2273 montes
1219 2220 1571 2293 pertingens,
1630 2243 1752 2283 cum
1786 2229 1994 2288 Graecia

411 2300 667 2355 universa
695 2302 945 2370 Cratero,
978 2315 1034 2361 et
1065 2306 1354 2380 Antipatro
1383 2313 1742 2374 obvenerunt.
1772 2320 1849 2376 lla
1880 2324 1997 2380 haec

411 2390 607 2447 divisio
638 2392 780 2449 facta
808 2412 823 2450 :
860 2411 983 2450 nam
1015 2398 1249 2468 plurima
1289 2403 1403 2461 loca
1432 2446 1449 2472 ,
1499 2419 1557 2463 ut
1587 2410 1655 2465 ab
1683 2412 1996 2472 Alexandro

407 2477 592 2533 relicta
617 2490 797 2545 erant,
829 2482 1098 2555 indigenis
1131 2494 1378 2559 parentia
1413 2496 1709 2567 prafectis,
1760 2502 1991 2561 indivisa

407 2584 847 2639 pertttanserunl.

477 2663 690 2722 Interea
727 2680 781 2725 et
816 2671 1044 2729 Roxana
1075 2690 1364 2748 praegnans
1394 2682 1536 2751 parit
1566 2682 1734 2738 lilium
1758 2725 1775 2752 ,
1829 2702 1990 2756 quem

407 2770 529 2810 mox
566 2772 749 2829 regem
784 2763 1033 2821 militaris
1071 2768 1229 2823 turba
1270 2774 1600 2829 renuntiavit
1633 2795 1645 2830 :
1683 2784 1738 2831 et
1765 2780 1989 2835 seditio-

409 2845 569 2901 nibus
594 2850 663 2903 ab
693 2850 987 2909 Alexandri
1020 2870 1247 2914 excessu
1271 2864 1455 2917 omnia
1494 2864 1863 2934 replebantur.
1902 2871 1993 2926 Et-

404 2937 549 2990 enim
609 2939 898 3012 Antipater
962 2961 1084 3002 cum
1147 2949 1612 3025 Atheniensibus,
1684 2970 1989 3033 caateraque

404 3024 651 3097 Graecia,
692 3047 856 3103 quam
901 3036 1240 3119 Leosthenes
1288 3024 1603 3115 imperator
1642 3024 1984 3119 defendebat,

404 3119 604 3176 bellum
652 3128 824 3195 gessit
860 3146 875 3184 :
908 3118 1251 3206 primumque
1278 3139 1472 3207 victus,
1516 3152 1574 3198 et
1619 3144 1672 3199 in
1707 3149 1988 3216 angustias

400 3213 670 3271 adductus
696 3256 711 3283 ,
741 3222 991 3289 superior
1033 3205 1251 3282 tandem
1290 3205 1505 3296 evasit,
1558 3237 1763 3291 amisso
1780 3205 1984 3295 "tamen
2014 3205 2059 3267 c

399 3302 705 3375 Leonnato,
734 3312 829 3380 qui
859 3317 1135 3385 suppetias
1169 3318 1462 3391 Antipatro
1510 3328 1788 3386 attulerat.
1832 3329 1989 3403 Lysi-

402 3401 629 3455 machus
667 3416 889 3474 quoque
946 3422 1071 3463 cum
1109 3410 1315 3467 Seutha
1350 3413 1565 3474 Thrace
1602 3420 1765 3478 nimis
1815 3401 1986 3479 auda-

397 3498 517 3544 cter
535 3493 782 3549 conflixit
800 3513 898 3567 pro
923 3499 1174 3570 imperio.
1194 3504 1327 3562 Cum
1348 3509 1539 3578 paucis
1551 3513 1696 3568 enim
1715 3529 1985 3587 pugnans,

397 3583 502 3637 etsi
533 3594 757 3643 strenue
784 3604 844 3645 se
891 3604 1128 3663 gereret,
1162 3606 1342 3655 tamen
1386 3601 1669 3660 confectus
1711 3583 1815 3663 est:
1859 3608 1988 3665 Per-

398 3860 679 3917 cessisset.
708 3863 832 3934 Upo
858 3867 1039 3938 itaque
1080 3872 1170 3928 hic
1201 3883 1256 3929 et
1283 3874 1456 3931 altero
1477 3880 1663 3948 praelio
1714 3886 1982 3953 superior,

399 3959 618 4019 captum
650 3954 801 4010 illum
847 3962 1171 4029 suspendit,
1220 3966 1624 4041 Eumenemque
1668 3973 1722 4029 in
1757 3990 1982 4047 regnum

401 4042 658 4100 restituit.
687 4046 951 4103 Craterus
985 4066 1116 4109 vero
1140 4055 1430 4128 Antipatro
1462 4071 1690 4131 portans
1721 4042 1983 4122 adversus

390 4130 662 4191 Graeciam
694 4140 993 4198 auxiliares
1027 4147 1213 4214 copias
1237 4187 1255 4215 ,
1297 4130 1541 4208 victoria:
1592 4154 1738 4211 illius
1768 4167 1980 4225 auctor,

390 4238 497 4294 qua
525 4226 654 4282 victi
683 4228 883 4297 Graeci,
910 4238 1144 4293 exstitit.
1187 4239 1553 4305 Quamobrem
1585 4246 1806 4317 utrique
1837 4249 1983 4305 dicto

395 4317 707 4389 audientes,
730 4323 999 4395 imperata
1021 4330 1279 4401 deinceps
1300 4331 1506 4404 absque
1531 4338 1983 4408 tergiversatione

389 4406 655 4467 fecerunt.
689 4414 757 4469 Et
803 4416 917 4472 haec
962 4420 1181 4489 quidem
1227 4422 1388 4479 libris
1440 4406 1690 4499 quinque
1736 4432 1979 4499 comple-

385 4512 571 4557 Cllllll'.

460 4590 659 4651 Sextus
706 4597 872 4654 refert
901 4601 1323 4663 Demosthenem
1354 4618 1409 4665 et
1438 4610 1770 4683 Hyperidem
1798 4617 1971 4675 Athe-

384 4682 603 4740 nienses
654 4687 880 4759 fugisse,
933 4696 1307 4755 Aristonicum
1361 4682 1501 4758 item
1542 4687 1968 4776 Marathonium,

386 4782 442 4825 ct
470 4773 795 4834 Himeraaum
832 4781 1097 4842 Demetrii
1123 4787 1371 4848 Phalerei
1396 4794 1648 4861 fratrem,
1682 4773 1968 4870 IEginam;

374 4881 486 4933 que
519 4870 753 4937 primum
806 4877 1042 4943 venisse,
1083 4881 1172 4935 ubi
1210 4885 1335 4940 dum
1370 4900 1748 4958 versarentur,
1777 4904 1969 4948 orante

378 4956 638 5028 Demade,
672 4965 869 5033 capitis
909 4973 1182 5027 sententia
1229 4976 1298 5030 ab
1338 4956 1764 5037 Atheniensibus
1808 4985 1967 5038 dam-

2102 1940 2241 2015 [124
2260 1943 2327 1997 Π.
2346 1943 2365 2016 ]
2395 1944 2705 2015 καθήκοντα
2724 1987 2740 2012 ,
2762 1948 3062 2019 Λυσιμάχῳ
3085 1950 3118 2021 η
3147 1949 3290 2021 ἁρχὴ
3308 1951 3600 2022 ἐπετράπη
3618 1953 3682 1985 "-

2097 2036 2166 2089 τὰ
2195 2036 2251 2089 δὲ
2288 2037 2549 2091 ἐπέκεινα
2598 2039 2701 2109 τῆς
2747 2040 2975 2113 Θρᾴκης
3006 2041 3082 2105 ὡς
3111 2043 3204 2095 ἐπὶ⁹
3260 2042 3554 2115 Ἰλλυριοὺς
3592 2044 3685 2099 καὶ

2100 2126 2437 2198 Τριϐαλλοὺς
2466 2129 2562 2182 καὶ
2602 2131 2929 2201 ’Λγριᾶνας,
2962 2132 3058 2186 καὶ
3089 2132 3229 2204 αὐτὴ
3258 2135 3572 2188 Μακεδονία
3595 2139 3686 2189 καὶ

2098 2220 2190 2290 ἠττ
2212 2221 2479 2291 Ἥπειρος
2501 2222 2577 2285 ῶς
2608 2223 2704 2276 ἐπ)⁵
2735 2224 2804 2276 τά
2836 2223 2938 2295 ὅρη
2960 2224 3028 2277 τά
3055 2225 3337 2297 Κεραύνια
3366 2228 3682 2298 ἀνήκουσα,

2097 2312 2192 2365 καὶ
2224 2313 2274 2364 οἱ
2303 2312 2569 2382 Ἕλληνες
2603 2313 2952 2385 σύμπαντες,
2979 2316 3251 2389 Κρατερῷ
3280 2317 3376 2371 καὶ
3420 2320 3685 2374 Ἀντιπά-

2095 2419 2210 2473 τρῳ
2229 2402 2491 2475 ἐνεμήθη.
2506 2400 2618 2459 Καὶ
2635 2406 2669 2476 ὴ
2702 2405 2801 2476 μέν
2828 2407 3061 2477 νέμησις
3092 2406 3288 2472 οὕτως’
3309 2410 3486 2467 πολλὰ
3508 2411 3565 2463 δέ
3591 2412 3682 2464 καὶ

2095 2494 2432 2565 άδιανέμητα
2452 2494 2668 2566 ἔμεινεν
2699 2497 2805 2550 ὑπὸ
2833 2497 2943 2552 τῶν
2966 2500 3250 2570 ἐγχωρίων
3274 2501 3557 2574 ἀρχόντων
3572 2543 3587 2568 ,
3608 2503 3682 2568 ὠς

2095 2585 2404 2657 ἐτάχθησαν
2434 2588 2541 2640 ὑπὸ
2573 2588 2929 2661 Ἀλεξάνδρου
2951 2633 2966 2657 ,
2994 2592 3251 2663 ἐχόμενα.

2167 2676 2256 2729 Ἐν
2284 2676 2459 2748 τούτῳ
2492 2677 2735 2751 Ῥωξάνη
2770 2681 2892 2734 κύει
2932 2684 3026 2735 καὶ
3060 2684 3265 2749 τίκτει,
3306 2686 3400 2739 καὶ
3429 2687 3510 2749 είς
3536 2686 3683 2756 βασι-

2091 2766 2192 2820 λέα
2225 2768 2287 2820 τὸ
2313 2769 2503 2838 τεχθὲν
2531 2770 2722 2823 ἀνεῖπε
2766 2772 2828 2824 τὸ
2860 2772 3086 2842 πλῆθος.
3119 2774 3260 2845 [217
3287 2776 3351 2829 R.
3385 2775 3406 2847 ]
3434 2778 3681 2833 Στάσεων

2090 2857 2147 2913 δὲ
2179 2860 2318 2929 μετὰ
2348 2861 2442 2914 τὸν
2479 2861 2832 2932 Ἀλεξάνδρου
2865 2869 3097 2919 θάνατον
3128 2868 3307 2921 πάντα
3350 2869 3678 2941 ἐπληροῦτο.

2090 2950 2202 3003 Καὶ
2244 2952 2474 3023 πολεμεῖ
2533 2956 2889 3027 Ἀντίπατρος
2940 2959 3079 3029 πρός
3113 2977 3168 3012 τε
3213 2960 3541 3033 Ἀθηναίους
3586 2965 3680 3027 καὶ

2089 3042 2214 3105 τοὺς
2237 3043 2431 3108 ἄλλους
2464 3046 2733 3117 ’Έλληνας
2752 3090 2767 3115 ,
2813 3049 3163 3115 Λεωσθένους
3180 3052 3227 3084 ⁷⁸
3267 3055 3455 3119 αὐτοῖς
3483 3074 3679 3127 στρατ-

2090 3133 2354 3203 ηγοῦντος
2374 3152 2388 3167 ·
2426 3138 2522 3191 καὶ
2550 3138 2617 3191 τὰ
2652 3139 2848 3210 πρῶτα
2878 3142 3190 3212 ἡττώμενος
3217 3147 3311 3199 καὶ
3336 3148 3416 3210 εἰς
3445 3149 3680 3219 ἀπορίαν

2092 3225 2519 3298 συγκλειόμενος
2568 3228 2796 3302 ὕστερον
2845 3234 3091 3304 ἐκράτει.
3140 3236 3303 3291 Ἀλλά
3349 3238 3542 3293 πίπτει
3585 3240 3679 3295 καὶ

2090 3316 2388 3383 Λεοννάτος
2415 3320 2732 3392 ἐπιϐοηθεῖν
2758 3324 2930 3378 δοκῶν
2977 3327 3341 3400 Ἀντιπάτρῳ.
3368 3330 3481 3385 Καὶ
3512 3331 3677 3385 Λυσί-

2092 3425 2265 3480 μαχος
2301 3410 2359 3464 δὲ
2388 3411 2565 3486 Σεύθῃ
2597 3413 2677 3485 τῷ
2702 3415 2883 3486 Θρᾳκὶ
2924 3418 3181 3489 πολεμῶν
3209 3420 3350 3491 ὑπὲρ
3373 3421 3479 3492 τῆς
3504 3424 3676 3495 ἀρχῆς

2089 3501 2420 3570 παραϐόλως
2455 3504 2473 3564 (
2493 3505 2592 3558 σὺν
2636 3506 2838 3575 ὀλίγοις
2869 3507 2980 3579 γὰρ
3003 3508 3021 3580 )
3046 3509 3143 3563 καὶ
3190 3511 3501 3584 εὐδοκιμῶν
3531 3515 3675 3585 ὅμως

2086 3595 2352 3667 ἀνῃρέθη.
2402 3597 2725 3669 Πολεμεῖδέ
2763 3600 2860 3655 καὶ
2890 3601 3202 3672 Περδίκκας
3260 3605 3565 3677 Ἀριαράθῃ
3599 3606 3675 3677 τῷ

2087 3686 2521 3755 Καππαδοκίας,
2564 3690 2647 3745 ὄτι
2696 3692 2933 3763 Εὐμένει
2978 3693 3171 3764 ἄρχειν
3210 3696 3674 3769 ἐπιτετραμμένῳ

2086 3776 2189 3849 τῆς
2230 3779 2407 3851 ἀρχῆς
2454 3782 2556 3835 οὐκ
2605 3782 2888 3849 ἐξίστατοο
2924 3786 3016 3838 καὶ
3052 3784 3172 3839 δυσὶ
3201 3788 3435 3859 νικήσας
3473 3789 3672 3861 μάχαις

2086 3870 2181 3922 καὶ⁵
2209 3870 2495 3926 συλλαϐὼν
2540 3874 2853 3946 ἐκρέμασεν
2873 3914 2890 3941 ,
2921 3876 3157 3947 Εὐμένει
3198 3880 3297 3950 τὴν
3330 3881 3508 3951 ἀρχὴν
3535 3883 3671 3935 ἀπο-

2087 3963 2465 4034 καταστήσας.
2515 3964 2801 4037 Κρατερὸς
2857 3966 2916 4021 δὲ
2965 3969 3276 4040 συμμαχῶν
3332 3971 3672 4043 Ἀντιπάτρῳ

2084 4056 2228 4110 κατὰ
2254 4055 2364 4110 τῶν
2405 4057 2683 4128 Ἐλλήνων
2732 4059 2909 4123 αἴτιος
2952 4061 3055 4131 τῆς
3097 4061 3286 4134 νίκης,
3313 4058 3381 4136 ἧς
3411 4066 3670 4135 ἐνίκησαν

2084 4144 2285 4208 αὐτοὺς
2311 4187 2326 4211 ,
2360 4147 2616 4216 γέγονεν’
2654 4147 2715 4215 ἐξ
2749 4144 2812 4203 οὐ
2843 4152 2938 4205 καὶ
2987 4150 3239 4220 ἅπαντα,
3277 4155 3421 4227 ειπερ
3470 4158 3537 4211 ἂν
3569 4158 3669 4210 αὐ-

2083 4238 2198 4300 τοῖς
2228 4238 2515 4309 Κρατερὸς
2562 4239 2828 4294 ἐπέταττε
2852 4242 2948 4295 καὶ
2988 4243 3347 4316 Ἀντίπατρος
3367 4287 3382 4311 ,
3412 4249 3666 4319 ἀπροφα-

2084 4320 2286 4386 σίστως
2332 4324 2657 4395 ἐπράττετο.
2706 4329 2817 4383 Καὶ
2861 4328 3034 4384 ταῦτα
3077 4333 3241 4405 μέχρι
3270 4335 3366 4390 τοῦ
3412 4339 3664 4408 πέμπτου

2084 4413 2312 4483 βιϐλίου.

2163 4618 2252 4673 Ἐν
2291 4618 2349 4672 δὲ
2377 4619 2457 4690 τῷ
2487 4621 2633 4692 ἕκτῳ
2676 4622 3036 4695 διαλαμϐάνει
3060 4626 3208 4692 ὅπως
3233 4631 3280 4661 ⁷⁸
3326 4631 3385 4698 ἐξ
3426 4632 3663 4703 Ἀθηνῶν

2077 4710 2128 4763 οί
2148 4711 2296 4780 ἀμφὶ
2324 4713 2679 4786 Δημοσθένην
2710 4716 2805 4771 καὶ
2837 4717 3165 4793 Ὑπερείδην
3179 4722 3225 4754 ⁸ο
3249 4722 3480 4792 ἔφυγον,
3517 4727 3661 4795 Ἀρι-

2078 4804 2324 4868 στόνικός
2342 4806 2385 4837 ⁸¹
2425 4824 2483 4859 τε
2518 4810 2547 4860 ὁ
2569 4809 2934 4877 Μαραθώνιος
2964 4812 3059 4865 καὶ
3092 4815 3357 4886 Ἱμεραῖος
3371 4818 3655 4889 “damm-

2076 4897 2233 4965 τρίου
2265 4896 2362 4949 τοῦ
2379 4898 2672 4970 Φαληρέως
2702 4901 2955 4971 ἀδελφὸς,
2989 4905 3057 4957 τὰ
3087 4907 3188 4977 μὲν
3206 4908 3488 4979 πρῶταείς
3504 4912 3655 4980 Αἴγι-

2077 5000 2175 5038 ναν
2200 5002 2213 5013 ·
2248 4986 2365 5038 ἐκεῖ
2409 4986 2465 5041 δὲ
2496 4986 2797 5056 διαγόντων
2825 4989 3055 5046 θάνατον
3097 4994 3285 5050 αὐτῶν
3318 5000 3567 5068 κατέγνω
3595 5000 3654 5051 τὸ

1671 5120 1914 5176 νΑιιιΑς
1946 5121 2354 5180 LECTIONES.

444 5214 491 5299 ξ’
525 5216 618 5269 ἐπὶ
645 5218 818 5299 ταύτῃ
851 5224 894 5299 A
909 5236 936 5299 Ξ
958 5225 1046 5299 ἐπ’
1073 5226 1213 5299 αὐτῇ

362 5353 943 5447 ’ζξὲξξξτέῖροξπςέοξί
1005 5365 1109 5435 ⁷ηὴ
1142 5353 1264 5422 ana".
1301 5373 1367 5423 A.
1446 5353 1851 5437 τελιὲόσόὲνους

444 5424 723 5495 Ημεραῖος
749 5446 808 5492 ς’.

1187 5231 1213 5299 ᾖ
1256 5247 1315 5292 ς.
1369 5231 1712 5320 ⁷ξτὶιξιίηδείας
1743 5252 1802 5297 ς.
1840 5235 1923 5320 "‘3
1957 5235 2079 5320 ἐστε
2129 5238 2170 5290 A
2204 5234 2401 5320 Ξέστσιι
2432 5253 2509 5320 ς..
2570 5237 2613 5267 θ’
2630 5237 2883 5320 τἘλλάδα
2944 5242 3170 5320 add._A._
3227 5246 3284 5320 _'°
3318 5248 3521 5320 Καρῶν
3558 5255 3648 5309 καὶ

371 5284 514 5385 istic.
550 5304 614 5388 ςεἱ
690 5288 733 5319 ⁷¹
906 5288 974 5364 ἧν
1133 5284 1289 5388 avg-2
1313 5373 1331 5388 A
1369 5302 1413 5331 ⁷³
1840 5284 2170 5388 τεικέιὲεέξίςὶὗ

2361 5306 2405 5389 7:
2452 5306 2552 5374 μὲν
2579 5303 2703 5389 3:33.
2738 5312 2881 5389 κατρι
2906 5330 2966 5375 ς’.
3067 5315 3249 5389 ’ξιπι
3277 5320 3376 5389 τὴν
3412 5303 3548 5375 ’θάλ.
3582 5303 3645 5379 AI

1879 5376 1944 5429 A.
2026 5374 2239 5440 πὸπως
2267 5377 2316 5429 οἱ
2347 5374 2407 5440 ἐξ
2441 5393 2502 5440 ς’.
2578 5374 2934 5450 ⁸⁰Ὺπερίδην
2965 5401 3026 5449 ς’.
3095 5384 3141 5417 ⁸⁸
3162 5374 3559 5457 Ἀριστόνεικός
3582 5374 3645 5448 Δί

1894 5557 2102 5613 NOTAE

436 5638 554 5723 (ἕδη
585 5642 763 5723 Credo
800 5646 1047 5723 C_rat_eva‘
1079 5648 1165 5723 F._
1186 5668 1310 5705 nant
1348 5652 1607 5723 Agenoris
1642 5656 1703 5712 F.
1735 5655 1955 5713 Colonis

369 5707 724 5786 Macedongtm
748 5717 802 5769 in
833 5717 1271 5786 lndiis-prazfuit.

442 5779 560 5851 (38)
606 5782 738 5849 Quae
785 5795 839 5841 et
878 5779 1118 5858 Phrygia
1178 5794 1350 5847 minor
1410 5791 1624 5852 Jttstino
1674 5797 1772 5853 lib.
1825 5812 1946 5867 xm,

2065 5658 2641 5818 ailggﬁél‘lrﬂuglib:
2671 5749 2772 5818 ιιι,
2815 5735 2993 5818 initio,
3025 5745 3219 5800 Galam
3242 5746 3388 5818 hunc
3410 5748 3638 5818 Paphla-

2058 5799 2258 5867 goniae,
2291 5808 2341 5855 et
2378 5799 2565 5860 Enctis
2588 5804 2657 5861 ab
2693 5799 3004 5869 Alexandro
3038 5799 3391 5886 praepositum
3410 5799 3518 5875 aitr.
