  <div class='ocr_page' id='page_1' title='image "/cluster/home/n/w/nwhite01/storage/ocr_20150623/103:no.3/coo.31924054870070/166.png"; bbox 0 0 3926 6458; ppageno 0'>
   <div class='ocr_carea' id='block_1_1' title="bbox 260 392 2469 471">
    <p class='ocr_par' dir='ltr' id='par_1_1' title="bbox 260 392 2469 471">
     <span class='ocr_line' id='line_1_1' title="bbox 260 392 2469 471; baseline 0.006 -14"><span class='ocrx_word' id='word_1_1' title='bbox 260 392 355 457; x_wconf 81' lang='lat'><strong>305</strong></span> <span class='ocrx_word' id='word_1_2' title='bbox 1094 435 1103 439; x_wconf 52' lang='grc' dir='ltr'>ν</span> <span class='ocrx_word' id='word_1_3' title='bbox 1298 402 1827 468; x_wconf 83' lang='lat' dir='ltr'><strong>BIBLIO’I‘HECA.</strong></span> <span class='ocrx_word' id='word_1_4' title='bbox 1856 432 1926 441; x_wconf 84' lang='grc'><strong><em>--</em></strong></span> <span class='ocrx_word' id='word_1_5' title='bbox 1963 408 2127 469; x_wconf 86' lang='lat' dir='ltr'><strong>COD.</strong></span> <span class='ocrx_word' id='word_1_6' title='bbox 2170 409 2351 471; x_wconf 84' lang='lat' dir='ltr'>XCII.</span> <span class='ocrx_word' id='word_1_7' title='bbox 2460 434 2469 447; x_wconf 70' lang='grc' dir='ltr'><strong>ε</strong></span> 
     </span>
    </p>
   </div>
   <div class='ocr_carea' id='block_1_2' title="bbox 272 501 1812 590">
    <p class='ocr_par' dir='ltr' id='par_1_2' title="bbox 272 501 1812 584">
     <span class='ocr_line' id='line_1_2' title="bbox 272 501 1812 584; baseline 0.008 -27"><span class='ocrx_word' id='word_1_8' title='bbox 272 501 557 573; x_wconf 85' lang='grc' dir='ltr'>Ἀθηναίων</span> <span class='ocrx_word' id='word_1_9' title='bbox 576 502 771 575; x_wconf 83' lang='grc' dir='ltr'>πλῆθος</span> <span class='ocrx_word' id='word_1_10' title='bbox 786 504 1035 572; x_wconf 86' lang='grc' dir='ltr'>είπόντος</span> <span class='ocrx_word' id='word_1_11' title='bbox 1049 508 1323 580; x_wconf 88' lang='grc' dir='ltr'>Δημάδου,</span> <span class='ocrx_word' id='word_1_12' title='bbox 1341 513 1437 567; x_wconf 75' lang='grc' dir='ltr'>καὶ</span> <span class='ocrx_word' id='word_1_13' title='bbox 1467 513 1812 584; x_wconf 82' lang='grc' dir='ltr'>Ἀντίπατρος</span> 
     </span>
    </p>
   </div>
   <div class='ocr_carea' id='block_1_3' title="bbox 1921 501 3513 590">
    <p class='ocr_par' dir='ltr' id='par_1_3' title="bbox 1932 519 3513 590">
     <span class='ocr_line' id='line_1_3' title="bbox 1932 519 3513 590; baseline 0.005 -20"><span class='ocrx_word' id='word_1_14' title='bbox 1932 527 2109 586; x_wconf 90' lang='lat' dir='ltr'><strong>natos,</strong></span> <span class='ocrx_word' id='word_1_15' title='bbox 2147 520 2294 588; x_wconf 86' lang='lat' dir='ltr'><strong>quod</strong></span> <span class='ocrx_word' id='word_1_16' title='bbox 2336 520 2618 575; x_wconf 90' lang='lat' dir='ltr'><strong>decretum</strong></span> <span class='ocrx_word' id='word_1_17' title='bbox 2663 520 2951 589; x_wconf 72' lang='lat' dir='ltr'><strong>Antipater</strong></span> <span class='ocrx_word' id='word_1_18' title='bbox 2983 519 3375 590; x_wconf 86' lang='lat' dir='ltr'><strong>perliciendum</strong></span> <span class='ocrx_word' id='word_1_19' title='bbox 3415 538 3513 578; x_wconf 91' lang='lat' dir='ltr'><strong>cu-</strong></span> 
     </span>
    </p>
   </div>
   <div class='ocr_carea' id='block_1_4' title="bbox 260 595 1815 677">
    <p class='ocr_par' dir='ltr' id='par_1_4' title="bbox 260 595 1815 677">
     <span class='ocr_line' id='line_1_4' title="bbox 260 595 1815 677; baseline 0.01 -31"><span class='ocrx_word' id='word_1_20' title='bbox 260 597 331 659; x_wconf 87' lang='grc' dir='ltr'><strong>είς</strong></span> <span class='ocrx_word' id='word_1_21' title='bbox 356 595 511 666; x_wconf 72' lang='grc' dir='ltr'>ἔργον</span> <span class='ocrx_word' id='word_1_22' title='bbox 537 596 705 666; x_wconf 74' lang='grc' dir='ltr'>ἤγαγε</span> <span class='ocrx_word' id='word_1_23' title='bbox 723 596 784 651; x_wconf 83' lang='grc' dir='ltr'><strong>τὸ</strong></span> <span class='ocrx_word' id='word_1_24' title='bbox 812 597 1093 671; x_wconf 74' lang='grc' dir='ltr'>ψήφισμα.</span> <span class='ocrx_word' id='word_1_25' title='bbox 1121 602 1233 656; x_wconf 76' lang='grc' dir='ltr'><strong>Καὶ</strong></span> <span class='ocrx_word' id='word_1_26' title='bbox 1256 602 1334 667; x_wconf 85' lang='grc' dir='ltr'>ὡς</span> <span class='ocrx_word' id='word_1_27' title='bbox 1370 605 1599 677; x_wconf 83' lang='grc' dir='ltr'>Ἀρχίας</span> <span class='ocrx_word' id='word_1_28' title='bbox 1628 608 1657 659; x_wconf 98' lang='lat'><strong>6</strong></span> <span class='ocrx_word' id='word_1_29' title='bbox 1680 606 1815 660; x_wconf 84' lang='grc' dir='ltr'>Θού-</span> 
     </span>
    </p>
   </div>
   <div class='ocr_carea' id='block_1_5' title="bbox 262 686 1813 770">
    <p class='ocr_par' dir='ltr' id='par_1_5' title="bbox 262 686 1813 770">
     <span class='ocr_line' id='line_1_5' title="bbox 262 686 1813 770; baseline 0.01 -33"><span class='ocrx_word' id='word_1_30' title='bbox 262 702 363 758; x_wconf 84' lang='grc' dir='ltr'>ριος</span> <span class='ocrx_word' id='word_1_31' title='bbox 384 686 460 749; x_wconf 74' lang='grc' dir='ltr'>εἰς</span> <span class='ocrx_word' id='word_1_32' title='bbox 487 686 576 738; x_wconf 85' lang='grc' dir='ltr'><strong>τὸν</strong></span> <span class='ocrx_word' id='word_1_33' title='bbox 605 686 835 744; x_wconf 84' lang='grc' dir='ltr'>θάνατον</span> <span class='ocrx_word' id='word_1_34' title='bbox 868 690 1051 745; x_wconf 84' lang='grc' dir='ltr'>αὐτῶν</span> <span class='ocrx_word' id='word_1_35' title='bbox 1086 692 1444 767; x_wconf 79' lang='grc' dir='ltr'><strong>ὑπουργήσας</strong></span> <span class='ocrx_word' id='word_1_36' title='bbox 1464 734 1481 760; x_wconf 87' lang='grc'><strong>,</strong></span> <span class='ocrx_word' id='word_1_37' title='bbox 1511 698 1571 751; x_wconf 92' lang='grc' dir='ltr'><strong>ἐν</strong></span> <span class='ocrx_word' id='word_1_38' title='bbox 1609 698 1813 770; x_wconf 80' lang='grc' dir='ltr'>ἐσχάτῃ</span> 
     </span>
    </p>
   </div>
   <div class='ocr_carea' id='block_1_6' title="bbox 260 777 1810 860">
    <p class='ocr_par' dir='ltr' id='par_1_6' title="bbox 260 777 1810 860">
     <span class='ocr_line' id='line_1_6' title="bbox 260 777 1810 860; baseline 0.01 -31"><span class='ocrx_word' id='word_1_39' title='bbox 260 778 404 849; x_wconf 73' lang='grc' dir='ltr'>πενίᾳ</span> <span class='ocrx_word' id='word_1_40' title='bbox 442 777 531 831; x_wconf 76' lang='grc' dir='ltr'><strong>καὶ</strong></span> <span class='ocrx_word' id='word_1_41' title='bbox 576 780 775 852; x_wconf 79' lang='grc' dir='ltr'><strong>ἀτιμίᾳ</strong></span> <span class='ocrx_word' id='word_1_42' title='bbox 820 784 1164 855; x_wconf 76' lang='grc' dir='ltr'><strong>κατατρίψας</strong></span> <span class='ocrx_word' id='word_1_43' title='bbox 1208 786 1533 859; x_wconf 86' lang='grc' dir='ltr'>ἐτελεύτησε</span> <span class='ocrx_word' id='word_1_44' title='bbox 1559 788 1650 843; x_wconf 83' lang='grc' dir='ltr'><strong>τὸν</strong></span> <span class='ocrx_word' id='word_1_45' title='bbox 1676 790 1810 860; x_wconf 88' lang='grc' dir='ltr'>βίον.</span> 
     </span>
    </p>
   </div>
   <div class='ocr_carea' id='block_1_7' title="bbox 262 870 1814 949">
    <p class='ocr_par' dir='ltr' id='par_1_7' title="bbox 262 870 1814 949">
     <span class='ocr_line' id='line_1_7' title="bbox 262 870 1814 949; baseline 0.008 -25"><span class='ocrx_word' id='word_1_46' title='bbox 262 871 356 924; x_wconf 79' lang='grc' dir='ltr'>Καὶ</span> <span class='ocrx_word' id='word_1_47' title='bbox 376 870 446 934; x_wconf 84' lang='grc' dir='ltr'><strong>ὡς</strong></span> <span class='ocrx_word' id='word_1_48' title='bbox 468 871 726 941; x_wconf 80' lang='grc' dir='ltr'><strong>Δημάδης</strong></span> <span class='ocrx_word' id='word_1_49' title='bbox 759 874 821 927; x_wconf 84' lang='grc' dir='ltr'>οὐ</span> <span class='ocrx_word' id='word_1_50' title='bbox 852 875 1034 948; x_wconf 88' lang='grc' dir='ltr'>πολλῷ</span> <span class='ocrx_word' id='word_1_51' title='bbox 1061 876 1291 949; x_wconf 81' lang='grc' dir='ltr'>ὕστερον</span> <span class='ocrx_word' id='word_1_52' title='bbox 1317 880 1380 943; x_wconf 87' lang='grc' dir='ltr'><strong>ἐς</strong></span> <span class='ocrx_word' id='word_1_53' title='bbox 1402 880 1448 912; x_wconf 81' lang='grc'><strong>⁸⁸</strong></span> <span class='ocrx_word' id='word_1_54' title='bbox 1472 882 1814 937; x_wconf 79' lang='grc' dir='ltr'>Μακεδονίαν</span> 
     </span>
    </p>
   </div>
   <div class='ocr_carea' id='block_1_8' title="bbox 264 960 1814 1040">
    <p class='ocr_par' dir='ltr' id='par_1_8' title="bbox 264 960 1814 1040">
     <span class='ocr_line' id='line_1_8' title="bbox 264 960 1814 1040; baseline 0.007 -25"><span class='ocrx_word' id='word_1_55' title='bbox 264 960 425 1030; x_wconf 76' lang='grc' dir='ltr'>ἀχθεὶς</span> <span class='ocrx_word' id='word_1_56' title='bbox 449 960 551 1014; x_wconf 84' lang='grc' dir='ltr'>ὑπὸ</span> <span class='ocrx_word' id='word_1_57' title='bbox 590 963 919 1037; x_wconf 79' lang='grc' dir='ltr'>Κασάνδρου</span> <span class='ocrx_word' id='word_1_58' title='bbox 955 969 1171 1040; x_wconf 77' lang='grc' dir='ltr'><strong>ἐσφάγη</strong></span> <span class='ocrx_word' id='word_1_59' title='bbox 1192 1009 1208 1034; x_wconf 91' lang='grc'><strong>,</strong></span> <span class='ocrx_word' id='word_1_60' title='bbox 1261 970 1357 1024; x_wconf 81' lang='grc' dir='ltr'>τοῦ</span> <span class='ocrx_word' id='word_1_61' title='bbox 1388 971 1580 1037; x_wconf 88' lang='grc' dir='ltr'>παιδὸς</span> <span class='ocrx_word' id='word_1_62' title='bbox 1615 974 1676 1025; x_wconf 92' lang='grc' dir='ltr'><strong>ἐν</strong></span> <span class='ocrx_word' id='word_1_63' title='bbox 1701 975 1814 1037; x_wconf 81' lang='grc' dir='ltr'>τοῖς</span> 
     </span>
    </p>
   </div>
   <div class='ocr_carea' id='block_1_9' title="bbox 269 1052 1815 1134">
    <p class='ocr_par' dir='ltr' id='par_1_9' title="bbox 269 1052 1815 1134">
     <span class='ocr_line' id='line_1_9' title="bbox 269 1052 1815 1134; baseline 0.008 -29"><span class='ocrx_word' id='word_1_64' title='bbox 269 1052 454 1114; x_wconf 76' lang='grc' dir='ltr'>κόλποις</span> <span class='ocrx_word' id='word_1_65' title='bbox 473 1059 1015 1127; x_wconf 82' lang='grc' dir='ltr'>προαποσφαγέντος·</span> <span class='ocrx_word' id='word_1_66' title='bbox 1054 1062 1235 1116; x_wconf 71' lang='grc' dir='ltr'>αἰτίαν</span> <span class='ocrx_word' id='word_1_67' title='bbox 1260 1061 1303 1117; x_wconf 87' lang='grc' dir='ltr'>δ’</span> <span class='ocrx_word' id='word_1_68' title='bbox 1324 1064 1501 1134; x_wconf 81' lang='grc' dir='ltr'>ἐπῆγε</span> <span class='ocrx_word' id='word_1_69' title='bbox 1516 1065 1564 1098; x_wconf 65' lang='grc'><strong>⁸⁸</strong></span> <span class='ocrx_word' id='word_1_70' title='bbox 1592 1065 1815 1120; x_wconf 83' lang='grc' dir='ltr'>Κάσαν-</span> 
     </span>
    </p>
   </div>
   <div class='ocr_carea' id='block_1_10' title="bbox 274 1143 1812 1230">
    <p class='ocr_par' dir='ltr' id='par_1_10' title="bbox 274 1143 1812 1230">
     <span class='ocr_line' id='line_1_10' title="bbox 274 1143 1812 1230; baseline 0.011 -34"><span class='ocrx_word' id='word_1_71' title='bbox 274 1143 375 1213; x_wconf 83' lang='grc' dir='ltr'>δρος</span> <span class='ocrx_word' id='word_1_72' title='bbox 392 1145 482 1207; x_wconf 80' lang='grc' dir='ltr'>,ὅτι</span> <span class='ocrx_word' id='word_1_73' title='bbox 505 1147 599 1199; x_wconf 81' lang='grc' dir='ltr'><strong>τὸν</strong></span> <span class='ocrx_word' id='word_1_74' title='bbox 626 1148 797 1203; x_wconf 79' lang='grc' dir='ltr'>αὑτοῦ</span> <span class='ocrx_word' id='word_1_75' title='bbox 821 1150 1035 1222; x_wconf 82' lang='grc' dir='ltr'>πατέρα</span> <span class='ocrx_word' id='word_1_76' title='bbox 1057 1152 1394 1225; x_wconf 81' lang='grc' dir='ltr'>ἐξυϐρίσειεν</span> <span class='ocrx_word' id='word_1_77' title='bbox 1413 1158 1471 1210; x_wconf 87' lang='grc' dir='ltr'><strong>ἐν</strong></span> <span class='ocrx_word' id='word_1_78' title='bbox 1496 1151 1579 1221; x_wconf 79' lang='grc' dir='ltr'>οἷς</span> <span class='ocrx_word' id='word_1_79' title='bbox 1602 1157 1812 1230; x_wconf 77' lang='grc' dir='ltr'>ἔγραψε</span> 
     </span>
    </p>
   </div>
   <div class='ocr_carea' id='block_1_11' title="bbox 283 1237 1813 1318">
    <p class='ocr_par' dir='ltr' id='par_1_11' title="bbox 283 1237 1813 1318">
     <span class='ocr_line' id='line_1_11' title="bbox 283 1237 1813 1318; baseline 0.011 -30"><span class='ocrx_word' id='word_1_80' title='bbox 283 1237 513 1309; x_wconf 76' lang='grc' dir='ltr'><strong>Περδίκκᾳ</strong></span> <span class='ocrx_word' id='word_1_81' title='bbox 541 1239 741 1305; x_wconf 80' lang='grc' dir='ltr'>σώζειν</span> <span class='ocrx_word' id='word_1_82' title='bbox 764 1244 893 1307; x_wconf 84' lang='grc' dir='ltr'>τοὺς</span> <span class='ocrx_word' id='word_1_83' title='bbox 919 1244 1189 1316; x_wconf 85' lang='grc' dir='ltr'>’Έλληνας</span> <span class='ocrx_word' id='word_1_84' title='bbox 1217 1246 1330 1300; x_wconf 84' lang='grc' dir='ltr'><strong>ἀπὸ</strong></span> <span class='ocrx_word' id='word_1_85' title='bbox 1349 1249 1561 1318; x_wconf 81' lang='grc' dir='ltr'>σαπροῦ</span> <span class='ocrx_word' id='word_1_86' title='bbox 1587 1251 1682 1304; x_wconf 79' lang='grc' dir='ltr'><strong>καὶ</strong></span> <span class='ocrx_word' id='word_1_87' title='bbox 1707 1268 1813 1304; x_wconf 87' lang='grc' dir='ltr'>πα-</span> 
     </span>
    </p>
   </div>
   <div class='ocr_carea' id='block_1_12' title="bbox 270 1325 1812 1412">
    <p class='ocr_par' dir='ltr' id='par_1_12' title="bbox 270 1325 1812 1412">
     <span class='ocr_line' id='line_1_12' title="bbox 270 1325 1812 1412; baseline 0.01 -33"><span class='ocrx_word' id='word_1_88' title='bbox 270 1325 395 1380; x_wconf 86' lang='grc' dir='ltr'>λαιοῦ</span> <span class='ocrx_word' id='word_1_89' title='bbox 422 1328 685 1397; x_wconf 79' lang='grc' dir='ltr'>στήμονος</span> <span class='ocrx_word' id='word_1_90' title='bbox 725 1330 1073 1403; x_wconf 81' lang='grc' dir='ltr'><strong>ἠρτημένους</strong></span> <span class='ocrx_word' id='word_1_91' title='bbox 1092 1372 1108 1397; x_wconf 91' lang='grc'><strong>,</strong></span> <span class='ocrx_word' id='word_1_92' title='bbox 1138 1334 1287 1388; x_wconf 76' lang='grc' dir='ltr'>οὕτω</span> <span class='ocrx_word' id='word_1_93' title='bbox 1313 1335 1407 1390; x_wconf 83' lang='grc' dir='ltr'><strong>τὸν</strong></span> <span class='ocrx_word' id='word_1_94' title='bbox 1453 1337 1812 1412; x_wconf 88' lang='grc' dir='ltr'>Ἀντίπατρον</span> 
     </span>
    </p>
   </div>
   <div class='ocr_carea' id='block_1_13' title="bbox 262 1418 1811 1503">
    <p class='ocr_par' dir='ltr' id='par_1_13' title="bbox 262 1418 1811 1503">
     <span class='ocr_line' id='line_1_13' title="bbox 262 1418 1811 1503; baseline 0.011 -34"><span class='ocrx_word' id='word_1_95' title='bbox 262 1418 620 1488; x_wconf 73' lang='grc' dir='ltr'><strong>ἐπιχλευάζων.</strong></span> <span class='ocrx_word' id='word_1_96' title='bbox 643 1422 937 1495; x_wconf 83' lang='grc' dir='ltr'>Δείναρχος</span> <span class='ocrx_word' id='word_1_97' title='bbox 968 1424 1026 1479; x_wconf 77' lang='grc' dir='ltr'>δὲ</span> <span class='ocrx_word' id='word_1_98' title='bbox 1055 1427 1084 1480; x_wconf 91' lang='lat'><strong>6</strong></span> <span class='ocrx_word' id='word_1_99' title='bbox 1113 1426 1413 1498; x_wconf 88' lang='grc' dir='ltr'>Κορίνθιος</span> <span class='ocrx_word' id='word_1_100' title='bbox 1441 1431 1471 1483; x_wconf 91' lang='lat'><strong>6</strong></span> <span class='ocrx_word' id='word_1_101' title='bbox 1500 1431 1811 1503; x_wconf 82' lang='grc' dir='ltr'>κατήγορος</span> 
     </span>
    </p>
   </div>
   <div class='ocr_carea' id='block_1_14' title="bbox 254 1504 1811 1593">
    <p class='ocr_par' dir='ltr' id='par_1_14' title="bbox 254 1504 1811 1593">
     <span class='ocr_line' id='line_1_14' title="bbox 254 1504 1811 1593; baseline 0.01 -32"><span class='ocrx_word' id='word_1_102' title='bbox 254 1504 328 1579; x_wconf 73' lang='grc' dir='ltr'>ἦν.</span> <span class='ocrx_word' id='word_1_103' title='bbox 365 1510 492 1563; x_wconf 76' lang='grc' dir='ltr'>Ἀλλ’</span> <span class='ocrx_word' id='word_1_104' title='bbox 525 1512 556 1566; x_wconf 84' lang='lat'><strong>6</strong></span> <span class='ocrx_word' id='word_1_105' title='bbox 603 1529 668 1582; x_wconf 84' lang='grc' dir='ltr'><strong>γε</strong></span> <span class='ocrx_word' id='word_1_106' title='bbox 706 1515 968 1587; x_wconf 80' lang='grc' dir='ltr'><strong>Δημάδης</strong></span> <span class='ocrx_word' id='word_1_107' title='bbox 997 1517 1099 1589; x_wconf 85' lang='grc' dir='ltr'>τῆς</span> <span class='ocrx_word' id='word_1_108' title='bbox 1150 1519 1321 1573; x_wconf 81' lang='grc' dir='ltr'>αὐτοῦ</span> <span class='ocrx_word' id='word_1_109' title='bbox 1355 1520 1686 1593; x_wconf 85' lang='grc' dir='ltr'>δωροδοκίας</span> <span class='ocrx_word' id='word_1_110' title='bbox 1715 1524 1811 1579; x_wconf 83' lang='grc' dir='ltr'>καὶ</span> 
     </span>
    </p>
   </div>
   <div class='ocr_carea' id='block_1_15' title="bbox 251 1599 1810 1684">
    <p class='ocr_par' dir='ltr' id='par_1_15' title="bbox 251 1599 1810 1684">
     <span class='ocr_line' id='line_1_15' title="bbox 251 1599 1810 1684; baseline 0.012 -32"><span class='ocrx_word' id='word_1_111' title='bbox 251 1599 509 1669; x_wconf 82' lang='grc' dir='ltr'>προδοσίας</span> <span class='ocrx_word' id='word_1_112' title='bbox 534 1605 637 1658; x_wconf 70' lang='grc' dir='ltr'><strong>καὶ</strong></span> <span class='ocrx_word' id='word_1_113' title='bbox 664 1605 725 1670; x_wconf 91' lang='grc' dir='ltr'><strong>ἐς</strong></span> <span class='ocrx_word' id='word_1_114' title='bbox 767 1608 950 1664; x_wconf 89' lang='grc' dir='ltr'>πάντα</span> <span class='ocrx_word' id='word_1_115' title='bbox 977 1609 1244 1675; x_wconf 81' lang='grc' dir='ltr'>ἀπιστίας</span> <span class='ocrx_word' id='word_1_116' title='bbox 1270 1611 1370 1684; x_wconf 80' lang='grc' dir='ltr'><strong>τὴν</strong></span> <span class='ocrx_word' id='word_1_117' title='bbox 1395 1613 1554 1681; x_wconf 77' lang='grc' dir='ltr'>ἀξίαν</span> <span class='ocrx_word' id='word_1_118' title='bbox 1580 1615 1810 1669; x_wconf 80' lang='grc' dir='ltr'>ἀπέτισε</span> 
     </span>
    </p>
   </div>
   <div class='ocr_carea' id='block_1_16' title="bbox 246 1690 403 1761">
    <p class='ocr_par' dir='ltr' id='par_1_16' title="bbox 246 1690 403 1761">
     <span class='ocr_line' id='line_1_16' title="bbox 246 1690 403 1761; baseline 0.019 -18"><span class='ocrx_word' id='word_1_119' title='bbox 246 1690 403 1761; x_wconf 82' lang='grc' dir='ltr'>δίκην.</span> 
     </span>
    </p>
   </div>
   <div class='ocr_carea' id='block_1_17' title="bbox 1924 612 3506 684">
    <p class='ocr_par' dir='ltr' id='par_1_17' title="bbox 1924 612 3506 684">
     <span class='ocr_line' id='line_1_17' title="bbox 1924 612 3506 684; baseline 0.003 -19"><span class='ocrx_word' id='word_1_120' title='bbox 1924 613 2081 666; x_wconf 87' lang='lat' dir='ltr'><strong>rarit.</strong></span> <span class='ocrx_word' id='word_1_121' title='bbox 2110 612 2313 669; x_wconf 79' lang='lat' dir='ltr'><strong>Deinde</strong></span> <span class='ocrx_word' id='word_1_122' title='bbox 2339 620 2399 666; x_wconf 86' lang='lat' dir='ltr'><strong>ut</strong></span> <span class='ocrx_word' id='word_1_123' title='bbox 2422 612 2657 667; x_wconf 83' lang='lat' dir='ltr'><strong>Archias</strong></span> <span class='ocrx_word' id='word_1_124' title='bbox 2681 612 2943 680; x_wconf 88' lang='lat' dir='ltr'><strong>Thurius,</strong></span> <span class='ocrx_word' id='word_1_125' title='bbox 2970 613 3062 684; x_wconf 90' lang='lat' dir='ltr'><strong>qui</strong></span> <span class='ocrx_word' id='word_1_126' title='bbox 3093 629 3285 669; x_wconf 88' lang='lat' dir='ltr'><strong>eorum</strong></span> <span class='ocrx_word' id='word_1_127' title='bbox 3315 630 3506 671; x_wconf 87' lang='lat' dir='ltr'><strong>necem</strong></span> 
     </span>
    </p>
   </div>
   <div class='ocr_carea' id='block_1_18' title="bbox 1921 700 3504 773">
    <p class='ocr_par' dir='ltr' id='par_1_18' title="bbox 1921 700 3504 773">
     <span class='ocr_line' id='line_1_18' title="bbox 1921 700 3504 773; baseline 0.003 -20"><span class='ocrx_word' id='word_1_128' title='bbox 1921 708 2287 769; x_wconf 86' lang='lat' dir='ltr'><strong>perpetrarat,</strong></span> <span class='ocrx_word' id='word_1_129' title='bbox 2327 700 2396 756; x_wconf 91' lang='lat' dir='ltr'><strong>ad</strong></span> <span class='ocrx_word' id='word_1_130' title='bbox 2426 708 2731 756; x_wconf 81' lang='lat' dir='ltr'><strong>extremam</strong></span> <span class='ocrx_word' id='word_1_131' title='bbox 2774 701 2916 772; x_wconf 83' lang='lat' dir='ltr'><strong>70a</strong></span> <span class='ocrx_word' id='word_1_132' title='bbox 2975 701 3229 757; x_wconf 89' lang='lat' dir='ltr'><strong>redactus</strong></span> <span class='ocrx_word' id='word_1_133' title='bbox 3268 702 3504 773; x_wconf 84' lang='lat' dir='ltr'><strong>inopiam</strong></span> 
     </span>
    </p>
   </div>
   <div class='ocr_carea' id='block_1_19' title="bbox 1921 792 3506 862">
    <p class='ocr_par' dir='ltr' id='par_1_19' title="bbox 1921 792 3506 862">
     <span class='ocr_line' id='line_1_19' title="bbox 1921 792 3506 862; baseline 0.004 -17"><span class='ocrx_word' id='word_1_134' title='bbox 1921 801 2091 861; x_wconf 89' lang='lat' dir='ltr'><strong>atque</strong></span> <span class='ocrx_word' id='word_1_135' title='bbox 2122 792 2428 858; x_wconf 82' lang='lat' dir='ltr'><strong>infamiam,</strong></span> <span class='ocrx_word' id='word_1_136' title='bbox 2473 792 2586 847; x_wconf 88' lang='lat' dir='ltr'><strong>vita</strong></span> <span class='ocrx_word' id='word_1_137' title='bbox 2633 793 2933 848; x_wconf 75' lang='lat' dir='ltr'><strong>decesserit</strong></span> <span class='ocrx_word' id='word_1_138' title='bbox 2969 810 2982 847; x_wconf 91' lang='lat'><strong>:</strong></span> <span class='ocrx_word' id='word_1_139' title='bbox 3024 801 3192 862; x_wconf 92' lang='lat' dir='ltr'><strong>utque</strong></span> <span class='ocrx_word' id='word_1_140' title='bbox 3232 792 3506 851; x_wconf 86' lang='lat' dir='ltr'><strong>Demades</strong></span> 
     </span>
    </p>
   </div>
   <div class='ocr_carea' id='block_1_20' title="bbox 1922 885 3507 955">
    <p class='ocr_par' dir='ltr' id='par_1_20' title="bbox 1922 885 3507 955">
     <span class='ocr_line' id='line_1_20' title="bbox 1922 885 3507 955; baseline -0.003 -12"><span class='ocrx_word' id='word_1_141' title='bbox 1922 901 2029 943; x_wconf 89' lang='lat' dir='ltr'><strong>non</strong></span> <span class='ocrx_word' id='word_1_142' title='bbox 2065 886 2143 941; x_wconf 93' lang='lat' dir='ltr'><strong>ita</strong></span> <span class='ocrx_word' id='word_1_143' title='bbox 2190 885 2361 947; x_wconf 89' lang='lat' dir='ltr'><strong>multo</strong></span> <span class='ocrx_word' id='word_1_144' title='bbox 2398 894 2523 955; x_wconf 85' lang='lat' dir='ltr'><strong>post</strong></span> <span class='ocrx_word' id='word_1_145' title='bbox 2552 887 2606 941; x_wconf 91' lang='lat' dir='ltr'><strong>in</strong></span> <span class='ocrx_word' id='word_1_146' title='bbox 2644 885 3018 942; x_wconf 85' lang='lat' dir='ltr'><strong>Macedoniam</strong></span> <span class='ocrx_word' id='word_1_147' title='bbox 3069 886 3303 954; x_wconf 86' lang='lat' dir='ltr'><strong>delatus,</strong></span> <span class='ocrx_word' id='word_1_148' title='bbox 3331 901 3362 940; x_wconf 91' lang='lat' dir='ltr'><strong>a</strong></span> <span class='ocrx_word' id='word_1_149' title='bbox 3394 885 3507 941; x_wconf 89' lang='lat' dir='ltr'><strong>Ca-</strong></span> 
     </span>
    </p>
   </div>
   <div class='ocr_carea' id='block_1_21' title="bbox 1919 976 3511 1047">
    <p class='ocr_par' dir='ltr' id='par_1_21' title="bbox 1919 976 3511 1047">
     <span class='ocr_line' id='line_1_21' title="bbox 1919 976 3511 1047; baseline 0 -13"><span class='ocrx_word' id='word_1_150' title='bbox 1919 979 2127 1035; x_wconf 88' lang='lat' dir='ltr'><strong>sandro</strong></span> <span class='ocrx_word' id='word_1_151' title='bbox 2162 976 2492 1034; x_wconf 86' lang='lat' dir='ltr'><strong>interfectus</strong></span> <span class='ocrx_word' id='word_1_152' title='bbox 2515 978 2608 1044; x_wconf 89' lang='lat' dir='ltr'><strong>sit,</strong></span> <span class='ocrx_word' id='word_1_153' title='bbox 2636 977 2757 1047; x_wconf 87' lang='lat' dir='ltr'><strong>ejus</strong></span> <span class='ocrx_word' id='word_1_154' title='bbox 2781 976 3018 1047; x_wconf 90' lang='lat' dir='ltr'><strong>primum</strong></span> <span class='ocrx_word' id='word_1_155' title='bbox 3062 976 3174 1033; x_wconf 82' lang='lat' dir='ltr'><strong>filio</strong></span> <span class='ocrx_word' id='word_1_156' title='bbox 3205 978 3259 1032; x_wconf 92' lang='lat' dir='ltr'><strong>in</strong></span> <span class='ocrx_word' id='word_1_157' title='bbox 3290 979 3417 1032; x_wconf 92' lang='lat' dir='ltr'><strong>sinu</strong></span> <span class='ocrx_word' id='word_1_158' title='bbox 3454 988 3511 1034; x_wconf 88' lang='lat' dir='ltr'><strong>et</strong></span> 
     </span>
    </p>
   </div>
   <div class='ocr_carea' id='block_1_22' title="bbox 1918 1068 3510 1142">
    <p class='ocr_par' dir='ltr' id='par_1_22' title="bbox 1918 1068 3510 1142">
     <span class='ocr_line' id='line_1_22' title="bbox 1918 1068 3510 1142; baseline -0.003 -15"><span class='ocrx_word' id='word_1_159' title='bbox 1918 1071 2091 1127; x_wconf 88' lang='lat' dir='ltr'><strong>oculis</strong></span> <span class='ocrx_word' id='word_1_160' title='bbox 2114 1070 2362 1141; x_wconf 85' lang='lat' dir='ltr'><strong>parentis</strong></span> <span class='ocrx_word' id='word_1_161' title='bbox 2385 1068 2656 1142; x_wconf 76' lang='lat' dir='ltr'><strong>iugulato.</strong></span> <span class='ocrx_word' id='word_1_162' title='bbox 2689 1068 2924 1125; x_wconf 86' lang='lat' dir='ltr'><strong>Causam</strong></span> <span class='ocrx_word' id='word_1_163' title='bbox 2952 1084 3083 1125; x_wconf 90' lang='lat' dir='ltr'><strong>vero</strong></span> <span class='ocrx_word' id='word_1_164' title='bbox 3109 1070 3274 1125; x_wconf 65' lang='lat' dir='ltr'><strong>caedis</strong></span> <span class='ocrx_word' id='word_1_165' title='bbox 3295 1069 3510 1127; x_wconf 88' lang='lat' dir='ltr'><strong>Casan-</strong></span> 
     </span>
    </p>
   </div>
   <div class='ocr_carea' id='block_1_23' title="bbox 1919 1160 3506 1230">
    <p class='ocr_par' dir='ltr' id='par_1_23' title="bbox 1919 1160 3506 1230">
     <span class='ocr_line' id='line_1_23' title="bbox 1919 1160 3506 1230; baseline 0.001 -14"><span class='ocrx_word' id='word_1_166' title='bbox 1919 1163 2077 1216; x_wconf 90' lang='lat' dir='ltr'><strong>drum</strong></span> <span class='ocrx_word' id='word_1_167' title='bbox 2105 1160 2363 1230; x_wconf 85' lang='lat' dir='ltr'><strong>allegare,</strong></span> <span class='ocrx_word' id='word_1_168' title='bbox 2388 1161 2536 1230; x_wconf 91' lang='lat' dir='ltr'><strong>quod</strong></span> <span class='ocrx_word' id='word_1_169' title='bbox 2573 1172 2860 1230; x_wconf 88' lang='lat' dir='ltr'><strong>parentem</strong></span> <span class='ocrx_word' id='word_1_170' title='bbox 2894 1174 3055 1216; x_wconf 86' lang='lat' dir='ltr'><strong>suum</strong></span> <span class='ocrx_word' id='word_1_171' title='bbox 3084 1162 3352 1218; x_wconf 90' lang='lat' dir='ltr'><strong>Demades</strong></span> <span class='ocrx_word' id='word_1_172' title='bbox 3375 1162 3506 1217; x_wconf 88' lang='lat' dir='ltr'><strong>olim</strong></span> 
     </span>
    </p>
   </div>
   <div class='ocr_carea' id='block_1_24' title="bbox 1921 1247 3509 1319">
    <p class='ocr_par' dir='ltr' id='par_1_24' title="bbox 1921 1247 3509 1319">
     <span class='ocr_line' id='line_1_24' title="bbox 1921 1247 3509 1319; baseline -0.001 -15"><span class='ocrx_word' id='word_1_173' title='bbox 1921 1249 2123 1317; x_wconf 89' lang='lat' dir='ltr'><strong>injuria</strong></span> <span class='ocrx_word' id='word_1_174' title='bbox 2175 1248 2470 1315; x_wconf 75' lang='lat' dir='ltr'><strong>affecisset,</strong></span> <span class='ocrx_word' id='word_1_175' title='bbox 2521 1262 2646 1303; x_wconf 89' lang='lat' dir='ltr'><strong>cum</strong></span> <span class='ocrx_word' id='word_1_176' title='bbox 2677 1247 2955 1304; x_wconf 71' lang='lat' dir='ltr'><strong>Perdicca:</strong></span> <span class='ocrx_word' id='word_1_177' title='bbox 2998 1249 3241 1319; x_wconf 75' lang='lat' dir='ltr'><strong>scripsit,</strong></span> <span class='ocrx_word' id='word_1_178' title='bbox 3269 1259 3329 1304; x_wconf 93' lang='lat' dir='ltr'><strong>ut</strong></span> <span class='ocrx_word' id='word_1_179' title='bbox 3356 1248 3509 1305; x_wconf 71' lang='lat' dir='ltr'><strong>Cra:-</strong></span> 
     </span>
    </p>
   </div>
   <div class='ocr_carea' id='block_1_25' title="bbox 1919 1338 3510 1409">
    <p class='ocr_par' dir='ltr' id='par_1_25' title="bbox 1919 1338 3510 1409">
     <span class='ocr_line' id='line_1_25' title="bbox 1919 1338 3510 1409; baseline -0.001 -14"><span class='ocrx_word' id='word_1_180' title='bbox 1919 1354 2015 1395; x_wconf 90' lang='lat' dir='ltr'><strong>cos</strong></span> <span class='ocrx_word' id='word_1_181' title='bbox 2044 1354 2074 1394; x_wconf 90' lang='lat' dir='ltr'><strong>e</strong></span> <span class='ocrx_word' id='word_1_182' title='bbox 2098 1339 2320 1409; x_wconf 86' lang='lat' dir='ltr'><strong>putrido</strong></span> <span class='ocrx_word' id='word_1_183' title='bbox 2356 1353 2420 1395; x_wconf 90' lang='lat' dir='ltr'><strong>ac</strong></span> <span class='ocrx_word' id='word_1_184' title='bbox 2445 1349 2633 1394; x_wconf 88' lang='lat' dir='ltr'><strong>vetere</strong></span> <span class='ocrx_word' id='word_1_185' title='bbox 2668 1338 2760 1394; x_wconf 84' lang='lat' dir='ltr'><strong>ﬁlo</strong></span> <span class='ocrx_word' id='word_1_186' title='bbox 2790 1339 3096 1408; x_wconf 76' lang='lat' dir='ltr'><strong>pendentes</strong></span> <span class='ocrx_word' id='word_1_187' title='bbox 3142 1355 3368 1395; x_wconf 84' lang='lat' dir='ltr'><strong>servare</strong></span> <span class='ocrx_word' id='word_1_188' title='bbox 3392 1338 3510 1394; x_wconf 86' lang='lat' dir='ltr'><strong>vel-</strong></span> 
     </span>
    </p>
   </div>
   <div class='ocr_carea' id='block_1_26' title="bbox 1920 1427 3506 1499">
    <p class='ocr_par' dir='ltr' id='par_1_26' title="bbox 1920 1427 3506 1499">
     <span class='ocr_line' id='line_1_26' title="bbox 1920 1427 3506 1499; baseline 0 -16"><span class='ocrx_word' id='word_1_189' title='bbox 1920 1428 2027 1495; x_wconf 88' lang='lat' dir='ltr'><strong>let;</strong></span> <span class='ocrx_word' id='word_1_190' title='bbox 2061 1428 2411 1499; x_wconf 77' lang='lat' dir='ltr'><strong>Antipatrum</strong></span> <span class='ocrx_word' id='word_1_191' title='bbox 2439 1428 2702 1483; x_wconf 88' lang='lat' dir='ltr'><strong>nimirum</strong></span> <span class='ocrx_word' id='word_1_192' title='bbox 2747 1427 2833 1484; x_wconf 91' lang='lat' dir='ltr'><strong>his</strong></span> <span class='ocrx_word' id='word_1_193' title='bbox 2858 1429 3044 1485; x_wconf 82' lang='lat' dir='ltr'><strong>verbis</strong></span> <span class='ocrx_word' id='word_1_194' title='bbox 3074 1430 3373 1485; x_wconf 85' lang='lat' dir='ltr'><strong>irridendo.</strong></span> <span class='ocrx_word' id='word_1_195' title='bbox 3412 1429 3506 1483; x_wconf 78' lang='lat' dir='ltr'><strong>Di-</strong></span> 
     </span>
    </p>
   </div>
   <div class='ocr_carea' id='block_1_27' title="bbox 1920 1519 3504 1592">
    <p class='ocr_par' dir='ltr' id='par_1_27' title="bbox 1920 1519 3504 1592">
     <span class='ocr_line' id='line_1_27' title="bbox 1920 1519 3504 1592; baseline 0 -15"><span class='ocrx_word' id='word_1_196' title='bbox 1920 1523 2187 1578; x_wconf 90' lang='lat' dir='ltr'><strong>narchum</strong></span> <span class='ocrx_word' id='word_1_197' title='bbox 2212 1520 2329 1592; x_wconf 69' lang='lat'><strong>(40)</strong></span> <span class='ocrx_word' id='word_1_198' title='bbox 2365 1520 2713 1576; x_wconf 75' lang='lat' dir='ltr'><strong>Corinthium</strong></span> <span class='ocrx_word' id='word_1_199' title='bbox 2742 1519 2941 1576; x_wconf 89' lang='lat' dir='ltr'><strong>horum</strong></span> <span class='ocrx_word' id='word_1_200' title='bbox 2989 1521 3252 1578; x_wconf 90' lang='lat' dir='ltr'><strong>indicium</strong></span> <span class='ocrx_word' id='word_1_201' title='bbox 3282 1522 3504 1589; x_wconf 90' lang='lat' dir='ltr'><strong>fecisse,</strong></span> 
     </span>
    </p>
   </div>
   <div class='ocr_carea' id='block_1_28' title="bbox 1920 1612 3504 1685">
    <p class='ocr_par' dir='ltr' id='par_1_28' title="bbox 1920 1612 3504 1685">
     <span class='ocr_line' id='line_1_28' title="bbox 1920 1612 3504 1685; baseline -0.002 -15"><span class='ocrx_word' id='word_1_202' title='bbox 1920 1625 2086 1683; x_wconf 84' lang='lat' dir='ltr'><strong>atque</strong></span> <span class='ocrx_word' id='word_1_203' title='bbox 2132 1614 2207 1669; x_wconf 90' lang='lat' dir='ltr'><strong>ita</strong></span> <span class='ocrx_word' id='word_1_204' title='bbox 2257 1612 2554 1669; x_wconf 87' lang='lat' dir='ltr'><strong>Demadem</strong></span> <span class='ocrx_word' id='word_1_205' title='bbox 2598 1612 2895 1685; x_wconf 86' lang='lat' dir='ltr'><strong>aliquando</strong></span> <span class='ocrx_word' id='word_1_206' title='bbox 2937 1615 3184 1669; x_wconf 64' lang='lat' dir='ltr'><strong>avaritia:</strong></span> <span class='ocrx_word' id='word_1_207' title='bbox 3219 1628 3284 1670; x_wconf 90' lang='lat' dir='ltr'><strong>ac</strong></span> <span class='ocrx_word' id='word_1_208' title='bbox 3314 1614 3504 1683; x_wconf 88' lang='lat' dir='ltr'><strong>prodi-</strong></span> 
     </span>
    </p>
   </div>
   <div class='ocr_carea' id='block_1_29' title="bbox 1924 1705 3507 1779">
    <p class='ocr_par' dir='ltr' id='par_1_29' title="bbox 1924 1705 3507 1779">
     <span class='ocr_line' id='line_1_29' title="bbox 1924 1705 3507 1779; baseline 0.001 -18"><span class='ocrx_word' id='word_1_209' title='bbox 1924 1706 2111 1773; x_wconf 85' lang='lat' dir='ltr'><strong>tionis,</strong></span> <span class='ocrx_word' id='word_1_210' title='bbox 2142 1705 2285 1761; x_wconf 85' lang='lat' dir='ltr'><strong>etin</strong></span> <span class='ocrx_word' id='word_1_211' title='bbox 2326 1720 2395 1762; x_wconf 88' lang='lat' dir='ltr'><strong>re</strong></span> <span class='ocrx_word' id='word_1_212' title='bbox 2438 1719 2653 1776; x_wconf 89' lang='lat' dir='ltr'><strong>quaque</strong></span> <span class='ocrx_word' id='word_1_213' title='bbox 2694 1707 2957 1779; x_wconf 70' lang='lat' dir='ltr'><strong>perfidiae,</strong></span> <span class='ocrx_word' id='word_1_214' title='bbox 3003 1707 3234 1761; x_wconf 88' lang='lat' dir='ltr'><strong>meritas</strong></span> <span class='ocrx_word' id='word_1_215' title='bbox 3288 1706 3507 1763; x_wconf 83' lang='lat' dir='ltr'><strong>dedisse</strong></span> 
     </span>
    </p>
   </div>
   <div class='ocr_carea' id='block_1_30' title="bbox 1921 1813 2135 1868">
    <p class='ocr_par' dir='ltr' id='par_1_30' title="bbox 1921 1813 2135 1868">
     <span class='ocr_line' id='line_1_30' title="bbox 1921 1813 2135 1868; baseline 0.005 -14"><span class='ocrx_word' id='word_1_216' title='bbox 1921 1813 2135 1868; x_wconf 77' lang='lat' dir='ltr'><strong>poenas.</strong></span> 
     </span>
    </p>
   </div>
   <div class='ocr_carea' id='block_1_31' title="bbox 302 1873 1812 1958">
    <p class='ocr_par' dir='ltr' id='par_1_31' title="bbox 302 1873 1812 1955">
     <span class='ocr_line' id='line_1_31' title="bbox 302 1873 1812 1955; baseline 0.009 -29"><span class='ocrx_word' id='word_1_217' title='bbox 302 1873 673 1945; x_wconf 81' lang='grc' dir='ltr'>Διαλαμϐἀνει</span> <span class='ocrx_word' id='word_1_218' title='bbox 705 1877 763 1931; x_wconf 76' lang='grc' dir='ltr'><strong>δέ</strong></span> <span class='ocrx_word' id='word_1_219' title='bbox 795 1879 892 1932; x_wconf 83' lang='grc' dir='ltr'>καὶ</span> <span class='ocrx_word' id='word_1_220' title='bbox 922 1879 1001 1942; x_wconf 84' lang='grc' dir='ltr'>ὡς</span> <span class='ocrx_word' id='word_1_221' title='bbox 1044 1878 1264 1951; x_wconf 88' lang='grc' dir='ltr'>Θίϐρων</span> <span class='ocrx_word' id='word_1_222' title='bbox 1309 1882 1340 1934; x_wconf 89' lang='lat'><strong>6</strong></span> <span class='ocrx_word' id='word_1_223' title='bbox 1387 1882 1812 1955; x_wconf 83' lang='grc' dir='ltr'>Λακεδαιμόνιος</span> 
     </span>
    </p>
   </div>
   <div class='ocr_carea' id='block_1_32' title="bbox 1921 1873 3501 1958">
    <p class='ocr_par' dir='ltr' id='par_1_32' title="bbox 1994 1885 3501 1958">
     <span class='ocr_line' id='line_1_32' title="bbox 1994 1885 3501 1958; baseline -0.001 -15"><span class='ocrx_word' id='word_1_224' title='bbox 1994 1888 2183 1945; x_wconf 80' lang='lat' dir='ltr'><strong>Refert</strong></span> <span class='ocrx_word' id='word_1_225' title='bbox 2209 1888 2377 1946; x_wconf 90' lang='lat' dir='ltr'><strong>etiam</strong></span> <span class='ocrx_word' id='word_1_226' title='bbox 2404 1887 2541 1944; x_wconf 65' lang='lat' dir='ltr'><strong>haec.</strong></span> <span class='ocrx_word' id='word_1_227' title='bbox 2575 1887 2784 1944; x_wconf 86' lang='lat' dir='ltr'><strong>Thibro</strong></span> <span class='ocrx_word' id='word_1_228' title='bbox 2811 1888 3264 1945; x_wconf 73' lang='lat' dir='ltr'><strong>Lacedaemonius</strong></span> <span class='ocrx_word' id='word_1_229' title='bbox 3288 1885 3501 1958; x_wconf 84' lang='lat' dir='ltr'><strong>Harpa-</strong></span> 
     </span>
    </p>
   </div>
   <div class='ocr_carea' id='block_1_33' title="bbox 243 1965 1810 2043">
    <p class='ocr_par' dir='ltr' id='par_1_33' title="bbox 243 1965 1810 2043">
     <span class='ocr_line' id='line_1_33' title="bbox 243 1965 1810 2043; baseline 0.007 -24"><span class='ocrx_word' id='word_1_230' title='bbox 243 1965 504 2041; x_wconf 79' lang='grc' dir='ltr'>Ἀρπαλον</span> <span class='ocrx_word' id='word_1_231' title='bbox 525 1968 626 2021; x_wconf 79' lang='grc' dir='ltr'><strong>τὸν</strong></span> <span class='ocrx_word' id='word_1_232' title='bbox 656 1968 727 2023; x_wconf 88' lang='grc' dir='ltr'><strong>τά</strong></span> <span class='ocrx_word' id='word_1_233' title='bbox 758 1969 1110 2041; x_wconf 77' lang='grc' dir='ltr'>Ἀλεξάνδρου</span> <span class='ocrx_word' id='word_1_234' title='bbox 1144 1972 1409 2043; x_wconf 88' lang='grc' dir='ltr'>χρήματα</span> <span class='ocrx_word' id='word_1_235' title='bbox 1438 1971 1642 2039; x_wconf 76' lang='grc' dir='ltr'>ζῶντος</span> <span class='ocrx_word' id='word_1_236' title='bbox 1664 1977 1810 2031; x_wconf 82' lang='grc' dir='ltr'>ἐκεῖ·</span> 
     </span>
    </p>
   </div>
   <div class='ocr_carea' id='block_1_34' title="bbox 240 2058 1811 2136">
    <p class='ocr_par' dir='ltr' id='par_1_34' title="bbox 240 2058 1811 2136">
     <span class='ocr_line' id='line_1_34' title="bbox 240 2058 1811 2136; baseline 0.009 -27"><span class='ocrx_word' id='word_1_237' title='bbox 240 2074 319 2110; x_wconf 88' lang='grc' dir='ltr'><strong>νου</strong></span> <span class='ocrx_word' id='word_1_238' title='bbox 339 2058 661 2127; x_wconf 83' lang='grc' dir='ltr'>ἁρπάσαντα</span> <span class='ocrx_word' id='word_1_239' title='bbox 697 2059 790 2112; x_wconf 78' lang='grc' dir='ltr'><strong>καὶ</strong></span> <span class='ocrx_word' id='word_1_240' title='bbox 814 2061 1058 2130; x_wconf 83' lang='grc' dir='ltr'>φυγόντα</span> <span class='ocrx_word' id='word_1_241' title='bbox 1082 2062 1220 2132; x_wconf 76' lang='grc' dir='ltr'>πρὸς</span> <span class='ocrx_word' id='word_1_242' title='bbox 1243 2063 1343 2127; x_wconf 90' lang='grc' dir='ltr'><strong>τάς</strong></span> <span class='ocrx_word' id='word_1_243' title='bbox 1381 2064 1611 2136; x_wconf 83' lang='grc' dir='ltr'>Ἀθήνας</span> <span class='ocrx_word' id='word_1_244' title='bbox 1634 2105 1651 2131; x_wconf 87' lang='grc'><strong>,</strong></span> <span class='ocrx_word' id='word_1_245' title='bbox 1684 2068 1811 2122; x_wconf 83' lang='grc' dir='ltr'><strong>τοῦ-</strong></span> 
     </span>
    </p>
   </div>
   <div class='ocr_carea' id='block_1_35' title="bbox 239 2146 1813 2215">
    <p class='ocr_par' dir='ltr' id='par_1_35' title="bbox 239 2146 1813 2215">
     <span class='ocr_line' id='line_1_35' title="bbox 239 2146 1813 2215; baseline 0.008 -18"><span class='ocrx_word' id='word_1_246' title='bbox 239 2161 319 2199; x_wconf 85' lang='grc' dir='ltr'><strong>τον</strong></span> <span class='ocrx_word' id='word_1_247' title='bbox 334 2146 533 2213; x_wconf 82' lang='grc' dir='ltr'>ἐκεῖνος</span> <span class='ocrx_word' id='word_1_248' title='bbox 557 2149 894 2214; x_wconf 79' lang='grc' dir='ltr'>ἀποκτείνας</span> <span class='ocrx_word' id='word_1_249' title='bbox 914 2191 929 2215; x_wconf 89' lang='grc'><strong>,</strong></span> <span class='ocrx_word' id='word_1_250' title='bbox 949 2151 1047 2206; x_wconf 80' lang='grc' dir='ltr'><strong>καὶ</strong></span> <span class='ocrx_word' id='word_1_251' title='bbox 1073 2151 1174 2206; x_wconf 82' lang='grc' dir='ltr'><strong>ὅσα</strong></span> <span class='ocrx_word' id='word_1_252' title='bbox 1208 2152 1541 2209; x_wconf 81' lang='grc' dir='ltr'>ὑπελείπετο</span> <span class='ocrx_word' id='word_1_253' title='bbox 1555 2156 1601 2187; x_wconf 80' lang='grc'><strong>⁸⁸</strong></span> <span class='ocrx_word' id='word_1_254' title='bbox 1630 2156 1813 2210; x_wconf 90' lang='grc' dir='ltr'>λαϐὼν</span> 
     </span>
    </p>
   </div>
   <div class='ocr_carea' id='block_1_36' title="bbox 238 2239 1812 2321">
    <p class='ocr_par' dir='ltr' id='par_1_36' title="bbox 238 2239 1812 2321">
     <span class='ocr_line' id='line_1_36' title="bbox 238 2239 1812 2321; baseline -0.003 -24"><span class='ocrx_word' id='word_1_255' title='bbox 238 2239 518 2309; x_wconf 81' lang='grc' dir='ltr'>χρήματα,</span> <span class='ocrx_word' id='word_1_256' title='bbox 550 2240 750 2312; x_wconf 83' lang='grc' dir='ltr'>πρῶτα</span> <span class='ocrx_word' id='word_1_257' title='bbox 790 2242 891 2312; x_wconf 79' lang='grc' dir='ltr'>μὲν</span> <span class='ocrx_word' id='word_1_258' title='bbox 930 2242 1025 2297; x_wconf 82' lang='grc' dir='ltr'>ἐπὶ</span> <span class='ocrx_word' id='word_1_259' title='bbox 1058 2245 1346 2310; x_wconf 81' lang='grc' dir='ltr'>Κυδωνίας</span> <span class='ocrx_word' id='word_1_260' title='bbox 1364 2246 1411 2279; x_wconf 76' lang='grc'>⁸⁸</span> <span class='ocrx_word' id='word_1_261' title='bbox 1433 2248 1533 2318; x_wconf 85' lang='grc' dir='ltr'>τῆς</span> <span class='ocrx_word' id='word_1_262' title='bbox 1561 2251 1621 2312; x_wconf 80' lang='grc' dir='ltr'><strong>ἐς</strong></span> <span class='ocrx_word' id='word_1_263' title='bbox 1658 2250 1812 2321; x_wconf 76' lang='grc' dir='ltr'>Κρή-</span> 
     </span>
    </p>
   </div>
   <div class='ocr_carea' id='block_1_37' title="bbox 237 2329 1813 2410">
    <p class='ocr_par' dir='ltr' id='par_1_37' title="bbox 237 2329 1813 2410">
     <span class='ocr_line' id='line_1_37' title="bbox 237 2329 1813 2410; baseline 0.008 -30"><span class='ocrx_word' id='word_1_264' title='bbox 237 2345 326 2399; x_wconf 84' lang='grc' dir='ltr'><strong>την</strong></span> <span class='ocrx_word' id='word_1_265' title='bbox 373 2329 618 2399; x_wconf 84' lang='grc' dir='ltr'>ἐστάλη,</span> <span class='ocrx_word' id='word_1_266' title='bbox 666 2330 819 2386; x_wconf 82' lang='grc' dir='ltr'>ἐνθεν</span> <span class='ocrx_word' id='word_1_267' title='bbox 844 2333 901 2386; x_wconf 83' lang='grc' dir='ltr'>δὲ</span> <span class='ocrx_word' id='word_1_268' title='bbox 931 2334 1047 2396; x_wconf 70' lang='grc' dir='ltr'><strong>ἐςί⁵⁷</strong></span> <span class='ocrx_word' id='word_1_269' title='bbox 1098 2336 1359 2408; x_wconf 84' lang='grc' dir='ltr'>Κυρήνην</span> <span class='ocrx_word' id='word_1_270' title='bbox 1406 2337 1623 2392; x_wconf 89' lang='grc' dir='ltr'>διέϐαλε</span> <span class='ocrx_word' id='word_1_271' title='bbox 1670 2341 1813 2410; x_wconf 85' lang='grc' dir='ltr'><strong>μετά</strong></span> 
     </span>
    </p>
   </div>
   <div class='ocr_carea' id='block_1_38' title="bbox 237 2422 1813 2500">
    <p class='ocr_par' dir='ltr' id='par_1_38' title="bbox 237 2422 1813 2500">
     <span class='ocr_line' id='line_1_38' title="bbox 237 2422 1813 2500; baseline 0.008 -27"><span class='ocrx_word' id='word_1_272' title='bbox 237 2422 481 2490; x_wconf 83' lang='grc' dir='ltr'>στρατιᾶς</span> <span class='ocrx_word' id='word_1_273' title='bbox 514 2424 603 2485; x_wconf 80' lang='grc' dir='ltr'><strong>είς</strong></span> <span class='ocrx_word' id='word_1_274' title='bbox 643 2424 1048 2496; x_wconf 79' lang='grc' dir='ltr'>ἑξακισχιλίους</span> <span class='ocrx_word' id='word_1_275' title='bbox 1082 2427 1483 2500; x_wconf 79' lang='grc' dir='ltr'>συντελούσης’</span> <span class='ocrx_word' id='word_1_276' title='bbox 1519 2430 1727 2500; x_wconf 83' lang='grc' dir='ltr'>ἐπῆγον</span> <span class='ocrx_word' id='word_1_277' title='bbox 1754 2433 1813 2486; x_wconf 81' lang='grc' dir='ltr'>δὲ</span> 
     </span>
    </p>
   </div>
   <div class='ocr_carea' id='block_1_39' title="bbox 234 2512 1814 2592">
    <p class='ocr_par' dir='ltr' id='par_1_39' title="bbox 234 2512 1814 2592">
     <span class='ocr_line' id='line_1_39' title="bbox 234 2512 1814 2592; baseline 0.009 -28"><span class='ocrx_word' id='word_1_278' title='bbox 234 2512 384 2565; x_wconf 68' lang='grc' dir='ltr'>αὑτὸν</span> <span class='ocrx_word' id='word_1_279' title='bbox 404 2513 515 2568; x_wconf 82' lang='grc' dir='ltr'><strong>τῶν</strong></span> <span class='ocrx_word' id='word_1_280' title='bbox 542 2514 613 2569; x_wconf 81' lang='grc' dir='ltr'><strong>ἐκ</strong></span> <span class='ocrx_word' id='word_1_281' title='bbox 643 2516 906 2588; x_wconf 84' lang='grc' dir='ltr'>Κυρήνης</span> <span class='ocrx_word' id='word_1_282' title='bbox 937 2519 1035 2572; x_wconf 77' lang='grc' dir='ltr'><strong>καὶ</strong></span> <span class='ocrx_word' id='word_1_283' title='bbox 1059 2520 1326 2590; x_wconf 88' lang='grc' dir='ltr'>Βαρκέων</span> <span class='ocrx_word' id='word_1_284' title='bbox 1348 2521 1399 2574; x_wconf 79' lang='grc' dir='ltr'>οἱ</span> <span class='ocrx_word' id='word_1_285' title='bbox 1432 2523 1692 2592; x_wconf 78' lang='grc' dir='ltr'>φυγάδες.</span> <span class='ocrx_word' id='word_1_286' title='bbox 1724 2525 1814 2579; x_wconf 89' lang='grc' dir='ltr'>Ἐν</span> 
     </span>
    </p>
   </div>
   <div class='ocr_carea' id='block_1_40' title="bbox 235 2598 1815 2680">
    <p class='ocr_par' dir='ltr' id='par_1_40' title="bbox 235 2598 1815 2680">
     <span class='ocr_line' id='line_1_40' title="bbox 235 2598 1815 2680; baseline 0.009 -23"><span class='ocrx_word' id='word_1_287' title='bbox 235 2598 308 2666; x_wconf 76' lang='grc' dir='ltr'>οἷς</span> <span class='ocrx_word' id='word_1_288' title='bbox 334 2605 560 2669; x_wconf 80' lang='grc' dir='ltr'>πολλαῖς</span> <span class='ocrx_word' id='word_1_289' title='bbox 589 2608 688 2675; x_wconf 86' lang='grc' dir='ltr'><strong>μὲν</strong></span> <span class='ocrx_word' id='word_1_290' title='bbox 714 2610 1175 2680; x_wconf 85' lang='grc' dir='ltr'>μάχαις,πολλαῖς</span> <span class='ocrx_word' id='word_1_291' title='bbox 1195 2612 1254 2666; x_wconf 86' lang='grc' dir='ltr'>δὲ</span> <span class='ocrx_word' id='word_1_292' title='bbox 1279 2613 1593 2678; x_wconf 78' lang='grc' dir='ltr'>ἐπιϐουλαῖς</span> <span class='ocrx_word' id='word_1_293' title='bbox 1621 2616 1815 2671; x_wconf 83' lang='grc' dir='ltr'>ἄλλοτε</span> 
     </span>
    </p>
   </div>
   <div class='ocr_carea' id='block_1_41' title="bbox 238 2696 1815 2775">
    <p class='ocr_par' dir='ltr' id='par_1_41' title="bbox 238 2696 1815 2775">
     <span class='ocr_line' id='line_1_41' title="bbox 238 2696 1815 2775; baseline 0.006 -25"><span class='ocrx_word' id='word_1_294' title='bbox 238 2696 326 2765; x_wconf 79' lang='grc' dir='ltr'>μὲν</span> <span class='ocrx_word' id='word_1_295' title='bbox 377 2698 640 2768; x_wconf 84' lang='grc' dir='ltr'>κρατῶν,</span> <span class='ocrx_word' id='word_1_296' title='bbox 694 2700 866 2754; x_wconf 83' lang='grc' dir='ltr'>ἐνίοτε</span> <span class='ocrx_word' id='word_1_297' title='bbox 916 2701 973 2755; x_wconf 79' lang='grc' dir='ltr'>δὲ</span> <span class='ocrx_word' id='word_1_298' title='bbox 990 2704 1342 2773; x_wconf 81' lang='grc' dir='ltr'>ἡττώμενος,</span> <span class='ocrx_word' id='word_1_299' title='bbox 1392 2704 1547 2769; x_wconf 85' lang='grc' dir='ltr'>τέλος</span> <span class='ocrx_word' id='word_1_300' title='bbox 1593 2706 1815 2775; x_wconf 81' lang='grc' dir='ltr'>φεύγων</span> 
     </span>
    </p>
   </div>
   <div class='ocr_carea' id='block_1_42' title="bbox 235 2787 1814 2868">
    <p class='ocr_par' dir='ltr' id='par_1_42' title="bbox 235 2787 1814 2868">
     <span class='ocr_line' id='line_1_42' title="bbox 235 2787 1814 2868; baseline 0.007 -25"><span class='ocrx_word' id='word_1_301' title='bbox 235 2787 381 2861; x_wconf 67' lang='grc'><strong>[125</strong></span> <span class='ocrx_word' id='word_1_302' title='bbox 430 2790 544 2863; x_wconf 71' lang='lat' dir='ltr'><strong>IL]</strong></span> <span class='ocrx_word' id='word_1_303' title='bbox 580 2792 686 2846; x_wconf 75' lang='grc' dir='ltr'><strong>ὑπὸ</strong></span> <span class='ocrx_word' id='word_1_304' title='bbox 711 2793 931 2848; x_wconf 88' lang='grc' dir='ltr'>Λιϐύων</span> <span class='ocrx_word' id='word_1_305' title='bbox 986 2795 1152 2849; x_wconf 85' lang='grc' dir='ltr'>τινῶν</span> <span class='ocrx_word' id='word_1_306' title='bbox 1203 2797 1512 2868; x_wconf 86' lang='grc' dir='ltr'>συνωρίδας</span> <span class='ocrx_word' id='word_1_307' title='bbox 1565 2799 1814 2867; x_wconf 83' lang='grc' dir='ltr'>ἀγόντων</span> 
     </span>
    </p>
   </div>
   <div class='ocr_carea' id='block_1_43' title="bbox 236 2882 1814 2958">
    <p class='ocr_par' dir='ltr' id='par_1_43' title="bbox 236 2882 1814 2958">
     <span class='ocr_line' id='line_1_43' title="bbox 236 2882 1814 2958; baseline 0.006 -23"><span class='ocrx_word' id='word_1_308' title='bbox 236 2882 530 2955; x_wconf 80' lang='grc' dir='ltr'>συνελήφθη</span> <span class='ocrx_word' id='word_1_309' title='bbox 562 2924 579 2948; x_wconf 95' lang='grc'><strong>,</strong></span> <span class='ocrx_word' id='word_1_310' title='bbox 611 2886 707 2939; x_wconf 79' lang='grc' dir='ltr'>καὶ</span> <span class='ocrx_word' id='word_1_311' title='bbox 740 2887 872 2956; x_wconf 85' lang='grc' dir='ltr'>παρ’</span> <span class='ocrx_word' id='word_1_312' title='bbox 914 2886 1210 2958; x_wconf 87' lang='grc' dir='ltr'>Ἐπικύδην</span> <span class='ocrx_word' id='word_1_313' title='bbox 1250 2887 1445 2956; x_wconf 83' lang='grc' dir='ltr'>ἄγεται</span> <span class='ocrx_word' id='word_1_314' title='bbox 1492 2887 1586 2944; x_wconf 82' lang='grc' dir='ltr'><strong>τὸν</strong></span> <span class='ocrx_word' id='word_1_315' title='bbox 1630 2890 1814 2944; x_wconf 85' lang='grc' dir='ltr'>Ὀλύν-</span> 
     </span>
    </p>
   </div>
   <div class='ocr_carea' id='block_1_44' title="bbox 234 2971 1814 3053">
    <p class='ocr_par' dir='ltr' id='par_1_44' title="bbox 234 2971 1814 3053">
     <span class='ocr_line' id='line_1_44' title="bbox 234 2971 1814 3053; baseline 0.006 -25"><span class='ocrx_word' id='word_1_316' title='bbox 234 2973 337 3029; x_wconf 77' lang='grc' dir='ltr'>θιον</span> <span class='ocrx_word' id='word_1_317' title='bbox 378 2977 460 3040; x_wconf 87' lang='grc' dir='ltr'><strong>είς</strong></span> <span class='ocrx_word' id='word_1_318' title='bbox 515 2976 829 3050; x_wconf 89' lang='grc' dir='ltr'>Τεύχειρα,</span> <span class='ocrx_word' id='word_1_319' title='bbox 876 2971 922 3046; x_wconf 83' lang='grc' dir='ltr'><strong>ᾧ</strong></span> <span class='ocrx_word' id='word_1_320' title='bbox 951 2980 1052 3050; x_wconf 82' lang='grc' dir='ltr'>τὴν</span> <span class='ocrx_word' id='word_1_321' title='bbox 1086 2980 1245 3034; x_wconf 86' lang='grc' dir='ltr'>πόλιν</span> <span class='ocrx_word' id='word_1_322' title='bbox 1286 2981 1505 3052; x_wconf 87' lang='grc' dir='ltr'>ἐκείνην</span> <span class='ocrx_word' id='word_1_323' title='bbox 1548 2983 1814 3053; x_wconf 82' lang='grc' dir='ltr'>Ὀφελλάς</span> 
     </span>
    </p>
   </div>
   <div class='ocr_carea' id='block_1_45' title="bbox 232 3070 1811 3147">
    <p class='ocr_par' dir='ltr' id='par_1_45' title="bbox 232 3070 1811 3147">
     <span class='ocr_line' id='line_1_45' title="bbox 232 3070 1811 3147; baseline 0.005 -25"><span class='ocrx_word' id='word_1_324' title='bbox 232 3070 582 3141; x_wconf 76' lang='grc' dir='ltr'>ἐπετετρόφει</span> <span class='ocrx_word' id='word_1_325' title='bbox 605 3113 622 3138; x_wconf 94' lang='grc'><strong>,</strong></span> <span class='ocrx_word' id='word_1_326' title='bbox 672 3071 814 3141; x_wconf 86' lang='grc' dir='ltr'>ἀνὴρ</span> <span class='ocrx_word' id='word_1_327' title='bbox 851 3072 1158 3139; x_wconf 87' lang='grc' dir='ltr'>Μακεδὼν,</span> <span class='ocrx_word' id='word_1_328' title='bbox 1209 3075 1269 3135; x_wconf 84' lang='grc' dir='ltr'>ὃς</span> <span class='ocrx_word' id='word_1_329' title='bbox 1319 3073 1429 3129; x_wconf 80' lang='grc' dir='ltr'><strong>ύπδ</strong></span> <span class='ocrx_word' id='word_1_330' title='bbox 1470 3075 1811 3147; x_wconf 85' lang='grc' dir='ltr'>Πτολεμαίου</span> 
     </span>
    </p>
   </div>
   <div class='ocr_carea' id='block_1_46' title="bbox 233 3162 1812 3240">
    <p class='ocr_par' dir='ltr' id='par_1_46' title="bbox 233 3162 1812 3240">
     <span class='ocr_line' id='line_1_46' title="bbox 233 3162 1812 3240; baseline 0.005 -23"><span class='ocrx_word' id='word_1_331' title='bbox 233 3162 318 3217; x_wconf 82' lang='grc' dir='ltr'><strong>τοῦ</strong></span> <span class='ocrx_word' id='word_1_332' title='bbox 352 3163 539 3233; x_wconf 73' lang='grc' dir='ltr'>Λάγου</span> <span class='ocrx_word' id='word_1_333' title='bbox 592 3167 686 3219; x_wconf 76' lang='grc' dir='ltr'><strong>ἐπὶ</strong></span> <span class='ocrx_word' id='word_1_334' title='bbox 738 3165 964 3236; x_wconf 79' lang='grc' dir='ltr'>βοηθείᾳ</span> <span class='ocrx_word' id='word_1_335' title='bbox 1011 3166 1129 3219; x_wconf 85' lang='grc' dir='ltr'><strong>τῶν</strong></span> <span class='ocrx_word' id='word_1_336' title='bbox 1170 3168 1499 3238; x_wconf 86' lang='grc' dir='ltr'>Κυρηναίων</span> <span class='ocrx_word' id='word_1_337' title='bbox 1544 3169 1812 3240; x_wconf 79' lang='grc' dir='ltr'>ἐτύγχανε</span> 
     </span>
    </p>
   </div>
   <div class='ocr_carea' id='block_1_47' title="bbox 1915 1977 3503 2052">
    <p class='ocr_par' dir='ltr' id='par_1_47' title="bbox 1915 1977 3503 2052">
     <span class='ocr_line' id='line_1_47' title="bbox 1915 1977 3503 2052; baseline -0.001 -17"><span class='ocrx_word' id='word_1_338' title='bbox 1915 1981 2026 2036; x_wconf 91' lang='lat' dir='ltr'><strong>lum</strong></span> <span class='ocrx_word' id='word_1_339' title='bbox 2061 1980 2177 2052; x_wconf 90' lang='lat' dir='ltr'><strong>(qui</strong></span> <span class='ocrx_word' id='word_1_340' title='bbox 2209 1981 2506 2050; x_wconf 84' lang='lat' dir='ltr'><strong>superstite</strong></span> <span class='ocrx_word' id='word_1_341' title='bbox 2541 1981 2841 2036; x_wconf 89' lang='lat' dir='ltr'><strong>etiamnum</strong></span> <span class='ocrx_word' id='word_1_342' title='bbox 2879 1980 3189 2035; x_wconf 84' lang='lat' dir='ltr'><strong>Alexandro</strong></span> <span class='ocrx_word' id='word_1_343' title='bbox 3219 1993 3352 2048; x_wconf 88' lang='lat' dir='ltr'><strong>opes</strong></span> <span class='ocrx_word' id='word_1_344' title='bbox 3382 1977 3503 2048; x_wconf 85' lang='lat' dir='ltr'><strong>ejus</strong></span> 
     </span>
    </p>
   </div>
   <div class='ocr_carea' id='block_1_48' title="bbox 1914 2069 3502 2143">
    <p class='ocr_par' dir='ltr' id='par_1_48' title="bbox 1914 2069 3502 2143">
     <span class='ocr_line' id='line_1_48' title="bbox 1914 2069 3502 2143; baseline -0.001 -17"><span class='ocrx_word' id='word_1_345' title='bbox 1914 2072 2151 2137; x_wconf 87' lang='lat' dir='ltr'><strong>furatus,</strong></span> <span class='ocrx_word' id='word_1_346' title='bbox 2198 2073 2447 2129; x_wconf 85' lang='lat' dir='ltr'><strong>Athenas</strong></span> <span class='ocrx_word' id='word_1_347' title='bbox 2494 2086 2555 2127; x_wconf 88' lang='lat' dir='ltr'><strong>se</strong></span> <span class='ocrx_word' id='word_1_348' title='bbox 2602 2070 2909 2142; x_wconf 85' lang='lat' dir='ltr'><strong>receperat)</strong></span> <span class='ocrx_word' id='word_1_349' title='bbox 2960 2069 3237 2127; x_wconf 82' lang='lat' dir='ltr'><strong>interemit</strong></span> <span class='ocrx_word' id='word_1_350' title='bbox 3274 2070 3411 2143; x_wconf 76' lang='grc'>(41),</span> <span class='ocrx_word' id='word_1_351' title='bbox 3443 2082 3502 2126; x_wconf 88' lang='lat' dir='ltr'><strong>et</strong></span> 
     </span>
    </p>
   </div>
   <div class='ocr_carea' id='block_1_49' title="bbox 1914 2162 3503 2235">
    <p class='ocr_par' dir='ltr' id='par_1_49' title="bbox 1914 2162 3503 2235">
     <span class='ocr_line' id='line_1_49' title="bbox 1914 2162 3503 2235; baseline -0.001 -15"><span class='ocrx_word' id='word_1_352' title='bbox 1914 2164 2133 2220; x_wconf 87' lang='lat' dir='ltr'><strong>sublato</strong></span> <span class='ocrx_word' id='word_1_353' title='bbox 2179 2163 2446 2235; x_wconf 87' lang='lat' dir='ltr'><strong>quidquid</strong></span> <span class='ocrx_word' id='word_1_354' title='bbox 2503 2162 2581 2217; x_wconf 88' lang='lat' dir='ltr'><strong>illi</strong></span> <span class='ocrx_word' id='word_1_355' title='bbox 2633 2162 2989 2233; x_wconf 89' lang='lat' dir='ltr'><strong>pecuniarum</strong></span> <span class='ocrx_word' id='word_1_356' title='bbox 3053 2163 3321 2233; x_wconf 88' lang='lat' dir='ltr'><strong>reliquum</strong></span> <span class='ocrx_word' id='word_1_357' title='bbox 3353 2173 3503 2232; x_wconf 84' lang='lat' dir='ltr'><strong>erat,</strong></span> 
     </span>
    </p>
   </div>
   <div class='ocr_carea' id='block_1_50' title="bbox 1916 2254 3502 2327">
    <p class='ocr_par' dir='ltr' id='par_1_50' title="bbox 1916 2254 3502 2327">
     <span class='ocr_line' id='line_1_50' title="bbox 1916 2254 3502 2327; baseline 0.001 -17"><span class='ocrx_word' id='word_1_358' title='bbox 1916 2258 2151 2327; x_wconf 90' lang='lat' dir='ltr'><strong>primum</strong></span> <span class='ocrx_word' id='word_1_359' title='bbox 2193 2256 2411 2326; x_wconf 90' lang='lat' dir='ltr'><strong>quidem</strong></span> <span class='ocrx_word' id='word_1_360' title='bbox 2453 2257 2506 2311; x_wconf 91' lang='lat' dir='ltr'><strong>in</strong></span> <span class='ocrx_word' id='word_1_361' title='bbox 2542 2254 2843 2326; x_wconf 87' lang='lat' dir='ltr'><strong>Cydoniam</strong></span> <span class='ocrx_word' id='word_1_362' title='bbox 2871 2254 3047 2311; x_wconf 70' lang='lat' dir='ltr'><strong>Creta:</strong></span> <span class='ocrx_word' id='word_1_363' title='bbox 3078 2257 3269 2310; x_wconf 86' lang='lat' dir='ltr'><strong>urbem</strong></span> <span class='ocrx_word' id='word_1_364' title='bbox 3307 2257 3457 2311; x_wconf 83' lang='lat' dir='ltr'><strong>venit</strong></span> <span class='ocrx_word' id='word_1_365' title='bbox 3486 2274 3502 2311; x_wconf 87' lang='lat'><strong>:</strong></span> 
     </span>
    </p>
   </div>
   <div class='ocr_carea' id='block_1_51' title="bbox 1916 2342 3502 2414">
    <p class='ocr_par' dir='ltr' id='par_1_51' title="bbox 1916 2342 3502 2414">
     <span class='ocr_line' id='line_1_51' title="bbox 1916 2342 3502 2414; baseline 0 -13"><span class='ocrx_word' id='word_1_366' title='bbox 1916 2348 2012 2401; x_wconf 90' lang='lat' dir='ltr'><strong>sed</strong></span> <span class='ocrx_word' id='word_1_367' title='bbox 2055 2345 2250 2401; x_wconf 89' lang='lat' dir='ltr'><strong>deinde</strong></span> <span class='ocrx_word' id='word_1_368' title='bbox 2293 2344 2349 2399; x_wconf 90' lang='lat' dir='ltr'><strong>in</strong></span> <span class='ocrx_word' id='word_1_369' title='bbox 2378 2342 2652 2414; x_wconf 81' lang='lat' dir='ltr'><strong>Cyrenetn</strong></span> <span class='ocrx_word' id='word_1_370' title='bbox 2683 2358 2805 2398; x_wconf 91' lang='lat' dir='ltr'><strong>cum</strong></span> <span class='ocrx_word' id='word_1_371' title='bbox 2842 2346 3091 2400; x_wconf 91' lang='lat' dir='ltr'><strong>exercitu</strong></span> <span class='ocrx_word' id='word_1_372' title='bbox 3141 2358 3237 2399; x_wconf 90' lang='lat' dir='ltr'><strong>sex</strong></span> <span class='ocrx_word' id='word_1_373' title='bbox 3271 2344 3502 2401; x_wconf 90' lang='lat' dir='ltr'><strong>millium</strong></span> 
     </span>
    </p>
   </div>
   <div class='ocr_carea' id='block_1_52' title="bbox 1917 2432 3502 2504">
    <p class='ocr_par' dir='ltr' id='par_1_52' title="bbox 1917 2432 3502 2504">
     <span class='ocr_line' id='line_1_52' title="bbox 1917 2432 3502 2504; baseline 0.001 -15"><span class='ocrx_word' id='word_1_374' title='bbox 1917 2434 2130 2504; x_wconf 87' lang='lat' dir='ltr'><strong>trajecit</strong></span> <span class='ocrx_word' id='word_1_375' title='bbox 2156 2471 2171 2499; x_wconf 88' lang='lat'><strong>,</strong></span> <span class='ocrx_word' id='word_1_376' title='bbox 2230 2434 2531 2490; x_wconf 89' lang='lat' dir='ltr'><strong>accersitus</strong></span> <span class='ocrx_word' id='word_1_377' title='bbox 2574 2433 2643 2488; x_wconf 89' lang='lat' dir='ltr'><strong>ab</strong></span> <span class='ocrx_word' id='word_1_378' title='bbox 2685 2432 3078 2504; x_wconf 86' lang='lat' dir='ltr'><strong>Cyrenensium</strong></span> <span class='ocrx_word' id='word_1_379' title='bbox 3109 2432 3502 2491; x_wconf 83' lang='lat' dir='ltr'><strong>Barcensiutn-</strong></span> 
     </span>
    </p>
   </div>
   <div class='ocr_carea' id='block_1_53' title="bbox 1916 2524 3501 2597">
    <p class='ocr_par' dir='ltr' id='par_1_53' title="bbox 1916 2524 3501 2597">
     <span class='ocr_line' id='line_1_53' title="bbox 1916 2524 3501 2597; baseline 0.001 -17"><span class='ocrx_word' id='word_1_380' title='bbox 1916 2541 2026 2597; x_wconf 89' lang='lat' dir='ltr'><strong>que</strong></span> <span class='ocrx_word' id='word_1_381' title='bbox 2068 2525 2184 2596; x_wconf 75' lang='grc'>(42)</span> <span class='ocrx_word' id='word_1_382' title='bbox 2214 2525 2513 2582; x_wconf 82' lang='lat' dir='ltr'><strong>exsulibus.</strong></span> <span class='ocrx_word' id='word_1_383' title='bbox 2548 2524 2704 2593; x_wconf 85' lang='lat' dir='ltr'><strong>Apud</strong></span> <span class='ocrx_word' id='word_1_384' title='bbox 2745 2540 2885 2595; x_wconf 89' lang='lat' dir='ltr'><strong>quos</strong></span> <span class='ocrx_word' id='word_1_385' title='bbox 2922 2525 3049 2580; x_wconf 91' lang='lat' dir='ltr'><strong>dum</strong></span> <span class='ocrx_word' id='word_1_386' title='bbox 3080 2526 3251 2582; x_wconf 74' lang='lat' dir='ltr'><strong>vat-iis</strong></span> <span class='ocrx_word' id='word_1_387' title='bbox 3283 2527 3501 2597; x_wconf 78' lang='lat' dir='ltr'><strong>pugnis,</strong></span> 
     </span>
    </p>
   </div>
   <div class='ocr_carea' id='block_1_54' title="bbox 1919 2613 3505 2683">
    <p class='ocr_par' dir='ltr' id='par_1_54' title="bbox 1919 2613 3505 2683">
     <span class='ocr_line' id='line_1_54' title="bbox 1919 2613 3505 2683; baseline 0 -15"><span class='ocrx_word' id='word_1_388' title='bbox 1919 2614 2203 2683; x_wconf 89' lang='lat' dir='ltr'><strong>variisque</strong></span> <span class='ocrx_word' id='word_1_389' title='bbox 2234 2613 2469 2678; x_wconf 86' lang='lat' dir='ltr'><strong>insidiis,</strong></span> <span class='ocrx_word' id='word_1_390' title='bbox 2496 2613 2772 2667; x_wconf 87' lang='lat' dir='ltr'><strong>interdum</strong></span> <span class='ocrx_word' id='word_1_391' title='bbox 2797 2613 3284 2677; x_wconf 88' lang='lat' dir='ltr'><strong>vincit,interdum</strong></span> <span class='ocrx_word' id='word_1_392' title='bbox 3322 2616 3505 2671; x_wconf 82' lang='lat' dir='ltr'><strong>vinci-</strong></span> 
     </span>
    </p>
   </div>
   <div class='ocr_carea' id='block_1_55' title="bbox 1920 2702 3506 2775">
    <p class='ocr_par' dir='ltr' id='par_1_55' title="bbox 1920 2702 3506 2775">
     <span class='ocr_line' id='line_1_55' title="bbox 1920 2702 3506 2775; baseline 0 -15"><span class='ocrx_word' id='word_1_393' title='bbox 1920 2715 2038 2770; x_wconf 88' lang='lat' dir='ltr'><strong>tur,</strong></span> <span class='ocrx_word' id='word_1_394' title='bbox 2093 2707 2149 2760; x_wconf 91' lang='lat' dir='ltr'><strong>in</strong></span> <span class='ocrx_word' id='word_1_395' title='bbox 2199 2705 2325 2775; x_wconf 81' lang='lat' dir='ltr'><strong>fuga</strong></span> <span class='ocrx_word' id='word_1_396' title='bbox 2375 2702 2594 2759; x_wconf 88' lang='lat' dir='ltr'><strong>tandem</strong></span> <span class='ocrx_word' id='word_1_397' title='bbox 2653 2704 2723 2759; x_wconf 88' lang='lat' dir='ltr'><strong>ab</strong></span> <span class='ocrx_word' id='word_1_398' title='bbox 2767 2702 2919 2759; x_wconf 83' lang='lat' dir='ltr'><strong>Afris</strong></span> <span class='ocrx_word' id='word_1_399' title='bbox 2969 2704 3290 2773; x_wconf 88' lang='lat' dir='ltr'><strong>quibusdam</strong></span> <span class='ocrx_word' id='word_1_400' title='bbox 3350 2705 3506 2775; x_wconf 85' lang='lat' dir='ltr'><strong>bigas</strong></span> 
     </span>
    </p>
   </div>
   <div class='ocr_carea' id='block_1_56' title="bbox 1917 2793 3504 2867">
    <p class='ocr_par' dir='ltr' id='par_1_56' title="bbox 1917 2793 3504 2867">
     <span class='ocr_line' id='line_1_56' title="bbox 1917 2793 3504 2867; baseline 0.001 -18"><span class='ocrx_word' id='word_1_401' title='bbox 1917 2795 2204 2864; x_wconf 73' lang='lat' dir='ltr'><strong>agentibus</strong></span> <span class='ocrx_word' id='word_1_402' title='bbox 2244 2793 2700 2863; x_wconf 82' lang='lat' dir='ltr'><strong>comprehensus,</strong></span> <span class='ocrx_word' id='word_1_403' title='bbox 2740 2794 2808 2849; x_wconf 89' lang='lat' dir='ltr'><strong>ad</strong></span> <span class='ocrx_word' id='word_1_404' title='bbox 2838 2793 3138 2864; x_wconf 82' lang='lat' dir='ltr'><strong>Epicydem</strong></span> <span class='ocrx_word' id='word_1_405' title='bbox 3186 2795 3504 2867; x_wconf 81' lang='lat' dir='ltr'><strong>Olynthium</strong></span> 
     </span>
    </p>
   </div>
   <div class='ocr_carea' id='block_1_57' title="bbox 1921 2884 3504 2958">
    <p class='ocr_par' dir='ltr' id='par_1_57' title="bbox 1921 2884 3504 2958">
     <span class='ocr_line' id='line_1_57' title="bbox 1921 2884 3504 2958; baseline 0.003 -19"><span class='ocrx_word' id='word_1_406' title='bbox 1921 2884 2252 2941; x_wconf 84' lang='lat' dir='ltr'><strong>Teucltiram</strong></span> <span class='ocrx_word' id='word_1_407' title='bbox 2282 2885 2575 2941; x_wconf 85' lang='lat' dir='ltr'><strong>adducitur</strong></span> <span class='ocrx_word' id='word_1_408' title='bbox 2610 2886 2750 2958; x_wconf 73' lang='grc'>(45).</span> <span class='ocrx_word' id='word_1_409' title='bbox 2778 2884 2918 2942; x_wconf 84' lang='lat' dir='ltr'><strong>Huic</strong></span> <span class='ocrx_word' id='word_1_410' title='bbox 2948 2888 3095 2944; x_wconf 85' lang='lat' dir='ltr'><strong>enim</strong></span> <span class='ocrx_word' id='word_1_411' title='bbox 3128 2889 3317 2944; x_wconf 89' lang='lat' dir='ltr'><strong>urbem</strong></span> <span class='ocrx_word' id='word_1_412' title='bbox 3355 2890 3504 2945; x_wconf 87' lang='lat' dir='ltr'><strong>illam</strong></span> 
     </span>
    </p>
   </div>
   <div class='ocr_carea' id='block_1_58' title="bbox 1919 2978 3506 3052">
    <p class='ocr_par' dir='ltr' id='par_1_58' title="bbox 1919 2978 3506 3052">
     <span class='ocr_line' id='line_1_58' title="bbox 1919 2978 3506 3052; baseline 0.004 -22"><span class='ocrx_word' id='word_1_413' title='bbox 1919 2980 2214 3033; x_wconf 83' lang='lat' dir='ltr'><strong>curandam</strong></span> <span class='ocrx_word' id='word_1_414' title='bbox 2250 2979 2605 3035; x_wconf 86' lang='lat' dir='ltr'><strong>commiserat</strong></span> <span class='ocrx_word' id='word_1_415' title='bbox 2644 2978 2926 3050; x_wconf 83' lang='lat' dir='ltr'><strong>Opltellas,</strong></span> <span class='ocrx_word' id='word_1_416' title='bbox 2954 2981 3040 3035; x_wconf 87' lang='lat' dir='ltr'><strong>vir</strong></span> <span class='ocrx_word' id='word_1_417' title='bbox 3073 2980 3320 3046; x_wconf 81' lang='lat' dir='ltr'><strong>Macedo,</strong></span> <span class='ocrx_word' id='word_1_418' title='bbox 3352 2983 3445 3052; x_wconf 92' lang='lat' dir='ltr'><strong>qui</strong></span> <span class='ocrx_word' id='word_1_419' title='bbox 3474 2999 3506 3036; x_wconf 88' lang='lat' dir='ltr'><strong>a</strong></span> 
     </span>
    </p>
   </div>
   <div class='ocr_carea' id='block_1_59' title="bbox 1919 3068 3501 3142">
    <p class='ocr_par' dir='ltr' id='par_1_59' title="bbox 1919 3068 3501 3142">
     <span class='ocr_line' id='line_1_59' title="bbox 1919 3068 3501 3142; baseline 0.003 -20"><span class='ocrx_word' id='word_1_420' title='bbox 1919 3068 2214 3124; x_wconf 71' lang='lat' dir='ltr'><strong>Ptolemazo</strong></span> <span class='ocrx_word' id='word_1_421' title='bbox 2236 3068 2369 3140; x_wconf 84' lang='lat' dir='ltr'><strong>Lagi</strong></span> <span class='ocrx_word' id='word_1_422' title='bbox 2412 3069 2477 3123; x_wconf 88' lang='lat' dir='ltr'><strong>F.</strong></span> <span class='ocrx_word' id='word_1_423' title='bbox 2506 3070 2786 3142; x_wconf 58' lang='lat' dir='ltr'><strong>Cyrena&#39;is</strong></span> <span class='ocrx_word' id='word_1_424' title='bbox 2824 3072 3028 3127; x_wconf 83' lang='lat' dir='ltr'><strong>auxilio</strong></span> <span class='ocrx_word' id='word_1_425' title='bbox 3063 3074 3264 3129; x_wconf 90' lang='lat' dir='ltr'><strong>missus</strong></span> <span class='ocrx_word' id='word_1_426' title='bbox 3300 3072 3501 3129; x_wconf 83' lang='lat' dir='ltr'><strong>fuerat.</strong></span> 
     </span>
    </p>
   </div>
   <div class='ocr_carea' id='block_1_60' title="bbox 1921 3161 3503 3233">
    <p class='ocr_par' dir='ltr' id='par_1_60' title="bbox 1921 3161 3503 3233">
     <span class='ocr_line' id='line_1_60' title="bbox 1921 3161 3503 3233; baseline 0.003 -18"><span class='ocrx_word' id='word_1_427' title='bbox 1921 3161 2263 3216; x_wconf 59' lang='lat' dir='ltr'><strong>Teucberita</strong></span> <span class='ocrx_word' id='word_1_428' title='bbox 2290 3176 2441 3233; x_wconf 90' lang='lat' dir='ltr'><strong>ergo,</strong></span> <span class='ocrx_word' id='word_1_429' title='bbox 2468 3162 2692 3231; x_wconf 86' lang='lat' dir='ltr'><strong>Ophella</strong></span> <span class='ocrx_word' id='word_1_430' title='bbox 2720 3162 2825 3217; x_wconf 90' lang='lat' dir='ltr'><strong>illis</strong></span> <span class='ocrx_word' id='word_1_431' title='bbox 2858 3163 3235 3231; x_wconf 82' lang='lat' dir='ltr'><strong>permittente,</strong></span> <span class='ocrx_word' id='word_1_432' title='bbox 3266 3163 3503 3221; x_wconf 70' lang='lat' dir='ltr'><strong>Thibroo</strong></span> 
     </span>
    </p>
   </div>
   <div class='ocr_carea' id='block_1_61' title="bbox 238 3235 1812 3332">
    <p class='ocr_par' dir='ltr' id='par_1_61' title="bbox 238 3235 1812 3332">
     <span class='ocr_line' id='line_1_61' title="bbox 238 3235 1812 3332; baseline 0.003 -24"><span class='ocrx_word' id='word_1_433' title='bbox 238 3254 463 3321; x_wconf 86' lang='grc' dir='ltr'>σταλείς.</span> <span class='ocrx_word' id='word_1_434' title='bbox 489 3258 560 3309; x_wconf 83' lang='grc' dir='ltr'><strong>υί</strong></span> <span class='ocrx_word' id='word_1_435' title='bbox 587 3256 647 3310; x_wconf 84' lang='grc' dir='ltr'><strong>δέ</strong></span> <span class='ocrx_word' id='word_1_436' title='bbox 671 3235 1082 3328; x_wconf 82' lang='grc' dir='ltr'>Τευχειρῖται⁸⁸</span> <span class='ocrx_word' id='word_1_437' title='bbox 1108 3298 1124 3321; x_wconf 85' lang='grc'><strong>,</strong></span> <span class='ocrx_word' id='word_1_438' title='bbox 1166 3235 1405 3329; x_wconf 81' lang='grc' dir='ltr'>Ὀφελλᾶ</span> <span class='ocrx_word' id='word_1_439' title='bbox 1434 3259 1533 3332; x_wconf 86' lang='grc' dir='ltr'>τὴν</span> <span class='ocrx_word' id='word_1_440' title='bbox 1560 3235 1812 3324; x_wconf 73' lang='grc' dir='ltr'>ἐξουσίαν</span> 
     </span>
    </p>
   </div>
   <div class='ocr_carea' id='block_1_62' title="bbox 1921 3235 3507 3332">
    <p class='ocr_par' dir='ltr' id='par_1_62' title="bbox 1923 3250 3507 3322">
     <span class='ocr_line' id='line_1_62' title="bbox 1923 3250 3507 3322; baseline 0.004 -19"><span class='ocrx_word' id='word_1_441' title='bbox 1923 3266 2047 3305; x_wconf 91' lang='lat' dir='ltr'><strong>nem</strong></span> <span class='ocrx_word' id='word_1_442' title='bbox 2096 3250 2326 3320; x_wconf 83' lang='lat' dir='ltr'><strong>ﬂagellis</strong></span> <span class='ocrx_word' id='word_1_443' title='bbox 2362 3266 2586 3317; x_wconf 65' lang='lat' dir='ltr'><strong>caesum,</strong></span> <span class='ocrx_word' id='word_1_444' title='bbox 2630 3253 2683 3306; x_wconf 90' lang='lat' dir='ltr'><strong>in</strong></span> <span class='ocrx_word' id='word_1_445' title='bbox 2729 3252 3129 3322; x_wconf 86' lang='lat' dir='ltr'><strong>Cyrenensium</strong></span> <span class='ocrx_word' id='word_1_446' title='bbox 3176 3264 3391 3321; x_wconf 90' lang='lat' dir='ltr'><strong>portum</strong></span> <span class='ocrx_word' id='word_1_447' title='bbox 3439 3254 3507 3309; x_wconf 86' lang='lat' dir='ltr'><strong>de</strong></span> 
     </span>
    </p>
   </div>
   <div class='ocr_carea' id='block_1_63' title="bbox 231 3345 1814 3421">
    <p class='ocr_par' dir='ltr' id='par_1_63' title="bbox 231 3345 1814 3421">
     <span class='ocr_line' id='line_1_63' title="bbox 231 3345 1814 3421; baseline 0.004 -23"><span class='ocrx_word' id='word_1_448' title='bbox 231 3345 402 3411; x_wconf 79' lang='grc' dir='ltr'>δόντος</span> <span class='ocrx_word' id='word_1_449' title='bbox 423 3388 438 3413; x_wconf 92' lang='grc'><strong>,</strong></span> <span class='ocrx_word' id='word_1_450' title='bbox 467 3346 737 3418; x_wconf 74' lang='grc' dir='ltr'>ᾑκίσαντό</span> <span class='ocrx_word' id='word_1_451' title='bbox 767 3364 829 3401; x_wconf 84' lang='grc' dir='ltr'><strong>τε</strong></span> <span class='ocrx_word' id='word_1_452' title='bbox 867 3348 962 3403; x_wconf 83' lang='grc' dir='ltr'><strong>τὸν</strong></span> <span class='ocrx_word' id='word_1_453' title='bbox 991 3348 1249 3421; x_wconf 84' lang='grc' dir='ltr'>Θίϐρωνα</span> <span class='ocrx_word' id='word_1_454' title='bbox 1305 3350 1404 3403; x_wconf 75' lang='grc' dir='ltr'><strong>καὶ</strong></span> <span class='ocrx_word' id='word_1_455' title='bbox 1432 3352 1515 3413; x_wconf 78' lang='grc' dir='ltr'>εἰς</span> <span class='ocrx_word' id='word_1_456' title='bbox 1564 3350 1659 3404; x_wconf 71' lang='grc' dir='ltr'>τὸν</span> <span class='ocrx_word' id='word_1_457' title='bbox 1704 3350 1814 3405; x_wconf 82' lang='grc' dir='ltr'><strong>τῶν</strong></span> 
     </span>
    </p>
   </div>
   <div class='ocr_carea' id='block_1_64' title="bbox 231 3438 1815 3513">
    <p class='ocr_par' dir='ltr' id='par_1_64' title="bbox 231 3438 1815 3513">
     <span class='ocr_line' id='line_1_64' title="bbox 231 3438 1815 3513; baseline 0.003 -22"><span class='ocrx_word' id='word_1_458' title='bbox 231 3438 556 3509; x_wconf 82' lang='grc' dir='ltr'>Κυρηναίων</span> <span class='ocrx_word' id='word_1_459' title='bbox 598 3438 851 3511; x_wconf 71' lang='grc' dir='ltr'>ἔπεμψαν</span> <span class='ocrx_word' id='word_1_460' title='bbox 890 3441 1272 3513; x_wconf 84' lang='grc' dir='ltr'>κρεμασθῆναι</span> <span class='ocrx_word' id='word_1_461' title='bbox 1326 3442 1545 3512; x_wconf 84' lang='grc' dir='ltr'>λιμένα.</span> <span class='ocrx_word' id='word_1_462' title='bbox 1600 3445 1725 3498; x_wconf 86' lang='grc' dir='ltr'>Ἔτι</span> <span class='ocrx_word' id='word_1_463' title='bbox 1758 3444 1815 3497; x_wconf 82' lang='grc' dir='ltr'><strong>δὲ</strong></span> 
     </span>
    </p>
   </div>
   <div class='ocr_carea' id='block_1_65' title="bbox 230 3528 1817 3603">
    <p class='ocr_par' dir='ltr' id='par_1_65' title="bbox 230 3528 1817 3603">
     <span class='ocr_line' id='line_1_65' title="bbox 230 3528 1817 3603; baseline 0.003 -22"><span class='ocrx_word' id='word_1_464' title='bbox 230 3528 329 3583; x_wconf 82' lang='grc' dir='ltr'>τῶν</span> <span class='ocrx_word' id='word_1_465' title='bbox 358 3530 489 3601; x_wconf 70' lang='grc' dir='ltr'>περὶ</span> <span class='ocrx_word' id='word_1_466' title='bbox 527 3531 793 3601; x_wconf 84' lang='grc' dir='ltr'>Κυρήνην</span> <span class='ocrx_word' id='word_1_467' title='bbox 825 3532 1231 3597; x_wconf 80' lang='grc' dir='ltr'>στασιαζόντων</span> <span class='ocrx_word' id='word_1_468' title='bbox 1272 3534 1608 3603; x_wconf 88' lang='grc' dir='ltr'>Πτολεμαῖος</span> <span class='ocrx_word' id='word_1_469' title='bbox 1656 3533 1817 3587; x_wconf 85' lang='grc' dir='ltr'>ἐπελ-</span> 
     </span>
    </p>
   </div>
   <div class='ocr_carea' id='block_1_66' title="bbox 233 3619 1777 3695">
    <p class='ocr_par' dir='ltr' id='par_1_66' title="bbox 233 3619 1777 3695">
     <span class='ocr_line' id='line_1_66' title="bbox 233 3619 1777 3695; baseline 0.005 -22"><span class='ocrx_word' id='word_1_470' title='bbox 233 3619 331 3673; x_wconf 82' lang='grc' dir='ltr'>θὼν</span> <span class='ocrx_word' id='word_1_471' title='bbox 356 3621 453 3674; x_wconf 73' lang='grc' dir='ltr'>καὶ</span> <span class='ocrx_word' id='word_1_472' title='bbox 487 3620 674 3676; x_wconf 85' lang='grc' dir='ltr'>πάντα</span> <span class='ocrx_word' id='word_1_473' title='bbox 697 3624 1186 3695; x_wconf 84' lang='grc' dir='ltr'>καταστησάμενος</span> <span class='ocrx_word' id='word_1_474' title='bbox 1218 3625 1397 3680; x_wconf 84' lang='grc' dir='ltr'>ὀπίσω</span> <span class='ocrx_word' id='word_1_475' title='bbox 1440 3626 1777 3681; x_wconf 81' lang='grc' dir='ltr'>ἀπέπλευσε.</span> 
     </span>
    </p>
   </div>
   <div class='ocr_carea' id='block_1_67' title="bbox 294 3711 1816 3789">
    <p class='ocr_par' dir='ltr' id='par_1_67' title="bbox 294 3711 1816 3789">
     <span class='ocr_line' id='line_1_67' title="bbox 294 3711 1816 3789; baseline 0.003 -24"><span class='ocrx_word' id='word_1_476' title='bbox 294 3711 605 3783; x_wconf 82' lang='grc' dir='ltr'>Περδίκκας</span> <span class='ocrx_word' id='word_1_477' title='bbox 628 3713 686 3766; x_wconf 88' lang='grc' dir='ltr'>δὲ</span> <span class='ocrx_word' id='word_1_478' title='bbox 720 3714 1013 3786; x_wconf 82' lang='grc' dir='ltr'>Ἀντιγόνῳ</span> <span class='ocrx_word' id='word_1_479' title='bbox 1041 3714 1413 3771; x_wconf 88' lang='grc' dir='ltr'>ἐπιϐουλεύων</span> <span class='ocrx_word' id='word_1_480' title='bbox 1444 3718 1526 3780; x_wconf 89' lang='grc' dir='ltr'><strong>είς</strong></span> <span class='ocrx_word' id='word_1_481' title='bbox 1554 3717 1816 3789; x_wconf 87' lang='grc' dir='ltr'>δικαστή-</span> 
     </span>
    </p>
   </div>
   <div class='ocr_carea' id='block_1_68' title="bbox 234 3804 1818 3881">
    <p class='ocr_par' dir='ltr' id='par_1_68' title="bbox 234 3804 1818 3881">
     <span class='ocr_line' id='line_1_68' title="bbox 234 3804 1818 3881; baseline 0.006 -27"><span class='ocrx_word' id='word_1_482' title='bbox 234 3819 338 3871; x_wconf 89' lang='grc' dir='ltr'>ριον</span> <span class='ocrx_word' id='word_1_483' title='bbox 369 3804 561 3857; x_wconf 82' lang='grc' dir='ltr'>ἐκάλει</span> <span class='ocrx_word' id='word_1_484' title='bbox 584 3820 601 3836; x_wconf 73' lang='grc' dir='ltr'><strong>ο</strong></span> <span class='ocrx_word' id='word_1_485' title='bbox 630 3806 659 3857; x_wconf 94' lang='lat'><strong>6</strong></span> <span class='ocrx_word' id='word_1_486' title='bbox 685 3805 741 3858; x_wconf 82' lang='grc' dir='ltr'>δὲ</span> <span class='ocrx_word' id='word_1_487' title='bbox 767 3805 923 3871; x_wconf 89' lang='grc' dir='ltr'>είδὼς</span> <span class='ocrx_word' id='word_1_488' title='bbox 944 3806 1396 3862; x_wconf 86' lang='grc' dir='ltr'>ἐπιϐουλεύεσθαι</span> <span class='ocrx_word' id='word_1_489' title='bbox 1416 3806 1544 3879; x_wconf 63' lang='grc'><strong>[220</strong></span> <span class='ocrx_word' id='word_1_490' title='bbox 1572 3807 1665 3881; x_wconf 84' lang='lat' dir='ltr'><strong>R.]</strong></span> <span class='ocrx_word' id='word_1_491' title='bbox 1693 3808 1818 3863; x_wconf 75' lang='grc' dir='ltr'>οὔτε</span> 
     </span>
    </p>
   </div>
   <div class='ocr_carea' id='block_1_69' title="bbox 233 3894 1819 3972">
    <p class='ocr_par' dir='ltr' id='par_1_69' title="bbox 233 3894 1819 3972">
     <span class='ocr_line' id='line_1_69' title="bbox 233 3894 1819 3972; baseline 0.005 -25"><span class='ocrx_word' id='word_1_492' title='bbox 233 3894 505 3965; x_wconf 79' lang='grc' dir='ltr'>ὑπήκουσε</span> <span class='ocrx_word' id='word_1_493' title='bbox 531 3934 548 3961; x_wconf 93' lang='grc'><strong>,</strong></span> <span class='ocrx_word' id='word_1_494' title='bbox 583 3897 677 3950; x_wconf 79' lang='grc' dir='ltr'>καὶ</span> <span class='ocrx_word' id='word_1_495' title='bbox 698 3898 779 3961; x_wconf 89' lang='grc' dir='ltr'><strong>είς</strong></span> <span class='ocrx_word' id='word_1_496' title='bbox 805 3898 1008 3970; x_wconf 78' lang='grc' dir='ltr'>ἔχθραν</span> <span class='ocrx_word' id='word_1_497' title='bbox 1035 3899 1288 3971; x_wconf 83' lang='grc' dir='ltr'>ἀλλήλοις</span> <span class='ocrx_word' id='word_1_498' title='bbox 1317 3900 1683 3972; x_wconf 87' lang='grc' dir='ltr'>κατέστησαν.</span> <span class='ocrx_word' id='word_1_499' title='bbox 1729 3902 1819 3955; x_wconf 84' lang='grc' dir='ltr'>Ἐν</span> 
     </span>
    </p>
   </div>
   <div class='ocr_carea' id='block_1_70' title="bbox 229 3986 1819 4063">
    <p class='ocr_par' dir='ltr' id='par_1_70' title="bbox 229 3986 1819 4063">
     <span class='ocr_line' id='line_1_70' title="bbox 229 3986 1819 4063; baseline 0.005 -26"><span class='ocrx_word' id='word_1_500' title='bbox 229 3986 397 4056; x_wconf 82' lang='grc' dir='ltr'>τούτῳ</span> <span class='ocrx_word' id='word_1_501' title='bbox 437 3987 498 4041; x_wconf 80' lang='grc' dir='ltr'>δὲ</span> <span class='ocrx_word' id='word_1_502' title='bbox 534 3988 691 4057; x_wconf 86' lang='grc' dir='ltr'><strong>παρά</strong></span> <span class='ocrx_word' id='word_1_503' title='bbox 722 3989 814 4041; x_wconf 83' lang='grc' dir='ltr'><strong>τὸν</strong></span> <span class='ocrx_word' id='word_1_504' title='bbox 856 3989 1166 4060; x_wconf 88' lang='grc' dir='ltr'>Περδίκκαν</span> <span class='ocrx_word' id='word_1_505' title='bbox 1206 3992 1274 4044; x_wconf 86' lang='grc' dir='ltr'><strong>ἐκ</strong></span> <span class='ocrx_word' id='word_1_506' title='bbox 1314 3991 1657 4055; x_wconf 81' lang='grc' dir='ltr'>Μακεδονίας</span> <span class='ocrx_word' id='word_1_507' title='bbox 1684 3988 1819 4063; x_wconf 83' lang='grc' dir='ltr'>ἧκον</span> 
     </span>
    </p>
   </div>
   <div class='ocr_carea' id='block_1_71' title="bbox 242 4072 1820 4153">
    <p class='ocr_par' dir='ltr' id='par_1_71' title="bbox 242 4072 1820 4153">
     <span class='ocr_line' id='line_1_71' title="bbox 242 4072 1820 4153; baseline 0.008 -28"><span class='ocrx_word' id='word_1_508' title='bbox 242 4072 432 4139; x_wconf 80' lang='grc' dir='ltr'>Ἰόλλας</span> <span class='ocrx_word' id='word_1_509' title='bbox 475 4093 541 4129; x_wconf 89' lang='grc' dir='ltr'><strong>τε</strong></span> <span class='ocrx_word' id='word_1_510' title='bbox 592 4076 689 4130; x_wconf 77' lang='grc' dir='ltr'>καὶ</span> <span class='ocrx_word' id='word_1_511' title='bbox 749 4077 1016 4149; x_wconf 81' lang='grc' dir='ltr'>Ἀρχίας,</span> <span class='ocrx_word' id='word_1_512' title='bbox 1049 4079 1276 4147; x_wconf 81' lang='grc' dir='ltr'>ἄγοντες</span> <span class='ocrx_word' id='word_1_513' title='bbox 1315 4080 1470 4151; x_wconf 80' lang='grc' dir='ltr'>αὐτῷ</span> <span class='ocrx_word' id='word_1_514' title='bbox 1500 4080 1599 4153; x_wconf 83' lang='grc' dir='ltr'>τὴν</span> <span class='ocrx_word' id='word_1_515' title='bbox 1643 4083 1820 4136; x_wconf 86' lang='grc' dir='ltr'>Ἀντι-</span> 
     </span>
    </p>
   </div>
   <div class='ocr_carea' id='block_1_72' title="bbox 1920 3343 3506 3415">
    <p class='ocr_par' dir='ltr' id='par_1_72' title="bbox 1920 3343 3506 3415">
     <span class='ocr_line' id='line_1_72' title="bbox 1920 3343 3506 3415; baseline 0.001 -18"><span class='ocrx_word' id='word_1_516' title='bbox 1920 3359 2084 3401; x_wconf 90' lang='lat' dir='ltr'><strong>cruce</strong></span> <span class='ocrx_word' id='word_1_517' title='bbox 2122 3344 2563 3413; x_wconf 76' lang='lat' dir='ltr'><strong>suspendendum</strong></span> <span class='ocrx_word' id='word_1_518' title='bbox 2610 3343 2851 3398; x_wconf 90' lang='lat' dir='ltr'><strong>mittunt.</strong></span> <span class='ocrx_word' id='word_1_519' title='bbox 2883 3343 2954 3397; x_wconf 84' lang='lat' dir='ltr'><strong>At</strong></span> <span class='ocrx_word' id='word_1_520' title='bbox 2987 3359 3109 3399; x_wconf 88' lang='lat' dir='ltr'><strong>cum</strong></span> <span class='ocrx_word' id='word_1_521' title='bbox 3145 3345 3390 3415; x_wconf 67' lang='lat' dir='ltr'><strong>Cyrenaei</strong></span> <span class='ocrx_word' id='word_1_522' title='bbox 3421 3346 3506 3401; x_wconf 83' lang='lat' dir='ltr'><strong>ni-</strong></span> 
     </span>
    </p>
   </div>
   <div class='ocr_carea' id='block_1_73' title="bbox 1920 3435 3508 3506">
    <p class='ocr_par' dir='ltr' id='par_1_73' title="bbox 1920 3435 3508 3506">
     <span class='ocr_line' id='line_1_73' title="bbox 1920 3435 3508 3506; baseline 0.001 -16"><span class='ocrx_word' id='word_1_523' title='bbox 1920 3436 2218 3492; x_wconf 86' lang='lat' dir='ltr'><strong>hilominus</strong></span> <span class='ocrx_word' id='word_1_524' title='bbox 2271 3437 2324 3490; x_wconf 91' lang='lat' dir='ltr'><strong>in</strong></span> <span class='ocrx_word' id='word_1_525' title='bbox 2364 3435 2663 3491; x_wconf 87' lang='lat' dir='ltr'><strong>rebellione</strong></span> <span class='ocrx_word' id='word_1_526' title='bbox 2707 3444 3042 3505; x_wconf 89' lang='lat' dir='ltr'><strong>perstarent,</strong></span> <span class='ocrx_word' id='word_1_527' title='bbox 3097 3436 3217 3505; x_wconf 86' lang='lat' dir='ltr'><strong>ipse</strong></span> <span class='ocrx_word' id='word_1_528' title='bbox 3270 3435 3508 3506; x_wconf 91' lang='lat' dir='ltr'><strong>denique</strong></span> 
     </span>
    </p>
   </div>
   <div class='ocr_carea' id='block_1_74' title="bbox 1918 3529 3508 3603">
    <p class='ocr_par' dir='ltr' id='par_1_74' title="bbox 1918 3529 3508 3603">
     <span class='ocr_line' id='line_1_74' title="bbox 1918 3529 3508 3603; baseline 0.003 -20"><span class='ocrx_word' id='word_1_529' title='bbox 1918 3529 2246 3587; x_wconf 65' lang='lat' dir='ltr'><strong>Ptolemaeus</strong></span> <span class='ocrx_word' id='word_1_530' title='bbox 2292 3532 2549 3596; x_wconf 88' lang='lat' dir='ltr'><strong>accessit,</strong></span> <span class='ocrx_word' id='word_1_531' title='bbox 2586 3533 2860 3600; x_wconf 89' lang='lat' dir='ltr'><strong>rebusque</strong></span> <span class='ocrx_word' id='word_1_532' title='bbox 2889 3531 3147 3587; x_wconf 90' lang='lat' dir='ltr'><strong>omnibus</strong></span> <span class='ocrx_word' id='word_1_533' title='bbox 3185 3531 3508 3603; x_wconf 88' lang='lat' dir='ltr'><strong>tranquilla-</strong></span> 
     </span>
    </p>
   </div>
   <div class='ocr_carea' id='block_1_75' title="bbox 1920 3617 2845 3688">
    <p class='ocr_par' dir='ltr' id='par_1_75' title="bbox 1920 3617 2845 3688">
     <span class='ocr_line' id='line_1_75' title="bbox 1920 3617 2845 3688; baseline 0.004 -18"><span class='ocrx_word' id='word_1_534' title='bbox 1920 3618 2012 3681; x_wconf 89' lang='lat' dir='ltr'><strong>tis,</strong></span> <span class='ocrx_word' id='word_1_535' title='bbox 2039 3628 2187 3674; x_wconf 89' lang='lat' dir='ltr'><strong>retro</strong></span> <span class='ocrx_word' id='word_1_536' title='bbox 2222 3618 2441 3672; x_wconf 87' lang='lat' dir='ltr'><strong>domum</strong></span> <span class='ocrx_word' id='word_1_537' title='bbox 2473 3617 2845 3688; x_wconf 87' lang='lat' dir='ltr'><strong>adnavigavit.</strong></span> 
     </span>
    </p>
   </div>
   <div class='ocr_carea' id='block_1_76' title="bbox 1993 3708 3506 3783">
    <p class='ocr_par' dir='ltr' id='par_1_76' title="bbox 1993 3708 3506 3783">
     <span class='ocr_line' id='line_1_76' title="bbox 1993 3708 3506 3783; baseline 0.002 -20"><span class='ocrx_word' id='word_1_538' title='bbox 1993 3708 2283 3764; x_wconf 88' lang='lat' dir='ltr'><strong>Perdiccas</strong></span> <span class='ocrx_word' id='word_1_539' title='bbox 2307 3711 2531 3779; x_wconf 91' lang='lat' dir='ltr'><strong>insuper</strong></span> <span class='ocrx_word' id='word_1_540' title='bbox 2566 3709 2899 3780; x_wconf 86' lang='lat' dir='ltr'><strong>Antigonum</strong></span> <span class='ocrx_word' id='word_1_541' title='bbox 2932 3711 3197 3767; x_wconf 88' lang='lat' dir='ltr'><strong>insidiose</strong></span> <span class='ocrx_word' id='word_1_542' title='bbox 3221 3712 3274 3767; x_wconf 92' lang='lat' dir='ltr'><strong>in</strong></span> <span class='ocrx_word' id='word_1_543' title='bbox 3302 3712 3395 3783; x_wconf 88' lang='lat' dir='ltr'><strong>jus</strong></span> <span class='ocrx_word' id='word_1_544' title='bbox 3417 3727 3506 3766; x_wconf 88' lang='lat' dir='ltr'><strong>vo-</strong></span> 
     </span>
    </p>
   </div>
   <div class='ocr_carea' id='block_1_77' title="bbox 1922 3802 3509 3875">
    <p class='ocr_par' dir='ltr' id='par_1_77' title="bbox 1922 3802 3509 3875">
     <span class='ocr_line' id='line_1_77' title="bbox 1922 3802 3509 3875; baseline 0.001 -18"><span class='ocrx_word' id='word_1_545' title='bbox 1922 3802 2104 3867; x_wconf 88' lang='lat' dir='ltr'><strong>cabat,</strong></span> <span class='ocrx_word' id='word_1_546' title='bbox 2136 3816 2327 3858; x_wconf 81' lang='lat' dir='ltr'><strong>verum</strong></span> <span class='ocrx_word' id='word_1_547' title='bbox 2366 3802 2481 3871; x_wconf 89' lang='lat' dir='ltr'><strong>ille,</strong></span> <span class='ocrx_word' id='word_1_548' title='bbox 2513 3811 2571 3857; x_wconf 89' lang='lat' dir='ltr'><strong>ut</strong></span> <span class='ocrx_word' id='word_1_549' title='bbox 2607 3802 2715 3872; x_wconf 88' lang='lat' dir='ltr'><strong>peti</strong></span> <span class='ocrx_word' id='word_1_550' title='bbox 2757 3816 2817 3858; x_wconf 93' lang='lat' dir='ltr'><strong>se</strong></span> <span class='ocrx_word' id='word_1_551' title='bbox 2857 3802 3072 3861; x_wconf 92' lang='lat' dir='ltr'><strong>insidiis</strong></span> <span class='ocrx_word' id='word_1_552' title='bbox 3106 3806 3380 3875; x_wconf 82' lang='lat' dir='ltr'><strong>cognovit,</strong></span> <span class='ocrx_word' id='word_1_553' title='bbox 3410 3820 3509 3875; x_wconf 84' lang='lat' dir='ltr'><strong>pa-</strong></span> 
     </span>
    </p>
   </div>
   <div class='ocr_carea' id='block_1_78' title="bbox 1923 3895 3513 3965">
    <p class='ocr_par' dir='ltr' id='par_1_78' title="bbox 1923 3895 3513 3965">
     <span class='ocr_line' id='line_1_78' title="bbox 1923 3895 3513 3965; baseline 0 -17"><span class='ocrx_word' id='word_1_554' title='bbox 1923 3909 2046 3950; x_wconf 91' lang='lat' dir='ltr'><strong>rere</strong></span> <span class='ocrx_word' id='word_1_555' title='bbox 2072 3895 2347 3949; x_wconf 87' lang='lat' dir='ltr'><strong>recusavit</strong></span> <span class='ocrx_word' id='word_1_556' title='bbox 2382 3913 2396 3950; x_wconf 87' lang='lat'><strong>:</strong></span> <span class='ocrx_word' id='word_1_557' title='bbox 2435 3904 2601 3965; x_wconf 89' lang='lat' dir='ltr'><strong>atque</strong></span> <span class='ocrx_word' id='word_1_558' title='bbox 2658 3896 2788 3953; x_wconf 92' lang='lat' dir='ltr'><strong>hinc</strong></span> <span class='ocrx_word' id='word_1_559' title='bbox 2831 3905 2967 3951; x_wconf 71' lang='lat' dir='ltr'><strong>ortas</strong></span> <span class='ocrx_word' id='word_1_560' title='bbox 3000 3896 3234 3952; x_wconf 90' lang='lat' dir='ltr'><strong>invicem</strong></span> <span class='ocrx_word' id='word_1_561' title='bbox 3277 3897 3513 3953; x_wconf 83' lang='lat' dir='ltr'><strong>inimici-</strong></span> 
     </span>
    </p>
   </div>
   <div class='ocr_carea' id='block_1_79' title="bbox 1924 3984 3510 4060">
    <p class='ocr_par' dir='ltr' id='par_1_79' title="bbox 1924 3984 3510 4060">
     <span class='ocr_line' id='line_1_79' title="bbox 1924 3984 3510 4060; baseline 0.001 -20"><span class='ocrx_word' id='word_1_562' title='bbox 1924 3985 2034 4041; x_wconf 65' lang='lat' dir='ltr'><strong>tiae.</strong></span> <span class='ocrx_word' id='word_1_563' title='bbox 2072 3984 2188 4041; x_wconf 82' lang='lat' dir='ltr'><strong>Hoc</strong></span> <span class='ocrx_word' id='word_1_564' title='bbox 2236 3986 2366 4041; x_wconf 90' lang='lat' dir='ltr'><strong>item</strong></span> <span class='ocrx_word' id='word_1_565' title='bbox 2421 3998 2667 4057; x_wconf 89' lang='lat' dir='ltr'><strong>tempore</strong></span> <span class='ocrx_word' id='word_1_566' title='bbox 2696 4003 2728 4044; x_wconf 91' lang='lat' dir='ltr'><strong>e</strong></span> <span class='ocrx_word' id='word_1_567' title='bbox 2757 3986 3072 4043; x_wconf 83' lang='lat' dir='ltr'><strong>Macedonia</strong></span> <span class='ocrx_word' id='word_1_568' title='bbox 3111 3986 3281 4043; x_wconf 81' lang='lat' dir='ltr'><strong>Jollas</strong></span> <span class='ocrx_word' id='word_1_569' title='bbox 3313 3988 3427 4060; x_wconf 68' lang='grc'>(44)</span> <span class='ocrx_word' id='word_1_570' title='bbox 3456 3999 3510 4042; x_wconf 88' lang='lat' dir='ltr'><strong>et</strong></span> 
     </span>
    </p>
   </div>
   <div class='ocr_carea' id='block_1_80' title="bbox 1921 4076 3508 4143">
    <p class='ocr_par' dir='ltr' id='par_1_80' title="bbox 1921 4076 3508 4143">
     <span class='ocr_line' id='line_1_80' title="bbox 1921 4076 3508 4143; baseline -0.002 -10"><span class='ocrx_word' id='word_1_571' title='bbox 1921 4078 2153 4133; x_wconf 86' lang='lat' dir='ltr'><strong>Archias</strong></span> <span class='ocrx_word' id='word_1_572' title='bbox 2174 4076 2242 4132; x_wconf 91' lang='lat' dir='ltr'><strong>ad</strong></span> <span class='ocrx_word' id='word_1_573' title='bbox 2268 4076 2588 4134; x_wconf 88' lang='lat' dir='ltr'><strong>Perdiccam</strong></span> <span class='ocrx_word' id='word_1_574' title='bbox 2617 4087 2910 4143; x_wconf 85' lang='lat' dir='ltr'><strong>venerunt,</strong></span> <span class='ocrx_word' id='word_1_575' title='bbox 2944 4079 3175 4134; x_wconf 89' lang='lat' dir='ltr'><strong>adducta</strong></span> <span class='ocrx_word' id='word_1_576' title='bbox 3204 4077 3258 4133; x_wconf 91' lang='lat' dir='ltr'><strong>in</strong></span> <span class='ocrx_word' id='word_1_577' title='bbox 3283 4092 3508 4133; x_wconf 85' lang='lat' dir='ltr'><strong>uxorem</strong></span> 
     </span>
    </p>
   </div>
   <div class='ocr_carea' id='block_1_81' title="bbox 3404 413 3604 477">
    <p class='ocr_par' dir='ltr' id='par_1_81' title="bbox 3404 413 3604 477">
     <span class='ocr_line' id='line_1_81' title="bbox 3404 413 3604 477; baseline -0.005 0"><span class='ocrx_word' id='word_1_578' title='bbox 3404 413 3604 477; x_wconf 86' lang='lat'><strong>306&#39;</strong></span> 
     </span>
    </p>
   </div>
   <div class='ocr_carea' id='block_1_82' title="bbox 232 4163 1812 4243">
    <p class='ocr_par' dir='ltr' id='par_1_82' title="bbox 232 4163 1812 4243">
     <span class='ocr_line' id='line_1_82' title="bbox 232 4163 1812 4243; baseline 0.008 -27"><span class='ocrx_word' id='word_1_579' title='bbox 232 4163 431 4237; x_wconf 83' lang='grc' dir='ltr'>πάτρου</span> <span class='ocrx_word' id='word_1_580' title='bbox 464 4166 638 4223; x_wconf 80' lang='grc' dir='ltr'>παῖδα</span> <span class='ocrx_word' id='word_1_581' title='bbox 670 4168 909 4225; x_wconf 87' lang='grc' dir='ltr'>Νίκαιαν</span> <span class='ocrx_word' id='word_1_582' title='bbox 957 4172 1039 4235; x_wconf 89' lang='grc' dir='ltr'><strong>είς</strong></span> <span class='ocrx_word' id='word_1_583' title='bbox 1086 4174 1344 4240; x_wconf 88' lang='grc' dir='ltr'>γυναῖκα.</span> <span class='ocrx_word' id='word_1_584' title='bbox 1388 4172 1550 4225; x_wconf 87' lang='grc' dir='ltr'>Ἀλλά</span> <span class='ocrx_word' id='word_1_585' title='bbox 1603 4191 1667 4243; x_wconf 86' lang='grc' dir='ltr'><strong>γε</strong></span> <span class='ocrx_word' id='word_1_586' title='bbox 1725 4176 1812 4229; x_wconf 76' lang='grc' dir='ltr'><strong>κα)</strong></span> 
     </span>
    </p>
   </div>
   <div class='ocr_carea' id='block_1_83' title="bbox 1921 4163 3510 4243">
    <p class='ocr_par' dir='ltr' id='par_1_83' title="bbox 1924 4168 3510 4240">
     <span class='ocr_line' id='line_1_83' title="bbox 1924 4168 3510 4240; baseline -0.003 -13"><span class='ocrx_word' id='word_1_587' title='bbox 1924 4170 2000 4227; x_wconf 90' lang='lat' dir='ltr'><strong>illi</strong></span> <span class='ocrx_word' id='word_1_588' title='bbox 2047 4169 2227 4225; x_wconf 68' lang='lat' dir='ltr'><strong>Nicaza</strong></span> <span class='ocrx_word' id='word_1_589' title='bbox 2275 4169 2550 4239; x_wconf 84' lang='lat' dir='ltr'><strong>Antipatri</strong></span> <span class='ocrx_word' id='word_1_590' title='bbox 2604 4169 2737 4225; x_wconf 88' lang='lat' dir='ltr'><strong>lilia.</strong></span> <span class='ocrx_word' id='word_1_591' title='bbox 2776 4169 2916 4235; x_wconf 84' lang='lat' dir='ltr'><strong>Quin</strong></span> <span class='ocrx_word' id='word_1_592' title='bbox 2968 4181 3024 4224; x_wconf 90' lang='lat' dir='ltr'><strong>et</strong></span> <span class='ocrx_word' id='word_1_593' title='bbox 3056 4168 3341 4240; x_wconf 89' lang='lat' dir='ltr'><strong>Olympias</strong></span> <span class='ocrx_word' id='word_1_594' title='bbox 3371 4168 3510 4239; x_wconf 76' lang='grc'>(45),</span> 
     </span>
    </p>
   </div>
   <div class='ocr_carea' id='block_1_84' title="bbox 242 4257 1812 4337">
    <p class='ocr_par' dir='ltr' id='par_1_84' title="bbox 242 4257 1812 4337">
     <span class='ocr_line' id='line_1_84' title="bbox 242 4257 1812 4337; baseline 0.007 -27"><span class='ocrx_word' id='word_1_595' title='bbox 242 4257 550 4330; x_wconf 80' lang='grc' dir='ltr'>Ὀλυμπιὰς</span> <span class='ocrx_word' id='word_1_596' title='bbox 578 4263 611 4332; x_wconf 85' lang='grc' dir='ltr'>ἡ</span> <span class='ocrx_word' id='word_1_597' title='bbox 655 4261 1010 4334; x_wconf 80' lang='grc' dir='ltr'>Ἀλεξάνδρου</span> <span class='ocrx_word' id='word_1_598' title='bbox 1047 4264 1233 4336; x_wconf 80' lang='grc' dir='ltr'>μήτηρ</span> <span class='ocrx_word' id='word_1_599' title='bbox 1256 4265 1472 4335; x_wconf 80' lang='grc' dir='ltr'>ἔπεμπε</span> <span class='ocrx_word' id='word_1_600' title='bbox 1503 4268 1632 4337; x_wconf 83' lang='grc' dir='ltr'>παρ’</span> <span class='ocrx_word' id='word_1_601' title='bbox 1657 4267 1812 4321; x_wconf 74' lang='grc' dir='ltr'>αὐτὸν</span> 
     </span>
    </p>
   </div>
   <div class='ocr_carea' id='block_1_85' title="bbox 1921 4257 3509 4337">
    <p class='ocr_par' dir='ltr' id='par_1_85' title="bbox 1924 4258 3509 4331">
     <span class='ocr_line' id='line_1_85' title="bbox 1924 4258 3509 4331; baseline -0.002 -14"><span class='ocrx_word' id='word_1_602' title='bbox 1924 4262 2108 4331; x_wconf 84' lang='lat' dir='ltr'><strong>magni</strong></span> <span class='ocrx_word' id='word_1_603' title='bbox 2161 4260 2457 4317; x_wconf 79' lang='lat' dir='ltr'><strong>Alexandri</strong></span> <span class='ocrx_word' id='word_1_604' title='bbox 2512 4270 2708 4326; x_wconf 86' lang='lat' dir='ltr'><strong>mater,</strong></span> <span class='ocrx_word' id='word_1_605' title='bbox 2753 4260 2920 4315; x_wconf 91' lang='lat' dir='ltr'><strong>ntittit</strong></span> <span class='ocrx_word' id='word_1_606' title='bbox 2956 4260 3025 4315; x_wconf 89' lang='lat' dir='ltr'><strong>ad</strong></span> <span class='ocrx_word' id='word_1_607' title='bbox 3067 4260 3345 4327; x_wconf 89' lang='lat' dir='ltr'><strong>eumdem,</strong></span> <span class='ocrx_word' id='word_1_608' title='bbox 3411 4258 3509 4314; x_wconf 86' lang='lat' dir='ltr'><strong>de—</strong></span> 
     </span>
    </p>
   </div>
   <div class='ocr_carea' id='block_1_86' title="bbox 232 4349 1812 4431">
    <p class='ocr_par' dir='ltr' id='par_1_86' title="bbox 232 4353 1812 4431">
     <span class='ocr_line' id='line_1_86' title="bbox 232 4353 1812 4431; baseline 0.008 -31"><span class='ocrx_word' id='word_1_609' title='bbox 232 4353 668 4423; x_wconf 84' lang='grc' dir='ltr'>κατεγγυωμένη</span> <span class='ocrx_word' id='word_1_610' title='bbox 701 4354 803 4424; x_wconf 83' lang='grc' dir='ltr'>τὴν</span> <span class='ocrx_word' id='word_1_611' title='bbox 830 4353 1109 4428; x_wconf 86' lang='grc' dir='ltr'>θυγατέρα</span> <span class='ocrx_word' id='word_1_612' title='bbox 1132 4355 1513 4428; x_wconf 88' lang='grc' dir='ltr'>Κλεοπάτραν.</span> <span class='ocrx_word' id='word_1_613' title='bbox 1538 4359 1699 4414; x_wconf 83' lang='grc' dir='ltr'>Καὶὸ</span> <span class='ocrx_word' id='word_1_614' title='bbox 1722 4359 1812 4431; x_wconf 61' lang='grc' dir='ltr'><strong>μὲν</strong></span> 
     </span>
    </p>
   </div>
   <div class='ocr_carea' id='block_1_87' title="bbox 1921 4349 3511 4431">
    <p class='ocr_par' dir='ltr' id='par_1_87' title="bbox 1934 4349 3511 4425">
     <span class='ocr_line' id='line_1_87' title="bbox 1934 4349 3511 4425; baseline -0.002 -15"><span class='ocrx_word' id='word_1_615' title='bbox 1934 4355 2284 4425; x_wconf 87' lang='lat' dir='ltr'><strong>spondetque</strong></span> <span class='ocrx_word' id='word_1_616' title='bbox 2316 4354 2661 4424; x_wconf 88' lang='lat' dir='ltr'><strong>Cleopatram</strong></span> <span class='ocrx_word' id='word_1_617' title='bbox 2703 4353 2889 4409; x_wconf 89' lang='lat' dir='ltr'><strong>tiliam.</strong></span> <span class='ocrx_word' id='word_1_618' title='bbox 2935 4352 3013 4408; x_wconf 88' lang='lat' dir='ltr'><strong>lbi</strong></span> <span class='ocrx_word' id='word_1_619' title='bbox 3064 4351 3336 4407; x_wconf 88' lang='lat' dir='ltr'><strong>Eumenes</strong></span> <span class='ocrx_word' id='word_1_620' title='bbox 3373 4349 3511 4407; x_wconf 88' lang='lat' dir='ltr'><strong>Car-</strong></span> 
     </span>
    </p>
   </div>
   <div class='ocr_carea' id='block_1_88' title="bbox 234 4441 1812 4520">
    <p class='ocr_par' dir='ltr' id='par_1_88' title="bbox 234 4441 1812 4520">
     <span class='ocr_line' id='line_1_88' title="bbox 234 4441 1812 4520; baseline 0.008 -27"><span class='ocrx_word' id='word_1_621' title='bbox 234 4441 482 4514; x_wconf 82' lang='grc' dir='ltr'>Εὐμένης</span> <span class='ocrx_word' id='word_1_622' title='bbox 528 4444 559 4498; x_wconf 89' lang='lat'><strong>6</strong></span> <span class='ocrx_word' id='word_1_623' title='bbox 592 4445 899 4516; x_wconf 81' lang='grc' dir='ltr'>Καρδιανὸς</span> <span class='ocrx_word' id='word_1_624' title='bbox 929 4448 1319 4503; x_wconf 88' lang='grc' dir='ltr'>συνεϐούλευεν</span> <span class='ocrx_word' id='word_1_625' title='bbox 1364 4449 1520 4520; x_wconf 80' lang='grc' dir='ltr'>ἄγειν</span> <span class='ocrx_word' id='word_1_626' title='bbox 1569 4451 1812 4506; x_wconf 86' lang='grc' dir='ltr'>Κλεοπά-</span> 
     </span>
    </p>
   </div>
   <div class='ocr_carea' id='block_1_89' title="bbox 1921 4441 3516 4520">
    <p class='ocr_par' dir='ltr' id='par_1_89' title="bbox 1925 4444 3516 4515">
     <span class='ocr_line' id='line_1_89' title="bbox 1925 4444 3516 4515; baseline -0.003 -12"><span class='ocrx_word' id='word_1_627' title='bbox 1925 4447 2119 4503; x_wconf 90' lang='lat' dir='ltr'><strong>dianus</strong></span> <span class='ocrx_word' id='word_1_628' title='bbox 2147 4444 2491 4515; x_wconf 88' lang='lat' dir='ltr'><strong>Cleopatram</strong></span> <span class='ocrx_word' id='word_1_629' title='bbox 2543 4448 2744 4504; x_wconf 85' lang='lat' dir='ltr'><strong>ducere</strong></span> <span class='ocrx_word' id='word_1_630' title='bbox 2788 4447 3100 4504; x_wconf 87' lang='lat' dir='ltr'><strong>suadebat:</strong></span> <span class='ocrx_word' id='word_1_631' title='bbox 3135 4445 3341 4501; x_wconf 84' lang='lat' dir='ltr'><strong>Alcetae</strong></span> <span class='ocrx_word' id='word_1_632' title='bbox 3386 4459 3516 4499; x_wconf 86' lang='lat' dir='ltr'><strong>vero</strong></span> 
     </span>
    </p>
   </div>
   <div class='ocr_carea' id='block_1_90' title="bbox 232 4536 1812 4635">
    <p class='ocr_par' dir='ltr' id='par_1_90' title="bbox 232 4536 1812 4635">
     <span class='ocr_line' id='line_1_90' title="bbox 232 4536 1812 4635; baseline 0.008 -49"><span class='ocrx_word' id='word_1_633' title='bbox 232 4551 397 4635; x_wconf 44' lang='lat' dir='ltr'><strong>rpav‘,</strong></span> <span class='ocrx_word' id='word_1_634' title='bbox 435 4536 717 4610; x_wconf 80' lang='grc' dir='ltr'>Ἀλκέτᾳ⁸⁹</span> <span class='ocrx_word' id='word_1_635' title='bbox 739 4539 797 4594; x_wconf 86' lang='grc' dir='ltr'>δὲ</span> <span class='ocrx_word' id='word_1_636' title='bbox 816 4538 895 4610; x_wconf 86' lang='grc' dir='ltr'>τῷ</span> <span class='ocrx_word' id='word_1_637' title='bbox 936 4540 1153 4612; x_wconf 81' lang='grc' dir='ltr'>ἀδελφῷ</span> <span class='ocrx_word' id='word_1_638' title='bbox 1176 4543 1257 4607; x_wconf 86' lang='grc' dir='ltr'><strong>είς</strong></span> <span class='ocrx_word' id='word_1_639' title='bbox 1286 4542 1527 4599; x_wconf 89' lang='grc' dir='ltr'>Νίκαιαν</span> <span class='ocrx_word' id='word_1_640' title='bbox 1553 4543 1759 4598; x_wconf 73' lang='grc' dir='ltr'>ἔτεινεν</span> <span class='ocrx_word' id='word_1_641' title='bbox 1788 4546 1812 4615; x_wconf 67' lang='grc' dir='ltr'>ἦ</span> 
     </span>
    </p>
   </div>
   <div class='ocr_carea' id='block_1_91' title="bbox 1921 4536 3515 4635">
    <p class='ocr_par' dir='ltr' id='par_1_91' title="bbox 1927 4536 3515 4610">
     <span class='ocr_line' id='line_1_91' title="bbox 1927 4536 3515 4610; baseline -0.003 -16"><span class='ocrx_word' id='word_1_642' title='bbox 1927 4538 2114 4595; x_wconf 77' lang='lat' dir='ltr'><strong>fratris</strong></span> <span class='ocrx_word' id='word_1_643' title='bbox 2147 4539 2437 4594; x_wconf 88' lang='lat' dir='ltr'><strong>consilium</strong></span> <span class='ocrx_word' id='word_1_644' title='bbox 2461 4540 2526 4594; x_wconf 91' lang='lat' dir='ltr'><strong>ad</strong></span> <span class='ocrx_word' id='word_1_645' title='bbox 2569 4538 2765 4594; x_wconf 68' lang='lat' dir='ltr'><strong>Nicaea:</strong></span> <span class='ocrx_word' id='word_1_646' title='bbox 2798 4539 2973 4610; x_wconf 88' lang='lat' dir='ltr'><strong>magis</strong></span> <span class='ocrx_word' id='word_1_647' title='bbox 3014 4538 3233 4608; x_wconf 90' lang='lat' dir='ltr'><strong>nuptias</strong></span> <span class='ocrx_word' id='word_1_648' title='bbox 3280 4536 3515 4592; x_wconf 86' lang='lat' dir='ltr'><strong>inclina-</strong></span> 
     </span>
    </p>
   </div>
   <div class='ocr_carea' id='block_1_92' title="bbox 235 4625 1812 4705">
    <p class='ocr_par' dir='ltr' id='par_1_92' title="bbox 235 4625 1812 4705">
     <span class='ocr_line' id='line_1_92' title="bbox 235 4625 1812 4705; baseline 0.008 -28"><span class='ocrx_word' id='word_1_649' title='bbox 235 4625 517 4699; x_wconf 79' lang='grc' dir='ltr'>συμϐουλή</span> <span class='ocrx_word' id='word_1_650' title='bbox 540 4645 557 4660; x_wconf 87' lang='grc'><strong>·</strong></span> <span class='ocrx_word' id='word_1_651' title='bbox 593 4627 685 4682; x_wconf 80' lang='grc' dir='ltr'><strong>καί</strong></span> <span class='ocrx_word' id='word_1_652' title='bbox 714 4632 843 4702; x_wconf 84' lang='grc' dir='ltr'>νικᾷ</span> <span class='ocrx_word' id='word_1_653' title='bbox 865 4631 927 4685; x_wconf 86' lang='grc' dir='ltr'>τὸ</span> <span class='ocrx_word' id='word_1_654' title='bbox 956 4631 1196 4687; x_wconf 90' lang='grc' dir='ltr'>Νίκαιαν</span> <span class='ocrx_word' id='word_1_655' title='bbox 1224 4633 1426 4704; x_wconf 76' lang='grc' dir='ltr'>μᾶλλον</span> <span class='ocrx_word' id='word_1_656' title='bbox 1456 4634 1710 4705; x_wconf 86' lang='grc' dir='ltr'>ἀγαγεῖν.</span> <span class='ocrx_word' id='word_1_657' title='bbox 1741 4637 1812 4689; x_wconf 80' lang='grc' dir='ltr'><strong>Οὐ</strong></span> 
     </span>
    </p>
   </div>
   <div class='ocr_carea' id='block_1_93' title="bbox 1921 4625 3514 4705">
    <p class='ocr_par' dir='ltr' id='par_1_93' title="bbox 1932 4628 3514 4700">
     <span class='ocr_line' id='line_1_93' title="bbox 1932 4628 3514 4700; baseline -0.001 -15"><span class='ocrx_word' id='word_1_658' title='bbox 1932 4630 2050 4698; x_wconf 87' lang='lat' dir='ltr'><strong>bat,</strong></span> <span class='ocrx_word' id='word_1_659' title='bbox 2091 4629 2247 4700; x_wconf 88' lang='lat' dir='ltr'><strong>cujus</strong></span> <span class='ocrx_word' id='word_1_660' title='bbox 2295 4632 2423 4685; x_wconf 89' lang='lat' dir='ltr'><strong>item</strong></span> <span class='ocrx_word' id='word_1_661' title='bbox 2476 4631 2746 4686; x_wconf 86' lang='lat' dir='ltr'><strong>sententia</strong></span> <span class='ocrx_word' id='word_1_662' title='bbox 2796 4630 3047 4700; x_wconf 83' lang='lat' dir='ltr'><strong>pervicit.</strong></span> <span class='ocrx_word' id='word_1_663' title='bbox 3093 4628 3226 4684; x_wconf 88' lang='lat' dir='ltr'><strong>Post</strong></span> <span class='ocrx_word' id='word_1_664' title='bbox 3273 4642 3380 4684; x_wconf 90' lang='lat' dir='ltr'><strong>non</strong></span> <span class='ocrx_word' id='word_1_665' title='bbox 3422 4629 3514 4684; x_wconf 86' lang='lat' dir='ltr'><strong>ditt</strong></span> 
     </span>
    </p>
   </div>
   <div class='ocr_carea' id='block_1_94' title="bbox 233 4717 1812 4799">
    <p class='ocr_par' dir='ltr' id='par_1_94' title="bbox 233 4717 1812 4799">
     <span class='ocr_line' id='line_1_94' title="bbox 233 4717 1812 4799; baseline 0.007 -29"><span class='ocrx_word' id='word_1_666' title='bbox 233 4717 362 4773; x_wconf 82' lang='grc' dir='ltr'>πολὺ</span> <span class='ocrx_word' id='word_1_667' title='bbox 388 4718 450 4773; x_wconf 75' lang='grc' dir='ltr'>δὲ</span> <span class='ocrx_word' id='word_1_668' title='bbox 480 4719 714 4793; x_wconf 84' lang='grc' dir='ltr'>ὔστερον</span> <span class='ocrx_word' id='word_1_669' title='bbox 738 4723 836 4778; x_wconf 69' lang='grc' dir='ltr'>καὶ</span> <span class='ocrx_word' id='word_1_670' title='bbox 862 4725 924 4778; x_wconf 79' lang='grc' dir='ltr'><strong>τὸ</strong></span> <span class='ocrx_word' id='word_1_671' title='bbox 951 4725 1085 4795; x_wconf 75' lang='grc' dir='ltr'>περὶ</span> <span class='ocrx_word' id='word_1_672' title='bbox 1135 4726 1389 4796; x_wconf 86' lang='grc' dir='ltr'>Κυνάνην</span> <span class='ocrx_word' id='word_1_673' title='bbox 1416 4726 1591 4792; x_wconf 82' lang='grc' dir='ltr'>πάθος</span> <span class='ocrx_word' id='word_1_674' title='bbox 1622 4745 1812 4799; x_wconf 88' lang='grc' dir='ltr'>συνην-</span> 
     </span>
    </p>
   </div>
   <div class='ocr_carea' id='block_1_95' title="bbox 1921 4717 3515 4799">
    <p class='ocr_par' dir='ltr' id='par_1_95' title="bbox 1930 4721 3515 4795">
     <span class='ocr_line' id='line_1_95' title="bbox 1930 4721 3515 4795; baseline -0.004 -14"><span class='ocrx_word' id='word_1_675' title='bbox 1930 4724 2183 4795; x_wconf 90' lang='lat' dir='ltr'><strong>Cynanes</strong></span> <span class='ocrx_word' id='word_1_676' title='bbox 2236 4722 2349 4794; x_wconf 74' lang='grc'>(46)</span> <span class='ocrx_word' id='word_1_677' title='bbox 2412 4727 2589 4778; x_wconf 82' lang='lat' dir='ltr'><strong>caedes</strong></span> <span class='ocrx_word' id='word_1_678' title='bbox 2667 4723 2892 4788; x_wconf 88' lang='lat' dir='ltr'><strong>accidit,</strong></span> <span class='ocrx_word' id='word_1_679' title='bbox 2959 4737 3122 4793; x_wconf 88' lang='lat' dir='ltr'><strong>quam</strong></span> <span class='ocrx_word' id='word_1_680' title='bbox 3201 4721 3515 4786; x_wconf 88' lang='lat' dir='ltr'><strong>Perdiccas,</strong></span> 
     </span>
    </p>
   </div>
   <div class='ocr_carea' id='block_1_96' title="bbox 232 4808 1812 4892">
    <p class='ocr_par' dir='ltr' id='par_1_96' title="bbox 232 4808 1812 4892">
     <span class='ocr_line' id='line_1_96' title="bbox 232 4808 1812 4892; baseline 0.007 -29"><span class='ocrx_word' id='word_1_681' title='bbox 232 4808 359 4883; x_wconf 81' lang='grc' dir='ltr'>ἐχθη</span> <span class='ocrx_word' id='word_1_682' title='bbox 378 4852 396 4879; x_wconf 95' lang='grc'><strong>,</strong></span> <span class='ocrx_word' id='word_1_683' title='bbox 418 4812 448 4867; x_wconf 83' lang='grc' dir='ltr'><strong>δ</strong></span> <span class='ocrx_word' id='word_1_684' title='bbox 469 4814 779 4885; x_wconf 84' lang='grc' dir='ltr'>Περδίκκας</span> <span class='ocrx_word' id='word_1_685' title='bbox 795 4833 855 4871; x_wconf 86' lang='grc' dir='ltr'><strong>τε</strong></span> <span class='ocrx_word' id='word_1_686' title='bbox 875 4818 971 4872; x_wconf 74' lang='grc' dir='ltr'><strong>καὶ</strong></span> <span class='ocrx_word' id='word_1_687' title='bbox 994 4819 1024 4872; x_wconf 90' lang='lat'><strong>6</strong></span> <span class='ocrx_word' id='word_1_688' title='bbox 1046 4817 1276 4889; x_wconf 79' lang='grc' dir='ltr'>ἀδελφὸς</span> <span class='ocrx_word' id='word_1_689' title='bbox 1306 4818 1566 4884; x_wconf 86' lang='grc' dir='ltr'>Ἀλκέτας</span> <span class='ocrx_word' id='word_1_690' title='bbox 1593 4821 1812 4892; x_wconf 88' lang='grc' dir='ltr'>διεπρά-</span> 
     </span>
    </p>
   </div>
   <div class='ocr_carea' id='block_1_97' title="bbox 1921 4808 3515 4892">
    <p class='ocr_par' dir='ltr' id='par_1_97' title="bbox 1928 4813 3515 4889">
     <span class='ocr_line' id='line_1_97' title="bbox 1928 4813 3515 4889; baseline -0.001 -17"><span class='ocrx_word' id='word_1_691' title='bbox 1928 4817 2159 4889; x_wconf 88' lang='lat' dir='ltr'><strong>ejusque</strong></span> <span class='ocrx_word' id='word_1_692' title='bbox 2212 4815 2383 4870; x_wconf 79' lang='lat' dir='ltr'><strong>frater</strong></span> <span class='ocrx_word' id='word_1_693' title='bbox 2439 4815 2658 4871; x_wconf 86' lang='lat' dir='ltr'><strong>Alcetas</strong></span> <span class='ocrx_word' id='word_1_694' title='bbox 2713 4814 3045 4871; x_wconf 90' lang='lat' dir='ltr'><strong>intulerunt.</strong></span> <span class='ocrx_word' id='word_1_695' title='bbox 3116 4814 3244 4871; x_wconf 65' lang='lat' dir='ltr'><strong>Haec</strong></span> <span class='ocrx_word' id='word_1_696' title='bbox 3291 4813 3515 4885; x_wconf 85' lang='lat' dir='ltr'><strong>Cynane</strong></span> 
     </span>
    </p>
   </div>
   <div class='ocr_carea' id='block_1_98' title="bbox 1468 4953 2153 5012">
    <p class='ocr_par' dir='ltr' id='par_1_98' title="bbox 1468 4953 2153 5012">
     <span class='ocr_line' id='line_1_98' title="bbox 1468 4953 2153 5012; baseline 0.007 -5"><span class='ocrx_word' id='word_1_697' title='bbox 1468 4953 1710 5009; x_wconf 66' lang='lat' dir='ltr'><strong>VARIZE</strong></span> <span class='ocrx_word' id='word_1_698' title='bbox 1742 4954 2153 5012; x_wconf 83' lang='lat' dir='ltr'><strong>LECTIONES.</strong></span> 
     </span>
    </p>
   </div>
   <div class='ocr_carea' id='block_1_99' title="bbox 299 5041 3511 5123">
    <p class='ocr_par' dir='ltr' id='par_1_99' title="bbox 299 5041 3511 5123">
     <span class='ocr_line' id='line_1_99' title="bbox 299 5041 3511 5123; baseline -0.001 -16"><span class='ocrx_word' id='word_1_699' title='bbox 299 5041 447 5123; x_wconf 50' lang='grc' dir='ltr'><strong>θέεὶς</strong></span> <span class='ocrx_word' id='word_1_700' title='bbox 480 5061 543 5123; x_wconf 64' lang='grc' dir='ltr'><strong>ςς</strong></span> <span class='ocrx_word' id='word_1_701' title='bbox 619 5043 667 5078; x_wconf 62' lang='grc'><strong>⁸⁸</strong></span> <span class='ocrx_word' id='word_1_702' title='bbox 703 5045 999 5123; x_wconf 38' lang='grc' dir='ltr'>’ἐπήνεγκε</span> <span class='ocrx_word' id='word_1_703' title='bbox 1033 5065 1099 5123; x_wconf 66' lang='grc' dir='ltr'><strong>ς.</strong></span> <span class='ocrx_word' id='word_1_704' title='bbox 1171 5047 1218 5080; x_wconf 78' lang='grc'><strong>⁸⁸</strong></span> <span class='ocrx_word' id='word_1_705' title='bbox 1242 5047 1541 5104; x_wconf 85' lang='grc' dir='ltr'>ἀπελίπετο</span> <span class='ocrx_word' id='word_1_706' title='bbox 1564 5065 1626 5113; x_wconf 81' lang='grc' dir='ltr'><strong>ς.</strong></span> <span class='ocrx_word' id='word_1_707' title='bbox 1701 5048 1748 5081; x_wconf 79' lang='grc'>⁸⁸</span> <span class='ocrx_word' id='word_1_708' title='bbox 1770 5050 2058 5106; x_wconf 88' lang='grc' dir='ltr'>Κυδωνίαν</span> <span class='ocrx_word' id='word_1_709' title='bbox 2107 5049 2206 5123; x_wconf 83' lang='grc' dir='ltr'>τὴν</span> <span class='ocrx_word' id='word_1_710' title='bbox 2230 5049 2290 5104; x_wconf 89' lang='grc' dir='ltr'><strong>ἐν</strong></span> <span class='ocrx_word' id='word_1_711' title='bbox 2332 5049 2525 5122; x_wconf 81' lang='grc' dir='ltr'>Κρήτῃ</span> <span class='ocrx_word' id='word_1_712' title='bbox 2556 5065 2617 5112; x_wconf 84' lang='grc' dir='ltr'><strong>ς.</strong></span> <span class='ocrx_word' id='word_1_713' title='bbox 2692 5049 2741 5080; x_wconf 79' lang='grc'><strong>⁵⁷</strong></span> <span class='ocrx_word' id='word_1_714' title='bbox 2772 5047 2854 5111; x_wconf 87' lang='grc' dir='ltr'><strong>είς</strong></span> <span class='ocrx_word' id='word_1_715' title='bbox 2879 5064 2939 5111; x_wconf 82' lang='grc' dir='ltr'><strong>ς.</strong></span> <span class='ocrx_word' id='word_1_716' title='bbox 3019 5045 3064 5081; x_wconf 79' lang='grc'><strong>⁸⁸</strong></span> <span class='ocrx_word' id='word_1_717' title='bbox 3088 5046 3413 5118; x_wconf 78' lang='grc' dir='ltr'>Τευχερίται</span> <span class='ocrx_word' id='word_1_718' title='bbox 3446 5048 3511 5103; x_wconf 83' lang='grc' dir='ltr'>Δ.</span> 
     </span>
    </p>
   </div>
   <div class='ocr_carea' id='block_1_100' title="bbox 237 5109 1266 5186">
    <p class='ocr_par' dir='ltr' id='par_1_100' title="bbox 237 5109 1266 5186">
     <span class='ocr_line' id='line_1_100' title="bbox 237 5109 1266 5186; baseline 0.003 -18"><span class='ocrx_word' id='word_1_719' title='bbox 237 5109 276 5143; x_wconf 66' lang='grc' dir='ltr'><strong>ε’</strong></span> <span class='ocrx_word' id='word_1_720' title='bbox 315 5114 581 5186; x_wconf 82' lang='grc' dir='ltr'>Ἀλκετέᾳ</span> <span class='ocrx_word' id='word_1_721' title='bbox 610 5124 667 5170; x_wconf 86' lang='lat' dir='ltr'><strong>et</strong></span> <span class='ocrx_word' id='word_1_722' title='bbox 701 5109 846 5171; x_wconf 78' lang='lat' dir='ltr'><strong>infra</strong></span> <span class='ocrx_word' id='word_1_723' title='bbox 878 5109 1173 5181; x_wconf 80' lang='grc' dir='ltr'>Ἀλκετέας</span> <span class='ocrx_word' id='word_1_724' title='bbox 1204 5135 1266 5183; x_wconf 84' lang='grc' dir='ltr'><strong>ς.</strong></span> 
     </span>
    </p>
   </div>
   <div class='ocr_carea' id='block_1_101' title="bbox 1712 5216 1952 5272">
    <p class='ocr_par' dir='ltr' id='par_1_101' title="bbox 1712 5216 1952 5272">
     <span class='ocr_line' id='line_1_101' title="bbox 1712 5216 1952 5272; baseline 0.017 -3"><span class='ocrx_word' id='word_1_725' title='bbox 1712 5216 1952 5272; x_wconf 66' lang='grc' dir='ltr'>ΝυΤκΕ.</span> 
     </span>
    </p>
   </div>
   <div class='ocr_carea' id='block_1_102' title="bbox 302 5298 3433 5381">
    <p class='ocr_par' dir='ltr' id='par_1_102' title="bbox 302 5298 3433 5381">
     <span class='ocr_line' id='line_1_102' title="bbox 302 5298 3433 5381; baseline 0.001 -28"><span class='ocrx_word' id='word_1_726' title='bbox 302 5299 420 5381; x_wconf 74' lang='grc'>(40)</span> <span class='ocrx_word' id='word_1_727' title='bbox 448 5298 717 5381; x_wconf 57' lang='lat' dir='ltr'><strong>Videinf.</strong></span> <span class='ocrx_word' id='word_1_728' title='bbox 751 5302 875 5358; x_wconf 90' lang='lat' dir='ltr'><strong>cod.</strong></span> <span class='ocrx_word' id='word_1_729' title='bbox 915 5302 1047 5371; x_wconf 76' lang='grc'><strong>277,</strong></span> <span class='ocrx_word' id='word_1_730' title='bbox 1090 5312 1147 5360; x_wconf 85' lang='lat' dir='ltr'><strong>et</strong></span> <span class='ocrx_word' id='word_1_731' title='bbox 1191 5304 1475 5361; x_wconf 89' lang='lat' dir='ltr'><strong>Plutarch.</strong></span> <span class='ocrx_word' id='word_1_732' title='bbox 1506 5305 1605 5362; x_wconf 89' lang='lat' dir='ltr'><strong>lib.</strong></span> <span class='ocrx_word' id='word_1_733' title='bbox 1630 5307 1819 5363; x_wconf 84' lang='lat' dir='ltr'><strong>decem</strong></span> <span class='ocrx_word' id='word_1_734' title='bbox 1933 5309 2061 5367; x_wconf 82' lang='lat' dir='ltr'><strong>Haec</strong></span> <span class='ocrx_word' id='word_1_735' title='bbox 2090 5322 2270 5368; x_wconf 88' lang='lat' dir='ltr'><strong>autem</strong></span> <span class='ocrx_word' id='word_1_736' title='bbox 2297 5311 2445 5381; x_wconf 83' lang='lat' dir='ltr'><strong>regio</strong></span> <span class='ocrx_word' id='word_1_737' title='bbox 2467 5308 2643 5381; x_wconf 86' lang='lat' dir='ltr'><strong>Plinio</strong></span> <span class='ocrx_word' id='word_1_738' title='bbox 2669 5306 2980 5381; x_wconf 66' lang='lat' dir='ltr'><strong>Pentapoli:</strong></span> <span class='ocrx_word' id='word_1_739' title='bbox 3012 5304 3191 5375; x_wconf 74' lang='lat' dir='ltr'><strong>Libyn:</strong></span> <span class='ocrx_word' id='word_1_740' title='bbox 3220 5303 3433 5381; x_wconf 77' lang='lat' dir='ltr'><strong>dicitur.</strong></span> 
     </span>
    </p>
   </div>
   <div class='ocr_carea' id='block_1_103' title="bbox 237 5365 3508 5453">
    <p class='ocr_par' dir='ltr' id='par_1_103' title="bbox 237 5365 3508 5453">
     <span class='ocr_line' id='line_1_103' title="bbox 237 5365 3508 5453; baseline -0.009 1"><span class='ocrx_word' id='word_1_741' title='bbox 237 5365 802 5453; x_wconf 44' lang='grc' dir='ltr'><strong>δ”ῗῗίῖίῳρηιθτὲηηὶ</strong></span> <span class='ocrx_word' id='word_1_742' title='bbox 998 5365 1042 5453; x_wconf 32' lang='grc'><strong>,⁷</strong></span> <span class='ocrx_word' id='word_1_743' title='bbox 1090 5444 1124 5453; x_wconf 83' lang='grc'><strong>,,</strong></span> <span class='ocrx_word' id='word_1_744' title='bbox 1196 5444 1207 5453; x_wconf 86' lang='grc'><strong>,</strong></span> <span class='ocrx_word' id='word_1_745' title='bbox 1278 5444 1328 5453; x_wconf 80' lang='grc'><strong>,,</strong></span> <span class='ocrx_word' id='word_1_746' title='bbox 1405 5445 1418 5453; x_wconf 91' lang='lat'><em>_</em></span> <span class='ocrx_word' id='word_1_747' title='bbox 1745 5449 1756 5453; x_wconf 96' lang='lat'><strong>_</strong></span> <span class='ocrx_word' id='word_1_748' title='bbox 1987 5365 2425 5453; x_wconf 21' lang='lat' dir='ltr'><strong>Vidn—Antipatri</strong></span> <span class='ocrx_word' id='word_1_749' title='bbox 2457 5380 2619 5453; x_wconf 81' lang='lat' dir='ltr'><strong>ﬁlius,</strong></span> <span class='ocrx_word' id='word_1_750' title='bbox 2652 5388 2781 5433; x_wconf 88' lang='lat' dir='ltr'><strong>natu</strong></span> <span class='ocrx_word' id='word_1_751' title='bbox 2820 5365 3237 5453; x_wconf 34' lang='lat' dir='ltr'><strong>minimuscqu‘i</strong></span> <span class='ocrx_word' id='word_1_752' title='bbox 3266 5375 3508 5453; x_wconf 66' lang='lat' dir='ltr'><strong>Alexan-</strong></span> 
     </span>
    </p>
   </div>
   <div class='ocr_carea' id='block_1_104' title="bbox 247 5438 3510 5562">
    <p class='ocr_par' dir='ltr' id='par_1_104' title="bbox 247 5438 3510 5562">
     <span class='ocr_line' id='line_1_104' title="bbox 247 5438 3510 5562; baseline 0.001 -68"><span class='ocrx_word' id='word_1_753' title='bbox 247 5518 263 5559; x_wconf 50' lang='grc' dir='ltr'><strong>ι</strong></span> <span class='ocrx_word' id='word_1_754' title='bbox 304 5438 971 5562; x_wconf 47' lang='lat' dir='ltr'><strong>#ljtPausaniasttamen</strong></span> <span class='ocrx_word' id='word_1_755' title='bbox 998 5445 1054 5502; x_wconf 92' lang='lat' dir='ltr'><strong>in</strong></span> <span class='ocrx_word' id='word_1_756' title='bbox 1083 5444 1452 5503; x_wconf 83' lang='lat' dir='ltr'><strong>Corinthiacis</strong></span> <span class='ocrx_word' id='word_1_757' title='bbox 1480 5462 1511 5501; x_wconf 90' lang='lat' dir='ltr'><strong>a</strong></span> <span class='ocrx_word' id='word_1_758' title='bbox 1546 5461 1708 5504; x_wconf 88' lang='lat' dir='ltr'><strong>servo</strong></span> <span class='ocrx_word' id='word_1_759' title='bbox 1742 5449 1823 5503; x_wconf 89' lang='lat' dir='ltr'><strong>in-</strong></span> <span class='ocrx_word' id='word_1_760' title='bbox 1930 5438 2029 5562; x_wconf 69' lang='lat' dir='ltr'><strong>dlro</strong></span> <span class='ocrx_word' id='word_1_761' title='bbox 2057 5438 2327 5509; x_wconf 76' lang='lat' dir='ltr'><strong>venenum</strong></span> <span class='ocrx_word' id='word_1_762' title='bbox 2370 5438 2693 5521; x_wconf 86' lang='lat' dir='ltr'><strong>pr0pinasse</strong></span> <span class='ocrx_word' id='word_1_763' title='bbox 2732 5448 2965 5503; x_wconf 88' lang='lat' dir='ltr'><strong>traditur</strong></span> <span class='ocrx_word' id='word_1_764' title='bbox 2990 5450 3059 5501; x_wconf 89' lang='lat' dir='ltr'><strong>ab</strong></span> <span class='ocrx_word' id='word_1_765' title='bbox 3100 5438 3338 5500; x_wconf 71' lang='lat' dir='ltr'><strong>Arriano</strong></span> <span class='ocrx_word' id='word_1_766' title='bbox 3391 5444 3510 5513; x_wconf 84' lang='lat' dir='ltr'><strong>ipso</strong></span> 
     </span>
     <span class='ocr_line' id='line_1_105' title="bbox 268 5524 2160 5562; baseline 0 0"><span class='ocrx_word' id='word_1_767' title='bbox 268 5526 296 5561; x_wconf 66' lang='grc' dir='ltr'><strong>θ</strong></span> <span class='ocrx_word' id='word_1_768' title='bbox 353 5525 415 5562; x_wconf 88' lang='lat' dir='ltr'><strong>ec</strong></span> <span class='ocrx_word' id='word_1_769' title='bbox 448 5525 534 5562; x_wconf 88' lang='lat' dir='ltr'><strong>um</strong></span> <span class='ocrx_word' id='word_1_770' title='bbox 566 5526 761 5562; x_wconf 72' lang='lat' dir='ltr'><strong>ICI‘IDSI</strong></span> <span class='ocrx_word' id='word_1_771' title='bbox 796 5554 810 5562; x_wconf 90' lang='lat'><strong>.</strong></span> <span class='ocrx_word' id='word_1_772' title='bbox 1930 5538 1956 5562; x_wconf 69' lang='grc' dir='ltr'><strong>ει</strong></span> <span class='ocrx_word' id='word_1_773' title='bbox 1986 5524 2160 5562; x_wconf 74' lang='lat' dir='ltr'><strong>iiennp</strong></span> 
     </span>
    </p>
   </div>
   <div class='ocr_carea' id='block_1_105' title="bbox 268 5521 2182 5578">
    <p class='ocr_par' dir='ltr' id='par_1_105' title="bbox 268 5521 2182 5578">
     <span class='ocr_line' id='line_1_106' title="bbox 268 5521 2182 5578; baseline 0.009 -18"><span class='ocrx_word' id='word_1_774' title='bbox 268 5521 534 5564; x_wconf 79' lang='lat' dir='ltr'><strong>erlectum</strong></span> <span class='ocrx_word' id='word_1_775' title='bbox 566 5521 810 5578; x_wconf 82' lang='lat' dir='ltr'><strong>scripsit.</strong></span> <span class='ocrx_word' id='word_1_776' title='bbox 1929 5522 2182 5578; x_wconf 86' lang='lat' dir='ltr'><strong>aliisaue.</strong></span> 
     </span>
    </p>
   </div>
   <div class='ocr_carea' id='block_1_106' title="bbox 307 5528 3517 5663">
    <p class='ocr_par' dir='ltr' id='par_1_106' title="bbox 307 5528 3517 5663">
     <span class='ocr_line' id='line_1_107' title="bbox 307 5528 2182 5591; baseline -0.004 -6"><span class='ocrx_word' id='word_1_777' title='bbox 307 5528 534 5564; x_wconf 62' lang='lat' dir='ltr'><strong>&quot;eum&quot;</strong></span> <span class='ocrx_word' id='word_1_778' title='bbox 566 5528 810 5581; x_wconf 68' lang='grc' dir='ltr'><strong>επιρειι·</strong></span> <span class='ocrx_word' id='word_1_779' title='bbox 1929 5528 2182 5591; x_wconf 89' lang='lat' dir='ltr'><strong>aliisque.</strong></span> 
     </span>
     <span class='ocr_line' id='line_1_108' title="bbox 307 5578 3517 5663; baseline -0.006 -5"><span class='ocrx_word' id='word_1_780' title='bbox 307 5578 505 5663; x_wconf 52' lang='lat' dir='ltr'><strong>(4,2)nA</strong></span> <span class='ocrx_word' id='word_1_781' title='bbox 533 5580 707 5663; x_wconf 68' lang='grc' dir='ltr'><strong>Βαὶτε</strong></span> <span class='ocrx_word' id='word_1_782' title='bbox 732 5582 876 5663; x_wconf 51' lang='lat' dir='ltr'><strong>(quae</strong></span> <span class='ocrx_word' id='word_1_783' title='bbox 912 5593 1040 5663; x_wconf 57' lang='grc' dir='ltr'><strong>Ριξξι</strong></span> <span class='ocrx_word' id='word_1_784' title='bbox 1070 5586 1550 5663; x_wconf 34' lang='grc' dir='ltr'><strong>Ρεο-ίειδῃαὶεοῑςεει</strong></span> <span class='ocrx_word' id='word_1_785' title='bbox 1590 5602 1821 5663; x_wconf 78' lang='lat' dir='ltr'><strong>geogra-</strong></span> <span class='ocrx_word' id='word_1_786' title='bbox 2003 5592 2122 5663; x_wconf 78' lang='lat'><strong>(45)</strong></span> <span class='ocrx_word' id='word_1_787' title='bbox 2149 5593 2350 5649; x_wconf 80' lang='lat' dir='ltr'><strong>Justin.</strong></span> <span class='ocrx_word' id='word_1_788' title='bbox 2375 5594 2495 5645; x_wconf 82' lang='lat' dir='ltr'><strong>haec</strong></span> <span class='ocrx_word' id='word_1_789' title='bbox 2522 5588 2681 5663; x_wconf 77' lang='lat' dir='ltr'><strong>aliter</strong></span> <span class='ocrx_word' id='word_1_790' title='bbox 2708 5587 2889 5663; x_wconf 70' lang='lat' dir='ltr'><strong>paulo,</strong></span> <span class='ocrx_word' id='word_1_791' title='bbox 2911 5596 3032 5641; x_wconf 89' lang='lat' dir='ltr'><strong>astu</strong></span> <span class='ocrx_word' id='word_1_792' title='bbox 3059 5594 3349 5654; x_wconf 88' lang='lat' dir='ltr'><strong>utramque</strong></span> <span class='ocrx_word' id='word_1_793' title='bbox 3368 5598 3517 5653; x_wconf 73' lang='lat' dir='ltr'><strong>qua:-</strong></span> 
     </span>
    </p>
   </div>
   <div class='ocr_carea' id='block_1_107' title="bbox 241 5648 3030 5727">
    <p class='ocr_par' dir='ltr' id='par_1_107' title="bbox 241 5648 3030 5727">
     <span class='ocr_line' id='line_1_109' title="bbox 241 5648 3030 5727; baseline 0.004 -27"><span class='ocrx_word' id='word_1_794' title='bbox 241 5648 381 5727; x_wconf 69' lang='lat' dir='ltr'><strong>pltis)</strong></span> <span class='ocrx_word' id='word_1_795' title='bbox 431 5648 637 5727; x_wconf 61' lang='lat' dir='ltr'><strong>Barcini</strong></span> <span class='ocrx_word' id='word_1_796' title='bbox 670 5648 930 5727; x_wconf 69' lang='lat' dir='ltr'><strong>appellati</strong></span> <span class='ocrx_word' id='word_1_797' title='bbox 972 5655 1203 5723; x_wconf 83' lang='lat' dir='ltr'><strong>Maroni,</strong></span> <span class='ocrx_word' id='word_1_798' title='bbox 1228 5656 1459 5727; x_wconf 64' lang='lat' dir='ltr'><strong>Bai-cita;</strong></span> <span class='ocrx_word' id='word_1_799' title='bbox 1500 5648 1811 5723; x_wconf 51' lang='lat' dir='ltr'><strong>Ptolemaeo,</strong></span> <span class='ocrx_word' id='word_1_800' title='bbox 1939 5648 2126 5727; x_wconf 53' lang='lat' dir='ltr'><strong>sit‘am&#39;,</strong></span> <span class='ocrx_word' id='word_1_801' title='bbox 2160 5648 2408 5719; x_wconf 81' lang='lat' dir='ltr'><strong>neutram</strong></span> <span class='ocrx_word' id='word_1_802' title='bbox 2435 5648 2781 5727; x_wconf 71' lang='lat' dir='ltr'><strong>acquisitain,</strong></span> <span class='ocrx_word' id='word_1_803' title='bbox 2813 5648 2906 5727; x_wconf 82' lang='lat' dir='ltr'><strong>lib.</strong></span> <span class='ocrx_word' id='word_1_804' title='bbox 2928 5672 3030 5711; x_wconf 81' lang='lat' dir='ltr'><strong>xu.</strong></span> 
     </span>
    </p>
   </div>
   <div class='ocr_carea' id='block_1_108' title="bbox 242 5715 1822 5844">
    <p class='ocr_par' dir='ltr' id='par_1_108' title="bbox 242 5715 1822 5844">
     <span class='ocr_line' id='line_1_110' title="bbox 242 5715 1822 5844; baseline 0.006 -71"><span class='ocrx_word' id='word_1_805' title='bbox 242 5715 788 5844; x_wconf 54' lang='grc' dir='ltr'><strong>ξρᾶἐιέῗέῡῖγιιοεῖὀ.</strong></span> <span class='ocrx_word' id='word_1_806' title='bbox 821 5724 958 5782; x_wconf 82' lang='lat' dir='ltr'><strong>Hinc</strong></span> <span class='ocrx_word' id='word_1_807' title='bbox 1017 5715 1201 5784; x_wconf 54' lang='lat' dir='ltr'><strong>etiam&#39;</strong></span> <span class='ocrx_word' id='word_1_808' title='bbox 1233 5726 1471 5782; x_wconf 64' lang='lat' dir='ltr'><strong>Barcen:</strong></span> <span class='ocrx_word' id='word_1_809' title='bbox 1525 5715 1822 5784; x_wconf 41' lang='lat' dir='ltr'><strong>derivatus&#39;.</strong></span> 
     </span>
    </p>
   </div>
   <div class='ocr_carea' id='block_1_109' title="bbox 291 5803 581 5857">
    <p class='ocr_par' dir='ltr' id='par_1_109' title="bbox 291 5803 581 5857">
     <span class='ocr_line' id='line_1_111' title="bbox 291 5803 581 5857; baseline 0.014 -18"><span class='ocrx_word' id='word_1_810' title='bbox 291 5803 371 5840; x_wconf 75' lang='lat' dir='ltr'><strong>tue</strong></span> <span class='ocrx_word' id='word_1_811' title='bbox 394 5803 581 5857; x_wconf 67' lang='lat' dir='ltr'><strong>ateph.</strong></span> 
     </span>
    </p>
   </div>
   <div class='ocr_carea' id='block_1_110' title="bbox 310 5858 1814 5940">
    <p class='ocr_par' dir='ltr' id='par_1_110' title="bbox 310 5858 1814 5940">
     <span class='ocr_line' id='line_1_112' title="bbox 310 5858 1814 5940; baseline 0.004 -23"><span class='ocrx_word' id='word_1_812' title='bbox 310 5858 423 5930; x_wconf 70' lang='grc'>(45)</span> <span class='ocrx_word' id='word_1_813' title='bbox 442 5862 568 5929; x_wconf 80' lang='lat' dir='ltr'><strong>Quae</strong></span> <span class='ocrx_word' id='word_1_814' title='bbox 582 5862 876 5924; x_wconf 68' lang='lat' dir='ltr'><strong>Ptolemaeo</strong></span> <span class='ocrx_word' id='word_1_815' title='bbox 901 5876 957 5923; x_wconf 89' lang='lat' dir='ltr'><strong>et</strong></span> <span class='ocrx_word' id='word_1_816' title='bbox 976 5867 1126 5926; x_wconf 68' lang='lat' dir='ltr'><strong>Melae</strong></span> <span class='ocrx_word' id='word_1_817' title='bbox 1142 5869 1364 5925; x_wconf 69' lang='lat' dir='ltr'><strong>Arsinoe</strong></span> <span class='ocrx_word' id='word_1_818' title='bbox 1387 5878 1471 5926; x_wconf 83' lang='lat' dir='ltr'><strong>est</strong></span> <span class='ocrx_word' id='word_1_819' title='bbox 1485 5868 1814 5940; x_wconf 77' lang='lat' dir='ltr'><strong>Cyrenaicw.</strong></span> 
     </span>
    </p>
   </div>
   <div class='ocr_carea' id='block_1_111' title="bbox 2011 5725 3517 5803">
    <p class='ocr_par' dir='ltr' id='par_1_111' title="bbox 2011 5725 3517 5803">
     <span class='ocr_line' id='line_1_113' title="bbox 2011 5725 3517 5803; baseline -0.007 -16"><span class='ocrx_word' id='word_1_820' title='bbox 2011 5725 2124 5803; x_wconf 73' lang='lat' dir='ltr'><strong>(Mi)</strong></span> <span class='ocrx_word' id='word_1_821' title='bbox 2158 5734 2212 5787; x_wconf 90' lang='lat' dir='ltr'><strong>In</strong></span> <span class='ocrx_word' id='word_1_822' title='bbox 2234 5736 2380 5788; x_wconf 77' lang='lat' dir='ltr'><strong>etlito</strong></span> <span class='ocrx_word' id='word_1_823' title='bbox 2391 5725 2632 5803; x_wconf 70' lang='lat' dir='ltr'><strong>Arriano</strong></span> <span class='ocrx_word' id='word_1_824' title='bbox 2667 5729 2786 5803; x_wconf 61' lang='lat' dir='ltr'><strong>hac</strong></span> <span class='ocrx_word' id='word_1_825' title='bbox 2808 5725 2956 5803; x_wconf 82' lang='lat' dir='ltr'><strong>Cyna</strong></span> <span class='ocrx_word' id='word_1_826' title='bbox 2976 5735 3226 5803; x_wconf 78' lang='lat' dir='ltr'><strong>vocatur,</strong></span> <span class='ocrx_word' id='word_1_827' title='bbox 3255 5725 3517 5803; x_wconf 75' lang='lat' dir='ltr'><strong>A__t_ben&#39;.eo</strong></span> 
     </span>
    </p>
   </div>
   <div class='ocr_carea' id='block_1_112' title="bbox 1934 5795 3516 5876">
    <p class='ocr_par' dir='ltr' id='par_1_112' title="bbox 1934 5795 3516 5876">
     <span class='ocr_line' id='line_1_114' title="bbox 1934 5795 3516 5876; baseline -0.008 -16"><span class='ocrx_word' id='word_1_828' title='bbox 1934 5795 2118 5876; x_wconf 67' lang='lat' dir='ltr'><strong>Cyimd</strong></span> <span class='ocrx_word' id='word_1_829' title='bbox 2142 5805 2234 5862; x_wconf 93' lang='lat' dir='ltr'><strong>lib.</strong></span> <span class='ocrx_word' id='word_1_830' title='bbox 2271 5820 2369 5862; x_wconf 78' lang='lat' dir='ltr'><strong>xu.</strong></span> <span class='ocrx_word' id='word_1_831' title='bbox 2391 5801 2534 5871; x_wconf 75' lang='lat' dir='ltr'><strong>Lege</strong></span> <span class='ocrx_word' id='word_1_832' title='bbox 2564 5800 2631 5855; x_wconf 88' lang='lat' dir='ltr'><strong>de</strong></span> <span class='ocrx_word' id='word_1_833' title='bbox 2661 5815 2725 5856; x_wconf 89' lang='lat' dir='ltr'><strong>ea</strong></span> <span class='ocrx_word' id='word_1_834' title='bbox 2754 5797 2989 5869; x_wconf 80' lang='lat' dir='ltr'><strong>Polyaen.</strong></span> <span class='ocrx_word' id='word_1_835' title='bbox 3020 5797 3123 5856; x_wconf 87' lang='lat' dir='ltr'><strong>sub</strong></span> <span class='ocrx_word' id='word_1_836' title='bbox 3150 5799 3246 5853; x_wconf 83' lang='lat' dir='ltr'><strong>lin.</strong></span> <span class='ocrx_word' id='word_1_837' title='bbox 3280 5795 3376 5852; x_wconf 80' lang='lat' dir='ltr'><strong>lib.</strong></span> <span class='ocrx_word' id='word_1_838' title='bbox 3397 5810 3516 5851; x_wconf 75' lang='lat' dir='ltr'><strong>VIII.</strong></span> 
     </span>
    </p>
   </div>
  </div>
