3926 6486
477 411 585 476 307

1616 398 1874 476 PHOTII
1915 413 2420 474 PATRIARCII/E
2459 413 2566 474 CP.
3616 417 3712 483 303

476 520 728 573 «tandem
753 533 876 573 cum
900 510 1208 573 Alexandro
1242 527 1447 589 patrem
1470 520 1607 589 70b
1629 520 1936 589 Philippum
1961 522 2035 575 ha

2163 521 2341 586 ξαντο.
2394 521 2459 574 Ἦ
2488 520 2545 574 δὲ
2574 520 2796 589 Κυνάνη
2828 520 3091 574 Φίλιππον
3130 520 3228 591 μὲν
3255 517 3367 590 εῐχε
3398 522 3599 595 πατέρα
3618 568 3634 593 ,
3656 528 3710 582 ὃν

474 610 609 672 h‘uit,
630 608 722 664 sed
739 618 968 663 matrem
986 611 1290 681 Eurydicen
1315 612 1450 683 (47),
1470 622 1632 681 atque
1646 614 1890 683 Amyntze
1911 612 2053 668 illius

475 714 615 753 uxor
645 699 766 766 fuit,
796 716 958 771 quem
1002 702 1316 757 Alexander
1359 718 1389 758 e
1431 704 1890 769 mediususmlit,
1931 718 2054 758 cum

473 787 526 838 in
558 787 769 853 Asiam,
797 790 1143 858 expeditione
1174 802 1450 860 suscepta,
1484 804 1749 848 moveret.
1784 792 1927 847 Idem
1957 810 2056 849 au-

476 884 582 930 tem
610 875 700 931 ille
729 877 1089 949 interemptus
1128 881 1393 951 Amyntas
1426 923 1441 946 ,
1489 881 1764 937 Perdicca:
1820 882 2052 954 Philippi

476 964 663 1023 fratris
691 969 851 1034 ﬁlius,
878 971 1172 1026 Alexandri
1201 972 1461 1040 patruelis
1499 983 1636 1029 erat.
1680 974 1836 1030 Nunc
1874 977 2054 1044 itaque

470 1058 691 1129 Cynaue
750 1060 913 1115 filiam
957 1078 1110 1117 suam
1155 1064 1374 1131 Adean,
1424 1080 1543 1135 quas
1582 1076 1706 1137 post
1748 1067 2053 1137 Eurydices

471 1163 775 1218 cognomen
810 1153 952 1219 tulit,
988 1155 1234 1210 Arridteo
1265 1172 1489 1212 uxorem
1517 1158 1849 1226 adducebat,
1886 1174 2049 1229 quam

469 1251 524 1295 et
555 1254 743 1312 postea
781 1245 955 1312 duxit,
986 1247 1105 1317 ipso
1131 1250 1469 1318 transigente
1498 1248 1780 1316 Perdicca,
1821 1266 1931 1321 quo
1954 1268 2053 1323 per

470 1331 589 1386 illas
622 1336 841 1402 nuptias
873 1332 1224 1393 Macedondm
1260 1338 1548 1395 sedaretur
1581 1342 1800 1409 seditio,
1833 1358 1953 1413 qua:
1982 1343 2053 1398 ob

469 1422 738 1477 sublatam
788 1423 1064 1496 Cynanem
1130 1443 1383 1494 accensa,
1439 1431 1625 1486 abibat
1676 1432 1729 1486 in
1785 1432 2046 1488 deterius.

467 1510 773 1580 Antigonus
804 1514 1025 1570 interim
1066 1517 1118 1571 in
1161 1517 1532 1575 Macedoniam
1584 1524 1652 1577 ad
1702 1523 2049 1592 Antipatrum

468 1609 522 1654 et
560 1602 848 1658 Craterum
888 1606 1150 1678 profugit,
1194 1611 1408 1680 sibique
1447 1627 1475 1667 a
1520 1613 1781 1670 Perdicca
1811 1624 2049 1670 structas

464 1690 691 1747 insidias
717 1697 957 1766 exponit,
988 1713 1052 1754 ac
1085 1702 1423 1757 tantumdem
1456 1718 1600 1758 eum‘
1622 1707 1673 1759 in
1703 1721 1894 1760 omnes
1935 1717 2050 1761 stu-

463 1781 615 1839 diose
643 1787 894 1842 meditari
930 1788 1182 1846 afﬁrmat.
1219 1793 1487 1849 Similiter
1515 1806 1568 1850 et
1593 1795 1843 1868 Cynaues
1873 1798 2046 1853 infor-

2161 613 2253 666 καὶ
2281 612 2626 682 Ἀλέξανδρος
2644 652 2659 675 ,
2688 612 2752 665 ἐκ
2776 611 2831 664 δὲ
2871 611 3077 682 μητρὸς
3100 612 3404 682 Εὐρυδίκης
3432 609 3517 681 ἦν,
3539 618 3710 687 γυνὴοο

2156 705 2214 759 δὲ
2264 704 2567 773 Ἀμύντου,
2613 703 2672 755 ὃν
2701 703 2839 774 ἔφθη
2875 702 3229 773 Ἀλέξανδρος
3271 706 3514 769 κτεῖναι,
3559 709 3711 763 ὁπότε

2157 798 2235 860 είς
2270 797 2368 865 τὴν
2406 792 2594 849 Ἀσίαν
2614 795 2901 849 διέϐαινεν.
2938 786 3109 857 Οὗτος
3126 797 3169 827 ⁹¹
3201 795 3259 847 δὲ
3281 795 3574 866 Περδίκκου
3597 802 3713 864 παῖς

2154 884 2252 960 ἦνῖ,
2274 888 2503 957 ἁδελφὸς
2524 887 2582 941 δὲ
2597 887 2866 941 Φιλίππου
2894 887 3203 959 Περδίκκας
3220 928 3235 950 ,
3254 887 3330 949 ὡς
3358 882 3496 941 εἶναι
3534 878 3691 957 Ἀμύν

2154 998 2253 1034 ταν
2283 980 2375 1035 τὸν
2404 981 2747 1051 ἀνῃρημένον
2784 978 3136 1049 Ἀλεξάνδρου
3163 977 3404 1047 ἀνεψιόν.
3436 973 3574 1046 Ἧγε
3600 979 3651 1033 δὲ
3680 984 3711 1051 ἡ

2155 1060 2373 1140 Κυνάνη
2414 1071 2604 1124 Ἀδέαν
2638 1069 2740 1139 τὴν
2764 1069 2935 1138 αὐτῆς
2968 1068 3247 1139 θυγατέρα
3264 1069 3332 1134 ’³,
3358 1068 3479 1138 ἥτις
3506 1067 3715 1140 ὕστερον

2156 1162 2429 1233 Εὐρυδίκη
2462 1160 2859 1232 μετωνομάσθη
2879 1200 2897 1226 ,
2928 1159 3006 1230 τῷ
3039 1160 3333 1231 Ἀρριδαίῳ
3366 1160 3446 1223 είς
3476 1163 3711 1228 γυναῖκα·

2152 1252 2221 1322 ἣν
2266 1253 2363 1305 καὶ
2406 1251 2634 1321 ὕστερον
2663 1250 2906 1318 ἠγάγετο
2957 1249 3242 1319 Περδίκκα
3288 1248 3715 1318 διαπραξαμένου

2152 1342 2237 1409 ἐφ’
2268 1333 2313 1407 ᾧ
2344 1339 2549 1393 παῦσαι
2595 1339 2695 1400 τὴν
2741 1337 3074 1391 Μακεδόνων
3105 1336 3323 1404 στάσιν,
3373 1337 3496 1407 ἥτις
3535 1338 3623 1389 ἐπὶ
3648 1337 3718 1407 τῷ

2153 1429 2407 1500 Κυνάνης
2436 1428 2599 1481 πάθει
2642 1426 2948 1496 ὰναφθείσα
2983 1426 3079 1479 ἐπὶ
3129 1427 3272 1497 μέγα
3320 1426 3493 1480 κακοῦ
3516 1426 3561 1458 ⁸³
3589 1443 3717 1497 προ-

2152 1520 2370 1591 εχώρει.
2406 1518 2714 1586 Ἀντίγονος
2742 1516 2799 1569 δὲ
2820 1517 2875 1581 ἐς
2915 1515 3260 1569 Μακεδονίαν
3288 1514 3438 1586 παρὰ
3482 1515 3718 1569 Ἀντίπα-

2149 1629 2278 1680 τρον
2312 1612 2407 1664 καὶ
2438 1610 2720 1679 Κρατερὸν
2768 1608 2937 1677 ἔφυγε
2958 1647 2973 1671 ,
3005 1608 3101 1662 καὶ
3131 1607 3231 1677 τὴν
3275 1607 3356 1669 είς
3404 1607 3567 1660 αὐτὸν
3607 1607 3718 1661 ἐπι-

2151 1703 2380 1773 ϐουλὴν,
2406 1703 2473 1771 ἢν
2502 1701 2808 1771 Περδίκκας
2841 1699 3097 1753 ἐϐούλευε
3123 1738 3138 1764 ,
3169 1698 3466 1770 διηγήσατο
3492 1737 3506 1761 ,
3538 1698 3629 1751 καὶ
3649 1698 3717 1761 ὡς

2151 1796 2291 1849 κατὰ
2319 1795 2533 1848 πάντων
2558 1796 2592 1863 ἡ
2624 1793 2762 1863 αὑτὴ
2794 1792 2957 1860 αὐτῷ
2975 1791 3175 1862 μελέτη
3212 1789 3604 1854 σπουδάζεται·
3633 1791 3717 1842 ἀν·-

464 1880 676 1933 tunium
725 1883 931 1951 tragice
976 1894 1289 1956 exaggerat.
1320 1886 1527 1954 Quibus
1556 1892 1628 1943 ita
1659 1891 1945 1958 expositis,
1978 1893 2035 1947 ad

2154 1887 2359 1952 εδίδαξέ
2383 1904 2443 1939 τε
2478 1862 2658 1939 καὶτὸ
2680 1885 2779 1954 τῆς
2805 1884 3057 1954 Κυνάνης
3087 1882 3515 1953 ἐκτραγῳδήσας
3536 1881 3714 1944 πάθος.

460 1969 662 2025 bellum
708 1972 854 2040 ipsos
885 1984 1074 2030 contra
1118 1976 1438 2035 Perdiccam
1491 1981 1789 2051 gerendum
1837 1983 2049 2038 ittﬂam~

459 2070 595 2116 mat.

533 2155 812 2213 Arridaeus
835 2174 1052 2230 quoque
1090 2160 1388 2217 Alexandri
1429 2164 1573 2232 apud
1604 2179 1663 2220 se
1703 2180 1903 2236 corpus
1930 2182 2047 2223 ser-

459 2258 615 2311 \‘ans,
651 2263 986 2319 repugnante
1040 2251 1299 2308 Perdicca
1329 2294 1344 2319 ,
1400 2254 1467 2309 ad
1518 2254 1868 2312 Ptulemmum
1913 2257 2043 2327 Lagi

458 2337 520 2391 l".
567 2351 791 2409 accepto
832 2357 1062 2411 corpore
1106 2344 1470 2413 proficiscitur
1496 2346 1633 2418 (48),
1686 2364 1716 2403 a
1770 2349 2043 2422 Babylone

455 2442 551 2495 per
579 2426 911 2484 Damascum
944 2432 996 2485 in
1028 2432 1326 2503 Egyptum
1356 2435 1463 2489 iter
1492 2437 1723 2493 habens.
1749 2438 1850 2504 Qui
1878 2456 2043 2511 saepe-

453 2534 685 2575 numero
716 2521 843 2577 licet
876 2538 903 2575 a
933 2522 1231 2583 Polemone
1277 2529 1839 2586 Perdiccat‘familiari
1870 2533 2041 2602 impe-

451 2612 619 2677 ditus,
659 2614 893 2682 pervicit
936 2625 1146 2684 tamen,
1187 2634 1250 2673 re
1306 2635 1373 2674 ex
1420 2623 1587 2676 animi
1636 2625 1717 2678 sui
1768 2626 2038 2680 sententia

450 2714 622 2773 gesta.
667 2704 878 2760 Interea
927 2707 1199 2765 Eumenes
1248 2712 1525 2767 Perdicca:
1556 2728 1781 2769 munera
1817 2714 2038 2770 Sardeis

451 2798 518 2849 ad
544 2796 891 2865 Cleopatram
916 2800 1099 2855 attulit
1135 2821 1148 2856 :
1183 2805 1571 2874 decretumque
1606 2804 1718 2874 jam
1757 2822 1879 2862 esse
1905 2808 2036 2863 Per-

449 2888 638 2952 diccae,
667 2889 846 2945 Nicaea
873 2893 1181 2961 repudiata,
1213 2896 1333 2965 ejus
1375 2897 1428 2951 in
1463 2897 1643 2952 locum
1688 2899 2034 2967 Cleopatram

448 2978 670 3043 ducere,
693 2983 836 3051 quod
863 2984 952 3039 ubi
990 2984 1227 3040 innotuit
1251 2986 1570 3058 (Menander
1600 2989 1786 3060 Lydiae
1815 3003 2032 3060 satrapa

445 3071 717 3140 Antigono
761 3075 1111 3145 significavit,
1141 3087 1195 3131 et
1231 3093 1329 3147 per
1373 3094 1497 3135 eum
1547 3081 1840 3151 Antipatro
1895 3099 2033 3151 quo-

445 3178 556 3230 que
579 3174 631 3218 ct
679 3164 907 3222 Cratero
957 3182 1045 3224 res
1087 3170 1407 3243 publicata),
1447 3188 1511 3228 eo
1541 3176 1710 3229 etiam
1738 3174 2034 3230 vehemen-
2060 3208 2103 3265 ο

450 3253 558 3309 tius
592 3254 664 3308 illi
702 3257 769 3310 ad
807 3254 1123 3315 Perdiccam
1170 3261 1310 3317 bello
1352 3266 1790 3333 persequendum
1821 3268 2031 3322 incitati

442 3354 593 3400 sunt.
638 3348 926 3417 Antipater
979 3350 1166 3421 itaque
1199 3363 1255 3408 et
1297 3353 1560 3410 Craterus
1610 3371 1641 3411 e
1684 3357 2031 3414 Cherroneso

445 3436 856 3509 Hellespontum
884 3442 1192 3513 trajiciunt,
1233 3449 1492 3515 trajectus
1532 3450 1853 3523 custodibus
1888 3451 2028 3505 clam

440 3544 542 3599 per
570 3529 777 3601 legatos
820 3535 1082 3604 deceptis.
1114 3533 1403 3592 Mittuntur
1432 3547 1481 3593 et
1513 3539 1581 3593 ab
1615 3541 1700 3595 his
1733 3542 1798 3595 ad
1825 3542 2028 3597 Eume-

443 3636 567 3675 nem
606 3637 667 3678 ac
713 3624 1149 3695 Neoptolemum,
1182 3627 1453 3685 Perdicca:
1492 3631 1778 3697 obnoxios,
1809 3634 1967 3705 legati
2013 3655 2024 3689 :

445 3715 646 3783 quibus
691 3715 1081 3785 NeOptulemus
1131 3720 1350 3790 quidem
1390 3726 1706 3792 assentitur,
1756 3725 2028 3784 Eumenes

441 3821 575 3863 vero
608 3825 851 3865 nlllllllle.

511 3984 650 4041 Hinc
682 3989 909 4045 Eumeni
938 4002 1222 4061 suspectus
1262 4009 1382 4051 esse
1406 3998 1574 4068 coepit
1616 3998 2023 4071 Neoptolemus,

439 4087 495 4133 ct
520 4078 719 4134 bellum
750 4082 895 4135 inter
924 4100 982 4139 se
1002 4094 1222 4155 gerunt:
1251 4087 1369 4154 Quo
1404 4090 1457 4145 in
1505 4091 1646 4147 bello
1691 4094 1900 4149 viribus
1934 4111 2025 4149 su-

436 4184 670 4244 perante
706 4174 972 4240 Eumene,
999 4178 1136 4249 fugit
1171 4194 1294 4235 cum
1332 4184 1519 4252 paucis
1550 4184 1935 4255 Neoptolemus
1956 4189 2020 4241 ad

434 4264 787 4333 Antipatrum
836 4265 1253 4340 Craterumque,
1291 4272 1490 4339 quibus
1534 4280 1589 4326 et
1619 4276 1930 4342 persuadet,
1965 4285 2024 4330 ut

433 4356 536 4410 sibi
596 4358 648 4410 in
705 4357 843 4412 bello
897 4359 1159 4416 adversus
1202 4360 1501 4418 Eumenem
1534 4367 1720 4420 socius
1759 4366 2023 4422 Craterus

432 4448 673 4502 daretur.
713 4448 826 4505 Nec
864 4466 1033 4517 mora,
1071 4452 1267 4523 praelia
1320 4455 1537 4526 utrique
1595 4472 1718 4512 cum
1781 4459 2022 4516 Eumene

2150 1979 2261 2031 Καὶ
2297 1976 2473 2030 ταῦτα
2519 1974 2836 2044 διαθέμενος
2892 1974 2973 2036 εἰς
3022 1971 3262 2041 πόλεμον
3314 1968 3465 2040 αὑτῷ
3506 1969 3716 2033 τούτους

2148 2069 2476 2138 κατέστησε.

2219 2164 2330 2216 Καὶ
2371 2160 2680 2232 Ἀρριδαῖος
2714 2158 2771 2211 δέ
2804 2159 2833 2211 ὁ
2871 2157 2931 2210 τὸ
2952 2156 2998 2188 ’⁸⁵
3028 2155 3123 2209 τοῦ
3181 2152 3535 2223 Ἀλεξάνδρου
3568 2149 3716 2219 σῶμα

2147 2254 2475 2325 φυλάσσων,
2525 2250 2680 2321 παρὰ
2727 2249 2954 2319 γνώμην
2985 2247 3116 2300 αὐτὸ
3155 2246 3463 2317 Περδίκκου
3513 2242 3713 2309 λαϐὼν,

2146 2345 2283 2416 πρὸς
2311 2343 2646 2414 Πτολεμαῖον
2677 2340 3040 2412 παραγίνεται
3068 2338 3160 2391 τὸν
3193 2338 3381 2405 Λάγου
3410 2376 3427 2399 ,
3481 2335 3588 2389 ἀπὸ
3616 2336 3715 2387 Βα-

2144 2435 2383 2497 ϐυλῶνος
2427 2434 2515 2486 διὰ
2544 2429 2838 2502 Δαμασκοῦ
2890 2431 2976 2482 ἐπ’
3012 2426 3293 2496 Αἴγυπτον
3338 2425 3579 2479 ἐλαύνων
3607 2442 3619 2456 υ
3663 2423 3718 2486 ὃς

2142 2527 2315 2582 πολλὰ
2340 2527 2437 2597 μὲν
2456 2524 2561 2578 ὑπὸ
2588 2523 2909 2593 Πολέμωνος
2932 2520 3027 2573 τοῦ
3049 2536 3397 2589 προσοικειου
3409 2518 3568 2588 μένου
3586 2516 3716 2587 Περ-

2140 2620 2305 2690 δίκκᾳ
2349 2615 2613 2678 κωλυθεὶς
2662 2614 2914 2684 ἐνίκησεν
2955 2613 3108 2683 ὅμως
3142 2614 3222 2675 είς
3271 2611 3331 2664 τὸ
3375 2611 3480 2683 τὴν
3533 2608 3716 2663 ἑαυτοῦ

2140 2710 2367 2782 γνώμην
2400 2710 2610 2780 ἔργων’⁵
2651 2707 2981 2774 ἐξενεγκεῖν.
3018 2705 3109 2757 Ἐν
3141 2704 3317 2775 τούτῳ
3350 2705 3449 2758 καὶ
3468 2706 3513 2736 θθ
3542 2702 3713 2773 Εὐμέ-

2139 2822 2239 2875 νης
2273 2803 2423 2872 παρὰ
2469 2800 2775 2871 Περδίκκου
2823 2798 2975 2869 δῶρα
3025 2797 3162 2867 πρὸς
3213 2795 3575 2864 Κλεοπάτραν
3604 2795 3717 2857 te"

2139 2890 2364 2960 Σάρδεις
2395 2889 2619 2957 ἐκόμισε
2643 2928 2657 2953 ,
2694 2886 2789 2940 καὶ
2818 2886 2899 2939 ὅτι
2935 2885 3282 2955 ἐγνωσμένον
3327 2886 3416 2956 είη
3450 2884 3719 2958 Περδίκκᾳ

2138 2983 2373 3036 Νίκαιαν
2400 2982 2497 3052 μέν
2523 2981 2837 3050 ἐκπέμπειν
2855 3021 2870 3045 ,
2892 2980 3008 3031 ἀντ’
3029 2979 3246 3050 ἐκείνης
3275 2978 3332 3031 δέ
3356 2978 3570 3049 ταύτην
3594 2980 3716 3048 ἄγε-

2138 3076 2282 3129 σθαι.
2313 3067 2389 3127 Οὔ
2425 3072 2756 3144 μηνυθέντος
2782 3071 3118 3141 (Μένανδρος
3148 3070 3205 3124 δὲ
3231 3072 3259 3124 ὁ
3290 3070 3497 3134 Λυδίας
3528 3071 3721 3140 σατρά-

2138 3184 2248 3237 πης
2291 3167 2566 3237 ἐμήνυσεν
2587 3164 2632 3195 ⁸⁸
2674 3161 3002 3232 ’Δντιγόνῳ)
3035 3163 3129 3215 καὶ
3160 3161 3227 3215 δι’
3247 3160 3417 3215 αὑτοῦ
3459 3165 3571 3225 τοῖς
3598 3163 3719 3232 περὶ

2151 3257 2509 3326 Ἀντίπατρον
2542 3254 2641 3307 καὶ
2663 3253 2949 3325 Κρατερὸν
2980 3251 3419 3323 δημοσιωθέντος
3439 3294 3454 3319 ,
3470 3252 3577 3305 ’ἐπὶ
3594 3252 3719 3322 μᾶλ-

2138 3351 2231 3403 λον
2256 3349 2443 3410 αὐτοῖς
2471 3346 2543 3400 τὰ
2586 3347 2724 3417 πρὸς
2762 3344 3073 3416 Περδίκκαν
3104 3344 3581 3415 ἐξεπεπολέμωτο.
3625 3346 3721 3397 Πε-

2138 3443 2385 3515 ραιοῦται
2434 3440 2500 3509 δὴ
2519 3440 2564 3471 ⁰⁹
2614 3437 2972 3508 Ἀντίπατρος
3018 3436 3114 3489 καὶ
3157 3437 3449 3507 Κρατερὸς
3491 3437 3598 3490 ἀπὸ
3624 3438 3717 3505 τῆς

2134 3533 2489 3603 Χερρονήσου
2519 3530 2611 3583 τὸν
2655 3526 3053 3597 Ἑλλήσποντον
3075 3566 3089 3590 ,
3121 3526 3250 3589 τοὺς
3284 3526 3377 3579 τὸν
3429 3527 3595 3595 πόρον
3623 3544 3715 3595 φυ-
3827 3530 3832 3535 ⁷

2133 3628 2436 3687 λάσσοντας
2457 3623 2577 3676 διὰ1
2604 3619 2902 3692 πρεσϐείας
2930 3619 3293 3689 ὑπαγόμενοι.
3315 3619 3716 3690 Πρεσϐεύονται

2132 3721 2191 3774 δέ
2213 3720 2307 3773 καὶ
2330 3716 2467 3786 πρὸς
2496 3714 2718 3784 Εὐμένη
2741 3713 2836 3766 καὶ
2866 3711 3003 3781 πρὸς
3027 3711 3412 3781 Νεοπτόλεμον
3431 3754 3446 3778 ,
3475 3713 3599 3773 τοὺς
3622 3710 3718 3763 ὑπὸ

2132 3809 2413 3881 Περδίκκᾳ
2434 3808 2476 3836 ¹’
2515 3805 2611 3859 καὶ
2643 3803 2771 3876 [ηδ
2793 3803 2890 3875 Η.]
2910 3803 3294 3873 Νεοπτόλεμος
3321 3805 3425 3872 μὲν
3455 3803 3714 3871 πείθεται,

2133 3902 2385 3972 Εὐμένης
2414 3900 2473 3952 δὲ
2505 3901 2604 3953 οὐκ
2650 3896 2927 3968 ἀνέχεται.

2217 3990 2615 4045 Ὑποπτεύεται
2648 3990 2886 4058 Εὐμένει
2915 3989 3297 4059 Νεοπτόλεμος
3322 4028 3337 4047 .
3367 3990 3467 4041 καὶ
3490 4004 3715 4057 συγκρο-

2128 4089 2303 4141 τεῖται
2343 4082 2480 4155 πρὸς
2511 4081 2776 4153 ἀλλήλους
2805 4081 3041 4151 πόλεμος
3062 4121 3077 4144 ,
3115 4068 3212 4134 καὶ
3245 4083 3369 4151 νικᾷ
3405 4082 3548 4134 κατὰ
3591 4081 3717 4149 κρά-

2128 4198 2221 4241 τος
2248 4178 2519 4248 Εὺμένης.
2551 4175 2748 4243 Φεύγει
2779 4175 2835 4228 δέ
2864 4174 3246 4244 Νεοπτόλεμος
3279 4177 3435 4244 παρὰ
3473 4175 3715 4228 Ἀντίπα-

2127 4289 2257 4346 τρον
2294 4273 2393 4325 καὶ
2423 4253 2707 4340 Κρατερόν
2742 4269 2839 4321 σὺν
2870 4266 3111 4335 ὀλίγοις,
3147 4268 3243 4320 καὶ
3279 4268 3461 4320 πείθει
3498 4266 3714 4325 τούτους

2128 4365 2225 4417 ἐπὶ
2255 4360 2575 4431 συμμαχίαν
2622 4357 2765 4411 κατὰ
2791 4358 3072 4428 Εὐμένους
3098 4355 3275 4410 ἐλθεῖν
3319 4356 3473 4427 αὐτῷ
3506 4357 3713 4426 Κρατε-

2132 4454 2224 4525 ρόν
2256 4464 2273 4480 ⁸
2328 4448 2421 4504 καὶ
2472 4445 2800 4517 πολεμοῦσιν
2845 4447 3013 4516 ἄμφω
3047 4445 3345 4515 Εὑμένει³.
3381 4447 3496 4500 Καὶ
3544 4446 3714 4497 πάντα

432 4539 753 4610 conﬂigunt.
788 4541 947 4598 Dedit
972 4560 1106 4601 vero
1140 4559 1362 4615 operam
1396 4562 1613 4603 onmem
1644 4550 1932 4617 Eumenes,
1960 4562 2020 4608 ut

2145 4544 2366 4614 ποιήσας
2406 4540 2660 4610 Εὐμένης
2686 4538 2829 4590 ὥστε
2861 4537 3048 4589 λαθεῖν
3078 4537 3206 4599 τοὺς
3246 4537 3343 4589 σὺν
3378 4537 3533 4605 αὑτῷ
3565 4537 3714 4605 Κρα-

432 4631 753 4699 ignorarent
781 4636 863 4689 sui
897 4635 1180 4693 Craterum
1222 4639 1485 4696 adversus
1528 4655 1588 4696 se
1640 4641 1960 4713 belligerare
1994 4666 2008 4701 :

429 4737 499 4777 ne
525 4723 668 4778 fama
702 4724 943 4791 adducti,
975 4728 1059 4782 vel
1092 4731 1291 4785 castris
1325 4732 1441 4787 suis
1482 4732 1738 4798 desertis,
1764 4736 1830 4790 ad
1864 4736 2015 4793 illum

428 4816 754 4883 transirent,
782 4817 863 4872 vel
882 4829 1032 4875 certe
1058 4823 1200 4891 apud
1228 4838 1288 4877 se
1317 4834 1618 4890 manentes,
1647 4826 1790 4896 71a
1842 4830 2012 4886 auda-

426 4909 606 4965 ciores
632 4910 812 4967 minus
844 4921 1048 4967 essent.
1077 4913 1179 4980 Qui
1216 4931 1339 4970 cum
1372 4917 1447 4971 illi
1483 4917 1638 4974 dolus
1667 4930 1834 4989 atque
1863 4929 2016 4977 astus

425 5003 806 5069 processisset,
851 5007 1049 5074 proelio
1098 5023 1317 5080 quoque
1374 5013 1553 5069 victor
1613 5014 1811 5069 evasit.
1871 5014 2014 5084 Ergo

424 5090 814 5164 Neoptolemus
864 5096 1037 5164 ipsius
1090 5098 1352 5156 Eumenis
1395 5102 1590 5158 scriba:
1645 5119 1808 5158 manu
1840 5117 2014 5160 caesus

2124 4638 2282 4708 τερον
2311 4633 2457 4703 αὐτῷ
2486 4632 2748 4700 πολεμεῖν
2778 4669 2793 4693 ,
2829 4628 2916 4682 ἵνα
2946 4627 3021 4698 μὴ
3050 4631 3117 4698 τῇ
3142 4628 3273 4697 περὶ
3300 4627 3465 4680 αὑτὸν
3498 4625 3712 4685 ἁλόντες
3784 4702 3796 4714 .

2129 4731 2288 4802 φήμῃ
2321 4728 2354 4801 ἢ
2392 4723 2867 4797 προσχωρήσωσιν
2896 4720 3045 4790 αὐτῷ
3072 4721 3105 4792 ἢ
3136 4720 3233 4773 καὶ
3265 4721 3532 4820 ’μένοντες
3558 4716 3715 4820 cit-col:

2132 4804 2351 4894 μότεροί
2380 4817 2489 4872 εἷεν
2507 4858 2520 4882 ,
2553 4816 2648 4870 καὶ
2670 4812 2961 4885 κρατήσας
2984 4813 3095 4873 τοῖς
3119 4811 3460 4880 τεχνάσμασι
3486 4848 3502 4873 ,
3530 4808 3713 4878 κρατεί

2125 4915 2221 4970 καὶ
2266 4912 2351 4983 τῷ
2391 4909 2651 4979 πολέμῳ’
2708 4907 2805 4961 καὶ
2835 4903 3027 4957 πίπτει
3085 4901 3184 4972 μὲν
3226 4899 3613 4965 Νεοπτόλεμος
3649 4898 3713 4964 τῇ

2124 5005 2289 5062 αὑτοῦ
2317 5001 2601 5070 Εὐμένους
2632 4999 2729 5053 τοῦ
2771 4994 3153 5067 γραμματέως
3196 4991 3382 5063 δεξιᾷ,
3419 4989 3554 5062 [221
3603 4985 3711 5057 IL]

2122 5101 2263 5170 ἀνὴρ
2293 5092 2687 5168 στρατιωτικὸς
2710 5090 2805 5145 καὶ
2838 5087 3097 5157 πολέμοις
3122 5081 3467 5155 ἠριστευκὼς
3491 5122 3507 5149 ,
3556 5082 3711 5151 Κρα-

1738 5218 1971 5274 νᾹΙὶΙΛΕ
2016 5212 2422 5272 LECTIUNES.

494 5370 541 5403 ὀ
566 5374 706 5452 TW”
726 5379 812 5452 Au:
844 5379 991 5452 γένει
1030 5397 1090 5445 ς.
1170 5383 1214 5414 ⁹¹
1249 5382 1339 5434 ὅτε
1367 5397 1428 5443 ς-
1458 5451 1461 5452 ν
1505 5382 1551 5413 θ’
1579 5380 1890 5452 θυγατέραν
1918 5382 1987 5435 A.
2023 5450 2032 5452 _
2065 5381 2112 5452 εξ
2143 5376 2312 5452 κακὸν
2341 5393 2402 5439 ς.

2497 5376 2544 5408 ⁸⁸
2572 5375 2633 5427 τὸ
2658 5358 2883 5428 ούά.Ἀ.
2960 5374 3007 5407 ⁸⁵
3038 5374 3187 5443 έργῳ
3222 5373 3266 5426 Α
3290 5390 3305 5425 :
3332 5373 3413 5435 είς
3450 5368 3700 5443 ἔργοις.

424 5437 472 5471 ⁸⁸
498 5437 594 5497 καῖ
621 5448 667 5498 A
691 5437 716 5501 ἐ
745 5448 803 5503 δὲ
836 5437 930 5503 καὶ
966 5437 1058 5514 gf
1104 5452 1150 5483 9'
1175 5453 1256 5516 εἰς
1286 5468 1346 5515 ς.
1376 5437 1394 5443 ⁷
1423 5451 1469 5484 ⁸⁸
1499 5437 1737 5522 ἐμήνύεν
1766 5437 1832 5505 A.
1913 5454 1959 5484 ’θ
1986 5450 2051 5523 δὴ
2073 5451 2119 5504 Α
2147 5467 2161 5505 :
2188 5449 2245 5502 δὲ
2284 5437 2365 5509 ς(
2426 5445 2443 5475 ¹
2472 5445 2600 5516 φυλ.
2632 5444 2729 5500 καὶ
2758 5445 2849 5500 διὰ
2880 5463 2940 5510 ς.
3019 5446 3039 5476 ⁸
3067 5437 3378 5515 Περδίκκαν
3410 5437 3496 5504 ς(
3550 5439 3572 5470 ³
3596 5437 3701 5490 Εὐ-

426 5515 581 5581 μενεί
636 5532 699 5579 ς.

1971 5605 2206 5663 NOTAE.

495 5693 611 5762 (47)
645 5693 938 5770 Athepaeus
973 5695 1071 5753 lib.
1092 5714 1208 5765 xm,
1243 5698 1398 5753 initio
1427 5714 1491 5754 ex
1520 5700 1738 5754 Audata
1770 5699 2000 5770 Illyrica
2112 5714 2214 5769 pus
2242 5713 2414 5770 suum_
2432 5699 2501 5770 ad
2540 5698 2826 5752 Ammonis
2877 5697 3005 5770 ferri
3063 5695 3367 5770 juberent._
3404 5691 3694 5770 Memphim

426 5773 738 5840 susceptam
758 5762 1044 5840 _(_3yna_nam
1071 5762 1312 5840 scripsit.

495 5831 611 5903 (48)
636 5832 989 5894 Moribundus
1034 5831 1400 5898 enim'auiicis
1431 5852 1766 5912 praeceperat
1796 5852 1854 5898 ut
1883 5858 2005 5900 cor-

2116 5763 2298 5824 tamen
2326 5784 2356 5822 a
2389 5767 2678 5823 Ptolemaeo
2729 5763 3078 5824 translatum
3111 5778 3217 5831 est,
3267 5776 3323 5821 et
3356 5766 3482 5824 inde
3511 5763 3701 5835 paucis

2122 5849 2246 5910 post
2282 5838 2891 5916 anuis_Alexandriam.
2928 5838 3087 5895 Curt.
3120 5838 3216 5897 lib.
3255 5854 3306 5892 χ.
