3926 6458
266 365 366 431 3θ9

1392 349 1922 418 BIBLIOTHECA.
1954 376 2025 387 --
2050 352 2213 415 COD.
2250 356 2437 417 XCII.

3442 334 3551 423 310

264 476 417 547 τερὸς
438 473 496 528 δὲ
518 471 635 528 ὖπό
657 488 812 527 τινων
833 470 1209 541 Παφλαγόνων
1226 467 1499 539 ,οάφειδῶς
1520 466 1656 537 πρὸς
1676 463 1853 516 πάντα

1962 463 2185 527 cecidit,
2258 466 2346 519 vir
2393 474 2593 520 caetera
2649 463 2922 530 militaris,
2972 473 3028 520 et
3074 463 3218 521 bello
3268 472 3549 523 strenuus.

268 566 575 638 μαχόμενος
628 564 719 617 καὶ
760 562 956 635 χωρῶν
986 562 1128 615 ὥστε
1163 560 1507 631 γνωσθῆναι·
1559 559 1674 611 ἀλλ’
1709 556 1848 626 ἔφθη

268 656 443 712 πεσὼν
494 654 573 725 μὴ
631 653 927 723 γνωσθεὶς,
977 650 1155 705 καίτοι
1185 650 1281 704 καὶ
1324 649 1424 720 τὴν
1463 647 1701 705 καυσίαν
1746 647 1849 717 τῆς

270 748 505 819 κεφαλῆς
534 744 772 817 ἀφελών.
812 744 879 797 Ἦ
930 744 1114 813 μέντοι
1143 741 1283 814 πεζὴ
1308 742 1541 813 στρατιά
1576 740 1689 794 σῶα
1711 741 1851 811 πρὸς

280 839 629 907 ’Δντίπατρον
657 837 724 889 ὲκ
745 835 842 889 τοῦ
874 836 1114 907 πολέμου
1141 834 1477 905 παρεγένετο
1497 875 1513 900 ,
1546 831 1576 885 ὅ
1606 832 1700 885 καὶ
1744 830 1851 884 τδδ

277 930 398 985 πολὺ
420 928 520 1001 τῆς
543 927 789 998 ἀθυμίας
816 927 1175 996 ἐπεκούφισε.

353 1190 702 1265 Παραγίνεται
730 1192 843 1248 ἀπὸ
869 1192 1169 1264 Δαμασκοῦ
1217 1191 1526 1265 Περδίκκας
1572 1192 1660 1247 ἐπ’
1683 1193 1853 1262 Αἰγυ-

292 1305 405 1342 πτον
432 1286 518 1340 σὺν
553 1288 675 1349 τοῖς
706 1284 989 1356 βασιλεῦσι
1038 1286 1137 1340 καὶ
1174 1288 1241 1358 τῇ
1275 1286 1502 1356 δυνάμει
1528 1286 1854 1357 Πτολεμαίῳ

285 1378 583 1449 πολεμῆσαι.
624 1379 1032 1450 Κατηγορήσας
1078 1378 1137 1431 δὲ
1177 1379 1520 1449 Πτολεμαίου
1543 1418 1559 1445 ,
1596 1374 1853 1432 κάκείνου

275 1469 356 1522 ἐπὶ
381 1466 467 1521 τοῦ
499 1467 782 1539 πλήθους⁸
811 1467 1187 1538 ἀπολυομένου
1216 1465 1552 1537 τάςξαίτίας,
1579 1466 1675 1519 καὶ
1696 1464 1855 1532 δόξας

271 1562 340 1632 μή
386 1561 567 1615 δίκαια
627 1561 945 1626 ἐπικαλεῖν,
978 1564 1130 1631 ὅμως
1178 1560 1275 1614 καὶ
1324 1559 1419 1613 τοῦ
1470 1560 1711 1629 πλήθους
1756 1558 1855 1629 ούχ

268 1654 469 1718 ἑκόντος
498 1654 756 1725 πολεμεῖ.
791 1656 902 1708 Καὶ
931 1653 1012 1719 δὶς
1042 1654 1307 1727 ἡττηθεὶς
1325 1694 1339 1718 ,
1365 1653 1463 1707 καὶ
1484 1653 1689 1725 τραχὺς
1719 1654 1856 1724 πρὸς

266 1748 383 1809 τοὺς
409 1746 430 1778 ⁸
470 1746 633 1817 παρά
689 1746 1025 1816 Πτολεμαῖον
1088 1746 1374 1810 ἐθέλοντας
1425 1746 1675 1817 χωρῆσαι
1729 1744 1849 1798 λίαν

265 1840 551 1906 καταστὰς,
594 1840 693 1894 καὶ
726 1840 934 1893 τᾶλλατ
971 1842 1035 1911 τῇ
1085 1840 1316 1911 στρατιᾷ
1351 1839 1787 1910 ὑπερογκότερον
1815 1838 1848 1909 ἢ

263 1936 397 1989 κατά
443 1935 759 2007 στρατηγὸν
808 1935 1291 2007 προσφερόμενος,
1348 1931 1455 1985 ὑπὸ
1503 1930 1598 1985 τοῦ
1647 1929 1850 1984 οἰκείου

264 2026 492 2096 πλήθους
527 2026 645 2079 τῶν
678 2028 892 2080 ἱππέων
924 2028 1255 2097 ἀναιρεῖται,
1290 2025 1605 2097 μαχόμενος
1632 2026 1725 2079 καὶ
1753 2025 1853 2079 αύ-

260 2118 363 2182 τός.
395 2118 742 2189 Πτολεμαῖος
795 2119 852 2172 δὲ
902 2119 1041 2189 μετά
1092 2119 1191 2188 τὴν
1233 2118 1516 2190 ἀναίρεσιν
1546 2118 1849 2189 Περδίκκου

261 2209 388 2280 πρός
425 2225 487 2262 τε
535 2211 673 2273 τοὺς
720 2208 960 2280 βασιλεῖς
1006 2209 1321 2282 ἐπεραιώθη
1372 2209 1466 2262 τὸν
1508 2209 1725 2274 Νεῖλον,
1755 2210 1851 2261 καὶ

258 2302 439 2373 ἶὼροις
467 2302 1021 2375 φιλοφρονησάμενος
1062 2306 1155 2357 καὶ
1193 2307 1262 2375 τῇ
1296 2302 1434 2378 ἄλλῃ
1467 2303 1754 2376 θεραπείᾳ,
1789 2303 1849 2356 οὐ

263 2395 415 2466 μόνον
442 2394 502 2449 δὲ
538 2395 683 2449 ἀλλὰ
717 2396 813 2450 καὶ
848 2397 974 2459 τοὺς
1019 2396 1134 2449 ὅσοι
1164 2398 1222 2449 ὲν
1251 2395 1396 2449 τέλει
1424 2396 1774 2452 Μακεδόνων.
1792 2397 1851 2450 Ὀ

260 2490 311 2545 δὲ
334 2491 573 2553 καὶτοῖς
608 2490 914 2562 Περδίκκου
948 2490 1124 2561 φίλοις
1159 2490 1562 2560 συναχθόμενός
1603 2508 1664 2543 τε
1693 2491 1853 2561 δῆλος

262 2583 488 2651 ἐγένετο,
524 2582 627 2636 καὶ
670 2582 816 2646 ὅσοις
861 2600 913 2635 τι
965 2582 1214 2635 κινδύνου
1252 2581 1373 2635 Eri.“
1416 2585 1481 2637 ἐκ
1520 2585 1852 2639 Μακεδόνων

261 2675 585 2728 ὑπελείπετο
603 2717 619 2742 ,
660 2677 755 2729 καὶ
785 2676 1008 2739 τούτους
1038 2676 1344 2741 ἀπαλλάξαι
1377 2677 1472 2730 τοῦ
1500 2677 1653 2741 δέους
1688 2680 1852 2732 παντὶ¹

259 2768 433 2838 τρόπῳ
457 2768 858 2822 διεσπούδασεν
879 2784 893 2799 ο
929 2769 1015 2838 ἐφ’
1038 2762 1121 2833 οἷς
1145 2770 1462 2840 παραυτίκα
1489 2788 1549 2823 τε
1576 2772 1672 2823 καὶ
1706 2770 1764 2834 ἐς
1792 2771 1853 2824 τὸ

260 2859 439 2913 ἔπειτα
473 2860 788 2931 εὐδοκιμῶν
817 2860 1169 2929 ἐγινώσκετο.
1205 2863 1497 2933 Συνεδρίου
1550 2865 1606 2917 δὲ
1651 2880 1852 2937 κροτη-

260 2950 434 3015 θέντος
460 2951 734 3022 ἄρχοντες
776 2953 876 3023 μὲν
909 2954 1011 3023 τῆς
1041 2955 1223 3027 πάσης
1251 2954 1535 3024 δυνάμεως
1564 2957 1686 3010 ἀντὶ
1720 2958 1855 3027 Περ-

258 3043 433 3097 δεκκου
470 3046 690 3099 Πίθων⁹
720 3046 1143 3119 καὶἋρῤιδαῖος
1179 3052 1238 3102 ἐν
1263 3049 1341 3119 τῷ
1371 3052 1510 3115 τέως
1538 3053 1850 3123 ἀνερρήθη-

1955 553 2219 609 Craterus
2247 565 2429 611 autem
2461 558 2513 610 in
2546 557 2765 613 obvium
2799 569 3071 627 quemque
3126 556 3400 625 intrepide
3450 572 3549 624 pu-

1954 661 2155 717 gnans,
2214 654 2379 717 atque
2428 650 2502 703 ita
2562 648 2824 704 incedens
2870 658 2929 703 ut
2975 647 3229 718 cognosci
3282 647 3547 717 potuerit,

1955 741 2128 796 nihilo
2190 748 2369 794 tamen
2419 741 2603 797 secius
2650 755 2681 795 a
2736 738 3175 810 Paphlagonibus
3225 738 3546 809 quibusdam

1956 833 2270 904 incognitus
2310 832 2601 896 occiditur,
2635 832 2851 887 tametsi
2900 831 2993 886 ille
3037 830 3274 884 maxime
3304 828 3546 884 causiam

1955 926 2134 994 capite
2190 924 2503 994 dejecisset.
2551 924 2805 977 Attamen
2860 923 3146 992 pedestres
3177 922 3350 991 copiae
3383 922 3549 976 salvae

1956 1018 2022 1071 ad
2051 1017 2397 1086 Antipatrum
2443 1031 2473 1071 c
2524 1016 2722 1086 prcelio
2760 1016 3067 1080 redierunt;
3118 1029 3239 1084 quae
3292 1029 3380 1070 res
3428 1017 3548 1070 ani-

1956 1122 2101 1162 mum
2134 1107 2394 1172 reddidit,
2429 1115 2742 1175 metumque
2768 1106 2986 1160 minuit.

2026 1197 2316 1252 Perdiccas
2342 1197 2607 1252 Damasco
2665 1196 2976 1266 profectus,
3031 1199 3295 1253 adversus
3363 1197 3549 1252 Ptole-

1956 1306 2153 1347 luteum
2211 1289 2343 1360 Lagi
2397 1289 2458 1346 F.
2508 1290 2901 1355 dimicaturus,
2957 1290 3011 1345 in
3068 1289 3366 1362 Egyptum
3418 1306 3546 1346 cum

1956 1386 2182 1455 regibus
2234 1382 2346 1452 (49)
2392 1389 2451 1437 et
2504 1382 2680 1453 copiis
2735 1384 2905 1437 venit.
2956 1382 3310 1438 Ptolemaeum
3364 1382 3551 1452 itaque

1957 1494 2080 1534 cum
2116 1483 2451 1537 accusasset,
2486 1483 2647 1544 atque
2693 1474 2783 1529 ille
2831 1474 3047 1543 objecta
3085 1474 3318 1528 crimina
3363 1488 3546 1528 coram

1959 1567 2304 1623 multitudine
2368 1567 2442 1621 ita
2505 1574 2813 1636 purgasset,
2875 1572 2935 1618 ut
2995 1562 3196 1634 injuste
3255 1574 3548 1618 accusatus

1957 1661 2259 1725 videretur,
2292 1658 2491 1714 bellum
2531 1670 2735 1724 tamen,
2770 1666 3108 1727 repugnante
3144 1656 3273 1709 licet
3311 1656 3547 1709 militum

1961 1753 2142 1823 vulgo,
2186 1751 2472 1823 Perdiccas
2518 1748 2709 1802 infert.
2760 1748 2880 1815 Quo
2926 1749 2977 1802 in
3001 1748 3145 1802 bello
3183 1748 3297 1817 jam
3346 1749 3547 1804 iterum

1952 1846 2154 1912 victus,
2194 1845 2370 1912 iisque
2417 1843 2667 1913 asperior
2718 1839 2896 1896 factus
2943 1841 3034 1909 qui
3082 1842 3149 1895 ad
3196 1841 3545 1896 Ptolemaeum

1955 1938 2191 1993 transire
2247 1935 2467 1999 vellent,
2514 1943 2713 1989 caetera
2769 1933 2936 1987 etiam
2996 1932 3051 1986 in
3106 1933 3303 1987 castris
3357 1948 3551 2002 super-

1953 2031 2076 2085 bior
2108 2027 2247 2099 (50),
2280 2042 2444 2097 quam
2490 2025 2879 2094 imperatorem
2914 2023 3153 2088 deceret,
3195 2038 3224 2075 a
3271 2022 3386 2077 suis
3432 2024 3549 2092 ipse

1954 2120 2230 2191 equitibus
2278 2120 2419 2175 inter
2476 2118 2825 2189 pugnandum
2882 2116 3172 2170 occiditur.
3226 2114 3548 2169 Ptolemaeus

1954 2229 2106 2278 vero,
2144 2212 2357 2267 sublato
2402 2211 2687 2273 Perdicca,
2738 2209 2805 2264 ad
2841 2223 3015 2279 reges,
3048 2210 3369 2262 transmisso
3404 2206 3546 2273 Nilo,

1952 2306 2341 2377 proﬁciscitur,
2394 2304 2663 2373 donisque
2724 2301 2928 2365 allatis,
2988 2308 3042 2355 et
3104 2301 3272 2355 variis
3332 2314 3548 2369 quoque

1954 2400 2231 2470 obsequiis
2264 2409 2372 2454 tam
2406 2412 2524 2465 eos,
2564 2412 2727 2467 quam
2768 2403 2997 2450 caeteros
3032 2392 3386 2448 Macedonum
3418 2407 3547 2461 pro-

1955 2512 2131 2561 ceres,
2184 2486 2433 2549 ama’nter
2486 2490 2805 2558 complexus
2851 2496 2953 2544 est.
3016 2487 3129 2542 Imo
3183 2497 3239 2542 et
3299 2488 3545 2555 ipsorum

1954 2588 2233 2643 Perdicca:
2270 2586 2569 2640 amicorum
2610 2584 2783 2639 vicem
2819 2584 3001 2639 dolere
3046 2596 3105 2637 se
3140 2581 3318 2651 palam
3359 2590 3547 2635 osten-

1957 2682 2035 2735 dit
2070 2688 2167 2734 :et
2211 2680 2626 2748 quibuscunque
2676 2675 3066 2732 Macedonibus
3102 2673 3401 2744 periculum
3442 2672 3547 2725 ali-

1957 2773 2103 2843 quod
2156 2771 2444 2826 imminere
2503 2770 2797 2834 videretur,
2833 2767 3056 2823 eosdem
3110 2766 3201 2821 ille
3251 2766 3397 2821 omni
3447 2781 3551 2834 ope

1957 2882 2022 2921 ac
2070 2867 2278 2920 ratione
2312 2872 2458 2919 metu
2499 2862 2734 2917 liberare
2773 2861 3002 2916 studuit.
3040 2858 3161 2925 Quo
3198 2856 3403 2913 factum
3442 2867 3549 2920 est,

1959 2967 2020 3012 ut
2047 2958 2162 3027 jam
2202 2967 2338 3020 tum,
2374 2964 2539 3024 atque
2586 2954 2639 3008 in
2692 2963 2969 3022 posterum
3005 2952 3246 3005 omnium
3294 2965 3390 3004 ore
3432 2950 3549 3003 Iau-

1959 3054 2204 3107 darctnr.
2243 3050 2442 3105 Habito
2472 3049 2598 3104 dein
2630 3056 2921 3111 conventu,
2954 3044 3153 3101 Pithon
3188 3054 3243 3098 et
3275 3045 3553 3099 Arridaaus

260 3153 374 3203 σαν,
396 3136 508 3190 τῶν
547 3137 613 3191 δὲ
648 3139 780 3209 περ)⁸
821 3138 1037 3211 Εὐμένη
1078 3157 1137 3193 τε
1171 3134 1264 3195 καὶ
1286 3142 1607 3197 Ἀλκέτανίθ
1636 3148 1694 3208 ὲς
1722 3162 1850 3198 πεν-

1960 3147 2129 3216 c0piis
2181 3144 2475 3207 universis,
2524 3141 2797 3196 Perdiccae
2854 3138 2996 3204 loco,
3034 3137 3279 3208 praefecti
3345 3152 3553 3190 renun~

257 3231 485 3303 τήκοντα
508 3232 999 3306 κατεγνώσθησαν,
1025 3237 1260 3307 μάλιστα
1293 3240 1385 3292 ἐπὶ
1408 3242 1474 3310 τῇ
1506 3240 1794 3312 Κρατεροῦ
1816 3242 1858 3272 ¹¹

258 3320 532 3390 ἀναιρέσει
556 3322 667 3375 τῶν
690 3323 1023 3380 Μακεδόνων
1051 3327 1190 3399 πρὸς
1219 3329 1421 3393 αὐτοὺς
1451 3332 1861 3402 ἐκπολεμωθέν.

258 3413 435 3469 των’¹.
485 3414 865 3470 Μετεκαλεῖτο
912 3416 970 3469 δὲ
1020 3419 1114 3472 καὶ
1144 3420 1451 3489 Ἀντίγονος
1494 3425 1560 3477 ὲκ
1602 3425 1855 3497 Κύπρου,

259 3507 346 3559 καὶ
371 3506 738 3579 Ἀντίπατρος
766 3508 855 3573 δὲ,
887 3510 1214 3581 ἐπιταχῦναι
1241 3514 1382 3584 πρὸς
1411 3517 1538 3579 τοὺς
1573 3516 1854 3587 βασιλέας.

260 3591 415 3645 Οὔπω
462 3594 525 3648 δὲ
572 3596 1057 3652 καταλαϐόντωνί³
1095 3602 1128 3671 ή
1181 3602 1462 3675 Εὐρυδίκη
1508 3606 1733 3661 Πίθωνα
1764 3610 1859 3663 καὶ

268 3684 573 3757 Ἀρριδαῖον
606 3689 773 3759 μηδὲν
804 3691 934 3745 ἄνευ
963 3692 1136 3763 αὐτῆς
1184 3696 1340 3765 ἠξίου
1390 3699 1671 3769 πράττειν.
1708 3703 1773 3756 Oi
1802 3703 1858 3756 δὲ

259 3778 321 3831 τὰ
349 3781 547 3852 πρῶτα
578 3782 679 3853 μὲν
707 3784 806 3837 οὐκ
835 3786 1114 3853 ἀντεῖπον,
1145 3789 1336 3844 ἔπειτα
1380 3791 1439 3845 δὲ
1488 3794 1658 3865 μηδὲν
1687 3797 1858 3869 αὐτὴν

262 3870 634 3927 ἐπικοινωνεῖν
667 3875 782 3937 τοῖς
822 3875 1102 3946 δημοσίοις
1148 3879 1438 3949 ἀντέλεγον
1488 3885 1812 3955 πράγμασιν
1838 3903 1853 3918 ⁸

261 3962 430 4026 αὑτοῖς
464 3963 581 4035 γὰρ
602 4008 617 4031 ,
649 3964 754 4029 ἕως
778 3967 1085 4037 Ἀντίγονος
1134 3972 1229 4024 καὶ
1266 3973 1626 4046 Ἀντίπατρος
1678 3996 1858 4050 παρα-

263 4054 541 4123 γένωνται,
572 4058 833 4129 μελήσειν
865 4062 994 4133 περὶ
1025 4059 1373 4119 πάντιι›ν.Ὦν
1397 4071 1859 4138 παραγεγονότων

264 4146 336 4210 είς
353 4147 718 4220 ’Λντίπατρον
742 4153 774 4223 ή
802 4151 1094 4207 δυναστεία
1117 4157 1489 4226 περιίσταται.
1509 4161 1621 4213 Καὶ
1639 4161 1667 4213 ὁ
1694 4178 1858 4233 στρα-

262 4236 345 4302 τὸς
388 4240 537 4294 αἰτεῖ
583 4241 654 4295 τὰ
704 4244 854 4314 παρᾶ
878 4243 1235 4315 Ἀλεξάνδρου
1267 4248 1637 4318 ὑποσχεθέντα
1673 4254 1857 4318 αὐτοῖς

264 4331 349 4383 ἐπὶ
366 4335 432 4403 τῇ
463 4335 801 4407 συστρατείᾳ
822 4336 863 4367 ¹⁶
894 4339 1174 4409 χρήματα,
1200 4341 1296 4393 καὶ
1320 4341 1682 4415 Ἀντίπατρος
1713 4329 1872 4417 παρ-δ

262 4424 451 4479 αυτίκα
484 4425 586 4497 μὲν
623 4428 793 4497 μηδὲν
827 4427 976 4499 ἔχειν
1006 4431 1368 4502 ἀποκρίνεται
1416 4432 1545 4505 [127
1587 4435 1657 4509 Η]
1699 4440 1848 4508 φρά-

264 4513 368 4578 ζειν
400 4517 653 4585 ἀκριϐὲς,
685 4520 950 4586 ἐξετάσας
973 4520 1031 4575 δὲ
1052 4522 1179 4587 τούς
1207 4541 1267 4577 τε
1299 4503 1609 4595 βασιλείους
1637 4503 1846 4601 θησαυ-
1879 4503 1935 4559 D’

266 4610 381 4679 ροὺς
413 4612 513 4666 καὶ
542 4614 667 4677 τοὺς
691 4614 805 4667 ὅσοι
835 4614 1095 4686 ἀλλαχόθι
1124 4635 1228 4671 που
1265 4621 1505 4690 κείμενοι
1535 4617 1637 4677 ὦσι
1657 4669 1672 4690 ,
1702 4643 1851 4697 τηνι-

265 4700 430 4757 καῦτα
456 4704 552 4759 τὸν
579 4705 806 4761 δυνατὸν
847 4710 1052 4780 τρόπον
1086 4711 1161 4783 μὴ
1194 4712 1260 4767 ἂν
1290 4715 1474 4779 αὐτοῖς
1500 4716 1851 4788 ἐπίμεμπτος

264 4796 613 4869 νομισθῆναι·
644 4802 730 4871 ἐφ’
759 4794 865 4869 cI)”
900 4803 998 4874 ούχ
1044 4804 1212 4874 ήδέως
1252 4809 1285 4878 ή
1334 4810 1563 4881 στρατιά
1594 4812 1846 4881 ἤκουσεν.

265 4883 563 4961 Εὐρυδίκης
616 4891 673 4945 δὲ
722 4893 1209 4969 συλλαμϐανούσης
1257 4902 1377 4964 ταῖς
1424 4902 1568 4956 κατὰ
1592 4904 1848 4957 Ἀντιπά-

266 4994 385 5047 τρου
412 4981 686 5048 διαϐολαῖς
717 4984 795 5056 τῷ
828 4987 938 5041 ἀπὸ
963 4987 1056 5042 τοῦ
1087 4990 1327 5064 πλήθους
1356 4995 1512 5065 ἄχθει
1541 4995 1727 5061 στάσις
1758 4998 1849 5067 γί-

268 5088 430 5131 νεῖαι.
452 5077 566 5132 Καὶ
587 5077 651 5151 δη
660 5081 1186 5156 μηγορεῖΕὐρυδίκη
1205 5085 1326 5139 κατ’
1342 5087 1533 5153 αὑτοῦ,
1550 5089 1644 5143 τοῦ
1666 5106 1848 5162 γραμ-

1967 3239 2081 3293 tiati
2119 3239 2174 3291 in
2207 3251 2447 3307 praesens
2479 3244 2628 3298 sunt,
2663 3241 2717 3287 et
2757 3247 2821 3288 ex
2854 3230 3118 3289 Eumenis
3158 3241 3321 3299 atque
3354 3230 3555 3284 Alcetn:

1963 3330 2331 3386 sectatoribus
2403 3327 2470 3381 ad
2547 3325 2947 3395 quinquaginta
3034 3322 3313 3385 damnati,
3392 3320 3555 3389 idque

1966 3426 2201 3477 maxime
2232 3422 2301 3476 ob
2327 3418 2613 3475 Craterum
2656 3415 3028 3480 interfectum,
3061 3428 3187 3469 cum
3228 3412 3554 3467 Macedones

1965 3519 2104 3571 inter
2171 3528 2231 3568 se
2298 3511 2503 3565 mutuis
2576 3508 2783 3580 proeliis
2848 3504 3196 3562 dissiderent.
3250 3505 3556 3575 Antigonus

1962 3610 2151 3663 adbazc
2201 3620 2232 3659 e
2284 3604 2462 3675 Cypro
2519 3611 2797 3665 evocatus,
2845 3600 2978 3671 quin
3028 3608 3084 3654 et
3130 3597 3437 3669 Antipater,
3486 3600 3553 3651 ad

1965 3715 2123 3769 rcges
2157 3697 2420 3752 festinare
2449 3696 2738 3767 jubentur.
2790 3692 3041 3747 Nondum
3077 3706 3209 3748 vero
3254 3691 3557 3751 adventan-

1962 3795 2108 3848 tibus
2155 3792 2285 3859 illis,
2336 3791 2608 3862 Eurydice
2663 3789 2777 3861 (51)
2827 3789 3113 3844 Pithonem
3148 3798 3203 3843 et
3247 3788 3553 3844 Arridaaum

1962 3886 2098 3942 nihil
2157 3901 2217 3942 se
2270 3883 2574 3944 inconsulta
2627 3882 2847 3938 volebat
2903 3895 3082 3957 agere.
3135 3879 3240 3946 Qui
3294 3897 3323 3934 a
3380 3881 3555 3949 primo

1960 3979 2181 4048 quidem
2230 3992 2336 4031 non
2397 3982 2766 4045 repugnarunt
2804 3991 2817 4027 :
2857 3984 2979 4041 post
3039 3982 3244 4038 tamen,
3294 3972 3427 4026 nihil
3479 3972 3555 4026 illi

1962 4083 2253 4125 commune
2292 4082 2413 4122 cum
2455 4066 2729 4135 republica
2775 4080 2896 4120 esse
2944 4064 3391 4133 responderunt:
3426 4062 3552 4125 sibi,

1960 4160 2090 4215 dum
2150 4160 2456 4230 Antigonus
2507 4166 2563 4212 et
2612 4157 2900 4226 Antipater
2953 4156 3193 4220 veniant,
3237 4170 3383 4209 curae
3435 4170 3548 4209 rem

1960 4258 2077 4313 fore
2122 4252 2418 4325 publicam.
2472 4248 2552 4303 lIli
2595 4248 2762 4319 igitur
2811 4262 2935 4302 cum
2984 4246 3364 4310 accessissent,
3398 4246 3555 4305 Anti-

1958 4359 2118 4418 patro
2182 4360 2392 4402 summa
2463 4343 2543 4397 rei
2604 4344 2897 4396 commissa
2956 4356 2972 4394 :
3028 4340 3413 4407 exercitusque
3488 4338 3557 4391 ab

1959 4441 2275 4497 Alexandro
2309 4435 2578 4508 promissa
2632 4433 2843 4489 militiae
2870 4432 2973 4502 71
3017 4431 3044 4483 b
3080 4432 3300 4500 praemia
3352 4432 3551 4500 poscit.

1958 4534 2269 4603 Antipater,
2298 4546 2423 4585 cum
2460 4530 2513 4583 in
2547 4527 2836 4597 praesentia
2866 4525 3012 4578 .nihil
3053 4524 3305 4589 haberet,
3334 4538 3554 4593 aequum

1959 4628 2238 4701 postulare
2268 4622 2551 4694 respondit
2580 4637 2595 4675 :
2630 4631 2687 4674 at
2728 4634 2877 4682 mox,
2908 4627 2966 4671 ut
2998 4631 3096 4671 ncc
3124 4615 3333 4690 justam
3363 4630 3553 4670 eorum

1960 4721 2393 4792 indignationem
2453 4718 2737 4771 incurrere
2788 4713 2984 4781 possit,
3035 4710 3213 4781 quom]
3262 4710 3380 4781 ejus
3436 4711 3553 4765 ﬁeri

1958 4816 2163 4889 poterit
2218 4812 2628 4879 exploraturum
2691 4807 2982 4861 thesauros
3040 4805 3261 4875 regios,
3325 4820 3554 4876 quaeque

1960 4910 2089 4965 alibi
2156 4904 2434 4963 recondita
2491 4910 2681 4958 essent
2720 4919 2733 4954 :
2767 4915 2888 4969 qua:
2944 4906 3095 4954 certe
3150 4899 3322 4968 ipsius
3377 4897 3554 4951 oratio

1956 4999 2199 5075 jucunda
2236 5013 2424 5067 parum
2455 4995 2556 5049 fuit
2582 4992 2868 5048 exercitui.
2914 4990 3097 5057 Quare
3129 5004 3253 5044 cum
3282 4988 3554 5059 Eurydice

1957 5109 2173 5172 quoque
2219 5088 2637 5147 criminationes
2687 5085 2953 5141 adversus
3004 5081 3349 5153 Antipatrum
3402 5079 3552 5136 fove-

1508 5211 1747 5270 VARLE
1795 5213 2206 5275 LECTIONES.

358 5294 379 5325 ⁸
407 5294 467 5347 τὸ
490 5297 615 5355 add.
660 5300 726 5356 Α.

841 5302 963 5381 ’.τὲ
994 5305 1202 5381 Eli-10°C
1254 5326 1315 5381 ς’γ.
1364 5310 1583 5381 [πρὸς
1611 5314 1738 5378 τοὺς
1770 5316 2144 5377 -ὲθέλοντας
2200 5310 2248 5366 Δ
2302 5327 2318 5381 ι

2384 5309 2499 5371 τοῖς
2539 5334 2610 5346 —-
2639 5302 2906 5374 θελήσασι
2974 5319 3036 5365 ς.
3102 5297 3257 5374 -τμτά
3292 5296 3431 5374 ἀλλα
3461 5312 3548 5374 ἐν,

273 5360 293 5448 έ
320 5364 459 5448 {tt-HA
487 5385 499 5419 :
526 5370 699 5448 αἴτιον
735 5390 797 5437 ς.
837 5372 896 5448 μ’
918 5360 1131 5448 Πείθων
1157 5360 1239 5446 pr.
1263 5360 1340 5433 UA.
1758 5402 1771 5439 :
1797 5360 2248 5448 xav‘t'ﬁ‘iveoirg."
2274 5360 2319 5412 ¹δ
2346 5360 2604 5433 Ἀλκῖτέα
2634 5392 2694 5440 ς.
2724 5360 2818 5448 _'“
2842 5360 3129 5445 Κρατεροῦ
3148 5368 3429 5439 ἀναιρέσει
3448 5367 3491 5419 Α
3521 5386 3534 5421 :

270 5437 356 5487 τοῦ
384 5437 666 5511 Κρατεροῦ
691 5460 752 5506 ς.
832 5444 878 5475 ¹¹
912 5437 1398 5519 ἐκπλεμῆθέντων
1424 5468 1487 5519 ς.
1566 5454 1610 5486 ¹³
1631 5437 2121 5521 κάτάλάὲὶςςὶἐὸξλ.
2143 5437 2163 5448 ’
2200 5451 2248 5485 ⁸⁸
2276 5449 2556 5523 στρατείᾳ.
2635 5437 2679 5479 ⁸⁷⁸
2716 5438 2793 5500 ὧν
2821 5462 2884 5508 ς’.

1766 5544 2002 5604 ΝΟΤίΕ.

478 5622 763 5707 ᾼῐιιξίόαιοτ.
779 5634 835 5682 et
865 5627 1178 5707 Alexandro
1207 5645 1403 5707 puero,
1425 5633 1695 5707 Boxanes
1727 5638 1786 5694 F.

339 5692 677 5776 (50).Justin.
711 5696 806 5751 lib.
840 5715 936 5776 x_nt
972 5719 986 5755 :
1023 5720 1043 5776 ε
1082 5692 1360 5776 Perdiccae
1387 5692 1507 5771 plus
1540 5707 1726 5762 odium
1754 5692 1846 5763 ar-

278 5771 554 5847 rogantur},
602 5771 988 5847 quam__vir_es_
1022 5771 1265 5847 hostium
1324 5777 1627 5841 nocebant,
1683 5794 1845 5847 quam

284 5840 419 5891 exosi
456 5840 621 5893 etiam
667 5840 805 5897 socii
851 5842 920 5898 ad
962 5843 1311 5915 Antipatrum
1348 5840 1619 5915 gregatim
1662 5840 1847 5914 profu-

1957 5637 2206 5709 siehama
2240 5655 2259 5687 ι

2028 5706 2143 5778 (51)
2181 5704 2413 5778 Arrid‘aei
2452 5703 2673 5778 coniux,
2722 5701 2888 5778 prius
2920 5700 3069 5778 Αιίεᾳ
3096 5698 3264 5762 dicta,
3298 5695 3550 5778 Qynanes

1960 5766 2274 5846 fili‘a,'sup.
2322 5775 2455 5843 Quae
2500 5766 2602 5846 viri
2652 5766 2964 5846 valetudine
3009 5772 3262 5839 abutens,
3294 5766 3412 5840 ejus
3442 5766 3559 5827 sibi,

1960 5848 2137 5906 cilicia
2170 5843 2499 5904 vindicabat.
2529 5845 2731 5902 Justin.
2769 5843 2866 5899 lib.
2902 5858 3012 5899 xw.
