3926 6430
442 276 541 341 3U

1611 294 1872 354 PHO'I‘II
1900 296 2021 355 PA']

2136 300 2405 364 ARCH/‘E
2434 307 2540 367 (ΖΡ.
3609 319 3703 384 312

448 406 553 463 ret,
587 398 745 468 plebe
794 399 1134 471 indignante,
1173 403 1373 460 seditio
1419 407 1681 463 cooritur.
1728 409 1847 476 Quo
1897 420 2021 467 tem-

2139 418 2355 484 ματέως
2380 420 2852 493 Ἀσκληπιοδώρου
2904 422 3393 495 ύπηρετησαμένου
3426 428 3500 500 τῷ
3532 431 3665 506 λόγῳ
3686 457 3699 469 ·

448 506 582 556 pore
637 502 691 546 et
744 493 859 562 ipsa
917 495 970 549 in
1030 511 1153 551 eum
1204 499 1582 567 concionatur,
1653 503 2037 573 Asclepiodoro

447 584 626 639 scriba
680 600 993 641 sermonem
1046 588 1163 658 ejus
1218 592 1513 662 referente,
1564 605 1619 651 et
1665 609 1869 666 praeter
1913 616 2035 656 eam

446 674 576 730 item
608 674 844 732 Attalus.
879 678 1047 737 Plane
1084 691 1143 737 ut
1186 684 1277 738 vix
1326 688 1458 742 caedi
1500 697 1721 756 ereptus
1749 691 2038 761 Antipater

447 767 553 830 sit,
613 770 973 838 patrocinatis
1021 775 1162 843 apud
1223 777 1558 836 inconditam
1618 782 1827 851 plebem
1881 786 2037 840 Anti-

446 871 589 926 gono
617 871 672 914 et
712 858 959 930 Seleuco,
1008 880 1241 934 quorum
1290 870 1703 928 advocationem
1747 874 2037 945 Antipater

448 951 807 1019 postularat:
847 956 939 1025 qui
985 958 1062 1011 et"
1087 957 1188 1026 ipsi
1236 971 1518 1030 pr0pterea
1574 979 1681 1019 non
1730 981 1920 1036 parum
1967 967 2034 1021 de

446 1044 556 1097 vita
593 1046 884 1114 periclitati
930 1059 1075 1104 sunt.
1124 1051 1282 1107 Morti
1326 1070 1458 1123 ergo
1496 1066 1715 1125 ereptus
1749 1059 2034 1130 Antipater

445 1132 514 1188 ad
566 1149 722 1191 suum
779 1153 840 1194 se
896 1141 1102 1210 recepit
1151 1144 1471 1212 exercitum,
1513 1157 1568 1201 et
1617 1150 1860 1218 equitnm
1897 1165 2032 1218 prae-

449 1223 579 1280 fecti
635 1229 759 1282 dein
813 1234 1023 1288 evocati
1084 1247 1499 1303 convenerunt,
1555 1240 1755 1310 vixque
1816 1242 2029 1297 tandem

444 1318 703 1374 seditioni
741 1320 850 1377 line
890 1324 1039 1391 dato,
1070 1327 1415 1396 Antipatrum
1467 1346 1707 1396 rursum,
1742 1344 1799 1388 ut
1845 1344 2029 1401 antea,

444 1424 673 1466 summae
708 1429 944 1481 pratesse
976 1417 1052 1470 rei
1079 1416 1295 1484 jubent.

513 1499 586 1555 lbi
630 1511 685 1557 et
727 1505 795 1558 ah
838 1506 955 1575 ipso
989 1508 1130 1563 Asiae
1180 1510 1321 1566 facta
1363 1513 1558 1569 divisio
1604 1524 1710 1580 est,
1743 1530 1849 1585 qua
1885 1519 2031 1587 prio-

442 1604 557 1644 rem
594 1592 741 1647 illam
784 1598 981 1664 partim
1034 1610 1207 1653 ratam
1262 1602 1471 1669 habuit,
1502 1606 1724 1673 partim,
1763 1608 1853 1662 ubi
1893 1618 2030 1663 tem-

441 1694 633 1747 porum
687 1688 991 1743 necessitas
1042 1691 1310 1761 exigeret,
1344 1696 1645 1752 innovavit.
1679 1697 1812 1752 Nam
1860 1698 2028 1771 Egy-

442 1783 590 1840 ptum
619 1777 837 1845 quidem
870 1791 925 1835 et
957 1782 1206 1853 Libyam,
1233 1797 1557 1858 vastamque
1588 1793 1728 1844 ultra
1760 1791 2027 1859 Africam,

436 1873 492 1916 et
524 1866 790 1937 quidquid
831 1881 1096 1940 praeterea
1137 1876 1279 1931 bello
1318 1889 1532 1947 partum
1575 1882 1643 1935 ad
1689 1883 2028 1939 occidentem

438 1958 608 2011 solem
643 1959 814 2029 jacet,
843 1963 1121 2021 Ptolemmi
1148 1980 1274 2022 esse
1303 1972 1641 2038 pronuntiat.
1673 1972 2028 2031 Laomedonti

439 2064 569 2137 vero
608 2050 915 2123 Mitylenwo
965 2056 1182 2126 Syriam
1230 2061 1491 2130 assignat.
1541 2062 1873 2121 Philoxenus
1912 2068 2027 2137 (52)

436 2134 719 2204 Ciliciam,
776 2157 938 2210 quam
990 2153 1150 2201 antea
1198 2150 1535 2216 provinciam
1592 2154 1817 2207 sortitus
1870 2134 2025 2221 erat,

444 2229 692 2285 retinuit.
739 2232 860 2287 Jam
909 2235 1050 2291 inter
1092 2240 1406 2309 superiores
1436 2245 1740 2314 fsatrapias.
1786 2246 2028 2316 MesOpoo

440 2321 663 2377 Iamiam
738 2335 789 2379 et
862 2327 1119 2384 Arbelum
1192 2332 1592 2402 Amphimacbo
1656 2339 1801 2408 regis
1867 2339 2024 2395 fratri

435 2412 683 2467 attribuit
734 2433 750 2469 :
799 2416 1061 2474 Seleucus
1124 2435 1253 2476 vero
1323 2423 1637 2495 Babylonia:
1705 2430 2021 2497 praeficitur.

433 2504 712 2573 Antigeni,
744 2505 835 2573 qui
871 2506 1081 2575 primus
1121 2508 1435 2566 Perdiccam
1476 2514 1774 2581 invaserat,
1812 2530 1867 2573 et
1907 2518 2023 2573 Ma-

432 2594 698 2647 cedonum
747 2598 1239 2665 Argyraspidarum
1290 2600 1406 2673 (53)
1461 2604 1651 2659 ductor
1702 2619 1843 2671 erat,
1887 2625 2024 2677 prte-

431 2686 641 2742 fectura
675 2687 843 2742 totius
892 2687 1138 2746 Susiana:
1185 2694 1330 2748 data.
1369 2694 1423 2748 In
1460 2695 1688 2755 Perside
1721 2698 2016 2758 Peucestes

432 2777 809 2832 confirmatur.
883 2780 1192 2840 Carmania:
1250 2786 1595 2856 Tlepolemus
1667 2796 2018 2862 prmpouitur,

432 2876 494 2921 ut
517 2866 709 2924 Media:
737 2887 908 2940 usque
939 2876 1006 2927 ad
1035 2874 1262 2944 Caspias
1290 2888 1473 2945 portas
1495 2880 1711 2937 Pithon.
1737 2883 2020 2955 Philippus

432 2959 653 3014 Parthis
688 2978 702 3015 ε
740 2962 885 3017 Ariis
930 2980 1057 3019 vero
1092 2976 1146 3020 et
1179 2968 1591 3039 Drangenorum
1632 2977 1861 3044 regioni,
1897 2978 2021 3033 Sta-

430 3051 633 3106 sander
693 3054 980 3122 pra-fectus
1045 3060 1207 3112 venit.
1262 3060 1567 3119 Bactrianae
1624 3076 1678 3120 ct
1733 3069 2018 3139 Sagdianae

431 3139 718 3196 Stasamor
767 3142 1050 3209 Soliensis,
1106 3148 1504 3207 Arachotarum
1564 3170 1696 3211 vero
1744 3160 2017 3230 Sibyrtins

429 3232 633 3288 evenit.
695 3235 978 3307 Oxyartaz,
1034 3239 1291 3298 Roxanes
1347 3247 1523 3313 patri,
1580 3248 2017 3320 Parapamisada:

428 3325 629 3379 dantur
662 3341 678 3379 :
708 3326 961 3384 Indorum
996 3343 1177 3387 autem
1212 3350 1277 3389 ea
1319 3352 1437 3405 ora,
1470 3354 1592 3409 quae
1630 3340 2017 3410 Parapamisa-

426 3416 514 3472 dis
544 3416 775 3486 adjacet,
807 3420 1021 3477 Pithoni
1056 3425 1325 3497 Agenoris
1365 3429 1427 3483 F.
1463 3432 1689 3487 tributa.
1726 3433 1801 3489 De
1840 3439 2019 3505 proxi-

426 3509 532 3563 mis
560 3509 756 3566 deinde
789 3516 1043 3583 satrapiis
1083 3533 1146 3571 ca
1190 3534 1312 3589 quae
1342 3524 1408 3575 ad
1440 3520 1628 3577 indum
1668 3524 1867 3583 flumen
1910 3540 2013 3597 est,

425 3608 482 3651 et
508 3595 693 3654 Patala
725 3603 874 3667 urbs,
930 3620 1049 3675 quae
1080 3608 1133 3662 in
1166 3609 1254 3664 illa
1285 3610 1433 3666 India
1465 3626 1550 3668 est
1583 3618 1840 3681 maxima,
1875 3595 2017 3692 72d

428 3687 597 3745 Porro
644 3692 759 3763 regi
812 3698 977 3749 cessit
1017 3717 1029 3752 :
1073 3709 1129 3752 at
1173 3718 1295 3770 qua:
1347 3706 1414 3758 ad
1469 3704 1756 3779 Hydaspen
1815 3687 2013 3770 [lu—nEn

423 3782 686 3849 pertinet,
717 3783 917 3842 Taxila:
944 3788 1072 3843 item
1103 3790 1256 3859 ludo,
1298 3798 1639 3865 attribuitur,
1665 3808 1882 3871 quando
1909 3824 2014 3862 non

422 3868 586 3924 facile
623 3884 768 3927 esset
807 3877 951 3947 ipsos
985 3880 1285 3949 dimovere,
1322 3888 1413 3954 qui
1451 3889 1521 3943 ab
1556 3868 1871 3950 Alexandro
1899 3899 2016 3968 ipso

422 3961 481 4015 in
538 3961 771 4031 imperio
840 3969 1161 4035 constituti,
1217 3989 1468 4044 magnam
1523 3980 1657 4035 satis
1713 3961 2013 4051 potentiam

424 4052 571 4116 nacti
608 4065 812 4110 essent.
847 4059 1050 4114 Adhaec
1080 4061 1169 4129 qui
1200 4079 1228 4116 a
1260 4065 1441 4121 Tauro
1471 4082 1655 4125 monte
1684 4073 1750 4125 ad
1784 4073 2012 4133 Boream

421 4146 743 4215 vergebant,
776 4148 1130 4221 Cappadocas
1157 4153 1412 4212 Nicanori
1452 4164 1733 4218 attribuit:
1762 4169 2014 4239 Magnam

422 4245 555 4287 vero
605 4232 921 4305 Phrygiam,
972 4238 1329 4310 Lycaoniam,
1380 4247 1779 4321 Pamphyliam,
1813 4232 1879 4310 et
1908 4258 2015 4330 Ly-

421 4323 585 4392 ciam,
619 4335 680 4381 ut
730 4337 913 4396 antea,
951 4332 1253 4404 Antigonus
1295 4339 1539 4394 retinuit.
1580 4343 1797 4401 Cariam
1831 4323 2009 4405 Asan-

2146 507 2240 559 καὶ
2267 508 2529 571 Ἄτταλος
2566 509 2643 565 δέ.
2695 511 2808 564 Καὶ
2838 510 3026 582 ῥύεται
3074 511 3227 582 μόλις
3248 512 3590 586 Ἀντίπατρος
3616 522 3703 590 τῆς

2144 600 2398 669 σφαγῆς,
2440 603 2747 673 Ἀντιγόνου
2792 604 2887 658 καὶ
2934 605 3199 659 Σελεύκου
3256 609 3322 677 τῇ
3378 609 3700 681 παρακλήσει

2156 693 2513 763 Ἀντιπάτρου
2546 694 3171 768 ἀντιδημηγορησάντων
3212 699 3272 752 ἐν
3307 698 3385 769 τῷ
3416 698 3630 771 πλήθει·
3659 705 3702 756 οἳ

2142 784 2240 836 καὶ
2286 784 2445 837 αὐτοὶ
2497 784 2585 838 διὰ
2631 786 2793 840 τοῦτο
2845 788 3015 857 ἐγγὺς
3056 789 3425 857 ἐγένοντοτοῦ
3456 792 3703 848 κινδύνου.

2155 875 2399 941 Ῥυσθεὶς
2425 878 2483 931 δὲ
2507 879 2867 951 Ἀντίπατρος
2892 881 2987 935 τοῦ
3016 881 3249 937 θανάτου
3281 883 3419 952 πρὸς
3444 884 3505 937 τὸ
3522 885 3708 939 οἰκεῖον

2142 967 2469 1039 ὑπεχώρησε
2511 972 2894 1042 στρατόπεδον.
2933 974 3043 1027 Καὶ¹
3084 975 3134 1026 οί
3179 974 3442 1044 ἵππαρχοι
3477 975 3707 1031 Ἀντιπά-

2139 1077 2270 1131 τρου
2302 1062 2596 1127 καλοῦντος
2624 1064 2763 1135 πρὸς
2783 1066 2945 1118 αὐτὸν
2969 1061 3128 1138 ῆκον,
3162 1066 3257 1121 καὶ
3288 1066 3438 1137 μόλις
3470 1068 3567 1131 τῆς
3595 1069 3709 1121 στά-

2143 1170 2283 1217 σεως
2321 1155 2679 1225 πεπαυμένης
2733 1155 2861 1226 [εει
2895 1155 2986 1228 8.]
3019 1158 3379 1231 Ἀντίπατρον
3437 1157 3611 1226 πάλιν,
3642 1161 3709 1225 ὡς

2139 1245 2237 1299 καὶ
2267 1246 2523 1317 πρόσθεν,
2546 1248 2737 1318 ἄρχειν
2762 1248 2984 1303 εἵλοντο.
3678 1286 3679 1289 η

2208 1514 2321 1569 Καὶ
2348 1516 2585 1568 ποιεῖται
2609 1514 2843 1585 νέμησιν
2870 1516 2963 1570 καὶ⁵
2990 1515 3155 1581 αὐτὸς
3174 1517 3276 1587 τῆς
3300 1517 3507 1583 Ἀσίας,
3532 1518 3598 1573 τὰ
3621 1521 3710 1590 μὲν

2135 1606 2236 1674 τῆς
2270 1603 2548 1674 προτέρας
2576 1604 2859 1673 νεμήσεως
2891 1604 3171 1674 ἐπικυρῶν
3193 1646 3210 1671 ,
3240 1606 3309 1657 τά
3331 1603 3389 1656 δὲ
3414 1604 3504 1657 τοῦ
3532 1606 3708 1676 καιροῦ

2139 1696 2465 1767 βιαζομένου
2515 1695 2877 1767 νεωτερίζων.
2910 1697 3187 1765 Αἴγυπτον
3237 1698 3337 1767 μὲν
3368 1698 3478 1768 γὰρ
3506 1698 3595 1750 καὶ
3627 1699 3712 1750 Λι-

2060 1771 2103 1827 Β
2132 1786 2269 1857 δύην
2302 1788 2397 1841 καὶ
2437 1786 2535 1859 τὴν
2582 1786 2844 1840 ἐπέκεινα
2875 1786 3085 1857 ταύτης
3111 1787 3208 1857 τὴν
3240 1786 3463 1858 πολλὴν,
3491 1789 3583 1841 καὶ
3607 1789 3711 1842 ὅτι·

2133 1894 2240 1947 περ
2268 1877 2335 1931 ἂν
2368 1876 2506 1947 πρὸς
2539 1877 2749 1940 τούτοις
2778 1876 3016 1947 δόριον¹⁶
3046 1878 3415 1948 ἐπικτήσηται
3444 1881 3578 1948 πρὸς
3604 1877 3713 1930 δυο-

2135 1968 2299 2039 μένου
2351 1968 2503 2039 ήλίου
2531 2008 2545 2032 ,
2594 1967 2934 2038 Πτολεμαίου
2983 1962 3159 2032 εἶναι,
3196 1968 3529 2038 Λαομέδοντι
3562 1969 3617 2021 δὲ
3642 1970 3713 2039 τῷ

2130 2058 2483 2129 Μιτυληναίῳ
2515 2057 2717 2129 Συρίαν
2750 2057 3168 2128 ἐπιτετράφθαι.
3204 2057 3486 2123 Φιλόξενον
3528 2059 3583 2112 δὲ
3629 2060 3714 2112 ἐπὶ

2129 2150 2387 2213 Κιλικίας
2415 2149 2624 2215 ἔταξεν,
2671 2150 2737 2221 ἢν
2785 2148 2878 2202 καὶ
2909 2150 3127 2220 πρῶτον
3180 2145 3354 2219 εἶχεν.
3381 2149 3503 2204 Τῶν
3531 2149 3586 2203 δέ
3611 2151 3714 2204 ἄνω

2130 2241 2483 2313 σατραπειῶν
2508 2242 2549 2271 ¹⁷
2578 2240 2677 2311 τὴν
2709 2240 2808 2311 μὲν
2839 2240 3015 2311 μέσην
3048 2240 3156 2293 τῶν
3200 2240 3469 2308 ποταμῶν
3500 2240 3600 2310 γῆν
3625 2242 3712 2293 καὶ

2126 2332 2227 2404 τὴν
2254 2332 2572 2403 Ἀρϐηλῖτιν
2598 2333 2936 2402 Ἀμφιμάχῳ
2963 2331 3041 2402 τῷ
3080 2330 3176 2384 τοῦ
3205 2330 3480 2401 βασιλέως
3509 2329 3712 2400 ἀδελφῷ

2126 2425 2335 2493 ἔνειμε,
2364 2424 2611 2494 Σελεύκῳ
2639 2423 2693 2478 δὲ
2719 2424 2817 2496 τὴν
2843 2424 3194 2479 Βαϐυλωνίαν
3220 2422 3582 2494 προσέθηκεν.
3599 2424 3709 2476 Ἀν-

2127 2519 2333 2585 τιγένει
2360 2518 2419 2570 δέ
2444 2517 2523 2589 τῷ
2565 2519 2769 2589 πρώτῳ
2806 2517 2906 2588 μὲν
2934 2517 3245 2588 ἐπιθεμένῳ
3277 2516 3580 2587 Περδίκκᾳ,
3608 2514 3710 2568 τῶν

2124 2613 2181 2666 δὲ
2215 2614 2640 2684 ἀργυρασπίδων
2664 2614 2995 2668 Μακεδόνων
3026 2613 3338 2685 ἡγουμένῳ,
3369 2612 3469 2683 τῆς
3503 2613 3711 2665 Σουσια·

2125 2704 2225 2773 νῆς
2248 2705 2542 2775 συμπάσης
2564 2706 2781 2774 ἄρχειν·
2804 2706 3088 2776 Πευκέστᾳ
3108 2705 3166 2758 δὲ
3189 2704 3444 2758 ἐϐεϐαίου
3466 2704 3562 2772 τὴν
3582 2704 3711 2771 Περ-

2127 2798 2246 2850 σίδα
2266 2813 2279 2826 °
2311 2797 2642 2867 Καρμανίαν
2670 2798 2727 2850 δὲ
2763 2796 3102 2868 Τληπολέμῳ
3126 2796 3307 2866 ἔνειμε
3326 2838 3339 2861 ,
3378 2796 3473 2849 καὶ
3511 2794 3712 2864 Μηδίαν

2125 2891 2325 2944 Πίθωνι
2356 2889 2467 2942 ἔστ’
2498 2890 2589 2941 ἐπὶ
2630 2888 2809 2952 πύλας
2840 2888 2940 2951 τὰς
2976 2888 3258 2951 Κασπίους
3279 2885 3347 2951 ¹⁸,
3383 2887 3632 2957 Φιλίππῳ
3659 2884 3710 2939 δέ

2122 2983 2223 3050 τὴν
2252 2982 2579 3052 Παρθυαίων
2606 2982 2712 3051 γῆν
2735 2998 2749 3011 ·
2793 2979 3017 3051 Ἀρείων
3045 2980 3103 3032 δὲ
3134 2980 3228 3033 καὶ
3258 2979 3359 3048 τῆς
3389 2975 3710 3049 Δραγγηνῶν

2124 3077 2305 3147 χώρας
2332 3076 2674 3145 Στάσανδρον
2696 3074 2930 3144 καθίστη
2952 3074 3220 3142 ἡγεμόνα,
3245 3072 3346 3141 τῆς
3366 3072 3424 3125 δὲ
3450 3071 3708 3140 Βακτρια-

2122 3171 2218 3238 νῆς
2252 3169 2346 3221 καὶ
2380 3167 2671 3237 Σογδιανῆς
2702 3166 3018 3236 Στασάνορα
3047 3166 3137 3218 τὸν
3168 3165 3376 3230 Σάλιον,
3396 3161 3709 3235 Ἀραχώτων

2120 3260 2175 3312 δὲ
2234 3257 2549 3329 Σιϐύρτιον*
2600 3257 2694 3308 καὶ
2745 3254 3279 3327 Παραπαμισάδας¹⁹
3322 3252 3591 3323 Ὀξυάρτῃ
3638 3252 3709 3321 τῷ

2136 3350 2410 3420 Ῥωξάνης
2454 3348 2645 3418 πατρὶ,
2673 3348 2773 3418 τῆς
2803 3348 2860 3401 δέ
2899 3347 3074 3401 Ἰνδῶν
3123 3347 3226 3417 γῆς
3276 3347 3347 3400 τὰ
3391 3347 3491 3416 μὲν
3520 3346 3707 3416 σύνορα

2121 3442 2625 3513 Παραπαμισάδαις
2655 3441 2859 3493 Πίθωνι
2884 3438 2963 3509 τῷ
2998 3439 3326 3509 Ἀγήνορος,
3372 3439 3475 3501 τὰς
3508 3439 3562 3491 δέ
3592 3440 3703 3507 ἐχο-

2121 3538 2289 3608 μένας
2326 3535 2687 3605 σατραπείας,
2726 3536 2825 3602 τὴν
2859 3532 2958 3602 μέν
2993 3532 3144 3601 παρὰ
3163 3533 3208 3563 ’⁸³
3233 3532 3328 3584 τὸν
3373 3532 3590 3585 Ίνδὸν⁹¹
3618 3546 3707 3583 πο·

2117 3627 2291 3697 ταμὸν
2323 3626 2416 3679 καὶ
2446 3624 2670 3677 Πάταλα
2700 3622 2811 3676 τῶν
2856 3622 3040 3693 ἐκείνῃ
3056 3623 3100 3653 ¹²
3132 3621 3315 3674 Ἰνδῶν
3361 3621 3571 3674 πόλεων
3617 3620 3709 3689 τὴν

2121 3718 2385 3789 μεγίστην
2407 3716 2581 3786 Πώρῳ
2597 3715 2675 3786 τῷ
2701 3714 2911 3785 βασιλεί
2936 3711 3257 3785 ἐπεχώρησε
3276 3713 3342 3779 ⁸³,
3367 3714 3470 3783 τὴν
3489 3713 3545 3766 δὲ
3568 3712 3709 3781 παρὰ

2117 3810 2207 3862 τὸν
2241 3809 2518 3877 Ὑδάσπην
2554 3805 2797 3876 ποταμὸν
2820 3804 3046 3877 Ταξίλῃ,
3078 3806 3172 3858 καὶ
3199 3803 3376 3876 τούτῳ
3402 3804 3569 3874 Ἰνδῷ,
3593 3803 3711 3855 ἐπεὶ

2121 3899 2257 3968 μηδὲ
2303 3897 2483 3968 ῥᾴδιον
2520 3896 2881 3967 μετακινῆσαι
2923 3897 3122 3955 αὐτοὺς
3165 3893 3226 3958 ἐξ
3247 3894 3600 3964 Ἀλεξάνδρου
3652 3907 3708 3942 τε

2118 3989 2630 4060 ἐπιτετραμμένους
2689 3989 2789 4058 τὴν
2840 3987 3017 4057 ἀρχὴν
3074 3988 3170 4039 καὶ
3232 3985 3469 4055 δύναμιν
3528 3982 3708 4053 ἱκανὴν

2117 4085 2361 4155 ἔχοντας.
2393 4083 2513 4135 Τῶν
2557 4081 2616 4134 δὲ
2659 4080 2765 4133 ἀπὸ
2796 4080 2890 4133 τοῦ
2922 4078 3140 4148 Ταύρου
3173 4079 3332 4148 ὅρους
3361 4078 3439 4142 ὡς
3483 4079 3576 4130 ἐπὶ
3617 4075 3708 4145 τὴν

2115 4178 2318 4245 ἄρκτον
2349 4174 2626 4247 φερόντων
2656 4172 3031 4234 Καππαδόκας
3063 4171 3162 4242 μὲν
3193 4172 3463 4242 Νικάνορι
3493 4170 3708 4238 ἐπέτρε-

2115 4267 2236 4338 ψεν,
2269 4268 2362 4319 ἐπὶ¹
2389 4267 2447 4319 δὲ
2479 4264 2723 4336 Φρυγίας
2754 4263 2856 4334 τῆς
2887 4263 3130 4332 μεγάλης
3161 4262 3253 4315 καὶ
3277 4263 3369 4314 ἐπὶ
3393 4260 3631 4314 Λυκάοσί
3651 4275 3705 4310 τε

2123 4365 2217 4418 καὶ
2247 4359 2625 4432 Παμφύλοις²⁸
2671 4358 2767 4412 καὶ
2809 4357 3051 4419 Λυκίοις,
3079 4355 3154 4419 ὡς
3186 4356 3281 4409 καὶ
3316 4355 3573 4425 πρόσθεν,
3592 4353 3705 4406 Ἀν-

420 4416 520 4471 der
558 4419 672 4489 (54)
704 4424 933 4493 accepit.
980 4424 1152 4496 Lydia
1191 4429 1333 4485 Clito
1367 4432 1517 4499 data,
1550 4446 1607 4490 ut
1639 4440 1882 4498 Arridaao
1925 4460 2010 4514 ea,

2129 4416 2363 4523 {novavi
2393 4416 2612 4522 ἰιαρίὲιν
2637 4450 2694 4502 δὲ
2707 4448 2987 4520 ’Λσάνδρῳ
3010 4416 3216 4517 suae,
3232 4416 3402 4501 Λυδία
3420 4446 3475 4500 δὲ
3500 4416 3706 4512 Κλείτῳ

418 4524 540 4577 qum
564 4512 631 4567 ad
658 4511 1067 4587 Hellespontum
1091 4519 1260 4589 jacet,
1292 4522 1548 4597 Phrygia.
1578 4528 1831 4589 Pecuniae
1854 4511 2010 4595 Susis

417 4601 741 4673 colligendae
778 4608 1074 4679 Antigenes
1110 4617 1435 4686 praeficitur;
1479 4623 1565 4676 cui
1600 4635 1655 4678 et
1687 4641 1718 4681 e
1750 4627 2003 4687 Macedo-

417 4696 604 4762 nibus,
633 4701 723 4768 qui
757 4705 991 4759 maxime
1031 4709 1338 4766 tumultuati
1380 4713 1621 4787 fuerant,
1654 4724 1720 4775 ad
1758 4724 1858 4778 tria
1892 4727 2008 4781 mil-

416 4787 490 4844 lia
550 4792 755 4848 traditi.
804 4796 1063 4868 Corporis
1112 4815 1373 4872 pnetcrea
1432 4812 1564 4880 regii
1620 4817 1875 4873 custodes
1933 4835 1999 4876 ac

2117 4547 2298 4617 ἐδόθη,
2334 4546 2429 4598 καὶ
2457 4541 2752 4613 Ἀρριδαίῳ
2782 4540 2995 4610 Φρυγία
3022 4540 3057 4610 ἡ
3082 4538 3220 4609 πρὸς
3238 4537 3620 4608 Ἑλλησπόντῳ
3637 4536 3700 4588 ’⁸.

2117 4640 2196 4709 Τῇ
2222 4638 2279 4691 δέ
2303 4635 2642 4707 κατακομιδῇ
2672 4632 2863 4701 τῶνξέν
2888 4630 3109 4694 Σούσοις
3139 4630 3441 4703 χρημάτων
3471 4628 3704 4697 Ἀντιγέ-

2116 4748 2213 4802 νην
2253 4727 2432 4793 ἔταξε,
2463 4727 2559 4780 καὶ⁹
2599 4724 2777 4795 τούτῳ
2804 4725 2912 4777 τῶν
2944 4722 3354 4776 στασιασάντων
3384 4721 3704 4775 Μακεδόνων

2114 4822 2240 4884 τοὺς
2271 4816 2506 4889 μάλιστα
2530 4812 2867 4887 τρισχιλίους
2892 4810 3202 4883 παρέδωκε.
3224 4808 3703 4880 Σωματοφύλακας

1705 4932 1868 4990 VARI
1875 4935 1942 4991 1E
1987 4931 2398 4995 LECTIONES.

492 5050 538 5157 :O
560 5050 742 5121 δόριον
765 5051 1187 5157 ἦοιβδόρειονπς.
1220 5061 1402 5112 malim
1436 5064 1553 5157 copi
1579 5083 1592 5118 :
1626 5066 1705 5157 cf.A
1721 5066 2189 5157 BatSlgncomn‘tcm.
2221 5070 2819 5157 palmograp|,;.p:'
2902 5070 2944 5102 ιτ
2968 5065 3315 5157 ξιξξξᾳῖτέιδέν
3338 5063 3702 5157 Α,.ἰ;ι-ιξρὲῖ-

414 5120 577 5182 πείας
624 5120 728 5199 ἐς.-.
774 5122 835 5199 _"
867 5120 1064 5199 ξύνορα
1100 5120 1629 5199 Παραπαμεισάδαις
1672 5136 1737 5189 Α.

417 5207 540 5262 ptas
566 5208 628 5254 ς.
690 5191 739 5223 ³⁸
774 5191 1121 5262 Παμφυλίοις
1161 5191 1219 5261 ξ.
1299 5191 1357 5231 ’δ’
1388 5191 1780 5272 Ἑλλήσποντον
1806 5226 1865 5273 ς.

1841 5142 1887 5173 ²⁰
1930 5143 2083 5215 παρὰ
2110 5146 2151 5197 Α
2182 5163 2194 5198 :
2226 5142 2362 5215 περὶ
2397 5160 2460 5206 ς.

2562 5132 2821 5197 ΤἹνδῶν
2854 5158 2915 5205 ς.
2979 5132 2992 5135 ⁷
3017 5132 3201 5191 η’ἐκεῖ
3247 5154 3307 5201 ς.
3413 5137 3459 5167 ’³
3494 5132 3699 5201 ἐπεχώ-

1907 5299 2142 5359 NOTE.

485 5379 603 5460 (ξε)
663 5378 910 5460 Philotas
960 5399 1080 5460 ea_m
1135 5385 1353 5460 quidem
1409 5402 1573 5457 supra
1604 5402 1895 5460 acceperat
1947 5395 2002 5449 in

411 5462 496 5525 pr.
528 5451 583 5503 h.
620 5452 741 5525 cod.
771 5454 997 5525 etapudﬂ
1018 5451 1316 5525 Dexippum
1348 5451 1629 5525 supCcod.
1665 5451 1755 5525 85,
1801 5472 1856 5514 at
1883 5476 2003 5519 orto

414 5519 585 5597 duces
625 5520 771 5597 inter
812 5519 1062 5597 dissjdio,
1097 5519 1325 5597 Phi—lota:
1367 5519 1616 5597 adempta
1646 5519 1944 5587 Philoxono
1972 5551 2001 5588 a

412 5585 676 5643 Perdicca
703 5595 883 5648 datur.
913 5591 1199 5650 Justin.ad
1216 5585 1541 5651 extremum.
1560 5600 1654 5655 lib.
1672 5616 1773 5655 xu.
1803 5585 1999 5657 Eadem

412 5672 549 5743 περ
576 5661 882 5743 provincia,
917 5664 1130 5743 sublato
1156 5664 1440 5735 Perdicca,
1474 5669 1637 5725 etiam
1678 5672 1747 5729 ab
1777 5672 1999 5743 Antipa-

415 5738 501 5782 tro
532 5726 624 5784 hic
658 5726 957 5790 Philoxeno
988 5736 1366 5793 conﬁrmatur.

2184 5395 2301 5465 (53)
2342 5393 2423 5473 _Al_)
2467 5392 2749 5473 argenteis
2800 5393 2877 5449 ita
2927 5394 3133 5473 clypeis
3173 5390 3692 5473 appellati__quidam

2109 5462 2408 5520 Alexandri
2464 5462 2561 5517 Mf
2588 5464 2812 5531 milites,
2860 5474 2917 5520 ut
2954 5462 3123 5521 refert
3164 5462 3413 5520 Justinus
3448 5462 3543 5516 lib.
3595 5474 3690 5522 xu,

2107 5538 2493 5617 et'éthelt‘ueus
2531 5533 2761 5617 lih._xn.
2827 5604 2842 5617 ‘
3108 5606 3123 5617 ‘
3203 5614 3212 5617 Α
3258 5603 3282 5617 ρ
3343 5606 3376 5617 Α.
3419 5600 3433 5617 .

2179 5606 2291 5688 (iis)
2327 5604 2607 5687 Casander
2651 5604 2939 5688 legendum
2987 5600 3458 5688 suadent‘Latini,
3490 5599 3686 5688 {ustim

2105 5685 2161 5732 ct
2187 5671 2346 5733 'Cu'rt.
2383 5675 2608 5745 ipseque
2636 5671 2855 5732 Arrian.
2888 5692 3010 5748 sup.
3045 5678 3097 5733 iu
3126 5692 3210 5749 pr.
3242 5676 3403 5750 hujus
3426 5671 3549 5730 cod.
