3926 6430
193 324 290 388 313
1300 311 1792 371 ΒΙΒΠΟΤΗΕΩᾺ

1898 335 1939 343 -
1976 308 2144 368 COD.
2169 307 2357 368 XCII.
3353 305 3459 369 314

195 438 243 491 δὲ
266 430 357 485 τοῦ
380 426 643 499 βασιλέως
667 421 973 477 Αὐτόλυκόν
1000 440 1060 476 τε
1091 422 1183 478 τὸν
1208 423 1604 491 Ἀγαθοκλέους
1640 425 1768 496 [1⁸28

1898 426 2169 492 tipatores
2222 418 2523 475 nominavit
2571 416 2921 488 Autolycum,
2962 414 3277 487 Agathoclis
3316 416 3378 469 F.
3410 429 3465 473 ct

197 524 279 597 [1.]
307 521 463 576 παῖδα
490 520 585 572 καὶ
606 515 875 586 Ἀμύνταν
912 515 1003 569 τὸν
1026 514 1381 587 Ἀλεξάνδρου
1414 518 1600 582 παῖδα,
1626 518 1764 568 Πευ-

1898 526 2161 588 lmyntam
2209 512 2505 567 Alexandri
2546 510 2609 565 F.
2654 510 2931 565 Peucesta:
2971 509 3194 563 fratrem
3234 527 3247 563 :
3282 508 3465 564 Ptole-

198 618 372 673 χέστου
405 612 459 665 δὲ
482 609 704 678 ἀδελφὸν
722 608 789 672 ³⁸,
819 607 914 660 καὶ
944 608 1281 678 Πτολεμαῖον
1311 609 1404 662 τὸν
1424 608 1764 679 Πτολεμαίου

1898 623 2067 661 narum
2105 606 2233 659 item
2270 602 2547 658 Ptolemaei
2586 600 2648 656 F.
2681 611 2735 655 et
2770 600 3141 654 Alexandrum
3176 600 3464 670 Polysper-

203 710 282 764 καὶ
308 703 645 772 Ἀλέξανδρον
676 700 769 753 τὸν
805 700 1284 772 Πολυσπέρχοντος
1303 742 1317 765 ,
1349 701 1667 772 Κάσανδρον
1709 694 1766 755 δὲ

1898 696 2093 753 :hontis
2125 694 2188 748 F.
2224 693 2560 749 Casandrum
2608 706 2738 746 vero
2787 704 2945 745 suum
2997 691 3186 756 filium,
3223 692 3465 759 equitum

204 798 282 853 τὸν
307 794 487 850 ἑαυτοῦ
508 794 673 846 παῖδα
699 793 991 865 χιλιάρχην
1013 793 1111 863 τῆς
1142 794 1333 858 ἵππου,
1355 793 1455 864 τῆς
1482 794 1769 864 δυνάμεως

1898 786 2276 853 :hiliarchum;
2326 785 2631 851 iisdemque
2673 782 2866 852 copiis,
2900 782 3098 850 quibus
3141 791 3299 835 antea
3337 780 3469 835 Per—

208 890 257 944 δὲ
283 888 371 955 τῆς
398 882 628 954 πρόσθεν
659 882 765 935 ὑπὸ
793 882 1070 954 Περδίκκᾳ
1096 882 1434 954 τεταγμένης
1459 883 1769 951 ’Λντίγονον

216 979 420 1049 insitiva
447 974 717 1043 ἀπέφηνε,
744 978 839 1029 καὶ
869 976 1041 1045 τούτῳ
1073 974 1199 1038 τοὺς
1228 975 1484 1046 βασιλέας
1512 977 1770 1045 φρουρεῖν

224 1088 275 1123 τε
300 1070 378 1123 καὶ
401 1064 713 1136 θεραπεύειν
741 1067 1085 1137 προστάξας,
1116 1066 1208 1119 τὸν
1241 1066 1476 1135 πόλεμον
1516 1066 1632 1137 ἆμα
1679 1066 1771 1120 τὸν

234 1164 349 1233 πρὸς
364 1159 549 1228 Εύμένη
580 1158 991 1230 διαπολεμῆσαι
1022 1158 1170 1229 αύτῷ
1193 1158 1511 1230 αἱρουμένῳ
1541 1159 1772 1230 ἐπέτρε-

239 1252 675 1321 πεν.’Δντίπατρος
708 1252 764 1305 δὲ
791 1253 950 1316 αὐτὸς
981 1252 1153 1305 πολλὰ
1179 1251 1307 1322 ξὺπὸ
1352 1252 1573 1306 πάντων
1607 1253 1773 1306 ἕνεκα

235 1348 410 1400 πάντων
430 1342 822 1414 ἐπαινούμενος
858 1345 944 1397 ἐπ’
965 1346 1116 1399 οῖκου
1143 1344 1431 1415 ἀνεχώρει.
1451 1344 1538 1395 Ἐν
1568 1341 1650 1409 οἷς
1680 1344 1775 1399 καὶ

229 1442 253 1491 ὸ
278 1437 314 1489 θ’
336 1435 489 1501 λόγος.

291 1530 338 1581 '0
375 1528 426 1581 δὲ
470 1528 701 1591 δέκατος
748 1526 1106 1598 διαλαμϐάνει
1144 1527 1221 1592 ὡς
1263 1529 1514 1601 Εὐμένης
1545 1529 1616 1582 τὰ
1648 1530 1777 1600 περὶ

218 1624 487 1692 Περδίκκαν
520 1621 734 1690 μαθὼν,
767 1622 848 1676 ὅτι
875 1622 969 1675 καὶ
987 1623 1030 1653 ’⁷
1058 1620 1319 1708 πολέμιος
1346 1621 1625 1693 ἐψηφίσθη
1654 1623 1775 1676 Μα-

217 1715 419 1775 κεδόσιν,
448 1714 542 1767 ἐπὶ
579 1713 817 1783 πόλεμον
847 1712 1309 1780 παρεσκευάζετο.
1342 1713 1451 1766 Καὶ
1485 1713 1561 1775 ὡς
1583 1712 1775 1766 Ἀλκέ-

1877 884 2059 937 diccas
2093 881 2408 952 prmfuerat,
2458 876 2789 947 Antigonum
2820 875 3136 944 prazfectum
3164 872 3469 938 constituit,

1877 975 1963 1030 cui
2017 975 2183 1027 etiam
2241 986 2430 1040 regum
2485 982 2673 1024 curam
2725 966 3137 1034 custodiamque
3183 964 3469 1029 mandans,

1879 1066 2082 1121 bellum
2133 1080 2257 1118 clum
2314 1063 2557 1117 Eumene
2610 1061 2905 1129 gerendum
2958 1067 3123 1127 atque
3172 1056 3473 1111 eonticicn-

1880 1158 2006 1210 dum
2050 1153 2252 1207 volenti
2305 1150 2603 1207 commisit.
2659 1148 2947 1216 Antipater
2995 1145 3146 1214 ipse,
3196 1142 3355 1197 valde
3407 1140 3476 1193 ab

1881 1247 2133 1301 omnibus
2183 1244 2253 1299 ob
2302 1260 2391 1299 res
2431 1243 2569 1297 bene
2620 1251 2801 1311 gestas
2838 1238 3113 1301 laudatus,
3146 1236 3364 1291 domum
3396 1247 3479 1286 rc-

1883 1339 2063 1393 vertit.
2099 1337 2277 1405 Alque
2308 1336 2361 1389 in
2394 1334 2480 1389 his
2514 1347 2692 1388 nonus
2726 1330 2999 1385 clauditur
3027 1327 3189 1382 liber.
3402 1330 3405 1333 ‘

1955 1513 2211 1567 Decimus
2258 1526 2423 1582 porro
2469 1517 2659 1565 narrat
2706 1505 3043 1570 Eumenem,
3094 1502 3313 1570 cognito
3358 1514 3480 1570 quae

1882 1609 2164 1665 Perdicca:
2195 1606 2552 1666 accidissent,
2587 1615 2754 1671 seque
2784 1600 2995 1654 hostem
3030 1613 3059 1651 a
3094 1595 3480 1651 Macedonibus

1880 1702 2206 1772 judicatum,
2238 1713 2359 1767 qua:
2400 1698 2467 1749 ad
2510 1694 2711 1750 bellum
2747 1699 2934 1749 essent
2967 1689 3295 1753 necessaria,
3328 1701 3482 1741 eom-

214 1824 297 1869 τας
324 1808 348 1859 ὁ
378 1805 681 1875 Περδίκκου
713 1780 941 1873 ἀδελφὸς
970 1803 1057 1858 διά
1084 1804 1259 1858 ταῦτα
1289 1804 1478 1874 ἔφυγε.
1511 1805 1622 1859 Καὶ
1650 1805 1783 1859 Ἀτ-

1898 1807 2140 1865 parasse,
2174 1789 2507 1844 etAlcetam-
2541 1786 2819 1841 Perdicca:
2867 1783 3117 1848 fratrem,
3161 1781 3285 1852 fuga
3334 1780 3482 1835 salu-

214 1896 352 1958 ταλος
368 1897 395 1948 ὁ
417 1895 515 1966 τῆς
539 1896 687 1950 κατά
703 1897 1065 1966 Ἀντιπάτρου
1090 1897 1331 1960 στάσεως
1357 1896 1575 1959 οὐδενὸς
1599 1896 1785 1967 φέρων

212 1986 269 2039 τὰ
292 1986 529 2058 δεύτερα,
568 1988 663 2039 καὶ
695 1986 856 2049 αὐτὸς
891 1986 1079 2057 φυγὼν
1114 1987 1371 2058 συνέμιξε
1398 1990 1509 2049 τοῖς
1530 1989 1575 2019 ’⁸
1605 1988 1787 2051 ἄλλοις

213 2082 411 2151 φυγάσι.
447 2082 564 2132 Καὶ
612 2079 850 2149 συνήχθη
873 2080 1114 2151 Ἀττάλῳ
1168 2080 1435 2151 στρατὸς,
1472 2080 1631 2143 πεζοὶ
1688 2079 1788 2149 μὲν

213 2173 395 2243 μύριοι,
430 2172 622 2235 ἱππεῖς
660 2172 718 2223 δὲ
754 2171 1085 2226 ὀκτακόσιοι.
1114 2170 1242 2243 [225
1274 2170 1366 2242 R.]
1402 2171 1515 2225 Καὶ
1554 2172 1632 2234 ὡς
1656 2173 1789 2225 Ἀτ-

210 2265 350 2327 ταλος
378 2265 469 2317 καὶ
500 2264 555 2317 οἱ
590 2263 686 2316 σὺν
718 2262 897 2331 αὐτῷ,
936 2262 1220 2316 ἐπιθέσθαι
1252 2263 1432 2332 Κνίδῳ
1465 2262 1559 2316 καὶ
1588 2262 1790 2333 Καύνῳ

214 2352 293 2406 καὶ
308 2352 520 2413 Ῥοδίοις
548 2352 1021 2422 ἐπιχειρήσαντες,
1056 2351 1162 2404 ὑπὸ
1191 2350 1413 2405 Ῥοδίων
1441 2352 1728 2423 καρτερῶς
1744 2356 1789 2384 ²⁹

212 2442 688 2515 ἀπεκρούσθησαν,
734 2442 1070 2513 Δημαράτου
1125 2440 1533 2513 ναυαρχοῦντος
1582 2444 1789 2507 αὐτοῖς.

212 2533 561 2603 Διαλαμόάνει
608 2532 666 2585 δὲ
710 2533 806 2585 καί
851 2531 927 2595 ὼς
972 2531 1224 2602 Εὐμένης
1257 2532 1623 2604 Ἀντιπάτρου
1669 2535 1725 2598 ἐς
1746 2534 1791 2566 ³ο

213 2625 412 2695 Σάρδεις
442 2625 620 2687 ίόντος
648 2626 707 2688 ἐς
735 2626 926 2696 χεῖρας
946 2623 1125 2677 ἐλθεῖν
1144 2625 1313 2693 ἐγγὺς
1337 2621 1429 2695 ἦν,
1459 2626 1793 2695 Κλεοπάτρα

210 2717 258 2769 δὲ
291 2718 321 2785 ἡ
352 2716 444 2770 τοῦ
465 2716 826 2787 Ἀλεξάνδρου
860 2716 1084 2787 ἀδελφὴ,
1117 2717 1205 2772 ἴνα
1240 2718 1314 2787 μὴ
1345 2719 1404 2780 ἐς
1435 2717 1498 2770 τὸ
1532 2718 1645 2769 τῶν
1672 2718 1795 2770 Μα-

209 2810 421 2863 κεδόνων
473 2810 686 2879 πλῆθος
734 2811 791 2863 ὲν
840 2809 1060 2881 διαϐολῇ
1080 2810 1125 2841 ³⁸
1171 2810 1398 2880 γένηται
1428 2809 1504 2873 ὡς
1532 2810 1670 2877 αὐτὴ
1699 2810 1793 2863 τὸν

212 2902 427 2971 πόλεμον
458 2902 653 2965 αὐτοῖς
686 2903 985 2970 ἐπάγουσα,
1020 2905 1282 2973 παραινεῖ
1331 2902 1426 2954 καὶ
1476 2902 1656 2954 πείθει
1690 2903 1795 2954 Ed-

212 2992 332 3061 μένη
357 2992 724 3062 ἀποχωρῆσαι
749 2991 858 3044 τῶν
881 2991 1153 3061 Σάρδεων.
1172 2990 1312 3043 Ἀλλ’
1336 2994 1485 3059 ὅμως
1514 2991 1667 3043 οὐδὲν
1695 2986 1795 3061 ἦτ-

1894 1897 1997 1941 tem
2029 1887 2098 1940 ob
2129 1885 2245 1939 haec
2276 1884 2391 1951 ipsa
2424 1881 2732 1950 quaesiisse.
2766 1877 3004 1932 Attalum
3038 1890 3275 1947 quoque,
3304 1875 3394 1944 qui
3427 1872 3479 1924 in

1891 1977 2035 2033 civili
2095 1974 2165 2028 ah
2219 1973 2513 2043 Antipatro
2581 1969 2889 2024 defectione
2947 1967 3153 2021 nemini
3211 1964 3482 2019 secundus

1893 2070 2101 2132 fuerat,
2157 2065 2455 2136 fugientem
2505 2062 2715 2133 pariter
2764 2058 2979 2115 caeteris
3024 2073 3147 2113 sese
3197 2055 3481 2110 exsulibus

1893 2162 2199 2224 miscuisse,
2251 2158 2665 2225 exercitumque
2718 2152 2935 2209 tandem
2987 2148 3274 2211 conﬂasse,
3330 2145 3483 2216 pedi-

1896 2264 2008 2309 tum
2059 2253 2245 2306 decem
2300 2248 2554 2311 millium,
2600 2245 2845 2316 equitum
2892 2242 3367 2310 octingentorum;
3420 2249 3484 2289 ac

1893 2362 2016 2403 cum
2076 2345 2163 2399 his
2210 2342 2462 2406 Cnidum,
2502 2340 2773 2402 Caunum,
2813 2344 2869 2391 et.
2918 2334 3173 2387 Rhodum
3225 2329 3486 2385 invadere

1894 2442 2206 2496 conantem,
2236 2446 2265 2485 a
2318 2430 2548 2486 Rhodiis
2596 2430 2835 2494 fortiter,
2876 2426 3169 2481 Demarato
3208 2422 3349 2491 apud
3392 2433 3488 2473 eos

1894 2527 2090 2585 classis
2144 2525 2443 2595 praal'ecto,
2499 2522 2775 2592 repulsum
2833 2519 3020 2572 fuisse.
3076 2514 3265 2569 Refert
3317 2511 3484 2567 etiam

1895 2635 2087 2690 parum
2140 2615 2415 2679 abfuisse,
2471 2611 2868 2669 cum-Sardeis
2922 2616 3133 2677 peteret
3177 2604 3484 2669 Antipater,

1895 2712 2024 2781 quin
2056 2709 2123 2763 ad
2162 2722 2355 2761 manus
2385 2720 2511 2761 eum
2542 2719 2609 2759 eo
2640 2703 2914 2757 Eumenes
2945 2697 3179 2753 venerit.
3228 2697 3293 2748 At
3326 2694 3486 2748 Cleo-

1895 2816 2106 2874 patram
2138 2800 2434 2855 Alexandri
2465 2811 2712 2853 sororem
2759 2794 2850 2866 (ne
2889 2793 3029 2845 forte
3063 2790 3205 2858 apud
3234 2786 3487 2840 Macedo-

1898 2912 2025 2951 num
2056 2897 2265 2963 vulgus,
2300 2891 2453 2962 quasi
2505 2890 2628 2947 belli
2667 2888 2802 2957 ipsis
2852 2898 3017 2939 causa
3063 2883 3222 2948 foret,
3273 2880 3324 2933 in
3362 2876 3487 2932 eri-

1899 3003 2023 3042 men
2079 2985 2170 3040 illa
2224 2981 2536 3051 vocaretur)
2583 2979 2822 3035 suasisse
2876 2992 2941 3030 ac
2990 2972 3333 3044 persuasisse
3382 2970 3489 3024 Eu-

209 3099 289 3134 τον
311 3084 338 3135 ὁ
358 3082 722 3151 Ἀντίπατρος
746 3082 1197 3153 παραγενόμενος
1218 3082 1389 3152 αὐτὴν
1407 3081 1725 3145 ὲπωνείδιζε
1748 3084 1792 3115 ³³

1902 3078 2069 3143 meni,
2104 3077 2371 3132 Sardibus
2418 3084 2480 3129 ut
2530 3072 2872 3127 abscederet.
2920 3067 3265 3138 Antipatrum
3311 3072 3491 3116 tamen

2063 3168 2191 3180 -ΑΙ
2289 3167 2321 3180 οι
2348 3165 2380 3180 u
2483 3164 2494 3177 ο
2559 3179 2598 3180 κγ
2646 3177 2700 3180 ___
2723 3176 2756 3180 -_
2825 3156 3131 3180 -_l_--.:-..-o
3195 3152 3261 3180 n"
3302 3151 3491 3180 nuda}-

207 3172 295 3241 τῆς
323 3172 380 3234 ἐς
410 3171 637 3242 Εὐμένη
662 3172 759 3225 καὶ
790 3171 1098 3242 Περδίκκαν
1129 3171 1333 3240 φιλίας.
1385 3171 1449 3224 Ἢ
1479 3171 1534 3223 δὲ
1565 3173 1705 3243 πρός
1733 3191 1795 3225 τε

208 3261 364 3314 ταῦτα
419 3264 683 3334 κρεῖσσον
730 3263 765 3333 ἢ
815 3263 959 3315 κατὰ
1005 3264 1242 3330 γυναῖκα
1290 3262 1651 3331 ἀπελογεῖτο,
1701 3264 1799 3317 καὶ

209 3354 366 3407 πολλὰ
395 3354 538 3408 ἄλλα
569 3354 929 3407 ἀντεπεκάλει
946 3355 990 3387 ³³
1009 3371 1024 3385 ⁸
1056 3354 1207 3417 τέλος
1229 3354 1287 3407 δὲ
1311 3355 1604 3426 εἰρηνικῶς
1631 3356 1800 3427 ἀλλή-

160 3446 163 3451 ’
210 3446 304 3499 λων
329 3446 888 3517 ἀπηλλάγησαν.’¹οτι
912 3446 1163 3517 Εὐμένης
1183 3446 1428 3500 ἐπελθὼν
1451 3448 1799 3521 ἀπροσδόκη-

210 3537 351 3601 τος³⁴
381 3541 494 3601 τοῖς
526 3538 630 3608 οὐχ
662 3540 754 3592 ὑπ’
784 3539 935 3608 αὐτῷ
957 3538 1323 3611 προσχώροις,
1358 3540 1455 3594 καὶ
1487 3541 1638 3594 λείαν
1663 3542 1797 3593 πολ-

211 3628 296 3697 λὴν
321 3631 413 3683 καὶ
443 3631 713 3700 χρήματα
737 3628 1038 3693 συλλαϐὼν,
1065 3630 1157 3683 τὸν
1177 3631 1376 3683 οἰκεῖον
1406 3632 1637 3702 στρατὸν
1660 3648 1799 3684 κατ-

212 3721 954 3791 επλούτει.Διαπρεσ6εύεται
984 3723 1043 3775 δὲ
1074 3724 1170 3776 καὶ
1198 3724 1392 3793 πρδς³⁸
1418 3723 1679 3777 Ἀλκέταν
1710 3724 1803 3777 καὶ

212 3814 322 3876 τοὺς
353 3815 449 3867 σὺν
470 3815 651 3884 αὐτῷ,
682 3816 740 3878 ὲς
765 3814 967 3868 ταυτὸν
995 3814 1094 3878 τὰς
1115 3816 1383 3885 δυνάμεις
1408 3818 1740 3884 συναγαγεῖν
1758 3816 1804 3848 ³⁸

213 3901 388 3967 ἀξιῶν,
410 3907 513 3959 καὶ
546 3905 691 3959 οὕτω
717 3908 832 3969 τοῖς
861 3909 1063 3970 κοινοῖς
1084 3906 1302 3977 ἐχθροῖς
1336 3908 1627 3978 μάχεσθαι·
1657 3909 1803 3973 οἱδὲ,

212 3994 371 4048 ἀλλων
392 3996 537 4051 ἄλλα
563 3995 1129 4068 συμϐουλευσαμένων
1148 3999 1214 4063 ³⁷,
1238 3997 1390 4061 τέλος
1413 3999 1473 4051 οὐ
1504 3999 1804 4054 πείθονται.

214 4083 698 4156 ὍτιἌντίπατρος
712 4087 947 4156 Εὐμένει
967 4088 1066 4157 μὲν
1091 4089 1353 4157 πολεμεῖν
1373 4088 1512 4152 τέως
1531 4090 1629 4142 οὐκ
1643 4090 1808 4160 ἐθάρ-

215 4179 309 4247 ρει,
327 4181 466 4232 κατά
481 4181 542 4232 δὲ
554 4180 811 4235 Ἀττάλου
829 4182 924 4234 καὶ
948 4181 1182 4235 Ἀλκέτα
1198 4183 1409 4249 πέμπει
1427 4182 1809 4252 πολεμήσοντα

217 4272 604 4343 Ἄσανδρον³⁸⁶
640 4275 736 4328 καὶ
787 4269 1119 4345 ἀγχωμάλου
1151 4274 1252 4343 τῆς
1288 4273 1470 4345 μάχης
1498 4275 1807 4345 γεγενημέ-

214 4385 302 4437 νης
317 4370 360 4403 ⁸⁹
393 4373 631 4439 ἡττᾶται
653 4372 1107 4442 Ἀσανδρος.”οτι
1139 4372 1461 4441 διαφέρεται
1488 4371 1809 4443 Κάσανδρος

1900 3186 2019 3225 eam
2063 3168 2202 3239 72b
2248 3164 2605 3221 nihilominus
2637 3176 2761 3216 cum
2823 3156 3155 3219 advenisset,
3193 3152 3262 3209 ob
3302 3151 3494 3205 amici-

1901 3265 2053 3328 tiam,
2097 3261 2532 3327 societatemque
2569 3269 2692 3310 cum
2737 3253 2981 3306 Eumene
3014 3258 3179 3316 atque
3209 3245 3490 3304 Perdicca.

1899 3373 2006 3413 non
2034 3355 2153 3409 sine
2182 3352 2396 3424 probris
2424 3359 2589 3417 atque
2614 3345 2881 3402 conviciis
2907 3339 3242 3409 increpuisse
3270 3356 3286 3391 :
3312 3336 3489 3389 illam-

1902 3465 2030 3519 que,
2075 3461 2236 3515 supra
2286 3459 2449 3513 quam
2507 3442 2576 3495 ab
2624 3454 2690 3494 eo
2727 3451 2860 3491 sexu
2898 3432 3205 3503 exspectari
3257 3436 3492 3498 poterat,

1901 3517 2023 3594 sese
2052 3535 2360 3592 defendisse
2400 3531 2615 3599 aliaque
2658 3527 2892 3597 plurima
2926 3522 3172 3577 vicissim
3200 3517 3487 3587 objecisse,

1905 3646 1967 3685 ac
1997 3632 2212 3683 tandem
2248 3633 2473 3695 pacatos
2522 3637 2617 3677 eos
2656 3620 3004 3674 discessisse.
3052 3615 3348 3668 Eumenem
3392 3620 3492 3669 nec

1903 3727 2127 3791 opinato
2178 3720 2233 3773 in
2284 3718 2588 3771 vicinorum
2640 3724 2831 3767 eorum
2887 3720 3100 3776 agrum,
3133 3703 3226 3772 qui
3274 3701 3323 3755 ei
3380 3715 3489 3754 non

1905 3819 2193 3882 parerent,
2258 3808 2652 3875 irrumpentem
2717 3814 2841 3855 cum
2920 3796 3155 3868 praadam
3238 3805 3490 3859 magnam

1905 3905 2119 3972 egisse,
2183 3912 2295 3953 tum
2357 3896 2605 3966 pecunias
2664 3905 2915 3958 magnam
2992 3888 3101 3940 vim
3163 3882 3493 3953 diripuisse,

1906 3995 2107 4065 quibus
2165 3992 2255 4046 ille
2319 4004 2479 4045 suum
2520 3984 2840 4041 exercitum
2906 3990 3238 4048 magnopere
3286 3972 3492 4029 ditarit.

1908 4063 2143 4140 Nuntios
2199 4084 2420 4150 insuper
2478 4079 2545 4132 ad
2598 4075 2846 4130 Alcetam
2894 4071 3121 4141 ejusque
3171 4066 3351 4121 socios
3396 4063 3498 4116 mi-

1910 4180 2073 4240 sisse,
2104 4174 2197 4244 qui
2239 4173 2426 4241 cepias
2465 4183 2658 4224 omnes
2688 4166 2740 4220 in
2792 4179 2958 4217 unum
2994 4161 3291 4222 adducere,
3332 4164 3497 4224 atque

1914 4271 1987 4326 ita
2023 4268 2229 4336 junctis
2278 4265 2487 4319 viribus
2524 4270 2869 4314 communem
2920 4254 3133 4307 hostem
3182 4259 3499 4318 oppugnare

1914 4365 2189 4430 rogarent.
2240 4355 2365 4409 lllos
2410 4365 2543 4406 vero
2587 4346 2712 4401 aliis
2760 4343 2906 4399 aliud
2960 4339 3338 4402 suadentibus,
3377 4346 3500 4388 tan-

213 4460 342 4527 «pb;
366 4428 698 4531 ’Awfyovov,
748 4428 1124 4518 atat-natium
1170 4428 1503 4534 Κάσανδρος,
1524 4463 1624 4534 τῆς
1658 4428 1792 4516 κοῖτά

1909 4428 2030 4505 dem
2063 4446 2289 4501 minime
2319 4457 2444 4496 esse
2481 4450 2759 4494 assensos.
2801 4432 3150 4502 Antipatrum
3185 4428 3333 4482 addit
3369 4440 3493 4479 eum

227 4551 529 4623 Ἀντιγόνου
575 4556 803 4620 ἀταξίας
838 4555 1202 4626 Ἀντιπάτρου
1231 4554 1328 4608 τοῦ
1367 4555 1577 4624 πατρὸς
1604 4554 1805 4607 διακω-

216 4640 686 4716 λύσαντος.”ομως
711 4647 804 4700 οὖν
832 4651 859 4701 ὁ
884 4648 1220 4717 Κάσανδρος,
1246 4647 1377 4718 περὶ
1398 4647 1639 4718 Φρυγίαν
1665 4662 1804 4715 συμ-

218 4734 386 4789 ὗαλὼν
436 4736 515 4806 τῷ
563 4738 752 4807 πατρὶ,
783 4738 1071 4792 ἀναπείθει
1103 4738 1241 4808 μήτε
1270 4738 1463 4808 πόρρω
1508 4736 1617 4790 τῶν
1651 4736 1805 4806 βασι-

217 4822 344 4877 λέων
368 4827 681 4898 ἀποχωρεῖν
708 4830 806 4883 καὶ
834 4830 1143 4898 Ἀντίγονον
1178 4829 1245 4882 δι’
1272 4829 1529 4891 ὑπονοίας
1559 4827 1727 4897 ἔχειν.
1744 4828 1803 4881 '0

218 4915 273 4969 δὲ
291 4920 358 4989 τῇ
386 4936 447 4971 τε
481 4922 921 4995 μετριοφροσύνῃ
968 4923 1064 4977 καὶ
1103 4924 1172 4993 τῇ
1220 4921 1358 4993 ἄλλῃ
1404 4921 1674 4991 θεραπείᾳ
1709 4921 1806 4973 καὶ

220 5006 380 5080 ἀρετῇ
409 5012 503 5064 τὸν
546 5013 773 5066 δυνατὸν
800 5015 1005 5085 τρόπον
1038 5012 1215 5066 διέλυε
1245 5013 1347 5083 τὴν
1379 5011 1658 5065 ὑπόνοιαν.
1692 5011 1806 5064 Καὶ

232 5097 576 5174 Ἀντίπατρος
617 5104 970 5169 ἐπικλασθεὶς
1000 5106 1098 5174 τῆς
1151 5121 1213 5158 τε
1261 5102 1620 5172 ξυνδιαὸἀσης
1650 5100 1802 5171 αὐτῷ

1906 4544 2153 4597 Eumene
2212 4547 2453 4605 pugnare
2502 4532 2682 4584 adhuc
2735 4540 2841 4580 non
2892 4537 3109 4589 ausum,
3149 4517 3370 4573 misisse
3412 4525 3496 4569 ta-

1905 4649 2029 4688 men
2079 4629 2392 4685 Asandrum
2435 4623 2587 4691 (55),
2657 4619 2768 4689 qui|
2812 4631 2934 4673 cum
2981 4612 3166 4669 Attalo
3204 4620 3369 4679 atque
3403 4609 3499 4662 Al-

1906 4734 2024 4782 ceta
2057 4723 2365 4779 dimicaret.
2398 4718 2679 4772 Certatum
2713 4725 2836 4767 esse
2879 4708 2969 4763 hic
2998 4721 3154 4775 aequo
3200 4716 3493 4773 propemo-

1906 4820 2033 4873 dum
2067 4815 2240 4868 Marte
2272 4830 2287 4865 :
2319 4810 2401 4864 sic
2433 4817 2639 4871 tamen,
2666 4811 2726 4857 ut
2753 4799 2987 4855 inferior
3012 4798 3264 4852 Asander
3294 4794 3498 4847 disces~

1907 4910 2058 4966 serit.
2106 4904 2446 4961 Casandrum
2492 4896 2679 4952 adhaac
2720 4894 2788 4948 ab
2823 4892 3097 4959 Antigono
3140 4883 3492 4944 dissensisse,

1907 5017 2096 5059 verum
2128 4995 2293 5050 animi
2326 4989 2816 5063 perturbationem,
2848 4984 3140 5052 Antipatro
3170 4987 3323 5047 patre
3355 4973 3491 5027 inbi-

1912 5096 2077 5151 bente
2117 5085 2459 5157 deposuisse.
2507 5080 2661 5150 Apud
2704 5076 2995 5147 Phrygiam
3045 5070 3243 5128 deinde
3286 5066 3495 5121 Casan-

1494 5238 1736 5296 VARIAE
1760 5227 2170 5291 LECTIONES.

226 5392 237 5402 _
283 5324 333 5402 ξ’
365 5324 423 5378 δὲ
448 5327 545 5402 ἰξζδνΔ
592 5329 821 5399 ἀδελφὸν
846 5332 936 5402 Aa
991 5331 1037 5363 ’⁷
1065 5333 1172 5402 καὶ
1206 5334 1289 5386 ὅτι
1316 5335 1363 5387 Α
1396 5350 1411 5388 :
1440 5334 1522 5386 ὅτι
1557 5333 1653 5385 καὶ
1675 5350 1736 5397 ς.

226 5390 384 5472 infra.
460 5396 589 5472 ’iév
636 5390 860 5472 διαδολῇ
911 5401 998 5457 A:
1056 5400 1278 5472 διαόολὴ
1331 5420 1393 5468 ς.

232 5530 391 5601 μένης
434 5551 494 5599 ς.

1816 5329 1863 5362 ’⁸
1921 5322 2057 5394 τοῖς]
2087 5320 2183 5394 καὶ
2225 5318 2425 5394 τοῖςες.

1470 5402 1517 5435 ³⁸
1551 5402 1795 5465 ὠνείδιζε
1825 5418 1886 5463 ς.

226 5460 310 5542 τὺγ
342 5481 404 5527 Co.
480 5466 522 5501 ³³
549 5473 687 5539 πρὸς
709 5486 819 5527 om.
834 5460 913 5526 Ἄ.
990 5473 1037 5505 ³⁵
1074 5460 1372 5542 ἀναγαγεῖν
1400 5490 1461 5537 ς.
1543 5473 1588 5504 ³⁷
1619 5460 2066 5541 βουλευσαμένων
2095 5478 2159 5525 ς.

2502 5313 2548 5345 ’³
2583 5307 2871 5381 κρατερῶς
2893 5323 2955 5381 ς.
3012 5375 3024 5381 _
3056 5303 3102 5335 ³ο
3137 5299 3217 5363 είς
3248 5316 3311 5381 ς..
3336 5298 3415 5381 sic
3436 5300 3495 5380 et

1986 5366 2057 5426 δῖ]
2084 5366 2434 5443 ἀντενεκάλει
2481 5401 2543 5447 ς.
2625 5366 2697 5413 ’³⁸
2722 5366 3145 5447 ἀπροσδοκήτως
3180 5399 3253 5409 -
3272 5368 3368 5447 ύπ*
3393 5366 3495 5419 αύ-

2256 5438 2659 5523 ωΑσσιῖνδρον
2690 5459 2745 5507 ct.
2779 5438 3114 5514 ’Ἄσσανδρος
3143 5459 3205 5506 ς.
3272 5438 3318 5471 ³³
3340 5452 3496 5508 γενο-

1850 5620 1986 5675 ΤἉΕ.

1850 5621 1895 5675 Τ
1972 5661 1986 5672 .

303 5720 414 5795 (55)
440 5721 536 5780 Cui
584 5721 745 5781 Caria
796 5720 1077 5791 provincia
1130 5720 1454 5787 obvenerat,
1488 5730 1547 5775 ut
1593 5720 1681 5776 hic
1727 5621 1965 5789 313::
1986 5716 2113 5783 127,
2150 5722 2204 5771 et
2236 5712 2512 5783 Dexippus
2546 5723 2669 5779 pag.
2706 5704 2809 5760 116
