3926 6434
539 344 649 409 315
1702 348 1967 408 ΡΙΙΟΤΙΙ
1992 348 2188 408 PATR
2200 345 2498 407 [ARCILE
2532 346 2639 406 CP.
3734 348 3833 416 3l6

537 466 693 517 drum
738 477 861 517 eum
906 471 1134 531 parente
1179 476 1557 531 congressum,
1591 480 1659 517 ne
1692 479 1721 517 a
1758 466 1975 535 regibus
2010 466 2104 518 Ion

2229 465 2287 525 ἐς
2315 462 2416 532 τὴν
2442 461 2630 515 ’Λσίαν
2656 460 2939 529 δυνάμεως
2969 456 3171 524 πεζοὺς
3212 457 3311 530 μὲν
3344 457 3647 530 ἐπιτρέπει
3688 464 3831 535 αὐτῷ

537 558 658 625 gius
686 556 1010 618 discederet,
1042 555 1135 609 sed
1163 557 1495 625 Antigonum
1529 566 1838 624 suspectum
1875 558 2099 612 haberet

2230 554 2551 615 Μακεδόνας
2600 552 3038 622 ὀκτακισχιλίους
3091 551 3188 605 καὶ
3247 552 3690 618 πεντακοσίους,
3742 560 3833 610 καὶ

538 648 813 701 hortatum
845 663 986 701 esse.
1021 647 1171 701 Illum
1207 664 1336 701 vero
1368 663 1490 701 eum
1536 656 1834 717 temperata
1871 664 1967 703 sua
1999 665 2104 718 pru

2212 645 2433 707 ίππέας
2468 644 2578 697 τῶν
2612 644 2815 715 ἐτέρων
2832 643 2879 677 ⁸ο
2917 644 3086 707 ίσους,
3129 642 3441 711 ἐλέφαντας
3473 642 3532 697 δέ
3556 643 3668 698 τῶν
3698 648 3828 700 πάν-

536 738 746 801 (ΙΝὶὶἱἎ,
774 748 886 792 tum
916 740 1083 791 variis
1109 739 1386 807 obsequiis
1413 748 1579 810 atque
1624 739 1918 795 virtutibus
1944 742 2104 808 suspi

2225 754 2333 789 των
2383 737 2510 799 τοὺς
2555 736 2793 807 ήμίσεας
2821 742 2884 801 o',
2918 735 2993 798 ὡς
3042 737 3172 806 ῥᾷον
3214 734 3685 805 διαπολεμήσειεν
3713 737 3829 807 [199

536 831 750 883 ciouem
790 847 885 900 pro
911 831 1052 885 virili
1085 832 1391 887 sustulisse.
1423 832 1725 900 Mitigatum
1761 832 1941 901 ilaque
1969 833 2125 886 Anti-

535 933 771 991 patrum,
807 925 871 977 de
899 923 1003 977 illis
1034 925 1226 993 cupiis,
1263 940 1397 994 quas
1428 924 1482 977 in
1517 923 1701 978 Asiam
1733 940 1915 979 secum
1946 935 2124 981 trans-

534 1022 781 1078 vexerat,
832 1013 1072 1081 peditum
1116 1014 1193 1067 illi
1236 1013 1557 1085 [Antigono]
1594 1013 1927 1069 Macedonici
1960 1031 2124 1086 gene-

536 1108 614 1159 ris
658 1116 783 1159 oeto
824 1106 993 1159 millia
1042 1115 1095 1159 et
1141 1106 1470 1174 quingentos
1522 1106 1836 1169 tradidisse,
1879 1108 2121 1176 equitum

536 1210 666 1250 vero
701 1207 1049 1250 externorum
1098 1212 1284 1265 parem
1338 1212 1621 1250 numerum
1657 1215 1669 1250 :
1704 1196 2120 1264 elephantorum

534 1303 752 1357 quoque
785 1288 1061 1342 dimidiam
1108 1299 1343 1356 partem,
1387 1288 1437 1342 id
1476 1297 1561 1343 est
1596 1289 1977 1357 septuaginta;
2014 1305 2123 1357 quo

2225 826 2317 898 H.]
2366 827 2457 880 τὸν
2517 826 2655 898 πρὸς
2687 826 2908 897 Εὐμένη
2955 828 3213 896 πόλεμον.
3246 826 3357 905 καὶ
3386 824 3705 892 Ἀντίγονος
3738 828 3829 897 μὲν

2222 914 2320 969 τοῦ
2355 915 2596 986 πολέμου
2628 916 2857 987 ἥπτετο,
2874 914 3233 985 Ἀντίπατρος
3273 913 3330 966 δὲ
3365 912 3668 966 ἀναλαϐὼν
3711 915 3829 978 τοὺς

2228 1007 2469 1079 βασιλεῖς
2494 1008 2591 1060 καὶ
2619 1007 2720 1073 τὴν
2748 1006 2919 1077 ἄλλην
2944 1006 3174 1076 δύναμιν
3200 1005 3287 1076 ᾔει
3316 1006 3399 1069 ὡς
3448 1007 3829 1078 περαιωσόμε-

2223 1116 2313 1162 νος
2337 1099 2432 1151 ἐπὶ
2447 1099 2489 1131 δί
2523 1099 2883 1153 Μακεδονίαν.
2929 1099 3041 1151 Καὶ
3084 1097 3370 1161 στασιάζει
3404 1098 3576 1151 πάλιν
3604 1099 3634 1151 ὁ
3668 1117 3825 1169 στρα-

2222 1189 2337 1255 τὸς,
2367 1187 2537 1243 αἱτῶν
2564 1188 2635 1242 τὰ
2661 1190 2941 1258 χρήματα.
2959 1186 3319 1259 ’Δντίπατρος
3338 1188 3423 1253 δὲ,
3451 1188 3682 1242 ἐπειδὰν
3706 1188 3827 1263 ἔλθῃ

2222 1282 2305 1345 εἱς
2333 1280 2563 1334 ’Ἄϐυδον
2582 1318 2599 1344 ,
2628 1279 2950 1349 ὡμολόγησε
2968 1279 3013 1309 ’⁵⁸
3054 1283 3266 1349 ποριεῖν
3294 1280 3444 1334 αὐτὰ
3466 1318 3482 1344 ,
3518 1282 3615 1334 κα)⁸
3643 1281 3824 1335 δώσειν

534 1376 748 1432 facilius
784 1377 981 1431 bellmn
1021 1395 1143 1431 cum
1176 1377 1415 1433 Eumene
1449 1378 1760 1435 conficeret.
1792 1376 1867 1432 lta
1895 1379 2123 1447 Antigo-

532 1482 662 1521 num
709 1468 906 1523 bellum
944 1470 1044 1524 hoc
1079 1469 1470 1523 administrare
1523 1484 1775 1525 exorsum
1812 1486 1931 1526 esse
1960 1488 1976 1525 :
2009 1471 2120 1525 An-

533 1560 794 1626 tipatrum
840 1575 991 1625 vero,
1025 1561 1262 1627 acceptis
1294 1560 1535 1629 regibus,
1567 1561 1893 1629 exterisque
1924 1562 2117 1630 copiis,

533 1655 787 1714 tauquam
857 1648 912 1701 iu
973 1648 1351 1703 Macedoniam
1426 1648 1783 1715 trajecturutn
1858 1648 2118 1704 abivisse.

528 1736 695 1790 Addit
753 1738 949 1792 iterum
1010 1740 1079 1791 ibi
1136 1739 1529 1794 tumultuantes
1585 1740 1785 1796 milites
1834 1742 2115 1810 pecuniam

2221 1372 2386 1442 τυχὸν
2417 1372 2515 1443 μὲν
2544 1371 2746 1435 πάντα,
2772 1370 2870 1440 ὅση
2920 1370 2954 1439 ή
3003 1368 3206 1440 δωρεά,
3234 1371 3283 1423 εἱ
3329 1371 3421 1443 δὲ,
3440 1370 3544 1442 μή,
3580 1372 3681 1441 τήν
3706 1388 3764 1440 γε
3783 1372 3823 1403 ⁸³

2222 1464 2506 1535 πλείστην.
2541 1464 2651 1517 Καὶ
2679 1461 2907 1525 ταύταις
2933 1460 3132 1523 αὐτοὺς
3168 1464 3290 1525 ταῖς
3318 1462 3546 1515 ἐλπίσιν
3588 1464 3820 1534 ἀναρτή-

2222 1572 2344 1621 σας,
2397 1553 2847 1617 ἀστασιάστως“
2898 1554 2959 1607 τὸ
3010 1553 3197 1607 λοιπὸν
3252 1553 3677 1623 καταλαμϐάνει
3728 1555 3820 1622 τήν

2224 1646 2477 1700 Ἀϐυδον.
2497 1646 2643 1698 Ἐκεῖ
2676 1644 2734 1697 δέ
2760 1644 2923 1716 τέχνῃ
2956 1646 3182 1709 τούτους
3198 1646 3243 1678 ⁸⁸
3266 1645 3815 1717 παρακρουσάμενος,

2220 1738 2414 1801 νυκτὸς
2448 1736 2563 1806 ἅμα
2610 1739 2725 1799 τοῖς
2756 1734 3041 1805 βασιλεῦσι
3096 1735 3431 1808 περαιοῦται
3464 1739 3562 1789 τὸν
3599 1736 3815 1806 Ἑλλήσ-

527 1828 853 1897 postulasse,
882 1831 1343 1899 Antipatrumque
1369 1830 1707 1899 promisisse.
1736 1804 1846 1885 ubi-
1866 1831 2104 1902 Abydum

2220 1846 2418 1882 ποντον
2452 1804 2605 1899 παρὰ
2650 1804 2989 1899 Λυσίμαχον.
3027 1828 3107 1901 Τῇ
3142 1804 3199 1882 δέ
3229 1830 3503 1900 ὑστεραίᾳ
3553 1829 3647 1881 καὶ
3670 1804 3812 1882 αὐτοὶ

526 1921 887 1986 pervenisset,
918 1920 1066 1972 illam
1115 1934 1235 1974 sese
1274 1930 1594 1973 curaturum
1648 1922 2104 1989 prmbiturumquc

2218 1920 2659 1990 ἐπεραιώθησαν,
2687 1920 2827 1989 ὑπὲρ
2854 1921 2954 1991 τῆς
2985 1921 3340 1990 ἀπαιτήσεως
3369 1919 3483 1972 τῶν
3522 1920 3813 1991 χρημάτων

528 2006 759 2062 fortasse
786 2009 1103 2063 donativum
1136 2009 1453 2063 universum
1494 2027 1508 2064 :
1547 2009 1630 2063 sin
1674 2024 1821 2074 vero,
1852 2009 2104 2077 majorem

2218 2011 2538 2081 παραυτίκα
2568 2012 2969 2081 ήσυχάσαντες.
2988 2011 3078 2067 Ἐν
3112 2005 3193 2075 οἷς
3222 2014 3311 2064 καὶ
3340 2010 3439 2064 τοῦ
3468 2010 3700 2064 δεκάτου
3730 2010 3809 2064 λόε-

526 2109 677 2151 certe
727 2110 939 2167 partem
991 2110 1334 2168 accepturos.
1384 2098 1495 2153 Hae
1541 2114 1671 2169 ergo
1712 2114 1808 2169 spe
1858 2100 2104 2168 laetatos,

2217 2120 2317 2171 γου
2348 2103 2409 2156 τὸ
2437 2102 2614 2166 τέλος.

525 2191 731 2260 absque
794 2192 1064 2248 seditione
1125 2195 1380 2263 deinceps
1432 2193 1683 2263 Abydum
1749 2209 1919 2263 usque
1979 2195 2333 2263 perduxisse;
2372 2196 2514 2251 unde
2589 2196 2705 2265 ipse
2756 2204 2920 2252 noctu
2995 2195 3259 2266 (deceptis
3321 2206 3453 2251 astu
3535 2194 3806 2263 militibus)

525 2302 630 2341 una
678 2303 801 2343 eum
850 2292 1069 2360 regibus
1123 2288 1552 2360 Hellespontum,
1599 2292 1666 2344 ad
1717 2289 2120 2361 Lysymaehum
2163 2292 2443 2363 trajeccrit
2492 2312 2505 2348 :
2546 2293 2811 2362 postridie
2881 2306 3011 2362 ergo
3098 2292 3217 2361 ejus
3266 2293 3398 2359 diei,
3450 2292 3616 2347 etiam
3673 2294 3806 2363 ipsos

523 2380 827 2448 transiisse,
862 2382 929 2436 de
965 2382 1194 2450 pecunia
1242 2384 1513 2451 poscenda
1567 2383 1620 2437 in
1671 2398 1911 2453 praesens
1955 2385 2324 2453 quiescentes.
2360 2390 2540 2456 Atque
2576 2386 2681 2439 hoc
2714 2384 2837 2439 libri
2870 2384 3067 2440 decimi
3100 2395 3414 2440 extremum
3448 2395 3557 2440 est.

591 2512 684 2569 Est
712 2529 842 2570 sane
868 2516 1101 2585 scriptor
1121 2517 1210 2571 hic
1238 2516 1442 2572 nemini
1474 2532 1663 2574 eorum
1704 2506 1795 2588 qni
1828 2520 2110 2574 historiam

517 2606 723 2676 optime
776 2617 1176 2664 contexuerunt
1227 2612 1654 2680 postponendus.
1686 2611 1828 2681 73a
1884 2612 2021 2666 Nam
2058 2622 2115 2667 et

518 2699 891 2753 narrationum
953 2700 1223 2755 brevitate
1280 2710 1519 2771 praestat,
1561 2712 1615 2757 et
1665 2704 1991 2771 importunis
2027 2705 2109 2758 di-

518 2790 912 2857 gressionibus,
968 2801 1061 2845 aut
1096 2792 1287 2847 crebra
1333 2793 1671 2861 parenthesi,
1729 2795 2103 2850 continentem

520 2877 763 2934 historiae
794 2890 1035 2936 tenorem
1081 2883 1304 2939 minime
1339 2884 1503 2939 laedit.
1525 2885 1716 2941 Decori
1764 2887 1985 2956 insuper
2008 2887 2107 2941 oh-

520 2986 771 3037 servans,
811 2988 951 3026 nova
1003 2975 1272 3030 orationis
1304 2976 1699 3045 compositione
1742 2980 1917 3047 magis
1948 2992 2110 3047 quam

518 3064 802 3119 vocabulis
827 3081 998 3135 usque
1028 3082 1094 3120 eo
1126 3078 1207 3121 est
1225 3068 1386 3135 plane
1414 3078 1471 3122 ut
1500 3070 1609 3123 alio
1644 3068 1793 3123 nullo
1834 3069 1993 3125 modo
2018 3084 2113 3123 ue-

518 3171 627 3225 que
659 3156 881 3223 clarior,
916 3173 1091 3229 neque
1136 3159 1429 3214 dilueidior
1472 3161 1588 3214 ﬁeri
1630 3161 1871 3215 narratio
1914 3160 2106 3229 possit.

519 3246 654 3301 Dum
693 3263 825 3302 vero
858 3250 1231 3318 signiﬁcantes
1278 3260 1648 3321 sonantesque
1689 3266 1753 3306 ac
1784 3260 1984 3306 teretes
2011 3252 2108 3305 ad-

2297 2520 2451 2573 ’Έστι
2486 2518 2588 2589 μὲν
2630 2513 2725 2572 οὖν
2770 2517 2857 2572 6“
2885 2520 3025 2590 ἀνὴρ
3052 2520 3267 2583 οὐδενὸς
3308 2520 3424 2573 τῶν
3462 2520 3663 2591 ἄριστα
3690 2538 3796 2575 συν-

2218 2612 2541 2682 ταξαμένων
2569 2614 2811 2685 ἱστορίας
2832 2614 3087 2684 δεύτερος
3102 2632 3117 2645 ·
3146 2615 3485 2683 ἀπαγγεῖλαί
3509 2632 3569 2668 τε
3592 2617 3693 2688 γὰρ
3716 2618 3801 2669 καί

2220 2705 2359 2775 μετὰ
2392 2705 2687 2774 συντομίας
2719 2706 3045 2776 κράτιστος,
3075 2705 3172 2758 καὶ
3200 2707 3624 2778 παρεκτροπαῖς
3652 2705 3800 2758 ἀκαί-

2215 2813 2331 2867 ροις
2377 2796 2500 2850 οὺδέ
2546 2796 2926 2868 παρενθήκαις
2958 2796 3019 2849 τὸ
3051 2796 3275 2867 συνεχὲς
3302 2800 3407 2869 τῆς
3452 2796 3689 2866 ἱστορίας
3718 2796 3798 2847 ού-

2210 2886 2385 2957 δαμοῦ
2410 2887 2829 2957 λυμαινόμενος,
2865 2887 3243 2958 καινοπρεπὴς
3273 2888 3333 2941 δὲ
3361 2888 3609 2959 συνθήκῃ
3652 2887 3796 2952 λόγου

2212 2978 2411 3049 μᾶλλον
2460 2978 2493 3048 ἢ
2530 2979 2694 3045 λέξει,
2725 2979 2817 3032 καὶ
2843 2978 3020 3042 οὕτως
3048 2978 3189 3032 ὥστε
3242 2978 3316 3049 μὴ
3359 2980 3429 3032 ἂν
3478 2978 3653 3040 ἄλλως
3681 2977 3798 3048 [228

2209 3067 2305 3139 Β.]
2328 3070 2465 3139 μήτε
2500 3069 2837 3139 σαφέστερον
2871 3068 3013 3139 μήτε
3044 3069 3445 3140 ἐναργέστερον
3478 3067 3540 3120 τὺ
3564 3067 3794 3135 διήγημα

2205 3159 2534 3229 δηλωθῆναι.
2564 3160 2710 3228 Εύσή
2722 3176 2806 3229 μῳ
2836 3159 2892 3211 δὲ
2920 3159 3015 3211 καὶ
3045 3158 3231 3229 εύήχῳ
3255 3158 3351 3211 καὶ
3373 3159 3455 3228 τῷ
3476 3157 3585 3211 τῶν
3608 3155 3792 3220 λέξεων

2207 3252 2663 3321 ἀποκεχρημένπ
2690 3250 3041 3322 στρογγύλῳ,
3068 3250 3162 3305 καὶ
3196 3250 3258 3303 τὸ
3283 3250 3426 3303 λεῖον
3456 3250 3570 3319 ἔχει
3598 3247 3673 3318 τῷ
3699 3264 3789 3316 με·

516 3339 667 3393 ltibet
693 3338 985 3406 dictiones,
1010 3330 1343 3411 latqualitate
1377 3359 1479 3398 non
1510 3345 1713 3408 minus,
1739 3358 1901 3413 quam
1938 3358 2104 3412 gran-

2210 3342 2361 3412 γέθει
2412 3342 2867 3413 συγκιρνάμενον.
2908 3344 3018 3394 Καὶ
3068 3345 3102 3413 ἡ
3151 3342 3413 3413 καινότης
3458 3341 3564 3395 τῶν
3608 3337 3789 3403 λέξεων

516 3428 686 3484 ditate
705 3432 1008 3485 orationem
1026 3442 1310 3502 temperat.
1333 3432 1633 3489 Verborum
1669 3434 1795 3489 item
1820 3433 2099 3489 innovatio

516 3535 622 3575 non
650 3530 735 3577 est
769 3522 843 3576 illi
878 3523 1107 3595 longius,
1156 3526 1248 3580 sed
1284 3540 1315 3580 e
1347 3525 1653 3595 propinquo
1683 3526 1872 3595 petita,
1902 3535 1957 3580 et
1980 3541 2102 3596 quae

515 3611 695 3667 lumen
723 3616 957 3669 orationi
1002 3617 1087 3670 vel
1118 3618 1413 3671 maximum
1445 3618 1631 3679 addat,
1670 3628 1724 3671 ut
1751 3618 1822 3672 sit
1854 3618 2101 3672 vocabuli

514 3705 674 3774 quasi
710 3705 925 3761 habitus
947 3708 1165 3775 quidam
1187 3723 1249 3762 ac
1282 3719 1467 3778 gestus
1491 3709 1675 3778 potius
1723 3724 1885 3777 quam
1920 3719 2101 3763 muta-

516 3797 594 3852 tio
640 3809 1024 3853 consuetorum
1071 3787 1393 3855 verborum.
1425 3802 1543 3868 Quo
1589 3802 1671 3869 ﬁt,
1703 3811 1762 3856 ut
1790 3811 1846 3857 et
1893 3802 2102 3872 perspi-

513 3889 688 3943 cuitas
712 3889 1014 3953 exoriatur,
1047 3906 1154 3946 non
1182 3892 1235 3946 in
1264 3893 1369 3947 hac
1400 3893 1574 3947 solum
1606 3902 1781 3963 parte,
1818 3895 1911 3948 sed
1932 3894 2099 3948 etiam

515 3980 569 4034 in
599 3991 888 4049 apparatu,
924 3982 1137 4047 ordine,
1169 3993 1224 4038 et
1256 3986 1590 4041 narrationis
1616 3988 1852 4040 maxime
1873 4002 2099 4057 compo-

514 4068 715 4123 sitioue
750 4086 765 4123 :
802 4070 945 4138 quod
978 4071 1152 4138 ipsum
1186 4083 1270 4127 est
1312 4084 1484 4128 totum
1524 4075 1934 4143 perspicuitatis
1968 4077 2101 4130 arti-

514 4158 721 4212 ﬁcium.
782 4157 901 4212 Jam
951 4175 1081 4215 usus
1122 4164 1486 4233 tractatioque
1522 4164 1847 4232 simplicium
1890 4180 1956 4220 ac
2016 4182 2101 4221 re-

510 4258 728 4303 ctarqu
790 4250 1161 4320 periodorum,
1199 4254 1283 4307 vel
1315 4255 1456 4323 apud
1508 4255 1752 4309 indoctos
1784 4255 2100 4327 plerumque

510 4339 819 4406 reperiatur
849 4358 863 4394 :
902 4349 957 4394 et
987 4356 1119 4395 vero
1151 4345 1216 4396 ad
1249 4344 1504 4412 supinum
1578 4354 1741 4412 atque
1782 4346 1984 4401 humile
2018 4348 2100 4400 di-

508 4430 667 4485 cendi
716 4446 894 4501 genus
918 4434 1223 4487 oralionem
1282 4436 1507 4487 nimium
1559 4438 1829 4503 demittit;
1867 4452 2097 4506 praeser-

511 4523 606 4575 tim
672 4523 717 4578 si
767 4539 947 4578 merus
1015 4524 1104 4580 ille
1168 4536 1334 4595 atque
1389 4528 1760 4596 itnpermistus
1816 4531 1888 4583 sit
1945 4546 2094 4585 usus.

506 4606 661 4673 Quod
720 4609 809 4663 hic
863 4620 1047 4665 uoster
1111 4613 1252 4685 (etsi
1316 4615 1384 4669 ad
1450 4617 1890 4684 perspicuitatem
1966 4619 2094 4673 illud

508 4702 691 4756 facere
763 4703 1049 4775 videatur)
1122 4720 1229 4762 non
1318 4708 1534 4762 admisit
1610 4724 1871 4778 unquam.
1957 4710 2094 4765 Tro-

504 4795 591 4864 pis
645 4795 774 4849 item
803 4796 1075 4866 ellipseos,
1125 4815 1231 4853 non
1275 4802 1539 4856 ambitum
1594 4802 1768 4872 ipsum
1800 4805 2089 4859 verborum

503 4886 861 4954 concidenda,
910 4890 1006 4943 sed
1065 4905 1225 4946 voces
1275 4894 1519 4963 singulas
1576 4895 1966 4971 supprimeudo
2013 4898 2089 4953 ita

502 4977 696 5043 utitur,
726 4989 783 5032 ut
811 4994 879 5033 ne
904 4981 1238 5051 percipiendi
1274 4986 1495 5054 quidem
1527 4986 1768 5043 delectus
1796 4991 2086 5060 vestigium

502 5068 669 5122 ullum
702 5071 976 5140 relinquat
1007 5089 1022 5126 :
1071 5072 1235 5143 idque
1264 5076 1420 5142 adeo,
1449 5086 1506 5131 ut
1538 5080 1581 5132 si
1609 5080 1732 5149 quis
1760 5083 1904 5150 quod
1937 5082 2089 5136 deest

501 5157 707 5213 addere
767 5169 977 5224 tentet,
1030 5178 1493 5232 supervacaneum
1544 5170 1724 5238 potius
1792 5171 2087 5237 addidisse,

500 5264 664 5316 quam
753 5251 1024 5308 defectum
1085 5258 1461 5327 supplevisse,
1528 5262 1724 5316 merito
1776 5275 2085 5319 censeatur.

502 5338 855 5399 Schematum
910 5345 1075 5400 etiam
1128 5351 1285 5418 copia
1332 5350 1540 5420 optime
1590 5353 1893 5408 orationem
1930 5370 2085 5410 suam

2209 3435 2332 3505 οὐχὶ
2356 3437 2437 3498 είς
2465 3435 2526 3487 τὸ
2555 3436 2747 3506 πόρρω
2778 3434 3186 3506 νεωτερίζεται,
3210 3434 3327 3489 ἀλλ’
3358 3432 3595 3503 ἔγγιστά
3621 3448 3677 3484 τε
3706 3430 3789 3483 καὶ

2208 3527 2291 3589 εἰς
2324 3525 2387 3579 τὸ
2421 3525 2880 3595 ἐμφατικὼτατον
2895 3526 2962 3592 ⁸⁷,
2994 3526 3069 3589 ὡς
3100 3526 3492 3598 σχηματισμὸν
3536 3518 3671 3577 εἶναι
3712 3521 3787 3573 λέι

2206 3614 2364 3682 ξεως,
2389 3616 2506 3670 ἀλλ’
2528 3616 2652 3686 οὐχὶ
2672 3616 2973 3688 ἐναλλαγὴν
2992 3618 3259 3688 συνήθους
3283 3618 3571 3689 ὀνόματος.
3595 3615 3681 3667 Διὸ
3704 3614 3787 3666 καὶ

2202 3708 2261 3761 τὸ
2292 3707 2465 3776 σαφὲς
2495 3708 2886 3776 συνεφέλκεται
2924 3710 3025 3763 οὐκ
3076 3711 3135 3762 ἐν
3181 3709 3361 3780 τούτῳ
3390 3710 3572 3779 μόνον,
3601 3703 3785 3760 άλλὰ⁸⁸

2203 3802 2305 3853 κάν
2332 3803 2399 3871 τῇ
2435 3800 2697 3872 διασκευῇ
2725 3802 2821 3854 καὶ
2850 3799 3000 3865 τάξει
3044 3800 3140 3855 καὶ
3186 3803 3526 3857 καταστάσει
3570 3798 3783 3869 μάλιστα

2202 3888 2296 3941 τοῦ
2327 3889 2668 3959 διηγήματος
2689 3906 2702 3920 ·
2738 3891 2878 3959 ὅπερ
2905 3890 3023 3944 ἐστὶ
3050 3892 3142 3943 καὶ
3175 3892 3274 3961 τῆς
3304 3890 3604 3962 σαφηνείας
3626 3888 3684 3941 τὸ
3709 3886 3781 3939 ἐν·

2201 3995 2423 4049 τεΧν⁰ν’
2454 3982 2487 4051 ἡ
2523 3981 2632 4051 γάρ
2663 3997 2747 4033 τοι
2787 3981 2987 4052 χρῆσις
3036 3982 3070 4051 ὴ
3113 3982 3257 4036 κατὰ
3301 3981 3403 4046 τὰς
3448 3980 3657 4041 εὐθείας
3683 3976 3780 4030 τῶν

2202 4071 2470 4141 περιόδων
2502 4073 2732 4136 καὶτοῖς
2767 4072 3007 4137 ἰδιώταις
3038 4074 3300 4145 πρόσεστι
3331 4075 3588 4145 μάλιστα,
3605 4070 3691 4124 καὶ
3708 4069 3779 4130 είς

2201 4163 2502 4232 ύπτιότητα
2535 4163 2628 4215 καὶ
2662 4164 3030 4235 ταπεινότητα
3057 4165 3178 4220 λίαν
3213 4164 3571 4230 καταϐιϐάζει
3595 4161 3679 4214 τὸν
3703 4158 3777 4211 λό-

2198 4270 2317 4321 γον,
2346 4254 2585 4323 άκρατος
2622 4254 2857 4323 μάλιστα
2890 4256 3150 4327 γινομένη
3172 4273 3185 4289 ·
3212 4258 3353 4329 ὅπερ
3383 4251 3539 4319 οὗτος
3554 4255 3598 4287 ⁸⁸
3628 4253 3671 4305 εί
3692 4248 3777 4303 καὶ

2198 4345 2296 4399 τοῦ
2325 4344 2532 4414 σαφοῦς
2556 4342 2700 4401 εἶναι
2730 4347 2897 4413 δοκεῖ,
2934 4348 2996 4400 οὑ
3024 4350 3367 4418 προσήκατο.
3384 4349 3497 4403 Καὶ
3523 4346 3598 4417 τῷ
3620 4342 3771 4397 ἐλλεί-

2200 4454 2357 4490 ποντι
2402 4437 2460 4490 δέ
2505 4436 2616 4491 τῶν
2648 4437 2869 4506 τρόπων
2903 4435 3047 4491 οὕτω
3080 4440 3368 4510 κέχρηται,
3400 4440 3462 4493 οὐ
3510 4436 3646 4490 κατὰ
3686 4431 3773 4492 τὰς

2200 4529 2517 4601 περιοδικὰς
2554 4529 2823 4599 ἐλλείψεις
2853 4531 3011 4584 τοῦτο
3038 4532 3231 4597 ποιῶν,
3259 4531 3399 4585 ἀλλὰ
3427 4530 3567 4585 κατά
3599 4543 3658 4595 γε
3685 4523 3771 4581 τὰς

2200 4621 2309 4675 τῶν
2342 4620 2563 4685 λέξεων,
2596 4621 2740 4675 ὥστε
2793 4621 2917 4693 μηδ’
2942 4622 3215 4676 ἐλλείπειν
3258 4622 3460 4676 διδόναι
3509 4614 3772 4683 συναίσθη-

2203 4729 2287 4765 σιν
2305 4728 2320 4742 ’
2369 4711 2465 4764 καὶ
2498 4711 2555 4763 εί
2588 4730 2672 4776 τις
2698 4712 2760 4765 τὸ
2784 4712 2968 4768 λεῖπον
2996 4713 3304 4785 ἐπιχειροίη
3345 4712 3672 4784 προσθεῖναι,
3698 4706 3769 4766 εἰς

2198 4805 2261 4856 τὸ
2293 4805 2567 4875 παρέλκον
2609 4805 2676 4858 ἂν
2705 4806 2976 4861 ἐπιτεῖναι
3022 4807 3196 4874 δόξαι,
3230 4806 3367 4860 ἀλλὰ
3396 4808 3470 4877 μὴ
3514 4803 3602 4858 τοῦ
3645 4798 3765 4851 ἐλλιι

2198 4895 2335 4959 ποῦς
2360 4896 2602 4968 ἐξευρεῖν
2625 4897 2723 4969 τήν
2746 4900 3404 4971 ἀναπλήρωσιν.Ἀριστα
3430 4900 3486 4953 δὲ
3507 4891 3661 4951 αὐτοῦ
3682 4888 3767 4943 καὶ

2196 4987 2258 5040 τὸ
2287 4988 2799 5057 πολυσχημάτιστον
2830 4990 2942 5061 ἔχει
2968 5030 2983 5056 ,
3014 4993 3116 5045 οὐκ
3149 4992 3347 5062 ἀθρόον
3385 4984 3765 5062 μεταϐαλλόμει

2196 5096 2286 5132 νον
2317 5080 2426 5132 ἀπὸ
2458 5080 2557 5150 τῆς
2595 5082 3107 5152 αὐτοσχηματίστου
3142 5084 3428 5155 χρήσεως,
3460 5079 3570 5136 ἀλλ’
3596 5075 3759 5147 ἠρέμα

2199 5170 2289 5224 καὶ
2322 5170 2381 5235 ἐξ
2412 5171 2587 5241 ἀρχῆς
2616 5173 3100 5243 συμπλεκόμενον,
3135 5175 3211 5239 ὡς
3239 5176 3375 5247 μήτε
3398 5173 3474 5245 τῷ
3492 5165 3761 5243 προσκορεῖ

2197 5262 2353 5330 ἀνιᾷν
2387 5263 2530 5333 μήτε
2582 5262 2661 5333 τῷ
2706 5263 2890 5335 ἀθρόῳ
2924 5270 3101 5321 ποιεῖν
3133 5261 3637 5339 ἐκταράσσεσθαιδο.
3666 5256 3759 5311 Καὶ

2198 5353 2405 5421 ἁπλῶς,
2434 5352 2489 5406 εί
2510 5372 2595 5420 τις
2616 5356 2737 5410 κατ’
2756 5358 2919 5413 αὑτὸν
2944 5360 3039 5413 ἐπὶ
3055 5359 3181 5424 τοὺς
3202 5358 3506 5431 ἱστορικοὺς
3524 5346 3756 5420 ἀναχθείη

1769 5531 2007 5589 ΥΑΒΗΕ
2038 5533 2334 5590 LECTION
2342 5535 2445 5591 ES.

575 5708 625 5743 ⁸⁵⁸
682 5710 801 5764 ἐταί

806 5715 1012 5793 ρων
1077 5715 1133 5793 ff
1182 5717 1277 5793 ἐπὶ
1404 5738 1423 5793 ι
1464 5721 1564 5793 τὴν
1589 5739 1651 5786 ς.

509 5786 672 5850 τέχνη
712 5798 777 5845 ς.

1746 5726 1792 5757 δ’
1832 5725 2101 5799 ὡμολόγει
2165 5748 2224 5795 ς.

883 5783 927 5815 ⁸⁸
954 5786 985 5838 ὁ
1028 5787 1150 5845 add.
1180 5790 1247 5847 A.
1327 5792 1373 5823 "
1397 5783 1969 5864 ἐμφαντικώτατον’ς.
2028 5783 2107 5834 ’⁸⁸
2163 5783 2281 5856 ἀλλ’
2332 5804 2391 5859 ἐν
2418 5783 2480 5868 ξί

2335 5732 2381 5765 ⁸³
2412 5750 2477 5803 γε
2512 5736 2557 5788 Δ
2586 5751 2680 5789 ετε
2715 5752 2777 5800 ς.
2882 5736 2926 5768 ⁵³
2947 5734 3310 5790 ἀστασίαστον
3346 5736 3409 5789 Λ.
3483 5731 3525 5763 ⁸⁵
3549 5722 3744 5780 τούτους

2587 5805 2633 5837 δ’
2656 5805 2830 5870 οὕτως
2853 5805 2917 5860 Α.
2996 5808 3040 5839 ⁸⁰
3073 5804 3497 5877 ἐκταράττεσθαι
3521 5815 3576 5863 ς’.
