1963 3227
84 190 121 226 321

496 245 695 277 l’arapomeuus

495 280 645 306 Axiarches

495 314 624 341 Statanor

493 350 624 384 Amyntas

494 384 632 419 Scyllth

492 419 611 446 Nicanor

493 454 632 489 Philippus

493 489 685 517 Phralafernes

492 524 685 558 Neoptolemus

493 560 633 589 Peucestes

490 595 590 621 Artous

490 628 667 659 Archesilaus

110 440 240 476 Accipiunt
254 447 270 468 a
286 436 417 466 Perdicca

611 187 875 218 BIBLIOTHECA.
896 199 931 204 —
944 187 1027 218 con.
1048 164 1157 217 XCIiI.

911 244 992 271 Fines
1005 243 1119 271 Caucasi
1131 242 1242 269 montis.

911 280 1025 307 Dracas.

911 314 930 349 Α
937 321 1033 349 rgaeos.

911 348 1080 376 Bactrianos.

911 383 1072 418 Sogdianos.

911 419 1038 446 Parthos.

911 453 1062 489 Hyrcanos.

910 488 1063 517 Armenios.

910 523 1018 551 Persas.

910 558 1082 594 Babylonios.

910 593 1047 628 Pelasgas.

910 629 1144 664 Mesopotamiam.

482 708 602 732 DIVISIO
616 711 741 733 lllPEIlll
758 710 955 733 MACEDONICI
970 711 988 731 Δ
1003 709 1161 731 PERDICCA
1177 708 1292 730 FACTA.

680 764 757 800 Apud
769 763 803 798 ρ.
818 763 943 792 Curtium
957 763 1004 791 lib.
1020 771 1048 790 ε.

84 822 127 849 Rex

84 856 220 884 Ptolemaeus

84 890 213 917 Laomedon

84 926 182 953 Philotas

82 961 210 995 Antigonus

82 995 210 1023 Cassander

84 1030 205 1058 Menander

82 1064 212 1094 Leonnatus

83 1099 192 1130 Eumenes

83 1173 158 1201 Pithon

84 1207 235 1244 Lysimachus

86 1244 203 1272 Perdiccas

601 1037 738 1067 obtineret

401 1331 459 1366 ψ.

169 1379 223 1408 Τοῦ
238 1377 512 1412 αὑτοῦῖΒιθυνιακὰ
523 1376 559 1404 ἐν
568 1376 701 1411 βιϐλίοις
716 1380 753 1411 η’.

109 1427 161 1463 [253
172 1426 216 1462 IL]
237 1424 415 1459 Ἀνεγνώσθη
429 1423 477 1451 τοῦ
494 1423 578 1450 αὐτοῦ
602 1423 637 1450 τὰ
654 1423 821 1452 Βίθυνιᾱκὰ
837 1424 859 1440 ⁸³

84 1475 104 1500 ἑν
116 1474 216 1509 βιΰλίοις
228 1472 316 1504 ὀκτὼ,
331 1472 360 1498 ἐν
370 1470 412 1503 οἷς
427 1471 461 1498 τά
472 1479 504 1498 τε
523 1470 628 1506 μυθικὰ
641 1471 675 1497 τὰ
698 1472 763 1506 περὶ
778 1470 860 1497 Βιθυ-

83 1519 128 1550 νίας
138 1518 179 1545 καὶ
185 1516 285 1550 τᾶλλα,
300 1518 350 1549 ὅσα
360 1517 478 1551 συνέστη
490 1516 554 1552 περὶ
568 1516 716 1552 αὐτὴνρεΕς
727 1516 824 1544 λεπτὸν
836 1516 858 1534 ⁸³

83 1565 220 1600 ἀναγράφει,
234 1565 270 1600 τῇ
290 1563 401 1599 πατρίδι
413 1562 501 1599 δῶρον
515 1562 663 1598 ἀναφέρων
682 1562 718 1589 τὰ
733 1562 838 1599 πάτρια
849 1571 857 1578 ·

83 1610 239 1645 Νικομήδειαν
252 1609 311 1644 γάρ
324 1619 351 1637 τι
362 1609 394 1636 τὸ
403 1609 483 1644 γένος
494 1609 577 1636 αὐτοῦ
596 1610 625 1636 ὲν
645 1609 733 1646 ταύτῃ
745 1611 778 1646 τῇ
791 1619 858 1645 συγ-

83 1657 158 1691 γραφῇ
170 1655 295 1691 διορίζει,
311 1656 341 1682 ὲν
355 1655 425 1691 αὐτῇ
442 1663 473 1681 τε
489 1655 654 1691 γεννηθῆναι
669 1654 733 1691 [150
747 1655 795 1692 Η.]
810 1656 859 1684 καὶ

83 1702 196 1736 τραφῆναι
208 1702 257 1729 καὶ
283 1700 467 1735 παιδευθῆναι
486 1701 534 1728 καὶ
549 1701 625 1737 ἱερέα
637 1702 687 1737 τῆς
710 1702 858 1737 Δήμητρος

84 1748 173 1783 καὶτῆς
184 1748 280 1780 παιδὸς
295 1748 394 1783 αὐτῆς.
405 1744 450 1780 αἶς
463 1748 512 1775 καὶ
523 1748 574 1783 τὴν
587 1748 667 1775 πόλιν
694 1748 857 1776 ἀνακεῖσθαί

85 1802 144 1828 φησι,
159 1794 342 1830 χρηματίσαι.
354 1794 502 1830 Μέμνηται
518 1794 547 1821 δὲ
559 1795 588 1821 ὲν
601 1794 691 1831 ταύτῃ
701 1794 726 1810 ³³
739 1796 773 1831 τῇ
789 1802 857 1828 συγ-

85 1841 156 1875 γραφῇ
168 1840 212 1866 καὶ
226 1840 331 1876 ἐτέρων
347 1840 560 1876 πραγματειῶν,
575 1838 614 1868 ὥν
629 1842 646 1876 ἡ
663 1841 713 1877 μὲν
729 1842 779 1868 ὅσα
804 1841 856 1867 Τι-

86 1885 185 1919 uelith
195 1886 233 1922 τῷ
247 1886 387 1922 Κορινθίῳ
400 1886 472 1914 κατὰ
491 1886 618 1914 Σικελίαν
643 1888 769 1924 ἐπράχθη
798 1890 857 1917 δια-

875 1335 900 1364 Λ

85 1931 202 1965 λαμ6άνει,
219 1931 286 1968 [256
301 1932 347 1969 [1.]
373 1933 390 1968 ἠ
404 1933 434 1960 δὲ
456 1933 492 1960 τὰ
517 1933 597 1960 Δίωνι
613 1933 652 1968 τῷ
678 1935 856 1974 Συρακουσίῳ

84 1976 121 2002 ὄπα
132 1976 300 2013 ἀξιαφήγητά
320 1978 392 2013 ἔργα
408 1978 587 2015 ἐπετελέσθη.
605 1975 749 2015 ὴνίκατὰς
764 1981 855 2017 Συρα-

83 2022 164 2054 κούσας
178 2024 223 2050 καὶ
239 2025 333 2051 πᾶσαν
349 2024 477 2051 Σικελίαν
489 2024 544 2051 ἀπὸ
558 2024 607 2051 τοῦ
621 2025 748 2061 δευτέρου
764 2028 856 2054 Διονυ-

85 2066 137 2098 σίου,
150 2067 175 2099 ὃς
190 2066 224 2104 ἦν
239 2069 308 2100 παῖς
322 2068 370 2095 τοῦ
386 2069 534 2105 προτέρου,
551 2070 712 2106 ἠλευθέρου,
737 2072 786 2099 καὶ
800 2072 857 2100 τῶν

84 2110 215 2148 βαρϐάρων,
230 2113 280 2146 οὒς
302 2114 374 2150 ὑπὲρ
389 2114 436 2142 τοῦ
465 2114 586 2151 βεϐαίως
602 2118 748 2151 τυραννεῖν
762 2118 856 2146 Διονύ-

84 2164 126 2189 ato;
146 2159 309 2194 ἐπηγάγετο.
327 2160 456 2188 Φαίνεται
470 2160 500 2188 δὲ
524 2160 661 2197 τετάρτην
675 2162 791 2198 γράφων
806 2163 856 2200 τὴν

83 2202 119 2236 τῆς
129 2204 249 2239 πατρίδος
263 2206 405 2241 ἀφήγησιν
415 2213 422 2220 ·
438 2205 509 2241 μετὰ
518 2206 542 2223 ⁵⁸
552 2206 607 2242 γὰρ
620 2207 645 2223 ⁵⁸
659 2207 694 2234 τὰ
703 2208 768 2243 περὶ
785 2209 856 2235 Ἀλέ-

84 2247 172 2284 ξανδρον
184 2251 230 2277 καὶ
244 2251 415 2287 Τιμολέοντα
430 2252 478 2277 καὶ
499 2251 589 2279 Δίωνα
605 2251 687 2288 [μετὰ
712 2253 763 2285 τὰς
790 2254 855 2291 περὶ

83 2295 160 2328 αὐτοὺς
176 2297 307 2335 ίστορίας]
321 2298 369 2335 ῆδε
387 2299 462 2335 αὐτῷ
474 2300 492 2335 ἠ
517 2300 666 2336 συγγραφὴ
687 2300 849 2338 ἑξεπονήθη,

83 2340 129 2372 ἐξ⁸⁸
142 2342 222 2379 ἀρχῆς
237 2344 299 2379 μὲν,
310 2344 358 2379 ἀφ’
375 2341 406 2372 οὗ
421 2346 541 2380 γράφειν
567 2346 672 2381 ἴσχυσε,
688 2347 792 2382 ταύτην
806 2348 851 2374 ὲν-

84 2389 210 2422 στήσασθαι
227 2391 277 2418 καὶ
302 2391 434 2424 συντάξαι
457 2391 507 2427 τὴν
531 2391 661 2419 ὑπόθεσιν
680 2392 848 2428 βουληθέντι,

83 2433 119 2468 τῆς
130 2434 155 2460 δὲ
169 2437 345 2472 παρασκευῆς
364 2437 404 2472 τῷ
419 2437 521 2470 ἐνδεῶς
542 2437 623 2465 αὑτὸν
638 2439 710 2474 ἔχειν
722 2438 746 2455 ⁵⁷
760 2447 850 2474 παρα-

84 2479 185 2514 πινάσης
203 2481 248 2508 τὸν
265 2482 361 2517 χρόνον
377 2490 384 2497 ·
410 2482 515 2518 ταύτην
536 2483 593 2519 γὰρ
621 2484 702 2516 αὐτὸς
725 2485 776 2519 τῆς
801 2484 848 2511 ἐπὶ

85 2524 173 2561 τεύτῳπ
187 2527 353 2564 βραδυτῆτος
363 2529 527 2556 ἀποδίδωσιν
543 2530 644 2558 αἰτίαν.

111 2568 226 2605 Ἀρχεται
241 2572 291 2607 μὲν
304 2572 361 2607 οὖν,
375 2573 472 2609 ὥσπερ
485 2575 508 2591 ⁵⁹
524 2574 643 2610 εἴρηται,
659 2574 713 2602 ἀπὺ
728 2575 783 2602 τῶν
795 2583 848 2610 μυ-

85 2611 148 2642 θικῶν
160 2616 207 2652 τῆς
224 2617 357 2654 ἱστορίας,
371 2620 481 2647 κάτεισι
490 2620 521 2647 δὲ
544 2621 627 2656 μέχρι
641 2620 773 2657 τελευτῆς
798 2620 847 2648 τοῦ

912 819 1049 848 Summam
1065 819 1181 854 imperii.

912 854 1058 891 {Egyptum
1075 853 1218 891 et’ﬁfricae
1237 859 1343 890 gentes,
1360 863 1421 891 quae
1436 855 1463 883 in
1481 853 1587 883 ditioue
1613 859 1704 883 erant.

913 889 1019 925 Syriam
1034 897 1095 917 cum
1113 889 1252 918 Phoenice.

911 925 1044 953 Ciliciam.

911 960 1021 1020 %ayc'i:'l:
1038 969 1097 989 eum
1113 960 1282 996 Pamphylia,
1300 966 1329 989 et
1346 958 1449 994 majore
1469 959 1597 995 Phrygia.

925 1012 931 1020 ι
952 1004 972 1020 Ι¹Ι
1022 1017 1029 1020 .

925 1003 1029 1024 .arram.

911 1030 1023 1066 Lydiam
1034 1052 1041 1059 .

911 1065 1057 1101 Phrygiam
1080 1067 1212 1094 minorem
1228 1065 1402 1101 Hellesponto
1412 1066 1581 1101 adiunctam.

911 1100 1109 1136 Cappadociam
1135 1109 1197 1129 cum
1220 1100 1403 1137 Paphlagonia
1429 1100 1514 1136 usique
1544 1102 1577 1128 ad
1603 1100 1707 1136 Trape-

945 1142 1038 1164 zunta.

910 1171 1036 1199 Mediam.

911 1207 1064 1242 Thraciam,
1086 1206 1279 1242 appositasque
1292 1206 1416 1235 Thracim
1437 1207 1562 1235 Ponticas
1583 1210 1687 1241 gentes.

911 1241 1104 1269 Prtei'ecturatn
1120 1241 1274 1277 copiarum,
1286 1250 1347 1277 quae
1369 1250 1459 1278 regem
1475 1243 1667 1275 sequebantur.

1268 1333 1358 1361 XCIII.

1092 1381 1218 1416 Ejusdem
1231 1382 1340 1409 Arriani
1357 1381 1509 1417 Bithynice.

947 1426 1011 1462 Legi
1027 1426 1170 1462 Bithynice
1186 1420 1308 1462 ejusdem
1335 1427 1411 1455 libris
1437 1433 1499 1455 octo
1522 1436 1529 1453 :
1551 1420 1659 1463 quibus
1672 1429 1705 1457 de

911 1471 1035 1507 Bitbynia
1062 1473 1200 1501 fabulosae
1230 1474 1411 1508 narrationes,
1443 1479 1597 1509 caeteraqne
1618 1475 1652 1502 ad
1672 1483 1705 1502 ea

910 1519 1087 1553 pertinentia.
1110 1524 1237 1547 accurate
1263 1519 1431 1554 perscribit:
1448 1520 1544 1555 patriae
1572 1521 1703 1548 nimirum

909 1565 1025 1600 patriam
1047 1566 1186 1593 historiam
1209 1565 1340 1594 oil'erens.
1353 1565 1513 1594 Nicomedia
1529 1566 1601 1593 enim
1617 1574 1704 1601 genus

909 1618 939 1639 se
957 1610 1057 1638 ducere
1072 1611 1123 1638 hoc
1136 1618 1219 1646 opere
1234 1612 1356 1638 ostendit
1370 1620 1378 1645 ;
1403 1611 1473 1646 73b
1497 1619 1587 1646 eaque
1598 1611 1624 1638 in
1637 1612 1704 1639 urbe

909 1663 1013 1690 natum,
1025 1657 1108 1684 altum
1123 1657 1277 1692 litterisque
1296 1657 1443 1691 imbutum,
1456 1659 1638 1686 sacerdotium
1652 1658 1704 1685 Ce-

909 1703 990 1735 reris,
1005 1702 1117 1737 ejusque
1131 1703 1190 1729 ﬁlias
1202 1702 1375 1737 Proserpinae
1394 1703 1508 1738 (quibus
1523 1711 1630 1730 sacram
1641 1711 1704 1730 esse

908 1749 1003 1776 urbem
1022 1748 1129 1782 scribit)
1149 1748 1276 1783 gessisse.
1297 1748 1422 1775 Meminit
1444 1756 1509 1776 vero
1528 1749 1579 1776 hoc
1597 1749 1655 1784 ipso
1676 1750 1701 1777 iu

908 1793 977 1821 libro
992 1797 1019 1821 et
1039 1793 1152 1820 aliorum
1171 1801 1283 1828 operum
1303 1803 1309 1821 :
1328 1801 1442 1828 quorum
1462 1794 1579 1821 alterum
1591 1795 1702 1828 quidem

908 1839 965 1875 (56)
979 1838 1158 1866 Timoleontis
1171 1839 1308 1867 Corinthii
1325 1847 1370 1867 res
1384 1839 1410 1867 in
1426 1839 1518 1867 Sicilia
1535 1845 1625 1875 gestas
1636 1847 1702 1867 eon-

908 1887 990 1920 tinet;
1007 1886 1121 1913 alterum
1138 1893 1203 1914 vero
1223 1894 1267 1914 res
1285 1886 1379 1913 Dionis
1404 1885 1584 1922 Syracusani,
1599 1894 1702 1915 memo—

907 1936 968 1959 ratu
987 1931 1083 1967 dignas
1110 1931 1204 1964 refert,
1219 1939 1279 1958 cum
1298 1931 1449 1967 Syracusas
1478 1932 1522 1959 hic
1538 1940 1702 1967 omnemque

906 1977 974 2005 adeo
995 1977 1117 2005 Siciliam
1135 1985 1151 2004 a
1168 1977 1291 2013 Dionysii
1322 1978 1433 2005 secundi
1451 1977 1507 2012 (qui
1532 1977 1613 2012 primi
1629 1977 1701 2005 ﬁlius

904 2023 967 2059 fuit)
985 2021 1129 2059 tyrannide
1148 2023 1276 2051 liberavit
1295 2032 1303 2051 :
1320 2024 1485 2058 insuperque
1498 2027 1551 2051 eta
1566 2024 1701 2054 barbaris.

905 2077 972 2105 quos
985 2075 1014 2096 ut
1030 2069 1201 2105 tyrannidem
1215 2069 1360 2103 .iirmaret,
1375 2069 1521 2105 Dionysius
1537 2077 1570 2097 eo
1582 2069 1702 2096 adduxe—

905 2120 958 2142 rat.
972 2114 1089 2150 Apparet
1104 2122 1171 2142 vero
1189 2115 1240 2142 hoc
1255 2121 1340 2149 opus,
1360 2121 1414 2149 quo
1425 2114 1541 2149 patriam
1557 2115 1702 2149 descripsit

902 2165 964 2195 post
978 2161 1126 2188 Alexandri
1139 2160 1240 2195 magni,
1254 2160 1445 2192 Timoleontis.
1463 2166 1490 2188 et
1506 2160 1598 2188 Dionis
1609 2169 1700 2188 rerum

902 2211 1038 2242 gestarum
1066 2206 1206 2239 historias,
1234 2211 1335 2241 quarto
1358 2206 1419 2234 loco
1445 2206 1601 2234 confectura
1612 2214 1698 2234 esse:

902 2257 929 2280 et
947 2252 1024 2280 initio
1041 2252 1152 2287 quidem
1165 2257 1251 2285 certe,
1266 2243 1300 2280 ex
1322 2260 1376 2286 quo
1393 2251 1513 2279 animum
1526 2253 1560 2279 ad
1576 2252 1700 2279 scriben-

902 2297 966 2324 dum
985 2297 1130 2333 appulerit,
1151 2297 1204 2324 hoc
1217 2297 1269 2324 sibi
1285 2297 1411 2325 consulto
1428 2301 1619 2332 argumentum
1635 2305 1699 2332 pro-

904 2343 1027 2378 posuisse
1054 2347 1084 2370 et
1114 2343 1284 2378 prmiixisse;
1315 2350 1407 2370 verum
1434 2343 1507 2378 quod
1535 2343 1617 2371 rebus
1644 2344 1699 2372 illis

904 2389 986 2424 hujus
1001 2394 1150 2424 apparatus
1166 2389 1310 2424 indigeret,
1327 2389 1431 2416 tardius
1445 2389 1605 2417 absolvisse.
1624 2389 1700 2417 llanc

903 2434 975 2461 enim
1000 2435 1115 2469 ipsemet
1129 2434 1294 2462 cessationis
1317 2434 1457 2469 tardaeque
1481 2434 1611 2463 editionis
1631 2442 1699 2462 eau-

902 2488 961 2508 sam
981 2480 1071 2509 aﬂ'ert.

937 2573 957 2600 A
976 2572 1107 2601 fabulosis
1122 2579 1199 2608 ergo,
1219 2578 1249 2601 ut
1265 2573 1322 2608 jam
1345 2573 1476 2607 diximus,
1492 2574 1699 2602 narrationibus

901 2618 1054 2647 ducendum
1069 2620 1175 2655 putavit
1192 2620 1314 2654 initium,
1329 2621 1475 2656 pergitque
1496 2628 1579 2656 porro
1600 2621 1634 2648 ad
1651 2627 1699 2647 ex-

710 2688 826 2716 VARIAE
843 2688 1047 2717 LECTIONES.

110 2729 126 2744 "
139 2729 275 2769 Βιθυνιακὰ
287 2733 320 2763 Α.
333 2733 465 2761 Βιθυνικὰ
476 2743 507 2766 ς.
518 2734 554 2762 cl'.
568 2742 595 2769 p.
606 2735 638 2762 17
658 2744 674 2762 a
689 2735 735 2762 27.

789 2735 869 2772 "fl;
879 2736 978 2763 λεπτὸν
988 2737 1011 2762 Α
1022 2744 1029 2762 :
1039 2736 1220 2772 λεπτομερῶς
1240 2745 1272 2769 ς.

1325 2737 1349 2753 ⁵³
1358 2735 1457 2775 ταυτῃ]
1477 2735 1565 2775 ταύτῃ
1578 2735 1647 2775 αρτῇ
1661 2735 1695 2763 Α.

87 2760 103 2808 ;;
114 2764 180 2808 ea]
189 2767 253 2808 μετέ
268 2776 298 2794 τε
311 2760 340 2801 ξ.
418 2760 677 2808 aggesta:
690 2760 734 2797 λι·
762 2770 785 2786 σο
797 2760 839 2806 ἐξ]
850 2760 979 2805 tange;
989 2760 1219 2808 martia;
1229 2760 1272 2800 ,ξε
1283 2760 1461 2808 eam;
1470 2760 1648 2804 ξτες-διεὶς
1662 2760 1695 2803 g:

87 2795 195 2836 ¹⁹ὤσπέῤ
216 2795 325 2839 εἴρηταί
349 2795 677 2840 ροειῖέτορίαξηροιίίῖ.

114 2889 156 2924 (εὖ)
171 2891 267 2929 Dionis,
291 2894 339 2930 qui
353 2895 558 2932 _Timoleontem
584 2899 735 2934 praeessit,
762 2852 999 2937 ipsitliqsgifeiiam
1013 2899 1194 2929 Tiutolcomis
1210 2900 1292 2929 vitam
1311 2899 1394 2929 habes
1410 2900 1480 2936 apud
1495 2898 1568 2928 Plut.
