3926 6442
386 369 491 435 827

1545 369 1809 430 PHOTII
1849 371 2355 432 PATitIARCll/E
2391 375 2500 435 (ΞΡ.

3559 370 3669 454 328

385 495 493 550 tur,
514 498 625 555 quo
644 480 824 539 minus
854 482 890 538 ii
927 497 1069 547 esse,
1104 482 1198 552 qui
1231 484 1642 552 quaerebantur,
1707 498 1961 554 agnosce-

2076 485 2197 539 τίαν
2219 488 2553 558 τραπόμενοι
2583 488 2661 559 τῷ
2697 493 2932 562 στρατῷ,
2960 493 3045 547 ἵνα
3092 496 3293 565 μᾶλλον
3326 498 3543 555 λάθοιεν
3590 507 3669 577 μὴ

383 586 594 632 rentur.
622 576 864 630 Inventis
891 575 1095 630 deinde
1115 575 1300 630 asellis
1317 578 1555 643 duobus,
1591 582 1967 630 conscendunt

382 666 507 737 ipsi,
541 680 822 734 oneraque
852 666 1155 733 imponunt,
1192 680 1315 733 qua:
1349 681 1534 720 secum
1568 665 1883 731 attulerant,
1903 681 1968 720 ex

382 758 452 812 iis
482 758 648 813 rc'bus
704 772 841 826 quas
886 758 1033 811 velut
1064 760 1295 813 mortuis
1350 757 1626 811 exercitus
1670 756 1966 825 adjecerat.

385 848 523 901 llinc
553 848 605 901 in
632 847 989 901 diversorium
1015 862 1074 901 se
1099 848 1392 916 recipiunt,
1464 846 1609 901 unde
1656 855 1836 901 tamen
1878 844 1969 899 fu-

384 943 614 1010 gientes,
666 939 818 1007 juxta
880 940 1095 1008 plenum
1130 938 1308 993 forum
1340 940 1393 993 in
1421 939 1563 992 aliud
1600 939 1964 993 diversorium

384 1030 708 1084 concedunt.
739 1028 951 1083 Accidit
976 1030 1183 1083 interea
1223 1027 1455 1083 fratrum
1483 1028 1553 1082 ibi
1586 1028 1782 1092 caedes,
1814 1028 1969 1097 cujus

383 1122 650 1183 accusati,
674 1129 797 1190 post
841 1122 1004 1174 etiam
1031 1121 1358 1175 liberantur.
1384 1120 1640 1173 Fratrum
1664 1120 1810 1174 enim
1838 1128 1967 1172 natu

384 1213 579 1281 major,
615 1213 704 1281 qui
733 1213 995 1266 minorem
1022 1226 1231 1265 veneno
1264 1212 1585 1277 sustulerat,
1611 1211 1711 1265 hos
1744 1211 1964 1279 quidem

382 1312 690 1367 accusarat,
731 1304 824 1359 sed
848 1304 949 1358 sibi
974 1303 1076 1371 ipsi
1106 1318 1296 1355 manus
1325 1300 1630 1365 inferendo,
1672 1302 1818 1355 omni
1844 1316 1969 1354 rur-

382 1410 475 1449 sus
506 1396 732 1450 crimine
767 1395 1049 1449 liberarat.
1100 1393 1394 1447 Rhodanes
1441 1393 1648 1447 inscius
1696 1408 1966 1447 venenum

382 1488 508 1542 hinc
541 1504 725 1543 secum
764 1487 974 1554 aufert;
1022 1486 1365 1554 subeuntquc
1415 1495 1540 1555 post
1575 1486 1691 1540 hate
1738 1485 1969 1540 latronis

382 1579 625 1643 domum,
659 1580 751 1649 qui
788 1580 840 1633 in
868 1580 1105 1633 viatores
1133 1578 1508 1647 grassabatur,
1579 1592 1716 1647 quos
1743 1586 1796 1632 et
1858 1578 1964 1633 sibi

380 1668 676 1735 epulandos
750 1669 1074 1737 apponebat.
1126 1667 1275 1722 Missi
1334 1678 1514 1721 autem
1577 1669 1683 1721 huc
1718 1683 1749 1722 a
1800 1666 1965 1720 Dama

382 1761 604 1826 milites,
638 1770 925 1829 postquam
964 1759 1231 1813 latronem
1276 1758 1827 1828 comprehenderunt,
1882 1759 1961 1826 ig-

2076 578 2230 641 ὄντες
2279 581 2331 631 οἱ
2363 579 2705 647 διωκόμενοι.
2744 583 2855 634 Καὶ
2908 584 3164 656 εὑρόντες
3218 587 3374 652 ὅνους
3407 590 3503 644 δύο
3567 596 3668 647 ὲπ-

2073 669 2276 740 ἐόησάν
2308 688 2367 723 τε
2395 671 2494 725 καὶ
2526 673 2594 724 τὰ
2624 673 2824 743 φορτία
2856 676 3138 744 ἐπέθεντο,
3167 678 3203 732 ἀ
3238 683 3668 754 συνεκεκόμιστο

2070 764 2253 827 αὐτοῖς
2294 766 2389 832 ἀφ’
2442 761 2517 819 ὧν
2560 765 2696 819 ὡσεὶ
2754 770 2973 839 νεκροῖς
3008 771 3311 843 ἐπέρριψεν
3353 776 3381 828 ὁ
3414 778 3663 847 στρατός.

2071 850 2204 906 Εἶτα
2260 855 2618 926 καταίρουσιν
2678 861 2759 921 είς
2814 861 3157 931 πανδοχεῖον,
3213 865 3309 919 καὶ
3368 868 3665 936 φεύγουσιν

2070 945 2304 1009 ἐκεῖθεν,
2338 949 2435 1000 καὶ
2499 950 2631 1021 περὶ
2661 950 2977 1022 πλήθουσαν
3007 954 3217 1025 ἀγορὰν
3235 959 3326 1021 ti;
3355 958 3517 1013 ἄλλον
3542 979 3666 1014 στα-

2069 1035 2208 1107 θμὸν
2227 1039 2577 1094 καταλύουσι.
2606 1042 2717 1094 Καὶ
2733 1044 2943 1110 γίνεται
2960 1045 3020 1098 τὸ
3050 1046 3222 1110 πάθος
3243 1049 3351 1101 τῶν
3382 1051 3659 1119 ἀδελφῶν,

2068 1130 2167 1181 καὶ
2196 1132 2630 1201 κατηγοροῦνται
2659 1134 2844 1202 φόνου,
2868 1136 2963 1189 καὶ
2990 1137 3119 1209 [152
3154 1137 3245 1211 Η.]
3270 1141 3522 1209 ἀφίενται
3546 1144 3661 1203 ,τοῦ

2070 1222 2442 1293 πρεσϐυτέρου
2473 1224 2581 1277 τῶν
2633 1218 2903 1297 ἀδελφῶν,
2954 1230 3012 1294 ὃς
3048 1231 3316 1303 ἀνῃρήκει
3377 1237 3661 1307 φαρμάκῳ

2066 1313 2158 1366 τὸν
2186 1313 2432 1384 ὕστερον,
2465 1320 2949 1389 κατηγορήσαντος
2978 1322 3098 1391 μὲν,
3123 1328 3189 1395 τῇ
3221 1325 3276 1378 δὲ
3308 1327 3487 1397 οἰκείᾳ
3506 1328 3660 1382 ἀναι-

2071 1405 2216 1475 ρέσει
2248 1407 2605 1473 ἀθωώσαντος
2634 1428 2649 1442 ο
2675 1411 2770 1464 καὶ
2804 1411 3057 1467 λανθάνει
3101 1414 3357 1485 Ῥοδάνης
3380 1418 3650 1490 ἀνελόμε-

2067 1514 2158 1560 νος
2186 1499 2247 1551 τὸ
2302 1501 2618 1569 φάρμακον.
2678 1505 3049 1575 Καταίρουσιν
3084 1509 3166 1569 είς
3202 1510 3414 1578 οίκημα
3454 1511 3660 1581 λῃστοῦ

2066 1589 2193 1651 τοὺς
2218 1591 2516 1661 παροδίτας
2538 1594 2897 1665 λῃστεύοντος
2926 1598 3020 1650 καὶ
3036 1598 3260 1663 τούτους
3279 1602 3455 1671 ἐαυτῷ
3474 1621 3662 1656 ποιου-

2071 1676 2235 1745 μένου
2259 1678 2563 1747 τράπεζαν.
2626 1684 2737 1735 Καὶ
2774 1688 3129 1754 στρατιωτῶν
3195 1690 3301 1743 ὑπὸ
3349 1690 3445 1743 τοῦ
3497 1694 3662 1764 Δάμα

2070 1767 2394 1833 σταλέντων,
2429 1773 2555 1823 ἐπεὶ
2589 1773 2618 1824 ό
2647 1774 2851 1844 λῃστὴς
2896 1778 3247 1847 συνείληπτο,
3282 1780 3395 1852 πῦρ
3448 1783 3660 1851 ὲμϐάλυ

380 1867 501 1905 nem
532 1852 582 1904 in
607 1852 723 1921 ejus
741 1851 962 1905 domum
990 1849 1291 1918 injecernnt
1315 1866 1330 1915 ;
1359 1864 1466 1917 quo
1496 1849 1621 1916 igne
1643 1848 1789 1901 etilli
1816 1861 1961 1899 com-

2067 1855 2214 1907 λεται
2249 1858 2329 1918 είς
2353 1858 2452 1927 τὴν
2480 1860 2657 1913 οἰκίαν
2692 1879 2707 1892 ·
2726 1866 2818 1915 καὶ
2854 1844 3461 1943 περιλαμϐάνονται-τῷ
3481 1844 3655 1944 πυρὶ,

376 1944 662 2014 prehensi,
691 1958 834 2013 aegre
854 1941 1144 1996 admodum
1176 1950 1406 1995 mortem
1428 1948 1743 2000 evaserunt,
1768 1938 1966 2007 perju-

378 2033 594 2102 gulatos
638 2041 691 2085 et
720 2032 771 2084 in
808 2031 986 2099 ignem
1043 2030 1326 2097 conjectos
1371 2031 1559 2085 asinos
1598 2029 1831 2082 transitu
1859 2029 1962 2083 sibi

378 2137 587 2196 parato.
634 2126 744 2180 Visi
781 2125 941 2195 igitur
983 2139 1012 2178 a
1056 2124 1314 2178 militibus
1362 2129 1559 2186 noctu,
1604 2122 1696 2190 qui
1747 2123 1963 2175 domum

381 2216 783 2277 accenderant,
824 2225 879 2270 et
909 2215 1224 2285 interrogati
1257 2212 1481 2282 quinam
1508 2222 1713 2277 essent,
1746 2211 1966 2265 umbras

379 2322 579 2362 seesse
608 2321 817 2370 eorum,
877 2320 1013 2375 quos
1052 2305 1193 2359 latro
1227 2305 1319 2358 ille
1359 2303 1687 2373 jugulasset,
1738 2318 1967 2371 respon-

379 2400 509 2453 dent
549 2423 561 2453 :
595 2399 668 2453 ita
702 2398 909 2469 pallore
936 2398 1220 2466 macieque
1263 2397 1468 2461 vultus,
1504 2411 1567 2449 ac
1593 2395 1740 2449 vocis
1769 2395 1965 2448 remis-

397 2491 553 2546 sione
583 2490 845 2544 militibus
873 2488 1281 2555 satisfecerunt,
1323 2498 1700 2555 terroremque
1724 2488 1967 2540 incusse-

379 2590 526 2635 runt.
581 2579 787 2649 Fugam
847 2594 1064 2633 rursum
1112 2580 1236 2633 inde
1307 2589 1682 2647 capessentes,
1730 2576 1871 2647 75a
1910 2578 1964 2630 in

376 2673 610 2742 puellam
647 2672 785 2727 forte
810 2672 875 2725 ad
901 2671 1213 2741 sepulcrum
1257 2670 1456 2724 elatam
1487 2670 1817 2734 inciderunt,
1881 2681 1966 2723 at-

376 2752 484 2834 que
513 2764 579 2817 ad
609 2764 968 2833 Spemaudum
1032 2760 1269 2817 atllueuti
1303 2777 1362 2815 se
1395 2763 1569 2817 turbae
1628 2762 1960 2816 immisceut.

385 2857 486 2911 llic
516 2872 680 2913 senex
723 2854 1010 2910 Chaldaeus
1046 2864 1269 2924 propter
1292 2863 1496 2919 astans,
1556 2852 1772 2922 sepeliri
1811 2852 1962 2922 puelo

384 2948 493 3003 lam
524 2956 705 3012 vetat;
776 2948 987 3015 spirare
1013 2946 1157 3001 enim
1199 2960 1262 2999 ac
1295 2945 1478 3001 vivere
1530 2944 1829 2999 etiamnum
1879 2945 1964 2999 af-

375 3040 624 3105 ﬁrmans,
656 3049 715 3095 ut
748 3053 836 3094 res
876 3039 992 3107 ipsa
1028 3037 1348 3093 declaravit.
1380 3036 1629 3091 Rhodani
1674 3038 1839 3090 etiam
1868 3052 1965 3090 va-

377 3134 635 3196 ticinans,
670 3129 921 3200 praedixit
950 3126 1245 3195 aliquando
1276 3136 1655 3197 regnaturum.
1701 3127 1962 3183 Tumulus

373 3230 504 3295 ergo
534 3223 725 3293 puellae
754 3220 932 3275 inanis
958 3219 1252 3283 deseritur,
1298 3218 1465 3273 multa
1510 3220 1582 3274 ibi
1620 3231 1787 3285 veste,
1841 3237 1975 3290 qua!

374 3318 428 3374 in
464 3317 712 3387 sepulcro
745 3314 1026 3369 exurenda
1066 3312 1263 3377 fuerat,
1304 3314 1517 3380 relicta,
1547 3329 1669 3368 cum
1705 3315 1957 3369 esculen-

376 3413 443 3467 tis
468 3425 531 3465 ac
565 3410 795 3480 poculis,
849 3407 1046 3477 quibus
1081 3406 1374 3461 Rhodanes
1411 3422 1535 3462 cum
1584 3407 1730 3462 socia
1762 3407 1959 3463 lautius

372 3504 601 3575 epulati,
636 3502 808 3571 raptis
836 3501 1035 3556 deinde
1064 3500 1401 3555 indumentis
1430 3501 1779 3570 quihusdam,
1838 3516 1960 3558 sesc

372 3597 428 3651 in
455 3597 644 3651 eodem
696 3593 947 3662 sepulcro
988 3593 1274 3647 dormituri
1309 3593 1597 3648 collocant.
1646 3594 1716 3649 At
1759 3597 1848 3664 qui
1881 3594 1959 3649 la-

373 3685 550 3738 tronis
577 3684 739 3737 domo
775 3682 951 3749 ignem
1005 3681 1328 3750 iujeceraut,
1391 3695 1514 3735 cum
1576 3682 1832 3752 deceptos
1863 3698 1957 3738 ex-

372 3784 497 3831 orto
542 3774 655 3843 jam
701 3772 815 3827 sole
866 3786 926 3828 se
959 3788 1082 3827 esse
1129 3773 1670 3841 animadvertissent,
1726 3776 1955 3846 vestigia

377 3865 661 3921 Rhodauis
691 3880 755 3918 ac
780 3863 1061 3918 Sinonidis
1077 3874 1205 3917 sunt
1233 3864 1493 3927 insecuti,
1512 3865 1612 3918 rati
1636 3866 1811 3920 socios
1834 3882 1957 3921 esse

373 3957 628 4012 latronis.
695 3955 867 4026 lgitur
901 3955 968 4009 ad
999 3953 1304 4023 sepulcrum
1360 3969 1460 4023 per
1507 3956 1732 4026 vestigia
1764 3957 1954 4021 delati,

374 4063 501 4101 cum
544 4062 638 4101 eos
666 4046 855 4116 jacere
878 4045 951 4099 ibi
980 4045 1248 4109 viderent,
1277 4045 1526 4115 nihilque
1554 4048 1756 4101 moveri
1792 4048 1956 4117 (quod

376 4154 571 4193 somno
600 4140 838 4208 vinoque
874 4137 1066 4206 sepulti
1099 4137 1303 4208 essent)
1335 4139 1602 4193 cadavera
1658 4153 1719 4193 se
1771 4140 1956 4196 videre

374 4229 714 4284 credebant:
749 4244 925 4298 neque
959 4229 1283 4299 attigerunt,
1340 4229 1529 4284 incerti
1560 4245 1627 4283 an
1658 4244 1723 4284 eo
1750 4230 1957 4287 ferrent

373 4321 625 4391 vestigia.
651 4320 913 4376 Discessit
935 4321 1061 4375 inde
1089 4319 1409 4387 Rhodanes,
1479 4319 1810 4395 ﬂuviumque
1844 4335 1956 4377 tra—

367 4410 525 4480 jecit,
556 4415 710 4480 cujus
745 4428 883 4482 aqua
921 4413 1097 4467 dulcis
1130 4428 1196 4468 ac
1222 4413 1443 4481 limpida
1480 4413 1595 4484 regi
1655 4413 1766 4485 (62)
1820 4432 1957 4486 quo-

2069 1944 2197 2015 [240
2232 1945 2323 2017 R.]
2355 1949 2450 2001 καὶ
2501 1949 2858 2020 διαφεύγουσι
2929 1956 3083 2024 μόλις
3128 1958 3220 2010 τὸν
3276 1959 3498 2031 ὄλεθρον
3548 1964 3662 2015 τῶν

2065 2036 2203 2089 ὗνων
2235 2039 2555 2107 σφαγέντων
2591 2042 2687 2094 καὶ
2716 2044 2817 2114 τῷ
2860 2046 2997 2113 πυρὶ
3048 2049 3129 2110 εἰς
3175 2049 3347 2103 δίοδον
3377 2055 3658 2108 ἐπιτεθέν-

2066 2142 2195 2179 των.
2231 2126 2594 2198 Καθορῶνται
2618 2131 2837 2203 νύκτωρ
2866 2135 2972 2187 ὑπὸ
2994 2136 3104 2190 τῶν
3148 2139 3209 2192 τὸ
3237 2141 3350 2211 πῦρ
3384 2143 3657 2212 ἐμϐαλόν-

2065 2231 2195 2281 των,
2237 2218 2335 2271 καὶ
2375 2219 2821 2290 ἐπερωτηθέντες
2848 2225 2995 2289 τίνες
3026 2223 3155 2294 εἷεν,
3178 2231 3391 2287 Εἴδωλα
3417 2235 3525 2287 τῶν
3550 2237 3661 2289 ὑπδ

2065 2308 2161 2360 τοῦ
2189 2308 2388 2380 λῃστοῦ
2406 2312 2826 2383 ἀναιρεθέντων,
2848 2317 3257 2389 ἀποκρίνονται,
3280 2325 3373 2376 καὶ
3390 2328 3453 2395 τῇ
3479 2326 3663 2398 ὠχρό⁸

2066 2415 2187 2467 τητι
2223 2402 2316 2454 καὶ
2348 2402 2638 2474 λεπτότητι
2674 2405 2771 2474 τῆς
2823 2407 3001 2476 ὅψεως
3048 2412 3143 2464 καὶ
3192 2417 3259 2485 τῇ
3296 2415 3490 2488 ἀτονία
3551 2418 3659 2488 τῆς

2067 2492 2253 2561 φωνῆς
2279 2493 2505 2547 ἔπεισάν
2533 2513 2593 2548 τε
2617 2498 2745 2561 τοὺς
2775 2501 3118 2570 στρατιώτας
3142 2508 3238 2558 καὶ
3255 2506 3653 2578 ὲδειμάτωσαν.

2066 2584 2175 2636 Καὶ
2208 2585 2470 2653 φεύγουσι
2492 2588 2654 2642 πάλιν
2683 2591 2893 2644 ἐκεῖθεν
2914 2594 2983 2659 ⁷⁵,
3019 2595 3113 2648 καὶ
3168 2599 3657 2669 καταλαμϐάνουσι

2068 2673 2240 2744 κόρην
2279 2676 2372 2728 ἐπὶ
2399 2677 2577 2747 ταφὴν
2605 2680 2903 2751 ἀγομένην,
2934 2685 3029 2737 καὶ
3061 2686 3386 2758 συρῤέουσιν
3430 2691 3524 2744 ἐπὶ
3555 2691 3656 2761 τὴν

2068 2763 2198 2816 θέαν
2231 2781 2244 2795 ο
2276 2767 2373 2819 καὶ
2403 2768 2670 2833 Χαλδαῖος
2694 2772 2875 2842 γέρων
2930 2775 3158 2840 ἐπιστὰς
3207 2778 3408 2831 κωλύει
3437 2780 3535 2851 τὴν
3557 2799 3656 2836 τα-

2067 2852 2196 2923 φὴν,
2225 2853 2469 2925 ἔμπνουν
2497 2852 2636 2911 εἶναι
2682 2859 2785 2931 τὴν
2835 2860 3006 2933 κόρην
3035 2863 3116 2916 ἔτι
3145 2864 3323 2933 λέγων
3342 2884 3359 2899 ο
3389 2871 3485 2922 καὶ
3514 2870 3657 2923 ἐδεί-

2066 2942 2169 3012 χθη
2201 2944 2397 3009 οὕτως.
2430 2949 2769 3021 Χρησμῳδεί
2788 2951 2846 3004 δὲ
2862 2955 2958 3007 καὶ
2990 2954 3069 3025 τῷ
3109 2956 3349 3012 Ῥοδάνει
3380 2960 3423 2991 ⁷⁸
3444 2960 3520 3024 ὡς
3551 2961 3654 3031 βα-

2068 3034 2325 3091 σιλεύσοι.
2361 3039 2853 3111 Καταλιμπάνεται
2879 3045 3037 3108 κενὸς
3071 3048 3099 3099 ὁ
3133 3048 3233 3116 τῆς
3259 3049 3430 3121 κόρης
3456 3053 3651 3122 τάφος,

2067 3127 2161 3179 καὶ
2193 3128 2365 3181 πολλὰ
2385 3136 2494 3209 τῶν
2530 3132 2773 3196 πέπλων,
2822 3135 2859 3188 ἃ
2904 3134 3132 3206 ἔμελλεν
3181 3140 3527 3195 ὲπικαίεσθαι
3572 3143 3655 3214 τῷ

2068 3218 2245 3288 τάφῳ,
2287 3220 2369 3273 ἔτι
2397 3237 2457 3273 τε
2486 3221 2632 3275 σιτία
2660 3224 2755 3277 καὶ
2782 3225 2924 3279 ποτά
2953 3243 2967 3256 ·
2993 3228 3089 3281 καὶ
3126 3228 3175 3281 οἱ
3206 3231 3337 3300 περὶ
3393 3231 3655 3305 Ῥοδάνῆν

2068 3308 2280 3373 τούτοις
2304 3311 2658 3381 εὐωχοῦνται,
2693 3313 2789 3369 καὶ
2843 3316 3190 3386 λαμϐάνουσι
3252 3337 3374 3374 τινα
3411 3322 3505 3374 καὶ
3541 3323 3655 3376 τῶν

2066 3400 2312 3469 άμφίων,
2347 3402 2444 3456 καὶ
2468 3403 2827 3459 καθεύδουσιν
2864 3408 2922 3461 ὲν
2956 3408 3034 3478 τῷ
3053 3410 3153 3479 τῆς
3176 3410 3349 3482 κόρης
3376 3413 3554 3483 τάφῳ.
3580 3396 3651 3468 Ol

2066 3490 2123 3543 δὲ
2162 3492 2223 3544 τὸ
2242 3491 2354 3565 πῦρ
2380 3496 2448 3565 τῇ
2478 3495 2574 3548 τοῦ
2600 3495 2799 3570 λῃστοῦ
2827 3497 2976 3571 οἰκίᾳ
3029 3499 3381 3570 ἐμϐαλόντες,
3434 3504 3654 3575 ἡμέρας

2066 3583 2435 3655 ἐπιλαϐούσης
2495 3589 2888 3658 ἠπατημένους
2965 3591 3191 3655 ἑαυτοὺς
3259 3593 3562 3661 ἐγνωκότες
3578 3598 3647 3662 τ’,

2069 3674 2294 3727 ἐδίωκον
2320 3678 2441 3730 κατ’
2469 3679 2593 3749 ἴχνη
2636 3680 2926 3745 Ῥοδάνους
2965 3684 3063 3736 καὶ
3115 3685 3419 3751 Σινωνίδος,
3460 3704 3650 3761 συνερ-

2069 3769 2200 3835 γοὺς
2231 3769 2433 3834 αὐτοὺς
2488 3772 2802 3837 εἰκάζοντες
2831 3770 2970 3829 εἶναι
3005 3775 3100 3829 τοῦ
3131 3775 3327 3848 λῃστοῦ
3359 3794 3373 3808 ·
3426 3781 3650 3852 imita-

2071 3860 2337 3931 τήσαντες
2365 3863 2422 3917 δὲ
2475 3866 2637 3936 μέχρι
2657 3865 2753 3919 τοῦ
2784 3868 2977 3937 τάφου,
3009 3868 3107 3923 καὶ
3164 3871 3426 3936 ἐνιδόντες
3450 3875 3651 3939 αὐτοὺς

2071 3952 2431 4023 ἐγκειμένους
2484 3956 2583 4025 μὲν
2631 3957 2711 4026 τῷ
2749 3960 2929 4029 τάφῳ,
2980 3961 3396 4032 ἀκινητίζοντας
3441 3966 3499 4019 δὲ
3551 3968 3649 4022 ἃτε

2067 4044 2221 4115 ὕπνῳ
2248 4046 2344 4098 καὶ
2366 4045 2496 4118 οῐνῳ
2521 4049 2955 4119 πεπεδημένους,
3012 4052 3201 4116 ἔδοξαν
3246 4058 3476 4127 νεκροὺς
3516 4059 3650 4130 ὁρᾷν

2066 4139 2161 4192 καὶ
2189 4140 2507 4207 κατέλιπον,
2538 4143 2907 4213 ἀπορούμενοι
2934 4146 3016 4198 ὅτι
3041 4148 3160 4200 ἐκεῖ
3190 4148 3258 4201 τὰ
3290 4151 3412 4219 ῐχνη
3428 4150 3645 4222 ἔφερεν.

2078 4232 2436 4303 ’Λπαίρουσιν
2458 4234 2670 4288 ἐκεῖθεν
2697 4237 2747 4287 οἱ
2779 4236 2911 4307 περὶ
2980 4238 3259 4307 Ῥοδάνην,
3311 4241 3408 4293 καὶ
3436 4243 3648 4312 περῶσι

2064 4322 2157 4373 τὸν
2186 4322 2453 4393 ποταμὸν,
2495 4324 2703 4391 γλυκύν
2727 4342 2786 4378 τε
2811 4325 2941 4380 ὅντα
2976 4328 3068 4380 καὶ
3091 4328 3289 4400 διαυγῆ
3311 4331 3406 4383 καὶ.
3438 4331 3653 4401 βασιλεί

2066 4411 2429 4466 Βαϐυλωνίων
2465 4416 2544 4476 εἰς
2594 4414 2752 4468 πόσιν
2775 4416 3161 4486 ἀνακείμενον.
3201 4420 3313 4472 Καὶ
3344 4422 3648 4490 πιπράσκει

372 4521 480 4578 que
501 4505 810 4576 Babyloniae
846 4518 1030 4573 petum
1067 4503 1346 4574 praebebat
1389 4519 1404 4557 :
1445 4519 1509 4559 ac
1557 4506 1684 4559 dum
1737 4506 1956 4564 Sinonis

2067 4502 2292 4567 Σινωνὶς
2323 4503 2391 4557 τὰ
2424 4504 2638 4574 ἱμάτια,
2669 4505 2763 4557 καὶ
2792 4505 3233 4576 συλλαμϐάνεται
3264 4508 3341 4572 ὡς
3360 4509 3530 4576 τάφον
3550 4525 3647 4561 συ-

374 4601 448 4656 ibi
485 4602 810 4655 vestimenta
848 4600 1055 4663 vendit,
1093 4597 1247 4666 quasi
1289 4596 1599 4665 sepulcrum
1641 4600 1949 4667 expilasset,

372 4690 875 4759 comprehenditur,
897 4700 950 4744 et
966 4690 1032 4744 ad
1052 4687 1370 4743 Sorazchum
1401 4688 1642 4743 Sormchi
1675 4690 1953 4759 publicani

374 4779 573 4845 filium,
597 4777 734 4833 Justi
769 4787 1144 4848 cognomento,
1177 4780 1535 4849 pertrahitur,
1571 4782 1662 4849 qui
1686 4781 1955 4851 regiGar-

377 4883 468 4923 mo
506 4868 727 4921 mittere
751 4884 872 4921 eam
906 4869 976 4921 ob
1012 4867 1471 4937 pulchritudinem
1497 4871 1801 4925 constituit.
1838 4870 1955 4938 Qua

373 4963 439 5014 de
468 4975 631 5015 causa
662 4960 892 5013 fratrum
926 4960 1055 5013 illud
1079 4974 1345 5014 venenum
1364 4960 1658 5015 Rhodanes
1680 4972 1843 5033 atque
1874 4963 1958 5018 Si-

372 5051 532 5105 nonis
559 5050 810 5104 miscent.
841 5048 1066 5104 Mortem
1100 5048 1245 5102 enim
1272 5051 1755 5118 optabantpouus,
1794 5068 1955 5121 quam

371 5139 633 5195 Garmum
664 5140 873 5195 videre.
900 5138 1160 5195 Surmcho
1183 5140 1403 5193 interim
1435 5140 1631 5196 ancilla
1660 5143 1956 5213 significat,

373 5232 502 5305 quid
525 5232 820 5289 Rhodanes
855 5243 910 5289 et
930 5233 1159 5288 Sinonis
1211 5232 1557 5289 molirentur.
1609 5233 1760 5289 (llam
1794 5237 1963 5304 igitur

2061 4596 2297 4665 λήσασα,
2327 4596 2426 4649 καὶ
2453 4597 2785 4667 ἀναφέρεται
2836 4600 2917 4660 εἰς
2962 4590 3313 4669 Σόραιχοντδ,
3363 4599 3421 4663 ὃς
3453 4596 3520 4671 ἦν
3550 4601 3645 4654 Σοο

2066 4686 2259 4757 ραίχου
2300 4686 2394 4739 τοῦ
2427 4687 2664 4740 τελώνου
2697 4689 2831 4755 υίὸς,
2864 4689 3098 4759 ἐπίκλην
3140 4690 3198 4743 δὲ
3229 4690 3381 4761 αὐτῷ
3407 4690 3637 4754 δίκαιος.

2064 4779 2177 4831 Καὶ
2214 4778 2531 4847 βουλεύεται
2563 4779 2808 4848 πέμπειν
2840 4780 3011 4851 αὐτὴν
3045 4782 3139 4833 ἐπὶ
3178 4781 3402 4851 βασιλέα
3426 4783 3647 4854 Γάρμον

2065 4868 2157 4922 διὰ
2187 4870 2246 4922 τὸ
2266 4869 2481 4934 κάλλος,
2522 4868 2615 4923 καὶ
2649 4871 2908 4941 κιρνᾶται
2940 4872 3030 4926 διὰ
3058 4872 3217 4925 τοῦτο
3245 4873 3307 4925 τὸ
3350 4872 3460 4927 τῶν
3489 4872 3649 4928 ἀδελ-

2062 4960 2178 5029 φῶν
2204 4961 2499 5030 φάρμακον
2551 4960 2790 5014 Ῥοδάνει
2820 4964 2915 5015 καὶ
2972 4963 3215 5016 Σινωνίδι
3236 4981 3249 4993 ·
3284 4964 3650 5034 αἱρετώτερον

2064 5051 2176 5123 γὰρ
2203 5051 2385 5114 αὐτοῖς
2408 5052 2436 5103 ὁ
2468 5052 2699 5117 θάνατος
2730 5054 2763 5122 ἢ
2796 5054 3017 5124 Γάρμον
3053 5055 3206 5109 ἰδεῖν.
3239 5055 3524 5125 Μηνύεται
3554 5057 3650 5109 Σο-

2066 5146 2240 5216 ραίχῳ
2257 5145 2348 5199 διὰ
2377 5146 2477 5215 τῆς
2520 5147 2903 5218 θεραπαινίδος
2935 5146 3141 5218 ἂπερτθ
3165 5149 3246 5207 εἰς
3271 5147 3431 5217 ἔργον
3456 5148 3648 5219 ἔμελλε

2074 5239 2273 5307 χωρεῖν
2314 5236 2552 5292 Ῥοδάνει
2586 5242 2680 5294 καὶ
2706 5240 2952 5295 Σινωνίδι
2985 5258 2999 5273 ο
3055 5239 3151 5293 καὶ
3181 5239 3361 5293 λαθὼν
3393 5243 3421 5294 ὀ
3453 5243 3647 5312 Σόραι-

1700 5328 1933 5385 νΑΒΙκέΕ
1972 5329 2382 5385 LECTIONES.

445 5416 491 5489 74"
526 5413 740 5489 ἐκεῖθεν
768 5416 931 5471 πάλιν
967 5434 1027 5480 ς’.
1105 5417 1150 5453 π
1188 5417 1411 5489 Ῥοδὰνῃ
1442 5420 1508 5473 Α.
1534 5418 1614 5473 sic
1633 5431 1687 5474 et
1714 5418 1878 5475 infra.
1956 5422 1999 5452 ⁷⁷
2032 5420 2389 5489 διεγνωκότες
2416 5439 2475 5485 ς.

371 5485 494 5540 add.
522 5488 586 5541 A.

2573 5423 2616 5457 ⁷⁸
2639 5424 2872 5497 Σηραὶχ.
2905 5427 3056 5483 Suid.
3091 5444 3141 5482 ν.
3172 5430 3396 5485 Ζίννων.
3464 5431 3509 5463 ⁷⁸
3544 5447 3652 5501 περ

1915 5554 2148 5611 NOTAE.

445 5649 557 5717 (62)
584 5648 629 5702 E
657 5648 776 5702 solo
797 5648 1047 5717 Choaspe
1087 5645 1252 5700 fluvio
1300 5661 1497 5715 aquam
1522 5648 1710 5701 bibere
1742 5648 1960 5703 solitum

373 5716 661 5773 Persarum
695 5733 875 5786 regem
899 5733 962 5770 ex
987 5716 1189 5771 llerod.
1226 5717 1269 5780 l,
1302 5726 1356 5771 et
1376 5717 1556 5772 Ctesia
1584 5717 1957 5774 Cuidioatota-

375 5786 455 5840 vit
479 5786 770 5844 Athenaeus
801 5787 1035 5857 Dipnoso
1062 5786 1127 5843 ll.
1158 5786 1236 5842 Ex
1282 5787 1537 5845 maximis
1554 5797 1735 5844 autem
1757 5803 1811 5844 et
1832 5789 1950 5846 lon-

2072 5655 2291 5728 ginquis
2319 5654 2635 5728 ﬂuminibus
2654 5662 2879 5728 petitam
2903 5677 3025 5717 cum
3048 5664 3319 5721 thesauris
3353 5668 3649 5723 recondere

2064 5725 2378 5805 observate
2408 5726 2577 5785 Dione
2611 5725 2754 5786 Piut.
2811 5733 2865 5787 in
2904 5733 3169 5791 Alexand.
3233 5735 3371 5805 ,Vide
3399 5735 3642 5795 Brisson.

2059 5793 2269 5850 Peraic.
2297 5795 2394 5851 lib.
2423 5811 2459 5848 ι.
2908 5832 2914 5838 .
