3926 6420
497 360 598 427 331
1662 359 1923 421 PHOTII
1962 359 2473 420 PATRIAPtCHIE
2513 359 2625 420 (ΞΡ.
3654 376 3748 443 332

497 483 682 552 guisse
731 476 990 540 allirmat,
1078 492 1201 532 cum
1258 476 1445 531 Romae
1508 475 1803 544 imperium
1856 475 2089 529 Antoni-

2203 493 2308 529 vov.
2341 476 2455 528 Καὶ
2484 474 2574 527 ὅτε
2618 474 2934 537 Ἀντωνῖνος
2957 513 2973 539 ,
3009 474 3197 543 φησὶν,
3249 474 3456 548 Οὖῆρον
3471 482 3515 514 ιν
3542 486 3625 541 τὸν
3664 497 3745 547 αὖ,

501 589 603 628 nus
624 572 739 641 (64)
786 571 1037 626 haberet.
1095 570 1199 635 Qui
1255 586 1380 625 cum
1440 568 1637 624 Verum
1697 570 2091 639 imperatorem

2204 568 2531 637 τοκράτωρα
2563 568 2660 621 καὶ
2702 566 2930 637 ἀδελφὸν
2957 568 3051 620 καὶ
3084 567 3350 639 κηδεστὴν
3378 572 3579 646 ἔπεμψε
3605 583 3748 641 Βολι-

502 667 728 723 fratrem
751 665 914 720 simul
946 673 1002 718 et
1028 678 1290 732 generum
1325 663 1530 734 (suum)
1555 664 1802 718 mitteret
1826 677 1951 716 cum
1989 662 2095 717 Vo-

2204 659 2383 729 γαίσῳ
2446 659 2524 729 τῷ
2586 658 2886 728 Παρθυαίῳ
2934 658 3333 728 πολεμήσοντα,
3379 665 3451 727 ὡς
3510 672 3659 738 αύτὸς
3699 698 3751 735 τε

2206 750 2465 821 προείποι
2496 750 2592 802 καὶ
2620 749 2712 801 τὸν
2748 748 3013 818 πόλεμον,
3039 749 3121 800 ὅτι
3155 749 3571 818 γενήσεται,καὶ
3591 762 3753 819 ὅπου.

2204 844 2606 913 τελευτήσοιδθ.
2648 844 2756 897 Καὶ
2784 844 2867 897 ὅτι
2900 842 3225 910 Βολόγαισος
3257 844 3356 912 μὲν
3396 848 3529 916 ὑπὲρ
3553 854 3636 907 τὸν
3667 860 3755 913 Εὐ.

2206 938 2423 1007 φράτην
2477 936 2573 988 καὶ
2630 934 2824 1005 Τίγριν
2879 935 3104 1005 ἔφυγεν,
3154 935 3194 1003 ἡ
3244 934 3300 987 δὲ
3340 936 3650 1008 Παρθυαίων
3690 952 3752 1022 γῆ

2221 1027 2512 1098 Ῥωμαίοις
2544 1027 2784 1097 ὑπήκοος
2816 1029 3077 1098 κατέστη.

502 758 700 828 Ιοεωεο
725 754 1052 809 Parthorum
1085 769 1211 826 rege
1244 753 1447 809 bellum
1502 762 1803 822 gesturum,
1832 762 1943 806 tum
1968 769 2097 822 prae-

500 849 707 905 dixisse
721 857 775 905 et
798 847 993 903 bellum
1016 847 1119 901 hoc
1141 860 1263 901 esse
1280 848 1572 911 oriturum,
1593 855 1649 899 et
1672 846 1892 915 quando
1915 845 2098 900 debel-

500 941 726 996 landum
750 948 924 995 esset.
956 938 1129 993 Addit
1151 937 1495 1008 Vologzesum
1526 938 1748 1007 quidem
1802 937 1945 992 ultra
1998 937 2099 991 Eu-

501 1031 751 1101 phratem
767 1045 829 1085 ac
845 1027 1050 1097 Tigrim
1067 1027 1287 1083 flumina
1306 1028 1504 1081 victum
1522 1026 1744 1096 fugisse,
1770 1026 1840 1080 Pa
1852 1028 2095 1080 rthornm

500 1137 631 1178 vero
650 1123 928 1193 regionem
949 1121 1001 1175 in
1028 1119 1399 1175 Romanorum
1424 1120 1688 1173 ditionem
1732 1120 2097 1173 concessisse.

570 1212 755 1285 Tigris
782 1223 838 1268 et
858 1210 1169 1283 Euphrates
1198 1209 1547 1283 [sacerdotis
1576 1210 1721 1263 illius
1750 1209 1769 1281 ]
1799 1208 1914 1272 ﬁlii,
1941 1210 2099 1280 76a

499 1306 808 1377 persimiles
864 1306 1099 1359 invicem
1154 1313 1333 1365 erant,
1391 1313 1444 1356 et
1504 1302 1794 1355 Rhodaues
1839 1312 2100 1369 utrosque

2292 1203 2438 1258 Ἀλλ’
2461 1204 2488 1257 ὅ
2522 1220 2588 1272 γε
2625 1203 2818 1275 Τίγρις
2846 1202 2945 1257 καὶ
2971 1204 3266 1274 Εὐφράτης
3295 1208 3344 1257 οἱ
3384 1209 3567 1273 παῖδες
3608 1216 3754 1283 ἐμφε.

2213 1300 2325 1368 psi;
2357 1298 2610 1368 ἀλλήλοις
2636 1294 2800 1367 ἦσαν,
2852 1296 2949 1350 καὶ
2989 1296 3245 1365 Ῥοδὰνης
3277 1298 3621 1371 ἀμφοτέροις.
3664 1310 3753 1365 Τοῦ

501 1398 677 1453 forma
733 1397 1023 1453 referebat.
1066 1395 1196 1451 Post
1252 1395 1484 1448 alterum
1534 1395 1698 1465 igitur
1727 1394 1875 1447 illum
1905 1394 2098 1476 lilium,

500 1506 600 1563 per
630 1506 833 1554 rosam,
889 1488 965 1542 uti
995 1486 1260 1550 diximus,
1299 1496 1575 1550 enectum,
1609 1483 1904 1540 Rhodanes
1932 1487 1984 1540 in
2019 1486 2101 1541 in-

500 1585 677 1642 sulam
722 1601 827 1639 una
860 1598 985 1639 cum
1009 1581 1272 1637 Sinonide
1307 1579 1522 1650 traiecit
1547 1598 1560 1633 :
1590 1591 1645 1634 et
1686 1590 1861 1635 mater
1880 1577 2097 1634 Rhoda-

503 1693 630 1735 nem
674 1675 976 1747 aspiciens,
1036 1674 1295 1729 inclamat
1350 1682 1534 1727 uatum
1577 1688 1737 1727 suum
1766 1675 2097 1726 exstinctum

502 1770 790 1831 revixisse.
820 1768 1100 1836 Iiliamqne
1126 1780 1265 1835 pone
1295 1765 1557 1833 subsequi
1590 1780 1714 1819 eum
1746 1763 1922 1834 jubet.
1975 1766 2097 1820 Dis-

2206 1393 2266 1445 δὲ
2298 1393 2509 1457 παιδὸς,
2553 1392 2744 1463 ὥσπερ
2789 1392 3024 1462 ἔφημεν,
3079 1391 3159 1461 τῷ
3208 1392 3346 1462 ῥόδῳ
3384 1394 3753 1466 τελειωθέντας,

2218 1485 2477 1555 ,Ροδάνης
2498 1486 2637 1556 πρὸς
2667 1484 2765 1554 τὴν
2793 1484 2987 1555 νησῖδα
3017 1485 3136 1555 ἅμα
3164 1485 3410 1539 Σινωνίδι
3438 1490 3750 1558 περαιοῦται,

2208 1578 2305 1630 κα)⁸
2328 1576 2426 1648 βοᾷ
2455 1579 2487 1647 ἡ
2531 1578 2717 1647 μήτηρ
2743 1576 2839 1631 τὸν
2876 1576 3181 1646 τεθνηκότα
3208 1577 3378 1647 αὐτῆς
3409 1579 3520 1633 υἱὸν
3546 1582 3750 1638 ἀναϐιῶ-

2208 1691 2317 1737 ναι,
2355 1675 2437 1737 είς
2470 1673 2562 1725 τὸν
2610 1672 2868 1742 Ῥοδάνην
2896 1671 3111 1743 ὁρῶσα,
3143 1671 3239 1725 καὶ
3266 1672 3439 1742 κόρην
3469 1674 3611 1745 αὐτῷ
3634 1679 3751 1731 ἐκεῖ.

2209 1765 2358 1819 θεν⁹⁰
2385 1765 2645 1819 ἒπεσθαν
2684 1762 3141 1834 συνυποκρίνεται
3188 1761 3447 1833 Ῥοδάνης
3471 1765 3649 1831 ταῦτα,
3668 1770 3748 1837 τῆς

501 1862 725 1919 simulat
756 1861 870 1915 hare
893 1856 1209 1920 Rhudanes,
1263 1854 1640 1912 insulanorum
1688 1855 2094 1925 simplicitatem

2203 1858 2312 1911 τῶν
2385 1856 2669 1929 νησιωτῶν
2725 1855 3113 1926 κατεντρυφῶν
3172 1854 3451 1925 εὐηθείας.
3504 1858 3742 1928 Μηνύεται

501 1954 813 2011 ludiﬁcans.
861 1952 1058 2006 Damas
1112 1948 1344 2013 interea,
1392 1962 1514 2016 quae
1545 1946 1795 2001 Rhodani
1861 1947 2095 2001 accidis-

502 2057 648 2114 sent,
693 2058 922 2115 quaeque
953 2041 1245 2098 Soraachus
1270 2055 1393 2095 cum
1437 2039 1530 2094 illo
1566 2039 1846 2109 gessisset,
1884 2040 2088 2094 iudicio

503 2140 782 2210 cognovit.
807 2135 975 2193 Index
1016 2151 1146 2191 vero
1185 2150 1251 2190 ac
1301 2134 1511 2189 delator
1556 2133 1803 2187 medicus
1842 2132 1932 2187 ille
1970 2133 2094 2198 fuit,

503 2248 666 2303 quem
691 2229 1004 2295 Soraechus,
1037 2226 1397 2283 utSinonidis
1432 2224 1627 2279 vulnus
1653 2236 1896 2289 curaret,
1955 2226 2093 2280 clam

505 2323 855 2378 submiserat.
890 2319 1123 2388 Capitur
1189 2319 1291 2372 hoc
1345 2318 1564 2371 nomine
1594 2315 1903 2383 Sora-chus,
1951 2327 2004 2373 et
2028 2319 2095 2371 ad

504 2413 767 2469 Garmum
796 2411 1109 2466 adducitur.
1163 2409 1401 2465 Mittitur
1433 2418 1489 2463 et
1519 2409 1730 2464 delator
1761 2425 1884 2464 cum
1914 2410 2096 2465 Dama;

506 2507 727 2570 litteris,
785 2507 852 2561 ad
883 2503 1113 2561 Veneris
1166 2504 1533 2569 sacerdotem,
1587 2504 1789 2573 quibus
1831 2502 2095 2558 Sinonida

506 2596 946 2667 ceiuprehendre
966 2595 1211 2667 iubetur.
1261 2593 1505 2649 Medicus
1536 2608 1668 2663 ergo
1692 2608 1866 2649 sacrze
1900 2595 2096 2649 insulae

506 2688 708 2751 flumen
745 2702 1057 2759 permeans,
1100 2689 1341 2757 seipsum
1368 2686 1436 2741 de
1484 2701 1636 2741 more
1662 2686 1873 2741 camelo
1891 2700 2097 2755 appen-

508 2781 608 2846 dit,
667 2781 989 2848 litterasque
1038 2777 1353 2851 [iumenti]
1418 2780 1622 2834 dextra:
1672 2780 1792 2833 auri
1844 2780 2092 2849 imponit.

509 2874 712 2932 Verum
737 2874 983 2929 delatore
1004 2872 1097 2926 illo
1133 2869 1373 2926 fluminis
1407 2872 1567 2925 undis
1618 2885 1818 2936 merso,
1851 2870 2097 2927 camelus

508 2969 577 3025 ad
607 2967 841 3024 insulam
872 2967 1177 3032 adnotavit,
1230 2964 1319 3018 ubi
1346 2962 1639 3018 Rhodanes
1672 2979 1785 3019 rem
1820 2972 1986 3018 totam
2018 2965 2098 3018 di-

508 3060 662 3127 dicit,
691 3060 899 3115 sublata
919 3072 952 3114 e
975 3057 1206 3127 iumenti
1235 3070 1369 3110 aure
1396 3054 1578 3109 Damae
1609 3055 1861 3125 cpistola.
1912 3054 2096 3121 Quare

510 3152 637 3225 fuga
664 3153 793 3209 inde
818 3166 878 3207 se
920 3149 1248 3222 proripiunt,
1298 3159 1708 3216 occurruntque
1739 3148 1996 3203 Sora-cbo
2025 3148 2092 3202 ad

508 3244 772 3301 Garmum
824 3258 1008 3313 regem
1051 3242 1236 3307 ducto,
1288 3250 1344 3295 et
1370 3256 1475 3293 una
1510 3240 1561 3294 in
1604 3240 2094 3310 hospitiumdiver—

507 3346 653 3393 tunt.
688 3338 763 3393 lbi
823 3347 987 3392 noctu
1013 3333 1306 3388 ledanes
1345 3333 1463 3388 auri
1521 3333 1820 3402 cupiditate
1874 3332 2094 3402 iniecta,

507 3426 670 3485 facile
723 3426 1034 3496 persuadet,
1072 3424 1313 3479 Sorzechi
1358 3433 1419 3478 ut
1460 3424 1717 3478 custodes
1755 3422 2091 3492 iugulentur.

508 3516 669 3594 [Quo
704 3516 945 3571 facinore
973 3524 1304 3586 perpetrato,
1325 3512 1345 3586 ]
1367 3516 1639 3586 fugitcum
1670 3514 1754 3570 bis
1784 3514 2094 3582 Sormchus,

507 3622 753 3667 mutuam
794 3610 935 3663 hanc
984 3609 1182 3677 prioris
1228 3623 1339 3664 sua:
1373 3608 1742 3664 beneﬁcentia:
1790 3609 2095 3663 mercedem

509 3713 727 3756 nactus.
784 3698 957 3753 Porro
988 3697 1187 3751 Damas
1210 3698 1625 3768 comprehendit
1660 3695 1889 3752 Veneris
1913 3712 2097 3751 sacer-

508 3794 715 3859 dotem,
752 3794 891 3848 etde
913 3791 1180 3846 Sinonide
1200 3792 1556 3860 quaestionem
1584 3790 1825 3845 instituit
1872 3808 1885 3845 :
1932 3800 2097 3858 atque

512 3887 606 3944 ubi
634 3886 850 3940 tandem
874 3883 1146 3938 sententia
1178 3884 1573 3938 condemnatus
1607 3894 1692 3936 est
1731 3897 1920 3945 senex,
1973 3891 2032 3935 ut
2066 3896 2098 3936 e

510 3974 797 4031 sacerdote
824 3972 1067 4028 carnifex
1098 3971 1385 4040 elﬁciatur,
1428 3989 1607 4028 mores
1642 3988 1857 4043 quoque
1876 3972 2097 4028 carnifi-

509 4065 589 4121 cis
622 4080 687 4119 ac
715 4065 1140 4120 consuetudines
1169 4064 1482 4135 Euphrates
1499 4066 1682 4120 discit.
1718 4064 1898 4131 Pater,
1926 4066 2099 4120 idem-

511 4173 616 4227 que
646 4156 1252 4228 sacerdosEuphratem
1281 4172 1381 4229 pro
1410 4155 1671 4212 Rhodane
1689 4156 1851 4212 habet
1905 4156 2095 4226 appel-

511 4253 717 4323 latque.
748 4250 908 4321 Fugit
938 4260 994 4306 et
1016 4265 1173 4307 soror
1206 4248 1502 4320 Euphratis
1530 4248 1940 4319 Mesopotamia.
1964 4249 2095 4304 Dein

510 4347 579 4401 ad
599 4348 775 4402 Sacan
807 4345 1111 4414 Euphrates
1137 4345 1251 4414 ipse
1276 4344 1587 4409 adducitur,
1621 4344 2098 4414 interrogaturque

511 4440 577 4494 de
598 4437 867 4493 Sinonide
896 4454 911 4490 :
945 4452 1043 4507 pro
1077 4435 1343 4491 Rhodaue
1376 4436 1523 4490 enim
1561 4436 1889 4502 habebatur,
1931 4445 2098 4505 atque

2198 1951 2385 2019 Δάμας
2427 1952 2497 2004 τὰ
2534 1951 2666 2019 περὶ
2707 1948 2997 2018 Ῥοδάνην,
3049 1948 3147 2002 καὶ
3200 1948 3304 2001 ὅσα
3353 1950 3609 2021 Σόραιχος
3642 1958 3740 2024 περὶ

2197 2043 2398 2105 αὐτοὺς
2433 2040 2670 2111 ἔπραξε·
2704 2039 2832 2113 [244
2863 2039 2956 2112 IL]
2993 2041 3239 2112 μηνυτὴς
3265 2041 3312 2095 δ’
3351 2038 3420 2114 ἦν
3444 2044 3650 2107 αύτὸςό
3681 2048 3744 2099 ία-

2195 2138 2353 2208 τρὸς,
2397 2136 2457 2189 ὃν
2498 2139 2525 2189 ὁ
2559 2135 2822 2206 Σόραιχος
2848 2134 3034 2206 κρύφα
3069 2135 3298 2206 πέμψας
3326 2134 3388 2187 τὸ
3421 2138 3518 2207 τῆς
3557 2139 3747 2191 Σινωνί-

2195 2230 2285 2292 δος
2317 2229 2445 2301 [154
2473 2227 2571 2301 Η.]
2602 2228 2940 2299 ἐθεράπευσε
2963 2230 3012 2262 ⁹¹
3055 2225 3301 2299 τραῦμα.
3339 2227 3747 2298 Συλλαμϐἀνεται

2194 2322 2286 2377 διὰ
2304 2325 2349 2356 ’⁸
2374 2321 2536 2377 τοῦτο
2565 2323 2846 2393 Σόραιχος,
2876 2322 2970 2375 καὶ
2998 2322 3192 2390 ἄγεται
3227 2320 3325 2374 ἐπὶ
3354 2320 3586 2391 Γάρμον.
3615 2322 3744 2374 Ἀπο-

2199 2416 2477 2471 στέλλεται
2507 2415 2603 2469 καὶ
2639 2416 2804 2479 αὐτὸς
2829 2416 2858 2469 ό
2894 2415 3143 2487 μηνυτὴς
3192 2418 3433 2485 γράμμα
3476 2415 3623 2483 Δάμα
3653 2415 3749 2466 ἑπε-

2198 2509 2499 2580 φερόμενος
2562 2508 2699 2579 πρὸς
2740 2508 2833 2560 τὸν
2882 2508 2983 2577 τῆς
3018 2505 3343 2575 Ἀφροδίτης
3394 2503 3579 2574 ἱερέα,
3617 2496 3748 2571 ὲφ’ᾧ

2199 2601 2488 2657 συλλαϐεῖν
2529 2602 2653 2663 τοὺς
2685 2599 2816 2671 περὶ
2869 2600 3155 2653 Σινωνίδα.
3190 2598 3472 2652 Διαϐαίνει
3500 2596 3641 2649 cev"
3666 2610 3747 2647 πο-

2197 2694 2413 2764 ταμὸνό
2439 2693 2619 2763 ἰατρὸς
2635 2697 2734 2765 τῆς
2767 2695 2918 2764 ἱερᾶς
2952 2693 3162 2755 ἑαυτὸν,
3189 2693 3268 2753 ὡς
3296 2690 3440 2755 ἔθος,
3472 2689 3747 2759 ἐξαρτήσας

2198 2785 2470 2856 καμήλου,
2510 2785 2570 2838 τὸ
2630 2785 2687 2837 δὲ
2738 2786 2976 2855 γράμμα
3025 2783 3102 2856 τῷ
3137 2783 3298 2854 δεξιῷ
3340 2780 3625 2853 παρενθεὶς
3661 2778 3750 2830 τῶν

2197 2876 2383 2929 ὢτων·
2422 2876 2517 2927 καὶ
2544 2875 2698 2939 τέλος
2744 2877 2773 2929 ὁ
2824 2877 3069 2946 μηνυτὴς
3101 2873 3527 2941 ἑναποπνίγεται
3567 2870 3639 2940 τῷ
3666 2884 3748 2921 πο-

2196 2968 2377 3041 ταμῷ,
2410 2968 2680 3023 διαϐαίνει
2714 2968 2771 3021 δὲ
2802 2968 2939 3040 πρὸς
2967 2968 3067 3036 τὴν
3100 2968 3298 3037 νησῖδα
3333 2968 3365 3037 ή
3393 2963 3646 3032 κάμηλος,
3674 2962 3752 3013 καὶ

2198 3063 2378 3116 πάντα
2426 3061 2794 3133 μανθάνουσιν
2822 3061 2871 3113 οἰ
2905 3060 3037 3130 περὶ
3076 3059 3363 3129 Ῥοδάνην,
3413 3057 3471 3109 τὸ
3499 3054 3589 3109 τοῦ
3619 3053 3750 3120 Δάμα

2198 3153 2435 3225 γράμμα
2481 3153 2591 3206 τῶν
2633 3151 2789 3205 ὢτων
2821 3151 3141 3221 ἀνελόμενοι
3184 3150 3285 3220 τῆς
3326 3148 3596 3219 καμήλου.
3634 3144 3750 3195 Φεύ-

2199 3263 2389 3314 γουσιν
2415 3246 2628 3298 ἐκεῖθεν
2661 3244 2749 3299 διὰ
2779 3245 2960 3307 τοῦτο,
3014 3243 3112 3298 καὶ
3150 3241 3489 3297 ωναντῶσιν
3517 3238 3751 3308 ἀγόμενον

2200 3336 2463 3407 Σόραιχον
2492 3336 2586 3389 ἐπὶ
2612 3335 2856 3406 Γάρμον,
2897 3324 2997 3388 καὶ
3025 3334 3396 3389 καταλύουσιν
3428 3334 3543 3402 ἅμα
3566 3334 3617 3383 ὲν
3640 3340 3751 3380 παν·

2198 3429 2412 3501 δοχείῳ.
2450 3429 2560 3483 Καὶ
2592 3431 2657 3502 τῇ
2694 3428 2788 3482 τοῦ
2830 3427 3059 3500 χρυσίου
3099 3427 3375 3499 ἐπιθυμίᾳ
3406 3425 3616 3492 νύκτωρ
3644 3420 3752 3473 ἁνα-

2200 3522 2381 3575 πείθει
2423 3521 2703 3591 Ῥοδάνης,
2762 3522 2857 3575 καὶ
2902 3519 3259 3592 ἀναιροῦνται
3306 3522 3355 3573 οί
3390 3518 3643 3588 Σοραίχου
3670 3510 3750 3579 φύ-

2200 3615 2386 3677 λακες,
2425 3615 2521 3669 κα)⁸
2543 3614 2739 3683 φεύγει
2781 3614 2878 3667 σὺν
2903 3615 3088 3677 αὐτοῖς
3116 3613 3403 3685 Σόραιχος,
3433 3606 3655 3679 ἀμοιϐὴν
3681 3603 3749 3654 εὑ·

2201 3708 2312 3780 ρὼν
2358 3707 2459 3778 τῆς
2513 3707 2953 3779 προῦπαρξάσης
3003 3707 3356 3777 εὐεργεσίας.
3408 3696 3744 3767 Συλλαμϐάνει

2199 3801 2389 3872 Δάμας
2430 3800 2524 3854 τὸν
2562 3801 2661 3871 τῆς
2692 3799 3017 3871 Ἀφροδίτης
3062 3800 3254 3871 ίερέα,
3300 3798 3398 3855 καὶ
3438 3790 3742 3863 ἀνακρίνεται

2200 3894 2331 3964 περὶ
2374 3894 2680 3957 Σινωνίδος,
2710 3893 2805 3946 καὶ
2829 3892 2985 3955 τέλος
3015 3891 3415 3962 κατακρίνεται
3464 3887 3647 3956 δήμιος
3676 3892 3746 3964 τέ’

2201 3962 2390 4037 νέσθαι
2424 3982 2546 4036 ἀντὶ
2574 3983 2766 4054 ἱερέως
2811 3982 2840 4034 ὁ
2888 3980 3239 4053 πρεσϐύτης’
3284 3982 3378 4035 καὶ
3420 3976 3487 4029 τὰ
3532 3970 3651 4039 περὶ
3677 3962 3751 4017 τὸν

2201 4073 2397 4143 δήμιον
2430 4073 2527 4143 ἒθη
2573 4077 2669 4126 κιπιν⁴
2702 4074 2933 4144 νόμιμα.
2994 4072 3445 4143 Συλλαμϐάνεται
3472 4062 3748 4133 Εὐφράτης,

2201 4170 2287 4223 ὃτι
2320 4170 2348 4220 ὁ
2381 4166 2566 4238 πατὴρ
2596 4168 2689 4220 καὶ
2722 4169 2922 4238 ἱερεὺς,
2970 4167 3047 4230 ὼς
3079 4167 3337 4236 Ῥοδάνην
3382 4158 3545 4216 αὑτὸν
3580 4148 3748 4238 ὑπολαξ

2203 4259 2336 4325 ϐὼν,
2383 4259 2559 4323 οὕτως
2606 4258 2897 4312 ἐπεκάλειο
2948 4260 3043 4312 καὶ
3088 4257 3281 4327 φεύγει
3314 4236 3740 4313 Μεσολιτοττλῖμίαή

2200 4350 2430 4421 ἀδελφή.
2466 4350 2577 4403 Καὶ
2616 4350 2754 4423 πρὸς
2791 4348 2884 4403 τὸν
2930 4350 3112 4402 Σάκαν
3144 4350 3426 4415 ἀπάγεται
3473 4333 3739 4423 Εὐφράτηξο

2201 4417 2559 4514 ἀνακρίνεται
2586 4417 2718 4514 περὶ
2762 4442 3081 4505 Σινωνίδος·
3116 4441 3190 4504 ὼς
3221 4441 3332 4512 γὰρ
3376 4433 3617 4497 Ῥοδάνης
3634 4417 3743 4514 ἠτά-

511 4531 947 4585 examiuabatur.
989 4529 1200 4584 [ndicat
1229 4543 1360 4598 ergo
1388 4512 1562 4582 Sacas
1589 4527 1796 4583 Garmo
1830 4528 1944 4597 regi
1998 4542 2095 4587 ca-

2204 4512 2361 4600 ζετοί
2391 4535 2502 4589 Καὶ
2533 4512 2859 4589 ἀποστέλλει
2910 4535 3091 4598 Σάκας
3122 4534 3260 4604 πρὸς
3293 4532 3516 4603 Γάρμον
3551 4524 3623 4575 ὅτι
3654 4512 3749 4615 'Po:

512 4631 663 4691 ptum
681 4638 803 4677 esse
820 4622 1161 4687 llhodanetn,
1190 4621 1515 4690 captandam
1543 4634 1761 4689 quoque
1784 4621 2096 4689 propediem

514 4714 795 4770 Sinonide.
834 4712 1141 4784 Euphrates
1164 4712 1311 4767 enim
1338 4712 1494 4783 quasi
1520 4711 1811 4768 Rhodanes
1837 4723 2002 4778 esset,
2045 4715 2099 4769 in

506 4804 716 4874 judicio
760 4805 1073 4875 respondet,
1130 4803 1420 4869 Sinonida,
1467 4804 1595 4858 dum
1647 4805 1762 4874 ipse
1787 4816 2097 4875 caperetur,

514 4897 739 4968 fugisse.
775 4895 1009 4953 Coactus
1039 4898 1296 4952 nimirum
1320 4905 1374 4952 et
1399 4898 1515 4967 ipse
1539 4897 1803 4953 Sinonide
1824 4898 2101 4968 appellare

511 5006 758 5046 sororem
787 5006 939 5047 suam
972 4989 1447 5061 Mesopotamiam.

585 5085 875 5141 Rhodanes
903 5085 1118 5140 interim
1137 5094 1193 5139 et
1222 5084 1443 5140 Sinonis
1467 5098 1571 5138 una
1606 5099 1727 5139 cum
1757 5084 2012 5140 Soraecho
2041 5084 2095 5138 in

514 5178 695 5249 fugam
740 5179 887 5234 versi
920 5177 1178 5248 agricolae
1210 5179 1488 5247 tugurium
1538 5177 1797 5243 subeunt,
1842 5178 1928 5233 cui
1983 5177 2094 5230 ﬁlia

511 5271 880 5342 crateleganti
907 5270 1110 5335 forma,
1164 5284 1340 5339 nuper
1373 5269 1664 5323 admodum
1705 5269 1926 5323 viduata
1956 5270 2094 5334 viro,

2202 4628 2369 4698 δάνης
2414 4628 2772 4698 συνείληπται
2812 4628 2911 4681 καὶ
2960 4600 3186 4690 Σινωνὶς
3233 4600 3753 4698 συλλήφθήσεταιχδ

2204 4692 2653 4793 γὰρ-Εὐφράτης,
2683 4720 2758 4783 ὼς
2784 4720 3041 4791 Ῥοδάνης
3074 4719 3424 4791 κρινόμενος,
3443 4712 3545 4779 εφη
3569 4700 3656 4793 τὴ]
3678 4692 3756 4745 2".

2204 4789 2401 4868 νωνίδα
2426 4789 2941 4882 συλλαμϐανομένου
2976 4789 3143 4864 αὐτού
3169 4806 3509 4878 πεφευγέναι
3525 4798 3599 4887 ’⁸η
3620 4789 3759 4887 ξινξιν

2204 4907 2324 4961 νίδα
2376 4906 2565 4958 καλεῖν
2604 4879 2875 4968 ’κάκεῖνος
2934 4903 3326 4973 ἐκϐιαζόμενος
3392 4896 3490 4965 τὴν
3548 4879 3758 4945 ἀδελφὴν

2205 4998 2653 5068 Μεσοποταμίαν.

2281 5089 2406 5142 Ὅτι
2461 5065 2516 5142 οἱ.
2566 5088 2696 5160 περὶ
2735 5086 2995 5157 Ῥοδὰνην
3039 5087 3135 5140 καὶ
3187 5081 3447 5138 Σινωνίδα
3495 5065 3760 5170 φῖύγὲντξῗ

2206 5139 2331 5251 ἆμαή
2365 5139 3018 5253 ξοραίχιρνζαταίρουσιν
3062 5180 3141 5242 εἰς
3177 5170 3428 5247 γεωργοῡ
3449 5184 3464 5198 ⁹
3506 5157 3581 5229 τῷ
3618 5150 3667 5253 δ’,
3701 5139 3761 5253 Ἦ

2205 5232 2639 5345 ἀίὲρηνῗθδίάένῖρ
2948 5232 3091 5343 ὅφιν,
3106 5232 3230 5343 ἀρτι
3260 5232 3567 5341 χηρωθεῖσα
3590 5240 3677 5297 καὶ

1831 5426 2069 5482 VARIAE
2110 5427 2515 5486 LECTIONES.

586 5548 633 5581 ’ν
670 5548 884 5619 Οὺῆρον
913 5545 1273 5619 Casaubnnus
1308 5561 1323 5596 :
1360 5541 1555 5619 ορκρον
1587 5557 1645 5619 ς..

1726 5540 1773 5615 ’δέ
1796 5542 1925 5615 {litor
1942 5538 1986 5593 A
2017 5554 2032 5590 :
2064 5540 2276 5615 actore?
2304 5559 2365 5607 ς.
2442 5545 2488 5576 ⁸⁸
2523 5544 2839 5615 τελευτήσει
2876 5562 2936 5607 ς.

3031 5544 3077 5579 ’°
3108 5542 3320 5597 ἐκεῖθεν
3375 5534 3423 5591 Α
3451 5548 3465 5585 :
3497 5522 3683 5589 ἔθηκεν
3701 5518 3757 5569 5'-

514 5620 557 5651 "
586 5610 888 5687 ἐθεράπευε
919 5634 982 5679 ς.
1056 5616 1102 5647 ³³
1135 5615 1223 5668 διὰ
1251 5616 1293 5667 Α
1328 5633 1342 5668 :
1375 5615 1433 5668 δὲ
1453 5610 1513 5676 ς.
1589 5612 1635 5643 ’³
1660 5610 1776 5683 τὸν]
1799 5611 1858 5665 δὲ
1880 5612 1971 5664 τὸν
2006 5629 2065 5674 ς.
2142 5611 2189 5643 ⁸⁸
2225 5613 2659 5687 διαπεφευγέναι
2692 5610 2751 5679 ς.

2046 5729 2278 5786 NOTAE.

586 5806 802 5899 (64)].
841 5826 1029 5879 Aurel.
1060 5825 1370 5880 Antoninus
1394 5822 1774 5891 Phil050phus.
