3926 6462
298 362 409 427 333
1410 357 1938 419 BIBLIOTHECA.
1971 384 2037 397 ρ-
2075 358 2241 423 con.
2283 358 2483 421 xcrv.
3487 368 3594 431 ass

296 480 442 550 ςρδς
485 477 583 531 τὸν
613 475 785 547 ἄνδρα
832 474 1018 547 εὐνοίᾳ
1061 474 1160 539 τὰς
1206 474 1402 546 τρίχας
1434 477 1846 547 περικειραμέν·

2042 475 2112 547 '6
2126 478 2154 529 b
2172 477 2401 546 ejusque
2426 475 2702 533 desiderio
2726 476 2913 535 crines
2931 488 3165 536 attonsa.
3199 480 3325 541 Haec
3342 492 3592 555 torquem

297 573 595 642 Πέμπεται
623 568 768 637 αὑτη
788 568 889 636 τῆς
918 566 1173 630 ἁλύσεως
1197 571 1299 637 τῆς
1332 566 1543 637 χρυσῆς
1567 568 1847 637 ἀπεμπολὶ

2047 569 2152 622 lam
2188 583 2413 623 auream
2452 569 2693 625 vendere
2755 571 3013 637 mittitur.
3076 589 3240 645 quam
3281 591 3313 631 e
3358 578 3594 635 vinculis

294 681 413 724 σπαι,
442 665 511 733 ῆν
534 663 585 714 οἱ
619 658 1027 730 περὶῬοδάνην
1053 661 1117 713 ὲκ
1145 658 1257 712 τῶν
1286 658 1508 729 δεσμῶν
1533 660 1844 731 ὲπεφέροντ

2046 660 2301 715 .hodanes
2339 668 2501 729 atque
2524 659 2747 717 Sinonis
2777 662 3098 719 attulerant.
3152 665 3354 723 Verum
3396 672 3463 724 ad
3494 686 3596 724 au:

292 755 392 807 καὶ
417 755 610 807 ἄπεισι
641 753 785 822 πρὸς
818 750 911 804 τὸν
936 751 1290 823 χρυσοχόονή
1325 749 1419 803 τοῦ
1447 751 1700 823 γεωργοῦ
1729 752 1842 822 θυγε

2056 752 2272 808 fabrum
2302 753 2563 823 agricola:
2606 753 2717 809 filia
2763 764 2822 809 ut
2862 756 3031 821 venit,
3082 759 3274 828 puella:
3305 760 3395 817 hic
3422 778 3598 817 venu-

289 862 426 915 τηρ.
455 844 573 896 Καὶ
606 841 736 896 ἰδὼν
766 843 974 905 ἐκεῖνος
1004 842 1107 912 τήν
1138 858 1197 895 τε
1237 841 1362 910 ὄψιν
1395 843 1498 908 τῆς
1527 840 1701 913 κόρης
1728 843 1839 896 καλε

2045 850 2172 906 tate,
2230 851 2285 896 et
2316 842 2528 911 torquis
2556 853 2735 913 parte,
2771 858 2935 911 quam
2963 844 3084 915 ipse
3118 846 3466 916 fabricasset,
3497 851 3595 907 de-

296 938 399 989 mi.
420 937 526 1005 τῆς
555 933 803 997 ἁλύσεως
844 932 909 987 τὸ
951 933 1139 1004 μέρος,
1171 929 1241 1005 ἦς
1274 932 1438 997 αὐτὸς
1467 934 1713 1005 ἐργάτης
1738 933 1846 987 ὲτύ·

2044 947 2274 1003 )nsaque
2329 947 2487 989 coma
2544 944 2861 1002 conspecta,
2919 935 3091 1005 ipsam
3150 954 3275 995 esse
3327 938 3594 997 Sinonida

300 1045 472 1099 χανε,
508 1029 603 1081 καὶ
630 1027 725 1098 τὴν
761 1026 945 1097 γύμην
997 1029 1439 1101 περιῃρημένην,
1476 1029 1697 1082 ὑπονοεῖ
1736 1030 1850 1084 Σινι

2045 1029 2340 1097 nspicatur.
2380 1026 2550 1083 Mittit
2579 1029 2751 1099 igitur
2798 1030 2867 1086 ad
2894 1029 3146 1097 Damam,
3188 1036 3595 1106 assumptiSque

309 1121 440 1173 νὶδα
488 1115 640 1183 εἶναι,
689 1118 780 1171 (αἱ
832 1118 1057 1189 πέμψας
1111 1119 1248 1189 πρὸς
1293 1120 1487 1191 Δάμαν
1523 1122 1622 1175 καὶ
1655 1119 1859 1175 λαϐὼν¹

2043 1120 2352 1184 ustodibus,
2395 1120 2784 1177 abscedentem
2854 1122 3090 1192 puellam
3122 1124 3261 1179 clam
3307 1126 3590 1184 observat.

318 1213 565 1282 φύλακας
593 1212 978 1283 ἀπερχομένην
1008 1210 1277 1281 ἐφύλαττε
1316 1212 1525 1283 κρύφα.
1569 1215 1636 1268 Ἠ
1660 1214 1742 1282 δε,
1765 1215 1868 1270 ὑπο

2053 1211 2124 1277 la,
2154 1212 2281 1281 quid
2302 1220 2557 1285 ageretur
2585 1214 2886 1285 suspicata,
2905 1215 2963 1271 in
3006 1216 3279 1273 desertum
3302 1234 3362 1275 se
3402 1221 3600 1292 recipit

319 1308 556 1375 νοήσασα
595 1306 655 1357 τὸ
710 1305 1113 1376 πραττόμενον,
1146 1305 1342 1375 φεύγει
1365 1308 1445 1370 εἰς
1490 1306 1699 1379 ἔρημον
1728 1310 1869 1364 κατά

2045 1303 2342 1357 omicilium
2379 1320 2393 1357 :
2424 1305 2513 1359 ubi
2558 1316 2610 1360 et
2670 1305 2785 1373 illa,
2832 1322 2955 1376 qua:
3004 1306 3075 1364 de
3116 1311 3298 1380 puella
3354 1314 3594 1382 quadam

308 1394 457 1464 λυμα
482 1413 496 1425 ·
527 1397 587 1448 ἐν
615 1390 662 1464 ᾧ
691 1396 789 1449 καὶ
817 1396 886 1449 τὰ
915 1398 1046 1467 περὶ
1074 1398 1176 1467 τῆς
1206 1398 1378 1469 κόρης
1411 1398 1512 1469 τῆς
1540 1400 1858 1473 ὲπικαλουμ

2058 1401 2305 1469 rophima
2340 1404 2579 1466 nomine,
2614 1413 2669 1457 et
2696 1403 2763 1457 de
2783 1418 2945 1458 servo
2974 1417 3215 1471 amante,
3240 1414 3404 1478 atque
3425 1408 3602 1463 homi-

304 1505 400 1559 γης
416 1489 464 1519 ’⁸
496 1489 791 1560 Τροφίμης
823 1490 919 1543 καὶ
941 1490 1036 1544 τοῦ
1060 1491 1252 1545 δούλου
1302 1490 1399 1545 τοῦ
1426 1494 1658 1562 ἐραστοῦ
1685 1496 1778 1548 καὶ
1807 1514 1854 1565 φα

2048 1494 2152 1557 ida,
2183 1493 2425 1563 itemque
2457 1494 2524 1550 de
2547 1495 2749 1549 mundo
2783 1496 3038 1551 muliebri
3072 1512 3239 1554 aureo
3274 1510 3598 1565 narrantur.

298 1584 462 1648 νέως,
495 1585 594 1638 καὶ
626 1585 726 1639 τοῦ
758 1585 967 1658 κόσμου
997 1586 1090 1640 τοῦ
1121 1586 1348 1658 χρυσοῦ,
1370 1588 1465 1641 καὶ
1497 1591 1553 1642 αί
1580 1590 1841 1661 ἕκθεσμοι

2048 1572 2358 1663 οἰιιίεθνυηι
2388 1605 2402 1641 :
2435 1587 2668 1643 nefanda
2726 1589 2950 1657 insuper
3001 1588 3094 1644 illa
3140 1594 3281 1647 servi
3334 1592 3598 1659 facinora,

290 1674 397 1731 *εὖ
424 1675 916 1752 δούλου-πράξεις,
938 1681 1035 1734 καὶ
1066 1681 1130 1733 τὸ
1158 1681 1354 1735 ἑαυτὸν
1374 1681 1697 1751 ἐπισφάξαι,
1718 1685 1814 1737 καὶ

2049 1682 2228 1731 uando
2260 1688 2315 1733 et
2336 1693 2529 1734 manus
2552 1679 2641 1735 ille
2670 1679 2771 1735 sibi
2798 1680 2998 1746 intulit,
3022 1691 3081 1736 ut
3120 1683 3310 1739 rustici
3334 1684 3441 1739 tilia
3467 1702 3599 1742 san-

290 1768 697 1843 Wt
737 1770 840 1843 τὴν
886 1771 983 1826 τοῦ
1024 1771 1278 1843 γεωργοῦ
1323 1772 1608 1845 θυγατέρα
1651 1779 1766 1839 τοῖς
1808 1793 1839 1828 τ

2051 1770 2175 1825 nine
2201 1784 2422 1839 aspersa
2470 1782 2730 1841 metuque
2770 1788 3051 1843 percussa,
3108 1774 3331 1846 fugerit,
3393 1780 3601 1833 territis

293 1833 1049 1936 Wétqpnoapévou‘
1066 1833 1286 1936 αἵμασι,
1310 1833 1418 1919 καὶ·
1435 1868 1464 1919 ό
1494 1833 1595 1937 της
1624 1833 1796 1939 κόρης
1814 1868 1843 1921 δ

2052 1877 2187 1932 sque,
2221 1872 2277 1917 et
2312 1862 2365 1916 in
2423 1863 2605 1932 fugam
2644 1833 2822 1921 versis
2855 1833 3198 1923 custodibus:
3251 1869 3335 1924 Ad
3387 1881 3602 1940 patrem

296 1952 485 2011 τάκ
712 1956 809 2012 καὶ
837 1958 871 2027 ή
899 1957 1070 2028 φυγὴ,
1107 1958 1201 2011 καὶ
1229 1959 1261 2028 ή
1301 1958 1562 2023 ἔκστασις
1594 1960 1704 2015 τῶν
1730 1959 1846 2029 φυλ‹

2054 1969 2195 2024 aque
2246 1955 2354 2009 lilia
2416 1971 2659 2019 reversa,
2722 1966 2911 2012 narrat
2966 1974 3028 2014 ea
3086 1975 3207 2030 quae
3260 1962 3598 2018 acciderant.

297 2062 422 2100 ω
450 2046 554 2100 καὶ
591 2046 740 2118 φυγὴ
768 2087 785 2112 ,
820 2049 917 2101 καὶ
950 2049 984 2119 ή
1034 2048 1175 2120 πρὸς
1215 2048 1309 2101 τὸν
1351 2050 1570 2120 πατέρα
1602 2049 1703 2119 τῆς
1733 2050 1847 2119 κόρη

2050 2061 2187 2108 quare
2218 2045 2398 2117 fugam
2425 2047 2553 2102 inde
2578 2050 2817 2116 capessit
2840 2049 3150 2108 Rhodanes.
3176 2052 3397 2108 Litterae
3420 2065 3600 2110 autem

294 2134 495 2204 ἄφιξις
527 2137 625 2191 καὶ
656 2136 910 2208 διήγησις
941 2136 1053 2189 τῶν
1087 2139 1590 2209 συγκυρησάντων,
1625 2138 1722 2192 καὶ
1756 2156 1844 2209 φυ·

2051 2148 2136 2193 nte
2159 2139 2274 2193 haac
2317 2141 2384 2194 ad
2422 2136 2686 2193 Garmum
2719 2141 2789 2196 ab
2827 2141 3109 2198 aurifabro
3157 2146 3338 2200 missae
3383 2143 3601 2200 fuerant

297 2225 527 2285 ἕηκεν
545 2228 660 2291 τῶν
676 2229 810 2300 περὶ
823 2228 1107 2301 Ῥοδάνην,
1133 2231 1227 2283 καὶ
1252 2232 1359 2302 πρὸ
1382 2231 1589 2284 τούτων
1604 2231 1651 2264 ⁹⁹
1668 2232 1847 2303 γράμι

2053 2248 2079 2286 e
2121 2241 2337 2301 reperta
2388 2232 2656 2288 Sinonide
2684 2250 2699 2288 :
2728 2233 2998 2304 fidemque
3040 2235 3267 2303 fecerat,
3316 2252 3437 2292 cum
3492 2249 3603 2294 tor.

301 2320 450 2393 ςρδς
496 2320 719 2392 Γάρμον
752 2322 848 2375 τοῦ
884 2323 1187 2393 χρυσοχόου
1241 2324 1324 2377 ὅτι
1365 2324 1592 2387 Σινωνὶς
1639 2324 1850 2395 εὖρητα

2055 2337 2145 2378 ues
2167 2332 2368 2393 empta,
2400 2334 2567 2394 atque
2601 2322 2671 2378 ad
2709 2339 2831 2379 eum
2875 2328 3063 2394 missa,
3110 2338 3222 2382 tum
3255 2339 3450 2383 cetera
3483 2347 3605 2401 quae

302 2414 405 2467 καὶ
434 2409 505 2485 ἦν
541 2415 723 2478 πίστις
752 2416 784 2487 ή
829 2414 1168 2486 ἑξωνηθεῖσα
1212 2416 1405 2481 ἅλυσις
1436 2418 1772 2489 πεμπομένη
1811 2436 1852 2471 xi

2052 2430 2078 2471 e
2110 2416 2301 2471 rustici
2339 2416 2428 2471 ille
2462 2417 2572 2471 filia
2605 2414 2933 2488 suspicando
2972 2421 3264 2491 cogitarat.
3306 2420 3602 2479 Rhodanes

296 2506 379 2561 κὰ
426 2507 591 2570 ἄλλα,
626 2506 667 2563 ἃ
705 2508 836 2579 περὶ
877 2508 978 2578 τὴν
1028 2506 1124 2562 τοῦ
1164 2510 1417 2581 γεωργοῦ
1466 2509 1748 2581 θυγατέρα
1801 2511 1846 2564 ὑπ

2050 2509 2121 2571 ic,
2176 2508 2304 2563 dum
2355 2507 2480 2577 fuga
2525 2510 2630 2565 sibi
2674 2512 3027 2568 consnlturus
3059 2513 3319 2581 discedit,
3354 2516 3599 2571 osculum

301 2599 920 2673 WJTOMV'Q:
968 2601 1098 2673 [155
1123 2602 1217 2674 IL]
1273 2601 1455 2656 ἀπιὼν
1486 2604 1572 2671 ἐφ’
1602 2596 1649 2671 ᾧ
1678 2603 1850 2672 φεύγε

2053 2599 2199 2654 ustici
2227 2599 2348 2653 filiae
2364 2596 2545 2653 otl'ert.
2568 2598 2934 2665 Quamobrem
2963 2602 3042 2655 ira
3059 2601 3282 2657 Sinonis
3300 2602 3603 2672 incanduit,

305 2690 465 2763 φιλεῖ
480 2694 584 2764 τὴν
605 2692 775 2764 κόρην
801 2692 897 2747 τοῦ
931 2693 1206 2765 γεωργοῦ,
1243 2696 1339 2748 καὶ
1366 2696 1674 2749 ἀνάπτεται
1702 2698 1783 2758 εἰς
1810 2697 1855 2766 ό(

2054 2709 2139 2748 um
2163 2693 2219 2747 in
2244 2694 2608 2762 suspicionem
2632 2696 2868 2765 primum
2897 2696 3045 2751 venit
3074 2697 3234 2763 basii,
3264 2712 3384 2765 qua:
3411 2698 3604 2753 deinde

304 2785 419 2856 τὴν
464 2786 691 2849 Σινωνὶς
733 2785 821 2839 διὰ
875 2786 1056 2849 τοῦτο,
1102 2788 1184 2850 εἰς
1233 2788 1492 2843 ὑπόνοιαν
1535 2791 1636 2860 μὲν
1687 2792 1854 2861 πρῶτι

2054 2787 2257 2854 aspicio
2310 2787 2556 2857 (quando
2604 2803 2668 2843 ex
2696 2786 2979 2844 Rhodanis
3033 2789 3190 2845 labiis
3220 2790 3604 2846 detersitsano

305 2878 597 2950 ἀφιγμένη
631 2877 727 2931 τοῦ
757 2879 1089 2949 φιλήματος,
1138 2879 1270 2952 [245
1295 2880 1385 2953 lt]
1438 2881 1631 2936 ἔπειτα
1665 2884 1762 2936 καὶ
1798 2883 1855 2935 ἀι

2055 2878 2255 2945 uinem,
2278 2880 2368 2947 qui
2398 2879 2632 2948 puellam
2670 2880 2965 2936 osculando
2986 2882 3035 2936 ei
3067 2882 3397 2953 adhaesurat)
3430 2884 3605 2954 magis

309 2971 424 3025 τῶν
457 2969 556 3025 τοῦ
597 2970 881 3035 Ῥοδάνους
932 2973 1157 3042 χειλέων
1204 2973 1520 3043 ἀφελομένη
1562 2974 1624 3027 τὸ
1668 2971 1829 3043 αἷμα,

2056 2970 2180 3024 tiam
2216 2980 2303 3024 est
2347 2970 2690 3025 confirmata.
2759 2971 2896 3027 llinc
2948 2974 3262 3029 interimere
3305 2974 3606 3028 vultrusti-

309 3064 555 3134 φιλήσας
602 3064 773 3137 αὐτὴν
808 3066 1265 3137 περιεκέχριστο,
1318 3068 1399 3131 εἰς
1436 3068 1667 3139 ίσχυρὰν
1722 3068 1853 3122 πίστ

2054 3077 2133 3115 am
2183 3062 2416 3131 puellam
2456 3062 2704 3129 Sinonis,
2759 3074 3015 3134 retroque
3038 3065 3104 3119 ad
3142 3065 3290 3120 illam
3315 3080 3436 3122 sese
3470 3081 3604 3122 con-

308 3160 699 3213 καταστᾶσαί.
755 3159 921 3231 Ζητεῖ
969 3160 1059 3215 διὰ
1098 3160 1261 3214 τοῦτο
1305 3160 1534 3225 Σινωνὶς
1584 3160 1685 3232 τὴν
1731 3161 1858 3231 κόρτ

2050 3152 2160 3219 nlit,
2194 3153 2394 3207 furenti
2423 3154 2641 3210 similis.
2694 3153 3011 3220 Soraechus,
3072 3157 3197 3225 quia
3247 3156 3600 3212 furibundum

308 3253 555 3315 ἀνελεῖν.
580 3254 675 3307 καὶ
695 3253 1065 3327 ὑποστρέφειν
1087 3254 1226 3325 πρὸς
1258 3254 1430 3326 ἆὺτὴν
1452 3254 1721 3324 ἠπείγετο
1744 3256 1858 3309 καθ.

2049 3244 2135 3315 jus
2194 3246 2451 3314 impetum
2502 3245 2780 3302 refrenare
2833 3262 2939 3301 non
2998 3259 3204 3318 posset,
3261 3249 3599 3319 insequitur;

308 3352 543 3419 ἀξίνη
568 3347 858 3420 ἔμμανήςθ
888 3348 987 3402 καὶ
1033 3349 1328 3402 συνέπεται
1361 3349 1645 3420 Σόραιχος,
1678 3349 1804 3402 ἐπεὶ
1834 3367 1858 3421 μ

2049 3336 2428 3407 ucceduntque
2490 3339 2546 3391 in
2596 3340 2816 3393 domum
2869 3339 3052 3394 divitis
3089 3340 3306 3409 quidem
3343 3341 3599 3403 lwmiuis,

302 3438 615 3509 WOXEW
654 3438 759 3510 τῆς
803 3438 1108 3510 μανιώδους
1152 3441 1333 3511 ὁρμῆς
1384 3441 1562 3511 ῐσχυε.
1601 3442 1713 3495 Καὶ
1765 3458 1852 3495 και

2052 3430 2110 3484 ed
2142 3432 2367 3499 perditis
2395 3433 2659 3499 moribus,
2690 3433 2775 3485 cui
2812 3432 3014 3500 Setapo
3047 3449 3267 3487 nomen.
3312 3432 3413 3490 Hic
3438 3434 3602 3489 Sino-

305 3531 566 3603 ιιίρουσιν
603 3532 683 3595 εἰς
727 3531 987 3586 πλουσίου
1018 3532 1188 3599 τινὸς,
1219 3533 1283 3586 τὸ
1314 3528 1450 3604 ἦθος
1486 3532 1546 3585 δὲ
1578 3533 1855 3587 ἀκολάστολ

2056 3522 2159 3578 idis
2194 3538 2383 3577 amore
2410 3536 2621 3593 captus,
2674 3525 2849 3592 pergit
2886 3538 3007 3579 eam
3041 3524 3364 3591 sollicitare,
3401 3536 3456 3581 et
3488 3526 3600 3592 ἱΙΙιι,

304 3625 570 3696 Σήταπος
622 3625 774 3698 αὑτῷ
820 3626 1035 3697 ὄνομα,
1094 3625 1154 3690 δς
1203 3627 1307 3698 ἐρᾷ
1338 3626 1438 3698 τῆς
1485 3626 1773 3690 Σινωνίδος
1813 3644 1854 3679 κε

2051 3619 2303 3673 edamare
2332 3634 2392 3673 se
2420 3619 2651 3687 ﬁngens,
2685 3619 2897 3674 ebrium
2918 3618 3181 3689 Setapum
3228 3631 3418 3684 noctu,
3468 3630 3524 3675 et
3550 3620 3601 3672 in

304 3719 516 3788 πιρᾷο
567 3718 603 3789 ή
631 3717 688 3770 δὲ
721 3720 960 3790 ἁντερᾷν
994 3718 1375 3791 ὑποκρίνεται,
1421 3720 1515 3773 καὶ¹
1566 3718 1854 3789 μεθυσθένι

2054 3713 2219 3767 moris
2262 3713 2441 3776 initio,
2484 3711 2632 3766 ferro
2675 3711 2927 3780 conﬁcit;
2978 3712 3201 3773 domum
3254 3712 3451 3767 deinde
3499 3711 3600 3766 sibi

306 3808 407 3862 τὸν
434 3810 693 3880 Σήταπον
744 3810 866 3864 κατ’
900 3811 1074 3882 αὑτὴν
1103 3813 1205 3881 τὴν
1234 3809 1408 3865 νύκτα
1460 3811 1557 3866 καὶ
1597 3811 1699 3883 τὴν
1731 3811 1856 3883 ἀρχὶ

2052 3807 2217 3875 periri
2242 3806 2522 3875 illajubet,
2570 3817 2625 3860 et
2665 3806 2741 3861 rei
2793 3815 2959 3878 gestae
2999 3807 3248 3877 ignarutn
3284 3803 3601 3861 Sora’cbuut

314 3899 413 3954 τοῦ
438 3902 643 3972 ἔρωτος
675 3903 890 3973 ἀναιρεῖ
911 3903 1077 3972 ξίφει.
1110 3905 1222 3957 Καὶ
1240 3903 1452 3969 ἀνοῖξαι
1478 3904 1789 3959 κελεύσασα
1810 3904 1864 3957 τὶ

2052 3900 2088 3953 )ἰ
2129 3899 2465 3968 relinquens,
2523 3898 2590 3953 ad
2627 3899 2812 3954 rustici
2859 3900 3027 3957 filiam
3088 3908 3364 3969 properat.
3402 3897 3602 3952 Verum

318 3992 527 4060 αὔλιον,
563 3996 663 4048 καὶ
694 3996 788 4049 τὸν
815 3996 1080 4067 Σόραιχον
1106 3996 1408 4065 ἀγνοοῦντα
1436 3996 1499 4048 τὸ
1539 3995 1788 4067 πραχθὲν
1815 4012 1868 4049 κε

2056 3996 2237 4063 ognito
2265 3992 2558 4047 Soraachus
2592 3991 2710 4061 eius
2731 3993 3001 4059 discessu,
3030 4006 3169 4062 pone
3196 3992 3467 4061 sequitur,
3520 4006 3606 4043 co-

316 4088 645 4152 ταλιποῦσα,
695 4089 793 4143 ἐπὶ
839 4089 939 4160 τὴν
981 4089 1077 4143 τοῦ
1112 4089 1362 4161 γεωργοῦ
1396 4089 1571 4160 κόρην
1619 4089 1866 4160 ἠλαύνετι

2056 4086 2286 4153 litesque
2317 4100 2500 4139 secum
2532 4085 2685 4139 ducit
2713 4084 2780 4139 de
2804 4083 2995 4154 Setapi
3027 4083 3201 4139 servis
3220 4083 3451 4155 aliquot,
3471 4099 3606 4152 quos

308 4178 581 4250 Σόραιχος
607 4180 683 4247 δὲ,
706 4179 807 4252 τὴν
829 4180 1009 4247 ἔξοδον
1031 4182 1203 4251 αὐτῆς
1225 4181 1433 4253 μαθὼν,
1460 4180 1685 4235 ἐδίωκεν
1706 4180 1858 4234 όπίσι

2058 4188 2074 4233 ι
2110 4172 2363 4249 agricola:
2399 4178 2521 4232 filiae
2550 4179 2752 4232 caedem
2810 4177 3149 4248 prohiberet,
3202 4174 3456 4233 mercede
3479 4192 3608 4231 con-

306 4272 413 4326 καὶ
441 4273 866 4344 καταλαμϐάνει
900 4274 1043 4344 ἔχων
1074 4274 1196 4344 μεθ’
1229 4274 1428 4329 ἑαυτοῦ
1458 4274 1552 4327 καὶ
1599 4274 1709 4327 τῶν
1737 4274 1856 4345 Σητε

2060 4286 2274 4329 uxerat.
2334 4277 2637 4329 Assecutus
2678 4273 2845 4342 igitur
2890 4287 3013 4326 eam
3064 4280 3326 4340 carpento
3379 4272 3610 4340 imponit

307 4382 422 4419 mu
451 4366 683 4433 δούλων,
717 4366 813 4431 οὓς
860 4363 932 4438 ἧν
961 4367 1402 4439 μισθωσάμενος,
1436 4367 1524 4420 ἵνα
1550 4367 1772 4438 κωλύσῃ
1810 4365 1857 4418 τί

2058 4385 2161 4422 tam
2195 4376 2248 4421 et
2279 4367 2382 4422 hoc
2415 4368 2520 4422 sibi
2547 4364 2860 4436 paraverat)
2892 4362 3061 4434 77a,
3108 4378 3172 4417 ac
3204 4372 3355 4417 retro
3378 4360 3608 4418 reverti-

310 4460 544 4529 σφαγὴν
574 4460 674 4530 τῆς
698 4459 798 4513 τοῦ
828 4459 1078 4534 γεωργοῦ
1110 4461 1313 4529 κόρηςο
1343 4458 1670 4514 καταλαϐὼν
1697 4459 1754 4513 δὲ
1776 4460 1860 4512 άνι

2057 4477 2125 4516 tr.
2183 4459 2561 4515 Redeuntibus
2589 4470 2769 4513 autem
2810 4456 2941 4521 illis,
2990 4454 3175 4511 cmteri
3224 4455 3367 4509 servi
3394 4453 3607 4525 Setapi,

307 4552 593 4623 λαμσάνει
617 4555 697 4618 είς
717 4553 822 4625 τὴν
840 4550 1184 4626 ἁρμάμαξαν
1200 4552 1643 4624 (παρεσκεύαστο
1666 4553 1777 4622 γάρ
1815 4569 1857 4603 κε

2060 4556 2109 4609 ui
2152 4553 2266 4624 jam
2317 4550 2662 4607 interfectum
2710 4550 2905 4603 herum
2934 4545 3433 4618 deprehenderant,
3474 4545 3610 4601 furi-

307 4644 498 4716 τοῦτο)
529 4648 625 4700 καὶ
661 4645 964 4707 ἀπελαύνει
991 4645 1193 4700 ὀπίσω.
1227 4645 1715 4717 ’Υποστρεφόντων
1739 4643 1797 4696 δὲ
1817 4661 1857 4696 απ

2058 4647 2186 4701 undi
2217 4654 2534 4709 accurrunt,
2580 4652 2907 4713 captamque
2937 4639 3227 4706 Sinonida,
3286 4650 3343 4694 et
3375 4638 3608 4693 vinculis

307 4741 425 4794 τῶν
454 4741 508 4794 οἱ
538 4739 634 4794 τοῦ
662 4740 920 4813 Σητάπου
957 4739 1316 4811 θεράποντες,
1348 4740 1473 4793 ἐπεὶ
1504 4739 1596 4792 τὸν
1640 4738 1857 4791 δεσπόττ

2056 4739 2362 4808 alligatam,
2428 4736 2499 4790 ad
2549 4733 2813 4790 Garmum
2874 4734 3041 4788 veluti
3111 4732 3387 4787 homicidii
3432 4746 3606 4794 ream,

308 4834 668 4907 ἀνῃρημένον
704 4833 1025 4899 ἐθεάσαντο,
1060 4834 1387 4906 ἀπήντησαν
1414 4831 1774 4904 ὠργισμένοι,
1816 4848 1852 4885 κ

2062 4843 2313 4899 uenasque
2341 4828 2590 4882 daturam
2621 4826 2849 4880 ducunt.
2891 4823 3182 4879 Sorachus
3196 4838 3348 4895 ergo,
3387 4823 3612 4892 pulvere

312 4925 680 4991 συλλαϐόντες
707 4928 971 4982 Σινωνίδα
1004 4928 1102 4982 καὶ
1126 4928 1416 4999 δήσαντες,
1464 4922 1601 4998 ἦγον
1644 4924 1743 4979 ἐπὶ
1767 4926 1807 4977 Γ
1810 4926 1862 4996 άε

2057 4935 2272 4991 spersus
2301 4928 2556 4990 caput,et
2578 4916 2694 4989 (65)
2718 4916 2951 4971 Persica:
2982 4916 3257 4970 involutus
3290 4915 3509 4980 tunicae,
3540 4914 3607 4966 ad

313 5038 421 5092 μον
465 5022 544 5085 ὡς
592 5022 921 5093 ἀνδροφόνον
948 5019 1461 5092 κολασθησομένην.
1506 5020 1619 5073 Καὶ
1648 5020 1863 5091 Σόραιχ‹

2062 5012 2340 5068 thodanem
2366 5009 2728 5065 infortunium
2761 5008 2951 5063 refert.
2984 5007 3066 5062 Ad
3113 5022 3234 5076 quae
3260 5016 3414 5061 certe
3447 5007 3612 5059 lilio-

309 5108 382 5187 ἦν
406 5114 645 5183 ἅγγελος
686 5114 933 5170 Ῥοδάνει
971 5115 1085 5169 τῶν
1113 5114 1325 5179 κακῶν,
1355 5112 1507 5167 κόνιν
1536 5129 1597 5165 τε
1627 5112 1771 5166 κατὰ
1808 5111 1859 5165 τί

2063 5117 2191 5159 aries
2224 5116 2414 5157 necem
2445 5102 2548 5156 sibi
2587 5102 2969 5165 conscivisset,
3022 5098 3077 5154 ni
3110 5099 3402 5155 Somchus
3440 5098 3613 5153 obsti-

311 5205 566 5276 κεφαλῆς
608 5207 929 5276 πασάμενος
973 5206 1070 5261 καὶ
1113 5205 1208 5260 τὸν
1238 5204 1442 5260 κάνδυν
1485 5205 1861 5276 περιερῤηγμε

2067 5206 2200 5262 sset,
2223 5195 2460 5251 Gai-mus
2504 5197 2748 5260 interim,
2810 5194 3048 5265 acceptis
3088 5193 3245 5250 Sacae
3293 5194 3489 5248 litteris
3542 5192 3612 5246 de

310 5300 461 5364 νος¹.
513 5299 626 5354 Καὶ
660 5300 925 5372 Ῥοδάνης
972 5302 1223 5372 ἀναιρεῖν
1276 5298 1476 5353 ἑαυτὸν
1521 5298 1739 5369 ὀρμᾷ³’
1791 5297 1857 5352 ἀλ

2058 5298 2178 5360 apto
2201 5287 2486 5351 Rhodano,
2532 5295 2587 5341 et
2608 5288 2677 5343 ab
2697 5285 2980 5342 aurifabro
3000 5285 3069 5343 de
3086 5284 3351 5341 Sinonide
3372 5294 3608 5347 retenta,

1632 5433 1716 5489 VA
1728 5434 1869 5490 BHE
1904 5428 2314 5489 LECTIONES.

384 5556 433 5588 "
464 5556 647 5609 λαϐὼν
696 5559 731 5609 Α
769 5555 1024 5610 εάνελὼν
1066 5574 1127 5622 ς.
1202 5557 1251 5590 ⁹⁶
1298 5554 1649 5625 καλουμένης
1683 5574 1746 5621 ς.
1822 5557 1869 5588 ’⁷
1897 5555 1956 5608 αί
2016 5548 2304 5626 ἕκθεσμοι]
2333 5547 2438 5626 τᾲς.
2486 5546 2792 5626 ὲκθέσμους
2982 5542 3247 5626 ’τ’-ἑαυτοῦ
3271 5543 3614 5626 διαχειρισά-

317 5628 486 5697 μένου
522 5644 582 5692 ς.
658 5630 705 5661 ’⁸
756 5629 893 5699 πρὸς
927 5618 1138 5694 τούτοις
1193 5630 1259 5682 Α.
1340 5628 1356 5657 ¹
1394 5618 1579 5680 πίστιν
1606 5618 1721 5681 ’καὶ
1751 5641 1981 5682 καταστ.
2019 5641 2082 5689 ς.
2158 5618 2680 5693 Υπεριερριμμένπ
2708 5635 2770 5682 ς.
2847 5619 2868 5648 ³
2903 5618 3054 5689 ὁρμᾷ
3078 5619 3124 5671 A
3158 5637 3171 5671 :
3206 5618 3383 5689 τολμᾷ
3442 5618 3504 5683 ς,

1878 5732 2118 5790 NOTAE.

388 5866 503 5937 (65)
530 5865 623 5919 τὸν
656 5861 856 5919 κανδὺν
886 5862 1352 5938 περιερριμμένος
1381 5860 1519 5918 Vide
1552 5859 1787 5927 Polluc.,
1818 5854 1974 5928 Bayf.
2016 5864 2071 5911 et
2093 5864 2222 5913 ante
2243 5855 2379 5913 alios
2407 5854 2637 5913 doetiss.
2665 5852 2910 5911 Brisson.
2953 5848 3287 5907 Persicorum
3314 5863 3330 5904 ι
3371 5857 3426 5903 et
3458 5862 3541 5909 tu.
