3926 6426
434 330 542 397 335

1594 330 1860 393 ΡΗΟΤΠ
1882 332 2388 395 PATRIARCH/E
2415 336 2529 403 ΕΡ.

3592 351 3695 416 ’336

435 440 635 515 gaudio
693 438 943 511 perfusus
1016 439 1087 495 ad
1142 439 1562 496 sacriﬁcandum
1628 442 1734 498 diis
1791 445 2014 513 accedit,

2132 447 2378 501 ὲκώλυεδ
2422 450 2704 521 Σόραιχος.
2743 449 2803 504 '0
2846 449 2943 519 δὲῆ
2984 449 3206 523 Γάρμος
3239 453 3388 509 Σάκα
3426 456 3699 531 δεξάμενος

437 534 763 604 nuptiasque
786 540 963 604 parat.
1002 531 1280 587 Praeconis
1333 532 1462 588 item
1511 550 1646 590 voce
1698 536 1899 606 ubique
1944 539 2035 593 tle-

436 625 677 690 nuntiari
701 624 879 695 jubet,
922 634 979 678 ut
1011 623 1176 679 vincti
1208 640 1402 681 omnes
1433 626 1720 685 solvantur
1744 639 1914 699 atque
1942 632 2030 685 tli-

434 717 743 773 mittantur.
786 715 863 771 lta
900 715 1143 784 Sinonis,
1176 732 1296 787 quae
1322 734 1353 772 a
1387 718 1572 790 Setapi
1596 735 1792 780 servus
1824 724 1875 780 in
1916 724 2032 778 vin-

436 808 558 864 cula
587 808 911 878 ducebatur,
970 809 1188 881 publico
1235 811 1458 873 decreto
1500 813 1700 879 soluta,
1745 829 1811 869 ac
1857 819 2031 875 missa

438 897 582 956 facta
625 909 731 957 est.
783 899 1007 957 Damam
1054 911 1321 971 praeterea
1374 905 1551 960 occidi
1579 902 1817 961 Garmus
1847 905 2026 976 jubet,

439 993 781 1063 traditurque
812 993 885 1049 illi
917 993 1020 1064 ipsi
1057 994 1323 1062 carniﬁci,
1368 1011 1532 1066 quem
1570 999 1801 1067 ipsemet
1849 1014 1915 1053 ex
1942 1015 2032 1054 sa-

436 1084 661 1141 cerdote
709 1086 1021 1143 carniﬁcem
1067 1087 1292 1145 fecerat.
1343 1086 1739 1159 Indignabatur
1797 1093 2027 1158 etenim,

436 1175 582 1246 quod
615 1179 758 1243 apud
798 1177 936 1230 alios
971 1175 1288 1242 thodanes,
1345 1188 1401 1232 ut
1434 1178 1688 1247 putabat,
1710 1193 1773 1232 ac
1806 1177 2029 1239 Sinonis

436 1268 719 1327 constriCIi
788 1278 1121 1326 tenerentur.
1182 1268 1364 1325 Dama:
1410 1270 1656 1325 succedit
1697 1269 1869 1325 frater
1909 1269 2027 1339 ejus

441 1360 716 1415 Monasus.

494 1622 951 1680 Narratiodeinde
971 1624 1289 1681 instituitur
1312 1626 1377 1681 de
1412 1626 1673 1681 Berenice
1700 1628 1814 1700 (66)
1849 1628 2025 1700 Egy-

436 1718 668 1784 ptiorum
725 1717 867 1787 regis
928 1717 1057 1785 lilia,
1115 1721 1290 1789 deque
1325 1719 1550 1776 immani
1582 1722 1700 1791 ejus
1725 1735 1779 1778 et
1804 1723 2025 1780 infando

2139 541 2376 612 γράμμα
2406 542 2597 614 ὅτιπερ
2613 542 2874 615 Ῥοδάνης
2899 544 3279 617 συνείληπται,
3306 552 3399 603 καὶ
3420 555 3563 624 παρὰ
3578 557 3598 587 ⁶
3614 558 3698 612 τοῦ

2137 634 2437 704 χρυσοχόου
2464 635 2550 689 ὅτι
2579 635 2803 699 Σινωνλς
2835 634 3042 707 ἔχεται,
3059 637 3251 709 ἔχαιρέ
3271 656 3330 693 τε
3360 642 3454 695 καὶ⁹
3478 643 3595 699 ἔθυε
3618 650 3702 702 καὶ

2133 728 2262 790 τοὺς
2296 728 2509 797 γάμους
2538 726 2829 798 ἡτοίμαζε,
2862 728 2959 781 καὶ
2987 730 3261 800 κήρυγμα
3312 732 3528 802 ἥπλωτο
3576 756 3702 793 παν-

2133 820 2299 890 ταχοῦ
2331 820 2541 885 πάντας
2578 820 2861 891 δεσμώτας
2910 821 3140 879 λύεσθαι
3172 826 3267 878 καὶ
3297 825 3577 895 ἀφίεσθαι·
3616 833 3703 885 καὶ

2134 913 2362 978 Σινωνὶς
2393 913 2500 971 ὑπὸ
2527 913 2639 967 τῶν
2669 914 2926 984 Σητάπου
2958 915 3312 989 θεραπόντων
3334 917 3549 989 δέσμιος
3584 921 3702 989 ἀγο-

2136 1005 2275 1075 μένη
2310 1003 2388 1075 τῷ
2422 1005 2587 1075 κοινῷ
2612 1005 2709 1060 τοῦ
2741 1005 3106 1079 κηρύγματος
3143 1006 3333 1062 λύεται
3360 1009 3454 1062 καὶ
3477 1011 3698 1077 ἀφίεται.

2133 1100 2328 1169 Δάμαν
2348 1098 2407 1152 δὲ
2436 1098 2655 1154 κελεύει
2689 1100 2910 1172 Γάρμος
2944 1100 3322 1172 παραδοθῆναι
3352 1101 3584 1175 θανάτῳ,
3617 1109 3701 1160 καὶ

2132 1190 2489 1262 παραδίδοται
2518 1190 2703 1262 δημίῳ
2732 1191 2793 1244 δν
2818 1192 2985 1255 αὐτὸς
3016 1192 3128 1247 ἀπὸ
3173 1194 3364 1263 ἱερέως
3396 1195 3475 1258 είς
3502 1196 3591 1249 τὸν
3624 1197 3702 1270 δή.

2147 1301 2275 1354 μιον
2306 1284 2644 1355 μετέστησεν
2664 1303 2679 1316 ·
2729 1285 3082 1357 ἐδυσχέραινε
3123 1286 3183 1340 δὲ
3219 1286 3299 1356 τῷ
3329 1287 3487 1360 Δάμᾳ
3520 1290 3548 1341 ό
3574 1290 3699 1361 Γάρ-

2139 1395 2264 1449 μος,
2312 1378 2397 1431 ὅτι
2422 1378 2554 1449 παρ’
2584 1377 2765 1442 ἄλλοις
2815 1377 3095 1449 Ῥοδάνης,
3123 1379 3199 1442 ὡς
3230 1379 3471 1449 ἐνόμιζε,
3504 1382 3593 1434 καὶ
3619 1382 3699 1435 Σι-

2131 1468 2295 1532 νωνὶς
2346 1468 2775 1538 συνεσχέθησαν.
2809 1470 3069 1540 Διάδοχος
3103 1471 3162 1524 δὲ
3212 1471 3372 1542 Δάμα
3421 1472 3452 1524 ό
3491 1472 3700 1543 ἀδελφὸς

2128 1561 2460 1615 καθίσταται
2489 1561 2761 1625 Μόνασος.

2199 1652 2464 1723 Διάληψις
2496 1653 2627 1725 περὶ
2660 1652 2987 1725 Βερενίκης,
3040 1654 3165 1725 ἥτις
3210 1650 3281 1726 ἦν
3323 1653 3570 1726 θυγάτηρ
3616 1659 3700 1712 τοῦ

2131 1742 2395 1814 βασιλέως
2426 1745 2766 1813 Αἰγυπτίων,
2788 1746 2883 1799 καὶ
2911 1745 3025 1799 τῶν
3050 1746 3267 1818 ἀγρίων
3297 1746 3468 1817 αὐτῆς
3505 1748 3596 1801 καὶ
3621 1752 3701 1802 ὲκ-

434 1825 642 1875 amore,
677 1820 847 1879 utque
872 1810 939 1866 ad
975 1811 1134 1881 bujus
1160 1810 1556 1881 Mesopotamia
1596 1814 1926 1886 colloquium
1959 1831 2014 1871 ac

2127 1810 2347 1908 θέσμων
2386 1810 2639 1909 ἐρώτωνο
2693 1840 2790 1893 καὶ
2814 1838 2963 1901 ὃπως
3014 1810 3457 1911 Meo-onerante"
3493 1845 3699 1909 συνεγέ-

434 1897 865 1955 familiaritatem
917 1904 1249 1971 pervenerit.
1295 1902 1466 1970 Capta
1514 1904 1701 1972 itaque
1741 1914 1867 1973 post
1908 1906 2023 1962 haec

432 1990 823 2065 Mesopotamia
865 2010 895 2047 a
927 1993 1088 2060 Saca,
1122 2011 1249 2051 cum
1286 1995 1457 2051 fratre
1494 2011 1595 2051 suo
1640 1997 1921 2067 Euphrate
1950 1999 2019 2053 ad

432 2083 693 2140 Gartnutn
742 2085 1067 2153 adducitur,
1103 2087 1220 2156 qui,
1266 2086 1467 2141 litteris
1506 2088 1775 2142 auril'abri
1819 2091 2023 2144 certior

432 2177 609 2233 factus
661 2178 937 2249 aufugisse
984 2181 1285 2248 Sinonida,
1333 2193 1390 2237 et
1436 2184 1588 2236 illum
1641 2182 1913 2248 interfici,
1966 2194 2022 2243 et

429 2258 621 2327 omnes
651 2273 716 2327 ad
763 2273 904 2330 banc
955 2277 1408 2341 custodiendam,
1452 2286 1616 2347 atque
1644 2277 2019 2333 adducendam

431 2363 652 2418 lictores
680 2363 904 2427 missos,
931 2381 1035 2419 una
1062 2380 1184 2419 cum
1212 2367 1471 2422 uxoribus
1495 2382 1561 2421 ac
1600 2366 1806 2432 liberis,
1838 2366 2018 2423 defodi

431 2454 780 2524 vivosjubet.
814 2453 981 2510 Canis
1010 2457 1229 2511 interim
1263 2454 1565 2522 Rhodanis,
1592 2456 1883 2528 Hyrcanus
1918 2474 2018 2528 ap-

430 2542 685 2614 pellatus,
718 2546 950 2614 repertis
976 2546 1027 2599 in
1060 2547 1430 2603 abominando
1464 2549 1558 2605 illo
1588 2550 1893 2605 diversorio
1916 2554 2019 2604 mi-

428 2651 568 2692 sera:
595 2636 786 2707 puella:
805 2678 821 2705 ,
848 2653 913 2693 ac
953 2640 1166 2709 perdite
1194 2642 1430 2696 amantis
1474 2642 1615 2698 illius
1642 2652 1805 2713 atque
1833 2645 2017 2700 sicarii

426 2729 572 2785 servi
590 2731 934 2802 corporibus,
973 2732 1118 2787 hunc
1158 2733 1392 2803 primum
1418 2735 1665 2803 devorat,
1701 2751 1825 2791 mox
1852 2738 2015 2792 etiam

428 2822 688 2893 paulatim
724 2825 916 2894 puella:
958 2826 1166 2883 viscera
1205 2830 1539 2896 mandebat,
1566 2846 1689 2885 cum
1720 2843 1872 2901 pater
1904 2831 2017 2900 ipse

426 2915 707 2971 Sinonidis
760 2918 828 2971 ad
875 2933 997 2974 euut
1032 2934 1250 2989 quoque
1290 2921 1466 2975 locum
1506 2924 1760 2976 accessit.
1815 2925 2017 2994 Agnito

425 3008 593 3081 igitur
622 3008 901 3064 ltltodanis
928 3026 1063 3065 cane
1084 3049 1100 3076 ,
1144 3022 1200 3066 et
1242 3014 1476 3082 puellam
1526 3029 1801 3070 semesam
1834 3016 2017 3070 anim-

425 3103 742 3168 advertens,
779 3118 972 3158 canem
1004 3106 1161 3174 quasi
1197 3104 1458 3162 Sinonida
1482 3108 1696 3163 ulturus
1724 3111 2011 3174 maCtavit,

422 3206 591 3263 seque
618 3192 734 3262 ipse
765 3194 959 3263 laqueo
986 3171 1300 3265 suspendit,
1341 3199 1606 3253 tumulato
1630 3208 1809 3254 tamen
1836 3202 2014 3270 prius,
2043 3171 2089 3231 Ο

421 3285 838 3356 compositoque
881 3286 1093 3357 reliquo
1142 3288 1336 3358 puellae
1366 3303 1635 3359 corpore,
1673 3292 1937 3360 inscripto
1983 3306 2016 3349 e

421 3378 575 3432 canis
596 3379 869 3449 sanguine
930 3379 1107 3446 titulo,
1137 3379 1241 3435 Hic
1278 3384 1380 3437 sita
1411 3393 1485 3437 est
1513 3382 1740 3451 pulchra
1771 3382 2013 3441 Sinonis.

418 3471 786 3524 Accesserunt
816 3470 927 3525 huc
947 3471 1091 3528 forte
1117 3472 1407 3529 Soramhus
1438 3486 1492 3529 et
1516 3475 1828 3538 Rhodanes,
1868 3478 2014 3533 viso-

417 3573 525 3630 que
557 3559 625 3615 ad
667 3564 936 3615 tumulum
987 3562 1336 3620 interfectum
1373 3582 1600 3634 canem,
1644 3580 1696 3623 et
1727 3568 2015 3624 Sinonidis

417 3662 703 3722 parentem
751 3652 945 3721 laqueo
985 3669 1350 3725 suspensum;
1400 3659 1544 3714 lecto
1596 3661 1786 3716 adbaac
1825 3662 2011 3730 sepul-

417 3746 499 3798 cri
542 3745 698 3799 titulo
728 3784 746 3811 ,
778 3744 1075 3803 thodanes
1109 3748 1332 3820 quidem
1368 3752 1607 3821 primum
1672 3754 1871 3810 vulnus
1905 3755 2008 3809 sibi

418 3834 649 3902 inflixit,
704 3854 912 3907 suoque
987 3842 1128 3912 77b
1191 3845 1458 3913 sanguine
1509 3845 1789 3902 Sinonidis
1849 3849 2011 3903 titulo

416 3930 673 4000 ascripsit
711 3949 724 3985 :
789 3932 857 3986 Et
892 3931 1175 3988 Rhudanes
1206 3938 1459 4004 pulcher;
1497 3936 1788 3995 Soraccltus
1814 3940 2009 4012 laqueo

416 4033 581 4091 caput
610 4024 863 4079 inseruit.
903 4026 1038 4080 Dum
1066 4040 1248 4083 autem
1288 4030 1538 4085 ultimum
1566 4032 1859 4087 libodaues
1890 4034 2009 4087 vul-

416 4129 521 4169 nus
572 4115 777 4172 inferre
811 4119 916 4172 sibi
964 4132 1158 4189 parat,
1205 4136 1335 4177 ecce
1379 4122 1454 4178 ibi
1497 4124 1756 4195 agricolae
1783 4126 1890 4180 lilia
1925 4126 2008 4182 itt-

416 4206 563 4275 genti
593 4209 835 4265 clamore
873 4214 1113 4266 accurrit
1142 4232 1155 4268 :
1192 4212 1309 4270 Non
1332 4226 1438 4282 est,
1494 4218 1769 4289 inquiens,
1798 4236 1831 4275 ο
1854 4219 2004 4276 Rho-

415 4299 597 4365 dane,
640 4301 864 4357 Sinonis
894 4318 1014 4371 qua:
1057 4305 1147 4359 hic
1187 4305 1356 4373 jacet.
1404 4305 1515 4362 Nec
1558 4324 1708 4364 mora
1746 4309 2003 4379 laqueum

416 4397 660 4455 SOI‘EBChi
722 4398 1037 4468 discindit,
1110 4400 1473 4472 Rhodanique
1526 4404 1764 4474 gladium
1814 4405 2000 4475 eripit.

2125 1947 2267 1984 νετο.
2303 1930 2415 1985 Καὶ
2442 1931 2519 1993 ὡς
2556 1930 2782 2000 ὔστερον
2807 1932 2913 1985 ὑπὸ
2946 1931 3099 1985 Σάκα
3130 1932 3441 2002 συνελήφθη
3470 1934 3700 1987 Μεσοπο-

2122 2019 2322 2090 ταμία,
2361 2021 2459 2074 καὶ
2491 2020 2631 2091 πρὸς
2679 2021 2900 2091 Γάρμον
2945 2022 3067 2092 ἅμα
3107 2007 3192 2092 τῷ
3214 2021 3430 2093 ἀδελφῷ
3462 2023 3699 2095 Εὐφράτῃ

2123 2115 2419 2181 ἀπάγεται.
2454 2112 2698 2184 Γράμμα
2721 2113 3019 2184 δεξάμενος
3049 2114 3268 2185 Γάρμος
3291 2114 3445 2186 παρὰ
3470 2115 3561 2168 τοῦ
3584 2133 3701 2186 χρυ-

2125 2204 2317 2276 σοχόου
2338 2204 2414 2268 ὼς
2438 2205 2665 2269 Σινωνὶς
2687 2205 3047 2275 διαπέφευγε,
3070 2207 3408 2275 προστάσσει
3432 2207 3630 2261 ἐκεῖνόν
3646 2225 3698 2259 τε

2122 2295 2484 2367 ἀναιρεθῆναι
2512 2298 2611 2349 καὶ
2642 2297 2769 2359 τοὺς
2798 2296 2892 2348 ἐπὶ
2925 2296 3142 2366 φυλακῇ
3168 2296 3378 2367 ταύτης
3408 2298 3503 2350 καὶ
3525 2300 3695 2366 ἀγωγῇ

2124 2387 2421 2451 σταλέντας
2486 2388 2680 2450 αὐταῖς
2717 2387 2937 2455 γυναιξὶ
2972 2388 3069 2441 καὶ
3095 2389 3315 2450 τέκνοις
3352 2387 3557 2454 ζῶντας
3583 2406 3699 2443 κατ-

2121 2480 2441 2552 ορυχθῆναι.
2482 2480 2750 2551 Ὑρκανὸς
2782 2480 2931 2535 κύων
2955 2482 2983 2534 ὁ
3012 2480 3106 2533 τοῦ
3126 2481 3433 2545 Ῥοδάνους,
3460 2480 3627 2550 εὑρὼν
3646 2484 3698 2535 ὲν

2120 2572 2315 2643 ἐκείνῳ
2362 2572 2441 2643 τῷ
2486 2572 2846 2643 ἀποτροπαίῳ
2873 2573 3210 2644 καταγωγίῳ
3238 2573 3310 2626 τὰ
3360 2573 3583 2644 σώματα
3609 2575 3697 2644 τῆς

2119 2683 2179 2719 τε
2232 2664 2537 2734 δυστυχοῦς
2573 2666 2747 2735 κόρης
2797 2667 2893 2719 καὶ
2926 2664 3022 2718 τοῦ
3063 2665 3415 2736 παλαμναίου
3463 2668 3554 2719 κού¹
3581 2666 3695 2719 δυσ-

2119 2757 2322 2829 έρωτος
2336 2757 2548 2824 δούλου,
2576 2756 2853 2826 κατέφαγε
2867 2756 3085 2828 πρῶτον
3100 2759 3161 2811 τὸ
3188 2758 3285 2812 τοῦ
3300 2758 3508 2823 δούλου,
3522 2758 3696 2813 ἒπειτα

2118 2849 2263 2904 κατὰ
2291 2850 2488 2921 μικρὸν
2522 2851 2617 2904 καὶ
2646 2850 2745 2920 τῆς
2774 2850 2943 2922 κόρης
2966 2866 2980 2881 ·
3009 2851 3104 2904 καὶ
3140 2852 3436 2920 ἐφίσταται
3463 2850 3539 2922 τῷ
3561 2851 3696 2922 τόπῳ

2116 2945 2145 2999 ό
2181 2943 2281 3011 τῆς
2316 2943 2600 3006 Σινωνίδος
2635 2942 2840 3013 πατὴρ,
2888 2943 2986 2996 καὶ
3017 2941 3142 3014 [156
3176 2941 3285 3015 Η.]
3317 2944 3409 2996 τὸν
3454 2943 3587 2997 κύνα
3629 2944 3695 3006 ὡς

2123 3035 2207 3105 εἴη
2256 3034 2539 3099 Ῥοδάνους
2571 3034 2727 3098 εἰδὼς
2754 3036 2850 3089 καὶ
2874 3035 2978 3107 τὴν
3008 3035 3178 3107 κόρην
3203 3036 3525 3108 ἡμίϐρωτον
3560 3034 3691 3102 ίδὼν,

2121 3130 2313 3198 σφάζει
2353 3130 2450 3199 μὲν
2475 3128 2551 3192 ὡς
2580 3129 2673 3182 ἐπὶ
2703 3128 2948 3182 Σινωνίδι
2974 3128 3066 3183 τὸν
3095 3128 3257 3193 κύνα,
3293 3131 3505 3202 ἀναρτᾷ
3530 3130 3585 3184 δὲ
3610 3132 3693 3184 καὶ

2118 3221 2313 3281 ἑαυτὸν
2343 3220 2547 3293 βρόχῳ,
2602 3219 2934 3291 καταχώσας
2968 3221 3032 3276 τὸ
3081 3222 3381 3277 ὑπόλοιπον
3413 3225 3512 3295 τῆς
3542 3223 3693 3295 κόρης

2117 3314 2279 3382 σῶμα
2312 3314 2408 3369 καὶ
2435 3313 2748 3383 ἐπιγράψας
2772 3314 2969 3385 αἵματι
2992 3314 3087 3368 τοῦ
3113 3315 3301 3378 κυνός.
3346 3314 3578 3372 Ἐνθάδε
3602 3332 3693 3370 κα·

2115 3408 2382 3465 τόκειται
2422 3408 2678 3474 Σινωνὶς
2718 3409 2759 3476 ἡ
2785 3408 2969 3478 καλή.
3002 3410 3413 3480 Παραγίνονται
3446 3409 3524 3482 τῷ
3558 3411 3692 3480 τόπῳ

2114 3499 2378 3570 Σόραιχος
2412 3499 2508 3553 καὶ
2545 3497 2824 3569 Ῥοδάνης,
2861 3500 2954 3553 καὶ
2980 3500 3073 3553 τόν
3099 3517 3159 3553 τε
3190 3501 3334 3554 κύνα
3361 3502 3691 3573 ἐσφαγμένον

2112 3591 2191 3663 τῷ
2209 3591 2367 3662 τάφῳ
2394 3591 2597 3655 ἰδόντες
2615 3590 2746 3664 [ἓ48
2762 3589 2858 3662 R.]
2881 3592 2973 3645 τόν
2993 3609 3051 3647 τε
3070 3593 3289 3665 πατέρα
3310 3596 3411 3667 τῆς
3429 3594 3691 3656 Σινωνίδος

2112 3683 2497 3755 ἀνηρτημένον
2520 3685 2578 3737 τό
2604 3701 2665 3736 τε
2690 3684 2787 3738 τοῦ
2809 3684 2982 3753 τάφου
3004 3685 3366 3758 ἐπίγραμμα,
3398 3690 3425 3742 ὁ
3450 3688 3548 3759 μὲν
3587 3685 3687 3741 'Po-

2111 3777 2276 3849 δάνης
2294 3775 2519 3849 πρώτην
2545 3776 2761 3849 πληγὴν
2780 3777 2961 3849 ἐαυτῷ
2982 3778 3305 3847 ἐπενεγκὼν
3320 3780 3684 3852 προσέγραφεε

2110 3870 2191 3944 τῷ
2228 3870 2343 3941 ἰδίῳ
2366 3870 2563 3939 αἵματι
2596 3872 2691 3925 ἐπὶ
2714 3870 2793 3941 τῷ
2833 3870 2935 3941 τῆς
2958 3872 3242 3938 Σινωνίδος
3287 3874 3683 3945 ἐπιγράμματι.

2114 3963 2227 4019 Καὶ
2270 3962 2556 4031 Ῥοδάνης
2586 3967 2619 4018 ὁ
2650 3965 2858 4030 καλόςο
2883 3962 2983 4015 ὁδὲ
3006 3965 3274 4035 Σόραιχος
3298 3965 3478 4037 βρόχῳ
3515 3966 3689 4019 ἑαυτὸν

2111 4056 2368 4127 ἐξῆπτεν.
2430 4047 2589 4122 Ἐνῷ
2637 4056 2695 4110 δὲ
2738 4057 2837 4110 καὶ
2886 4056 2986 4128 τὴν
3027 4058 3356 4113 τελευταίαν
3411 4057 3616 4130 πληγὴν
3662 4056 3687 4108 ὁ

2120 4146 2377 4216 Ῥοδάνης
2418 4147 2647 4215 ἐπάγειν
2690 4149 2920 4218 ἦρχετο,
2963 4149 3126 4220 ὴτοῦ
3158 4149 3417 4221 γεωργοῦ
3461 4150 3685 4219 θυγάτηρ

2108 4240 2383 4294 ἐπιστᾶσα
2415 4240 2559 4311 μέγα
2591 4240 2745 4293 ἐϐόα*
2774 4241 2892 4294 Οὐκ
2940 4241 3057 4295 ἐστι
3092 4243 3343 4308 Σινωνὶς,
3377 4238 3422 4298 ὦ
3460 4242 3677 4310 Ῥοδάνη,

2106 4333 2145 4404 ἡ
2192 4332 2448 4404 κειμένη.
2501 4331 2615 4387 Καὶ
2658 4331 2945 4403 δραμοῦσα
2994 4335 3186 4389 κόπτει
3258 4354 3321 4390 τε
3370 4338 3461 4391 τὸν
3512 4336 3676 4408 βρόχον

2106 4424 2373 4497 Σοραίχου
2426 4424 2616 4479 καὶτὸ
2655 4424 2810 4494 ξίφος
2851 4427 3171 4497 ἀφαιρεῖται
3236 4428 3550 4494 Ῥοδάνους,
3598 4426 3675 4480 καὶ

415 4487 554 4545 Hinc
598 4493 896 4562 narrando,
925 4510 1045 4564 qua:
1068 4494 1277 4552 infelici
1305 4496 1506 4568 puella:
1529 4499 1895 4565 accidissent,
1945 4508 2002 4554 et

2120 4487 2495 4588 πείθει-μόλις,
2536 4487 2920 4589 διηγησαμένη
2951 4487 3020 4572 τά
3047 4536 3107 4572 τε
3139 4519 3275 4591 περὶ
3320 4521 3422 4594 τὴν
3467 4487 3676 4587 δυστυχῆ

413 4581 481 4635 de
507 4597 643 4638 auro
663 4584 903 4652 defosso,
931 4588 999 4641 ad
1030 4590 1174 4656 quod
1195 4589 1309 4659 ipsa
1328 4591 1705 4660 recipiendum
1736 4596 1998 4657 venisset,

411 4677 503 4730 vix
538 4679 756 4732 tandem
786 4682 1094 4749 persuadet.
1136 4682 1361 4739 Sinonis
1389 4687 1620 4751 interea,
1649 4688 1881 4741 vinculis
1903 4702 2003 4743 ex-

413 4767 626 4837 pedita,
666 4770 886 4824 domum
914 4771 1050 4844 fugit
1088 4774 1362 4843 agricolaa,
1398 4774 1582 4833 furore
1613 4780 1912 4834 etiamnum
1946 4782 2000 4835 itt

410 4858 529 4928 ejus
563 4859 726 4914 filiam
755 4863 958 4933 agitata
987 4881 1003 4930 ;
1045 4880 1154 4934 qua
1185 4881 1291 4922 non
1332 4881 1547 4936 reperta
1577 4909 1590 4933 ,
1623 4882 1903 4941 parentem
1936 4875 2002 4929 de

408 4968 472 5007 ea
518 4966 926 5024 percunctatur.
967 4958 1062 5014 llle
1092 4961 1238 5015 viam
1276 4974 1547 5018 monstrat
1586 4966 1723 5036 (σῖ),
1757 4977 1812 5021 et
1850 4967 1997 5022 inse-

407 5046 592 5116 quitur
626 5048 741 5119 ipsa
786 5050 984 5106 stricto
1032 5054 1234 5119 gladio.
1280 5054 1351 5110 Ut
1394 5071 1525 5112 vero
1560 5059 1626 5111 ad
1672 5058 1995 5114 illtodanetn

409 5149 746 5207 prostratum
774 5146 1044 5211 pervenit,
1081 5146 1337 5217 illamque
1361 5146 1574 5220 [rustici
1603 5148 1789 5206 liliam‘
1820 5152 1995 5205 solam

406 5233 773 5302 assidentem,
803 5248 859 5291 et
891 5240 1133 5307 pectoris
1176 5241 1371 5297 vulnus
1398 5240 1837 5313 refrigerantem,
1866 5245 1994 5317 (So-

2101 4609 2272 4681 κόρην
2315 4610 2414 4666 καὶ
2447 4611 2580 4684 περὶ
2614 4611 2710 4664 τοῦ
2742 4613 2972 4681 χρυσίου
3016 4611 3113 4665 τοῦ
3141 4614 3639 4685 κατορωρυγμένου
3660 4647 3675 4670 ,

2101 4702 2199 4756 καὶ
2228 4703 2304 4766 ὡς
2333 4703 2427 4756 ἐπὶ
2468 4703 2549 4775 τῷ
2586 4702 2881 4757 ἀναλαὸεῖν
2908 4703 3069 4757 τοῦτο
3108 4705 3257 4776 ἥκοι.
3298 4705 3365 4759 Ἦ
3392 4706 3450 4759 δὲ
3480 4702 3682 4763 Σινωνὶς

2100 4792 2443 4848 ἀπολυθεῖσα
2486 4793 2594 4847 τῶν
2641 4793 2859 4865 δεσμῶν
2907 4794 3002 4847 ἐπὶ
3030 4797 3131 4865 τὴν
3174 4795 3358 4850 οἰκίαν
3394 4796 3571 4867 ἐφθη⁹
3596 4790 3680 4845 τοῦ

2099 4885 2375 4956 γεωργοῦ,
2402 4885 2483 4939 ἔτι
2509 4885 2651 4947 κατὰ
2679 4889 2779 4957 τῆς
2817 4885 2990 4958 κόρης
3024 4888 3448 4961 ὲπιμαινομένη.
3484 4888 3571 4956 Μὴ
3597 4888 3679 4938 εὑ-

2106 4978 2278 5050 ροῦσα
2310 4978 2365 5032 δὲ
2396 4979 2568 5050 αὐτὴν
2608 4977 2875 5051 ἐπηρώτα
2902 4979 2995 5031 τὸν
3032 4981 3281 5051 πατέρα’
3312 4985 3340 5035 ὁ
3365 4982 3420 5034 δὲ
3444 4982 3538 5053 τὴν
3573 4979 3680 5032 ὁδὸν

2104 5069 2332 5139 ἔφραζε,
2368 5074 2462 5124 καὶ
2499 5072 2640 5143 αὑτὴ
2674 5072 2900 5127 ἐδίωκεν
2933 5072 3130 5138 ὀπίσω,
3159 5072 3497 5144 γυμνώσασα
3531 5072 3588 5126 τὸ
3612 5070 3680 5135 ξί-

2104 5180 2225 5231 φος.
2261 5164 2351 5228 Ὠς
2380 5164 2438 5218 δὲ
2469 5166 2770 5221 κατέλαϐεν
2804 5166 3139 5237 ἐρριμμένον
3166 5168 3266 5237 μὲν
3283 5166 3375 5221 τὸν
3417 5165 3678 5232 Ῥοδάνην,

2102 5256 2320 5324 ἐκείνην
2358 5256 2417 5309 δὲ
2454 5258 2623 5329 μόνην
2671 5257 3147 5330 παρακαθημένην
3168 5260 3213 5292 ¹⁰
3247 5258 3343 5314 καὶ
3373 5260 3436 5313 τὸ
3471 5254 3680 5329 τραῦμα

1685 5382 1931 5440 VARIE
1968 5386 2382 5445 LECTIONES.

480 5468 502 5498 ⁸
530 5471 784 5549 εκὼλυσε
802 5491 861 5538 ς.
943 5474 963 5505 ⁸
988 5477 1014 5527 ό
1040 5474 1097 5529 δὲ
1130 5492 1241 5549 om.
1314 5480 1379 5531 Α.
1454 5479 1480 5549 7°
1512 5480 1667 5549 παρὰ
1695 5482 1738 5534 Α
1796 5500 1809 5536 :

1872 5488 2000 5554 περὶ
2065 5504 2125 5549 ς.

2208 5490 2469 5563 ipsum.
2534 5508 2592 5544 τε
2649 5495 2959 5562 συνεγίνετο
3000 5494 3065 5549 Α.
3182 5495 3203 5527 ⁸
3244 5490 3666 5563 προσέγραψες.

404 5541 424 5570 θ
457 5540 615 5609 ἔφθη.
650 5548 687 5596 Α
719 5563 730 5596 :
762 5545 930 5612 ἔφυγε
974 5563 1032 5609 ς.
1116 5548 1159 5579 ὀ
1212 5540 1686 5622 παρακαθημένην
1728 5554 1771 5605 Α
1808 5570 1821 5607 :
1856 5540 2365 5630 παραμύθουμένην

1958 5648 2174 5706 NOTAE

480 5725 587 5807 ibo)
633 5727 712 5807 Ob
740 5729 1034 5807 Berenicen
1066 5732 1235 5807 illam,
1261 5740 1620 5807 coimzegratia
1653 5751 1926 5795 cantatam
1961 5760 1988 5796 a

400 5795 743 5858 Callimacho
783 5810 947 5871 atque
980 5795 1230 5872 Catullo,
1253 5795 1477 5862 videtur?
1494 5810 1581 5866 hic
1617 5827 1811 5868 nomen
1849 5814 1979 5870 illud

2103 5756 2464 5815 assumptum.

2162 5817 2277 5888 (67)
2308 5818 2415 5876 Pro
2446 5817 2687 5889 ἔφρειξε,
2719 5835 2924 5890 repono
2955 5820 3183 5892 ἔφραζε.
