3926 6484
276 472 378 537 337

1366 464 1898 526 BIBLIOTHECA.
1937 486 2010 501 -’
2038 465 2205 528 COD.
2248 467 2448 529 XCIV.

3442 467 3548 531 338

274 581 366 635 τοῦ
402 574 635 642 στήθους
676 573 1112 646 παραψήχουσαν
1137 574 1179 605 ¹¹
1222 571 1272 643 (ὁ
1319 573 1583 645 Σάραιχος
1612 574 1725 646 γὰρ
1763 574 1858 628 ἐπὶ

1974 576 2178 631 raechus
2209 577 2355 632 enim
2399 575 2670 631 medicum
2715 564 3047 632 accersitum
3083 575 3245 649 ierat)
3276 576 3463 635 lurore
3489 591 3546 634 et

277 674 498 744 ζήτησιν
546 666 738 739 ἰατροῦ
786 666 932 737 ἐξῄει
956 667 1000 739 ),
1053 668 1224 738 ὀργῆς
1256 684 1316 721 τε
1376 667 1473 722 καὶ
1525 667 1857 737 ζηλοτυπίας

283 764 471 835 μᾶλλον
496 759 844 831 ἐμπίπλαται
878 760 976 814 καί⁹
1002 762 1151 832 ὁρμᾷ
1181 760 1323 814 κατὰ
1348 761 1445 831 τῆς
1477 761 1664 831 κόρης.
1715 763 1774 815 '0
1798 763 1856 815 δὲ

292 858 533 928 Ῥοδάνης
562 855 671 909 ὑπὸ
698 857 799 925 τῆς
826 853 947 924 βίας
976 854 1247 925 κρείττων
1273 851 1373 907 τοῦ
1402 854 1723 925 τραύματος
1765 873 1858 924 γε·

286 949 448 1020 γονὼς
492 949 707 1014 ὑπήντα
760 946 856 999 καὶ¹
902 944 1109 998 ἐκώλυε
1146 945 1247 1014 τὴν
1275 944 1570 1010 Σινωνίδα,
1611 944 1674 998 τδ
1705 944 1859 1012 ξίφος

295 1043 532 1113 ἁρπάσας
574 1040 662 1093 ἀπ’
694 1038 890 1106 αὐτῆς.
944 1038 1009 1090 Ἡ
1056 1038 1113 1091 δὲ
1163 1038 1254 1091 ὐπ’
1282 1038 1452 1109 ὀργῆς
1499 1037 1857 1108 ἐκπηδήσασα

303 1134 396 1188 τοῦ
440 1130 787 1201 καταγωγίου,
850 1131 944 1184 καὶ
994 1129 1182 1202 δρόμῳ
1235 1131 1496 1201 χρωμένη
1572 1130 1855 1200 μανιώδει,

312 1226 449 1279 τοῦτο
468 1224 581 1294 πρὸς
598 1222 852 1293 Ίόδάνην
873 1221 1101 1276 εἰποῦσα
1127 1222 1403 1295 ἀπέρριψε
1432 1223 1614 1293 μόνον’
1646 1241 1664 1275 ι
1692 1223 1857 1276 Κοιλῶ

318 1333 366 1368 σε
394 1316 603 1384 σήμερον
639 1315 718 1378 εἰς
746 1314 876 1377 τοὺς
910 1313 1134 1384 Γάρμου
1171 1314 1408 1383 γάμους.
1454 1334 1472 1365 ι
1506 1314 1768 1385 Σόραιχος
1797 1314 1857 1367 δὲ

309 1405 743 1474 παραγενόμενος,
796 1406 890 1457 καὶ
927 1403 1116 1473 μαθὼν
1152 1403 1389 1468 ἅπαντα,
1416 1406 1724 1475 παρηγορεῖ
1760 1404 1858 1474 μὲν

310 1499 560 1567 Ῥοδάνην,
602 1498 701 1552 καὶ
755 1496 1136 1568 ἰατρεύσαντες
1184 1496 1245 1550 τὸ
1283 1494 1510 1567 τραῦμα
1561 1496 1856 1552 ἀπολύουσι

292 1591 414 1661 μετὰ
447 1589 558 1643 τῶν
586 1591 891 1661 χρημάτων
920 1588 1016 1660 τὴν
1043 1588 1214 1660 κόρην
1250 1590 1388 1658 πρὸς
1411 1588 1506 1642 τὸν
1536 1589 1772 1661 πατέρα.

348 1684 574 1749 ’Δγεται
602 1681 744 1753 πρὸς
774 1680 997 1751 Γάρμον
1018 1679 1315 1750 Εὐφράτης
1339 1677 1416 1742 ὡς
1451 1678 1730 1749 Ῥοδάνης,
1761 1681 1859 1733 καὶ

281 1776 590 1839 ὠςΣινωνὶς
623 1771 1057 1842 Μεσοποταμίαο
1096 1770 1292 1840 ἄγεται
1323 1772 1420 1825 καὶ
1461 1771 1723 1843 Σόραιχος
1762 1771 1859 1825 καὶ

1962 667 2232 738 zelotypia
2278 667 2455 737 magis
2506 667 2730 722 incensa
2752 708 2767 731 ,
2815 667 2869 722 in
2899 668 3155 738 -puellam
3186 684 3309 726 cum
3338 671 3543 741 impetu

1957 763 2088 817 ruit.
2141 761 2212 815 At
2262 760 2595 826 Rhodanes,
2640 762 2889 817 collectis
2944 762 3008 817 ad
3051 778 3172 818 eam
3228 763 3545 820 violentiam

1958 854 2205 910 nonnihil
2241 871 2273 911 a
2304 855 2532 911 vulnere
2554 854 2796 920 viribus,
2828 856 3109 924 accurrit,
3142 858 3449 928 avertitque
3476 858 3546 913 ah

1957 947 2047 1002 illa
2084 946 2345 1002 Sinonida
2368 989 2384 1014 ,
2417 956 2476 1003 et
2500 947 2710 1002 ferrum
2748 948 2970 1017 eripuit.
3000 948 3094 1004 Illa
3129 949 3296 1019 igitur
3322 966 3431 1020 prae
3462 951 3544 1006 ira

1957 1038 2233 1094 domicilio
2254 1039 2537 1106 exsiliens,
2564 1049 2617 1095 et
2660 1038 2951 1096 furibunda
3001 1057 3362 1112 procurrens,
3396 1042 3545 1099 Rho-

1961 1133 2084 1187 (lani
2137 1141 2343 1187 tantum
2408 1133 2511 1188 hoc
2555 1132 2820 1204 objiciens
2866 1136 3007 1189 dixit
3052 1152 3067 1189 :
3124 1134 3345 1191 «Hodie
3384 1146 3435 1193 te
3476 1138 3543 1191 ad

1958 1224 2144 1281 Garmi
2195 1226 2411 1296 nuptias
2450 1227 2642 1281 invito.
2685 1245 2704 1278 ›
2758 1226 3053 1284 Soraechus
3097 1228 3219 1282 dein
3266 1245 3540 1293 reversus,

1958 1329 2013 1375 et
2051 1333 2109 1373 re
2141 1319 2289 1373 omni
2320 1318 2560 1385 cognita,
2591 1316 2912 1373 Rhodanem
2945 1318 3295 1387 consolatur;
3328 1329 3546 1374 curata-

1960 1412 2079 1478 quel
2105 1410 2289 1479 plaga,
2329 1424 2452 1464 cum
2498 1410 2731 1480 pecunia
2766 1410 2998 1479 puellam
3043 1411 3108 1464 ad
3159 1420 3437 1480 parentem
3471 1426 3547 1466 re-

1962 1503 2207 1556 mittunt.

2032 1688 2243 1744 Interea
2260 1685 2564 1756 Euphrates
2584 1686 2649 1742 ad
2671 1684 2931 1742 Garmum
2952 1688 3190 1751 ducitur,
3210 1687 3362 1757 quasi
3400 1687 3548 1743 Rho-

1961 1781 2133 1835 danes
2161 1786 2326 1842 esset,
2358 1786 2413 1832 et
2442 1793 2541 1845 pro
2586 1776 2847 1834 Sinonide
2882 1779 3290 1846 Mesmiotamia.
3327 1778 3551 1834 Ducitur

274 1869 299 1918 ὁ
327 1866 532 1937 ἀληθὴς
571 1865 851 1933 Ῥοδάνης.
896 1866 1006 1918 Καὶ
1044 1862 1296 1931 διαγνοὺς
1320 1864 1348 1916 ὁ
1371 1862 1590 1934 Γάρμος
1620 1864 1695 1934 μὴ
1716 1859 1857 1918 εἶναι

1974 1879 2019 1925 3t
2072 1870 2381 1935 Soraachus,
2428 1883 2701 1939 verusque
2740 1870 3049 1925 Rhodanes.
3095 1869 3297 1926 Verum
3332 1873 3551 1943 cognito

270 1933 533 2013 Σινωνίδα
578 1958 679 2029 τὴν
723 1956 1157 2027 Μεσοποταμίαν
1181 1995 1197 2019 .
1230 1955 1413 2010 δίδωσι
1444 1956 1663 2029 Ζοόάρᾳ
1686 1933 1854 2027 παρὰ

1974 1961 2191 2017 ἓπιιιυε
2236 1959 2680 2031 Mesopotamiam
2734 1976 2840 2015 non
2884 1976 3007 2017 esse
3035 1977 3218 2017 veram
3262 1961 3547 2025 Sinonida.

267 2054 512 2120 ποταμὸν
564 2051 860 2123 Εὐφράτην
903 2051 1291 2122 καρατομῆσαι
1318 2050 1382 2114 ¹²,
1416 2050 1504 2103 ἵνα
1544 2051 1651 2121 μὴ,
1684 2055 1851 2121 φησὶ,

264 2146 356 2197 καὶ
381 2146 561 2215 ἑτέρα
592 2161 677 2207 τις
706 2141 801 2195 τοῦ
831 2141 932 2212 τῆς
968 2141 1255 2205 Σινωνίδος
1289 2142 1626 2214 ὲπιϐατεύσῃ
1659 2142 1858 2213 ὀνόμα-

259 2254 364 2298 τος.
429 2236 488 2289 Ὀ
533 2234 592 2288 δὲ
626 2234 874 2305 Ζοῦάρας
924 2233 1033 2288 ἀπὸ
1064 2235 1247 2303 πηγῆς
1277 2234 1547 2303 ἐρωτικῆς
1593 2232 1735 2290 πιὼν
1765 2237 1860 2289 καὶ

259 2330 330 2399 τῷ
368 2326 816 2396 ὺιεσοποταμίας
852 2325 1018 2397 ἔρωτι
1071 2325 1283 2395 σχεθεὶς
1309 2325 1377 2390 ¹⁸,
1414 2324 1579 2390 σώζει
1628 2343 1689 2380 τε
1724 2328 1859 2381 ταύ-

256 2439 350 2492 την
373 2420 459 2488 “,
492 2418 751 2490 καὶπρὸς
791 2416 1091 2488 Βερενίκην
1123 2416 1439 2484 Αἰγυπτίων
1470 2418 1597 2489 ἤδη,
1629 2417 1726 2474 ἆτε
1761 2418 1858 2473 τοῦ

257 2514 480 2584 πατρὸς
520 2512 967 2582 τελευτήσαντος,
1015 2508 1429 2580 βασιλεύουσαν,
1462 2510 1521 2577 ἐξ
1556 2505 1625 2581 ἧς
1653 2507 1723 2582 ἦν
1765 2512 1861 2566 καὶ

255 2606 632 2677 ἀφελόμενος,
693 2604 850 2671 ἄγει·
912 2601 1012 2656 καὶ⁵
1076 2602 1288 2672 γάμους
1346 2602 1779 2673 Μεσοποταμίας
1824 2606 1858 2671 ή

258 2700 543 2771 Βερενίκη
569 2698 830 2761 ποιεῖται,
855 2695 951 2750 καὶ
972 2693 1208 2765 πόλεμος
1240 2694 1309 2748 δι’
1338 2695 1510 2767 αὐτὴν
1540 2697 1747 2768 Γάρμῳ
1768 2698 1865 2751 καὶ

257 2791 543 2863 Βερενίκῃ
569 2788 947 2843 διαπειλεῑται.
978 2787 1272 2858 Εὐφράτης
1317 2788 1375 2841 δὲ
1403 2789 1757 2860 παραδίδοται
1785 2791 1865 2863 τῷ

259 2900 369 2935 πατ
382 2882 452 2953 pi.
475 2882 553 2945 ὡς
579 2881 780 2952 δημίῳ,
812 2880 909 2935 καὶ
933 2877 1304 2948 ἀναγνωσθεὶς
1328 2877 1580 2945 σώζεται,
1610 2880 1703 2933 καὶ
1728 2880 1869 2952 πλη-

261 2977 343 3046 ροῖ
382 2974 497 3046 μὲν
526 2973 688 3037 αὐτὸς
738 2972 808 3025 τά
851 2972 945 3025 τοῦ
991 2971 1199 3041 πατρὸς
1226 2973 1399 3043 ἔργα,
1435 2974 1464 3026 ὁ
1504 2974 1560 3026 δὲ
1590 2974 1775 3045 πατὴρ
1806 2975 1868 3027 οὐ

260 3068 563 3139 μιαίνεται
604 3068 717 3130 τοῖς
749 3063 1052 3137 ἀνθρώπων
1091 3065 1356 3136 αῖμασιν·
1401 3065 1628 3139 ὕστερον
1657 3067 1745 3132 δὲ,
1795 3067 1872 3132 ὡς

260 3162 357 3215 τοῦ
403 3160 610 3231 δημίου
653 3160 819 3229 κόρη,
854 3158 1138 3230 ἐξέρχεται
1160 3158 1254 3213 τοῦ
1282 3160 1582 3230 οἰκήματος
1611 3162 1705 3215 καὶ
1749 3162 1872 3215 δια-

355 3252 387 3275 ν

1959 2054 2185 2110 Zobaraa
2212 2069 2330 2109 eam
2363 2053 2609 2117 tradidit,
2650 2055 2716 2108 ad
2754 2052 3081 2124 Euphratem
3119 2055 3341 2110 ﬂuvium
3370 2057 3550 2127 capite

1960 2148 2335 2209 truncandam,
2368 2161 2435 2199 ne
2458 2161 2585 2216 qua,
2629 2146 2825 2215 inquit,
2868 2147 2968 2200 alia
3016 2146 3295 2203 Sinonidis
3331 2165 3551 2212 nomen,

1958 2235 2075 2304 ejus
2092 2236 2360 2306 exemplo,
2377 2234 2516 2290 falso
2533 2246 2775 2305 usurpet.
2795 2235 3035 2291 Zobaras
3052 2246 3227 2293 tamen
3248 2238 3552 2310 Mesopota-

1960 2330 2084 2384 miae
2146 2328 2261 2399 (68)
2308 2342 2601 2399 possessus
2655 2344 2862 2395 amore,
2915 2332 3157 2385 servavit
3209 2346 3354 2397 eam,
3385 2341 3440 2385 et
3485 2332 3550 2386 ad

1959 2419 2258 2475 Berenicen
2314 2418 2558 2491 Egypti,
2599 2420 2709 2489 jam
2758 2430 2912 2489 patre
2960 2422 3251 2486 exstincto,
3307 2422 3551 2491 reginam

1961 2514 2103 2568 unde
2141 2513 2255 2582 ipse
2285 2512 2415 2567 olim
2462 2513 2732 2567 abductus
2769 2513 2967 2577 luerat,
3001 2515 3239 2581 adducit,
3277 2524 3332 2570 et
3380 2510 3555 2568 Meso-

1964 2606 2216 2678 potamiae
2246 2606 2463 2674 nuptias
2489 2605 2746 2660 Berenice
2774 2605 2928 2662 facit.
2962 2609 3077 2673 Qua
3103 2606 3268 2663 etiam
3297 2607 3365 2663 de
3390 2622 3552 2663 causa

1966 2700 2162 2755 bellum
2219 2700 2453 2754 invicem
2514 2697 2752 2754 Garmus
2824 2706 2881 2753 et
2957 2698 3219 2755 Berenice
3281 2700 3572 2755 minantur.

1970 2794 2273 2862 Euphrates
2326 2793 2456 2848 item
2498 2793 2709 2862 parenti
2744 2808 2863 2858 suo,
2913 2804 2974 2848 ut
3014 2794 3277 2858 carniﬁci,
3328 2794 3557 2849 traditus

1969 2897 2132 2957 atque
2169 2886 2405 2955 agnitus,
2442 2894 2694 2940 servatur
2727 2900 2741 2938 :
2783 2896 2837 2941 et
2888 2887 3131 2955 parentis
3164 2886 3340 2942 ollicio
3383 2882 3556 2955 lungi-

1974 2990 2084 3043 tur,
2121 2978 2194 3033 ita
2221 2993 2280 3033 se
2300 2979 2539 3033 humano
2560 2978 2706 3032 nullo
2732 2980 2998 3049 sanguine
3028 2990 3181 3049 pater
3201 2978 3553 3034 contaminat.

1976 3072 2106 3127 Post
2157 3082 2362 3135 tamen,
2395 3081 2453 3126 ut
2481 3072 2755 3127 carnilicis
2784 3071 2874 3128 ille
2914 3073 3020 3127 lilia
3044 3088 3074 3127 e
3105 3088 3327 3129 carcere
3374 3087 3560 3142 egres-

1976 3182 2093 3230 sus,
2149 3165 2288 3220 liher
2338 3165 2532 3219 evasit.
2581 3165 2740 3235 78a
2785 3165 2985 3219 Ibidem
3034 3174 3092 3220 et
3166 3166 3233 3221 de
3285 3164 3560 3220 carniﬁcis

264 3252 545 3316 σώζεται.
605 3251 694 3304 Ἐν
733 3243 777 3319 ᾧ
807 3251 903 3304 καὶ
946 3250 1074 3320 περὶ
1120 3250 1221 3319 τῆς
1273 3251 1750 3322 συγκαθευδούσης
1792 3252 1868 3322 τῷ

1975 3258 2301 3324 concubina,
2376 3257 2601 3325 ejusque
2667 3257 2871 3327 legibus
2919 3272 2984 3312 ac
3044 3256 3310 3322 moribus,
3380 3265 3437 3311 et
3498 3264 3561 3309 ut

260 3343 484 3416 δημίῳ,
514 3343 586 3397 τά
616 3358 675 3395 τε
722 3342 853 3408 περὶ
890 3341 1064 3413 αὐτὴν
1104 3340 1271 3411 ἕθιμά
1299 3359 1356 3394 τε
1390 3343 1483 3395 καὶ
1512 3342 1743 3413 νόμιμα,
1777 3346 1875 3397 καὶ

263 3439 410 3508 περὶ
460 3434 563 3503 τῆς
607 3433 704 3487 τοῦ
756 3432 1006 3504 γεωργοῦ
1057 3434 1357 3505 θυγατρὸς,
1409 3432 1536 3506 [157
1578 3434 1673 3507 Η.]
1725 3436 1875 3500 ὅπως

266 3533 635 3593 ἀνάσπαστος
659 3529 887 3597 γίνεται,
910 3528 1033 3580 ἐπεὶ
1060 3527 1286 3590 Σινωνὶς
1307 3524 1385 3596 τῷ
1433 3527 1635 3596 Συρίας
1667 3526 1877 3597 βασιλεῖ

269 3623 605 3695 γαμηθεῖσα
634 3623 795 3694 ἔσχεν
840 3619 996 3692 ἰσχὺν
1023 3619 1125 3693 τὴν
1153 3620 1326 3691 ὀργὴν
1351 3622 1439 3674 ἐπ’
1479 3620 1617 3691 αὐτῇ
1653 3620 1878 3691 πληρῶ-

278 3736 372 3772 σαι
396 3718 476 3749 ¹⁵ο
528 3716 626 3770 καὶ
663 3716 741 3778 ὡς
777 3714 958 3785 δημίῳ
990 3714 1196 3785 ταύτην
1229 3713 1621 3783 συγκαθεύδειν
1651 3714 1877 3768 καταδι-

281 3810 483 3871 nitar
516 3811 616 3864 καὶ
654 3810 739 3862 ὅτι
781 3805 1248 3877 συνεκαθεύδησεν
1297 3808 1355 3860 ὲν
1384 3805 1463 3878 τῷ
1515 3806 1625 3862 τῶν
1666 3807 1879 3877 δημίων

288 3902 634 3971 περιϐόλῳη
671 3900 991 3955 εἰσελθοῦσα
1050 3897 1127 3969 τῷ
1170 3899 1456 3970 Εὐφράτῃ,
1512 3898 1572 3962 ὃς
1618 3902 1713 3953 καὶ
1762 3900 1877 3953 ἀντ’

300 3992 463 4061 αὐτῆς
506 3994 591 4056 είς
638 3992 698 4044 τὸ
726 3991 946 4061 ἐκείνης
992 3989 1287 4062 πρόσωπον
1332 3988 1653 4061 ὑποκριθείς
1687 3988 1879 4061 ἐξῆλθε

301 4082 394 4136 τοῦ
426 4084 704 4154 περιϐόλου
723 4124 739 4148 ,
766 4083 862 4137 καὶ
884 4080 1070 4151 ἐκείνη
1104 4081 1224 4134 ἀντὶ
1252 4080 1347 4135 τοῦ
1382 4081 1669 4152 Εὐφράτου
1694 4083 1758 4137 τὸ
1785 4082 1879 4153 ἔρ-

294 4193 391 4244 γον
416 4176 659 4248 ἔπραττε
701 4175 797 4229 τοῦ
837 4174 1056 4246 δημίου.
1103 4174 1215 4226 Καὶ
1236 4173 1410 4227 ταῦτα
1453 4174 1552 4244 μὲν
1581 4168 1683 4228 ὧδε
1713 4174 1883 4246 προύο

288 4270 470 4330 δαινε,
504 4269 866 4337 παραδίδοται
908 4269 967 4323 δὲ
1000 4268 1096 4323 καὶ
1121 4267 1165 4298 ¹⁷
1212 4266 1474 4336 Σόραιχος
1504 4267 1599 4318 ἐπὶ
1641 4265 1721 4336 τῷ
1750 4266 1883 4319 ἁνα-

285 4360 709 4431 σταυρωθῆναιο
738 4362 766 4413 ὁ
795 4362 851 4415 δὲ
885 4361 1049 4425 τόπος
1078 4359 1306 4431 ὥριστο,
1333 4358 1463 4411 ἔνθα
1504 4357 1763 4428 Ῥοδάνης
1790 4358 1885 4411 καὶ

283 4456 521 4516 Σινωνὶς
547 4454 615 4506 τὰ
641 4455 834 4524 πρῶτα
860 4454 1172 4525 ηὐλίσαντο,
1205 4453 1261 4504 ὲν
1282 4448 1359 4521 τῷ
1387 4450 1612 4521 λειμῶνι
1637 4449 1767 4521 [249
1791 4448 1882 4521 Β.]

283 4547 386 4599 καὶ
415 4546 477 4598 ὲν
518 4547 585 4615 τῇ
616 4547 789 4615 πηγῇ,
817 4545 875 4597 ὲν
905 4539 983 4608 οἷς
1024 4543 1122 4596 καὶ
1147 4542 1226 4611 τῷ
1280 4540 1522 4594 Ῥοδάνει
1547 4540 1608 4593 τὸ
1636 4557 1884 4611 κεκρυμ-

1978 3349 2165 3404 rustici
2203 3348 2331 3411 lilia,
2363 3356 2715 3417 posteaquam
2748 3346 2992 3415 Sinonis,
3022 3348 3133 3417 regi
3160 3347 3331 3418 Syriae
3368 3354 3558 3414 nupta,

1977 3443 2074 3498 irae
2114 3439 2452 3495 vindicandae
2496 3447 2819 3509 potestatem
2875 3450 3036 3494 nacta
3078 3448 3183 3505 est,
3225 3438 3277 3493 vi
3338 3439 3561 3507 abrepta

1980 3530 2168 3593 fuerit,
2198 3539 2363 3599 atque
2400 3529 2656 3584 damnata
2687 3530 2754 3584 ad
2778 3528 3248 3585 concumbendum
3285 3545 3408 3586 cum
3442 3544 3565 3584 car-

1980 3623 2159 3678 nilice.
2212 3622 2438 3691 Septum
2498 3620 2685 3691 itaque
2742 3622 3061 3676 carniticum
3107 3621 3392 3685 introiens,
3438 3636 3561 3676 cum

1982 3715 2254 3784 Euphrate
2276 3729 2567 3783 congressa
2590 3722 2677 3769 est
2708 3730 2722 3767 :
2753 3714 2846 3784 qui
2877 3713 2994 3782 ejus
3016 3727 3308 3783 personam
3350 3714 3562 3784 ﬁngens

1981 3822 2078 3877 pro
2128 3806 2240 3875 ipsa
2277 3820 2307 3859 e
2336 3817 2490 3873 septo
2511 3804 2815 3877 egreditur,
2850 3814 2905 3860 et
2941 3804 3029 3859 illa
3060 3805 3299 3859 vicissrm
3333 3820 3430 3869 pro
3454 3804 3564 3859 Eu-

1981 3898 2176 3968 phrate
2225 3898 2433 3952 lictoris
2464 3911 2688 3952 munere
2738 3896 2921 3952 functa
2950 3904 3055 3952 est.
3096 3896 3162 3950 Et
3183 3897 3300 3951 haste
3344 3894 3564 3965 quidem

1983 3993 2057 4045 ita
2090 4000 2261 4061 gesta.
2309 3990 2594 4045 Sorzrchns
2634 4001 2814 4045 autem
2834 3989 2981 4044 cruci
3024 3987 3317 4057 alligendus
3345 3985 3567 4039 damna—

1985 4092 2093 4149 tur,
2138 4082 2392 4149 locusque
2432 4082 2690 4135 delinitur
2746 4081 2838 4136 ubi
2898 4080 3193 4136 Rhodanes
3250 4086 3306 4133 et
3348 4076 3568 4133 Sinonis

1986 4172 2245 4242 hospitali
2312 4172 2546 4241 primum
2601 4171 2865 4239 fuerant,
2920 4172 2973 4225 in
3014 4178 3169 4240 prato
3209 4168 3349 4238 illo,
3406 4179 3570 4238 atque

1985 4268 2052 4320 ad
2107 4266 2311 4320 fontem
2350 4304 2366 4331 ,
2432 4264 2632 4335 quibus
2680 4265 2849 4319 etiam
2910 4264 2964 4319 in
3018 4264 3156 4320 locis
3209 4272 3370 4318 antea
3423 4260 3569 4315 Rho-

1986 4356 2156 4412 danes
2197 4358 2313 4411 auri
2362 4357 2681 4411 thesaurum
2728 4355 3185 4423 deprehenderat,
3231 4367 3393 4423 quem
3422 4365 3568 4406 nunc

1985 4463 2201 4519 quoque
2247 4446 2538 4515 Soraecho,
2588 4447 2656 4502 ad
2699 4448 3002 4516 patibulum
3041 4446 3234 4510 ducto,
3288 4443 3569 4499 indicavit.

1988 4542 2283 4597 Alanorum
2327 4550 2442 4596 tum
2485 4539 2625 4595 forte
2663 4540 2961 4604 exercitus,
2990 4537 3247 4594 mercede
3296 4552 3329 4592 a
3371 4535 3575 4591 Garmo

290 4635 462 4705 μένον
489 4636 819 4706 ἐπεφώρατο
856 4634 1103 4707 χρυσίον,
1134 4632 1162 4686 ὃ
1192 4634 1285 4685 καὶ
1312 4632 1646 4703 ἁπαγομὲνῳ
1676 4632 1767 4685 ἐπὶ
1794 4632 1868 4684 rei

1992 4632 2296 4696 fraudatus,
2338 4640 2390 4685 et
2422 4628 2695 4685 hostiliter
2722 4629 2777 4684 in
2809 4645 2934 4686 eum
2968 4628 3263 4696 animatus,
3288 4629 3479 4685 eodem
3516 4626 3579 4680 in

290 4727 551 4796 σταυρὸν,
595 4727 842 4798 Σοραίχῳ
898 4725 1116 4797 μηνύει.
1184 4724 1297 4777 Καὶ
1362 4724 1599 4777 Ἀλανῶν
1658 4724 1888 4794 στρατὸς

290 4818 606 4887 άπὸμισθος
651 4818 859 4890 Γάρμῳ
894 4815 1133 4886 γεγονὼς
1163 4815 1259 4869 καὶ
1286 4814 1727 4885 ἀπεχθανόμενοι
1760 4815 1892 4884 περὶ

294 4911 388 4961 τὸν
422 4908 623 4979 χῶρον,
652 4910 710 4963 ὲν
744 4903 789 4977 ᾧ
836 4908 1098 4981 Σόραιχος
1125 4906 1351 4976 ἔμελλεν
1390 4904 1888 4977 ἁνασταυροῦσθαι,

293 4998 703 5069 διατρίϐουσιν·
765 4997 816 5053 οἳ
860 5001 958 5054 καὶ
1008 4998 1379 5062 ἀπελάσαντες
1436 4998 1564 5060 τοὺς
1624 4998 1886 5068 Σόραιχον

296 5092 537 5159 ἄγοντας
580 5090 797 5145 ἔλυσαν.
840 5090 903 5146 Ὀ
931 5091 989 5145 δὲ
1035 5091 1098 5144 τὸ
1135 5090 1372 5160 μηνυθὲν
1412 5090 1633 5160 χρυσίον
1685 5089 1886 5161 εὑρὼν,

300 5184 395 5237 καὶ
419 5183 590 5257 τέχνῃ
620 5184 730 5236 τινὶ
760 5182 856 5236 καὶ
903 5181 1068 5253 σοφίᾳ
1097 5182 1164 5235 ἐκ
1205 5181 1299 5233 τοῦ
1332 5180 1644 5251 ὀρύγματος
1676 5179 1888 5250 ἁνιμὼ-

301 5293 490 5346 μενος,
531 5276 657 5340 τοὺς
682 5276 724 5307 ¹⁸
762 5275 1017 5340 Ἀλανοὺς
1048 5274 1265 5328 ἔπειθεν
1298 5274 1373 5336 ὡς
1403 5273 1508 5327 ὐπὸ
1538 5273 1678 5326 θεῶν
1716 5272 1895 5326 ταῦτά

1987 4724 2137 4790 loco,
2171 4724 2262 4777 ubi
2300 4724 2452 4777 cruci
2481 4721 2783 4790 afﬁgendus
2821 4729 2942 4776 erat
2979 4720 3309 4785 Sortechus,
3380 4733 3572 4775 conse-

1989 4817 2167 4871 derat.
2190 4813 2292 4870 Hic
2307 4813 2648 4879 Sortechum,
2679 4813 2854 4882 pulsis
2891 4812 2958 4867 iis
2987 4814 3078 4882 qui
3102 4828 3225 4867 eum
3250 4813 3316 4867 ad
3344 4820 3575 4867 mortem

1993 4905 2301 4968 ducebant,
2345 4903 2615 4958 liberavit.
2654 4901 2745 4957 Ille
2787 4918 2944 4967 vero,
2972 4910 3193 4972 reperto
3234 4900 3377 4972 quod
3430 4913 3579 4953 mon-

1994 5007 2227 5053 stratum
2264 5006 2383 5051 erat
2406 5037 2423 5059 ,
2460 5010 2593 5050 auro
2616 5036 2632 5063 ,
2674 5004 2835 5064 atque
2879 5006 2997 5050 arte
3033 4994 3265 5065 quadam
3306 5000 3364 5048 et
3390 5001 3513 5046 astu
3548 5004 3580 5045 θ

1993 5089 2137 5144 fossa
2169 5088 2423 5154 deducto,
2455 5088 2643 5142 Alanis
2664 5088 2959 5156 persuasit,
2994 5102 3055 5142 se
3084 5103 3114 5141 a
3147 5087 3251 5141 diis
3278 5086 3397 5141 haec
3413 5091 3579 5153 atque

1994 5181 2103 5237 alia
2133 5182 2386 5237 edoctum
2427 5181 2591 5236 scire.
2628 5179 2900 5234 Paulatim
2932 5190 3113 5234 autem
3139 5193 3234 5233 eos
3269 5174 3580 5232 deliniendo

1992 5276 2067 5329 ita
2106 5272 2433 5339 assuefecit,
2480 5283 2539 5328 ut
2582 5273 2734 5327 illum
2764 5289 2866 5343 pro
2910 5288 3038 5345 rege
3066 5287 3165 5329 suo
3193 5276 3579 5342 agnoscerent.

1604 5408 1835 5464 νΑΙῖΙίΕ
1874 5405 2280 5463 LECTIONES.

376 5548 419 5579 “
465 5546 895 5624 παραψύχουσαν
918 5545 983 5600 Α.
1065 5545 1106 5578 “
1134 5542 1359 5615 καρατ.]
1389 5559 1587 5612 καρατ.
1615 5542 1782 5624 αὐτηὴν
1800 5560 1862 5606 ς.
1941 5540 1984 5572 ⁸³
2016 5538 2418 5624 σχεθεὶξηέρωιτι
2441 5556 2509 5624 ςζ
2562 5538 2628 5624 ,η’
2650 5538 2824 5624 αὐτὴν
2859 5554 2950 5624 ς..
3002 5538 3166 5624 “’nért'
3195 5538 3318 5624 αὐτῇ

1169 5606 1319 5678 “ei;
1342 5606 1435 5667 τὸν
1466 5606 1533 5654 ῖ-
1567 5606 1855 5685 περίϐολον
1888 5630 1950 5677 ς.
2004 5606 2083 5667 cf.
2114 5630 2167 5682 p.
2199 5606 2295 5675 79,
2323 5612 2389 5666 59
2419 5628 2433 5665 :
2465 5606 2863 5681 εἰσέρχεταιὲνν
2888 5608 2956 5678 τῇ
2988 5606 3163 5661 πόλει.
3248 5608 3287 5639 ³⁷
3308 5606 3430 5661 "ml
3451 5606 3581 5662 add.

308 5634 401 5671 σαι
430 5620 471 5670 Λ
506 5634 521 5670 :
557 5618 972 5688 ἀντιπληρὼσαι
1012 5634 1072 5680 ς.

308 5694 374 5744 Α.
455 5687 498 5719 ⁸⁸
526 5689 652 5752 τοὺς
702 5689 748 5742 Α
773 5687 789 5743 ε
814 5690 909 5742 καὶ
947 5689 1072 5751 τοὺς
1097 5703 1155 5750 ς.

3518 5534 3544 5547 ο

2583 5538 2628 5570 ¹⁸
2650 5538 2824 5608 αὐτὴν
2859 5554 2921 5602 ς.
3002 5539 3052 5608 ³⁵-
3078 5537 3166 5589 ἐπ’
3195 5536 3335 5608 αὐτῇ
3362 5534 3554 5608 πληρῶ

1864 5802 2094 5861 NOTAE.

381 5922 499 5993 (68)
531 5919 663 5979 lliuc
691 5886 917 5979 Suidant‘
944 5922 1210 5989 corrigas,
1242 5919 1381 5990 apud
1404 5934 1561 5989 quem
1602 5919 1919 5991 Μεσάτις-ης,
1960 5928 2111 5985 nato,
2142 5927 2199 5974 ut.
2233 5916 2394 5985 solet,
2423 5930 2490 5973 ex
2518 5912 2839 5984 corupeudto
2868 5926 3079 5969 errore.
