4062 6452
313 386 419 454 341
1337 388 1941 449 BIBLIOTllECA.-
1969 386 2186 447 CODD.
2222 386 2389 461 XCV,
2421 386 2617 448 XCVI.
3509 383 3615 449 342

1043 504 1176 574 Lg”.
1954 516 2001 571 Α
2722 498 2906 557 XCVI.

318 602 629 673 Γεωρτίου
647 600 1479 675 ἐπισκόῆου--Ἂλεξιινδρείας
1509 600 1615 667 Είς
1638 598 1749 654 τὸν
1777 597 1922 663 ,βίον

2028 592 2285 666 Georgius
2330 596 2495 665 episc.
2545 593 2961 675 Alexandrinus,
2996 592 3074 649 De
3122 593 3231 647 vita
3279 592 3345 645 Β.
3384 588 3619 663 Chryso-

822 670 930 724 τοῦ
971 672 1428 741 Χρυσοστόμου.

1316 688 1428 725 ιου.
2741 670 2920 721 atomi.

398 766 533 838 [S52
555 762 645 836 B.]
674 762 1027 834 ’Δνεγνώσθη
1052 762 1274 835 βιϐλίον,
1302 763 1381 818 Τὰ
1401 763 1537 832 περὶ
1563 762 1671 817 τὸν
1691 762 1925 832 Χρυσόο

2098 762 2300 817 Lectus
2353 761 2490 816 liber
2532 761 2753 830 Georgii
2796 762 2970 831 episc.
3004 756 3347 812 Alexandria
3384 756 3490 812 hac
3528 756 3615 811 in-

330 874 566 928 στομω·
584 853 925 925 ἐπιγραφὴν
943 853 1090 925 ἕχον,
1109 854 1387 926 Γεωργίου
1410 854 1715 909 ἐπισκόπου
1751 854 1928 921 Ἀλεξ-

2029 857 2329 926 scriptione
2362 873 2377 911 :
2428 854 2534 933 Res
2566 853 2635 909 B.
2673 852 3036 926 Chrysostomi
3068 851 3202 924 (73).
3227 848 3332 917 Qui
3364 864 3495 905 vero
3525 848 3619 904 hic

339 949 621 1019 ανδρείας·
668 948 824 1010 ὅστις
860 945 909 1000 δ’
938 945 1091 999 ἐστὶν
1123 940 1302 1011 οὗτος,
1362 948 1465 1001 οὐκ
1513 947 1623 1019 ἐχω
1661 948 1831 1018 σαφές
1871 965 1927 1003 τι

2029 948 2294 1019 Georgius
2340 948 2411 1004 sit
2434 947 2571 1019 (74),
2608 962 2715 1003 non
2747 948 2922 1001 habeo
2947 955 3096 1001 certo
3123 944 3411 999 aﬂirmare.
3440 941 3619 997 Dictio

350 1040 717 1112 παραστῆσαι.
742 1038 902 1091 Ἐστι
933 1038 1119 1110 μέντοι
1138 1038 1235 1110 τὴν
1268 1039 1470 1110 φράσιν
1496 1039 1701 1103 ἁπλοῦς
1722 1040 1819 1094 καὶ
1846 1042 1928 1104 είς

2030 1048 2181 1097 certo
2225 1040 2457 1111 simplex
2490 1040 2543 1094 in
2586 1039 2846 1095 humilem
2877 1037 3169 1093 admodum
3218 1034 3420 1107 stylem
3463 1032 3618 1089 dela-

362 1134 569 1206 πολλὴν
595 1133 903 1203 χυδαιότητα
952 1133 1445 1204 κατενηνεγμένος,
1484 1132 1643 1204 μηδὲ,
1670 1134 1831 1187 τοῦτο
1861 1134 1926 1206 δὴ

2030 1134 2229 1189 bitur:
2285 1147 2465 1203 neque
2495 1132 2714 1200 saltem,
2765 1132 2910 1203 quod
2968 1131 3053 1185 vel
3100 1128 3504 1186 litteratoribns
3559 1127 3616 1183 in

371 1228 432 1280 τὺ
478 1227 609 1297 παρὰ
640 1228 745 1288 τοῖς
786 1228 1205 1297 γραμματικοῖς
1248 1225 1391 1279 κατὰ
1426 1228 1652 1298 χεῖρας,
1687 1228 1788 1298 τὴν
1819 1227 1928 1282 τῶν

2031 1234 2307 1297 promptu,
2356 1224 2636 1289 nominum
2691 1226 3094 1294 verborumque
3146 1231 3460 1279 accuratam
3518 1218 3617 1275 ad-

372 1322 624 1388 ὀνομάτων
644 1320 738 1371 καὶ
763 1320 1027 1390 ῥημάτων
1054 1317 1307 1383 σύνταξιν
1333 1319 1739 1390 ἠκριϐωμένος.
1762 1320 1928 1388 Λέγει

2032 1320 2183 1376 hibet
2228 1318 2719 1373 constructionem.
2772 1316 2965 1373 Refert
3015 1326 3200 1372 autem
3250 1331 3319 1371 ex
3372 1314 3618 1371 Palladio

364 1414 416 1464 δὲ
443 1414 501 1464 ἐκ
524 1427 577 1463 τε
604 1411 907 1466 Παλλαδίου
943 1412 962 1483 (
984 1412 1283 1477 ἐπίσκοπος
1315 1413 1373 1465 δέ
1402 1415 1431 1465 ὁ
1464 1412 1761 1477 Παλλάδιος
1779 1452 1795 1476 ,
1833 1413 1929 1467 καὶ

2029 1412 2283 1481 episeopo
2302 1409 2440 1481 (75),
2464 1410 2555 1479 qui
2580 1408 2777 1481 dialogi
2816 1408 2990 1463 forma
3021 1408 3249 1479 pulchre
3278 1423 3344 1464 ac
3373 1406 3618 1465 studiose

357 1501 629 1572 διαλογικῷ
673 1502 834 1573 τύπῳ
877 1502 1058 1567 καλῶς
1108 1520 1167 1557 τε
1199 1505 1297 1556 καὶ
1346 1502 1803 1574 ἐσπουδασμένως
1858 1502 1928 1558 τὰ

2029 1502 2407 1574 Chrysostomi
2427 1516 2518 1557 res
2533 1501 3124 1572 conscripsit,itemque
3138 1516 3205 1557 ex
3230 1500 3457 1556 Socrate
3474 1496 3613 1571 (76),

353 1596 467 1664 περὶ
491 1594 581 1647 τὸν
619 1595 1010 1665 Χρυσόστομον
1039 1594 1420 1666 ἀνεγράψατο)
1438 1634 1454 1658 ,
1483 1596 1547 1647 ἔκ
1584 1612 1645 1647 τε
1677 1590 1770 1649 οὖν
1798 1595 1929 1649 τού-

1757 1614 1770 1647 :
1798 1595 1929 1649 τού·
2030 1597 2259 1668 aliisque
2280 1595 2573 1665 nonnullis,
2596 1594 2874 1652 historiam
2910 1612 2941 1651 a
2969 1610 3030 1652 se
3054 1596 3361 1651 collectam.

345 1704 428 1738 του
474 1688 612 1755 φησὶ
656 1689 755 1741 καὶ
797 1688 1124 1759 Σωκράτους
1159 1689 1256 1742 καὶ
1307 1689 1583 1760 διαφόρων
1614 1688 1790 1742 ἄλλων
1826 1690 1926 1760 τὴν

339 1780 578 1849 ίστορίαν
603 1781 1010 1851 ἁναλεξάμενον
1033 1784 1079 1814 ³³
1113 1784 1192 1845 είς
1223 1781 1281 1834 ἒν
1310 1781 1793 1854 συναθροίσασθαι.

396 1873 569 1941 th,er
616 1870 713 1928 οὖν
761 1876 855 1928 τὸν
908 1876 1083 1947 μέγαν
1145 1876 1400 1945 Ἰωάννην
1452 1876 1619 1929 παῖδα
1668 1875 1925 1945 γενέσθαι
1957 1871 2000 1929 Β

2098 1870 2329 1940 Magnus
2385 1870 2553 1941 igitur
2605 1867 2842 1924 Joannes
2887 1868 3055 1939 (77),
3116 1867 3417 1934 nobilibus,
3470 1866 3615 1938 apud

327 1964 634 2019 Σεκούνδου
664 1967 762 2020 καὶ
801 1967 1118 2037 Ἀνθούοης·
1151 1970 1437 2038 ἐπιφανεῖς
1461 1967 1519 2021 δέ
1546 1960 1695 2022 οὗτοι
1721 1968 1834 2022 τῶν
1864 1970 1922 2022 ἐν

2022 1967 2388 2031 Antiochiam,
2412 1965 2752 2036 parentibus,
2770 1962 3024 2018 Secundo
3054 1973 3217 2033 atque
3244 1962 3489 2016 Anthusa
3520 1975 3616 2015 na-

333 2058 676 2131 Ἂντιοχείᾳ.
703 2059 976 2131 Ἕλληνας
999 2060 1056 2113 δέ
1081 2060 1280 2125 αὐτοὺς
1306 2059 1406 2130 τὴν
1440 2059 1741 2131 θρησκείαν
1763 2060 1924 2125 ὄντας

2025 2066 2113 2112 tus
2160 2066 2267 2114 est.
2309 2054 2562 2111 Meletius
2600 2069 2734 2110 vero
2784 2054 3096 2120 Armenus,
3133 2054 3223 2121 qui
3260 2051 3614 2108 Antiochena

312 2151 343 2201 ὁ
386 2148 450 2216 ἐξ
503 2150 804 2221 ’Δρμενίας
848 2151 1143 2217 Μελέτιος,
1183 2154 1250 2222 τῇ
1312 2151 1632 2220 Ἀντιοχέων
1685 2152 1916 2220 ἐγκατα-

2026 2157 2155 2203 tunc
2197 2147 2455 2203 Ecclesia
2485 2154 2739 2215 praerat,
2786 2142 2993 2199 salubri
3027 2144 3129 2199 bos
3154 2144 3403 2199 doctrina
3436 2142 3455 2203 ί
3483 2158 3613 2199 cum

313 2242 446 2303 στάς
470 2241 527 2272 ⁸⁸
574 2241 895 2313 Ἐκκλησία,
932 2240 1142 2312 ἐμύησε
1175 2258 1235 2294 τε
1276 2239 1373 2293 καὶ
1411 2238 1508 2292 τοῦ
1541 2238 1917 2311 σωτηριώδους

2024 2241 2267 2311 gentium
2308 2248 2467 2295 antea
2501 2239 2709 2293 cultum
2734 2236 3125 2307 sectarentur)
3174 2235 3513 2304 informavit,
3560 2242 3617 2291 et

312 2335 633 2403 μετασχεῖν
663 2333 1041 2403 βαπτίσματος
1086 2332 1417 2403 κατηξίωσε,
1453 2332 1545 2385 τὸν
1573 2331 1689 2385 υίδν
1719 2332 1916 2402 πρότε-

2024 2330 2308 2387 salutifero
2338 2329 2482 2400 79a
2512 2328 2854 2400 baptismatis
2890 2328 3110 2384 lavacro
3153 2336 3308 2395 aptos
3340 2326 3613 2393 reddidit;

311 2441 401 2492 ρον
429 2425 894 2497 μυσταγωγήσας
921 2425 1014 2478 καὶ
1038 2424 1442 2495 βαπτισάμενος
1459 2426 1524 2477 ³⁸.
1558 2423 1915 2495 Παραδίδοται

2023 2438 2210 2479 eorum
2260 2431 2442 2476 tamen
2472 2420 2583 2474 ﬁlio
2626 2419 2778 2489 prius
2814 2419 3064 2475 instituto
3116 2429 3283 2488 atque
3306 2418 3608 2488 baptizata.

305 2517 513 2569 τοίνυν
540 2520 569 2571 ὁ
606 2518 779 2588 μέγας
820 2518 1075 2590 Ἰωάννης
1110 2520 1303 2591 φοιτᾷν
1343 2521 1423 2583 είς
1448 2516 1796 2572 διδασκάλου.
1828 2518 1909 2580 Εἰς

2022 2514 2265 2571 Joannes
2305 2514 2492 2583 itaque
2521 2512 2706 2567 ludum
2742 2512 3093 2582 frequentare
3139 2511 3468 2567 litterarium
3496 2513 3616 2582 jus-

306 2611 503 2678 ἄκρον
529 2610 587 2663 δὲ
628 2611 1133 2683 ταπεινοφροσύνην
1154 2612 1197 2642 "
1228 2613 1295 2665 ἐκ
1350 2610 1543 2673 παιδὸς
1589 2611 1782 2680 ἤσκειο
1841 2609 1910 2662 διί

2022 2623 2135 2663 sus.
2171 2607 2290 2663 Jam
2318 2608 2443 2663 inde
2475 2622 2506 2661 a
2536 2622 2706 2677 puero
2728 2620 3001 2662 summam
3030 2605 3381 2670 modestiam,
3416 2606 3614 2662 animi.

306 2700 431 2753 οὐδὲ
476 2702 701 2768 παῖδας,
733 2697 822 2757 οἷα
844 2704 992 2766 είκὺς
1019 2704 1147 2766 τοὺς
1176 2702 1393 2774 πλούτῳ
1424 2704 1520 2757 καὶ
1551 2701 1677 2772 δόξῃ
1726 2705 1910 2775 περιρ-

2022 2716 2130 2771 que
2167 2701 2556 2756 demissionem
2605 2700 2952 2770 praeferebat.
2982 2701 3347 2770 Quamobrem
3370 2738 3387 2763 ,
3437 2713 3615 2769 neque

306 2794 653 2863 ῥεομένους,
684 2795 1106 2865 μαλακίζεσθαι,
1130 2797 1190 2850 οὐ
1225 2796 1327 2866 μὲν
1356 2792 1451 2849 οὖν
1482 2796 1604 2849 οὔτε
1628 2799 1670 2829 ³³
1697 2799 1910 2860 τούτους

2026 2808 2245 2864 pueros,
2278 2802 2339 2847 ut
2387 2793 2548 2860 solet,
2583 2794 2791 2850 divitiis
2814 2803 2871 2849 et
2898 2794 3071 2865 gloria
3091 2793 3405 2857 aﬂluentes,
3442 2791 3615 2847 emol-

302 2887 477 2959 αὐτῷ
512 2888 888 2960 παρέπεσθαι,
943 2890 1060 2944 ἀλλ’
1105 2891 1226 2943 οὐδὲ
1269 2890 1605 2955 ίππάζεσθαι
1653 2890 1906 2963 ἠνείχετο

2026 2888 2134 2951 liri,
2197 2902 2374 2957 neque
2411 2887 2512 2941 hos
2557 2903 2617 2942 se
2660 2889 2969 2942 consectari
3021 2886 3259 2950 sinebat,
3310 2886 3407 2941 sed
3442 2899 3617 2955 neque

305 2974 462 3033 Εἶτα.
495 2981 554 3032 ἐν
596 2981 896 3052 Ἀντιοχείᾳ¹
920 2982 990 3035 τὰ
1012 2982 1113 3052 μὲν
1143 2983 1509 3054 γραμματικά
1532 2983 1624 3037 καὶ
1653 2980 1909 3055 ῥητορικὰ

2024 2996 2163 3051 equo
2203 2982 2329 3036 vehi
2368 2981 2693 3037 sustinebat.
2744 2979 2950 3035 Deinde
2994 2980 3298 3036 Antiochia
3326 2978 3382 3034 in
3431 2993 3616 3050 gram-

302 3071 481 3140 παρὰ
516 3072 771 3125 Λιϐάνιον
806 3073 1008 3141 φοιτῶν
1048 3074 1386 3140 ἐπαιδεύετο,
1417 3075 1570 3145 παρὰ
1627 3074 1906 3145 Ἀνδραγά-

2025 3073 2240 3128 maticis
2270 3073 2492 3143 quidem
2523 3080 2579 3128 et
2610 3073 2902 3129 rhetoricis
2952 3072 3202 3139 Libanio,
3238 3072 3616 3144 Andragathio

304 3164 433 3217 θεον
472 3164 535 3217 δὲ
578 3166 645 3218 τά
674 3167 961 3237 φιλόσοφα.
995 3166 1437 3239 Τελευτήσαντος
1483 3169 1541 3221 δέ
1586 3167 1679 3223 τοῦ
1716 3167 1908 3240 πατρὸς

2028 3179 2160 3219 vero
2208 3164 2261 3218 in
2314 3164 2708 3235 philosophicis
2757 3180 2983 3236 Operam
3015 3165 3186 3221 dedit.
3226 3165 3442 3221 Mortuo
3482 3180 3618 3221 vero

301 3256 409 3310 τοῦ
442 3222 778 3333 πένθους-ἧν
821 3222 887 3332 τῇ
924 3262 1095 3333 μητρ)⁵
1135 3222 1508 3334 παραμύθιον,
1539 3263 1762 3317 πάντων

2028 3267 2274 3328 parente,
2314 3222 2483 3312 inatri
2526 3222 2579 3313 in
2625 3222 3077 3313 luctu.solatium
3112 3258 3369 3328 alloquiis
3407 3258 3615 3323 attulit,

306 3352 597 3419 εχόμενος
616 3352 885 3421 παιγνίων
903 3371 963 3406 τε
995 3355 1089 3408 καὶ
1107 3354 1333 3425 ἡδονῶν,
1358 3356 1542 3426 μόνοις
1565 3355 1623 3409 δὲ
1644 3372 1910 3423 προσανα-

2026 3359 2082 3405 et
2105 3367 2136 3404 a
2163 3350 2391 3405 ludicris
2412 3351 2671 3406 omnibus
2705 3352 3012 3418 abstinens,
3049 3366 3116 3407 ac
3155 3352 3434 3421 voluptate
3461 3366 3618 3422 pror-

309 3443 587 3513 κείμενος
619 3446 733 3508 τοῖς
766 3444 1113 3516 μαθήμασιν.

2025 3459 2121 3500 sus
2173 3444 2276 3498 sibi
2312 3443 2671 3509 interdicens,
2704 3445 3120 3516 disciplinarum
3175 3445 3447 3502 duntaxat
3495 3452 3618 3503 stlte

2026 3537 2116 3592 dio
2143 3538 2386 3591 animum
2418 3535 2767 3606 adiungebat.

400 3618 668 3690 ’Δπαίρει
717 3620 850 3690 γοῦν
900 3622 1040 3694 πρὸς
1087 3623 1188 3687 τάς
1230 3625 1461 3697 Ἀθήνας
1488 3667 1503 3691 ,
1552 3628 1620 3682 τά
1665 3627 1923 3681 λείποντα

2096 3630 2280 3698 Quare
2349 3632 2595 3687 Athenas
2655 3632 2723 3687 ad
2780 3632 3087 3688 uberiorem
3146 3632 3348 3703 ingenii
3411 3631 3615 3690 cultum

318 3711 693 3780 προσλαϐεῖν*
721 3713 816 3765 καὶ
850 3715 909 3767 ἐν
939 3715 1107 3786 ὀλίγῳ
1154 3717 1333 3788 χρόνῳ
1372 3720 1584 3782 πάντας
1617 3720 1922 3791 ὑπερὸαλό-

2024 3724 2325 3794 profectus,
2354 3726 2505 3780 brevi
2553 3727 2766 3781 cateris
2809 3727 2883 3782 ita
2910 3727 3226 3783 antecelluit
3255 3728 3536 3793 omnibus,
3559 3737 3617 3784 ut

328 3822 492 3874 μενος
527 3806 576 3837 ³¹⁶
610 3807 941 3879 διεφθονήθη
998 3809 1289 3881 Ἀνθεμίῳ,
1339 3811 1399 3873 ὃς
1450 3814 1707 3885 τηνικάδε
1741 3816 1923 3888 ίερεὺς

2024 3825 2080 3870 et
2115 3818 2459 3887 Anthemius,
2492 3820 2583 3890 qui
2632 3830 2745 3874 tum
2781 3820 2854 3876 ibi
2890 3821 3153 3876 Minerva
3182 3820 3445 3878 sacerdos
3475 3831 3615 3887 erat,

344 3895 575 3963 Ἀθηνᾶς
636 3900 975 3968 ἐχρημάτιζε
1010 3902 1105 3956 καὶ
1154 3903 1372 3973 πρῶτος
1422 3904 1531 3957 τῶν
1578 3908 1698 3959 ἐκεῖ
1738 3908 1924 3977 σοφῶν

2025 3908 2101 3963 illi
2133 3910 2418 3976 invideret,
2449 3920 2507 3967 et
2529 3911 2809 3982 sapientes
2837 3914 2979 3967 inter
3008 3913 3267 3982 princeps
3298 3912 3415 3983 ipse
3446 3912 3612 3968 habe-

341 3988 632 4058 ἐνομίζετο.
674 3991 730 4045 Ὁ
756 3992 813 4046 δὲ
842 3993 942 4063 τῆς
972 3992 1182 4059 πόλεως
1205 3996 1444 4067 ἔπαρχος
1475 3998 1520 4029 ³⁸
1549 3997 1924 4071 (Δημοσθένης

2025 4011 2197 4059 retur.
2248 4001 2387 4074 Ergo
2418 4003 2569 4059 urbis
2615 4020 2831 4074 quoque
2858 4004 3175 4075 pralectus,
3219 4005 3616 4061 Demosthenes

332 4082 499 4152 ὄνομα
552 4083 729 4154 αὐτῷ)
788 4086 1178 4154 μετακαλεῖται
1230 4089 1543 4151 πολυτελῶς
1608 4091 1702 4144 τὸν
1759 4094 1924 4163 σοφὸν

2026 4094 2267 4159 nomine,
2300 4096 2602 4165 sapientem
2648 4098 2792 4151 hunc
2834 4096 3099 4153 Joannem
3137 4098 3306 4153 multo
3340 4113 3464 4154 cunt
3520 4098 3618 4153 ho-

340 4172 630 4244 Ἰωάννην·
663 4179 691 4230 ό
718 4177 775 4230 δὲ
804 4177 926 4231 λίαν
958 4179 1194 4245 εὐτελῶς
1244 4183 1630 4253 παραγίνεται.
1677 4186 1789 4239 Καὶ
1834 4186 1925 4239 λόι

2026 4202 2158 4242 nore
2217 4189 2283 4242 ad
2310 4205 2370 4243 se
2421 4192 2697 4245 vocabat:
2751 4196 2819 4244 ad
2862 4206 3025 4261 quem
3077 4190 3169 4247 ille
3213 4206 3408 4264 magna
3436 4201 3617 4248 tamen

317 4286 438 4336 γων
462 4272 747 4341 ῥαγέντων
784 4274 989 4343 μεταξὺ
1027 4274 1193 4328 αὐτοῦ
1226 4292 1287 4328 τε
1319 4278 1414 4330 καὶ
1444 4276 1752 4347 Ἀνθεμίου,
1783 4296 1921 4351 κρα-

2025 4294 2149 4331 cum
2192 4279 2360 4334 animi
2407 4279 2741 4336 demissione
2784 4291 2950 4350 atque
2996 4282 3269 4337 modestia
3297 4282 3614 4337 accedebat.

317 4364 405 4413 τεί
426 4362 457 4414 ὁ
499 4363 755 4434 Ἰωάννης
774 4368 840 4437 τῇ
880 4383 941 4419 τε
969 4368 1133 4438 σοφίᾳ
1167 4368 1263 4421 καὶ
1298 4369 1510 4423 συνέσει
1540 4372 1636 4425 καὶ
1665 4374 1732 4444 τῇ
1763 4373 1921 4427 εὐσε-

2026 4369 2103 4426 lbi
2129 4372 2498 4442 disputatione
2536 4373 2678 4431 forte
2700 4390 2822 4429 cum
2842 4376 3135 4430 Anthemio
3155 4375 3429 4438 instituta,
3456 4389 3620 4444 supe-

317 4453 471 4524 δεία.
509 4454 620 4506 Καὶ
659 4454 878 4523 πρῶτον
909 4456 1060 4527 αὐτῷ
1095 4459 1140 4490 ³⁸
1171 4458 1503 4514 ἐπιτελεῖται
1540 4462 1663 4514 τότε
1708 4461 1921 4534 θαῦμα,

2030 4464 2141 4520 rior
2170 4464 2411 4523 Joannes
2448 4469 2642 4535 evasit,
2679 4485 2787 4524 non
2818 4469 3068 4525 doctrina
3123 4470 3286 4525 modo
3324 4476 3379 4524 et
3410 4468 3618 4524 intelli-

315 4548 383 4596 τὸ
408 4546 458 4576 ³⁷
480 4546 574 4600 τὸν
610 4547 892 4619 Ἀνθέμιον
920 4549 1185 4622 δαιμονίῳ
1216 4568 1277 4604 τε
1310 4552 1517 4607 ἁλῶναι
1548 4555 1643 4609 καὶ
1671 4555 1919 4610 ἀπαλλα-

2029 4557 2235 4626 gentia,
2264 4559 2360 4613 sed
2414 4560 2614 4628 pietate
2655 4576 2892 4631 quoque.
2936 4562 3114 4631 Atque
3148 4562 3253 4618 hoe
3285 4572 3398 4617 tum
3427 4562 3495 4617 ab
3523 4561 3618 4616 illo

316 4640 493 4708 γῆναι
516 4638 739 4713 γλώσσῃ
761 4644 857 4696 καὶ
882 4645 1016 4715 εὐχῇ
1035 4644 1285 4699 Ἰωάννου
1311 4663 1325 4677 σ
1352 4646 1413 4711 ὃς
1442 4649 1537 4701 καὶ
1566 4649 1673 4701 ὑπὸ
1697 4647 1794 4702 τοῦ
1823 4652 1920 4721 τῆς

2031 4650 2263 4714 primum
2293 4661 2379 4706 est
2412 4652 2485 4706 ibi
2531 4662 2805 4723 patratum
2847 4654 3194 4722 miraculum,
3232 4654 3379 4725 quod
3410 4654 3619 4710 Anthe-

316 4735 539 4799 πόλεως
584 4736 884 4791 ἐπισκόπου
917 4740 1017 4793 σὺν
1046 4739 1211 4794 παντὶ
1257 4739 1336 4811 τῷ
1375 4741 1511 4813 οἴκῳ
1560 4741 1917 4797 ἐϐαπτίσατο.

2030 4742 2171 4797 mins
2201 4745 2382 4797 divina
2410 4741 2636 4801 Joannis
2668 4746 2875 4817 lingua,
2899 4756 2953 4803 et
2975 4747 3291 4817 precatione
3331 4747 3619 4804 convictus

1640 4860 1878 4916 VARle
1920 4858 2331 4917 LECTIONES.

392 4983 443 5062 ξ’
477 4984 1133 5062 ηοξιηεξάναλεξὰμενοςῖ
1179 4986 1251 5062 _'°
1284 4984 1669 5062 συγκαταστάς
1699 5004 1762 5051 ς.
1825 4988 1880 5062 _’_‘
1902 4990 2102 5062 _malim
2136 4988 2433 5062 βαπτίσας.
2469 5061 2474 5062 γ
2530 4990 2583 5062 δ’
2623 4989 3131 5062 ταπεινοφροσύνης
3167 5008 3231 5055 ς.
3332 4990 3378 5021 ³³
3407 4986 3533 5045 οὐδὲ
3553 5002 3619 5056 ς.

315 5054 365 5086 ⁸⁵
385 5053 835 5126 ύπερόαλόμενος
868 5046 1016 5112 corr.
1047 5046 1094 5110 Ᾱ
1132 5046 1743 5127 εὐπερὸαλλόμενος
1822 5058 1867 5090 ³⁸
1900 5046 2151 5135 ὕπαρχος
2200 5080 2262 5127 ς’.
2340 5046 2568 5133 ³⁸ἀύεῷ
2602 5078 2713 5116 οιιι.
2750 5064 2816 5116 A.
2865 5046 3027 5115 ’δττὸ
3054 5046 3197 5116 add:
3215 5064 3281 5116 A.

1868 5180 2101 5239 ΝΟΤᾸΕ.

390 5269 508 5346 (75)
530 5269 776 5341 lntegras
804 5269 1212 5346 ttobis_Pa_risii_s
1242 5270 1435 5346 Latine
1454 5271 1601 5324 dedit
1629 5272 1911 5346 Gotlefritl.
2023 5276 2093 5329 de
2124 5276 2364 5346 imagine
2394 5274 2453 5330 S.
2484 5274 2634 5331 Pauli
2659 5284 2834 5345 apost.
2867 5286 3011 5331 orat.
3045 5276 3101 5341 l,
3128 5274 3207 5332 De
3231 5276 3482 5345 imagin.,
3510 5277 3616 5331 sub

312 5340 671 5405 Tilmannus,
704 5357 795 5396 an.
847 5342 1005 5396 1557.
1048 5340 1277 5396 Easdem
1332 5345 1540 5411 integro
1572 5358 1721 5409 pane
1778 5345 1915 5397 libro
2026 5347 2152 5400 line.

313 5426 527 5488 suth
569 5412 861 5488 diligenter
907 5423 1230 5488 persecutus
1267 5413 1429 5467 etiam
1462 5422 1545 5466 est
1577 5413 1915 5488 Eicephorus
2097 5416 2209 5486 (75)
2262 5416 2728 5488 Helenepolitano,
2771 5432 2931 5486 quem
2976 5415 3171 5488 Latine
3198 5431 3415 5488 versum
3449 5416 3616 5472 habes

313 5480 597 5559 tiallistus.
631 5482 764 5559 Vide
798 5498 1012 5552 quoque
1037 5482 1465 5559 Metaphrasten.
1499 5492 1555 5559 et
1583 5480 1912 5559 Theodoreti
2023 5480 2155 5541 tom.
2193 5480 2213 5542 Ι
2248 5480 2478 5558 cperum
2514 5488 2574 5543 Β.
2614 5480 2897 5559 Chrysost.
2933 5488 3067 5541 edit.
3099 5487 3274 5541 Paris.
3317 5501 3443 5543 cum
3487 5488 3613 5545 aliis

317 5553 418 5628 lib.
453 5567 666 5628 v,_c:-p.
691 5553 785 5621 27,
812 5569 1136 5628 Arum_scqq.
1172 5566 1338 5624 atque
1379 5554 1631 5622 inprimis
1663 5554 1909 5611 lllustris.
2021 5559 2111 5627 qui
2154 5560 2257 5613 hoc
2285 5553 2663 5628 argumentum
2699 5553 3024 5613 tractarunt.

318 5621 737 5699 Bar_onii_car«_l_.
787 5624 983 5678 Annal.
1021 5621 1110 5699 ινς
1158 5695 1185 5699 _
1248 5621 1285 5699 '_
1444 5621 1529 5699 ’__
1863 5697 1873 5699 _
2096 5630 2211 5699 (76)
2246 5621 2376 5683 Lib:
2395 5644 2469 5697 vt,
2501 5646 2566 5685 ex
2598 5645 2708 5699 quo
2726 5628 2950 5697 Niceph.
2993 5642 3208 5696 quoque
3244 5642 3363 5692 sua,
3397 5642 3521 5699 qua
3549 5628 3637 5689 de,

391 5694 504 5765 (74)
540 5694 821 5771 Egoillum
846 5695 1118 5771 puto,qui__
1253 5693 1417 5771 Joan.
1472 5694 1916 5771 Eleemosynario
2024 5693 2401 5771 Bflih'rysost.
2427 5693 2668 5770 scripsit,
2700 5693 2947 5753 hausisse
2980 5693 3218 5771 constat.

317 5762 608 5819 διιιὲοεεοὶ(
628 5766 771 5844 circa
798 5762 890 5819 an.
923 5762 1056 5844 Chr.
1089 5767 1214 5820 6‘20.
1248 5768 1313 5821 Et
1344 5782 1489 5844 vcr0_
1516 5766 1572 5819 B.
1603 5762 1760 5844 Jouu.
1800 5765 1906 5844 Da-
2092 5769 2206 5844 (77)
2229 5762 2490 5844 'Niceph.
2540 5762 2633 5828 lib.
2654 5762 2660 5764 V
2682 5786 2799 5835 xm,
2828 5785 2948 5841 cap.
3004 5768 3040 5825 Ξ
3067 5786 3083 5837 ;
3126 5768 3339 5826 Socrat.
3382 5767 3480 5827 ιιι).
3539 5786 3616 5835 vr,

318 5850 575 5915 rnasceno
607 5837 841 5905 priorem
871 5839 1272 5915 satiscunstat,
1317 5836 1525 5915 cuntis
1576 5852 1642 5915 es
1672 5836 1771 5915 hac
1802 5837 1911 5915 vita
2021 5836 2142 5915 cap.
2177 5836 2230 5898 3,

318 5912 452 5975 {non
486 5920 747 5979 expresso
780 5908 1063 5978 scriptoris
1102 5909 1340 5978 nomine)
1369 5908 1601 5963 adducat
1631 5908 1913 5964 historiam
