4062 6452
342 382 459 453 3ι5

1465 398 1994 461 BIBLIOTHECA.
2019 423 2088 434 -
2121 401 2288 463 COD.
2319 402 2523 467 XCVI.

3523 392 3633 458 346

340 501 477 572 ἦλθε
517 505 799 575 μονάσαι,
852 503 947 558 καὶ
1001 509 1429 579 ἁποκειρόμενος
1471 509 1516 541 ⁵⁸
1573 510 1673 573 τὰς
1719 510 1932 580 τρίχας,

2052 520 2128 563 :to
2146 514 2262 565 viro
2292 512 2555 567 detonsus
2573 511 2788 565 oculum
2810 507 3035 579 recepit.
3054 506 3245 563 Mulier
3272 517 3487 575 quoque
3506 519 3635 559 sau-

340 597 802 668 προσευχομὲνου
855 597 950 652 τοῦ
998 600 1155 666 ἁγίου
1198 602 1471 671 ἀπείληφε
1500 602 1591 656 τὸν
1632 604 1935 673 ὀφθαλμόν.

336 690 489 762 Γυνὴ
538 689 588 723 ιε
636 691 695 744 δέ
732 708 820 751 τις
851 692 1153 764 αἱμόρρους
1183 695 1277 748 ἐπὶ
1313 694 1410 764 ἔτη
1453 697 1593 750 ἑπτὰ
1636 697 1795 768 ἔτυχε
1839 700 1938 769 τῆς

340 783 570 847 ἰάσεως.
609 784 727 836 Καὶ
765 783 959 838 λέοντα
983 787 1063 845 δὲ.
1088 786 1162 849 ὥς
1188 788 1233 819 ³⁸
1262 805 1417 859 φησι,
1468 789 1698 854 πολλοὺς
1731 792 1940 845 ὁδοιπό-

341 893 478 945 ρους
546 876 903 945 ἁρπάζοντα,
949 882 1069 942 τοῖς
1116 881 1508 951 αἰτησαμένοις
1565 883 1689 946 δοὺς
1740 884 1800 937 τὸ
1844 886 1937 938 τοῦ

343 966 600 1036 σταυροῦ
622 966 916 1038 σύμϐολον.
936 971 1129 1040 νεκρὸν
1150 970 1354 1037 ἔδειξεν
1369 973 1414 1005 ⁵⁸
1457 974 1563 1027 ὑπὸ
1578 975 1657 1044 τῷ
1687 974 1932 1047 σταυρῷ.

434 1060 573 1115 Ὅτι
620 1062 751 1131 μετὰ
787 1064 1117 1134 τετραετίαν
1145 1065 1234 1119 διὰ
1276 1066 1371 1120 τὸν
1410 1067 1568 1138 ὄχλον
1612 1068 1721 1123 τῶν
1769 1086 1941 1141 προσ-

364 1150 569 1205 ιόντων
591 1152 859 1222 ἐξέρχεται
886 1154 986 1224 τῆς
1019 1155 1210 1225 μονῆς,
1235 1157 1328 1209 καὶ
1372 1156 1452 1210 ἔτι
1480 1156 1577 1227 ἕτη
1611 1157 1705 1211 δύο
1735 1158 1791 1211 έν
1835 1176 1941 1211 τινι

371 1245 610 1314 σπηλαίᾳ
655 1245 862 1309 άῦπνος
909 1248 976 1301 τὰ
1028 1248 1200 1301 πολλὰ
1243 1248 1496 1315 διετέλει,
1532 1251 1607 1322 μὴ
1654 1251 1943 1305 ἀναπεσὼν

368 1335 496 1406 [140
523 1335 615 1408 11.]
642 1337 764 1390 ὅλον
789 1338 882 1391 τὸν
922 1338 1114 1408 χρόνον
1159 1341 1259 1411 τῆς
1289 1340 1520 1404 διετίας·
1556 1344 1615 1397 ἐν
1655 1337 1698 1412 ᾧ
1727 1344 1821 1397 καὶ¹
1855 1362 1943 1396 νε-

358 1427 593 1497 κρωθεὶς
614 1428 722 1481 ὑπὸ
745 1427 844 1482 τοῦ
882 1430 1083 1501 κρύους
1110 1432 1179 1485 τὰ
1207 1435 1335 1505 περὶ
1366 1434 1467 1505 τὴν
1490 1435 1538 1467 ³³
1564 1436 1808 1503 γαστέρα
1849 1437 1945 1489 καὶ

352 1520 477 1580 τοὺς
512 1522 775 1590 νεφροὺς,
806 1523 1111 1594 εἰσέρχεται
1131 1524 1218 1576 διὰ
1249 1526 1349 1594 τὴν
1383 1526 1541 1580 νόσον
1570 1529 1628 1581 ἐν
1659 1531 1725 1598 τῇ
1753 1529 1943 1581 πόλει·

348 1611 409 1662 ἐν
526 1613 624 1665 καὶ
655 1616 1051 1683 χειροτονεῖται
1084 1616 1188 1668 ὑπὸ
1229 1615 1494 1671 Μελετίου
1541 1618 1808 1683 διάκονος,
1853 1622 1946 1674 κα).

340 1704 621 1774 ὑπηρετεῖ
655 1706 734 1776 τῷ
762 1708 1135 1780 θυσιαστηρίῳ
1156 1711 1249 1780 ἐτη
1284 1711 1470 1765 πέντε.
1506 1712 1713 1781 Γράφει
1742 1712 1798 1766 δὲ
1824 1715 1946 1769 τότε

342 1796 444 1848 καὶ
480 1796 618 1860 τοὺς
665 1798 807 1868 πρὸς
848 1799 1165 1868 Σταγείριον
1190 1801 1244 1833 ⁸³
1276 1803 1429 1873 τρεῖς
1468 1802 1662 1869 λόγους
1692 1804 1789 1857 καὶ
1820 1806 1948 1869 τοὺς

340 1889 492 1955 Περὶ
524 1892 873 1960 ἱερωσύνης
901 1894 997 1947 καὶ
1038 1896 1167 1957 τοὺς
1200 1894 1814 1964 Περὶάκαταλήπτου.
1841 1900 1945 1954 Τε-

341 1979 729 2050 λευτήσαντος
757 1982 815 2037 δὲ
843 1984 1108 2038 Μελετίου
1129 1987 1189 2039 ἐν
1218 1984 1789 2043 Κωνσταντινουπόλει
1811 1993 1948 2045 ἀνα-

342 2074 524 2142 χωρεῖ
552 2074 718 2126 πάλιν
744 2076 771 2127 6
790 2075 935 2138 θεῖος
950 2076 1205 2148 Ἰωάννης
1240 2080 1300 2131 ἐν
1316 2078 1396 2150 τῷ
1418 2080 1783 2152 μοναστηρίῳ.
1810 2083 1949 2137 Φλα-

338 2164 543 2229 διανὺς
573 2166 630 2220 δὲ
666 2169 788 2220 ἀντὶ
824 2168 1094 2224 Μελετίου
1129 2172 1407 2234 καταστὰς
1447 2174 1511 2226 ἐκ
1544 2173 1699 2239 θείας
1732 2176 1945 2231 ἀποκα-

343 2254 566 2324 λύψειιις
598 2263 898 2328 χειροτονεῖ
936 2260 1334 2333 πρεσϐύτερον,
1365 2264 1477 2317 ἀπὸ
1518 2264 1615 2319 τοῦ
1670 2283 1943 2340 μοναστη-

348 2350 474 2417 ρεου
502 2354 588 2414 εἰς
620 2351 723 2421 τὴν
756 2351 912 2405 πόλιν
942 2352 1108 2407 αὐτὸν
1141 2352 1387 2422 ἀγαγὼν,
1420 2358 1521 2426 τῆς
1547 2344 1944 2427 ἀποκαλύψεως

346 2442 447 2495 καὶ
502 2442 758 2511 Ἰωάννην
792 2442 1248 2514 χειροτονηθῆναι
1289 2445 1384 2498 καὶ
1428 2444 1730 2501 Φλαϐιανὸν
1761 2466 1943 2519 χειρο-

343 2535 578 2604 τονῆσαι
613 2533 1039 2606 ἐπιτρεπούσης.
1088 2536 1200 2590 Καὶ
1237 2539 1539 2609 περιστερὰ
1566 2539 1621 2592 δὲ
1662 2542 1943 2595 ὲπιπτᾶσα

347 2631 448 2681 καὶ
474 2628 618 2698 ὑπὲρ
645 2629 891 2696 κεφαλῆς
912 2629 1004 2680 τοῦ
1034 2629 1515 2699 χειροτονουμένου
1543 2631 1719 2684 στᾶσα
1751 2633 1942 2703 ἐδήλου

350 2722 452 2792 τὴν
482 2722 572 2774 ἐπ’
602 2722 751 2790 αύτῷ
783 2722 935 2776 Θείαν
959 2726 1143 2794 χάριν,
1171 2724 1269 2795 ὅση
1309 2723 1485 2780 ἔσται.
1517 2724 1630 2777 Καὶ
1671 2725 1945 2796 διέτριψεν

345 2816 409 2867 ὲν
445 2815 523 2884 τῷ
546 2815 645 2882 τῆς
683 2816 1016 2884 Ἀντιοχείας
1049 2818 1296 2887 ἱερατείῳ
1320 2816 1415 2886 ἔτη
1449 2816 1534 2886 ιβ’.
1564 2815 1696 2888 256
1717 2817 1810 2891 IL]
1836 2815 1944 2873 Ἤν

346 2906 409 2958 δὲ
448 2905 539 2958 διὰ
583 2904 743 2976 ζῆλον
800 2906 1157 2977 σωφροσύνης
1192 2909 1257 2960 ἐκ
1304 2908 1432 2971 νέας
1472 2908 1692 2976 ἡλικίας
1723 2910 1941 2980 πικρὸς,

346 3000 451 3051 καὶ
487 2997 645 3069 θυμῷ
680 2998 884 3068 μᾶλλον
910 2999 944 3070 ἢ
982 2999 1123 3053 αἰδοῖ
1155 2999 1536 3070 χαριζόμενος.
1565 3000 1777 3065 Πολλὰς
1803 3002 1860 3054 δὲ
1886 3004 1945 3055 ἐν

360 3092 673 3163 Ἀντιοχείᾳ
709 3092 1026 3161 ἐγγράφους
1057 3092 1354 3163 ἐποιήσατο
1388 3090 1699 3163 ἐξηγήσεις,
1730 3094 1824 3146 καὶ
1847 3095 1943 3147 τοῦ

2040 603 2217 670 guinis
2229 601 2374 657 ﬂuxu
2398 618 2569 657 annos
2585 613 2789 673 septem
2810 600 3027 669 alllicta,
3048 599 3404 656 valetudinem
3417 610 3636 665 recupe~

2042 708 2195 749 ram.
2216 695 2324 751 Leo
2342 696 2524 760 etiam,
2546 706 2603 750 ut
2620 696 2822 760 ferunt,
2840 696 3076 749 viatores
3099 692 3298 746 multos
3312 688 3636 758 abripiebat;

2042 802 2097 845 at
2117 807 2236 844 cum
2260 802 2479 861 rogatus
2502 789 2740 845 Joannes
2763 790 2943 845 crucis
2974 789 3054 844 eis
3077 787 3295 857 signum
3330 780 3641 852 impressis-

2040 894 2149 947 set,
2187 884 2345 952 hujus
2378 900 2503 938 mox
2539 883 2628 938 ille
2650 884 2700 937 vi
2726 882 3071 938 exanimatus
3099 891 3206 935 est.

2117 1064 2243 1120 Post
2292 1063 2708 1136 quadriennium
2738 1061 2933 1117 deinde
2960 1101 2975 1126 ,
3005 1060 3075 1115 ob
3107 1059 3449 1129 frequentem
3480 1068 3641 1109 acce-

2045 1158 2290 1213 dentium
2329 1156 2539 1210 turbam
2569 1196 2584 1219 ,
2610 1152 2946 1210 monasterio
2971 1151 3236 1217 excessit,
3278 1160 3330 1203 et
3360 1148 3639 1203 biennium

2045 1250 2223 1302 adhuc
2241 1248 2291 1300 in
2316 1245 2571 1316 spelunca
2598 1245 2869 1315 quadam,
2901 1241 3163 1296 insomnis
3182 1239 3517 1308 plerumque,
3544 1250 3644 1290 nec

2044 1355 2283 1408 unquam
2304 1349 2415 1391 toto
2430 1336 2518 1391 illo
2541 1346 2783 1404 tempore
2800 1336 2948 1390 humi
2971 1341 3197 1397 stratus,
3215 1329 3643 1385 delituit.Emor—

2048 1434 2154 1488 tuis
2171 1439 2350 1485 autem
2374 1429 2461 1484 hic
2492 1444 2603 1499 pra:
2620 1428 2825 1498 frigore
2856 1428 2925 1481 iis
2943 1425 3190 1494 conparis
3215 1423 3462 1493 partibus
3483 1460 3498 1483 ,
3523 1435 3643 1490 qua.

2048 1538 2289 1579 ventrem
2317 1537 2380 1577 ac
2404 1537 2559 1576 renes
2580 1499 2853 1591 attingunt
2874 1558 2890 1583 ,
2914 1519 2970 1573 in
2996 1519 3188 1571 urbem
3215 1517 3316 1570 hoc
3344 1514 3490 1568 malo
3513 1527 3641 1565 coa-

2049 1626 2167 1667 ctus
2195 1612 2452 1676 revertit,
2479 1610 2568 1665 ubi
2604 1626 2633 1663 a
2667 1609 2884 1665 Meletio
2915 1608 3177 1662 diaconus
3220 1605 3533 1665 ordinatus,
3567 1600 3645 1654 al-

2052 1706 2151 1761 tari
2178 1704 2325 1775 80a
2373 1705 2613 1774 quinque
2655 1717 2753 1771 per
2801 1714 2977 1754 annos
3023 1697 3372 1751 ministravit.
3414 1692 3646 1761 Scripsit

2054 1809 2165 1851 tum
2194 1798 2261 1849 ad
2286 1795 2583 1864 Stapirium
2610 1794 2777 1848 libros
2813 1802 2942 1860 tres,
2971 1803 3024 1848 et
3056 1790 3131 1845 De
3161 1786 3443 1846 sacerdotii
3473 1783 3650 1854 digni-

1980 1861 2024 1917 Β
2049 1900 2154 1943 tate
2174 1888 2313 1960 (81),
2331 1861 2482 1943 etch
2503 1886 3017 1953 incomprehensibili
3044 1883 3183 1955 (82).
3210 1882 3410 1935 Verum
3434 1878 3648 1933 Meletio

2047 1980 2519 2049 COustantinopoli
2559 1980 2868 2041 exstincto,
2924 1978 2978 2031 in
3032 1974 3419 2030 monasterium
3458 1970 3649 2024 beatus

2046 2073 2285 2128 Joannes
2331 2070 2553 2126 revertit
2584 2086 2599 2124 :
2632 2085 2792 2140 quem
2829 2068 3143 2129 Flavianus,
3174 2064 3376 2120 Meletii
3425 2063 3478 2116 in
3519 2061 3650 2115 sede

2045 2168 2379 2222 Antiochena
2407 2176 2713 2227 successor,
2741 2161 3080 2229 apparitione
3095 2159 3275 2213 divina
3328 2154 3590 2220 monitus,
3616 2166 3650 2205 e

2042 2259 2297 2316 coenobio
2316 2259 2366 2311 in
2387 2258 2573 2311 urbem
2595 2255 2873 2310 reductum
2919 2253 3295 2323 presbyterum
3327 2256 3482 2304 creat
3510 2242 3647 2317 (85).

2038 2353 2177 2420 Quae
2205 2365 2338 2406 sane
2390 2348 2530 2404 visio
2559 2358 2613 2402 et
2641 2345 2904 2401 Joannem
2931 2344 3197 2409 ordinari,
3250 2351 3305 2396 et
3331 2339 3649 2395 Flavianum

2040 2446 2299 2501 ordinare
2332 2441 2638 2497 mandabat.
2670 2437 2932 2492 Columba
2955 2436 3082 2491 item
3105 2434 3194 2489 illa
3219 2432 3504 2497 advolans,
3530 2443 3652 2499 quae

2039 2543 2152 2614 jam
2173 2535 2459 2592 ordinandi
2480 2532 2641 2603 capiti
2665 2531 2882 2593 insedit,
2900 2539 3101 2598 quanta
3126 2526 3215 2580 Dei
3239 2524 3415 2596 gratia
3439 2520 3654 2592 replen-

2045 2613 2146 2685 dus
2178 2630 2268 2683 ille
2293 2638 2457 2691 esset,
2488 2625 2620 2680 satis
2639 2624 2896 2677 ostendit.
2934 2621 3237 2675 Antiochia:
3266 2619 3447 2686 itaque
3476 2613 3651 2669 saetis

2045 2733 2298 2793 operatus
2331 2732 2413 2777 est
2438 2721 2505 2774 ad
2539 2734 2711 2774 annos
2748 2715 3058 2771 duodecim.
3089 2713 3221 2768 Erat
3251 2720 3430 2765 autem
3463 2708 3535 2763 ob
3561 2721 3652 2761 ar-

2046 2820 2180 2872 dens
2220 2817 2507 2885 probitatis
2549 2813 2788 2868 studium
2834 2810 2946 2878 jam
2987 2808 3114 2863 inde
3169 2806 3239 2861 ab
3285 2800 3649 2857 adolescentia

2045 2924 2271 2964 severus
2299 2918 2463 2976 atque
2496 2922 2658 2977 asper
2688 2904 2825 2977 (84),
2873 2911 2926 2957 et
2962 2899 3254 2955 iracundiae
3275 2898 3473 2967 potius,
3490 2909 3651 2963 quam

2046 3002 2384 3058 verecundiae
2412 3014 2619 3054 morem
2647 3012 2869 3069 gerens.
2894 2993 3089 3048 Varios
3116 3006 3327 3045 rursum
3352 2984 3656 3042 Antiochia:

2048 3094 2379 3163 conscripsit
2413 3090 2845 3148 commentarios
2880 3105 2893 3142 :
2936 3096 2993 3140 et
3044 3084 3298 3151 episcopo
3338 3088 3560 3150 urgente
3589 3092 3653 3133 ex

342 3184 661 3236 ἐπισκόπου
726 3183 1069 3255 βιασαμένου
1122 3184 1216 3238 κα)⁹
1268 3184 1637 3254 αὐτοσχεδίως
1694 3186 1944 3257 καθωμί-

2052 3202 2293 3257 tempore
2325 3194 2410 3242 est
2440 3184 2511 3240 de
2552 3183 2838 3252 superiore
2869 3180 2987 3234 loco
3009 3174 3077 3230 ad
3133 3174 3388 3244 populum
3426 3170 3654 3227 concio-

345 3278 486 3346 λησε
517 3277 570 3309 ³⁸
595 3278 674 3348 τῷ
702 3276 820 3348 λαῷ
840 3278 935 3331 ἐπὶ
961 3276 1054 3331 τοῦ
1080 3276 1358 3348 ἄμϐωνος.

420 3373 552 3426 Ὀτι
579 3371 838 3440 γυναικός
859 3388 1005 3436 τινος
1038 3370 1307 3435 Εὐκλείας
1338 3373 1455 3436 υίὸς
1481 3373 1623 3445 νόσῳ
1645 3377 1950 3447 πυρεκτικῇ

344 3464 579 3536 βληθεὶς
616 3465 950 3535 ἀπεγνὼσθη
974 3505 989 3531 ,
1036 3466 1194 3537 ἔτυχε
1242 3467 1301 3520 δὲ
1353 3467 1508 3539 παρὰ
1563 3468 1816 3523 Ἰωάννου
1849 3469 1951 3538 τῆς

346 3558 557 3619 ἰάσεως
592 3556 683 3610 διὰ
718 3555 815 3609 τοῦ
846 3555 1061 3622 ὓδατος,
1111 3557 1141 3611 6
1183 3558 1391 3622 ἐκεῖνος
1417 3559 1730 3629 σφραγίσας
1757 3562 1951 3633 περιῤ·

346 3649 623 3719 ῥανθῆναι
651 3648 843 3703 ἔδωκε.
878 3650 989 3702 Καὶ
1011 3650 1150 3720 γυνὴ
1185 3649 1242 3702 δέ
1270 3667 1354 3707 τις
1386 3651 1496 3704 τῶν
1527 3654 1951 3723 Μαρκιανιστῶν

348 3742 555 3811 (ἀρχὰς
588 3741 646 3794 δέ
678 3757 832 3803 τινας
862 3740 972 3794 τῶν
1010 3742 1068 3795 ἐν
1100 3744 1167 3811 τῇ
1192 3743 1345 3795 πόλει
1374 3742 1402 3795 6
1432 3743 1639 3813 ταύτης
1680 3745 1949 3817 ἐχείρισεν

350 3832 515 3901 ἀνὴρ)
552 3832 908 3903 δυσεντερικῇ
968 3833 1345 3903 περιπεσοῦσα
1389 3835 1529 3906 νόσῳ
1580 3836 1945 3905 ἀπέγνωστο,

356 3924 594 3994 τυχοῦσα
622 3925 683 3977 δὲ
710 3923 814 3993 τῆς
868 3926 1064 3986 ἰάσεως
1087 3927 1225 3995 αὐτή
1271 3942 1331 3979 τε
1378 3927 1473 3980 καὶ
1501 3929 1531 3979 6
1568 3927 1775 3999 ταύτης
1806 3930 1948 4000 ἀνὴρ

362 4018 465 4069 σὺν
488 4020 645 4070 παντὶ
671 4015 750 4086 τῷ
778 4015 913 4087 οἴκῳ
947 4017 1085 4086 πρὸς
1122 4016 1219 4087 τὴν
1262 4016 1574 4087 ὀρθοδοξίαν
1618 4019 1944 4092 ἐπέστρεψε,

354 4112 453 4163 καὶ
484 4109 675 4163 πολλοὶ
703 4109 853 4163 ἄλλοι
878 4109 988 4162 τῶν
1028 4109 1481 4181 Μαρκιανιστῶν.

422 4206 551 4258 Ὅτι
614 4204 923 4272 Νεκταρίου
980 4202 1612 4265 Κωνσταντινουπόλεως
1682 4203 1943 4275 τελευτή-

345 4317 550 4364 σαντος
577 4302 970 4371 μετάπεμπτος
1000 4298 1109 4352 ἀπὸ
1142 4295 1477 4367 Ἀντιοχείας
1499 4299 1528 4350 6
1554 4296 1943 4367 Χρυσόστομος

339 4395 587 4462 γίνεται,
623 4393 797 4446 πολλὰ
854 4392 955 4463 μὲν
988 4390 1425 4445 ἐναντιωθέντων
1449 4389 1563 4442 τῶν
1620 4389 1942 4460 Ἀντιοχέων

343 4486 435 4555 (ab
468 4485 582 4555 γὰρ
622 4486 821 4536 οἰκεῖον
864 4482 1072 4550 ἀγαθὸν
1116 4482 1274 4536 αὐτοὶ
1315 4481 1412 4534 καὶ
1452 4480 1599 4551 ἔχειν
1623 4480 1671 4513 ⁵³
1702 4479 1937 4549 ἠξίουν),

2058 3298 2127 3335 ua
2138 3291 2244 3334 tus.

2123 3372 2360 3430 Feminm
2393 3369 2592 3425 Eucliae
2625 3365 2842 3421 nomine
2868 3363 3042 3431 Illius,
3074 3362 3216 3418 febri
3241 3359 3307 3414 ad
3322 3356 3654 3413 medicorum

2060 3463 2492 3535 desperationem
2513 3465 2795 3525 correptus
2815 3494 2831 3520 ,
2862 3470 2891 3508 a
2910 3452 3115 3508 Joanne
3137 3460 3362 3507 curatus
3383 3455 3467 3502 est
3485 3456 3623 3513 aqua
3637 3482 3653 3507 ,

2058 3572 2221 3629 quam
2250 3554 2339 3609 ille
2368 3568 2528 3607 cruce
2567 3550 2836 3619 signatam
2874 3546 2945 3600 ad
2976 3543 3374 3612 aSpergendum
3408 3535 3651 3591 dederat.

2058 3626 2253 3706 B—lulier
2281 3650 2407 3703 item
2459 3645 2705 3715 quaedam
2746 3649 2909 3694 secta:
2962 3634 3434 3691 Marcionistarum
3466 3626 3662 3698 (cujus

2057 3744 2253 3812 conjux
2308 3755 2371 3794 ea
2403 3739 2458 3792 in
2486 3738 2617 3789 urbe
2671 3732 3052 3803 magistratum
3074 3726 3363 3797 quemdam
3415 3721 3661 3792 gerebat)

2050 3832 2365 3907 dysenteria
2385 3830 2623 3902 graviter
2638 3827 2914 3886 laborans,
2940 3823 3223 3890 desperata
3240 3815 3458 3888 jacebat
3477 3829 3491 3865 :
3513 3812 3662 3868 sani-

2052 3906 2171 3984 tate
2188 3942 2318 3981 vero
2336 3940 2430 3995 per
2443 3925 2594 3979 illum
2613 3928 2852 3988 recepta,
2866 3919 2979 3985 ipsa
3003 3930 3124 3968 cum
3140 3911 3391 3982 conjuge,
3405 3906 3662 3974 omnique

2053 4023 2191 4078 adeo
2209 4018 2435 4083 familia,
2467 4014 2883 4086 compluresque
2910 4009 2999 4063 alii
3040 4006 3403 4061 Marcionistzc
3422 4042 3438 4067 ,
3468 3997 3660 4056 haeresi

2053 4113 2322 4183 abjurata,
2359 4111 2427 4164 ad
2457 4107 2794 4164 orthodoxos
2824 4101 3123 4156 redierunt.

2114 4181 2365 4261 NeCtario
2382 4200 2575 4257 deinde
2592 4192 3195 4262 Constantiimpolitano
3214 4185 3524 4255 patriarcha
3548 4181 3660 4236 vita

2051 4303 2261 4360 functo,
2280 4304 2537 4349 evocatur
2552 4286 2839 4344 Antiochia
2858 4283 3302 4351 Chrysostomus,
3322 4278 3551 4329 multum
3573 4286 3660 4327 ro-

2050 4388 2415 4459 pugnantibus
2434 4380 2792 4438 Antiochenis
2816 4420 2831 4446 ,
2858 4378 2949 4447 qui
2977 4388 3134 4429 suum
3161 4371 3260 4440 ipsi
3285 4363 3660 4422 bonumamit-

2054 4457 2172 4538 tere
2202 4479 2481 4534 nolebant.
2514 4473 2750 4528 Pervicit
2777 4480 2954 4522 tamen
2979 4464 3213 4521 Caesaris
3239 4462 3450 4532 jussum
3477 4499 3491 4523 ,
3514 4457 3664 4512 ordi-

342 4550 728 4649 ἐκνικησάσης
746 4570 803 4631 δὲ
832 4578 980 4646 ὅμως
1003 4575 1105 4645 τῆς
1129 4575 1419 4646 βασιλικῆς
1448 4573 1857 4645 μεταπέμψεως
1877 4577 1944 4630 ⁸⁸.

2062 4587 2263 4644 natque
2319 4572 2465 4626 hunc
2498 4567 2660 4639 (85)
2714 4564 2917 4619 invitus
2950 4555 3283 4629 Theophilus
3316 4550 3664 4608 Alexandria:

344 4671 466 4723 Καὶ
517 4671 818 4739 χειροτονεῖ
866 4668 1055 4720 τοῦτον
1112 4667 1263 4721 ἄκων
1314 4668 1341 4720 6
1394 4666 1495 4735 τῆς
1540 4664 1950 4738 Ἀλεξανδρείας

342 4759 645 4828 Θεόφιλος·
697 4759 1013 4812 ἐπεσείοντο
1064 4756 1173 4827 γὰρ
1217 4756 1387 4827 αὐτῷ,
1424 4757 1476 4809 εί
1525 4758 1602 4827 μὴ
1656 4757 1794 4827 πρὸς
1846 4757 1948 4828 τὴν

343 4852 693 4921 χειροτονίαν
719 4849 1066 4913 κατανεύσοι,
1097 4850 1144 4901 oi
1168 4848 1276 4901 τῶν
1298 4847 1664 4918 ἐγκλημάτων
1686 4847 1945 4903 λίὸελλοι.

342 4945 758 5013 Χειρθτονεῖται
801 4942 933 5010 γοῦν
975 4943 1143 5011 ψήφῳ
1189 4943 1368 5012 κοινῇ,
1423 4940 1520 4993 καὶ
1563 4940 1839 5011 δαιμονῶν
1882 4942 1944 5009 ἐξ

342 5039 521 5099 uini;
542 5038 585 5069 ⁵⁷
603 5036 699 5105 τῆς
728 5035 859 5107 παρ’
890 5035 1058 5087 αὑτοῦ
1094 5034 1355 5105 τυγχάνει
1390 5032 1611 5095 ἰάσεως.

2060 4667 2276 4739 prazsul.
2305 4663 2555 4719 Timendi
2582 4660 2725 4714 enim
2760 4664 2921 4711 erant
2974 4654 3023 4707 ei
3056 4650 3465 4706 accusationum
3486 4643 3650 4699 libelli

2059 4763 2175 4835 (86
2199 4761 2218 4834 )
2244 4760 2351 4814 nisi
2388 4755 2721 4812 ordinationi
2766 4750 3071 4805 annuisset.
3108 4747 3177 4800 At
3215 4745 3346 4800 dum
3386 4741 3479 4797 ille
3508 4754 3652 4794 com-

2060 4831 2209 4910 muni
2265 4854 2487 4907 decreto
2504 4848 2812 4912 ordinatur,
2851 4859 2881 4896 a
2914 4839 3198 4896 dminouiis
3218 4837 3483 4894 obsessus
3535 4831 3661 4902 qui-

2055 4949 2179 5003 dam
2219 4944 2337 5014 ejus
2370 4957 2474 5013 ope
2510 4938 2806 4996 liberahiit.

1662 5102 1898 5157 VARUE
1933 5101 2342 5164 LECTIONES.

421 5203 467 5234 ⁸⁸
499 5203 928 5303 Ξιιποκειῆρόμενος
976 5201 1073 5265 τὰς
1104 5201 1297 5282 τρίχας
1334 5198 1775 5279 προσευχομένου
1802 5203 1848 5254 Α
1880 5218 1895 5256 :
1924 5201 2360 5275 ἁποκειρομένου
2397 5215 2460 5262 ς.

574 5273 857 5328 άπέοειεεν
906 5272 1013 5324 ὑπὸ
1071 5290 1167 5324 του
1205 5288 1442 5328 σταυοου
1471 5288 1532 5328 ς.
1648 5271 1691 5302 ⁵²
1728 5272 1829 5328 τὴν
1873 5290 1986 5328 om.
2025 5277 2090 5328 A.
2200 5274 2246 5304 ⁸³
2282 5272 2460 5328 τὰγιρι

1728 5288 1829 5341 την
1873 5290 1986 5329 om.
2025 5288 2090 5328 Α.

347 5275 418 5327 Α.
502 5274 547 5303 ⁸¹
574 5272 857 5338 ἀπέδειξεν
906 5272 1013 5324 ὑπὸ
1071 5272 1167 5324 τοῦ
1205 5272 1442 5340 σταυροῦ
1471 5288 1532 5335 ς.

2556 5195 2602 5229 δ’
2626 5194 2764 5263 γυνὴ
2799 5190 2843 5244 Α
2880 5208 2892 5245 :
2925 5193 3018 5263 καὶ
3035 5186 3175 5263 γυνὴ
3208 5202 3271 5263 ς.
3349 5182 3397 5214 ⁸⁰
3416 5181 3496 5263 ᾡς
3530 5176 3658 5230 add'

2200 5251 2250 5304 ειν
2280 5251 2505 5339 έάγῷδν
2546 5251 2649 5333 μγ,-
2673 5251 2790 5339 Afr
2821 5263 2867 5292 ιι
2899 5251 3285 5329 καοω’μ,ι’και
3338 5251 3557 5319 καθωμ.
3594 5264 3658 5313 g-

343 5347 391 5374 '°
435 5344 532 5395 καὶ
587 5341 755 5413 ἔχειν]
779 5334 1040 5395 Ἶίιτιιιδδυ
1098 5343 1203 5412 leg.
1248 5334 1525 5410 κατέχειν.
1603 5342 1650 5373 ⁵⁸
1679 5334 2038 5415 διαί-μέμψεως
2070 5363 2131 5409 ς.
2205 5344 2250 5375 ⁵⁷
2282 5334 2513 5409 ἐξαυτῆς
2538 5340 2585 5393 Α
2617 5356 2629 5391 :
2665 5334 2869 5387 αὐτίκα
2900 5348 2972 5396 ς.

1896 5432 2134 5494 NOTAE.

429 5533 545 5600 (Ri)
569 5532 674 5585 llos
700 5534 836 5585 mire
869 5531 1130 5600 prmdit-at
1152 5531 1376 5585 Suidas.

425 5604 539 5673 (8-2)
572 5604 731 5655 Addit
786 5602 1156 5673 Nicepltnt'tls,
1192 5601 1286 5657 lib.
1339 5616 1464 5669 xm,
1493 5615 1613 5671 cap.
1647 5600 1720 5668 2,
1754 5602 1807 5657 in
1839 5603 1946 5657 ﬁne

345 5672 488 5742 napi
532 5673 638 5725 τῶν
678 5672 1064 5726 συνεισάκτων.

427 5745 542 5812 (85)
568 5746 705 5797 Mire
734 5746 949 5798 variant
1000 5744 1087 5797 hic
1128 5744 1405 5805 historici.
1439 5751 1576 5798 teste
1594 5743 1821 5814 Niceph.
1849 5742 1946 5799 lib.

346 5833 484 5945 ἰηιιὶ
518 5831 635 5886 cap.
664 5816 774 5872 Sin
820 5816 944 5871 line.
975 5816 1195 5869 Simeon
1224 5814 1619 5884 Met-aphrastes
1664 5814 1943 5871 nobiscum

375 5904 457 5944 act
491 5926 506 5942 .

375 5898 506 5944 M3“.

2160 5528 2261 5599 84)
2294 5526 2492 5599 Suidas
2520 5524 2740 5599 eodem,
2774 5531 2832 5599 ut
2852 5528 2907 5575 et
2933 5517 3183 5599 CAassiod.

2160 5531 2261 5599 84)
2294 5531 2492 5582 Suidas
2525 5531 2740 5585 eodem,
2774 5531 2827 5574 ut
2852 5531 2907 5575 et
2933 5531 3183 5574 uassnou.

2118 5531 2140 5673 ἓ
2162 5600 2266 5670 85)
2289 5598 2442 5665 Quod
2470 5597 2674 5673 lsidoro
2695 5583 3498 5673 pt'esbyuhAletEuttdriuoltunc
3513 5582 3655 5673 cpi:

2055 5653 2335 5737 scopatum
2364 5668 2580 5721 tradere
2606 5653 2874 5737 studeret,
2902 5657 3130 5737 Niceph.
3282 5669 3418 5737 Διιιιι,
3442 5670 3564 5736 cap.
3597 5653 3657 5707 2.

2121 5725 2234 5811 (86)
2295 5741 2441 5811 Quos
2469 5739 2727 5811 adversus
2752 5725 3112 5811 Theophilum
3145 5725 3358 5811 oblatos
3387 5726 3660 5811 examina:

2051 5796 2165 5866 tulit
2197 5796 2261 5864 ῆι
2302 5796 2616 5863 minabatur
2652 5796 2945 5871 Eutropius
2979 5798 3304 5867 prmpositus
3340 5796 3525 5866 palatii
3549 5834 3566 5859 .
3598 5803 3659 5850 ut

2051 5883 2216 5939 habet
2240 5879 2485 5937 Cassiod.
2523 5879 2574 5933 in
2612 5874 2730 5929 Vita
2763 5872 2822 5928 Β.
2848 5874 3132 5943 tjhrysost.
