4062 6470
481 404 587 468 347

1657 403 1923 466 PHOTII
1964 404 2468 468 ΡΑΤΒΙΛΒΟΗᾹΞ
2506 409 2615 468 CP.

3639 412 3737 476 348

551 517 778 588 Magnus
809 516 990 586 itaque
1012 516 1121 587 jam
1145 516 1425 572 ordinatus
1463 516 1884 587 Chrysostomus
1913 515 2062 570 illum

2248 518 2372 572 Ὅτι
2415 520 2445 572 ὁ
2481 519 2654 589 μέγας
2677 517 3063 590 Χρυσόστομος
3096 490 3413 591 παραυτίκα
3442 522 3570 587 τοὺς
3596 524 3740 596 ἔχον-

474 610 733 665 contiuuo
752 622 955 663 morem
983 608 1219 673 sustulit,
1242 622 1351 677 quo
1376 607 1686 663 caelibatum
1712 605 1964 675 professi,
1988 607 2071 661 di-

472 702 617 757 versi
651 700 970 770 sexus(87)
1006 700 1421 756 contubernales
1463 702 1601 771 apud
1640 715 1697 755 se
1731 699 1966 754 alebant.
2010 699 2072 752 ln

477 796 705 863 injustns
729 794 855 848 item
879 834 894 859 ,
924 793 1210 861 ventriqne
1234 809 1297 846 ac
1334 792 1543 847 libidini
1575 792 1788 846 deditos
1839 831 1855 855 ,
1894 791 2072 860 longis

476 891 723 941 invectus
768 895 851 941 est
878 886 1243 941 orationibus.
1276 886 1406 939 Erat
1438 886 1625 940 adhaec
1665 898 1960 953 pauperum
1994 883 2068 938 ita

472 980 748 1038 studiOsus
765 1020 781 1043 ,
802 989 859 1034 ut
882 979 1009 1033 hinc
1036 994 1063 1032 a
1081 978 1350 1048 plerisque
1374 976 1841 1049 Eleemosynarius
1864 990 2071 1047 cogno-

476 1072 715 1127 minatus
754 1071 846 1127 sit.
870 1071 1000 1127 .Uno
1027 1071 1203 1125 dicam
1235 1070 1436 1135 verbo,
1466 1080 1519 1123 et
1556 1070 1808 1124 virtutem
1850 1084 2066 1124 omnem

475 1164 739 1227 docebat,
768 1172 818 1218 et
842 1163 911 1217 ab
937 1162 1084 1217 omni
1113 1162 1246 1217 vitio
1276 1160 1607 1217 deterrebat.
1633 1160 1778 1215 Misit
1803 1170 1985 1215 autem
2019 1171 2073 1216 et

476 1259 530 1310 in
571 1255 908 1311 Phoeniciam
938 1255 1253 1320 monachos,
1290 1254 1380 1323 qui
1419 1253 1742 1309 idololatria
1765 1252 1875 1309 illic
1908 1254 2071 1309 etiam

475 1363 607 1400 num
637 1346 846 1400 deditos
873 1345 941 1398 ab
970 1358 1157 1398 errore
1187 1344 1239 1397 in
1269 1346 1410 1397 viam
1447 1344 1732 1398 reduceret
1760 1359 1776 1398 :
1805 1343 1948 1413 806
1980 1357 2074 1412 per

473 1454 610 1506 quos
642 1439 771 1492 item
798 1436 1143 1506 imperatoris
1169 1435 1379 1503 legibus
1407 1446 1678 1497 armatos,
1711 1434 1977 1489 idolorum
1996 1433 2075 1488 fa-

475 1547 544 1583 na
578 1528 864 1591 subvertit,
894 1527 1266 1581 subversionis
1292 1526 1603 1595 sumptibus
1630 1528 1733 1595 piis
1760 1526 1967 1597 aliquot
1990 1526 2073 1581 l'e-

476 1619 639 1673 minis
671 1617 1157 1688 suppeditantibus.
1176 1617 1435 1673 Celticam
1458 1617 1571 1689 (88)
1588 1618 1771 1673 adbaec
1793 1615 2070 1690 [militum]

476 1712 688 1764 turbam
714 1710 1028 1764 Arianismo
1048 1708 1303 1765 infectam
1322 1750 1337 1774 ,
1359 1710 1628 1765 ordinatis
1643 1712 1731 1779 qui
1752 1710 1868 1779 ejus
1894 1712 2072 1780 gentis

478 1803 711 1872 linguam
741 1801 1003 1856 callerent
1034 1802 1410 1856 sacerdotibus
1435 1841 1451 1866 ,
1482 1801 1917 1857 orthodoxorum
1942 1817 2070 1871 gre-

2175 626 2275 672 τας
2305 612 2691 675 συνεισάκτους
2718 610 2815 665 τοῦ
2857 610 3013 675 ἔθους
3042 611 3289 682 ἐξέκοψε,
3332 614 3431 667 καὶ
3467 616 3606 670 κατὰ
3639 620 3743 675 τῶν

2175 703 2380 759 ἀδίκων
2419 705 2513 758 val
2569 705 3002 777 γαστριμάργων
3049 704 3145 761 καὶ
3200 705 3504 777 φιληδόνων
3559 707 3744 777 λόγους

2178 796 2425 865 μακροὺς
2455 797 2787 851 κατέτεινεν.
2811 792 2922 851 Ἦν
2953 797 3012 851 δὲ
3040 798 3135 851 καὶ
3159 797 3413 867 ἐλεήμων
3438 798 3659 870 σφόδρα,
3690 800 3744 868 ἐξ

2173 876 2236 936 οὗ
2292 883 2445 953 παρά
2518 884 2733 947 πολλοῖς
2788 888 2817 938 ό
2877 885 2979 954 τῆς
3040 885 3415 957 ἑλεημοσύνης
3478 888 3743 962 ἐπεκλήθη

2188 973 2465 1043 Ἰωάννης.
2498 976 2610 1029 Kal
2648 976 2836 1039 ἁπλῶς
2881 977 3064 1030 πᾶσαν
3113 976 3213 1046 μὲν
3242 976 3450 1047 ἀρετὴν
3487 977 3745 1046 ἐδίδασκε,

2176 1068 2360 1139 πάσης
2394 1069 2450 1122 δὲ
2487 1070 2685 1132 κακίας
2716 1069 3047 1139 ἀπέτρεπεν.
3094 1068 3408 1123 Ἀπέστειλε
3449 1068 3510 1122 δὶ
3546 1070 3639 1124 καὶ
3674 1073 3747 1136 είς

2172 1160 2429 1230 Φοινίκην
2460 1162 2729 1231 μοναχοὺς
2763 1162 2848 1229 ἐφ’
2873 1155 2917 1229 ᾧ
2955 1162 3084 1224 τοὺς
3113 1160 3192 1214 ἔτι
3234 1163 3299 1231 τῇ
3339 1160 3751 1234 εἰδωλολατρεεᾳ

2175 1251 2577 1322 κατεχομένους
2620 1252 2927 1317 ἀπαλλάξαι
2970 1253 3071 1323 τῆς
3103 1252 3312 1323 πλάνης
3336 1269 3351 1283 ·
3390 1250 3488 1315 οὓς
3527 1252 3625 1306 καὶ
3668 1256 3749 1307 νό-

2178 1359 2300 1411 μοις
2341 1342 2571 1406 ὁπλίσας
2623 1342 2923 1412 βασιλικοῖς
2974 1342 3101 1405 τοὺς
3147 1343 3311 1404 ναοὺς
3360 1340 3475 1393 τῶν
3528 1340 3751 1394 εἰδώλων

2175 1434 2538 1503 κατέστρεφε,
2573 1435 2683 1488 τῶν
2716 1433 3095 1502 ἀναλωμάτων
3131 1432 3239 1486 τῶν
3267 1433 3361 1486 ἐπὶ
3400 1436 3749 1504 καταστροφῇ

2174 1526 2239 1577 ὲκ
2264 1525 2373 1577 τῶν
2414 1526 2662 1579 εὐλαὸὦν
2702 1525 2981 1593 γυναικῶν
3041 1523 3460 1593 παρεχομένων.
3513 1522 3626 1576 Kal
3665 1522 3751 1576 τὸν

2174 1617 2443 1671 Κελτικὸν
2470 1617 2527 1670 δὲ
2572 1618 2759 1686 ὅμιλον
2791 1616 3189 1690 ἀρειανίζοντα,
3230 1611 3622 1685 ὁμογλώσσους
3648 1630 3753 1684 χει-

2179 1711 2493 1781 ροτονήσας,
2546 1709 2912 1780 μετέστρεψεν
2945 1709 2991 1741 ⁸³
3020 1708 3102 1772 είς
3141 1708 3240 1779 τὴν
3282 1704 3620 1779 ὀρθοδοξίαν.
3648 1705 3753 1760 Kal

2176 1801 2270 1854 ἐπὶ
2309 1800 2404 1854 τὸν
2449 1802 2663 1872 Ἴστρον
2693 1800 2918 1872 πέμψας
2966 1800 3095 1862 τοὺς
3126 1798 3367 1870 νομάδας
3399 1797 3619 1861 Σκύθας
3669 1798 3753 1850 ἐπὶ

473 1870 583 1948 mio
600 1893 858 1948 restituit.
884 1893 963 1945 Ad
994 1892 1188 1947 Istrum
1208 1893 1433 1962 insuper
1460 1893 1648 1958 misit,
1681 1894 1772 1964 qui
1801 1870 2072 1949 Noniadas

2177 1892 2266 1947 τὸν
2296 1891 2419 1964 [141
2456 1892 2550 1965 Η.]
2574 1870 3013 1965 Χριστιήανισμδν
3044 1892 3271 1953 ἑκόντας
3298 1889 3613 1944 είλκὺσατο.
3650 1889 3753 1943 Kal

472 1986 546 2040 ibi
583 1983 814 2057 Scythas
845 1986 910 2038 ad
950 1984 1278 2041 Chrisﬁanaz
1305 1986 1443 2040 'lldei
1495 1986 1779 2041 veritatem
1824 1984 2073 2041 volentes

2177 1984 2272 2055 τὴν
2289 1986 2617 2056 Μαρκίωνος
2632 1984 2844 2057 αἵρεσιν
2869 1985 3009 2038 κατὰ
3032 1986 3131 2055 τὴν
3154 1983 3455 2053 Ἀνατολὴν
3482 1984 3753 2052 φυομένην

473 2076 836 2130 adduxerunt.
879 2076 1168 2131 Marcionis
1209 2085 1471 2146 praeterea
1527 2077 1778 2132 haeresim
1816 2076 1937 2148 (89)
1969 2116 1983 2138 .
2020 2077 2073 2131 in

2177 2074 2421 2145 ὲξένεμε.
2461 2076 2570 2127 Kal
2602 2074 2703 2137 τάς
2725 2074 3049 2146 νυκτερινὰς
3086 2072 3411 2144 ψαλμῳδίας
3460 2069 3749 2142 ἐπηύξησε.

473 2166 698 2222 Oriente
721 2176 832 2219 tum
859 2163 1270 2232 repullulantem
1289 2204 1303 2229 ,
1333 2163 1577 2218 funditus
1600 2165 1940 2234 exstirpavit.
1965 2161 2073 2217 Νο-

2177 2168 2355 2230 Μόνος
2382 2166 2439 2220 δὲ
2472 2166 2683 2237 ἤσθιεν,
2717 2167 2802 2220 ὅτι
2843 2183 2903 2220 τε
2946 2164 3091 2220 οίνον
3118 2164 3207 2219 διὰ
3239 2164 3342 2235 τὴν
3390 2163 3491 2233 τῆς
3519 2162 3754 2231 κεφαλῆς

474 2268 698 2315 cturnos
720 2257 1048 2325 psalmorum
1083 2257 1315 2327 hymnos
1339 2257 1511 2311 auxit.
1531 2256 1691 2311 Solus
1722 2271 1857 2311 vero
1893 2257 2073 2311 cibum

2179 2258 2389 2329 θέρμην
2415 2257 2516 2311 οὐκ
2542 2257 2745 2322 ἔπινεν,
2771 2259 2819 2310 εί
2862 2258 2937 2328 μή
2979 2274 3083 2310 που
3114 2258 3173 2309 ὲν
3199 2254 3277 2325 τῷ
3312 2255 3465 2325 Θέρει
3492 2253 3584 2306 τὸν
3603 2252 3648 2284 ⁸⁸
3672 2252 3752 2306 διὰ

473 2366 673 2422 capere
695 2350 934 2415 solebat,
973 2348 1082 2420 (90
1117 2351 1136 2420 )
1178 2360 1290 2403 tum
1346 2350 1487 2418 quod
1519 2351 1644 2404 vino
1660 2350 1730 2404 ob
1758 2349 1954 2418 capitis
1982 2363 2073 2403 ca-

2182 2352 2336 2424 ρόδου
2357 2352 2425 2415 ⁶⁰,
2452 2349 2548 2404 καὶ
2569 2351 2650 2405 ὃτι
2681 2351 2973 2414 κακόσιτος
2992 2348 3068 2403 ὢν
3096 2349 3196 2403 οὐκ
3219 2347 3426 2419 ἐχρῆτο
3447 2349 3562 2409 τοῖς
3590 2362 3754 2415 παρα-

476 2442 647 2497 lorem
670 2456 893 2510 prorsus
923 2440 1224 2496 abstineret
1249 2441 1375 2511 (nisi
1403 2441 1456 2495 id
1490 2440 1629 2496 forte
1645 2450 1835 2495 testate
1866 2448 2073 2493 tantum

2179 2444 2458 2514 κειμένοις
2517 2442 2667 2512 αὐτῷ
2720 2442 3014 2505 πολλάκις,
3074 2440 3188 2493 ἀλλ’
3221 2438 3341 2494 ἀντ’
3391 2437 3573 2494 αὐτῶν
3628 2436 3751 2491 ἄλλα

474 2550 596 2589 cum
613 2549 890 2588 rosaceum
910 2532 1025 2606 [9i]
1045 2534 1299 2603 biberet),
1322 2546 1432 2588 tum
1450 2535 1611 2590 etiam
1635 2536 1778 2604 quod
1803 2549 1947 2606 aegro
1966 2544 2073 2590 sto-

2179 2535 2461 2604 ἐπεζήτει,
2501 2534 2597 2589 καὶ
2636 2534 2921 2603 τρίτονὸτι
2960 2533 3223 2596 πολλάκις
3265 2532 3551 2603 σχολάζων
3580 2533 3751 2595 ἄσιτος

473 2627 670 2682 macho
691 2637 855 2692 esset,
884 2636 941 2680 ut
971 2642 1033 2682 ea
1058 2625 1174 2680 fere
1205 2642 1326 2696 qua:
1357 2628 1458 2693 ipsi
1492 2628 1930 2697 apponebantur,
1960 2641 2068 2681 non

2179 2629 2247 2683 δι’
2284 2629 2501 2699 ἡμέρας
2555 2628 2769 2699 ἔμενεν.
2802 2628 3009 2682 Ἐδόκει
3054 2627 3110 2680 δὲ
3164 2625 3242 2696 τῷ
3296 2626 3492 2696 κλήρῳ
3534 2626 3752 2695 μάλιστα

473 2718 698 2783 ederet,
732 2718 825 2771 sed
860 2718 968 2771 alia
1002 2732 1099 2788 pro
1128 2717 1215 2772 his
1254 2728 1531 2788 appeteret
1563 2736 1578 2773 :
1611 2719 1770 2772 tertio
1823 2717 2073 2786 denique!

2184 2721 2419 2792 σκληρὸς
2463 2717 2605 2774 εῖναι
2648 2720 2743 2774 καὶ
2769 2720 2997 2790 τραχύς.
3031 2720 3142 2774 Kal
3172 2718 3464 2788 Σεραπίων
3492 2716 3549 2771 δὲ
3588 2718 3616 2770 ό
3644 2716 3752 2770 διά-

473 2810 619 2878 quod
650 2810 972 2879 frequenter
1002 2810 1235 2881 negotiis
1264 2825 1488 2877 vacans,
1535 2810 1738 2881 absque
1766 2812 1889 2867 cibo
1936 2813 2073 2865 diem

2183 2830 2338 2876 κονος
2384 2812 2553 2867 αὐτοῦ
2608 2813 2808 2865 πολλοῦ
2860 2813 3053 2881 μίσους
3101 2810 3253 2881 αὑτῷ
3306 2810 3535 2878 γέγονεν
3573 2808 3750 2870 αίτιος.

475 2900 822 2970 transigeret.
854 2900 1011 2956 Clero
1057 2912 1237 2956 autem
1292 2902 1496 2972 rigidus
1530 2903 1694 2959 nimis
1724 2914 1885 2973 atque
1922 2912 2073 2973 aspel

2186 2905 2426 2968 Πολλοὺς
2453 2904 2511 2958 δὲ
2545 2906 2640 2958 καὶ
2667 2906 2696 2957 ὁ
2721 2905 2763 2936 ⁸⁸
2792 2904 3050 2970 Ἰωάννης
3072 2902 3267 2964 ἄλλους
3296 2902 3367 2955 δι’
3398 2900 3565 2963 ἄλλας
3588 2897 3753 2960 αἰτίας

475 2994 779 3049 videbatur.
815 2994 878 3049 Et
904 2994 1169 3063 Serapion
1203 2994 1343 3065 (92)
1367 2994 1484 3062 ejus
1523 2995 1784 3052 diaconus
1807 2997 2073 3067 ingentem

2185 2998 2285 3068 τῆς
2308 2996 2644 3067 Ἐκκλησίας
2684 2995 2932 3061 ἐξέϐαλε.
2962 2992 3302 3066 Προσκρούει
3334 2992 3391 3044 δὲ
3422 2989 3695 3061 Σεραπίων
3712 2987 3752 3019 ⁵³

475 3084 551 3140 illi
568 3086 821 3140 invidiam
839 3086 1227 3142 conﬂavit.Etsi
1246 3088 1441 3142 multos
1457 3090 1621 3142 etiam
1640 3089 1773 3143 alias
1787 3089 1857 3143 ob
1877 3103 2072 3145 causas

2186 3091 2282 3144 καὶ
2329 3088 2651 3160 Σεὸηριανῷ
2697 3088 2776 3160 τῷ
2807 3088 3090 3152 Γασάλων,
3130 3087 3226 3141 καὶ
3265 3086 3513 3140 τίκτεται
3557 3080 3755 3152 μεγάλη

472 3187 713 3244 Joannes
730 3179 798 3233 ab
814 3178 1056 3235 Ecclesia
1080 3180 1359 3252 relegavit.
1384 3180 1731 3235 Conﬂictatus
1763 3181 1957 3237 deinde
1973 3181 2071 3238 Se-

2190 3179 2353 3232 αὐτοῦ
2377 3178 2517 3251 πρὸς
2536 3179 2632 3232 τὸν
2663 3179 2923 3248 Ἰωάννην
2950 3176 3141 3248 ἔχθρα,
3172 3176 3240 3247 ἠν
3269 3175 3370 3230 καὶ
3403 3174 3562 3244 μέχρι
3586 3171 3755 3233 τέλους

475 3229 528 3244 .-
732 3229 794 3233 -κ-
817 3229 1056 3235 --νη-
1082 3229 1094 3234 -
1113 3229 1359 3252 -τ-υν--ν-
1391 3229 1730 3235 --η--η--η-
1767 3229 1955 3237 —------—
1975 3229 2042 3238 ~-

475 3272 664 3342 rapion
686 3274 847 3327 etiam
874 3287 995 3327 cum
1032 3272 1328 3328 Severiano
1345 3274 1671 3329 Gabalorum
1689 3276 1963 3344 episeopo,
1995 3276 2073 3330 in-

2190 3229 2514 3341 ἇᾴᾴέέήρἓζῖ
2541 3229 3140 3332 έόδὲλᾶιξὲιίτὲέέ
3164 3229 3227 3321 ιζ.
3263 3270 3335 3337 τῇ
3386 3229 3647 3335 ἐκκλησίᾳ
3670 3229 3753 3313 λάξ

474 3378 606 3433 gens
619 3364 779 3431 hujus
790 3365 1048 3419 excitavit
1070 3364 1123 3418 in
1139 3362 1399 3420 Joannem
1421 3366 1627 3431 odium,
1645 3367 1787 3435 quod
1806 3367 1873 3420 ad
1898 3376 2073 3423 extre'

2185 3381 2317 3434 γους
2347 3361 2555 3433 σφόδρα
2599 3361 2793 3432 ἠγάπα
2822 3361 2914 3415 τὸν
2950 3360 3230 3430 Ἰωάννην.
3274 3358 3502 3425 Ἥγάπα
3535 3355 3591 3409 δὲ
3615 3345 3753 3415 οὗτος

475 3471 621 3509 mum
642 3472 812 3525 usque
823 3458 1072 3527 spiritum
1090 3458 1634 3513 retinuit.Amabatur
1651 3469 1828 3514 tamen
1844 3458 2073 3514 Joannes

2183 3456 2283 3518 τὰς
2316 3454 2413 3508 τοῦ
2461 3454 2622 3523 ἁγίου
2676 3453 2892 3507 Παὺλου
2921 3452 3213 3514 ἐπιστολὰς
3260 3451 3412 3515 λίαν,
3452 3448 3546 3501 καὶ
3584 3445 3752 3516 ἡρμή-

2184 3565 2340 3601 νευεν
2403 3546 2609 3608 αὑτάς·
2666 3544 3031 3615 ἐμφανίζεται
3080 3543 3139 3598 δὲ
3184 3543 3422 3614 Πρόκλῳ
3481 3540 3572 3592 ἐπὶ
3618 3536 3752 3607 τρεῖς

2185 3639 2315 3713 [257
2351 3636 2446 3711 3.]
2481 3636 2683 3697 νύκτας
2722 3635 3093 3706 ὲμπνεόμενος
3115 3636 3143 3689 ὁ
3174 3635 3355 3705 μέγας
3387 3632 3633 3699 Ἰωάννης
3658 3624 3750 3680 ὑπὸ

2179 3732 2276 3786 τοῦ
2319 3728 2647 3786 Ἀποστόλου
2681 3730 2729 3762 ⁸³
2764 3730 2845 3793 είς
2878 3727 2978 3801 τὴν
3015 3728 3125 3783 τῶν
3170 3725 3482 3781 ἐπιστολῶν
3536 3716 3748 3778 aiatait“

2182 3823 2504 3897 ἑρμηνείαν.

472 3546 730 3615 singulari
767 3549 989 3604 smdioa
1013 3548 1208 3617 populo
1236 3592 1252 3617 ,
1276 3550 1345 3604 ob
1362 3551 1582 3604 crebras
1638 3550 1691 3604 in
1722 3550 1923 3620 templo
1952 3565 2082 3607 con-

472 3633 696 3691 rienes:
731 3645 787 3689 ut
817 3638 931 3705 ipse
972 3636 1213 3691 vicissim
1248 3637 1422 3692 sancti
1450 3636 1601 3692 Pauli
1645 3639 1905 3708 epistolas
1930 3639 2082 3693 valde

472 3728 797 3793 adamabat,
831 3744 966 3797 quas
988 3740 1043 3784 et
1065 3730 1398 3799 explanavit;
1432 3729 1689 3798 visusque
1716 3742 1801 3785 est
1825 3747 1853 3784 a
1886 3729 2082 3785 Proclo

479 3816 634 3887 (93)
665 3818 837 3873 tribus
896 3822 1154 3875 continuo
1207 3822 1457 3878 noctibus
1528 3820 1729 3878 Paulus
1777 3823 2076 3892 apostolus,

481 3925 701 3964 suarum
746 3911 819 3965 illi
850 3928 1145 3983 suggerens
1168 3913 1519 3980 epistolarum
1553 3916 2076 3985 interpretationem.

539 3998 775 4055 Offendit
818 4003 1038 4073 insuper
1055 4005 1353 4074 Augustam
1372 4004 1611 4062 Joannes
1636 4018 1859 4076 prOpter
1885 4008 2073 4063 Theu-

2181 4005 2495 4078 πατρίκιον.
2528 4005 2643 4075 Τῆς
2675 4005 2775 4075 μὲν
2805 4003 2917 4075 γάρ
2956 4003 3271 4074 παραλόγου
3307 4003 3662 4075 εἰσπράξεως,
3688 4000 3747 4069 ἢν

471 4091 751 4145 derichum
773 4094 1212 4165 (94)patricium.
1248 4095 1330 4150 Ab
1362 4098 1545 4167 iniqua
1588 4101 1731 4152 enim
1767 4100 2073 4164 exactione,

2179 4099 2359 4153 ἐποίει
2396 4100 2430 4168 ἡ
2460 4098 2697 4168 βασιλὶς,
2732 4096 2886 4167 μόλις
2926 4094 3269 4150 ἀπαλλάσσει
3298 4095 3398 4149 τὸν
3428 4094 3619 4166 ἄνδρα·
3648 4092 3674 4145 ό
3695 4089 3743 4142 δὲ

475 4181 896 4253 quamAugusta
929 4185 1204 4252 exigebat,
1226 4202 1347 4240 cum
1374 4203 1516 4257 aegre
1544 4187 2063 4245 hominemliberas-

2177 4190 2356 4246 δίδωσι
2387 4190 2465 4260 τῷ
2491 4190 2590 4261 τῆς
2615 4189 2945 4259 Ἐκκλησίας
2964 4187 3217 4258 πτωχείῳ
3240 4186 3652 4259 εὐχαριστήριον
3675 4180 3739 4251 τῷ

470 4280 593 4337 Set,
635 4272 830 4344 illeque
878 4286 999 4344 post
1058 4277 1375 4332 facultatum
1405 4280 1694 4334 maximam
1725 4292 1958 4351 partem,
2016 4292 2073 4337 ut

2177 4283 2295 4354 Θεῷ
2315 4284 2375 4336 τὸ
2403 4282 2539 4337 πολὺ
2574 4282 2741 4352 μέρος
2764 4281 2928 4335 αὑτοῦ
2961 4280 3059 4349 τῆς
3088 4279 3403 4351 ὑπάρξεως,
3436 4279 3527 4348 ὑφ’
3546 4272 3603 4332 οὗ
3623 4273 3736 4343 πρὸς

476 4363 772 4432 gratuitum
804 4366 912 4421 Deo
943 4374 1168 4435 donum,
1221 4369 1482 4425 Ecclesiae
1541 4374 1866 4441 pauperibus
1917 4376 2073 4429 altri-

2177 4376 2373 4429 κακίαν
2415 4375 2511 4429 καὶ
2556 4374 2811 4445 διαϐολὴν
2849 4372 3223 4443 ἀναφλέγεται
3266 4376 3299 4444 ἡ
3350 4372 3593 4439 Εὐδοξία.
3630 4367 3731 4419 Ὅτι

480 4454 708 4524 luisset,
760 4458 815 4513 in
844 4459 980 4514 iram
1004 4460 1132 4517 hinc
1162 4460 1405 4517 Eudoxia
1441 4464 1812 4533 invidiamque
1848 4468 2068 4522 incensa

2177 4468 2479 4539 Εὑτρόπιος
2498 4466 2664 4536 νόμον
2695 4466 2907 4533 εἰσάγει
2936 4465 3065 4529 τοὺς
3091 4464 3420 4536 πρόσφυγας
3450 4466 3548 4533 τῆς
3568 4457 3733 4525 ὲκκληυ

481 4556 586 4603 est.
628 4547 918 4622 Eutrapius
948 4553 1062 4626 (95)
1092 4554 1265 4626 legem
1296 4555 1582 4613 ferendam
1614 4568 1851 4621 curarat,
1894 4575 1961 4614 ne
2001 4562 2067 4615 ad

2177 4564 2298 4624 σίας
2339 4559 2414 4631 μὴ
2453 4560 2745 4629 τυγχάνειν
2784 4557 2882 4612 τοῦ
2907 4558 3010 4630 τῆς
3052 4558 3281 4623 ἀσυλίας
3311 4558 3623 4631 προνομίου,
3654 4548 3734 4606 καὶ

1773 4667 2008 4723 VARUE
2047 4669 2461 4726 LECTIONES.

542 4772 589 4806 ³³
630 4776 1089 4859 κατέστρεψενις.
1260 4778 1356 4859 τόν
1390 4794 1471 4859 pr.
1627 4779 1688 4859 τὸ
1716 4798 1814 4859 g.__
1855 4782 1927 4859 Λ⁶⁰
1956 4784 2122 4859 ῥόδων
2140 4802 2201 4848 ς.
2282 4785 2322 4815 θ’
2357 4785 2520 4859 dom.
2553 4781 2617 4835 Α.
2697 4783 2743 4813 ⁸⁸
2764 4782 3056 4853 Σαραπιων
3083 4780 3152 4834 A.
3230 4777 3275 4810 “
3296 4788 3418 4849 post
3456 4772 3733 4831 ἀποστόλου

474 4858 598 4900 cum
623 4847 668 4900 A
691 4847 848 4902 omisi
876 4848 1113 4903 Παύλου.
1189 4850 1235 4882 ⁸⁸
1267 4847 1435 4903 αὐτοῦ
1463 4853 1588 4906 add.
1622 4852 1689 4905 A.
1770 4854 1814 4884 ⁸³⁸
1848 4847 2174 4925 Θευδέριχον
2198 4870 2341 4908 corr.
2373 4854 2436 4908 A.

1991 4964 2225 5021 ΝΟΤΑΞ.

548 5071 567 5142 (
585 5070 693 5147 $7)
723 5070 1132 5147 συνεισάκτους,
1158 5075 1282 5147 sive
1315 5076 1788 5147 subintroductas,
1845 5086 1901 5132 et
1937 5080 2078 5147 ἀγά-

472 5140 651 5213 mea;
673 5140 965 5213 vocabant,
995 5143 1059 5197 de
1079 5145 1277 5213 quibus
1307 5147 1368 5200 ί).
1404 5148 1599 5202 Baron.
1622 5146 1751 5210 t.V,
1775 5140 1915 5203 ann.
1940 5140 2071 5204 Chr.

469 5210 668 5298 §§48,et
692 5210 753 5265 Β.
782 5210 1444 5298 (ἓτερμθιὶξιηῖηραςῃι.
1469 5217 1537 5298 a_d
1573 5216 1948 5298 Yirgin._vers.
1973 5220 2072 5287 96;

470 5282 786 5351 Orientisque
838 5282 1014 5335 distic.
1050 5299 1192 5339 vers.
1224 5286 1312 5342 15.
1340 5288 1527 5356 Ejusd.
1577 5282 1708 5343 item
1761 5282 2071 5344 Comment.

470 5351 685 5407 hicetas
709 5354 760 5405 in
794 5362 933 5408 orat.
973 5353 1062 5407 45.

543 5421 647 5509 (iiii
670 5434 693 5509 λ
720 5421 995 5509 ᾃοςίιήίαηι
1013 5422 1343 5482 Theodoret.
1374 5436 1427 5482 et
1449 5427 1671 5501 Niceph.
1692 5445 1812 5501 cap.
1830 5428 1888 5496 2,
1912 5430 2072 5486 item-

471 5507 575 5559 que
596 5497 843 5549 Cassiod.

540 5561 648 5627 (89
674 5560 697 5701 ζ
730 5562 885 5633 Apud
922 5560 1203 5620 Osrownos
1231 5565 1459 5636 Niceph.

546 5630 655 5701 (90,
721 5632 837 5698 Quo
872 5647 1001 5687 vero
1023 5635 1247 5691 consilio
1282 5638 1330 5688 id
1373 5637 1458 5690 ille

509 5630 693 5715 (QQ)
721 5630 1247 5715 Quo_vero_consilio
1282 5638 1330 5688 id
1367 5630 1458 5715 ille
1478 5636 1697 5715 fecerit,
1729 5656 1887 5715 nemo
1914 5641 2064 5715 clare

471 5700 632 5762 dixit,
647 5700 822 5771 inquit
841 5702 1060 5773 Niceph.
1081 5704 1270 5763 Plures
1297 5708 1535 5764 rationes
1553 5700 1835 5780 vidc'apud
1856 5710 2061 5764 Pallad.

470 5779 527 5825 et
557 5769 822 5838 Metapbr.

547 5840 780 5909 (91)διά
815 5842 1008 5911 ῥόδων,
1038 5847 1178 5915 quod
1203 5846 1418 5918 ῥοδίτην
1449 5850 1659 5904 vocavit
1680 5848 1863 5907 Diosc.
1894 5852 2055 5923 lib.v,

2253 3916 2377 3968 Ὀτι
2403 3913 2737 3985 προσκρούει
2769 3914 2836 3984 τῇ
2865 3910 3111 3966 Βασιλίδι
3139 3909 3229 3965 διὰ
3257 3911 3647 3984 Θεοδώριχον⁶⁵
3667 3907 3748 3962 τὸν

2251 5081 2364 5152 (9'2)
2391 5081 2466 5136 De
2489 5096 2597 5149 quo
2609 5079 2833 5148 Niceph.
2852 5095 2970 5149 cap.
2982 5079 3039 5152 ί),
3056 5078 3369 5152 et_Cassiod_.
3390 5080 3506 5152 init.
3538 5076 3663 5130 Viue
3681 5073 3735 5126 Β.

2180 5149 2465 5221 ΟΙιτγεοδι.
2483 5153 2655 5218 Quem
2668 5151 2832 5205 etiam
2843 5149 3099 5221 acerbius
3118 5149 3328 5221 incusat
3343 5150 3448 5221 Leo
3467 5149 3588 5218 imp.
3607 5153 3735 5221 orat.

2180 5223 2232 5275 in
2260 5216 2319 5275 ΒΖ
2351 5216 2636 5293 Chrysost.
2657 5235 2818 5289 quam
2843 5217 3003 5285 hujus
3019 5218 3232 5293 Georgii
3265 5220 3485 5293 vestigia
3514 5216 3737 5293 prosim

2177 5286 2554 5358 insectandos,
2608 5286 2811 5344 tantum
2849 5305 2953 5342 non
3005 5289 3073 5344 ad
3107 5286 3331 5344 verbum
3384 5286 3737 5344 hinc’vldetur

2175 5362 2604 5430 transcripsisse.

2244 5433 2361 5504 (95)
2401 5425 2680 5503 Chrysost.
2707 5430 2793 5484 bic
2827 5429 3059 5504 primum
3089 5428 3287 5494 scriba,
3330 5443 3390 5482 ac
3409 5426 3587 5504 ninth
3627 5425 3735 5504 negt

2170 5489 2415 5571 tempore
2446 5489 2843 5627 izs'episcopatu
2884 5500 3048 5555 etiam
3083 5489 3385 5556 successor.
3406 5495 3619 5564 Nicepb.
3643 5489 3731 5543 lib.

2170 5589 2283 5627 XIV.
2317 5590 2435 5627 can.
2532 5610 2548 5627 .

2170 5589 2283 5629 XIV.
2317 5590 2435 5629 (ΞΜ).
2456 5589 2548 5627 46.

2243 5590 2789 5713 (ὸὶῗὶἰείῗεῖόετὶουητ
2820 5641 2916 5713 al.
2970 5645 3095 5699 vide
3134 5640 3428 5711 Mctnphnr.
3492 5635 3572 5691 hic
3620 5630 3732 5699 post

2174 5730 2390 5772 causam
2421 5714 2704 5775 Antonini,
2740 5712 2969 5780 Pallad,
2998 5727 3108 5771 etc.

2245 5782 2358 5856 (95)
2398 5781 2621 5857 Niceph.
2657 5785 2769 5840 haec
2802 5784 2985 5851 refert,
3012 5801 3131 5852 cap.
3160 5783 3209 5839 4.
