4062 6452
306 406 424 472 349

1436 428 1970 496 BIBLIOTHECA.
2010 462 2081 470 —
2119 434 2282 497 COD.
2318 437 2520 500 XCVI.

3500 431 3614 498 350

311 525 440 618 μετ’
495 525 561 579 οὐ
596 528 737 618 πολὺ
786 532 1120 618 καταφυγὼν
1165 534 1328 601 αὐτὸς
1368 539 1470 608 τῆς
1510 543 1718 606 οἰκείας
1767 545 1907 600 ἀπο-

2033 550 2301 605 ιοοιρεὶειιη
2347 550 2784 618 confugientibus
2834 551 2977 604 sacri
3023 549 3339 604 immunitas
3380 546 3484 603 loci
3511 563 3612 600 va-

310 612 472 707 ).adst
527 617 880 687 νομοθεσίας.
926 615 1000 674 Οὗ
1034 623 1138 677 ὑπὸ
1175 626 1239 678 τὸ
1283 626 1673 704 θυσιαστήριον
1719 635 1915 707 ἐρριμ-

313 706 486 774 μένου
526 707 695 777 λόγον
723 710 1045 781 ἐλεγκτικὸν
1073 716 1353 788 διεξῆλθεν
1379 720 1408 772 ὁ
1437 721 1609 791 μέγας
1632 706 1913 796 Ἰωάννης,

307 800 407 850 καὶ
438 800 681 864 πολλοὺς
710 803 793 867 εἰς
827 806 984 873 μῖσος
1016 808 1273 879 ὲκίνησεν
1294 829 1308 842 ⁸
1341 811 1518 867 ἐδόκει
1540 817 1649 886 γὰρ
1681 819 1914 886 ἀφιλαν-

312 888 561 959 θρώπως
589 893 715 946 λίαν
737 896 1101 968 ἐπιπλήττειν
1124 901 1216 955 τὸν
1241 903 1634 976 δυστυχοῦντα.
1654 910 1781 963 Ὀτι
1808 911 1917 966 τῶν

327 983 640 1053 Ἀρειανῶν
668 986 767 1050 τὰς
798 989 1098 1061 ἐκκλησίας
1128 994 1408 1063 ἀφείλετο,
1442 1001 1532 1052 καὶ
1573 1001 1663 1053 τὸν
1692 1000 1917 1072 βασιλέα

324 1083 706 1153 αἰτησάμενος
756 1085 861 1154 τῆς
914 1088 1124 1152 πόλεως
1183 1091 1429 1157 ἐξέϐαλε.
1475 1096 1584 1149 Καὶ
1635 1097 1917 1166 ἀντίφωνα

334 1174 572 1228 ἐκείνων
607 1178 1076 1249 ἐπιτηδευσάντων
1114 1185 1192 1248 είς
1242 1186 1523 1257 ὲξαπὰτην
1565 1190 1674 1242 τῶν
1717 1192 1915 1246 ἁπλου-

341 1268 547 1338 στέρων
590 1270 752 1337 αὐτὸς
786 1273 1115 1346 ὑπερέϐαλε,
1168 1281 1556 1353 συναραμένης
1612 1283 1714 1351 τῆς
1766 1285 1919 1355 βασι-

337 1360 493 1445 ὶὲεξς,
544 1363 617 1427 ὡς
656 1367 751 1418 καὶ
799 1370 1068 1439 σταυροὺς
1120 1372 1396 1444 ἀργυροῦς
1448 1379 1561 1440 τοῖς
1594 1377 1918 1446 ἀντιφώνοις

330 1456 821 1526 παραπήγνυσθαι.
868 1461 1072 1534 Ἀρχὴν
1129 1464 1186 1518 δέ
1243 1484 1377 1536 φασι
1436 1468 1545 1522 τῶν
1600 1471 1919 1540 ἀντιφώνων

340 1549 603 1615 Ἰγνάτιον
641 1557 903 1623 γενέσθαι
932 1559 1023 1612 τὸν
1054 1558 1341 1632 θεοφόρον,
1384 1565 1652 1633 ἀγγέλους
1688 1567 1748 1620 τὺ
1778 1566 1920 1622 θεῖον

322 1641 637 1709 ὑμνοῦντας
672 1646 869 1701 τοῦτον
908 1650 1000 1704 τὸν
1036 1653 1242 1723 τρόπον
1282 1657 1761 1729 ἐκμιμησάμενον.
1795 1661 1920 1715 Ὀτι

318 1733 523 1800 Γαῖνᾶς
570 1740 600 1791 ὁ
632 1739 918 1812 Ἀρειανὸς
971 1743 1198 1811 δυνατὸς
1248 1745 1325 1801 ὢν
1358 1749 1530 1820 ᾔτησε
1585 1751 1665 1822 τῷ
1711 1752 1924 1821 βασιλεῖ

318 1824 668 1899 ἐκκλησίαν,
728 1834 825 1886 καὶ
878 1835 906 1888 ὁ
959 1834 1215 1908 Ἰωάννης
1268 1839 1463 1909 παρὼν
1523 1840 1665 1911 μετά
1716 1843 1919 1914 πολλῆς

316 1919 635 1990 ἐπετίμησε
667 1923 769 1994 τῆς
804 1928 1119 1998 παρρησίας
1144 1929 1238 1982 καὶ
1265 1930 1363 2001 τὴν
1388 1932 1606 2002 αἴτησιν
1639 1933 1915 2005 ἀπεκρού-
1956 1915 1997 1969 Β

319 2027 478 2065 σατο.
528 2014 725 2086 Χρόνῳ
755 2016 811 2070 δὲ
861 2018 1088 2091 ὕστερον
1120 2025 1310 2092 χεῖρας
1339 2022 1675 2093 ἀντάραντος
1709 2023 1920 2094 βασιλεῖ

321 2104 496 2174 μηδὲν
524 2108 802 2178 μελλήσας
827 2111 874 2142 ⁸⁸
903 2113 931 2165 ὁ
951 2113 1228 2182 Ἰωάννης,
1262 2113 1560 2180 ἀξιούντων
1584 2116 1746 2171 τοῦτο
1775 2119 1920 2172 πάν-

316 2212 469 2265 των,
530 2200 667 2271 πρὸς
719 2202 886 2257 αὑτὸν
943 2205 1309 2276 παραγίνεται
1342 2206 1916 2278 διαπρεσϐεύσασθαι,

315 2296 417 2375 καὶ
442 2295 610 2349 παύει
636 2297 757 2351 τότε
784 2298 884 2369 τὴν
913 2302 1303 2357 ἐπανάστασιν.

2022 639 2174 695 leret.
2217 640 2321 695 Sed
2374 650 2495 709 post
2527 656 2631 694 non
2673 640 2761 695 diu
2794 656 2915 695 cum
2946 639 3239 709 Eutropius
3268 638 3384 708 ipse
3425 638 3491 692 ad
3524 653 3614 692 ec-

2018 732 2240 787 clesiam
2299 733 2648 803 perfugisset,
2699 733 2831 804 legis
2882 750 2995 791 sua:
3038 732 3273 789 fructum
3328 730 3471 786 tulit.
3532 730 3613 785 Eo

2019 823 2185 893 igitur
2231 823 2295 877 ad
2338 841 2484 879 aram
2528 829 2835 895 :prostrato,
2902 824 3347 896 reprehensionis
3393 823 3610 892 plenam

2019 916 2323 971 orationem
2365 916 2894 983 ailhihnitJoaunes,
2931 934 3034 987 qua
3064 916 3419 986 plurimorum
3457 914 3511 968 iu
3552 926 3614 967 se

2020 1012 2202 1065 odium
2228 1011 2543 1065 concitavit.
2609 1008 2783 1066 Nimis
2835 1011 2982 1064 enim
3026 1010 3319 1063 inhumane
3352 1004 3610 1061 amictum

2021 1103 2296 1157 hominem
2326 1102 2577 1172 accipere
2608 1103 2757 1157 visus
2787 1112 2890 1157 est.
2948 1102 3169 1157 Arianis
3201 1115 3388 1156 sacras
3426 1099 3609 1154 eccle-

2022 1195 2133 1249 sias
2158 1195 2380 1261 ademit,
2399 1204 2474 1259 et,
2504 1195 2851 1263 imperatoris
2869 1196 3158 1262 implorata
3186 1209 3311 1261 ope,
3341 1192 3612 1246 Constan-

2024 1287 2243 1356 tinopoli
2301 1288 2500 1357 exegit.
2574 1287 2902 1355 Autiphonis
2971 1285 3087 1357 (96)
3151 1286 3279 1339 item
3334 1282 3615 1357 [alternis

2021 1382 2325 1448 cautaudis,
2354 1380 2375 1453 ]
2425 1381 2623 1450 quibus
2672 1382 2744 1434 illi
2775 1382 3091 1448 compositis
3127 1379 3335 1448 plebem
3370 1377 3611 1432 circum-

2021 1476 2331 1532 veniebant.
2382 1475 2529 1544 81a
2580 1474 2797 1528 eosdem
2849 1476 3175 1542 superavit:
3211 1472 3284 1524 ita
3319 1469 3612 1537 adjuvante

2020 1566 2283 1633 AnguSIa,
2337 1577 2389 1619 ut
2453 1576 2508 1618 et
2550 1574 2821 1634 argenteae
2863 1579 3054 1617 cruces
3078 1563 3144 1615 ad
3179 1560 3611 1631 autiphonorunt

2021 1669 2239 1713 cantum
2286 1658 2653 1713 decorandum
2696 1656 3110 1711 adhiberentur.
3166 1654 3431 1709 Cancrum
3471 1651 3616 1705 auti—

2022 1749 2323 1819 phonorum
2390 1750 2658 1820 originem
2714 1750 2783 1804 ad
2832 1748 3100 1819 Ignatium
3157 1747 3305 1802 illum
3368 1744 3613 1810 divinum

2025 1842 2295 1897 hominem
2349 1842 2612 1905 referunt,
2674 1841 2859 1897 laudes
2887 1840 2981 1896 Dei
3010 1840 3362 1895 concinentes
3391 1836 3617 1908 angelos

2027 1936 2126 1988 hac
2152 1936 2202 1987 in
2230 1949 2287 1987 re
2308 1933 2629 1988 imitantem.
2650 1931 2977 2002 Gainasl97)
2997 1932 3249 1995 Arianus,
3274 1945 3396 1984 cum
3418 1940 3615 1998 poten-

2026 2026 2097 2079 tia
2135 2024 2334 2079 valeret
2374 2024 2691 2093 plnrimutn,
2722 2022 2977 2091 temphnn
3005 2021 3224 2075 Arianis
3253 2021 3368 2075 suis
3399 2019 3452 2073 iu
3485 2019 3621 2070 urbe

2024 2117 2096 2172 ab
2120 2117 2445 2185 imperatore
2473 2116 2805 2185 postulabat.
2835 2113 2940 2169 Sed
2970 2113 3206 2169 Joannes
3228 2113 3299 2167 ibi
3333 2123 3443 2167 tum
3474 2125 3617 2179 pra:-

2025 2224 2177 2273 sens,
2210 2209 2413 2280 ingenti
2442 2223 2563 2264 cum
2598 2208 2850 2261 libertate
2874 2223 2984 2261 rein
3017 2207 3234 2276 penitus
3264 2201 3619 2274 improbavit,

2020 2303 2341 2372 obstititque
2387 2316 2455 2356 ne
2520 2300 2786 2369 postulata
2852 2300 2939 2355 ille
3008 2299 3280 2354 obtineret
3326 2311 3444 2351 sua.
3492 2292 3627 2347 Post

320 2380 495 2470 igitur
537 2402 663 2443 cum
711 2392 894 2461 copias
922 2392 1086 2459 idem,
1129 2408 1319 2450 contra
1349 2396 1735 2467 imperatorem
1764 2400 2075 2470 insurgens,
2110 2398 2442 2465 collegisset,
2470 2394 2733 2461 Joannes,
2766 2394 2894 2447 nihil
2923 2394 3152 2461 veritus,
3182 2390 3407 2461 reliquis
3441 2387 3626 2444 omni-

318 2462 357 2516 1)

394 2576 523 2629 Ὅτι
572 2578 831 2643 Εὐσέϐιος
874 2580 983 2634 ἀπὸ
1028 2581 1123 2635 τοῦ
1176 2584 1484 2639 Κελϐιανοῢ
1520 2588 1564 2619 ⁸⁷
1618 2588 1924 2653 ἐπίσκοπος

325 2668 899 2735 Οὒαλεντινουπόλεως
934 2672 980 2704 ⁸³
1020 2676 1163 2729 κατὰ
1203 2676 1523 2733 Ἀντωνίνου
1552 2681 1597 2713 ⁸⁸
1629 2679 1725 2734 τοῦ
1771 2681 1929 2750 Ἐφε-

328 2764 467 2815 σίων
516 2762 795 2829 λιϐἐλλους
844 2766 1144 2823 ἐπιδίδωσι.
1193 2769 1511 2844 Περιείχετο
1576 2774 1633 2828 δὲ
1682 2777 1793 2840 τοῖς
1847 2774 1929 2846 βι-

327 2857 502 2919 ϐλίοις
539 2855 669 2927 [142
710 2856 806 2929 IL]
850 2859 1178 2931 ἐγκλήματα
1222 2863 1385 2930 ὲπτά,
1434 2865 1742 2938 ἱεροσυλίας
1770 2866 1919 2937 τρίαο

325 2949 427 2999 καὶ
473 2948 555 3001 ὅτι
600 2949 770 3003 παῖδα
828 2951 995 3020 φονέα
1038 2955 1304 3021 γεγονότα
1362 2958 1760 3028 ἀνεπιτίμητον
1810 2958 1925 3029 ἔχει

330 3041 455 3111 μεθ’
494 3041 694 3095 ἑαυτοῦ
718 3058 733 3073 ο
769 3046 863 3097 καὶ
896 3046 979 3099 ὅτι
1024 3047 1084 3100 τὸ
1110 3048 1367 3119 διαφέρον
1398 3054 1467 3122 τῇ
1500 3050 1803 3124 Ἐκκλησία
1830 3054 1924 3107 τό·

328 3150 461 3189 πιον
483 3133 532 3165 ’⁸
558 3172 574 3197 ,
599 3134 736 3205 ὅπερ
762 3134 1022 3189 Βασιλίνα
1053 3139 1087 3208 ή
1116 3138 1212 3191 τοῦ
1265 3139 1553 3194 Ἰουλιανοῦ
1579 3143 1767 3215 μήτηρ
1795 3161 1929 3197 κατ-

324 3227 511 3290 έλιπε,
561 3227 822 3299 πωλήσας
872 3230 1302 3302 ἐσφετερίσατο⁸
1351 3234 1446 3287 καὶ
1489 3235 1571 3289 ὅτι
1603 3238 1669 3307 τῇ
1703 3238 1929 3306 γυναικὶ

324 3319 752 3389 ἀποταξάμενος
795 3322 1105 3393 συνήπτετο
1133 3326 1234 3378 καὶ
1266 3325 1688 3400 ὲπαιδοποίησεν
1734 3330 1795 3395 ἐξ
1830 3331 1928 3382 αὐ-

362 2494 424 2533 ιιε
457 2478 510 2534 id
543 2481 962 2551 postulantibus,
1013 2486 1081 2540 ad
1142 2488 1432 2543 barbarum
1493 2490 1818 2561 legationem
1862 2493 2121 2565 instituit,
2168 2507 2232 2546 ac
2257 2490 2608 2545 rebellionem
2644 2490 2990 2559 compressit.

2103 2586 2367 2644 Eusebius
2398 2585 2859 2655 Valentianopolis
2897 2592 3019 2653 post
3044 2580 3367 2637 Celbianum
3413 2576 3626 2647 episco-

2026 2698 2165 2753 pus,
2224 2692 2413 2736 coutra
2458 2681 2795 2734 Antoninum
2830 2678 2942 2750 (98)
3004 2675 3364 2745 Ephesiorum
3403 2672 3625 2727 antisti-

2031 2785 2138 2830 tem
2174 2774 2384 2829 libellos
2414 2773 2632 2839 obtulit,
2683 2770 2881 2842 quibus
2904 2770 2996 2825 ille
3024 2779 3233 2839 septem
3257 2766 3626 2823 accusationis

2028 2867 2207 2938 capita
2241 2867 2353 2937 (99)
2388 2866 2702 2935 complexus
2723 2872 2844 2932 est;
2894 2862 3184 2932 sacrilegia
3232 2860 3381 2929 tria;
3432 2859 3630 2915 deinde

2032 2961 2176 3031 quod
2204 2974 2427 3028 puerum
2459 2958 2809 3024 homicidam,
2852 2970 3014 3025 quem
3065 2955 3270 3011 idcirco
3327 2966 3395 3007 ne
3435 2964 3623 3021 repre-

2035 3047 2313 3102 hendisset
2340 3046 2582 3115 quidem,
2614 3047 2754 3115 apud
2779 3060 2838 3101 se
2859 3046 3120 3100 haberet:
3152 3055 3264 3098 tum
3290 3043 3433 3110 quod
3473 3042 3631 3111 quid-

2035 3140 2162 3208 quid
2214 3141 2278 3191 all
2315 3138 2570 3193 Ecclesize
2597 3139 2890 3193 utilitatem
2912 3153 2941 3192 a
2963 3136 3201 3192 Basilina
3224 3134 3424 3189 Juliani
3454 3144 3631 3189 matre

2038 3231 2289 3287 relictmn
2322 3241 2493 3297 esset,
2527 3232 2641 3300 ipse
2662 3229 3019 3297 vendidisset,
3037 3228 3587 3299 sibiquevindicasset
3614 3244 3631 3281 :

2039 3322 2181 3389 quod
2219 3336 2387 3374 uxore
2441 3329 2725 3389 prwterea,
2791 3334 2952 3389 quam
2989 3319 3209 3389 pietatis
3256 3328 3416 3371 antea
3454 3315 3638 3372 studio

324 3410 455 3477 τῆς·
526 3409 757 3480 ἕϐδομον
811 3410 868 3464 δὲ
927 3412 1009 3464 ὅτι
1068 3413 1163 3465 ἐπὶ
1214 3414 1464 3485 χρήμασι
1504 3416 1548 3447 ⁷¹
1614 3419 1928 3487 χειροτονεῖ.

2037 3415 2378 3476 deseruerat,
2412 3429 2599 3467 rursus
2630 3411 2974 3465 familiariter
3002 3420 3268 3472 uteretur,
3299 3425 3363 3463 ac
3386 3407 3632 3464 sobolem

340 3501 701 3566 Ἐξετάζεται
753 3502 827 3568 ὡς
865 3504 913 3535 ⁷²
954 3503 1256 3575 βαρύτερον
1300 3507 1362 3559 τὸ
1401 3506 1653 3575 ἕϐδομον,
1698 3512 1791 3562 καὶ
1832 3510 1933 3579 τῆς

329 3592 497 3664 δίκης
529 3592 628 3646 ἐπὶ
678 3593 814 3647 πολὺ
858 3596 1332 3668 παρατεινομένης
1376 3598 1801 3670 (ἐχρηματίζετο
1824 3601 1933 3672 γὰρ

330 3686 688 3740 ἐθελοκακεῖν
717 3687 809 3740 καὶ
836 3688 864 3740 ὁ
899 3689 1253 3760 κατήγορος),
1278 3692 1305 3743 ὁ
1342 3691 1441 3760 μὲν
1488 3692 1806 3755 Ἀντωνῖνος
1842 3710 1933 3746 τε-

333 3777 527 3849 λευτᾷ,
556 3779 584 3831 ό
621 3778 677 3831 δὲ
714 3778 887 3848 μέγας
922 3777 1174 3849 Ἰωάννης
1196 3780 1331 3851 πρὸς
1358 3780 1457 3851 τὴν
1490 3782 1723 3851 Ἔφεσον
1754 3800 1934 3854 παρα-

340 3869 574 3940 γίνεται,
606 3868 854 3932 καὶτοὺς
891 3869 980 3922 ἐπὶ
1013 3870 1258 3940 χρήμασι
1288 3870 1766 3939 χειροτονηθέντας
1802 3887 1934 3939 συγ-

352 3959 777 4030 καταθεμένους,
806 3960 867 4026 EE
892 3960 1054 4024 ὄντας
1075 3961 1168 4015 τὸν
1195 3961 1451 4033 ἀριθμὸν,
1473 3962 1747 4032 καθαιρεῖ.
1786 3962 1936 4017 Καθ-

354 4054 504 4121 αιρεῖ
527 4052 584 4105 δὲ
644 4053 741 4106 καὶ
776 4054 999 4125 ἑτέρους
1039 4053 1097 4121 ἒξ
1124 4056 1182 4107 ὲν
1220 4056 1287 4125 τῇ
1335 4054 1493 4125 Ἀσίᾳ
1521 4054 1609 4108 διὰ
1634 4056 1735 4124 τὴν
1763 4056 1936 4127 αὐτὴν

342 4142 518 4196 νόσον.
556 4142 671 4196 Καὶ
693 4147 992 4214 χειροτονεῖ
1014 4144 1136 4197 ἀντὶ
1162 4143 1263 4214 μὲν
1306 4144 1628 4198 Ἀντωνίνου
1649 4145 1939 4218 Ἡρακλεί-

336 4231 439 4300 δην
468 4231 564 4283 τὸν
595 4233 793 4285 οἰκεῖον
850 4234 1121 4297 διάκονον,
1156 4234 1240 4303 ἐφ’
1274 4228 1318 4304 ᾧ
1353 4235 1448 4289 καὶ
1480 4237 1671 4300 στάσις
1698 4237 1938 4309 συμϐαί-

335 4341 445 4391 νει,
490 4327 589 4378 καὶ
623 4324 744 4379 ἀντὶ
790 4325 901 4379 τῶν
928 4328 1132 4381 λοιπῶν
1167 4329 1390 4401 ἐτέρους
1436 4330 1694 4403 εὐλαϐείᾳ
1747 4334 1843 4387 καὶ
1869 4334 1936 4404 τῇ

338 4416 484 4489 ἄλλῃ
523 4416 692 4489 ἀρετῇ
731 4417 866 4472 πολὺ
921 4419 1303 4490 διαφέροντας.
1356 4422 1500 4475 Ἀλλ’
1534 4416 1683 4477 οὗτοι
1735 4429 1942 4489 πάντες

340 4509 723 4581 ὲξορισθέντος
748 4510 841 4564 τοῦ
888 4512 1281 4584 Χρυσοστόμου
1307 4514 1416 4568 τῶν
1447 4516 1766 4569 ἐπισκοπῶν
1828 4517 1938 4571 ἀπ-

339 4601 655 4673 ηλάθησαν,
669 4604 777 4657 τῶν
794 4606 1265 4676 κατεγνωσμένων
1287 4608 1381 4661 καὶ
1403 4608 1822 4680 ἐκϐεϐλημένων
1840 4610 1945 4665 πά·

340 4692 434 4746 λιν
455 4698 568 4758 τοῖς
597 4695 806 4765 θρόνοις
830 4698 1313 4765 ὲγκαταστάντων.

2035 3507 2201 3560 etiam
2257 3522 2322 3560 ex
2371 3521 2432 3560 ea
2473 3504 2781 3560 sustulisset
2814 3520 2828 3557 :
2868 3503 3157 3573 septimum
3197 3502 3455 3570 denique,
3486 3499 3634 3569 quod

2038 3597 2265 3666 pecuttia
2319 3606 2611 3663 corruptus
2659 3597 2957 3650 ordinaret.
3019 3595 3077 3647 in
3117 3595 3409 3662 septimum
3451 3603 3633 3645 autem

2038 3691 2268 3754 crimen,
2330 3705 2453 3744 cutn
2501 3688 2553 3742 id
2601 3688 2843 3742 omnium
2892 3686 3271 3757 gravissimum
3337 3687 3638 3749 videretur,

2038 3783 2356 3853 inquisitum
2386 3793 2488 3837 est.
2516 3783 2583 3836 At
2612 3783 2739 3837 dum
2759 3782 3023 3851 judicium
3051 3783 3153 3834 hoc
3182 3780 3233 3833 in
3263 3781 3481 3848 longum
3514 3794 3642 3849 pro-

2042 3872 2356 3925 tenderetur
2409 3871 2499 3942 (de
2528 3871 2794 3927 industria
2822 3871 2969 3925 enim
3013 3871 3259 3940 improbe
3288 3885 3449 3938 agere
3472 3868 3639 3924 etiam

2040 3962 2157 4030 ipse
2198 3972 2481 4017 accusator
2508 3962 2844 4032 dicebatur),
2882 3961 3188 4016 Antoninus
3244 3959 3462 4014 interim
3496 3960 3641 4014 diem

2040 4054 2236 4110 clausit
2269 4065 2598 4110 extremum.
2636 4054 2817 4122 Quare
2845 4070 3073 4125 magnus
3102 4052 3342 4109 Joannes
3369 4052 3643 4124 Ephesum

2042 4148 2155 4216 ipse
2189 4149 2576 4216 proﬁciscitur,
2608 4149 2949 4219 pecuniaque
2996 4148 3297 4213 ordinatos,
3337 4156 3394 4203 et
3434 4146 3646 4201 crimen

2042 4242 2237 4307 lassos,
2300 4257 2396 4296 sex
2448 4258 2701 4306 numero,
2752 4243 2971 4298 sedibus
3024 4243 3324 4298 submovit.
3388 4238 3646 4295 Totidem

2042 4335 2177 4389 alios
2216 4336 2267 4389 in
2309 4352 2373 4391 ea
2435 4337 2548 4404 ipsa
2588 4338 2716 4391 Asia
2766 4338 2837 4392 ob
2886 4334 3029 4390 idem
3067 4337 3274 4389 crimen
3325 4335 3643 4403 episcopatu

2044 4430 2274 4497 expulit.
2311 4429 2370 4483 lu
2396 4430 2653 4484 Antonini
2696 4445 2826 4483 vero
2871 4429 3049 4483 locum
3087 4427 3427 4484 Heraclidem
3469 4427 3652 4481 diaco-

2048 4538 2176 4574 num
2212 4538 2366 4575 suum
2402 4521 2637 4588 suffecit,
2675 4523 2819 4577 unde
2846 4532 2901 4576 et
2944 4522 3139 4576 seditio
3169 4531 3357 4574 exorta
3396 4530 3500 4575 est.
3540 4517 3655 4572 Pro

2046 4613 2315 4670 submotis
2342 4615 2472 4669 item
2510 4615 2616 4668 illis
2643 4615 2789 4681 aliis,
2821 4616 3040 4683 pietate,
3065 4614 3391 4683 ceterisque
3423 4611 3646 4665 virtuti-

2048 4704 2150 4761 hus
2178 4706 2335 4778 longe
2366 4710 2622 4763 meliores
2669 4708 2955 4778 episcopos
3014 4707 3246 4762 creavit.
3315 4705 3417 4773 Qui
3469 4713 3656 4762 tamen

347 4802 569 4852 omnes,
602 4789 752 4858 pulso
785 4801 906 4859 pust
951 4792 1003 4846 in
1048 4793 1301 4847 exsilium
1328 4791 1746 4862 Chrysostomo,
1796 4794 2113 4868 episcopatu
2138 4803 2336 4871 privati
2369 4813 2517 4869 sunt,
2585 4802 2899 4874 receptique
2964 4802 3083 4858 suis
3140 4815 3358 4856 rursum
3400 4798 3653 4854 sedibus.

348 4882 449 4949 qui
475 4881 691 4950 judicio
720 4885 878 4954 cjecti
904 4896 1082 4941 erant.

432 4971 557 5028 Ὀτι
589 4978 923 5050 Σεϐηριανὺς
976 4980 1004 5032 ὁ
1037 4980 1298 5040 Γαϐάλων
1331 4980 1522 5050 μαθὼν
1569 4982 1845 5054 Ἀντίοχον
1883 5000 1928 5038 et

2124 4983 2454 5039 Severianus
2508 4983 2586 5053 (l)
2645 4980 2865 5052 quidam
2925 4977 3256 5035 Gabalorum
3333 4976 3646 5046 episc0pus,

265 5056 273 5065 ’
351 5069 932 5127 Κωνσταντινουπόλει
969 5076 1385 5146 παραγεγονότα
1413 5076 1506 5129 καὶ
1533 5074 1660 5148 [260
1693 5076 1786 5149 IL]
1812 5078 1948 5148 χρήη

2056 5074 2274 5144 cognito
2328 5070 2658 5125 Antiochum
2697 5067 3229 5137 Constantinopolim
3277 5065 3492 5119 venisse
3520 5060 3601 5132 (ξ)
3629 5098 3648 5125 ,

1687 5209 1922 5266 VARI/E
1956 5208 2367 5266 LECTIONES.

433 5300 483 5332 “
515 5301 637 5354 libri
667 5304 931 5371 μελήσας.
1039 5305 1084 5337 ⁸⁷
1111 5305 1171 5357 τὸ
1204 5304 1487 5359 κελϐιανὸν
1517 5308 1581 5361 Α.

353 5374 472 5426 πᾶν
503 5374 567 5426 Α.
642 5376 685 5407 ⁷⁸
714 5378 977 5447 χρήματα
1004 5394 1064 5442 ς.

1690 5308 1734 5339 ⁸⁸
1761 5308 2379 5373 Οὐαλεντιανουπόλεως
2412 5325 2474 5374 ς.

1144 5379 1189 5407 ⁷³
1217 5389 1340 5432 ante
1364 5378 1437 5441 ὡς
1461 5395 1583 5431 cum
1614 5380 1659 5433 A
1680 5381 1838 5433 omisi
1880 5379 1958 5433 δέ.

2567 5307 2613 5340 ⁸³
2662 5306 2951 5359 Ἀντωνὲου
2980 5320 3041 5369 ς.
3131 5303 3179 5334 ⁷⁸
3204 5299 3393 5353 τόπιον
3418 5296 3461 5353 C
3494 5313 3558 5364 ς.
3586 5292 3653 5347 τδ

1909 5469 2146 5527 ΝΟΤιΕ.
3164 5488 3173 5502 ·

432 5558 549 5628 (96)
602 5559 914 5628 Ἀντίφωνα
939 5562 1200 5617 describit
1236 5561 1463 5632 Niceph.
1490 5580 1508 5613 ι
1532 5560 1810 5629 Carmina,
1834 5579 1955 5632 qua:

359 5632 593 5686 alternis
630 5646 726 5702 per
776 5632 1186 5702 responsionem
1222 5636 1607 5689 concinuntur.
1645 5653 1663 5686 ι
1706 5632 1842 5689 Vide
1870 5648 1953 5688 too

365 5714 477 5757 tum
504 5717 623 5770 cap.
656 5699 710 5753 8.

438 5771 554 5845 (97)
601 5770 895 5845 DeGaiua,
926 5772 1039 5845 lege
1074 5771 1299 5845 Niceph.
1327 5789 1448 5843 cap.
1483 5774 1517 5829 5
1548 5784 1603 5828 et
1639 5773 1689 5827 6.

433 5844 551 5911 (98)
592 5843 694 5908 Qui
727 5844 869 5916 apud
898 5843 1187 5911 Nicephor.
1210 5843 1411 5916 'cap.9,
1442 5855 1495 5901 et
1527 5846 1695 5902 semel
1721 5844 1808 5901 hic
1838 5859 1943 5901 non

364 5926 517 5974 recte
538 5915 805 5971 Antonius
822 5916 1140 5986 appellatur.

2136 5563 2249 5633 (99)
2286 5562 2419 5629 Qum
2450 5561 2596 5629 leges
2628 5559 2764 5633 apud
2796 5556 2999 5633 Pallad.
3039 5552 3387 5633 ethietaphr.

2139 5624 2219 5704 (1)
2235 5624 2613 5704 'Ptoletnaidis
2636 5624 3070 5704 Syriaefpiscop:
3104 5624 3333 5704 Niichh.

2135 5693 2213 5775 t2)
2252 5703 2478 5773 Niceph.
2507 5704 2623 5757 hzec
2657 5693 2792 5775 (ιὶιμ.Δ
2814 5693 2878 5760 5,
2907 5698 3007 5775 sub
3039 5696 3132 5750 lin.
3156 5693 3348 5775 ἠερίης
3374 5704 3554 5775 autem
3585 5712 3653 5775 ex

2057 5763 2321 5844 hoc-ipso
2366 5763 2623 5843 producta
2677 5763 3652 5844 testimoniaapudu'l'heoiloret.‘iu

2058 5837 2335 5912 Eram-sta,
2366 5837 2736 5914 meminitque
2782 5837 3029 5897 Gennad.
3071 5837 3129 5893 ‘tu
3163 5837 3341 5893 Calai.
3390 5853 3512 5907 cap.
3552 5837 3648 5896 2i.
