2031 3231
122 187 180 220 353

699 179 965 212 BIBLIOTHECA.
980 191 1015 196 -—
1033 178 1115 209 COD.
1134 178 1235 209 XCVI.

1733 175 1787 206 3M

125 245 317 281 ιπικειμένην
342 243 426 279 ὀργὴν
454 242 501 270 ἐπὶ
526 241 557 268 τὸ
580 242 629 277 τῆς
643 241 759 277 Νιτρίας
770 240 843 275 ὅρος,
866 234 951 271 ὲνῷ,

1001 245 1082 265 orum
1091 236 1243 271 Theophila
1254 234 1375 262 conscio.
1397 234 1518 262 Secessu
1534 239 1619 270 Igdur
1630 233 1788 262 devitanda!

126 294 177 320 καὶ
189 292 258 328 πρὶν
279 289 379 325 κελλίῳ
395 287 526 324 ἡσύχαζε.
543 287 603 313 Τῶν
624 286 653 313 δὲ
666 286 717 321 τῆς
729 285 868 320 Αἰγύπτου
885 292 933 319 μο-

127 339 290 375 ναστηρίων
315 338 464 372 Διόσκορος
485 335 603 371 ἡγοῦντο
624 335 672 361 καὶ
698 332 854 369 Ἀμμώνιος
885 332 934 358 καὶ

130 384 271 419 Εὑθύμιος
299 384 348 409 καὶ
381 382 509 411 Εὑσέῦιος
533 380 653 414 ἀδελφοὶ,
676 378 723 411 οὓς
746 379 800 405 ἀπὸ
816 377 866 413 τῆς
886 376 933 403 τοῦ

130 430 262 464 σώματος
274 428 433 463 ἀναδρομῆς
445 426 585 460 Μακρρὺς
595 426 720 453 ἐκάλουν.
728 424 832 460 Συνέϐη
840 423 934 451 δὲτότε

129 476 162 501 τὸ
178 475 256 501 κατὰ.
272 474 325 500 τῶν
348 472 640 508 Ἀνθρωπομοριριτῶν
651 471 803 508 ἐκραγῆναι
819 470 935 505 φιλονεί-

133 528 221 554 κτγμο.
230 519 268 547 δ’.
283 519 339 545 Καὶ
356 518 554 549 στασιαζόντων
567 517 623 544 τῶν
643 517 715 544 κατὰ
727 517 776 552 τὴν
798 516 937 550 Ατγυπτον

138 566 209 601 Bm
229 564 280 602 IL]
297 563 426 600 μοναχῶν,
454 564 646 598 ἀγραμμάτων
662 562 748 589 όντων
763 563 811 589 καὶ
840 561 939 597 ἀγροί-

143 621 206 638 κων
223 612 278 638 τῶν
295 611 405 642 πολλῶν,
420 611 434 636 ὁ
452 610 591 643 Θεόφιλος,
604 609 666 636 ἐπεὶ
679 610 835 643 ἐπέστησαν
852 607 938 642 αὐτῷ,

146 657 284 687 δεδοικὼς,
304 656 340 687 ὡς
359 655 457 687 ἐδόκει,
483 654 708 689 κατασοφίζεται,
728 653 775 680 καί
790 661 857 688 φησι
871 653 941 688 πρὸς

146 703 246 734 αὐτούς
257 711 265 717 ·
279 700 370 728 Εἶδον
395 702 431 727 τὰ
448 702 594 734 πρόσωπα
614 699 698 735 ὑμῶν
720 700 761 732 ὡς
778 699 942 734 πρόσωπον

146 749 230 777 Θεοῦ.
261 749 324 775 Τῶν
341 748 370 774 δὲ
392 748 440 774 καὶ
467 747 618 782 Ὠριγένην,
640 746 678 778 ὡς
689 746 895 782 ἀσχημάτιστον
910 746 941 771 τὸ

144 797 213 821 θεῖον
229 795 346 829 λέγοντα
361 815 367 827 ,
389 793 639 829 ἀναθεματισθῆναι
664 791 943 828 προσεπιζητούντων

142 842 279 876 ὑπέσχετο
295 841 422 876 ποιήσειν
435 840 458 855 ⁸³
479 839 628 872 καὶτοῦτο,
643 839 693 865 καὶ
713 838 824 873 διέφυγε
838 838 884 864 τὸν
899 837 944 864 θά-

141 897 233 916 νατον.
259 888 372 922 Ταύτης
394 887 565 922 δραξάμενος
589 886 662 914 κατὰ
690 886 745 913 τῶν
759 885 874 921 μακρῶν
894 885 944 921 τῆς

983 283 1134 310 iracundias
1158 283 1184 308 iu
1202 286 1320 308 montem
1336 280 1441 313 Nitrize,
1469 280 1647 315 quietemque
1672 280 1739 307 iuibi
1758 280 1786 307 in

984 330 1067 357 solita
1083 328 1151 356 cella
1166 327 1292 362 quaesivit
1308 335 1315 354 :
1335 334 1396 354 cum
1418 334 1451 354 eo
1466 330 1591 361 tempore
1608 326 1789 354 monasterio-

983 384 1043 404 rum
1059 383 1107 411 per
1122 374 1271 410 Egyptum
1293 374 1412 408 praefecti
1428 377 1520 400 essent
1534 372 1693 405 Dioscorus,
1713 373 1788 407 82a

984 420 1340 456 Ammonius,Euthymius,
1355 425 1383 448 et
1393 420 1529 447 Eusebius
1542 420 1664 455 germani
1679 420 1789 451 fratres,

985 476 1056 504 quos
1082 477 1097 496 a
1120 475 1264 503 corporum
1290 467 1456 502 proceritate
1470 466 1574 501 Longos
1603 465 1787 501 appellabant.

987 514 1126 543 Gliscebat
1151 521 1182 541 ea
1208 517 1370 548 tempestate
1395 512 1534 539 contentio
1546 519 1607 539 cum
1630 512 1790 546 Anthropo-

989 561 1133 597 morphitis
1145 560 1292 588 htereticis.
1310 558 1407 586 Versis
1423 564 1514 585 autem
1533 566 1567 585 ex
1591 565 1624 585 eo
1638 559 1664 585 in
1678 558 1788 585 seditio-

989 617 1063 642 nem,
1094 607 1244 641 turbasque
1261 613 1309 641 per
1322 604 1474 641 Egyptum
1488 604 1690 632 concitantibus
1702 611 1794 631 mena-

990 655 1048 682 citis
1064 653 1166 688 aliquot
1187 653 1303 680 indoctis
1328 652 1530 687 etagrestibus.
1555 650 1732 684 Theophilus,
1757 650 1791 676 ab

991 702 1034 729 his
1044 701 1251 733 circumsessus,
1271 706 1326 734 pra:
1339 703 1426 729 metu,
1450 703 1479 725 ut
1493 702 1618 732 apparet,
1637 696 1792 731 hujusmodi

992 753 1039 774 eos
1056 747 1223 782 sophismate
1257 745 1356 772 delusit
1372 753 1379 772 :
1409 744 1454 772 Sic
1470 750 1578 775 vestras,
1595 743 1692 776 inquit,
1710 742 1792 777 [acies

993 794 1060 827 vidi,
1088 798 1116 820 ut
1148 793 1244 827 {aciem
1271 792 1331 819 Dei.
1360 792 1394 818 At
1415 798 1477 818 cum
1492 790 1518 817 hi
1536 795 1667 824 pneterea
1683 790 1717 816 ab
1734 790 1793 823 ipso

995 839 1174 875 postularent,
1204 837 1375 873 utOrigenes
1396 844 1516 872 quoque,
1541 836 1614 870 quod
1639 835 1792 862 ishumaua

997 887 1081 913 Deum
1095 885 1180 912 forma
1195 891 1291 912 carere
1307 888 1453 916 assereret,
1484 882 1660 909 anathemate
1679 882 1795 907 damna-

140 935 312 970 προφᾶσεως
337 919 378 970 (οὐ
393 919 603 968 γαργέέούλοντο
620 932 672 965 ἔτι,
688 919 784 968 ὥσπερ
798 919 943 968 πρότερον,

1001 938 1087 965 retur;
1113 931 1249 959 facturum
1270 938 1301 958 se
1314 930 1426 964 recepit,
1450 929 1544 963 sicque
1560 934 1673 955 mortem
1689 927 1794 955 devita-

139 980 218 1014 αὐτῷ
229 979 451 1006 συνδιαιτᾶσθαι·
469 976 542 1005 οὗτοι
557 978 586 1005 δὲ
604 979 635 1006 τὸ
649 979 719 1005 θετον
731 978 946 1013 ἀσχημάτιστον,

141 1027 180 1058 ὼς
206 1027 222 1053 ὁ
244 1026 328 1061 ὀρθὸς
352 1026 449 1060 λόγος,
477 1024 654 1059 ἐπρέσϐευον)
674 1023 813 1051 διαϐάλλει
835 1023 949 1055 τούτους

142 1074 215 1108 πρὸς
233 1073 300 1104 ’τοὺς
325 1073 355 1098 ἔν
369 1072 501 1106 Αἰγύπτῳ
515 1070 660 1106 μοναχοὺς,
677 1070 726 1097 καὶ
738 1071 809 1097 κινεῖ
822 1070 882 1096 κατ’
896 1070 946 1096 αὑ-

143 1120 201 1145 τῶν
215 1119 248 1145 τὸ
261 1118 391 1153 ἀγελαῖον
402 1119 490 1144 ἐκεῖνο
501 1117 523 1132 ⁸¹
536 1116 648 1151 πλῆθος,
662 1116 704 1142 ἔτι
718 1115 748 1142 δὲ
760 1115 808 1142 καὶ
820 1115 891 1142 κατὰ
900 1114 949 1141 τοῦ

147 1165 356 1200 προειρημένου
383 1164 532 1199 Ἰσιδώρου,
561 1162 595 1189 δι’
622 1161 652 1188 ὃν
681 1162 782 1197 μᾶλλον
806 1162 854 1188 καὶ
880 1162 950 1197 πρὸς

149 1211 274 1243 ἐκείνους
289 1210 528 1245 ὲξυπεποὶέμωτο.
550 1209 633 1240 Τέλος
650 1208 719 1244 μετὰ
742 1207 843 1240 πολλὰς
858 1207 951 1235 κακώ-

152 1267 210 1290 σεις
233 1259 283 1284 καὶ
303 1257 461 1288 ἐπιϐουλὰς,
487 1257 533 1282 καὶ
557 1255 627 1291 μετὰ
649 1255 696 1282 τὸν
715 1254 882 1290 ἐμπρησμὸν
904 1254 951 1280 τδν

152 1304 291 1331 ὲκκαέντα
312 1303 384 1330 κατὰ
404 1303 460 1329 τῶν
475 1302 589 1329 κελλίων
601 1301 704 1334 αὐτῶν,
721 1301 868 1336 φεύγουσιν
883 1301 952 1327 εκεῖ-

154 1350 200 1376 θεν
221 1349 262 1380 είς
291 1347 591 1374 Κωνσταντινούπολιν.
619 1345 650 1373 '0
670 1346 700 1373 δὲ
724 1345 953 1382 συμπαθέστατος

153 1396 285 1431 Ἰωάννης
300 1395 460 1429 ὑποδέχεται
483 1394 533 1429 μὲν
545 1393 645 1426 αὐτοὺς
657 1393 706 1420 καὶ
720 1392 809 1425 ἄλλως
824 1392 953 1429 φιλοφρο-

154 1444 255 1475 νεῖται,
273 1443 305 1468 οὐ
329 1441 492 1477 μεταδίδωσι
514 1440 543 1467 δὲ
566 1440 612 1467 διὰ
638 1439 769 1475 Θεόφιλον
796 1439 952 1472 κοινωνίας.

155 1490 262 1525 Γράφει
286 1489 315 1515 δὲ
328 1488 401 1523 αὑτῷ
425 1488 473 1514 καὶ
490 1486 646 1522 ἐπιστολὴν,
670 1486 739 1523 πρὸς
759 1486 871 1522 είρήνην
885 1495 955 1521 συμ-

155 1536 297 1567 ϐιὸἀζων·
312 1535 326 1562 ὁ
343 1535 371 1561 δὲ
387 1533 606 1569 παρακρούεται.
635 1532 817 1560 Ἐπιδιδοῦσιν
825 1532 850 1559 οἱ
866 1532 890 1549 ⁸⁸
904 1541 956 1568 μα-

155 1582 223 1618 κροὶ
235 1581 309 1608 κατὰ
321 1580 452 1614 Θεοφίλου
465 1579 614 1611 λιϐέλλους.
626 1579 718 1606 Πειθει
732 1580 780 1606 καὶ
795 1579 901 1611 ἐκεῖνός
914 1588 953 1606 τι·

155 1637 206 1660 νας
222 1628 288 1654 κατ’
311 1627 400 1654 αὐτῶν
424 1626 584 1652 ἐπιδιδόναι·
601 1624 659 1652 ἀλλ’
673 1624 787 1660 ὕστερον
810 1625 861 1660 μὲν
885 1622 959 1653 οὗτοι

158 1675 247 1711 μηδὲν
259 1673 469 1704 ἀποδεικνύντες
482 1671 715 1708 ὲφυλακίσθησαν,
728 1672 779 1698 καὶ
799 1671 959 1707 μαπιχθέν-

156 1731 204 1754 τες
217 1721 242 1738 ⁸⁸
262 1720 363 1752 ἱκανῶς
384 1720 409 1746 οἱ
436 1720 485 1754 μὲν
506 1721 538 1754 τῇ
557 1718 666 1755 φυλακῇ
687 1717 866 1750 ἐναπέθανον,
885 1718 910 1744 οἱ
931 1717 960 1744 δὲ

156 1768 209 1803 τὴν
230 1768 422 1803 Προκόννησον
446 1766 468 1781 θ’
491 1765 576 1791 οἰκεῖν
596 1764 689 1800 ὲξορίᾳ
710 1763 958 1799 κατεδικάσθησαν.

165 1815 195 1841 ’0
210 1814 241 1840 δὲ
260 1813 391 1847 Ἰωάννης
406 1811 481 1847 δηλοί
500 1812 625 1846 Θεοφίλῳ
640 1811 704 1846 περὶ
720 1810 775 1837 τῶν
790 1809 852 1837 κατ’
876 1809 959 1836 αὑτοῦ

156 1860 294 1887 λιὸέλ).ων
306 1868 312 1874 ·
328 1859 375 1885 καὶ
391 1859 491 1894 γράφει
508 1857 639 1893 Θεόφιλος
654 1856 840 1893 ὀργιζόμενος·
854 1866 864 1882 ι
876 1854 961 1891 Οἶμαι

163 1908 202 1942 μὴ
217 1907 328 1941 ἀγνοεῖν
344 1914 374 1931 σε
388 1905 418 1931 τὸ
437 1904 575 1938 διάταγμα
593 1903 649 1930 τῶν
667 1903 696 1929 ἐν
710 1902 816 1938 Νικαίᾳ
829 1902 959 1934 κανόνων,

165 1954 238 1983 ὃπως
250 1951 429 1983 Θεσπίζουσιν
445 1950 595 1977 ἐπίσκοπον
610 1948 676 1985 [144
691 1947 740 1984 ιι]
757 1948 904 1983 ὑπερόριον
922 1946 961 1983 μὴ

169 1999 275 2033 κρίνειν
297 1998 389 2032 δίκην.
410 1998 441 2023 Εἰ
458 1997 486 2022 δὲ
508 1997 627 2030 ἀγνοεῖς,
651 1994 745 2031 μαθὼν
765 1994 888 2029 ἀπόσχου
905 1993 961 2020 τῶν

167 2044 231 2070 καθ’
262 2044 341 2079 ἡμῶν
368 2043 506 2069 λιὸἐλλων.
536 2052 544 2068 ι
572 2041 653 2069 Ἀλλὰ
675 2040 737 2067 τότε
756 2040 844 2067 ταῦτα
858 2040 882 2056 ⁸⁸
893 2040 962 2075 γρά-

163 2099 222 2125 φων
236 2090 370 2124 θεόφιλος
386 2090 408 2104 ⁵³
429 2089 540 2124 ὕστερον
562 2088 644 2120 αὐτὸς
666 2087 814 2123 ὑπερόριον
831 2086 882 2121 τὴν
900 2086 962 2112 κατ’

161 2137 273 2163 ἐκείνου
289 2136 381 2171 ἔκρινε
397 2135 486 2169 δίκην.
506 2135 538 2160 0i
558 2134 587 2160 δὲ
603 2132 719 2169 μοναχοὶ
734 2132 790 2159 τῶν
805 2132 878 2159 κατὰ
898 2132 963 2158 Θεο-

161 2184 243 2219 φίλου
266 2182 399 2208 λιὸέλλων
422 2182 471 2207 οὐκ
493 2181 655 2214 ἀφίσταντο,
677 2179 725 2206 καὶ
744 2178 866 2214 ὁρίζεται
885 2178 963 2213 παρὰ

163 2230 300 2266 βασιλέως
317 2229 446 2263 Θεόφιλος
468 2228 514 2254 ἐπὶ
526 2228 574 2263 τὴν
591 2227 670 2262 δίκην
691 2226 790 2253 ἐλθεῖν.
810 2226 841 2253 '0
858 2225 888 2253 δὲ
899 2225 964 2260 φθό-

162 2287 207 2309 νος
224 2276 372 2313 κρατήσας
387 2276 433 2301 ἐπὶ
451 2275 500 2309 τὴν
514 2275 593 2309 δίκην
605 2273 690 2308 αὐτὴν
710 2272 836 2299 Ἰωάννου
852 2271 960 2304 καθίζει

164 2323 386 2358 παραγεγονότα.

1000 980 1050 1007 vit.
1075 978 1133 1006 Hac
1146 978 1231 1013 igitur
1243 977 1287 1005 ille
1300 981 1408 1011 arrepta
1423 976 1567 1003 occasione
1583 975 1715 1002 adversus
1724 973 1796 1001 Lou-
1827 1009 1829 1012 ἡ

1001 1033 1050 1062 gos
1072 1026 1172 1052 fratres
1200 1024 1258 1060 (qui
1281 1023 1337 1058 jam
1368 1023 1533 1050 recusabant
1552 1022 1652 1049 diutius
1676 1020 1734 1055 eius
1756 1021 1795 1048 uti

1001 1071 1191 1103 contubernio,
1220 1070 1291 1105 quod
1307 1069 1373 1101 Deo,
1397 1074 1426 1096 ut
1455 1076 1499 1095 res
1522 1073 1573 1100 est.
1604 1067 1719 1095 formam
1735 1074 1797 1094 esse

1003 1121 1149 1148 humanam
1163 1118 1333 1145 tribuendam
1356 1115 1514 1152 negarent),
1527 1115 1597 1149 apud
1613 1113 1723 1150 Egypti
1741 1122 1798 1140 tuo-

1003 1167 1117 1197 nacltos,
1143 1171 1192 1199 per
1205 1163 1371 1190 calumniam
1387 1169 1434 1189 eos
1449 1161 1580 1193 traduxit,
1599 1164 1626 1187 et
1644 1159 1797 1194 imperitam

1004 1213 1077 1240 illam
1093 1211 1293 1239 multitudinem
1315 1217 1376 1237 cum
1406 1208 1432 1236 in
1449 1208 1509 1235 illos
1524 1206 1682 1239 concitavit,
1700 1210 1755 1232 tum
1772 1205 1797 1232 in

1005 1260 1148 1290 Isidorum,
1176 1265 1256 1293 quem
1273 1256 1411 1284 diximus:
1426 1255 1502 1289 cujus
1512 1254 1594 1282 etiam
1611 1253 1720 1280 nomine
1735 1259 1798 1279 cum

1005 1305 1059 1332 illis
1087 1304 1214 1331 libentius
1229 1307 1336 1329 certare
1355 1305 1487 1336 coeperat.
1520 1300 1585 1327 Post
1612 1299 1710 1326 multas
1733 1304 1800 1333 ergo

1005 1350 1095 1378 illatas
1125 1348 1240 1382 injurias
1271 1351 1445 1381 structasque
1469 1345 1593 1376 insidias,
1620 1349 1681 1380 post
1709 1344 1798 1379 ignem

1006 1403 1115 1431 quoque
1135 1394 1264 1429 injectum
1284 1393 1404 1428 ipsorum
1426 1391 1514 1423 cellis,
1539 1390 1600 1425 fuga
1616 1390 1667 1417 sibi
1682 1389 1801 1423 denique

1006 1441 1191 1473 consulentes,
1207 1436 1471 1472 Constantinopolim
1489 1437 1611 1463 veniunt.
1633 1434 1803 1463 lbiJoannes

1008 1479 1295 1520 ille.benignissimus
1323 1483 1431 1519 excepit
1459 1483 1568 1518 quidem
1597 1481 1657 1509 illos
1691 1481 1801 1512 fratres,

1009 1533 1217 1567 Itumauiterque
1233 1530 1392 1565 complexus
1407 1533 1464 1560 est;
1494 1533 1605 1562 propter
1621 1526 1802 1561 Theophilum

971 1599 994 1631 α
1011 1585 1106 1607 tamen
1116 1578 1143 1605 in
1155 1577 1373 1605 communionem
1390 1575 1502 1602 minime
1520 1574 1642 1606 admisit,
1665 1573 1712 1600 sed
1741 1580 1804 1600 eum

1106 1625 1111 1631 ι
1161 1624 1167 1631 ι
1265 1623 1272 1631 I
1303 1630 1327 1631 κέ
1340 1621 1470 1631 ,AA,,J!___
1502 1620 1622 1631 ΞΑ..Ξ.....Ξ.
1664 1620 1709 1631 III-
1737 1619 1803 1631 ..ειη

1011 1634 1060 1663 per
1070 1624 1213 1661 epistolam
1239 1623 1273 1650 ad
1298 1621 1472 1650 concordiam
1502 1620 1636 1648 invitavit.
1664 1620 1711 1647 ille
1736 1619 1804 1646 nihil

1010 1672 1097 1701 audit.
1121 1670 1206 1705 Longi
1233 1669 1342 1696 interim
1368 1667 1467 1695 fratres
1494 1666 1674 1701 Theophilum
1702 1665 1803 1692 oblatis

1010 1718 1109 1747 libellis
1130 1716 1297 1745 accusabant
1313 1724 1320 1743 :
1337 1720 1366 1742 et
1388 1714 1474 1742 suasit
1493 1714 1537 1740 hic
1553 1713 1672 1740 vicisslm
1688 1713 1805 1748 quibus-

1010 1773 1073 1800 dam
1092 1771 1145 1808 (7),
1163 1775 1192 1797 ut
1214 1770 1274 1797 illos
1288 1774 1443 1796 acusarent.
1464 1768 1585 1796 Tandem
1599 1775 1661 1795 cum
1689 1767 1758 1794 nihil
1778 1767 1805 1794 lii

1010 1819 1128 1855 probare
1151 1817 1282 1844 adversus
1312 1814 1419 1850 Longos
1447 1820 1567 1850 possent,
1598 1815 1624 1841 in
1653 1814 1805 1842 custodiam

1011 1865 1099 1898 missi,
1115 1863 1284 1899 ﬂagellisque
1299 1862 1419 1897 graviter
1434 1862 1508 1895 caesi,
1524 1862 1625 1897 partim
1643 1863 1670 1890 In
1690 1861 1806 1889 vinculis

1012 1911 1110 1938 mortui
1124 1915 1197 1943 sunt,
1216 1910 1314 1944 partim
1333 1910 1358 1937 in
1373 1909 1489 1936 insulam
1504 1908 1694 1937 Praeconesum
1707 1909 1807 1943 depor—

1012 1957 1064 1984 tari
1079 1957 1219 1992 jubentur.
1234 1955 1356 1984 Joannes
1377 1956 1441 1983 hinc
1456 1955 1634 1991 Theophilum
1651 1957 1684 1983 de
1707 1956 1808 1984 oblatis

1012 2003 1143 2031 adversus
1164 2010 1226 2030 eum
1249 1998 1432 2030 accusationis
1448 2002 1547 2030 libellis
1562 2003 1706 2029 certiorem
1730 2002 1810 2029 facit.

1012 2050 1052 2077 Ad
1065 2057 1125 2084 quae
1136 2049 1190 2076 bile
1207 2057 1338 2077 accensus
1352 2049 1396 2076 ille
1415 2060 1421 2077 :
1441 2058 1451 2075 ‹
1465 2050 1602 2081 Arbitror,
1630 2050 1729 2084 inquit,
1756 2057 1812 2076 non

1012 2095 1141 2129 ignorare
1160 2099 1186 2122 te
1201 2094 1302 2122 Nieaeni
1327 2095 1435 2122 concilii
1455 2102 1585 2126 canones,
1613 2095 1700 2128 iisque
1715 2095 1814 2127 prohi-

1013 2141 1084 2175 beri,
1104 2149 1138 2168 ne
1150 2141 1296 2176 episcopus
1312 2142 1345 2168 de
1358 2141 1511 2176 peregrino,
1529 2141 1695 2176 alteriusque
1710 2141 1811 2169 αἰωρο-

1013 2186 1051 2214 sis
1063 2185 1196 2220 judicium
1213 2192 1353 2214 exerceat.
1368 2186 1396 2213 Si
1413 2187 1532 2221 ignoras,
1557 2187 1643 2219 disce,
1666 2193 1758 2222 atque.
1777 2188 1812 2214 ab

1014 2232 1196 2259 accusationis
1221 2240 1287 2260 mete
1311 2232 1412 2260 libellis
1435 2233 1583 2262 abstineto.
1604 2243 1614 2260 ι
1643 2233 1741 2261 Verum
1765 2236 1810 2270 qui

976 2281 999 2309 ι)
1014 2278 1072 2305 haec
1087 2283 1151 2306 tunc
1171 2278 1340 2314 Theophilus
1365 2280 1485 2315 scripsit,
1510 2285 1571 2315 post
1587 2281 1703 2315 ipsemet
1718 2281 1813 2309 aliena:

1017 2325 1144 2353 diascesis
1171 2326 1244 2353 hunc
1271 2326 1358 2360 ipsum
1382 2324 1525 2359 Joannem,
1549 2334 1599 2354 suo
1621 2326 1724 2360 judicio
1747 2336 1814 2355 cott-

163 2371 316 2397 demnavit.
347 2368 487 2395 Mounchis
518 2367 616 2394 deinde
643 2367 677 2393 ah
702 2366 856 2393 accusando
888 2366 1039 2403 Theophilo
1076 2370 1189 2398 minime
1221 2367 1404 2405 cessantibus,
1433 2371 1551 2399 decrevit
1595 2372 1754 2407 imperator,
1782 2373 1812 2400 ul

164 2418 337 2452 Theophilus
356 2415 459 2449 judicio
483 2415 637 2441 sisteretur.
665 2413 701 2440 At
725 2412 827 2440 invidia
851 2413 961 2441 interim

165 2469 198 2495 de
214 2466 321 2494 Joanne
334 2464 496 2491 sententiam
512 2462 606 2494 ferret,
617 2461 736 2496 iudicem
754 2461 907 2488 constituit.

201 2515 266 2541 Ὅτι
296 2511 471 2546 Θεογνώστου
501 2508 684 2544 συγκλητικοῦ
705 2509 891 2544 δημευθέντος
914 2509 963 2536 καὶ

166 2559 238 2585 κατὰ
249 2558 299 2592 τὴν
319 2556 426 2592 ὲξορίαν
452 2555 664 2588 τελευτήσαντος
678 2555 695 2589 ἠ
711 2554 778 2588 γυνὴ
793 2554 841 2580 τὸν
853 2554 964 2581 ὑπολει-

165 2605 270 2638 φθέντα
287 2604 309 2619 ⁹⁰
333 2604 403 2638 αὐτῇ
421 2602 505 2637 ἀγρὸν
527 2601 580 2628 ὑπὸ
604 2601 655 2635 τῆς
678 2599 814 2635 βασιλίδος
831 2600 963 2635 ἀφαιρεῖ-

164 2662 222 2680 ται.
246 2652 280 2678 'ﬂ
295 2652 325 2678 δὲ
353 2651 401 2678 ἐπὶ
423 2650 471 2676 τὸν
491 2650 545 2677 τῶν
556 2648 649 2684 χηρῶν
668 2647 837 2683 καταφεύγει
857 2649 966 2684 πρόμα-

981 2414 1094 2458 nimium
1112 2418 1295 2450 invalescens,
1311 2418 1386 2445 illuttt
1405 2418 1503 2453 ipsum,
1540 2418 1584 2446 ubi
1617 2420 1736 2453 advenit,
1764 2420 1810 2455 qui

1052 2508 1217 2544 Theognosti
1252 2508 1389 2536 senatoris
1420 2509 1566 2543 proscripti
1591 2513 1618 2536 et
1637 2509 1664 2536 in
1684 2508 1812 2536 exsilium

1019 2556 1120 2583 mortui
1134 2563 1203 2582 uxor
1217 2554 1268 2591 (Β),
1291 2562 1385 2590 agrum
1403 2555 1455 2582 sibi
1481 2555 1559 2590 82b
1586 2556 1708 2582 relictum
1729 2555 1814 2583 habe-

1020 2603 1076 2636 bat,
1090 2610 1170 2637 quem
1189 2601 1311 2630 Eudoxia
1328 2602 1422 2629 invita:
1440 2602 1549 2637 eripuit.
1568 2603 1614 2629 llla
1630 2603 1713 2637 igitur
1727 2602 1760 2629 ad
1775 2602 1815 2629 vi-

1020 2649 1133 2675 duarum
1143 2653 1373 2684 propugnatorem
1388 2647 1520 2675 Joannem
1529 2657 1560 2677 se
1574 2649 1674 2683 recepit
1688 2648 1750 2683 :qui
1765 2655 1815 2684 pro

817 2705 937 2733 VAle
951 2706 1154 2736 LECTIONES.

200 2757 224 2772 '"
238 2757 407 2792 φιλονίκημα
424 2765 456 2789 ς’.
492 2757 515 2773 ⁸³
531 2757 644 2791 ποιῆσαι
660 2765 690 2789 ς.

165 2793 191 2811 ⁸⁸
206 2792 306 2829 ταῦτα]
321 2793 390 2828 μετὰ
403 2792 488 2819 ταῦτα
505 2801 537 2825 ς.
574 2793 596 2808 ⁸³
611 2793 692 2827 Θεόφ.
710 2793 725 2819 ὁ
738 2792 821 2825 Θεόφ.
836 2800 867 2824 ς.

730 2756 752 2772 ³⁸
769 2757 872 2787 ἐκεῖνος
884 2765 915 2788 ς.
955 2757 978 2774 ³³
993 2756 1028 2792 οἱ]
1046 2756 1074 2782 δὲ
1091 2757 1116 2782 οἱ
1133 2765 1164 2788 ς.
1201 2755 1225 2772 ⁸⁸
1240 2756 1459 2791 μαστιγωθέντες
1476 2764 1507 2788 ς.

913 2793 937 2808 ὀ
954 2792 1147 2827 ὑποληφθὲντα
1162 2801 1192 2825 ς.

1545 2756 1568 2771 ³⁷
1582 2754 1766 2791 Προικόνησον
1783 2762 1816 2787 ς.

944 2837 1061 2866 NOTAE}.

205 2886 245 2921 (7)
267 2885 405 2913 llonacltis
420 2894 452 2913 ex
470 2884 572 2912 Pallad.

205 2922 244 2957 (8)
261 2921 436 2957 Callitmpam
454 2926 532 2950 vocat
548 2920 660 2957 Niceph.
682 2929 742 2956 cap.
757 2921 800 2954 ll,
821 2928 872 2948 non
886 2926 970 2954 recte,

1028 2894 1055 2914 ut
1073 2887 1222 2916 iudicatum
1239 2895 1314 2923 supr.
1330 2895 1392 2923 pag.
1403 2886 1518 2921 praeced.
