4062 6460
522 338 633 403 355

1684 331 1952 393 PHOTII
1990 330 2502 392 PATRIARCH/E
2539 332 2647 394 (ΖΡ.

3714 343 3819 410 356

522 453 688 509 vidua
738 451 912 510 libere
964 452 1134 509 multa
1186 460 1476 521 perorans,
1506 445 1640 500 adeo
1680 444 1814 498 nihil
1873 443 2110 512 profecit,

2230 459 2349 512 χον.
2397 442 2454 495 '0
2483 443 2539 496 δέ
2572 440 2747 496 πολλὰ
2784 443 3309 515 παρρησιασάμενος
3356 444 3512 517 ὑπὲρ
3562 446 3668 519 τῆς
3722 454 3823 525 χή·

524 558 587 599 ut
626 546 796 600 etiam
820 547 1121 615 Augustam
1148 544 1203 596 in
1248 540 1331 603 sui
1383 538 1566 592 odium
1594 535 1905 591 concitarit.
1943 534 2122 601 Quare

526 639 843 692 mandatum
874 639 1043 703 dedit,
1065 648 1123 692 ut
1151 651 1273 692 cum
1312 631 1450 688 feSto
1476 631 1561 686 die
1582 628 1941 684 Exaltatiouis
1968 627 2123 700 [san-

522 739 624 786 ctae
654 730 881 803 crucis],
921 732 1091 800 quiin
1152 729 1419 784 decimum
1477 732 1730 794 quartum
1784 721 2123 791 Septembris

527 822 738 886 incidit,
778 823 829 876 in
855 822 1117 892 templum
1146 821 1331 889 iniqua
1354 816 1668 888 imperatrix
1695 824 1922 868 ventura
1954 824 2119 881 esset,

527 923 700 983 porta:
754 915 831 970 illi
887 914 1291 969 clauderentur.
1347 908 1648 965 Conlicitur
1682 905 1929 977 praesulis
1964 921 2121 960 man-

522 1007 811 1071 datum,et
839 1008 1045 1076 pudore
1078 1005 1311 1070 suﬂ‘usa,
1346 1004 1535 1072 iraque
1578 1002 1799 1056 incensa
1855 1003 2119 1070 Augusta,

525 1099 747 1152 domum
790 1099 1013 1154 revertit
1046 1114 1064 1163 ;
1098 1098 1408 1166 exindeque
1442 1097 1556 1148 haec
1592 1093 1767 1148 sancti
1798 1094 1901 1148 viri
1932 1109 1964 1148 e
1991 1094 2121 1150 sede

523 1189 929 1259 depulsionem,
971 1191 1252 1256 exsilium,
1276 1189 1492 1258 aliaque
1520 1187 1771 1253 adversa,
1804 1200 1925 1255 quae
1974 1186 2118 1240 indi-

524 1284 709 1353 gnatio
739 1285 1081 1354 suggerebat,
1112 1282 1411 1337 machinari
1469 1280 1654 1350 coepit.
1702 1278 1776 1334 At
1819 1294 1947 1334 vero
1988 1281 2117 1333 dum

526 1375 594 1429 ad
658 1377 918 1442 templum
979 1375 1068 1430 illa
1123 1388 1413 1444 progressa
1471 1372 1620 1427 fores
1687 1372 1789 1426 sibi
1838 1372 2120 1427 obseratas

527 1466 780 1532 offendit,
811 1470 879 1523 de
916 1469 1178 1521 comitatu
1209 1465 1326 1534 ejus
1360 1465 1578 1535 quidam
1609 1463 1848 1535 gladium
1882 1466 1936 1517 in
1966 1464 2120 1519 clau-

525 1560 717 1614 dentes
743 1562 1041 1630 Stringens,
1071 1575 1286 1613 manum
1314 1558 1416 1613 sibi
1459 1558 1641 1613 subito
1680 1558 1967 1611 exaruisse
1989 1569 2118 1610 sen-

521 1652 616 1713 sit.
666 1651 757 1721 qui
811 1660 988 1705 tamen
1026 1660 1149 1720 post
1188 1652 1364 1706 sancti
1409 1651 1511 1706 viri
1560 1650 1788 1720 genibus
1839 1648 2113 1716 accidens,

524 1745 817 1799 sanitatem
852 1746 1216 1815 recuperavit.

596 1921 825 1994 Magnus
848 1938 1068 1993 quoque
1104 1922 1445 1995 Epiphanius
1497 1922 1599 1995 (9),
1631 1937 1793 1993 quem
1836 1921 2114 1993 Theophi-

528 2015 614 2071 lus
665 2016 862 2070 callide
915 2019 1198 2085 deceptum
1235 2016 1289 2070 in
1345 2013 1606 2070 Joannem
1651 2016 1931 2081 incitarat,
1967 2016 2111 2071 Con-

523 2109 939 2178 stantinopolim
1005 2111 1251 2173 veniens,
1307 2108 1741 2165 ecclesiasticum
1788 2109 2114 2179 quibusdam

524 2206 641 2259 suis
674 2204 832 2258 l‘artis
859 2203 1107 2257 ordinem
1156 2202 1417 2256 turbavit.
1448 2201 1745 2256 Diaconunt
1783 2216 2017 2272 namque
2057 2202 2113 2257 in

526 2296 769 2367 Septimo
795 2296 896 2365 (sic
919 2296 1062 2349 enim
1081 2294 1233 2349 locus
1266 2294 1452 2364 templi
1482 2292 1671 2349 Sancti
1691 2293 2115 2365 Joannisappel-

525 2386 634 2441 latu
644 2386 687 2456 r)
706 2396 891 2440 contra
908 2399 1173 2440 canonem
1197 2385 1499 2450 ordinarat,
1516 2386 1820 2455 deindeque
1835 2387 1953 2440 sine
1970 2387 2114 2442 bona

524 2480 905 2552 Chrysostomi
948 2484 1107 2536 venia
1145 2496 1256 2535 rem
1298 2480 1536 2535 divinam
1574 2480 1794 2545 fecerat,
1824 2492 1878 2536 et
1919 2482 2113 2553 Orige-

524 2574 611 2628 nis
643 2573 846 2643 scripta
875 2571 943 2626 ab
997 2588 1064 2627 eo
1098 2573 1347 2627 damnari
1390 2572 1711 2643 postularat.
1769 2573 1953 2651 llefert
1983 2589 2112 2630 vero

526 2667 673 2724 hunc
706 2669 941 2736 scriptor
963 2675 1150 2721 noster
1177 2665 1344 2735 (quod
1372 2674 1427 2720 et
1468 2666 1521 2719 in
1553 2664 1842 2735 Epiphanii
1878 2668 1995 2723 Vita
2033 2667 2111 2722 le-

522 2756 718 2828 gitur),
749 2756 971 2810 minime
1006 2757 1379 2823 consensisse,
1414 2767 1473 2810 ut
1509 2758 1832 2827 quibusdam
1885 2759 2108 2828 placuit,

525 2846 581 2900 in
605 2843 983 2915 Chrysostomi
1014 2846 1419 2913 expulsionem,
1475 2845 1604 2902 licet
1633 2849 1701 2903 ab
1729 2848 1842 2917 ipsa
1869 2850 2109 2919 Augusta

524 2951 594 2993 eo
635 2938 970 3008 adigeretur.
996 2935 1244 2991 Meminit
1297 2939 1437 2993 idem
1467 2939 1535 2993 de
1572 2942 1938 3009 pronuntiatis
1970 2942 2110 2995 iuvi~

523 3046 645 3087 cent
680 3030 959 3085 vaticiniis
979 3032 1093 3102 (l0)
1125 3049 1139 3085 :
1172 3031 1371 3099 quibus
1415 3032 1828 3102 signiﬁcabatur
1857 3046 2109 3090 neutrum

2230 552 2327 607 ρας
2367 534 2521 589 οὐδὲν
2580 536 2801 606 ἤνυσεν,
2861 536 3000 591 ἀλλὰ
3057 538 3151 591 καὶ
3180 538 3317 609 πρὸς
3339 539 3555 611 ἔχθραν
3605 543 3825 615 ἐκίνησε

2227 630 2326 700 τὴν
2398 627 2667 697 βασιλίδα.
2724 630 3147 701 Προστάσσειδέ
3176 634 3242 703 τῇ
3299 633 3493 705 ἡμέρᾳ
3543 634 3646 705 τῆς
3679 636 3826 705 ὑψώ-

2228 738 2368 784 σεως
2409 721 3004 793 (τεσσαρεσκαιδεκάτη
3048 724 3197 775 ἐστὶν
3247 722 3388 794 αὕτη
3467 726 3516 757 ’ί
3581 726 3676 779 τοῦ
3731 729 3825 781 Σε-

2227 812 2535 884 πτεμσρίου
2575 813 2793 883 μηνὸς),
2849 814 3069 866 ἐπειδὰν
3104 815 3137 885 ἡ
3167 814 3353 880 ἄδικος
3412 815 3635 886 βασιλὶς
3666 835 3827 893 προσ-

2223 904 2481 976 έρχεσθαι
2532 904 2706 979 μέλλῃ
2764 909 2831 977 τῇ
2874 905 3161 977 ἐκκλησίᾳ,
3217 908 3660 978 άποκλεισθῆναι
3704 913 3821 966 κατ’

2221 994 2396 1064 αὐτῆς
2448 994 2548 1057 τὰς
2610 995 2802 1058 πύλας.
2855 996 2968 1049 Καὶ
3025 995 3331 1067 πληροῦται
3361 998 3428 1051 τὸ
3466 1000 3822 1071 πρόσταγμα,

2220 1085 2317 1137 καὶ
2356 1088 2796 1157 κατῃσχυμμένη
2820 1085 2914 1138 καὶ
2938 1088 3389 1158 περιωργισμένη
3421 1088 3823 1159 ἀποπέμπεται

2220 1177 2253 1248 ὴ
2290 1177 2500 1247 βασιλίς
2539 1192 2552 1205 ⁸
2596 1179 2691 1231 καὶ
2721 1178 2821 1249 ἤδη
2855 1178 2888 1248 ἡ
2921 1178 3059 1231 κατὰ
3116 1177 3210 1233 τοῦ
3268 1180 3432 1247 ἁγίου
3499 1181 3824 1252 καθαίρεσις

2221 1272 2602 1342 συνεκροτεῖτο
2656 1272 2789 1340 παρ’
2846 1271 3019 1341 αὐτῆς
3070 1273 3165 1325 καὶ
3202 1274 3234 1343 ἡ
3271 1272 3487 1343 ἐξορία,
3545 1275 3646 1328 καὶ
3688 1276 3742 1328 εί
3772 1294 3823 1331 τι

2218 1362 2350 1417 ἄλλο
2378 1362 2551 1415 δεινὸν
2572 1362 2600 1413 ὁ
2633 1361 2804 1433 θυμὸς
2837 1362 3161 1434 ἐπέτρεπεν.
3188 1362 3317 1416 Ὅτε
3354 1364 3416 1417 δέ
3458 1367 3529 1434 τῇ
3561 1364 3825 1439 ἐκκλησίᾳ

2218 1455 2521 1526 προσιοῦσα
2573 1456 2672 1518 τὰς
2712 1455 2888 1520 πύλας
2919 1458 3041 1509 κατ’
3090 1459 3258 1527 αὐτῆς
3286 1458 3757 1524 άποκλεισθείσας
3776 1465 3820 1497 ³³

2221 1546 2458 1614 ἐδέξατο,
2489 1547 2612 1601 τότε
2646 1564 2729 1610 τις
2755 1547 2863 1601 τῶν
2893 1549 2990 1601 σὺν
3020 1549 3157 1620 αὐτῇ
3188 1549 3341 1618 ξίφος
3364 1551 3518 1603 κατὰ
3546 1551 3660 1604 τῶν
3688 1554 3820 1607 ἁπο-

2217 1639 2514 1694 κλειόντων
2595 1640 2863 1705 ἐνέτεινε,
2952 1641 3045 1694 καὶ
3112 1640 3389 1712 ἐξηράνθη
3464 1642 3570 1711 τὴν
3642 1646 3812 1714 χεῖρα’

2220 1734 2448 1805 ὕστερον
2482 1732 2540 1787 δὲ
2584 1732 2913 1806 προσπεσὼν
2946 1732 3024 1805 τῷ
3064 1732 3355 1807 θαυμασίῳ
3396 1734 3633 1806 Ἰωάννῃ
3666 1736 3814 1810 ὑγιὴς

2144 1813 2189 1871 Β
2217 1828 2461 1897 γέγονεν.

2286 1920 2416 1993 [264
2448 1917 2545 1991 Η.]
2566 1920 2688 1974 Ὅτι
2718 1918 3083 1989 ὁἘπιφάνιος
3111 1921 3139 1973 ὁ
3166 1919 3365 1990 μέγας,
3403 1919 3467 1973 ὃν
3502 1923 3532 1975 ὁ
3566 1921 3816 1991 Θεόφιλος

2213 2015 2357 2069 κατὰ.
2387 2013 2635 2069 Ἰωάννου
2695 2015 3029 2085 ἐξηπάτησε,
3073 2014 3537 2086 παραγενόμενος
3568 2016 3630 2069 ἐν
3662 2018 3811 2071 Κων-

2215 2109 2656 2165 σταντινουπόλει
2683 2108 2912 2174 ἀταξίας
2940 2108 3165 2180 ἐποίησε
3184 2124 3198 2138 ο
3236 2108 3500 2163 διάκονον
3524 2110 3635 2182 γάρ
3665 2112 3721 2163 ἐν
3745 2112 3816 2183 τῷ

2212 2203 2426 2275 ἑϐδόμῳ
2441 2203 2487 2235 ⁸³
2546 2201 2712 2273 (οὕτω
2758 2203 3006 2256 καλεῖται
3035 2204 3062 2254 ὁ
3090 2202 3275 2271 τόπος)
3320 2204 3391 2274 τῇ
3419 2203 3469 2235 ⁸⁸
3500 2202 3600 2257 τοῦ
3667 2205 3812 2272 ἁγίου

2225 2298 2474 2351 Ἰωάννου
2502 2297 2773 2369 ἐκκλησίᾳ
2820 2296 2969 2367 παρὰ
2995 2297 3085 2349 τὸν
3135 2297 3337 2351 κανόνα
3409 2297 3811 2369 ἐχειροτόνησε,

2217 2392 2314 2445 καὶ
2342 2392 2513 2461 χωρὶς
2543 2393 2641 2461 τῆς
2659 2390 2706 2421 "
2736 2388 2830 2442 τοῦ
2858 2388 3251 2461 Χρυσοστόμου
3278 2387 3520 2461 γνώμης
3553 2389 3813 2463 ἐλειτούρ.

2213 2501 2321 2553 γει,
2353 2486 2449 2536 καὶ
2477 2482 2737 2554 ἀτι-ίγτειθ1⁵
2760 2482 2925 2535 αὐτὸν
2940 2482 3009 2535 τὰ
3037 2482 3350 2552 Ὠριγένους
3385 2484 3808 2554 ἀναθεματίσαι.

2211 2575 2350 2645 Φησὶ
2378 2573 2436 2627 δὲ
2452 2572 2618 2627 αὑτὸν
2650 2572 2679 2625 ὁ
2706 2570 3058 2642 συγγραφεὺς
3086 2568 3298 2640 (ὥσπερ
3320 2570 3475 2623 καὶὸ
3505 2570 3621 2640 βίος
3651 2569 3805 2624 αὑτοῦ

2213 2667 2409 2737 λέγει),
2434 2666 2510 2737 μὴ
2548 2662 3159 2734 συνευδοκῆσαι,καθὼς
3181 2662 3400 2734 ἐτέροις
3436 2661 3589 2728 ἔδοξε
3617 2663 3806 2731 λέγειν,

2214 2761 2405 2830 gn},st
2441 2757 2533 2812 τοῦ
2599 2756 2995 2828 Χρυσοστόμου
3055 2754 3416 2827 καθαιρέσει,
3484 2757 3664 2811 καίτοι
3717 2756 3810 2825 τῆς

2214 2850 2485 2922 βασιλίδος
2513 2848 2936 2920 ἐκϐιαζομένης.
2971 2847 3321 2920 Μνημονεύει
3340 2848 3397 2901 δ’
3425 2843 3521 2901 οὗν
3548 2850 3695 2919 ὅμως
3721 2848 3807 2902 καὶ

2212 2937 2366 3007 οὗτος
2406 2944 2514 2998 τῶν
2566 2942 2875 3013 ἀμοιϐαίων
2934 2941 3189 3013 ἀλλήλοις
3232 2942 3622 3013 προφητειῶν,
3649 2945 3705 2996 ἐν
3729 2935 3809 3005 αἷς

2214 3033 2471 3106 ἐδηλοῦτο
2499 3035 2797 3107 μηδέτερον
2817 3033 2899 3087 ἔτι
2921 3035 2964 3066 ’⁷
2996 3034 3088 3087 τὸν
3106 3035 3311 3088 οἰκεῖον
3333 3034 3580 3104 δψεσθαι
3610 3035 3805 3105 θρόνον.

525 3124 772 3192 ipsorum
828 3122 1070 3178 visurum
1121 3124 1413 3194 aliquando
1450 3128 1703 3180 thronum
1739 3142 1918 3181 suum.
1949 3129 2109 3184 Acci-

2216 3128 2329 3199 Πρδ
2364 3127 2427 3200 δὴ
2454 3128 2555 3196 τῆς
2604 3126 2774 3181 αὐτοῦ
2818 3127 3117 3197 καταδίκης
3172 3126 3599 3199 πυνθανόμενος
3645 3127 3808 3199 όργᾷν

521 3218 605 3271 dit
638 3227 925 3286 praeterea,
977 3217 1291 3287 priusquam
1342 3218 1801 3275 condemnaretur
1848 3218 2109 3288 Joannes,

524 3318 585 3363 ut
630 3311 848 3378 cognito
901 3310 1169 3380 indignari
1215 3313 1317 3367 sibi
1366 3312 1687 3376 Eudoxiatn.
1724 3314 1860 3368 bene
1894 3314 2109 3384 longam

520 3400 751 3457 haberet
780 3404 835 3457 in
895 3404 1067 3457 malas
1105 3402 1342 3461 feminas
1376 3407 1705 3460 orationem.
1763 3406 1919 3464 Hanc
1956 3408 2109 3479 plebs

523 3495 764 3562 rapiens,
785 3496 836 3548 in
863 3495 1164 3564 Augustam
1187 3498 1598 3566 pronuntiatam
1626 3499 2109 3569 interpretabatur.

516 3584 645 3642 Mox
671 3589 836 3659 igitur
871 3602 928 3643 ut
958 3589 1292 3659 Theophilus
1313 3590 1835 3664 Constantinopolim
1868 3596 2106 3658 advenit,

516 3691 793 3750 apparata
820 3683 874 3736 itt
935 3698 1185 3752 magnam
1219 3683 1482 3739 athletam
1514 3683 1777 3740 Joannem
1824 3689 2108 3743 machina-

521 3772 700 3827 tiones
731 3774 1054 3841 procedunt.
1103 3773 1350 3844 Cumque
1378 3779 1584 3843 synodo
1629 3792 1905 3847 nunquam
1937 3779 2108 3834 inter-

517 3864 1099 3936 fuisset,'l‘h90pbilus
1135 3878 1315 3922 tamen
1375 3884 1497 3921 cum
1551 3871 1664 3925 suis
1716 3872 1991 3928 decretum
2053 3877 2105 3929 itt

513 3973 641 4013 eum
683 3960 826 4025 tulit,
882 3960 1084 4015 frustra
1132 3962 1457 4017 inclamaute
1489 3964 1624 4032 ipso,
1658 3980 1722 4020 ac
1777 3966 1992 4033 publice
2024 3976 2107 4023 te-

518 4050 817 4112 stiﬁcante.
839 4063 1089 4121 paratum
1121 4068 1264 4120 esse,
1298 4066 1350 4109 et
1385 4057 1452 4109 ad
1487 4057 1749 4124 synodum
1796 4058 2013 4123 venire,
2052 4068 2107 4115 et

516 4142 587 4196 ad
618 4141 832 4211 objecta
869 4144 1219 4213 respondere,
1249 4147 1410 4200 modo
1460 4148 1775 4202 manifestos
1808 4150 1979 4218 ipsius
2008 4151 2107 4205 ho—

516 4243 631 4288 stes
662 4235 893 4289 concilio
921 4236 1307 4292 subducerent.
1349 4237 1713 4293 Aderanttum
1742 4238 1937 4296 Joanni
1967 4257 2104 4312 qua-

514 4323 764 4395 draginta
824 4325 1003 4379 adhuc
1031 4325 1299 4396 episcOpi,
1330 4330 1592 4384 adversus
1628 4328 2104 4403 The0philumpa-

514 4415 619 4469 rati
656 4431 753 4486 pro
786 4415 903 4487 ipso
966 4432 1208 4487 pugnare
1237 4436 1253 4473 :
1285 4433 1422 4486 quos
1479 4419 1568 4473 ille
1594 4421 1941 4490 quiritantes.
1978 4437 2101 4476 cum

2213 3221 2312 3291 τὴν
2366 3219 2647 3287 Εὑδοξίαν,
2698 3219 2857 3288 λόγον
2900 3218 3239 3290 διεξέρχεται
3267 3220 3499 3291 μακρὸν
3552 3220 3691 3275 κατὰ
3717 3238 3805 3288 γυ-

2212 3311 2436 3377 ναικῶν,
2488 3311 2583 3363 καὶ
2611 3308 2674 3362 τὸ
2698 3308 2904 3379 πλῆθος
2929 3308 3151 3379 ἥρπασε
3185 3309 3248 3362 τὸ
3300 3310 3477 3382 ῥηθὲν
3538 3309 3800 3381 ἐκλαμόάο

2212 3418 2396 3464 νοντες
2427 3402 2504 3463 είς
2534 3400 2632 3472 τὴν
2670 3398 2941 3471 βασιλίδα.
3006 3400 3115 3453 Καὶ
3147 3398 3245 3453 τοῦ
3304 3401 3575 3472 Θεοφίλου
3632 3418 3796 3473 παρα-

2211 3495 2497 3563 γεγονότος
2540 3493 2799 3565 ἀρτύεται
2828 3494 2898 3547 τὰ
2927 3496 3070 3548 κατὰ
3097 3494 3194 3548 τοῦ
3253 3495 3502 3566 μεγάλου
3555 3495 3792 3566 ἀθλητοῦ.

2210 3588 2324 3642 Καὶ
2361 3586 2435 3658 μὴ
2467 3587 2938 3657 παρουσιάσαντος
2955 3586 3123 3641 αὑτοῦ
3149 3591 3216 3659 τῇ
3246 3589 3459 3661 συνόδῳ
3499 3590 3601 3660 τὴν
3632 3589 3793 3659 ψῆφον

2209 3682 2259 3736 οἱ
2293 3681 2423 3752 περὶ
2448 3680 2708 3750 Θεόφιλον
2729 3681 2992 3752 Ιίινεγκαν,
3027 3683 3206 3736 καίτοι
3245 3681 3488 3753 βοῶντος
3518 3682 3681 3738 αὐτοῦ
3709 3680 3790 3734 καὶ

2209 3776 2715 3847 διαμαρτυρομένου
2748 3777 2966 3847 ἐτοιμον
2985 3776 3029 3808 ⁸⁸
3063 3772 3206 3829 εἶναι
3259 3778 3359 3831 καὶ
3392 3776 3783 3849 παραγενέσθαι

2210 3869 2307 3923 καὶ
2351 3868 2759 3937 ἀπολογεῖσθαι,
2791 3870 2994 3932 είτοὺς
3054 3873 3356 3941 προφανεῖς
3415 3871 3649 3942 ἐχθροὺς
3707 3865 3785 3919 τοῦ

2210 3960 2488 4031 συνεδρίου
2522 3961 2919 4033 ἐκστήσωσιη.
2962 3960 3212 4031 Συνῆσαν
3237 3961 3295 4014 δὲ
3332 3961 3487 4033 αὐτῷ
3530 3957 3787 4031 τεσσαρά-

2207 4071 2374 4108 κοντα
2418 4054 2709 4107 ἐπίσκοποι
2738 4054 2825 4107 οῖ’
2862 4054 3095 4116 καὶτοῖς
3118 4055 3247 4125 περὶ
3269 4054 3538 4125 Θεόφιλον
3588 4050 3787 4120 ἀπεμά-

2207 4162 2367 4215 χοντο
2386 4162 2399 4176 ’
2431 4146 2460 4197 ό
2479 4145 2537 4199 δέ
2562 4145 2787 4208 τούτους
2813 4146 3224 4215 ποτνιωμένους
3273 4146 3670 4219 παρεμυθεῖτο,
3702 4139 3784 4217 x1}

2207 4236 2439 4309 παρῄνει
2487 4240 2588 4308 τῆς
2646 4235 2775 4309 [145
2820 4235 2910 4309 Η.]
2959 4236 3292 4307 Ἐκκλησίας
3357 4238 3434 4309 μὴ
3501 4231 3775 4306 σχίζεσθαι.

2206 4330 2568 4404 Καθαιρεθεὶς
2615 4329 2674 4382 δέ
2719 4330 3069 4399 ἐκπέμπεται
3116 4332 3199 4393 είς
3260 4329 3323 4382 τὸ
3366 4331 3465 4383 τοῦ
3519 4325 3770 4392 Βοσπόρου

2210 4423 2373 4495 ἱερόν.
2412 4422 2522 4475 Καὶ
2582 4420 2808 4493 σεισμοῦ
2861 4421 3126 4491 θεηλάτου
3161 4423 3465 4493 γενομένου
3520 4419 3668 4473 πάλιν
3689 4411 3768 4464 ἐπὶ

515 4507 769 4578 lacrymis
797 4508 1120 4562 obtestando
1147 4509 1395 4572 sedabat,
1430 4520 1592 4577 atque
1635 4511 1959 4566 hortabatur
1990 4512 2095 4566 Ec-

2216 4515 2303 4587 τὴν
2364 4513 2519 4568 πόλιν
2568 4516 2912 4582 κατάγεται,
2968 4515 3065 4567 καὶ
3116 4513 3266 4567 ἄκων
3313 4517 3397 4577 εἰς
3467 4513 3560 4565 τὸν
3607 4505 3767 4580 θρόνον

513 4599 711 4654 clesias
754 4615 819 4655 ne
872 4601 1268 4657 discinderent.
1302 4601 1443 4656 Sede
1483 4602 1556 4656 ita
1622 4604 1831 4671 pulsus,
1868 4605 1921 4657 in
1964 4603 2096 4659 Bos-

512 4694 629 4761 pori
670 4690 865 4746 Hieron
925 4692 1041 4763 (ll)
1094 4694 1398 4764 ablegatur.
1439 4696 1508 4748 At
1545 4709 1668 4749 cum
1713 4696 1908 4751 deinde
1952 4709 2096 4753 terra

513 4784 774 4837 divinitus
812 4795 1199 4839 concuteretur
1224 4785 1370 4856 83a
1420 4785 1534 4856 (12)
1567 4786 2095 4858 Constantinopolim

514 4875 709 4930 iterum
742 4876 1039 4943 reducitur,
1057 4877 1285 4946 sedique
1309 4880 1612 4933 restituitur
1652 4880 1871 4935 invitus.
1904 4879 2097 4938 Pasto-

2202 4608 2500 4676 άνάγεταν
2548 4608 2610 4661 ού
2640 4606 2749 4677 γὰρ
2784 4607 3023 4675 ἔφασκεν
3057 4605 3261 4659 ἐθέλειν
3287 4606 3391 4676 τῆς
3426 4594 3775 4673 ποιμαντικῆς

2202 4699 2381 4771 ἀρχῆς
2436 4697 2782 4769 ἀπάρχεσθαι
2843 4697 2972 4767 πρὶν
2999 4696 3064 4751 ἂν
3090 4697 3171 4760 εἰς
3225 4697 3479 4762 ἐξέτασιν
3511 4687 3667 4746 αὐτοῦ
3691 4683 3777 4753 τὴν

2203 4794 2388 4848 ἄδικοι
2416 4791 2749 4865 προτεθῆναι
2798 4790 3004 4859 κρίσιν.
3053 4789 3166 4859 Τῆς
3199 4790 3255 4843 δὲ
3286 4789 3549 4855 Εύδοξίας
3588 4778 3698 4855 μετ’
3721 4775 3775 4829 οὺ

2214 4889 2380 4941 πολὺν
2412 4887 2604 4959 χρόνον
2630 4883 3086 4956 άναφλεχθείσης,
3116 4885 3198 4939 ὅτι
3219 4883 3458 4955 ἐπετίμα
3483 4879 3617 4947 αὐτῇ
3650 4867 3777 4944 μετὰ

1784 5020 2023 5078 VARUE
2069 5020 2480 5080 LECTIONES.

597 5139 641 5171 ⁹¹
676 5138 815 5209 αῦτη
850 5156 959 5196 om.
983 5140 1047 5195 A.
1120 5141 1168 5175 "
1199 5141 1598 5205 ἀποκλειούσας
1624 5142 1690 5197 A.

508 5226 628 5273 σιας
656 5229 717 5275 ς.
794 5210 840 5243 ³⁸
867 5214 969 5281 τῆς
1006 5210 1130 5267 add.
1162 5213 1228 5267 A.
1301 5214 1348 5245 ”
1382 5213 1617 5284 κὰπῂτει
1650 5231 1711 5278 ς.
1785 5213 1832 5246 ⁸⁷
1853 5213 1933 5266 ἐτι
1958 5210 2030 5267 A‘:
2057 5210 2239 5268 αὐτῶν
2274 5230 2369 5278 ςη
2414 5211 2461 5245 ³⁸
2489 5213 2707 5283 ἑτοίμου
2733 5228 2877 5268 corr.
2912 5214 2980 5270 A.

503 5285 633 5335 add.
667 5288 733 5336 Α.

1794 5142 2335 5225 ξξεέκδόμῳςιροει
2390 5140 2533 5225 οὲτω
2580 5158 2701 5225 cum
2756 5143 2801 5195 Δ
2847 5140 3009 5225 omisi
3072 5140 3204 5225 γάρ.

3299 5139 3344 5170 ει
3373 5138 3473 5201 τῆς
3497 5162 3565 5175 -·
3592 5126 3775 5201 ἐκκληε

3084 5194 3488 5281 ἶη’ἐτιστήσουξέι
3550 5220 3610 5268 ς.
3685 5200 3701 5230 ¹
3729 5194 3774 5249 οἶ

2064 5396 2302 5454 ΝΟΤᾸΕ.

571 5488 653 5630 ἱθ]
680 5488 907 5559 Niceph.
952 5489 1027 5545 De
1056 5489 1377 5560 Epiphanio,
1406 5508 1529 5562 cap.
1554 5494 1642 5550 15.

602 5562 693 5630 lU)
734 5561 865 5629 Quae
903 5571 959 5617 et
1008 5560 1349 5619 Sozomenns
1389 5579 1642 5620 conamen

602 5560 865 5633 ιωρυω
903 5571 959 5617 et
1008 5560 1349 5619 Sozomenus
1389 5560 1784 5620 commemorat
1812 5565 1907 5619 lib.
1962 5580 2086 5633 vut,

498 5632 886 5774 ὲ-ὛίόδἸερδν
907 5703 1106 5774 στόμα,
1139 5703 1292 5773 quasi
1328 5721 1537 5758 sacrum
1565 5723 1621 5760 os
1652 5707 1767 5761 sive
1790 5708 2000 5772 ostium,
2030 5718 2091 5763 ut

498 5770 744 5827 Cassiod.
773 5770 959 5829 vertit.
1006 5770 1279 5846 Oppidum
1309 5778 1381 5842 ei,
1412 5777 1577 5832 statio
1607 5779 1825 5832 navium
1863 5779 1915 5831 itt
1948 5770 2086 5836 ostio

2193 5493 2352 5548 Ponti
2370 5492 2742 5560 Theodoreto,
2762 5492 2858 5548 lib.
2886 5509 2939 5555 ν.
2963 5509 3086 5563 cap.
3108 5492 3178 5548 5t
3200 5500 3287 5558 ;et
3309 5479 3765 5563 Nicephxcajlnm'

2196 5564 2351 5621 Unde
2381 5565 2683 5633 profectus,
2730 5552 2800 5618 ἰιι
2833 5552 3047 5619 Pallad:
3068 5567 3167 5633 ait,
3203 5552 3456 5631 iagellos'
3478 5558 3543 5609 ad
3592 5552 3767 5618 Bithy-

2196 5636 2301 5691 niae
2329 5636 2639 5690 Przenetum
2676 5645 2930 5705 occupat.
2972 5654 2990 5679 ι
3624 5692 3635 5704 ,

2267 5706 2378 5777 (ίῖ)
2416 5707 2481 5760 El
2516 5707 2714 5762 Cllbilis
2745 5694 3262 5777 ex'eoimperatorii
3306 5720 3438 5777 pars
3468 5694 3769 5751 corruisset,

2196 5774 2380 5834 ut'es't
2416 5788 2610 5832 auctor
2648 5777 2757 5833 Leo
2784 5779 2975 5848 imper.
3011 5778 3064 5832 in
3109 5774 3231 5833 Vita
3262 5774 3541 5844 Chrysa“.
