4062 6456
356 347 467 413 357
1482 345 2018 409 BIBLIOTHECA.
2059 370 2128 381 -
2156 346 2325 409 COD.
2368 348 2545 411 XCVI
3557 360 3667 426 358

354 465 607 534 πολλῆς¹
648 462 967 536 παρρησίας
1013 463 1101 517 διὰ
1154 463 1247 517 τὸν
1304 463 1624 535 ἀνδριάντα,
1650 464 1709 526 ὃς
1734 461 1928 531 πλησία

2038 511 2040 517 .
2074 462 2202 516 ralis
2233 465 2378 517 enim
2399 466 2741 532 praefectura
2772 482 2958 524 curam
2987 472 3234 544 recipere
3278 488 3337 530 se
3382 475 3522 531 velle
3568 496 3669 533 ne-

349 560 454 627 τῆς
481 557 791 628 ἐκκλησίας
820 557 957 627 αὐτῇ
980 557 1325 627 άνεγήγερτο
1358 556 1612 627 (θόρυδος
1627 557 1736 627 γὰρ
1760 557 1928 610 ἐκεῖθε

2075 557 2605 628 gabat,priusquam
2648 561 2895 631 iniquum
2935 564 3064 619 illud
3090 566 3379 636 judicium,
3419 574 3668 639 proposi-

349 653 525 717 πολὺς
589 657 658 724 τῇ
711 653 981 724 ἐκκλησία
1042 652 1334 720 ἐτίκτετο),
1394 654 1560 708 πάλιν
1592 654 1661 707 τὰ
1699 655 1843 708 κατὰ
1874 655 1928 707 τέ

2088 658 2199 700 tum
2270 662 2675 718 excussumque
2740 652 2903 708 foret.
2938 655 3182 710 Eudoxia
3245 669 3366 726 post
3423 677 3528 715 non
3574 664 3667 717 diu

349 744 529 816 μέγαν
554 743 827 815 Ἰωάννην
860 742 1285 807 συσκευάζεται.
1331 744 1389 796 '0
1420 743 1481 797 δέ
1510 743 1771 813 Θεόφιλος
1793 743 1928 797 ταύτ

2070 737 2257 793 furore
2291 755 2508 795 rursum
2532 743 2935 814 incensa,quod
2961 747 3184 803 liberius
3209 754 3495 818 perstricta
3532 755 3671 810 luis-

344 836 609 906 ἐρμαίῳ³
642 836 712 906 τῇ
763 834 966 906 πράξει
1030 835 1367 906 περιτυχὼν,
1418 836 1582 897 αὐτὸς
1639 835 1737 908 μέν
1768 835 1831 889 τὸ
1860 837 1928 907 τῆ

2069 843 2172 895 set,
2196 842 2424 903 propter
2453 844 2712 901 statuam,
2737 851 2859 906 qua:
2888 837 3048 906 juxta
3090 844 3350 913 templum
3376 848 3552 914 posita
3588 849 3663 901 illi

345 930 567 993 πῶεως
636 932 788 1000 μῖσος
852 927 1092 993 δεδιὼς⁶
1128 930 1189 982 οὐ
1245 930 1655 1001 παραγίνεται’
1716 924 1918 1002 ἐμίσήθ

2070 924 2247 980 fuerat
2276 927 2533 997 (magnus
2551 927 2698 981 enim
2740 927 2870 983 inde
2899 930 3161 1000 strepitus
3188 932 3241 986 in
3276 934 3480 1003 templo
3523 936 3669 991 exci-

348 1024 469 1094 γὰρ
505 1023 654 1089 λίαν,
680 1024 754 1075 ὃτι
780 1022 927 1092 μετὰ
949 1022 1050 1093 τὴν
1073 1023 1328 1077 Ἰωάννου
1364 1024 1689 1095 καθαίρεσιν
1727 1024 1822 1078 καὶ
1847 1028 1928 1078 τοί

2067 1016 2339 1087 labatur),
2364 1017 2561 1071 iterum
2595 1018 2647 1071 in
2673 1018 2891 1073 beatum
2911 1021 3188 1077 hominem
3205 1023 3664 1079 calumuizeador-

362 1120 627 1188 μακροῖς,
655 1116 717 1168 δι’
760 1113 859 1178 οὒς
916 1115 1114 1186 ἐκείνῳ
1170 1115 1559 1182 ἐπεϐούλευεν,
1601 1116 1928 1187 ἐκοινώνησε

2065 1120 2267 1163 nantur
2295 1111 2431 1181 (15).
2480 1109 2611 1177 Qua!
2649 1126 2784 1166 sane
2804 1127 2913 1178 res,
2934 1115 3038 1168 etsi
3065 1129 3264 1182 praeter
3297 1132 3449 1188 spem
3488 1117 3644 1173 Theo

363 1211 463 1262 καὶ
514 1210 618 1261 τῶν
647 1206 990 1277 ⁹Ωριγενείων
1046 1207 1518 1277 ἀναγνωσμάτων,
1554 1211 1610 1261 ἐν
1635 1205 1719 1272 οἷς
1751 1210 1927 1262 ἐκεῖνο

2062 1203 2213 1272 philo
2245 1204 2447 1259 accidit
2469 1205 2840 1273 optatissima,
2874 1206 3086 1263 veritus
3129 1218 3308 1265 tamen
3341 1210 3431 1265 ille
3457 1212 3659 1266 civium

363 1299 656 1360 διέϐαλλεν,
707 1299 809 1351 οὐκ
841 1299 1124 1367 ἀπείχετο.
1191 1299 1265 1351 Ob
1314 1299 1679 1368 παραγίνεται
1724 1296 1817 1353 οὖν
1869 1301 1928 1353 δι.

2060 1295 2268 1358 odium,
2294 1294 2410 1363 ipse
2460 1296 2681 1363 quidem
2720 1312 2828 1350 non
2892 1298 3128 1355 accessit
3161 1298 3340 1370 (valde
3369 1303 3516 1356 enim
3543 1302 3659 1369 jam

355 1391 414 1443 τὸ
451 1392 633 1459 μίσος,
684 1391 901 1461 πέμπει
932 1390 978 1444 δ’
1008 1390 1125 1443 ἀντ’
1168 1389 1358 1454 αὐτοῦ,
1408 1390 1533 1461 μηδ’
1555 1392 1637 1453 είς
1660 1390 1842 1458 κρίσιν
1875 1392 1928 1445 ἐτ

2060 1387 2270 1443 invisus
2297 1402 2417 1443 esse
2446 1399 2708 1457 coeperat,
2745 1399 2859 1444 tum
2890 1393 3037 1460 quod
3072 1391 3229 1461 pulso
3280 1391 3514 1459 Joanne,
3534 1386 3657 1449 cum

350 1484 534 1537 καλεῖν
586 1483 983 1548 ἀποθεσπίζων
1035 1483 1316 1554 Ἰωάννην,
1347 1483 1423 1546 ὡς
1456 1483 1597 1554 μετὰ
1626 1484 1724 1554 τὴν
1758 1484 1925 1537 καθαί

2057 1479 2259 1551 Longis
2283 1493 2465 1536 tamen
2508 1482 2797 1548 fratribus,
2817 1498 2916 1553 per
2962 1501 3101 1555 quos
3129 1486 3205 1540 illi
3236 1497 3397 1542 antea
3432 1488 3660 1542 insidia-
3720 1526 3723 1527 ν

346 1595 494 1646 ρεσιν
557 1577 919 1647 τολμήσαντα
974 1577 1320 1648 ίεράσασθαι,
1379 1577 1480 1647 τῆς
1543 1578 1604 1631 ἐν
1647 1577 1928 1649 Ἀντιοχείι

2056 1573 2242 1640 batur,
2275 1575 2765 1640 communicasset,
2803 1584 2914 1630 tum
2940 1578 3087 1647 quod
3110 1578 3291 1648 legere
3319 1580 3437 1650 ipse
3472 1580 3658 1649 Orige-

341 1670 565 1724 συνόδου
592 1669 675 1741 τῷ
702 1671 841 1741 μετά
883 1669 1209 1743 καθαίρεσιν
1258 1668 1437 1740 ἐαυτῷ
1482 1670 1584 1741 τὴν
1645 1670 1928 1741 ἱερωσύνη

2053 1665 2141 1720 nis
2169 1666 2397 1736 scripta.
2433 1682 2541 1736 quo
2567 1668 2788 1722 nomine
2806 1667 3073 1724 Joannem
3104 1670 3520 1738 criminabatur,
3545 1690 3651 1727 non

336 1765 705 1835 ἐκδικήσαντι
730 1766 751 1797 ⁵
784 1764 907 1817 ούδέ
936 1764 1102 1817 τόπον
1126 1762 1499 1835 ὑπολιπούσης
1527 1764 1847 1834 ἀπολογίας.
1882 1766 1922 1815 Ο

2053 1757 2352 1830 desineret)
2396 1774 2503 1814 non
2569 1763 2826 1826 accessit,
2871 1762 3117 1833 inquam,
3160 1763 3272 1819 odii
3322 1772 3511 1832 metu;
3556 1768 3652 1821 scil

332 1857 390 1910 δεῖ
428 1873 497 1922 γε
520 1827 682 1928 ’περὶ
714 1856 976 1927 Ἰωάννην
1008 1855 1306 1926 Ἀρειανῶν
1347 1827 1532 1925 ἐλεκον
1560 1827 1829 1910 εἷναι-καὶ
1855 1857 1928 1909 τοι

2059 1866 2159 1921 pro
2180 1865 2238 1905 se
2274 1850 2440 1905 alium
2477 1853 2754 1917 submisit,
2801 1855 3236 1923 pronuntiatum,
3276 1872 3344 1913 ne
3403 1859 3456 1912 in
3500 1859 3651 1929 judi-

334 1950 548 2003 κανόνα
596 1950 695 2003 καὶ
737 1950 838 2021 τήν
904 1948 1144 2014 σύνοδον,
1206 1949 1301 2003 ἐπὶ
1350 1954 1588 2022 συσκευῇ
1631 1949 1928 2003 Ἀθανασίο

2057 1944 2202 1999 cium
2239 1944 2458 2014 quidem
2506 1947 2812 1999 vocandum
2848 1944 3142 2012 Joannem,
3166 1960 3225 2002 ut
3250 1950 3344 2018 qui
3381 1962 3506 2019 post
3540 1952 3653 2022 eje-

334 2043 760 2113 ἐκτεθειμένου,
798 2043 867 2114 ἢν
890 2043 939 2096 οί
969 2042 1028 2095 ἐν
1057 2041 1298 2113 Σαρδικῇ
1334 2042 1690 2114 ἀπεφήναντο
1722 2043 1928 2113 ἄκυρον

2055 2037 2296 2092 ctionem
2327 2051 2483 2092 sacra
2538 2038 2691 2093 obire
2740 2039 2925 2093 munia
2989 2055 3097 2094 non
3144 2040 3472 2108 dubitasset,
3523 2058 3646 2098 cum

345 2136 685 2189 ’Δθανάσιον
733 2136 832 2189 ούκ
880 2136 961 2198 είς
1011 2133 1313 2202 ἀπολογίαν
1359 2132 1544 2204 μόνον,
1569 2133 1709 2187 ἀλλὰ
1744 2135 1841 2186 καὶ
1873 2134 1921 2186 εί

2051 2128 2393 2184 Antiochena
2446 2131 2687 2201 synodus
2750 2140 2874 2200 post
2929 2132 3301 2200 expulsionem
3358 2137 3647 2191 sacerdotii

337 2228 655 2300 ἱερωσύνην
690 2228 807 2300 ἅμα
836 2226 1143 2298 Μαρκέλλῳ
1173 2226 1484 2296 δεξάμενοι.

2054 2239 2251 2278 munus
2282 2223 2349 2278 ad
2384 2222 2529 2277 hunc
2556 2224 2801 2289 obeunti,
2838 2223 3044 2278 nullum
3077 2224 3414 2283 defensionis
3468 2227 3645 2283 locum

336 2324 647 2392 reliquerit.
689 2324 768 2377 Ad
799 2338 919 2392 quae
951 2320 1175 2375 Joannis
1207 2321 1464 2384 studiosi,
1495 2320 1829 2375 Arianorum
1914 2320 2064 2375 illum
2118 2334 2244 2374 esse
2305 2333 2572 2373 canonem
2632 2334 3067 2389 consessumque
3143 2322 3509 2392 excipiebant,
3579 2310 3647 2377 ad

344 2417 588 2471 insidias
616 2412 1201 2470 duntaxatAtlianasio
1229 2414 1521 2467 struendas
1546 2424 1947 2481 comparatum.
1991 2410 2131 2466 Hinc
2166 2425 2286 2465 eam
2321 2410 2496 2478 ipsam
2528 2412 2796 2481 synodum
2846 2408 3038 2465 Patres
3100 2409 3449 2469 Sardicensis
3514 2432 3649 2471 con-

349 2509 465 2562 cilii
496 2508 700 2562 nullam
734 2521 858 2562 esse
891 2506 1196 2569 censuisse,
1220 2516 1274 2559 et
1309 2505 1609 2559 Athanasio
1644 2520 1750 2558 non
1781 2507 1953 2558 solum
1996 2501 2322 2559 defendendi
2348 2502 2433 2558 sui
2466 2511 2791 2574 potestatem
2830 2501 3047 2571 fecisse,
3085 2518 3273 2560 verum
3326 2507 3491 2562 etiam
3552 2523 3645 2565 sa-

343 2604 655 2660 cerdotium
686 2619 791 2656 una
828 2617 950 2656 cum
991 2599 1249 2656 Marcello
1306 2600 1693 2654 administrare
1736 2599 2073 2668 permisisse.

414 2698 703 2752 κωλύεται
750 2698 851 2767 μὲν
895 2692 991 2749 οὖν
1043 2696 1165 2749 τότε
1201 2695 1644 2766 ὁΧρυσόστομος
1686 2694 1943 2767 ἱερᾶσθαι

341 2796 441 2849 καὶ
464 2794 603 2857 ὅλως
629 2794 767 2862 πρὸς
787 2792 889 2864 τὴν
916 2790 1215 2860 ἐκκλησίαν
1245 2789 1613 2860 κατέρχεσθαι
1633 2806 1646 2817 ·
1686 2790 1718 2859 ή
1749 2788 1806 2842 δὲ
1830 2788 1928 2842 τῶι

2053 2793 2162 2847 tur,
2200 2800 2340 2839 neve
2375 2783 2599 2838 omnino
2624 2784 2692 2837 ad
2738 2784 3029 2840 ecclesiam
3061 2787 3264 2843 veniat.
3300 2788 3500 2844 Christi
3529 2800 3639 2845 tum

339 2884 591 2957 Χριστοῦ
645 2883 946 2937 Γενεθλίων
977 2882 1142 2953 ἑορτή
1168 2883 1509 2952 ἐνειστήκει,
1554 2880 1687 2953 [263
1719 2878 1812 2953 8.]
1846 2880 1928 2935 κα)

2045 2874 2320 2929 Natalinm
2379 2873 2550 2927 festus
2602 2873 2720 2927 dies
2782 2874 3023 2929 instabat
3059 2873 3195 2946 (ﬂ),
3242 2877 3550 2948 mansitque
3575 2879 3641 2931 ad

338 2980 528 3051 ἔμεινε
566 2978 729 3048 μέχρι
756 2975 857 3045 τῆς
916 2974 1079 3043 ἁγίας
1127 2976 1531 3046 Πεντηκοστῆς,
1567 2977 1663 3030 καὶ
1686 2974 1766 3029 ἑτι
1798 2977 1928 3047 πρὸς

2050 2964 2253 3022 festum
2283 2965 2645 3020 Pentecostes
2673 2974 2727 3020 et
2746 2964 2862 3021 dies
2885 2966 3108 3037 insuper
3125 2969 3365 3038 quinque
3392 2984 3639 3033 cessans,

340 3070 570 3142 ἡμέρας
600 3070 765 3123 πέντε
798 3067 1075 3138 σχολάζων
1105 3069 1200 3119 καὶ
1256 3067 1423 3137 μηδὲν
1464 3068 1601 3131 ὅλως
1648 3070 1928 3141 ἐκκλησια·

2050 3071 2105 3116 et
2138 3061 2205 3115 ab
2233 3060 2380 3114 omni
2406 3059 2788 3116 ecclesiastico
2817 3060 3314 3119 abstinensoﬂicio.
3334 3062 3471 3118 Tum
3495 3066 3638 3119 enim

337 3163 532 3217 στικὸν
554 3161 1047 3233 διαπραττόμενος.
1081 3160 1216 3213 Τότε
1250 3160 1307 3213 δὲ
1335 3160 1557 3224 τελείως
1586 3162 1679 3214 καὶ
1708 3162 1806 3232 τῆς
1839 3163 1928 3216 ἐκ.

2042 3153 2268 3207 omnino
2298 3162 2353 3209 et
2380 3152 2619 3209 ecclesia
2642 3153 2835 3224 pulsus
2876 3166 2931 3210 et
2980 3155 3136 3221 urbe,
3177 3156 3449 3213 Cucusutn
3480 3175 3640 3215 exsu-

332 3254 577 3326 κλησίας
603 3256 819 3324 καὶτῆς
869 3252 1080 3315 πόλεως
1114 3251 1399 3323 ἐξεϐλήθη,
1435 3254 1532 3306 καὶ
1553 3253 1822 3325 ἐξωρίσθη
1855 3256 1928 3318 είς

2038 3244 2208 3298 latum
2256 3247 2457 3301 missus
2512 3256 2616 3302 est.
2694 3246 2813 3313 Quo
2895 3247 3026 3303 item
3105 3259 3349 3319 tempore
3396 3263 3451 3306 et
3500 3252 3640 3323 ignis

2123 2689 2294 2762 Igitur
2325 2689 2639 2761 prohibent,
2673 2689 3097 2762 Chrysostomns
3125 2695 3302 2751 sacris
3337 2710 3405 2750 ne
3458 2711 3646 2767 opere.

330 3348 683 3413 Κουκουσὺν,
717 3346 808 3401 ὅτε
848 3346 944 3399 καὶ
973 3347 1035 3399 τὸ
1094 3345 1207 3417 πῦρ
1233 3345 1475 3414 ἀναφθὲν
1503 3345 1606 3416 τῆς
1636 3347 1935 3419 ἐκκλησίας

325 3440 431 3493 τοῦ
455 3440 717 3509 ἄμϐωνας
754 3438 930 3493 πολλά
990 3437 1102 3492 τῶν
1153 3437 1314 3509 πέριξ
1364 3440 1799 3509 κατενεμήσατο.
1825 3441 1935 3494 Καὶ

326 3530 527 3586 πολλοὶ
555 3530 615 3583 δέ
642 3529 750 3583 τῶν
776 3529 920 3582 κατὰ
956 3526 1055 3582 τοῦ
1101 3528 1257 3596 ἁγίου
1286 3527 1931 3599 παραδειγματίσθησαν,

326 3622 363 3693 ἢ
402 3623 591 3685 νόσοις
629 3620 889 3687 ἐξαισίοις
941 3620 976 3692 ἢ
1033 3621 1344 3690 συμφοραῖς
1385 3616 1669 3690 θεηλάτοις
1689 3619 1783 3671 τὸν
1818 3618 1933 3689 βίον

328 3712 779 3785 ἀπορρήξαντες.
852 3712 1183 3784 Ἐξορισθεὶς
1231 3712 1288 3765 δὲ
1338 3712 1419 3776 είς
1476 3712 1811 3775 Κουκουσδν,
1855 3713 1933 3776 ὡς

328 3799 488 3868 οὗτός
524 3820 684 3875 φησι,
752 3801 850 3857 καὶ
899 3802 1150 3857 ἐδίδασκε
1194 3802 1291 3857 καὶ
1338 3802 1670 3874 ἐχειροτόνει
1701 3801 1933 3867 πολλοὺς

342 3897 442 3966 μὶν
466 3896 831 3962 ἐπισκόπους,
868 3894 1095 3959 πλείους
1133 3894 1192 3948 δέ
1239 3894 1650 3967 πρεσϐυτέρους
1680 3894 1777 3948 καὶ
1810 3894 1928 3948 δια-

342 3991 550 4053 κόνους.
587 3988 865 4043 Ἕπετέλει
893 3988 951 4042 δέ
979 3989 1075 4042 καὶ
1105 3987 1281 4041 πολλὰ
1317 3990 1521 4059 σημεῖα
1547 3989 1608 4041 ἐν
1628 3990 1693 4058 τῇ
1718 3986 1926 4060 ἐξορίᾳ,

333 4080 446 4144 ζῶν
473 4098 536 4133 τε
566 4078 665 4132 καὶ
685 4079 823 4151 μετὰ
854 4079 1109 4135 θάνατον.
1136 4077 1377 4150 Τελευτᾷ
1405 4078 1462 4131 δέ
1484 4078 1546 4131 οὐ
1587 4078 1728 4149 μετὰ
1762 4078 1929 4133 πολὺν

323 4175 551 4247 χρόνον,
586 4173 682 4228 τοῦ
714 4172 1018 4227 ἐπισκόπου
1052 4173 1326 4242 Κομάνων
1362 4172 1458 4226 καὶ
1512 4171 1792 4243 μάρτυρος
1827 4171 1930 4224 Βα-

321 4268 583 4320 σιλίσκου
643 4267 745 4337 τὴν
803 4264 1063 4336 τελευτὴν
1112 4262 1264 4336 αὐτῷ
1312 4263 1788 4335 προμηνύσαντος,
1834 4265 1929 4318 καὶ⁵

320 4360 605 4416 θάπτεται
632 4360 691 4414 ἐν
719 4362 785 4432 τῇ
814 4361 953 4432 αὐτῇ
981 4358 1073 4413 τοῦ
1110 4359 1389 4432 μάρτυρος
1418 4358 1672 4431 λάρνακι.

397 4541 752 4613 Κατέκριναν
783 4541 836 4595 δὲ
870 4542 921 4595 οἱ
972 4539 1103 4612 περὶ
1130 4538 1393 4607 Θεόφιλον
1424 4538 1517 4592 καὶ
1560 4536 1923 4610 Ἡρακλείδην

2041 3335 2224 3405 templi
2261 3338 2493 3405 primum
2549 3348 2867 3409 suggestum
2926 3341 3229 3411 corripiens
3271 3340 3408 3413 (l5),
3468 3345 3634 3398 multa

2038 3442 2257 3496 quoque
2325 3429 2684 3485 circumcirca
2726 3430 2967 3487 ﬂammis
3012 3434 3334 3503 absumpsit.
3382 3434 3638 3506 Plerique

2040 3516 2212 3570 etiam
2244 3516 2591 3571 inimicorum
2620 3516 2847 3573 Joannis
2886 3522 3129 3590 exempla
3175 3522 3469 3589 dederunt,
3505 3541 3634 3597 par-

2036 3607 2133 3660 tim
2158 3607 2316 3662 l'aedis
2338 3609 2561 3673 morbis,
2580 3612 2779 3679 partim
2803 3613 3065 3667 divinitus
3084 3615 3323 3671 immissa
3347 3616 3500 3672 clade
3522 3621 3633 3675 vita

2034 3700 2180 3753 exuti
2211 3700 2347 3771 (l6).
2381 3701 2658 3757 Cncusum
2716 3705 2761 3775 (l
2776 3705 2827 3775 7)
2884 3720 3014 3775 ergo
3042 3707 3362 3777 deportatus
3392 3692 3632 3766 Joannes

2035 3791 2116 3861 (ut
2142 3792 2231 3848 hic
2278 3795 2498 3865 quidem
2538 3797 2785 3866 perhibet
2818 3799 3075 3870 scriptor)
3117 3812 3173 3855 et
3206 3803 3388 3857 docuit
3416 3804 3487 3859 ibi
3529 3820 3631 3874 pro

2032 3888 2323 3954 concione,
2351 3897 2407 3942 et
2435 3890 2713 3944 ordinavit
2759 3890 2962 3947 multos
3009 3894 3319 3964 episcopos,
3349 3911 3411 3951 ac
3444 3896 3630 3968 plures

2031 3981 2197 4035 etiam
2229 3982 2569 4049 sacerdotes,
2599 3993 2762 4054 atque
2787 3986 3067 4041 diaconos.
3103 3985 3267 4043 Multa
3299 3990 3426 4045 item
3459 3991 3630 4045 mira-

2031 4072 2151 4128 cula
2186 4074 2236 4129 in
2265 4089 2331 4130 eo
2363 4075 2563 4130 exsilio
2594 4092 2718 4130 cum
2769 4078 2948 4144 vivus,
2978 4091 3090 4135 tum
3148 4092 3398 4139 mortuus
3430 4086 3622 4141 edidit.

2030 4167 2326 4224 Ubiitvero
2367 4183 2474 4222 non
2512 4169 2683 4223 multo
2716 4180 2839 4238 post
2880 4170 3019 4243 (18),
3055 4189 3176 4227 cum
3208 4174 3495 4246 episcopus
3530 4179 3628 4232 Co-

2030 4274 2317 4313 manorum
2342 4258 2455 4329 (l9)
2485 4258 2808 4324 Basiliscus,
2841 4260 3095 4331 idemque
3132 4276 3365 4335 martyr,
3391 4265 3551 4321 linem
3572 4269 3621 4323 ei

2030 4354 2328 4407 secundum
2395 4353 2637 4423 quietem
2698 4354 3077 4422 pra'dixisset:
3121 4358 3488 4429 conditusque
3539 4369 3624 4415 est

1955 4448 2002 4505 D
2032 4448 2084 4501 in
2121 4446 2365 4514 ejusdem
2394 4449 2656 4517 martyris
2684 4449 2915 4505 tumulo.

2102 4538 2436 4609 TlteOpliilns
2459 4550 2638 4595 autem
2673 4557 2795 4596 cum
2828 4543 2941 4596 suis
2972 4543 3412 4598 condemnarunt
3447 4543 3621 4600 Hera-

315 4637 422 4689 τδν
460 4636 718 4705 Ἐφέσου,
750 4634 982 4689 ἀπόντα.
1012 4633 1126 4687 Καὶ
1156 4632 1482 4705 Σεραπίωνα
1503 4631 1561 4685 δὲ
1595 4630 1869 4694 ποικίλαις
1899 4630 1920 4663 ⁸

2038 4634 2224 4690 clidem
2265 4633 2415 4705 83b
2454 4634 2653 4704 Ephesi
2702 4636 3014 4706 episcopum
3048 4637 3352 4702 absentem,
3415 4649 3469 4695 et
3521 4640 3619 4696 Se-

321 4727 698 4791 ὑποδαλόντες
744 4726 1041 4798 τιμωρίαις
1099 4726 1197 4778 καὶ
1244 4723 1347 4791 τῆς
1393 4724 1702 4792 ἐπισκοπῆς
1746 4722 1918 4792 Ἦρα-

322 4822 542 4886 κλείας,
603 4823 660 4874 ἐν
707 4813 744 4895 ᾖ
790 4820 956 4873 αὑτὸν
982 4817 1123 4889 μετὰ
1175 4817 1277 4888 τὴν
1318 4813 1543 4888 πρώτην
1574 4815 1673 4884 τῆς
1703 4813 1920 4885 ὲξορίας

321 4914 591 4971 ἐπάνοδον
621 4912 917 4983 ἐτύγχανεν
949 4913 978 4965 ὁ
1009 4910 1183 4981 μέγας
1226 4908 1483 4977 Ἰωάννης
1508 4907 1917 4977 χειροτονήσας,

2027 4727 2330 4794 rapionem,
2354 4724 2522 4779 multa
2551 4724 2804 4781 affectum
2843 4727 3068 4796 injuria,
3095 4727 3371 4786 Heraclea:
3401 4733 3615 4803 episco-

2027 4830 2177 4888 patu,
2234 4819 2286 4870 in
2345 4833 2453 4888 quo
2491 4819 2664 4888 ipsum
2719 4835 2947 4891 magnus
2984 4820 3225 4878 Joannes
3289 4834 3410 4894 post
3461 4827 3617 4897 prius

2028 4911 2282 4967 exsilium
2309 4926 2560 4967 reversus
2577 4912 2873 4981 ordinarat,
2905 4913 3152 4985 ejiciunt.
3193 4916 3495 4973 Heraclida:
3518 4918 3615 4973 de-

1599 5044 1839 5101 VARUE
1869 5046 2279 5104 LECTIONES.

1424 5165 1446 5196 ⁵
1467 5166 1722 5229 δεδοικὼς
1752 5185 1812 5231 ς.

394 5168 420 5200 ³
453 5168 657 5239 πολλῆς
684 5168 811 5223 add.
852 5169 921 5224 A.
1000 5168 1020 5201 ⁸
1051 5169 1257 5238 ἐρμαίᾳ
1287 5184 1347 5231 ς.

1889 5169 1911 5199 ⁸
1945 5168 2036 5222 τὸν
2062 5200 2131 5209 —-
2160 5171 2527 5239 ἐκδικήσαντα
2562 5172 2623 5224 Α.
2703 5172 2725 5202 ⁸
2756 5172 3036 5237 ποικίλαις
3062 5176 3101 5227 Λ
3132 5192 3149 5231 :
3188 5175 3414 5240 πολλαῖς
3440 5192 3504 5243 ς.

1886 5286 2120 5345 NOTAE.

397 5412 515 5483 (15)
542 5409 770 5483 Niceph.
818 5427 941 5482 cap.
992 5411 1104 5483 l8;
1143 5412 1357 5467 Socrat.
1397 5410 1490 5465 lib.
1538 5426 1614 5475 Vl,
1641 5428 1761 5482 cap.
1806 5414 1912 5480 l8;

321 5482 549 5542 Sozam.
582 5482 677 5536 lib.
708 5497 826 5545 Vm,
850 5499 968 5552 cap.
990 5482 1082 5537 20.

406 5554 519 5625 (14)
545 5552 726 5608 Pridie
794 5551 1016 5608 Pascha:
1065 5553 1183 5622 ipso
1240 5568 1439 5623 magno
1484 5551 1742 5625 Satibato,
1802 5556 1916 5610 hrcc

318 5623 447 5681 cum
470 5639 682 5680 summa
710 5625 1123 5681 perturbatione
1149 5626 1396 5678 confecta
1418 5638 1542 5679 esse
1574 5623 1779 5678 Pallad.
1813 5638 1918 5680 tra-

319 5697 420 5757 dit,
454 5706 508 5748 et
540 5694 654 5765 ipse
684 5694 883 5763 Georg.
921 5696 1143 5749 editusa
1168 5694 1481 5749 Tilmanno.

394 5765 509 5835 (15)
550 5766 798 5835 Cassiod.
840 5766 1021 5821 Inanis
1070 5767 1348 5820 studiosos
1380 5766 1693 5835 ecclesiam,
1729 5766 1911 5819 inten-

323 5836 473 5892 disse
492 5834 694 5903 refert,
726 5845 782 5893 et
814 5838 1018 5907 plures,
1042 5852 1180 5908 quos
1218 5836 1415 5893 refellit
1443 5834 1719 5893 lllustriss.
1752 5836 1914 5893 Baro.

2022 5415 2221 5468 Annal.
2254 5416 2320 5471 V.
2362 5420 2429 5469 ad
2452 5433 2543 5469 an.
2576 5416 2706 5472 Chr.
2744 5416 2875 5472 404.

2121 5486 2206 5555 16)
2233 5486 2460 5556 Nicepli.
2495 5503 2619 5556 cap.
2654 5488 2745 5552 22,
2781 5501 2834 5543 et
2858 5487 3072 5546 Pallad.

2119 5556 2208 5623 17)
2243 5556 2467 5623 Nicepb.
2491 5573 2610 5627 cap.
2636 5560 2725 5614 26.

2089 5628 2203 5700 (18)
2235 5628 2550 5700 Ijliceph.57
2564 5642 2683 5695 post
2703 5629 2843 5684 med.
2873 5628 3092 5700 Sozom.
3113 5628 3205 5683 lib.
3229 5644 3344 5692 vm,
3368 5646 3487 5700 cap.
3503 5632 3603 5689 ult.

2092 5697 2575 5774 (19)_Lep_.imper.
2591 5702 2752 5774 etiam
2781 5700 2841 5755 S.
2880 5698 3181 5774 aniauum
3202 5697 3446 5774 martyrii
3473 5704 3605 5761 olim

2024 5770 2096 5827 ibi
2119 5768 2480 5828 B.Basilisco
2508 5772 2744 5838 socium,
2768 5773 3090 5842 apparuisse
3123 5786 3229 5826 una
3273 5768 3458 5829 tradit.
