4062 6442
327 354 434 419 361

1448 360 1977 449 BIBLIOTHECA.
2022 388 2093 400 —
2130 363 2295 427 con.
2339 366 2541 430 XCVI.

3528 374 3635 439 362

340 471 565 534 Ἠλεῖος
633 469 844 524 παίδων
893 469 1026 538 πὺξ,
1083 471 1275 538 Κάλας
1319 473 1530 539 Ἠλεῖος
1563 476 1771 529 παίδων
1797 492 1936 546 παγ-

2042 476 2218 531 cratio
2240 489 2297 533 et
2328 489 2543 534 armato
2589 494 2752 537 cursu
2816 480 3185 541 llecatomnus
3226 482 3489 541 Milesius.
3536 487 3645 541 Ter

337 563 589 635 ιρὰτιον,
630 562 986 632 Ἐκατόμνως
1007 563 1280 636 Μιλήσιος
1309 567 1407 621 καὶ
1439 566 1731 637 ὁπλίτην¹⁶
1762 561 1942 637 (οὗτος

325 659 389 708 ἐν
413 659 485 727 τῇ
518 657 665 727 αὐτῇ
702 655 775 709 τὰ
824 656 958 726 τρία
1010 658 1393 730 ἐστεφανώθη,
1429 660 1667 724 στάδιον,
1699 662 1941 728 δίαυλον,

321 750 605 821 ὁπλίτην),
650 750 1035 822 ’Λριστόλοχος
1088 753 1117 805 ὁ
1161 752 1372 817 Ἠλεῖος
1416 753 1743 827 τέθριππον,
1772 756 1940 827 Ἀγή-

327 861 497 913 μονος
533 843 753 896 Ἠλείου
795 842 988 915 κέλης,
1032 844 1351 903 Ἑλλανίκου
1416 847 1631 903 Ἠλείου
1678 849 1937 922 συνωρὶς,

324 935 429 989 τού
460 935 633 991 αὐτοῦ
666 936 914 992 πωλικὸν
945 937 1271 1009 τέθριππον,
1319 940 1536 1012 Κλητία
1570 942 1614 975 ¹⁷
1657 943 1870 997 Ἠλείου
1898 945 1941 979 ⁸⁸

330 1028 569 1102 πωλικὴ
595 1030 842 1101 συνωρὶς,
896 1032 1220 1086 Καλλίππου
1244 1032 1448 1103 Πηλίου
1482 1036 1721 1100 πωλικδς
1751 1037 1939 1108 κέλης.

418 1124 714 1189 Λεύκολλος
745 1123 804 1176 δὲ
849 1124 1075 1196 ’Δμισὸν
1128 1127 1171 1159 ¹⁹
1204 1127 1539 1199 ἐπολιόρκει,
1572 1132 1670 1187 καὶ
1711 1131 1941 1200 Μουρή-

344 1231 447 1267 ναν
480 1215 574 1267 ἐπὶ
590 1214 690 1283 τῆς
709 1213 1035 1286 πολιορκίας
1062 1216 1385 1272 καταλιπὼν
1408 1219 1549 1287 μετὰ
1560 1219 1706 1273 δυοῖν
1725 1222 1942 1291 ταγμά-

344 1324 457 1359 τοιν
486 1305 645 1369 αὐτὸς
666 1305 807 1377 μετὰ
837 1307 1008 1379 τριῶν
1032 1308 1212 1363 ἄλλων
1234 1310 1480 1382 προῆγεν
1506 1314 1600 1366 ἐπὶ
1622 1313 1938 1385 Καϐείρων,

336 1399 467 1451 ὅπου
498 1397 841 1470 διεχείμαζε.
882 1399 990 1454 Kal
1034 1401 1315 1472 Ἀδριανὸν
1349 1405 1591 1470 ἐπέταξε
1628 1406 1941 1478 πολεμῆσαι

330 1491 682 1564 Μιθριδάτῃ·
714 1494 812 1546 καὶ
868 1492 1190 1564 πολεμήσας
1254 1495 1498 1566 ἐνίκησε.
1540 1499 1653 1551 Kal
1712 1499 1940 1569 σεισμοῦ

328 1590 385 1640 ἐν
434 1586 636 1659 Ῥώμῃ
668 1585 972 1658 γενομένου
1040 1587 1213 1642 πολλὰ
1260 1588 1472 1662 ταύτης
1499 1592 1796 1647 συνέπεσε.
1830 1593 1941 1649 Kal

326 1678 460 1733 ἄλλα
489 1679 551 1731 δὲ
588 1675 823 1729 πλεῖστα
854 1676 913 1730 ἐν
942 1676 1117 1750 ταύτῃ
1151 1677 1452 1751 ξυνηνέχθη
1484 1684 1551 1753 τῇ
1590 1682 1937 1752 Ὀλυμπιάδι.

325 1772 439 1825 Kal
484 1770 789 1841 Ῥωμαίων
813 1768 892 1839 τῷ
928 1770 1099 1843 τρίτῳ
1152 1774 1328 1844 αὐτῆς
1359 1775 1472 1827 ἔτει
1514 1776 1939 1845 ἀπετιμήθησαν

331 1865 608 1936 μυριάδες
657 1869 987 1939 ἐνενήκοντα
1032 1867 1127 1921 καὶ
1160 1867 1281 1938 μία.
1315 1867 1423 1921 Kal
1455 1867 1826 1937 Σινατρούκην
1846 1868 1938 1921 τὸν

324 1957 573 2027 Πάρθων
604 1957 836 2028 βασιλέα
863 1958 1271 2029 τελευτήσαντα
1306 1957 1578 2023 διεδέξατο
1602 1958 1862 2028 Φραάτης
1891 1959 1936 1991 ²⁰

323 2053 355 2103 ὁ
390 2052 716 2122 ἐπικληθεὶς
746 2052 903 2116 θεός.
933 2053 1048 2106 Καὶ
1118 2052 1350 2122 Φαῖδρον
1406 2052 1499 2106 τὸν
1555 2053 1938 2125 Ἐπικούρειον

324 2142 607 2207 διεδέξατο
665 2145 916 2214 Πάτρων.
996 2145 1113 2197 Καὶ
1168 2143 1492 2216 Οὐεργίλιος
1562 2144 1607 2176 ’ί
1666 2135 1875 2218 Μάρων
1909 2150 1938 2201 ὁ

330 2236 571 2307 ποιητὴς
598 2236 872 2307 ἐγεννήθη
931 2235 1125 2290 τούτου
1152 2236 1248 2290 τοῦ
1286 2236 1477 2305 ἐτους,
1534 2237 1698 2302 εἰδοῖς
1736 2239 1939 2293 Ὀκτω-

330 2329 546 2400 ϐρίαις.
580 2329 712 2402 [H7
747 2328 844 2402 IL]
908 2328 1000 2400 Τῷ
1027 2330 1084 2383 δὲ
1106 2329 1357 2401 τετάρτῳ
1397 2330 1509 2384 ἔτει
1537 2332 1816 2403 Τιγράνης
1843 2334 1939 2387 καὶ

331 2422 682 2492 Μιθριδάτης
702 2421 1060 2493 ἀθροίσαντες
1085 2420 1291 2487 πεζοὺς
1320 2422 1421 2492 μὲν
1439 2425 1717 2495 τέσσαρας
1736 2425 1937 2496 μυριά-

331 2512 455 2577 ἆας,
500 2514 704 2579 ἱππέας
730 2515 776 2546 ”
808 2514 867 2568 δὲ
913 2516 1089 2585 τρεῖς,
1148 2516 1246 2567 καὶ
1291 2514 1384 2567 τὸν
1423 2516 1687 2572 Ἰταλικὸν
1737 2519 1939 2583 αὐτοὺς

334 2606 604 2673 τάξαντες
633 2608 857 2680 τρόπον,
890 2607 1244 2679 ἐπολέμησαν
1268 2608 1559 2679 Λευκόλλῳ
1575 2608 1622 2641 ⁸³
1643 2625 1657 2639 ·
1686 2612 1782 2663 καὶ
1810 2612 1940 2681 νικᾷ

334 2700 668 2763 Λεύκολλος,
718 2701 815 2754 καὶ
867 2700 1299 2770 πεντακισχίλιοι
1355 2700 1457 2770 μὲν
1505 2701 1615 2755 τῶν
1655 2703 1795 2772 μετὰ
1842 2703 1937 2758 Τι-

334 2794 578 2862 γράνους
601 2792 820 2858 ἔπεσον,
852 2791 1072 2857 πλείους
1098 2792 1156 2847 δὲ
1184 2792 1391 2848 τούτων
1417 2794 1935 2865 ᾐχμαλωτίσθησαν,

332 2884 511 2955 χωρὶς
534 2883 631 2936 τοῦ
659 2882 823 2938 ἄλλου
883 2881 1185 2950 σύγκλυδος
1234 2883 1279 2914 ’³⁵
1306 2884 1489 2954 ὄχλου.
1524 2886 1636 2938 Καὶ
1665 2885 1726 2937 τὸ
1753 2887 1937 2940 Καπι-

329 2974 533 3027 τώλιον
558 2976 615 3029 ἐν
667 2973 856 3046 Ῥώμῃ
895 2974 1108 3037 Κάτλος
1150 2974 1485 3046 καθιέρωσε.
1521 2976 1633 3029 Kal
1665 2976 1937 3042 Μέτελλος

328 3065 431 3117 ἐπὶ
453 3065 552 3118 τὸν
601 3063 882 3134 Κρητικὸν
937 3062 1179 3132 πόλεμον
1211 3064 1491 3135 ὁρμήσας,
1521 3063 1650 3132 τρία
1676 3064 1935 3136 τάγματα

328 3159 497 3228 ἔχων,
528 3153 692 3229 ἦλθεν
732 3160 813 3223 είς
856 3158 957 3229 τὴν
1017 3159 1202 3230 νῆσον,
1258 3160 1353 3212 καὶ
1400 3160 1551 3234 μάχῃ
1576 3163 1822 3232 ινικήσας
1844 3164 1937 3216 τὸν

322 3250 588 3321 Λασθένη
618 3251 663 3283 ³⁸
692 3250 1057 3321 αὐτοκράτωρ
1109 3251 1484 3323 ἀνηγορεύθη,
1528 3255 1622 3308 καὶ
1650 3256 1932 3327 τειχήρεις

323 3344 642 3413 κατέστησε
664 3345 791 3408 τοὺς
815 3344 1065 3415 Κρῆτας.
1117 3346 1232 3399 Kal
1264 3347 1637 3419 Ἀθηνόδωρος
1664 3348 1935 3419 πειρατὴς

322 3436 939 3507 ἐξανδραποδισάμενος
977 3436 1208 3509 Δηλίους
1231 3438 1299 3491 τὰ
1313 3437 1424 3491 τῶν
1452 3438 1764 3510 λεγομένων
1791 3441 1934 3496 θεῶν

322 3528 499 3595 ξόανα
529 3530 898 3602 διελυμήνατο
919 3547 933 3561 ⁶
987 3530 1151 3597 Γάϊος
1203 3530 1262 3583 δὲ
1295 3532 1556 3604 Τριάριος
1599 3534 1672 3587 τὰ
1694 3534 1936 3603 λελωϐη-

320 3623 471 3693 μένα.
496 3623 604 3694 τῆς
636 3624 847 3689 πόλεως
890 3625 1268 3690 ἐπισκευάσας
1326 3629 1567 3698 ἐτείχισε
1606 3631 1706 3701 τὴν
1737 3632 1929 3701 Δῆλον.

394 3716 584 3788 Μέχρι
647 3717 745 3786 μὲν
796 3717 892 3772 οὖν
932 3716 1141 3789 ταύτης
1181 3736 1274 3790 μοι
1329 3721 1433 3791 τῆς
1476 3721 1844 3791 Ὀλυμπιάδος
1875 3726 1935 3776 ἐν

318 3810 505 3878 λόγοις
538 3810 703 3864 πέντε
728 3812 762 3882 ή
792 3812 1099 3881 ἀνάγνωσις
1129 3814 1381 3883 γέγονεν.
1412 3815 1573 3870 Ἔστι
1594 3815 1651 3868 δὲ
1670 3814 1770 3886 τὴν
1796 3816 1935 3887 φρά-

334 3919 420 3954 σιν
469 3901 599 3956 οὖτε
657 3903 782 3957 λίαν
827 3907 1181 3978 χαμαιπετὴς
1215 3906 1340 3961 οὔτε
1372 3907 1467 3961 τὸν
1513 3908 1762 3962 Ἀττικὸν
1792 3911 1847 3973 ἐς
1873 3908 1935 3962 τὸ

339 3992 565 4062 ἀκριϐὲς
614 3992 900 4059 διασώζων
945 3998 1298 4069 χαρακτῆρα.
1334 3998 1544 4061 Ἀλλως
1589 4016 1650 4051 τε
1692 3999 1749 4053 δέ
1776 3999 1872 4052 καὶ
1896 4001 1932 4070 ἡ

331 4084 467 4153 περὶ
494 4084 594 4148 τὰς
638 4084 1012 4155 Ὀλυμπιάδας
1041 4088 1232 4141 καὶτὰ
1267 4090 1324 4141 ἐν
1359 4089 1552 4152 αὐταῖς
1584 4089 1694 4143 τῶν
1732 4091 1934 4159 ἀγωνι-

320 4175 557 4245 σμάτων
600 4176 845 4247 ὀνόματα
898 4180 992 4233 καὶ
1041 4180 1273 4251 πράξεις
1317 4180 1363 4212 ³⁸
1413 4182 1507 4233 καὶ
1541 4183 1575 4251 ή
1625 4182 1758 4252 περὶ
1803 4182 1933 4247 τοὺς

318 4271 624 4339 χρησμοὺς
656 4270 885 4341 ἄκαιρος
947 4271 1233 4341 φιλοπονία
1283 4289 1345 4325 τε
1396 4273 1494 4326 καὶ
1522 4272 1825 4341 φιλοτιμία,
1852 4276 1932 4339 είς

317 4360 495 4431 κόρον
524 4361 820 4430 ἀπάγουσα
877 4362 970 4416 τὸν
1010 4364 1290 4435 ἀκροατὴν
1333 4366 1429 4419 καὶ
1466 4365 1634 4435 μηδὲν
1663 4365 1793 4419 ἄλλο
1822 4365 1932 4418 τῶν

319 4454 381 4504 ἐν
416 4451 498 4522 τῷ
533 4452 678 4523 λόγῳ
711 4453 1055 4523 προκύπτειν
1084 4456 1468 4527 συγχωροῦσα,
1492 4458 1635 4528 ἀηδῆ
1667 4475 1729 4510 τε
1769 4460 1812 4490 ³⁷
1839 4457 1930 4511 τὸν

2044 568 2136 623 hic
2163 571 2356 623 eodem
2389 571 2505 638 ipso
2540 571 2627 626 die
2671 584 2969 639 coronatus
3021 582 3126 637 est,
3180 576 3360 630 stadio
3416 577 3647 647 ejusque

2045 670 2293 722 recursu,
2322 667 2378 711 et
2424 670 2633 713 armato
2664 675 2851 724 cursu,
2880 662 3259 717 Aristolochus
3312 664 3477 719 Eleus
3508 680 3645 735 qua-

2044 747 2198 820 driga
2222 750 2420 813 victor,
2440 766 2583 820 equo
2610 767 2737 809 vero
2766 754 3026 824 singulari
3048 754 3291 825 Agemon
3319 755 3503 812 Eleus.
3522 756 3646 811 Helo

2042 839 2223 896 lanico
2251 840 2381 899 Eleo
2400 844 2517 914 biga
2540 845 2726 906 cessit.
2754 855 2809 901 et
2830 846 3183 914 equuleorum
3210 849 3495 919 quadriga.
3524 848 3646 904 Cle-

2045 932 2133 987 tias
2166 933 2280 990 Elei
2317 937 2673 1006 equuleorum
2702 937 2822 1010 biga
2854 938 2973 1004 fuit,
3001 949 3055 995 et
3086 939 3312 1010 Callippi
3344 938 3488 997 Pelei
3525 941 3645 997 sin-

2042 1027 2249 1101 gularis
2284 1030 2576 1099 equuleus.

2115 1119 2376 1177 Lucullus
2433 1138 2500 1177 eo
2557 1132 2799 1192 tempore
2862 1122 3107 1178 Amisum
3166 1123 3488 1192 obsidebat;
3547 1127 3645 1183 sed

2045 1212 2274 1267 Murena
2310 1212 2364 1267 in
2395 1214 2685 1269 obsidione
2707 1230 2829 1268 cum
2849 1212 3063 1268 duabus
3090 1212 3395 1282 legionibus
3428 1213 3641 1282 relicto,

2046 1304 2164 1374 ipse
2195 1319 2317 1360 cum
2350 1306 2523 1360 tribus
2552 1304 2677 1359 aliis
2707 1306 2971 1360 adversus
3009 1304 3269 1361 Cabeiros
3298 1306 3468 1372 duxit,
3510 1306 3641 1362 etin

2046 1399 2292 1454 hibernis
2324 1399 2525 1455 ibidem
2546 1410 2723 1455 castra
2750 1399 2970 1454 locavit.
3004 1398 3148 1453 Idem
3180 1399 3481 1453 Adrianum
3515 1414 3639 1454 cum

2049 1491 2373 1547 Mithridate
2404 1491 2700 1563 conﬂigere
2724 1492 2900 1562 jubet,
2944 1508 3052 1560 quo
3069 1491 3233 1546 etiam
3264 1491 3453 1560 prarlio
3475 1506 3642 1560 supe-

2044 1584 2159 1641 rior
2184 1585 2309 1641 fuit.
2345 1586 2534 1641 Romae
2563 1601 2778 1657 quoque
2808 1595 2950 1639 terra
2974 1586 3163 1648 movit,
3188 1584 3465 1653 multaque
3500 1584 3640 1639 allii—

2044 1681 2222 1745 xil,et
2255 1680 2359 1733 alia
2410 1690 2675 1749 praeterea
2712 1679 2937 1749 plurima
2987 1680 3087 1733 hac
3150 1680 3262 1749 ipsa
3320 1675 3641 1748 Olympiade

2042 1773 2406 1842 contigerunt.
2460 1771 2598 1833 Nam
2651 1787 2796 1826 anno
2826 1773 2991 1826 tertio
3042 1788 3221 1827 censae
3274 1784 3401 1827 sunt
3450 1773 3639 1827 Ronne

2045 1866 2314 1936 myriades
2331 1865 2443 1936 (29)
2460 1866 2756 1935 nonaginta
2779 1876 2833 1919 et
2852 1881 2977 1920 una.
3002 1864 3289 1921 Sinatruce
3311 1867 3636 1921 Parthorum

2044 1970 2171 2025 rege
2191 1956 2464 2010 exstincto
2494 1954 2634 2025 (50),
2668 1956 2935 2011 successit
2960 1955 3226 2010 Phraates
3273 1968 3638 2025 cognomento

2042 2046 2230 2115 Deus;
2288 2056 2343 2102 et
2389 2046 2674 2103 Phaedrum
2726 2046 3050 2116 Epicureum
3108 2056 3402 2112 mortuum,
3435 2047 3636 2101 Patron

2043 2139 2279 2205 excepit.
2314 2137 2573 2208 Virgilius
2608 2138 2735 2193 item
2767 2138 2919 2192 Maro
2941 2137 3055 2210 (51)
3084 2139 3186 2193 hoc
3230 2140 3347 2209 ipso
3365 2155 3507 2192 anno
3530 2138 3637 2193 ldi-

2036 2228 2145 2291 bus
2172 2227 2427 2285 Octobris
2486 2240 2646 2285 natus
2692 2236 2798 2285 est.
2836 2229 3046 2295 Quarto
3089 2244 3218 2284 vero
3256 2229 3415 2299 hujus
3446 2227 3635 2302 Olym-

2042 2322 2221 2390 piadis
2274 2337 2418 2377 anno
2458 2322 2729 2392 Tigranes
2756 2330 2810 2377 et
2832 2321 3198 2386 Mithridates,
3242 2323 3489 2379 collectis
3519 2322 3635 2395 (52)

2040 2416 2282 2485 peditum
2314 2415 2679 2487 quadraginta
2716 2417 2959 2484 milibus,
2993 2420 3235 2488 equitum
3256 2418 3503 2487 triginta,
3550 2417 3636 2470 in-

2040 2516 2361 2576 atructaque
2395 2507 2769 2563 Ruinanorum
2801 2523 2950 2562 more
2970 2510 3107 2574 acie,
3129 2524 3253 2572 cum
3296 2507 3521 2562 Lucullo
3556 2508 3637 2561 di-

2041 2597 2311 2653 micantes
2370 2599 2500 2654 victi
2560 2610 2691 2654 sunt
2724 2619 2739 2657 :
2764 2601 2921 2658 caesis
2946 2618 2977 2658 e
3003 2601 3255 2671 Tigranis
3278 2601 3453 2670 copiis
3473 2600 3636 2671 quin-

2040 2703 2147 2759 que
2169 2690 2430 2753 millibus,
2455 2701 2510 2745 et
2538 2692 2621 2747 his
2652 2693 2898 2763 pluribus
2924 2694 3121 2763 captis,
3155 2703 3354 2764 praeter
3380 2702 3634 2749 caeteram

2038 2783 2324 2840 hominum
2356 2785 2644 2841 colluviem
2683 2787 2822 2858 (55),
2882 2787 3208 2858 Capitolium
3250 2787 3439 2843 Romae
3470 2788 3637 2844 Caul-

2034 2877 2127 2934 lus
2153 2879 2466 2935 dedicavit:
2493 2890 2548 2934 et
2584 2882 2651 2934 ad
2676 2881 2949 2935 Creticum
2977 2881 3089 2952 (34)
3136 2880 3334 2935 bellum
3360 2879 3639 2951 profectus

2039 2986 2162 3025 cum
2198 2973 2419 3044 triginta
2472 2973 2775 3042 legionibus
2808 2973 3082 3037 Metellus,
3131 2974 3356 3028 insulam
3387 2988 3509 3028 eam
3562 2981 3636 3029 te-

2041 3063 2159 3117 nuit
2190 3066 2315 3118 :ubi
2337 3074 2394 3120 et
2432 3080 2598 3118 manu
2646 3081 2770 3121 cum
2805 3065 3113 3122 Laosthene
3159 3075 3432 3132 conserta,
3463 3064 3639 3120 victor

1964 3194 2009 3257 Ο
2043 3153 2343 3223 imperator
2372 3165 2457 3211 est
2483 3158 2811 3226 appellatus,
2842 3159 3201 3215 Cretensibus
3254 3157 3397 3212 intra
3439 3156 3638 3227 oppida

2044 3263 2345 3317 murosque
2375 3250 2697 3319 compulsis.
2723 3250 3113 3306 Athenodorus
3136 3249 3314 3321 pirata
3342 3248 3454 3305 Deli
3478 3249 3635 3304 inco-

2040 3340 2121 3396 las
2152 3344 2399 3411 captivos
2428 3343 2732 3404 abducens.
2767 3342 3016 3407 deormn,
3048 3342 3140 3413 qui
3168 3352 3455 3407 vocantur,
3478 3342 3634 3411 signa

2039 3432 2311 3487 destruxit
2341 3451 2356 3497 ;
2385 3442 2442 3487 at
2461 3434 2625 3503 Cajus
2641 3434 2861 3503 quidam
2894 3434 3143 3490 Triarius
3173 3434 3325 3490 urbis
3350 3442 3472 3490 ruta
3493 3446 3635 3489 cmsa

2040 3525 2374 3593 instaurans,
2411 3527 2599 3582 Delum
2632 3543 2792 3584 muro
2824 3527 3020 3583 cinxit.

2108 3711 2188 3765 Ad
2233 3710 2376 3765 hanc
2409 3710 2592 3779 itaque
2635 3709 3008 3781 Olympiadem
3035 3724 3209 3781 usque
3255 3710 3422 3766 libros
3470 3710 3636 3780 quin-

2037 3818 2145 3874 que
2172 3802 2523 3872 perlegimus.
2550 3803 2808 3858 Auctoris
2838 3803 3013 3873 stylus
3032 3816 3209 3872 neque
3237 3802 3462 3858 omnino
3483 3802 3635 3857 humi

2036 3897 2231 3965 serpit,
2266 3911 2441 3965 neque
2496 3895 2743 3950 Atticum
2802 3910 3196 3967 usquequaque
3250 3896 3630 3951 characterem

2036 3998 2243 4044 servat.
2269 3989 2524 4059 Alioquin
2562 3988 2651 4043 illa
2684 3987 2850 4043 nimis
2911 3988 3099 4059 putida
3126 3989 3298 4058 ipsius
3351 3987 3632 4042 accuratio

2037 4091 2204 4151 atque
2238 4081 2519 4152 diligentia
2544 4081 2597 4136 in
2646 4078 3060 4153 Olympiadibus
3085 4080 3495 4151 percensendis,
3517 4079 3635 4133 sin-

2036 4174 2407 4245 gulorumque
2424 4175 2789 4229 certaminum
2819 4175 3151 4239 nominibus,
3172 4183 3227 4229 et
3253 4174 3414 4228 rebus
3442 4173 3632 4242 geStis,

2035 4276 2200 4336 atque
2253 4268 2386 4336 ipsis
2418 4269 2583 4322 etiam
2611 4268 2853 4324 oraculis
2911 4268 3232 4331 referendis,
3272 4283 3379 4320 non
3413 4266 3632 4321 taedium

2034 4361 2198 4415 modo
2227 4359 2419 4414 lectori
2453 4359 2634 4422 allert.
2666 4361 2790 4415 dum
2833 4375 2928 4430 per
2950 4375 3070 4416 eam
3110 4360 3313 4428 reliqua
3343 4357 3521 4411 omnia
3574 4357 3631 4410 in

2033 4450 2141 4507 hoc
2192 4451 2335 4509 libro
2372 4452 2725 4523 obteguntur,
2780 4470 2957 4524 neque
3010 4467 3279 4524 apparere
3324 4452 3625 4505 sinuntur:

318 4542 488 4610 λόγον
515 4542 756 4597 δεικνύει
784 4546 880 4599 καὶ
934 4546 1159 4618 χάριτος
1205 4548 1361 4601 οὐδὲν
1388 4547 1536 4618 ἐχειν
1564 4550 1923 4622 παρατίθησι.

2042 4559 2225 4599 verum
2250 4546 2415 4600 etiam
2447 4545 2799 4613 iniucundum
2857 4544 3246 4614 propemodum
3292 4544 3469 4599 reddit
3507 4556 3626 4596 ser-

321 4633 628 4703 Χρησμοῖς
676 4634 735 4688 δὲ
788 4636 1068 4701 παντοίοις
1093 4638 1173 4701 είς
1198 4637 1512 4711 ὑπερϐολήν
1562 4642 1681 4693 ἐστι
1724 4654 1927 4712 κεχρηο

320 4723 515 4793 μένος.

2041 4650 2282 4699 ιιιοιιειιι,
2315 4638 2521 4706 quique
2545 4638 2689 4710 84!;
2741 4641 2931 4708 gratia:
2955 4639 3089 4692 nihil
3115 4639 3315 4693 habere
3355 4635 3635 4691 indicetur

2041 4739 2098 4785 et
2126 4744 2257 4785 vero
2294 4731 2473 4791 omnis
2508 4733 2728 4801 generis
2757 4732 2981 4786 deorum
3039 4748 3299 4804 responsa
3325 4732 3445 4786 sine
3472 4732 3635 4785 modo

2039 4823 2295 4879 inculcat.

1640 4977 1879 5034 VARIIE
1922 4970 2331 5038 LECTIONES.

423 5122 470 5153 "
506 5122 635 5175 Μιλ.
665 5123 757 5176 κα)⁵
790 5120 1021 5192 ὁπλίτην
1057 5140 1136 5192 ς.
1222 5121 1264 5152 ¹⁷
1301 5120 1543 5192 Κλητεία
1575 5139 1637 5184 ς.

319 5194 365 5222 ’⁸
399 5193 719 5261 Ούῖργίλιος
755 5210 817 5257 ς.
917 5191 1243 5244 ³³ίππέων.
1281 5209 1342 5254 ς.

318 5265 367 5295 ’⁸
404 5265 502 5317 καὶ
524 5264 622 5327 τὰς
657 5264 887 5333 πράξεις
915 5262 955 5317 C
988 5280 1048 5327 ς’.
1126 5264 1171 5293 ⁸⁷
1201 5280 1260 5315 τε
1293 5261 1481 5331 σχεδὸν
1516 5262 1606 5315 τόν
1638 5280 1697 5326 ς.

1738 5121 1781 5152 ¹⁸
1818 5121 2051 5192 Πηλείου
2100 5142 2162 5188 ς’.

1438 5191 1484 5221 ⁸³
1513 5191 1840 5267 Λευκούλλῳ
1891 5191 1965 5234 ⁷-
1996 5194 2339 5259 Λεύκουλλος
2374 5214 2433 5261 ς.
2522 5197 2567 5229 ³⁸
2602 5191 2936 5267 συγκλυδοῦς
2985 5217 3045 5266 ς.

2283 5126 2325 5163 ⁸⁸
2356 5124 2628 5190 Λεύκολος
2687 5127 2745 5179 δὲ
2789 5126 3019 5197 ἄμινσον
3064 5147 3123 5193 ς.
3202 5129 3250 5160 ’θ
3296 5128 3513 5197 Φράτης
3572 5145 3631 5191 ς.

2283 5213 2339 5259 ος
2374 5214 2433 5261 ς.
2522 5197 2567 5229 ³⁸
2602 5197 2936 5267 συγκλυδοῦς
2985 5217 3045 5266 ς.
3136 5200 3182 5231 ’³
3229 5198 3513 5270 Λαοσθένη
3572 5216 3631 5260 ς.

1893 5352 2129 5410 NOTAE.

407 5494 624 5567 (ΞΒ-ἓξ)
653 5495 711 5549 ld
739 5503 846 5560 eet,
876 5495 1064 5550 decem
1080 5495 1247 5550 millia
1264 5512 1427 5567 supra
1452 5505 1722 5565 nongenta
1750 5497 1937 5552 millia.

396 5565 513 5636 (30)
567 5564 922 5627 Sanalruceu,
964 5567 1115 5630 huic,
1164 5577 1224 5620 ut
1274 5564 1937 5636 videtur,cognontinetn.

330 5637 729 5691 AIIllelllOl'um
755 5637 1051 5702 quemdam
1084 5651 1266 5705 regem
1304 5639 1440 5693 citat
1474 5639 1630 5693 Suid.

428 5706 541 5775 (51)
571 5706 675 5760 Cn.
700 5705 959 5774 Pompeio
984 5716 1039 5759 et
1066 5706 1353 5763 M.Crasso
1376 5724 1549 5775 coss.,
1574 5718 1633 5763 ut
1658 5710 1731 5764 ait
1758 5709 1939 5768 Dona-

334 5788 428 5833 tus
464 5780 516 5829 in
549 5778 666 5842 ejus
706 5776 853 5841 Vita,
907 5791 1051 5830 anno
1085 5777 1150 5832 U.
1189 5779 1252 5832 C.
1284 5779 1410 5833 684.

397 5848 515 5917 (32)
546 5846 808 5903 Errorem
837 5846 925 5901 hic
960 5848 1327 5917 irrepsissein
1351 5850 1621 5911 calculum
1657 5867 1725 5909 ex
1772 5862 1936 5911 calle-

652 5959 927 6022 Pamoc.
971 5962 1086 6023 Gn.
1133 5963 1297 6026 Clll.

1981 5918 2027 5929 ut.

2049 5500 2129 5575 ris
2182 5499 2484 5567 historicis,
2532 5504 2855 5575 negantibus
2928 5518 3112 5573 parem
3164 5519 3399 5575 unquam
3440 5520 3468 5557 a
3520 5506 3636 5561 sole
3682 5506 3693 5509 ’

2046 5571 2222 5641 νίεειη
2274 5587 2532 5641 pugnam,
2584 5571 3032 5630 manifestissime
3076 5571 3311 5629 constat.
3358 5573 3491 5631 Vide
3553 5581 3636 5630 Vt...

2046 5640 2195 5697 Plut.
2224 5640 2531 5698 Lucullum.

2112 5713 2227 5783 (33)
2246 5714 2530 5787 Συγκλυδῆ
2546 5714 2704 5785 ὄχλον
2739 5716 2806 5771 ad
2829 5716 3136 5772 ministeria
3154 5717 3455 5772 destinatos
3477 5718 3635 5787 (quo-

2042 5797 2167 5860 rum
2188 5784 2351 5860 ad_55
2372 5786 2536 5860 millia
2570 5784 2738 5860 [uisse
2767 5788 2940 5860 rel'ert
2966 5788 3132 5860 Plat.)
3156 5789 3377 5860 calones
3397 5784 3633 5860 accipio.

2115 5851 2230 5924 (54)
2262 5854 2338 5911 De
2354 5871 2461 5925 quo
2488 5854 2550 5912 L.
2573 5854 2783 5923 Florus,
2810 5859 2903 5917 lib.
2931 5875 3018 5927 tu,
3044 5851 3165 5931 cap.
3186 5858 3241 5914 7.

3192 5976 3267 6037 15!
