4062 6474
346 406 455 467 365
1299 400 1825 461 BIBLIOTHECA.
1858 427 1924 436 —
1947 401 2163 463 CODD.
2204 399 2680 463 XCVIII-XCIX.
3513 391 3619 456 366

343 524 449 594 ϐὴς
481 520 582 575 καὶ
614 516 878 580 πολλάκις
908 518 968 569 ἐν
997 515 1213 580 πολλοῖς
1258 516 1508 569 ὑλακτῶν
1536 517 1678 569 κατὰ
1708 516 1818 568 τῶν
1840 518 1933 570 εὑ-

2054 528 2254 571 ιεοιιιυε
2278 514 2617 585 religionem,
2646 513 2698 567 in
2719 510 2963 581 pluribus
2989 509 3252 564 adversus
3280 507 3398 579 pios
3419 522 3620 577 smptus

345 614 549 677 σεϐῶν,
575 611 847 681 σύντομος
900 608 956 661 δὲ
981 608 1083 679 τὴν
1122 608 1347 678 φράσιν,
1384 606 1515 680 [272
1540 606 1633 679 R.]
1676 609 1935 680 εὐκρινής

2059 617 2225 663 atrat.
2275 607 2497 677 Alioqui
2539 607 2723 662 brevis
2780 614 2887 671 est,
2922 604 3165 659 dictione
3193 601 3521 672 perspicuus
3552 618 3619 656 ac

340 723 401 758 τε
437 703 538 758 καὶ
568 702 835 771 καθαρὸς,
882 699 1007 754 οὐδὲ
1034 698 1129 753 τοῦ
1158 700 1316 769 ἡδέος
1354 699 1763 769 ἀπῳκισμένος.
1802 700 1936 768 Ἀρ-

2054 717 2228 765 turus,
2252 716 2354 755 nec
2386 700 2677 756 suavitatis
2716 713 2938 769 expers.
2966 695 3239 767 Incipiens
3285 701 3469 750 autem
3505 694 3620 749 bis-

340 814 497 868 χεται
531 794 635 866 μὲν
660 793 767 863 τῆς
795 795 840 825 ¹⁹
875 792 1139 862 ἱστορίας,
1188 789 1266 853 ὡς
1287 789 1353 845 ἄν
1381 805 1466 852 τις
1491 786 1659 852 εἴποι,
1686 786 1794 841 ἀπὸ
1830 788 1936 839 Αύ-

2054 793 2235 846 ,oriatn
2278 791 2388 862 jam
2444 793 2593 855 inde,
2648 791 2823 846 ferme
2858 789 3115 853 dixerim,
3150 788 3220 841 ab
3259 787 3525 856 Augusto,
3565 795 3623 839 et

342 888 613 957 γούστου,
645 884 931 955 ἐπιτρέχει
980 882 1037 934 δὲ
1079 881 1291 943 πάντας
1331 880 1459 943 τοὺς
1511 879 1676 949 μέχρι
1708 877 1936 947 Διοκλη-

2054 885 2406 951 imperatores
2436 896 2631 937 omnes
2662 882 2729 935 ad
2758 881 3156 936 Diocletianum
3190 891 3360 947 usque
3393 890 3623 947 percur-

343 980 568 1043 τιανοῖι,
594 978 752 1048 ψιλὴν
790 975 985 1045 ῶσπερ
1018 974 1118 1044 τὴν
1150 972 1459 1045 ἀνάρρησιν
1497 972 1594 1025 καὶ
1618 971 1719 1041 τὴν
1756 969 1935 1023 διαδο-

2054 988 2187 1036 'ens,
2217 973 2417 1025 nudam
2452 972 2606 1042 quasi
2636 972 3067 1042 designationem
3108 968 3623 1037 successionemque

350 1074 463 1141 χὴν
483 1068 662 1123 αὐτῶν
686 1064 1094 1135 ἀφηγούμενος.
1138 1061 1274 1115 Ἀπὸ
1297 1060 1354 1115 δὲ
1375 1058 1766 1128 Διοκλητιανοῦ
1799 1056 1936 1110 πλα-

2054 1081 2227 1120 eorum
2263 1072 2702 1119 commemorat:
2737 1067 2867 1118 dum
2894 1063 3060 1116 latius
3094 1062 3309 1115 tandem
3339 1077 3368 1114 a
3398 1059 3617 1115 Diocle-

359 1165 595 1234 τύτερον
646 1159 769 1230 περὶ
826 1158 939 1211 τῶν
977 1154 1444 1227 βεϐασιλευκότων
1482 1151 1840 1221 διαλαμϐάνει
1879 1151 1938 1203 ὲν

2054 1161 2215 1221 liauo,
2242 1157 2310 1211 de
2343 1157 2410 1211 iis
2448 1156 2539 1225 qui
2577 1156 2807 1224 imperio
2842 1156 3000 1224 potiti
3029 1155 3157 1219 sint,
3186 1153 3342 1207 libris
3370 1153 3616 1222 quinque

364 1256 595 1326 βιϐλίοις
615 1251 775 1304 πέντε
796 1265 810 1279 ·
834 1251 898 1302 τὸ
941 1250 1053 1320 γὰρ
1111 1248 1329 1318 πρῶτον
1350 1246 1476 1307 τοὺς
1517 1244 1679 1315 μέχρι
1713 1242 1938 1311 Διοκλη-

2054 1259 2283 1306 tractare
2330 1251 2529 1320 pergit.
2563 1248 2782 1304 Primus
2817 1248 2963 1303 enim
3000 1247 3144 1301 liber
3171 1246 3530 1314 imperatores
3556 1244 3625 1296 ab

361 1344 544 1398 τιανοῦ
564 1342 669 1394 ἀπὸ
725 1339 1044 1409 Αὐγούστου
1104 1337 1438 1409 ἀριθμεῖται.
1468 1336 1580 1388 Καὶ
1617 1334 1820 1405 πληροῖ
1838 1334 1937 1403 τὴν

2054 1346 2287 1412 Augusto
2321 1342 2389 1395 ad
2430 1341 2828 1396 Diocletianum
2857 1353 3030 1409 usque
3060 1345 3330 1405 recenset,
3373 1333 3625 1402 sextique

354 1439 520 1505 ἕκτην
553 1434 737 1504 βίϐλον
757 1436 816 1487 ὲν
847 1433 1078 1494 ἐκείνοις
1093 1428 1540 1503 ἀπαρτιζομένην
1563 1429 1674 1490 τοῖς
1704 1426 1938 1497 χρόνοις,

2054 1439 2164 1491 linis
2191 1437 2243 1489 in
2264 1436 2330 1488 iis
2359 1434 2561 1489 desinit
2585 1433 2948 1502 temporibus,
2977 1430 3177 1500 quibus
3199 1428 3486 1482 Alaricbns
3507 1425 3623 1495 (56)

349 1532 406 1581 ἐν
429 1525 514 1591 οἷς
557 1528 846 1598 Ἀλάριχος
883 1527 985 1594 τὴν
1010 1524 1230 1593 Ῥώμην
1256 1522 1318 1575 τὸ
1333 1521 1586 1593 δεύτερον
1608 1518 1936 1591 πολιορκῶν,

2054 1528 2271 1583 Romam
2299 1527 2496 1582 iterum
2532 1525 2813 1591 obsidens,
2855 1524 3067 1578 civibus
3091 1524 3158 1577 ad
3191 1521 3428 1587 inopiam
3469 1519 3626 1573 reda-

346 1624 439 1676 καὶ
505 1621 623 1674 τῶν
671 1617 1026 1673 ἐνοικούντων
1085 1615 1504 1688 ἀπορουμένων,
1555 1613 1670 1667 λύει
1708 1615 1807 1684 τὴν
1839 1630 1939 1665 πο-

2054 1623 2147 1677 stis
2183 1621 2523 1676 obsidionem
2571 1617 2765 1679 solvit,
2811 1618 2995 1683 eisque
3036 1615 3421 1685 imperatorem
3470 1611 3623 1665 dedit

344 1713 624 1784 λιορκίαν,
691 1708 919 1781 βασιλέα
966 1709 1179 1771 τούτοις
1212 1707 1479 1762 Ἀτταλον
1513 1703 1773 1760 ἀνειπὼν.
1808 1699 1942 1757 Εἶτα

2054 1712 2303 1775 Attalum,
2336 1725 2498 1781 quem
2544 1719 2722 1764 tamen
2752 1708 2945 1762 deinde
2980 1720 3174 1761 rursus
3218 1703 3491 1759 abdicavit
3517 1703 3622 1756 im-

340 1802 399 1855 δὲ
433 1801 533 1854 καὶ
593 1800 697 1869 τῆς
748 1797 1029 1869 βασιλείας
1069 1797 1259 1851 τοῦτον
1304 1795 1627 1867 παραλύσας
1658 1794 1744 1848 διὰ
1776 1794 1836 1846 τὸ
1867 1793 1940 1863 μὴ

2054 1804 2219 1874 perio,
2247 1802 2390 1872 quod
2426 1816 2653 1872 regnum
2687 1799 2788 1854 sibi
2840 1799 3097 1852 traditum
3138 1798 3319 1851 minus
3352 1804 3501 1849 recte
3538 1793 3621 1846 vi-

344 1894 530 1946 δοκεῖν
552 1888 615 1947 εὖ
651 1868 991 1945 διατίθεσθαι
1026 1891 1097 1943 τὰ
1149 1892 1249 1961 τῆς
1279 1888 1766 1960 ἐγκεχειρισμένης
1792 1885 1941 1955 αύτῷ

2054 1899 2265 1954 aleretur
2303 1894 2694 1950 administrare
2726 1910 2741 1946 :
2776 1902 2940 1962 atque
2978 1891 3045 1944 ad
3086 1890 3383 1944 Honorium
3412 1888 3627 1957 Angus-

349 1985 658 2056 βασιλείας,
686 1984 824 2053 πρὸς
861 1980 1116 2052 Ὀνώριον
1144 1980 1236 2034 τὸν
1262 1980 1487 2051 βασιλέα
1514 1980 1655 2034 κατὰ
1674 1980 1774 2045 τὴν
1812 1978 1939 2032 Ῥά-

2054 2000 2156 2044 ιιιιιι
2192 1986 2468 2042 Ravenna:
2502 1996 2613 2040 tum
2641 1995 2893 2052 agentem
2923 1982 3101 2037 l'thus
3122 1996 3244 2036 cum
3267 1995 3333 2035 eo
3364 1979 3624 2032 initurum

350 2078 553 2131 ϐενναν
574 2074 926 2146 διατρίϐοντα
976 2073 1061 2141 ἐφ’
1177 2072 1509 2126 σπείσασθαι
1534 2072 1579 2104 ³ο
1609 2072 1741 2125 ἵετο.
1780 2069 1943 2123 Ἀλλὰ

350 2168 553 2239 Σάρος,
587 2166 783 2229 Γὸτθος
834 2165 931 2218 καὶ
975 2163 1159 2227 αὐτὸς,
1202 2162 1460 2233 διάφορος
1511 2161 1587 2215 ὢν
1645 2163 1940 2235 Ἀλαρίχῳ,

355 2262 502 2332 ἔχων
540 2277 601 2313 τε
623 2260 717 2313 ὑπ’
778 2258 941 2312 αὐτὸν
991 2256 1121 2327 ἄχρι
1146 2256 1476 2327 τριακοσίων
1504 2258 1600 2309 καὶ
1626 2255 1945 2325 προστεθεὶς

368 2353 621 2423 Ὀνωρίῳ
683 2353 778 2406 καὶ
824 2349 1197 2421 συμπολεμεῖν
1251 2347 1402 2419 αὑτῷ
1459 2348 1603 2403 κατὰ
1658 2348 1944 2419 Ἀλαρίχου

356 2446 788 2514 διατεινόμενος,
812 2441 1064 2513 ἐμποδὼν
1118 2441 1270 2514 ἔστη.
1300 2441 1411 2496 Καὶ
1437 2442 1471 2511 ἠ
1499 2442 1597 2511 μὲν
1627 2440 1761 2513 ἕκτη
1797 2440 1945 2512 αὐτῷ

359 2539 581 2610 ἱστορία
602 2532 702 2591 ὧδε
724 2536 970 2603 τελευτᾷ.

434 2630 595 2682 Εἴποι
619 2627 664 2679 δ’
694 2626 760 2680 ἄν
783 2643 868 2689 τις
931 2625 992 2678 οὐ
1050 2624 1260 2698 γράψαι
1305 2624 1468 2677 αὑτὸν
1507 2623 1772 2693 ἱστορίαν,
1809 2623 1948 2676 ἀλλὰ

362 2718 716 2790 μεταγράψαι
764 2716 865 2788 τὴν
913 2716 1214 2781 Εὐναπίου,
1247 2716 1327 2787 τῷ
1357 2716 1609 2787 συντόμῳ
1639 2716 1802 2787 μόνον
1828 2716 1947 2770 δια-

359 2813 662 2882 φέρουσαν,
724 2809 822 2863 καὶ
882 2809 964 2862 ὃτι
1014 2809 1133 2880 οὐχ,
1168 2807 1359 2878 ὥσπερ
1402 2810 1633 2875 ἐκεῖνος,
1682 2806 1825 2862 οὕτω
1853 2808 1948 2862 καὶ

358 2902 519 2966 οὗτος
570 2902 880 2972 Στελίχωνα
926 2901 1173 2972 διασύρει
1198 2918 1219 2977 f
1268 2902 1339 2955 τὰ
1381 2901 1437 2954 δὲ
1496 2901 1632 2956 ἄλλα
1676 2899 1818 2953 κατὰ
1851 2899 1949 2971 τὴν

360 2998 617 3068 ἱστορίαν
639 2996 769 3068 [148
799 2993 894 3067 Η
930 2993 1121 3064 σχεδόν
1139 3011 1192 3045 τι
1224 2995 1252 3046 6
1284 2993 1468 3058 αὐτὸς,
1496 2993 1592 3046 καὶ
1625 2992 1861 3063 μάλιστα
1890 2992 1948 3043 ὲν

357 3096 486 3155 ταῖς
518 3092 626 3144 τῶν
649 3088 891 3142 εὐσεϐῶν
952 3087 1216 3158 βασιλέων
1248 3087 1543 3151 διαϐολαῖς.
1585 3088 1743 3140 Δοκεῖ
1774 3086 1831 3139 δέ
1856 3102 1949 3156 μοι

359 3187 462 3239 καὶ
494 3179 655 3245 οὗτος
682 3183 774 3236 δύο
799 3179 1065 3245 ἐκδόσεις,
1101 3178 1291 3251 ῶσπερ
1340 3180 1613 3242 κάκεῖνος,
1652 3177 1950 3248 πεποιηκέ-

356 3297 473 3332 ναι.
518 3276 683 3330 Ἀλλὰ
703 3274 895 3328 τούτου
925 3272 1026 3343 μὲν
1082 3272 1182 3343 τὴν
1221 3273 1499 3344 προτέραν
1553 3274 1654 3324 οὐκ
1680 3267 1854 3325 είδον·
1890 3271 1949 3338 ἐξ

354 3365 436 3425 ὧν
458 3370 613 3440 δὲ,ἢν
632 3368 951 3439 ἀνέγνωμεν
971 3406 987 3434 ,
1014 3364 1300 3434 ἑπέγραφε
1322 3363 1478 3430 Νέας
1495 3364 1796 3429 ἐκδόσεως
1814 3380 1879 3415 συ
1886 3381 1954 3434 μ-

356 3462 549 3516 ϐαλεῖν
577 3457 646 3531 ἦν
676 3461 772 3513 καὶ
801 3458 998 3530 ἑτέραν
1025 3457 1195 3528 αὐτῷ,
1234 3455 1425 3527 ῶσπερ
1454 3457 1547 3509 καὶ
1572 3455 1650 3527 τῷ
1670 3455 1953 3525 Εὑναπίῳ,

355 3552 708 3608 ἐκδεδόσθαι.
738 3551 925 3620 Σαφὴς
955 3551 1012 3605 δὲ
1045 3550 1248 3622 μᾶλλον
1281 3544 1434 3614 οὗτος
1472 3549 1567 3603 καὶ
1612 3548 1952 3617 συντομώτε-

358 3665 473 3718 ρος,
502 3646 705 3713 ὥσπερ
728 3643 961 3714 ἔφημεν,
1020 3643 1319 3708 Εὐναπίου,
1357 3644 1452 3697 καὶ
1479 3644 1601 3708 ταῖς
1622 3644 1875 3714 τροπαῖς,
1904 3641 1954 3695 εί

359 3742 437 3812 μὴ
466 3737 728 3801 σπάνιον,
760 3737 820 3789 οὐ
854 3735 1220 3808 κεχρημένος.

661 3914 1030 3987 Ἠρωδιανοῦ
1070 3914 1361 3983 ἱστορικοὶ
1395 3916 1567 3983 λόγοι
1594 3910 1669 3982 η’.

453 4004 909 4075 ’Δνεγνώσθησαν
942 4001 1274 4072 Ἡρωδιανοῦ
1326 4001 1593 4074 ἱστορικοὶ
1619 4001 1770 4069 λόγοι
1787 4000 1950 4055 ὀκτώ.

376 4098 638 4169 Ἀρχεται
674 4097 735 4161 ἐξ
762 4090 826 4151 οὗ
879 4096 1108 4166 Μάρκος
1155 4095 1185 4147 6
1218 4093 1505 4166 Ῥωμαίων
1539 4094 1794 4164 βασιλεὺς
1836 4097 1954 4147 ἑτε-

360 4190 624 4261 λεύτησε,
653 4188 752 4242 καὶ
779 4186 1034 4254 διέξεισιν
1079 4188 1228 4250 ὅπως
1280 4203 1341 4238 τε
1382 4176 1629 4256 Κόμοδος
1662 4188 1689 4239 6
1722 4186 1953 4257 Μάρκου

360 4283 481 4345 υἱὸς
546 4279 924 4345 ἐϐασίλευσεν,
956 4279 1105 4342 ὅπως
1130 4295 1193 4331 τε
1220 4276 1330 4331 τῶν
1372 4275 1643 4347 πατρῴων
1676 4276 1825 4347 ὴθῶν
1850 4276 1955 4329 ὑπὸ

358 4372 473 4425 τῶν
503 4370 759 4425 κολάκων
790 4369 1151 4441 ὲκδιαιτηθεὶς
1182 4367 1410 4440 ὕστερον
1438 4368 1543 4421 ὑπὸ
1574 4368 1831 4441 Μαρκίας
1855 4369 1955 4436 τῆς

362 4462 540 4517 αὖτοῦ
574 4461 860 4531 παλλακῆς
888 4462 985 4514 καὶ
1006 4458 1208 4513 Λαίτου
1232 4458 1327 4512 καὶ
1364 4457 1655 4512 Ἐκλέκτου
1683 4473 1956 4511 συσκευα-

2044 2081 2215 2136 misit.
2242 2080 2451 2134 Asarus
2487 2078 2600 2149 ('57)
2637 2093 2787 2142 vero,
2829 2075 3038 2131 Gothus
3066 2084 3122 2129 et
3145 2075 3282 2143 ipse,
3319 2071 3627 2127 simultates

2045 2175 2308 2228 adversus
2335 2170 2646 2225 Alaricbutn
2671 2183 2955 2231 exercens,
2989 2182 3110 2221 cum
3147 2163 3407 2220 trecentis
3429 2163 3627 2234 quibus

2047 2277 2302 2336 praeerat,
2370 2263 2699 2331 llonorianis
2746 2262 2991 2330 partibus
3033 2259 3343 2327 adjunctus,
3396 2255 3663 2325 bellique

2047 2358 2367 2413 societatem
2389 2354 2688 2424 pollicitus,
2724 2353 2961 2408 Alaricbi
2996 2350 3157 2405 rebus
3178 2348 3626 2419 impedimentum

2045 2446 2265 2517 objccit.
2307 2446 2487 2515 Atque
2536 2445 2680 2499 hunc
2726 2443 2865 2499 sexti
2905 2441 3267 2498 Historiarum
3304 2439 3425 2494 libri
3463 2439 3627 2493 linem

2047 2542 2201 2596 facit.
3654 2606 3657 2609 _

2121 2631 2327 2688 Dixerit
2352 2639 2531 2684 autem
2564 2629 2760 2699 aliquis
2790 2628 2935 2682 hunc
2975 2644 3084 2681 non
3124 2642 3279 2680 suam
3318 2625 3619 2680 llistoriam

2048 2724 2356 2794 scripsisse,
2393 2722 2487 2777 sed
2524 2721 2896 2790 Eunapianatn
2925 2719 3305 2789 descripsisse,
3333 2728 3389 2772 et
3421 2717 3619 2789 partim

2050 2816 2322 2872 brevitate
2365 2814 2636 2868 duntaxat
2672 2814 2743 2866 ab
2789 2812 2878 2865 illa
2928 2810 3169 2874 diﬂerre,
3216 2811 3412 2880 partim
3462 2811 3629 2865 etiam

2050 2910 2192 2979 quod
2236 2905 2488 2961 Zosimus
2534 2921 2663 2969 non,
2721 2912 2781 2959 ut
2830 2904 2938 2969 ille,
2990 2904 3320 2959 Steliconetu
3367 2903 3629 2958 conviciis

2050 3000 2387 3071 proscindat.
2417 2997 2627 3054 Caztera
2658 2998 3050 3067 propemodum
3085 2998 3225 3051 idem
3261 3008 3344 3053 est
3373 2999 3426 3052 in
3454 2997 3630 3051 bisto-

2052 3093 2153 3155 ria,
2186 3093 2308 3160 pios
2339 3093 2645 3161 priesertim
2680 3091 3044 3160 imperatores
3074 3090 3439 3144 criminando.
3473 3090 3633 3143 Arbi-

2053 3192 2168 3236 tror
2216 3192 2396 3235 autem
2433 3182 2567 3236 duas
2602 3182 2748 3236 hunc
2778 3195 3019 3251 quoque,
3050 3182 3195 3236 sicut
3225 3189 3279 3235 et
3304 3180 3483 3243 illum,
3516 3180 3632 3233 edi-

2054 3276 2231 3330 tiones
2260 3274 2581 3337 iustituisse,
2605 3275 2707 3329 etsi
2739 3274 2972 3343 priorem
3005 3273 3165 3342 bujus
3192 3272 3489 3327 editionem
3520 3289 3628 3327 non

2054 3370 2183 3432 vidi,
2214 3365 2484 3434 conjicere
2517 3376 2701 3421 tamen
2733 3381 2799 3420 ex
2831 3365 3092 3420 editionis
3121 3379 3272 3418 nova:
3305 3364 3444 3435 (38),
3469 3379 3629 3433 quam

2054 3476 2155 3514 nos
2181 3460 2430 3529 legimus,
2465 3458 2819 3526 inscriptione
2842 3457 2989 3521 licet,
3015 3456 3182 3511 etiam
3212 3456 3438 3511 alteram
3462 3457 3630 3522 hunc,

2053 3552 2195 3605 sicut
2243 3559 2298 3603 et
2332 3549 2670 3618 Euuapium,
2705 3548 3031 3618 publicasse.
3096 3548 3293 3603 Verum
3329 3549 3502 3620 magis
3544 3548 3636 3603 bic

2056 3644 2246 3712 planus
2275 3651 2380 3706 est,
2407 3652 2462 3694 et
2484 3642 2723 3706 brevior,
2753 3642 2827 3697 uti
2854 3642 3111 3710 diximus,
3138 3658 3301 3714 quam
3331 3642 3633 3713 Eunapius.

2053 3735 2350 3806 ﬁgurisque
2388 3734 2605 3791 nonnisi
2639 3750 2766 3789 raro
2793 3736 2982 3789 utitur.

2751 3824 2937 3881 XCIX.

2353 3916 2651 3971 Herodiaui
2683 3920 3037 3972 historiarum
3066 3919 3199 3973 libri
3228 3935 3351 3975 vnt.

2124 4003 2382 4076 Legimus
2422 4006 2715 4062 Herodiani
2755 4008 3104 4062 historiarum
3153 4009 3325 4065 libros
3368 4018 3514 4064 Octo.
3550 4008 3639 4064 ln-

2054 4100 2186 4168 cipit
2216 4115 2244 4152 a
2290 4098 2452 4153 Marci
2486 4097 2729 4169 [Aurelii
2774 4099 3033 4154 Antonini
3077 4101 3431 4174 philosophi]
3469 4102 3634 4158 Rom.

2055 4190 2402 4261 imperatoris
2451 4206 2705 4256 excessu,
2753 4193 3040 4262 pergitque
3084 4209 3249 4263 porro
3290 4211 3542 4263 narrare,
3579 4207 3639 4249 ut

2055 4282 2387 4338 Commodus
2420 4284 2586 4339 Marci
2640 4284 2785 4339 ﬁlius
2815 4284 2961 4355 85a
3007 4285 3296 4355 imperium
3337 4288 3638 4357 adeptus,a

2054 4376 2303 4444 paternis
2331 4377 2593 4445 moribus,
2634 4379 3031 4433 asseutantium
3053 4394 3242 4448 opera,
3271 4381 3636 4451 degenerarit;

2058 4468 2389 4537 tandemque
2432 4485 2461 4522 a
2494 4467 2699 4524 Marcia
2728 4469 2942 4539 pellice,
2974 4480 3029 4525 et
3054 4469 3205 4525 Laeto
3232 4482 3398 4540 atque
3429 4471 3636 4537 Electo,

365 4554 520 4615 σθεὶς
547 4550 814 4623 ἀνῃρέθη.
854 4550 967 4604 Καὶ
1020 4548 1298 4619 βασιλεύει
1344 4547 1615 4618 Περτίναξ
1642 4546 1951 4619 πρεσϐύτης

2062 4559 2266 4627 paratis
2286 4560 2499 4615 insidiis
2520 4562 2824 4618 exstinctus
2839 4562 2926 4617 sit.
2943 4562 3088 4635 [Lib.
3112 4558 3198 4636 u.]
3232 4563 3488 4620 Pertinax
3514 4566 3643 4623 hinc

363 4644 467 4697 καὶ
497 4641 667 4704 καλὸς
694 4641 763 4694 τὰ
782 4640 920 4711 ἠθηε
950 4638 1013 4693 ὃν
1041 4640 1095 4692 οἱ
1125 4638 1482 4711 στρατιῶται,
1514 4639 1954 4709 ἀπεχθανόμενοι

363 4737 431 4788 τὸ
460 4732 1112 4802 σῶφρον,είσδραμὸντες
1157 4732 1214 4783 ὲν
1260 4733 1326 4801 τῇ
1360 4730 1616 4803 βασιλικῇ
1652 4730 1957 4785 κτείνουσιν

365 4827 522 4897 οἰκίᾳ
554 4825 625 4877 ³³.
672 4824 780 4875 Καὶ
826 4825 978 4886 ὅπως
1022 4821 1313 4886 Ἰουλιανὸς
1346 4823 1452 4875 ὑπὸ
1475 4822 1583 4875 τῶν
1609 4810 1956 4893 στρατιωτῶν

366 4920 630 4990 χρήμασι
661 4915 841 4971 λαϐὼν
868 4916 967 4986 τὴν
989 4915 1187 4986 ἀρχὴν,
1227 4914 1345 4985 μετ’
1371 4916 1432 4969 οὐ
1460 4916 1594 4969 πολῦ
1621 4920 1742 4980 ταῖς
1776 4917 1957 4971 αὐτῶν

368 5006 619 5081 ἀνῃρέθη
650 5007 858 5079 χερσίν.
900 5006 1092 5069 Ὅπως
1134 5022 1194 5059 τε
1248 5004 1476 5077 Νίγρος,
1525 5007 1664 5078 ἀνὴρ
1710 5007 1960 5078 ἐπιεικὴς

370 5098 517 5153 εἶναι
565 5098 759 5164 δοκῶν,
818 5096 1023 5164 ζῶντος
1070 5096 1153 5151 ἔτι
1194 5097 1487 5153 Ἰουλιανοῦ
1538 5101 1619 5163 είς
1656 5101 1962 5171 μοναρχίαν

370 5192 547 5264 ἧρθη.
578 5192 688 5245 Καὶ
716 5189 960 5263 Σεϐῆρος
995 5190 1042 5222 ³⁸
1070 5189 1151 5256 δὲ,
1183 5189 1323 5263 ἀνὴρ
1347 5192 1605 5261 ἀγχίνους
1628 5209 1687 5247 τε
1738 5196 1833 5249 καὶ
1863 5196 1963 5250 πό·

2064 4651 2350 4720 imperium
2386 4652 2582 4718 tenuit,
2625 4654 2947 4722 grandaevus
2975 4654 3111 4725 jam,
3149 4656 3641 4727 ltonestisquemo-

2067 4741 2238 4794 ribus.
2266 4740 2436 4808 Quem
2470 4742 2693 4808 milites,
2722 4744 2999 4799 modestia:
3040 4745 3260 4800 nomine
3290 4762 3543 4816 exosum,
3584 4750 3641 4803 itt

2065 4834 2274 4887 curiam
2301 4833 2419 4901 ejus
2450 4833 2820 4905 irrumpentes
2848 4838 3200 4893 obtruncant.
3235 4837 3373 4894 Hinc
3395 4839 3643 4897 Julianus

2066 4940 2097 4977 a
2128 4925 2393 4981 militibus
2410 4941 2515 4981 non
2545 4927 2633 4981 ditt
2659 4938 2781 4998 post
2808 4940 3049 4999 emptum
3069 4932 3295 5000 pecunia
3329 4933 3640 5001 imperium,

2064 5015 2304 5085 ipsorum
2325 5017 2605 5089 jugulatus
2631 5020 2906 5084 manibus,
2940 5022 3144 5077 amisit.
3172 5022 3317 5094 [Lib.
3354 5023 3436 5095 3.]
3481 5025 3645 5096 Niger

2066 5116 2244 5160 autem
2271 5147 2286 5172 ,
2341 5108 2493 5163 mitis
2536 5120 2801 5179 quantum
2846 5113 3144 5182 apparebat
3194 5114 3310 5179 vir,
3349 5118 3645 5183 superstite

2063 5200 2359 5254 etiamnum
2393 5199 2610 5258 Juliauo
2662 5205 2731 5259 ad
2763 5206 3052 5276 imperium
3095 5217 3315 5264 evectus
3351 5218 3457 5265 est.
3491 5207 3643 5265 Hunc

1691 5312 1933 5371 VABIIE
1970 5315 2380 5376 LECTIONES.

446 5408 497 5441 ³¹
531 5406 632 5477 τῆς
654 5408 701 5461 Δ
726 5425 741 5463 :
768 5407 867 5471 τές
896 5425 959 5472 ς.
1035 5408 1082 5441 ³⁸
1124 5407 1420 5461 πείσασθαι
1452 5407 1614 5462 eiero.
1653 5408 1796 5462 Ἀλλ’
1835 5412 2078 5483 ’Δσαρος
2115 5431 2177 5480 ς.
2255 5418 2298 5449 ³¹
2327 5417 2507 5489 οἰκείᾳ
2531 5438 2593 5486 ς.
2685 5421 2730 5453 ³¹
2764 5422 3003 5493 Σευῆρος
3028 5440 3091 5487 ς.

1894 5526 2130 5587 NOTAE.

376 5609 682 5737 “(ﬁgulis
718 5611 805 5666 bis
835 5610 957 5682 lege
996 5613 1462 5687 Olympiodorum.
1512 5634 1674 5691 supra
1707 5621 1831 5679 cod.
1865 5623 1956 5691 80,

379 5698 916 5891 ἓξὲᾗιζὶῗεξεὲι
935 5771 1102 5828 supra
1153 5760 1277 5817 cod.
1318 5760 1412 5829 80,
1458 5760 1512 5817 in
1546 5762 1720 5834 princ.
1771 5762 1963 5819 Sarum

2145 5625 2262 5708 (38)
2300 5628 2479 5708 _A_liam
2525 5626 2684 5708 bujus
2718 5629 3217 5708 epigrapbeshanc
3239 5632 3519 5708 rationem
3542 5647 3644 5687 no-

2067 5699 2201 5768 tavit
2224 5699 2440 5767 quidam
2476 5700 2543 5754 ad
2566 5699 2837 5756 Zosimum
2868 5716 2884 5752 :
2911 5701 3065 5768 quasi
3095 5710 3339 5757 veterum
3363 5700 3553 5759 Dionis
3590 5716 3647 5762 ct

2078 5766 2374 5824 Herodiani
2402 5770 2627 5827 historia
2654 5766 3000 5826 attexuisset.
