4062 6442
440 416 548 484 367

1615 412 1886 477 PHOTII
1923 410 2433 474 PATRIARCHIE
2469 416 2583 476 CP.

3614 421 3710 488 368

442 531 706 599 Severus,
748 531 836 588 vir
872 528 1049 587 solers
1089 527 1505 600 tolerandisque
1528 527 1809 585 laboribus
1837 525 2048 581 exerci-

2156 543 2265 591 νοις
2324 526 2498 590 δεινὸς
2563 526 2924 599 ἐγκαρτερεῖν
2979 522 3077 577 xui.
3121 523 3490 597 βαθυγνώμων
3530 530 3710 600 ἄλλως,

443 632 557 690 tus,
589 632 646 678 et
686 623 927 693 alioquin
969 631 1207 687 astutus,
1252 621 1468 692 imperii
1516 630 1715 675 nactus
1763 620 2034 683 habenas,

439 730 622 792 pugna
651 715 858 771 vietum
892 714 1143 780 sustulit,
1181 720 1240 771 et
1267 713 1545 770 obstantia
1582 726 1814 782 quaeque
1836 710 2035 780 partim

441 808 639 864 validis
679 807 911 878 praliis,
964 806 1168 877 partim
1214 804 1433 861 callidis
1465 803 1678 858 artibus
1729 801 2035 872 superavit.

446 897 649 955 Verum
697 899 753 956 in
816 898 1069 956 subditos
1127 896 1456 953 insolentior
1515 895 1762 951 redditus
1810 902 1931 959 est,
1984 900 2041 947 et

445 990 641 1045 morbo
669 989 1004 1057 exstinctus,
1044 986 1173 1043 dum
1196 986 1492 1042 Britannos
1524 984 1667 1040 bello
1700 983 2038 1054 aggreditur.

447 1081 609 1154 [Lib.
650 1079 769 1153 ιι]
830 1080 1141 1136 Antoninus
1216 1078 1343 1135 inde
1416 1076 1655 1132 filiorum
1716 1075 1835 1145 ejus
1913 1083 2040 1130 natu

452 1173 645 1244 major,
677 1174 881 1229 findere
925 1188 1054 1228 cum
1101 1170 1190 1229 his
1239 1172 1375 1227 inito
1416 1169 1675 1234 revertit,
1722 1169 2045 1236 sociumque

453 1269 713 1334 imperii,
784 1268 868 1322 vel
929 1266 1133 1321 invitus
1212 1264 1449 1335 sumpsit
1516 1261 1707 1319 Getam
1754 1260 2041 1316 fratrem:

451 1378 613 1434 quem
674 1372 793 1433 post
833 1359 993 1431 paulo
1040 1359 1093 1414 in
1130 1355 1287 1414 Iuliae
1328 1356 1616 1427 utriusque
1677 1355 1874 1410 matris
1924 1354 2044 1408 sinu

452 1458 753 1513 interemit.
822 1455 920 1511 Hic
978 1454 1330 1516 crudelitate,
1393 1453 1654 1519 omnique
1710 1448 2048 1520 turpitudine

452 1552 672 1606 vincere
702 1564 892 1605 omnes
921 1546 1279 1611 contendens,
1310 1547 1442 1599 dum
1479 1546 1626 1600 circa
1664 1544 1883 1616 Syriam
1918 1556 2047 1597 ver-

454 1652 631 1707 satur,
682 1640 896 1697 iusidiis
947 1639 1169 1711 petitur,
1224 1651 1361 1707 quas
1414 1635 1489 1690 illi
1522 1635 1800 1691 Macrinus
1843 1633 2048 1688 caedem

450 1734 685 1797 veritus,
702 1741 759 1788 et
781 1740 1112 1802 praevertere
1132 1738 1386 1796 conatus,
1405 1726 1770 1798 comparavit.
1816 1721 2047 1797 [Lib.v.]

454 1824 682 1881 Sublato
740 1825 913 1895 igitur
967 1822 1272 1885 Antonino,
1342 1826 1539 1891 regnat
1611 1816 1906 1883 Macrinus,
1967 1815 2052 1869 vir

2138 616 2341 689 ἀνῆλθέ
2373 634 2435 671 τε
2472 620 2555 682 εἰς
2586 619 2689 689 τὴν
2717 618 2992 689 βασίλειον
3014 618 3211 689 ἀρχὴν,
3234 618 3328 671 xui.
3353 618 3551 691 Νίγρον
3580 626 3715 701 μάχῃ

2139 710 2269 781 νικᾷ
2306 710 2404 764 καὶ
2431 709 2669 782 ἀναιρεῖ,
2694 709 2793 765 xui.
2824 710 2937 763 πᾶν
2965 708 3026 763 τὸ
3073 710 3436 765 ἀπιστατοῦν
3464 712 3497 784 ἢ
3532 715 3719 787 μάχαις

2142 801 2340 872 βιαίοις
2366 802 2402 874 ἢ
2438 800 2659 872 τέχναις
2675 801 3101 871 δυσδιαφύκτοις
3124 800 3469 871 ὑπηγάγετο,
3495 805 3588 858 xui
3620 808 3720 862 τῶν

2140 894 2401 965 ὑπηκόων
2449 892 2545 947 ἐπὶ
2603 894 2665 947 τὸ
2709 892 3093 965 σοϐαρώτερον
3142 886 3283 963 ἦρξε
3342 894 3583 965 προῖὼν,
3635 902 3723 955 xui.

2141 986 2370 1059 τελευτᾷ
2400 986 2541 1059 νόσῳ
2570 986 2660 1041 τὸν
2718 986 2860 1058 πρὸς
2916 985 3259 1059 Βρεττανοὺς
3303 986 3348 1018 ³³
3392 986 3721 1062 διαχειρίζων

2144 1079 2406 1150 πόλεμον.
2438 1080 2550 1133 Καὶ
2590 1079 2910 1142 Ἀντωνῖνος
2956 1079 2985 1130 ό
3017 1078 3129 1131 τῶν
3162 1076 3331 1133 αὐτοῦ
3366 1079 3572 1133 παίδων
3595 1098 3721 1152 πρε-

2146 1169 2409 1241 σϐύτερος
2474 1170 2709 1253 σπονδὰς
2760 1169 2903 1242 πρὸς
2944 1170 3147 1235 αὐτοὺς
3175 1164 3404 1241 θέμενος
3436 1169 3716 1243 ἀναχωρεῖ,

2146 1263 2242 1318 καὶ
2273 1262 2746 1333 συμϐασιλεύοντα
2777 1264 2872 1317 xui.
2915 1262 3067 1317 ἄκων
3097 1261 3367 1335 λαμϐάνει
3399 1263 3492 1317 τὸν
3508 1264 3727 1335 ἀδελφὸν

2146 1354 2338 1421 Γέταν,
2369 1353 2501 1428 [275
2524 1354 2621 1429 8.]
2654 1356 2753 1411 καὶ
2810 1358 2933 1429 μετ’
2977 1356 3039 1409 ού
3070 1356 3206 1410 πολὺ
3254 1356 3485 1421 Ἰουλίας
3512 1358 3610 1428 τῆς
3638 1362 3729 1412 αύ-

2147 1447 2258 1500 τῶν
2288 1447 2498 1519 μητρὸς
2524 1450 2665 1522 πρὸς
2714 1452 2829 1513 τοῖς
2878 1448 3102 1513 κόλποις
3157 1447 3347 1501 τοῦτον
3390 1451 3730 1521 ἀναιρεῖ,κῖιὶ

2149 1544 2229 1606 εἰς
2255 1542 2517 1615 ὡμότητα
2549 1545 2644 1597 xui.
2679 1544 3021 1615 αἰσχρότητα
3064 1541 3475 1615 ὑπερϐαλέσθαι
3534 1543 3730 1607 πάντας

2151 1637 2537 1709 φιλονεικήσας
2586 1639 2716 1708 περὶ
2776 1636 2979 1709 Συρίαν
3032 1634 3239 1706 διάγων
3285 1633 3727 1688 ἐπιϐουλεύεταιο

2152 1729 2431 1797 Μακρῖνος
2447 1728 2491 1782 δ’
2523 1724 2593 1799 ἦν
2611 1730 2639 1782 ὁ
2662 1728 2761 1800 τὴν
2775 1726 3069 1800 ἐπιϐουλὴν
3092 1726 3445 1790 συσκευάζων
3466 1726 3531 1792 ³⁸,
3558 1725 3732 1792 δεδιὼς

2154 1822 2248 1875 καὶ
2287 1822 2451 1885 αὐτὸς
2485 1820 2717 1875 θάνατον
2740 1822 2836 1875 xui.
2862 1819 3275 1892 προλαμϐάνειν
3305 1818 3732 1888 ἀγωνισάμενος.

453 1925 615 1971 astate
674 1928 893 1986 quoque
992 1911 1345 1983 grandaevus,
1418 1910 1649 1979 ignavus
1711 1908 2045 1974 minimeque

2168 1916 2322 1970 Ἐπεὶ
2346 1914 2405 1968 δὲ
2436 1904 2679 1986 ἀνῄρητο
2718 1915 3059 1978 Ἀντωνῖνος,
3112 1911 3389 1983 βασιλεύει
3445 1911 3734 1981 Μακρῖνος,

457 2008 755 2065 continens
781 2045 797 2071 ,
838 2015 1035 2061 caetera
1076 2018 1207 2059 vero
1238 2003 1377 2059 lenis
1424 2018 1489 2058 ac
1523 2002 1696 2059 mitis.
1728 2000 1847 2056 Jam
1883 1998 2053 2065 Mesa,

456 2115 578 2173 qua:
635 2097 793 2155 Julim
846 2112 1003 2152 soror
1036 2105 1176 2162 erat,
1222 2097 1357 2151 duas
1400 2094 1641 2149 habebat
1674 2092 1837 2157 filias,
1893 2091 2055 2146 Sote-

458 2192 627 2259 tnida,
654 2201 708 2247 et
740 2191 1077 2245 Maunnazam
1113 2206 1127 2243 :
1169 2202 1401 2259 quarum
1435 2185 1631 2257 majori
1660 2186 1881 2255 quidem
1912 2184 2055 2239 titius

458 2294 580 2341 erat
608 2282 855 2340 Bassiani
897 2282 1120 2338 nomine
1151 2298 1167 2338 :
1219 2280 1380 2337 alteri
1431 2293 1564 2336 vero
1593 2277 1858 2335 Alexinus
1888 2294 1902 2333 :
1937 2277 2055 2333 fur-

459 2377 573 2432 tivo
618 2384 848 2445 uterque
885 2371 1179 2429 concubitu
1211 2387 1278 2428 ex
1319 2369 1621 2436 Antonino,
1655 2378 1717 2425 ut
1757 2368 2053 2433 ferebatur,

460 2468 650 2540 geniti.
696 2466 983 2523 Exercitus
1021 2474 1226 2531 autem,
1268 2462 1497 2518 minima
1553 2470 1713 2532 capta
1741 2461 2053 2527 occasione,

459 2562 785 2630 Bassianum
814 2560 868 2614 in
897 2557 1095 2613 castris
1124 2556 1514 2627 imperatorem
1547 2555 1845 2619 renuntiat,
1868 2552 2055 2608 addito

459 2650 721 2707 Antonini
774 2648 891 2721 ('59)
938 2656 1332 2719 cognomento,
1372 2646 1661 2717 victusque
1708 2645 1833 2699 dein
1866 2644 2056 2715 praelia

463 2744 760 2811 Macrinus,
786 2758 853 2799 ac
886 2741 1099 2811 fugiens
1128 2757 1160 2797 e
1189 2741 1492 2796 Phoenicia
1538 2748 1699 2809 atque
1725 2739 1900 2809 Syria:
1926 2737 2056 2793 fini-

469 2838 643 2900 timis,
674 2835 1072 2891 Chalcedoncm
1102 2847 1163 2889 se
1190 2833 1415 2903 recepit,
1447 2831 1679 2887 Romam
1704 2832 1831 2885 inde
1862 2842 2058 2901 petere

463 2928 739 2999 c0gitans.
765 2927 871 2982 Sed
890 2926 982 2996 qui
1001 2939 1067 2980 ex
1092 2924 1351 2980 Antonini
1393 2924 1656 2979 studiosis
1682 2924 1748 2977 ad
1770 2923 1873 2977 hoc
1902 2922 2057 2977 missi

466 3021 707 3087 fuerant,
741 3026 1115 3084 antevertunt,
1156 3028 1431 3087 caputque
1460 3026 1734 3071 resectum
1769 3024 2056 3070 reverten-

466 3122 550 3169 tes
588 3118 963 3182 aSportarunt.
1010 3108 1154 3182 [Lib.
1208 3107 1311 3180 vn]
1344 3112 1521 3178 Atque
1560 3109 1674 3176 ipse
1694 3106 1912 3177 quidem
1945 3109 2056 3160 An-

466 3204 687 3260 toninus
720 3205 846 3258 dum
884 3202 1047 3257 matri
1095 3212 1270 3271 paret,
1307 3203 1551 3257 modeste
1576 3201 1714 3256 satis
1740 3200 2053 3272 imperavit,
2083 3241 2127 3300 ο

464 3306 521 3354 ct
583 3295 875 3351 Alexinum
929 3292 1043 3367 (40)
1088 3295 1142 3348 in
1181 3292 1350 3349 filium
1405 3292 1721 3365 adoptatum
1778 3292 2055 3348 Caesarem

462 3390 695 3455 creavit,
743 3388 1002 3458 imposito
1059 3387 1110 3442 ei
1166 3386 1466 3443 Alexandri
1543 3387 1787 3442 nomine.
1856 3385 2056 3441 Verum

464 3492 754 3554 postquam
791 3480 1167 3536 adulatoribus
1204 3495 1265 3536 se
1314 3479 1611 3547 connuisit,
1641 3477 1788 3549 85b
1850 3477 2057 3532 nullum

465 3575 815 3646 turpitudinis
848 3583 1012 3643 atque
1050 3574 1486 3644 intemperantia:
1532 3587 1709 3643 genus
1758 3571 2059 3643 praetermi-

464 3669 559 3724 sit.
608 3665 749 3735 Quin
802 3676 859 3721 et
900 3666 1211 3722 Alexandro
1244 3665 1496 3721 insidiari
1545 3680 1669 3719 cum
1716 3668 1995 3733 coepisset,
2025 3679 2057 3718 a

465 3760 691 3815 militari
734 3774 898 3814 manu
944 3758 1305 3829 prohibetur,
1348 3771 1487 3828 quos
1538 3756 1656 3826 ipse
1706 3757 1901 3820 punire
1927 3770 2056 3827 pro-

465 3860 652 3920 pterea
678 3848 997 3911 meditatus.
1029 3848 1096 3901 ab
1124 3846 1319 3902 iisdem
1358 3845 1706 3900 interficitur.
1744 3846 2057 3901 Alexander

464 3954 620 4009 ergo,
666 3938 959 3994 Mammaea:
992 3938 1166 4004 filius,
1200 3951 1374 3992 annos
1410 3936 1699 4006 imperavit
1731 3938 2061 4006 quatuorde-

463 4032 605 4099 clm;
639 4038 786 4086 recte
817 4045 951 4086 sane
989 4042 1151 4100 atque
1194 4028 1513 4096 clementer,
1543 4039 1804 4099 quantum
1837 4030 2056 4099 quidem

466 4125 521 4180 in
550 4126 668 4194 ipso
702 4124 826 4189 fuit,
858 4133 914 4180 et
941 4124 1059 4180 sine
1090 4123 1198 4179 ullo
1225 4123 1449 4179 omnino
1478 4123 1763 4193 sanguine.
1798 4121 1904 4178 Sed
1938 4140 2058 4178 ma-

466 4219 569 4276 tris
603 4216 919 4283 Mammazae,
968 4227 1026 4272 ut
1068 4218 1158 4273 hic
1203 4216 1396 4285 refert,
1452 4217 1805 4289 pecuniarum
1856 4218 2061 4287 cupidio

464 4320 601 4379 tate,
650 4326 716 4367 ac
757 4310 1012 4367 sordibus
1062 4310 1265 4365 factum
1297 4318 1403 4375 est,
1446 4318 1508 4363 ut
1539 4319 1791 4379 uterque,
1824 4307 2059 4363 Maximo

464 4405 661 4469 electo,
700 4401 925 4458 militari
957 4401 1226 4456 seditione
1259 4409 1489 4454 necatus
1515 4399 1606 4453 sit.

2156 2007 2298 2077 ἀνὴρ
2335 2004 2653 2076 πρεσϐύτης
2701 2005 2798 2059 καὶ
2848 2004 3121 2076 μελλητὴς
3151 2004 3246 2057 xui.
3274 2001 3386 2056 οὐδ’
3421 2000 3739 2073 ἐγκράτειαν

2156 2098 2366 2162 ἀσκῶν,
2397 2099 2466 2151 τὰ
2490 2096 2547 2151 δὲ
2569 2097 2706 2152 ἀλλα
2737 2094 2911 2148 δοκῶν
2965 2094 3239 2164 ἐπιεικής.
3286 2092 3403 2163 Τῆς
3445 2092 3502 2145 δὲ
3535 2091 3736 2161 Μέσης,

2155 2194 2279 2266 ἥτις
2331 2188 2399 2262 ἦν
2444 2190 2673 2253 Ἰουλίας
2731 2187 2961 2259 ἀδελφὴ,
3014 2185 3109 2241 δύο
3154 2184 3468 2255 θυγατέρας
3498 2182 3737 2255 ἐχούσης,

2158 2282 2422 2354 Σοαιμίδα
2460 2281 2557 2336 xui.
2586 2280 2872 2351 Μαμαίαν,
2906 2279 3001 2333 xui.
3028 2278 3129 2349 τῆς
3156 2278 3255 2349 μὲν
3285 2276 3524 2347 ἐχούσης
3584 2275 3739 2328 παῖδα

2154 2377 2330 2447 ὄνομα
2356 2374 2660 2430 Βασσιανὸν
2694 2374 2765 2439 ⁸⁸,
2795 2373 2901 2441 τῆς
2949 2371 3008 2426 δὲ
3048 2368 3341 2436 Ἀλεξῖνον,
3367 2369 3418 2422 οἳ
3449 2369 3509 2436 ἐξ
3545 2369 3738 2422 Ἀντω-

2158 2466 2304 2522 νίνου
2335 2465 2628 2538 λαθραίαις
2668 2464 2881 2537 μίξεσιν
2943 2463 3196 2532 ἐλέγοντο
3252 2459 3637 2531 γεγεννῆσθαι,
3686 2459 3741 2511 τὸ

2159 2559 2580 2632 στρατιωτικὸν,
2630 2559 2834 2630 μικρᾶς
2860 2555 3153 2627 λαϐόμενοι
3192 2554 3549 2623 προφάσεως,
3573 2554 3629 2605 ὲν
3669 2551 3740 2622 τῷ

2160 2652 2313 2724 σφῶν
2366 2650 2762 2722 ἀναγορεύουσι
2833 2648 3187 2721 στρατοπέδῳ
3266 2647 3363 2700 τὸν
3410 2644 3740 2709 Βασσιανδν,

2162 2744 2637 2817 μετονομάσαντες
2663 2743 2707 2775 ³⁸
2748 2742 3067 2796 Ἀντωνῖνον
3088 2757 3104 2772 ⁶
3130 2740 3226 2795 καὶ
3261 2739 3470 2810 μάχαις
3501 2736 3742 2809 ἡττηθεὶς

2158 2840 2439 2909 Μακρῖνος
2475 2837 2570 2890 xui.
2604 2834 2827 2905 φεύγων
2874 2835 2942 2887 ὲκ
2968 2833 3078 2887 τῶν
3114 2832 3390 2904 μεθορίων
3414 2831 3662 2901 Φοινίκης
3686 2846 3741 2883 τε

2159 2930 2257 2985 xui.
2308 2929 2510 3001 Συρίας
2559 2928 2660 3001 τὴν
2718 2926 3045 2998 Χαλκηδόνα
3103 2925 3402 2988 κατέλαϐε,
3464 2923 3599 2994 πρὸς
3650 2922 3742 2993 τὴν

2169 3022 2393 3093 Ῥώμην
2423 3021 2637 3074 ἐκεῖθεν
2686 3018 2988 3089 ἀφικέσθαι
3036 3018 3429 3087 διανοούμενος
3453 3032 3467 3045 ·
3500 3014 3613 3068 ἀλλ’
3636 3017 3743 3066 έπι-

2159 3114 2565 3178 καταλαϐόντες
2595 3112 2759 3167 αὑτὸν
2792 3112 2834 3145 ³⁷
2861 3112 2912 3164 οἱ
2941 3112 3038 3163 τοῦ
3063 3108 3389 3162 Ἀντωνίνου
3408 3107 3504 3159 ἐπὶ
3526 3100 3679 3160 τοῦτο
3703 3102 3745 3136 ³⁸

2160 3207 2567 3278 ἀπεσταλμένοι
2621 3205 2884 3277 τέμνουσι
2914 3221 2975 3258 τε
3025 3201 3126 3275 τὴν
3159 3201 3409 3273 κεφαλὴν
3456 3200 3552 3255 καὶ
3579 3198 3746 3252 ὀπίσω

2159 3300 2613 3371 ἀποκομίζουσιν.
2654 3297 2978 3359 Ἀντωνῖνος
3002 3295 3084 3358 δὲ,
3125 3292 3234 3357 ἕως
3278 3293 3384 3363 μὲν
3416 3290 3662 3344 ἐπείθετο
3682 3290 3743 3359 τῇ

2163 3394 2388 3466 μάμμῃ,
2444 3391 2772 3463 ἐσωφρόνει,
2825 3388 2923 3443 καὶ
2966 3390 3203 3442 ποιεῖται
3233 3385 3329 3440 xui.
3369 3386 3463 3439 τὸν
3512 3383 3636 3457 [H9
3663 3376 3746 3454 IL]

2172 3484 2441 3551 Ἀλεξῖνον
2466 3482 2513 3515 ⁸⁸
2536 3482 2654 3535 υἱόν
2680 3497 2742 3534 τε
2772 3479 2893 3550 ἀμα
2925 3478 3024 3531 xui.
3062 3477 3342 3547 Καίσαρα,
3380 3478 3463 3539 εἰς
3508 3472 3747 3538 Ἀλέξαν-

2158 3578 2285 3651 δρον
2317 3575 2739 3648 μετακληθέντα
2762 3589 2777 3603 ο
2806 3573 2936 3626 ἐπεὶ
2957 3571 3015 3624 δὲ
3049 3573 3163 3633 τοῖς
3196 3569 3421 3634 κόλαξιν
3448 3567 3640 3623 ἑαυτὸν
3665 3564 3745 3630 ἐξ·

2161 3669 2387 3735 έδωκεν,
2415 3666 2673 3737 οὐδεμίαν
2686 3664 2996 3735 ὑπερϐολὴν
3017 3662 3062 3694 ⁸⁸
3089 3662 3459 3733 αἰσχρότητος
3476 3661 3570 3714 καὶ
3587 3661 3745 3729 ἀκραο

2164 3762 2282 3825 σίας
2298 3757 2996 3817 ἀπέλιπεν.Ἐπιϐουλεύειν
3008 3755 3065 3809 δὲ
3083 3754 3179 3809 xui.
3193 3753 3539 3823 Ἀλεξάνδρῳ
3554 3754 3741 3820 ἐπιχει-

2163 3857 2339 3928 ρήσας
2362 3854 2469 3908 ὑπὸ
2490 3853 2599 3907 τῶν
2630 3849 2986 3924 στρατιωτῶν
3011 3848 3279 3915 ἀνεκόπη
3302 3848 3334 3899 ὁ
3364 3847 3422 3899 δὲ
3440 3845 3663 3905 τούτους
3675 3857 3740 3892 τι·

2166 3946 2526 4018 μωρήσασθαι
2552 3941 2857 4011 διανοηθεὶς
2890 3940 2983 3993 ὑπ’
3020 3939 3203 3993 αὐτῶν
3242 3936 3515 4010 ἀνῃρέθη.
3535 3931 3745 3987 Ἐϐασί-

2161 4039 2321 4091 λευσέ
2350 4054 2409 4091 τε
2467 4033 2820 4105 Ἀλέξανδρος
2866 4034 2895 4087 ὁ
2925 4030 3198 4102 Μαμαίας
3232 4029 3274 4061 δ’
3310 4029 3412 4098 ἐτη
3462 4028 3545 4091 ιδ’,
3577 4026 3666 4078 καὶ
3693 4021 3747 4074 τό

2161 4146 2227 4196 γε
2257 4129 2345 4181 ἐπ’
2365 4127 2517 4198 αὐτῷ
2544 4126 2728 4190 καλῶς
2752 4141 2813 4178 τε
2836 4126 2931 4179 xui.
2955 4122 3219 4186 επιεικῶς
3250 4122 3454 4194 ἄρξας,
3482 4121 3577 4173 xui.
3594 4116 3746 4190 χωρὶς

2162 4224 2412 4295 αἱμάτων
2442 4222 2580 4286 ὅλως
2602 4237 2614 4250 ·
2640 4221 2742 4293 τῆς
2770 4219 2827 4273 δὲ
2861 4216 3069 4289 μητρὸς
3093 4215 3386 4287 Μαμαίας,
3413 4214 3491 4280 ὥς
3522 4207 3743 4284 φησιν,ἦ

2161 4335 2223 4371 τε
2254 4314 2667 4387 φιλοχρηματία
2713 4310 2887 4365 καὶτὸ
2911 4308 3236 4381 μικρολόγον
3255 4309 3337 4371 εἰς
3358 4306 3579 4377 σφαγὴν
3601 4302 3743 4357 αὑτὸν

2161 4408 2259 4477 τὴν
2278 4406 2382 4460 ὑπὸ
2410 4406 2521 4460 τῶν
2544 4401 2897 4477 στρατιωτῶν
2920 4401 3018 4456 σὺν
3048 4401 3209 4472 αὐτῇ,
3243 4398 3569 4470 Μαξιμίνου
3594 4397 3739 4463 ἀναῤ-

2046 4502 2051 4509 ’
2164 4496 2443 4570 ῥηθέντος,
2475 4496 2812 4565 ἀπήνεγκεν.

537 4585 684 4659 [Lib.
713 4584 835 4658 ηιμ]
869 4584 1200 4641 Maximinus
1259 4591 1383 4653 post
1416 4583 1563 4637 hunc
1604 4597 1775 4637 annos
1800 4582 1914 4638 fere
1948 4592 2057 4640 tres
2089 4588 2136 4645 D

465 4680 725 4734 ferociter
766 4694 829 4733 ac
873 4679 1157 4748 tyrannit-e
1209 4676 1522 4747 imperavit,
1561 4677 1721 4730 homo
1752 4674 2056 4741 fastuosus,

468 4772 823 4842 moribusque
853 4784 1052 4824 saevus.
1093 4768 1463 4836 Quamobrem
1500 4768 1697 4825 Africa:
1738 4767 2055 4839 praefectum

466 4883 497 4921 a
527 4879 591 4922 se
628 4866 1015 4927 constitutum,
1050 4864 1295 4917 moribus
1324 4861 1584 4927 similem,
1616 4862 1817 4918 milites
1858 4863 1931 4917 ibi
1978 4872 2061 4916 tu-

467 4957 825 5021 multuantes,
890 4963 1055 5025 atque
1121 4954 1173 5008 in
1251 4953 1634 5023 imperatorem
1689 4952 2059 5023 insurgentes,

465 5049 803 5106 Gordianum
842 5047 973 5103 olim
1027 5046 1434 5117 proconsulem,
1484 5046 1593 5116 jam
1624 5047 2059 5117 octagenarium,

469 5143 851 5212 imperatorem
897 5148 1109 5205 creant,
1146 5137 1231 5193 vel
1276 5138 1546 5205 invitum;
1596 5136 1751 5206 cujus
1797 5153 1919 5193 mox
1951 5138 2058 5194 Bo-

467 5249 554 5288 ma
592 5235 887 5290 libentibus
924 5232 1252 5289 electionem
1303 5230 1505 5286 animis
1540 5231 1775 5299 accepit,
1802 5230 2063 5288 honores-

2235 4585 2415 4661 Ἦρχε
2433 4586 2490 4641 δὲ
2507 4584 2815 4655 Μαξιμῖνος
2834 4583 2928 4637 ὲπὶ
2954 4582 3051 4653 έτη
3066 4581 3195 4653 τρία
3209 4581 3497 4653 έμϐριθῶς
3525 4596 3586 4631 τε
3608 4577 3650 4608 δ’
3666 4572 3748 4625 καὶ

2154 4676 2515 4750 τυραννικῶς,
2571 4676 2713 4746 ἀνὴρ
2762 4672 3151 4744 ὑπερμεγέθης
3203 4672 3296 4725 καὶ
3323 4672 3388 4725 τὸ
3411 4668 3547 4743 ἦθος
3590 4664 3749 4737 ὠμός.

2156 4774 2357 4844 Διόπερ
2382 4770 2473 4825 τὸν
2496 4768 2711 4839 Λιϐύης
2740 4769 3063 4839 ὑπάρχοντα
3091 4766 3182 4819 ὑπ’
3214 4764 3384 4820 αὑτοῦ
3412 4763 3754 4819 καταστάντα

2157 4868 2253 4921 καὶ
2280 4867 2467 4937 ὅμοιον
2494 4863 2625 4917 ὄντα
2661 4864 2774 4924 τοῖς
2809 4860 3034 4932 τρόποις
3065 4859 3116 4911 οί
3137 4859 3318 4911 ἐκεῖσε
3362 4856 3753 4916 στασιάσαντες

2158 4963 2255 5015 καὶ
2290 4958 2572 5021 ἀνελόντες
2592 4955 2659 5020 ⁸³,
2687 4953 2979 5025 Γορδιανδν
3010 4951 3324 5006 ἀνθύπατον
3366 4950 3637 5019 γεγονότα
3666 4943 3756 4998 xui.

2157 5050 2517 5123 ὀγδοηκοστὸν
2571 5049 2777 5117 ἄγοντα
2833 5045 2954 5109 ἔτος
2984 5041 3353 5123 χειροτονοῦσι
3411 5045 3511 5095 καὶ
3559 5040 3758 5096 ἄκοντα

2171 5143 2418 5216 βασιλέα.
2451 5141 2562 5195 Καὶ
2600 5142 2635 5212 ἠ
2679 5138 2873 5209 Ῥώμη
2908 5136 3222 5208 περιχαρῶς
3254 5132 3427 5189 αὐτοῦ
3457 5132 3560 5203 τὴν
3594 5128 3758 5200 ἀνάρο

2173 5240 2334 5309 ρησιν
2376 5232 2682 5306 δεξαμένη,
2716 5234 2899 5297 πάσας
2928 5229 3024 5286 τοῦ
3055 5227 3365 5301 Μαξιμίνου
3394 5227 3570 5297 τιμάς
3620 5222 3755 5276 καθ·

1770 5369 2009 5426 VARle
2033 5372 2448 5428 LECTIONES.

544 5466 589 5498 ³³
620 5464 941 5536 Βρετάνούς
970 5481 1031 5528 ς.
1111 5462 1155 5494 ³⁷⁵
1192 5463 1732 5536 παρασκευάςωνς.

470 5539 596 5593 add.
630 5540 696 5591 A.
774 5539 819 5567 ³⁸⁸
852 5539 1032 5605 τούτῳ
1066 5552 1127 5598 ς.
1204 5539 1248 5567 ³⁹

472 5609 594 5671 add.
630 5607 699 5660 Δ.
777 5607 824 5637 ⁸³
847 5606 1166 5668 ἀνελθόντες
1192 5622 1256 5668 ς.

1813 5464 1857 5535 ξ’
1894 5466 2119 5535 ὀνόματι
2150 5466 2419 5535 Βασιανόν
2452 5483 2512 5529 ς.
2590 5465 2635 5535 ³ί⁶
2670 5477 2929 5535 μετονομ.
2961 5458 3125 5535 αὐτόν
3146 5456 3314 5535 _'_Av1:.
3355 5470 3417 5535 ς.

774 5535 819 5567 ³⁸
852 5535 1032 5605 τούτῳ
1066 5552 1127 5598 ς.
1204 5535 1248 5567 ³³
1277 5533 1601 5598 ”Λλεξιανόν
1638 5535 1702 5586 A.
1780 5534 1826 5564 ⁸ο
1885 5533 2197 5605 ὑπερϐολὴν
2237 5534 2358 5606 post
2414 5534 2689 5606 ἀκρασίας
2729 5533 2879 5603 ponit
2912 5546 2972 5592 ς.

3522 5451 3565 5482 ³¹
3598 5444 3757 5500 αὑτὸν

3067 5528 3113 5558 ⁴¹
3146 5527 3458 5597 Μαμμαίας
3487 5538 3550 5585 ς.
3624 5518 3671 5548 ⁸⁸
3698 5530 3757 5567 τε

1140 5770 1154 5782 .
1984 5719 2223 5777 NOTAE.

1140 5770 1154 5782 .
1984 5720 2027 5773 Ν
2177 5737 2223 5777 ⁴.

537 5812 654 5885 (39)
680 5814 871 5886 Quem
912 5812 1285 5886 Elagahalum,
1328 5830 1359 5871 a
1404 5825 1545 5869 novo
1573 5826 1734 5883 quem
1762 5720 2329 5885 colendumotufeepit
2362 5816 2485 5884 deo,
2518 5814 2965 5886 agnominarunt.

536 5883 652 5956 (40)
678 5883 868 5941 Melius
898 5884 1240 5940 Alexianum.
