4062 6462
403 355 519 416 373

1435 348 1966 410 BIBIJOTHECA.
1995 371 2068 384 —
2101 348 2319 411 CODD.
2352 347 2612 410 CIII-CV
2618 349 2663 408 Ι.

3602 343 3710 411 374

401 468 694 540 ἐπιγραφὴ
751 486 773 521 ι
823 466 984 531 Γάῖος
1016 466 1321 538 ψεγόμενος
1379 483 1397 517 ι
1442 467 1538 520 καὶ
1585 485 1603 517 ι
1663 465 1912 529 Φλάκκος
1971 465 2006 536 ἢ

2124 467 2338 532 iensus,
2394 466 2644 536 aliusque
2697 465 2924 522 Flaccus
2976 466 3341 537 reprehensus.
3398 466 3605 534 Quibus
3651 467 3703 519 in

400 563 659 614 Φλάκκον
681 559 990 630 ψεγόμενος
1010 575 1025 590 ·
1051 578 1069 611 ι
1104 562 1163 612 ἐν
1192 554 1276 622 οἷς
1299 557 1481 628 λόγοις
1524 557 1730 626 μᾶλλον
1766 557 1876 611 τῶν
1906 558 2004 611 άλ-

381 652 515 706 ’λων
537 654 574 723 ἦ
619 669 682 705 τε
724 651 871 706 κατὰ
898 650 1000 722 τὴν
1035 650 1326 722 ῥητορείαν
1373 649 1534 722 ῥώμη
1570 651 1668 704 καὶ
1699 651 1759 702 τὸ
1815 649 2013 712 κάλλος

401 744 762 812 ἐπιφαίνεται
781 745 829 775 ’ί
877 743 1047 798 αὑτοῦ
1076 744 1188 797 τῶν
1239 743 1435 812 λόγων.
1508 743 1842 814 Ἀμαρτάνει
1867 742 1923 795 δὲ
1955 744 2012 795 ἐν

405 835 668 899 πολλοῖς,
720 835 871 899 ἰδέας
922 852 984 889 τε
1044 835 1436 906 ὑποτιθέμενος
1457 836 1526 900 ⁵²,
1584 837 1676 889 καὶ
1729 836 1845 890 ἀλλ’
1877 836 2016 890 ἄττα

406 929 516 996 τῆς
560 927 863 996 Ἰουδαϊκῆς
892 926 1215 995 φιλοσοφίας
1243 927 1503 998 ἀλλότρια
1536 929 2010 1000 συγγραφόμενος.

424 1018 528 1071 Ἑν
576 1017 638 1070 δὲ
685 1018 788 1080 τοῖς
825 1014 1045 1085 χρόνοις
1089 1015 1310 1084 ἤκμασε
1355 1016 1518 1070 Γαΐου
1551 1016 1646 1070 τοῦ
1695 1018 2011 1088 Καίσαρος,

417 1109 570 1178 πρὸς
587 1108 646 1161 δν
676 1107 761 1161 καὶ
784 1106 926 1178 ὑπὲρ
950 1105 1048 1158 τοῦ
1076 1106 1209 1159 ἰδίου
1229 1105 1417 1169 ἔθνους
1441 1109 1648 1178 γράφει
1674 1108 2015 1179 πρεσϐεῦσαι

437 1202 719 1271 Ἀγρίππα
759 1198 859 1269 τῆς
933 1197 1196 1262 Ἰουδαίας
1241 1198 1643 1269 βασιλεύοντος.
1684 1201 1916 1272 Φέρεται
1960 1201 2018 1255 δὲ

427 1291 595 1346 αὑτοῦ
627 1289 790 1344 πολλὰ
831 1289 931 1344 καὶ
977 1290 1198 1344 ποικίλα
1230 1292 1619 1364 συντάγματα,
1659 1293 1887 1364 ἠθικοὺς
1915 1295 2008 1349 λό-

425 1401 558 1451 γους
588 1382 914 1454 περιέχοντα
944 1383 1037 1437 καὶ
1077 1385 1177 1453 τῆς
1209 1386 1457 1450 Παλαιᾶς
1510 1388 1910 1460 ὑπομνήματα,
1939 1389 2010 1445 τὰ

419 1477 652 1528 πλεῖστα
705 1475 843 1546 πρὸς
879 1475 1214 1546 ἀλληγορίαν
1244 1477 1340 1531 τοῦ
1385 1479 1714 1550 γράμματος
1767 1481 2021 1545 ἐκϐιαζό-

418 1586 578 1639 μενα
602 1565 761 1633 ἐξοῖι,
792 1565 968 1641 οῖμαι,
1002 1571 1097 1624 καὶ
1113 1572 1220 1634 πᾶς
1242 1571 1271 1623 ὁ
1292 1572 1337 1603 ⁵⁸
1358 1573 1724 1643 ἀλληγορικὸς
1750 1576 1850 1644 τῆς
1875 1576 2020 1647 Γρα·

417 1662 531 1730 φῆς
566 1662 628 1714 ἐν
659 1665 728 1733 τῇ
759 1662 1059 1736 Ἐκκλησία
1078 1663 1237 1732 λόγος
1263 1664 1438 1737 ἀρχὴν
1456 1666 1613 1737 ἔσχεν
1634 1667 1682 1699 ⁵⁸
1708 1669 2016 1740 εἰσρυῆναι.

411 1755 656 1822 Λέγεται
682 1755 741 1808 δὲ
766 1755 932 1811 αὐτὸν
959 1756 1144 1811 καὶτὰ
1172 1758 1517 1829 Χριστιανῶν
1548 1760 1829 1831 μυηθέντα
1856 1762 2018 1816 ὕστε-

416 1864 513 1918 ρον
568 1847 780 1902 τούτων
810 1849 902 1903 διά
955 1867 1078 1904 τινα
1130 1850 1310 1923 λύπην
1372 1853 1466 1906 καὶ
1512 1854 1684 1924 ὀργὴν
1738 1856 2016 1911 ἐκπεσεῖν.

426 1938 601 1992 Ἀλλά
653 1941 922 2012 πρότερόν
952 1957 1016 2010 γε
1047 1943 1208 2002 αὐτόν
1240 1960 1430 2010 φασιν,
1480 1945 1576 1998 ἐπὶ
1615 1945 1887 2000 Κλαυδίου
1921 1950 2022 2017 τὴν

427 2030 658 2102 Ῥώμην
709 2032 1111 2100 καταλαδόντα,
1175 2035 1369 2106 Πέτρῳ
1421 2035 1500 2105 τῷ
1564 2038 1850 2108 κορυφαίῳ
1910 2039 2023 2092 τῶν

413 2124 739 2177 ἀποστόλων
762 2126 1006 2195 ἐντυχεῖν
1035 2126 1129 2179 καὶ
1161 2125 1356 2195 φιλίως
1383 2127 1718 2199 διατεθῆναι,
1750 2130 1810 2197 ἐξ
1837 2122 1898 2184 οὗ
1928 2133 2024 2185 καί⁹

414 2218 552 2280 τοὺς
585 2217 832 2288 μαθητάς
849 2218 895 2249 ⁸⁵
937 2218 1167 2290 Μάρκου
1204 2219 1300 2274 τοῦ
1349 2220 1741 2289 εὐαγγελιστοῦ
1776 2224 2022 2294 (ἀκροα-

417 2310 522 2376 τὴς
570 2309 616 2362 δ’
676 2310 704 2363 ὁ
751 2311 978 2380 Μάρκος
1030 2312 1281 2381 Πέτρου)
1323 2315 1546 2383 μνήμης
1589 2314 1686 2368 καὶ
1741 2316 2024 2386 εὐφημίας

419 2397 660 2462 ἀξιῶσαι
680 2415 695 2430 ’
731 2399 975 2464 ἐκείνους
1004 2401 1113 2470 γὰρ
1158 2401 1342 2470 λέγειν
1379 2404 1544 2456 αὐτόν
1566 2403 1614 2435 ⁸⁸
1643 2421 1775 2472 φασι
1797 2405 1845 2436 ⁸⁷
1874 2406 2024 2476 παρὰ

437 2488 717 2552 Ἰουδαίοις
766 2491 1294 2562 πεφιλοσοφηκέναι.
1327 2487 1430 2547 Ὧν
1473 2497 1568 2550 καὶ
1599 2497 1701 2560 τὰς
1734 2497 2024 2567 διατριϐάς

426 2583 775 2654 μοναστήριά
819 2601 877 2636 τε
927 2585 1103 2652 καλεῖ,
1159 2588 1255 2640 καὶ
1303 2587 1398 2640 τὸν
1438 2589 1739 2660 ἀσκητικὸν
1785 2588 2024 2643 διανύειν

423 2674 627 2737 αὐτοὺς
661 2676 1031 2745 ἀνακηρύττει
1062 2677 1197 2748 βίον,
1227 2677 1458 2752 νηστείᾳ
1493 2684 1589 2736 καὶ
1618 2683 1903 2752 προσευχῇ
1930 2681 2026 2735 καὶ

422 2766 671 2836 ἀκτησίᾳ
697 2768 1166 2839 προσανέχοντας.

500 2878 622 2950 {151
662 2878 774 2952 11.]
807 2882 964 2934 Ἔστι
1008 2882 1068 2936 δὲ
1108 2882 1169 2936 τὺ
1193 2882 1352 2951 γένος
1373 2881 1436 2951 ἐξ
1478 2883 1674 2956 ἱερέων
1709 2887 2027 2958 καταγόμε-

423 2987 542 3033 νος,
582 2971 968 3042 Ἀλεξανδρεὺς
991 2973 1050 3026 δὲ
1075 2973 1175 3045 τὴν
1199 2975 1462 3048 πατρίδα.
1489 2977 1760 3032 Τοσοῦτον
1785 2978 1830 3031 δ’
1861 2979 2029 3033 αὐτὸν

420 3062 544 3123 τοῖς
577 3057 950 3132 Ἐλληνισταῖς
974 3068 1278 3136 παρασχεῖν
1297 3065 1486 3136 θαῦμα
1508 3067 1606 3138 τῆς
1626 3070 1684 3121 ἐν
1708 3072 1823 3134 τοῖς
1844 3069 2026 3138 λόγοις

2118 559 2274 612 libris
2331 559 2538 628 magis,
2602 574 2765 627 quam
2828 559 2883 614 in
2955 560 3114 625 aliis,
3163 559 3307 631 86b
3357 558 3570 614 dicendi
3625 559 3706 611 vis

2115 652 2234 721 ejus
2277 665 2343 706 ac
2378 661 2640 707 venustas
2691 660 2936 722 apparet.
2992 651 3188 707 Peccat
3218 661 3399 706 tamen
3441 666 3546 704 non
3583 663 3706 703 raro

2117 744 2252 799 ideis
2310 743 2784 808 transmutandis,
2839 744 3160 812 czeterisque
3205 757 3236 796 a
3282 742 3509 797 Judaica
3557 750 3706 796 secta

2117 836 2310 891 alienis
2343 835 2742 892 describendis.
2787 835 3000 891 Floruit
3041 836 3159 892 Caii
3195 837 3425 891 Caesaris
3452 835 3710 902 tempori-

2119 930 2248 991 bus,
2281 928 2348 982 ad
2375 943 2535 996 quem
2567 937 2621 982 et
2654 944 2752 997 pro
2809 944 2905 983 sua
2948 937 3109 996 gente
3155 927 3427 998 (Hebraea)
3485 927 3711 996 legatio-

2119 1034 2242 1073 nem
2267 1033 2327 1074 se
2357 1020 2660 1088 suscepisse
2680 1019 2894 1084 scribit,
2927 1029 3187 1089 regnante
3217 1021 3269 1074 in
3301 1018 3483 1074 Jmlaca
3507 1019 3710 1093 Agrip-

2122 1125 2211 1181 pa.
2267 1109 2744 1166 Circumferuntur
2799 1110 3043 1178 ejusdem
3111 1111 3218 1166 alia
3276 1127 3493 1182 quoque
3559 1112 3710 1165 varia

2118 1201 2377 1271 opuscula
2402 1199 2582 1271 (47),
2613 1203 2814 1271 quibus
2845 1201 3240 1270 disputationes
3290 1199 3403 1255 fere
3444 1201 3510 1255 de
3541 1200 3712 1254 mori-

2120 1295 2222 1350 bus
2264 1292 2655 1361 continentur,
2709 1291 3032 1364 Veterisque
3065 1292 3400 1348 Testamenti
3449 1295 3714 1362 explana-

2124 1386 2299 1442 tiones
2330 1425 2346 1450 ,
2379 1385 2465 1440 ,ad
2521 1385 2836 1455 allegoriam
2887 1394 2951 1439 ut
2993 1384 3306 1455 lplurimum
3365 1384 3479 1453 ipsa
3531 1382 3712 1437 littera

2121 1487 2325 1548 aptata.
2357 1477 2426 1532 Et
2456 1492 2585 1532 vero
2622 1479 2690 1532 ab
2718 1479 2822 1533 hoc
2854 1477 3091 1532 arbitror
3127 1476 3267 1548 (48)
3320 1490 3537 1530 omnem
3582 1474 3713 1529 alle-

2123 1573 2366 1644 goricum
2423 1586 2594 1626 sacra:
2624 1568 2922 1638 Scripturae
2957 1583 3262 1624 sermonem
3311 1568 3365 1621 in
3417 1566 3711 1621 Ecclesiam

2123 1678 2494 1733 promanasse.
2552 1661 2760 1716 Ferunt
2789 1661 3040 1715 eumdem
3073 1659 3399 1714 Christianis
3426 1659 3590 1712 etiam
3628 1673 3715 1710 sa-

2124 1757 2232 1811 cris
2257 1755 2528 1809 initiatum
2548 1792 2564 1817 ,
2601 1753 2670 1807 ab
2705 1752 2790 1807 his
2823 1752 3040 1805 tandem
3065 1751 3254 1806 dolore
3285 1751 3519 1821 quodam
3549 1760 3716 1820 atque

2126 1845 2408 1901 iracundia
2456 1844 2775 1899 descivisse.
2801 1841 2998 1897 Verum
3032 1852 3190 1897 antea
3219 1843 3445 1897 Claudio
3473 1843 3714 1912 Augusto

2125 1939 2427 2009 imperante
2453 1936 2602 1990 adita
2645 1936 2816 1989 Roma
2840 1976 2854 1999 ,
2891 1937 2946 1988 in
2986 1934 3204 1990 beatum
3238 1935 3459 1989 Petrum
3492 1943 3715 2004 aposto-

2122 2029 2297 2085 lorum
2347 2029 2648 2099 principem
2679 2026 2976 2091 incidisse,
3029 2041 3201 2095 eoque
3241 2041 3398 2080 usum
3429 2025 3716 2079 familiari-

2126 2132 2249 2189 ter;
2287 2131 2454 2190 alque
2481 2120 2611 2173 hinc
2637 2121 2801 2173 etiam
2838 2118 3043 2172 factum
3079 2133 3222 2182 esse,
3261 2125 3323 2171 ut
3367 2126 3425 2172 et
3475 2117 3714 2186 discipu-

2125 2212 2296 2267 lorum
2317 2211 2462 2266 beati
2483 2211 2646 2265 Marci
2667 2209 3037 2280 evangelistze,
3053 2209 3225 2264 sancti
3259 2207 3404 2266 Petri
3421 2207 3711 2270 auditoris,

2125 2306 2457 2361 mentionem
2513 2304 2998 2371 laudationemque
3049 2302 3315 2372 posuerit.
3397 2300 3508 2357 llos
3567 2301 3712 2355 enim

2125 2397 2336 2472 (aiunt)
2366 2397 2505 2467 apud
2540 2394 2760 2451 Judazos
2789 2395 3227 2466 pbilosophicam
3258 2395 3480 2451 duxisse
3505 2395 3672 2449 vitam
3695 2433 3711 2457 ,

2125 2491 2230 2546 iste
2267 2497 2661 2545 commemorat
2704 2507 2717 2543 :
2763 2487 2959 2542 borum
3008 2488 3326 2552 domicilia,
3375 2487 3711 2541 monasteria

2126 2584 2388 2656 appellat,
2417 2585 2748 2652 eosdemque
2785 2580 3126 2637 meditationi
3157 2580 3394 2635 deditam
3445 2580 3611 2634 vitam
3638 2580 3716 2649 jeo

2118 2677 2276 2747 junio
2295 2716 2311 2743 ,
2340 2686 2503 2745 atque
2529 2675 2846 2744 precatione
2876 2675 3076 2745 degere
3095 2712 3112 2740 ,
3136 2672 3270 2728 nihil
3299 2673 3519 2729 interim
3552 2688 3714 2743 opum

2125 2769 2455 2841 possidendo
2470 2807 2486 2835 ,
2523 2769 2808 2839 praedicat.

2200 2882 2366 2938 Duxit
2398 2892 2579 2939 autem
2623 2881 2779 2937 Philo
2812 2894 2982 2952 genus
3023 2895 3052 2935 a
3086 2878 3462 2936 sacerdotibus
3483 2920 3500 2946 ,
3540 2877 3717 2949 patria

2125 2977 2567 3045 Alexandrinus,
2619 2985 2937 3046 tantamque
2982 2976 3084 3032 sibi
3130 2975 3269 3044 apud
3314 2972 3536 3028 Graecos
3576 2972 3717 3026 artis

2129 3072 2342 3128 dicendi
2368 3071 2560 3140 peritia
2595 3069 2972 3126 celebritatem
2999 3068 3239 3138 peperit,
3277 3076 3333 3118 ut
3366 3066 3526 3134 vulgo
3553 3066 3716 3118 etiam

424 3151 745 3221 δυνάμεως,
774 3151 851 3217 ῶς
879 3155 975 3208 καὶ
1003 3156 1181 3225 λέγειν
1213 3155 1434 3222 αὐτούς’
1464 3177 1483 3211 ι
1504 3161 1576 3215 Ἦ
1609 3165 1833 3220 Πλάτων
1856 3167 1904 3199 ⁸⁸
1927 3187 2021 3236 φι-

2131 3177 2386 3218 sermone
2416 3163 2545 3217 illud
2592 3170 2954 3231 usurparetur
2989 3178 3003 3216 :
3033 3162 3140 3215 Aut
3185 3157 3340 3212 Plato
3387 3157 3719 3226 pbilonizat,

426 3243 671 3309 λωνίζει,
697 3244 732 3316 ἢ
759 3246 937 3301 ⁴ϋίλων
957 3247 1311 3313 πλατωνίζει.
1347 3266 1368 3303 ι

1148 3365 1288 3433 Pq'.

653 3479 1039 3549 Θεογνώστου
1072 3479 1512 3550 Ἀλεξανδρέως
1545 3484 1718 3552 λόγοι
1741 3480 1814 3543 ζ’.

503 3593 638 3666 [280
691 3592 796 3668 R.]
861 3594 1307 3666 Ἀνεγνώσθησαν
1355 3593 1705 3665 Θεογνώστου
1782 3596 2032 3663 Ἀλεξαν-

426 3688 605 3758 δρέως
647 3686 797 3756 λόγοι
842 3687 984 3740 ἐπτά
1009 3704 1022 3720 ο
1059 3681 1121 3742 οὗ
1152 3689 1186 3759 ἡ
1220 3690 1526 3760 ἐπιγραφὴ,
1566 3709 1586 3742 ι
1616 3689 1725 3743 Τοῦ
1753 3691 2028 3761 μακαρίου

429 3779 787 3849 Θεογνώστου
829 3779 1229 3852 Ἀλεξανδρέως
1276 3781 1374 3834 καὶ
1425 3780 1697 3851 ἐξηγητοῦ
1737 3780 2030 3834 ὑποτυπώ-

436 3887 574 3932 σεις.
613 3887 634 3921 ι
687 3870 776 3922 Ἐν
831 3869 932 3940 μὲν
976 3865 1070 3924 οὖν
1109 3870 1186 3941 τῷ
1226 3871 1432 3942 πρώτῳ
1480 3871 1624 3941 λόγῳ
1671 3872 2030 3942 διαλαμϐάνει

445 3962 576 4032 περὶ
594 3960 693 4014 τοῦ
723 3962 956 4034 Πατρὸς.
983 3964 1081 4018 καὶ
1107 3964 1189 4015 ὄτι
1216 3964 1334 4016 ἐστὶ
1360 3963 1694 4034 δημιουργὸς
1729 3964 2028 4035 ἐπιχειρῶν

443 4049 737 4112 δεικνύναι,
766 4052 862 4104 acati.
895 4051 1039 4104 κατὰ
1061 4053 1171 4105 τῶν
1200 4052 1565 4105 ὑποτιθέντων
1599 4054 1868 4108 συνατδιον
1894 4054 2028 4126 ὓλην

433 4141 518 4212 τῷ
547 4141 688 4212 Θεῷ.
729 4143 818 4196 Ἐν
841 4143 898 4196 δὲ
922 4142 1001 4213 τῷ
1025 4143 1263 4215 δευτέρῳ
1285 4144 1468 4214 τίθησι
1498 4144 1597 4215 μὲν
1619 4149 2031 4219 ἐπιχειρήματα

427 4229 502 4282 δι’
532 4224 610 4284 ὧν
640 4230 749 4283 δεῖν
775 4249 908 4302 φησι
935 4233 1027 4284 τὸν
1060 4234 1279 4302 Πατέρα
1312 4233 1457 4305 ἔχειν
1486 4235 1640 4300 Υίὸν,
1684 4236 1813 4291 Υίδν
1846 4237 1905 4291 δὲ
1941 4237 2031 4291 λέ-

427 4339 552 4388 γων
575 4323 784 4390 κτίσμα
809 4325 970 4378 αὑτὸν
996 4327 1310 4394 ἀποφαίνει,
1343 4330 1439 4380 καὶ
1464 4328 1573 4380 τῶν
1596 4328 1830 4398 λογικῶν
1866 4331 2030 4400 μόνον

2131 3264 2225 3311 aut
2254 3254 2414 3310 Philo
2439 3253 2741 3326 platonizat
2770 3251 2876 3324 (49
2897 3253 2941 3323 ).

2856 3365 2992 3425 CVI.

2185 3482 2501 3553 Theognosti
2538 3481 2896 3538 Alexandrini
2946 3481 3358 3553 Hypotyposeon
3390 3482 3642 3537 libri-vn.

2213 3591 2364 3647 Lecti
2398 3600 2526 3647 sunt
2551 3589 2880 3662 Theognosti
2918 3591 3268 3647 Alexandrini
3303 3590 3427 3646 libri
3466 3603 3673 3661 septem
3699 3630 3716 3653 ,

2131 3681 2614 3749 bac'inscriptione
2641 3698 2656 3735 :
2681 3697 2700 3732 ι
2730 3679 2878 3733 Beati
2910 3677 3244 3751 Theognosti
3263 3678 3641 3744 Alexandrini,
3661 3690 3718 3735 et

2129 3788 2406 3828 sacrorum
2432 3771 2718 3828 Librorum
2753 3773 3064 3841 interpretis
3083 3771 3466 3842 Hypotypom.
3494 3791 3515 3825 ι
3533 3770 3720 3826 Primo

2129 3863 2270 3919 libro
2299 3865 2367 3919 de
2401 3862 2562 3918 Patre
2602 3864 2749 3932 agit,
2787 3877 3022 3933 eumque
3078 3877 3199 3917 esse
3243 3879 3421 3916 rerum
3466 3864 3716 3933 opificem

2129 3957 2420 4012 ostendere
2473 3956 2666 4010 nititur
2710 3973 2724 4010 :
2769 3957 2936 4012 etiam
2985 3966 3184 4012 contra
3213 3973 3338 4020 cos,
3395 3957 3486 4027 qui
3541 3964 3719 4010 mate-

2136 4050 2273 4106 riam
2299 4047 2444 4121 (50)
2475 4049 2585 4103 Deo
2615 4059 2947 4104 maternam
2980 4048 3208 4109 faciunt.
3259 4049 3425 4106 Libro
3455 4065 3583 4104 vero
3629 4065 3719 4104 se-

2137 4143 2314 4198 cundo
2359 4151 2680 4210 argumenta
2726 4141 2943 4209 quidem
2996 4143 3185 4214 ponit,
3239 4143 3436 4213 quibus
3475 4141 3610 4197 eﬂici
3644 4143 3723 4196 ait

2138 4234 2449 4289 necessario
2494 4231 2712 4287 Patrem
2767 4232 2970 4287 habere
2997 4232 3217 4288 Filium.
3257 4233 3326 4288 At
3365 4248 3486 4288 cum
3521 4232 3720 4287 Filium

2138 4325 2299 4391 dicit,
2361 4335 2671 4380 creaturam
2717 4339 2837 4379 esse
2877 4324 3053 4393 ipsum
3098 4324 3489 4390 demonstrat,
3525 4333 3582 4380 et
3631 4339 3722 4378 ra-

428 4415 776 4481 ἐπιστατεῖν,
821 4417 916 4470 καὶ
957 4416 1075 4472 ἄλλ’
1124 4418 1296 4485 ἄττα,
1326 4419 1516 4492 ῶσπερ
1563 4421 1867 4493 Ὠριγένης,
1900 4423 2018 4476 ἐπι-

2136 4419 2284 4474 tione
2311 4417 2555 4488 praaditis
2601 4425 2811 4472 tantum
2866 4432 3119 4488 praeesse.
3171 4417 3249 4472 Ac
3275 4418 3426 4487 plura
3466 4419 3518 4473 id
3550 4432 3722 4488 genus

1717 4580 1956 4636 νΑΙὶΙιιΕ
2005 4580 2418 4638 LECTIONES.

508 4693 556 4724 "
590 4692 839 4757 φαίνεται
875 4713 936 4759 ς’.

557 4698 839 4776 ,φαίνεται
875 4713 936 4776 ςς.
973 4766 986 4776 Ι
1034 4698 1080 4729 ⁸²
1103 4699 1560 4776 ὐπεῌρτιθέμενοφ
1636 4705 1682 4736 ⁵³
1713 4705 1742 4757 ὁ
1768 4721 1876 4757 οιιι.
1904 4706 1970 4758 Δ.
2047 4703 2096 4737 ⁸⁸
2125 4705 2499 4776 έηενμὰρχήν
2529 4722 2589 4768 ς.
2666 4705 2712 4736 ⁸⁸
2737 4705 2864 4767 τοὺς

432 4761 623 4832 θητῶν
647 4781 704 4828 ς.
783 4766 830 4796 ⁸⁸
854 4766 1019 4821 αὐτόν
1047 4771 1172 4823 add.
1201 4761 1269 4825 Ᾱ.
1359 4761 1404 4802 δ”
1441 4761 1573 4841 φασι
1610 4791 1749 4844 tng.:
1783 4792 1917 4845 φησι
1949 4793 2010 4840 ς’.
2089 4775 2135 4807 ⁸⁸
2168 4761 2240 4830 (ἷῘ.
2267 4761 2430 4829 διιίὶίῖ
2455 4761 2642 4837 νοίίό,
2676 4792 2726 4844 p.
2757 4761 2859 4840 ll;
2887 4775 2907 4828 l

2918 4704 3171 4828 Satin-dt;
3195 4722 3337 4763 corr.
3370 4708 3439 4776 A,
3460 4711 3570 4764 τῶν
3607 4729 3714 4781 μα-

1962 4908 2202 4966 NOTAE.

436 5017 671 5144 ἇπὲῒὲα).
719 5020 1046 5088 innumera,
1092 5025 1268 5096 inquit
1311 5028 1372 5083 Β.
1407 5028 1721 5101 Hieronym.
1780 5029 2018 5098 Suidas,

515 5106 1107 5250 agil’erpr‘i‘genem
1125 5176 1183 5220 et
1210 5167 1470 5250 erillum
1501 5171 1917 5250 Alexandrum”
1939 5173 2027 5227 in-

439 5241 535 5282 ter
579 5228 803 5287 Latinos
873 5228 936 5288 B'.
989 5228 1312 5294 Ambrosius
1389 5243 1650 5312 pleraque
1711 5261 1742 5298 a
1798 5241 2030 5300 Philone

439 5309 728 5356 mutuatus
754 5313 859 5357 est.

664 5371 1175 5454 BeatummPetrurn
1203 5379 1510 5454 apostolum
1542 5384 1841 5438 innotuisse
1896 5381 2027 5438 Phi-

439 5441 558 5494 loni
591 5443 855 5498 Eusebius
889 5443 984 5498 lib.
1022 5461 1060 5499 ιι
1104 5441 1253 5505 Hist:
1289 5452 1414 5506 εδει.
1444 5463 1632 5506 narrat
1657 5469 1670 5505 :
1695 5455 1904 5508 Φίλωνα
1932 5455 2023 5507 λόο

436 5527 542 5594 ΥΡΞ
571 5512 853 5594 Exim“
882 5514 1150 5594 ¹ἓλσξύδι9ν
1177 5520 1271 5594 ἐπὶ
1301 5522 1401 5593 τῆς
1431 5521 1649 5594 Ῥώμης
1683 5528 1766 5587 εις
1807 5525 2025 5590 ὁμιλίαν

439 5579 832 5664 ἐλθεῖνΠξτρῳ
849 5588 964 5650 τοῖς
986 5589 1165 5664 ἐκεῖσε
1178 5591 1300 5664 τότε
1317 5579 1661 5664 κηρύττόντι.
1680 5579 1816 5649 Tum
1837 5579 2024 5650 beatus

440 5665 666 5735 quoque
695 5652 1062 5735 Hieronymus
1093 5660 1144 5712 in
1173 5652 1468 5735 (lataloé'o:
1499 5665 1668 5735 Aiunt
1694 5666 1858 5729 hunc,
1898 5681 2020 5719 cum

444 5723 686 5776 secunda
723 5723 841 5779 vice
874 5723 1114 5782 venisset
1139 5732 1207 5785 ad
1234 5723 1516 5788 Claudium
1546 5733 1600 5788 in
1647 5723 1854 5790 eadem
1890 5735 2024 5787 urbe

445 5790 688 5865 [Romae]
717 5794 956 5851 locutum
989 5813 1109 5855 esse
1134 5815 1255 5856 cum
1297 5805 1538 5874 apostolo
1570 5803 1765 5868 Petro.
1796 5805 2023 5874 ejusuue

2133 5034 2387 5089 habuisse
2412 5034 2709 5090 amicitiam
2741 5044 2828 5092 :et
2843 5036 2914 5091 ob
2947 5036 3088 5092 hanc
3111 5051 3334 5091 causam
3365 5038 3530 5092 etiam
3565 5035 3713 5092 Mar-

2134 5106 2214 5168 ci,
2246 5105 2492 5174 discipuli
2529 5104 2696 5170 Petri,
2751 5108 2892 5176 apud
2948 5107 3334 5162 Alexandriam
3418 5115 3716 5162 sectatores

2128 5189 2358 5229 ornasse
2411 5177 2682 5230 laudibus.
2731 5177 2863 5243 Quae
2911 5177 3132 5232 totidem
3172 5178 3348 5232 verbis
3385 5176 3616 5239 Suidas,
3646 5195 3711 5232 ex

2128 5243 2446 5316 Hieronymi
2482 5252 2850 5315 wetapbraste
2877 5247 3185 5316 Sophronio
3216 5248 3468 5316 fortasse,
3500 5247 3712 5301 descri-

2166 5315 2236 5388 sil
2265 5333 2303 5388 _:_
2324 5313 2559 5384 Λέγουσι
2605 5313 2812 5382 τοῦτον,
2841 5313 3069 5388 sese.
3097 5318 3348 5388 δειξτερον
3402 5313 3532 5388 ἦλθε
3577 5317 3714 5386 πρὸς

2179 5385 2394 5459 λαύδιον
2427 5389 2483 5440 ἐν
2510 5390 2575 5459 τῇ
2606 5387 2742 5459 αρτῇ
2767 5387 2919 5440 πόλει
2943 5385 3212 5459 [⁹Ρώμῃ],
3238 5385 3582 5459 διαλεχθῆναι
3624 5385 3712 5452 τῷ

2125 5456 2267 5526 ἁγίῳ
2315 5456 2601 5526 ἀποστόλῳ
2633 5456 2846 5527 Πέτρῳ,
2886 5456 2981 5511 καὶ
3028 5456 3220 5511 τούτου
3287 5456 3577 5527 ἐσχηκέναι
3623 5475 3714 5524 φι-

2131 5527 2273 5597 λίαν,
2297 5529 2394 5580 καὶ
2423 5527 2512 5580 διὰ
2530 5527 2690 5580 τοῦτο
2714 5529 2841 5587 τοὺς
2869 5529 3202 5587 σπουδαστὰς
3228 5528 3479 5596 Μάρκου,
3519 5527 3710 5597 μαθη-

2129 5596 2225 5649 τοῦ
2261 5598 2491 5668 Πέτρου,
2514 5600 2573 5651 ἐν
2605 5597 2984 5668 Ἀλεξανδρείᾳ
3007 5598 3162 5650 έπεσι
3192 5596 3619 5668 κεκοσμηκέναι.

2193 5667 2330 5737 (50)
2369 5667 2440 5723 Ut
2471 5669 2776 5739 philosophi
2815 5667 3036 5736 quidam
3075 5679 3319 5733 veteres,
3369 5667 3425 5722 et
3454 5678 3574 5734 post
3615 5667 3708 5739 So»

2132 5738 2360 5809 leuciuui
2412 5740 2527 5792 sive
2581 5738 2904 5801 Hermiaui,
2955 5739 3024 5793 de
3081 5739 3280 5809 quibus
3339 5740 3566 5809 August.
3629 5738 3711 5795 De

2127 5807 2365 5863 Itwrosib.
2405 5825 2522 5877 cap.
2550 5809 2648 5865 59.-
