4062 6456
373 356 480 419 375

1535 356 1804 419 ΡΗΟΤΙΙ
1846 348 2357 420 PATRIARCHXE
2387 361 2495 420 (ΖΡ.

3551 353 3659 421 376

374 474 517 538 alia,
560 488 666 528 una
719 488 842 529 cum
896 474 1132 544 Origene
1180 473 1321 531 Filio
1360 470 1795 548 ascribitiSl),
1854 477 1969 534 sive

2083 479 2229 550 φέρει
2248 481 2294 514 ⁸⁵
2324 480 2401 549 τῷ
2430 478 2565 549 Υἱῷ,
2599 476 2711 532 εἴτε
2740 476 2943 548 ὁμοίως
2967 466 3163 548 ἐκείνῳ
3178 474 3469 546 δυσσεϐείᾳ
3492 476 3661 529 ἑαλω-

373 571 564 621 i-adcm
596 568 878 639 impietate
910 571 1138 635 ductus;
1193 572 1338 635 sive,
1393 582 1450 624 ut
1476 573 1600 640 quis
1625 572 1859 635 dixerit,
1898 573 1965 627 il-

374 661 482 715 lius
516 661 839 717 defendendi
874 665 1083 726 studio,
1114 664 1525 719 exercitatioiiis
1552 665 1741 719 isthmc
1767 666 1964 734 gratia,

374 762 431 807 et
463 768 566 805 non
599 767 664 807 ex
699 768 793 807 Sua
820 752 1090 807 sententia
1123 766 1434 824 proponens
1456 796 1470 818 ,
1526 757 1643 808 sive
1676 770 1708 808 a
1734 755 1969 810 veritate

380 843 628 897 nonnihil
699 844 893 897 abduci
953 844 1142 899 sinetis
1187 885 1202 911 ,
1258 844 1327 898 ob
1378 842 1805 898 imbecillitatem
1872 857 1968 898 ca-

379 921 640 1009 ptumque
663 940 949 1005 auditoris,
969 940 1059 1008 qu‘i
1078 934 1223 993 nulla
1238 939 1470 995 fortasse
1497 938 1618 993 ﬁdei
1643 938 1969 995 Christiana!

380 1032 690 1103 cognitione
735 1033 1006 1099 imbutus,
1054 1030 1205 1104 87a
1238 1032 1417 1086 minus
1479 1039 1691 1101 poterat
1740 1044 1969 1085 accura-

383 1126 578 1180 tiorem
630 1125 697 1181 de
739 1126 1005 1197 religione
1035 1127 1403 1197 cognitionem
1436 1125 1751 1187 admittere,
1792 1131 1851 1178 ut
1880 1122 1971 1178 Fi-

382 1220 441 1274 lii
491 1210 778 1291 pr0pterea
818 1220 1260 1291 qualemcunque
1312 1217 1680 1289 cognitionem
1734 1215 1969 1271 auditori

384 1311 658 1367 utiliorem
722 1311 1054 1368 existimarit
1108 1326 1260 1377 esse,
1311 1323 1477 1379 quam
1503 1311 1547 1365 sl
1591 1308 1815 1363 omnino
1870 1318 1972 1361 nec

384 1406 601 1474 agnitus
628 1405 717 1461 ille
742 1404 849 1470 sit,
882 1420 983 1461 nec
1025 1406 1264 1460 auditus.
1301 1400 1503 1459 Verum
1550 1411 1611 1455 ut
1642 1402 1880 1456 maxime
1919 1401 1972 1455 in

384 1501 751 1569 disputatione
781 1502 885 1557 hoc
904 1512 1063 1572 pacto
1101 1512 1301 1555 rectam
1321 1499 1649 1561 sententiam
1672 1498 1972 1565 declinare,

385 1594 455 1648 ab
488 1607 660 1663 eaque
699 1578 955 1650 recedere
984 1611 1090 1649 non
1121 1595 1345 1648 omnino
1367 1593 1664 1649 absurdum
1685 1629 1700 1657 ,
1743 1601 1837 1647 aut
1883 1608 1973 1647 re-

385 1685 755 1754 prehensione
804 1686 1028 1756 dignum
1077 1686 1327 1739 videatur
1362 1703 1377 1740 :
1408 1684 1572 1755 (nam
1610 1683 1684 1738 ibi
1717 1684 1975 1753 pleraque

383 1778 501 1847 ejus
528 1819 543 1843 ,
568 1780 661 1850 qui
703 1788 893 1835 contra
942 1779 1179 1850 disputat
1208 1820 1223 1845 ,
1268 1777 1538 1834 sententia
1589 1787 1645 1830 et
1676 1776 1936 1848 opinione
1959 1818 1973 1843 ,

384 1885 449 1925 ac
482 1870 638 1940 quasi
668 1870 719 1925 vi
754 1868 945 1942 ﬁunt).
992 1867 1049 1922 ln
1085 1872 1289 1939 scripta
1323 1878 1504 1923 tamen
1536 1868 1821 1932 oratione,
1857 1882 1981 1938 qua)

2068 572 2220 636 κὼς,
2275 572 2384 625 εἴτε
2433 571 2541 641 (ὡς
2581 571 2646 626 ἄν
2665 571 2715 602 ”
2769 586 2856 633 τις
2914 568 3089 638 εἴποι)
3125 568 3525 638 ἐκϐιασάμενος
3560 566 3663 637 τὴν

2073 666 2213 736 ὑπὲρ
2262 662 2429 719 αὐτοῦ
2484 664 2807 731 ἀπολογίαν,
2839 664 2899 716 ὲν
2943 660 3258 731 γυμνασίας
3298 660 3449 729 λόγῳ
3477 658 3572 712 καὶ⁵
3599 658 3662 710 οὐ

2068 757 2230 828 δόξης
2250 756 2425 812 ταῦτα
2461 757 2761 828 προτιθεὶς,
2787 754 2822 824 ἢ
2849 754 2945 808 καὶ
2973 754 3113 824 πρὸς
3139 753 3241 824 τὴν
3272 752 3367 805 τοῦ
3392 749 3663 824 ἀκροατοῦ

2069 850 2185 915 ἕξιν
2228 850 2325 903 καὶ
2378 848 2687 910 ἀσθένειαν,
2739 846 2989 918 ἀμυήτου
3038 844 3350 908 παντελῶς,
3382 845 3432 897 εί
3479 842 3664 913 τύχοι,

2071 940 2227 1005 ὄντος
2282 940 2381 995 τοῦ
2429 940 2542 995 τῶν
2589 939 2939 1010 Χριστιανῶν
2988 936 3251 1008 θειασμοῦ
3300 937 3396 990 καὶ
3445 935 3520 1006 μὴ
3575 934 3667 987 δυ-

2071 1038 2310 1108 ναμένου
2335 1036 2595 1103 δέξασθαι
2626 1036 2727 1105 τὴν
2742 1035 2841 1105 τῆς
2871 1032 3172 1103 θρησκείας
3196 1031 3505 1105 ἀκρίϐειαν,
3532 1030 3665 1083 ὕπο-

2074 1131 2517 1201 κατασπώμενος
2569 1130 2669 1199 τῆς
2700 1128 2984 1200 ἀληθείας,
3040 1127 3139 1181 καὶ
3182 1126 3283 1196 τὴν
3308 1124 3665 1194 ὁπωσδήποτε

2074 1224 2276 1295 γνῶσιν
2311 1223 2445 1280 Υἱοῦ
2481 1228 2582 1295 τῆς
2612 1223 2917 1285 παντελοῦς
2951 1220 3213 1292 ἀνηκοΐας
3257 1218 3356 1271 καὶ
3391 1215 3668 1285 ἀγνωσίας

2074 1314 2530 1387 λυσιτελεστέραν
2588 1312 2831 1384 νομίζων
2879 1303 3023 1365 εῖναι
3060 1304 3105 1342 ⁶¹
3154 1305 3235 1377 τῷ
3284 1304 3335 1339 ⁶²
3398 1305 3665 1375 ἀκροατῇ.

2090 1408 2250 1462 Ἀλλὰ
2279 1407 2517 1473 διαλέξει
2542 1406 2641 1478 μὲν
2666 1410 2700 1477 ἡ
2732 1405 2960 1476 τοιαύτη
2988 1400 3242 1471 καταφυὴ
3262 1396 3359 1453 τοῦ
3393 1397 3466 1468 μὴ
3486 1396 3668 1463 λέγειν

2076 1500 2255 1573 ὀρθῶς
2294 1502 2388 1554 καὶ
2426 1500 2779 1571 ἀναχώρησις
2815 1498 2917 1552 οὐκ
2939 1497 3004 1551 ἂν
3033 1496 3297 1555 ἀπίθανος
3325 1490 3449 1545 οὐδὲ
3496 1488 3669 1559 ψόγου

2077 1596 2313 1668 ἐχομένη
2342 1593 2471 1665 δόξῃ
2501 1591 2547 1626 ⁸³
2568 1608 2582 1623 ⁸
2616 1594 2686 1647 τὰ
2715 1590 2888 1645 πολλά
2921 1590 3031 1660 γὰρ
3062 1591 3130 1660 τῇ
3156 1585 3252 1640 τοῦ
3281 1582 3669 1656 προσδιαλεγο-

2083 1689 2244 1758 μένου
2276 1686 2473 1759 γνώμῃ
2504 1685 2603 1740 καὶ
2631 1684 2759 1756 δόξῃ
2792 1676 2889 1737 καὶ
2922 1683 3075 1753 ἰσχύϊΔ
3100 1678 3497 1747 διαπράττεται
3528 1689 3543 1705 ·
3573 1674 3669 1741 ἑγ-

2080 1781 2295 1855 γράφου
2336 1779 2395 1833 δὲ
2453 1778 2616 1847 λόγου
2664 1782 2760 1833 καὶ
2793 1776 2975 1831 κοινοῦ
3023 1772 3349 1845 προκεῖσθαι
3386 1765 3671 1839 μέλλοντος

2083 1877 2255 1931 ἅπασι
2289 1877 2454 1944 νόμου
2494 1872 2559 1935 ⁸⁸,
2594 1870 2753 1934 εἴτις
2777 1866 2876 1940 τῆς
2910 1873 2967 1924 ὲν
3010 1866 3160 1938 αὑτῷ
3194 1861 3541 1936 βλασφημίας
3571 1858 3671 1926 τὴν

385 1960 521 2031 legis
549 1962 721 2017 instar
750 1963 1003 2017 omnibus
1036 1962 1088 2015 in
1128 1961 1401 2016 communi
1432 1962 1784 2030 proponenda
1816 1960 1907 2028 sit,
1934 1961 1979 2016 si

2083 1967 2494 2040 προειρημένην
2524 1967 2602 2029 είς
2633 1962 2887 2018 ἀθὼωσιν
2920 1963 3175 2031 ἐπιφέρει
3216 1952 3536 2023 ἀπολογίαν,
3591 1952 3673 2013 είς

385 2053 513 2122 quis
563 2053 705 2107 hanc
737 2053 820 2107 sui
883 2051 1151 2123 purgandi
1192 2066 1392 2117 causa,
1451 2050 1802 2122 blasphemiae
1844 2065 1979 2105 con-

384 2146 604 2213 scriptae
635 2142 1008 2198 defensionem
1037 2142 1258 2210 ali‘erat,
1293 2143 1340 2198 is
1373 2158 1505 2199 sane
1539 2143 1608 2197 ad
1647 2141 1978 2197 imbecillum

385 2234 663 2304 cutifngiet
692 2236 1079 2304 patrocinium.
1112 2234 1232 2291 Jam
1262 2246 1323 2291 ut
1350 2236 1591 2292 secundo
1619 2236 1782 2301 libro,
1819 2234 1894 2291 ita
1926 2246 1982 2291 et

386 2329 585 2394 tertio,
645 2331 712 2385 de
735 2326 943 2401 Spiritu
988 2341 1182 2385 sancto
1214 2340 1484 2385 tractans.
1518 2338 1837 2401 argumenta
1861 2330 1983 2399 qui-

385 2422 507 2477 dem
546 2423 797 2488 adhibet,
839 2423 1037 2493 quibus
1068 2421 1332 2492 Spiritum
1377 2430 1624 2477 sanctum
1659 2435 1783 2477 esse
1820 2436 1983 2477 cona-

390 2526 479 2569 tur
511 2512 837 2582 ostendere;
867 2531 1054 2570 verum
1085 2524 1283 2570 caetera
1304 2556 1321 2581 ,
1368 2514 1437 2570 ad
1469 2514 1684 2568 modum
1727 2512 1981 2584 Origenis

388 2604 527 2662 libro
566 2606 644 2662 De
693 2607 1007 2676 principiis,
1062 2606 1225 2662 etiam
1300 2606 1389 2662 hic
1447 2606 1702 2678 nugando
1762 2605 1981 2662 delirat.

387 2701 594 2765 Quarto
634 2699 756 2754 dein
802 2698 940 2755 libro
971 2698 1036 2753 de
1081 2699 1283 2771 angelis
1331 2709 1379 2753 et
1434 2699 1763 2754 daemonibus
1797 2699 1981 2755 inania

388 2805 582 2860 :eque,
620 2800 678 2843 ut
710 2789 800 2845 ille
823 2828 840 2854 ,
894 2788 1194 2860 jactitans,
1242 2789 1409 2844 exilia
1451 2788 1584 2860 ipsis
1616 2800 1846 2861 corpora
1896 2797 1984 2845 iit-

390 2882 561 2936 ducit.
595 2882 797 2947 Quinto
855 2895 991 2937 vero
1040 2886 1096 2936 et
1142 2890 1302 2937 sexto
1356 2890 1665 2952 pertractat
1724 2892 1785 2937 ut
1840 2882 1984 2938 Deus

390 2971 670 3029 hominem
731 2974 991 3037 induerit,
1037 2983 1323 3044 tentatque
1377 2988 1483 3029 suo
1552 2989 1703 3030 more
1758 2977 1985 3029 demou-

392 3077 570 3121 διε-ονε
614 3066 1046 3121 incarnationem
1093 3066 1214 3121 Filii
1271 3066 1384 3120 ﬁeri
1418 3067 1681 3137 potuisse.
1724 3066 1892 3121 Multa
1931 3076 1987 3122 et

2082 2056 2287 2131 ἀσθενῆ
2308 2058 2624 2130 κατέδραμε
2648 2055 3003 2127 συνηγορίαν.
3039 2054 3254 2123 ’Ὠσπερ
3284 2049 3341 2103 δὲ
3370 2049 3428 2101 ὲν
3445 2045 3524 2117 τῷ
3552 2045 3673 2097 δευ-

2080 2153 2249 2225 τέρῳ,
2279 2149 2423 2204 οὕτω
2455 2149 2553 2205 καὶ
2606 2152 2666 2203 ὲν
2720 2147 2798 2220 τῷ
2833 2148 3001 2219 τρίτῳ
3027 2146 3173 2216 λόγῳ
3224 2141 3354 2214 περὶ
3389 2138 3484 2194 τοῦ
3516 2137 3672 2206 ἁγίου

2082 2244 2403 2317 ῙΙνεύματος
2435 2242 2821 2314 διαλαμϐάνων
2865 2238 3050 2310 τίθησι
3088 2238 3189 2309 μὲν
3228 2234 3662 2306 ἐπιχειρήματα,

2081 2340 2181 2410 τὴν
2240 2337 2334 2393 τοῦ
2378 2335 2647 2406 παναγίου
2700 2333 3022 2404 Πνεύματος
3050 2328 3289 2402 ὕπαρξιν
3326 2325 3597 2380 δεικνύειν
3626 2322 3673 2356 ⁸⁸

2082 2431 2561 2505 ἀποπειρώμενος,
2592 2428 2661 2484 τά
2690 2426 2737 2482 δ’
2765 2426 2923 2492 ἄλλα,
2972 2424 3163 2493 ὥσπερ
3195 2421 3479 2493 Ὦριγένης
3508 2420 3567 2471 ὲν
3595 2417 3675 2485 τῷ

2084 2528 2225 2596 Περὶ
2257 2524 2481 2595 ἀρχῶν,
2500 2522 2644 2577 οὕτω
2664 2523 2757 2576 καί
2786 2521 2951 2583 αὐτὸς
2974 2516 3210 2573 ἐνταῦθα
3239 2514 3568 2585 παραληρεῖ.
3585 2510 3675 2564 Ἐν

2082 2618 2245 2690 δὲτῷ
2284 2619 2535 2689 τετάρτῳ
2592 2614 2723 2687 περὶ
2762 2611 3013 2681 ἀγγέλων
3047 2608 3141 2662 καὶ
3178 2607 3449 2675 δαιμόνων
3473 2603 3676 2673 ὁμοίως

2084 2714 2280 2783 ἐκείνῳ
2311 2710 2591 2779 κενολογεῖ
2625 2708 2695 2775 ⁸⁸,
2736 2708 2832 2761 καὶ
2890 2702 3125 2773 σώματα
3156 2701 3338 2762 αὐτοῖς
3361 2694 3542 2751 λεπτὰ
3564 2696 3675 2763 ἁμ-

2086 2808 2389 2877 φιέννυσιν.
2452 2801 2544 2854 Ἐν
2574 2798 2631 2851 δὲ
2691 2795 2771 2867 τῷ
2816 2795 3053 2865 πέμπτῳ
3092 2791 3190 2845 καὶ
3237 2789 3383 2858 ἕκτῳ
3422 2783 3674 2854 περὶτῆς

2087 2894 2561 2968 ὲνανθρωπήσεως
2590 2890 2691 2944 τοῦ
2744 2888 3003 2958 Σωτῆρος
3051 2880 3440 2952 διαλαμϐάνων
3468 2878 3510 2910 ⁸⁷
3550 2878 3673 2927 ἐπι-

2086 2988 2262 3061 χειρεῖ
2298 2986 2419 3057 μὲν,
2445 2983 2519 3047 ὡς
2547 2983 2670 3046 ἔθος
2708 2979 2879 3050 αὐτῷ,
2917 2975 3155 3046 δυνατὴν
3173 2970 3314 3027 εἶναι
3336 2968 3676 3025 δεικνύναιεε

2087 3080 2188 3153 τὴν
2212 3076 2632 3150 ἐνανθρώπησιν
2656 3072 2754 3127 τοῦ
2782 3068 2939 3136 Υξοῦ,
2965 3066 3138 3124 πολλά
3156 3066 3214 3121 δὲ
3236 3067 3296 3120 ὲν
3324 3066 3507 3126 αὐτοῖς
3534 3079 3679 3117 κενο-

392 3158 482 3213 hic
511 3169 770 3225 nugatur,
804 3159 1149 3228 maximeque
1172 3159 1304 3213 dum
1336 3157 1468 3213 illud
1500 3172 1750 3214 asserere
1778 3160 1979 3224 audet,

2090 3176 2281 3246 φωνεῖ,
2306 3172 2403 3227 καὶ
2452 3172 2691 3244 μάλιστα
2750 3168 2881 3223 ὅταν
2929 3164 3215 3236 ἀποτολμᾷ
3264 3162 3450 3232 λέγειν
3476 3161 3557 3214 ὅτι
3583 3157 3679 3211 τὸν

393 3252 786 3320 imaginatione
821 3252 1041 3322 quidem
1067 3263 1257 3307 nostra
1280 3249 1479 3306 Filium
1514 3251 1639 3307 aliis
1665 3261 1833 3323 atque
1861 3252 1985 3309 aliis

392 3345 526 3401 iocis
554 3345 963 3409 circumscribi,
1013 3358 1074 3399 re
1105 3352 1284 3399 tamen
1337 3352 1502 3414 atque
1540 3354 1665 3399 actu
1715 3346 1849 3415 ipso-
1880 3362 1985 3401 non

394 3452 517 3493 esse
546 3437 1042 3514 circumscriptum.
1075 3437 1327 3508 Septimo
1358 3436 1598 3506 denique
1631 3436 1793 3502 libro,
1821 3453 1985 3507 quem

394 3527 474 3582 De
509 3527 603 3582 Dei
653 3527 919 3582 creatione
973 3526 1285 3596 inscripsit,
1339 3526 1623 3597 aliquanto
1668 3529 1757 3597 pie
1815 3529 1989 3599 magis

394 3638 518 3676 cum
548 3621 615 3676 de
638 3619 760 3674 aliis
787 3630 1017 3689 tractat,
1056 3628 1171 3674 tum
1202 3621 1509 3688 praesertim
1539 3619 1605 3675 de
1626 3616 1768 3676 Filio
1800 3621 1854 3675 in
1891 3637 1992 3677 ex-

398 3726 573 3769 trema
602 3712 785 3782 operis
817 3728 884 3783 pa
894 3723 995 3768 rte.

472 3808 647 3863 Dictio
671 3808 790 3878 ejus
819 3807 978 3878 plena
1030 3815 1152 3871 est,
1179 3816 1238 3861 et
1266 3802 1401 3859 nihil
1438 3806 1606 3862 habet
1648 3807 1986 3865 redundans.

400 3899 639 3955 Vocibus
662 3902 789 3954 item
819 3908 879 3953 ut
908 3899 960 3953 in
982 3896 1180 3963 Attica,
1207 3898 1543 3970 minimeque
1577 3899 1828 3955 alfectata
1860 3917 1992 3956 ora-

402 3992 582 4058 tione,
621 3991 696 4045 ita
741 3992 912 4044 utitur
939 3999 1199 4053 venuste,
1256 4000 1315 4044 ut
1350 4006 1449 4045 nec
1500 3992 1556 4046 in
1595 3993 1991 4062 compositione

400 4084 621 4154 quidem
663 4098 695 4136 a
745 4089 1008 4137 consueto
1038 4080 1297 4151 loquendi
1350 4083 1511 4137 modo
1562 4083 1790 4139 recedat
1824 4104 1839 4140 :
1879 4086 1990 4141 imo

401 4191 503 4232 nec
526 4173 933 4247 perspicuitatis
955 4174 1059 4239 ,‘et
1080 4176 1449 4230 accurationis
1497 4190 1634 4232 caua
1657 4190 1686 4231 a
1719 4177 1990 4248 magnitu-

400 4271 527 4324 dine
552 4266 830 4324 dellectat.
869 4262 1081 4323 Floruit
1104 4283 1235 4322 vero
1256 4268 1351 4303 "’t

1150 4361 1311 4417 CVll.

2090 3267 2222 3321 Υίὸν
2248 3262 2637 3336 φανταζόμεθα
2658 3261 2849 3316 ἄλλοτε
2888 3260 2947 3312 ὲν
2972 3257 3153 3321 ἄλλοις
3185 3254 3374 3317 τόποις
3408 3267 3678 3323 περιγραο

2092 3360 2353 3431 φόμενον,
2390 3357 2528 3429 μόνῃ
2560 3356 2618 3409 δὲ
2651 3357 2718 3425 τῇ
2769 3351 3022 3424 ἐνεργείᾳ
3064 3350 3139 3421 μὴ
3173 3346 3678 3420 περιγραφόμενον.

2103 3450 2193 3503 Ἐν
2219 3448 2277 3501 δὲ
2309 3448 2387 3518 τῷ
2409 3446 2646 3518 ἑϐδόμῳ,
2676 3445 2704 3500 ὂ
2735 3442 2833 3499 καὶ
2862 3444 2992 3515 περὶ¹
3016 3440 3153 3495 Θεοῦ
3173 3437 3536 3513 δημιουργίας
3562 3437 3681 3489 ἑπι-

2091 3543 2315 3614 γράφει,
2337 3538 2727 3610 εὐσεϐέστερον
2762 3554 2880 3601 πως
2927 3536 3057 3607 περί
3103 3552 3165 3588 τε
3203 3532 3316 3587 τῶν
3363 3530 3538 3585 ἀλλων
3565 3528 3681 3580 δια-

2092 3636 2383 3707 λαμϐάνει,
2413 3634 2509 3688 καὶ
2541 3634 2780 3705 μάλιστα
2802 3629 2942 3701 πρὸς
2964 3628 3045 3700 τῷ
3068 3627 3213 3682 τέλει
3230 3624 3326 3679 τοῦ
3349 3624 3510 3692 λόγου
3550 3620 3678 3689 περὶ

2091 3724 2187 3780 τοῦ
2214 3724 2365 3777 Υίοῦ.

2168 3818 2326 3869 Ἐστι
2354 3814 2411 3867 δὲ
2438 3813 2538 3884 τὴν
2569 3810 2771 3884 φράσιν
2802 3811 3101 3882 ἀπέριττος
3130 3807 3227 3861 καὶ
3263 3805 3462 3876 βαθὺς,
3497 3799 3673 3857 καλλι-

2092 3908 2247 3980 λεξῐᾳ
2275 3925 2336 3960 τε
2372 3907 2448 3968 ὡς
2478 3907 2537 3960 ὲν
2575 3904 2809 3974 Ἀττικῷ
2838 3904 2935 3957 καὶ¹
2962 3900 3187 3972 συνήθει
3226 3896 3511 3969 χρώμενος
3540 3894 3680 3962 λόγῳ

2093 4004 2190 4056 καὶ
2210 4000 2304 4053 τοῦ
2331 3996 2593 4069 συνήθους
2616 3995 2728 4051 οὐδ’
2759 3999 2817 4050 ὲν
2838 3996 2958 4058 ταῖς
2982 3991 3302 4057 συντάξεσιν
3329 3990 3682 4058 ἀνακεχωρη-

2095 4094 2229 4158 κώς.
2251 4091 2359 4145 Τοῦ
2393 4090 2579 4161 μέντοι
2613 4089 2881 4161 μεγέθους
2906 4085 2974 4141 δι’
2998 4084 3290 4157 ἐνάργειαν
3316 4084 3411 4137 καὶ¹
3438 4078 3682 4151 ἀκρίϐει-

2094 4205 2161 4242 αν
2179 4187 2289 4242 τῶν
2320 4184 2581 4258 ῥημάτων
2611 4183 2673 4238 οὐ
2706 4176 3411 4253 καταφέρεται.Ἥκμασε⁶⁹
3426 4174 3481 4229 δὲ
3500 4172 3675 4242 (52)...

2826 4354 2951 4411 PZ'.

400 4456 590 4513 Basilii
654 4457 832 4513 Cilicis
883 4464 1067 4509 contra
1104 4455 1367 4509 Joannem
1414 4452 1833 4524 ScythOpolilam
1878 4455 1979 4527 (55]

2096 4458 2428 4515 Βασιλείου
2474 4448 2885 4523 πρεσϐυτέρου
2898 4521 2914 4527 Α
2931 4445 3204 4527 βιλικίας
3242 4442 3395 4498 κατὰ
3409 4438 3670 4496 Ἰωάννου

1057 4527 1180 4579 libri
1214 4541 1322 4579 XVI.

472 4618 671 4674 Lectus
692 4624 776 4673 εει
805 4620 941 4674 liber
970 4617 1155 4671 Basilii
1185 4616 1492 4687 presbyteri
1523 4614 1711 4671 Cilicis
1734 4659 1751 4683 ,
1789 4620 1988 4675 adver-

402 4729 495 4768 sus
518 4712 779 4767 Joannem
800 4710 1255 4782 ScythOpolitam,
1275 4709 1359 4764 cui
1392 4720 1445 4762 ct
1473 4709 1745 4765 Causidici
1767 4724 1989 4781 nomen,

2595 4526 2642 4577 Σ
2646 4520 3051 4577 κυθοπολίτου
3094 4523 3192 4582 ις’.

2168 4621 2301 4695 [281
2327 4620 2419 4686 R.,
2448 4617 2553 4674 152
2579 4613 2675 4685 H.]
2716 4609 3062 4681 Ἀνεγνὼισθη
3087 4606 3372 4662 Βασιλείου
3397 4646 3412 4668 ,
3443 4599 3679 4695 πρεσϐυ-

2102 4690 2262 4786 τέρου
2286 4712 2514 4774 Κίλικος
2534 4753 2549 4777 ,
2580 4707 2725 4762 κατὰ
2760 4704 3011 4758 Ἰωάννου
3040 4700 3136 4754 τοῦ
3166 4695 3565 4753 Σκυθοπολίτου
3586 4734 3601 4760 ,
3623 4690 3684 4744 ὃν

1687 4847 1929 4905 ἾΑΒΙᾸΕ
1952 4850 2363 4907 LECTIONES.

473 4950 518 4981 ⁸³
551 4949 805 5018 ἐπιφορεῖ
834 4949 899 5003 Δ.
976 4949 1021 4979 ⁸ο
1052 4948 1117 5003 ἄν
1148 4964 1256 5002 om.
1286 4949 1352 5001 A.
1429 4947 1471 4977 ⁶¹
1504 4941 1645 5000 εἶναι
1680 4947 1921 5014 νομίζων
1952 4948 2405 5021 λυσιτελεστέραν
2435 4964 2497 5011 ς.
2566 4945 2612 4976 ⁸³
2640 4942 2721 5014 τῷ
2749 4941 2875 4994 add.
2904 4940 2971 4991 Αο
3048 4936 3093 4969 ⁸³
3117 4934 3246 5005 δόξῃ
3294 4932 3419 4986 οὐδὲ
3449 4928 3678 5055 ὲχὲςιένη

474 5035 594 5069 νου.
670 5020 717 5051 ⁸⁸
748 5019 921 5069 ἅπασι
950 5021 1116 5069 νόμου
1144 5020 1187 5069 Α
1217 5036 1231 5069 :
1257 5018 1425 5069 véuou
1456 5018 1571 5069 τοῖς
1592 5019 1760 5069 πᾶσιν
1790 5036 1851 5069 ς.
1931 5020 1976 5051 ⁸⁵
2006 5020 2277 5069 δεικνύειν
2332 5018 2574 5069 ὓπαρξιν
2616 5030 2677 5069 ς.
2780 5012 2826 5043 ⁸⁸
2858 5008 3169 5069 καινολογεϊ
3198 5020 3262 5069 ς.
3374 5003 3420 5035 ⁸⁷
3452 5001 3505 5055 δι
3582 5015 3685 5069 αμ-

416 5019 594 5089 ζιόγου.
670 5020 717 5051 ⁸⁸
748 5019 921 5073 ἅπασι
950 5021 1116 5089 νόμου
1144 5020 1187 5089 ᾼ
1217 5036 1231 5073 :
1257 5018 1425 5086 νόμου
1456 5018 1571 5089 τοῖς
1592 5019 1760 5071 πᾶσιν
1790 5036 1851 5081 ς.
1931 5020 1976 5051 ⁸⁵
2006 5020 2277 5074 δεικνύειν
2306 5018 2517 5088 ’ῦπαρξ

2520 5032 2574 5070 ιν
2616 5008 2704 5078 ς.’
2780 5012 2826 5043 ⁸⁸
2858 5008 3169 5078 καινολογεί
3198 5020 3262 5070 ς.

438 5077 592 5146 ἀνειν
631 5095 698 5145 Α.
762 5091 808 5123 ⁸⁸
852 5077 1089 5161 δυνατὴν
1124 5086 1268 5143 εἶναι
1304 5077 1584 5143 δεικνύναι
1618 5099 1744 5158 post
1791 5077 1909 5143 υἱοῦ
1940 5093 2093 5159 ponit
2132 5109 2195 5155 ς.
2272 5089 2317 5121 ⁶⁹
2350 5077 2573 5159 ἠκμασε
2600 5077 2660 5140 δέ
2684 5097 2797 5139 om.
2837 5084 2906 5149 A,
2944 5080 3107 5135 habet
3139 5077 3205 5133 C.

1382 5190 1395 5197 ’
1926 5198 2163 5258 NOTAE.

474 5294 589 5365 (5t)
626 5292 789 5363 Supr.
820 5295 941 5348 cod.
983 5292 1038 5347 8.

474 5360 590 5438 (52')
615 5360 741 5420 Post
775 5366 1092 5438 Origenem,
1118 5364 1290 5438 uthic
1318 5363 1523 5438 indicat
1555 5360 1808 5438 Photins,
1836 5370 1895 5417 et
1921 5377 1991 5418 ex

402 5432 893 5494 beato'Athanasio
913 5432 1277 5503 colligas,'qui
1299 5436 1586 5502 utriusque
1612 5432 1880 5487 adhibens
1910 5444 1993 5487 te-

402 5510 743 5573 stimonium,
766 5508 905 5561 liber
934 5508 986 5560 in
1011 5504 1141 5559 illud
1156 5505 1400 5574 Evang.:
1434 5504 1743 5574 Quicunque
1792 5504 1991 5558 dixerit

404 5587 619 5633 verum
646 5590 829 5631 contra
857 5575 1064 5630 Filium
1090 5573 1337 5639 hominis,
1395 5584 1502 5629 etc.
1563 5573 1787 5639 Origeni
1847 5576 1992 5628 hunc

404 5651 751 5704 continenter
806 5646 1105 5717 subjungit,
1169 5656 1243 5717 et,
1278 5644 1543 5717 priscum,
1587 5642 1990 5717 admirandum,

404 5732 670 5785 perquam
706 5714 1031 5773 studiosum'
1072 5716 1329 5785 appellat,
1365 5715 1547 5770 allatis
1580 5714 1791 5769 duobus
1834 5730 1901 5768 ex
1924 5731 1991 5770 eo

407 5788 745 5854 fragmentis.
784 5787 925 5841 Alibi
956 5788 1119 5841 etiam
1147 5787 1410 5841 disertum
1438 5785 1862 5851 virnm,qttando
1885 5785 2001 5854 ejus

410 5857 612 5915 librum
662 5873 702 5913 ιι
751 5858 1174 5929 llypotyposeon
1205 5858 1263 5913 in
1312 5858 1544 5913 Arianos
1571 5858 1819 5912 advocat.
1875 5858 1983 5913 Ita-

2101 5310 2209 5382 ειη
2264 5310 2371 5376 ποτ)
2415 5291 2666 5382 ιβείηιίέθ
2700 5280 3687 5382 νεειῖοῙιθΡϊὶίΞιέἓςίεξξζῗ.¹ίξξτὶῗλὲ¹¹ᾞέ

2100 5355 2411 5448 thematis.
2428 5367 2555 5448 ειεξιη
2579 5360 3025 5448 ιιγιφιιρεξὶιιῑε
3049 5355 3563 5448 ἐσέθίέὶεθξέξιξιὲξ
3608 5358 3692 5448 $3?

2099 5436 2158 5490 in
2192 5435 2445 5506 Origeuis
2471 5425 2732 5503 Apologia
2759 5425 3024 5490 R'ullinns,
3051 5436 3111 5480 ut
3162 5426 3234 5479 ab
3293 5425 3565 5479 haereticis
3608 5425 3690 5473 in-

2102 5508 2375 5589 terpolati,
2387 5504 2761 5589 ιοριιιοιιιῇιιιιιὶ
2775 5587 2787 5589 Α
2799 5494 3692 5589 [ιιεικξιιέὶᾓιοῃρὲηἶ

2098 5570 2317 5632 teritam
2350 5578 2419 5631 ab
2448 5574 2684 5647 Eusebio
2712 5570 2941 5647 maximi
2969 5570 3127 5647 hujus
3150 5570 3293 5647 _viri_
3337 5570 3689 5647 mentionem,

2101 5631 2260 5703 docet
2297 5648 2543 5701 illustris.
2582 5643 2783 5697 Baron.
2822 5654 2862 5696 t.
2899 5640 2941 5693 ll
2985 5631 3185 5712 Annal.
3222 5635 3293 5689 ad
3317 5650 3447 5712 ann.

2151 5701 2309 5789 (55)
2353 5718 2431 5771 De
2480 5716 2692 5771 Joanne
2731 5710 3110 5785 Scythopoiita
3162 5722 3287 5777 sup.
3312 5708 3437 5762 cod.
3468 5703 3562 5760 95.
3618 5701 3695 5755 De

2112 5788 2319 5844 Basilio
2345 5789 2446 5844 cod
2480 5786 2548 5842 96
2579 5794 2634 5844 et
2654 5783 2746 5839 42.

2160 5802 2319 5847 aSlllO
2345 5802 2446 5845 οοα
2480 5802 2548 5842 Ub
2579 5802 2746 5844 €142.
