4062 6478
354 359 471 423 377

1446 364 1987 428 BIBLIOTHECA.
2030 392 2100 404 --
2130 370 2297 431 COD.
2340 369 2518 432 CVII.

3556 374 3664 439 378

350 479 450 530 καὶ
476 474 766 547 δικολόγον
790 475 942 547 λέγει
968 478 1064 533 καὶ
1094 478 1265 551 μυρία
1295 478 1434 534 ἄλλα
1463 481 1631 536 αὑτοῦ
1668 485 1949 558 καταγρά-

2065 496 2107 542 at
2138 486 2242 541 alia
2290 497 2549 543 sexcenta
2576 487 2870 558 impingit:
2900 498 2977 552 ut,
3016 487 3068 542 in
3095 487 3459 557 suspicionem
3494 491 3666 548 Mani-

346 587 470 637 φει.
504 571 592 623 ὅτι
619 586 683 623 τε
712 571 775 624 ἐν
791 571 1023 642 ὑπονοίᾳ
1052 573 1279 641 γέγονεν
1303 574 1712 645 Μανιχαῖσμοῢ,
1743 578 1837 630 καὶ
1862 579 1945 631 ὅτι

343 664 448 735 τὴν
478 664 646 733 ἁγίαν
677 663 1143 736 Τεσσαρακοστὴν
1179 666 1259 729 είς
1298 669 1451 737 τρεῖς
1484 667 1789 737 ἑϐδομάδας
1814 685 1948 737 συγ-

342 757 551 810 κλείων
576 756 704 810 οὐδὲ
727 756 791 809 ἐν
818 757 1052 821 ταύταις
1080 758 1180 828 τῆς
1213 759 1279 811 ὲκ
1299 759 1346 790 ⁷ο
1369 758 1485 813 τῶν
1536 758 1761 830 πτηνῶν
1789 777 1950 832 κρεο-

343 850 555 919 φαγιας
583 848 852 920 ἀπείχετο
870 890 886 914 ,
931 852 1027 903 καὶ
1054 850 1130 913 ὡς
1171 850 1515 922 Ἑλληνικαῖς
1546 851 1791 916 τελεταῖς
1820 869 1947 905 συν-

340 945 524 1014 ήγετο
549 984 565 1008 ,
610 945 705 997 καὶ
728 942 814 995 ὃτι
850 941 928 1005 ὡς
950 941 1154 996 ἐπίπαν
1177 942 1282 995 ὑπὸ
1314 943 1759 1013 γαστριμαργίας
1789 942 1951 996 ἐλαυ-

350 1037 601 1107 νόμενος
628 1035 878 1090 οὐδέποτε
912 1034 1190 1089 ἐκοινώνει
1221 1035 1322 1105 τῆς
1364 1035 1679 1107 ἱερουργίας
1709 1036 1950 1089 τελειου-

361 1130 548 1200 μένης
571 1174 585 1197 ,
631 1128 757 1183 ἀλλὰ
801 1127 945 1197 μετὰ
991 1128 1053 1181 τδ
1096 1128 1432 1196 Εὑαγγέλιον
1466 1130 1656 1181 παισὶν
1686 1129 1805 1199 ἅμα
1840 1129 1951 1181 τῶν

368 1219 687 1288 μυστηρίων
714 1217 1133 1288 μετελάμϐανε,
1182 1219 1279 1270 καὶ
1321 1217 1639 1288 παραυτίκα
1675 1217 1813 1287 πρὸς
1850 1218 1950 1286 τὴν

364 1312 646 1382 τράπεζαν
686 1311 981 1382 άπέτρεχε.
1015 1310 1200 1364 Ταῦτα
1226 1310 1371 1364 κατὰ
1410 1311 1506 1364 τοῦ
1536 1310 1732 1381 ἀνδρὸς
1763 1309 1953 1380 σχεδόν

361 1421 416 1457 τι
440 1404 513 1455 δι’
536 1404 665 1471 ὅλης
695 1401 867 1456 αὐτοῦ
892 1402 994 1473 τῆς
1021 1401 1203 1474 βίϐλου
1225 1404 1613 1475 κατασπείρων
1641 1400 1955 1471 ὲνασελγαί-
1980 1476 1984 1481 ⁴

355 1515 459 1551 νει.
497 1496 571 1549 Τό
594 1496 654 1550 δὲ
678 1496 1023 1567 σύγγραμμα
1044 1496 1385 1567 δραματικὸν
1412 1497 1704 1551 ποιεῖταιτί
1727 1512 1741 1526 ο
1777 1512 1952 1567 προσ-

352 1586 530 1651 φωνεῖ
554 1578 612 1637 δὲ
648 1585 787 1637 αὐτὸ
829 1586 966 1655 πρός
1002 1602 1126 1640 τινα
1154 1586 1409 1640 Λεόντιον
1439 1586 1833 1658 αἰτησάμενον.
1870 1585 1952 1638 Τὰ

346 1674 406 1728 δὲ
451 1674 549 1727 τοῦ
594 1675 880 1745 δράματος
922 1676 1134 1746 εἰσάγει
1179 1678 1450 1747 πρόσωπα
1494 1678 1821 1747 Λαμπάδισν
1853 1677 1953 1743 μὲν

348 1767 793 1839 ὑπερμαχοῦντα
836 1768 1001 1822 αὐτοῦ
1021 1799 1039 1834 ,-
1093 1770 1338 1842 Μαρῖνον
1372 1769 1430 1822 δέ
1464 1783 1586 1823 τινα
1615 1762 1755 1833 ὡςἠ
1789 1766 1952 1841 δῆθεν

2051 577 2214 631 cltaeae
2249 590 2413 632 sectae
2442 578 2698 635 venisse:
2735 594 2952 633 sacrum
2979 578 3419 650 Quadragesitna:
3452 591 3666 651 tempus

2050 669 2117 721 ad
2146 679 2255 721 tres
2299 670 2512 723 tantum
2565 670 2937 725 hebdomadas
2986 686 3315 739 revocasse,
3360 673 3666 746 iisdemque

2052 772 2151 812 nec
2177 757 2245 811 ab
2267 759 2445 812 avimn
2466 760 2722 814 carnibus
2751 760 3120 817 abstinuisse:
3147 763 3215 816 ad
3242 765 3483 833 gentium
3509 781 3664 819 sacra

2051 850 2350 906 accessisse
2403 868 2419 906 :
2466 862 2523 905 nt
2606 852 2900 921 plurimum
2950 864 3211 923 praeterea
3276 857 3419 927 87b
3486 860 3664 912 ventri

2053 943 2173 1013 plus
2211 944 2349 999 satis
2378 944 2647 1007 deditum,
2681 963 2786 1000 non
2817 948 3064 1002 absoluto
3084 947 3195 1016 jam
3232 966 3393 1006 sacro
3415 966 3663 1005 commu-

2054 1035 2289 1099 nicasse,
2321 1036 2414 1090 sed
2440 1047 2565 1104 post
2609 1038 2963 1105 Erangelium
3001 1056 3105 1093 una
3132 1056 3255 1096 cum
3292 1043 3477 1111 pueris
3513 1057 3661 1113 mys-

2052 1128 2217 1181 steria
2244 1132 2545 1196 sumpsisse
2567 1169 2583 1192 ,
2614 1131 2911 1199 statimque
2946 1131 3012 1185 ad
3065 1148 3311 1187 mensam
3355 1134 3663 1189 advolasse.

2052 1218 2206 1273 Talia
2238 1218 2352 1274 fere
2382 1229 2495 1275 toto
2527 1220 2668 1275 libro
2717 1238 2909 1290 sparsa
2952 1237 3015 1278 ac
3064 1224 3417 1280 disseminata
3440 1269 3454 1293 ,
3500 1236 3662 1297 petu-

2053 1312 2227 1367 lanter
2258 1312 2311 1366 in
2343 1312 2518 1366 virum
2558 1312 2708 1368 illum
2746 1316 2937 1384 jactat.
2975 1315 3124 1384 Opus
3160 1317 3337 1387 ipsum
3394 1319 3662 1373 dramati-

2053 1420 2176 1460 cum
2201 1414 2327 1473 est,
2359 1404 2587 1460 Leontio
2614 1408 2831 1461 cuidam
2863 1409 2915 1463 id
2947 1408 3268 1479 efﬂagitanti
3304 1411 3653 1481 inscriptum.

2053 1496 2325 1552 Personas
2361 1494 2517 1568 lingit
2551 1498 2641 1554 hic
2676 1498 3031 1569 Lampadium
3077 1504 3368 1570 quemdam
3392 1545 3407 1569 ,
3440 1503 3531 1573 qui
3566 1520 3664 1574 pro

2052 1587 2255 1642 Basilio
2303 1597 2515 1652 certet,
2558 1604 2684 1643 cum
2744 1588 2989 1658 Marino,
3047 1591 3139 1661 qui
3192 1590 3419 1646 Joannis
3479 1605 3666 1663 partes

2055 1681 2284 1735 tuendas
2305 1681 2627 1750 susceperit.
2648 1679 2802 1737 Hunc
2833 1694 2953 1753 post
2982 1683 3398 1739 dissertationes
3423 1685 3659 1755 aliquot.

2053 1770 2310 1824 damnato
2356 1785 2455 1837 eo,
2518 1787 2681 1841 quem
2730 1772 3131 1830 defendendum
3189 1784 3543 1846 susceperat,
3596 1778 3662 1832 ad

346 1862 498 1932 ὑπὲρ
525 1861 625 1914 τοῦ
662 1862 911 1916 Ἰωάννου
942 1852 1347 1933 ἀγωνιζόμενον
1366 1901 1381 1925 ,
1407 1862 1467 1925 ὃς
1496 1863 1594 1915 καὶ
1627 1861 1765 1933 μετά
1796 1880 1949 1927 τινας

2065 1863 2413 1931 Lampadium
2440 1879 2565 1918 sese
2592 1866 2988 1936 adjungentem
3025 1868 3276 1935 inducit,
3302 1884 3365 1923 ac
3394 1879 3516 1938 post
3538 1884 3661 1924 eum

343 1948 627 2013 διαλέξεις
656 1950 941 2019 εἰσάγεται
966 1950 1119 2021 αὐτῷ
1147 1951 1583 2021 καταγινώσκων
1616 1953 1715 2021 μὲν
1746 1948 1808 2007 οὗ
1841 1953 1956 2005 ἐδό-

350 2057 446 2093 κει
478 2040 789 2111 προσώπου
809 2039 1282 2114 ὑπερασπίζεσθαι
1304 2083 1321 2110 ,
1370 2039 1678 2116 Λαμπαδίῳ
1699 2045 1757 2098 δὲ
1780 2060 1955 2116 προσ-

348 2132 683 2202 τιθέμενος·
718 2132 839 2203 μεθ’
870 2134 930 2188 ὃν
962 2134 1237 2205 Ταράσιόν
1270 2152 1392 2189 τινα
1411 2136 1506 2189 τὸν
1534 2136 1724 2205 ἀγῶνα
1755 2132 1951 2190 ὕπεισ-

352 2222 543 2276 ελθείν
574 2225 933 2296 ὑποκρίνεται
960 2265 977 2290 ,
1023 2228 1213 2281 ἐκεῖνα
1236 2226 1301 2299 δὴ
1347 2224 1578 2291 τούτους
1615 2229 1711 2282 καὶ
1743 2228 1957 2300 ἐρωτᾷν

354 2317 876 2387 κατασχηματίζων
908 2320 1006 2372 καὶ
1032 2320 1427 2392 ἀποκρίνεσθαι
1446 2359 1463 2385 ,
1489 2320 1527 2376 ἃ
1550 2321 1821 2375 συνοίσειν
1856 2323 1958 2391 μὲν

357 2407 586 2477 ἑαυτῷ,
618 2408 814 2479 μῶμον
858 2410 917 2464 δὲ
945 2412 1041 2465 καὶ
1084 2413 1325 2483 ἀπορίαν
1372 2413 1452 2485 τῷ
1501 2415 1959 2486 συνηγορουμὲνῳ

354 2499 524 2568 δῆθεν
568 2501 717 2571 ἑώρα
756 2504 1262 2570 κατασκευάζοντα.
1325 2505 1651 2571 Ἓξκαίδεκα
1687 2506 1745 2561 δὲ
1776 2506 1958 2576 λόγοις

356 2592 422 2644 τὸ
453 2593 806 2666 σύγγραμμα
855 2596 1096 2669 διαιρεῖ,
1134 2599 1229 2653 καὶ
1276 2602 1336 2653 ὲν
1377 2600 1478 2671 μὲν
1509 2602 1622 2663 τοῖς
1666 2603 1818 2671 τρισὶ
1864 2603 1961 2654 καὶ

358 2686 497 2740 δέκα
521 2688 617 2742 τὸν
658 2688 970 2759 διαλογικὸν
1003 2689 1217 2757 εἰσάγει
1251 2688 1424 2743 τύπον
1445 2729 1460 2754 ,
1496 2691 1640 2744 κατὰ
1669 2689 1766 2743 τοῦ
1803 2689 1957 2762 πρώ-

357 2795 456 2834 του
488 2781 655 2850 μόνου
677 2781 788 2835 τῶν
826 2781 1077 2835 Ἰωάννου
1100 2781 1275 2849 λόγων
1301 2781 1570 2853 τοσαύτην
1600 2782 1839 2851 σπουδὴν
1860 2782 1955 2835 καὶ

2056 1956 2262 2010 victum
2294 1955 2579 2010 Tarasium
2604 1959 2897 2026 quemdam
2936 1960 3133 2016 iterum
3172 1975 3450 2020 certamen
3480 1965 3665 2019 redin-

2056 2056 2381 2119 tegrantem.
2415 2048 2515 2103 Ubi
2551 2049 2638 2104 illa
2666 2052 2765 2106 hos
2787 2061 2841 2106 et
2865 2052 3228 2123 interrogare,
3253 2064 3309 2110 et
3336 2058 3665 2126 respondere

2057 2140 2523 2207 comminiscitur,
2572 2156 2693 2211 qua:
2722 2158 2848 2196 cum
2877 2143 2978 2197 sibi
3014 2145 3376 2211 eomlnctura,
3409 2156 3521 2200 tum
3554 2162 3653 2215 pa-

2052 2233 2351 2287 trocinanti
2382 2235 2709 2289 adversario
2744 2236 3227 2304 reprehensionem
3291 2254 3367 2292 ac.
3392 2238 3663 2309 perplexi-

2058 2326 2227 2377 tatem
2256 2323 2498 2391 paritura
2532 2325 2872 2383 viderentur.
2906 2327 2962 2381 ln
3006 2328 3245 2383 sedecim
3280 2339 3461 2385 autem
3495 2331 3663 2385 libros

2058 2429 2197 2482 opus
2225 2414 2543 2470 universum
2594 2418 2816 2474 divisit:
2867 2434 3099 2489 quorum
3151 2423 3409 2477 tredecim
3450 2424 3664 2491 priores

2059 2502 2260 2572 dialogi
2290 2502 2462 2559 forma
2499 2514 2626 2559 sunt
2662 2500 2729 2561 ab
2758 2522 2861 2574 eo,
2894 2518 3083 2562 contra
3114 2512 3348 2579 primum
3398 2513 3663 2567 duntaxat

2060 2594 2289 2650 Joannis
2332 2596 2561 2665 librum,
2623 2606 2775 2654 tanto
2833 2615 2957 2655 cum
3017 2603 3197 2657 studio
3256 2619 3322 2659 ac
3381 2605 3661 2673 diligentia

2066 2689 2407 2758 conscripti:
2447 2691 2673 2762 reliquis
2701 2708 2831 2749 vero
2872 2696 3044 2751 tribus
3082 2712 3145 2752 ea
3183 2709 3493 2768 oppugnat,
3541 2715 3664 2769 quae

2063 2782 2116 2835 in
2143 2786 2383 2837 secundo
2416 2800 2514 2840 suo
2537 2795 2593 2840 et
2627 2787 2791 2842 tertio
2823 2786 2963 2843 libro
2992 2786 3236 2845 Joannes
3268 2802 3603 2847 asseruerat.

359 2875 532 2926 πόνον
558 2872 1053 2944 εἰσενεγκάμενος,
1077 2874 1135 2925 ἐν
1163 2872 1221 2925 δὲ
1250 2875 1364 2935 τοῖς
1388 2872 1597 2936 λοιποῖς
1618 2874 1767 2945 τρισὶ
1792 2874 2146 2945 καταδρομὴν
2183 2878 2420 2931 ποιεῖται
2455 2876 2565 2930 τῶν
2629 2880 2690 2932 ὲν
2735 2879 2813 2951 τῷ
2861 2880 3101 2955 δευτέρῳ
3151 2884 3245 2937 καὶ
3291 2886 3462 2955 τρίτῳ
3519 2886 3666 2959 λόγῳ

361 2966 648 3038 ῥηθέντων
681 2966 763 3036 τῷ
807 2965 1055 3037 Ἰωάννῃ.

448 3058 543 3113 Ἑν
577 3059 680 3129 μὲν
704 3052 800 3112 οὖν
824 3057 904 3129 τῷ
925 3057 1129 3129 πρῴτῳ
1149 3057 1293 3128 λόγῳ
1312 3056 1406 3110 τὸν
1430 3056 1699 3127 πρόλογον
1724 3057 1959 3127 ἀπαρτί-

363 3167 492 3215 σας,
530 3151 675 3205 κατὰ
697 3150 792 3204 δύο
816 3148 1134 3220 κεφαλαίων
1163 3146 1406 3211 ἵσταται,
1436 3150 1561 3202 καθ’
1596 3149 1717 3212 ἐνὸς
1740 3150 1842 3218 μὲν
1864 3148 1960 3203 τοῦ

359 3241 451 3295 ὅτι
479 3242 577 3294 δ⁷³
618 3241 791 3310 Λόγος
820 3240 995 3295 ἔπαθε
1027 3241 1199 3311 σαρκὶ⁹
1222 3282 1238 3303 ,
1267 3240 1389 3295 καθ’
1426 3241 1617 3312 ἑτέρου
1664 3240 1723 3293 δὲ
1750 3240 1847 3294 τοῦ
1877 3242 1961 3296 ὅτι

2142 3057 2330 3113 Primo
2360 3057 2526 3129 igitur
2553 3055 2701 3115 libro
2732 3069 2860 3130 post
2905 3060 3281 3131 praalationem
3322 3061 3625 3120 absolutam
3646 3108 3665 3133 ,

2070 3148 2285 3205 duobus
2314 3151 2588 3220 capitibus
2612 3152 2998 3222 oppugnandis
3026 3153 3248 3209 insistit.
3276 3152 3520 3209 Primum
3544 3157 3669 3225 qui-

2070 3241 2191 3296 dem
2216 3241 2384 3297 illud:
2411 3259 2432 3294 ε
2468 3241 2704 3297 Verbum
2750 3257 2973 3313 passum
3003 3253 3089 3299 est
3118 3245 3172 3299 in
3199 3246 3426 3302 carne‘.
3460 3265 3480 3298 ›
3512 3248 3667 3302 Alte-

357 3333 569 3387 ταυτόν
592 3334 709 3387 ἐστι
736 3333 866 3386 1:6"
890 3332 1078 3402 λέγειν
1103 3331 1340 3403 Χριστὸν
1368 3330 1445 3402 τῷ
1471 3332 1653 3401 λέγειν
1673 3332 1828 3386 Θεόν.
1872 3334 1962 3387 Ἐν

2072 3350 2188 3388 rum
2215 3350 2379 3390 vero:
2411 3334 2589 3390 «Idem
2613 3344 2699 3391 est
2740 3336 2923 3391 dicere
2954 3336 3255 3402 Christum,
3290 3349 3456 3408 atque
3486 3340 3669 3397 dicere

358 3425 422 3480 δὲ
450 3425 536 3496 τῷ
568 3425 615 3496 β’
647 3424 793 3496 λόγῳ
836 3426 923 3479 ὅτι
966 3441 1029 3478 τε
1089 3424 1269 3495 μάτην
1316 3424 1639 3495 ἐλοιδορήθη
1693 3427 1962 3495 πειρᾶται

358 3519 669 3582 δεικνύναι,
692 3518 790 3573 καλ⁵
811 3518 893 3572 ὅτι
919 3518 1002 3583 τὸ,
1041 3536 1059 3569 ι
1082 3516 1447 3588 Ἀναὸήσεται
1469 3518 1515 3549 ⁷⁵
1548 3517 1744 3590 ῥάϐδος
1773 3518 1837 3571 ἐκ
1868 3520 1969 3587 τῆς

363 3611 531 3682 ῥίζης
571 3610 797 3675 Ἰεσσαὶ,
836 3629 855 3662 ι
892 3609 1082 3673 κακῶς
1112 3610 1140 3663 6
1173 3609 1582 3680 Σκυθοπολίτης
1606 3610 1861 3680 Ἰωάννης
1886 3609 1973 3677 ἐξ·

362 3705 621 3759 ελάὸετο.
671 3704 762 3757 Ἐν
793 3703 852 3756 δὲ
891 3701 972 3771 τῷ
1007 3709 1058 3771 γ’
1088 3704 1165 3767 ὡς
1207 3702 1375 3773 δῆθεν
1422 3703 1650 3774 συζητεῖ
1690 3704 1841 3767 ὅπως
1890 3702 1973 3756 δεῖ

364 3799 516 3851 νοεῖν
538 3796 624 3850 τόο
650 3814 671 3849 ι
694 3795 811 3849 Νῦν
824 3797 872 3828 ⁷⁸
905 3794 1169 3867 ἐδοξάσθη
1193 3796 1222 3849 6
1252 3794 1380 3858 Υἱὸς
1400 3795 1496 3849 τοῦ
1526 3794 1842 3866 ἀνθρώπου,
1872 3795 1971 3849 καὶ

370 3891 403 3942 6
431 3888 565 3952 Θεὸς
600 3885 865 3957 ἐδοξάσθη
894 3888 954 3941 ὲν
981 3886 1132 3957 αὐτῷ
1151 3925 1169 3951 ,
1210 3905 1233 3939 ι
1268 3888 1367 3940 καὶ
1391 3889 1464 3940 τὰ
1494 3887 1627 3956 ἑξῆς
1650 3887 1744 3941 τοῦ
1779 3886 1969 3958 ῥητοῦ.

391 3979 485 4031 Ἐν
505 3978 557 4031 δὲ
580 3978 661 4048 τῷ
690 3977 756 4042 δ’,
775 3977 894 4042 πῶς
923 3978 1056 4031 ῑδιον
1084 3976 1304 4046 λέγεται
1324 3979 1365 4011 ⁷⁷
1387 3978 1485 4031 τοῦ
1518 3977 1656 4031 Θεοῦ
1690 3977 1751 4032 τὸ
1779 3977 1966 4046 σῶμα,

375 4071 474 4123 καὶ
502 4072 627 4139 περὶ
653 4070 935 4134 ὲνώσεως,
963 4071 1057 4123 καί
1079 4071 1209 4141 περὶ
1236 4069 1332 4125 τοῦ
1356 4088 1376 4122 ι
1406 4070 1636 4141 Ἔχρισὲ
1656 4087 1719 4123 σε
1742 4072 1771 4124 6
1798 4070 1933 4135 Θεὸς
1951 4109 1967 4136 ,

363 4164 397 4216 6
426 4162 627 4228 Θεόςτ⁸
660 4179 789 4229 σου,
822 4181 843 4214 ι
874 4164 972 4218 καὶ
998 4165 1131 4233 περὶ
1157 4162 1277 4228 τοῦ,
1313 4161 1501 4232 (Ἐγὼ
1528 4162 1743 4233 ἁγιάζω
1793 4163 1971 4232 ἐμαυ-

360 4255 464 4308 τόν
488 4272 505 4283 ·
535 4274 557 4307 ι
583 4256 643 4309 ἐν
661 4247 708 4324 ᾧ
730 4254 873 4325 λόγῳ
896 4255 994 4308 καὶ
1014 4255 1043 4307 6
1060 4255 1107 4285 ⁷⁹
1141 4255 1386 4324 Μαρίνος
1413 4257 1514 4325 τῆς
1540 4253 1618 4318 ὡς
1641 4252 1806 4325 δῆθεν
1830 4254 1971 4307 ἀπο-

364 4346 509 4409 στάς
537 4345 852 4415 ἀντιλογίας
892 4344 972 4416 τῷ
1000 4345 1310 4415 Λαμπαδίῳ
1328 4343 1376 4377 ⁸³
1409 4346 1741 4400 συντίθεται.
1786 4345 1878 4398 Ἐν
1908 4345 1968 4398 δὲ

362 4438 450 4507 τῷ
482 4435 523 4489 ε’
546 4478 564 4503 ,
593 4437 723 4490 ἔνθα
749 4438 845 4490 καὶ
891 4439 921 4490 6
949 4438 1225 4509 Ταράσιος
1254 4438 1617 4509 ἀναδέχεσθαι
1644 4437 1739 4491 τὸν
1776 4436 1967 4506 ἀγῶνα

366 4531 501 4583 ἀντί⁵
526 4530 778 4600 Μαρίνου
809 4528 1171 4601 ὑποκρίνεται
1192 4570 1209 4596 ,
1250 4530 1353 4594 τὰς
1387 4531 1531 4584 κατὰ
1575 4531 1671 4585 τοῦ
1714 4528 1975 4585 Ἰωάννου

368 4623 716 4693 κατηγορίας
755 4622 1132 4693 ἀναλαμϐάνει
1181 4625 1542 4694 πικρότερον,
1597 4624 1698 4677 καὶ
1744 4625 1774 4677 6
1807 4623 1969 4692 λόγος

2071 3425 2299 3481 Deum.»
2324 3423 2445 3480 Jam
2474 3426 2723 3481 secundo
2764 3426 2903 3482 libro
2930 3436 3137 3482 temere
3155 3443 3214 3481 se
3241 3428 3494 3483 affectum
3525 3430 3667 3499 inju-

2071 3517 2151 3572 ria
2185 3517 2476 3572 ostendere
2503 3525 2767 3571 conatur:
2796 3526 2853 3573 et
2894 3517 3060 3572 illud:
3097 3534 3116 3568 ι
3154 3517 3481 3585 Egredietur
3514 3521 3665 3590 virga

2072 3608 2140 3663 de
2168 3607 2351 3662 radice
2375 3604 2638 3661 Jessaa’.»
2668 3605 2808 3661 Male
2851 3621 2881 3660 a
2909 3606 3288 3677 Scythopolita
3331 3605 3540 3660 Joanne
3575 3609 3661 3660 iu-

2074 3700 2346 3755 tellectum
2385 3713 2527 3754 esse.
2565 3698 2753 3754 Tertio
2780 3699 2980 3754 deinde
3014 3700 3173 3767 libro,
3222 3701 3291 3756 de
3338 3700 3429 3754 illo
3456 3700 3669 3756 scilicet

2071 3793 2267 3865 quaerit
2296 3794 2437 3854 loco,
2466 3794 2740 3861 quomodo
2770 3792 3200 3864 intelligendus:
3244 3812 3262 3845 ‹
3295 3791 3452 3847 Nunc
3496 3793 3666 3847 clari-

2072 3886 2271 3941 ﬁcatus
2290 3894 2374 3939 est
2403 3882 2576 3939 Filius
2613 3885 2873 3950 hominis,
2892 3895 2948 3939 et
2972 3883 3119 3939 Deus
3140 3885 3472 3939 clariﬁcatus
3503 3895 3587 3939 est
3611 3886 3666 3939 in

2071 3978 2164 4032 illo
2194 3977 2270 4042 ⁸,»
2308 3986 2364 4030 et
2390 3990 2512 4047 qua;
2536 3975 2609 4031 ibi
2638 3986 2963 4045 sequuntur.
2993 3975 3204 4042 Quarto
3237 3975 3398 4041 libro,
3423 3990 3664 4045 quomo-

2070 4070 2143 4126 do
2166 4071 2379 4125 dicatur
2406 4068 2691 4139 proprium
2716 4082 2839 4124 esse
2878 4067 2976 4125 Del
3023 4082 3246 4139 corpus,
3277 4076 3394 4123 tum
3446 4069 3517 4124 de
3545 4068 3671 4124 uui-

2072 4173 2205 4230 tate,
2230 4172 2286 4219 et
2311 4164 2379 4219 de
2407 4162 2528 4217 illo:
2562 4181 2581 4214 ι
2616 4159 2788 4217 Duxit
2833 4171 2888 4217 te
2922 4161 3066 4217 Deus
3097 4161 3294 4230 tuus‘;
3331 4172 3387 4217 et
3416 4161 3487 4218 de
3518 4162 3614 4215 illo
3649 4180 3665 4218 :

2076 4272 2095 4306 ‹
2138 4253 2252 4323 Ego
2280 4252 2568 4309 sanctiﬁco
2601 4251 2932 4321 tneipsutn'.
2966 4271 2985 4303 ι
3020 4252 3139 4319 Quo
3173 4251 3227 4307 iu
3258 4252 3398 4308 libro
3426 4250 3671 4305 Marinus

2071 4347 2480 4403 contradicendi
2514 4352 2699 4414 partes
2724 4345 3037 4412 relinquens
3068 4344 3299 4408 scilicet,
3355 4360 3479 4399 cum
3508 4342 3669 4397 Lam-

2071 4440 2232 4511 padio
2261 4440 2559 4495 consentit.
2588 4436 2791 4505 Quinto
2819 4452 2951 4493 vero
3000 4437 3163 4503 libro,
3190 4437 3283 4492 ubi
3318 4446 3373 4492 et
3409 4435 3671 4491 Tarasius

2070 4542 2351 4589 certamen
2380 4530 2572 4586 ‘subire
2609 4528 2807 4585 Marini
2838 4530 2959 4585 loco
2989 4528 3250 4598 ﬁngitur,
3284 4528 3669 4583 accusationes

2070 4623 2301 4681 Joannis
2341 4624 2594 4680 acerbius
2656 4624 2913 4693 suscipit,
2945 4633 3203 4691 totusque
3234 4623 3372 4677 adeo
3424 4623 3562 4677 liber
3612 4621 3669 4675 in

368 4713 528 4782 αὐτῷ
581 4714 769 4783 σχεδόν
798 4730 855 4767 τι
886 4716 947 4767 ὲν
970 4713 1201 4778 ταύταις
1240 4715 1724 4771 καταναλίσκεται.
1786 4716 1876 4770 Ἐν
1908 4716 1962 4769 δὲ

2074 4716 2143 4772 iis
2184 4717 2300 4771 fere
2334 4716 2703 4771 consumitur.
2732 4714 2905 4770 Sexto
2933 4724 3047 4769 tum
3079 4714 3221 4769 libro
3278 4715 3664 4770 vehementius

368 4804 455 4873 τῷ
482 4811 536 4869 ς’
566 4805 896 4877 δριμύτερόν
923 4816 1043 4870 πως
1074 4807 1403 4878 κατατρέχει
1425 4808 1527 4875 τῆς
1555 4806 1703 4861 κατὰ
1725 4808 1968 4879 Χριστὸν

370 4897 471 4951 τὸν
503 4897 731 4971 Σωτῆρα
761 4899 921 4971 ἡμῶν
955 4900 1235 4964 ἐνώσεως·
1270 4901 1367 4954 καὶ
1396 4902 1528 4973 περὶ
1550 4901 1670 4967 τοῦ,
1707 4901 1973 4973 «Ἔχρισέ

372 5006 439 5042 σε
475 4991 506 5042 6
532 4990 665 5054 Θεδς
691 5031 705 5056 ,
750 4994 779 5045 6
806 4990 937 5056 Θεός
973 5009 1105 5057 σου,
1146 5011 1167 5045 ι
1216 4994 1313 5046 καὶ
1358 4993 1511 5056 ὅπως
1549 4994 1585 5064 ἡ
1638 4992 1760 5047 κατ’
1807 4994 1978 5047 αὐτὸν

384 5078 688 5155 Ἐκκλησία
701 5086 829 5155 περὶ
849 5085 967 5151 τοῦ,
994 5104 1013 5136 ι
1039 5085 1352 5157 ἐσαρκώθη,
1385 5106 1404 5139 ι
1437 5086 1671 5152 δοξάζει.
1705 5086 1794 5140 Ἐν
1821 5086 1879 5140 δὲ
1893 5086 1973 5156 τῷ

370 5174 424 5246 η’
451 5177 580 5248 περὶ
603 5178 723 5230 τοῦ·
754 5198 774 5231 ι
796 5178 856 5233 '0
888 5179 1061 5249 Λόγος
1079 5180 1123 5212 ⁸⁸
1160 5179 1300 5251 σὰρξ
1339 5180 1609 5249 trivere,»
1637 5181 1717 5243 είς
1738 5179 1973 5244 ἀτοπίας

443 5357 466 5391 ¹
509 5357 732 5432 _l_Petr.
777 5376 855 5427 tv,
903 5362 955 5416 1.
1028 5364 1184 5422 ’Isa.
1233 5378 1271 5419 tt
1301 5401 1319 5429 ,
1365 5363 1418 5417 1.
1498 5361 1705 5421 ’Joan.
1745 5380 1861 5432 xu,
1913 5364 2005 5420 51.

372 5439 425 5490 ι,
500 5428 591 5483 14.

2074 4807 2242 4863 etiam
2314 4805 2587 4861 invehitur
2655 4807 2711 4861 in
2762 4807 3019 4861 unionem
3064 4805 3272 4862 Christi
3362 4805 3673 4861 Servatoris

2075 4900 2268 4956 nostri.
2323 4899 2475 4971 88a
2521 4897 2599 4953 De
2654 4898 2749 4953 illo
2801 4914 3020 4970 quoque
3091 4900 3336 4969 disputat
3380 4917 3396 4956 :
3434 4917 3454 4951 ι
3506 4897 3676 4953 Unxit

2074 5002 2128 5049 te
2174 4991 2338 5056 Deus,
2384 4990 2529 5045 Deus
2573 5000 2742 5059 tuus;
2774 5010 2792 5044 ›
2845 4990 3118 5062 docetque
3176 4990 3308 5060 quid
3349 4990 3520 5059 ipsius
3567 4988 3673 5043 Ec-

2073 5080 2236 5135 clesia
2279 5087 2501 5134 censeat
2527 5080 2593 5134 de
2633 5079 2726 5135 illo
2761 5097 2775 5135 :
2813 5097 2833 5131 ι
2869 5078 3013 5135 Caro
3036 5080 3241 5136 factum
3269 5080 3417 5143 est“.
3450 5099 3469 5131 ι
3506 5077 3673 5133 Libro

2072 5185 2268 5231 octavo
2287 5174 2341 5229 in
2376 5174 2560 5228 varias
2577 5173 2949 5230 absurditates
2979 5174 3311 5245 praecipitat,
3329 5173 3459 5227 dum
3490 5172 3557 5225 de
3578 5171 3674 5225 illo

2117 5358 2317 5416 ‘Psal.
2377 5372 2607 5423 xxxnv,
2634 5358 2689 5414 8.
2758 5354 2972 5413 l‘Joan.
3033 5373 3188 5427 xvu,
3243 5356 3333 5411 l9.
3435 5357 3652 5411 ‘Joan.

1668 5564 1901 5621 VARUE
1932 5563 2346 5624 LECTIONES.

467 5681 514 5715 "
542 5683 868 5762 _éx__3_lm.‘A.
946 5686 989 5717 τί
1013 5686 1196 5762 δραμ.
1227 5687 1326 5762 ήδη
1358 5688 1598 5762 ποιεῖται1
1623 5706 1685 5762 ς.
1774 5690 1819 5721 ⁷²
1842 5688 1921 5753 ὡς
1949 5690 1995 5762 Λ
2017 5708 2033 5745 :
2060 5690 2242 5762 φήσας
2261 5690 2350 5762 γὼς
2383 5708 2445 5755 ς.

372 5768 490 5828 out.
520 5754 647 5828 5."?
668 5755 1029 5828 ἀναϐήσεται]
1056 5754 1147 5812 les
1168 5754 1260 5825 Χιί
1279 5754 1334 5813 1ζ

2548 5690 2597 5722 ⁷³
2619 5691 2648 5744 6
2674 5690 2802 5746 add.
2830 5690 2901 5745 Α.
2926 5690 3038 5745 vid.
3066 5689 3088 5745 l
3112 5688 3260 5744 Petr.
3296 5702 3374 5751 tv,
3402 5687 3454 5741 1.
3532 5686 3580 5720 ⁷⁵
3603 5688 3664 5741 τδ

1412 5758 1456 5832 ’ίθ
1480 5758 1598 5832 νῦν]
1630 5757 1785 5832 Joan.
1808 5775 1930 5832 χιιι,
1965 5755 2084 5814 51(
2122 5755 2178 5793 ’⁷⁷
2210 5760 2430 5829 λέγεται
2460 5755 2602 5832 εἶναι
2628 5760 2758 5814 ίδιον
2792 5776 2854 5832 ς.
2886 5831 2892 5832 γ
2930 5762 2976 5794 ⁷⁸
3005 5761 3036 5815 6
3060 5760 3195 5825 Θεὸς
3221 5758 3390 5817 semel
3418 5758 3571 5829 ponit
3596 5773 3663 5825 ς.

376 5824 494 5880 \id.
517 5824 664 5882 Psal.
695 5824 897 5897 va,78.
977 5824 1028 5861 ’θ’
1047 5829 1077 5882 ὀ
1102 5824 1313 5886 add.A.
1391 5830 1437 5861 '°
1461 5824 1775 5903 Λαμπαδίῳ
1808 5824 1935 5887 add.
1960 5846 2037 5887 rc.
2066 5832 2135 5887 A.
2211 5832 2255 5864 ει
2284 5824 2321 5886 ’ὁ
2343 5830 2542 5903 Λόγος]
2564 5830 2726 5889 Joau.
2760 5846 2800 5901 t,
2832 5830 2923 5888 Η.
