4062 6492
398 354 505 418 379

1560 358 1824 420 PHOTII
1862 356 2371 420 PATRIARCHIE
2392 361 2504 422 (ΣΡ.

3582 367 3690 430 380

397 471 546 540 agit:
580 467 856 525 «Verbum
887 485 1017 526 caro
1043 470 1246 526 factum
1277 473 1456 537 est',»
1488 473 1731 544 itemque
1757 478 1822 530 de
1854 475 1946 528 illo
1973 493 1985 528 :

2111 475 2297 538 πολλὰς
2347 475 2827 545 ὲκτραχηλίζεται,
2881 474 3146 548 καὶπερὶ
3190 472 3310 529 τοῦο
3367 493 3389 528 ι
3426 475 3619 540 Οὐδεὶς
3643 480 3688 509 ⁸·

403 577 423 610 «
467 558 635 614 Nemo
671 561 913 616 ascendit
945 563 998 615 in
1030 563 1253 627 ccelum,
1305 565 1410 619 nisi
1443 566 1534 634 qui
1591 566 1658 618 de
1710 568 1849 621 ctelo
1895 569 1991 620 «le-

399 652 629 717 scendit,
669 652 840 707 Filius
862 655 1120 722 hominis,
1148 656 1236 725 qui
1270 667 1356 712 est
1377 659 1430 712 in
1462 657 1658 714 coelo“.
1694 678 1713 710 ι
1741 658 1897 714 Nono
1928 663 1994 714 li-

401 744 502 798 bro
535 745 600 798 de
632 746 721 799 illo
751 747 861 816 agit
887 764 902 800 :
926 764 945 797 «
992 747 1150 802 Petra
1187 760 1367 803 autent
1393 761 1512 805 erat
1535 752 1787 808 Christus
1810 754 1908 820 ⁸·;ι
1944 765 1997 809 et

405 839 472 892 «le
501 838 592 893 illo
625 858 638 894 :
673 840 844 896 «Ecce
874 843 979 895 vita
1008 853 1184 896 vestra
1216 859 1479 913 suspensa
1510 846 1666 900 estin
1704 847 1878 902 oculis
1903 864 1995 901 ve-

406 933 537 987 suis
556 934 630 986 ’.ι
663 931 901 989 Rursum
927 937 993 991 de
1024 936 1117 991 illo
1147 955 1161 992 :
1201 937 1394 992 «Porta
1417 939 1532 995 hzec
1559 941 1747 995 clausa
1773 943 1989 1007 erit‘°;i

408 1038 528 1092 qua:
561 1023 742 1078 omnia
780 1026 944 1095 impie
972 1027 1384 1096 interpretatur.
1433 1029 1652 1085 Decimo
1683 1046 1814 1086 vero
1859 1033 1996 1087 lihro

411 1119 478 1171 «le
510 1116 600 1172 illo
632 1135 645 1171 :
692 1136 710 1169 «
752 1117 920 1173 Vobis
951 1121 1177 1174 verbum
1227 1123 1420 1177 salutis
1461 1126 1686 1177 missum
1747 1135 1832 1180 est
1867 1127 1945 1193 “;
1973 1147 1991 1179 ι

413 1211 587 1280 deque
626 1225 691 1264 eo
718 1229 732 1266 :
760 1213 893 1279 «Qui
919 1212 1056 1268 Filio
1087 1230 1185 1269 suo
1219 1231 1324 1269 non
1359 1217 1600 1286 pepercit
1623 1219 1722 1272 ι’.»
1757 1219 1820 1272 Ει
1851 1239 1864 1275 :
1892 1222 1998 1275 «De

414 1301 595 1356 Verbo
650 1304 793 1368 vitm,
869 1304 1013 1373 quod
1087 1321 1279 1361 manus
1351 1318 1545 1363 vestrae
1621 1320 1998 1366 contrectave-

413 1403 541 1449 runt
570 1395 634 1448 ¹³.
669 1415 687 1448 ι
723 1397 922 1451 lterum
952 1398 1018 1451 de
1059 1397 1150 1452 illo
1184 1416 1198 1452 :
1233 1417 1252 1450 «
1303 1399 1392 1454 Sic
1437 1402 1578 1455 Deus
1619 1404 1808 1458 dilexit
1842 1421 2002 1460 mun-

415 1488 574 1554 dum,
610 1498 670 1542 ut
701 1487 895 1543 Filium
933 1506 1090 1544 suum
1114 1491 1448 1560 unigenitum
1481 1496 1638 1550 daret
1665 1496 1729 1562 ιδ,
1762 1517 1782 1550 ι
1811 1506 1864 1552 et
1880 1514 2002 1569 quae

416 1591 740 1648 sequuntur.
778 1581 835 1636 ln
865 1583 1154 1639 undecimo
1188 1585 1328 1639 libro
1369 1588 1434 1640 de
1480 1588 1568 1640 illo
1600 1599 1800 1644 tractat
1832 1591 1950 1647 loco
1981 1611 1996 1648 :

422 1689 442 1724 «
479 1673 579 1727 Hic
624 1673 768 1728 Deus
815 1685 1004 1730 noster
1042 1693 1055 1730 :
1090 1692 1199 1731 non
1253 1679 1597 1747 reputabitur
1632 1681 1770 1736 alius
1817 1698 2002 1738 coram

2099 566 2440 636 ἀναϐέϐηκεν
2475 571 2558 630 εἰς
2576 567 2666 620 τὸν
2688 566 2936 636 οὐρανὸν,
2971 567 3019 619 εί
3054 566 3130 637 μὴ
3155 569 3183 621 6
3209 568 3273 621 ὲκ
3303 567 3400 620 τοῦ
3425 566 3448 639 [
3469 569 3572 622 155
3596 567 3690 639 H.]

2096 654 2330 725 ούρανοῦ
2369 656 2656 721 καταϐάς,
2691 657 2721 709 6
2769 656 2899 719 Υίὺς
2941 655 3037 708 τοῦ
3095 656 3385 728 ἀνθρώπου
3407 697 3423 722 ,
3460 660 3488 710 6
3525 657 3602 709 ὣν
3632 659 3692 710 ὲν

2096 749 2173 819 τῷ
2200 748 2437 821 οὐρανῷ.
2468 767 2486 801 ι
2527 748 2672 821 [284
2702 748 2810 822 IL]
2855 749 2942 802 Ἐν
2967 748 3026 802 δὲ
3057 747 3135 820 τῷ
3171 749 3215 802 θ’
3251 752 3383 822 περὶ
3399 749 3516 804 τοῦ·
3557 769 3575 800 «
3624 750 3690 802 'H

2096 840 2154 894 δὲ
2182 840 2228 872 ⁸³
2267 842 2443 911 πέτρα
2481 835 2551 910 ἦν
2579 843 2607 893 6
2653 839 2910 909 Χριστὸς,
2951 859 2969 892 ι
3003 842 3100 894 καὶ
3142 841 3271 912 περὶ
3310 841 3428 908 τοῦ,
3476 861 3494 894 ι
3519 841 3690 911 Ὀψε-

2100 935 2225 989 σθαι
2254 935 2299 966 ’⁵⁸
2324 935 2421 1005 τὴν
2455 934 2601 1005 ζωὴν
2635 935 2791 1003 ὑμῶν
2825 935 3188 1007 κρεμαμένην
3239 936 3346 1005 πρὸ
3390 935 3690 1004 ὀφθαλμῶν

2100 1028 2290 1098 ὑμῶν.
2338 1048 2357 1082 ι
2395 1027 2650 1097 καὶπερὶ
2679 1026 2797 1091 τοῦ,
2849 1046 2867 1078 ι
2912 1028 2978 1079 'H
3025 1027 3172 1097 πύλη
3189 1028 3235 1060 ⁸⁸
3277 1027 3418 1098 αὕτη
3466 1028 3691 1082 κεκλει-

2104 1122 2279 1191 σμένη
2310 1121 2517 1184 ἔσται.»
2550 1119 2730 1174 πάντα
2759 1119 2935 1173 ταῦτα
2956 1119 3234 1182 δυσσεϐῶς
3262 1119 3688 1190 ὲκλαμϐάνεται.

2113 1215 2203 1268 Ἐν
2227 1215 2284 1268 δὲ
2310 1213 2390 1284 τῷ
2415 1220 2446 1266 ι’
2464 1214 2593 1282 περί
2609 1212 2728 1278 τοῦ,
2758 1231 2776 1263 ι
2801 1211 2961 1281 Ὑμῖν
2979 1212 3026 1242 ⁸⁸
3049 1212 3079 1264 ό
3104 1211 3262 1280 λόγος
3284 1212 3384 1282 τῆς
3415 1211 3695 1280 σωτηρίας

2100 1307 2420 1376 ἀπεστάλη·
2467 1325 2486 1358 ι
2518 1306 2615 1358 καὶ
2665 1305 2798 1375 περὶ
2835 1303 2953 1370 τοῦ,
2997 1306 3128 1368 (Ὃς
3158 1303 3252 1357 τοῦ
3279 1305 3325 1336 ⁸⁷
3370 1303 3500 1358 ἰδίου
3561 1301 3694 1356 Υίοῦ

2101 1400 2203 1452 οὐκ
2234 1399 2546 1466 ὲφείσατο,›
2584 1396 2709 1461 καὶ,
2741 1397 2823 1449 ὃτι
2845 1396 2891 1428 ⁸⁸
2932 1416 2950 1448 «
2984 1397 3051 1448 Ai.
3083 1397 3264 1466 χεῖρες
3290 1395 3337 1428 ⁸⁸
3367 1395 3523 1466 ὑμῶν
3556 1397 3695 1467 ἐψη-

2101 1490 2382 1560 λάφησαν,
2420 1489 2549 1560 περὶ
2580 1489 2676 1542 τοῦ
2709 1489 2886 1556 Λόγου
2924 1487 3021 1558 τῆς
3054 1486 3200 1557 ζωῆς
3221 1487 3288 1517 ⁸⁹⁶
3316 1523 3331 1546 ,
3371 1503 3389 1537 ι
3423 1486 3517 1538 καὶ
3568 1487 3697 1555 περὶ

2102 1586 2220 1651 τοῦ,
2247 1584 2464 1650 «Οὕτως
2477 1587 2522 1617 ⁸ο
2541 1585 2831 1656 ἠγάπησεν
2849 1585 2878 1637 6
2897 1583 3030 1646 Θεὸς
3052 1583 3146 1636 τὸν
3173 1582 3401 1652 κόσμον,
3436 1581 3579 1636 ὥστε
3603 1581 3697 1634 τὸν

2104 1680 2236 1734 Υἱὸν
2259 1677 2422 1733 αὑτοῦ
2461 1678 2552 1732 τὸν
2583 1677 2849 1747 μονογενῆ
2877 1717 2894 1744 ,
2936 1695 2956 1729 ι
3001 1676 3098 1731 καὶ
3125 1676 3254 1746 ἑξῆς
3276 1677 3346 1729 ’⁸.
3389 1675 3482 1729 Ἐν
3509 1675 3568 1728 δὲ
3616 1674 3696 1745 τῷ

415 1764 558 1835 ipso.
593 1765 795 1823 Deinde
829 1767 881 1822 in
921 1776 1065 1823 terra
1099 1771 1248 1824 visus
1275 1781 1393 1834 est,
1443 1783 1498 1826 et
1527 1788 1652 1827 cum
1697 1775 2004 1832 hominibus

2111 1779 2176 1826 ια’
2206 1775 2336 1844 περὶ
2363 1771 2482 1840 τοῦ,
2519 1790 2538 1822 ι
2566 1771 2736 1836 Οὗτος
2765 1773 2794 1824 6
2833 1769 2968 1833 Θεὸς
2998 1767 3178 1840 ἡμῶν,
3213 1772 3273 1822 ού
3313 1767 3699 1838 λογισθήσεται

416 1870 771 1913 conversatus
797 1869 879 1914 est
904 1860 969 1914 ι’.
1000 1879 1018 1913 ι
1065 1861 1299 1918 Rursum
1331 1879 1495 1932 super
1523 1865 1615 1920 illo
1645 1883 1659 1920 :
1689 1885 1706 1914 «
1735 1866 2003 1938 Exsurge,

418 1949 595 2019 Deus,
661 1953 846 2022 judica
911 1963 1110 2008 terram
1145 1956 1206 2021 ⁸⁸,
1241 1975 1286 2007 ι’
1331 1957 1515 2027 Deque
1584 1959 1760 2014 altero
1838 1961 2004 2016 loco:

425 2060 444 2093 «
483 2041 752 2108 Quividet
787 2060 900 2108 me,
923 2046 1074 2101 videt
1100 2057 1156 2101 et
1185 2046 1405 2102 Patrem
1443 2049 1548 2108 ⁸⁷».
1587 2049 1723 2106 Tum
1749 2053 2008 2108 adversus

419 2149 549 2199 eos,
608 2136 700 2203 qui
756 2123 1003 2191 dicerent
1080 2154 1186 2192 non
1242 2155 1401 2208 posse
1444 2142 1722 2211 apostolos
1789 2154 2009 2213 propter

420 2228 853 2283 imbecillitatem
900 2231 1239 2284 audientium
1284 2248 1472 2287 vermn
1523 2236 1740 2292 docere.
1795 2237 2008 2291 Duode-

423 2322 568 2375 cimo
596 2320 734 2376 libro
765 2323 924 2377 docet
951 2338 1116 2377 unum
1149 2339 1180 2378 e
1215 2322 1484 2379 Trinitate
1535 2341 1774 2396 passum.
1837 2329 1906 2383 Et
1943 2329 2011 2384 de

423 2414 516 2469 illo
558 2416 685 2468 item
722 2433 736 2470 :
771 2434 788 2466 «
838 2415 894 2470 Si
923 2417 1068 2472 enim
1099 2420 1519 2488 cognovissent,
1548 2436 1654 2474 non
1688 2420 1861 2490 ipsum
1900 2423 2010 2478 Do-

425 2507 634 2561 minum
665 2507 852 2578 gloria:
896 2511 1303 2567 cruciﬁxisscnt
1335 2513 1402 2568 ³⁸.
1441 2532 1460 2566 ι
1498 2512 1598 2567 Ubi
1623 2523 1678 2569 et
1721 2517 1863 2585 quod
1901 2533 2006 2572 non

434 2598 682 2655 dicamus
718 2603 851 2656 duos
887 2601 1170 2670 Chrislos,
1215 2606 1432 2659 inlirma
1487 2607 1737 2676 malaque
1796 2609 2012 2665 ratione

427 2687 712 2744 defendit:
742 2694 808 2746 ad
856 2708 1012 2748 suam
1044 2694 1162 2764 ipse
1196 2697 1534 2752 voluntatem
1587 2699 1842 2754 nimirum
1885 2716 2013 2755 sen-

425 2795 655 2851 sumque
684 2783 1055 2840 defensionem
1085 2789 1526 2843 accommodaus.
1569 2788 1755 2843 Tertio
1800 2791 2012 2846 decimo

427 2875 661 2943 «lenique
693 2875 832 2931 libro
857 2878 1086 2946 quaerit:
1121 2878 1403 2945 Quomodo
1455 2895 1562 2934 non
1588 2882 1698 2936 sint
1725 2882 1839 2941 duo.
1864 2883 2009 2941 Filii.

429 2966 496 3019 Et
536 2981 665 3019 vero
707 2983 773 3020 ex
807 2967 874 3022 iis
904 2969 1102 3038 quibus
1147 2967 1526 3024 defensionem
1568 2970 1834 3035 instituit,
1875 2971 2014 3029 duos

429 3075 550 3114 esse
585 3058 754 3116 Filios
793 3062 979 3116 dicere.
1009 3077 1234 3118 necesse
1267 3067 1365 3118 sit.
1411 3063 1528 3130 Qua
1571 3064 1623 3119 in
1659 3080 1717 3120 re
1755 3064 2015 3122 Tarasius

2109 1865 2297 1935 ἔτερος
2322 1863 2458 1936 πρὸς
2484 1862 2649 1917 αὐτόν
2671 1879 2686 1894 ·
2726 1881 2746 1915 ι
2773 1893 2844 1905 —
2868 1856 3036 1915 «Εἶτα
3057 1863 3109 1894 ⁸⁸
3139 1860 3234 1913 ἐπὶ
3263 1860 3363 1930 τῆς
3390 1861 3493 1932 γῆς
3519 1859 3698 1932 ὤφθη,

2110 1961 2206 2012 καὶ
2253 1960 2366 2021 τοϊς
2414 1958 2727 2028 ἀνθρώποις
2764 1955 3221 2026 συνανεστράφη,
3258 1973 3278 2007 ι
3310 1955 3409 2008 καὶ
3450 1953 3579 2026 περὶ
3604 1952 3700 2008 τοῦ

2115 2070 2135 2104 «
2159 2053 2392 2106 Ἀνάστα
2407 2050 2476 2115 ’⁸,
2505 2051 2533 2103 6
2565 2049 2720 2116 Θεὸς,
2755 2048 2959 2119 κρίνων
2989 2049 3089 2120 τὴν
3109 2050 3266 2118 γῆν,›
3296 2048 3392 2101 κα)⁸
3425 2049 3554 2118 περὶ
3580 2046 3696 2111 τοῦ,

2117 2164 2136 2199 ι
2171 2144 2230 2198 '0
2259 2143 2522 2216 ἑωρακὼς
2541 2144 2588 2176 ³⁸
2617 2142 2718 2213 ἐμὲ
2748 2141 2963 2211 ἑώρακε
2987 2141 3079 2196 τὸν
3101 2140 3326 2213 Πατέρα
3344 2180 3360 2205 ,
3390 2158 3410 2192 ι
3439 2139 3535 2194 καὶ
3562 2141 3701 2212 πρὸς

2109 2239 2235 2302 τοὺς
2265 2238 2526 2306 λέγοντας
2559 2235 2635 2308 μὴ
2668 2235 2934 2289 δύνασθαι
2963 2235 3092 2298 τοὺς
3124 2234 3457 2298 ἀποστόλους
3489 2234 3579 2288 διὰ
3600 2234 3702 2301 τὴν

2113 2333 2400 2386 ἀσθένειαν
2433 2331 2544 2384 τῶν
2577 2331 2888 2385 ἀκουόντων
2921 2328 3196 2382 διδάσκειν
3221 2326 3475 2398 τάληθές.
3519 2329 3610 2382 Ἐν
3640 2328 3702 2381 δὲ

2109 2427 2188 2496 τῷ
2219 2424 2283 2495 ιβ’
2303 2465 2319 2489 ,
2349 2425 2432 2478 ὅτι
2459 2417 2542 2489 εἷς
2574 2424 2673 2492 τῆς
2705 2422 2937 2492 Τριάδος
2964 2424 2994 2476 6
3021 2419 3246 2484 παθὼν,
3284 2421 3380 2474 καὶ
3428 2421 3558 2490 περὶ
3579 2419 3698 2484 τοῦ,

2117 2537 2136 2570 ι
2170 2517 2232 2570 Εἰ
2266 2517 2376 2586 γὰρ
2397 2517 2445 2548 ⁸⁸
2477 2514 2758 2584 ἔγνωσαν,
2786 2514 2888 2567 οὐκ
2917 2513 2985 2568 ἂν
3032 2512 3125 2566 τὸν
3153 2512 3360 2583 Κύριον
3395 2510 3498 2581 τῆς
3541 2509 3702 2581 δόξης

2111 2609 2466 2680 ἐσταύρωσαν
2489 2647 2504 2674 ,
2539 2627 2558 2660 ι
2591 2607 2688 2661 καὶ
2722 2606 2839 2670 πῶς
2871 2607 2917 2640 ’⁸
2951 2605 3012 2659 οὐ
3053 2604 3283 2674 λέγομεν
3310 2603 3404 2658 δύο
3431 2604 3701 2674 Χριστοὺς

2111 2701 2356 2764 ἀσθενῶς
2404 2701 2498 2753 καὶ
2533 2699 2895 2768 κακοτρόπως
2928 2696 3278 2764 ἀπολογεῖται
3298 2735 3313 2760 ,
3343 2697 3481 2766 πρὸς
3506 2697 3570 2749 τὸ
3617 2696 3701 2748 oi-

2113 2795 2261 2846 κεῖον
2311 2792 2497 2863 μέντοι
2535 2789 2941 2860 συμϐαίνουσαν
2975 2788 3227 2859 βούλημα
3267 2789 3367 2859 τὴν
3402 2787 3704 2853 ἀπολογίαν

2113 2884 2366 2956 προάγει.
2407 2883 2497 2935 Ἐν
2539 2882 2596 2935 δὲ
2627 2879 2705 2952 τῷ
2737 2878 2806 2947 ιγ’
2842 2879 2974 2951 περὶ
3013 2878 3108 2933 τοῦ
3153 2878 3272 2941 πῶς
3316 2877 3377 2932 ού
3414 2877 3507 2931 δύο
3539 2876 3658 2930 Υίοί
3687 2893 3703 2909 ο

2114 2978 2298 3033 καίτοι
2334 2975 2394 3040 ὲξ
2421 2968 2498 3028 ὧν
2526 2973 2674 3027 δοκεῖ
2701 2971 3090 3040 ἀπολογεῖσθαι
3118 3011 3133 3035 ,
3160 2971 3376 3041 ἀνάγκη
3405 2969 3584 3038 λέγειν
3607 2969 3706 3022 δύο

2115 3070 2302 3133 Υἱούς.
2345 3069 2433 3123 Ἐν
2453 3061 2497 3136 ᾧ
2525 3067 2621 3120 καὶ
2644 3067 2674 3120 6
2702 3065 2975 3136 Ταράσιος
3000 3063 3076 3127 ὡς
3100 3063 3260 3134 δῆθεν
3285 3062 3708 3133 ὲκνενικημένος

430 3151 592 3204 veluti
623 3154 735 3220 jam
766 3153 940 3207 victus
986 3153 1262 3208 silentium
1299 3165 1472 3209 tenet.
1529 3157 1741 3211 Desinit
1772 3167 1830 3210 et
1855 3157 2006 3212 Basi-

2117 3163 2331 3234 σιωπᾷ,
2367 3159 2461 3214 καὶ
2494 3158 2659 3214 παύει
2691 3156 2788 3211 καὶ
2820 3157 2850 3208 ὁ
2876 3154 3158 3218 Βασίλειος
3181 3155 3301 3225 ἦτοι
3329 3156 3358 3208 6
3385 3153 3710 3220 Λαμπάδιος

426 3241 560 3307 lius‘,
601 3246 714 3299 sive
749 3243 1080 3314 Lampadius
1129 3247 1374 3301 studiose
1414 3248 1754 3317 interrogare
1802 3264 1867 3304 ac
1924 3265 2012 3305 re-

426 3335 717 3404 spondere.
765 3335 914 3392 Libri
939 3353 1103 3406 porro
1133 3349 1265 3403 tres,
1305 3351 1532 3408 quartus
1567 3342 2015 3411 decimus.quin-

427 3439 516 3484 tus
551 3429 817 3496 decimus,
867 3440 921 3486 et
949 3442 1135 3487 sextus
1165 3433 1442 3500 decimus,
1478 3445 1733 3503 perpetua
1773 3435 2015 3490 contexti

426 3521 709 3586 oratione,
738 3523 790 3576 in
824 3524 1122 3578 secundum
1160 3534 1216 3578 et
1256 3527 1477 3580 tertium
1519 3526 1714 3580 librum
1750 3527 2014 3582 assertio-

425 3628 556 3666 num
581 3613 805 3668 Joannis
831 3613 1221 3684 Scythopolitm
1244 3616 1553 3672 incurrunt.

500 3706 624 3760 Fuit
647 3708 733 3761 hic
758 3707 992 3762 Basilius
1017 3708 1322 3779 presbyter,
1353 3720 1414 3762 ut
1444 3713 1510 3763 de
1532 3725 1591 3764 se
1614 3711 1728 3780 ipse
1759 3710 2014 3776 afﬁrmat,

428 3801 789 3854 Antiochense
845 3799 1140 3866 Ecclesiae,
1199 3816 1308 3870 quo
1339 3811 1580 3872 tempore
1636 3803 1891 3857 thronum
1943 3805 2016 3859 ibi

429 3891 646 3946 tenebat
671 3890 959 3947 Flavianus
985 3892 1117 3964 (54)
1142 3932 1157 3958 ,
1183 3892 1523 3962 Romanique
1549 3895 1767 3950 clavum
1800 3896 2016 3966 imperii

431 3985 822 4039 moderabatur
849 3986 1196 4041 Anastasius.
1234 3985 1414 4040 Dictio
1440 3987 1557 4056 ejus
1589 3991 1641 4040 in
1677 3987 1902 4058 dialogis
1927 4004 2018 4058 po-

429 4079 700 4132 tissimum
746 4077 968 4132 humilis
1020 4087 1139 4144 est,
1203 4088 1396 4134 utnec
1431 4095 1462 4134 a
1515 4081 1741 4136 vocibus
1787 4097 1818 4136 e
1859 4082 2019 4138 trivio

431 4172 662 4240 sumptis
685 4171 791 4226 sibi
824 4180 1110 4240 temperet.
1161 4169 1269 4227 Sed
1298 4179 1354 4226 et
1399 4172 1450 4226 in
1485 4173 1882 4241 compositione
1930 4189 2019 4242 pa-

433 4275 903 4331 rumaccnratus,
956 4281 1186 4336 peccare
1217 4282 1321 4322 non
1354 4282 1509 4331 raro,
1565 4276 1730 4338 atque
1794 4269 2016 4324 solceci-

431 4375 608 4415 smum
639 4357 822 4415 facere
867 4360 1299 4428 deprehenditur
1339 4358 1504 4430 886.
1543 4358 1740 4415 Verum
1781 4364 1853 4414 uti
1893 4377 2020 4432 per-

2118 3255 2222 3325 τῆς
2246 3258 2388 3308 κατά
2418 3250 2613 3306 πεῦσιν
2639 3252 2734 3305 καὶ
2757 3247 3054 3319 ἀπόκρισιν
3077 3246 3314 3315 σπουδῆς
3341 3245 3440 3317 τὴν
3470 3245 3664 3316 σχολὴν
3689 3283 3710 3310 ,

2119 3347 2217 3402 καὶ
2247 3347 2482 3400 ποιεῖται
2504 3344 2597 3398 τὸν
2615 3343 2700 3408 ιδ’,
2729 3343 2793 3397 ιε’
2815 3359 2876 3395 τε
2893 3342 2990 3395 καὶ
3005 3340 3082 3407 ις’
3104 3341 3262 3409 λόγον
3285 3338 3711 3409 διεξοδικωτέρῳ

2119 3441 2264 3510 λόγῳ
2287 3480 2305 3506 ,
2358 3438 2454 3491 καὶ⁵
2487 3436 2818 3510 κατατρέχει
2849 3434 2962 3490 τῶν
3015 3436 3073 3488 ὲν
3121 3431 3202 3504 τῷ
3244 3431 3288 3503 β’
3321 3431 3418 3486 καὶ
3434 3432 3482 3501 γ’
3517 3431 3713 3503 βιϐλίῳ

2121 3534 2432 3607 εἰρημένων
2457 3529 2536 3602 τῷ
2577 3531 2826 3601 Ἰωάννῃ.

2195 3711 2306 3770 Ἦν
2335 3714 2382 3768 δ’
2415 3705 2574 3776 οὗτος
2607 3713 2635 3765 6
2667 3710 2948 3773 Βασίλειος
2984 3709 3388 3780 πρεσϐύτερος,
3429 3706 3505 3770 ὡς
3555 3705 3704 3767 αὑτός

2122 3827 2287 3881 φησι,
2337 3808 2436 3880 τῆς
2457 3806 2602 3862 κατὰ
2643 3804 2979 3874 Ἀντιόχειαν
3031 3801 3401 3872 Ἐκκλησίας,
3448 3801 3698 3870 ἀρχιερα-

2121 3901 2374 3964 τεύοντος
2427 3899 2526 3970 μὲν
2563 3897 2672 3952 τῶν
2718 3898 2901 3950 ἐκεῖσε
2929 3891 3270 3959 Φλαϐιανοῦ,
3320 3891 3609 3961 Ῥωμαίων
3651 3889 3708 3941 δὲ

2136 3992 2490 4050 ’Δναστασίου
2531 3989 2934 4062 βασιλεύοντος.
2984 3989 3144 4042 Ἐστι
3171 3987 3230 4040 δὲ
3270 3985 3368 4054 τὴν
3393 3985 3594 4054 φράσιν
3619 4002 3714 4053 χυ-

2123 4086 2274 4148 δαῖος
2298 4125 2313 4148 ,
2338 4084 2434 4137 καὶ
2459 4082 2696 4152 μάλιστα
2728 4082 2786 4134 ὲν
2806 4083 2922 4142 τοῖς
2960 4077 3295 4148 διαλογικοῖς
3321 4076 3489 4130 αὐτοῦ
3514 4077 3560 4108 ⁸⁷
3589 4076 3715 4128 οὐδὲ

2123 4177 2234 4232 τῶν
2263 4180 2329 4230 ὲκ
2357 4175 2569 4247 τριόδου
2619 4174 2883 4245 ῥημάτων
2920 4172 3186 4242 ἀπέχεται
3212 4189 3226 4203 ·
3275 4171 3390 4224 ἀλλ’
3442 4169 3566 4223 οὐδὲ
3618 4168 3715 4239 τὴν

2126 4266 2376 4332 σύνταξιν
2409 4266 2648 4338 ἀκριϐὴς
2672 4304 2688 4331 ,
2722 4263 2866 4318 ὥστε
2895 4263 2990 4316 καὶ
3027 4264 3190 4334 μέχρι
3211 4262 3306 4316 τοῦ
3335 4261 3592 4332 σφάλλειν
3621 4261 3716 4313 καὶ

2127 4360 2494 4429 σολοικισμοῖς
2539 4356 2848 4427 κεχρῆσθαι
2881 4355 3148 4418 πολλάκις
3178 4354 3438 4424 ἐξάγεται
3466 4367 3482 4389 ⁵
3532 4353 3622 4407 καὶ
3652 4351 3714 4403 τὸ

431 4453 653 4522 spicuus
706 4454 759 4506 in
811 4451 896 4506 his
921 4467 1045 4508 esse
1071 4452 1370 4518 laboravit,
1418 4454 1492 4507 ita
1540 4468 1761 4523 quoque
1800 4454 1852 4508 in
1897 4455 2006 4510 suis

2127 4455 2296 4524 σαφὲς
2317 4453 2408 4516 δὲ,
2438 4451 2514 4515 ὡς
2546 4452 2606 4505 ὲν
2648 4450 2860 4513 τούτοις
2889 4449 2961 4515 ⁸⁸,
2997 4449 3350 4520 ἐπετήδευσε.
3381 4449 3508 4510 Τοῖς
3538 4446 3711 4518 μέντοι

431 4545 694 4598 adversus
726 4545 843 4613 pios
871 4544 1209 4613 argumentis
1237 4544 1534 4598 vehemens
1557 4559 1690 4599 sane
1720 4553 1824 4608 est,
1853 4555 2006 4614 atque

2127 4546 2271 4602 κατὰ
2315 4544 2415 4615 τῆς
2465 4542 2754 4605 εὐσεϐείας
2783 4542 3180 4612 ἐπιχειρήμασι
3225 4538 3428 4610 δριμύς
3461 4539 3520 4593 τέ
3569 4539 3714 4590 ἔστιν

433 4637 551 4691 visu
582 4638 763 4700 tritus,
783 4648 840 4692 ut
863 4653 1080 4692 onmem
1112 4638 1272 4708 plane
1298 4641 1464 4692 vitam
1494 4638 1546 4691 in
1580 4639 1684 4692 hoc
1714 4653 1856 4694 vano
1879 4653 2006 4694 con-

2129 4639 2225 4693 καὶ
2252 4635 2508 4708 ἐντριϐὴς
2528 4675 2544 4700 ,
2581 4634 2679 4689 κα)⁵
2717 4638 2807 4688 τδν
2836 4634 2958 4688 ὅλον
2993 4632 3106 4704 βίον
3133 4631 3377 4698 τούτοις,
3417 4631 3496 4696 ὡς
3539 4631 3682 4683 ἔοικε
3701 4667 3717 4692 ,

435 4741 518 4784 Ira
571 4732 824 4801 pietatem
877 4733 1058 4787 studio
1105 4733 1512 4801 consumpsisse
1559 4731 1832 4786 videatur.
1905 4731 2006 4788 Etsi

2125 4735 2239 4797 τοῖς
2277 4729 2530 4803 ματαίοις
2557 4729 2700 4783 κατὰ
2744 4729 2845 4798 τῆς
2875 4726 3162 4792 εὐσεϐείας
3192 4727 3378 4791 πόνοις
3411 4727 3720 4794 ὲγκατασα-

431 4839 565 4878 vero
596 4823 919 4879 Nestoriana
969 4825 1101 4896 (55)
1133 4825 1324 4881 haeresi
1384 4824 1617 4880 infectus
1651 4834 1770 4887 est,
1815 4822 2006 4879 Nesto-

2123 4827 2270 4889 πείς.
2301 4825 2415 4878 Καὶ
2448 4823 2548 4892 τὴν
2573 4821 2786 4891 αἵρεσιν
2811 4820 2870 4873 δὲ
2895 4819 3197 4890 Νεστορίου
3223 4818 3397 4872 νοσῶν
3423 4816 3722 4886 Νεστόριον

506 4919 688 4974 'Joan.
721 4935 758 4985 ι,
792 4920 880 4974 14.
956 4920 977 4952 ⁸
1005 4921 1161 4976 Joan.
1189 4939 1272 4984 ιιι,
1306 4921 1395 4976 15.
1464 4924 1507 4953 ⁸⁸⁵
1535 4921 1555 4974 1
1585 4922 1711 4976 Cor.
1742 4937 1794 4986 κ,
1831 4923 1883 4976 4.
1956 4927 1978 4960 ⁸

2111 4934 2167 4979 ιι.
2197 4938 2404 4983 xxvm.
2438 4921 2528 4978 66.
2632 4919 2676 4950 ⁸ο
2701 4918 2908 4972 Ezech.
2957 4931 3185 4978 xxxxiv,
3211 4915 3266 4969 2.
3342 4916 3386 4946 “
3423 4915 3545 4968 Act.
3583 4927 3720 4986 nu,

433 4991 524 5044 26.
612 4992 654 5022 “
684 4989 842 5045 Rern.
885 5007 976 5058 ιιι,
1018 4991 1108 5046 52.
1210 4994 1253 5025 "
1279 4992 1413 5047 Joau
1447 5008 1499 5058 ι,
1540 4993 1590 5046 1.
1727 4994 1769 5024 "°
1799 4992 1937 5048 Joan

2136 4995 2226 5050 16.
2340 4993 2382 5024 ¹⁵
2415 4991 2653 5046 Baruch.
2691 5005 2792 5053 ιιι,
2829 4989 3032 5043 56-58.

3140 4989 3184 5018 “
3219 4986 3366 5041 Psal.
3430 4999 3628 5049 um,
3661 4982 3718 5038 8.

436 5063 480 5093 "
507 5060 668 5128 Joan,
714 5077 835 5128 xw,
870 5062 926 5118 9.
1040 5063 1082 5094 ⁸⁸
1108 5061 1127 5115 1
1155 5061 1281 5118 Cor.
1311 5079 1381 5127 ιι,
1412 5063 1467 5118 8.

1727 4994 1769 5024 "'
1799 4992 1937 5048 Joan
2014 5011 2096 5060 ιιι,
2136 4995 2226 5050 16.

1721 5154 1955 5211 νΑιιιλΕ
1979 5151 2388 5213 LECTIONES.

503 5248 550 5326 3f
581 5247 962 5326 ob6si;]19an.
998 5250 1197 5326 ιιιιιῦ.
1222 5249 1384 5326 η’ζὴ
1413 5248 1494 5319 δέ]
1524 5248 1541 5302 l
1579 5251 1707 5326 Co_r_.
1736 5266 1793 5316 ιι,
1813 5251 1908 5326 gl.“
1950 5251 1998 5284 ⁸⁸
2028 5253 2186 5326 Deut.
2233 5262 2433 5326 xsviu,
2467 5245 2538 5326 6._
2605 5246 2656 5326 ’ᾖ
2746 5241 2915 5326 ⁸ειτύλη]
2959 5239 3352 5326 Εαεοιιέμιιινι,
3383 5240 3436 5297 Ι.
3487 5239 3724 5326 figuli;

431 5319 493 5404 ὁ)
515 5323 640 5404 Act.
674 5309 798 5404 ξιξὶ,
997 5320 1042 5351 ⁸⁷
1069 5309 1131 5384 6;
1155 5319 1274 5404 τοῦ]
1308 5309 1617 5404 Romanu,
1643 5322 1731 5376 52.
1778 5309 1791 5316 ’
1811 5321 1855 5404 δέ
1881 5322 1962 5376 ὅτι
1996 5339 2106 5377 om.
2141 5325 2213 5404 _A.
2290 5319 2337 5351 ⁸⁵
2365 5309 2425 5404 af
2450 5315 2658 5404 χεῖρες]
2691 5309 2712 5370 Ῐ
2742 5309 2983 5404 179315}:
3002 5313 3202 5404 1omn"
3229 5314 3363 5404 2'55?“
3417 5309 3724 5404 ffanéé‘ffg

431 5377 534 5464 τῆς
590 5377 945 5464 ζωῆςᾞὶιειι
988 5377 1128 5464 funi
1169 5377 1307 5464 ⁸ιιιιῖιε
1355 5391 1445 5464 ὅτι
1493 5377 1801 5460 legerentur
1841 5393 2156 5464 transposui
2206 5377 2572 5464 cum-A51}?
2603 5377 3015 5464 eﬁrwc]_lpqh.
3065 5399 3168 5448 ιιι,
3225 5377 3324 5464 ίῧέ
3518 5377 3726 5464 τεαὶ,τέ

434 5445 566 5536 έέῇς
695 5445 957 5536 νίξεῖτα).
985 5460 1224 5536 Daruch.
1269 5477 1360 5536 ιιι,
1386 5461 1475 5536 56.
1539 5445 1627 5536 j"
1647 5445 1881 5536 άνάστα]
1925 5445 2313 5536 Βεῖιιξξχίχνιιι,
2480 5457 2527 5491 ’⁸
2549 5459 2579 5512 6
2611 5445 2897 5528 ἑωρακῶς]
2926 5453 3091 5512 Joan.
3133 5445 3246 5517 xiv.
3287 5453 3343 5508 9.
3419 5452 3466 5484 ⁵⁵
3501 5451 3552 5503 εἰ
3582 5445 3724 5519 γάρ]

436 5531 457 5586 l
490 5530 618 5589 Cor.
651 5551 713 5598 ιι,
748 5532 834 5588 18.
912 5530 959 5564 ⁸³
988 5533 1135 5595 ὅπως
1165 5548 1228 5596 ς.
1316 5531 1360 5564 ⁸⁷
1399 5531 1567 5586 αὐτοῦ
1598 5534 1724 5588 add.
1761 5533 1827 5587 Α.
1861 5530 1880 5536 ⁷
1920 5533 1967 5565 9⁸
1993 5534 2163 5600 σαφὲς
2190 5535 2248 5585 ὲν
2281 5530 2492 5595 τούτοις
2528 5546 2589 5594 ς’.

1955 5625 2196 5683 NOTAE.

511 5721 652 5794 (54)
689 5723 818 5792 Ejus
851 5724 1088 5780 nominis
1113 5724 1384 5781 secundus
1429 5726 1575 5779 circa
1631 5736 1762 5780 ann;
1821 5723 2028 5779 Christi
2138 5723 2260 5778 cod.
2294 5723 2349 5786 9,
2404 5737 2505 5790 pro
2548 5719 2920 5795 Eutychianis
2952 5718 3241 5795 scripsisse
3271 5713 3726 5795 huneadversus

443 5784 570 5847 δυο.
636 5784 685 5862 ’ί
728 5784 745 5792 ’
2139 5784 2454 5850 Nestorium
2509 5784 2781 5857 videatur,
2817 5784 3106 5862 ipsumque
3134 5784 3568 5860 Scythopolitam
3602 5793 3728 5836 cou-

513 5861 1052 5934 (551Nestorianutu
1086 5867 1175 5922 hic
1203 5865 1308 5924 dici
1339 5865 1556 5923 mireris
1586 5882 1718 5924 sane
1744 5883 1867 5923 cum
1893 5883 2015 5937 sup.
2129 5875 2210 5920 tra
2236 5865 2356 5920 illos
2387 5863 2674 5934 scripsisse
2703 5871 2940 5919 constet.
