4062 6484
331 380 449 444 381

1266 381 1793 447 BIBLIOTHECA.
1817 412 1889 423 --
1923 385 2140 447 CODD.
2181 387 2391 454 CVIII.
2430 390 2581 452 CIX.

3537 390 3644 457 382

340 499 451 569 μὲν
483 496 607 552 οὐκ
637 474 934 552 οίκειοῢται
954 539 970 563 ,
1018 498 1283 570 Διόδωρον
1317 499 1375 553 δὲ
1400 501 1497 554 κα)⁵
1526 501 1801 571 Θεόδωρον
1833 503 1955 554 ὲπι-

2073 505 2200 556 rium
2231 513 2410 559 tamen
2459 506 2566 559 sibi
2602 516 2948 575 nequaquam
2979 503 3256 569 vindicat,
3291 504 3386 560 sed
3444 503 3643 562 Diodo-

339 587 653 656 γράφεται
704 587 976 657 Πατέρας.
1026 589 1138 641 Καὶ
1188 588 1331 642 κατά
1384 591 1484 660 μὲν
1534 591 1629 643 τοῦ
1668 591 1959 645 θεσπεσίου

347 680 652 752 Κυρίλλου
676 682 760 742 είς
791 680 1088 751 πρόσωπον
1113 679 1288 745 οὕτως
1317 682 1685 753 ἀναισχύντως
1708 684 1769 736 ού
1798 683 1962 753 βλασ-

352 775 548 843 φημεῖ
568 790 584 805 ·
610 774 701 826 τὸν
733 771 922 841 μέντοι
950 787 1018 841 γε
1056 772 1314 842 Ἰωάννην
1334 816 1349 839 ,
1373 773 1496 827 καθ’
1525 768 1588 828 οὗ
1618 776 1718 844 τὴν
1741 775 1964 846 γραφὴν

356 866 705 936 ὲνεστήσατο
726 904 741 929 ,
764 863 959 933 μηδενὶ
988 862 1135 935 ἄλλῳ
1160 863 1279 918 ἀλλ’
1299 864 1334 936 ἢ
1357 867 1471 929 τοῖς
1502 865 1768 936 Κυρίλλου
1800 865 1965 932 φησὶν

364 958 746 1031 ὲπερεὶδεσθαι
780 957 844 1027 ιβ’
867 959 1212 1028 κεφαλαίοις,
1238 958 1337 1012 καὶ
1361 956 1442 1028 τῷ
1468 956 1778 1027 δωδεκάτῳ,
1807 959 1962 1029 φησὶ,

380 1054 637 1124 μάλιστα
656 1092 671 1115 ,
688 1050 715 1103 ὃ
741 1034 1069 1119 παρεισάγει
1100 1050 1202 1119 τὴν
1232 1048 1563 1102 θεοπάθειαν
1586 1067 1599 1077 ·
1627 1050 1686 1102 ὲν
1714 1043 1799 1112 οἷς
1817 1047 1967 1119 αὐτῷ

395 1148 505 1200 καὶ
532 1146 580 1178 ”
602 1146 693 1214 τῆς
718 1139 1110 1212 ματαιοπονίας
1149 1140 1211 1192 τὸ
1261 1140 1435 1204 τέλος.
1481 1140 1554 1194 Τὸ
1582 1141 1640 1194 δὲ
1679 1140 1967 1210 σύνταγμα

404 1238 560 1309 αὐτῷ
583 1238 701 1307 πρὸς
724 1234 978 1289 Λεόντιον
997 1274 1013 1297 ,
1046 1233 1121 1297 ὡς
1150 1232 1363 1301 ἔφημεν
1383 1274 1398 1297 ,
1430 1234 1662 1304 ἐποιήθη
1684 1275 1698 1297 ,
1722 1234 1783 1287 ὃν
1809 1233 1969 1287 ὁσιώ-

404 1348 563 1383 τατον
586 1328 667 1381 καὶ
702 1325 1122 1395 θεοφιλέστατον
1157 1325 1254 1380 καὶ
1286 1326 1507 1396 Πατέρα
1540 1325 1928 1395 ἀποσεμνύνει.

1096 1593 1232 1651 PH'.

386 1689 690 1757 Θεοδώρου
720 1686 1085 1758 μογὰζοντος
1142 1683 1586 1758 Ἀλεξανδρέως
1614 1678 1769 1758 gata
1797 1679 1969 1758 Θεμι-

445 1750 626 1813 στίου
678 1750 885 1826 λότος.
931 1758 1041 1811 Καὶ
1064 1750 1076 1752 -
1100 1750 1446 1824 Θεμιστίου
1488 1750 1786 1821 ἀπολογία
1817 1750 1972 1819 ὑπὲρ

444 1830 556 1884 τοῦ
598 1830 669 1883 ἐν
691 1830 884 1898 ἁγίοις
911 1828 1258 1896 Θεοφοϐίου.

455 1920 809 1993 ’Δνεγνώσθη
856 1918 1134 1991 Θεοδώρου
1188 1918 1511 1990 μονάζοντος
1571 1914 1969 1987 Ἀλεξανδρέως

366 2011 537 2067 κατὰ
578 2012 933 2082 Θεμιστίου,
961 2003 1023 2064 οὗ
1058 2008 1418 2082 ἡέπιγραφὴ,
1457 2006 1748 2078 «Ἔλεγχος
1798 2006 1875 2072 ὡς
1912 2009 1972 2060 έν

369 2104 641 2175 συντόμῳ
667 2105 766 2174 τῆς
804 2104 1012 2158 ἀνωθεν
1042 2103 1137 2156 καὶ
1172 2101 1233 2167 ἐξ
1279 2102 1457 2173 ἀρχῆς
1506 2102 1799 2173 Θεμιστίου
1828 2100 1974 2153 κατά

363 2195 484 2247 τῶν
546 2195 745 2266 ἡμῶν¹
798 2195 1056 2266 Πατέρων
1104 2194 1412 2264 προπετοῦς
1470 2193 1569 2246 καὶ
1619 2192 1973 2262 ἀλογωτάτης

363 2286 726 2351 ἐνστάσεως,
766 2286 831 2338 ὲκ
878 2284 1205 2354 προφάσεως
1241 2282 1339 2336 νῦν
1400 2283 1531 2354 ἡμῖν
1594 2281 1974 2353 πεπονημένος

364 2374 383 2445 ί
409 2374 534 2429 385
578 2374 646 2430 Β.
682 2376 699 2446 j
732 2374 841 2427 τῶν
871 2373 1336 2445 προϐεϐλημένων
1367 2374 1460 2427 ὑπ’
1500 2374 1668 2427 αὑτοῦ
1699 2374 1839 2427 κατά
1871 2373 1973 2442 τῆς

362 2468 653 2538 ἀληθείας
683 2467 1017 2538 ζητημάτων
1048 2484 1109 2520 τε
1144 2468 1240 2520 καὶ
1268 2465 1290 2539 [
1316 2468 1419 2522 154
1464 2466 1535 2523 Η.
1563 2468 1582 2539 ]
1619 2467 1936 2537 προτάσεων
1955 2506 1971 2532 ,

367 2561 475 2612 καὶ
504 2562 691 2631 σαφὴς
714 2560 1083 2631 διευγρίνησις
1100 2560 1199 2629 τῆς
1213 2558 1582 2630 προκειμένης
1607 2558 1935 2622 ὑποθέσεως.
1950 2578 1968 2608 ι

376 2654 449 2706 Ἠ
491 2654 601 2723 μὲν
634 2648 727 2706 οὖν
751 2652 1036 2723 ἐπιγραφὴ
1066 2651 1292 2723 τοιαύτη
1319 2651 1525 2722 βιϐλίον
1552 2651 1757 2722 μᾶλλον
1787 2652 1821 2720 ἢ
1856 2655 1975 2705 ἐπι-

374 2748 590 2816 γραφὴ
622 2745 828 2817 βιϐλίου
863 2747 1237 2816 τυγχάνουσα·
1265 2745 1432 2815 ἄμφω
1454 2746 1543 2811 δὲ,
1571 2746 1599 2799 ὃ
1617 2762 1677 2797 τε
1702 2744 1976 2815 Θεόδωρος

366 2840 476 2894 καὶ
525 2838 847 2908 Θεμίστιος,
880 2836 1148 2907 αἱρετικοὶ
1184 2836 1277 2889 κα)⁸
1305 2837 1404 2906 τῆς
1430 2835 1540 2889 τῶν
1589 2832 1975 2904 Θεοπασχιτῶν

366 2931 613 3000 μερίδος
645 2929 985 2999 ὑπάρχουσι,
1033 2927 1261 2998 Σεϐήρῳ
1284 2929 1304 2958 ²
1336 2926 1859 2998 προσανακείμενοι.
1916 2923 1977 2979 Ὅ

363 3023 583 3096 μέντοι
605 3021 895 3090 Θεμίστιος
920 3020 953 3089 ἦ
987 3018 1216 3074 Καλὼνυ
1227 3035 1325 3089 μος
1352 3021 1369 3087 (
1395 3017 1715 3090 ἐξονομάζει
1746 3019 1855 3087 γὰρ
1881 3016 1977 3071 καὶ⁵

360 3116 567 3179 οὕτως
594 3115 755 3176 αὐτὸς
786 3114 1013 3183 ἑαυτὸν)
1052 3115 1150 3166 καὶ
1179 3112 1277 3182 τῆς
1326 3110 1437 3163 τῶν
1477 3111 1766 3181 Ἀγνοῖτῶν
1789 3111 1810 3143 ³
1840 3127 1976 3181 προ-

2064 607 2185 646 rum
2215 592 2346 664 (56)
2401 605 2567 664 atque
2594 594 2935 650 Theodorum
2968 605 3152 666 patres
3179 596 3382 652 laudat.
3409 596 3475 652 Et
3503 614 3643 654 con-

2065 693 2147 738 tra
2172 684 2411 739 divinum
2443 687 2659 755 quidem
2704 686 2969 756 Cyrillum
3006 702 3118 741 non
3148 695 3256 742 tam
3297 689 3645 756 impudenter

2064 773 2119 828 in
2160 789 2256 830 eos
2310 775 2668 846 blasphemat.
2708 777 2964 832 Attamen
3022 776 3287 833 Joannem
3363 779 3537 843 hunc,
3588 781 3643 835 in

2062 881 2223 935 quem
2249 867 2444 938 stylum
2472 867 2727 929 strinxit,
2764 867 2853 922 alii
2885 878 3148 938 prmterea
3180 870 3313 925 nulli
3343 871 3463 938 rei,
3503 887 3646 942 prae-

2063 969 2312 1028 terqnam
2352 958 2540 1028 Cyrilli
2586 960 2872 1015 duodecim
2922 962 3193 1031 capitibus
3235 963 3395 1018 inniti
3454 963 3643 1030 refert,

2065 1066 2131 1107 ac
2178 1051 2534 1115 duodecimo,
2581 1052 2690 1114 ait,
2741 1052 3011 1117 maxime,
3042 1067 3150 1123 quo
3188 1053 3356 1108 Deum
3398 1053 3488 1108 ille
3513 1070 3644 1125 pas-

2066 1156 2184 1195 sum
2240 1140 2659 1197 subintrodueit.
2730 1142 2909 1213 Atque
2956 1143 3009 1197 in
3074 1144 3161 1199 his
3230 1143 3389 1200 finem
3444 1148 3646 1216 accipit

2066 1230 2272 1287 frnstra
2308 1231 2397 1286 ille
2432 1233 2501 1287 ab
2529 1247 2596 1287 eo
2642 1242 2929 1301 susceptus
2965 1234 3139 1289 labor.
3187 1233 3335 1304 Opus
3379 1250 3545 1298 vero.
3586 1247 3648 1291 ut

2067 1340 2228 1394 supra
2290 1325 2471 1379 dicere
2514 1326 2771 1391 memini,
2824 1325 3054 1381 Leontio
3100 1325 3320 1380 dedicat
3388 1326 3646 1390 cuidam,

2067 1432 2228 1485 quem
2290 1416 2733 1478 sanctissimum,
2796 1416 3017 1486 Deoque
3097 1416 3530 1483 charissimam,
3594 1425 3650 1471 et

2070 1509 2284 1564 Patrem
2320 1507 2605 1577 magniﬁce
2640 1508 2919 1577 praedicat.

2763 1597 2947 1655 CVIII.

2072 1689 2335 1745 Theodori
2361 1688 2614 1745 Monac-hi
2644 1688 2995 1811 Alexprzdrini
3017 1689 3280 1744 Aduersus
3304 1688 3648 1745 Tltemistium

2805 1777 2817 1810 ι
2856 1775 2933 1811 er.

2805 1775 2933 1811 ιοεν.

2217 1830 2491 1885 Themistii
2523 1829 2782 1898 Apologia
2808 1844 2903 1897 pro
2932 1838 3115 1884 sancto
3146 1827 3504 1897 Theophobio.

2142 1921 2345 1976 Lectus
2398 1929 2482 1976 est
2515 1919 2790 1976 Theodori
2836 1918 3195 1975 Alexandrini
3247 1919 3498 1973 monachi
3546 1918 3648 1972 ad-

2072 2029 2251 2068 versus
2304 2010 2646 2065 Themistium
2722 2010 2881 2077 liber,
2926 2009 3081 2080 cujus
3131 2010 3246 2064 haec
3307 2009 3589 2078 inscriptio
3630 2026 3645 2062 :

2071 2101 2391 2158 Coniutatio
2449 2101 2667 2167 brevis,
2740 2114 2845 2167 qua
2893 2100 3197 2168 superioris
3247 2099 3506 2169 temporis
3553 2099 3649 2152 de-

2074 2211 2184 2251 nuo
2210 2195 2440 2264 repetita
2466 2193 2557 2247 illa
2592 2192 2879 2247 Themistii
2911 2201 3098 2245 contra
3123 2189 3311 2245 Patres
3359 2191 3649 2245 temeraria

2074 2288 2417 2355 maximeque
2460 2285 2693 2339 absurda
2743 2283 3026 2351 contentio
3064 2280 3376 2337 refellitur:
3410 2297 3441 2336 a
3490 2279 3649 2336 nobis

2075 2393 2222 2434 nunc
2249 2378 2532 2431 elaborata
2554 2416 2570 2442 ,
2598 2376 2886 2429 occasione
2917 2372 3255 2441 obiectarum
3284 2372 3351 2426 ab
3383 2373 3499 2440 ipso
3520 2387 3649 2425 con-

2077 2482 2156 2526 tra
2187 2472 2474 2526 veritatem
2515 2466 2919 2538 quaestionum,
2966 2475 3129 2534 atque
3174 2463 3608 2519 enuntiationum
3630 2501 3647 2527 ,

2074 2579 2195 2617 cum
2242 2560 2479 2616 dilucida
2512 2559 2877 2629 explicatione
2902 2556 3097 2622 objecti
3127 2556 3452 2625 argumenti.
3491 2573 3511 2607 ι
3545 2553 3652 2608 Ta-

2076 2655 2141 2709 lis
2170 2654 2260 2709 hic
2323 2652 2490 2721 igitur
2531 2650 2657 2705 libri
2684 2649 2912 2715 titulds,
2957 2659 3016 2702 ut
3044 2648 3180 2703 liber
3220 2646 3438 2716 potius,
3488 2661 3650 2715 quam

2079 2744 2265 2798 titulus
2285 2743 2409 2797 libri
2435 2740 2701 2796 videatur.
2729 2738 2968 2810 Uterque
2992 2754 3122 2795 vero
3150 2738 3469 2792 Theodorus
3497 2752 3651 2807 aeque

2077 2852 2140 2892 ac
2172 2835 2541 2899 Themistius,
2592 2834 2833 2889 haeretici
2888 2844 2943 2887 et
2977 2832 3215 2901 partium
3268 2831 3499 2884 studiosi
3537 2827 3655 2882 fue-

2079 2935 2233 2990 runt,
2278 2936 2467 2977 eorum
2523 2922 2614 2991 qui
2681 2920 3026 2975 divinitatem
3077 2919 3211 2989 (57)
3270 2934 3486 2988 passam
3534 2934 3655 2974 esse

2078 3022 2434 3078 asseverant,
2501 3013 2711 3068 Severo
2768 3013 3028 3066 nimirum
3091 3011 3318 3066 addicti.
3384 3011 3656 3066 Caeterum

2078 3102 2442 3167 Tbemistius,
2468 3103 2582 3157 sive
2610 3100 2940 3171 Calonymus
2981 3100 3122 3173 (hoc
3153 3100 3297 3154 enim
3326 3098 3429 3154 sibi
3456 3113 3657 3167 cogno-

362 3208 597 3279 στάτης
645 3208 792 3261 ἐστὶν
824 3208 1121 3277 αἱρέσεως,
1158 3206 1255 3259 καὶ
1288 3205 1446 3274 λόγον
1476 3206 1617 3273 ὑπὲρ
1656 3204 1755 3273 τῆς
1786 3202 1971 3257 τοιαύ-

2077 3209 2318 3251 mentum
2366 3209 2583 3264 quoque
2615 3192 2861 3263 addidit)
2915 3194 3081 3248 etiam
3136 3192 3506 3261 Agnoetarum
3537 3187 3651 3260 (58)

360 3317 488 3371 ’της
516 3300 670 3353 νόσου
694 3297 1050 3368 συνέγραψεν,
1071 3296 1130 3349 ὃν
1153 3295 1435 3366 ἐπέγραψε
1453 3294 1852 3363 «Καλωγύμου
1869 3292 1975 3347 τοῦ

374 3393 488 3445 καὶ
509 3390 807 3458 Θερσίλου
823 3388 1122 3459 ἀπολογία
1140 3388 1295 3455 ὑπὲρ
1320 3387 1425 3441 τοῦ
1455 3388 1524 3440 ἐν
1541 3386 1731 3455 ἁγίοις
1762 3386 1978 3453 Θεοφο-

381 3485 548 3548 6ίου,
596 3486 654 3536 ἐν
674 3476 719 3550 ᾧ
739 3482 833 3535 καὶ
862 3481 1103 3551 Σεϐήρου
1136 3518 1151 3543 ,
1196 3472 1240 3546 ᾧ
1258 3478 1683 3548 προσανάκειται
1707 3476 1977 3548 (τοιοῦτον

385 3579 503 3649 γάρ
535 3577 598 3630 τὸ
640 3575 837 3645 ψεῦδος
882 3573 976 3627 καὶ
1011 3576 1060 3626 oi
1092 3573 1325 3642 ἐρασταὶ
1371 3569 1467 3624 τοῦ
1497 3569 1791 3641 ψεύδους),
1838 3568 1973 3621 καθ-

386 3673 647 3725 άπτεται.
665 3666 908 3729 Εὐθύνας
924 3667 980 3719 δὲ
1002 3667 1059 3717 ὲν
1083 3664 1219 3734 τῷδε
1238 3664 1316 3732 τῷ
1337 3662 1481 3733 λόγῳ
1497 3661 1648 3731 παρὰ
1663 3663 1685 3693 ⁸
1700 3658 1976 3730 Θεοδώρου

388 3760 823 3831 εἰσπράττεται·
855 3757 923 3810 τά
952 3756 1061 3826 γάρ
1088 3773 1171 3809 τοι
1212 3754 1307 3808 τοῦ
1351 3754 1647 3824 Θεμιστίου
1693 3753 1978 3823 ἐπιχειρή-

396 3868 542 3919 ματα
569 3850 817 3917 τέσσαρα
852 3846 949 3918 μὲν
981 3846 1143 3909 ὄντα,
1171 3848 1271 3917 τὴν
1304 3844 1530 3912 ἄγνοιαν
1562 3842 1621 3895 δὲ
1646 3882 1662 3908 ,
1694 3841 1769 3905 ὡς
1807 3840 1974 3911 ᾤετο,

399 3942 494 3993 ἐπὶ
532 3938 775 4009 Χριστοῦ
825 3935 1345 3999 κατασκευάζοντα,
1392 3931 1517 3985 καθ’
1554 3930 1614 3983 ἓν
1642 3934 1671 3983 ό
1698 3929 1976 3998 Θεόδωρος

402 4030 703 4101 ταξάμενος
722 4069 739 4094 ,
768 4028 999 4092 ἕκαστος
1034 4027 1259 4098 μυρίαις
1284 4025 1540 4088 ἀτοπίαις
1557 4022 1850 4094 ὲχόμενον⁸
1866 4020 1977 4075 δεί-

396 4137 607 4175 κνυσιν.
645 4118 780 4174 Εἶτα
825 4119 987 4172 πάλιν
1027 4120 1056 4171 ὀ
1088 4118 1413 4187 Θεμίστιος,
1446 4116 1636 4185 ὥσπερ
1666 4116 1765 4187 τὴν
1805 4108 1977 4185 ἧτταν

385 4212 838 4282 ἀνακαλούμενος
860 4250 876 4277 ,
908 4212 1052 4264 κατά
1083 4208 1364 4281 Θεοδώρου
1396 4206 1714 4277 μονόϐιϐλον
1742 4206 1973 4276 ιγραψε.

387 4308 507 4361 Καὶ
537 4308 567 4360 ὁ
590 4305 869 4374 Θεόδωρος
900 4303 1062 4356 πάλιν
1088 4304 1146 4355 ὲν
1175 4302 1325 4373 τρισὶ
1348 4302 1539 4372 τόμοις
1566 4301 1696 4363 τοὺς
1729 4298 1849 4352 κατ’
1880 4299 1977 4350 αύ-

385 4396 488 4452 τοῦ
536 4396 795 4467 ἐλέγχους
841 4393 1400 4462 ἀποσκευασάμενος,
1450 4392 1549 4462 τὴν
1602 4390 1809 4444 οἰκείαν
1853 4390 1977 4442 sui.“

386 4484 575 4561 τούτῳ
607 4485 763 4551 δόξαν
807 4485 982 4556 ἀληθῆ
1030 4485 1438 4555 παρεστήσατο.
1490 4483 1648 4536 Ἔστι
1686 4482 1742 4535 δὲ
1771 4480 1977 4534 τούτων

2078 3297 2242 3340 secta:
2272 3292 2437 3355 caput
2484 3282 2636 3338 fuit:
2671 3282 2737 3337 de
2785 3297 2893 3352 qua
2943 3291 2998 3337 et
3052 3281 3251 3335 librum
3288 3280 3650 3349 conscripsit,

2078 3372 2236 3428 affixo
2281 3373 2437 3428 titulo
2468 3388 2484 3426 :
2516 3371 2790 3441 Colonymi
2821 3387 2913 3425 seu
2976 3369 3252 3424 Themisti!
3276 3369 3520 3440 apologia
3558 3385 3654 3439 pro

2077 3477 2261 3523 sancto
2296 3465 2627 3535 Theophobio
2654 3464 2815 3535 (59).
2838 3462 2957 3530 Quo
2980 3463 3033 3517 in
3062 3463 3201 3518 libro
3236 3463 3409 3533 ipsum
3441 3474 3659 3531 quoque

2079 3562 2378 3624 Severum,
2419 3557 2509 3613 cui
2589 3566 2768 3611 tamen
2808 3556 3057 3610 addictus
3109 3563 3227 3611 erat
3254 3555 3433 3623 (tanta
3463 3564 3546 3609 est
3573 3555 3659 3611 vis

2078 3650 2333 3706 falsitatis
2356 3690 2370 3715 ,
2406 3647 2511 3702 tale
2531 3658 2587 3702 et
2616 3647 2886 3701 mendacii
2912 3655 3160 3702 amantes
3184 3645 3203 3716 )
3239 3646 3613 3715 perstringens
3637 3685 3656 3713 ,

2078 3742 2351 3797 dictorum
2410 3754 2441 3793 a
2483 3736 2776 3793 Theodoro
2848 3736 3090 3791 rationes
3137 3736 3326 3806 exigit.
3367 3734 3655 3791 Themistii

2078 3833 2226 3889 enim
2252 3839 2491 3902 quatuor
2525 3837 2847 3899 argumenta
2870 3828 2960 3884 illa
2981 3866 2997 3893 ,
3020 3827 3221 3896 quibus
3272 3842 3333 3883 se
3375 3828 3653 3883 inscitiam

2079 3927 2132 3980 in
2167 3925 2387 3981 Christo
2434 3922 2696 3992 probasse
2741 3922 3134 3985 arbitrabatur,
3185 3918 3507 3975 Theodorus
3537 3919 3654 3973 sin-

2078 4017 2303 4090 gulatim
2338 4016 2649 4084 expendens
2693 4023 2860 4084 atque
2909 4015 3219 4081 aestimans,
3283 4014 3492 4085 singula
3528 4029 3656 4070 sex—

2079 4118 2237 4164 centa
2282 4106 2570 4162 continere
2616 4105 2858 4159 absurda
2915 4105 3181 4160 ostendit.
3243 4104 3383 4161 Hinc
3436 4121 3654 4162 rursum

2078 4197 2415 4253 Themistius
2445 4212 2459 4248 :
2489 4204 2772 4264 acceptam
2800 4195 2965 4249 veluti
2994 4195 3204 4250 cladem
3234 4210 3517 4265 reparans,
3542 4198 3658 4251 sin-

2078 4290 2325 4359 gularem
2353 4287 2554 4342 librum
2587 4287 2641 4340 in
2693 4283 3045 4341 Theodorum
3080 4288 3430 4355 conscripsit.
3473 4285 3654 4342 Theo-

2079 4378 2245 4433 dorus
2291 4385 2483 4430 autem
2537 4374 2712 4430 tribus
2742 4374 2986 4430 vicissim
3023 4374 3214 4437 libris,
3255 4386 3312 4430 et
3348 4375 3509 4446 89a
3536 4391 3656 4445 qua:

2080 4469 2168 4525 ille
2198 4466 2653 4539 reprehenderat,
2680 4465 2918 4534 refutat,
2944 4474 3000 4521 et
3027 4481 3182 4522 suam
3224 4468 3292 4521 de
3334 4471 3434 4522 bac
3468 4483 3525 4522 re
3559 4483 3651 4522 ve-

389 4533 657 4646 ἑκάτέρος
669 4533 783 4629 ντοῦ
814 4594 875 4629 τε
898 4533 1240 4647 συγγρόαρειν
1267 4533 1368 4627 οὐκ
1399 4573 1644 4645 ἀπείρως
1673 4572 1812 4643 ἔχων
1838 4612 1853 4635 ,
1883 4572 1971 4625 καῖ

2083 4576 2198 4616 ram
2258 4533 2584 4630 vopinionem
2655 4533 2908 4627 exponit.
2937 4556 3177 4627 Uterque
3218 4557 3490 4613 scribendi
3545 4573 3654 4612 non

387 4669 457 4725 τὸ
490 4666 663 4738 σαφὲς
687 4668 827 4738 μετά
860 4667 956 4721 τοῦ
990 4669 1244 4721 συντόνου
1290 4666 1389 4720 καὶ
1427 4664 1523 4719 τοῦ
1575 4663 1979 4734 καθεστηκότος

389 4760 457 4817 ἐν
490 4759 672 4833 λόγοις
701 4759 913 4813 διώκων
931 4760 974 4815 ⁷.

1117 4850 1244 4905 ΡΘ⁹.

390 4942 752 5013 Κλήμεντος
806 4940 1261 5011 Ἀλεξανδρείας
1314 4939 1725 5009 πρεσϐυτέρου
1744 4936 1978 5003 βιϐλία.

484 5035 823 5108 Ἀνεγνώσθη
886 5036 1206 5106 Κλήμεντος
1272 5032 1670 5102 Ἀλεξανδρέως
1730 5029 1976 5100 πρεσϐυ-

2081 4651 2403 4721 imperitus,
2449 4648 2896 4718 perspicuitatem
2945 4647 3122 4705 solida
3154 4663 3279 4704 cum
3315 4648 3681 4704 vehementia-

2080 4746 2137 4801 in
2165 4744 2396 4799 dicendo
2425 4750 2671 4798 sectatus
2707 4754 2815 4799 est.

2804 4833 2938 4891 CIX.

2250 4925 2536 4983 Clementis
2564 4924 2921 4981 Alexandrini
2953 4927 3251 4997 presbyteri
3279 4926 3514 4999 Scripta.

2156 5018 2322 5074 Lecta
2352 5030 2479 5075 sunt
2510 5018 2813 5074 Clementis
2836 5018 2951 5090 (59)
2977 5018 3333 5076 Alexandrini
3357 5020 3659 5092 presbyteri

1672 5120 1910 5177 VARUE
1951 5112 2356 5173 LECTIONES.

471 5222 520 5253 ”
550 5221 647 5275 καὶ
669 5233 883 5288 om.pr.
925 5220 991 5274 A.
1096 5219 1113 5251 ¹
1150 5220 1184 5288 ὴ

391 5293 530 5364 περί
561 5309 624 5356 ς.
695 5293 718 5323 ⁵
748 5290 983 5361 ἐχόμενα
1013 5289 1078 5343 Α.

1194 5218 1312 5288 μῶν
1344 5217 1469 5271 add.
1510 5216 1576 5270 A.

1677 5216 1699 5244 '
1730 5223 1850 5282 post
1887 5210 2115 5282 Σεϐήρῳ
2159 5220 2284 5261 cum
2324 5204 2372 5261 Α
2419 5205 2581 5260 omisi
2616 5203 2696 5261 δέ.

1154 5280 1294 5340 ⁶’ἔπι
1326 5289 1372 5339 Α
1404 5304 1417 5339 :
1450 5290 1511 5339 ὲν
1536 5303 1599 5351 ς’.
1673 5285 1693 5316 ⁷
1720 5280 1937 5337 διώκων
1958 5282 2018 5333 ἐν
2049 5280 2229 5347 λόγοις
2257 5292 2319 5340 ς’

2798 5205 2821 5235 ³
2847 5204 3131 5277 ἀγωητῶν
3167 5205 3235 5260 Δ.
3330 5204 3540 5275 “napi
3593 5207 3659 5260 Α.

1910 5370 2143 5429 NOTAE.
2186 5364 2189 5365 ⁷

470 5474 745 5601 ()‘Bic
772 5474 1089 5541 Tarsensis,
1116 5488 1351 5544 sequens
1376 5472 1717 5543 Mopsuestia:
1759 5468 1973 5539 episco-

435 5566 500 5604 118
527 5556 655 5601 filii.

391 5567 1037 5691 Ραῗῦξίῖἓὴεορεεοῂί-ικ
1069 5629 1101 5691 a_
1132 5614 1337 5691 Graecis
1368 5611 1645 5691 appellati.
1688 5608 1834 5691 Xide
1873 5607 1974 5665 Ni-

394 5681 683 5758 cephﬁlib.
714 5681 852 5739 ινίιι
880 5684 1151 5758 -ῌὲεεοτίω
1185 5683 1496 5758 Ecclesia}.
1528 5696 1650 5752 cap.
1686 5681 1778 5758 51_2

472 5750 586 5829 (58)
615 5755 846 5829 Nicepli.
879 5756 974 5829 lib_.
1004 5769 1145 5829 _x_vrn
1199 5752 1403 5829 Eccles.
1439 5752 1564 5829 hist.
1596 5750 1717 5821 cap.
1746 5750 1840 5829 50,
1862 5764 1970 5829 non

396 5820 733 5884 Them'istius
754 5820 852 5880 'liic
882 5825 983 5878 sub
1004 5823 1227 5877 Valente
1259 5824 1611 5892 philosophus
1634 5863 1649 5887 ,
1666 5820 1772 5875 sed
1793 5820 1971 5892 potius

401 5898 644 5956 Cononis
669 5896 760 5956 ille
795 5896 851 5954 in
883 5895 1242 5966 oppugnando
1261 5890 1568 5963 'Pbilopouo
1605 5893 1789 5949 socius
1818 5890 1967 5946 vide-

2085 5476 2195 5540 tur,
2233 5459 2389 5530 cujus
2426 5460 2803 5540 sup-.mmentio
3016 5460 3111 5540 23.
3150 5463 3198 5515 Δ
3245 5476 3354 5540 quo
3398 5462 3655 5540 Agnoetae

2080 5526 2349 5612 primum,
2372 5526 2887 5612 post—'I'hemistiani
2925 5530 3080 5596 dicti,
3117 5542 3179 5586 ut
3208 5526 3286 5587 ait
3322 5526 3512 5588 beatus
3556 5533 3660 5589 Da-

2090 5598 2264 5659 tnasc.
2294 5598 2389 5653 lib.
2423 5598 2499 5651 De
2528 5598 2839 5654 haeresibus.

2090 5741 2103 5745 _
2154 5670 2283 5745 (59)
2302 5668 2450 5739 Lege
2484 5666 2689 5745 _Ba_ron.
2721 5672 2874 5745 card.
2915 5669 3112 5735 Annal.
3153 5671 3386 5745 tom.‘ll,
3430 5679 3483 5730 et
3522 5674 3659 5730 edit.

2079 5737 2786 5868 Lat‘.\mwiﬂerveti,
2829 5738 3103 5809 Notusque
3171 5741 3226 5797 in
3280 5737 3661 5802 Germanicum

2077 5830 2209 5871 eu.
