4062 6458
429 338 537 403 383
1602 336 1871 401 PHOTII
1906 329 2416 397 PATRIARCHB
2438 330 2549 392 CP.
3607 319 3719 389 384

429 451 534 505 tria
579 449 846 506 librorum
898 447 1197 514 volumina,
1253 462 1486 518 quorum
1528 450 1692 505 unius
1736 446 2023 516 inscriptio

2128 442 2289 513 τέρου
2326 439 2498 510 τεύχη
2545 436 2769 508 βιϐλίων
2816 435 2968 508 τρία,
3022 425 3101 489 ῶν
3128 434 3192 490 τὸ
3242 433 3347 506 μὲν
3396 433 3721 506 ἐπιγραφὴν

426 549 530 605 est,
566 538 957 613 Hypotyposes;
991 537 1239 604 alterius,
1271 536 1650 601 Stramatcus;
1699 534 1845 589 tertii
1887 547 2017 587 vero

2124 534 2313 605 ἔλαχεν
2362 530 2835 596 ’Υποτυπώσεις,
2882 528 2943 583 τὸ
2987 525 3046 583 δὲ
3092 527 3506 599 Στρωματεὺς,
3558 527 3622 579 τὸ
3664 526 3722 578 δὲ

434 628 788 699 Ρωάαςοθιιε.

578 719 1013 792 Hypotyposeon,
1041 722 1146 775 sive
1163 720 1583 789 Dispositionum
1614 716 1738 770 libri
1762 731 1880 769 vttt.

504 812 880 886 llypotyposes
929 813 1149 882 quidem
1222 811 1671 881 disceptationem
1738 811 2024 863 continent

430 901 672 956 locorum
699 902 903 971 aliquot
949 901 1158 955 Veteris
1197 899 1444 970 Novique
1488 899 1849 962 Testamenti,
1901 913 2023 963 quae

430 996 596 1049 etiam
637 995 952 1050 summatim
996 994 1270 1059 explicat,
1319 1004 1374 1047 et
1427 992 1851 1058 interpretatur.
1904 990 2019 1043 Etsi

433 1097 614 1139 autem
648 1095 795 1140 recte
822 1085 876 1138 in
906 1084 1229 1154 quibusdam
1277 1083 1485 1138 sentire
1514 1083 1666 1136 visus
1686 1090 1790 1148 est,
1824 1081 1874 1134 in
1902 1080 2024 1134 aliis

432 1193 623 1231 rursus
650 1176 813 1246 impie
848 1178 1073 1231 omnino
1126 1174 1480 1243 fabuloseque
1530 1173 1769 1227 disserit.
1814 1172 2026 1226 Asserit

431 1269 575 1323 enim
603 1270 889 1323 materiam
932 1279 1201 1322 alternam
1232 1280 1381 1330 esse,
1412 1276 1467 1320 et
1502 1266 1653 1320 ideas
1676 1263 1839 1318 veluti
1863 1265 2027 1318 certis

432 1358 668 1414 decretis
695 1360 871 1415 induci
901 1358 1073 1428 lingit.
1105 1356 1297 1411 Filium
1339 1371 1553 1427 quoque
1588 1357 1639 1409 in
1681 1356 1843 1410 rebus
1869 1370 2025 1411 crea-

433 1451 504 1504 tis
545 1460 819 1505 numerat.
868 1451 1073 1504 Adhzec
1118 1450 1422 1503 animarum
1458 1448 1832 1517 migrationes,
1886 1447 2027 1502 mul-

433 1551 623 1610 tosque
654 1551 780 1596 ante
807 1542 1072 1596 Adamum
1100 1542 1332 1596 mundos
1360 1540 1672 1611 prodigiose
1712 1540 2030 1594 comminis-

432 1638 598 1691 citur.
632 1635 799 1690 Evam
827 1644 1117 1705 prwterea,
1149 1649 1213 1689 ex
1245 1636 1479 1697 Adatno,
1510 1651 1617 1688 non
1648 1644 1707 1687 ut
1731 1634 1873 1687 sacri
1898 1631 2024 1686 libri

2119 626 2503 697 Παιδαγωγός
2533 628 2575 679 ι.

2472 718 2943 775 Ὑποτυπώσεων
2992 716 3165 786 τόμοι
3203 704 3379 768 ὀκτώ.

2199 816 2264 869 Δί
2296 814 2395 885 μὲν
2426 808 2520 867 οὖν
2544 809 2984 876 ’Υποτυπώσεις
3004 804 3586 879 διαλαμϐάνουσιπερὶ
3617 805 3721 874 ρη-

2123 908 2232 961 τῶν
2263 924 2426 960 τινων
2446 904 2550 975 τῆς
2580 922 2640 957 τε
2667 903 2910 967 Παλαιᾶς
2939 902 3035 955 καὶ⁵
3064 901 3212 964 Νέας
3235 900 3486 971 Γραφῆς,
3521 891 3598 951 ὧν
3620 896 3719 949 καὶ

2126 999 2517 1069 κεφαλαιωδῶς
2561 999 2639 1062 ὡς
2682 996 2847 1068 δῆθεν
2878 993 3143 1065 ἑξήγησίν
3175 1009 3237 1046 τε
3278 992 3375 1045 καὶ
3416 988 3720 1061 ἑρμηνείαν

2128 1093 2387 1144 ποιεῖται.
2424 1089 2536 1143 Kal.
2567 1090 2626 1142 ὲν
2657 1088 2771 1141 τισὶ
2805 1087 2905 1158 μὲν
2927 1086 3109 1140 αὐτῶν
3132 1082 3310 1156 ὀρθῶς
3332 1083 3484 1136 δοκεῖ
3511 1082 3718 1150 λέγειν,

2127 1186 2186 1239 ὲν
2215 1185 2327 1237 τισὶ
2350 1183 2406 1237 δὲ
2431 1181 2714 1247 παντελῶς
2739 1183 2820 1245 είς
2848 1180 3067 1241 ἀσεϐεῖς
3092 1179 3189 1232 καὶ
3220 1174 3492 1249 μυθώδεις
3524 1174 3719 1244 λόγους

2129 1276 2447 1346 ἐκφέρεται.
2468 1275 2645 1345 ’Υλην
2672 1291 2735 1327 τε
2776 1273 2890 1344 γὰρ
2918 1272 3148 1342 ἄχρονον
3193 1269 3291 1323 καὶ
3324 1267 3472 1330 ἰδέας
3498 1266 3576 1329 ὡς
3606 1265 3720 1319 άπό

2127 1386 2293 1421 τινων
2325 1367 2506 1439 ῥητῶν
2535 1363 2901 1436 εἰσαγομένας
2938 1363 3177 1428 δοξάζει,
3225 1360 3320 1415 καὶ
3348 1358 3441 1413 τὸν
3476 1358 3609 1413 Υίδν
3638 1358 3720 1421 είς

2129 1458 2338 1529 κτίσμα
2362 1457 2618 1525 κατάγει.
2655 1457 2779 1510 Ἔτι
2806 1455 2863 1510 δὲ
2906 1453 3332 1525 μετεμψυχώσει
3362 1450 3459 1505 καὶ
3484 1450 3720 1516 πολλοὺς

2130 1550 2240 1619 πρὸ
2279 1549 2373 1603 τοῦ
2434 1549 2606 1618 Ἀδὰμ
2666 1548 2906 1619 κόσμους
2935 1546 3333 1619 τερατεύεται·
3379 1545 3475 1598 καὶ
3514 1545 3581 1598 ἐκ
3622 1541 3720 1595 τοῦ

2145 1642 2319 1712 Ἀδὰμ
2364 1642 2465 1714 τὴν
2511 1641 2693 1704 Εὕαν,
2738 1642 2839 1712 οὐχ
2872 1640 2954 1705 ὼς
2991 1643 3021 1693 ὁ
3058 1638 3519 1710 ὲκκλησιαστικδς
3559 1636 3721 1705 λόγος

434 1728 676 1793 tradunt,
722 1728 815 1782 sed
852 1726 1088 1782 obscene
1138 1736 1301 1795 atque
1337 1727 1501 1796 impie
1541 1726 1744 1779 educit.
1795 1724 2023 1794 Angelos

2134 1735 2401 1809 βούλεται.
2452 1734 2571 1789 ἀλλ’
2598 1733 2843 1805 αίσχρῶς
2880 1748 2941 1785 τε
2974 1730 3069 1785 καὶ¹
3096 1731 3273 1794 ὰθέως
3317 1726 3681 1797 ἀποφαίνεται
3703 1742 3718 1757 ·

433 1835 677 1889 quoque,
706 1836 828 1874 cum
858 1818 1075 1874 feminis
1101 1818 1663 1889 congressosJiberos
1682 1818 1805 1872 inde
1828 1826 2023 1871 sustu-

2128 1800 2421 1901 μίγνυσθαι
2449 1845 2509 1881 τε
2531 1829 2659 1891 τοὺς
2692 1800 2961 1894 αγγέλους
2988 1822 3207 1890 γυναιξὶ
3242 1822 3340 1876 καὶ
3378 1820 3721 1876 παιδοποιεῖν

430 1908 562 1966 lisse
591 1911 850 1966 somniat.
884 1910 1025 1977 Quin
1050 1921 1105 1967 et
1133 1911 1364 1965 Verbum
1397 1924 1618 1965 carnem
1652 1925 1756 1964 non
1783 1924 1902 1964 esse
1928 1908 2015 1962 fa-

429 2012 602 2066 etum,
635 2002 730 2057 sed
775 2001 852 2057 ita
902 2002 1082 2056 visum
1118 2002 1403 2055 duntaxat.
1448 2001 1562 2055 Duo
1594 2001 1659 2056 ad
1704 2000 1818 2057 haec
1847 1998 2026 2056 Patris

432 2090 610 2149 Verba
648 2095 881 2149 ﬁnxisse
918 2093 1369 2164 deprehenditur,
1395 2109 1625 2163 quorum
1664 2092 1843 2148 minus
1874 2107 2024 2147 mor-

430 2186 632 2243 talibus
683 2188 756 2243 sit
788 2188 987 2243 visum.
1032 2187 1147 2241 lmo
1192 2202 1256 2241 ne
1287 2188 1388 2240 hoc
1437 2185 1692 2256 quidem;
1754 2186 1834 2240 sic
1877 2187 2022 2239 enim

430 2278 662 2334 scribit:
695 2298 714 2331 ι
747 2279 955 2333 Dicitur
992 2279 1213 2343 quidem
1264 2286 1318 2333 et
1353 2276 1528 2332 Filius
1570 2276 1810 2333 Verbum
1853 2279 2025 2347 tequi-

434 2388 571 2427 voce
594 2389 716 2427 cum
756 2370 942 2427 Patrio
979 2370 1183 2428 Verbo.
1230 2369 1432 2425 Verum
1458 2369 1575 2442 (60)
1607 2384 1782 2440 neque
1818 2370 1921 2425 hoc
1956 2370 2024 2425 il-

427 2462 521 2518 lud
558 2464 795 2519 Verbum
823 2473 933 2529 est,
968 2465 1111 2534 quod
1139 2480 1269 2520 caro
1296 2463 1498 2518 factum
1531 2471 1636 2527 est,
1668 2475 1842 2532 neque
1858 2462 2023 2516 etiam

430 2554 674 2610 Patrium
707 2556 839 2611 illud
869 2554 1105 2611 Verbum
1143 2574 1156 2609 :
1185 2557 1279 2611 sed
1315 2556 1393 2609 vis
1422 2556 1669 2624 quaedam
1693 2570 1758 2609 ac
1779 2562 2024 2622 potestas

429 2648 546 2713 Dei,
578 2661 837 2720 tanquam
866 2666 898 2705 a
926 2648 1105 2704 Verbo
1135 2650 1253 2719 ipso
1275 2646 1572 2718 proﬂuens,
1606 2662 1760 2700 mens
1804 2643 2021 2712 enecta,

2125 1920 2185 1985 ἐξ
2208 1920 2389 1973 αὐτῶν
2417 1916 2773 1991 ὀνειροπολεῖ,
2810 1917 2906 1971 καὶ
2927 1916 3002 1988 μὴ
3028 1912 3488 1988 σαρκωθῆναιτδν
3514 1912 3712 1980 Λόγον,

2125 2011 2265 2065 ἀλλὰ
2293 2011 2462 2079 δόξαι.
2499 2010 2710 2081 Λόγους
2743 2027 2804 2063 τε
2842 2008 2940 2064 τοῦ
2971 2008 3190 2081 Πατρδς
3223 2008 3319 2063 δύο
3341 2004 3721 2077 τερατολογῶν

2127 2102 2514 2173 ἀπελέγχεται.
2547 2094 2624 2156 ῶν
2666 2102 2760 2156 τδν
2800 2102 3004 2173 ἥττονα
3040 2103 3155 2166 τοῖς
3183 2102 3205 2134 ⁹
3248 2098 3559 2167 ἀνθρώποις
3603 2099 3723 2149 ἑπι-

2128 2194 2382 2263 φανῆναι,
2415 2192 2689 2264 μᾶλλονδὲ
2719 2191 2842 2245 οὐδὲ
2872 2191 3101 2244 ἐκεῖνον·
3130 2190 3266 2262 φησὶ
3285 2191 3414 2260 γάρ’
3437 2207 3455 2240 ι
3481 2187 3721 2256 Λέγεται

2130 2286 2231 2357 μὲν
2264 2286 2359 2338 καὶ
2400 2285 2428 2337 ὁ
2465 2283 2595 2346 Υίὸς
2626 2282 2820 2351 Λόγος,
2851 2281 3171 2353 ὁμωνύμως
3213 2280 3293 2352 τῷ
3326 2277 3588 2352 Πατρικῷ
3611 2277 3721 2332 Λό-

2126 2393 2230 2445 γῳ,
2258 2375 2373 2428 ἀλλ’
2412 2373 2511 2443 ούχ
2535 2373 2581 2406 ¹⁰
2614 2364 2771 2436 οὗτός
2804 2373 2955 2427 ἐστιν
2983 2372 3013 2426 ό
3047 2370 3187 2442 σὰρξ
3228 2371 3523 2441 γενόμενος
3543 2388 3557 2401 ο
3594 2369 3721 2423 οὐδε

2130 2468 2237 2541 μὴν
2264 2470 2293 2521 ό
2322 2466 2587 2537 Πατρῷος
2628 2466 2803 2535 Λόγος
2822 2504 2838 2529 ,
2888 2464 3025 2519 ἀλλὰ
3052 2462 3283 2535 δύναμίς
3319 2480 3404 2526 τις
3435 2461 3529 2515 τοῦ
3558 2462 3721 2526 Θεοῦ,

2125 2555 2239 2616 οἷον
2273 2560 2548 2631 ἀπόῤῥοια
2584 2556 2681 2612 τοῦ
2716 2557 2892 2626 Λόγου
2926 2556 3113 2623 αὑτοῦ,
3149 2555 3275 2620 νοῦς
3300 2555 3592 2626 γενόμενος
3619 2554 3721 2619 τὰς

2124 2653 2235 2707 τῶν
2297 2650 2607 2722 ἀνθρώπων
2638 2650 2870 2722 καρδίας
2894 2648 3309 2721 διαπεφοίτηκε.
3351 2667 3369 2700 ι
3400 2648 3510 2702 Καὶ
3541 2647 3719 2701 ταῦτα

429 2739 713 2795 hominum
756 2742 970 2796 animos
1017 2742 1275 2808 pervasit.
1324 2757 1343 2789 ι
1388 2737 1521 2804 Quae
1572 2738 1788 2808 quidem
1839 2739 2023 2791 omnia

2126 2744 2311 2799 πάντα
2342 2744 2605 2815 πειρᾶται
2635 2742 2676 2773 ¹¹
2707 2742 2817 2797 ἀπὸ
2853 2741 3037 2813 ῥητῶν
3075 2757 3240 2795 τινων
3278 2738 3722 2803 κατασκευάζειν

428 2846 599 2887 sacrae
619 2832 919 2903 Scriptura:
942 2832 1268 2886 testimoniis
1290 2830 1497 2900 aliquot
1525 2841 1775 2885 astruere
1797 2828 2018 2884 nititur.

2124 2836 2226 2907 τῆς
2260 2834 2503 2907 Γραφῆς.
2534 2832 2648 2888 Καὶ
2675 2832 2812 2889 ἄλλα
2832 2833 2890 2887 δὲ
2916 2831 3090 2903 μυρία
3108 2832 3345 2903 φλυαρεῖ
3362 2833 3456 2885 καὶ
3474 2831 3723 2901 βλασφη-

428 2924 752 2993 Quanquam
785 2932 840 2979 et
870 2925 973 2979 alia
1001 2923 1054 2977 id
1084 2939 1256 2995 genus
1274 2932 1534 2977 sexcenta
1554 2922 1866 2989 hlasplietna
1892 2934 2022 2975 voce

2128 2929 2306 3001 μεῖ¹’,
2341 2928 2451 2981 εἴτε
2494 2927 2680 2993 αὐτὸς,
2718 2927 2828 2979 εἴτε
2869 2944 2954 2988 τις
3003 2924 3195 2997 ἕτερος
3231 2926 3294 2980 τὸ
3336 2924 3502 2980 αὐτοῦ
3545 2941 3722 2995 προσ-

430 3027 688 3089 uugatur,
719 3032 814 3072 seu
849 3017 986 3088 ipse,
1028 3018 1142 3073 sive
1172 3016 1295 3086 quis
1332 3015 1472 3069 alius
1502 3014 1642 3085 (Gl),
1674 3014 1793 3083 ejus
1834 3028 2023 3083 perso-

2124 3040 2276 3076 ωπον
2300 3020 2639 3094 ὑποκριθείς.
2659 3017 3028 3090 Ἐποιήθησαν
3047 3018 3104 3073 δὲ
3132 3017 3282 3088 αὒτῷ
3314 3017 3370 3070 αί
3404 3016 3722 3087 βλάσφημοι

430 3124 554 3163 nam
592 3108 847 3175 indutus;
869 3108 1029 3178 plane
1055 3121 1114 3163 ut
1141 3119 1266 3163 octo
1294 3108 1442 3178 ipsos
1473 3107 1640 3161 libros
1671 3106 1821 3161 hisce
1872 3104 2019 3159 blaso

2126 3112 2291 3171 αὗται
2340 3091 2720 3187 τερατολογίαι
2768 3116 2829 3166 έν
2876 3112 3069 3182 τόμοις
3112 3110 3280 3166 ὀκτώ.
3321 3110 3484 3181 Λέγει
3522 3110 3576 3165 δὲ
3624 3111 3726 3164 καὶ

429 3200 773 3271 phemiarum
822 3200 1109 3270 portentis,
1152 3200 1219 3256 de
1271 3197 1466 3254 iisdem
1516 3196 1810 3253 identidem
1855 3196 2023 3251 disse-

2130 3208 2259 3280 περὶ
2282 3207 2391 3261 τῶν
2413 3205 2595 3260 αὐτῶν
2623 3204 2911 3270 πολλάκις,
2952 3203 3050 3259 καὶ
3077 3203 3356 3275 σποράδην
3393 3202 3490 3257 καὶ
3528 3218 3729 3271 συγκε-

430 3294 623 3358 rendo,
681 3307 747 3349 ac
782 3293 1017 3361 sparsim
1070 3303 1237 3362 atque
1290 3290 1540 3358 confuse,
1592 3289 1759 3343 veluti
1801 3296 2023 3357 stupore

2127 3300 2384 3371 χυμένως
2438 3296 2570 3370 [288
2610 3294 2708 3370 8.]
2755 3297 2947 3368 ὥσπερ
2993 3296 3311 3368 ἔμπληκτος
3369 3295 3607 3367 παράγει
3652 3295 3730 3349 τὰ

430 3386 715 3456 perculsus
746 3384 1062 3456 Scripturas
1114 3386 1485 3455 producendo,
1540 3381 1850 3452 repleverit.
1881 3379 2023 3437 Uni-

2130 3391 2294 3464 ῥητά.
2350 3390 2408 3444 '0
2431 3390 2488 3443 δὲ
2517 3390 2638 3455 ὅλος
2672 3389 2874 3453 σκοπὸς
2908 3387 3115 3443 ὡσανεὶ
3177 3389 3469 3460 ἑρμηνεῖαι
3517 3388 3730 3458 τυγχά-

430 3474 573 3530 versi
605 3482 785 3529 autem
816 3474 999 3544 operis
1028 3487 1228 3541 scopus
1268 3471 1441 3527 fuisse
1471 3471 1691 3527 videtur
1722 3469 2023 3537 Geneseos,

429 3566 623 3632 Exodi,
669 3564 1033 3632 Psalmorum,
1070 3565 1437 3635 Epistolarum
1462 3563 1604 3620 beati
1640 3562 1815 3630 Pauli,
1846 3573 1900 3619 et
1928 3579 2026 3619 ca-

431 3662 788 3730 tholicarum,
821 3676 887 3717 ac
927 3662 1165 3731 denique
1206 3660 1582 3718 Ecclesiastici
1612 3661 2021 3732 interpretatio.

433 3750 548 3805 lloc
577 3753 795 3807 interim
830 3754 1035 3807 fatetur
1082 3754 1200 3824 ipse
1229 3753 1557 3824 discipulum
1589 3768 1652 3808 se
1688 3752 1862 3811 fuisse
1881 3752 2024 3811 Pan-

432 3847 580 3898 tznni.
615 3843 721 3899 Sed
756 3844 825 3899 de
857 3843 1281 3917 Hypotyposibus
1315 3848 1607 3903 hactenus.

1177 3937 1295 3993 CX.

790 4030 1043 4109 Ejusdem
1086 4030 1376 4101 Pwdagogi
1421 4031 1546 4085 libri
1582 4047 1666 4087 Ill.

506 4121 630 4179 Jam
668 4121 1005 4194 Pwdagogus
1052 4124 1227 4179 tribus
1285 4123 1440 4178 libris
1475 4124 1623 4195 εει»
1660 4127 2022 4195 conscriptus,

431 4218 600 4274 vitam
627 4233 919 4288 moresque
939 4218 1229 4285 informat;
1258 4219 1458 4287 quibus
1475 4229 1529 4272 et
1548 4219 1712 4273 alium
1731 4222 2024 4289 quemdam

433 4311 746 4379 prmtnittit,
805 4307 1159 4381 adiungitque
1209 4308 1539 4377 singularem
1612 4308 1852 4374 librum,
1915 4327 2026 4382 quo

433 4401 675 4471 gentium
703 4400 900 4456 refellit
925 4401 1258 4468 impietatem
1292 4397 1588 4470 (62).Nihi|
1615 4411 1798 4456 autem
1840 4402 2023 4459 simile

435 4490 635 4543 habent
680 4489 733 4543 hi
792 4504 986 4544 omnes
1026 4503 1147 4542 cum
1192 4486 1661 4557 Hypotyposibus,
1714 4490 1933 4558 quando
1967 4500 2025 4545 et

434 4579 648 4636 stolidis
675 4580 782 4635 illis
809 4594 874 4635 ac
899 4580 1237 4651 blasphemis
1272 4581 1626 4649 opinionibus
1654 4582 1880 4636 omnino
1921 4597 2021 4635 va-

434 4682 584 4735 cant,
616 4682 672 4727 et
699 4672 870 4728 dictio
903 4674 1015 4742 ipsa
1046 4673 1100 4726 in
1149 4674 1234 4729 his
1274 4673 1522 4729 ﬂoridior
1552 4674 1620 4727 ad
1662 4682 2021 4742 temperatam

433 4763 725 4832 quamdam
753 4763 1072 4833 gravitatem
1102 4779 1208 4818 non
1243 4763 1362 4819 sine
1394 4762 1737 4831 iucunditate
1765 4766 2023 4835 assurgit,

432 4866 490 4912 et
518 4858 667 4913 varia
699 4858 814 4923 illa,
862 4874 983 4930 quae
1025 4859 1080 4913 in
1106 4859 1175 4914 iis
1207 4868 1314 4925 est,
1352 4873 1535 4913 rerum
1588 4858 1853 4929 cognitio,
1890 4859 2024 4914 nihil

2130 3499 2285 3537 νουσι
2307 3482 2406 3552 τῆς
2435 3482 2729 3543 Γενέσεως,
2769 3480 2872 3551 τῆς
2917 3479 3153 3545 Ἐξόδου,
3175 3479 3286 3533 τῶν
3318 3478 3588 3549 Ψαλμῶν,
3622 3478 3726 3531 τοῦ

2128 3574 2277 3630 θείου
2294 3577 2337 3608 ⁸³
2371 3573 2587 3629 Παύλου
2609 3573 2718 3628 τῶν
2754 3572 3112 3638 Ἐπιστολῶν,
3136 3572 3356 3627 καὶτῶν
3374 3570 3722 3633 Καθολικῶν,

2126 3672 2225 3726 καὶ
2248 3668 2343 3724 τοῦ
2386 3666 2820 3739 Ἐκκλησιαστοῦ
2853 3666 2917 3723 ¹⁵.
2957 3666 3226 3737 Μαθητὴς
3273 3666 3355 3730 δὲ,
3386 3666 3463 3730 ὡς
3501 3667 3593 3719 καὶ
3628 3666 3719 3720 αύ-

2124 3761 2219 3824 τός
2267 3778 2423 3832 φησι,
2473 3760 2666 3829 γέγονε
2704 3758 3029 3814 Πανταίνου.
3072 3756 3240 3814 Ἀλλὰ
3284 3756 3463 3814 ταῦτα
3520 3758 3615 3831 μὲν
3653 3755 3712 3811 ai

2140 3854 2157 3875 ”
2169 3851 2618 3919 Υποτυπώσεις.

2844 3941 2957 3999 PI'.

2296 4036 2411 4094 Τοῦ
2447 4035 2636 4094 αὐτοῦ
2660 4038 2693 4091 ό
2733 4035 3121 4107 Παιδαγωγός
3166 4034 3240 4091 ἐν
3274 4035 3481 4108 τόμοις
3506 4032 3579 4105 τ’.

2211 4128 2271 4185 '0
2327 4128 2387 4183 δὲ
2416 4126 2801 4199 Παιδαγωγός
2828 4129 2888 4181 ὲν
2938 4128 3088 4199 τρισὶ
3136 4128 3326 4200 τόμοις
3364 4127 3516 4181 ἐστὶν
3568 4123 3720 4195 αύτῷ

2124 4218 2641 4290 διαπεπονημένος,
2722 4216 2888 4290 ἤθους
2946 4217 3044 4274 καὶ
3101 4216 3221 4289 βίου
3291 4214 3713 4289 κατορθωτικός.

2132 4311 2287 4383 Ἔχει
2313 4311 2371 4365 δὲ
2400 4309 2611 4364 τούτων
2638 4310 2734 4364 καὶ
2766 4308 3183 4382 προηγούμενον
3222 4309 3317 4362 καὶ
3356 4308 3709 4376 συνταττόμε·

2128 4417 2218 4456 νον
2278 4398 2436 4469 λόγον
2473 4399 2679 4471 ἕτερον,
2755 4400 2813 4452 ἐν
2871 4391 2917 4469 ᾧ
2966 4399 3067 4471 τὴν
3130 4398 3403 4470 Ἑλλήνων
3453 4396 3713 4468 διελέγχει

2054 4457 2101 4513 D
2126 4457 2417 4563 ἀθεότητα.
2450 4457 2617 4544 Οὐδέν
2642 4457 2698 4543 δέ
2736 4457 2923 4560 ὅμοιον
2944 4457 3131 4560 ἔχουσι
3335 4488 3438 4553 τὰς
3471 4457 3715 4542 ’Υποτυο

2123 4582 2349 4648 πώσεις
2389 4576 2539 4635 οὗτοι
2596 4580 2647 4633 οἱ
2684 4579 2872 4650 λόγοι·
2931 4580 3041 4633 τῶν
3075 4598 3135 4634 τε
3180 4580 3289 4650 γὰρ
3334 4580 3584 4652 ματαίων
3626 4578 3719 4631 καὶ

2124 4674 2465 4745 βλασφήμων
2490 4671 2909 4744 ἀπηλλαγμένοι
2936 4671 3106 4737 δοξῶν
3142 4671 3541 4743 καθεστήκασι,
3562 4668 3656 4725 καὶ
3686 4670 3719 4740 ἡ

2124 4767 2329 4838 φράσις
2357 4765 2571 4837 ἀνθηρὰ
2598 4766 2692 4818 καὶ
2729 4764 2858 4837 [155
2886 4763 2984 4835 Η.]
3014 4764 3095 4829 είς
3128 4764 3296 4834 ὄγκον
3321 4764 3541 4834 ἠρμένη
3574 4761 3720 4833 σύμ-

2127 4873 2327 4930 μετρον
2352 4857 2493 4928 μετὰ
2529 4854 2625 4911 τοῦ
2674 4856 2851 4928 ἡδέος,
2908 4857 3006 4910 καὶ
3046 4857 3083 4929 ἡ
3126 4856 3475 4929 πολυμάθεια
3504 4853 3717 4928 ἐμπρέ-

1728 5030 1963 5089 νΑιιιΑε
2000 5028 2408 5089 LECTIONES.

441 5219 448 5225 -
506 5184 530 5216 ⁸
556 5182 660 5236 δὲὸ
682 5182 834 5237 παιδ.
985 5182 1022 5255 °_
1037 5180 1173 5255 τρῖς]
1205 5178 1389 5255 αὐτοῖς
1424 5178 1489 5233 Α.
1528 5252 1539 5255 _
1571 5178 1617 5255 ξ’
1649 5177 1771 5250 οὐχ]
1805 5178 1869 5230 οὐ
1898 5176 1996 5255 νύν
2019 5178 2128 5255 A.__
2166 5177 2211 5255 ’_‘
2241 5176 2502 5255 πειρᾶται
2533 5182 2660 5255 post
2684 5172 2851 5230 τινῶν
2884 5175 3041 5247 ponit
3070 5191 3134 5241 ς’.
3212 5176 3259 5208 ⁸³
3291 5173 3608 5247 βλασφημεῖ
3626 5174 3721 5229 καὶ

434 5254 671 5325 φλυαρεῖ
700 5270 763 5317 ς.
859 5253 902 5285 ¹³
931 5250 1025 5305 τοῦ
1059 5248 1208 5302 θείόυ
1238 5278 1309 5290 --
1336 5250 1636 5305 ἐπιστολῶν
1663 5248 1776 5304 om}
1819 5264 1903 5319 pr.
1930 5248 1999 5303 A.

2094 5248 2141 5281 ’δ
2169 5248 2634 5318 ὲκκλησιαστικοῦ
2667 5261 2731 5311 ς.

1956 5391 2197 5447 ΝΟΤᾸΕ.

510 5509 644 5632 $2,)"
659 5509 891 5632 {3200366.};
910 5506 1194 5632 lfgetsgfé,
1211 5522 1277 5563 eo
1296 5505 1439 5578 quod
1466 5505 1553 5560 hic
1587 5505 1974 5575 praecesserint
2003 5524 2020 5562 :

442 5579 644 5654 μᾶλλον
677 5579 736 5633 δὲ
763 5579 886 5633 οὐδὲ
919 5579 1150 5632 ἐκεῖνον.

516 5650 626 5719 (61)
657 5651 811 5716 Quod
843 5666 971 5705 vero
996 5648 1229 5704 similius
1259 5647 1508 5719 videatur
1550 5659 1566 5699 :
1612 5646 1845 5719 Arianos
1870 5647 2015 5719 enim

443 5715 838 5799 plerosqnelut
871 5720 1112 5799 haeretici
1137 5718 1336 5799 solent)
1374 5715 1676 5799 (dementis
1705 5717 1906 5799 scripta
1930 5718 2025 5799 in-

446 5786 699 5860 quinasSe
728 5786 885 5846 docet
911 5788 1156 5847 Bullinus
1181 5788 1442 5862 Apologia
1465 5801 1564 5858 pro
1582 5786 1837 5857 Origene.
1862 5787 2017 5842 Adde

2132 5518 2188 5590 et
2234 5507 2452 5592 reliqua
2477 5508 2597 5581 ejus
2625 5508 2835 5580 scripta
2858 5521 3008 5565 sana:
3045 5516 3169 5560 esse
3208 5501 3472 5558 doctrinae
3525 5514 3588 5555 ac
3622 5514 3718 5568 pu-

2132 5577 2649 5775 ῐΪὲἓῷείὲΥιίἐοίιυιίίο
2677 5651 2897 5708 nomine
2932 5646 3254 5719 Prolreptici
3282 5645 3352 5700 ad
3382 5648 3584 5714 gentes,
3618 5653 3716 5693 no-

2157 5737 2169 5775 t
2210 5738 2235 5775 r
2259 5736 2357 5775 exs
2383 5736 2415 5775 a
2446 5757 2463 5775 .

2157 5736 2235 5777 IOI'
2259 5736 2463 5778 CXSlal.
