4062 6484
357 396 471 460 385

1400 396 1932 459 BIBLIOTIIECA.
1974 423 2046 434 —
2081 397 2301 457 CODD.
2325 397 2675 463 CX-CXIII.

3556 396 3665 468 386

358 525 568 563 ποῦσα.
628 506 983 580 Μνημονεύει
1030 507 1087 560 δὲ
1122 508 1259 578 πρὸς
1284 508 1363 581 τῷ
1406 509 1553 563 τέλει
1579 511 1675 563 καὶ⁴
1704 511 1835 581 περὶ
1884 511 1961 562 εί-

2073 508 2237 563 Ιιοὺει
2268 511 2451 563 minus
2484 511 2835 565 conveniens.
2873 511 3136 568 Extremo
3169 528 3302 568 vero
3332 513 3475 569 libro
3490 516 3655 568 etiam

354 598 562 652 κόνων.

1054 689 1208 746 ΡΙΑ’.

525 786 643 847 Τοῦ
665 768 861 851 αὐτοῦ
900 785 937 839 ό
979 784 1373 855 Στρωματεὺς
1399 784 1472 840 ἐν
1495 788 1703 856 τόμοις
1727 792 1805 854 η’.

421 878 490 933 υἱ
521 878 583 931 δὲ
621 875 1002 947 Στρωματεῖς
1031 878 1139 930 εἰσὶ
1165 876 1266 948 μὲν
1296 878 1396 933 καὶ
1425 878 1583 934 αὐτοὶ
1612 881 1671 932 ὲν
1704 878 1852 932 ὀκτὼ
1872 881 1963 935 A6-

345 987 477 1040 γοις
505 968 635 1025 καθ’
670 968 946 1039 Ἐλλήνων
980 969 1079 1023 καὶ
1099 968 1368 1041 αἱρέσεων
1408 970 1501 1025 τὸν
1533 972 1725 1041 ἀγῶνα
1750 974 1964 1047 εἰσενη-

348 1063 658 1133 νεγμένοι,
708 1059 981 1133 σποράδην
1029 1061 1087 1116 δὲ
1116 1061 1211 1115 καὶ
1239 1060 1433 1134 ὥσπερ
1453 1063 1552 1118 οὐκ
1589 1064 1648 1117 ἐν
1672 1064 1826 1130 τάξει
1864 1067 1963 1139 τὴν

354 1154 481 1208 τῶν
530 1152 834 1223 κεφαλαίων
880 1153 1191 1224 παράθεσιν
1234 1154 1519 1209 κάνταῦθα
1558 1159 1815 1225 ποιεῖται,
1868 1159 1964 1213 καὶ

364 1245 477 1315 τὴν
503 1245 684 1298 αίτίαν
706 1242 897 1314 ὥσπερ
926 1244 1222 1308 ἀποδιδοὺς
1240 1245 1298 1298 ἐν
1325 1244 1404 1318 τῷ
1432 1247 1576 1301 τέλει
1599 1247 1695 1301 τοῦ
1727 1248 1961 1319 ἐϐδόμου

369 1336 533 1405 λόγου
599 1336 788 1398 αὐταῖς
835 1333 1052 1401 λέξεσιν
1082 1335 1260 1405 οὕτως
1287 1336 1438 1407 λέγει
1464 1354 1479 1368 ο
1524 1339 1776 1394 ιΤούτων
1825 1343 1963 1412 ἡμῖν

368 1426 881 1498 προδιηνυσμένων,
929 1429 1025 1482 καὶ
1079 1429 1177 1483 τοῦ
1218 1430 1415 1503 ἠθικοῦ
1450 1431 1622 1486 τύπου
1659 1433 1735 1496 ὡς
1772 1434 1830 1488 ἐν
1872 1451 1964 1488 κε-

362 1519 617 1589 φαλαίοις
651 1519 1070 1592 ὑπογραφὲντος
1111 1523 1181 1588 ⁸⁵,
1236 1525 1517 1596 σποράδην
1548 1543 1631 1590 τε,
1676 1526 1752 1589 ὡς
1776 1527 1821 1558 ¹⁶
1862 1526 1964 1579 ὑπ-

355 1615 666 1684 εσχήμεθα,
687 1615 788 1667 καὶ
809 1614 1218 1687 διερῤιμμένως
1247 1615 1317 1668 τὰ
1337 1614 1570 1688 ζώπυρα
1592 1617 1693 1689 τῆς
1725 1616 1962 1689 ἀληθοῦς

351 1705 623 1773 γνώσεως
672 1707 1238 1778 ἐγκατασπειράντων
1270 1706 1594 1780 μαθήματα,
1634 1709 1711 1774 ὡς
1743 1710 1819 1783 μὴ
1858 1711 1961 1782 ρᾳ-

346 1800 471 1851 δξαν
518 1795 669 1853 εἶναι
710 1798 792 1870 τῷ
841 1800 1196 1872 περιτυχόντι
1243 1800 1356 1854 τῶν
1394 1802 1664 1872 ἀμυήτων
1703 1805 1806 1874 τὴν
1851 1803 1962 1857 τῶν

2068 601 2136 656 de
2164 601 2492 670 imaginibus
2526 604 2901 658 commeminit
2927 604 3067 673 (65).

2801 694 2942 750 CXI.
3296 750 3299 751 ,

2411 783 2671 855 Ejusdem
2711 785 2999 841 Stromatei
3031 787 3159 842 libri
3196 804 3320 845 vm.

2137 876 2477 934 Stromateon
2523 889 2702 932 autem
2733 877 2853 933 libri
2885 894 3104 948 quoque
3133 889 3262 936 octo
3290 890 3440 948 sunt,
3462 883 3662 937 adver-

2066 984 2162 1026 sus
2212 984 2456 1040 paganos
2494 980 2660 1039 atque
2705 971 2939 1026 haereses
2978 987 3215 1043 pugnam
3258 974 3606 1030 instituentes
3642 990 3660 1031 :

2068 1063 2122 1117 in
2158 1062 2353 1132 quibus
2383 1063 2509 1117 item
2534 1062 2792 1132 sparsim,
2819 1073 2874 1117 et
2909 1078 3016 1119 nou
3045 1064 3240 1120 ordine
3264 1068 3441 1136 capita
3468 1082 3665 1123 recen-

2066 1171 2280 1215 sentur.
2327 1158 2495 1227 Cujus
2527 1158 2683 1227 quasi
2717 1160 2981 1214 rationem
3038 1162 3268 1216 reddere
3316 1163 3369 1216 in
3410 1173 3665 1219 extremo

2066 1252 2206 1307 libro
2238 1251 2471 1321 septimo
2502 1251 2652 1305 hisce
2678 1251 2793 1305 fere
2819 1250 2998 1305 verbis
3017 1253 3237 1306 videtur
3267 1271 3280 1309 :
3316 1272 3335 1306 ι
3384 1253 3507 1307 Haec
3531 1269 3657 1308 cmn

2067 1361 2098 1399 a
2132 1343 2291 1399 nobis
2329 1344 2437 1412 jam
2477 1350 2637 1397 antea
2677 1352 3007 1412 pertractata
3039 1346 3169 1407 sint,
3219 1352 3274 1397 et
3308 1360 3519 1398 morum
3564 1344 3656 1398 illa

2065 1436 2254 1491 rndior
2300 1434 2532 1489 formula
2573 1449 2672 1505 per
2695 1450 2907 1488 summa
2940 1435 3088 1488 velut
3138 1436 3338 1502 capita,
3394 1447 3658 1499 quantum

2064 1526 2290 1597 polliciti
2325 1539 2535 1590 sumus,
2562 1524 2792 1595 sparsim
2822 1525 3095 1593 descripta
3125 1543 3138 1579 :
3178 1525 3268 1587 iis,
3302 1540 3421 1593 qua:
3454 1528 3519 1578 ad
3557 1541 3658 1579 ve-

2065 1632 2181 1672 ram
2220 1616 2466 1671 excitant
2494 1615 2892 1686 cognitionem,
2943 1618 3294 1685 dogmatibus
3322 1617 3394 1670 ita
3426 1618 3515 1671 hic
3550 1618 3660 1672 illic

2066 1706 2353 1775 inspersis,
2401 1717 2461 1761 ut
2498 1721 2587 1760 res
2620 1705 2739 1759 illas
2766 1720 2955 1759 sacras
2990 1715 3182 1759 nactus
3230 1705 3521 1775 quispiam,
3559 1706 3655 1773 qui

2065 1799 2343 1869 mysteriis
2372 1798 2573 1853 nostris
2606 1798 2853 1852 initiatus
2890 1812 2996 1851 non
3029 1798 3123 1859 sit,
3149 1798 3292 1851 haud
3318 1797 3479 1851 facile
3501 1812 3649 1850 com-

343 1891 527 1959 ἁγίων
569 1867 819 1963 εὕρεσιν,
837 1906 856 1942 ι
885 1867 980 1944 καὶ
1005 1867 1135 1961 ἐξῆς
1162 1891 1227 1946 ⁸⁷.
1269 1890 1334 1945 Ἦ
1359 1867 1460 1964 μὲν
1490 1867 1584 1946 οῦν
1611 1894 1707 1947 τοῦ
1736 1867 1783 1924 ίδ
1812 1894 1961 1967 διερ-

2067 1867 2245 1962 ρέιὶιιι.
2275 1889 2390 1962 (64)
2428 1908 2447 1941 ι
2488 1898 2544 1944 et
2576 1903 2697 1959 qua:
2720 1899 3047 1957 sequuntur.
3082 1886 3210 1941 Haec
3247 1887 3434 1956 igitur,
3464 1887 3659 1955 ntipse

346 1983 655 2055 ῥιμμὲνως
706 1984 851 2038 αὐτὰ
908 1983 1215 2049 κατατάξαι
1264 1984 1416 2057 αὐτῷ
1481 1986 1630 2039 αἰτία
1675 1985 1839 2058 αὕτη,
1885 1986 1962 2050 ὣς

344 2093 517 2145 φησι,
567 2076 819 2145 γέγονεν.
866 2070 1041 2148 Εὗρον
1073 2077 1262 2148 μέντοι
1296 2094 1363 2147 γε
1404 2076 1463 2131 ἐν
1490 2096 1597 2132 τινι
1629 2078 1845 2149 παλαιῷ
1880 2079 1963 2151 βι-

348 2166 494 2238 ϐλίῳ
520 2167 626 2241 τὴν
642 2167 815 2239 αὐτὴν
832 2167 1230 2238 πραγματείαν
1253 2168 1373 2239 οὐχ).
1390 2169 1760 2240 Στρωμιιτεῖς
1801 2171 1962 2241 μόνον

348 2260 842 2332 ἐπιγραφομένην,
875 2260 992 2314 ἀλλ’
1022 2248 1333 2332 ὀλοιιλήρως
1356 2258 1552 2328 οὕτως,
1598 2261 1775 2316 Τιτοῦ
1805 2265 1963 2317 Φλα-

353 2354 416 2406 ϐἰ
422 2370 497 2407 ου
524 2352 572 2384 ¹⁹
617 2351 974 2423 Κλήμεντος
1016 2353 1430 2421 πρεσϐυτέρου
1473 2353 1952 2422 Ἀλεξανδρείας,

352 2444 481 2501 τῶν
527 2446 687 2500 κατὰ
740 2446 859 2513 τὴν
907 2444 1112 2515 ἀληθῆ
1167 2445 1548 2515 φιλοσοφίαν
1604 2446 1961 2515 τνωστικῶν

352 2537 815 2608 ὑπομνημάτων
838 2534 1239 2607 Στρωματέων
1263 2542 1337 2603 α’,
1366 2536 1448 2603 β’,
1484 2530 1565 2607 τ’,
1587 2536 1658 2604 0',
1691 2538 1757 2604 ε’,
1781 2543 1857 2604 ς’,
1881 2536 1960 2606 ζ’,

354 2632 463 2687 καὶ
485 2631 566 2700 η’.
600 2631 745 2685 Ἀλλ’
780 2632 808 2684 ὁ
845 2631 947 2702 μὲν
972 2630 1192 2701 πρῶτος
1229 2631 1276 2662 ²⁰
1307 2632 1469 2703 μέχρι
1490 2630 1587 2684 τοῦ
1612 2632 1840 2703 ἑϐδόμου
1860 2633 1962 2704 τὴν

356 2726 533 2797 αὐτὴν
559 2725 777 2796 ἔχουσιν
812 2723 1128 2795 ἐπιγραφὴν
1162 2723 1261 2777 καὶ
1289 2724 1480 2778 ἐνιαίοι
1508 2725 1874 2796 τυγχάνουσιν
1901 2727 1961 2780 ἐν

356 2820 540 2873 ἆπασι
584 2820 699 2880 τοῖς
742 2815 970 2887 βιϐλίοις
1003 2832 1019 2847 ⁸
1062 2818 1091 2869 ὁ
1140 2816 1326 2887 μέντοι
1376 2816 1562 2886 δγδοος
1603 2818 1861 2891 διάφορός
1899 2819 1960 2873 τέ

354 2914 479 2964 ἐστι
522 2910 621 2963 καὶ
662 2911 728 2980 τῇ
764 2910 1053 2980 ἐπιγραφῇ
1079 2909 1172 2962 καὶ
1208 2907 1287 2979 τῷ
1319 2909 1528 2979 ἐδάφει.
1577 2910 1668 2964 Ἐν
1704 2911 1818 2964 τισὶ
1858 2910 1961 2982 μὲν

351 3004 490 3074 γάρ·
537 3003 637 3069 Τίς
675 3004 707 3055 ὀ
729 2998 1067 3070 σωζόμενος
1108 3001 1413 3066 πλούσιος
1441 3001 1831 3073 ἐπιγράφεται,
1858 3001 1956 3055 καὶ

350 3095 593 3166 ἄρχεται
642 3093 816 3157 οὕτως
841 3107 857 3124 ·
893 3093 988 3146 (Οἱ
1029 3092 1128 3160 μὲν
1162 3094 1291 3155 τοὺς
1337 3094 1816 3163 ἐγκωμιαστικοῦ(
1865 3092 1958 3147 λό⁴

351 3206 512 3257 γους,
528 3209 549 3240 ι
576 3188 671 3241 καὶ
687 3186 835 3258 ἐξῆςο
856 3188 915 3239 ὲν
931 3188 1041 3239 τισὶ
1052 3186 1109 3240 δὲ
1124 3188 1515 3257 Στρωματεὺς
1536 3190 1752 3259 ὄγδοος
1766 3189 1849 3243 ὥσ
1858 3207 1958 3261 περ
1982 3221 2028 3280 C

348 3282 450 3335 καὶ
479 3282 533 3333 οἱ
564 3279 672 3350 πρὸ
696 3280 861 3332 αὑτοῦ
884 3279 1049 3345 ἐπτὰ,
1075 3280 1470 3350 ἐπιγράφεται,
1497 3280 1592 3335 καὶ
1619 3281 1951 3352 ἀπάρχεται’

355 3395 374 3424 σ
400 3373 553 3427 Ἀλλ’
583 3372 706 3426 οὐδὲ
729 3372 779 3425 οἱ
813 3370 1141 3425 παλαίτατοι
1164 3371 1276 3426 τῶν
1296 3371 1662 3442 φιλοσόφων,›
1688 3374 1785 3427 κα)⁸
1802 3373 1953 3443 ἑξῆς.

347 3464 507 3537 Αὕτη
556 3464 613 3519 δὲ
657 3465 691 3535 ἠ
730 3463 841 3518 τῶν
883 3462 1286 3534 Στρωματέων
1334 3462 1518 3536 βίϐλος
1571 3464 1790 3535 ἐνιαχοῦ
1856 3466 1955 3537 οὐχ

350 3558 531 3626 ὑγιῶς
570 3555 956 3625 διαλαμϐάνει,
980 3555 1040 3609 οὐ
1080 3554 1264 3626 μέντοι
1291 3572 1357 3625 γε
1385 3553 1579 3628 ὥσπερ
1605 3557 1662 3610 αἱ
1699 3556 1955 3612 Ὑποτυ-

349 3650 590 3716 πώσεις
610 3691 626 3716 ,
652 3649 789 3704 ἀλλὰ
833 3649 929 3702 καὶ
962 3647 1102 3720 πρὸς
1127 3648 1301 3703 πολλά
1326 3649 1436 3703 τῶν
1465 3648 1585 3703 ἐκεῖ
1603 3649 1952 3722 διαμάχεται,

437 3741 880 3811 Ἑπαγγέλλεται
911 3741 970 3796 δὲ
994 3742 1090 3795 καὶ
1122 3741 1260 3796 ἄλλα
1289 3743 1625 3814 πεποιῆσθαι
1644 3743 1794 3815 αὐτῷ
1828 3762 1957 3814 συγ-

352 3834 669 3905 γράμματα
707 3834 809 3886 οὐκ
847 3832 1026 3902 ὀλίγα,
1068 3833 1164 3887 καί
1189 3850 1255 3903 γε
1302 3835 1398 3889 καὶ
1420 3835 1513 3905 ὑφ’
1541 3836 1748 3908 ἐτέρων
1770 3854 1958 3890 πεποι-

361 3929 560 3998 mem
584 3927 1011 3999 μεμαρτύρηται
1042 3928 1182 3995 Περὶ
1214 3945 1275 3981 τε
1295 3929 1407 3984 τοῦ
1445 3929 1663 4000 Πάσχα
1693 3931 1785 3984 καὶ
1812 3932 1956 4000 Περὶ

364 4020 674 4084 νηστείας,
708 4021 803 4072 καὶ
827 4019 970 4087 Περί
992 4021 1370 4091 κακολογίας,
1393 4021 1532 4089 Περὶ
1556 4024 1834 4077 κανόνων
1854 4022 1955 4077 ἐκ·

354 4110 821 4179 κλησιαστικῶν
852 4113 1005 4167 κατὰ
1033 4112 1154 4166 τῶν
1191 4113 1691 4169 ἀκολουθούντων
1726 4113 1804 4184 τῇ
1837 4114 1956 4169 τῶν

363 4204 689 4259 Ἰουδαίων
712 4206 943 4273 πλάνῃ,
967 4204 1026 4257 ὃν
1042 4204 1377 4276 Ἀλεξάνδρῳ
1409 4205 1799 4277 Ἰεροσολύμων
1832 4209 1953 4261 ἐπι-

347 4300 553 4368 σκόπῳ
601 4300 929 4366 προσειπεῖν
953 4298 1021 4351 ²¹.
1055 4298 1315 4367 Ἥκμασε
1344 4297 1400 4350 δέ
1433 4296 1676 4368 Σεϐήρου
1711 4299 1808 4352 καὶ
1833 4301 1953 4355 Ἀν-

347 4389 590 4441 τωνίνου
629 4386 745 4441 υἱοῦ
776 4385 943 4441 αὑτοῦ
993 4384 1215 4457 Ῥώμης
1246 4385 1661 4456 βασιλευόντων.

1002 4477 1152 4546 PIB',
1182 4478 1327 4532 PII".

350 4580 716 4645 Κλήμεντος
744 4580 851 4627 τοῦ
892 4580 1126 4640 Ῥώμης
1145 4580 1415 4638 διαταταὶ
1444 4580 1564 4625 τῶν
1594 4580 1736 4642 artat

580 4647 850 4710 στόλων,
883 4642 1372 4712 Ἀνατνωρισταὶ,
1391 4646 1491 4699 καὶ
1518 4642 1736 4700 τᾶλλα.

432 4745 568 4821 [289
624 4743 718 4823 8.]
787 4741 1132 4814 Ἀνεγνώσθη
1199 4739 1520 4810 Κλήμεντος
1570 4739 1663 4793 τοῦ
1734 4742 1954 4817 Ῥώμης

2064 1984 2291 2049 fatetur,
2322 1997 2487 2038 causa
2525 1981 2650 2046 fuit,
2683 1997 2782 2037 cur
2812 1982 2914 2035 ista
2940 1981 3060 2036 sine
3083 1980 3275 2035 ordine
3297 1979 3656 2047 congesserit.

2065 2077 2261 2147 Reperi
2293 2085 2474 2130 autem
2506 2075 2561 2130 in
2605 2083 2891 2145 pervetere
2922 2071 3223 2140 exemplari
3248 2071 3352 2125 hoc
3376 2085 3515 2140 Opus
3549 2087 3663 2124 non

2064 2171 2244 2225 solum
2281 2168 2623 2225 Stromateon
2670 2166 2892 2220 nomine
2924 2164 3282 2232 inscriptum,
3320 2164 3414 2219 sed
3447 2163 3659 2231 integre

2063 2260 2132 2314 ad
2171 2259 2320 2314 hunc
2381 2257 2595 2311 modum
2631 2275 2645 2311 :
2677 2255 2787 2309 Titi
2817 2253 3000 2308 Flavii
3039 2252 3153 2325 (65)
3186 2253 3471 2309 Clementis
3507 2269 3661 2323 pres-

2063 2350 2230 2420 byteri
2286 2346 3061 2404 Alexandrini'Gnosticarum
3109 2345 3223 2417 (66)
3250 2346 3538 2399 secundum
3572 2362 3660 2399 ve—

2064 2457 2183 2496 ram
2221 2440 2615 2509 philttwpht'am
2664 2441 3175 2495 Commentationum
3223 2440 3563 2495 Stromateus
3614 2456 3656 2504 I,

2063 2553 2129 2603 ιι,
2163 2551 2247 2601 ιιι,
2280 2552 2355 2603 tv,
2392 2549 2550 2603 v,vr,
2591 2550 2686 2600 vn,
2724 2549 2847 2589 vttt.
2884 2536 2964 2590 Ac
2989 2535 3152 2604 primi
3185 2535 3405 2604 quidem
3447 2546 3657 2604 septum

2063 2631 2317 2686 eumdem
2345 2628 2643 2701 prteferunt
2672 2628 2914 2696 titulum,
2949 2629 3226 2697 iidemque
3262 2641 3492 2698 prorsus
3526 2636 3658 2683 sunt

2062 2723 2119 2778 in
2150 2720 2407 2777 omnibus
2429 2719 2730 2775 codicibus.
2767 2720 2969 2775 Verum
3014 2727 3265 2784 octavus,
3298 2735 3421 2773 cum
3453 2719 3654 2774 inscri-

2062 2816 2270 2885 ptione,
2315 2821 2430 2869 tum
2478 2813 2557 2868 rei
2607 2812 2864 2882 subjecta:
2903 2812 3156 2876 materia,
3195 2811 3393 2869 variat.
3426 2810 3482 2864 ln
3532 2810 3657 2879 qni-

2062 2910 2288 2964 busdam
2317 2909 2463 2963 enim
2501 2907 2820 2963 inscribitur
2851 2924 2864 2961 :
2903 2906 3039 2972 Qui:
3066 2905 3210 2959 dives
3254 2904 3485 2959 salvetur
3512 2904 3652 2974 (67),

2061 3000 2288 3070 ejusque
2314 2999 2637 3070 principium
2655 3006 2770 3053 est:
2795 3016 2813 3049 ι
2839 2997 2941 3066 Qui
2962 2997 3296 3052 laudatorias
3309 2997 3606 3060 orationes,
3628 3013 3648 3048 ι

2060 3103 2118 3148 et
2147 3093 2381 3162 reliqua.
2416 3094 2479 3147 In
2527 3092 2649 3146 aliis
2692 3104 2841 3158 vero,
2882 3090 3215 3146 Stromateus
3247 3101 3485 3154 octavus,
3511 3102 3569 3144 ut
3601 3100 3658 3145 et

2064 3185 2259 3255 reliqui
2308 3194 2516 3255 septem
2562 3184 2713 3248 libri,
2759 3183 3103 3250 inscribitur,
3141 3190 3198 3239 et
3217 3182 3449 3253 incipit:
3487 3202 3507 3235 ι
3548 3182 3656 3237 Sed

2062 3291 2242 3346 neque
2274 3274 2581 3346 philosophi
2607 3274 3002 3344 antiquissimi,
3029 3294 3049 3327 ι
3082 3282 3652 3345 quaequesequuntnr.

2062 3368 2405 3424 Stromateon
2443 3379 2623 3422 autem
2650 3367 2787 3422 liber
2815 3368 2907 3421 hic
2932 3367 3130 3423 alicubi
3156 3382 3264 3422 non
3293 3382 3427 3422 sana
3447 3369 3651 3433 tradit;

2061 3478 2168 3518 non
2222 3472 2399 3516 tamen
2430 3470 2491 3516 ut
2526 3459 2915 3533 Hypotyposes.
2940 3457 3085 3515 Nam
3122 3459 3291 3514 multa
3330 3460 3495 3515 etiam
3531 3473 3655 3529 quae

2060 3556 2130 3611 ibi
2160 3555 2301 3610 dicta
2335 3554 2578 3621 luerunt,
2610 3561 2912 3625 oppugnat.

2128 3757 2405 3813 Feruntur
2464 3764 2645 3813 autem
2681 3756 2750 3811 ab
2788 3755 2977 3811 eodem
3021 3754 3124 3809 alia
3161 3769 3264 3809 non
3309 3769 3477 3831 pauca
3517 3771 3650 3811 con-

2059 3850 2284 3918 scripta.
2318 3847 2383 3901 Et
2422 3861 2551 3901 vero
2578 3848 2742 3901 etiam
2770 3847 2861 3901 alii
2889 3845 3003 3918 (68)
3036 3848 3413 3916 composuisse
3437 3856 3648 3901 testan-

2061 3953 2149 4001 tur
2169 3943 2246 3997 De
2282 3942 2556 4011 paschale,
2604 3941 2682 3997 De
2718 3943 2954 4012 jejunio,
3000 3942 3079 3996 De
3122 3942 3523 4007 obtrectatione,
3573 3943 3650 3998 De

2058 4034 2351 4091 cananibus
2380 4034 2777 4099 ecclesiasticis,
2797 4047 2853 4090 et
2880 4036 3148 4089 Adversus
3176 4051 3263 4088 eos
3315 4036 3406 4104 qui
3425 4035 3649 4090 Iudaeo-

2058 4144 2176 4181 rum
2233 4143 2462 4185 errorem
2516 4139 2825 4198 sequuntur,
2874 4127 3059 4199 90a,
3127 4143 3287 4199 quem
3336 4128 3649 4183 Alexandro

2058 4218 2558 4289 Hierosolymorum
2590 4220 2847 4293 episcopo
2876 4236 3222 4290 nuncupasse
3249 4220 3485 4276 videtur.
3522 4222 3648 4275 Cla-

2059 4312 2170 4366 ruit
2204 4327 2333 4367 vero
2365 4312 2570 4370 Severo
2609 4324 2663 4371 et
2708 4298 2990 4377 Antonino
3032 4314 3140 4388 (69)
3168 4315 3289 4385 cjus
3318 4316 3429 4371 lilio
3462 4316 3650 4372 Rmnte

2060 4402 2476 4473 imperantibus.

2661 4498 2823 4565 CXII,
2850 4500 3031 4558 CXIII.

454 4575 731 4665 ήμεντορ.
744 4572 851 4627 τοῦ
883 4571 1126 4665 ’Ῥώμης
1145 4570 1415 4665 διαταγαὶ
1444 4570 1780 4665 τῷνὶιξζίων
1806 4575 1954 4639 ἀπο-

2065 4585 2339 4649 Clementis
2366 4588 2591 4665 Romani
2607 4605 2755 4657 pont.
2799 4593 3213 4648 Constitutiones
3240 4596 3644 4665 apostolorum,

2530 4658 2932 4731 Recognitiones
2961 4675 3009 4718 et
3050 4668 3181 4720 alia.

2132 4748 2388 4821 Legimus
2407 4752 2703 4810 Clementis
2729 4755 2958 4811 Romani
2992 4767 3144 4827 pont.
3187 4758 3449 4815 librorum
3498 4761 3649 4815 volu-

1674 4832 1907 4892 VARUE
1953 4837 2252 4899 LECTION
2259 4845 2365 4902 ES.

434 4936 495 5007 *9
521 4934 934 5007 ὑπογράφοντρς
962 4948 1036 5007 si-
1117 4929 1161 5007 ‘.‘
1189 4946 1280 5007 '56,.
1308 4927 1502 5007 $4.5:
1524 4928 1667 4994 τέως
1711 4949 1775 5007 se

360 5009 407 5041 ⁸⁸
438 4997 680 5061 Φλαυίου
700 4997 766 5060 Δ.
840 5003 887 5034 ’⁸
913 4999 1158 5074 πρῶτος(
1187 5001 1224 5055 ἄ
1254 4997 1300 5053 Α
1330 5018 1343 5054 :
1377 4999 1565 5070 ὄγδοος
1602 5018 1663 5065 ς.

1766 4970 1808 5033 ι.
1848 4932 3066 5033 113‘.“‘_:<‘:f§is_s_:_tsiestertere“
3114 4945 3254 5017 αὕτη
3301 4948 3423 5003 θαά-
3475 4966 3533 5004 το
3574 4947 3641 5005 Α·

1847 5013 1970 5073 post
1999 5013 2319 5075 προσειπεῖν
2347 5027 2471 5066 cum
2506 5010 2553 5066 Α
2584 5013 2746 5069 omisi
2771 5013 2971 5079 ἔδοξεν.

1887 5096 2124 5156 NOTAE.

433 5189 744 5266 (65)_Facit_
767 5184 1276 5266 libenter_Phot_ius,
1306 5195 1363 5239 ut
1397 5200 1518 5266 qua:
1550 5186 1603 5240 in
1643 5187 1749 5256 piis
1782 5202 1944 5266 repe-_
2044 5192 2522 5266 nem_facientinm
2551 5211 2650 5266 per
2682 5213 2773 5254 me
2807 5198 3035 5255 dixeris.

362 5256 451 5320 rit
474 5256 835 5331 scriptoribus
865 5272 981 5331 pro_
1008 5258 1306 5331 imaginum
1333 5256 1483 5331 cultu
1516 5267 1763 5331 annotet,
1799 5259 1947 5325 quod

2119 5263 2233 5338 (_6'l)
2268 5265 2472 5338 Euseb.
2501 5263 2655 5334 supr.
2684 5270 3019 5338 singularem
3039 5271 3182 5327 hunc
3202 5271 3444 5327 libellum
3477 5271 3638 5328 facit:

358 5325 601 5413 vigeret
625 5341 775 5413 tunc,
798 5325 933 5393 cum
952 5328 1088 5413 ‘haﬁe‘
1118 5325 1410 5413 scriberet,
1456 5325 1946 5413 l'gpnomacborunt
2045 5342 2102 5413 et
2127 5325 2395 5413 :in'editis
2419 5325 2685 5413 omnibus
2700 5325 2844 5413 .illi'td
2872 5325 3213 5405 alterumde
3242 5325 3641 5413 antiquissimis

361 5392 608 5461 haeresis.
631 5392 771 5456 Vide
797 5392 842 5455 ε.
869 5397 991 5454 cod.
1019 5396 1110 5459 29,
1141 5404 1196 5452 et
1218 5392 1348 5450 infr.
1381 5400 1434 5453 in
1464 5395 1647 5455 Pierio
1671 5399 1796 5453 cod.
1823 5398 1946 5455 H9.

376 5492 381 5495 ·
434 5474 552 5545 (ιιι)
607 5471 736 5529 .Τοῦ
772 5468 967 5539 ἠθικοῦ
994 5466 1191 5535 τύπου,
1244 5481 1342 5537 pro
1387 5483 1495 5537 quo
1542 5468 1632 5523 alii
1663 5469 1830 5523 τόπου
1876 5471 1953 5525 leo

361 5555 552 5682 nais)
572 5584 744 5679 Quem
769 5610 986 5682 titulum
1012 5609 1242 5682 totidem
1268 5607 1557 5682 elementis
1587 5610 1946 5682 aputhttseb.

361 5678 486 5755 lego
519 5678 723 5739 Eccles.
758 5680 968 5737 Hister.
1005 5680 1098 5734 lib.
1123 5694 1200 5755 γι,
1235 5694 1287 5737 c.
1323 5679 1470 5755 7_._ex
1500 5680 1673 5755 ipsius
1692 5678 1951 5755 .Cletnenf

2046 5402 2392 5479 philosophis
2418 5406 2637 5479 initium
2672 5408 2886 5479 legitur.

2123 5475 2234 5550 (ϐξ)
2264 5475 2434 5533 Divus
2468 5475 2833 5550 llieronymus
2859 5480 2953 5536 lib.
2980 5480 3058 5536 De
3108 5482 3477 5537 ecclesiasticis
3511 5502 3641 5539 scrt-

2051 5547 2291 5615 ptoribu:
2328 5562 2457 5621 _cap.
2491 5546 2597 5621 '58_.
2617 5546 2825 5621 Quibus
2852 5550 2993 5607 adde
3019 5552 3087 5606 ab
3116 5553 3348 5620 ipsomet
3372 5554 3539 5609 citata
3567 5556 3641 5609 De

2055 5618 2633 5688 resurrectioneube
2667 5621 2895 5688 nuptiis,
2944 5621 3020 5676 De
3067 5618 3414 5687 continentia,
3469 5634 3524 5679 et
3571 5627 3643 5679 ab

2051 5685 2252 5765 Euseb.
2287 5685 2431 5765 Hist.
2471 5685 2675 5765 Eccles.
2729 5685 2825 5746 lib.
2875 5705 2949 5757 γι,
2979 5706 3101 5764 cap.
3144 5693 3233 5759 il,
3275 5691 3347 5749 De
3374 5685 3639 5765 patientia

363 5749 447 5811 tis
480 5755 574 5809 lib.
602 5769 643 5819 t,
678 5768 761 5821 ιιι,
789 5762 847 5807 et
881 5766 937 5816 v,
966 5750 1230 5805 extremis
1256 5750 1457 5816 verbis,
1491 5749 1620 5805 alibi
1646 5767 1753 5805 non
1774 5753 1946 5809 setnel
2050 5757 2121 5809 ad
2165 5774 2342 5809 recens
2376 5750 2697 5825 baptizatos.

365 5835 902 5969 ηῗὲἓῖῗοεηίιῑοηο
931 5890 1280 5959 refertarum,
1312 5890 1427 5947 sive
1469 5892 1637 5949 etiam
1667 5892 1935 5963 cognitio-

2117 5827 2232 5887 t69)
2260 5829 2633 5898 Cognomcnto
2663 5829 2969 5887 Caracalla.
