4062 6456
461 324 566 388 387
1627 333 1897 396 PHOTII
1927 334 2036 394 PA'.

2140 333 2432 396 [ARCH/E
2472 339 2580 402 CP.
3645 346 3754 410 388

464 443 608 492 mina
635 437 764 492 duo.
815 436 1018 492 llornm
1049 439 1207 496 alteri
1242 440 1330 496 hic
1380 451 1467 497 est
1509 442 1698 497 titulus
1729 463 1743 498 :
1777 443 2036 498 Constitw

2151 447 2318 518 τεύχη
2340 448 2564 518 βιϐλίων
2583 448 2700 515 δύο,
2727 443 2803 504 ὧν
2826 450 2888 504 τὸ
2919 451 3018 521 μὲν
3046 452 3437 522 ἐπιγράφεται,
3464 455 3754 525 Διαταγαι

464 534 636 584 tiones
665 533 1026 596 apostolorum
1067 550 1162 602 per
1200 533 1522 589 Clementem
1556 535 1669 606 (70)
1701 538 2036 607 continetqm

2159 539 2281 594 τῶν
2313 540 2679 596 ἀποστόλων
2716 543 2815 598 διὰ
2850 544 3220 613 Κλήμεντος,
3252 545 3312 598 ἐν
3349 539 3394 613 ᾧ
3424 548 3520 600 καὶ
3547 549 3598 600 ol
3640 548 3757 601 τῶν

461 623 754 692 synodieos
812 641 1055 680 canones
1111 626 1233 681 illos
1288 628 1379 695 qui
1440 628 1813 696 apostolorum
1884 639 2029 684 cmtu

2161 632 2454 685 συνοδικῶν
2505 634 2750 687 κανόνων
2793 634 2872 705 τῷ
2919 635 3251 706 ἀθροίσματι
3278 635 3390 690 τῶν
3431 636 3756 693 ἀποστόλων

460 715 828 769 ascribuntur.
848 717 1094 770 Alterum
1133 730 1315 772 autem
1337 719 1858 788 volumenfepistolae
1876 720 2036 775 form:

2156 724 2383 788 κανόνες
2450 726 2884 797 ἐπιγραφόμενοι
2943 729 3331 798 περιέχονται·
3395 729 3458 784 τὸ
3514 730 3575 785 δέ
3647 733 3756 801 τὴν

457 806 664 861 Jacobo
721 807 876 863 fratri
911 808 1126 863 Domini
1167 811 1472 868 dedicatur.
1536 813 1709 867 Habet
1740 814 1844 868 hoc
1894 815 2048 882 Acta,

458 916 579 969 qua:
608 901 884 968 dicuntur,
922 901 1071 956 Petri
1104 905 1352 972 apostoli,
1384 916 1430 957 et
1481 921 1600 958 cum
1648 905 1866 959 Simone
1893 906 2050 976 Mago

458 996 856 1049 dissertationes
909 1013 923 1049 :
985 994 1418 1066 Recognitionem
1471 999 1659 1053 adluec
1737 997 2045 1062 Clementis,

457 1085 674 1155 ejusque
699 1088 957 1154 parentis,
983 1099 1094 1140 tum
1130 1088 1364 1141 aliorum
1389 1089 1643 1157 fratrum.
1685 1088 2046 1155 Quamobrem

463 1179 626 1231 etiam
661 1179 713 1232 in
746 1180 1074 1247 quibusdam
1099 1180 1378 1234 codicibus
1407 1181 1521 1234 hzec
1547 1182 1596 1234 ei
1628 1182 1913 1249 inscriptio
1945 1183 2047 1236 tri-

458 1269 639 1322 buitur
670 1287 683 1322 :
716 1269 998 1324 Clementis
1037 1270 1261 1324 Romani
1316 1272 1644 1341 Recognilio,
1701 1275 1751 1327 in
1787 1273 1908 1326 aliis
1960 1283 2046 1327 ta—

458 1373 608 1423 men,
634 1359 709 1410 nti
745 1359 1005 1421 diximus,
1063 1360 1292 1429 epistola
1343 1362 1644 1432 pra'llgitur
1683 1372 1943 1432 tanquam
1979 1366 2045 1417 ad

459 1451 686 1505 fratrem
721 1452 931 1505 Domini
965 1451 1267 1519 Jacobum;
1337 1463 1393 1507 et
1443 1454 1557 1507 haec
1607 1469 1783 1524 neque
1832 1456 2043 1520 eadem,

458 1559 634 1612 neque
660 1554 719 1595 ut
749 1546 814 1596 ab
842 1547 1030 1598 eodem
1064 1545 1328 1611 profecta,
1351 1546 1444 1599 sed
1471 1546 1521 1600 in
1547 1546 1702 1601 libris
1741 1549 2042 1612 nonnullis,

455 1636 620 1689 veluti
656 1650 685 1687 a
714 1635 876 1688 Petro
927 1637 1173 1704 apostolo
1198 1638 1264 1690 ad
1293 1635 1557 1691 Jacobum
1605 1640 1798 1704 missa,
1833 1641 1886 1694 in
1920 1640 2044 1695 aliis

455 1740 644 1778 rursus
671 1735 928 1792 tanquam
967 1740 994 1777 a
1020 1725 1303 1780 Clemente
1332 1728 1398 1780 ad
1430 1726 1714 1794 Jacobum,
1740 1728 1846 1782 alia
1879 1739 2043 1798 atque

452 1818 558 1871 alia
595 1827 655 1871 ut
684 1819 843 1871 modo
876 1818 1132 1871 diximus.
1172 1817 1378 1873 llarum
1411 1820 1560 1889 prior
1579 1822 1820 1875 ostendit
1842 1821 2046 1891 ipsum-

452 1920 565 1964 met
583 1909 802 1964 Petrum
839 1925 975 1964 resa
1000 1925 1059 1964 se
1080 1920 1260 1978 gestas
1293 1912 1705 1981 conscripsisse,
1754 1921 1807 1965 et
1845 1912 2049 1968 Jacobo

454 2020 550 2059 eas
572 2003 873 2073 postulanti
911 2003 1128 2057 misisse
1163 2021 1178 2057 :
1216 2003 1384 2057 altera
1415 2019 1544 2059 vero
1594 2003 1761 2059 refert
1795 2005 2048 2060 Clemen-

452 2107 560 2151 tem
589 2095 738 2151 Petri
770 2096 924 2163 jussu
959 2096 1178 2151 easdem
1209 2113 1297 2152 res
1332 2109 1514 2168 gestas
1555 2099 1754 2154 litteris
1778 2101 2045 2171 proditas,

449 2199 734 2259 postquam
767 2189 982 2256 illejam
1021 2190 1089 2243 ad
1135 2189 1499 2245 immortalem
1523 2193 1940 2262 commigrasset
1964 2194 2047 2248 vi-

451 2290 558 2334 tam
597 2278 800 2334 Jacobo
852 2281 1244 2334 transmisisse.
1305 2279 1386 2334 Ex
1436 2295 1544 2348 quo
1579 2281 1898 2351 conjectura
1952 2297 2047 2337 ca-

449 2374 593 2441 pitur
621 2372 704 2426 bis
748 2373 916 2427 fuisse
956 2388 1042 2426 res
1087 2381 1272 2443 gestas
1301 2373 1478 2426 sancti
1509 2371 1654 2428 Petri
1681 2374 1856 2429 editas
1904 2375 2042 2446 (71),

448 2481 513 2519 ac
583 2481 706 2519 cum
765 2465 1028 2534 temporis
1101 2464 1496 2534 longinquitate
1552 2466 1806 2534 periisset
1849 2466 2041 2531 altera,

447 2553 592 2616 illam
618 2553 914 2606 Clementis
956 2552 1170 2606 tandem
1204 2552 1376 2606 solam
1405 2553 1750 2622 perdurasse.
1812 2553 1869 2608 lu
1924 2570 2045 2609 om-

448 2645 606 2698 nibus
635 2643 780 2697 enim
816 2641 995 2708 libris,
1035 2657 1172 2709 quos
1203 2643 1424 2711 quidem
1446 2643 1632 2697 videre
1679 2644 1811 2698 mihi
1861 2647 2043 2700 conti-

445 2737 524 2806 git
563 2736 696 2805 (non
736 2748 938 2802 paucos
973 2732 1096 2786 illos
1129 2733 1300 2801 certe)
1349 2741 1472 2802 post
1500 2732 1746 2790 diversas
1794 2735 1912 2790 illas
1933 2737 2042 2806 epi-

445 2824 619 2880 stolas
654 2834 818 2892 atque
858 2821 1271 2889 inscriptiones,
1327 2822 1468 2876 idem
1521 2823 1746 2877 omnino
1794 2827 1912 2879 sine
1941 2841 2040 2878 va-

445 2919 680 2973 riatione
710 2917 814 2970 hoc
861 2915 1044 2982 operis
1079 2913 1294 2967 initium
1349 2916 1570 2982 reperi:
1612 2914 1724 2984 Ego
1775 2915 2037 2982 Clemens,

443 3015 498 3061 et
527 3020 649 3074 qua:
677 3003 869 3058 ordine
899 3003 1160 3071 deinceps
1184 3013 1518 3068 sequuntur.
1551 3002 1832 3060 Refertum
1855 3017 2034 3062 autem

2155 817 2545 888 προσφώνησιν
2589 819 2665 882 ὡς
2711 821 2769 873 ἐν
2812 821 3101 891 ἐπιστολῆς
3141 823 3272 876 είδει
3310 822 3448 895 πρὸς
3489 823 3753 878 Ἰάκωϐον

2151 907 2243 959 τὸν
2283 909 2606 977 ἀδελφόθεον
2648 913 2905 975 ποιεῖται,
2957 913 3014 964 ἐν
3137 912 3199 965 αῖ
3233 930 3292 965 τε
3329 912 3620 980 λεγόμεναι
3652 913 3748 967 τοῦ

2150 1002 2500 1057 ἀποστόλου
2513 1004 2740 1071 Πέτρου
2758 1005 3012 1072 Πράξεις
3029 1008 3124 1060 καὶ
3145 1008 3201 1059 αἱ
3218 1006 3376 1075 Πρὸς
3391 1008 3625 1076 Σᾴιωνα
3639 1009 3753 1061 τὸν

2152 1093 2359 1160 Μάγον
2374 1093 2697 1159 διαλέξεις,
2722 1096 2817 1148 καὶ
2837 1095 2917 1148 ἔτι
2936 1097 2964 1148 ό
2979 1098 3460 1166 Ἀναγνωριο-μός
3472 1098 3750 1166 Κλήμεν-

2153 1201 2254 1250 τος
2286 1184 2386 1238 καὶ
2415 1185 2524 1239 τοῦ
2558 1185 2786 1253 πατρὸς
2823 1189 2920 1241 καὶ
2950 1188 3069 1240 τῶν
3093 1188 3303 1241 ἄλλων
3336 1188 3635 1257 ἀδελφῶν,
3665 1191 3748 1242 διὸ

2151 1277 2245 1328 καὶ
2271 1275 2329 1329 ἐν
2355 1294 2462 1330 τισι
2492 1277 2604 1332 τῶν
2639 1277 2909 1350 βιϐλίωνή
2943 1281 3248 1350 ἐπιγραφὴ,
3273 1279 3620 1351 Κλήμεντος
3635 1282 3745 1333 τοῦ

2160 1365 2449 1435 Ῥωμαίου
2465 1367 2920 1437 ἀναγνωρισμὸς
2948 1369 3333 1439 ἐπιγράφεται.
3356 1373 3413 1423 ἐν
3448 1372 3559 1423 τισὶ
3575 1371 3650 1434 δὲ,
3667 1370 3746 1434 ὡς

2148 1459 2380 1530 ἔφημεν,
2419 1462 2679 1530 ἐπιστολὴ
2710 1464 3073 1533 προτάττεται
3107 1463 3182 1525 ὡς
3210 1463 3348 1534 πρὸς
3391 1464 3485 1516 τὸν
3515 1463 3741 1532 ἁδελφό-

2148 1553 2271 1605 θεον
2319 1554 2598 1618 Ἰάκωϐον,
2633 1555 2727 1607 καὶ
2753 1553 2896 1624 αὕτη
2925 1555 2982 1607 δὲ
3005 1556 3103 1625 οὺχ
3136 1557 3168 1624 ἡ
3193 1556 3354 1626 αὐτὴ,
3379 1556 3503 1608 οὐδὲ
3535 1555 3610 1618 ὡς
3632 1555 3741 1607 ἀπὸ

2146 1645 2240 1699 τοῦ
2278 1645 2444 1699 αὑτοῦ
2487 1645 2782 1716 προσώπου
2826 1647 3296 1719 προενηνεγμένη,
3333 1646 3450 1700 ἀλλ’
3491 1649 3585 1699 ἐπὶ
3637 1647 3741 1716 μέν

2145 1754 2307 1812 τινων
2357 1736 2580 1807 βιϐλίων
2626 1737 2702 1801 ὡς
2751 1737 2860 1792 ἀπὸ
2902 1739 3109 1810 Πέτρου
3141 1737 3235 1791 τοῦ
3266 1740 3566 1794 ἀποστόλου
3603 1740 3739 1809 πρὸς

2163 1827 2418 1882 Ἰάκωϐον
2477 1830 2888 1901 ἐπεσταλμένη,
2953 1832 3042 1900 ἐφ’
3098 1832 3300 1901 ἐτέρων
3358 1831 3417 1884 δέ
3473 1832 3548 1894 ὡς
3628 1833 3739 1884 ἀπὸ

2150 1917 2466 1988 Κλήμεντος
2503 1921 2640 1991 πρὸς
2680 1921 2958 1985 Ἰάκωϐον,
2987 1920 3114 1993 [156
3141 1921 3254 1993 IL]!
3283 1921 3419 1993 άλλη
3450 1922 3545 1977 καὶ
3574 1921 3735 1992 άλλη,

2149 2009 2336 2073 καθὼς
2367 2011 2726 2082 προείπομεν.
2753 2011 2864 2065 Καὶ
2891 2014 2926 2083 ἡ
2961 2014 3060 2083 μὲν
3092 2012 3244 2084 δηλοῖ
3272 2013 3478 2083 Πέτρον
3516 2013 3619 2074 τὰς
3652 2017 3736 2067 οἰ-

2149 2104 2305 2161 κείας
2367 2103 2854 2176 συγγράψασθαι²¹
2899 2106 3128 2176 πράξεις
3162 2107 3258 2160 καὶ
3307 2106 3446 2176 πρὸς
3473 2107 3736 2161 Ἰάκωϐον

2146 2195 2516 2265 αἰτησάμενον
2546 2195 2748 2259 ταύτας
2795 2197 3147 2251 ἀποστεῖλαν
3190 2200 3224 2269 ή
3270 2198 3327 2251 δέ
3374 2198 3736 2270 διαλαμϐάνει

2145 2288 2223 2352 ὡς
2269 2289 2503 2360 Κλήμης
2532 2289 2739 2354 ταύτας
2791 2291 2934 2344 κατὰ
2981 2292 3317 2362 πρόσταγμα
3349 2293 3561 2363 Πέτρου
3596 2310 3733 2362 συγ-

2144 2380 2398 2452 γράψειε,
2436 2381 2690 2436 κάκείνου
2705 2382 2843 2453 πρὸς
2873 2383 2971 2453 τήν
2995 2385 3188 2454 ἀγήρω
3222 2387 3661 2454 μεταναστάντος
3684 2387 3732 2418 ’⁸

2143 2475 2454 2530 ἀποστείλοι
2472 2475 2704 2545 Κλήμης
2718 2475 2854 2546 πρὸς
2884 2475 3357 2531 ’1άκωϐον.¹Έστιν
3369 2477 3462 2531 οὖν
3480 2479 3731 2549 εἰκασμῷ

2142 2566 2415 2622 διαλαϐεῖν
2445 2568 2521 2630 ὡς
2561 2565 2656 2620 δύο
2703 2568 2804 2635 μὲν
2839 2568 3030 2638 εἴησαν
3059 2567 3171 2620 τῶν
3212 2569 3424 2640 Πέτρου
3467 2571 3731 2641 Πράξεων

2143 2660 2384 2722 ἐκδόσεις
2412 2659 2799 2730 γεγενημέναι,
2825 2658 2904 2730 τῷ
2935 2659 2992 2711 δὲ
3023 2660 3201 2731 χρόνῳ
3227 2662 3327 2728 τῆς
3356 2664 3550 2734 ἐτέρας
3573 2665 3728 2736 διαρ-

2144 2752 2368 2823 ῥυείσης
2401 2753 2778 2822 ἐπεκράτησεν
2805 2755 2837 2822 ή
2872 2753 2968 2805 τοῦ
2999 2753 3315 2824 Κλήμεντος
3339 2771 3355 2783 ⁶
3381 2757 3440 2807 ἐν
3461 2759 3594 2809 πᾶσι
3619 2764 3731 2829 γὰρ

2142 2848 2256 2909 τοῖς
2312 2845 2538 2916 βιϐλίοις
2578 2845 2612 2899 ἃ
2667 2846 2901 2914 εἴδομεν,
2941 2847 3118 2900 καίτοι
3156 2848 3257 2902 οὐκ
3293 2849 3492 2916 ὀλίγων
3535 2850 3727 2914 ὄντων,

2143 2937 2406 3009 μετὰτὰς
2425 2940 2718 3008 διαφόρους
2741 2940 2956 3004 ἐκείνας
2977 2941 3270 3004 ἐπιστολὰς
3295 2942 3391 2994 καὶ
3411 2944 3729 3012 ἐπιγραφάς

2139 3032 2240 3102 τὴν
2289 3030 2464 3101 αὐτὴν
2528 3031 2762 3102 εὕρομεν
2820 3032 3261 3103 ἀπαραλλάκτως
3317 3036 3725 3104 πραγματείαν,

446 3101 551 3154 boc
569 3112 707 3167 Opus
739 3095 994 3150 absurdis
1029 3095 1210 3166 nugis,
1239 3111 1347 3149 non
1378 3097 1494 3151 sine
1521 3097 1772 3166 plurimis
1810 3115 1874 3154 ex
1904 3101 2019 3154 Arii

2140 3095 2435 3196 ὶρχομένην
2450 3139 2463 3153 ·
2483 3095 2630 3192 Ἐγῶ
2657 3095 2967 3193 Κλήμηνςξ
2985 3125 3082 3177 καὶ
3100 3123 3167 3178 τὰ
3193 3124 3320 3194 ἑξῆς
3339 3095 3724 3195 ἐνταττόμεναξ

443 3191 702 3259 opinione
762 3191 813 3243 in
871 3187 1067 3241 Filium
1145 3189 1520 3258 blaspliemiis.
1591 3189 2025 3247 Constitutiones

443 3295 610 3352 porro
640 3278 755 3350 (72)
780 3279 980 3339 ,ιτίὺυε
1009 3293 1075 3331 ex
1102 3279 1371 3348 capitibus
1412 3279 1679 3333 duntaxat
1733 3283 2032 3349 reprelien-

443 3372 854 3429 sionividentur
882 3368 1152 3423 obnoxiae.
1212 3367 1292 3421 Ex
1321 3368 1466 3422 mala
1498 3369 1753 3423 nimirum
1788 3370 2028 3436 fictione,

441 3479 606 3534 quam
645 3460 919 3532 depellere
957 3474 1061 3512 non
1114 3469 1197 3513 est
1245 3460 1536 3513 admodum
1563 3459 2032 3515 diﬂicilezdeinde

442 3558 588 3628 quod
622 3564 814 3608 contra
875 3551 1353 3606 Deuteronomium
1403 3551 1818 3607 criminationes
1861 3567 2027 3620 quas-

443 3653 565 3704 dam
593 3646 892 3710 adducant,
923 3661 1041 3714 qua:
1067 3654 1120 3698 et
1144 3645 1275 3715 ipsae
1307 3643 1438 3698 dilui
1468 3642 1726 3699 facillime
1756 3655 1983 3714 possunt
2008 3663 2022 3698 :

443 3743 685 3809 denique
723 3754 788 3793 ex
819 3737 1155 3800 Arianismo,
1195 3751 1356 3805 quem
1387 3735 1514 3790 item
1544 3751 1737 3789 acarus
1769 3736 2028 3804 pauloin-

442 3835 661 3896 stando,
715 3829 969 3884 refellere
1016 3843 1209 3895 queas.
1248 3827 1425 3894 lLiber
1471 3837 1706 3881 attamen
1763 3829 2023 3882 Actorum

441 3926 592 3982 Petri
630 3925 742 3995 (qui
767 3925 830 3977 de
858 3921 1323 3990 Recoguiiionibus
1351 3919 1631 3989 inscriptus
1663 3920 1762 3987 est)
1815 3919 2026 3988 perspi-

441 4020 645 4074 cuitate
671 4031 735 4070 ac
771 4017 1060 4086 gravitate,
1113 4014 1178 4067 ad
1221 4012 1337 4066 hace
1367 4012 1600 4082 puritate
1649 4010 1790 4080 90b
1848 4021 1904 4066 et
1940 4027 2024 4067 ve-

443 4111 747 4176 hementia,
802 4108 1035 4177 aliisque
1085 4106 1355 4161 orationis
1398 4105 1638 4168 dotibus,
1675 4120 1857 4158 rerum
1893 4105 2022 4160 item

441 4203 719 4254 variarum
749 4198 1020 4262 doctrina,
1048 4207 1255 4251 tantum
1281 4194 1720 4252 Constitutiones
1761 4197 1906 4264 ipsas
1932 4213 2024 4251 su-

439 4300 617 4362 perat,
648 4289 791 4345 nulla
825 4299 884 4344 ut
907 4291 1006 4345 bos
1042 4292 1184 4343 inter
1210 4289 1570 4360 comparatio,
1602 4288 1670 4342 ad
1711 4302 2020 4343 sermonem

438 4383 585 4454 quod
626 4384 847 4450 attinet,
875 4382 991 4436 fieri
1025 4381 1248 4437 debeat.

2136 3216 2364 3286 Μυρίων
2405 3215 2464 3268 δὲ
2496 3214 2868 3283 άτοπημάτων
2918 3217 2967 3295 ἡ.
2983 3217 3339 3286 πραγματεία
3368 3217 3530 3287 γέμει
3557 3216 3721 3287 αὔτη,

2135 3304 2233 3358 καὶ
2258 3303 2359 3372 τῆς
2383 3303 2466 3364 είς
2503 3301 2596 3354 τὸν
2627 3301 2758 3356 Υίὸν
2801 3301 3152 3374 βλασφημίας
3191 3306 3331 3358 κατὰ
3356 3306 3456 3375 τὴν
3505 3307 3719 3376 Ἀρείου

2131 3395 2293 3460 δόξαν
2325 3395 2475 3446 ἐστὶν
2509 3395 2816 3458 ἀνάπλεως.
2851 3397 2917 3448 Δί
2937 3396 2994 3449 δέ
3028 3413 3092 3464 γε
3122 3397 3400 3468 Διαταγεαὶ
3435 3401 3582 3470 τρισὶ
3618 3402 3722 3470 μό-

2131 3503 2244 3548 νοις
2274 3485 2524 3539 δοκοῦσιν
2547 3487 2851 3557 ἐνέχεσθαι,
2879 3487 3280 3562 κακοπὶαστίᾳ,
3299 3493 3365 3561 ἣν
3390 3492 3451 3545 οὐ
3482 3492 3722 3563 χαλεπὸν

2130 3580 2642 3645 ἀποσκευάσασθαι,
2705 3581 2802 3634 καὶ
2863 3582 2943 3633 δτι
2979 3582 3122 3636 κατὰ
3164 3583 3259 3636 τοῦ
3290 3587 3714 3658 Δευτερονομίου

2131 3671 2323 3743 ὕϐρεις
2355 3673 2511 3737 τινὰς
2553 3673 2879 3744 ἐπαφίησιν,
2910 3674 2946 3728 ἃ
2979 3674 3074 3728 καὶ
3106 3679 3305 3748 ῥᾷστον
3335 3677 3703 3744 διαλύσασθαι,

2136 3765 2231 3816 καὶ
2248 3764 2735 3836 ἐτιἈρειανισμῷ,
2761 3767 2899 3838 ὅπερ
2921 3768 2987 3821 ἄν
3007 3785 3090 3830 τις
3119 3771 3213 3823 καὶ
3243 3771 3432 3840 βιαίως
3466 3773 3706 3842 διακρούο

2130 3874 2303 3910 σαιτο.
2346 3858 2410 3910 Ἦ
2438 3858 2623 3928 μέντοι
2652 3845 2729 3927 γε
2767 3859 2877 3912 τῶν
2930 3861 3025 3913 τοῦ
3061 3860 3288 3930 Πέτρου
3319 3865 3601 3932 Πράξεων
3635 3866 3708 3931 βί-

2129 3950 2254 4012 ϐλος
2286 3949 2368 4020 τῷ
2402 3967 2463 4002 τε
2517 3950 2756 4023 λαμπρῷ
2811 3953 2905 4007 καὶ
2931 3957 2997 4025 τῇ
3051 3956 3340 4026 σεμνότητι
3378 3960 3474 4012 καὶ
3518 3959 3596 4012 ἐτι
3636 3959 3714 4030 τῷ

2126 4041 2356 4114 καθαρῴ
2396 4041 2493 4096 καὶ
2535 4045 2771 4115 συντόνῳ
2812 4045 2908 4100 καὶ
2949 4047 3015 4117 τῇ
3070 4047 3205 4120 ἄλλῃ
3273 4049 3443 4121 ἀρετῇ
3490 4049 3583 4104 τοῦ
3629 4051 3717 4103 λό-

2125 4150 2222 4201 γου
2290 4134 2388 4189 καὶ
2452 4135 2796 4209 πολυμαθείᾳ
2880 4139 3138 4192 τοσοῦτον
3204 4139 3316 4211 ἔχει
3389 4143 3528 4214 πρὸς
3608 4144 3712 4208 τὰς

2125 4224 2417 4292 Διαταγὰς
2460 4223 2521 4278 τὸ
2551 4226 2952 4297 παραλλάττον,
3002 4228 3077 4293 ὡς
3127 4229 3263 4299 μηδὲ
3304 4234 3604 4302 συγκράσει
3641 4237 3710 4303 τῇ

2124 4313 2266 4366 κατὰ
2291 4316 2418 4377 τοὺς
2443 4314 2635 4385 λόγους
2679 4317 2816 4389 πρὸς
2852 4318 3093 4389 ἀλλήλας
3132 4321 3581 4393 παραϐάλλεσθαι
3607 4326 3709 4390 τὰς

2127 4404 2364 4473 βίϐλους.

510 4475 611 4531 llic
638 4475 893 4531 Clemens
919 4474 1030 4546 (75)
1068 4474 1156 4530 ille
1187 4483 1296 4540 est,
1346 4474 1413 4529 de
1442 4487 1550 4543 quo
1591 4473 1780 4528 beatus
1821 4472 2020 4530 Paulus

2195 4493 2366 4561 Οὗτός
2401 4498 2552 4553 ἐστιν
2575 4500 2604 4552 ό
2630 4499 2866 4573 Κλήμης
2901 4505 3031 4574 περὶ
3062 4498 3124 4559 οὗ
3166 4523 3332 4577 φησιν
3362 4509 3393 4560 ὁ
3427 4509 3710 4573 θεσπέσιος

440 4571 580 4624 inea
606 4585 726 4639 quae
755 4579 839 4624 est
867 4568 1324 4639 adPhilippenses
1361 4568 1591 4638 epistola
1621 4586 1635 4623 :
1679 4587 1699 4620 ι
1734 4569 1867 4624 Cum
1897 4568 2020 4624 Cle-

440 4671 621 4715 mente
643 4670 698 4714 et
735 4663 958 4731 reliquis
979 4660 1430 4730 cooperatoribus
1467 4662 1623 4725 meis,
1655 4677 1885 4733 quorum
1921 4679 2021 4718 no-

2124 4588 2335 4652 Παῢλος
2356 4591 2415 4643 ἐν
2442 4594 2511 4663 τῇ
2531 4593 2670 4664 πρὸς
2692 4593 3087 4665 Φιλιππησίους
3104 4599 3392 4672 Ἐπιστολῇ
3421 4604 3487 4666 ³⁵,
3526 4600 3712 4655 «Μετὰ

2126 4680 2225 4734 καὶ
2259 4681 2580 4753 Κλήμεντος
2617 4685 2713 4738 κοιλ⁵
2741 4687 2852 4738 τῶν
2893 4687 3098 4742 λοιπῶν
3140 4692 3422 4762 συνεργῶν
3472 4711 3596 4764 μου,
3635 4689 3709 4746 ὧν

440 4751 586 4805 mina
622 4752 827 4819 scripta
878 4761 1006 4806 sunt
1063 4752 1116 4806 in
1150 4751 1290 4807 libro
1338 4753 1480 4807 vita}.
1520 4772 1538 4805 ι
1595 4753 1826 4825 Scripsit
1873 4756 2018 4811 idem

2140 4773 2193 4826 τὰ
2243 4751 2482 4845 ὀνόματα
2521 4779 2579 4828 ἐν
2613 4775 2781 4847 βίϐλῳ
2824 4778 3022 4850 ζωῆς.»
3083 4775 3251 4845 Οὗτος
3275 4751 3375 4836 ’καὶ
3421 4751 3710 4857 ἐπιστολὴν

437 4845 618 4916 magni
653 4845 962 4901 faciendam
996 4846 1065 4900 ad
1086 4846 1404 4903 Corinthios
1421 4849 1705 4918 epistolam
1735 4851 1874 4921 (74),
1899 4867 2020 4922 ηοω

2125 4864 2409 4936 ἀξιόλογον
2442 4869 2580 4941 πρὸς
2614 4871 2940 4942 Κορινθίους
2965 4875 3190 4945 γράφει,
3214 4875 3339 4946 ἥτις
3377 4878 3530 4951 παρά
3573 4879 3708 4933 πολ-

1720 4991 1954 5050 VARUE
2014 4997 2422 5059 LECTIONES.

531 5087 577 5116 ss
610 5085 925 5157 συγγράψαι
955 5104 1018 5152 ς,
1100 5088 1150 5121 ³³
1181 5085 1550 5160 μεναστάντος
1573 5105 1633 5151 ς.
1709 5089 1756 5120 ³⁸
1776 5091 2058 5165 ἐπιστολῇ]
2090 5111 2162 5160 ιν,
2197 5097 2251 5150 5.

1954 5204 2185 5263 NOTAE.

505 5298 616 5370 (70)
635 5300 836 5353 Earum
853 5309 978 5355 octo
994 5299 1361 5355 librosGraace
1373 5299 1606 5370 primum
1625 5299 1822 5355 deinde
1838 5312 1890 5355 et
1909 5303 2013 5356 La-

436 5371 547 5424 tine
577 5371 1256 5439 doetissimeexplanatos,
1286 5371 1704 5438 firmissimeque
1747 5372 2000 5428 defensos

435 5440 602 5494 edidit
629 5438 828 5494 Franc.
865 5438 1166 5495 Turriauus
1194 5451 1398 5495 noster.
1451 5439 1679 5495 Eosdem
1707 5440 1833 5494 item
1888 5459 2011 5498 cum

435 5510 478 5564 Χ
505 5507 938 5579 Recognitionum
988 5511 1140 5564 libris
1177 5526 1246 5565 ex
1282 5509 1480 5564 Bullini
1543 5512 2012 5580 interpretatione,

437 5580 637 5651 additis
660 5589 716 5634 et
750 5581 965 5651 caneris
1012 5596 1133 5650 quae
1186 5591 1297 5635 tum
1340 5580 1568 5651 reperiri
1629 5593 1919 5651 potuerunt
1946 5584 2010 5637 Β.

435 5649 705 5772 (Σισιηέιόιὸ
779 5648 999 5721 Operib.
1029 5648 1044 5650 “
1084 5651 1355 5706 dederunt
1401 5648 1644 5706 'Latine'
1698 5651 2012 5710 Colonieus.

437 5733 529 5772 an.
711 5760 724 5772 .

437 5733 529 5774 an.
565 5733 585 5769 ‘l
600 5733 724 5772 ῧνυ.

509 5788 627 5860 (71)
661 5787 1098 5860 Recognitionum
1139 5793 1244 5850 duo
1279 5791 1448 5850 fuisse
1494 5791 1793 5860 volumina,
1831 5795 1882 5849 in
1915 5795 2014 5850 ali-

2123 5308 2322 5380 quibus
2387 5311 2529 5365 inter
2569 5326 2630 5366 se
2670 5313 2909 5380 diversa,
2969 5324 3202 5373 testatur
3246 5319 3412 5374 etiam
3466 5319 3716 5375 Bullinus

2120 5375 2283 5431 Pra'f.
2321 5380 2389 5436 ad
2421 5382 2690 5436 Gaudent.

2195 5447 2310 5525 (72)
2328 5450 2653 5525 Franciscus
2673 5453 2996 5522 Turrianus,
3017 5454 3146 5512 Soc.
3165 5457 3316 5525 Iesu,
3337 5459 3389 5513 in
3409 5460 3712 5516 Clementis

2120 5515 2528 5640 σοιὴξξίιιιιίοηεδ
2608 5534 2778 5592 apost.
2852 5515 3263 5597 Prolegomenis
3302 5515 3441 5586 'baae
3491 5515 3709 5587 eadem

2121 5603 2184 5643 so
2211 5604 2256 5641 νι
2289 5629 2302 5643 .

2194 5659 2306 5736 (ξιξ)
2347 5661 2489 5736 ιςεεο
2514 5661 2573 5736 Β.
2606 5662 2833 5720 llieron.
2861 5681 2981 5736 cap.
3018 5669 3105 5733 15,
3142 5668 3318 5724 Catal.

2194 5729 2488 5809 ('MLVide
2532 5729 2941 5809 l_liero_ny_n_mm'
2979 5738 3054 5794 De
3096 5729 3347 5809 scriptor.
3403 5741 3692 5798 ecclesiast.

2126 5815 2246 5872 cap.
2289 5803 2379 5872 l5,
2401 5814 2455 5860 et
2479 5805 2575 5860 inf.
2608 5803 2879 5860 c0d.ﬁl‘2ti.
