4062 6450
277 364 392 430 389

1314 356 1842 418 BIBLIOTHECA.
1871 381 1940 391 -
1968 355 2187 416 CODD.
2229 354 2431 428 CXIV,
2463 353 2630 415 CXV.

3487 350 3596 415 390

279 480 396 542 λοίς
427 473 722 544 ἀποδοχῆς
759 469 967 542 ἠξιώθη
1003 467 1082 532 ὼς
1111 470 1208 523 καὶ
1257 469 1496 541 δημοσίᾳ
1522 467 1898 536 ἀναγινώσκε-

2020 481 2032 516 ι
2073 463 2346 533 plerisque
2411 473 2565 517 tanto
2621 469 2674 516 ln
2726 461 2903 531 pretio
2952 470 3038 518 est
3084 461 3292 528 habits,
3349 462 3598 534 adeoque

287 571 440 622 σθαι.
484 567 556 619 Ἠ
602 566 661 618 δὲ
709 561 979 632 λεγομένη
1003 561 1235 632 δευτέρα
1267 564 1404 631 πρὸς
1438 561 1566 622 τοὺς
1599 559 1796 621 αὐτοὺς
1822 558 1899 621 ώς

286 660 447 723 vobo;
503 652 1002 724 ἀποδοκιμάζεται,
1057 653 1248 724 ὥσπερ
1289 655 1319 707 ὁ
1355 653 1402 685 ³⁵
1458 651 1902 724 ἐπιγραφόμενος

292 749 383 803 ἐπ’
407 748 641 818 ὀνόματι
662 742 834 798 αὑτοῦ
866 744 1078 814 Πέτρου
1121 745 1218 797 καὶ
1242 743 1551 806 Ἀππίωνος
1575 741 1901 812 πολύστιχος

297 843 577 910 διάλογος.
601 838 808 893 Τοῦτόν
844 855 1008 908 φασιν
1024 839 1074 892 oi
1108 839 1208 909 μὲν
1229 838 1483 910 δεύτερον
1509 839 1647 910 μετά
1693 840 1902 911 Πέτρον

313 935 550 1004 Ῥώμης
593 932 964 1001 ὲπισκοπῆσαι
993 933 1061 996 ’⁸,
1099 931 1151 984 oi
1195 931 1252 984 δὲ
1272 932 1534 1002 τέταρτον
1556 949 1572 966 ο
1605 932 1765 985 Λίνον
1794 932 1904 1001 γὰρ

314 1026 420 1080 καὶ
441 1022 760 1092 Ἀνάκλητον
781 1020 828 1050 ⁸⁷
873 1019 1078 1089 μεταξῦ
1102 1019 1271 1072 αὑτοῦ
1305 1020 1404 1072 καὶ
1442 1017 1651 1088 Πέτρου
1684 1017 1904 1089 Ῥώμης

329 1117 657 1176 ἐπισκόπους
679 1113 1080 1181 διαγεγονέναι·
1118 1110 1441 1182 τελευτῆσαι
1461 1111 1520 1164 δὲ
1547 1110 1712 1164 αὐτὸν
1734 1110 1906 1181 τρίτῳ

341 1209 452 1262 Etet
473 1202 736 1277 Τραϊανοῦ.

1031 1378 1170 1436 Ρ1Δ’.

342 1475 574 1531 Λευκίου
623 1471 884 1538 Χαρίνου
931 1474 989 1525 ιιι
1034 1471 1156 1525 τῶν
1198 1473 1564 1527 ἀποστόλων
1612 1472 1904 1540 Περίοδοι.

400 1565 520 1636 [292
557 1562 652 1636 IL]
693 1561 1037 1634 ’Λνεγνώσθη
1073 1564 1300 1634 βιϐλίον,
1345 1565 1400 1616 αἱ
1436 1563 1728 1632 λεγόμεναι
1785 1564 1910 1618 Τῶν

329 1657 681 1710 ἀποστόλων
734 1653 1007 1723 Περίοδοι
1028 1695 1044 1719 ,
1099 1656 1155 1707 ὲν
1189 1649 1278 1719 αἷς
1309 1656 1648 1726 περιείχοντο
1681 1655 1910 1723 πράξεις

325 1749 548 1816 Ilia-oon,
577 1746 855 1811 Ἰωάννου,
894 1745 1167 1816 Ἀνδρέου,
1197 1746 1392 1815 Θωμᾶ,
1427 1746 1665 1802 Παύλου.
1698 1746 1906 1817 Γράφει

2007 555 2246 619 laudata,
2290 555 2534 608 utetiam
2588 554 2800 622 publice
2835 552 2935 623 legi
2988 553 3208 610 soleret.
3246 555 3313 607 At
3339 569 3459 624 quae
3500 569 3592 608 se-

2003 645 2184 699 cunda
2215 644 2416 699 dicitur
2443 645 2512 698 ad
2542 645 2786 706 eosdem,
2813 659 2871 699 ut
2894 647 3078 715 spuria
3097 646 3363 714 rejicitur.
3395 645 3599 712 Quem-

2005 738 2296 793 admodum
2331 747 2386 791 et
2414 738 2572 808 longa
2617 737 2706 790 illa
2737 738 3035 805 disputatio
3074 778 3089 800 ,
3149 738 3292 792 beati
3353 737 3499 791 Petri
3541 748 3599 792 et

2007 829 2273 901 Appionis
2320 846 2517 884 nomen
2579 829 2718 884 falso
2777 829 3092 897 praeferens.
3142 829 3296 884 Hunc
3345 831 3600 885 Clemen-

2006 933 2112 978 tem
2143 922 2258 992 (75)
2297 922 2528 976 alterum
2565 936 2593 974 a
2630 921 2792 976 Petro
2857 923 3008 977 urbis
3067 921 3252 976 Romae
3284 925 3597 992 episcopum

2007 1013 2177 1070 fuisse
2197 1014 2420 1082 quidam
2455 1022 2762 1077 autumant,
2793 1013 2882 1066 alii
2912 1029 3041 1068 vero
3069 1024 3346 1083 quartum.
3397 1013 3592 1068 Linum

2007 1106 2150 1159 enim
2184 1113 2241 1159 et
2271 1104 2590 1159 Anaclelum
2626 1105 2766 1158 inter
2792 1116 3078 1174 utrumque
3105 1106 3392 1173 pontifices
3427 1107 3598 1160 inter-

2011 1198 2268 1262 cessisse,
2299 1211 2363 1250 ac
2396 1198 2561 1250 tertio
2593 1197 2810 1250 dennnn
2843 1195 3060 1264 Trajani
3091 1198 3438 1268 imperatoris
3456 1213 3602 1252 anno

2008 1289 2176 1342 vitam
2211 1287 2416 1342 {iniisse
2460 1286 2601 1358 (Ἱῦ).

2717 1379 2904 1435 CXIV.

2255 1470 2408 1525 Lucii
2457 1469 2679 1525 Charini
2730 1471 2944 1525 l’eriodi
2972 1473 3353 1542 apostolorum,

2087 1559 2288 1616 Lectus
2327 1561 2464 1614 liber
2483 1571 2570 1616 est
2597 1561 2699 1615 hoc
2723 1561 2878 1614 titulo
2912 1579 2925 1616 :
2965 1562 3340 1629 Apostolorum
3363 1560 3600 1615 Periodi.

2009 1652 2406 1721 Complectitur
2433 1653 2566 1706 Acta
2591 1650 2760 1717 Petri,
2793 1651 3042 1718 Joannis,
3072 1655 3322 1719 Andrem,
3358 1654 3600 1722 Thomaa,

2015 1753 2069 1799 et
2091 1743 2267 1809 Pauli,
2308 1754 2560 1808 auctore,
2595 1753 2652 1797 ut
2679 1743 2950 1813 liberipse
2975 1745 3236 1810 ostendit,
3265 1745 3432 1801 Lucio
3454 1746 3601 1803 ειη-

319 1840 371 1891 δὲ
394 1839 591 1901 αὐτάς,
627 1838 703 1900 ώς
733 1837 884 1908 δηλοῖ
907 1837 968 1890 τὸ
992 1837 1125 1890 αὐτὸ
1148 1838 1371 1907 βιϐλίον,
1398 1836 1624 1902 Λεύκιος
1648 1840 1901 1909 Χαρῖνος.

2020 1834 2158 1888 rino.
2220 1833 2398 1888 Dictio
2469 1834 2587 1900 ejus
2651 1834 2878 1887 omnino
2939 1835 3225 1904 inmqualis
3277 1852 3341 1890 ac
3390 1839 3534 1890 varia
3584 1854 3600 1891 :

325 1931 383 1983 Ἥ
417 1929 476 1982 δὲ
518 1929 722 2000 φράσις
752 1931 832 1992 είς
860 1929 921 1982 τὸ
958 1928 1220 1992 παντελὲς
1250 1928 1537 2001 ἀνώμαλός
1553 1948 1613 1984 τε
1637 1931 1730 1984 καὶ
1764 1947 1908 2002 παρ-

311 2019 642 2090 ηλλαγμένη
669 2036 682 2049 ·
729 2017 826 2072 καὶ
856 2017 1142 2082 συντάξεσι
1176 2017 1287 2089 γὰρ
1318 2021 1410 2070 καὶ
1438 2018 1616 2083 λέξεσι
1644 2019 1909 2090 κέχρηται

307 2113 490 2165 ἐνίοτε
549 2111 650 2181 μὲν
691 2111 794 2163 οὐκ
836 2108 1236 2180 ἡμελημέναις,
1277 2110 1418 2163 κατὰ
1465 2111 1521 2164 δὲ
1563 2110 1622 2163 τὸ
1660 2110 1911 2164 πλεῖστον

304 2203 604 2272 ἀγοραίοις
646 2204 741 2254 καὶ
771 2203 1212 2271 πεπατημέναις,
1250 2202 1347 2256 καὶ
1383 2201 1538 2254 οὐδὲν
1571 2201 1671 2271 τῆς
1700 2201 1912 2271 ὁμαλῆς

308 2296 402 2348 καὶ
443 2294 810 2365 αὐτοσχεδίου
853 2295 1109 2363 φράσεως
1139 2296 1234 2346 καὶ
1272 2294 1372 2364 τῆς
1414 2294 1626 2347 ἐκεῖθεν
1664 2293 1909 2365 ἐμφύτου

305 2389 566 2458 χάριτος,
612 2386 732 2439 καθ’
776 2387 842 2456 ἦν
869 2387 897 2439 ὁ
934 2385 1290 2454 εὐαγγελικός
1335 2403 1394 2440 τε
1432 2387 1527 2440 κα)⁸
1557 2387 1913 2451 ἀποστολικὸς

305 2481 777 2550 διαμεμόρφωται
824 2479 1005 2547 λόγος,
1045 2479 1155 2531 οὐδ’
1213 2479 1357 2549 ῐχνος
1397 2479 1698 2549 ἐμφαίνων.
1745 2480 1914 2549 Γέμει

304 2570 357 2621 δὲ
391 2568 512 2621 καὶ
547 2568 760 2638 μωρίας
790 2567 992 2636 πολλῆς
1016 2567 1112 2620 καὶ
1141 2570 1242 2639 τῆς
1269 2568 1405 2638 πρὸς
1434 2568 1626 2622 ἑαυτὸν
1642 2567 1688 2600 ²¹¹
1732 2569 1914 2640 μάχης

307 2663 402 2715 καὶ
453 2658 858 2722 ἐναντιώσεως.
911 2659 1052 2730 Φησὶ
1105 2660 1215 2729 γὰρ
1259 2660 1422 2714 ἄλλον
1463 2657 1603 2714 εἶναι
1658 2661 1752 2712 τὸν
1806 2661 1915 2713 τῶν

317 2755 612 2807 Ἰουδαίων
641 2752 774 2806 Θεὸν
801 2752 898 2805 καὶ
931 2753 1122 2818 κακὸν,
1145 2744 1205 2805 οὗ
1235 2753 1334 2806 καὶ
1361 2753 1582 2823 Σίμωνα
1602 2753 1694 2806 τὸν
1725 2754 1915 2820 Μάγον

306 2845 611 2916 ὑπηρέτην
647 2845 1000 2909 καθεστάναι,
1033 2845 1191 2898 ἄλλον
1219 2845 1276 2897 δὲ
1302 2846 1393 2900 τὸν
1425 2846 1680 2916 Χριστὸν,
1714 2848 1773 2899 ὃν
1809 2862 1915 2915 φη-

304 2955 392 2988 σιν
421 2933 642 3003 ἀγαθόν
666 2951 680 2964 ·
711 2935 805 2987 καὶ
824 2933 1013 3007 φύρων
1034 2937 1077 2966 ¹⁹
1119 2934 1336 2989 ᾶπαντα
1365 2936 1459 2987 καὶ
1487 2935 1731 3004 συγχέων
1760 2935 1918 2988 καλεῖ

301 3027 490 3080 αὑτὸν
525 3029 621 3078 καὶ
648 3025 868 3096 Πατέρα
899 3024 996 3078 καὶ
1030 3025 1179 3079 Υίόν.
1208 3026 1372 3094 Λέγει
1393 3026 1451 3079 δὲ
1489 3027 1613 3098 μηδ’
1642 3028 1918 3099 ἐνανθρωο

301 3119 506 3187 πῆσαι
533 3116 769 3187 ἀληθῶς,
804 3117 942 3170 ἀλλά
978 3117 1148 3184 δόξαι,
1183 3120 1280 3170 καὶ
1319 3118 1492 3171 πολλὰ
1518 3119 1777 3183 πολλάκις
1808 3137 1916 3188 φα-

300 3210 484 3279 νῆναι
513 3208 558 3239 ³⁸
586 3210 697 3270 τοῖς
745 3209 1040 3276 μαθηταῖς,
1087 3208 1203 3260 νέον
1225 3209 1320 3261 καὶ
1369 3208 1686 3279 πρεσϐύτην
1729 3210 1916 3276 πάλιν,

302 3303 417 3356 καὶ
458 3299 630 3354 πάλιν
678 3299 868 3364 παῖδα,
919 3301 1016 3352 καὶ
1049 3299 1274 3370 μείζονα
1326 3301 1424 3354 καὶ
1465 3299 1594 3373 [157
1626 3300 1720 3374 11.]
1759 3302 1919 3356 ἐλάτ-

303 3412 451 3448 τονα
491 3392 588 3446 καὶ
633 3393 912 3464 μέγιστον,
965 3392 1107 3446 ὥστε
1151 3394 1251 3463 τὴν
1288 3395 1531 3464 κορυφὴν
1560 3395 1770 3464 διήκειν
1807 3395 1920 3448 ἔσθ’

307 3492 409 3542 ’ὅτε
441 3488 644 3558 μέχρις
664 3486 920 3558 οὐρανοῦ.
952 3485 1159 3550 Πολλὰς
1189 3487 1246 3540 δὲ
1270 3488 1365 3539 καὶ
1395 3490 1527 3557 περὶ
1556 3489 1648 3541 τοῦ
1685 3487 1920 3561 σταυροῦ

313 3580 646 3649 κενολογίας
663 3581 760 3633 καὶ
793 3581 1026 3643 ἀτοπίας
1056 3581 1412 3647 ἀναπλάττει,
1444 3584 1539 3636 καὶ
1568 3583 1660 3635 τὸν
1683 3584 1922 3654 Χριστὸν

322 3675 402 3745 μὴ
439 3672 848 3744 σταυρωθῆναι,
879 3672 996 3726 ἀλλ’
1039 3673 1226 3745 ἕτερον
1253 3675 1367 3728 ἀντ’
1397 3675 1586 3741 αὐτοῦ,
1612 3677 1705 3729 καὶ
1745 3693 1921 3731 κατα-

321 3768 496 3838 γελᾷν
517 3766 610 3820 διὰ
632 3765 790 3819 τοῦτο
814 3766 923 3818 τῶν
950 3765 1347 3837 σταυρούντων.
1379 3768 1596 3838 Γάμους
1619 3787 1678 3822 τε
1695 3769 1738 3800 ³¹
1766 3770 1923 3840 νομί-

337 3877 474 3928 μους
505 3859 711 3923 ἀθετεῖ,
755 3859 851 3911 καὶ
879 3859 1063 3912 πᾶσαν
1095 3860 1313 3928 γένεσιν
1344 3863 1591 3931 πονηράν
1617 3879 1677 3914 τε
1704 3862 1800 3915 καὶ
1827 3861 1923 3915 τοῦ

341 3950 577 4020 πονηροῦ
624 3950 796 4018 λέγει.
833 3952 942 4005 Καὶ
993 3951 1243 4022 πλάστην
1280 3952 1392 4006 τῶν
1439 3953 1712 4023 δαιμόνων
1763 3955 1926 4008 ἄλλον

337 4044 561 4114 ἐκληρεί
594 4044 661 4098 ³².
693 4043 922 4114 Νεκρῶν
947 4043 1003 4096 δὲ
1033 4044 1339 4114 ἀνθρώπων
1374 4045 1470 4097 καὶ
1508 4045 1648 4115 βοῶν
1673 4047 1768 4098 καὶ
1793 4064 1926 4118 κτη-

329 4138 441 4191 νῶν
463 4138 640 4192 ἄλλων
665 4137 711 4169 ³³
745 4137 1213 4209 παραλογωτάτας
1236 4139 1332 4190 καὶ
1356 4139 1741 4210 μειρακιώδεις
1763 4156 1927 4210 τερα-

321 4230 554 4284 τεύεται
608 4230 955 4294 ἀναστάσεις.
1031 4234 1189 4283 Δοκεῖ
1240 4231 1297 4283 δὲ
1365 4232 1459 4283 καὶ
1525 4232 1644 4284 κατ’
1701 4231 1928 4285 εἰκόνων

323 4325 445 4386 τοῖς
493 4321 887 4392 Εἰκονομάχοις
929 4323 988 4374 ὲν
1012 4325 1132 4382 ταῖς
1163 4321 1414 4377 Ἰωάννου
1443 4324 1686 4393 Πράξεσι
1727 4323 1930 4392 δογμα-

324 4414 530 4480 τίζειν.
556 4415 665 4470 Καὶ
689 4414 878 4478 ἁπλῶς
909 4414 1048 4484 αὕτη
1089 4415 1122 4484 ή
1158 4413 1336 4484 βίϐλος
1380 4415 1551 4485 μυρία
1583 4413 1927 4485 παιδαριώδη

2012 1925 2429 1980 constructione
2459 1939 2590 1980 vero
2615 1940 2679 1980 ac
2723 1925 2950 1980 vocibus
2979 1927 3154 1981 utitur
3187 1928 3456 1981 interdum
3483 1930 3604 1997 qni-

2017 2017 2144 2072 dem
2180 2031 2285 2070 non
2318 2015 2572 2085 abjectis,
2610 2026 2670 2070 ut
2720 2017 3015 2088 plurimum
3052 2028 3233 2073 tamen
3271 2020 3603 2087 forensibus,

2018 2123 2084 2163 ac
2109 2109 2364 2177 protritis
2395 2125 2410 2160 :
2446 2123 2549 2162 nec
2585 2109 2753 2163 ullum
2785 2109 2838 2163 in
2869 2125 2935 2164 eo
2967 2111 3214 2178 aequalis,
3249 2123 3304 2166 et
3329 2113 3607 2166 subitaria}

2015 2200 2300 2264 dictionis.
2332 2214 2401 2256 ac
2424 2202 2644 2266 nativae,
2679 2216 2800 2270 qua:
2843 2202 2971 2257 hinc
2993 2204 3260 2258 exsistere
3307 2204 3444 2259 solet
3489 2221 3607 2274 gra-

2015 2294 2106 2348 tia;
2164 2295 2294 2364 (quo
2353 2294 2514 2348 modo
2558 2295 2912 2364 evangelicus
2958 2305 3014 2351 et
3067 2298 3396 2367 apostolicus
3425 2313 3609 2353 sermo

2015 2387 2390 2444 conformatus
2433 2387 2541 2454 est)
2591 2387 2887 2456 vestigium
2951 2397 3201 2457 apparet.
3252 2387 3438 2443 Scatet
3475 2389 3604 2443 item

2016 2479 2228 2540 stultis,
2263 2487 2312 2532 et
2339 2492 2525 2532 secum
2567 2478 2932 2547 pugnantibus
2967 2481 3396 2534 narrationibus.
3424 2481 3604 2534 Alium

2023 2571 2170 2624 enim
2202 2568 2515 2624 Judaeorum
2547 2570 2742 2636 Deum,
2780 2585 3013 2640 eumque
3041 2574 3244 2626 malum
3289 2588 3412 2626 esse
3448 2588 3604 2627 asse-

2027 2663 2123 2725 rit,
2160 2661 2316 2727 cujus
2339 2662 2528 2715 Simon
2553 2661 2739 2730 Magus
2771 2663 3019 2716 minister
3067 2663 3250 2725 fuerit,
3292 2663 3455 2718 alium
3493 2680 3611 2718 rur-

2016 2767 2113 2806 sus
2148 2767 2270 2808 esse
2297 2753 2604 2819 Cbriswm,
2641 2769 2802 2824 quem
2827 2755 3031 2809 bonum
3069 2755 3218 2809 facit.
3250 2754 3438 2810 Omnia
3477 2773 3608 2825 ergo

2019 2845 2316 2915 inquinans
2338 2857 2504 2916 atque
2538 2847 2900 2914 confundens,
2951 2849 3203 2902 eumdem
3235 2849 3384 2902 illum
3422 2859 3477 2902 et
3505 2847 3611 2902 Pa-

2020 2949 2161 2994 trem
2215 2951 2379 2994 vocat
2412 2951 2467 2994 et
2498 2939 2720 2996 Filium.
2761 2939 2937 2996 lactat
2987 2956 3141 3007 vero,
3207 2957 3384 3012 neque
3420 2957 3610 2997 revera

2019 3032 2296 3087 hominem
2359 3033 2592 3097 factum,
2649 3033 2742 3087 sed
2791 3042 3000 3087 tantum
3051 3035 3396 3103 apparuisse.
3451 3033 3610 3088 Varia

2023 3124 2150 3179 item
2176 3123 2352 3179 forma
2388 3139 2534 3194 saepe
2566 3125 2847 3194 discipulis
2878 3125 3073 3189 visum,
3145 3141 3287 3180 inme
3329 3127 3610 3194 juvenem,

2025 3231 2146 3270 mox
2173 3216 2371 3271 iterum
2400 3232 2612 3280 senem,
2640 3231 2972 3284 rursumque
2995 3233 3222 3287 puerum
3246 3235 3259 3279 ;
3320 3234 3464 3273 nunc
3491 3235 3612 3272 ma-

2016 3308 2216 3378 jorem,
2257 3325 2404 3363 nunc
2438 3309 2728 3372 minorem,
2768 3311 3037 3364 interdum
3055 3320 3108 3364 et
3138 3311 3460 3374 maximum,
3487 3327 3612 3364 ver-

2022 3400 2129 3454 tice
2160 3400 2324 3454 etiam
2357 3401 2551 3455 caelum
2593 3402 2971 3469 attingentem.
3009 3402 3209 3456 Multas
3237 3402 3404 3456 etiam
3447 3417 3617 3472 super

2023 3507 2186 3546 cruce
2215 3507 2390 3560 nugas
2415 3493 2570 3562 lingit
2604 3503 2770 3562 atque
2807 3494 3060 3563 ineptias,
3115 3509 3292 3563 neque
3327 3494 3610 3548 Christum

2025 3583 2192 3639 fuisse
2221 3585 2370 3638 cruci
2409 3586 2655 3650 allixum,
2687 3588 2781 3640 sed
2804 3585 2969 3638 alium
2995 3600 3092 3656 pro
3113 3600 3200 3651 eo,
3231 3593 3284 3641 et
3310 3585 3440 3640 hinc
3466 3584 3614 3638 illum

2023 3691 2142 3741 eos,
2175 3678 2267 3747 qui
2318 3677 2369 3730 in
2403 3694 2620 3732 crucem
2649 3690 2895 3747 egerant,
2943 3679 3260 3733 irridentem
3285 3679 3433 3731 facit.
3468 3678 3614 3732 Con-

2019 3766 2168 3839 jugia
2205 3770 2429 3839 insuper
2481 3769 2720 3841 legitima
2757 3771 2956 3838 rejicit,
2995 3783 3325 3838 omnemque
3359 3769 3497 3824 adeo
3520 3784 3614 3839 ge-

2028 3861 2368 3916 nerationem
2427 3862 2626 3916 malam
2673 3877 2815 3926 esse,
2864 3862 3009 3932 91a
3044 3873 3098 3918 et
3139 3878 3167 3915 a
3207 3862 3351 3915 malo
3391 3862 3610 3926 asserit,

2027 3952 2301 4022 aliamque
2360 3955 2665 4008 daamonum
2715 3953 3097 4009 formationem
3143 3956 3609 4009 comminiscitur.

2028 4041 2370 4098 Mortuorum
2400 4045 2587 4099 adhaac
2605 4044 2910 4112 hominum,
2942 4049 3125 4111 boum,
3159 4061 3222 4101 ae
3239 4045 3612 4111 jumentormn

2029 4138 2298 4191 absurdas
2371 4137 2719 4206 puerilesque
2801 4139 3244 4194 resurrectiones
3306 4139 3618 4208 prodigiose

2032 4229 2207 4299 lingit.
2254 4226 2311 4282 In
2359 4229 2512 4283 Actis
2561 4245 2782 4300 quoque
2844 4232 2990 4286 beati
3051 4231 3279 4286 Joannis
3318 4230 3616 4302 imaginum

2032 4334 2188 4374 usum
2247 4335 2371 4375 cum
2428 4320 2810 4378 lconomacbis
2865 4326 3177 4392 vituperare
3232 4323 3469 4378 videtur.
3522 4323 3618 4378 Vis

2031 4413 2203 4468 verbo
2240 4414 2459 4468 dicam?
2509 4423 2751 4484 quantus
2785 4424 2869 4470 est
2910 4413 3070 4481 liber,
3110 4416 3338 4485 puerilia
3373 4416 3619 4469 continet

329 4509 431 4562 καὶ
455 4507 698 4560 ἀπίθανα
753 4507 849 4559 καὶ¹
895 4503 1253 4559 κακόπλαστα
1292 4504 1586 4575 καὶψευδῆ
1623 4505 1717 4558 καὶ
1767 4505 1916 4576 μωρά

2033 4503 2150 4558 sine
2172 4519 2421 4570 numero,
2459 4513 2511 4559 et
2537 4504 2836 4575 inopinata,
2863 4506 3207 4574 maligneque
3247 4507 3503 4572 conﬁcta,
3550 4520 3617 4561 ac

330 4601 432 4652 καί
464 4596 647 4661 ἄλλοις
680 4597 724 4628 ³⁸
767 4597 1050 4668 μαχόμενα
1094 4597 1189 4648 καὶ
1247 4595 1422 4665 ἀσεϐῆ
1477 4597 1572 4648 καὶ
1634 4594 1772 4648 ἄθεα
1830 4612 1928 4647 πε-

335 4691 544 4761 ριέχει·
603 4690 670 4761 ἣν
731 4688 900 4742 εἰπών
929 4705 1016 4750 τις
1071 4687 1253 4756 πάσης
1286 4688 1551 4758 αἱρέσεως
1603 4686 1787 4758 πηγὴν
1835 4687 1931 4740 καὶ

336 4783 560 4855 μητέρα
589 4783 689 4836 οὐκ
713 4781 779 4836 ἂν
801 4779 1150 4852 ἀποσφαλείη
1174 4777 1268 4833 τοῦ
1298 4780 1525 4845 εἰκότος.

1054 4961 1202 5020 PIE'.

333 5057 695 5126 ’Δνωνύμου
733 5055 886 5113 κατὰ
930 5056 1240 5111 Ἰουδαίων
1274 5053 1370 5108 καὶ
1407 5054 1927 5126 Τεσσαρεσκαιδετ

411 5123 669 5181 orauit?»-
699 5131 904 5197 λόγος.
932 5129 1044 5180 Καὶ
1071 5127 1466 5194 Μητροδώρου
1506 5126 1639 5193 περὶ
1683 5123 1796 5195 τῆς
1828 5125 1936 5180 τοῦ

411 5200 589 5266 ἁγίου
608 5198 824 5267 Πάσχα
847 5197 1081 5266 ἑορτῆς.

432 5292 776 5363 Ἀνεγνώσθη
806 5289 1013 5362 βιϐλίον
1033 5289 1318 5362 ἀνώνυμον
1341 5329 1356 5353 ,
1387 5282 1449 5343 οὗ
1480 5290 1514 5360 ἡ
1546 5287 1792 5359 ὲπιγαφὴ
1823 5288 1937 5343 Ad-

2035 4595 2196 4660 falsa,
2227 4598 2338 4650 imo
2367 4596 2553 4662 stulta,
2582 4607 2638 4651 et
2667 4598 2811 4653 inter
2839 4611 2900 4652 se
2926 4597 3244 4667 pugnantia,
3274 4597 3436 4668 impia
3460 4599 3617 4653 deni-

2044 4703 2153 4758 que
2199 4697 2254 4743 et
2281 4688 2603 4744 detestanda
2647 4699 2748 4756 tot,
2801 4698 2860 4742 ut
2887 4690 2979 4758 qui
3011 4705 3134 4744 eum
3192 4690 3370 4745 omnis
3399 4691 3621 4746 heresis

2037 4781 2245 4836 fontem
2281 4791 2447 4852 atque
2474 4792 2754 4838 auctorem
2787 4782 3008 4851 dixerit,
3065 4797 3174 4838 non
3217 4783 3307 4840 ille
3333 4799 3362 4838 a
3393 4787 3622 4840 veritate

2036 4872 2122 4929 vel
2148 4873 2437 4929 minimum
2473 4874 2805 4930 discesserit.

2747 4963 2912 5022 CXV.

2038 5057 2197 5113 Liber
2217 5075 2512 5128 anunymus
2541 5069 2723 5112 contra
2759 5059 2978 5113 Judtcos
3002 5069 3050 5112 et
3085 5059 3619 5124 Quartadecimanos,

2246 5133 2470 5199 itemque
2506 5129 2795 5183 Metrodori
2817 5129 3068 5186 Calculus
3094 5129 3399 5184 Paschalis.

2106 5286 2236 5358 Legi
2267 5289 2460 5344 incerti
2484 5289 2726 5344 auctoris
2755 5287 2980 5356 librum,
3010 5287 3332 5360 quititulum
3361 5289 3578 5358 prazfert
3605 5302 3619 5338 :

1640 5403 1728 5458 VA
1738 5402 1878 5458 ΒΙιΕ
1911 5403 2319 5459 LECTIONES.

413 5505 466 5537 "
498 5506 527 5558 ὁ
557 5505 680 5558 add.
707 5504 774 5559 A.
850 5505 896 5537 "
933 5502 1298 5572 ὲπισκοπῆσαι
1343 5499 1564 5570 Ῥώμης
1590 5517 1650 5564 ς.

342 5578 616 5638 πολλάκις
640 5581 707 5629 Α.
783 5577 825 5608 ³⁸
867 5575 926 5629 δέ
962 5593 1024 5639 ς.
1119 5575 1165 5606 ³⁸
1195 5574 1459 5644 ὲκκληροί
1490 5587 1551 5634 ς.

1751 5498 1802 5568 Ir"
1826 5495 2156 5568 ἀνέγκλητον
2186 5497 2252 5553 Α.
2328 5496 2524 5568 νγΙίὺῂ
2563 5497 2784 5568 ἑαυτήν.
2859 5499 2904 5568 ’Ῡ
2944 5495 3132 5568 φυρῶν
3167 5514 3228 5562 ς.

1648 5569 1692 5602 ³³
1723 5567 1902 5623 ἄλλων
1931 5565 2062 5623 add.
2086 5571 2153 5623 A.
2230 5569 2277 5600 “
2309 5565 2514 5638 ἄλλοις]
2549 5565 3014 5639 ἰηηιιοόιλλήλοις.

3305 5495 3350 5527 ³⁸
3390 5492 3625 5565 φανῆναι

1861 5659 2097 5718 NOTAE.

418 5764 533 5834 (75)
561 5762 696 5834 Vide
720 5765 781 5819 Β.
809 5764 1014 5818 Baron.
1047 5774 1178 5818 tom.
1209 5762 1251 5828 l,
1286 5761 1351 5817 ad
1389 5776 1588 5834 annum
1617 5757 1821 5834 Christi
1845 5755 1936 5812 96.

417 5819 535 5907 (76)
565 5833 825 5909 Martyrio
859 5847 1178 5893 coronatum
1224 5819 1284 5890 ut
1318 5835 1477 5888 docet
1505 5832 1566 5886 D.
1605 5831 1754 5886 card.
1787 5827 1985 5884 Baron.
2031 5835 2071 5883 t.
2106 5821 2174 5896 ll,
2205 5821 2268 5880 ad
2307 5836 2504 5881 annum
2539 5819 2745 5882 Christi
2779 5821 2902 5880 102.
