4062 6474
474 366 580 435 391

1662 361 1931 427 ΡΗΟΤΙΙ
1969 362 2475 425 PATRIARCHIE
2497 361 2610 425 CP.

3663 374 3762 438 392

464 482 771 554 Disputatio
804 483 1063 536 .sdversus
1089 478 1333 543 Iudaea,
1373 494 1581 550 unaque
1607 479 1886 533 sentientes
1909 479 2078 532 hisre-

2183 498 2285 551 νος
2306 478 2458 548 πρὸς
2490 477 2828 544 Ἰουδαίους
2848 478 3106 547 καὶτοὺς
3125 481 3283 550 μετά
3311 482 3548 538 τούτων
3568 489 3764 557 αἰρετι.

468 578 598 629 ticos
627 573 765 644 (77),
800 581 848 625 et
895 568 1428 636 Quartadecimanos,
1458 578 1516 623 ut
1539 579 1753 637 uocant,
1779 570 1873 639 qui
1890 570 2061 637 primo

2183 573 2312 639 ιοὺς
2344 572 2446 627 καὶ
2475 571 2619 638 τοὺς
2663 572 3086 640 καλουμένους
3123 576 3766 645 Τεσσαρεσκαιδεκατί..

470 666 821 722 Hebraeum
850 679 1024 718 mense
1064 671 1309 718 sanctum
1355 660 1578 716 Pascha:
1607 661 1800 731 festum
1849 678 1953 715 non
1981 678 2065 716 ce-

468 759 673 815 lebrant
707 756 844 827 (78).
878 755 1050 824 llujus
1075 756 1256 811 oratio
1285 755 1582 811 vehemens
1620 764 1729 820 eat,
1764 769 1941 824 neque
1975 768 2061 809 re-

472 853 743 915 dundans,
766 849 911 906 fastu
929 849 1305 920 lactantiaque
1332 864 1440 903 non
1459 863 1683 905 vacans.
1708 846 1923 903 Asserit
1939 860 2067 902 vero

472 962 635 1002 sacra
675 945 866 1016 quinta
892 943 1025 1014 (die)
1061 943 1235 1016 legale
1262 959 1369 1000 non
1403 945 1584 1001 edisse
1624 943 1832 1000 Pascha
1875 943 2063 1001 Domi-

473 1058 604 1097 num
628 1040 817 1095 lesutn
850 1039 1129 1099 Christum
1163 1040 1368 1112 (neque
1397 1041 1542 1095 enim
1574 1040 1722 1094 illum
1751 1042 1868 1108 ejus
1884 1040 2066 1095 edenti

473 1143 737 1189 statutum
774 1130 943 1186 fuisse
969 1130 1161 1199 diem),
1200 1132 1296 1185 sed
1325 1130 1590 1199 sequenti.
1626 1129 1704 1184 Ac
1730 1146 1903 1200 neque
1930 1141 2066 1199 tum,

474 1246 597 1298 quzr
627 1228 829 1292 ederit,
861 1242 924 1280 ex
957 1226 1096 1297 legis
1130 1227 1455 1295 praescripto
1481 1226 1681 1280 edisse.
1725 1223 1858 1280 Nam
1894 1240 2071 1295 neque

474 1338 698 1391 agnum,
737 1334 911 1386 neque
938 1334 1161 1389 azyma,
1206 1332 1380 1386 neque
1416 1317 1559 1370 aliud
1581 1317 1856 1387 quidpiam
1881 1331 2069 1371 eorum

478 1412 697 1476 fecisse,
733 1426 852 1479 quze
886 1409 1062 1478 legale
1082 1418 1370 1463 servantes
1401 1407 1638 1473 Pascha,
1668 1422 1824 1461 more
1852 1409 2071 1476 rituque

479 1506 749 1574 majorum
778 1504 1095 1557 observant.
1131 1499 1318 1569 Itaque
1350 1502 1622 1568 privatam
1688 1510 1921 1563 tantum,
1956 1514 2072 1569 my-

475 1589 670 1643 sﬁcam
702 1588 847 1641 illam
880 1598 1085 1649 tamen,
1123 1586 1240 1641 vult
1281 1600 1497 1641 caenam
1554 1586 1756 1648 edisse,
1816 1595 1980 1655 atque
2002 1598 2071 1638 ex

475 1694 540 1733 ea
572 1676 856 1747 discipulis
882 1692 1103 1746 panem,
1146 1688 1202 1731 et
1230 1676 1456 1731 calicem
1488 1677 1820 1745 porrexisse.

546 1771 702 1825 Alius
736 1771 867 1823 item
904 1769 1044 1824 liber
1070 1767 1401 1837 coniunctus
1445 1779 1565 1823 erat
1609 1768 1907 1823 Metrodori
1966 1785 2073 1823 cu-

2164 678 2290 728 τας,
2312 661 2399 731 μὴ
2420 660 2504 727 τῷ
2526 661 2737 730 πρώτῳ
2762 663 2893 717 καθ’
2921 663 3237 732 Ἐϐραίους
3253 666 3403 734 μηνί
3432 665 3766 726 ἐπιτελοῦν.

2165 770 2272 819 τας
2293 752 2401 807 τοῦ
2422 753 2600 823 ἁγίου
2620 752 2841 821 Πάσχα
2862 753 2979 823 τὴν
3000 754 3238 824 ἑορτήν.
3256 752 3430 821 Οὗτος
3455 759 3556 829 μὲν
3572 760 3602 812 ὁ
3616 760 3768 831 λόγος

2168 846 2435 918 σύντομος
2447 846 2493 879 ³⁸
2516 847 2612 901 καὶ
2633 846 2928 916 άπέριττος
2950 847 3047 902 καὶ
3075 848 3293 920 κόμπου
3316 849 3592 920 μετέχων.
3611 852 3768 920 Λέγει

2171 940 2360 1009 μέντοι
2385 942 2452 1011 σιῇ
2473 940 2606 1011 ἁγίᾳ
2626 940 2863 1013 Πέμπτῃ
2899 940 2976 1012 μὴ
3009 941 3073 994 τὸ
3101 941 3329 1013 νομικὸν
3358 945 3562 1011 φαγεῖν
3584 944 3767 1015 Πάσχα

2167 1030 2260 1083 τὸν
2276 1030 2483 1102 Κύριον
2501 1030 2659 1101 ἡμῶν
2674 1030 2883 1102 Ἰησοῦν
2897 1032 3136 1103 Χριστόν
3153 1047 3166 1062 ·
3199 1031 3334 1104 μηδὲ
3354 1032 3467 1105 γάρ
3491 1030 3629 1087 εἶναι
3651 1037 3766 1090 τότε

2168 1121 2263 1175 τὸν
2284 1122 2499 1194 καιρὸν,
2519 1122 2660 1176 ἀλλὰ
2677 1126 2743 1193 τῇ
2769 1122 3027 1196 ἐπιούσῃ.
3044 1122 3156 1177 Καὶ
3172 1124 3255 1177 ὅτι
3278 1124 3405 1178 οὐδὲ
3428 1126 3668 1195 νομικῶς
3686 1145 3767 1181 τε-

2170 1212 2279 1267 λῶν
2295 1212 2520 1282 ἔφαγεν,
2537 1214 2739 1285 amp"
2757 1215 2982 1283 ἔφαγεν,
2997 1215 3079 1279 είς
3093 1216 3194 1283 τὴν
3212 1216 3480 1270 ἐπιοῦσαν
3495 1232 3509 1246 ·
3528 1217 3650 1271 οὔτε
3668 1220 3766 1292 γὰρ

2171 1303 2334 1372 άρνὸν
2364 1301 2488 1355 οὔτε
2513 1303 2699 1374 ἄζυμα
2735 1303 2858 1356 οὔτε
2893 1303 3024 1357 ἄλλο
3062 1321 3117 1358 τι
3163 1304 3427 1377 πράττων
3451 1347 3467 1371 ,
3511 1306 3612 1360 ὅσα
3633 1311 3681 1361 οἱ
3712 1310 3767 1363 τὸ

2172 1394 2396 1464 νομικὸν
2416 1395 2697 1459 τελοῦντες
2717 1398 2910 1466 Πάσχα
2935 1397 3058 1460 ἔθος
3082 1396 3266 1468 ἔχουσι
3294 1398 3764 1469 παραφυλάττειν·

2178 1485 2294 1539 ἀλλ’
2329 1485 2463 1539 ίδιον
2496 1488 2761 1556 μυστικόν
2793 1505 2928 1560 φησι
2957 1489 3174 1543 δεῖπνον
3207 1494 3440 1558 φαγεῖν,
3475 1491 3535 1557 ἐξ
3582 1486 3641 1545 οἶ)
3679 1495 3765 1547 καὶ

2173 1583 2288 1645 τοῖς
2320 1582 2592 1652 μαθηταῖς
2635 1582 2805 1651 ἄρτου
2834 1581 2932 1635 καὶ
2976 1584 3239 1655 ποτηρίου
3280 1583 3634 1653 μεταδοῦναι.

2249 1780 2399 1853 [293
2430 1782 2497 1836 R.
2523 1780 2544 1854 ]
2603 1782 2921 1853 Ἐνεφέρετο
2953 1782 3011 1837 δὲ
3058 1782 3215 1852 λόγος
3248 1783 3444 1856 ἕτερος
3479 1786 3765 1857 Μητροδὼ-

471 1865 716 1932 jusdam,
753 1860 1009 1915 Calculus
1055 1860 1315 1916 nimirum
1356 1861 1422 1914 de
1471 1877 1624 1915 sacro
1673 1860 1900 1915 Parcius
1937 1862 2075 1930 festo

2189 1890 2283 1944 pou
2311 1873 2456 1936 τινὸς
2479 1915 2493 1939 ,
2522 1873 2702 1945 ψῆφος
2723 1875 3391 1946 ὲννεακαιδεκαετηρίδων
3423 1875 3511 1947 κη’
3540 1880 3620 1942 είς
3652 1881 3764 1933 ἑαυ-

474 1954 788 2009 celebranda
844 1968 1040 2007 novem
1084 1952 1466 2008 decennallum
1542 1952 1819 2024 cyclorum
1880 1954 2072 2022 viginti

476 2059 604 2102 octo
655 2048 709 2100 in
759 2045 1004 2115 seipsum
1059 2045 1217 2113 quasi
1270 2046 1325 2100 in
1388 2046 1575 2101 orbem
1637 2046 1906 2101 redactus.
1975 2046 2078 2102 Hic

476 2144 660 2188 autem
717 2131 1089 2196 Metrodorus,
1150 2132 1469 2202 quicunque
1526 2132 1741 2186 tandem
1794 2145 1878 2187 est
1917 2117 2077 2205 (nihil

482 2228 631 2281 etiint
666 2224 814 2279 aliud
855 2226 923 2279 de
959 2224 1053 2278 illo
1083 2224 1268 2279 dicere
1299 2222 1494 2295 statui)
1539 2239 1567 2277 a
1606 2224 1965 2292 Diocletiano,
1992 2225 2078 2279 in-

480 2318 734 2371 choando
767 2315 1195 2387 quingentorum
1225 2316 1452 2385 triginta
1481 2318 1646 2370 trium
1668 2330 1935 2371 annorum
1962 2316 2079 2372 dies

482 2409 655 2465 testes
686 2409 929 2479 collegit,
964 2410 1126 2480 idque
1161 2408 1448 2480 (quantum
1494 2406 1733 2477 videtur)
1773 2409 2076 2464 secundum

484 2508 799 2554 accuratam
854 2498 1045 2561 illam,
1102 2512 1267 2567 quam
1323 2508 1566 2564 vocant,
1601 2497 2078 2566 quartae-decima:

484 2594 627 2643 luna:
652 2588 1142 2659 computationem.
1181 2588 1402 2644 Etenim
1432 2604 1610 2659 neque
1635 2590 1781 2644 hunc
1813 2587 2076 2653 Ecclesia,

484 2689 661 2745 neque
694 2685 852 2731 vetus
889 2676 1115 2732 traditio
1136 2675 1258 2732 dies
1292 2675 1415 2732 illos
1442 2690 1698 2733 servasse
1729 2676 2005 2731 videntur.

1185 2767 1371 2826 CXVI.

484 2864 739 2921 Auctoris
770 2861 957 2918 incerti
1002 2861 1069 2917 de
1101 2877 1255 2917 sacro
1299 2859 1527 2917 Pascha:
1554 2860 1688 2930 {esto
1719 2861 1960 2917 volumen
1992 2876 2077 2921 Ill.
2108 2894 2116 2903 -

558 3044 757 3105 Lectus
811 3058 1032 3115 quoque
1090 3042 1230 3099 liber
1284 3050 1398 3108 est.
1463 3041 1556 3113 qui
1617 3040 1904 3111 scriptoris
1972 3055 2080 3096 non

487 3152 747 3206 expresso
766 3138 988 3193 nntnine
1012 3135 1464 3193 inscribiturzbe
1484 3151 1639 3191 sacro
1677 3134 1904 3190 Pascha:
1944 3134 2080 3205 festo
2124 3194 2127 3195 ν

487 3234 730 3290 uolumen
760 3234 976 3288 tertium
1009 3231 1160 3285 libris
1190 3242 1331 3288 ouo.

564 3324 816 3396 Simplici
845 3324 1111 3391 dictione,
1145 3322 1397 3394 styloque
1422 3320 1774 3392 apertissimo
1821 3320 2085 3390 scriptum

488 3432 650 3487 opus,
692 3416 865 3472 multa
909 3431 1042 3471 sane
1089 3426 1256 3486 atque
1293 3415 1553 3485 praeclara
1602 3428 1768 3470 sensa
1818 3416 2085 3469 continet.

491 3512 742 3580 Scriptor
799 3509 889 3565 hic
941 3509 1087 3563 libro
1136 3502 1336 3578 quarto
1382 3506 1755 3562 Metrodorum
1797 3520 1945 3574 saepe
1999 3518 2087 3559 re-

491 3602 802 3673 prehendit,
824 3615 889 3657 ac
906 3600 1035 3657 dum
1066 3600 1244 3656 sacris
1270 3613 1392 3655 sese
1420 3598 1724 3667 Scriptura:
1756 3597 2088 3652 testimoniis

490 3695 817 3760 communit,
853 3708 962 3750 non
1006 3708 1204 3763 pauca,
1239 3691 1616 3763 explanatoris
1654 3690 1769 3745 fere
1808 3689 2086 3754 methodo,

490 3786 637 3858 915
672 3787 734 3842 in
768 3800 867 3842 sex
902 3786 1113 3841 dierum
1177 3800 1315 3855 Opus
1342 3784 1500 3839 utilia
1536 3784 1689 3841 hisce
1726 3784 1795 3837 de
1821 3781 2091 3839 Pasehate

494 3880 649 3935 libris
677 3880 933 3935 intexuit.
961 3880 1183 3934 Dedicat
1212 3892 1348 3934 vero
1376 3877 1687 3943 Theodoro,
1736 3891 1902 3947 quem
1950 3876 2090 3931 dile-

493 3982 642 4027 ctum
664 3972 1002 4042 fratremque
1026 3970 1283 4041 appellat.
1312 3968 1544 4039 Scripsit
1565 3969 1755 4025 eadem
1781 3970 1849 4025 de
1870 3984 1930 4025 re
1951 3970 2089 4023 alios

495 4078 718 4132 quoque
744 4062 945 4127 libros,
970 4076 1158 4119 verum
1197 4062 1284 4116 hic
1314 4060 1541 4117 uberior
1564 4069 1651 4117 est
1670 4069 1836 4131 atque
1864 4061 2087 4128 utilior;

504 4164 564 4206 ut
600 4154 692 4222 qui
715 4154 770 4207 in
796 4169 855 4208 re
884 4155 1030 4208 tenui
1067 4152 1219 4207 utilia
1242 4168 1479 4223 quaeque
1514 4154 1581 4207 ad
1619 4167 1734 4208 rem
1764 4153 2089 4222 pertinentia

503 4242 724 4298 afferat.
772 4241 909 4298 Nam
948 4244 1014 4298 de
1052 4244 1302 4299 .bissexto
1332 4283 1351 4311 ,
1394 4254 1453 4300 et
1516 4258 1706 4299 mense
1744 4244 2088 4311 .interealari,

496 4334 739 4404 solisque
804 4349 870 4391 ac
909 4334 1051 4389 lunae
1095 4336 1329 4405 epactis,
1372 4345 1428 4390 et
1473 4336 2083 4392 eritieacaedecaeteridi-

498 4430 601 4485 bus
623 4427 843 4500 (79),et
867 4428 935 4485 de
970 4430 1183 4487 ratione
1213 4444 1276 4484 ac
1302 4430 1387 4483 via
1408 4429 1526 4484 haec
1558 4429 1943 4501 investigandi,
1973 4431 2092 4483 sin-

2182 1966 2284 2036 τὴν
2301 1966 2755 2038 άνακυκλουμένη
2777 1968 2907 2038 περὶ
2929 1966 3031 2038 τῆς
3047 1966 3143 2021 τοῦ
3165 1968 3323 2036 ἁγίου
3348 1968 3545 2039 Πάσχα
3562 1971 3762 2041 ἑορτῆς.

2184 2054 2357 2125 Οὗτος
2388 2062 2415 2115 ὁ
2440 2060 2811 2133 Μητρόδωρος
2831 2100 2846 2124 ,
2879 2062 3028 2125 ὅστις
3070 2063 3200 2115 ποτὲ
3233 2064 3352 2115 ἐστι
3384 2063 3484 2132 (ού
3516 2063 3621 2134 γὰρ
3652 2066 3764 2122 ἄλλο

2183 2169 2235 2206 τι
2280 2152 2451 2221 ἔγνων
2481 2153 2655 2206 εἰπεῖν
2695 2154 2822 2223 περὶ
2847 2152 3051 2224 αὑτοῦ)
3076 2193 3091 2216 ,
3121 2153 3232 2207 ἀπὸ
3256 2154 3646 2223 Διοκλητιανοῦ
3679 2158 3766 2230 ἀρ-

2187 2248 2416 2317 ξάμενος
2468 2247 2589 2316 φλγ¹
2643 2247 2780 2301 ἐτῶν
2828 2248 3105 2320 συνήγαγε
3150 2251 3290 2302 κατὰ
3341 2248 3443 2322 τὴν
3485 2249 3764 2321 λεγομένην

2186 2338 2393 2409 ἀκριϐῆ
2419 2339 2516 2406 τῆς
2548 2338 3153 2411 τεσσαρεσκαιδεκάτης
3186 2341 3545 2413 ψηφοφορίαν
3565 2344 3608 2375 ³⁷
3645 2343 3765 2414 ἡμέ-

2190 2444 2288 2498 ρας
2309 2468 2323 2492 ,
2355 2428 2455 2482 ὅσα
2486 2425 2564 2497 τῷ
2593 2428 2771 2480 δοκεῖν
2795 2470 2809 2495 ,
2842 2429 3201 2501 ὲορταστικάς
3227 2448 3238 2460 '
3266 2434 3370 2485 καὶ
3397 2433 3508 2505 γὰρ
3535 2432 3655 2487 οὕτε
3682 2434 3763 2488 νῦν

2186 2520 2221 2588 ἡ
2267 2517 2565 2589 Ἐκκλησία
2590 2516 2714 2571 οὔτε
2746 2521 2780 2591 ἡ
2817 2520 3031 2577 παλαιὰ
3059 2523 3368 2594 παράδοσις
3399 2525 3626 2590 ταύταις
3653 2526 3763 2596 φαί-

2185 2627 2339 2665 νεται
2363 2610 2703 2681 κεχρημένη.

2903 2788 3071 2844 PIC”.

2903 2790 2971 2842 PI
3054 2827 3071 2844 .

2189 2880 2542 2951 ’Δνωγύμου
2587 2880 2723 2950 περὶ
2758 2790 3102 3022 τῆςλὲςΐζῖξδ
3129 2883 3239 2941 τοῦ
3288 2887 3519 2954 Πάσχα
3579 2887 3766 2957 ἑορτῆς

3005 2973 3023 3006 ι
3108 2994 3123 3009 ο

3005 2973 3123 3009 ιγ’.

2848 2960 2888 3006 .1
3005 2973 3023 3006 ι
3108 2994 3123 3009 .

2272 3042 2617 3115 Ἀνεγνὼσθη
2647 3044 2850 3115 βιϐλίον
2875 2960 3168 3110 ,ᾝονζπὶ
3190 3047 3269 3119 τῷ
3287 3048 3527 3121 ὀνόματι
3552 3049 3640 3105 τοῦ
3662 3069 3767 3107 συν⁴

2188 3136 2470 3206 τεωχότος
2492 3177 2508 3203 ,
2561 3137 2935 3209 ἀνεπίγραφον
2959 3153 2975 3169 ο
3014 3137 3111 3191 ἐπὶ
3143 3141 3210 3209 τῇ
3263 3156 3333 3209 γε
3399 3141 3563 3214 βίϐλῳ
3603 3143 3769 3212 ἐπεγέ-

2108 3228 2153 3291 C
2186 3243 2401 3297 γραπτο
2421 3242 2439 3259 ο
2481 3245 2497 3277 ι
2520 3226 2658 3297 Περὶ
2688 3226 2789 3297 τῆς
2827 3228 2991 3298 ἁγίας
3039 3228 3134 3282 τοῦ
3168 3229 3375 3302 Πάσχα
3401 3233 3590 3304 ἑορτῆς
3631 3232 3767 3302 λόγος

2189 3318 2376 3389 τρίτος
2398 3359 2413 3383 ,
2442 3318 2506 3371 -ὲν
2544 3318 2731 3390 τόμοις
2760 3320 2926 3374 ὀκτώ.
2956 3338 2976 3372 ι
3025 3320 3176 3393 Αὕτη
3221 3324 3254 3393 ἡ
3292 3323 3480 3394 βίϐλος
3510 3325 3643 3396 ἁπλῇ
3676 3325 3761 3395 μὲν

2190 3413 2287 3464 καὶ
2315 3411 2628 3483 σαφεστάτῃ
2662 3413 3083 3484 συγγέγραπται
3128 3415 3335 3487 φράσει
3363 3459 3379 3485 ,
3420 3417 3584 3471 πολλὰ
3608 3418 3657 3471 δὲ
3681 3418 3759 3473 καὶ

2189 3504 2334 3559 καλά
2357 3506 2605 3576 νοήματα
2627 3508 2876 3578 περιέχει
2899 3508 2967 3563 ³⁸.
2988 3503 3158 3574 Οὗτος
3178 3512 3207 3563 ὁ
3241 3513 3597 3584 συγγραφεὺς
3621 3514 3672 3566 ὲν
3689 3512 3754 3583 τῷ

2188 3597 2439 3669 τετάρτῳ
2449 3597 2509 3650 τό
2516 3615 2602 3669 μῳ
2617 3601 2710 3653 καὶ
2723 3601 3139 3673 κατὰΜητροδώ
3146 3620 3237 3672 ρου
3254 3607 3495 3659 ποιεῖται
3508 3603 3750 3675 ἐλέγχους,

2190 3690 2287 3743 καὶ
2305 3692 2428 3754 ταῖς
2457 3691 2766 3763 Γραφικαῖς
2791 3694 2848 3747 δὲ
2864 3695 3193 3766 μαρτυρίαις
3220 3696 3537 3769 ὠχύρωται,
3551 3696 3638 3750 καὶ
3650 3695 3749 3748 πολ-

2191 3783 2261 3837 λὰ
2275 3783 2385 3836 τῶν
2406 3786 2486 3849 είς
2518 3786 2796 3857 τὴνἚξαή
2805 3804 2972 3859 μερον
2989 3788 3304 3859 χρησίμων,
3321 3790 3401 3855 ὡς
3417 3792 3474 3844 ὲν
3492 3790 3745 3860 ἑρμηνείας

2190 3875 2350 3949 τύπῳ
2371 3918 2386 3943 ,
2408 3878 2551 3931 κατὰ
2576 3878 2769 3932 τούσδε
2794 3881 2923 3945 τοὺς
2946 3883 3075 3952 περὶ
3102 3881 3198 3935 τοῦ
3222 3882 3422 3953 Πάσχα
3451 3883 3637 3952 λόγους
3656 3897 3751 3933 συν-

2192 3970 2434 4042 υφαίνει.
2466 3973 2789 4043 Προσφωνεῑ
2826 3974 2882 4028 δὲ
2911 3974 3177 4046 Θεοδώρῳ
3205 3975 3301 4028 τὸν
3328 3976 3485 4045 λόγον
3509 4018 3524 4043 ,
3558 3976 3612 4029 ὃν
3637 3975 3757 4040 ἀγα-

2193 4064 2368 4135 πητόν
2411 4081 2472 4117 τε
2500 4064 2596 4118 καὶ
2620 4064 2848 4134 ἀδελφὺν
2880 4066 3239 4136 ὑπαγορεύει.
3273 4068 3557 4139 Πεποίηκε
3602 4067 3654 4118 δὲ
3676 4064 3756 4115 καὶ

2197 4159 2393 4230 ἐτέρας
2427 4159 2559 4230 περὶ
2599 4160 2700 4229 τῆς
2747 4160 2923 4231 αὐτῆς
2972 4162 3284 4227 ὑποθέσεως
3322 4164 3585 4234 πρότερον
3612 4160 3654 4191 ³⁹
3686 4159 3756 4226 βί-

2192 4247 2360 4310 ϐλους
2382 4263 2398 4279 ⁸
2431 4248 2548 4301 ἀλλ’
2576 4247 2722 4320 αὕτη
2754 4250 3071 4322 πλατυτέρα
3114 4269 3175 4306 τε
3217 4253 3317 4307 καὶ
3351 4251 3720 4325 χρησιμωτάτη
3743 4288 3755 4309 ο

2194 4338 2272 4402 ὡς
2301 4340 2396 4391 ἐπὶ
2418 4338 2438 4410 [
2460 4338 2564 4393 158
2594 4338 2700 4412 Η.]
2732 4340 2913 4413 λεπτῷ
2942 4343 3123 4398 πάντα
3148 4344 3216 4398 τὰ
3249 4345 3389 4412 πρὸς
3411 4344 3509 4415 τὴν
3533 4341 3757 4396 ὑπόθεσιν

2199 4431 2447 4501 χρήσιμα
2468 4431 2763 4496 διεξιοῦσα.
2794 4434 2930 4505 Περί
2957 4452 3019 4488 τε
3063 4434 3181 4508 γὰρ·
3210 4437 3459 4507 βισέξτου
3477 4436 3523 4469 ⁸⁸
3555 4434 3645 4488 καὶ
3674 4435 3759 4501 ὲμ-

498 4519 622 4589 gula
648 4520 980 4576 excutienda
1001 4521 1237 4575 dilucide
1257 4522 1438 4575 tradit.
1461 4520 1536 4577 De
1550 4520 1833 4576 mensibus
1854 4520 2009 4584 item,
2040 4530 2081 4575 e1

2194 4523 2429 4594 νϐολίμου
2457 4525 2625 4595 μηνὸς
2652 4526 2747 4579 καὶ
2773 4528 3029 4581 ὲπακτῶν
3057 4529 3212 4598 ἡλίου
3238 4531 3336 4583 καὶ
3357 4527 3606 4583 ὲπακτῶν
3628 4523 3760 4591 σελή-

500 4588 809 4678 neomenia,
829 4622 886 4669 et
911 4611 1276 4677 hebdomade,
1300 4613 1529 4683 ejusque
1557 4613 1770 4676 diebus,
1794 4616 2081 4683 etquinam

2195 4631 2296 4683 νης
2328 4588 2424 4668 καὶ
2457 4588 3116 4691 ἐννεακαιδεκαετηρίδων
3159 4623 3253 4676 καὶ
3289 4622 3514 4693 μεθόδου
3540 4619 3635 4687 τῆς
3679 4588 3759 4668 εὑ.-

499 4718 824 4761 couununes
852 4705 981 4760 anni
1012 4706 1384 4776 appellantur,
1409 4708 1614 4777 quique
1640 4706 1908 4774 interiecti
1935 4706 2086 4761 anni.

501 4793 580 4849 De
614 4796 893 4853 curriculo
937 4808 1203 4865 praeterea
1237 4798 1374 4854 solis
1406 4809 1537 4854 octo
1572 4811 1629 4853 et
1676 4798 1866 4869 viginti
1918 4814 2090 4853 anno-

498 4902 644 4952 rum,
678 4897 733 4943 et
764 4889 1137 4944 novemdecim
1175 4906 1441 4946 annorum
1480 4892 1640 4959 lunae,
1668 4907 1731 4946 ac
1759 4903 1957 4960 quarto
1996 4895 2089 4945 de-

498 4980 644 5037 cimo
667 4982 912 5051 ejusdem
945 4982 1055 5038 die.
1090 4981 1328 5040 Rursum
1362 4986 1433 5040 de
1476 4985 1755 5040 mensibus
1808 4984 2090 5040 lunaribus

2201 4706 2406 4777 ρὲσεως
2430 4709 2611 4762 αὐτῶν
2636 4710 2994 4783 λεπτομερῶς
3028 4714 3123 4768 καὶ
3169 4714 3357 4784 σαφῶς
3395 4708 3756 4782 διαλαμόἀνειρ

2196 4802 2290 4855 καὶ
2313 4802 2444 4873 περὶ
2470 4804 2657 4875 μηνῶν
2686 4806 2782 4859 καὶ
2805 4807 3099 4878 νεομηνίας
3126 4809 3221 4863 καὶ
3245 4807 3537 4880 ἑϐδομάδος
3558 4802 3646 4857 καὶ
3663 4796 3767 4869 τῶν

2196 4894 2255 4946 ὲν
2294 4894 2435 4967 αὐτῇ
2485 4897 2715 4969 ἡμερῶν
2738 4937 2754 4962 ,
2782 4899 3013 4969 τίνεςτε
3046 4901 3238 4955 κύκλοι
3257 4901 3301 4933 δι
3349 4897 3581 4955 ἐνιαυτοὶ
3610 4906 3758 4963 προσ·

2196 4991 2554 5062 αγορεύονται
2583 4995 2676 5048 καὶ
2708 4996 2852 5062 τίνες
2883 4997 3173 5069 ἐμϐόλιμοι
3206 5000 3437 5053 ἐνιαυτοὶ
3457 5038 3472 5062 ,
3502 4992 3622 5064 περί
3640 5005 3695 5041 τε
3717 4984 3757 5016 ¹⁵¹

1804 5143 2042 5200 νΑῐὶΙιλΕ
2073 5146 2479 5207 [.ECTIONES.

597 5263 642 5294 ³⁸
677 5262 925 5329 σύντονος
956 5281 1017 5328 ς.
1064 5332 1074 5335 _
1094 5264 1142 5335 ξ’
1176 5264 1321 5335 ἅπερ
1351 5262 1556 5332 ἔφαγεν
1585 5265 1708 5317 add.
1750 5266 1814 5319 A.

1917 5266 1960 5339 τ’
1991 5267 2353 5339 ψηφηφορίαν
2389 5287 2449 5333 ς.

2549 5270 2592 5353 :3
2617 5273 2863 5353 περιέχει
2890 5274 3158 5353 ,νοήματα
3204 5290 3264 5336 ς.
3348 5271 3391 5300 ³³
3422 5272 3673 5339 πρότερον
3711 5271 3759 5312 ιιι

500 5348 625 5388 mox
662 5352 722 5388 τε
757 5335 884 5389 add.
915 5335 983 5389 A.
1061 5332 1110 5366 “
1143 5332 1400 5405 βισέκτου
1433 5342 1498 5388 Α.
1587 5335 1631 5365 ⁸¹
1667 5335 1882 5388 κύκλιοι
1919 5332 2081 5389 ΙζυίΙιι

2183 5332 2270 5407 ιεςξ,
2309 5332 2480 5394 κοινοί
2548 5332 2810 5411 Scaliger:
2888 5343 2931 5375 “
2965 5332 3027 5396 τὲ
3065 5332 3286 5398 adde

2027 5473 2261 5531 ΒΟΤᾹΕ.

575 5582 689 5653 (77)
728 5584 1111 5649 Montanistas,
1129 5584 1482 5650 Novatianos,
1509 5585 1745 5643 Blasium
1772 5595 1827 5643 et
1854 5588 2081 5643 similes.

578 5653 1391 5728 (ἵε)-Τεσσαρεσκαιδεκατίτας
1412 5658 1535 5728 ειιυί
1556 5673 1659 5712 non
1676 5659 1814 5713 luna:
1841 5674 2082 5725 cursum,

504 5738 658 5802 more
684 5724 934 5791 Iudaico,
952 5729 1081 5802 sed
1103 5728 1237 5802 solis
1266 5724 1662 5802 sequebantur1
1688 5740 1830 5784 texte
1853 5728 2077 5783 Sozom.

506 5792 601 5846 lih.
633 5808 731 5865 νει,
785 5812 905 5865 cap.
948 5797 1153 5864 18,19,
1198 5808 1255 5854 et
1283 5811 1313 5852 a
1358 5794 1576 5854 Victore
1631 5799 1779 5865 Papa
1840 5802 2084 5855 damnati

507 5816 601 5846 ttu.
635 5816 731 5859 VII,
785 5816 905 5865 cap.
948 5816 1153 5864 16,13,
1198 5816 1255 5854 ει
1283 5816 1313 5852 a
1367 5816 1576 5854 VlClOl‘e
1631 5816 1705 5855 1’8
1749 5816 1779 5855 a
1840 5816 2080 5855 uamnatt

505 5870 650 5919 sunt.
682 5863 966 5936 Legendus
997 5867 1061 5926 υ.
1096 5866 1296 5925 Baron.
1349 5878 1480 5947 tom.
1529 5869 1596 5939 ll,
1668 5816 1744 5928 ad)
1790 5887 1919 5928 ann.
1950 5871 2080 5926 Chr.

2193 5590 2782 5727 iigé’vftsﬁhggﬁm-
2815 5607 2983 5669 δισιιιθ
3015 5599 3316 5670 Epiphan.,
3355 5590 3753 5656 Enseb.quoque

2263 5734 2388 5811 (7Q)_
2426 5735 3103 5811 Ἐννεακαιδεκαετερίδων
3150 5758 3163 5794 :
3215 5749 3451 5811 altarum
3502 5733 3748 5811 auctprt’llll

2191 5790 2511 5881 Eu‘sehiunr
2540 5790 2683 5881 facit
2722 5790 3125 5881 ’δέἰιίέὲὸἑῄἶιὶ.
3150 5790 3201 5864 in
3353 5806 3540 5876 polyto,
3572 5796 3665 5881 Ilii).
3693 5790 3755 5841 De

2190 5874 2374 5953 script.
2402 5876 2719 5949 ecclesiast.,
2748 5891 2805 5937 et
2839 5867 3110 5951 Beda,'0e
3148 5867 3526 5951 temperat-al”
3558 5867 3635 5921 θ’
