4062 6454
294 329 408 391 393

1406 319 1934 380 BIBIJOTHECA.
1973 343 2042 353 —
2075 319 2242 380 COD.
2280 317 2512 379 CXVII.

3493 317 3601 385 394

296 430 1006 502 ὀκτωκαιεικοσαετηρίδος
1027 430 1180 502 ἡλίου
1206 429 1306 483 καὶ
1326 428 1912 496 ἐννεακαιδεκάτηρίου

2044 441 2079 481 ηε
2113 427 2404 491 solaribus,
2437 436 2492 481 et
2537 425 2824 480 ueomenia
2855 425 3058 482 mensis
3087 439 3211 481 cum
3252 425 3458 481 lunaris
3488 439 3601 482 tum

304 534 594 602 σελήνῃς,
640 528 737 580 καὶ
781 527 882 595 τῆς
913 523 1519 594 τεσσαρεσκαιδεκάτης
1563 522 1768 589 αὐτῆς,
1819 521 1916 574 καὶ

2049 516 2232 581 olaris,
2268 519 2361 585 qui
2403 515 2581 569 lunari
2613 515 2683 570 sit
2726 530 2845 584 par,
2879 517 3053 584 deque
3092 532 3281 574 mense
3308 528 3504 573 exacto
3539 533 3605 574 ac

305 623 443 692 περὶ
495 619 690 690 μηνῶν
761 615 1100 685 σεληνιακῶν
1143 616 1237 668 καὶ
1275 614 1460 684 μηνῶν
1503 612 1788 682 ἡλιακῶν,
1824 613 1918 663 καὶ

2044 620 2162 664 usto
2197 625 2212 664 :
2250 610 2318 665 de
2359 625 2628 663 annorum
2673 609 2910 678 denique
2951 611 3135 664 mundi
3187 614 3598 682 supputatione.

307 712 616 783 νουμηνίας
650 707 976 778 σεληνιακοῦ
1020 707 1187 778 μηνὸς
1209 706 1256 738 ⁸⁸
1299 707 1395 760 καὶ
1441 705 1698 774 ἡλιακοῦ,
1751 705 1918 775 μηνός

316 826 378 861 τε
410 803 620 875 ὁμαλοῦ
653 804 757 872 τῆς
790 802 1023 871 σελήνης
1053 801 1149 853 καὶ
1178 800 1346 870 μηνὸς
1367 799 1630 870 ἀκριϐοῦς
1649 841 1664 860 ,
1689 800 1781 850 καὶ
1816 800 1922 850 άπ-

321 900 451 972 αριθ
463 899 674 969 μήσεως
698 892 811 944 τῶν
836 892 973 944 ἐτῶν
994 891 1088 944 τοῦ
1105 891 1152 922 ⁸⁸
1168 891 1396 960 κόσμου.
1422 892 1498 958 Φη
1508 890 1562 942 al.
1583 889 1640 941 δὲ
1664 880 1818 950 οὗτος
1838 887 1920 941 ὅτι

329 992 481 1045 κατᾶ
514 991 603 1060 μὲν
620 986 742 1047 τοὺς
765 983 964 1046 ἄλλους
989 983 1089 1052 τῆς
1115 981 1420 1053 παρουσίας
1445 980 1614 1034 αὐτοῦ
1637 981 1923 1043 ἐνιαυτοὺς

340 1086 373 1137 ὁ
408 1081 494 1134 Κῦ
507 1095 612 1150 ριος
641 1075 726 1128 καὶ
772 1072 911 1134 Θεὸς
955 1071 1113 1141 ἡμῶν
1145 1073 1173 1122 ὁ
1201 1069 1438 1141 Χριστὸς
1484 1068 1545 1121 τὸ
1577 1065 1800 1137 νομικὸν
1826 1067 1925 1117 ἐπ·-

356 1173 526 1226 ετὲλει
550 1169 720 1233 Πάσχα
745 1203 760 1226 ,
791 1163 915 1216 καθ’
939 1162 998 1215 ὃν
1026 1161 1083 1213 δὲ
1115 1161 1387 1232 παρεδόθη
1417 1158 1602 1212 οὐκέτι
1624 1175 1638 1188 ·
1671 1156 1770 1210 καὶ
1801 1172 1926 1209 σκο-

379 1267 494 1315 πεῖν
511 1262 623 1330 χρή.
660 1258 715 1308 Ὀ
744 1256 856 1326 γάρ
885 1255 1272 1325 Χρυσὸστομος
1303 1255 1395 1306 καὶ
1429 1256 1462 1322 ἡ
1509 1250 1808 1321 Ἐκκλησία
1831 1247 1927 1303 καὶ

364 1353 474 1403 τότε
502 1349 652 1416 φησὶν
682 1346 850 1398 αὐτον
879 1343 1192 1396 ἐπιτελέσαι
1225 1343 1288 1396 τὸ
1319 1342 1544 1413 νομικὸν
1570 1341 1678 1412 πρὸ
1704 1338 1799 1393 τοῦ
1828 1356 1928 1409 μυ-

363 1442 528 1497 στικοῦ
559 1439 805 1492 δείπνου.

1050 1524 1194 1579 ΡΙΖ⁹.

361 1618 879 1687 ὙπὲρὨριγ-ένους
910 1617 1009 1670 καὶ
1044 1616 1164 1740 :22):
1187 1615 1374 1669 αὐτοῦ
1395 1611 1728 1683 δογμάτων,
1755 1613 1927 1678 τόμοι

1029 1704 1069 1738 π
1147 1703 1230 1739 τε.

1029 1703 1230 1739 πεντε.

415 1781 764 1852 Ἀνεγνώσθη
792 1779 994 1852 βιελίον
1017 1781 1157 1850 ὑπὲρ
1188 1777 1500 1850 Ὡριγένους
1522 1775 1742 1830 καὶτῶν
1759 1773 1922 1828 αὐτοῦ

336 1875 646 1941 θεοστυγῶν
660 1875 968 1944 δογμάτων,
984 1873 1042 1924 ὲν
1057 1872 1248 1942 τόμοις
1266 1876 1329 1923 ε’.
1345 1869 1749 1939 Ἀνεπίγραερον
1761 1867 1933 1935 δὲτὴν

333 1969 647 2038 ὀνομασίαν
665 1968 930 2038 ἐτύγχανε
959 1963 1054 2018 τοῦ
1089 1963 1476 2032 συντεταχότος
1498 2002 1512 2026 ,
1539 1961 1638 2032 τὴν
1653 1960 1710 2013 δὲ
1734 1961 1934 2028 φράσιν

327 2061 449 2112 οὔτε
480 2060 656 2128 σαφὲς
687 2058 812 2112 οὔτε
842 2058 1086 2128 καθαρὸν
1107 2097 1122 2120 ,
1145 2053 1270 2108 οὔτε
1299 2057 1379 2117 είς
1411 2053 1542 2108 ἄλλο
1573 2069 1627 2105 τι
1659 2051 1935 2117 ἀξιόλογον

326 2152 662 2222 ἀνηγμένην
687 2152 732 2182 ⁸⁸
764 2150 908 2220 ἕχον.
955 2149 1012 2202 Ὁ
1059 2148 1115 2201 δὲ
1149 2146 1242 2199 τοῦ
1274 2146 1708 2216 συγγράμματος
1751 2144 1936 2212 πατὴρ

327 2243 635 2313 μάρτυρας
665 2243 808 2312 ὑπὲρ
852 2240 1165 2312 Ὠριγένους
1189 2256 1250 2291 τε
1284 2239 1380 2291 καὶ
1409 2234 1700 2290 τῶναὺτοῦ
1731 2234 1938 2304 δογμά-

323 2352 435 2386 των
465 2334 752 2386 Διονύσιον
783 2329 1110 2403 προκομίζει
1136 2331 1228 2382 τὸν
1265 2327 1676 2397 Ἀλεξανδρείας
1698 2365 1712 2392 ,
1749 2326 1937 2394 Δημή-

323 2426 490 2496 τριόν
516 2441 578 2476 τε
604 2425 699 2476 καὶ
716 2423 832 2493 Κλή
843 2439 1013 2492 μεντα
1030 2423 1127 2473 καὶ
1149 2422 1234 2472 ἑτέ
1245 2437 1370 2490 ρους
1395 2419 1612 2481 πλείους
1634 2431 1648 2446 ο
1680 2416 1879 2487 μᾶλλον
1893 2415 1938 2445 ⁸⁸

417 2518 546 2569 τῶν
575 2517 750 2571 ἄλλων
779 2517 1038 2569 ἁπάντων
1070 2513 1341 2584 Παμφίλῳ
1374 2530 1432 2564 τε
1455 2511 1533 2581 τῷ
1567 2511 1803 2582 μάρτυρι
1836 2509 1942 2559 ἐπ’

325 2611 609 2676 ερείδεται
638 2611 730 2662 καὶ
753 2609 832 2677 τῷ
861 2608 1108 2674 Edessam
1133 2648 1148 2672 ,
1173 2608 1232 2671 ὃς
1257 2607 1357 2676 τῆς
1392 2606 1536 2658 κατὰ
1566 2603 1934 2672 Παλαιστίνην

336 2702 697 2772 Καισαρείας
725 2701 1126 2769 ἐπεσκόπησεν.
1147 2698 1288 2770 [296
1310 2695 1417 2768 IL]
1445 2697 1510 2748 Ἦ
1534 2695 1590 2748 δὲ
1609 2695 1748 2766 ὑπὲρ
1774 2694 1940 2747 αὐτοῦ

323 2793 619 2858 ἀπολογία
647 2791 754 2843 οὐκ
784 2790 900 2842 ἐστι
946 2789 1099 2852 λύσις
1134 2788 1246 2840 τῶν
1296 2787 1691 2859 ἑπικλημάτων
1725 2785 1801 2848 ὡς
1849 2783 1944 2836 ἐπὶ

323 2886 603 2939 πλεῖστον
620 2885 661 2915 ⁸⁷
685 2923 701 2947 ,
730 2881 866 2935 ἀλλὰ
889 2880 1192 2951 συνηγορία
1224 2880 1325 2949 τῆς
1367 2878 1734 2949 κατηγορίας·
1769 2874 1944 2938 οὕτως

319 2978 444 3029 οὐδ’
484 2969 978 3042 οὗτοςὰπήλλακτο
1030 2970 1140 3024 τῶν
1170 2971 1380 3022 ἐκείνου
1424 2969 1761 3040 βλασφήμων
1778 2965 1945 3030 δοξῶν

320 3065 594 3127 τελείως.
630 3063 832 3133 Ψυχῶν
882 3079 941 3114 τε
981 3063 1091 3132 γάρ
1143 3062 1493 3134 προϋπαρξιν
1548 3059 1936 3131 συνομολογεῖ,

319 3160 654 3228 Γραφικαῇ·
693 3158 788 3210 καί⁹
849 3157 1152 3225 Ιιατρικαῖς
1203 3158 1428 3225 φωναῖς,
1482 3154 1562 3217 ὡς·
1604 3155 1808 3219 οἴεται,
1852 3155 1943 3207 τὸν

318 3254 519 3323 λῆρον
536 3250 727 3304 τοῦτον
756 3249 1198 3320 ὲπισυγκροτῶν,
1219 3249 1314 3301 καὶ
1342 3248 1613 3318 σωμάτων
1639 3247 1814 3302 ἄλλων
1833 3249 1946 3300 είσ-

324 3351 472 3417 ἁγει
505 3346 798 3417 ἀνάληψιν.
830 3347 965 3416 Περὶ
998 3344 1185 3414 μέντοι
1212 3343 1312 3414 τῆς
1335 3345 1498 3412 ἁγίας
1528 3344 1570 3395 Τ
1579 3344 1760 3414 ριάδος
1792 3343 1946 3396 οὐδὲν

330 3437 503 3503 οὗτος
533 3439 643 3492 τῶν
679 3437 1037 3506 ἐσφαλμένων
1081 3435 1252 3502 λέγει·
1295 3437 1428 3503 φησι
1461 3435 1518 3488 δὲ
1550 3436 1645 3488 καὶ
1680 3435 1810 3505 περὶ
1847 3433 1944 3486 τοῦ

353 3529 674 3599 Ὠριγένους
713 3526 882 3596 μηδὲν
914 3525 1078 3578 αὐτὸν
1115 3525 1258 3577 κατὰ
1299 3525 1456 3589 δόξαν
1501 3524 1768 3594 ἐσφάλθαι
1818 3525 1949 3594 περὶ

339 3627 442 3692 τῆς
477 3621 715 3690 Τριάδος
736 3661 752 3684 ,
781 3618 1212 3689 ἀντιφερόμενον
1237 3617 1294 3670 δὲ
1328 3622 1392 3688 τῇ
1421 3618 1629 3688 αἱρέσει
1654 3616 1947 3672 Σαϐελλίου

340 3717 424 3777 εἰς
465 3713 614 3783 μέγα
636 3709 812 3764 κακοῦ
837 3711 1053 3781 ὴρμένῃ
1082 3710 1203 3762 τότε
1220 3752 1236 3775 ,
1263 3710 1358 3764 καὶ
1379 3710 1478 3780 τὴν
1509 3710 1618 3762 τῶν
1640 3709 1949 3780 προσώπων

343 3809 389 3860 Τ
399 3806 562 3877 ριάδα
599 3807 1008 3875 ἐναργεστάτην
1037 3803 1134 3856 καὶ
1171 3803 1384 3867 πολλοῖς
1407 3803 1631 3874 τρόποις
1653 3803 1946 3875 διαφέρου-

356 3916 460 3951 σαν
514 3897 920 3966 ἀγωνιζόμενον
971 3897 1360 3966 παραστῆσαι,
1401 3895 1544 3966 πέρα
1580 3895 1675 3948 τοῦ
1702 3893 1747 3925 ⁸⁸
1779 3913 1950 3966 προσ-

361 3995 578 4057 ήκοντος
611 3991 707 4044 καὶ
739 3991 820 4052 είς
852 3989 1166 4042 τούναντίον
1195 3988 1565 4058 ἀπενεχθῆναι
1586 4027 1602 4050 ,
1629 3987 1688 4054 ἐξ
1716 3979 1778 4041 οὗ
1801 3988 1950 4052 δόξαι

355 4084 455 4137 καὶ
506 4083 582 4154 τῷ
651 4083 922 4153 Ἀρείανῴ
989 4082 1390 4152 ἀρρωστήματι
1450 4079 1947 4150 προεαλωκέναι⁴’.

364 4175 546 4244 ’Υπὲρ
582 4174 768 4244 μέντοι
815 4189 880 4240 γε
921 4171 1032 4224 τῶν
1058 4172 1234 4225 ἄλλων
1270 4169 1435 4223 αὐτοῦ
1476 4171 1782 4240 δογμάτων,
1805 4172 1952 4235 ὅσοις

347 4266 497 4335 μήτε
545 4261 1057 4331 συγκιλιταθιξσθαϋ⁵ο
1103 4263 1196 4316 τοῦ
1236 4261 1458 4334 θαρρεῖν
1515 4263 1788 4332 πρόφασιν
1837 4261 1952 4332 ἔχει

351 4357 501 4425 μήτε
530 4355 630 4424 τὴν
666 4355 1077 4426 προειρημένην
1116 4353 1294 4408 αἰτίαν
1346 4353 1678 4424 πορίσασθαι
1725 4354 1952 4408 δυνατὸν

2021 703 2213 760 Refert
2281 704 2423 758 idem
2481 705 2779 760 secundum
2837 704 2957 760 illos
3011 704 3150 762 alios
3205 705 3472 761 adventus
3522 706 3610 761 sui

2021 813 2215 864 annos,
2250 797 2530 854 Christum
2575 797 2866 852 Dominum
2912 813 2976 852 ac
3010 797 3179 852 Deum
3209 807 3457 854 nostrum
3492 798 3612 867 lege

2024 892 2398 962 praescriptum
2443 891 2652 946 Pascha
2681 892 3024 956 celebrasse.
3059 907 3166 946 non
3213 893 3344 946 item
3385 907 3473 958 eo,
3503 906 3612 960 quo

2025 985 2299 1053 proditum
2352 992 2457 1038 est.
2501 981 2657 1048 Quod
2703 983 3147 1038 consideratione
3190 997 3324 1038 sane
3363 982 3611 1052 dignum,

2027 1090 2150 1129 cum
2183 1075 2608 1145 Chrysostomus
2638 1082 2694 1129 et
2732 1072 2973 1128 Ecclesia
3012 1082 3138 1128 tunc
3173 1073 3350 1143 ipsum
3383 1073 3617 1126 doceant

2029 1161 2328 1234 legitimum
2373 1161 2581 1218 Pascha
2613 1159 2938 1230 perfecisse,
2983 1173 3273 1231 antequam
3328 1160 3614 1233 mysticam

2030 1256 2344 1312 institueret
2375 1271 2614 1310 caenam.

2723 1525 2929 1582 CXVII.

2096 1618 2372 1688 Apologia:
2414 1618 2480 1672 de
2505 1617 2817 1688 0rigene,et
2837 1619 2952 1689 ejus
2979 1620 3316 1688 dogmatibus
3350 1618 3478 1673 libri
3499 1635 3555 1673 ν.

1957 1763 2032 1836 Β’
2100 1776 2356 1848 Legimus
2377 1775 2578 1830 librum
2610 1791 2706 1844 pro
2738 1774 2996 1844 Origene,
3026 1776 3251 1844 ejusque
3292 1772 3402 1829 Deo
3430 1774 3622 1831 invisis

2037 1871 2401 1941 dogmatibus.
2432 1869 2610 1924 Libris
2658 1871 2899 1938 quinque
2933 1884 3070 1938 opus
3112 1868 3434 1932 absolvitur,
3479 1867 3622 1938 quod

2039 1977 2139 2016 nec
2169 1962 2459 2032 scriptoris
2487 1977 2681 2016 nomen
2712 1960 2765 2014 in
2796 1961 2951 2014 titulo
2981 1961 3222 2014 exhibet.
3250 1961 3424 2016 Dictio
3453 1976 3628 2030 neque

2039 2053 2188 2108 clara
2234 2065 2338 2117 est,
2365 2068 2540 2120 neque
2577 2069 2735 2121 pura,
2773 2067 2872 2107 nec
2917 2051 3242 2106 laudandum
3278 2050 3408 2120 quid
3436 2052 3630 2119 prafe-

2041 2161 2187 2201 rens.
2217 2146 2469 2214 Scriptor
2492 2157 2674 2199 autem
2700 2146 2814 2214 ipse
2845 2161 2941 2213 pro
2971 2145 3208 2214 Origene
3239 2144 3465 2212 ejusque
3511 2160 3631 2198 sen-

2042 2239 2228 2292 tentiis
2261 2237 2360 2291 hos
2386 2236 2502 2290 fere
2533 2247 2704 2290 testes
2733 2235 2938 2297 laudat,
2967 2233 3283 2304 Dionysium
3307 2231 3632 2286 Alexandri-

2043 2346 2196 2396 num,
2234 2328 2566 2384 Demetrium
2593 2343 2809 2397 quoque
2841 2337 2896 2381 et
2926 2326 3262 2380 Clementem
3294 2324 3430 2395 (80),
3466 2323 3632 2377 alios-

2042 2433 2148 2490 que
2192 2423 2476 2492 plurimos.
2519 2419 2638 2476 Prae
2671 2421 2885 2476 caneris
2910 2435 3044 2474 vero
3068 2419 3356 2488 Pamphilo
3405 2417 3629 2487 martyri

2045 2513 2318 2578 innititur,
2379 2521 2543 2581 atque
2589 2512 2820 2566 Eusehio
2861 2511 3126 2566 Cmerete
3170 2511 3472 2566 Palaestinae
3515 2511 3634 2580 epi—

2050 2622 2241 2676 scopo.
2281 2606 2552 2661 (laterum
2605 2607 2718 2660 hate
2751 2605 3014 2674 Apologia
3057 2620 3164 2658 non
3219 2604 3417 2659 solutio
3461 2614 3544 2658 est
3574 2612 3634 2659 ut

2045 2702 2337 2770 plurimmu
2373 2715 2562 2754 eorum
2609 2715 2730 2766 qum
2773 2696 2992 2766 Origeui
3026 2697 3384 2767 objiciuntur.
3417 2697 3512 2751 sed
3541 2712 3637 2752 ac-

2047 2793 2346 2848 cusationis
2378 2793 2559 2862 potius
2611 2791 2946 2857 astipulatio.
2994 2789 3140 2844 Adeo
3175 2790 3262 2844 hic
3297 2805 3326 2842 a
3375 2788 3634 2858 blasphe-

2049 2884 2154 2937 mis
2182 2883 2326 2938 illius
2353 2883 2702 2953 opinionibus
2731 2883 2870 2936 liber
2910 2884 3134 2936 omnino
3169 2897 3276 2936 non
3318 2889 3420 2936 est.
3449 2881 3637 2952 llaque

2049 2985 2104 3029 et
2149 2976 2360 3029 animas
2419 2985 2548 3028 ante
2607 2989 2836 3044 corpora
2880 2973 3153 3028 exsistere
3202 2971 3424 3039 fatetur,
3462 2987 3637 3028 sacra:

2049 3084 2270 3139 quoque
2318 3068 2617 3136 Scriptura:
2663 3083 2727 3122 ac
2757 3076 3070 3122 sanctorum
3123 3067 3342 3120 Patrum
3386 3066 3637 3120 testimo-

2049 3163 2154 3215 niis
2189 3161 2254 3214 ad
2297 3161 2443 3214 hunc
2482 3174 2726 3214 errorem
2786 3159 3191 3225 stabiliendum,
3225 3170 3285 3213 ut
3331 3169 3505 3228 putat,
3541 3159 3640 3213 ad-

2049 3251 2237 3306 hibitis
2270 3263 2286 3302 :
2326 3259 2382 3304 et
2413 3263 2702 3320 corporum
2739 3265 2955 3318 quoque
3007 3251 3172 3304 aliam
3227 3251 3380 3320 ﬁngit
3423 3267 3640 3307 resum-

2049 3344 2311 3414 ptionem.
2363 3341 2565 3397 Verum
2628 3348 2695 3397 de
2747 3355 2931 3398 sancta
2987 3343 3256 3400 Trinitate
3310 3345 3455 3415 92a
3505 3345 3642 3400 nihil

2049 3447 2355 3492 erratorum
2402 3435 2582 3490 affert.
2607 3435 2748 3502 Quin
2797 3437 2962 3490 etiam
3022 3437 3126 3490 hoc
3179 3438 3379 3490 asserit
3419 3439 3485 3490 de
3512 3436 3642 3491 Ori-

2057 3546 2217 3598 geue,
2253 3529 2391 3583 nihil
2429 3544 2576 3593 eum,
2601 3528 2745 3597 quod
2781 3529 2998 3597 quidem
3032 3529 3098 3584 ad
3132 3529 3326 3596 dogma
3356 3531 3422 3584 de
3450 3529 3640 3585 Trinio

2052 3630 2164 3676 late
2191 3623 2408 3684 attinet,
2441 3636 2659 3675 errasse
2692 3633 2708 3674 :
2753 3631 3084 3690 pugnantem
3129 3629 3338 3675 tantum
3368 3637 3493 3676 cum
3535 3621 3641 3677 Sa-

2054 3713 2202 3767 bellii
2234 3711 2349 3782 (8t)
2385 3712 2604 3775 haeresi,
2639 3710 2795 3781 cujus
2833 3723 2942 3764 tum
2977 3709 3646 3781 improbitasmagnopere

2051 3821 2174 3859 sese
2201 3803 2485 3867 elierehat,
2508 3814 2564 3858 et
2593 3818 2952 3867 personarum
2988 3801 3268 3869 Triadem,
3292 3804 3643 3860 manifestam

2053 3895 2292 3950 maxime
2332 3894 2631 3963 multisque
2676 3893 2853 3948 modis
2878 3893 3243 3956 differenten],
3270 3894 3648 3947 demonstrare

2052 3996 2366 4050 conantem,
2387 4002 2415 4038 a
2453 3994 2602 4040 recto
2625 3993 2788 4054 atque
2816 3983 2994 4038 ollicio
3024 3984 3188 4037 etiam
3217 3983 3269 4036 in
3305 3983 3646 4038 contrariam

2052 4088 2263 4148 partem
2316 4080 2605 4148 abreptum
2647 4077 2818 4131 fuisse
2871 4077 3167 4131 videretur.
3201 4076 3498 4131 Enimvero
3546 4092 3649 4147 pro

2054 4173 2178 4225 aliis
2205 4171 2324 4241 ejus
2351 4171 2719 4241 dogmatibus,
2756 4169 2956 4239 quibus
3007 4185 3184 4240 neque
3225 4171 3361 4224 satis
3403 4170 3650 4240 speciose

2056 4263 2318 4318 assentiri
2353 4262 2540 4328 audet,
2568 4278 2744 4333 neque
2779 4272 2937 4331 putat
2968 4277 3128 4332 posse
3156 4264 3470 4334 praedictam
3516 4279 3652 4318 cau-

2057 4370 2174 4410 sam
2212 4355 2416 4424 aptari,
2449 4369 2548 4423 pro
2588 4353 2920 4422 hujusmodi,
2976 4356 3221 4424 inquam,
3277 4355 3649 4424 dogmatibus,

347 4437 490 4511 οἶδε,
526 4447 730 4518 πολλὴν
759 4448 970 4514 εἰσάγει
998 4446 1236 4514 σπουδὴν
1259 4447 1558 4515 ἀποφῆναι,
1582 4447 1616 4516 ἦ
1646 4449 1941 4518 γυμνασίας

2064 4447 2291 4500 multam
2323 4445 2544 4499 adhibet
2590 4460 2836 4516 operam,
2867 4457 2928 4500 ut
2959 4447 3317 4513 demonstret,
3365 4444 3448 4500 vel
3487 4461 3652 4501 exer-

351 4540 507 4610 αΰτῴ
545 4543 708 4610 χάριν
749 4540 1028 4610 εἰρῆσθαι,
1065 4538 1100 4608 ἢ
1137 4538 1243 4590 ὑπό
1277 4555 1439 4590 τινων
1486 4538 1819 4608 ἑτεροδόξων
1843 4541 1958 4604 τοῖς

353 4631 528 4685 αὐτοῦ
585 4632 986 4701 συγγράμμασι
1028 4629 1540 4701 παρεμδεῦλῆσθαι.
1579 4631 1690 4682 Καὶ
1725 4631 1958 4702 προάγει

355 4726 458 4778 καὶ
509 4723 672 4776 αὑτὸν
703 4726 912 4776 ἐκεῖνον
942 4721 1106 4775 τοῦτο
1137 4722 1348 4793 βοῶντα
1378 4723 1476 4775 καὶ
1518 4721 1920 4794 διατεινόμενον
1939 4739 1954 4754 ο

354 4819 616 4888 φωρᾶσαι
645 4816 756 4885 γάρ
783 4816 948 4870 αὐτόν
978 4832 1115 4886 φησι
1145 4818 1242 4868 καὶ
1271 4815 1352 4867 ἔτι
1382 4815 1565 4878 ζῶντα
1597 4815 1802 4886 ταύτην
1835 4817 1956 4870 κατ’

356 4908 528 4960 αὑτοῦ
562 4908 662 4978 τὴν
711 4908 1086 4978 ῥᾳδιουργίαν.
1128 4907 1287 4958 Ἐστι
1333 4906 1390 4959 δὲ
1417 4945 1434 4970 ,
1479 4905 1516 4958 ἃ.
1566 4905 1716 4974 λέγει
1774 4907 1953 4979 μάτην

354 4999 527 5052 αὑτοῦ
587 4997 1040 5070 κατηγορηθῆναι
1069 5035 1084 5058 .
1159 4998 1438 5067 κεφάλαια
1508 4998 1907 5051 πεντεκαίδεκα
1939 5039 1956 5063 ,

359 5092 510 5166 [159
543 5092 609 5148 ll.
645 5091 664 5165 ]
706 5093 867 5145 ἆτινα
906 5089 1006 5144 καὶ
1056 5089 1324 5160 διελέγχει
1379 5088 1632 5152 διαϐολὰς
1685 5081 1860 5150 εἶναι,
1892 5092 1958 5143 ἐκ

2061 4538 2342 4592 citatiouis
2367 4539 2630 4594 duntaXat
2655 4554 2820 4594 causa
2851 4541 2963 4594 haec
2997 4541 3064 4593 ab
3098 4553 3164 4594 eo
3198 4553 3322 4594 esse
3365 4539 3532 4604 dicta,
3565 4539 3652 4594 vel

2055 4639 2208 4686 certe
2243 4631 2312 4685 ab
2355 4631 2500 4698 aliis,
2526 4631 2618 4700 qui
2675 4633 2889 4686 diversa
2931 4633 3225 4694 sentirent,
3270 4629 3387 4700 ejus
3432 4633 3655 4701 scriptis

2057 4724 2266 4778 inserta
2291 4722 2484 4781 fuisse.
2524 4723 2741 4780 Testem
2767 4724 2926 4794 hujus
2957 4725 3145 4778 laudat
3172 4740 3296 4779 eum
3329 4726 3503 4794 ipsum
3537 4723 3652 4796 (82)

2056 4813 2161 4868 hoc
2179 4815 2504 4870 clamantem
2541 4825 2705 4884 atque
2737 4817 3154 4871 contendentem
3174 4855 3189 4879 ,
3223 4831 3347 4872 cum
3378 4816 3652 4872 viventem

2062 4906 2368 4960 etiamnum
2401 4907 2576 4976 ipsum
2611 4907 2774 4962 talem
2801 4908 3230 4980 deprehendisse
3260 4907 3530 4963 fallaciam
3567 4924 3651 4962 re-

2066 4999 2194 5056 fert.
2224 5000 2348 5070 lpsa
2381 5001 2506 5056 dein
2534 5004 2734 5073 capita,
2768 5003 2839 5059 ob
2876 5020 2996 5074 quae
3032 5004 3171 5060 falso
3201 5005 3352 5061 illum
3402 5005 3648 5060 accusari

2066 5093 2286 5150 asserit.
2318 5095 2630 5165 quindecim
2672 5097 2724 5152 in
2758 5098 3071 5153 universum
3104 5108 3395 5165 numerat;
3431 5099 3654 5154 eadem-

1650 5225 1890 5282 VARIIE
1931 5227 2348 5288 LECTIONES.

430 5325 480 5404 ’ξ
511 5324 836 5404 σεληνιακοῦ
873 5321 1428 5404 μηνδςὶσεληνιιακῆς
1450 5322 1522 5376 Λ.
1594 5321 1848 5404 “fouet
1883 5323 2019 5404 infra
2047 5327 2150 5404 xui.
2171 5338 2287 5396 post
2325 5329 2511 5404 Έκκλ.
2539 5330 2664 5385 add.
2695 5333 2740 5386 Α
2813 5331 2860 5363 ⁸⁸
2890 5330 3270 5404 ἀνενηγμένην
3299 5349 3362 5404 ς,
3403 5401 3416 5404 _
3437 5330 3485 5362 “
3516 5329 3657 5402 μᾶλ-

353 5395 476 5472 λον]
516 5393 754 5469 μάλιστα
780 5399 851 5450 Δ.
875 5393 887 5397 ⁷
922 5393 970 5430 ⁸⁷
998 5393 1094 5450 ἐπὶ
1121 5395 1186 5448 τὸ
1213 5393 1468 5448 πλεῖστον
1497 5409 1560 5458 ς.
1638 5393 1684 5424 ⁸³
1711 5394 1924 5465 πέραΑ
1957 5415 1971 5450 :
2004 5393 2258 5469 παράς.
2334 5401 2380 5432 ⁸³
2411 5401 2715 5456 ἑαλωκέναι
2748 5420 2810 5468 ς.
2887 5403 2934 5436 ⁸⁸
2965 5393 3510 5473 Ιίυὲἵσνγᾶιαθέσθαι.

1889 5538 2127 5598 ΝΟΤᾹι.

436 5657 546 5729 (80)
581 5655 887 5727 Utrumque
914 5656 1078 5711 etiam
1102 5655 1558 5729 Alexandrinum.

434 5727 546 5799 (8|)
584 5731 716 5794 Quae
773 5743 1132 5799 personarum
1172 5729 1226 5784 in
1255 5727 1528 5784 Trinitate
1556 5738 1842 5781 numerum
1888 5739 1955 5782 ac

357 5797 726 5856 diﬂerentiam
747 5797 1145 5853 eoufuodehat.
1549 5829 1564 5838 -

651 5893 925 5955 Pareat.
964 5893 1081 5954 Gn.
1115 5894 1274 5959 Clll.

2061 5659 2255 5786 “15.8.2le
2297 5659 2540 5733 Epistola
2589 5675 2754 5734 quam
2805 5658 2967 5718 all'ert
3015 5655 3079 5714 Β.
3141 5655 3372 5714 Hieron.
3425 5653 3650 5726 Αροιοσ.

3242 5881 3319 5943 13
