4062 6442
544 319 650 380 395

1719 316 1986 376 ΡΗΟΤΙΙ
2026 316 2538 377 ΡΛΤΗΙΛΒΕΗᾹΞ
2577 316 2687 375 CP.

3705 325 3798 389 396

542 444 650 499 que
700 443 882 484 meras
932 443 1055 483 esse
1076 428 1412 493 .calumnias,
1463 442 1527 482 ex
1591 428 1872 495 ipsiusmet
1911 427 2133 497 scriptis

2238 426 2345 478 τῶν
2392 422 2559 478 αὑτοῦ
2595 424 2805 476 ἐκείνου
2852 421 3310 493 συγγραμμάτων
3339 425 3646 496 ποιούμενος
3679 437 3795 498 τοὺς

544 521 721 575 allatis
748 521 1109 590 argumentis,
1146 520 1286 574 libro
1319 530 1518 589 quarto
1551 520 1830 575 convincit
1865 535 1879 572 :
1916 520 1981 571 ad
2012 534 2134 586 qua:

544 612 669 664 item
705 610 1000 667 refellenda
1039 611 1128 664 ubi
1162 613 1227 665 ad
1259 612 1508 681 quintum
1535 612 1681 665 venit
1718 610 1938 670 librum,
1967 621 2132 665 caete-

545 718 724 753 rornm
763 717 979 772 quoque
1011 718 1105 771 pro
1133 703 1252 772 ipso
1294 703 1450 757 alfert
1487 703 1819 757 testimonia.
1852 702 1968 771 ipsa
2000 718 2131 757 vero

543 795 721 861 capita
756 794 869 846 lucc
906 806 1063 848 sunt:
1093 798 1241 848 aiunt
1264 796 1411 847 illum
1444 796 1637 850 docere
1665 812 1678 848 :
1706 795 1757 848 1.
1789 795 1985 849 Filium
2023 809 2129 848 non

543 896 665 937 esse
707 886 1093 939 invocandum.
1146 886 1201 939 9..
1247 886 1433 954 Neque
1484 902 1605 940 esse
1654 887 1830 954 ipsum
1885 885 2130 940 absolute

545 976 767 1029 bonum.
832 978 888 1031 5.
923 976 1109 1044 Νειιιιε
1144 978 1359 1030 Patrem
1390 992 1739 1046 cOgnoscere.
1766 986 1824 1029 ut
1861 979 2125 1045 seipsum.

541 1066 598 1121 4.
628 1066 944 1123 Rationales
968 1078 1189 1121 naturas
1221 1068 1273 1122 in
1307 1069 1595 1123 brutorum
1629 1084 1859 1138 corpora
1896 1070 2125 1136 ingredi.

630 1160 764 1213 Esse
791 1159 843 1211 in
874 1159 1117 1214 diversas
1143 1174 1430 1228 corporum
1473 1162 1683 1229 species
1711 1162 2120 1229 migrationem.

542 1250 595 1304 6.
634 1250 835 1304 Christi
899 1250 1203 1305 Servatoris
1266 1252 1507 1305 animam
1572 1268 1677 1305 non
1740 1253 1901 1306 aliam
1964 1269 2128 1325 quam

544 1343 833 1409 ipsiusmet
882 1342 1074 1395 Adami
1113 1340 1297 1397 fuisse.
1347 1343 1399 1396 7.
1444 1343 1559 1397 Non
1593 1358 1713 1396 esse
1749 1359 1967 1413 ptenam
1997 1345 2133 1398 deli-

543 1442 755 1485 ctorum
796 1432 1208 1500 sempiternam.
1236 1432 1289 1486 8.
1321 1431 1505 1498 Neque
1543 1432 1727 1486 carnis
1770 1434 2132 1487 resurrectio-

541 1537 686 1575 nem.
708 1522 1234 1585 9.Adha:cmagiam
1272 1522 1466 1575 malam
1503 1538 1609 1576 non
1647 1538 1786 1578 esse.
1816 1523 1904 1581 10.
1939 1523 2134 1578 Astro-

542 1611 777 1665 nomiam
838 1627 1026 1665 eorum
1077 1627 1196 1678 qua:
1252 1614 1385 1665 liunt
1427 1628 1647 1667 causam
1684 1629 1823 1667 esse.
1885 1615 1970 1667 11.
2009 1612 2133 1669 Uni-

548 1705 791 1773 genitum
843 1715 1109 1772 praeterea
1180 1721 1406 1773 regnum
1463 1707 1668 1761 nullum
1721 1708 1989 1761 obtinere.
2041 1708 2131 1762 12.

2235 519 2495 587 ἐλέγχους
2523 520 2582 569 ὲν
2612 516 2690 587 τῷ
2717 515 2963 586 τετάρτῳ
2996 516 3182 585 τόμῳ,
3207 515 3348 568 κατά
3376 516 3432 568 δὲ
3456 518 3545 570 τὸν
3567 521 3798 589 πέμπτον

2234 611 2531 680 γενόμενος
2565 609 2661 663 καὶ
2690 610 2895 681 ἑτέρων
2924 608 3065 678 ὑπὲρ
3095 605 3260 661 αὑτοῦ
3293 610 3614 680 μαρτυρίαις
3641 616 3799 686 amp-

2235 704 2488 776 ῥαπίζων
2518 705 2715 758 ταῦτα.
2750 704 2829 755 Τὰ
2860 703 2917 755 δὲ
2958 701 3232 769 κεφάλαιά
3258 703 3373 779 ἐστι
3413 704 3581 755 ταῦτα
3609 723 3623 737 ο
3649 707 3802 759 Φασὶν

2232 799 2395 853 αὑτὸν
2428 796 2837 867 παραγγέλλειν
2863 797 2938 867 μὴ
2969 794 3371 867 προσεύχεσθαι
3390 795 3433 826 ἰ
3458 795 3536 864 τῷ
3562 796 3671 865 Υίῷ
3689 839 3700 857 ,
3718 802 3804 852 καὶ

2237 890 2313 961 μὴ
2336 888 2473 943 εἶναι
2494 889 2658 942 αὑτὸν
2691 886 3117 955 ἁπλῶςοάγαθδν
3137 930 3152 952 ,
3178 885 3274 939 καὶ
3309 886 3383 955 μὴ
3426 883 3705 953 γινώσκειν
3724 889 3805 941 τὸν

2235 982 2456 1052 Πατέρα
2487 981 2563 1044 ὡς
2616 980 2780 1033 αὑτὸν
2812 979 3040 1045 ἑαυτὸν,
3073 979 3167 1031 καὶ
3214 977 3314 1040 τὰς
3361 976 3588 1043 λογικὰς
3632 979 3805 1046 φύσεις

2232 1079 2312 1138 εἰς
2348 1074 2560 1143 ἀλόγων
2594 1072 2968 1142 είσκρίνεσθαι
3022 1068 3280 1138 σώματα,
3318 1071 3412 1122 καὶ
3443 1064 3586 1121 εἶναι
3639 1087 3807 1137 μετεν-

2235 1167 2559 1237 σωμάτωσιν
2576 1208 2590 1231 ,
2612 1167 2705 1219 καὶ
2721 1167 2803 1218 ὅτι
2827 1166 2860 1233 ὴ
2886 1162 2980 1216 τοῦ
3008 1164 3261 1233 Σωτῆρος
3289 1162 3438 1231 ψυχὴ
3461 1164 3494 1231 ἡ
3523 1161 3617 1213 τοῦ
3650 1161 3804 1232 ’Ᾱδὰμ

2230 1255 2333 1330 ἦν,
2369 1260 2461 1312 καὶ
2491 1261 2573 1312 ὅτι
2620 1260 2721 1312 οὐκ
2772 1258 2919 1311 ἔστιν
2957 1256 3175 1319 αἰώνιος
3215 1255 3440 1315 κόλασις
3470 1253 3591 1306 οὐδὲ
3626 1254 3807 1324 σαρκὸς

2233 1353 2532 1415 ἀνάστασις
2557 1393 2572 1417 ,
2626 1352 2722 1404 καὶ
2752 1352 2834 1403 ὅτι
2880 1350 2940 1403 οὐ
2995 1349 3167 1402 κακὸν
3202 1349 3235 1417 ή
3274 1346 3536 1416 μαγεία⁸¹
3559 1389 3571 1411 ,
3604 1346 3694 1397 καὶ
3736 1348 3807 1400 ὃτι

2234 1447 2499 1515 ποιητικὴ
2556 1444 2667 1497 τῶν
2701 1446 3099 1513 πραττομένων
3128 1444 3161 1507 ἠ
3210 1438 3547 1509 ἀστρονομία
3568 1478 3582 1500 ,
3624 1436 3710 1490 καὶ
3736 1438 3806 1492 ὅτι

2236 1536 2476 1590 παύεται
2503 1537 2531 1588 ὁ
2553 1533 2870 1603 Μονογενὴς
2900 1534 2999 1601 τῆς
3028 1529 3442 1600 βασιλείας,καὶ
3471 1528 3552 1579 ὃτι
3574 1528 3634 1578 ἐκ
3660 1544 3808 1579 κατα-

2236 1626 2499 1688 πτὼσεως
2550 1620 2715 1693 ἦλθον
2745 1624 2795 1675 ol
2829 1622 2975 1689 ἆγιοι
3008 1622 3086 1684 είς
3114 1620 3205 1672 τὸν
3252 1618 3483 1684 κόσμον,
3521 1615 3634 1667 ἀλλ’
3671 1616 3725 1667 οὐ
3749 1615 3805 1668 δι’

2237 1720 2440 1789 ἑτέρων
2475 1714 2779 1785 θεραπείαν
2806 1754 2820 1776 ,
2854 1714 2951 1766 καὶ
2979 1713 3058 1764 ὅτι
3088 1712 3115 1763 ὁ
3146 1708 3335 1777 Πατὴρ
3368 1707 3467 1759 καὶ
3490 1706 3568 1774 τῷ
3597 1702 3707 1772 Υίῷ
3730 1705 3808 1758 ἀό-

543 1797 776 1851 Sanctos
822 1795 1090 1868 [angelos]
1142 1798 1389 1866 delapsos
1458 1797 1508 1850 in
1565 1798 1822 1851 nnindnm
1896 1800 2129 1864 venisse,

2241 1826 2401 1880 ρατος
2421 1848 2436 1871 ,
2462 1807 2561 1860 καὶ
2592 1808 2673 1859 ὅτι
2707 1806 2776 1858 τά
2804 1801 3086 1873 Χερουϐὶμ
3118 1800 3355 1853 ἐπίνοιαι
3383 1794 3480 1849 τοῦ
3513 1794 3642 1847 Υἱοῦ
3667 1794 3804 1855 είσιν,

542 1903 646 1940 non
682 1888 747 1941 ad
784 1889 1015 1941 aliorum
1053 1889 1399 1956 obsequium.
1436 1890 1520 1943 15.
1553 1889 1717 1943 Deum
1752 1888 1966 1945 Patrem
1999 1907 2067 1946 ne
2097 1908 2126 1944 a

543 1980 682 2034 Filio
713 1983 930 2049 quidem
966 1981 1141 2035 videri
1191 1996 1370 2049 posse.
1407 1982 1495 2035 14.
1529 1981 1824 2035 Cherubim
1856 1982 1975 2035 Filii
2009 1998 2132 2038 esse

540 2074 785 2141 cognita.
831 2074 920 2127 15.
954 2074 1218 2137 Rursum,
1267 2073 1411 2140 quod
1462 2073 1554 2125 Dei
1604 2074 1804 2142 imago,
1853 2073 2019 2127 relata
2063 2074 2129 2127 ad

543 2165 691 2217 illum
725 2164 885 2233 cujus
920 2173 1002 2217 est
1035 2165 1233 2233 imago,
1268 2174 1542 2232 quatenus
1576 2176 1660 2218 est
1697 2164 1897 2233 imago,
1930 2167 2129 2220 veritas

546 2271 652 2309 non
690 2254 791 2309 cst.
820 2256 944 2310 llrec
982 2256 1093 2311 lere
1134 2257 1377 2327 depellit,
1415 2257 1492 2311 uti
1524 2257 1782 2323 diximus,
1816 2259 1970 2326 quasi
1996 2258 2134 2313 falso

538 2345 766 2416 Origt-ni
814 2349 1049 2417 objecta,
1104 2349 1363 2417 omnique
1404 2364 1504 2417 ope
1552 2348 1981 2403 ecclesiasticum
2012 2364 2135 2404 esse

543 2439 719 2490 virum
773 2447 827 2491 et
890 2440 1256 2491 orthodoxum
1302 2440 1591 2493 ostendere
1641 2441 1851 2494 nititur.
1898 2442 1967 2493 At
2000 2456 2133 2504 non,

543 2531 683 2584 bone
712 2530 815 2593 vir,
838 2530 1024 2597 siquis
1058 2542 1315 2585 ostensus
1348 2541 1431 2585 est
1462 2531 1603 2584 haud
1627 2532 1881 2585 omnibus
1910 2534 2134 2587 omnino

542 2622 722 2673 modis
765 2621 967 2689 impius
995 2637 1139 2683 esse,
1164 2638 1286 2675 mox
1323 2624 1487 2675 etiam
1518 2623 1570 2675 in
1600 2622 1799 2691 quibus
1831 2621 2135 2677 manifestae

542 2713 896 2781 blasphemiae
930 2721 1166 2778 tenetur,
1201 2728 1417 2782 pteuam
1451 2712 1688 2784 effugiet.

1221 2800 1454 2855 CXVIII.

581 2894 849 2969 Pamphili
874 2896 1144 2969 nturlyris_,
1173 2895 1331 2969 simul
1355 2904 1411 2969 et
1438 2894 1673 2962 Eusebii,
1703 2894 1970 2963 Apologia:
2005 2907 2097 2954 pro

1100 2966 1327 3035 Origene
1355 2967 1476 3017 libri
1502 2981 1576 3020 Iv.

612 3063 762 3117 Lecti
809 3070 936 3116 sunt
975 3059 1238 3128 Pamphili
1292 3059 1569 3128 martyris,
1619 3067 1675 3111 et
1725 3056 1868 3127 92b
1919 3055 2135 3109 Eusebii

541 3173 637 3225 pro
656 3155 891 3225 Origene
915 3154 1037 3207 libri
1067 3168 1160 3207 sex
1188 3170 1201 3206 :
1234 3166 1465 3219 quorum
1494 3151 1731 3219 quinque
1758 3160 1884 3203 sunt
1912 3164 1941 3202 a
1975 3148 2135 3202 Pam-
2162 3135 2208 3195 C

542 3249 693 3317 philo
732 3249 786 3302 in
828 3260 1050 3301 carcere
1087 3244 1220 3313 (83),
1256 3253 1524 3313 praesente
1543 3244 1707 3297 etiam
1741 3242 1996 3306 Eusebio,
2025 3240 2136 3295 ela-

542 3341 759 3395 borati:
793 3346 979 3394 sextus
1011 3354 1162 3402 vero,
1201 3348 1490 3405 postquam
1546 3336 1661 3405 jam
1709 3346 1918 3405 martyr
1987 3334 2137 3388 ferro

544 3433 790 3503 privatus
825 3431 954 3494 vita,
1004 3431 1069 3481 ad
1114 3430 1275 3483 unice
1316 3428 1690 3482 desideratum
1725 3426 1894 3480 Deum
1932 3426 2136 3494 migra-

544 3539 648 3593 rat,
691 3529 758 3582 ab
784 3526 1020 3583 Eusebio
1068 3537 1152 3580 est
1193 3524 1495 3578 absolutus.
1532 3522 1851 3589 Quanquam
1881 3519 1971 3572 alii
1998 3533 2140 3588 quo-

542 3639 650 3693 que
696 3622 918 3691 plurimi
969 3634 1034 3673 eo
1082 3619 1199 3688 ipso
1246 3629 1488 3687 tempore
1538 3616 1717 3686 magni
1770 3614 2004 3667 nominis
2035 3610 2137 3664 viri

547 3715 813 3783 apologiis
910 3710 1202 3781 Origenem
1288 3709 1683 3763 defendendum
1759 3714 2135 3775 susceperunt.

542 3806 712 3859 Aiunt
766 3804 932 3873 igitur
964 3800 1253 3872 Origenem
1311 3801 1499 3857 Severi
1550 3802 1897 3869 imperatoris
1955 3811 2138 3866 perse—

543 3901 763 3956 cutione
816 3898 1073 3953 Leonida:
1126 3899 1265 3966 patri
1322 3898 1587 3966 scriptum
1639 3897 1877 3959 misisse,
1932 3908 2039 3962 quo
2069 3892 2137 3946 ad

544 3991 792 4060 martyrii
849 3988 1178 4043 curriculum
1232 4002 1355 4042 eum
1402 3996 1695 4040 exacueret
1727 4002 1742 4041 :
1773 3994 1826 4038 et
1859 3999 1991 4039 sane
2026 3992 2139 4038 sta-

542 4083 691 4135 dium
738 4082 950 4136 fortiter
990 4082 1286 4135 decurrens
1328 4080 1418 4134 ille
1460 4078 1704 4133 bravium
1754 4078 1963 4145 accepit
1997 4077 2135 4146 (84).

543 4174 766 4228 Addunt
819 4174 1108 4242 ipsummet
1176 4173 1463 4241 Urigenem
1511 4185 1727 4224 summo
1764 4171 1945 4223 studio
1994 4169 2135 4222 idem

544 4276 821 4320 certamen
869 4264 1149 4332 suscipere
1202 4271 1457 4317 conatum
1495 4262 1663 4316 fuisse
1712 4261 1853 4332 (85),
1883 4259 1979 4315 sed
2024 4274 2139 4312 ma—

546 4368 680 4412 trem
736 4358 997 4425 impetum
1042 4356 1125 4410 vel
1178 4358 1295 4424 ipso
1354 4353 1527 4407 invito
1579 4354 1883 4407 rel'renasse
1928 4370 1941 4406 :
1993 4353 2137 4421 quod

544 4450 719 4519 ipsum
754 4450 883 4503 item
920 4448 1146 4517 epistola
1197 4446 1431 4516 quadam
1467 4460 1564 4498 sua
1601 4454 1856 4498 testatum
1889 4442 2132 4510 reliquit.

543 4544 683 4610 Quin
719 4542 1035 4611 Pamphilus
1086 4550 1315 4611 martyr,
1369 4548 1423 4593 et
1474 4538 1565 4591 alii
1613 4553 1734 4591 cum
1785 4551 1851 4590 eo
1889 4535 2131 4605 plurimi,

543 4652 633 4691 res
671 4634 924 4706 Origenis
959 4652 1025 4690 ex
1071 4634 1175 4687 illis
1212 4634 1365 4699 ipsis,
1410 4632 1502 4701 qui
1550 4632 1826 4685 hominem
1856 4631 2132 4692 viderant,

544 4730 853 4784 accuratius
895 4729 1243 4800 perscrutati,
1292 4736 1542 4790 narrant,
1596 4740 1717 4778 eum
1748 4724 1945 4777 celebri
1984 4736 2133 4776 mar-

545 4822 686 4894 tyrio
729 4831 842 4874 tum
893 4822 1003 4875 vita
1052 4820 1378 4883 decessisse,
1426 4834 1548 4872 cum
1612 4817 1879 4871 Caesarea:
1933 4815 2132 4870 Decius

544 4930 696 4968 suam
752 4915 803 4967 in
852 4913 1196 4968 Christianos
1233 4910 1611 4965 crudelitatem
1642 4908 1943 4963 effunderet
1974 4905 2129 4977 (85').

542 5007 649 5061 Alii
678 5018 859 5060 tamen
896 5005 1082 5059 volunt
1112 5006 1178 5059 ad
1209 5002 1349 5059 Galli
1380 5018 1444 5057 ac
1484 5000 1766 5055 Volusiaui
1799 5014 1972 5069 usque
2000 5008 2135 5051 tem—

545 5113 675 5167 pora
724 5097 1075 5166 perdurasse,
1128 5105 1183 5150 et
1253 5094 1655 5164 sexagesimum
1704 5105 1904 5145 nonum
1957 5087 2136 5142 aetatis

2237 1902 2331 1954 καὶ
2366 1903 2448 1954 ὃτι
2478 1902 2512 1969 ἡ
2552 1897 2715 1951 εἰκὼν
2738 1897 2833 1949 τοῦ
2864 1895 3000 1948 Θεοῦ
3034 1894 3109 1955 ὠς
3158 1892 3295 1961 πρὸς
3342 1894 3555 1943 ἐκεῖνον
3584 1884 3643 1944 οὗ
3680 1891 3805 1941 ἐστιν

2234 1993 2398 2047 εἰκὼν
2418 2035 2433 2057 ,
2468 1991 2589 2045 καθ’
2623 1991 2651 2043 ὃ
2675 1989 2836 2043 εἰκὼν
2858 2029 2872 2051 ,
2914 1989 3015 2041 οὐκ
3043 1987 3191 2039 ἔστιν
3226 1986 3474 2055 ἀλήθεια.
3512 1984 3689 2036 Ταῦτα
3719 1985 3807 2035 άπ-

2234 2085 2474 2153 ελέγχει,
2508 2082 2583 2146 ὼς
2606 2082 2931 2153 προείρηται
2950 2119 2965 2143 ,
2988 2077 3202 2148 ψευδῶς
3229 2076 3491 2148 εἰρῆσθαι
3522 2080 3658 2127 κατὰ
3688 2074 3807 2142 Ὠρι-

2234 2177 2426 2247 γένους
2446 2216 2460 2239 ,
2487 2177 2581 2230 καὶ
2611 2176 2671 2227 τό
2699 2192 2762 2243 γε
2793 2174 2885 2227 ἐπὶ
2908 2175 2973 2244 τῇ
3005 2171 3172 2224 αὐτοῦ
3206 2169 3416 2239 σπουδῇ
3446 2168 3807 2237 ἐκκλησιαστι-

2236 2272 2331 2325 κὸν
2355 2272 2450 2325 καὶ
2480 2272 2592 2324 τῶν
2626 2270 2931 2341 όρθοδόξων
2960 2266 3325 2337 ἀποφαίνεται
3350 2265 3445 2318 τὸν
3469 2264 3653 2334 ἄνδρα.
3681 2262 3806 2314 Ἀλλ’

2234 2367 2337 2418 οὐκ
2389 2366 2441 2418 el’
2468 2380 2554 2425 τις
2582 2404 2597 2429 ,
2646 2357 2691 2415 ὦ
2745 2361 2990 2431 βέλτιστε
3012 2402 3026 2425 ,
3057 2358 3132 2429 μὴ
3187 2358 3402 2419 πάντας
3434 2354 3557 2416 τοὺς
3593 2354 3805 2423 τρόπους

2236 2457 2453 2527 ἐδείχθη
2474 2453 2757 2509 δυσσεϐῶν
2775 2494 2791 2518 ,
2815 2452 2924 2506 οὐδ’
2958 2454 3015 2504 ὲν
3037 2451 3083 2481 ⁸³
3100 2444 3181 2513 οἷς
3199 2447 3501 2520 προφανῶς
3522 2445 3805 2518 βλασφημεί

2236 2553 2337 2620 τὴν
2368 2551 2526 2620 δίκην
2560 2546 2957 2618 διαδιδράσκων
2985 2544 3308 2614 ὀφθήσεται.

2947 2810 3102 2863 PIH'.

2238 2906 2561 2975 Παμφίλου
2586 2904 2693 2959 τοῦ
2717 2902 3025 2973 μάρτυρος
3054 2904 3151 2955 καὶ
3188 2902 3493 2957 Εὑσεϐἱου
3512 2900 3657 2971 ὑπὲρ
3680 2902 3805 2970 Ὠρι-

2775 2975 2991 3043 γένους
3015 2976 3186 3042 τόμοι
3219 2980 3294 3037 ς’.

2327 3067 2671 3139 Ἀνεγνώσθη
2698 3067 2990 3138 Παμφίλου
3014 3066 3109 3119 τοῦ
3140 3066 3424 3137 μάρτυρος
3444 3066 3539 3121 καὶ
3571 3066 3803 3119 Εὐσεὸίου

2242 3163 2397 3232 ὑπὲρ
2422 3161 2781 3232 Ὠριγένους.
2812 3161 2979 3231 Τόμοι
3008 3160 3066 3213 δὲ
3091 3160 3152 3213 τὸ
3182 3160 3397 3231 βιϐλίον
3421 3167 3497 3228 ς’,
3524 3154 3595 3215 ὧν
3632 3161 3677 3213 οί
3721 3160 3805 3231 μὲν

2240 3264 2282 3309 ε’
2334 3254 2606 3325 Παμφίλῳ
2635 3253 2697 3307 τὸ
2740 3253 3118 3324 δεσμωτήριον
3163 3251 3411 3305 οἰκοῦντι
3459 3252 3805 3323 συμπαρόντος

2242 3347 2505 3402 Εὐσεὸίου
2519 3346 2564 3378 ⁵⁵
2587 3344 2995 3416 ἑξεπονήθησαν
3016 3386 3029 3409 ,
3054 3344 3083 3395 ὁ
3114 3344 3169 3397 δὲ
3198 3344 3360 3407 ἕκτος
3380 3388 3395 3407 ,
3421 3347 3545 3398 ἐπεὶ
3571 3347 3599 3398 ό
3623 3344 3804 3415 μάρτυς

2240 3440 2452 3508 ξίφει⁵⁸
2510 3437 2605 3491 τοῦ
2639 3438 2737 3507 ζῇν
2771 3436 3043 3506 ἀπαχθεὶς
3093 3435 3320 3488 ἁνέλυσε
3372 3435 3512 3506 πρὸς
3557 3436 3614 3488 ὃν
3646 3435 3801 3488 ἐπόθει

2240 3531 2373 3583 Θεὸν
2397 3569 2412 3593 ,
2461 3528 2708 3599 Εὑσεόίῳ
2737 3527 2923 3580 λοιπὸν
2957 3528 3346 3596 ἀπαρτίζεται.
3397 3528 3538 3601 [297
3571 3528 3670 3601 R.]
3714 3528 3800 3580 Καὶ

2240 3623 2393 3679 ἄλλοι
2423 3623 2481 3675 δὲ
2512 3621 2755 3675 πλεῖστοι
2806 3621 2925 3673 κατ’
2972 3621 3149 3673 έκεῖνο
3178 3618 3377 3691 καιροῦ
3411 3620 3506 3673 καὶ
3540 3619 3796 3686 ἀξιολογώ-

2242 3733 2395 3769 τατοι
2440 3713 2738 3782 ἀπολογίας
2783 3714 2923 3784 ὑπὲρ
2972 3711 3136 3766 αὐτοῦ
3168 3714 3554 3779 συνετάξαντο.
3594 3714 3711 3766 Φασὶ
3746 3711 3791 3764 δὲ

2240 3808 2331 3862 τὸν
2371 3808 2655 3878 Ὦριγένην
2679 3807 2735 3858 ἐν
2756 3807 2867 3867 τοῖς
2899 3805 3040 3859 κατά
3067 3804 3306 3874 Σεόἧρον
3333 3805 3596 3876 διωγμοῖς
3626 3803 3792 3875 γράψαι

2248 3900 2494 3971 Λεωνίδῃ
2526 3899 2664 3971 τῷ⁸⁶
2691 3898 2861 3969 πατρὶ
2888 3898 3251 3967 ὲπαλείφοντα
3284 3899 3423 3969 πρὸς
3450 3900 3541 3952 τὸν
3566 3898 3654 3951 τοῦ
3686 3911 3799 3967 μαρ-

2239 3991 2429 4059 τυρίου
2465 3990 2667 4059 δρόμον
2686 4029 2699 4051 ,
2722 3988 2781 4042 ὃν
2810 3988 2905 4041 καὶ
2932 3987 3113 4051 καλῶς
3132 3988 3400 4058 δραμόντι
3428 3988 3536 4041 τῶν
3565 3985 3803 4058 βραὸείων

2242 4084 2423 4153 τυχεῖν
2448 4081 2729 4148 ἐξεγένετο
2752 4122 2765 4147 ,
2792 4080 2889 4133 καὶ
2913 4080 3075 4133 αὑτὸν
3097 4080 3154 4133 δὲ
3183 4080 3558 4134 ἀποδύσασθαι
3583 4079 3804 4133 σπεύδειν

2241 4174 2381 4243 πρὸς
2431 4174 2491 4226 τὸ
2536 4173 2644 4225 τῶν
2678 4174 3078 4242 ἀγωνισμάτων
3119 4172 3366 4233 στάδιον⁹
3400 4174 3498 4244 τὴν
3525 4172 3578 4226 δὲ
3619 4170 3805 4241 μητέρα

2241 4266 2337 4317 καὶ
2358 4266 2562 4318 ἄκοντα
2591 4264 2888 4333 δυνηθῆναι
2910 4264 3008 4331 τῆς
3034 4264 3211 4334 ὁρμῆς
3244 4266 3496 4333 ἐπισχεῖν
3521 4280 3534 4294 ο
3557 4263 3648 4317 καὶ
3670 4260 3806 4313 τοῦτο

2243 4356 2337 4411 καὶ
2370 4356 2535 4420 αὐτὸς
2565 4359 2622 4408 ἐν
2654 4356 2913 4425 ἐπιστολῇ
2940 4356 3116 4427 οἰκείᾳ
3145 4356 3592 4426 ἐπισημαίνεται.
3618 4352 3741 4406 Φασὶ
3756 4350 3805 4403 δὲ

2241 4448 2406 4502 αὑτὸν
2427 4450 2454 4501 ὅ
2475 4466 2534 4501 τε
2569 4448 2854 4518 Πάμφιλος
2891 4447 3102 4517 μάρτυς
3131 4448 3223 4499 καὶ
3251 4447 3429 4518 ἕτεροι
3459 4447 3718 4509 πλεῖστοι,
3736 4441 3806 4495 οἴ-

2239 4561 2387 4607 τινες
2416 4544 2511 4597 ἀπ’
2547 4544 2729 4597 αὐτῶν
2770 4543 2878 4595 τῶν
2909 4544 3233 4613 ἑωρακότων
3264 4544 3551 4615 Ὠριγένην
3590 4544 3653 4597 τά
3692 4538 3805 4610 περὶ

2237 4636 2333 4691 τοῦ
2369 4636 2564 4707 ἀνδρὸς
2600 4635 3022 4706 ἠκριόώσαντο,
3072 4635 3343 4705 διαϐοήτῳ
3400 4635 3675 4707 μαρτυρίῳ
3724 4630 3804 4683 τοῦ

2242 4729 2359 4800 βίου
2389 4727 2766 4798 ἐξεληλυθέναι
2796 4726 2883 4779 ἐπ’
2917 4726 3090 4797 αὐτῆς
3122 4731 3221 4798 τῆς
3256 4728 3593 4799 Καισαρείας
3634 4724 3805 4779 Δεκίου

2239 4823 2338 4892 τὴν
2368 4820 2510 4874 κατά
2538 4821 2646 4873 τῶν
2677 4821 3021 4890 Χριστιανῶν
3052 4821 3311 4890 ὠμότητα
3360 4822 3631 4882 πνέοντος.
3681 4818 3735 4869 υἱ
3755 4813 3807 4866 δέ

2242 4932 2406 4985 φασιν
2434 4914 2596 4966 αὐτὸν
2615 4913 2717 4975 ἕως
2737 4912 2939 4965 Γάλλου
2963 4913 3058 4966 καὶ
3077 4912 3435 4967 Βολουσιανοῦ
3463 4910 3808 4983 διαρκέσοντα

2244 5008 2340 5060 καὶ
2375 5007 2667 5077 ἑξηκοστὸν
2700 5005 2888 5058 ἔνατον
2922 5006 3039 5070 ἔτος
3061 5008 3104 5040 ⁸⁷
3135 5009 3234 5076 τῆς
3261 5009 3479 5078 ἡλικίας
3510 5009 3697 5073 ἄγοντα
3719 5043 3732 5064 ,
3756 5002 3809 5053 ἐν

2248 5093 2413 5162 Τύρῳ
2458 5094 2553 5145 καὶ
2585 5093 2910 5164 τελευτῆσαι
2958 5095 3053 5147 καὶ
3077 5099 3222 5167 ταφῇ
3254 5096 3636 5166 παραδοθῆναι.
3668 5092 3808 5145 Ἐστι

1859 5246 2101 5304 vanus
2137 5218 2524 5301 moriones

611 5372 652 5402 ⁸¹
688 5370 944 5441 εὔχεσθαι
972 5390 1034 5436 ς.
1111 5374 1157 5404 ⁵³
1191 5371 1367 5441 μαγία
1398 5388 1461 5435 ς.
1538 5370 1583 5402 ⁵³
1616 5372 1674 5424 ἐν
1698 5371 1821 5425 add.
1854 5369 1919 5422 A.
1996 5368 2044 5400 ⁵⁸
2075 5383 2134 5419 συ

2238 5406 2250 5420 .
2292 5364 2387 5416 καὶ
2417 5364 2613 5417 Εὑσεὸ.
2650 5384 2710 5430 ς.
2786 5368 2831 5401 ⁸³
2861 5366 3004 5433 ξίφει
3029 5382 3139 5423 om.
3170 5383 3252 5437 pr.
3283 5367 3349 5420 Α.
3426 5364 3471 5395 ⁸⁸
3498 5363 3573 5432 τῷ
3600 5358 3714 5412 add.
3747 5354 3804 5405 Α.

2064 5504 2305 5560 NOTAE.

540 5442 583 5474 "
612 5442 729 5505 ἔτος
757 5460 864 5497 Ulli.
901 5443 964 5495 Δ.

613 5625 737 5694 (83)
767 5625 1051 5680 Communi
1093 5641 1257 5695 opera
1312 5624 1685 5695 elucubratam
1728 5623 1870 5695 hanc
1925 5621 2127 5695 Apolo-

541 5695 679 5816 ziont
714 5692 910 5749 asserit
941 5696 1055 5763 ipse
1079 5692 1274 5750 Euseb.
1301 5696 1394 5749 lib.
1420 5711 1468 5748 vt
1504 5692 1686 5748 Eccles
1728 5693 1875 5780 Hi‘st.
1898 5692 2130 5778 cap.?0.

595 5766 679 5816 Ide
710 5765 859 5816 card.
886 5765 1085 5816 Baron.
1122 5766 1316 5816 Annal.
1357 5777 1395 5816 t.
1429 5765 1491 5816 ll.
1518 5769 1583 5816 ad
1617 5782 1747 5816 ann.
1775 5765 1909 5816 (λίπ’.
1936 5762 2064 5816 256.

595 5765 679 5818 ide
710 5765 859 5820 card.
886 5762 1085 5821 Ba’ron.
1122 5766 1316 5821 Annal.
1357 5777 1395 5821 t.
1428 5765 1491 5832 ll,
1518 5769 1583 5821 ad
1617 5782 1747 5819 ann.
1775 5764 1909 5821 Chr.
1936 5762 2064 5819 256.

2311 5618 2423 5683 (84)
2464 5618 2651 5686 Capite
2682 5596 2986 5682 truncatus,
3008 5631 3063 5672 ut
3091 5619 3255 5675 refert
3282 5617 3474 5673 Euseb.
3505 5614 3674 5671 lib.vr,
3694 5604 3801 5662 c.l.

2312 5690 2429 5759 (85)
2460 5689 2589 5743 Ibid.
2632 5690 2830 5743 Euseb.
2872 5706 2991 5756 cap.
3031 5691 3064 5743 5

2319 5752 2454 5831 (85³)
2487 5760 2545 5815 S.
2582 5760 2803 5815 llieron.
2846 5761 2918 5817 De
2942 5752 3154 5830 'Script.
3205 5760 3399 5817 cccles.
3442 5770 3557 5816 cap.
3593 5752 3677 5808 54.
