4062 6490
380 411 493 475 403

1556 419 1821 480 PIIOTII
1861 422 2373 485 PATRIARCH/E
2412 427 2520 486 CP.

3561 432 3673 496 ΜΝΞ

382 523 510 594 fuit)
539 532 729 579 contra
766 524 898 580 duas
932 534 986 582 et
1036 528 1255 596 triginta
1292 530 1556 585 haereses.
1582 534 1912 601 Auspicatus
1943 551 1971 586 a

2095 537 2377 607 Εἰρηναὶου
2413 540 2440 591 ὁ
2480 537 2814 601 Ἱππόλυτος.
2854 532 2963 591 Ἦν
3000 538 3056 592 δὲ
3085 542 3147 592 τὸ
3182 538 3470 613 σύνταγμα
3529 547 3676 597 κατὰ

380 618 729 673 Dositheanis
757 619 834 689 (2)
864 636 1037 690 usque
1083 624 1148 675 ad
1193 621 1349 678 Noeti
1383 624 1461 693 (5)
1500 633 1555 677 et
1587 624 1977 681 Noetianorum

381 711 658 764 limrescs:
691 726 832 780 quas
858 712 1041 778 refert,
1060 714 1265 769 Irean
1294 716 1618 782 disserente,
1645 721 1979 786 argumentis

382 804 695 873 proﬂigatas
722 825 734 859 :
767 807 1068 877 horumque
1094 818 1535 879 argumentorum
1567 827 1832 864 summam
1868 813 1981 865 col-

386 899 634 965 ligentem
668 914 745 961 se,
768 899 1009 952 libellum
1040 902 1181 954 hunc
1208 901 1619 969 conscripsisse.
1648 899 1839 956 Oratio
1860 904 1979 973 ejus

384 991 527 1045 clara
558 1001 635 1044 est
657 1033 671 1053 ,
696 1007 757 1043 ac
782 993 1024 1046 nonnihil
1050 993 1261 1063 gravis,
1289 996 1618 1064 minimeque
1648 996 1977 1064 redundans,

383 1085 485 1137 etsi
539 1085 607 1139 ad
639 1086 879 1139 Atticnm
912 1102 1219 1141 sermonem
1270 1105 1376 1143 non
1426 1091 1631 1143 tendat.
1665 1088 1853 1144 Refert
1879 1106 1980 1144 au--

388 1188 491 1229 tem
523 1194 644 1231 cum
679 1179 781 1233 alia
818 1195 923 1232 non
972 1181 1193 1235 omnino
1226 1183 1412 1250 proba,
1449 1189 1559 1233 tum
1594 1182 1878 1249 epistolam
1914 1182 1980 1235 ad

386 1268 641 1324 Ilehra'os
684 1288 789 1325 non
826 1286 949 1325 esse
983 1270 1137 1326 Pauli
1184 1274 1414 1341 apostoli
1458 1275 1559 1344 (4).
1602 1272 1807 1328 Ferunt
1851 1276 1980 1329 item

387 1365 531 1417 hunc
586 1365 995 1431 eonciones_ad
1032 1365 1315 1433 populum,
1360 1366 1613 1435 Origenis
1658 1367 1983 1436 imitatione,

389 1458 667 1520 habuisse,
688 1456 885 1526 illoque
912 1456 1329 1511 familiarissime
1350 1468 1614 1523 utentem,
1640 1469 1846 1513 tantum
1866 1476 1985 1514 esse

387 1548 589 1601 factum
631 1548 960 1615 scriptorum
995 1546 1237 1617 ejusdem
1265 1548 1677 1613 admiratorem,
1711 1560 1768 1603 ut
1807 1549 1875 1605 ad
1904 1550 1987 1605 di-

390 1639 572 1690 vinam
608 1635 949 1705 Scripturarn
1007 1638 1402 1693 commentario
1446 1638 1820 1693 illustrandam
1858 1640 1989 1693 hor-

399 1732 565 1781 tando
597 1728 869 1796 impulerit
902 1727 980 1797 (5)
1015 1746 1029 1782 :
1061 1729 1261 1781 additis
1305 1730 1468 1785 etiam
1502 1729 1585 1782 illi
1643 1746 1739 1783 suo
1772 1740 1988 1800 sumptu

398 1832 605 1887 septem
658 1823 920 1885 notariis,
975 1821 1065 1890 qui
1106 1821 1307 1874 dictata
1346 1822 1603 1876 celeriter
1646 1823 1985 1892 exciperent,

396 1906 734 1982 totidemque
784 1914 1062 1980 librariis,
1128 1916 1217 1983 qui
1278 1925 1536 1967 accurate
1588 1915 1986 1970 describerent.

401 2003 529 2058 Ilaec
570 2006 734 2075 igitur
769 2005 1280 2059 subministrantem
1321 2005 1709 2075 Hippolytum,
1760 2007 1877 2061 sine
1902 2023 1989 2061 re-

397 2100 659 2154 missione
709 2100 928 2154 solitum
980 2100 1199 2167 exigere
1245 2114 1415 2168 opus,
1469 2101 1609 2168 (μιοιὶ
1658 2099 1993 2155 elaborasset

397 2190 661 2262 Origenes
730 2210 743 2246 :
795 2202 959 2261 atque
1029 2193 1154 2245 hinc
1208 2192 1375 2245 etiam
1437 2191 1620 2261 operis
1680 2202 1989 2247 exactorem

403 2284 632 2354 epistola
670 2285 904 2352 quadam
959 2283 1027 2337 ab
1059 2298 1124 2338 eo
1176 2283 1468 2337 nominari.
1540 2281 1993 2339 Commemorant

402 2389 587 2431 autem
636 2377 738 2451 (6)
791 2384 847 2432 et
889 2378 1035 2432 hunc
1088 2376 1192 2430 alia
1259 2385 1524 2446 prmterea
1574 2375 1802 2445 plurima
1858 2377 1995 2431 scri-

402 2474 596 2541 psisse.

1092 2561 1304 2619 CXXII.

597 2656 779 2712 Sancti
816 2654 1101 2726 Epiphanii
1133 2655 1500 2711 Panariorum
1541 2656 1663 2710 libri
1690 2671 1789 2710 vn.

478 2817 621 2891 94b
659 2818 914 2889 Legimus
941 2816 1267 2871 sanctissimi
1310 2816 1548 2886 episcopi
1582 2813 1868 2885 Epiphanii
1900 2814 1997 2869 ad-

406 2928 599 2965 versus
615 2913 886 2981 octoginta
907 2912 1141 2966 haereses
1161 2910 1421 2977 Punaria,
1443 2909 1809 2964 voluminibus
1828 2909 1998 2962 tribus

409 3007 465 3060 in
502 3005 667 3058 libros
698 3014 905 3074 septem
942 3004 1255 3059 distributa.
1286 3003 1457 3058 Ducto
1492 3002 1657 3073 igitur
1692 3019 1718 3053 a
1753 3002 1998 3057 barbari—

409 3114 530 3154 smo
566 3096 753 3160 initio,
789 3098 961 3151 tendit
1004 3097 1126 3150 inde
1180 3112 1350 3166 usque
1380 3097 1444 3148 ad
1476 3095 1825 3149 Messalianos
1860 3093 1993 3165 ('7):

410 3192 663 3252 caeteris,
718 3192 809 3259 qui
847 3201 974 3243 ante
1027 3190 1201 3259 ipsum
1247 3198 1437 3242 eontra
1481 3190 1715 3242 haereses
1764 3186 1998 3254 scripse-

411 3295 541 3338 runt
580 3283 714 3353 (8),
754 3284 1024 3353 copiosior
1083 3292 1247 3352 atque
1295 3282 1517 3335 utilior:
1548 3292 1830 3350 proliterea
1859 3279 2001 3349 quod

411 3394 534 3448 quae
565 3378 757 3446 reliqui
791 3377 940 3430 utilia
968 3377 1344 3438 continebant,
1373 3374 1461 3428 hic
1490 3388 1834 3440 nequaquam
1871 3386 2007 3441 pra:-

414 3472 683 3537 termisit;
722 3471 812 3523 sed
836 3484 1191 3539 qumcutnque
1216 3479 1414 3536 praeter
1446 3468 1537 3521 illa
1569 3466 1814 3522 studiose
1856 3479 2008 3534 repe-

416 3563 529 3619 rire
584 3565 793 3633 potuit,
863 3564 1131 3632 adjunxit.
1187 3562 1363 3616 Dictio
1420 3561 1538 3631 ejus
1596 3559 1860 3623 humilis,
1944 3574 2008 3612 ac

413 3658 577 3727 plane
617 3656 774 3721 talis,
808 3658 1025 3725 qualem
1058 3656 1174 3726 ejus
1208 3670 1329 3709 esse
1364 3655 1637 3723 oportuit,
1676 3654 1766 3721 qui
1818 3654 2009 3706 Atticae

413 3749 696 3816 elegantia:
730 3747 998 3800 rationem
1058 3745 1257 3798 nullam
1295 3745 1539 3798 duceret.
1573 3742 1834 3796 Infirmus
1879 3754 2008 3793 vero

417 3848 479 3891 ut
513 3837 804 3907 plurimum
857 3845 942 3891 est
992 3834 1045 3888 in
1102 3834 1444 3889 conflictibus
1497 3832 1756 3885 adversus
1818 3828 2010 3897 impias

417 3930 656 3984 haereses
690 3930 981 3996 susceptis.
1014 3926 1111 3982 Est
1161 3936 1341 3981 tamen
1376 3926 1466 3980 ubi
1511 3923 1728 3978 fortiter
1764 3921 2011 3991 aggredi-

420 4032 513 4075 tur
555 4032 718 4088 atque
764 4021 957 4085 irruit,
1013 4019 1264 4089 quamvis
1293 4034 1470 4087 neque
1496 4016 1785 4071 verborum
1820 4014 2007 4085 ipsius,

423 4128 604 4182 neque
660 4113 1090 4167 cnnstructionis
1150 4112 1459 4182 proprietas
1535 4109 1645 4163 ulla
1702 4123 1772 4165 ex
1855 4115 2013 4177 parte

424 4206 777 4276 praestantior
812 4204 1096 4260 eﬂieiatur.

1106 4295 1343 4354 CXXIII.

903 4388 1158 4458 Eiusdem
1204 4393 1526 4443 Ancoratus.

491 4483 748 4555 Legimus
771 4482 1012 4553 ejusdem
1038 4485 1361 4535 Ancoratum
1392 4480 1497 4549 (9)
1534 4495 1654 4548 quae
1681 4478 1833 4547 quasi
1858 4492 2004 4531 com-

430 4578 717 4649 prehensio
746 4576 992 4646 quazdam
1028 4576 1246 4630 brevior
1275 4586 1358 4630 est
1393 4573 1772 4627 Panariorum.

2023 1886 2064 1938 Β

2083 629 2348 697 αἱρέσεων
2391 630 2491 698 λβ’,
2524 631 2699 700 ἀρχὴν
2746 630 3072 700 ποιούμενον
3103 630 3234 703 [162
3274 630 3365 704 Η.)
3416 634 3675 687 Δοσιοεα-

2084 723 2229 785 νοὺς,
2265 723 2550 794 καὶμέχρι
2580 722 2792 791 Νοητοῦ
2845 724 2938 776 καὶ
2992 724 3313 794 Νοητιανῶν
3372 725 3675 793 διαλαμϐά-

2083 828 2173 863 νον
2200 810 2269 864 ⁸³.
2302 812 2515 874 Ταύτας
2541 813 2598 865 δέ
2629 829 2796 883 φησιν
2824 813 3068 883 ἐλέγχοις
3131 815 3503 886 ὑποϐληθῆναι
3546 817 3671 886 ὁμι-

2085 903 2301 967 λοῦντος
2360 906 2671 975 Εἰρηναίου,
2729 899 2805 958 ὧν
2849 907 2945 958 καὶ
2992 906 3215 975 σύνοψιν
3264 909 3293 960 ό
3357 908 3675 971 Ἱππόλυτος

2086 999 2411 1065 ποιούμενος
2434 996 2550 1048 τόδε
2598 996 2660 1049 τὸ
2712 996 2917 1065 βιϐλίον
2950 1000 3085 1067 φησὶ
3113 1001 3523 1070 συντεταχέναι.
3560 1000 3674 1069 Τὴν

2084 1087 2142 1140 δὲ
2184 1087 2383 1158 φράσιν
2411 1090 2588 1157 σαφής
2618 1090 2734 1140 ἐστι
2764 1087 2863 1140 καὶ
2888 1087 3197 1159 ὑπόσεμνος
3228 1090 3322 1144 καὶ
3356 1091 3672 1162 ἀπέριττός,

2085 1182 2134 1233 εἱ
2191 1181 2285 1232 καὶ
2329 1180 2465 1249 πρδς
2501 1180 2593 1233 τὸν
2628 1180 2880 1234 Ἀττικὸν
2925 1181 3027 1234 οὑκ
3069 1183 3461 1251 ἐπιστρέφεται
3489 1182 3672 1250 λόγον.

2087 1274 2249 1342 Λέγει
2284 1272 2339 1325 δὲ
2366 1273 2501 1327 ἄλλα
2531 1273 2592 1327 τὲ
2617 1292 2739 1328 τινα
2766 1277 2865 1345 τῆς
2904 1270 3192 1345 ἀκριϐείας
3225 1275 3545 1346 λειπόμενα,
3579 1277 3676 1329 καὶ

2087 1366 2227 1437 ὃτιή
2261 1368 2399 1437 πρὸς
2438 1367 2721 1437 Ἐϐραίους
2754 1367 3046 1439 Ἐπιστολὴ
3092 1368 3192 1421 οὑκ
3239 1367 3355 1420 ἐστι
3403 1365 3497 1420 τοῦ
3542 1368 3678 1421 ἀπο-

2089 1457 2277 1509 στόλου
2329 1456 2565 1511 Παύλου.
2612 1459 2843 1526 Λέγεται
2888 1460 2945 1513 δὲ
2982 1454 3139 1522 οὗτος
3173 1459 3269 1513 καὶ
3321 1460 3368 1491 ⁸⁸
3402 1476 3676 1529 προσομι-

2087 1548 2197 1601 λεῖν
2241 1549 2319 1619 τῷ
2370 1549 2482 1618 λαῷ
2513 1553 2655 1605 κατὰ
2694 1551 2927 1621 μίμησιν
2961 1553 3296 1623 Ὠριγένους,
3333 1547 3395 1606 οὗ
3423 1553 3519 1607 καὶ
3546 1568 3678 1605 συν-

2088 1640 2227 1711 ήθης
2273 1640 2511 1710 μάλιστα
2551 1642 2646 1696 καὶ
2677 1644 2916 1714 ἐραστὴς
2945 1644 3054 1698 τῶν
3087 1641 3259 1713 λόγων
3303 1645 3575 1717 ὑπῆρχεν,
3601 1644 3680 1708 ὡς

2090 1730 2185 1784 καὶ
2224 1732 2639 1802 προτρέψασθαι
2678 1733 2841 1787 αὑτὸν
2875 1735 2974 1803 τὴν
3017 1735 3170 1788 θείαν
3225 1716 3680 1805 ὑπόμνηματὼαι

2091 1823 2335 1893 Γραφὴν,
2368 1826 2787 1895 ἐγκαταστήσας
2816 1826 2965 1896 αὑτῷ
2996 1827 3091 1880 καὶ
3122 1827 3509 1897 ὑπογραφέας,
3538 1825 3680 1879 ἑπτὰ

2094 1917 2481 1987 ταχυγράφους
2509 1918 2604 1971 καὶ
2648 1919 2871 1988 ἑτέρους
2894 1920 3185 1982 τοσούτους
3239 1918 3559 1989 γράφοντας
3597 1921 3679 1981 εἱς

2094 2008 2310 2072 κάλλος,
2361 2002 2437 2063 ὧν
2469 2005 2539 2077 ἦν
2568 2012 2663 2063 καὶ
2688 2010 2788 2080 τῆς
2817 2011 3066 2081 δαπάνης
3094 2011 3258 2074 αὑτὸς
3286 2011 3519 2081 χορηγός
3541 2026 3556 2039 ·
3587 2013 3682 2065 καὶ

2093 2100 2268 2155 ταῦτα
2315 2101 2764 2172 ὑπηρετούμενος
2813 2102 2962 2173 αὑτῷ
3006 2105 3260 2157 ἀπαιτεῖν
3305 2102 3467 2156 αὑτὸν
3502 2103 3683 2172 ἀπαρ-

2093 2195 2331 2264 αιτήτως
2357 2193 2420 2246 τὸ
2470 2193 2665 2265 ἔργον,
2716 2194 2777 2260 ἐξ
2825 2190 2887 2247 οὗ
2917 2196 3013 2248 καὶ¹
3060 2195 3430 2266 ὲργοδιώκτην
3477 2196 3534 2247 ὲν
3582 2196 3684 2266 μιᾷ

2093 2288 2202 2341 τῶν
2226 2287 2529 2341 ἐπιστολῶν
2560 2289 2710 2359 παρὰ
2749 2289 3061 2359 Ὠριγένους
3091 2288 3383 2361 κληθῆναι.
3446 2289 3682 2341 Πλεῖστα

2095 2381 2151 2435 δὲ
2178 2383 2272 2436 καὶ
2297 2376 2451 2446 οὗτος
2480 2383 2700 2452 λέγεται
2728 2383 3192 2454 συγγεγραφέναι.

2788 2560 2964 2617 PKB’.

2098 2655 2454 2723 Ἐπιφανίου
2479 2653 2818 2707 ἐπισκόπου
2883 2654 3127 2782 ιιὲἃπρου
3164 2653 3235 2707 τὰ
3265 2654 3550 2723 Πανάρια.
3583 2655 3688 2708 λό-

2796 2742 2886 2782 τοι
2947 2731 2979 2777 ’.

2796 2742 2886 2793 τοι
2915 2731 2979 2782 ζ’.

2184 2817 2526 2888 Ἀνεγνὼσθη
2566 2818 2889 2886 Ἐπιφανὶου
2919 2816 3011 2870 τοῦ
3046 2818 3351 2885 ἁγιωτάτου
3383 2816 3686 2869 ἐπισκόπου

2098 2905 2170 2959 τὰ
2204 2906 2496 2974 Πανάρια,
2526 2909 2584 2960 ὲν
2610 2907 2828 2978 τεύχεσι
2866 2907 2963 2977 μὲν
2991 2914 3058 2976 γ’,
3109 2907 3299 2978 τόμοις
3339 2907 3395 2960 δὲ
3421 2908 3483 2971 ζ’,
3545 2907 3689 2959 κατὰ

2099 3000 2367 3069 αἱρέσεων
2408 2999 2464 3052 δὲ
2491 3005 2562 3053 π’.
2593 3000 2856 3071 Ἀρχεται
2887 2999 2984 3068 μὲν
3017 2999 3127 3052 ἀπὸ
3151 2999 3245 3052 τοῦ
3278 2997 3691 3069 βαρϐαρισμοῦ,

2105 3092 2232 3167 [504
2245 3090 2334 3164 IL]
2355 3093 2567 3146 κάτεισι
2585 3091 2642 3143 δὲ
2657 3091 2819 3161 μέχρι
2842 3091 2948 3142 τῶν
2962 3089 3376 3144 Μεσσαλιανῶν.
3394 3091 3613 3145 Πάντων
3628 3088 3695 3141 δὲ

2104 3187 2214 3241 τῶν
2234 3187 2340 3257 πρὸ
2357 3184 2522 3240 αὑτοῦ
2554 3184 2699 3237 κατὰ
2713 3183 2976 3252 αἱρέσεων
2993 3181 3482 3253 καταϐεϐληκότων
3495 3183 3695 3243 πόνους

2107 3278 2447 3349 πλατύτερός
2471 3294 2531 3329 τε
2568 3278 2664 3330 καὶ
2696 3274 3136 3347 χρησιμώτερος,
3166 3276 3247 3328 ὅτι
3271 3274 3416 3344 ἆπερ
3456 3291 3516 3326 τε
3541 3272 3697 3325 ἐκεί-

2106 3390 2220 3436 νοις
2250 3372 2461 3444 ἐρρήθη
2493 3371 2554 3422 τὸ
2579 3370 2853 3441 χρήσιμον
2885 3369 3102 3438 ἔχοντα.
3132 3362 3288 3429 οὗτος
3338 3369 3397 3419 οὑ
3449 3365 3698 3437 παρα.λέ-

2106 3463 2281 3525 λοιπε,
2334 3464 2427 3514 καὶ
2476 3461 2530 3514 εῐ
2547 3477 2599 3513 τι
2630 3458 3020 3531 προσεξευρεῖν
3052 3456 3318 3528 ἠδυνήθη,
3350 3455 3687 3525 προσέθηκε.

2109 3554 2221 3617 Τὴν
2264 3552 2321 3605 δὲ
2354 3551 2557 3622 φράσιν
2582 3550 2838 3611 ταπεινός
2872 3566 2932 3601 τε
2959 3549 3055 3600 καὶ
3086 3543 3175 3599 οἷα
3222 3546 3368 3608 εἰκὸς
3439 3546 3698 3613 Ἀττικῆς

2110 3643 2360 3707 παιδείας
2412 3642 2751 3713 ἀμελέτητον
2780 3640 3090 3710 τυγχάνειν.
3138 3638 3391 3708 Ἀσοενὴς
3424 3637 3483 3691 δὲ
3514 3639 3577 3690 ὲκ
3599 3638 3690 3689 τοῦ

2110 3735 2205 3789 ἐπὶ
2240 3735 2492 3788 πλεῖστον
2530 3737 2588 3788 ὲν
2615 3740 2734 3801 ταῖς
2769 3739 2910 3790 κατὰ
2972 3735 3080 3789 τῶν
3111 3734 3390 3788 δυσσεϐὧν
3430 3733 3687 3805 αἱρέσεων

2114 3829 2455 3899 συμπλοκαῖς
2482 3846 2496 3860 ⁸
2534 3830 2750 3902 ἐνιαχοῦ
2797 3830 2979 3901 μέντοι
3013 3832 3293 3899 ἀριστεύει
3339 3831 3462 3890 ταῖς
3512 3826 3686 3881 ἐπιϐο-

2112 3923 2251 3986 λαῖς,
2280 3926 2330 3977 εἱ
2381 3925 2476 3977 καὶ
2507 3925 2618 3978 τῶν
2650 3925 2913 3995 ῥημάτων
2940 3923 3091 3994 αὑτῷ
3124 3924 3221 3977 καὶ
3260 3922 3363 3992 τῆς
3393 3919 3696 3985 συντάξεως

2112 4014 2264 4067 οὐδὲν
2292 4013 2354 4067 τὸ
2388 4014 2583 4087 ἱδὶωμα
2616 4014 3063 4087 συμϐελτιοῠται.

2822 4282 2995 4337 ΡΚΓ.

2491 4377 2603 4433 Τοῦ
2653 4377 2841 4431 αὑτοῦ
2888 4380 2921 4431 ὁ
2953 4375 3335 4445 Ἀγκυρωτός.

2203 4468 2546 4540 Ἀνεγνώσθη
2589 4471 2684 4523 τοῦ
2742 4470 2908 4524 αὑτοῦ
2957 4472 3003 4522 ὁ.
3040 4468 3429 4538 Ἀγκυρωτὸς,
3491 4462 3712 4533 σύνοψις

2046 4582 2099 4640 D
2125 4563 2312 4633 ὥσπερ
2352 4561 2462 4615 τῶν
2492 4562 2811 4630 Παναρίων
2839 4561 3181 4631 ὑπάρχουσα.

1735 4706 1971 4763 νΑΒΙᾹζ
2022 4703 2409 4763 LECTIONES
2430 4746 2445 4762 .

508 4808 553 4841 ⁸³
591 4808 1097 4880 διαλαμϐανόμενον
1130 4825 1191 4871 ς.

1267 4805 1314 4838 ⁸⁸
1340 4798 1497 4867 οὗτος
1522 4802 1614 4856 καί
1648 4804 1691 4856 Α
1718 4824 1731 4859 :
1769 4803 1863 4855 καὶ
1891 4797 2045 4865 οὗτος
2076 4819 2135 4864 ς.

1988 4943 2226 4999 NOTAE.

439 5063 657 5115 unaque
716 5046 978 5115 martyrio
1032 5044 1348 5115 coronati:
1399 5045 1465 5098 de
1496 5058 1632 5115 Aquo
1663 5042 1752 5115 _D.
1835 5040 2032 5115 Baron.

442 5112 682 5185 10th.",
734 5119 799 5171 ad
833 5112 1033 5170 annum
1064 5115 1193 5173 Chr.
1226 5114 1362 5182 1'29;
1394 5124 1449 5168 et
1492 5113 1784 5185 Nicephor.
1820 5112 2031 5166 Callist.

445 5194 538 5266 lib.
563 5204 804 5266 μμ-(ξιψζ
842 5188 940 5266 3l._
1061 5256 1091 5266 _
1258 5257 1292 5266 ,ί
1627 5255 1637 5266 ,
1719 5255 1731 5266 ,
1992 5252 2004 5264 .

520 5263 590 5333 (Ε).
615 5255 642 5331 )
670 5255 1032 5333 Ιξείῡοείιιιεο
1059 5256 1530 5333 Samaritanorum
1557 5255 1805 5333 principe
1844 5255 2036 5333 memi-

448 5324 540 5388 nit‘
577 5324 638 5386 Β.
699 5330 899 5383 lIieron
948 5340 1135 5382 contra
1180 5324 1518 5381 Luciferian.
1562 5324 1621 5379 et
1664 5326 1924 5379 Philastr.
1981 5324 2033 5375 in

447 5405 707 5470 tiatalogo
764 5402 1057 5470 hmreseou.
1107 5397 1468 5467 Hegesippum
1510 5412 1727 5466 quoque
1774 5397 1916 5456 vide,
1978 5402 2036 5447 et

449 5468 722 5543 Epiphan.
752 5471 842 5524 lib.
871 5485 886 5523 ι
923 5468 1129 5543 Pauor.

518 5535 594 5609 (3)
638 5542 999 5608 Praeceptoris
1042 5538 1287 5603 Sabellii,
1341 5539 1407 5592 de
1448 5552 1556 5604 quo
1606 5538 1733 5609 vide
1764 5535 2032 5609 Epipban.

455 5606 655 5668 baéres.
712 5606 837 5675 57;7
873 5620 926 5663 et
962 5610 1290 5663 Theodoret.
1345 5610 1437 5662 lib.
1490 5624 1531 5662 ll
1587 5607 1785 5661 Contra
1848 5606 2035 5658 Ium'es.

458 5683 754 5737 Noetianos
803 5693 980 5733 autem
1032 5681 1254 5735 eosdem
1292 5680 1463 5732 videri
1515 5695 1635 5731 cum
1692 5677 2042 5741 Sabellianis,

458 5765 646 5807 auctor
676 5762 759 5805 est
780 5750 842 5803 B.
872 5754 1105 5819 August.
1134 5748 1211 5803 De
1240 5752 1423 5803 haeres.
1448 5766 1566 5817 cap.
1600 5750 1654 5801 ιι.

527 5824 640 5893 (4)
670 5816 983 5876 Discussani
1032 5822 1183 5893 hanc
1223 5816 1655 5893 controverSia_nt
1701 5821 1848 5888 leges
1892 5816 2046 5893 apud

464 5888 598 5948 duos
624 5888 910 5949 'illustriss.
933 5893 1123 5945 cardd.
1151 5888 1405 5948 Bellum).
1432 5899 1563 5949 tom.
1585 5890 1627 5957 Ι,
1658 5902 1803 5948 cont.
1824 5907 1861 5956 ι,
1892 5890 1981 5945 lib.
2005 5904 2042 5956 ι,

2135 5055 2184 5094 c.
2213 5037 2316 5103 l7;
2370 5045 2425 5089 et
2457 5035 2820 5090 Baron.-tom.
2848 5033 2867 5086 I
2903 5029 3127 5095 Annal.,
3164 5028 3231 5082 ad
3261 5040 3461 5081 annum
3490 5025 3592 5081 Ch.
3626 5026 3721 5081 69.

2202 5110 2310 5162 (5i
2342 5107 2611 5161 Eusebius
2658 5118 2837 5159 tamen
2869 5103 2965 5158 lib.
3007 5118 3082 5161 vr,
3119 5111 3171 5154 et
3207 5114 3272 5152 ex
3303 5114 3367 5149 eo
3398 5097 3458 5149 Β.
3497 5096 3720 5150 Ilieron.

2202 5111 2310 5179 (5)
2343 5111 2611 5161 Eusebius
2658 5118 2837 5159 tamen
2871 5111 2965 5158 lib.
3007 5118 3082 5161 Vl,
3119 5111 3171 5154 et
3207 5114 3272 5152 ex
3303 5114 3367 5149 eo
3400 5111 3458 5149 ts.
3497 5111 3720 5178 Itreron.

2133 5196 2251 5250 cap.
2293 5178 2470 5254 (ὁὶ-ρο
2510 5174 2704 5254 Script.
2737 5174 2920 5254 aedes.
2960 5185 3012 5254 et
3044 5171 3257 5254 S‘uidas.
3290 5168 3726 5254 ⁸ξξιιιιη-οειοῗιιη-

2135 5240 2311 5304 Ιιιιύιιι
2350 5250 2425 5301 illi
2458 5240 3043 5325 quem'delllarcionis
3066 5241 3259 5325 hmresi
3294 5240 3557 5325 Origenes
3584 5253 3725 5325 con-

2133 5330 2373 5401 verterant
2403 5337 2416 5371 :
2448 5307 2608 5386 idque
2638 5316 2983 5385 potissimum
3016 5311 3363 5367 munulatione
3408 5308 3570 5375 hujus
3595 5307 3730 5376 Hip—

2137 5391 2303 5462 polyti
2337 5390 2559 5443 facttun.

2209 5462 2282 5540 (9
2306 5459 2553 5540 ιβυεειλ
2586 5458 2787 5540 lib-.31.
2822 5471 2943 5540 εειρο
2981 5452 3279 5540 Ψηίδῖίθῖ·
3312 5446 3730 5540 sibi-ﬁmi}?

2147 5517 2557 5614 r'a‘Bg‘Ilieron.
2585 5530 2637 5581 in
2667 5517 2982 5614 Ilippoljto,
3038 5527 3279 5592 itemque
3320 5519 3548 5587 Niceph.
3599 5517 3725 5572 Cal-

2150 5606 2257 5657 list.
2289 5602 2381 5655 lib.
2412 5617 2487 5663 tv,
2514 5615 2634 5666 cap.
2667 5600 2756 5652 51.

2218 5672 2323 5741 ('7)
2361 5672 2439 5725 De
2462 5672 2659 5741 quibus
2691 5684 2812 5735 sup.
2847 5668 2968 5741 cod.
3009 5666 3099 5720 5’2.

2235 5727 2338 5814 (δ’)
2370 5727 2586 5795 ,Ιιιείίιιο
2610 5727 2870 5809 Martj're,
2896 5739 3119 5803 Irena‘o,
3147 5732 3455 5805 Hippolyto,
3481 5727 3727 5783 Theodo-

2159 5826 2274 5871 retu
2314 5826 2551 5881 quoque.

2225 5887 2302 5958 (9)
2335 5885 2420 5939 At.
2452 5884 2807 5952 Aucyrotum.
