4062 6484
410 408 515 469 407

1499 394 1517 414 ⁹
1584 408 1852 469 PIIOTII
1892 409 2406 471 PATRIARCH/E
2445 410 2555 471 cr.

3588 411 3703 474 408

412 516 722 576 Corinthios
748 518 1175 574 continebantur
1195 518 1333 589 (15).
1369 516 1612 583 Quarum
1647 517 1820 584 prima
1851 516 1999 585 ipsos

2111 516 2206 571 λαὶ
2235 518 2387 586 πρὸς
2424 515 2777 585 Κορινθίους
2801 515 2847 587 β’
2872 515 3215 586 ὲνεφέροντο,
3237 509 3312 570 ὧν
3342 519 3372 589 ἡ
3407 519 3603 592 πρώτη
3632 524 3704 575 δι’

411 622 657 678 accusat,
724 613 871 682 quod
926 612 1329 676 seditionibus,
1382 611 1556 666 turbis
1628 623 1692 663 ac
1742 609 2003 664 schisma-

410 704 483 761 tis
540 702 814 769 violarint,
861 718 1024 772 quam
1079 704 1222 757 inter
1271 718 1366 758 eos
1409 699 1613 757 servari
1664 708 2001 768 oportuerat,

412 811 602 866 pacem
635 794 1101 862 concordiamque
1139 812 1152 846 :
1188 794 1553 861 hortaturque
1596 793 1665 848 ab
1717 795 1822 849 hoc
1860 795 2002 848 malo

412 898 740 956 temperare.
764 885 1004 956 Simplex
1033 886 1151 953 ejus
1181 889 1360 941 oratio
1395 896 1479 940 est
1514 902 1577 941 ac
1601 888 1908 956 perspicua,
1934 888 2001 941 ad

410 980 840 1036 ecclesiasticam
913 991 967 1034 et
1016 980 1408 1035 inelaboratam
1468 980 1738 1034 accedens
1786 979 2001 1035 dicendi

409 1073 675 1128 formam.
727 1074 1111 1143 lle-prehendat
1168 1086 1302 1127 vero
1328 1072 1431 1126 hoc
1481 1071 1533 1125 in
1571 1071 1677 1125 illis
1707 1071 1999 1140 quispiam,

410 1166 557 1233 quod
601 1176 756 1221 extra
812 1165 1092 1221 Oceanum
1159 1167 1397 1220 mundos
1476 1165 1690 1233 aliquos
1743 1165 1997 1220 collocet.

410 1252 619 1309 Deinde
652 1256 795 1309 forte
829 1264 882 1309 et
914 1256 1077 1321 illud,
1127 1257 1269 1323 quod
1321 1257 1627 1323 phoenicem
1683 1271 1840 1311 avem
1882 1259 2006 1311 uni-

409 1362 531 1400 cam
553 1358 809 1416 tanquam
835 1362 932 1416 pro
950 1347 1239 1401 verissimo
1267 1346 1495 1400 adhibet
1521 1356 1842 1415 argumento
1863 1346 1999 1417 (14).

410 1441 622 1503 Tertio,
676 1441 821 1509 quod
874 1456 1146 1495 summum
1200 1438 1543 1494 sacerdotem
1599 1439 2002 1511 praesidemque

410 1536 702 1591 Dominum
737 1546 983 1588 nostrum
1020 1530 1204 1587 Jesnm
1243 1532 1522 1586 Christum
1561 1532 1877 1602 appellans,
1935 1548 2005 1587 ne

410 1628 539 1683 illas
586 1627 803 1697 quidem
842 1628 951 1680 Deo
1003 1625 1391 1680 convenientes
1447 1633 1503 1679 et
1546 1625 1894 1680 sublimiores
1935 1627 2004 1679 de

409 1736 476 1773 eo
504 1735 663 1774 voces
707 1720 1046 1788 pronuntiet,
1090 1718 1312 1773 tametsi
1353 1732 1452 1770 nec
1481 1726 1669 1787 aperte
1710 1718 1888 1786 ipsum
1921 1717 2005 1772 ul-

411 1811 505 1865 libi
539 1810 591 1865 in
625 1809 708 1865 his
734 1809 1097 1879 blasphemet.
1149 1808 1331 1861 Altera
1363 1822 1490 1862 vero
1526 1808 1759 1876 epistola
1801 1818 1855 1861 et
1884 1809 1998 1876 ipsa

412 1903 816 1959 institutionem
867 1900 1403 1968 admonitionemqne
1446 1899 1571 1953 vita:
1598 1899 1845 1953 continet
1884 1916 1988 1954 me-

409 1991 607 2047 lioris:
643 2000 810 2060 atque
844 1991 963 2057 ipso
1010 2004 1131 2043 Ittox
1162 1990 1319 2044 initio
1347 1989 1627 2043 Christum
1673 1990 1841 2044 Deum
1870 2005 2008 2059 prte-

412 2084 581 2145 dicat,
612 2083 890 2137 elsidicta
944 2083 1191 2150 qutedam
1245 2082 1529 2150 peregrina
1589 2082 1740 2135 velut
1785 2098 1816 2135 e
1852 2096 2009 2137 sacra

415 2175 702 2244 Scriptura
756 2173 1105 2239 subinducit,
1166 2173 1369 2242 quibus
1431 2187 1499 2227 ne
1560 2173 1735 2241 prima
1783 2174 2010 2242 quidem

413 2265 647 2333 epistola
699 2266 923 2318 omnino
972 2273 1154 2319 vacat.
1206 2264 1695 2332 lnterpretationes
1743 2274 2011 2332 prazterea

413 2356 1037 2426 locorumquorumdam
1057 2356 1350 2411 alieniores
1373 2354 1602 2425 profert.
1618 2358 1869 2427 Alioquin
1896 2359 2014 2428 ipsa

414 2465 538 2521 qua:
574 2451 627 2504 in
664 2452 748 2505 his
780 2450 1026 2519 epistolis
1057 2450 1243 2504 insunt
1277 2463 1457 2513 sensa,
1492 2450 1736 2503 nonnihil
1779 2452 2013 2520 abjecta,

417 2543 796 2597 continentem
838 2557 1054 2612 quoque
1091 2543 1289 2597 seriem
1320 2555 1384 2595 ac
1417 2544 1873 2611 consequentiam
1906 2559 2017 2600 non

418 2644 659 2690 servant.

493 2728 801 2797 Legebatur
847 2737 1027 2782 autem
1064 2728 1117 2780 in
1168 2728 1357 2782 eodem
1411 2727 1595 2783 libello
1647 2736 1701 2783 et
1759 2729 2020 2799 Polycar—

424 2823 480 2894 pi
512 2822 626 2893 (15)
660 2820 903 2892 Epistola
933 2821 999 2875 ad
1032 2821 1434 2890 Philippenses,
1476 2822 1666 2875 multis
1690 2820 1889 2876 referta
1920 2825 2020 2877 ad-

422 2915 841 2977 monitionibus,
888 2929 1010 2968 cum
1073 2914 1463 2983 perspicuitate
1512 2928 1577 2967 ac
1623 2912 2018 2980 simplicitate,

424 3005 795 3062 ecclesiastici
846 3020 997 3059 more
1024 3004 1357 3073 interpretis.
1383 3003 1571 3058 Rel‘crt
1614 3018 1829 3073 quoque
1876 3003 2019 3074 95b

428 3098 600 3155 divini
627 3098 819 3169 lgnatii
841 3097 1150 3164 litterasad
1175 3097 1297 3152 illos
1326 3114 1384 3152 se
1403 3098 1643 3163 misisse,
1674 3097 2019 3167 postulatque

2105 609 2287 673 αίτίας
2345 611 2545 672 αὐτοὺς
2619 611 2779 676 ἄγει,
2845 610 3073 664 στάσεσι
3125 611 3221 663 καὶ
3283 615 3551 682 ταραχαῖς
3604 618 3704 669 καὶ

2108 702 2373 770 σχίσμασι
2426 701 2527 769 τὴν
2558 702 2882 770 πρέπουσαν
2915 701 3102 763 αὐτοῖς
3150 703 3377 773 εἰρήνην
3420 705 3515 756 καὶ
3560 706 3666 775 ὁμο
3693 738 3704 745 -

2106 807 2256 843 νοιαν
2285 790 2745 860 ἐμπολιτεύεσθαι
2787 790 3093 855 λύσαντας,
3131 795 3229 845 καὶ
3262 798 3522 863 παραινεί
3556 795 3703 849 παύ-

2108 883 2305 937 σασθαι
2330 882 2425 935 τοῦ
2453 883 2647 937 κακοῦ.
2693 882 2926 946 Ἀπλοῦς
2954 883 3010 937 δὲ
3046 885 3189 937 κατά
3218 885 3318 953 τὴν
3359 887 3561 956 φράσιν
3602 890 3703 942 καὶ⁵

2108 975 2289 1041 σαφής
2322 974 2553 1027 ἐστικαὶ
2585 976 2753 1044 ἐγγὺς
2795 974 2890 1028 τοῦ
2929 975 3393 1044 ὲκκλησιαστικοῦ
3428 977 3523 1030 καὶ
3556 979 3701 1031 ἀπε-

2108 1066 2330 1137 ριέργου
2384 1066 2753 1137 χαρακτῆρος.
2799 1068 3113 1120 Αίτιάσοιτο
3151 1068 3196 1120 δ’
3222 1068 3288 1122 ἄν
3317 1086 3403 1131 τις
3433 1070 3599 1123 αὑτὸν
3641 1074 3704 1124 ἐν

2104 1161 2333 1224 ταύταις
2364 1162 2449 1214 ὅτι
2481 1178 2541 1214 τε
2566 1163 2660 1215 τοῦ
2701 1162 2960 1215 Ὠκεανοῦ
2982 1162 3086 1226 ἔξω
3113 1163 3351 1232 κόσμους
3380 1163 3533 1227 τινὰς
3563 1165 3704 1218 ὑπο-

2104 1253 2313 1306 τίθεται
2362 1248 2525 1317 εἶναι,
2567 1254 2660 1307 καὶ
2703 1253 2960 1324 δεύτερον
2995 1255 3129 1316 ἴσως
3172 1256 3253 1308 ὅτι
3282 1255 3359 1313 ὡς
3392 1257 3709 1328 παναληθε-

2106 1346 2288 1416 στὰτῳ
2314 1346 2390 1417 τῷ
2421 1346 2562 1399 κατά
2589 1346 2681 1399 τὸν
2730 1348 2952 1415 φοίνικα
2990 1346 3051 1400 τὸ
3106 1347 3295 1417 ὄρνεον
3336 1350 3705 1418 ὑποδείγματι

2106 1439 2417 1509 κέχρηται,
2454 1441 2550 1492 καὶ
2584 1440 2767 1511 τρίτον
2816 1442 2898 1493 ὅτι
2940 1440 3204 1510 ἀρχιερέα
3246 1442 3341 1494 καὶ
3387 1443 3706 1512 προστάτην

2104 1533 2195 1584 τον
2228 1532 2434 1603 Κύριον
2463 1536 2495 1602 ἡ
2508 1532 2620 1600 μῶν
2656 1532 2865 1602 Ἰησοῦν
2896 1533 3132 1603 Χριστὸν
3158 1532 3532 1603 ἐξονομάζων,
3579 1535 3706 1587 οὐδὲ

2105 1626 2205 1687 τὰς
2243 1624 2571 1694 θεοπρεπεῖς
2603 1625 2699 1677 καὶ
2752 1624 3094 1695 ὑψηλοτέρας
3140 1626 3323 1695 ἀφῆκε
3355 1627 3483 1697 περὶ
3535 1624 3705 1678 αὐτοῦ

2106 1718 2291 1787 φωνάς
2313 1734 2327 1748 ·
2356 1719 2416 1769 οὗ
2450 1718 2555 1788 μὴν
2585 1718 2694 1770 οὐδ’
2726 1719 3217 1787 ἀπαρακαλύπτως
3274 1717 3439 1771 αὑτὸν
3489 1717 3704 1786 οὐδαμῆ

2108 1811 2167 1862 ὲν
2196 1809 2410 1871 τούτοις
2443 1810 2773 1881 βλασφημεῖ.
2814 1811 2880 1863 Ἣ
2910 1810 2967 1863 δὲ
3013 1810 3243 1881 δευτέρα
3275 1810 3370 1863 καὶ
3398 1809 3537 1879 αὐτὴ
3581 1825 3705 1860 νου-

2111 1900 2298 1952 Θεσίαν
2320 1901 2417 1953 καὶ
2441 1900 2771 1969 παραίνεσιν
2798 1901 3109 1969 κρείττονος
3133 1900 3344 1967 εἰσάγει
3367 1900 3505 1967 βίου,
3523 1898 3620 1950 καὶ
3651 1900 3703 1950 ἐν

2110 1994 2252 2063 ἀρχῇ
2287 1992 2420 2045 Θεὸν
2449 1992 2541 2045 τὸν
2571 1992 2809 2061 Χριστὸν
2830 1994 2872 2024 9'
2906 1991 3177 2062 κηρύσσει
3208 2033 3223 2055 ,
3257 1991 3396 2062 πλὴν
3429 1992 3513 2044 ὅτι
3563 1992 3708 2062 ῥητά

2111 2104 2231 2139 τινα
2260 2084 2333 2148 ὡς
2359 2085 2468 2138 ἀπὸ
2489 2086 2588 2155 τῆς
2614 2084 2765 2149 θείας
2788 2087 3011 2157 Γραφῆς
3039 2084 3322 2151 ξενίζοντα
3351 2086 3705 2155 παρεισάγει·

2114 2173 2187 2231 ὧν
2233 2178 2344 2231 οὐδ’
2375 2180 2408 2249 ή
2458 2177 2653 2249 πρώτη
2699 2179 3023 2246 ἀπήλλακτο
3053 2178 3356 2240 παντελῶς.
3387 2178 3500 2231 Καὶ
3536 2179 3713 2247 ἑρμη-

2114 2270 2263 2333 νείας
2294 2270 2351 2323 δὲ
2385 2272 2566 2340 ῥητῶν
2591 2287 2755 2323 τινων
2779 2271 3106 2332 ἀλλοκότους
3134 2270 3270 2339 ἔχει.
3309 2270 3519 2331 ΙἌλλως
3562 2286 3621 2321 τε
3656 2268 3713 2320 δὲ

2117 2362 2213 2414 καὶ
2259 2360 2329 2414 τὰ
2371 2363 2430 2413 ὲν
2456 2361 2649 2424 αὐταῖς
2696 2362 2945 2431 νοήματα
2994 2361 3310 2432 ἐρριμμένα
3355 2378 3472 2423 πως
3519 2360 3617 2414 καλ⁵
3649 2360 3710 2412 ού

2120 2453 2322 2523 συνεχῆ
2347 2453 2448 2524 τὴν
2472 2453 2802 2507 ἀκολουθίαν
2833 2454 3049 2525 ὑπῆρχε
3083 2454 3443 2522 φυλάττοντα.

2206 2742 2294 2796 Ἐν
2326 2741 2404 2813 τῷ
2443 2741 2591 2811 αὐτῷ
2619 2740 2676 2793 δὲ
2712 2738 3033 2810 βιϐλιδαρίῳ
3064 2735 3385 2805 ἀνεγνώσθη
3414 2734 3508 2787 καὶ
3539 2732 3718 2786 Πολυο

2121 2837 2336 2909 κάρπου
2353 2833 2643 2902 Ἐπιστολὴ
2670 2833 2808 2903 πρὸς
2836 2831 3237 2900 Φιλιππησίους
3260 2868 3276 2892 ,
3313 2827 3564 2895 γέμουσα
3586 2824 3720 2876 πολ-

2118 2930 2219 2999 λῆς
2248 2927 2532 2991 νουθεσίας
2583 2925 2721 2997 μετά
2781 2924 3081 2994 σαφηνείας
3114 2923 3210 2975 καὶ
3239 2922 3544 2986 ἁπλότητος
3573 2921 3722 2970 κατὰ

2122 3023 2214 3075 τὸν
2266 3004 2729 3091 ἐκκλησιαστικὸν
2762 3018 2865 3085 τῆς
2901 3014 3200 3087 ἑρμηνείας
3242 3013 3433 3067 τύπον.
3484 3013 3645 3079 Λέγει
3671 3010 3721 3041 θ’

2123 3115 2180 3167 δὲ
2209 3115 2304 3166 καὶ
2337 3113 2435 3176 τὰς
2482 3111 2772 3173 ἐπιστολὰς
2803 3109 2988 3171 αὐτοῖς
3030 3105 3297 3175 Ἰγνατίου
3321 3106 3414 3158 τοῦ
3453 3103 3724 3172 θεοφόρου

429 3193 633 3246 certior
654 3191 898 3246 vicissim
937 3189 1054 3243 ﬁeri
1082 3228 1098 3254 ,
1148 3188 1194 3243 si
1231 3189 1359 3258 quid
1394 3188 1534 3243 forte
1567 3192 1633 3242 de
1676 3205 1743 3243 eo
1774 3190 2007 3245 inaudie-

2124 3203 2568 3265 ἀπεσταλκέναι,
2604 3202 2698 3255 καὶ
2726 3202 2961 3254 αἰτεῖται
3002 3197 3423 3268 ἀναδιδαχθῆναι
3454 3194 3584 3265 παρ’
3619 3194 3729 3245 αὺ-

431 3283 567 3339 rint.

1098 3369 1357 3427 CXXVII.

468 3468 691 3523 Eusebii
724 3466 997 3536 Pamphili
1026 3465 1104 3520 De
1142 3466 1249 3520 vita
1291 3466 1630 3521 Constantini
1653 3465 1711 3520 Μ
1718 3508 1733 3523 .
1760 3467 1883 3521 libri
1916 3484 1991 3524 tv.

506 3626 788 3698 Leguntur
829 3626 1051 3682 Eusebii
1091 3623 1359 3694 Pamphili
1405 3623 1484 3678 De
1528 3626 1633 3679 vita
1688 3625 2027 3683 Constantini

434 3722 621 3793 Magni
645 3723 875 3792 August.
914 3722 1205 3777 laudatorii
1262 3722 1386 3776 libri
1444 3733 1699 3793 quatuor.
1732 3725 2029 3779 Continent

432 3826 619 3870 autem
652 3816 815 3885 hujus
847 3815 949 3869 viri
997 3830 1122 3869 cum
1176 3827 1429 3870 ca'teram
1479 3818 1693 3873 vivendi
1747 3820 2021 3884 formam,

2127 3295 2238 3349 τῶν
2265 3295 2320 3347 sl
2348 3311 2404 3347 τι
2436 3293 2569 3365 περὶ
2605 3294 2818 3346 ἐκείνου
2849 3292 3220 3345 διακούσαιεν.

2840 3386 3015 3437 ΡΚΖ’.

2186 3478 2485 3536 Εὐσεσίου
2524 3479 2629 3532 τοῦ
2657 3477 2979 3547 Παμφίλου
3012 3477 3050 3544 ἡ
3083 3478 3173 3542 εἷς
3205 3471 3671 3547 Κωνσταντῖνον

2388 3551 2499 3603 τὸν
2525 3550 2722 3620 μέγαν
2750 3546 3023 3612 βασιλέα
3052 3546 3452 3616 τετράϐιϐλος.

2210 3639 2557 3707 Ἀνεγνώσθη
2588 3637 2851 3691 Εὐσεὸίου
2897 3636 2990 3689 τοῦ
3024 3636 3314 3705 Παμφίλου
3346 3637 3377 3704 ἡ
3416 3637 3523 3700 Εἰς
3554 3636 3718 3686 Κων-

2124 3731 2450 3785 σταντῖνον
2473 3730 2583 3783 τὸν
2604 3731 2799 3800 μέγαν
2822 3729 3093 3794 βασιλέα
3142 3728 3272 3800 [508
3302 3727 3395 3799 8.]
3438 3730 3701 3794 ἐγκωμια-

2135 3825 2294 3895 στικὴ
2330 3824 2788 3895 τετράϐιϐλος,ὲν
2884 3824 3205 3895 περιέχεται
3238 3823 3275 3893 ἤ
3312 3839 3373 3875 τε
3408 3820 3502 3875 τοῦ
3529 3818 3711 3889 ἀνδρὸς

1733 3961 1971 4020 VARI/Ii
2013 3966 2433 4026 LECTIONES.

1971 4101 2206 4160 NOTAE.

507 4028 551 4060 ⁹¹
585 4028 821 4098 Χριστὸν
841 4028 933 4083 τὸν
965 4030 1100 4083 Θεὸν
1128 4048 1189 4095 ς.
1262 4031 1308 4062 ’³
1339 4031 1557 4097 λέγεται
1594 4032 1662 4085 Α.

512 4191 623 4261 (l5)
643 4191 719 4243 De
748 4190 946 4259 quibus
973 4206 1094 4261 sup.
1130 4207 1349 4261 quoque
1374 4190 1621 4245 Pholius.
1645 4205 1770 4260 cap.
1810 4192 1935 4257 H5,
1957 4203 2014 4246 et.

441 4263 504 4316 Β.
523 4259 761 4315 Ἠἱει-οιι.
794 4276 913 4327 cap.
954 4260 1041 4316 Μ.

515 4331 627 4402 (14)
660 4330 935 4384 Adhibent
979 4341 1162 4402 Ellnt‘.“
1218 4347 1319 4401 pro
1376 4333 1558 4402 carnis
1614 4334 2026 4387 resurrectione

440 4399 663 4460 Patrum
697 4402 913 4471 plurimi
938 4420 950 4453 :
977 4399 1328 4457 Tertullflih.
1366 4400 1441 4454 De
1469 4414 1749 4455 resurrect.
1778 4418 1899 4468 cap.
1936 4404 2026 4470 15,

442 4476 531 4528 ubi
559 4474 725 4526 etiam
751 4471 882 4525 illud
906 4471 1047 4543 Ρεςιί.
1084 4472 1433 4543 ξομ-δίκαιος
1462 4471 1538 4535 ὡς
1564 4473 1744 4543 Φοῖνιξ
1777 4473 2028 4543 ἀνθήσει,

446 4545 673 4598 reddere
692 4558 857 4596 ausus
875 4554 977 4605 est,
1007 4541 1159 4595 Velut
1185 4540 1414 4595 Phoenix
1434 4544 1666 4606 ﬂorebit.
1686 4540 2030 4609 B.SAmbros.

448 4618 540 4669 lib.
570 4629 624 4667 Vl
657 4613 711 4668 in
746 4603 1063 4666 Hexaonier.
1088 4628 1209 4683 cap.
1246 4613 1341 4679 25,
1372 4603 1677 4683 iterumque
1705 4603 1797 4683 lib.
1822 4614 1898 4666 De
1930 4614 2034 4682 [ide
2068 4603 2110 4657 D

446 4695 728 4738 resnrrect.
773 4683 832 4737 S.
869 4683 1032 4750 Greg.
1076 4682 1337 4737 Nazianz.
1376 4683 1557 4738 Carm.
1606 4684 1674 4735 ad
1724 4682 1935 4753 Virgin.
1973 4684 2032 4738 S.

449 4755 716 4823 Epiphan.
777 4753 1054 4808 Ancorato
1113 4772 1126 4807 :
1176 4763 1340 4823 atque
1393 4770 1459 4807 ex
1520 4756 1688 4819 ipsius
1745 4755 1807 4806 B.
1857 4754 2033 4810 Clem.

449 4822 678 4880 Constit.
715 4824 898 4896 li_b._v,
944 4823 1197 4896 c.76;7B.
1238 4822 1425 4896 Cyrill.
1469 4822 1744 4896 Caico/tesi
1775 4825 1863 4890 18,
1927 4839 2039 4877 tne-

452 4897 716 4963 minitque
748 4893 906 4961 hujus
935 4895 1051 4947 avis
1084 4893 1407 4950 Eusebilib.
1427 4911 1480 4949 tv
1509 4894 1584 4949 De
1604 4893 1880 4950 Constant.
1906 4896 2040 4961 vita;

451 4966 537 5018 t-ni
567 4966 704 5018 adde
748 4964 988 5029 gentium
1029 4968 1355 5033 scriptorum
1408 4966 1624 5019 turbam
1666 4982 1680 5020 :
1716 4964 1944 5021 Lucian.
1984 4967 2037 5019 in

452 5038 646 5099 Sectis,
702 5035 840 5087 Plin.
871 5034 966 5088 lib.
999 5051 1052 5099 χ,
1090 5052 1211 5099 cap.
1250 5036 1345 5096 ll;
1400 5035 1670 5096 Tacitum,
1722 5037 1919 5091 Annal.
1958 5051 2036 5103 v;

448 5105 637 5160 Aurel.
652 5105 857 5159 Victor.
886 5105 1088 5159 Histor.
1106 5107 1342 5174 Augusta
1359 5122 1376 5168 ;
1393 5105 1581 5175 Pomp.
1597 5105 1815 5168 Melum,
1836 5107 1930 5165 lib.
1950 5121 2038 5170 Ill,

451 5194 573 5243 cap.
605 5177 668 5243 9;
714 5175 884 5229 Solin.
923 5192 1042 5245 cap.
1061 5178 1165 5242 56;
1192 5176 1557 5244 ClaudianJet
1583 5178 1742 5231 Auct.
1769 5177 1951 5234 Carm.
1977 5179 2041 5230 de

453 5247 721 5312 Phoenice,
759 5249 899 5317 apud
927 5244 1220 5311 Lactant.;
1251 5260 1305 5301 et
1340 5248 1405 5299 de
1434 5247 1641 5302 Gracis
1675 5246 1939 5317 Xiphilin.
1986 5249 2039 5299 in

460 5317 712 5382 Tiberio;
765 5315 1022 5371 Hcrodot.
1059 5318 1153 5371 lib.
1189 5333 1264 5383 tl;
1322 5317 1579 5386 llorapol.
1610 5319 1703 5371 lib.
1736 5315 1775 5383 ί,
1819 5334 1939 5386 cap.
1973 5317 2043 5371 35

457 5400 513 5441 et
540 5388 704 5449 alibi;
750 5386 954 5442 IEIian.
1001 5388 1076 5441 De
1105 5388 1330 5441 animal.
1378 5400 1492 5442 nat.
1536 5389 1633 5441 lih.
1670 5404 1747 5452 vt,
1781 5403 1903 5456 cap.
1947 5388 2040 5442 58.

458 5458 574 5511 Etsi
607 5472 736 5513 ante
766 5457 1019 5511 Photium
1044 5458 1346 5513 dubitando
1365 5460 1429 5511 de
1454 5459 1555 5511 hac
1584 5473 1687 5513 ave
1713 5459 1875 5514 locuti
1909 5460 2041 5522 sint,

458 5527 522 5581 Β.
548 5528 722 5583 Clem.
758 5545 942 5595 supra,
996 5544 1116 5581 cum
1148 5528 1207 5583 B.
1242 5528 1402 5597 Greg.
1442 5526 1575 5582 Naz.
1621 5541 1762 5583 orat.
1806 5532 1871 5583 de
1916 5529 2042 5597 Spi—

465 5601 571 5651 ritu
605 5610 798 5653 sancto
822 5614 941 5667 qua:
982 5612 1067 5653 est
1090 5599 1194 5659 '57;
1238 5598 1298 5651 Β.
1335 5614 1464 5652 vero
1521 5598 1791 5653 Maximus
1836 5612 2046 5668 martyr

462 5671 624 5724 etiam
660 5668 830 5738 logica
860 5670 1241 5723 dissertatione
1271 5670 1518 5723 eamdem
1577 5670 1891 5739 planissime
1948 5685 2046 5724 ne-

410 5750 411 5753 ‘
465 5740 647 5805 gavit,
683 5740 752 5793 ibi
789 5742 853 5793 ad
885 5740 1106 5792 Petrum
1146 5740 1411 5793 illustrem
1452 5752 1639 5793 contra
1691 5742 1877 5794 Severi
1946 5743 2045 5793 do-

466 5819 671 5873 gmata,
698 5823 856 5877 quem
888 5811 1062 5877 ipsum
1098 5810 1184 5863 hic
1218 5810 1313 5863 tibi
1346 5810 1524 5863 locum
1553 5828 1584 5865 e
1612 5809 1768 5865 Notis
1797 5810 2004 5866 Grtc'cis
2027 5850 2044 5873 ,

467 5878 563 5937 sed
579 5877 799 5945 Latine,
824 5880 1132 5951 appendere
1155 5878 1377 5952 placuit.
1404 5882 1556 5948 Quod
1588 5883 1654 5952 si,
1685 5884 1783 5943 ait.
1814 5882 1931 5942 avis
1959 5891 2044 5939 est

2128 4195 2372 4265 plicenix,
2394 4197 2557 4249 etiam
2581 4193 2784 4247 animal
2818 4194 2910 4255 sit.
2937 4195 3161 4248 omnino
3190 4210 3415 4249 necesse
3443 4208 3544 4252 est.
3570 4196 3730 4263 Quod

2125 4268 2168 4320 si
2204 4267 2412 4318 animal
2440 4280 2561 4321 eam
2590 4280 2711 4319 esse
2740 4266 2993 4318 concedis
3018 4304 3033 4328 ,
3072 4267 3327 4333 primum,
3361 4283 3466 4320 non
3499 4268 3728 4321 utnnino

2129 4344 2307 4405 p0test
2341 4336 2471 4388 illud
2502 4350 2622 4389 esse
2648 4334 2962 4402 singulare,
2992 4348 3258 4402 quantum
3293 4338 3487 4391 saltem
3520 4338 3728 4390 animal

2129 4419 2234 4471 est,
2268 4406 2474 4458 nullum
2501 4407 2648 4458 enim
2680 4406 2855 4457 solum
2884 4406 3107 4457 animal.
3160 4405 3387 4472 Deinde,
3426 4408 3471 4459 si
3521 4409 3727 4460 animal

2133 4488 2237 4541 est,
2270 4477 2460 4541 utique
2490 4490 2707 4543 corpus,
2742 4475 3042 4527 animatum
3083 4477 3245 4529 simul
3270 4488 3327 4531 et
3381 4493 3544 4532 sensu
3584 4494 3729 4545 prae-

2138 4549 2334 4600 ditum.
2367 4546 2487 4602 Jam
2525 4547 2568 4599 si
2610 4560 2809 4613 corpus
2842 4556 2925 4598 est
2959 4547 3256 4599 animatum
3296 4558 3350 4601 et
3382 4564 3542 4602 sensu
3586 4564 3728 4615 prac-

2143 4617 2342 4679 ditum,
2388 4626 2539 4671 certe
2567 4617 2731 4669 etiam
2786 4616 3122 4685 generationi
3174 4628 3336 4684 atque
3383 4620 3729 4685 corruptioni

2141 4688 2437 4741 obnoxium
2456 4690 2581 4741 erit.
2611 4686 2781 4755 Ipsos,
2808 4687 2853 4740 si
2882 4686 3031 4749 libet,
3066 4688 3343 4755 sapientes
3369 4690 3610 4753 consule,
3644 4704 3734 4740 re-

2144 4774 2262 4811 rum
2294 4774 2413 4827 qua:
2446 4759 2716 4811 exsistunt
2750 4757 3109 4827 inspectores
3133 4796 3146 4819 ,
3192 4759 3383 4811 llerine
3418 4760 3609 4827 possit,
3667 4768 3733 4811 ιιι

2142 4826 2477 4897 generationi
2532 4828 2676 4897 quod
2710 4826 3008 4880 obnoxium
3038 4837 3120 4881 est
3182 4839 3347 4895 atque
3393 4830 3732 4895 corruptioni

2143 4914 2365 4966 corpus,
2400 4900 2700 4952 animatum
2740 4899 2869 4951 item
2903 4912 2967 4949 ac
2994 4912 3155 4951 sensu
3188 4900 3499 4966 praeditum,
3544 4901 3735 4963 singu-

2143 4968 2275 5023 laris
2305 4984 2426 5023 esse
2450 4983 2660 5022 natura?
2685 4967 2771 5037 (ad
2796 4967 3171 5021 exsistentiam
3196 4970 3340 5037 quod
3366 4969 3584 5036 attinet)
3607 4985 3735 5035 pos-

2143 5039 2215 5093 sit
2251 5056 2264 5090 :
2300 5055 2422 5093 cmn
2481 5040 2712 5091 aliorum
2770 5038 2822 5090 in
2862 5038 2946 5090 his
2992 5052 3059 5089 ex
3108 5038 3231 5091 aliis
3267 5039 3544 5092 successio
3571 5079 3585 5099 ,
3618 5040 3736 5091 evi-

2143 5109 2527 5163 dentissimum
2556 5110 2624 5162 sit
2650 5108 2947 5161 exsistendi
2972 5107 3736 5173 indicium,certistimusque

2147 5180 2434 5234 terminus.
2493 5179 2962 5247 Quemadmodum
3002 5179 3054 5231 in
3096 5177 3381 5247 Scriptura
3418 5180 3534 5245 ipsa
3573 5194 3733 5231 sacra

2148 5260 2379 5304 testatur
2403 5250 2553 5319 justo
2584 5250 2659 5303 illi
2690 5246 2895 5301 Noemo
2922 5248 3083 5319 hujus
3115 5250 3190 5301 rei
3225 5246 3612 5303 certitudinem
3637 5264 3739 5302 ex-

2146 5321 2361 5385 hibens,
2387 5317 2476 5373 ubi
2511 5320 2650 5373 Gen.
2674 5334 2772 5383 vn,
2798 5322 2913 5371 ait:
2939 5317 3225 5385 Ingredere
3252 5328 3309 5371 tu
3332 5332 3377 5372 et
3408 5321 3600 5381 omnis,
3624 5330 3732 5371 etc.

2143 5390 2393 5459 Itemque
2442 5406 2507 5443 ea:
2547 5390 2788 5443 omnibus
2840 5387 3327 5455 volatilibus,etc.,
3357 5390 3410 5442 in
3456 5391 3652 5456 quibus
3685 5390 3733 5441 si

2146 5461 2397 5531 phmnix,
2444 5466 2586 5529 quod
2619 5460 2825 5513 elatum
2859 5459 2951 5512 ille
2979 5460 3052 5512 sit
3081 5460 3305 5520 animal,
3340 5460 3736 5531 numerandus

2145 5530 2249 5596 est,
2310 5546 2444 5586 sane
2476 5531 2791 5600 singularis,
2852 5532 3028 5595 quoad
3062 5530 3482 5593 exsistentiant,
3530 5540 3734 5583 natura:

2145 5618 2254 5656 non
2283 5614 2390 5659 est.
2426 5612 2481 5653 ut
2517 5603 2658 5654 Deus
2694 5601 2809 5667 ipse
2837 5600 3237 5667 pronuntiavit.

2217 5672 2331 5744 (15)
2363 5670 2555 5744 Exstat
2609 5686 2672 5725 ea
2704 5669 2886 5734 hodie,
2919 5671 3006 5744 vel
3041 5669 3521 5744 ex__hic-i_ndicatis
3565 5668 3734 5744 signis

2144 5738 2364 5806 nobilis,
2399 5742 2595 5796 Latine
2638 5756 2760 5795 cum
2793 5740 3055 5811 operibus
3104 5739 3166 5793 Β.
3221 5739 3521 5796 Clementis
3570 5738 3729 5795 Boni.

2145 5814 2387 5871 Coloniae
2420 5827 2641 5869 excusa.
