4062 6448
298 355 419 421 409

1369 350 1907 416 BIBLIOTHECA.
1947 373 2017 384 ·-
2056 347 2222 408 COD.
2263 346 2550 409 CXXVII.

3491 343 3600 409 ιιο

295 473 436 540 άλλη
470 469 725 524 πολιτεία
768 469 829 534 ἐξ
869 469 1043 540 αὐτῆς
1076 467 1303 542 πρώτης
1345 466 1565 538 ἡλικίας
1592 465 1895 536 ἀρχομένη,
1924 512 1929 520 .

2037 477 2107 512 nn
2147 461 2272 515 inde
2323 477 2353 514 a
2421 462 2652 528 pueritia
2711 462 3039 529 inchoando,
3093 473 3210 520 tum
3263 481 3602 535 quaecunque

296 563 392 617 κα).
413 564 542 616 ὅσαι
576 562 718 634 πρὸς
742 563 845 630 τὴν
875 560 1343 630 έκκλησιαστικὴν
1367 557 1496 632 [164
1526 555 1623 629 Η.]
1657 555 1900 626 ἱστορίαν

297 654 628 708 συντελοῦσι
659 653 894 725 πράξεις
921 693 937 717 ,
996 653 1194 724 μέχρις
1227 646 1289 707 οὗ
1315 653 1408 705 τὸν
1446 651 1560 721 βίον
1604 649 1898 711 ἀπέλιπεν,

293 750 374 809 είς
428 746 743 818 ἑξηκοστὸν
793 744 894 799 καὶ
936 744 1203 814 τέταρτον
1250 741 1643 814 παραταθέντα
1683 739 1901 809 χρόνον.

296 841 460 893 Ἐστι
494 840 597 910 μὲν
631 837 730 892 οὖν
759 836 1046 891 κάνταῦθα
1089 837 1189 908 τὴν
1235 837 1438 908 φράσιν
1482 835 1666 904 ὅμοιος
1698 829 1901 900 ἐαυτῷ,

292 933 446 1003 πλὴν
510 931 710 1003 μικρόν
755 947 818 984 τε
849 931 988 1002 πρὸς
1031 929 1092 982 τὸ
1129 929 1518 1000 λαμπρότερον
1548 924 1905 978 ἐκϐεϐίασται

297 1025 469 1094 αὐτῷ
497 1025 722 1092 ὁλόγος,
745 1023 846 1076 καὶ
874 1022 1050 1088 λέξεις
1075 1024 1154 1085 είς
1184 1022 1245 1074 τὸ
1273 1020 1640 1092 ἀνθηρότερον
1683 1013 1904 1085 ἐνιαχοῦ

309 1111 773 1181 συνελήφθησαν·
849 1112 949 1180 τῆς
1010 1109 1194 1180 μέντοι
1248 1109 1393 1163 κατά
1448 1107 1549 1178 τὴν
1607 1105 1908 1175 ἑρμηνείαν

317 1203 532 1273 ἡδονῆς
560 1205 647 1257 καὶ
669 1201 890 1272 χάριτος
923 1201 1078 1254 οὐδὲν
1115 1200 1259 1271 μέγα
1283 1241 1300 1264 ,
1327 1199 1518 1269 ὥσπερ
1553 1196 1674 1250 οὐδὲ
1707 1197 1764 1248 ὲν
1790 1198 1908 1258 τοῖς

325 1296 530 1360 ἄλλοις,
560 1296 906 1365 ἐμφαίνεται.
936 1295 1399 1362 Καταστρώννυσι
1428 1292 1484 1344 δὲ
1514 1293 1572 1344 ἐν
1598 1289 1777 1360 ’ταύτῃ
1810 1289 1912 1340 αὑ-

320 1388 418 1440 τοῦ
463 1391 525 1456 τῇ
564 1387 912 1458 τετραϐίϐλῳ
957 1385 1254 1456 πάμπολλα
1298 1384 1478 1455 χωρία
1523 1382 1583 1447 ἐξ
1612 1381 1911 1452 ὁλοκλήρου

315 1480 421 1548 τῆς
456 1477 1018 1547 Ἐκκλησιαστικῆς
1051 1478 1216 1533 αὑτοῦ
1243 1477 1539 1544 δεκαλόγου
1573 1473 1863 1542 ἱστορίας.

386 1571 554 1638 Λέγει
587 1572 690 1641 μὲν
717 1570 811 1625 οὖν
841 1573 936 1624 καὶ
969 1571 1134 1634 αὐτὸς
1163 1571 1221 1623 ἐν
1247 1568 1591 1640 Νικομηδεῖς.
1613 1567 1704 1619 τὸν
1739 1568 1915 1636 μέγαν

311 1665 743 1718 Κωνσταντῖνον
797 1664 1195 1735 βαπτίσασθαι,
1248 1665 1413 1734 μέχρι
1446 1663 1570 1716 τότε
1601 1660 1660 1714 τὸ
1688 1660 1916 1730 λουτρὸν

311 1757 790 1828 ἀναϐαλλόμενον,
823 1758 918 1812 ἅτε
962 1759 1026 1827 δὴ
1057 1760 1116 1811 ἐν
1145 1756 1412 1828 ἐπιθυμίᾳ
1447 1753 1770 1822 ποιούμενον
1803 1754 1916 1813 τοῖς

325 1851 605 1924 Ἰορδάνου
653 1853 716 1906 τὸ
755 1852 978 1924 λουτρὸν
1009 1851 1405 1915 ὑποδέξασθαι·
1442 1849 1526 1912 τίς
1551 1849 1608 1902 δέ
1643 1849 1672 1901 ὁ
1724 1845 1916 1917 βαπτί-

313 1960 443 2008 σας,
491 1943 652 1996 οὐδὲν
697 1944 973 2012 διασαφεῖ.
1009 1943 1150 2014 Περὶ
1186 1942 1372 2013 μέντοι
1397 1958 1462 2008 γε
1493 1939 1595 2008 τῆς
1631 1937 1920 2010 Ἀρειανῆς

315 2037 597 2108 αἱρέσεως
626 2038 783 2093 οὐδὲν
816 2037 981 2103 σαφὲς
1017 2035 1386 2104 ἀπαγγέλλει,
1410 2033 1520 2089 οὐδ’
1547 2033 1596 2085 εί
1633 2033 1732 2102 τῆς
1763 2031 1922 2100 δόξης

318 2130 552 2200 ἐκείνης
579 2130 778 2197 εἴχετο,
812 2130 924 2183 οὐδ’
954 2130 1034 2184 ὅτι
1074 2127 1484 2198 μεταϐέϐληται
1509 2166 1524 2190 ,
1555 2124 1672 2179 ἀλλ’
1699 2123 1809 2178 οὐδ’
1839 2125 1922 2176 ὅτι

321 2221 555 2289 φαύλως
581 2223 614 2292 ἢ
644 2222 819 2292 ὀρθῶς
862 2221 1113 2288 ἐδόξαζεν
1140 2222 1378 2292 Ἀρειος,
1439 2218 1645 2288 καίπερ
1677 2215 1924 2286 ἀνάγκην

323 2315 473 2384 ἔχων
507 2316 566 2368 ἐν
595 2317 786 2388 μνήμῃ
831 2313 1007 2367 ταῦτα
1035 2312 1391 2385 ποιήσασθαι,
1424 2310 1521 2365 ἆτε
1550 2310 1616 2381 δὴ
1655 2309 1798 2380 μέγα
1831 2308 1926 2377 μέ-

331 2425 429 2475 ρος
477 2407 791 2478 ἐπεχούσης
823 2407 922 2476 τῆς
960 2408 1180 2461 συνόδου
1207 2405 1316 2459 τῶν
1349 2403 1446 2458 τοῦ
1500 2402 1739 2473 μεγάλου
1779 2401 1925 2471 πρά-

331 2501 474 2565 ξεων
508 2499 929 2552 Κωνσταντίνου
957 2538 974 2563 ,
1021 2497 1285 2567 κάκείνης
1329 2497 1494 2551 πάλιν
1525 2494 1928 2562 ὲξαπαιτούσης

328 2593 436 2660 τὴν
473 2591 840 2662 περὶτούτων
873 2589 1400 2661 λεπτομερεστάτην
1450 2587 1713 2656 ἱστορίαν.
1768 2585 1931 2639 Ἀλλά

336 2685 534 2739 στάσιν
579 2685 680 2756 μὲν
724 2687 990 2755 ἐμπεσεῖν
1037 2683 1245 2754 μεταξὺ
1284 2683 1496 2753 Ἀρείου
1550 2681 1647 2735 καὶ
1682 2680 1932 2746 Ἀλεξάν-

332 2780 495 2849 δρου,
521 2779 618 2849 τὴν
647 2779 860 2849 αἵρεσιν
893 2776 1039 2830 οὕτω
1057 2777 1103 2808 ³³
1151 2776 1328 2844 λέγων
1374 2775 1472 2826 καὶ
1507 2771 1933 2843 ὑποκρυπτόμε-

332 2891 449 2936 τος,
481 2872 866 2941 ἀποφαίνεται.
899 2870 992 2923 ἐπί
1024 2886 1085 2922 τε
1106 2871 1171 2940 τῇ
1207 2867 1395 2920 στάσει
1421 2865 1543 2918 λίαν
1575 2865 1813 2934 ἀλγῆσαι
1843 2861 1935 2914 τὸν

336 2965 568 3035 θεοφιλῆ
604 2964 852 3034 βασιλέα,
874 2964 968 3016 καὶ
995 2960 1372 3030 ἀγωνίσασθαι
1397 2958 1488 3012 διά
1514 2973 1572 3011 τε
1605 2954 1934 3019 ἐπιστολῶν,

329 3059 430 3111 διά
463 3074 526 3109 τε
549 3056 645 3110 τοῦ
691 3056 896 3122 Ὀσίου,
930 3055 988 3118 ὃς
1013 3053 1333 3124 Κουδρόϐης
1367 3051 1693 3113 ἐπεσκόπει,
1730 3049 1811 3111 είς
1843 3065 1935 3117 φι-

2004 554 2072 606 ad
2107 553 2537 607 ecclesiasticam
2565 554 2922 622 gpertinentia
2958 557 3243 611 historiam
3285 558 3373 612 ille
3407 559 3600 626 gessit,

2005 645 2070 698 ad
2099 655 2406 699 extremum
2434 660 2607 714 usque
2638 645 2821 708 linem,
2845 647 2947 701 hoc
2968 658 3072 712 est,
3097 659 3332 718 quatuor
3359 660 3412 703 et
3439 665 3601 702 sexa-

2005 739 2156 807 ginta
2193 752 2461 791 annorum
2492 737 2688 806 spatio.
2719 735 2817 790 Est
2844 753 3008 806 porro
3039 740 3204 792 etiam
3241 739 3294 792 in
3339 739 3441 793 hoc
3471 755 3604 808 ope-

2011 846 2070 884 re
2094 830 2174 883 sui
2207 829 2340 883 satis
2373 829 2424 884 in
2457 831 2692 884 dictione
2718 830 2936 893 similis.
2965 830 3066 884 nisi
3093 831 3236 899 quod
3266 811 3510 884 nonnihil
3538 831 3606 884 ad

2009 921 2357 992 splendorem
2389 923 2560 993 magis
2593 923 2830 977 trahitur
2853 922 3055 985 oratio,
3090 938 3362 990 vocesque
3403 923 3469 975 ad
3507 922 3606 975 ﬂo-

2012 1015 2186 1068 ridum
2219 1013 2414 1068 alicubi
2448 1030 2618 1083 genus
2679 1017 2947 1068 tendunt:
2981 1015 3081 1068 etsi
3121 1013 3482 1081 iucunditatis
3555 1022 3610 1068 et.

2011 1108 2202 1176 gratiae
2238 1107 2292 1158 in
2321 1105 2648 1173 explicando
2681 1107 2954 1160 modicum
2985 1107 3270 1169 adhibere,
3310 1117 3370 1159 ut
3401 1107 3452 1158 in
3486 1105 3610 1160 aliis

2013 1211 2229 1266 quoque
2252 1195 2429 1260 libris,
2458 1197 2692 1250 videtur.
2745 1196 3068 1251 Aﬂ‘eruntur
3102 1212 3237 1251 vero
3277 1196 3395 1249 loca
3431 1194 3606 1262 pluri-

2014 1305 2104 1344 ma
2154 1290 2205 1342 in
2249 1289 2334 1343 his
2361 1299 2594 1356 quatuor
2652 1289 2807 1343 libris
2851 1305 2919 1343 ex
2963 1290 3218 1344 universa
3263 1289 3382 1360 ejus
3425 1289 3611 1342 decem

2016 1382 2275 1437 librorum
2302 1379 2678 1436 Ecclesiaslica
2705 1379 2971 1437 Historia.

2088 1561 2278 1617 Refert
2328 1575 2458 1630 ergo
2486 1560 2573 1613 hic
2598 1559 2934 1614 Nicomedia:
2971 1559 3309 1629 baptizatum
3353 1564 3613 1627 magnum

2022 1653 2447 1710 Constantinum
2485 1650 2624 1722 (16),
2682 1652 3056 1720 hactennsqne
3103 1653 3379 1705 lavacrum
3436 1650 3616 1703 distu-

2025 1747 2172 1810 lisse,
2203 1744 2345 1814 quod
2388 1743 2440 1798 in
2476 1745 2613 1797 votis
2661 1744 2890 1796 haberet
2947 1745 3002 1796 in
3053 1742 3297 1797 Iordane
3332 1742 3613 1810 baptismo

2024 1839 2154 1909 tingi
2190 1855 2205 1892 :
2242 1837 2368 1907 quis
2410 1851 2538 1890 vero
2585 1837 2921 1904 baptizarit,
2968 1836 3189 1889 silentio
3237 1835 3499 1904 praeterit.
3543 1833 3618 1888 De

2021 1930 2208 1985 Ariani
2241 1930 2460 1998 insuper
2483 1928 2675 1982 haeresi
2715 1943 2942 1997 prorsus
2967 1926 3099 1979 nihil
3129 1927 3418 1981 manifeste
3463 1941 3618 1979 com-

2029 2031 2325 2086 memorat,
2393 2035 2570 2088 neqne
2626 2035 2694 2072 an
2749 2018 3144 2074 Constantinus
3204 2018 3276 2072 illi
3331 2019 3621 2088 aliquando

2026 2116 2346 2180 adhteserit,
2393 2129 2568 2182 neque
2600 2127 2665 2165 an
2696 2128 2816 2166 eam
2850 2111 3148 2181 :ibjecerit,
3211 2114 3303 2165 sed
3343 2126 3522 2179 neque
3552 2126 3620 2162 an

2027 2220 2198 2271 recte,
2227 2217 2322 2261 aut
2351 2221 2509 2261 secus
2539 2203 2781 2258 senserit
2817 2203 2984 2255 Arius
3016 2220 3029 2255 :
3065 2203 3280 2256 tametsi
3323 2201 3625 2255 necessitas

2028 2318 2151 2356 eum
2176 2299 2527 2367 compelleret
2551 2298 2748 2350 horum
2777 2296 3118 2359 meminisse,
3159 2295 3377 2362 quando
3419 2302 3474 2346 et
3519 2309 3627 2345 ma-

2030 2410 2134 2460 gna
2187 2409 2311 2462 pars
2362 2390 2461 2445 fuit
2520 2390 2759 2460 synodus
2808 2404 2988 2441 rerum
3033 2405 3061 2441 a
3119 2402 3314 2455 magno
3349 2387 3624 2440 Conslan-

2034 2487 2147 2541 tino
2177 2496 2475 2556 gestarum,
2515 2492 2569 2536 et
2595 2480 2835 2549 alioquin
2887 2479 2974 2532 illa
3010 2478 3124 2546 ipSa
3163 2478 3408 2530 vicissim
3441 2486 3630 2543 postu-

2033 2578 2171 2631 laret
2214 2572 2623 2629 exactissimam
2664 2571 2748 2623 his
2779 2568 2848 2622 de
2883 2569 3044 2622 relms
3078 2567 3383 2619 historiam.
3441 2565 3630 2634 Itaque
3685 2591 3693 2598 ~

2033 2668 2434 2726 dissensionem
2464 2665 2681 2733 quidem
2732 2673 2911 2716 ortam
2939 2662 3127 2715 Arium
3155 2659 3297 2712 inter
3320 2667 3373 2711 et
3392 2657 3629 2710 Alexan—

2036 2764 2192 2816 drutn
2251 2766 2645 2813 commemorat
2693 2755 2812 2827 (sic
2857 2755 3111 2808 nimirum
3159 2751 3410 2805 hmresim
3448 2749 3630 2818 appel-

2037 2855 2154 2910 lare
2187 2869 2250 2907 ac
2283 2863 2464 2921 tegere
2486 2848 2744 2919 videtur),
2769 2862 2832 2901 ac
2858 2846 3068 2900 dissidii
3097 2844 3258 2911 hujus
3280 2845 3454 2912 gratia
3478 2842 3633 2895 valde

2040 2948 2372 3002 indolentem
2404 2943 2812 3011 pientissimnm
2856 2940 3241 3005 inn‘ieratorem
3277 2936 3630 2995 allahorasse,

2043 3055 2166 3094 cum
2204 3053 2302 3106 per
2352 3035 2670 3104 epistolam,
2711 3043 2824 3086 tum
2875 3047 2971 3100 per
3018 3027 3635 3084 IlosiumCorduhensis

333 3152 464 3203 λίαν
495 3149 591 3202 καὶ
620 3149 877 3218 ὁμόνοιαν
913 3145 1173 3212 συζεῦξαι
1227 3144 1288 3198 τὺ
1338 3142 1631 3207 στασιάζον
1663 3141 1763 3210 τῆς
1797 3139 1929 3210 πρὸς

2044 3133 2299 3190 Ecclesia:
2324 3131 2663 3200 episcopum,
2691 3137 2772 3191 ut,
2819 3127 2985 3180 missa
3011 3124 3363 3179 contentione
3396 3123 3485 3176 illa
3519 3137 3636 3173 mu-

331 3242 613 3311 ἀλλήλους
658 3240 835 3311 ἕριδος
879 3238 1188 3309 ἀφεμένους
1223 3236 1321 3289 καὶ
1350 3234 1458 3286 τῶν
1482 3231 1742 3287 τοιούτων
1774 3229 1941 3301 ζητή-

337 3351 507 3388 σεωψ
541 3333 620 3393 ὡς
652 3332 696 3385 δ’
725 3334 827 3386 οὐκ
857 3329 1064 3397 ἔπειθε,
1103 3327 1322 3383 σύνοδον
1369 3325 1710 3395 πανταχόθεν
1756 3323 1942 3391 ἀθροῖ-

338 3446 435 3482 σαι
473 3429 574 3482 καὶ
603 3427 701 3497 τὴν
765 3423 1118 3496 ἐμπεσοῦσαν
1155 3421 1274 3491 ἔριν
1318 3421 1398 3483 είς
1428 3419 1652 3490 εἰρήνην
1685 3413 1945 3468 διαλύσα-

341 3523 508 3576 σθαι⁶
548 3521 613 3573 οὐ
651 3520 759 3589 μὴν
794 3519 875 3580 εἰς
906 3515 969 3569 τὸ
1002 3514 1230 3586 ἀκριϐὲς
1255 3513 1350 3565 καὶ
1402 3509 1658 3581 ἐπίδηλον
1697 3506 1946 3576 ἀναγρά-

338 3632 533 3685 φεται.
562 3607 735 3674 Οὗτος
763 3606 856 3663 οὖν
886 3609 1077 3678 ὥσπερ
1101 3602 1482 3676 αίσχυνομένῳ
1514 3598 1709 3662 ἐοικὼς
1742 3598 1840 3651 καὶ
1869 3596 1945 3668 μὴ

342 3705 669 3778 βουλομένῳ
694 3700 1039 3772 δημοσιεύειν
1059 3700 1282 3768 Ἀρειον
1298 3696 1368 3728 οδ·
1383 3695 1486 3766 τήν
1506 3711 1567 3746 τε
1589 3692 1691 3761 τῆς
1722 3689 1946 3743 συνόδου

345 3794 792 3865 ἐξενηνεγμένην
823 3791 946 3844 κατ’
973 3787 1138 3844 αὑτοῦ
1171 3785 1355 3856 ψῆφον
1385 3783 1484 3838 καὶ
1512 3781 1622 3835 τῶν
1650 3781 1950 3850 συνασεϐη-

357 3887 570 3939 σάντων
621 3881 772 3954 αὐτῷ
809 3882 905 3935 καὶ
940 3875 1388 3942 συνεξωσθέντων
1420 3873 1518 3943 τὴν
1579 3871 1797 3925 δικαίαν
1833 3869 1944 3922 είσο

361 3979 582 4048 πραξιν,
625 3977 688 4030 οὐ
742 3974 850 4045 μὴν
881 3972 996 4026 ἀλλ’
1031 3972 1142 4024 οὐδ’
1170 3970 1236 4040 ἣν
1267 3967 1455 4022 θεόθεν
1498 3967 1608 4028 πᾶς
1667 3962 1950 4033 ὀφθαλμὸς

357 4065 504 4122 εἶδεν
552 4067 763 4120 ἔνδικον
805 4062 1018 4133 Ἀρείου
1067 4057 1482 4128 καταστροφὴν,
1537 4054 1693 4108 οὐδὲν
1743 4053 1951 4107 τούτων

347 4159 506 4225 ἄγων
542 4158 626 4220 είς
655 4155 796 4225 φῶς,
825 4155 924 4225 τήν
947 4169 1009 4206 τε
1038 4152 1168 4220 περὶ
1210 4149 1310 4219 τῆς
1341 4147 1563 4200 συνόδου
1620 4144 1717 4198 καὶ
1748 4143 1859 4197 τῶν
1896 4144 1954 4198 ἐν

2047 3238 2159 3290 tua,
2193 3234 2247 3279 el
2270 3222 2578 3293 ltnjnsmodi
2608 3219 3028 3290 qumslionibns,
3079 3217 3144 3269 ad
3173 3215 3471 3269 amicitiam
3501 3229 3637 3267 con-

2045 3318 2402 3386 cordiamque
2456 3314 2788 3369 dissidentes
2823 3311 3069 3380 adigeret
3117 3327 3131 3362 :
3187 3317 3352 3376 atque
3383 3304 3472 3356 ubi
3529 3320 3635 3355 nun

2046 3409 2322 3482 persuasit
2363 3406 2634 3477 synodum
2692 3403 2933 3471 undique
2988 3412 3326 3453 convocasse
3368 3407 3423 3449 et
3455 3404 3635 3447 natam

2046 3501 2456 3557 contentionem
2506 3511 2639 3566 pace
2665 3503 3034 3564 permutasse.
3083 3490 3214 3556 Quae
3242 3473 3422 3540 tamen
3465 3487 3642 3554 neque

2047 3602 2306 3648 accurate
2338 3605 2512 3660 neque
2535 3588 2824 3656 perspicue
2888 3586 2956 3638 ab
2997 3599 3065 3638 eo
3109 3576 3644 3644 scribuntur.Qnare

2048 3703 2161 3759 pra:
2187 3685 2395 3756 pudore
2419 3683 2635 3736 videtur
2666 3680 2753 3734 hic
2782 3677 2996 3740 Arium,
3022 3685 3078 3732 et
3115 3691 3144 3728 a
3175 3673 3389 3744 synodo
3432 3668 3635 3724 factum

2049 3786 2242 3833 contra
2273 3775 2422 3829 illum
2463 3775 2768 3836 decretum,
2811 3769 3095 3840 publicare
3121 3783 3228 3820 non
3272 3763 3546 3824 voluisse,
3587 3769 3647 3813 ut

2052 3883 2157 3924 nec
2213 3866 2331 3935 ejus
2394 3865 2598 3920 erroris
2645 3862 2860 3926 socios,
2927 3869 3022 3914 aut
3084 3857 3248 3913 simul
3294 3854 3650 3923 expulsorum

2046 3963 2253 4032 justam
2283 3960 2562 4021 ultionem,
2593 3957 2723 4026 quin
2756 3969 2935 4024 neque
2958 3953 3130 4015 illam,
3169 3950 3316 4021 96a
3363 3963 3523 4017 qnam
3560 3946 3647 3998 di-

2055 4055 2258 4108 vinitus
2281 4061 2553 4121 sumptam
2575 4049 2757 4103 omnis
2783 4047 2976 4101 oculus
2997 4045 3151 4109 vidit,
3171 4042 3377 4112 justam
3397 4038 3510 4092 Arii
3531 4036 3657 4090 vin—

2056 4147 2258 4201 dictam
2287 4145 2400 4215 (17)
2441 4161 2456 4197 :
2499 4141 2718 4212 quando
2768 4140 2961 4193 horum
3020 4136 3154 4190 nihil
3213 4135 3266 4187 in
3311 4131 3485 4185 lucem
3528 4144 3660 4197 pro-

347 4252 499 4320 αὐτῇ
537 4247 898 4320 πραχθέντων
929 4244 1024 4298 καὶ
1071 4243 1202 4314 περὶ
1227 4241 1402 4310 αὐτὴν
1424 4239 1477 4273 9⁸
1526 4238 1773 4308 ἱστορίαν
1813 4253 1926 4311 παρ

2059 4239 2281 4302 ferens,
2339 4235 2534 4308 synodi
2585 4233 2757 4302 ipsius
2812 4245 3107 4298 rerumque
3152 4227 3209 4280 in
3267 4240 3330 4278 ea
3379 4230 3654 4292 gestarum

351 4313 600 4414 έδραμεξ
747 4339 843 4391 καὶ
886 4337 1018 4408 περὶ
1046 4313 1154 4389 τοῦθ
1203 4333 1496 4387 θεσπεσίου
1530 4330 1835 4385 Εὑσταθίου
1875 4329 1926 4381 δι

2058 4332 2344 4388 historiam
2382 4329 2558 4382 obiter
2599 4335 2806 4379 tantum
2857 4324 3134 4392 percurrit
3175 4318 3296 4383 Quo
3336 4316 3499 4370 etiam
3555 4313 3612 4365 lit
3637 4350 3658 4376 ,

352 4435 623 4506 ηγεῖσθαι
676 4431 887 4502 μέλλων
904 4432 952 4464 ⁸⁵
993 4427 1120 4482 οὔτε
1168 4427 1264 4480 τοῦ
1322 4425 1590 4496 ὀνόματος
1653 4423 1956 4493 μέμνηται,

2060 4433 2121 4477 ιιι
2178 4423 2246 4476 de
2293 4420 2478 4474 divino
2535 4416 2824 4472 Eustatliio
2870 4413 2985 4484 (18)
3036 4418 3401 4469 narraturus,
3447 4422 3514 4458 ne
3560 4421 3660 4457 ιιυο

355 4499 476 4581 655*
505 4528 612 4580 ὅσα
635 4499 767 4595 περὶ
797 4521 963 4576 αὑτὸν
993 4518 1270 4590 ἐτολμήθη
1314 4519 1413 4572 καὶ
1455 4519 1534 4579 είς
1563 4515 1727 4586 ἔργον
1753 4513 1928 4568 ἀποόέ

2065 4515 2226 4569 minis
2258 4512 2475 4582 quidem
2512 4508 2861 4572 meminerit;
2909 4515 3119 4559 tantmn
3146 4503 3301 4557 abest
3332 4511 3390 4554 ut
3436 4515 3557 4569 quae
3605 4499 3662 4550 in

358 4622 574 4693 ϐηκεν·
627 4591 742 4672 ἀλλ’
792 4619 877 4680 εἰς
921 4615 1114 4668 στάσιν
1163 4613 1259 4667 καὶ
1300 4610 1549 4683 ταραχὴν
1594 4609 1818 4677 ἀνάγων
1869 4624 1929 4661 κο

2065 4607 2240 4676 ipsum
2271 4603 2637 4660 audacissime
2677 4600 2976 4654 machinati
3006 4607 3134 4652 sunt
3162 4596 3300 4666 (19),
3348 4607 3514 4660 reque
3546 4591 3664 4658 ipsa

358 4711 571 4777 ταῦτα,
603 4708 868 4779 γαληνίας
923 4707 1019 4759 καὶ
1085 4703 1246 4757 πάλιν
1299 4703 1572 4769 ἐπιλέγει,
1641 4697 1929 4752 ἐπισκόπω

2065 4699 2459 4769 praestiterunt,
2495 4695 2853 4749 recensuerit.
2913 4689 3082 4761 Igitur
3133 4688 3200 4742 ad
3255 4684 3660 4740 dissensionem

364 4801 519 4856 κατά
556 4774 664 4870 ’την
699 4774 1033 4867 Ἀντιόχειαν
1066 4793 1594 4864 συνδεδραμηκότων
1623 4788 1832 4860 σπουδῇ
1867 4787 1929 4858 βα

2069 4794 2345 4847 duntaxat
2391 4797 2558 4858 atque
2619 4784 2910 4840 tumultum
2952 4797 3017 4837 ea
3051 4779 3326 4843 referens,
3361 4774 3667 4844 tranquilli-

369 4896 574 4957 ot}.éwq
605 4893 700 4946 καὶ
731 4891 1013 4963 συνεργίᾳ,
1043 4890 1140 4943 καὶ
1164 4890 1225 4942 τὺ
1258 4886 1550 4949 στασιάζον
1575 4885 1670 4938 καὶ
1701 4882 1968 4954 ταραττό-

370 5005 543 5059 μενον
576 4987 657 5048 είς
683 4986 744 5039 τὸ
777 4987 1057 5055 είρηναῖον
1096 4981 1610 5052 μεταϐεϐληκότων,
1654 4979 1888 5049 ὐμοίως
1914 4977 1971 5029 δὲ

367 5081 473 5134 καὶ
513 5083 573 5133 ἐν
599 5074 680 5143 οἷς
704 5081 733 5133 ὁ
761 5077 1064 5140 πολύαθλος
1095 5072 1455 5144 ἐσκευωρήθη
1497 5069 1822 5133 Ἀθανάσιος
1847 5107 1862 5132 ,
1893 5067 1974 5129 εἰς

366 5172 556 5228 ταῦτα
581 5173 680 5246 τὴν
712 5171 956 5244 ἱστορίαν
985 5170 1236 5242 ὁρμήσας
1263 5167 1576 5234 ἐπαφεῖναι,
1606 5163 1848 5224 στάσεως
1873 5160 1974 5230 μὲν

2073 4889 2247 4935 tatem
2301 4893 2519 4932 rursum
2569 4880 2968 4930 commemorat
3021 4870 3404 4938 episc0p0rum
3454 4877 3670 4925 eorum,

2075 4974 2168 5043 qui
2200 4988 2322 5027 cum
2359 4969 2706 5026 Antiochiam
2746 4963 3098 5033 imperatoris
3127 4960 3313 5016 studio
3343 4968 3505 5026 atque
3537 4970 3671 5025 ope-

2079 5080 2140 5119 ra
2169 5062 2584 5122 convenissent,
2616 5058 2946 5112 seditionem
2983 5054 3314 5120 turbamque
3345 5063 3475 5119 pace
3507 5059 3666 5100 cum-

2081 5165 2385 5210 mutarunt.
2429 5151 2698 5207 Similiter
2755 5147 2850 5202 ubi
2902 5146 3280 5200 narrationem
3314 5137 3556 5196 instituit
3603 5135 3671 5190 de

1659 5321 1891 5377 VABIJE
1938 5317 2346 5376 LECTIONES.

459 5447 512 5481 ⁹³
541 5449 685 5503 οὓτω
721 5449 766 5504 Α
801 5467 816 5504 :
847 5449 891 5502 δ’
926 5447 1072 5502 οὕτω
1103 5464 1164 5511 ς’.
1239 5444 1307 5476 ’³⁸
1345 5441 1560 5514 Ἀρείου
1589 5441 1658 5495 Α.
1735 5439 1783 5472 ’⁸
1818 5439 1916 5493 καὶ
1945 5438 2078 5509 περὶ
2103 5437 2275 5507 αὐτὴν
2307 5435 2431 5490 add.
2459 5435 2524 5488 A.
2597 5431 2646 5465 "
2674 5429 2885 5502 μέλλων
2907 5422 3214 5497 διηγεῖσθαι
3255 5436 3318 5484 ς.

1913 5580 2150 5638 NOTAE.
2635 5609 2644 5616 -

488 5687 578 5756 16)
615 5684 780 5754 Supr.
811 5685 934 5739 cod.
968 5683 1058 5746 88,
1089 5695 1146 5738 et
1181 5681 1252 5756 ibi
1289 5680 1546 5756 Scholion
1581 5678 1633 5733 in
1665 5679 1794 5756 line.

491 5751 576 5827 Π)
619 5751 751 5810 Eain
791 5757 936 5826 legas
965 5770 1116 5823 supr.
1149 5753 1274 5806 cod.
1304 5751 1395 5827 88,
1418 5753 1575 5827 [ιι-(ιιι
1615 5751 1875 5827 medium.

463 5820 579 5895 (ιθ)
610 5820 956 5884 Αιιιιοςίιέιιο
983 5820 1155 5896 episc.
1190 5839 1298 5896 quo
1319 5825 1388 5878 de
1417 5820 1618 5878 Baron.
1641 5820 1798 5876 card.
1837 5828 1971 5876 tum.

2078 5675 2145 5730 ΙΙΙ
2175 5677 2242 5728 ad
2267 5689 2396 5727 ann.
2427 5671 2560 5728 Chr.
2601 5669 2731 5724 340.

2155 5720 2808 5813 (liif'l‘lieodoret‘u—snea
2854 5733 3024 5792 refert
3067 5730 3162 5786 lib.
3221 5743 3240 5784 ι
3277 5724 3425 5782 Hist.
3460 5720 3676 5785 eccm"

2084 5816 2330 5888 cap.21.
