4062 6474
409 404 514 472 411

1515 392 1781 454 PIIOTII
1820 391 2327 451 PATRIARCILE
2366 392 2474 451 ΟΡ.

3574 392 3692 455 412

407 521 478 572 iis
532 530 653 584 qua:
707 512 760 566 in
804 524 1057 579 magnum
1120 507 1272 562 illum
1308 505 1568 560 atblctam
1627 503 1987 556 Athanasium

2108 500 2480 570 ἐμπλησθῆναι
2528 499 2694 554 πάλιν
2719 497 2814 555 καὶ
2839 499 3088 572 ταραχῆς
3118 502 3219 572 τὴν
3269 501 3689 574 Ἀλεξάνδρειαν

408 611 521 684 ('20)
571 609 815 676 Improbe
867 610 1176 670 comparata
1239 599 1481 662 fuerunt,
1547 597 1814 650 seditione
1867 595 1991 664 qui-

410 708 530 755 deut
565 717 628 754 ac
672 698 903 752 tumultu
937 695 1212 760 intpletam
1243 694 1438 745 iterum
1475 689 1866 742 Alexandriam
1905 703 1991 742 re-

410 795 540 857 fert,
572 792 664 845 sed
725 807 842 844 eam
873 789 1273 855 episcoporum,
1295 783 1388 852 qtti
1424 781 1772 850 imperatoris
1798 791 1991 833 aucto-

409 882 570 934 ritate
621 882 942 941 niterentur,
980 873 1265 943 praasentia
1306 871 1572 938 placatam
1633 867 1820 922 fuisse.
1879 867 1986 921 Ne-

409 985 514 1039 que
549 969 764 1022 interim
793 968 915 1033 quis
964 964 1284 1019 Seditionem
1340 960 1653 1026 coucitarit,
1716 969 1810 1013 aut
1842 975 1991 1028 quat-

412 1078 535 1116 nam
570 1061 656 1112 illa
691 1059 878 1119 fuerit,
918 1072 1092 1122 neque
1125 1069 1231 1123 quo
1264 1063 1423 1122 pacto
1457 1052 1862 1106 contentionem
1897 1051 1986 1104 alii

410 1155 676 1214 sedarint,
709 1151 930 1203 omnino
955 1147 1244 1201 manifeste
1271 1147 1527 1200 ostendit.
1553 1145 1692 1212 Quin
1721 1145 1833 1199 fere
1857 1160 1992 1213 quo-

413 1248 732 1311 tiescunque
761 1243 1137 1310 cpiscOporum
1175 1241 1313 1290 inter
1348 1238 1496 1305 ipsos
1527 1238 1592 1289 de
1625 1236 1746 1291 ﬁdei
1795 1237 1993 1304 capiti-

2099 593 2348 660 λέγει’θ,
2391 594 2484 647 καὶ
2529 594 2734 666 ταύτην
2783 597 3127 665 πραῦνθῆναι
3173 597 3489 651 ἐπισκόπων
3538 618 3690 670 παρ-

2099 686 2259 754 ουσία
2289 687 2387 757 τὴν
2423 688 2710 756 βασιλικὴν
2761 689 2997 758 ὲχόντιιιν
3047 690 3401 760 συμμαχίαν·
3447 691 3569 744 οὔτε
3621 693 3691 746 δὲ

2099 778 2182 841 τίς
2212 775 2280 848 ἦν
2309 783 2336 832 ὁ
2361 781 2405 812 ⁹⁷
2431 780 2760 845 στασιάζων,
2793 782 2901 834 οὐδ’
2929 783 3052 852 ἥτις
3096 784 3129 850 ὴ
3184 783 3396 845 στάσις,
3429 784 3461 853 ἢ
3499 784 3552 836 τί
3585 784 3692 837 καὶ

2100 869 2409 940 πράξαντες
2431 870 2530 940 τὴν
2554 871 2669 941 ἔριν
2699 873 2999 942 ὲπράῦναν,
3027 874 3180 926 οὐδὲν
3209 874 3320 926 οὐδ’
3350 874 3490 936 ὅλως
3515 877 3694 928 ποιεῖ-

2099 979 2189 1015 ται
2220 962 2492 1033 ἐπίδηλον.
2533 961 2660 1036 [309
2701 965 2791 1036 IL]
2825 966 2935 1020 Καὶ
2969 967 3156 1036 σχεδὸν
3217 968 3275 1019 ἐν
3309 961 3392 1030 οἷς
3424 965 3552 1038 [165
3585 967 3691 1040 Η.]

2099 1055 2414 1110 ἐπισκόπων
2436 1056 2574 1129 πρὸς
2593 1058 2858 1128 ἀλλήλους
2881 1058 3207 1128 φιλονεικίαι
3236 1063 3364 1131 περὶ
3395 1061 3696 1130 δογμάτων

2099 1147 2133 1218 ἦ
2167 1147 2295 1218 περί
2341 1165 2503 1202 τινων
2537 1149 2711 1204 ἄλλων
2743 1151 3034 1218 διαφωνίαι
3067 1153 3346 1221 γεγόνασι,
3395 1155 3489 1205 τὸν
3522 1152 3696 1206 αὐτὸν

2100 1239 2200 1308 τῆς
2233 1239 2584 1310 ἐπικρύψεως
2611 1242 2669 1294 ὲν
2700 1244 2767 1313 τῇ
2792 1243 3042 1313 διηγήσει
3068 1244 3239 1297 τύπον
3259 1245 3636 1312 διαφυλάττει.

407 1339 510 1394 bus
543 1335 942 1395 contentiones,
975 1333 1058 1386 vel
1095 1330 1214 1383 alia:
1244 1329 1478 1394 denique
1509 1328 1878 1384 dissensiones
1902 1328 2142 1396 fuerunt,
2169 1331 2417 1387 eumdem
2443 1341 2626 1388 servat
2656 1333 2707 1387 in
2740 1337 3012 1390 narrando
3034 1337 3244 1392 celandi
3279 1339 3519 1395 modmn.

1049 1443 1333 1499 CXXVIII.

883 1539 1105 1593 Luciani
1145 1538 1319 1604 Opera
1355 1537 1521 1591 varia.

481 1635 759 1704 Legttntttr
796 1632 1018 1685 Luciani
1050 1629 1161 1699 (‘27)
1207 1627 1309 1681 Pro
1356 1625 1650 1680 Phalaride
1686 1623 1995 1698 [orationes

408 1727 576 1800 duae],
602 1737 650 1780 et
680 1735 1006 1780 mortuorum
1036 1721 1430 1782 amantiumque
1461 1718 1869 1785 dialogihvarii;
1906 1717 1994 1771 alii

413 1823 536 1873 item
569 1817 798 1871 diversis
836 1817 899 1868 de
930 1815 1088 1868 rebus
1111 1812 1297 1876 libelli,
1329 1812 1379 1864 in
1411 1811 1607 1880 quibus
1635 1809 1746 1864 fere
1771 1809 1999 1875 singulis

413 1916 654 1981 gentium
690 1928 777 1966 res
799 1910 1008 1965 comice
1039 1909 1228 1962 irridet
1260 1925 1274 1962 :
1309 1917 1365 1959 nt
1397 1907 1448 1959 in
1483 1905 1587 1960 diis
1621 1905 1883 1973 ﬁngendis
1912 1921 2000 1957 er-
2036 1868 2074 1924 Β

409 2017 588 2056 rorrm
608 2000 818 2055 illorum
853 2008 1018 2066 atque
1049 1997 1334 2050 amentiam
1359 2013 1374 2060 ;
1403 1995 1454 2048 in
1481 1995 1757 2048 libidinem
1779 2004 2000 2063 praetcr-

407 2108 469 2151 οι
502 2093 909 2147 immoderatum
963 2091 1220 2157 impetum
1274 2096 1437 2156 atque
1495 2089 1999 2153 intemperantiam;

416 2196 697 2254 poetarum
748 2184 874 2238 item
931 2182 1072 2252 apud
1125 2182 1270 2250 ipsos
1313 2181 1654 2250 prodigiosas
1720 2179 2002 2247 opiniones

413 2295 474 2330 ac
507 2277 774 2340 ﬁctiones,
826 2277 1060 2343 indeque
1103 2287 1285 2325 natum
1314 2272 1364 2325 in
1406 2272 1678 2338 republica
1711 2285 1953 2324 errorem
1984 2287 1998 2336 ;

410 2369 638 2438 reliquae
681 2368 843 2420 etiam
871 2367 993 2418 vitae
1029 2366 1428 2420 inconstantem
1451 2380 1666 2416 cursum
1716 2374 1877 2433 atque
1914 2378 2004 2415 ca-

412 2475 506 2513 sus
541 2476 553 2512 :
593 2459 1035 2528 philosophorum
1087 2457 1154 2509 ad
1209 2458 1323 2510 lucc
1358 2455 1598 2524 ipsorum
1641 2453 1780 2507 fastu
1812 2455 2001 2522 plenos

414 2567 614 2612 mores.
647 2551 736 2619 qui
763 2549 975 2604 nonnisi
1002 2549 1249 2618 lictarum
1294 2547 1648 2614 inanimnque
1686 2546 1998 2614 opinionum

411 2644 601 2698 referti
621 2643 764 2707 sint;
792 2642 1025 2710 denique
1047 2649 1236 2710 gentes
1253 2649 1507 2706 tanquam
1530 2654 1624 2708 per
1652 2638 2001 2699 comoediam,

412 2735 492 2788 uti
548 2735 805 2795 diximus,
849 2732 1085 2801 pedestri
1140 2733 1487 2799 numerisque
1539 2729 1713 2782 soluta
1755 2728 2002 2781 oratione

413 2828 645 2882 irridere
680 2830 858 2881 studio
906 2827 978 2879 illi
1021 2827 1138 2880 fuit.
1203 2825 1280 2878 Ex
1312 2839 1500 2878 eorum
1562 2831 1743 2876 autem
1778 2834 2004 2874 numero

416 2935 536 2972 esse
557 2919 788 2978 videtur.
814 2919 904 2988 qui
933 2917 1064 2970 nihil
1087 2917 1308 2969 omnino
1329 2917 1462 2969 certi
1495 2915 1846 2982 pronuntiant
1865 2912 1998 2982 (‘22).

415 3013 658 3065 Aliorum
695 3013 840 3065 ettim
869 3011 1240 3080 perstringens
1262 3019 1424 3077 atque
1443 3008 1676 3061 irridens
1699 3007 2001 3075 opiniotn-s,

418 3105 532 3171 ipse
550 3104 674 3172 quid
703 3104 906 3156 sentiat
946 3113 1086 3156 tacet
1123 3121 1136 3155 :
1173 3102 1274 3154 nisi
1315 3102 1437 3170 quis
1486 3103 1624 3152 banc
1660 3099 1806 3152 illius
1839 3098 2005 3151 fuisse

2817 1449 2999 1507 PKII'.

2462 1539 2801 1593 Λουκιανοῦ
2841 1541 3113 1611 διάφοροι
3135 1548 3328 1615 λόγοι.

2189 1627 2528 1698 Ἀνεγνώσθη
2553 1633 2851 1686 Λουκιανοῦ
2871 1635 2885 1652 ⁹
2898 1636 3052 1702 Υπὲρ
3081 1640 3439 1708 Φαλάριδος,
3459 1644 3554 1696 καὶ⁵
3574 1647 3703 1699 Νε-

2105 1723 2296 1788 κρικοὶ
2330 1724 2423 1774 καὶ
2452 1720 2769 1791 Ἐταιρικοὶ
2802 1725 3070 1797 διάλογοι
3100 1731 3366 1802 διάφοροι,
3393 1735 3486 1787 καὶ
3509 1737 3704 1808 ἕτεροι

2105 1811 2380 1882 διαφόρων
2411 1814 2725 1869 ὑποθέσεων
2753 1817 2927 1885 λόγοι,
2960 1822 3017 1873 ὲν
3049 1819 3131 1886 οἷς
3188 1825 3377 1895 σχεδὸν
3405 1827 3579 1882 ἆπασι
3619 1830 3703 1883 τὰ

2121 1901 2392 1973 Ἑλλήνων
2423 1906 2680 1974 κωμῳδεί
2707 1949 2720 1972 ,
2756 1910 2856 1980 τήν
2884 1927 2945 1962 τε
2975 1911 3074 1979 τῆς
3106 1913 3471 1981 θεοπλαστίας
3504 1920 3700 1972 αὐτῶν

2105 1993 2317 2063 πλάνην
2345 1997 2441 2048 καὶ
2469 1998 2682 2068 μωρίαν
2710 2000 2803 2052 καὶ
2847 2002 2946 2072 τὴν
2993 2005 3073 2067 είς
3125 2006 3418 2075 ἀσέλγειαν
3455 2010 3706 2080 ἄσχετον

2105 2086 2282 2155 ὁρμὴν
2322 2087 2413 2140 καὶ
2444 2091 2738 2160 ἀκρασίαν,
2800 2095 2896 2145 καὶ
2941 2096 3047 2149 τῶν
3095 2100 3338 2170 ποιητῶν
3376 2103 3554 2157 αὐτῶν
3588 2104 3707 2168 τὰς

2104 2180 2432 2251 τερατώδεις
2459 2182 2618 2250 δόξας
2649 2187 2744 2238 καὶ
2771 2187 3128 2257 ἁναπλάσεις,
3177 2196 3270 2245 καὶ
3312 2195 3406 2248 τὸν
3437 2197 3708 2251 ἐντεῦθεν

2106 2271 2306 2326 πλάνον
2339 2259 2438 2340 τῆς
2474 2276 2772 2341 πολιτείας,
2811 2280 2907 2331 καὶ
2934 2281 3030 2334 τοῦ
3061 2282 3221 2336 ἄλλου
3251 2284 3368 2355 βίου
3401 2287 3500 2358 τὴν
3544 2288 3705 2341 ἀνώ-

2108 2363 2277 2432 μαλον
2325 2369 2631 2436 περιφορὰν
2689 2371 2786 2422 καὶ
2836 2371 2938 2434 τὰς
2983 2375 3380 2444 περιπτώσεις,
3427 2378 3525 2432 καὶ
3577 2379 3706 2433 τῶν

2105 2453 2412 2522 φιλοσόφων
2456 2456 2636 2510 αὐτῶν
2686 2460 2748 2511 τὸ
2793 2459 3134 2530 φιλόκομπον
3180 2461 3313 2534 ἦθος
3370 2469 3466 2519 καὶ
3521 2470 3707 2538 μηδὲν

2107 2539 2238 2594 ἄλλο
2287 2540 2426 2611 πλὴν
2461 2543 2808 2614 ὑποκρίσεως
2848 2550 2942 2600 καὶ
2987 2549 3162 2602 κενῶν
3198 2550 3556 2621 δοξασμάτων
3595 2573 3703 2624 με-

2107 2633 2262 2686 στόν’
2295 2636 2392 2688 καὶ
2440 2637 2650 2702 ἁπλῶς,
2683 2638 2757 2702 ὡς
2784 2639 3015 2710 ἔφημεν,
3059 2645 3322 2714 κωμῳδία
3357 2647 3466 2699 τῶν
3503 2647 3703 2719 Ἐλλή-

2104 2743 2210 2779 νων
2245 2729 2394 2780 ὲστὶν
2425 2729 2574 2797 αὐτῷ
2604 2733 2636 2801 ἡ
2673 2733 2878 2802 σπουδὴ
2909 2735 2967 2785 ὲν
3010 2734 3154 2805 λόγῳ
3195 2736 3367 2806 πεζῷ.
3406 2739 3592 2791 Ἐοικε
3630 2740 3694 2793 δὲ

2103 2820 2264 2883 αὐτὸς
2292 2823 2401 2874 τῶν
2436 2824 2602 2895 μηδὲν
2626 2825 2763 2887 ὅλως
2792 2827 3207 2896 πρεσϐευόντων
3240 2825 3382 2883 εἶναι
3405 2847 3418 2860 ·
3451 2832 3550 2894 τὰς
3579 2833 3692 2901 γὰρ

2104 2912 2278 2965 ἄλλων
2330 2915 2608 2985 κωμῳδῶν
2655 2919 2747 2969 καὶ
2791 2919 3099 2984 διαπαίζων
3146 2921 3326 2988 δόξας,
3390 2923 3554 2988 αὐτὸς
3619 2926 3695 2996 ἢν

2107 3000 2311 3065 θειάζει
2339 3005 2400 3055 οὐ
2437 3007 2644 3076 τίθησι,
2677 3008 2818 3079 πλὴν
2849 3009 2904 3061 εί
2928 3028 3014 3074 τις
3061 3012 3229 3065 αὑτοῦ
3263 3014 3422 3080 δόξαν
3473 3018 3590 3085 ἐρεῖ
3630 3018 3699 3071 τὸ

2110 3095 2275 3162 μηδὲν
2322 3097 2589 3162 δοξάζειν.
2618 3100 2730 3169 Τὴν
2795 3103 2978 3172 μέντοι
3025 3103 3228 3174 φράσιν
3257 3106 3407 3158 ἐστὶν
3443 3107 3696 3177 ἄριστος,

416 3206 624 3250 certam
687 3197 996 3261 Opinionem
1047 3193 1360 3256 contendat.
1426 3193 1563 3249 nihil
1603 3208 1724 3247 esse
1753 3199 1904 3246 certo
1935 3191 2002 3242 de

2108 3185 2250 3250 λέξει
2296 3188 2526 3259 εὐσήμῳ
2574 3207 2632 3242 τε
2679 3193 2771 3244 καὶ
2802 3194 2967 3263 κυρίᾳ
3010 3196 3103 3246 καὶ
3130 3194 3208 3264 τῷ
3256 3197 3544 3265 ἐμφατικῷ
3575 3199 3700 3251 δια-

415 3292 578 3344 rebus
626 3288 747 3344 ullis
795 3289 1166 3344 statuentlum.
1231 3289 1310 3342 Ad
1353 3289 1552 3357 stylum
1608 3287 1751 3355 quod
1785 3287 2001 3346 attinet,

417 3387 576 3454 longe
607 3383 1120 3453 optimuszdictione
1142 3395 1272 3433 usus
1306 3378 1646 3447 signiﬁcante
1675 3391 1739 3429 ac
1761 3375 2002 3445 propria,

418 3491 646 3543 qmeque
676 3476 863 3529 eliicax
895 3459 1106 3527 dicendi
1155 3488 1326 3542 genus
1357 3473 1564 3525 deceat.
1633 3467 2005 3522 Distinctionis

420 3567 606 3621 adhrec
646 3577 810 3635 atque
859 3567 1134 3633 puritatis,
1194 3578 1345 3630 a-qne
1399 3573 1457 3615 ttt
1507 3561 1908 3629 perspicuitatis
1953 3570 2006 3613 et

419 3671 557 3728 apta:
607 3659 1013 3730 magnitudinis,
1074 3659 1118 3711 si
1163 3657 1286 3726 quis
1332 3655 1470 3710 alius
1504 3655 1873 3723 perstudiosus
1904 3663 2003 3707 est.

419 3751 880 3817 Compositionetn
941 3763 1156 3817 quoque
1206 3747 1340 3800 adeo
1370 3746 1656 3800 commode
1695 3746 2024 3808 concinnat,‘

420 3843 674 3896 utlector
721 3843 906 3896 credat
937 3858 1042 3894 non
1075 3855 1132 3894 se
1179 3839 1453 3892 orationes
1486 3837 1683 3905 legere,
1730 3836 1870 3907 96b
1917 3835 2011 3890 sed

414 3934 715 4003 jucundum
764 3934 979 4004 aliquod
1028 3949 1272 3992 carmen,
1325 3931 1444 3984 sine
1505 3929 1792 3983 manifesm
1825 3940 2009 3992 cantu,

420 4025 756 4078 audientium
796 4025 1019 4078 auribus
1046 4024 1327 4078 instillari.
1387 4021 1507 4076 Uno
1541 4023 1730 4084 verbo,
1765 4032 1819 4074 ιιι
1855 4037 2014 4089 τομεο

420 4126 558 4179 tam,
589 4118 975 4170 venustissima
1011 4117 1128 4181 ejus
1158 4117 1332 4168 oratiu
1363 4126 1464 4178 cst,
1489 4129 1586 4168 nec
1608 4114 1742 4166 satis
1760 4111 2014 4178 subjectae

421 4207 503 4262 rei
535 4208 757 4274 decens,
806 4223 968 4277 quam
1022 4207 1110 4261 ille
1137 4207 1302 4261 voluit
1338 4205 1566 4259 ridendo
1603 4204 1809 4259 ludere.
1859 4205 2012 4270 Quod

2111 3277 2398 3348 πρεπούσῃ
2433 3282 2795 3350 κεχρημένος,
2820 3283 3132 3352 εὐκρινείας
3164 3301 3221 3336 τε
3253 3287 3347 3337 καὶ
3375 3286 3696 3357 καθαρότη-

2103 3387 2196 3432 τος
2229 3371 2367 3437 μετὰ
2399 3372 2492 3424 τοῦ
2542 3371 2797 3443 λαμπροῦ
2830 3375 2924 3426 καὶ
2971 3375 3289 3447 συμμέτρου
3324 3377 3608 3446 μεγέθους,
3639 3378 3700 3432 εἴ

2105 3477 2189 3522 τις
2222 3461 2402 3531 ἄλλος,
2448 3465 2704 3534 ἐραστής.
2760 3466 3012 3534 Συνθήκη
3049 3485 3107 3519 τε
3141 3467 3289 3538 αὐτῷ
3317 3468 3491 3531 οὕτως
3515 3470 3695 3539 ἥρμο-

2111 3573 2257 3621 σται,
2289 3557 2429 3611 ὥστε
2459 3560 2639 3613 δοκεῖν
2667 3562 2758 3613 τὸν
2785 3563 3236 3631 ἀναγινώσκοντα
3271 3566 3344 3635 μὴ
3377 3565 3570 3634 λόγους
3602 3567 3688 3620 λέ-

2108 3665 2245 3716 γειν,
2273 3649 2408 3703 ἀλλὰ
2445 3651 2603 3717 μέλος
2621 3652 2667 3683 9⁸
2695 3670 2746 3704 τι
2779 3655 3013 3722 τερπνὸν
3044 3656 3214 3724 χωρὶς
3245 3657 3526 3725 ἐμφανοῦς
3546 3658 3684 3728 ᾠδῆς

2109 3742 2220 3802 τοῖς
2251 3739 2385 3792 ὠσὶν
2433 3743 2828 3807 ὲναποστάζειν
2867 3745 2976 3799 τῶν
3020 3747 3330 3818 ἀκροατῶν.
3380 3749 3493 3803 Καὶ
3530 3749 3673 3813 ὅλως,

2110 3830 2300 3901 ὥσπερ
2331 3832 2565 3904 ἔφημεν,
2610 3837 2834 3904 ἄριστος
2866 3839 2893 3890 ὁ
2926 3836 3084 3904 λόγος
3129 3837 3278 3906 αὐτῷ
3325 3839 3421 3891 καὶ
3468 3841 3527 3892 οὐ
3557 3839 3683 3909 πρέ-

2109 3941 2228 3977 πων
2256 3926 2599 3991 ὑποθέσεσιν,
2633 3928 2698 3990 ﬁ;
2729 3929 2892 3992 αὐτὸς
2931 3928 3072 3997 ἔγνω
3105 3931 3202 3984 σὺν
3233 3930 3309 3999 τῷ
3342 3932 3534 4001 γελοίῳ
3581 3933 3691 3984 δια-

2111 4018 2321 4082 παῖξαι.
2357 4020 2478 4072 Ὅτι
2507 4020 2562 4072 δὲ
2592 4021 2754 4082 αὐτὸς
2798 4022 2906 4075 τῶν
2941 4023 3108 4092 μηδὲν
3156 4018 3225 4094 ἦν
3271 4023 3408 4087 ὅλως
3448 4025 3694 4089 δοξαζόνι-

2109 4129 2240 4170 των,
2291 4111 2386 4164 καὶ
2428 4111 2490 4164 τὸ
2533 4114 2634 4180 τῆς
2682 4113 2864 4183 βίϐλου
2915 4115 3249 4188 ἐπίγραμμα
3295 4116 3512 4172 δίδωσιν
3563 4119 3695 4171 ὑπο-

2112 4203 2442 4270 λαμϐάνειν⁹
2474 4203 2589 4274 ἔχει
2622 4206 2732 4276 γὰρ
2765 4201 2866 4259 ὧδε

420 4311 602 4357 autem
626 4303 693 4356 de
716 4303 785 4357 iis
807 4318 944 4357 unus
968 4303 1079 4370 ipse
1105 4303 1290 4364 fuerit,
1309 4301 1399 4371 qui
1427 4301 1558 4354 nihil
1580 4309 1732 4354 certo
1751 4308 2080 4364 assererent,
2105 4301 2187 4352 vel
2207 4300 2342 4352 libro
2364 4301 2684 4369 inscriptam
2708 4304 2810 4356 hoc
2827 4303 3158 4371 epigramma
3179 4307 3310 4360 satis
3333 4307 3604 4362 ostendit:

424 4413 630 4480 Scripsi
661 4412 771 4466 Ita'c
805 4412 1069 4466 Lucianus
1099 4414 1260 4479 prisci
1287 4414 1544 4477 stultique
1572 4412 1772 4477 peritus
1795 4425 1814 4463 :

535 4483 710 4538 Stulta
737 4486 952 4543 etenim,
977 4483 1129 4550 vulgo
1158 4484 1358 4535 credita
1385 4485 1541 4535 docta
1574 4494 1768 4534 tamen.

420 4556 562 4624 Ergo
590 4555 662 4606 nil
688 4554 959 4606 hominum
989 4563 1128 4606 certo
1162 4569 1304 4624 mens
1335 4555 1573 4624 concipit
1593 4568 1822 4622 unquam
1850 4568 1870 4617 ;

531 4625 623 4678 Ast
649 4629 786 4693 quod
819 4625 1054 4688 miraris,
1089 4622 1372 4675 ridiculum
1399 4633 1476 4676 est
1503 4621 1646 4676 aliis.

1101 4715 1340 4770 CXXIX.

729 4807 885 4862 Lucii
917 4806 1190 4860 Patrensis
1227 4806 1694 4872 Metamorphoses.

500 4905 677 4959 Lectm
732 4914 861 4956 sunt
917 4901 1070 4954 Lucii
1126 4899 1405 4953 Patrensis
1465 4897 2014 4966 Transformationum

428 4998 760 5051 narrationes
790 4995 972 5048 variae.
1011 4994 1187 5047 Dictio
1235 4992 1354 5058 ejus
1382 4991 1555 5054 clara,
1609 5007 1741 5058 pura
1801 4999 1854 5044 et
1888 4990 2008 5043 dul-

428 5091 622 5144 cediue
645 5089 923 5142 delectans
951 5104 964 5140 :
997 5085 1212 5154 fugiens
1243 5099 1373 5136 vero
1404 5082 1664 5136 orationis
1690 5083 2008 5144 novitatem,

428 5196 588 5246 supra
619 5181 837 5235 modum
871 5179 1211 5248 prodigiosas
1255 5185 1602 5230 consectatur
1653 5174 2012 5237 narrationes,

2117 4413 2452 4486 Λουκιανὸς
2471 4413 2600 4486 τάδ’
2621 4413 2878 4486 ἔγραψα,
2901 4415 3132 4468 παλαιά
3153 4433 3217 4469 τε
3231 4418 3400 4486 μωρά
3429 4435 3492 4472 τε
3506 4417 3696 4483 εἰδῶς’

2189 4484 2366 4549 Μωρὰ
2393 4485 2502 4551 γὰρ
2529 4483 2867 4550 ἀνθρώποις
2894 4487 2988 4537 καὶ
3017 4488 3089 4539 τὰ
3115 4483 3418 4541 δοκοῦιῗοτα
3439 4490 3620 4551 σοςρά.

2110 4546 2305 4628 autem}
2324 4546 2791 4628 ῲίάιοθρώῖὶοιᾳι
2812 4546 3122 4623 διακριδόν
3158 4558 3290 4610 ἐστι
3319 4546 3554 4628 νόημαν·

2202 4623 2359 4677 Ἀλλ’
2387 4624 2418 4676 ὃ
2445 4625 2527 4677 σὺ
2553 4624 2887 4694 θαυμάζεις,
2927 4628 3088 4682 τοῦθ’
3119 4628 3376 4696 ἑτέροισι
3413 4623 3621 4700 ⁸γέλως.

2813 4719 2970 4772 ΡΚΘ¹

2241 4805 2504 4859 Λουκίου
2541 4807 2814 4874 Πατρέως
2845 4812 3372 4881 Μεταμορφώσεων
3399 4816 3590 4884 λόγοι.

2200 4897 2541 4968 Ἀνεγνώσθη
2561 4900 2793 4954 Λουκίου
2825 4903 3088 4972 Πατρέως
3111 4908 3640 4976 Μεταμορφώσεων
3653 4909 3700 4939 ’³

2117 4987 2268 5056 λόγοι
2293 4991 2564 5058 διάφοροι.
2614 4994 2769 5046 Ἔστι
2811 4994 2868 5048 δὲ
2904 4997 3002 5064 τὴν
3051 4999 3252 5068 φράσιν
3279 5002 3456 5069 σαφής
3504 5016 3564 5052 τε
3605 4999 3703 5052 καὶ

2122 5084 2359 5154 καθαρὸς
2408 5086 2503 5137 καὶ
2548 5085 2699 5152 φίλος
2741 5086 3112 5158 γλυκύτητος*
3157 5092 3377 5158 φεύγων
3427 5092 3484 5143 δὲ
3515 5093 3612 5161 τὴν
3641 5093 3702 5144 ὲν

2121 5174 2302 5240 λόγοις
2357 5177 2728 5245 καινοτομίαν,
2776 5181 2856 5242 εἰς
2904 5178 3210 5251 ὑπερϐολὴν
3265 5180 3454 5235 διώκει
3505 5181 3603 5252 τὴν
3643 5183 3704 5233 ὲν

1744 5308 1984 5365 νΑιιιΑε]
2029 5307 2441 5363 ΙλῘίΟῚῚΟῩξΕΞ.

467 5399 479 5406 “
508 5409 553 5440 ⁹⁶
584 5409 706 5463 libri
745 5408 988 5476 λέγεται.
1067 5407 1112 5438 ⁹⁷
1139 5407 1166 5458 ὁ
1199 5414 1253 5459 et
1285 5405 1422 5459 infra
1452 5406 1604 5459 οὐδὲν
1633 5406 1757 5460 add.
1792 5406 1853 5457 A.

1931 5405 1976 5435 93
2005 5404 2170 5472 μέρος
2204 5421 2264 5467 ς.

2345 5403 2389 5434 ⁹⁹
2421 5403 2902 5474 μεταμορφώσεως
2929 5421 2991 5470 ς.

1946 5538 2179 5593 NOTAE.

513 5632 624 5698 (20)
660 5634 825 5698 Cujus
854 5636 1018 5687 vitam
1053 5635 1178 5687 infr.
1216 5633 1330 5694 lege
1363 5621 1482 5686 coil.
1522 5631 1647 5686 953.

509 5707 619 5767 (21)
665 5705 936 5757 Videndus
970 5707 1033 5757 de
1067 5707 1165 5755 huc
1194 5704 1464 5768 scriptore
1498 5701 1694 5754 Suidas
1718 5701 1936 5769 aliique.

515 5775 627 5845 (29.)
667 5774 863 5840 Quales
894 5774 1176 5844 I’yrrbouii
1201 5785 1253 5829 ct
1277 5772 1610 5829 Academici.
1643 5773 1856 5842 utrique
1888 5774 2012 5826 hinc

2124 5631 2407 5683 σκεπτικοὶ
2428 5630 2523 5683 καὶ
2556 5633 2882 5701 ἀπορητιγοὶ
2923 5633 3172 5700 appellati
3234 5633 3505 5688 Videndus
3543 5636 3702 5702 Agel-

2121 5703 2224 5754 lnts
2250 5703 2344 5758 lib,
2387 5719 2445 5773 ιι,
2481 5718 2600 5769 cap.
2631 5703 2682 5764 5,
2705 5717 2753 5754 ct
2792 5705 2937 5768 Diog.
2967 5703 3105 5756 Laer
3135 5745 3148 5758 .
3177 5707 3228 5757 in
3255 5705 3552 5773 Pyrrhone.
3577 5713 3700 5759 Sex.

2121 5788 2341 5842 quoque
2378 5772 2685 5842 Empiricus
2730 5773 2780 5828 itt
2820 5773 3253 5844 llypotyposibus
3294 5772 3701 5848 Pyrrltoniams.
