4062 6456
466 357 580 423 415

1559 365 1830 427 PHOTII
1869 363 2386 430 PATRIARCH/E
2425 372 2537 435 CP.

3653 377 3810 445 416·

470 485 600 528 ante
623 472 801 542 ipsum
831 470 900 527 de
925 471 1236 529 Alexandro
1277 473 1634 541 scripserunt.
1678 474 1849 530 Tenui
1893 485 2065 546 atque

2175 484 2298 553 περὶ
2332 484 2520 548 αὑτοῦ,
2555 486 2730 556 ἀτόνῳ
2783 477 2850 540 δὲ’
2876 488 2971 542 καὶ
3017 488 3229 561 ἐκλύτῳ
3260 493 3574 566 χαρακτῆρι
3624 494 3770 565 χρῆ-

470 563 674 617 eIumbi
707 576 840 618 usus
862 574 946 618 est
975 564 1186 617 dicendi
1223 579 1442 632 genere.
1496 563 1606 618 Etsi
1643 573 1822 618 autem
1854 569 2065 638 perspi-

2179 591 2272 627 ται
2301 573 2345 628 ⁸.
2403 575 2510 629 Τοῦ
2547 578 2730 646 μέντοι
2768 580 2974 648 σαφοῦς
3032 582 3093 634 ού
3147 582 3450 649 διαπίπτει,
3504 563 3678 640 ἑωλλά
3708 585 3768 639 δὲ

475 659 682 714 cuitate
705 676 809 714 non
836 670 1002 722 caret,
1036 661 1266 730 plurima
1296 671 1474 715 tamen
1506 663 1812 717 necessaria
1838 674 2068 733 praeter-

473 749 658 805 Inittit.

544 841 778 913 Scripsit
839 844 1007 908 idem,
1090 861 1213 898 cum
1273 847 1412 900 alios
1469 861 1574 899 non
1625 845 1785 901 unius
1849 847 2068 915 generis

472 935 670 998 libros,
738 947 850 990 tum
910 938 1042 991 vita:
1090 939 1322 992 invicem
1381 948 1766 1007 comparatas;
1826 949 1883 993 ut
1946 939 2070 993 Dio-

473 1029 613 1096 nysii
669 1039 723 1082 et
761 1028 1077 1097 Domitiani,
1137 1031 1292 1085 libris
1349 1033 1608 1098 duobus;
1659 1031 1891 1101 Philippi
1928 1047 2065 1102 quo-

473 1136 581 1188 que
629 1120 984 1176 Macedonum
1033 1124 1176 1193 regis
1216 1134 1270 1176 et
1301 1124 1552 1192 Augusti,
1619 1125 1774 1178 libris
1824 1125 2066 1181 totidem.

473 1212 672 1268 Fertur
696 1215 939 1282 ejusdem
974 1225 1030 1268 et
1049 1218 1113 1270 ile
1162 1214 1521 1286 Olympiadis,
1548 1216 1846 1272 Alexandri
1879 1219 2069 1272 matris

486 1303 609 1358 Vita
638 1307 778 1361 liber
809 1307 1123 1377 singularis.

1017 1398 1553 1455 CXXXII-CXXXV.

642 1485 906 1554 Palladii,
933 1490 1241 1557 Aphthonii,
1287 1491 1522 1557 Eusebii,
1559 1503 1610 1546 et
1651 1491 1876 1548 Maximi

1043 1559 1201 1612 Decla
1211 1564 1489 1615 "taliones.

546 1648 727 1705 Lectae
773 1662 902 1705 sunt
926 1649 1149 1705 Palladii
1183 1652 1295 1723 (26)
1333 1655 1606 1724 Sophiste!
1643 1655 2069 1712 Declamationes

473 1745 660 1807 variae,
702 1743 1005 1812 Apbtliouii
1063 1746 1176 1816 (27)
1211 1762 1425 1817 quoque
1477 1757 1532 1802 et
1571 1747 1784 1802 Eusebii
1820 1749 1932 1820 (28)
1969 1752 2069 1806 So-

477 1835 777 1901 phistarum
801 1876 816 1901 ,

476 1921 678 1978 Verum
750 1935 977 1980 czeteros
1017 1927 1292 1982 Palladius
1344 1928 1495 1982 omni
1556 1929 1774 1985 dicendi
1833 1933 2066 1988 artilicio

475 2019 661 2073 multis
685 2019 930 2087 partibus
959 2022 1260 2090 superavit.

1132 2112 1420 2168 CXXXVI.

993 2205 1182 2276 Cyrilli
1231 2207 1504 2263 Thesauri.

550 2295 829 2366 Leguutur
855 2298 1041 2370 Cyrilli
1073 2299 1350 2352 Thesauri.
1389 2300 1818 2368 Epiclierematis
1833 2301 2066 2357 refertus

475 2400 561 2446 est
589 2391 743 2453 liber,
793 2402 1104 2461 pugnatque
1140 2394 1312 2447 valide
1373 2410 1436 2448 ac
1484 2397 1634 2449 varie
1679 2411 1801 2450 cum
1833 2396 1948 2450 Arii
2010 2407 2066 2449 et

477 2481 728 2536 Eunomii
755 2482 1045 2538 furibunda
1083 2486 1250 2540 rabie.
1313 2487 1523 2539 Etenim
1589 2497 1643 2541 et
1674 2487 1859 2558 logicis
1902 2503 2066 2557 argu-

476 2576 672 2629 mentis
701 2577 980 2644 sapienter
1010 2577 1224 2631 illorum
1257 2579 1483 2633 destruit
1518 2581 1834 2644 amentiam,
1869 2580 2064 2647 quibus

475 2664 602 2718 dum
626 2680 793 2719 sacra:
818 2667 1110 2736 Scriptura:
1139 2668 1381 2722 annectit
1406 2670 1705 2738 attexitque
1734 2670 2061 2735 testimonia,

474 2772 637 2826 quam
670 2758 742 2811 sit
775 2758 860 2811 illa
887 2759 1126 2814 doctrina
1166 2759 1332 2813 futilis
1361 2761 1508 2815 omni
1533 2770 1770 2828 exparte
1799 2762 2059 2830 divulgat.

472 2849 710 2903 Adliibet
765 2849 906 2903 idem
955 2853 1096 2904 nuda
1129 2867 1345 2921 quoque
1371 2867 1541 2906 sacra:
1576 2852 1876 2922 Scriptura:
1910 2856 2066 2909 testi-

477 2942 680 3008 monia,
720 2952 778 2995 ut
806 2957 912 3009 quo
942 2958 1002 2996 se
1034 2941 1260 2998 fastuosi
1294 2953 1528 3008 vertant,
1568 2946 1778 3012 obsepti
1825 2945 2064 3014 undique

475 3043 642 3103 atque
667 3035 933 3096 conclusi.
961 3051 1067 3088 non
1101 3035 1470 3091 habeant.Est
1496 3048 1676 3093 autem
1712 3039 1852 3092 inter
1881 3039 2064 3094 omnia

474 3127 596 3197 ejus
629 3128 832 3196 scripta
860 3127 997 3181 liber
1016 3129 1104 3182 hic
1138 3129 1374 3183 maxime
1409 3130 1750 3198 perspicuus,
1806 3131 1874 3185 iis
1899 3131 2065 3198 potis-

474 3220 700 3282 simum,
720 3219 810 3288 qui
829 3219 1124 3290 Iogicorum
1143 3228 1594 3291 argumentorum
1620 3237 1837 3277 sensum
1870 3236 2065 3291 capere

474 3319 724 3382 possunt.

1120 3403 1426 3460 CXXXVII.

890 3494 1140 3550 Eunomii
1165 3498 1398 3551 Iiwretici
1424 3498 1656 3552 libellus.

551 3583 678 3657 Legi
711 3585 954 3642 libellum
1003 3589 1252 3642 Eunomii
1286 3589 1424 3660 (29),
1456 3604 1563 3659 qun
1591 3588 1735 3660 97b
1766 3604 1918 3645 suam
1952 3590 2068 3661 ipse

475 3679 659 3745 prodit
710 3679 1068 3749 impietatem,
1100 3680 1254 3748 cujus
1288 3680 1378 3736 hic
1423 3681 1611 3735 titulus
1800 3681 2064 3737 Libellum

481 3769 650 3836 hunc,
690 3772 832 3839 quod
883 3771 1237 3826 Eunoniianis
1288 3772 1344 3826 in
1393 3771 1756 3826 admiratione
1792 3781 1956 3837 esset,
1998 3772 2067 3827 de

478 3861 768 3929 industria,
813 3879 882 3918 ne
934 3864 1000 3917 ad
1043 3864 1178 3918 alios
1227 3864 1556 3932 perveniret,
1598 3864 1928 3918 occultatum
1975 3865 2065 3918 vix

481 3953 700 4010 tandem
753 3966 944 4012 nactus
988 3957 1219 4012 Basilius
1254 3974 1506 4030 magnus,
1552 3957 1771 4015 l'ortiter
1810 3975 1933 4014 eum
2003 3975 2066 4014 ac

480 4047 781 4116 splendide,
806 4065 1132 4119 omnemque
1157 4052 1294 4106 adeo
1321 4051 1551 4106 dicendo
1581 4053 1686 4104 vim
1733 4066 1799 4105 ac
1836 4051 2067 4107 faculta-

481 4147 590 4192 tem
639 4143 961 4210 pervadens,
1015 4144 1214 4198 evertit
1269 4159 1334 4199 ac
1365 4143 1658 4214 jugulavit.
1695 4142 1916 4199 Diceres
1941 4161 2062 4198 eum

480 4230 866 4304 Babylonicum
926 4234 1188 4291 infantem
1248 4237 1314 4290 ad
1386 4237 1599 4290 ﬁrmam
1656 4235 1780 4291 ﬁdei
1855 4245 2064 4306 petram

480 4325 754 4380 allidendo
783 4329 1120 4393 contudisse,
1140 4344 1202 4382 ac
1227 4329 1396 4398 putidi
1439 4329 1721 4384 cadaveris
1757 4329 1928 4382 instar
1955 4328 2065 4382 risu

480 4419 700 4488 dignum
749 4421 1072 4488 ostendisse,
1106 4424 1251 4491 quod
1286 4431 1490 4475 tantam
1527 4431 1685 4476 antea
1711 4422 1795 4475 sui
1825 4420 2066 4475 admira-

481 4510 678 4564 tionem
711 4513 1034 4568 concitarat.

1100 4605 1436 4662 CXXXVIII.

479 4691 735 4763 Ejusdem
768 4694 1022 4776 Eunomii
1053 4699 1405 4776 ReIulationis
1532 4701 1724 4776 Basilii
1771 4705 1950 4776 magni
1990 4704 2062 4760 li-

894 4771 974 4822 bri
998 4785 1084 4828 ιιι.
1113 4769 1252 4826 Item
1283 4772 1540 4841 Epistolae
1567 4773 1681 4828 XL.

550 4913 772 4972 Lectum
820 4920 1061 4990 ejusdem
1102 4923 1252 4992 impii
1305 4925 1540 4981 hominis
1577 4935 1687 4981 tres
1727 4925 1896 4983 libros
1931 4943 2064 4983 con-

479 5009 658 5064 tinens
712 5012 983 5079 volumen,
1023 5018 1166 5085 quod
1198 5017 1344 5072 velut
1386 5017 1684 5074 confutatio
1731 5029 1816 5076 est
1859 5021 2068 5075 illarum

2179 668 2288 720 τῶν
2321 669 2642 737 ἀναγκαίων
2683 674 3121 744 παραλιμπάνει.

2263 847 2322 902 '0
2347 850 2510 912 αὐτὸς
2539 851 2595 903 δὲ
2618 853 2711 905 καὶ
2733 852 2956 924 ἑτέρους
2985 853 3176 921 λόγους
3206 852 3415 924 ἔγραψε
3447 854 3764 924 διαφόρους,

2181 942 2276 995 καὶ
2305 943 2742 1012 παραλλήλους
2774 945 3035 1014 συνέθηκε
3054 947 3255 1012 βίους,
3275 946 3466 1017 ὥσπερ
3488 950 3766 1000 Διονυσίου

2179 1036 2277 1088 καὶ
2305 1036 2626 1104 Δομιτιανοῦ
2651 1038 2671 1068 ⁸
2711 1038 2768 1088 ὲν
2799 1037 2922 1089 δυσὶ
2953 1037 3153 1106 λόγοις,
3183 1039 3452 1092 Φιλίππου
3478 1057 3536 1091 τε
3569 1041 3766 1093 Μακε-

2175 1126 2345 1178 δόνων
2373 1127 2468 1178 καὶ
2514 1126 2827 1194 Αὐγούστου
2881 1129 2940 1179 ὲν
2973 1129 3182 1197 ἑτέροις
3216 1129 3387 1183 δυσίν.
3425 1131 3548 1182 Ἔτι
3588 1130 3645 1182 δὲ
3672 1133 3768 1182 καὶ

2179 1222 2320 1288 Περὶ
2354 1218 2754 1288 Ὀλυμπιάδος
2811 1224 2912 1292 τῆς
2957 1222 3310 1293 Ἀλεξάνδρου
3350 1223 3558 1294 μητρὸς
3607 1222 3772 1292 λόγον

2180 1309 2424 1380 ἔγραψεν

2777 1403 3128 1458 PAB'-PAE'.

2176 1492 2528 1548 Παλλαδίου
2557 1495 2882 1563 σοφιστοῦ,
2934 1496 3274 1563 Ἀφθονίου,
3314 1497 3636 1562 Eoo-36101),
3667 1499 3767 1552 καὶ

2673 1566 2949 1633 Μαξίμου
2990 1566 3268 1620 Μελέτιιι.

2248 1654 2698 1726 Ἀνεγνὼσθησαν
2735 1658 3031 1712 Παλλαδίου
3058 1660 3313 1730 σοφιστοῦ
3345 1659 3609 1714 Maurae
3637 1659 3766 1714 διά-

2176 1752 2489 1819 φοροι,καὶ
2532 1751 2816 1820 Ἀφθονίου
2876 1753 2971 1806 καὶ
3025 1754 3288 1807 causam
3358 1754 3618 1823 σοφιστοῦ
3672 1754 3763 1807 καὶ

900 1837 1025 1888 item
1085 1836 1306 1890 Maximi
1366 1838 1624 1906 sophistae
1687 1839 2064 1895 Alexandrini.

2176 1843 2431 1913 Μαξίμου
2469 1843 2727 1912 σοφιστοῦ
2780 1845 3197 1916 Ἀλεξανδρέως.
3229 1845 3394 1898 Ἀλλά
3425 1845 3536 1898 τῶν
3591 1845 3760 1900 ἄλλων

2169 1938 2197 1988 ό
2227 1935 2523 1998 [Ιαλλάδιος
2577 1935 2722 1989 κατά
2748 1937 2929 1989 πᾶσαν
2981 1936 3184 2008 ἀρετὴν
3213 1936 3312 2008 τὴν
3347 1938 3406 1990 ἐν
3459 1937 3643 2005 λόγοις
3673 1937 3761 1990 ἐπὶ

2171 2023 2421 2078 πλεῖστον
2449 2024 2782 2096 διενήνοχεν.

2879 2118 3066 2184 me".

2587 2207 2896 2277 Κυρίλλου
2925 2209 2980 2261 ol
3008 2207 3332 2275 Θησαυροί.

2237 2295 2684 2371 Ἀνεγνώσθησαν
2713 2299 2985 2370 Κυρίλλου
3016 2301 3066 2353 οἱ
3101 2300 3420 2367 θησαυροί.
3451 2299 3768 2370 Ἐπιχειρη-

2171 2393 2399 2462 ματικόν
2448 2393 2563 2444 ἐστι
2597 2393 2617 2422 ⁷
2648 2393 2707 2444 τὸ
2738 2392 2965 2461 βιϐλίον,
3016 2393 3112 2444 καὶ
3160 2390 3292 2463 [515
3322 2390 3416 2463 Β.)
3471 2392 3614 2444 κατά
3664 2393 3766 2461 τῆς

2180 2484 2390 2555 Ἀρείου
2422 2484 2515 2536 καὶ
2543 2483 2812 2552 Εύνομίου
2838 2482 3048 2550 λύσσης
3087 2482 3352 2549 γενναίως
3377 2483 3472 2534 καὶ
3500 2482 3765 2551 πολυτρό-

2167 2593 2284 2638 πως
2340 2573 2776 2645 ἀγωνιζόμενον·
2829 2575 2926 2628 καὶ
2970 2574 3078 2644 γάρ
3139 2575 3233 2626 καὶ
3264 2573 3510 2642 λογικαῖς
3542 2573 3755 2641 ἐφόδοις

2168 2666 2554 2736 ἐπιστημόνως
2583 2666 2764 2718 αὐτῶν
2788 2665 3080 2735 ἀπελέγχει
3110 2664 3207 2734 τὴν
3239 2665 3449 2726 ἄνοιαν,
3497 2664 3594 2718 καὶ
3620 2665 3760 2734 Γρα-

2112 2755 2119 2762 ’
2168 2756 2337 2824 φικάς
2390 2755 2583 2818 αύταῖς
2618 2754 2952 2822 συμπλέκων
2986 2756 3080 2806 καὶ
3137 2755 3477 2821 συνυφαίνων
3534 2755 3762 2824 χρήσεις

2167 2845 2507 2917 πανταχόθεν
2542 2850 2604 2898 τὸ
2640 2845 2839 2916 σαθρὸν
2871 2846 3050 2898 αὐτῶν
3086 2845 3392 2914 στηλιτεύει
3430 2843 3524 2897 τοῦ
3558 2845 3768 2914 δόγμα-

2164 2957 2276 3003 τος.
2308 2939 2509 3011 Τίθησι
2539 2940 2594 2992 δὲ
2624 2939 2717 2992 καὶ
2751 2938 3062 3009 μαρτυρίας
3091 2937 3279 3002 ἁπλῶς
3312 2938 3412 3008 τῆς
3462 2937 3685 3007 Γραφῆς
3733 2937 3767 2988 ὁ

2167 3031 2451 3094 θεσπέσιος
2483 3031 2772 3100 Κύριλλος,
2805 3032 2885 3094 εἰς
2939 3029 3250 3100 ἀμηχανίαν
3286 3029 3470 3081 αὐτῶν
3505 3029 3593 3081 διὰ
3624 3028 3767 3080 πάν-

2166 3143 2273 3178 των
2310 3125 2613 3193 συγκλείων
2663 3123 2722 3176 τὸ
2755 3122 3047 3194 φρύαγμα.
3102 3123 3261 3174 Ἔστι
3319 3120 3375 3172 δὲ
3414 3121 3523 3173 τῶν
3559 3118 3768 3172 ἑαυτοῦ

2172 3218 2347 3285 λόγων
2379 3217 2636 3281 ἐνταῦθα,
2692 3217 2788 3269 καὶ
2820 3215 3066 3285 μάλιστα
3126 3217 3240 3277 τοῖς
3284 3213 3495 3266 ἔννοιαν
3537 3211 3768 3264 λαϐοῦσι

2172 3313 2282 3366 τῶν
2308 3310 2543 3376 λογικῶν
2569 3309 2798 3379 ἐφόδων,
2830 3309 3194 3377 σαφέστατος.

2886 3405 2970 3456 ΡΛ
2980 3403 3053 3457 Ζ’.

2351 3497 2655 3564 Εὐνομίου
2684 3495 2791 3550 τοῦ
2820 3496 3166 3559 δυσσεϐοῦς
3185 3495 3586 3566 βιϐλιδάριον.

2245 3587 2370 3660 [167
2397 3587 2490 3659 Η.]
2514 3587 2859 3659 Ἀνεγνὼσθη
2887 3588 3218 3658 βιϐλιδάριον
3250 3589 3537 3660 Εύνομίου,
3569 3589 3669 3659 τῆς
3693 3587 3769 3640 οίο

2173 3682 2328 3746 κείας
2385 3680 2709 3744 δυσσεϐείας
2765 3681 3004 3746 ἔκθεσις,
3067 3673 3128 3732 οὗ
3177 3682 3210 3750 ἡ
3240 3682 3526 3753 ἐπιγραφὴ
3554 3681 3574 3712 ⁸
3595 3722 3610 3736 .
3631 3721 3643 3731 .
3667 3719 3684 3734 .
3705 3719 3719 3734 .
3741 3719 3758 3735 .

2176 3771 2348 3825 Τοῦτο
2375 3772 2436 3825 τὸ
2486 3770 2818 3842 βιϐλιδάριον
2858 3771 2983 3825 ἐπεὶ
3012 3773 3128 3835 τοῖς
3165 3772 3608 3842 συναιρεσιώταις
3653 3771 3762 3824 Εύ-

2174 3864 2362 3935 νομίου
2420 3863 2506 3917 διὰ
2560 3863 2838 3934 θαύματος
2896 3863 2995 3933 μὲν
3045 3866 3230 3934 ἤγετο,
3299 3865 3529 3936 κρύφιον
3579 3865 3634 3917 δὲ
3665 3865 3766 3916 καὶ

2173 3958 2475 4028 ἀνέκφορον
2498 3959 2611 4019 τοῖς
2646 3955 2827 4019 ἄλλοις
2849 3953 2990 4009 εἶναι
3012 3957 3422 4021 διεσπούδαστο,
3456 3957 3610 4028 μόλις
3632 3958 3765 4009 ποτὲ

2173 4052 2200 4104 ὁ
2221 4050 2393 4120 μέγας
2419 4047 2701 4110 Βασίλειος
2729 4049 2822 4099 ἐπὶ
2849 4051 3035 4118 χεῖρας
3069 4047 3253 4101 λαϐεῖν
3303 4049 3576 4117 δυνηθεὶς,
3633 4066 3762 4118 γεν-

2173 4143 2340 4204 ναίως
2374 4158 2434 4194 τε
2455 4139 2552 4193 καὶ
2576 4139 2868 4210 λαμπρῶς,
2901 4139 2998 4194 καὶ
3030 4141 3084 4193 εἴ
3122 4158 3205 4204 τις
3245 4141 3417 4211 ἁρετὴ
3442 4141 3616 4210 λςγων
3667 4143 3764 4195 καὶ

2177 4233 2350 4303 ἰσχὺς,
2385 4231 2473 4285 διὰ
2502 4230 2694 4284 πασῶν
2726 4230 2918 4295 ἐλθὼν,
2949 4232 3218 4302 ἀνέτρεψέ
3253 4251 3312 4285 τε
3344 4234 3436 4287 καὶ
3461 4235 3759 4290 ἀνεσκεύα-

2175 4342 2288 4384 σεν,
2323 4322 2558 4393 ὥσπερθ
2584 4340 2636 4376 τι
2677 4324 2872 4393 νήπιον
2921 4323 3266 4378 Βαϐυλώνιον
3308 4329 3374 4397 τῇ
3425 4328 3632 4398 στερῤᾷ
3661 4327 3760 4397 τῆς

2173 4418 2432 4488 ἀληθείας
2476 4418 2521 4448 “'
2551 4417 2910 4488 προσαράξας
2953 4417 3152 4489 πέτρᾳ,
3196 4420 3291 4471 καὶ
3314 4418 3638 4490 θνησιμαϊον
3667 4420 3761 4472 καὶ

2100 4551 2144 4606 D
2173 4511 2385 4581 γέλωτα
2412 4510 2592 4577 δείξας
2623 4511 2682 4562 τό
2717 4527 2850 4563 ποτε
2888 4509 3329 4581 θαυμαζόμενον.

2864 4603 3044 4657 ΡΛΗ’.

2175 4695 2289 4752 Τοῦ
2309 4693 2495 4751 αὑτοῦ
2519 4692 2670 4762 κατᾲ
2697 4692 2809 4761 τῆς
2841 4693 3250 4762 πραγματείας
3290 4693 3400 4746 τοῦ
3442 4693 3618 4762 ἁγίου
3648 4695 3761 4745 Βα-

2242 4767 2500 4826 σιλείου,
2531 4764 2601 4817 ἐν
2625 4758 2665 4835 ᾖ
2685 4758 2988 4835 δῦσσεϐὲςῖ
3005 4758 3200 4818 ἀὐτοῦ
3225 4758 3518 4832 ἀνέτρεπὲ
3547 4763 3755 4824 δόονιια⁹

2241 4836 2343 4890 καὶ
2384 4834 2740 4890 Ἐπιστολαὶ
2762 4840 2846 4902 μ’.

2241 4925 2584 4996 Ἀνεγνώσθη
2602 4925 2696 4979 τοῦ
2720 4925 2883 4978 αὑτοῦ
2906 4925 3200 4989 δυσσεϐοῦς
3232 4926 3495 4996 Εὐνομίου
3531 4923 3757 4994 βιϐλίον,

2168 5019 2228 5074 ὲν
2249 5019 2432 5088 λόγοις
2452 5019 2654 5091 τρισὶν,
2684 5018 2762 5082 ὡς
2794 5018 2956 5089 δῆθεν
2988 5019 3098 5072 τῶν
3123 5019 3593 5086 ἀποδεδειγμένων
3617 5018 3760 5070 κατὰ

481 5101 845 5172 ineptiarum,
904 5123 1039 5178 quas
1093 5110 1147 5164 in
1203 5110 1372 5180 ipsius
1425 5113 1653 5182 reperiri
1715 5114 2065 5184 blasphemiis

2175 5111 2268 5183 τῆς
2300 5111 2654 5182 βλασφημίας
2712 5111 2879 5164 αὑτοῦ
2914 5110 2996 5180 τῷ
3055 5111 3184 5182 θείῳ
3239 5109 3509 5179 Βασιλείῳ
3541 5110 3759 5163 ἀτόπων

481 5206 704 5255 Sanctus
732 5198 966 5257 Basilius
993 5202 1413 5263 demonstrarat.
1455 5205 1572 5262 Hoc
1607 5207 1660 5261 in
1688 5223 1854 5278 opere
1881 5217 2070 5278 partu-

2171 5204 2412 5274 ἔλεγχος,
2440 5202 2662 5273 Ταύτην
2692 5205 2794 5274 τὴν
2841 5203 3025 5275 βίϐλον
3053 5203 3314 5258 ὠδίνοντα
3361 5203 3566 5267 πολλάς
3592 5217 3759 5271 φασιν

1744 5346 1982 5403 VARle
2020 5335 2436 5401 LECTIONES.

554 5434 574 5466 ι
601 5434 808 5509 19.7114,
825 5434 920 5509 AC
947 5455 959 5490 ε
991 5435 1254 5509 κέχρηται
1283 5455 1344 5501 ς.
1451 5439 1472 5471 ⁸
1500 5440 1829 5509 Δομετιανοῦ
1865 5459 1925 5506 ς.

2028 5442 2049 5472 ⁷
2079 5441 2197 5493 ἐστι
2226 5439 2271 5491 Α
2301 5456 2315 5492 :
2351 5438 2408 5490 δέ
2433 5438 2552 5490 ἐστι
2579 5454 2641 5501 ς.

2749 5436 2917 5507 Ῥοεῑ
2945 5435 3227 5507 ἐπιγραφὴ
3265 5436 3454 5490 lacuna
3489 5436 3539 5490 in
3572 5437 3616 5490 A
3645 5449 3759 5489 ver-

483 5517 638 5558 anum
670 5508 706 5558 2
739 5505 862 5576 4/2,
889 5509 940 5560 in
968 5508 1010 5561 C
1044 5505 1348 5562 litterarum
1369 5509 1435 5565 I3
1469 5511 1552 5565 vel
1576 5505 1672 5567 ’14η
1745 5513 1765 5543 ⁹
1797 5505 2011 5582 ὥσπερ]
2049 5510 2140 5564 Ps.
2169 5524 2412 5573 cxxxvtl,
2449 5509 2506 5562 9.
2584 5508 2628 5539 ¹⁰
2660 5506 2920 5579 ἀληθείας
2948 5507 2993 5559 Α
3023 5521 3038 5560 :
3069 5505 3305 5570 πίστεως
3338 5523 3378 5571 ς

1977 5621 2212 5678 NOTAE.

562 5690 673 5762 (26)
710 5691 906 5747 Suidas
934 5693 1323 5762 inspiciendus.

561 5762 672 5834 (27)
706 5763 872 5834 Cujus
898 5772 1114 5818 exstant
1139 5762 1496 5834 Progymnas.
1521 5775 1576 5820 ct
1600 5764 2066 5824 Fabulerwco-

491 5833 590 5886 (at.
618 5833 671 5888 in
693 5832 962 5890 Germana
989 5835 1119 5890 edit.
1152 5835 1238 5890 ubi
1258 5832 1432 5904 plura.

2245 5691 2356 5764 (28)
2399 5693 2480 5764 An
2525 5691 2611 5745 hic
2649 5690 2739 5745 ille
2770 5690 2936 5764 Arab.
2989 5707 3148 5764 quem
3181 5691 3632 5748 ἀντισοκεσεῦσαι
3669 5691 3749 5745 ui-

2179 5762 2311 5818 timo
2348 5763 2573 5827 legimus
2599 5764 2738 5829 apud
2774 5762 2996 5817 Suidam
3026 5763 3050 5817 ?

2251 5833 2363 5905 (29)
2394 5831 2526 5886 Vide
2543 5831 2696 5887 Suid.
