4062 6464
236 383 350 447 417

1114 372 1639 437 BIBLIOTHECA.
1671 399 1743 409 --
1777 372 1994 434 CODD.
2027 373 2713 439 CXXXII-CXXXVIII.

3452 374 3562 439 418

242 499 421 557 αὐτὸν
481 496 636 552 ἑτῶν
677 491 1051 562 Ὀλυμπιάδας
1109 488 1464 559 κατατρῖψαι,
1530 488 1588 539 ὲν
1634 484 1900 553 οἰκίσκῳ,

1991 485 2184 552 iendo,
2234 487 2431 539 nmltas
2470 502 2594 541 cum
2641 503 2908 542 annorum
2941 488 3293 560 Olympiadas
3319 490 3565 547 aedicula

246 591 456 646 ἑαυτὸν
486 582 916 657 καθειργνύντα,
964 581 1060 633 καὶ
1086 578 1376 645 λαθραίαις
1410 576 1587 645 μίξεσι
1610 574 1671 627 τὸ
1700 589 1868 641 πονη-

255 685 350 755 ρὸν
374 683 569 734 ἐκεῖνο
602 678 773 747 τέρας
804 672 1004 726 κύοντα
1039 669 1190 740 μόλις
1223 669 1304 731 είς
1340 668 1455 736 φῶς
1496 666 1565 720 δι’
1590 666 1727 719 ἐτῶν
1758 665 1867 733 ἀμ-

256 773 591 843 ϐλωθρίδιον
627 766 929 838 ἐκτρῶσαι,
973 763 1197 817 θάλπειν
1226 777 1285 812 τε
1315 758 1549 823 ἐκεῖθεν,
1586 757 1680 811 καὶ
1713 755 1865 827 μόλις

260 869 362 923 καὶ
394 866 585 927 αὐτοῖς
615 863 732 923 τοῖς
768 857 1117 927 συμμύσταις
1152 853 1519 908 ἐπιδεικνύναι
1549 852 1610 905 τὸ
1651 850 1864 921 κύημα,

264 961 493 1015 δεδιότα
528 956 755 1027 μάλιστα
805 950 1028 1021 μήπως
1083 949 1177 1002 καὶ
1210 947 1344 1000 αὐτὸ
1395 949 1520 1010 ταῖς
1581 943 1865 997 Βασιλείου

275 1053 450 1125 χερσὶ
484 1046 765 1120 περιπεσδν
802 1045 843 1074 ¹¹
877 1043 1006 1113 πρὶν
1052 1042 1086 1111 ἢ
1130 1041 1293 1109 πῆξιν
1340 1039 1529 1093 λαϐεῖν
1556 1035 1864 1106 διασπασθῇ

288 1142 537 1212 καὶεπρὸ
581 1137 668 1191 τοῦ
711 1133 942 1199 ἀνθῆσαι
996 1131 1239 1201 ξηρανθῆ
1295 1128 1474 1198 ἄωρον
1519 1124 1864 1195 ἀποφθαρὲν.

299 1237 509 1305 Διόπερ
535 1227 788 1299 ἐπιμελῶς
820 1227 915 1277 καὶ
940 1224 1128 1294 ὥσπερ
1163 1225 1190 1275 ό
1218 1221 1317 1275 τοῦ
1367 1221 1577 1291 Κρόνου
1614 1218 1781 1289 μῦθος
1807 1216 1868 1269 τὸ

307 1331 545 1400 γέννημα
600 1320 891 1374 καταπιὼν
954 1315 1193 1387 ἔκρυπτε
1246 1333 1304 1368 τε
1344 1316 1436 1368 καὶ
1472 1313 1867 1373 συνεκάλυπτε,

315 1428 498 1496 μέχρις
531 1420 588 1472 ἂν
617 1421 647 1487 ἡ
678 1415 965 1469 Βασιλείου
998 1411 1112 1483 ζωὴ
1140 1410 1217 1481 τῷ
1251 1410 1504 1479 ὲπικήρῳ
1541 1423 1868 1477 παρατεινο-

313 1518 437 1587 μένη
483 1512 573 1582 βίῳ
600 1511 690 1562 τὸν
730 1507 893 1576 φόϐον
919 1506 1189 1558 ὲπέσειεν.
1220 1504 1377 1555 Ἐπεὶ
1400 1502 1456 1555 δὲ
1480 1504 1507 1554 ὁ
1544 1502 1687 1562 θεῖος
1726 1501 1870 1553 ἐκεῖ-

306 1606 540 1673 νοςάνὴρ
559 1604 655 1671 τὴν
686 1598 983 1670 παροικίαν
1029 1594 1205 1648 λιπὼν
1249 1597 1330 1657 εἰς
1380 1594 1470 1647 τὸν
1532 1595 1731 1645 οἰκεῖον
1776 1591 1869 1644 καὶ¹

300 1700 539 1766 οὐράνιον
566 1692 670 1759 κλῆ
680 1709 769 1763 ρον
802 1690 997 1760 ἁνέδρα
1008 1705 1096 1758 με,
1115 1686 1208 1739 τοῦ
1229 1682 1428 1738 πολλοῦ
1450 1683 1703 1746 λυθέντος
1719 1681 1871 1746 δέους

291 1788 382 1851 ὀψὲ
414 1788 456 1817 ¹²
480 1784 573 1836 τοῦ
629 1781 849 1851 καιροῦ,
901 1778 1246 1849 δημοσιεύειν
1284 1777 1327 1808 ⁸³
1364 1777 1485 1830 οὐδὲ
1515 1776 1637 1828 τότε
1681 1777 1867 1839 πᾶσιν,

1973 578 2245 633 inclusum
2294 592 2405 631 sua:
2443 580 2811 645 absumpsisse
2845 579 3065 643 ferunt;
3098 598 3163 635 ac
3206 584 3293 635 vix
3343 584 3559 636 tandem

1973 681 2097 741 post
2145 669 2441 724 multorum
2496 684 2760 723 annorum
2809 671 3191 737 intervallum,
3240 672 3563 727 abortiendo

1976 762 2282 831 improbum
2308 760 2460 815 illum
2494 776 2556 814 ac
2588 762 2980 830 prodigiosum,
3010 779 3169 833 quem
3201 764 3414 818 furtivis
3431 779 3565 818 con-

1975 856 2253 926 gressibus
2301 864 2672 919 conceperat,
2738 853 2905 907 fetum
2965 855 3019 908 in
3079 856 3253 909 lucem
3308 855 3561 923 eiecisse.

1974 949 2114 1015 Quin
2168 960 2295 1003 tunc
2335 947 2503 1003 etiam
2552 947 2811 1001 miserum
2855 947 2967 1001 illic
3007 946 3241 1001 fovendo
3303 958 3561 1017 partum,

1976 1045 2108 1114 ipsis
2134 1058 2348 1113 quoque
2392 1052 2559 1099 sectze
2603 1041 2825 1094 asseclis
2856 1056 2961 1093 non
3002 1049 3205 1094 temere
3226 1040 3563 1105 exhibuisse,

1976 1138 2205 1192 veritum
2237 1136 2491 1190 nimirum
2532 1133 2794 1197 maxime,
2833 1133 3120 1201 nequando
3165 1143 3220 1185 et
3265 1132 3367 1185 hoc
3424 1146 3563 1200 opus

1979 1233 2030 1285 in
2062 1229 2244 1283 Basilii
2283 1244 2479 1283 manus
2523 1227 2677 1297 prius
2711 1227 2954 1291 veniens,
2996 1240 3159 1293 quam
3206 1224 3563 1289 coalesceret,

1977 1330 2339 1399 dissiparetur
2378 1366 2394 1390 ,
2451 1336 2506 1381 et
2569 1337 2860 1392 antequam
2914 1323 3176 1387 ﬂoreret,
3238 1331 3566 1391 pratmaturo

1977 1430 2293 1488 corruptum
2343 1425 2728 1471 marcesceret.
2772 1413 2937 1484 lgitnr
2970 1413 3234 1478 studiose,
3261 1411 3565 1466 velutalter

1980 1514 2032 1567 in
2068 1512 2261 1567 fabulis
2306 1510 2596 1575 Saturnus,
2640 1518 2824 1561 natum
2872 1505 3184 1559 devorando
3228 1506 3359 1558 texit
3403 1513 3566 1573 atque

1981 1603 2288 1665 abscondit,
2342 1602 2579 1672 quandiu
2642 1600 2858 1668 quidem
2917 1596 3149 1650 Basilius
3195 1596 3247 1648 iu
3279 1595 3421 1648 ﬂuxa
3459 1595 3565 1649 ista

1978 1696 2088 1748 vita
2131 1678 2332 1763 degens
2367 1699 2568 1745 metum
2614 1691 2903 1742 incuteret.
2950 1688 3241 1755 Postquam
3300 1701 3427 1740 vero
3484 1685 3569 1737 vir

1980 1786 2069 1839 ille
2102 1783 2342 1847 divinus,
2376 1780 2659 1851 peregrina
2687 1779 3021 1833 habitatione
3058 1776 3267 1839 relicta,
3309 1777 3359 1829 in
3383 1790 3566 1838 suam,

286 1852 417 1933 ἀλλά
450 1880 565 1939 τοῖς
582 1875 756 1943 φίλοις
782 1873 1112 1943 ἐθάρρησεν.
1148 1864 1220 1941 τῼ
1249 1868 1635 1939 περιτυχόντες
1666 1867 1874 1920 Θεόδωο

1995 1880 2098 1932 hoc
2126 1886 2229 1942 est,
2269 1877 2321 1929 in
2355 1874 2630 1929 caelestem
2671 1872 3051 1940 commigravit
3087 1870 3478 1933 ltmreditatem,
3508 1875 3567 1921 et

281 1990 375 2045 ρος
400 1970 501 2024 καί⁵
532 1969 836 2037 Γρηγόριος
864 1966 1086 2033 Νύσσης
1112 1964 1207 2016 καὶ
1240 1961 1568 2031 Σωφρὼιος,
1598 1953 1672 2013 ὧν
1702 1959 1874 2029 ὲμνήκ

280 2067 492 2134 σθημεν
522 2061 756 2123 ἄνωθεν,
787 2059 1008 2121 πολλαῖς
1042 2058 1247 2120 αἰκίαις
1272 2057 1446 2125 λόγων
1496 2054 1876 2125 λωϐησάμενοι

272 2160 424 2212 οὐδὲν
457 2153 628 2228 ἦττον
656 2155 752 2207 τοῦ
790 2152 1060 2225 προτέρου
1095 2151 1289 2222 νεκρὸν
1322 2150 1417 2203 καὶ
1464 2147 1643 2217 πάσης
1672 2146 1876 2211 ἀπόζον

271 2253 627 2323 ἀκαθαρσίας
680 2250 758 2320 τῷ
818 2248 1180 2318 γεγεννηκότι
1248 2244 1581 2317 ἀπέρριψαν.
1639 2243 1721 2296 Τὰ
1776 2241 1875 2312 μὲν

271 2343 374 2399 οὖν
386 2346 501 2413 τῆς
539 2340 796 2403 ἀσεϐείας
822 2338 995 2401 οὕτως
1015 2339 1186 2391 ἔδωκε
1213 2337 1392 2407 δίκην,
1424 2338 1452 2390 ὁ
1473 2335 1531 2388 δὲ
1577 2333 1671 2387 τοῦ
1716 2332 1875 2403 λόγου

272 2436 576 2509 χαρακτὴρ
611 2436 831 2505 χάριτος
884 2433 984 2501 μὲν
1018 2432 1114 2485 καὶ
1140 2431 1333 2499 ἡδονῆς
1356 2428 1464 2481 οὐδ’
1490 2428 1544 2480 εἴ
1588 2445 1672 2491 τις
1728 2426 1876 2479 ἔστιν

268 2530 375 2584 οὐδ’
411 2528 469 2560 ¹⁵
512 2530 678 2596 ἐγγὺς
709 2527 901 2595 γέγονε
939 2525 1034 2576 τοῦ
1062 2524 1281 2585 εἰδέναι,
1304 2522 1516 2591 κόμπον
1554 2519 1611 2573 δέ
1642 2537 1763 2572 τινα
1784 2535 1874 2570 τε-

272 2619 508 2693 ρατώδη
536 2621 632 2674 καὶ
682 2618 917 2687 δύσηχον
948 2611 1082 2686 ἦχον
1123 2616 1489 2685 φιλοτιμεῖται
1538 2613 1732 2682 ψοφεῖν
1763 2614 1873 2666 τῶν

267 2732 327 2767 τε
356 2712 686 2783 συμφώνων
706 2713 774 2780 τῇ
804 2708 1109 2780 ὲπαλληλίᾳ
1145 2706 1272 2779 [516
1298 2705 1390 2778 IL]
1428 2707 1523 2760 καὶ
1545 2708 1653 2758 τῶν
1676 2706 1873 2770 λέξεων

266 2814 390 2873 ταῖς
409 2809 860 2877 δυσεκφράστοις
883 2806 977 2858 καὶ
1002 2803 1451 2873 πολυσυμφώνοις
1476 2803 1570 2855 καὶ
1600 2802 1694 2854 τοῦ
1722 2818 1880 2871 ποιη-

266 2899 434 2953 τικοῦ
503 2897 699 2960 τύπου,
761 2896 795 2965 ἢ
838 2895 1038 2965 μᾶλλον
1085 2892 1479 2962 ἀκριὸέστερον
1538 2892 1734 2956 εἰπεῖν,
1783 2890 1878 2943 τοῦ

267 2989 689 3061 διθυραμϐικοῦ
716 2989 891 3050 εἴδους
923 2984 1346 3055 τυγχανούσαις.
1378 2984 1628 3051 Συνθήκη
1650 3000 1708 3036 τε
1731 2982 1880 3052 αὐτῷ

266 3084 697 3152 ἑκϐεῦιασμένη
728 3082 822 3134 καὶ
853 3077 1311 3148 συμπεπιεσμένη
1339 3078 1433 3130 καὶ
1483 3078 1764 3145 ἐκκροτος,
1804 3075 1880 3139 ὡς

1984 1967 2185 2035 ingenti
2213 1966 2303 2019 illo
2336 1975 2482 2019 metu
2515 1964 2781 2025 discusso,
2813 1964 2898 2015 vix
2936 1964 3151 2016 tandem
3200 1976 3324 2015 sero
3371 1959 3567 2013 edendi

1984 2059 2206 2114 advenit
2239 2057 2477 2121 occasio,
2505 2070 2571 2109 ne
2604 2064 2733 2109 tunc
2756 2053 2974 2123 quidem
3006 2052 3279 2115 omnibus,
3312 2051 3404 2105 sed
3426 2050 3567 2105 ami-

1983 2154 2064 2209 cis
2092 2155 2358 2207 duntaxat
2382 2147 2682 2221 [eVulgare]
2716 2164 2879 2201 ausus
2912 2156 3013 2201 est.
3048 2144 3103 2198 lu
3142 2160 3299 2213 quem
3330 2145 3571 2199 inciden-

1984 2257 2069 2302 tes
2111 2246 2432 2300 Theodorus
2468 2241 2584 2313 (⁸50)
2630 2249 2685 2295 et
2735 2238 3030 2307 Gregorius
3075 2236 3369 2308 Nyssenus,
3408 2245 3573 2306 atque

1987 2338 2330 2410 Sophronius
2387 2338 2641 2405 (quorum
2697 2347 2858 2402 supra
2916 2331 3027 2401 (51)
3065 2340 3149 2385 est
3186 2345 3215 2384 a
3255 2345 3341 2384 me
3387 2329 3572 2384 habita

1985 2430 2236 2501 mentio),
2274 2428 2460 2482 multis
2498 2427 2789 2481 verborum
2829 2424 3024 2493 plagis,
3073 2438 3180 2476 non
3225 2437 3381 2476 secus
3407 2436 3569 2490 quam

1994 2527 2233 2595 priorem
2276 2520 2449 2593 [illum
2488 2518 2727 2586 ejusdem
2768 2514 3032 2587 libellum]
3066 2514 3342 2578 Basilius,
3401 2514 3574 2567 conli-

1987 2615 2535 2691 cienles,jugulatum
2567 2612 2678 2677 jam
2725 2619 2778 2665 et
2827 2625 2940 2679 prae
2988 2608 3301 2677 impuritale
3345 2607 3571 2671 olidutn,

1987 2712 2041 2766 in
2074 2719 2350 2764 auctorem
2384 2721 2540 2760 suum
2574 2702 2947 2770 conjec-erunt.
2977 2700 3085 2755 llas
3106 2701 3290 2769 itaque
3326 2710 3437 2752 tum
3466 2699 3574 2765 im-

1988 2804 2166 2875 pietas
2187 2815 2381 2871 pcenas
2413 2799 2582 2852 dedit.
2630 2797 2712 2849 Ad
2750 2794 2945 2865 styltnn
3001 2795 3144 2860 quod
3206 2794 3420 2854 attinet,
3450 2799 3575 2844 tau-

1988 2906 2099 2949 tum
2139 2893 2186 2947 is
2236 2892 2303 2945 ab
2349 2889 2498 2944 omni
2537 2900 2589 2940 et
2618 2887 2792 2957 gratia
2842 2897 2896 2939 ct
2941 2883 3283 2953 iucunditate
3335 2891 3578 2936 remotus

1987 2998 2093 3053 est,
2124 2995 2182 3040 ut
2212 3000 2277 3038 ne
2307 2982 2632 3052 cognovisse
2672 2979 2914 3049 quidem,
2965 2993 3032 3031 an
3078 2977 3182 3029 lale
3235 2976 3364 3044 quid
3393 2983 3578 3028 exsta-

1990 3092 2095 3145 ret,
2147 3079 2415 3132 videatur.
2473 3074 2799 3131 Jactautiam
2856 3069 3230 3124 tantummodo
3290 3067 3585 3137 quamdam

267 3177 543 3245 ἀνάγκην
588 3170 728 3225 εἶναι
750 3171 828 3240 τῷ
851 3169 1281 3238 ἀναγινώσκοντι
1308 3170 1378 3222 τὰ
1409 3168 1620 3221 ἐκείνου
1655 3167 1879 3221 τύπτειν

1993 3172 2299 3241 prodigiose
2344 3177 2607 3228 ostentat,
2652 3178 2954 3231 sonumque
2990 3162 3269 3216 dissonum
3302 3160 3593 3215 stridendo

270 3268 545 3339 σφοδρῶς
606 3267 697 3318 τὸν
742 3265 882 3334 ἀέρα
913 3266 1025 3325 τοῖς
1054 3262 1310 3332 χείλεσιν,
1350 3262 1398 3313 εί
1462 3261 1644 3330 μέλλοι
1678 3260 1889 3330 τρανῶς

272 3360 669 3429 ἀπαγγέλλειν
698 3358 733 3411 ἃ
765 3355 1183 3427 περιτραχύνων
1216 3356 1258 3389 ¹⁵
1280 3355 1377 3408 καὶ
1412 3353 1734 3424 συστρέφων
1761 3370 1888 3406 συν-

275 3455 497 3508 θλίεων
565 3468 627 3505 τε
690 3451 786 3503 καὶ
837 3447 1239 3520 παρεμϐάλλων
1292 3448 1389 3500 καὶ
1445 3444 1883 3516 ἀκρωτηριὰζων

281 3549 507 3607 ἐκεῖνος
550 3542 702 3611 μόλις
727 3540 1039 3595 συνέταττε.
1073 3538 1298 3608 Μακραί
1349 3555 1410 3590 τε
1444 3538 1616 3589 ἐνίοτε
1647 3540 1728 3599 εἰς
1752 3538 1894 3607 ἀμε-

284 3640 451 3707 τρίαν
510 3633 750 3703 περίοδοι
798 3632 1198 3701 ὲκτεινόμεναι,
1262 3631 1358 3684 καὶ
1407 3631 1470 3682 τὸ
1525 3630 1798 3683 σκοτεινόν
1835 3646 1895 3682 τε

288 3730 391 3783 καὶ
420 3727 623 3799 ἄδηλον
677 3726 743 3779 δι’
770 3725 893 3778 ὅλου
950 3724 1256 3794 κεχυμένον
1290 3721 1384 3775 τοῦ
1439 3723 1894 3791 συγγράμματος,

294 3824 389 3875 ἵνα.
420 3822 554 3891 δοκῇ
586 3837 647 3872 τε
680 3821 795 3882 τοῖς
835 3817 1055 3880 πολλοῖς
1106 3816 1339 3886 δυνάμει
1365 3815 1667 3883 δεινότητος
1696 3813 1897 3881 ἐκφεύ-

307 3931 425 3981 γειν
462 3912 640 3965 αὐτῶν
690 3912 789 3982 τὴν
829 3908 1160 3979 κατάληψιν,
1224 3909 1320 3960 καὶ
1353 3907 1477 3959 ὅσον
1528 3906 1750 3967 ἀσθενὲς
1788 3906 1897 3957 τῶν

312 4006 605 4075 νοηθέντων
636 4004 754 4073 (καὶ
790 4004 900 4072 γάρ
957 4004 1076 4054 ἐστι
1112 3999 1266 4069 πολὺ)
1295 3998 1371 4069 τῷ
1410 3999 1613 4067 ἀσαφΞί
1652 4000 1746 4051 καὶ
1776 3997 1898 4049 δυσ-

303 4099 642 4168 καταλήπτῳ
704 4094 1055 4158 ἐπισκιάζειν
1086 4092 1191 4163 ἔχῃ
1225 4089 1356 4163 [168
1384 4088 1478 4160 Η.]
1511 4088 1604 4141 καὶ
1636 4089 1900 4157 κρύπτειν

300 4193 399 4259 τῆς
427 4188 670 4250 διανοίας
692 4188 761 4239 τὰ
786 4187 1226 4258 ἀρρωστήματα.
1276 4182 1438 4234 Δοκεῖ
1463 4180 1519 4233 δὲ
1543 4183 1645 4233 καὶ
1663 4182 1782 4232 ταῖς
1810 4178 1900 4230 λο-

296 4285 491 4351 γικαῖς
540 4278 921 4349 ὲπερείδεσθαι
968 4274 1234 4346 μεθόόοις,
1276 4272 1469 4335 ἄλλους
1510 4289 1572 4324 τε
1626 4271 1901 4342 διασύρων

294 4377 398 4428 ἐπὶ
426 4372 626 4443 τούτῳ,
655 4372 749 4425 καὶ
779 4371 941 4432 αὐτὸς
972 4364 1431 4439 προθυμούμενος
1465 4364 1563 4434 μὲν
1591 4364 1904 4434 ἀποκεχρῆ-

301 4468 435 4520 σθαι
464 4465 678 4528 τούτοις
699 4466 780 4517 ὅτι
819 4463 1079 4533 μάλιστα,
1136 4457 1410 4530 ὀψιμαθὴς
1468 4456 1525 4508 δὲ
1558 4458 1664 4509 κάν
1693 4456 1904 4519 τούτοις

1993 3266 2157 3319 edere
2183 3263 2424 3327 allectat,
2456 3270 2569 3313 tum
2600 3256 3023 3313 consonantium
3062 3255 3266 3307 alterna
3302 3252 3585 3307 vicissitu-

1994 3357 2142 3418 dine,
2178 3366 2289 3408 tnm
2337 3351 2566 3406 vocibus
2610 3348 2961 3418 pronuntiatu
3006 3344 3335 3409 diﬂicilibns,
3374 3353 3430 3397 et
3462 3357 3593 3412 qua:

1996 3446 2182 3502 ntultis
2253 3443 2531 3497 abundent
2601 3437 3084 3501 consonantibus;
3146 3434 3310 3500 idque
3370 3432 3585 3503 poetico

1997 3555 2169 3602 more,
2205 3538 2313 3598 vel,
2364 3546 2423 3589 ut
2478 3533 2664 3586 verius
2699 3531 2914 3593 dicam,
2960 3525 3361 3597 dithyrambico
3403 3523 3591 3592 potius

1998 3632 2128 3685 ritu.
2153 3625 2489 3693 Compositio
2542 3623 2711 3691 ipsius
2732 3629 2921 3675 coacta
2954 3626 3059 3682 est,
3087 3625 3139 3670 et
3164 3617 3212 3669 vi
3247 3628 3591 3683 compressa,

1996 3724 2142 3794 98a
2189 3728 2353 3787 atque
2392 3725 2607 3781 extnsa,
2639 3723 2698 3766 ut
2738 3726 2963 3766 necesse
2996 3708 3353 3764 habeatillius
3382 3706 3584 3775 scripta

2000 3816 2203 3883 legens,
2236 3823 2415 3863 aerem
2446 3807 2800 3859 vehementer
2832 3802 2991 3856 labiis
3024 3801 3335 3862 verberare,
3357 3797 3399 3851 si
3428 3796 3589 3849 modo

2000 3912 2184 3974 aperte
2210 3898 2566 3971 pronuntiare
2590 3896 2738 3960 velit,
2761 3910 2879 3962 quae
2904 3892 3043 3945 forte
3071 3890 3391 3944 uanciscens
3425 3896 3591 3955 atque

2001 4009 2397 4065 contorquens,
2434 4002 2526 4046 aut
2553 3990 2820 4044 collidens
2850 3987 3040 4049 etiam,
3076 3999 3140 4038 ac
3173 3992 3378 4036 temere
3416 3982 3590 4034 inter-

2000 4092 2217 4159 jiciens,
2247 4089 2356 4142 imo
2381 4094 2433 4137 et
2470 4093 2753 4147 truncatis,
2783 4080 2872 4133 vix
2906 4078 3122 4132 tandem
3154 4075 3240 4127 ille
3282 4071 3592 4140 conjunxit.

2001 4182 2215 4250 Longas
2257 4190 2476 4246 quoque
2520 4172 2794 4226 interdum
2860 4176 2913 4222 et
2952 4164 3243 4220 immodice
3300 4162 3591 4231 productas

2001 4273 2254 4345 periodos
2283 4268 2413 4323 facit
2448 4263 2883 4320 :obscuritatem
2930 4260 3155 4323 insuper
3198 4265 3362 4324 atque
3408 4253 3590 4305 incer-

2005 4366 2291 4421 titudinem
2337 4375 2436 4427 per
2483 4371 2647 4411 omne
2683 4369 2817 4422 Opus
2859 4350 3315 4412 oﬂuudens,cum
3352 4353 3412 4398 ut
3430 4342 3601 4411 vulgo

2003 4457 2259 4511 videatur
2288 4451 2403 4519 ipsa
2435 4463 2549 4502 sum
2580 4444 2903 4514 eloquentiae
2948 4442 2997 4494 vi
3028 4455 3218 4494 eorum
3268 4438 3427 4503 longe
3492 4448 3591 4487 ca-

300 4559 403 4611 καὶ
438 4556 551 4609 οὐδ’
580 4558 659 4618 είς
691 4555 752 4607 τὸ
785 4528 948 4623 βξιθος
990 4528 1188 4603 αὐτῶν
1218 4547 1389 4600 ἐλθὼν
1432 4547 1490 4598 ὲν
1531 4545 1745 4609 πολλοῖς
1770 4544 1900 4598 πολ-

2009 4556 2159 4615 ptum
2191 4541 2490 4604 excedere;
2524 4548 2634 4590 tum
2665 4545 2746 4599 ιιι,
2789 4535 2932 4602 quod
2986 4533 3037 4586 in
3085 4528 3200 4598 ejus
3229 4528 3406 4583 seusis
3428 4534 3604 4594 atque

298 4646 469 4709 λάκις
495 4644 687 4716 ὲλεγχό
695 4660 875 4714 μενος.

2004 4634 2257 4705 cogitatis
2282 4628 2612 4685 imbecillum
2654 4636 2738 4680 est
2765 4626 2847 4693 (ut
2873 4632 2956 4678 est
2986 4636 3115 4676 sane
3149 4616 3464 4689 plurimum)
3491 4618 3605 4671 hac-

306 4748 427 4816 ipsa
462 4743 816 4805 obscuritate,
839 4748 894 4794 et
915 4733 1577 4807 intelligendidiﬂicultate
1603 4733 1880 4804 obtegere,
1932 4732 2324 4799 sententiasque
2377 4727 2561 4780 celare
2614 4722 2809 4775 vitium
2870 4716 3067 4787 possit.
3112 4712 3337 4768 Videtur
3375 4723 3505 4765 vero
3541 4717 3601 4763 et

314 4803 511 4907 iogicis
534 4832 687 4888 inniti
723 4803 1239 4898 argumentistum
1266 4826 1462 4894 partim
1496 4824 1631 4878 alios
1658 4803 1763 4878 hoc
1801 4826 2019 4878 nomine
2048 4824 2375 4881 insectatur,
2436 4815 2631 4886 partim
2693 4813 2809 4881 ipse
2860 4806 3218 4862 libentissime
3269 4806 3334 4858 iis
3403 4803 3605 4864 utitur,

312 4898 530 4984 tametsi
565 4927 877 4993 frequenter
915 4931 1070 4992 (cum
1102 4934 1224 4974 sero
1250 4920 1354 4973 hoc
1422 4917 1661 4973 studium
1720 4916 2034 4987 arripuerit.
2093 4928 2273 4983 neque
2327 4913 2392 4965 ad
2437 4908 2554 4977 ejus
2580 4906 2771 4961 intima
2801 4900 3126 4974 penetrarit)
3152 4900 3207 4955 in
3240 4898 3428 4954 multis
3454 4911 3607 4966 saepe

312 5020 516 5077 merito
550 5018 755 5072 erroris
782 5026 1022 5071 notatur.

383 5110 839 5181 ’Δνεγνώσθησαν
885 5108 943 5161 δὲ
993 5107 1089 5160 καὶ
1131 5104 1487 5160 Ἐπιστολαὶ
1532 5098 1701 5156 αὐτοῦ
1757 5098 1909 5168 πρὸς

310 5204 666 5273 διαφόρους,
686 5196 1466 5273 μέχριξτεσσαράκοντα.Ἀλλὰ
1484 5196 1577 5248 καὶ
1597 5196 1655 5246 ἐν
1684 5192 1909 5253 ταύταις

312 5297 376 5350 τὸ
399 5295 532 5348 αὐτὸ
556 5295 667 5347 τῶν
694 5294 873 5361 λόγων
918 5286 1056 5355 εἶδος
1083 5287 1457 5361 λεπτουργῶν,
1514 5284 1793 5347 παντελῶς
1813 5281 1908 5335 τοῦ

314 5388 427 5444 τῶν
462 5386 762 5441 ἐπιστολῶν
783 5385 1134 5458 χαρακτῆρος
1181 5382 1305 5436 οὐδὲ
1342 5380 1468 5444 τοὺς
1500 5379 1698 5449 νόμους
1742 5374 1910 5430 ἀκού-

2086 5092 2344 5164 Ejusdem
2368 5103 2587 5160 quoque
2616 5084 2874 5153 Epistolas
2894 5083 2963 5136 ad
2990 5081 3163 5137 varios
3195 5081 3350 5136 lectae
3373 5094 3609 5134 numero

2016 5185 2398 5256 quadraginta.
2434 5181 2501 5235 At
2534 5180 2658 5236 dum
2690 5179 2740 5230 in
2790 5177 2875 5230 his
2926 5176 3053 5228 item
3092 5174 3338 5229 eamdem
3384 5168 3604 5225 dicendi

2019 5280 2250 5333 formam
2279 5273 2551 5329 subtiliter
2570 5270 2810 5332 affectat,
2830 5268 2921 5336 qui
2946 5266 3170 5322 omnino
3199 5262 3497 5333 epistolicae
3520 5260 3602 5313 di-

2017 5370 2217 5429 ctionis
2246 5384 2347 5424 nec
2374 5366 2520 5436 leges
2550 5364 2831 5419 audiverat
2860 5376 3123 5432 unquam,
3163 5372 3266 5414 nec
3313 5359 3368 5412 in
3411 5355 3605 5411 iisdem

1608 5514 1848 5569 VARIIE
1871 5506 2279 5567 LECTIONES.

392 5617 437 5649 ¹²
468 5614 709 5685 ἐμπεσόν
738 5632 799 5679 ς.
880 5614 923 5645 ¹¹
951 5612 1049 5683 ὀψέ
1076 5611 1120 5665 Α
1146 5627 1161 5666 :
1193 5611 1283 5665 ὅτε
1315 5627 1376 5674 ς.
1455 5608 1498 5641 ³³
1526 5607 1875 5679 δημοσιεύειν
1905 5604 1945 5658 Α
1974 5621 1989 5658 :
2024 5601 2086 5655 τὸ
2122 5596 2470 5670 δημοσιεύειν
2500 5595 2747 5665 ὑπῆρχεν
2780 5608 2840 5659 ς.
2917 5590 2962 5623 ¹⁵
2988 5588 3227 5670 alterunt
3246 5582 3358 5638 οὐδ’
3389 5581 3512 5637 add.
3535 5580 3605 5637 Α.

320 5688 366 5721 ⁸³
402 5686 822 5758 περιτυγχάνων
852 5701 916 5747 ς.

398 5828 515 5899 (30)
548 5827 927 5883 Antiocltenus
954 5824 1210 5892 idemque
1240 5818 1581 5891 Mopsuestia:
1611 5815 1784 5886 episc.

1806 5741 2044 5803 NOTIE.

2080 5812 2191 5882 (τι)
2219 5808 2356 5867 Cod.
2386 5809 2444 5873 4,
2477 5807 2530 5875 5,
2566 5806 2619 5862 6.
