4062 6442
495 332 604 397 ιτς)

1600 337 1863 397 ΡΗΟΤΙΙ
1902 336 2414 397 PATRIARCH/E
2447 338 2557 397 (ΖΡ.

3663 338 3775 403 420

495 463 555 501 se
579 451 924 511 exercuerat,
957 445 1229 516 publicam
1267 461 1365 518 per
1401 460 1464 503 ea
1502 444 1741 501 infamia:
1779 454 1962 499 notam
1991 445 2074 498 iu-

2187 463 2280 509 σας
2308 447 2373 513 ¹⁶,
2406 447 2482 515 μή
2504 444 2558 497 τί
2581 461 2646 514 γε
2679 444 2888 516 τριὸεὶς
2919 446 2978 497 ὲν
3010 445 3218 509 αὐτοῖς.
3247 446 3329 511 είς
3368 446 3433 503 τὸ
3484 449 3767 520 στηλιτευ-

451 554 459 563 ’
498 544 693 599 currit.

1140 636 1427 692 CXXXIX.

496 729 655 782 Beati
684 728 965 783 Athanasii
1009 732 1060 782 in
1114 729 1475 783 Ecclesiasten
1506 740 1552 782 et
1583 729 1806 785 Cantica
1839 731 2075 785 cantico-

994 817 1107 852 runt
1136 800 1579 853 Commentarius.

571 953 697 1023 Legi
733 955 908 1021 magni
941 953 1223 1007 Athanasii
1263 954 1316 1005 in
1360 952 1713 1006 Ecclesiasten
1766 962 1815 1006 et
1860 952 2079 1006 Cantica

500 1045 823 1095 canticorum
877 1043 1347 1097 Commentarium.
1398 1044 1641 1098 Dilucide
1698 1044 1852 1107 dicit,
1919 1055 1977 1098 ut
2027 1046 2079 1099 in

499 1137 753 1188 Omnibus
789 1137 909 1208 suis
944 1136 1184 1204 scriptis.
1232 1138 1310 1189 Ad
1348 1151 1539 1189 earum
1591 1145 1770 1190 tamen
1824 1138 1939 1208 (δῖ)
1968 1139 2083 1206 epi-

498 1228 760 1280 stolarnm
787 1202 1012 1295 gratiam
1046 1237 1100 1280 et
1152 1238 1487 1282 venustatem
1514 1270 1528 1293 ,
1566 1230 1762 1296 quibus
1807 1245 2080 1283 secessum

500 1331 725 1373 excusat
750 1334 929 1383 suum,
956 1336 1183 1388 qmeque
1217 1321 1282 1374 ad
1317 1321 1569 1374 exsilium
1603 1323 1878 1390 pertinent
1913 1338 2082 1388 expo-

500 1413 602 1475 nit,
643 1426 815 1479 neque
848 1413 935 1465 hic
964 1413 1125 1476 liber,
1157 1428 1333 1481 neque
1364 1413 1505 1467 alius
1536 1414 1655 1485 ejus
1701 1413 1813 1487 (qui
1862 1416 2081 1485 quidem

501 1504 553 1558 in
587 1520 732 1559 meas
761 1506 1011 1559 inciderit
1051 1508 1263 1577 manus)
1304 1507 1543 1575 attingit.

1213 1684 1371 1740 CXL.

808 1774 1055 1845 Ejusdem
1109 1793 1300 1829 contra
1340 1778 1527 1830 Arium
1568 1777 1689 1831 libri
1723 1792 1777 1832 v.

573 1933 722 1988 Lecti
773 1945 902 1988 sunt
942 1934 1185 2001 ejusdem
1246 1938 1421 1990 sancti
1492 1936 1595 1991 viri
1663 1946 1846 1990 contra
1895 1936 2083 1991 Arium

498 2028 713 2096 ejusque
738 2028 985 2097 dogmata
1015 2028 1135 2083 libri
1175 2029 1441 2097 quinque.

575 2119 746 2189 Hujus
778 2122 943 2176 dictio
985 2122 1298 2191 perspicua,
1333 2133 1390 2175 ut
1423 2123 1553 2178 etin
1593 2125 1808 2179 caeteris
1835 2125 1950 2192 ejus
1966 2138 2083 2178 om-

503 2212 684 2275 nibus,
710 2213 890 2267 sobria
924 2214 1050 2267 item
1087 2226 1139 2269 et
1166 2215 1418 2281 candida,
1442 2218 1845 2286 veltemensque
1873 2232 1936 2271 ac
1960 2233 2084 2287 pro-

502 2306 692 2369 funda,
739 2318 795 2360 et
844 2318 1164 2376 argumenta
1213 2309 1390 2364 valide
1444 2320 1703 2380 torquens
1746 2328 1760 2365 :
1798 2311 1915 2378 ejus
1954 2325 2084 2366 vero

504 2397 724 2450 ubertas
757 2398 808 2450 in
845 2398 930 2451 his
980 2413 1042 2451 ac
1086 2397 1402 2453 fecunditas
1454 2402 1749 2454 admodum
1810 2416 1941 2455 sane
1983 2401 2086 2455 fuit

503 2489 795 2543 mirabilis.
832 2489 1143 2545 Dialecticis
1183 2492 1373 2545 adhaec
1408 2506 1540 2546 usus
1588 2503 1672 2546 est
1725 2494 2082 2562 argumentis,

501 2595 608 2633 non
668 2581 773 2635 illis
831 2583 977 2636 nude
1007 2583 1329 2653 propositis,
1361 2592 1417 2637 et
1461 2584 1707 2652 ipsismet
1754 2599 1819 2638 ex
1858 2600 1919 2640 ea
1967 2598 2085 2639 arte

502 2672 690 2740 petitis
736 2673 959 2728 vocibus
1019 2674 1187 2743 (quod
1241 2676 1393 2744 pueri
1439 2678 1878 2745 recentioresque
1923 2678 2085 2731 disci-

501 2765 638 2832 puli,
681 2765 999 2834 juveuiliter
1029 2783 1150 2822 sese
1197 2784 1258 2821 ac
1307 2768 1542 2837 gloriose
1595 2780 1960 2834 ostentantes,
1999 2785 2087 2823 so-

503 2855 660 2925 lent),
693 2872 879 2912 verum
937 2859 1383 2927 philosophorum
1435 2874 1584 2914 more
1615 2901 1631 2926 ,
1692 2861 2087 2930 magniliceque

494 2951 752 3019 prolatis,
805 2966 869 3005 ac
909 2966 1005 3019 per
1057 2954 1232 3006 nudas
1281 2954 1546 3007 duntaxat
1591 2955 1864 3014 notiones,
1895 2964 1950 3008 et
1989 2956 2086 3009 llas

503 3043 723 3110 quidem
760 3043 898 3097 bene
930 3054 1178 3099 ornatas.
1202 3043 1385 3098 Sacra:
1419 3061 1635 3115 quoque
1670 3045 1965 3113 Scriptura:
2010 3056 2087 3100 te-

2176 537 2342 607 θῆναι
2362 535 2637 591 διέπεσεν.

2891 630 3059 684 ΡΛΘ’.

2189 719 2544 774 Ἀθανασίου
2573 719 2682 775 τοῦ
2703 722 2977 790 μεγάλου
3011 724 3339 791 ὑπόμνημα
3371 726 3460 790 εις
3492 725 3601 780 τὸν
3636 728 3775 782 Ἐκ-

2250 790 2640 859 κλησιαστὴν
2694 794 2794 845 καὶ
2839 794 2927 857 εὶς
2981 800 3054 847 τά
3110 790 3384 863 "Aeniam
3420 794 3540 849 τῶν
3574 798 3773 868 ᾀσμά-

2250 877 2386 919 των,

2249 948 2595 1020 Ἀνεγνὼσθη
2609 950 2701 1004 τοῦ
2723 951 3026 1021 μεγάλουἋ
3036 952 3165 1007 θανα
3176 955 3288 1007 σίου
3308 956 3323 975 ”
3337 958 3667 1026 Υπόμνσημα
3683 961 3773 1024 είς

2180 1042 2288 1094 τὸν
2310 1043 2810 1111 Ἐκκλησιαστὴν
2830 1044 2928 1097 καὶ
2948 1047 3034 1110 εις
3058 1047 3129 1100 τὰ
3151 1049 3413 1117 ’ᾼσματα
3436 1050 3555 1103 τῶν
3576 1051 3775 1120 ᾀσμά-

2181 1135 2583 1206 των.Σαφὴςί¹⁷
2622 1142 2723 1203 μέν
2754 1139 2924 1203 ἐστιν,
2952 1138 3140 1209 ὥσπερ
3171 1142 3443 1211 πανταχοῦ
3466 1143 3574 1195 τῶν
3600 1144 3773 1210 λόγων

2182 1224 2368 1290 αὐτοῦ,
2385 1228 2459 1289 εἰς
2488 1229 2671 1296 μέντοι
2697 1228 2795 1297 τὴν
2826 1230 2983 1299 χάριν
3002 1232 3096 1282 καὶ
3120 1232 3180 1283 τὸ
3198 1233 3393 1297 κάλλος
3416 1234 3524 1286 τῶν
3551 1238 3772 1288 ἐπιστο-

2184 1314 2312 1381 λῶν,
2347 1318 2403 1371 αἳ
2436 1319 2534 1386 τὴν
2567 1320 2864 1387 ἀπολογίαν
2903 1322 3051 1392 αὐτῷ
3071 1322 3174 1391 τῆς
3201 1328 3378 1396 φυγῆς
3422 1327 3520 1379 καὶ
3543 1328 3611 1379 τὰ
3643 1329 3774 1397 περὶ

2184 1407 2354 1477 αὐτὴν
2422 1408 2808 1480 ἐξεργάζονται
2844 1412 2909 1477 ³⁸,
2942 1411 3064 1465 οὔτε
3121 1414 3239 1467 τάδε
3277 1417 3339 1468 τὸ
3396 1417 3626 1487 βιϐλίον,
3657 1419 3771 1471 ἀλλ’

2184 1498 2294 1551 οὐδ’
2320 1499 2448 1553 ἄλλο
2476 1519 2551 1565 τι,
2590 1503 2691 1556 ὅσα
2713 1503 2815 1574 ἐμὲ
2847 1503 2957 1556 τῶν
3007 1504 3173 1558 αὑτοῦ
3206 1507 3429 1575 εἰδέναι,
3465 1510 3619 1563 οὐδὲν
3642 1512 3772 1564 ἀνα·

2186 1591 2413 1661 φέρεται
2450 1592 2517 1647 ’⁸.

2924 1692 3059 1744 PM'.

2120 1788 2163 1844 Β
2194 1776 2305 1831 Τοῦ
2359 1779 2567 1861 αὐτοῦ.
2606 1780 2755 1834 κατὰ
2803 1780 2922 1835 τῶν
2948 1784 3330 1861 τοᾷἈρείου
3388 1786 3695 1858 δογμάτων
3721 1791 3760 1861 ἡ

2558 1852 2575 1888 \
2775 1852 3192 1922 πεντάὸιϐλοςῖ.

2255 1942 2599 2010 Ἀνεγνὼσθη
2632 1944 2726 1997 τοῦ
2760 1946 2927 1999 αὑτοῦ
2976 1948 3189 2020 ἁγίουή
3234 1951 3396 2004 Κατὰ
3424 1951 3645 2020 Ἀρείου
3670 1954 3762 2007 καὶ

2182 2034 2303 2089 τῶν
2318 2037 2506 2090 αὑτοῦ
2530 2037 2840 2108 δογμάτων
2864 2041 3359 2115 πεντάϐιὸλος.Τὴν
3380 2046 3479 2115 μὲν
3497 2046 3543 2078 ³ο
3570 2046 3768 2116 φράσιν

2186 2128 2367 2199 σαφής
2396 2129 2457 2182 τέ
2487 2133 2656 2197 ἐστιν,
2684 2133 2761 2196 ὼς
2792 2135 2885 2187 καὶ
2911 2136 2969 2187 ὲν
3011 2137 3169 2201 πᾶσι,
3209 2137 3299 2189 καὶ
3354 2138 3647 2208 ἀπέριττος
3677 2140 3773 2193 καὶ

2184 2222 2414 2293 ἀφελὴς,
2447 2225 2646 2295 δριμὺς
2677 2227 2734 2280 δὲ
2766 2230 2806 2260 ¹¹
2842 2229 2937 2282 καὶ
2990 2230 3157 2300 βαθὺς
3202 2233 3296 2284 καὶ
3334 2231 3455 2285 λίαν
3506 2236 3618 2297 τοῖς
3647 2234 3773 2285 επι-

2185 2318 2517 2387 χειρήμασιν
2571 2319 2807 2384 εὔτονος.
2846 2324 2954 2375 Καὶ
2984 2322 3045 2376 τὸ
3079 2324 3303 2395 γόνιμον
3336 2326 3392 2379 δὲ
3442 2327 3629 2390 αὐτοῖς
3659 2327 3771 2396 ἡλί-

2187 2426 2281 2461 κον
2352 2412 2474 2463 ὅσον
2540 2414 2635 2468 καὶ
2704 2414 3029 2485 θαυμάσιον.
3092 2419 3356 2485 Λογικαῖς
3410 2436 3469 2472 τε
3530 2419 3774 2488 μεθόδοις

2188 2499 2303 2552 οὔτι
2336 2502 2380 2532 ’³
2434 2504 2657 2571 γυμνῶς
2718 2510 2812 2559 καὶ
2861 2507 2968 2559 ἀπὸ
3030 2507 3138 2560 τῶν
3189 2508 3235 2540 ⁸³
3287 2509 3498 2562 ἐκεῖθεν
3549 2510 3767 2574 λέξεων,

2187 2592 2376 2665 ὥσπερ
2402 2596 2450 2647 οἱ
2487 2598 2676 2660 παῖδες
2703 2601 2794 2652 καὶ
2825 2602 3149 2671 ἀρτιμαθεῖς
3201 2603 3535 2674 μειρακιώδη
3565 2604 3766 2672 φιλοτι-

2193 2686 2318 2755 μίαν
2347 2687 2782 2760 ἐπιδεικνύμενοι
2840 2693 3198 2761 πράττουσιν,
3248 2693 3361 2747 ἀλλ’
3391 2695 3763 2765 ὲμφιλοσόφως

2186 2793 2246 2827 τε
2274 2779 2367 2829 καὶ
2398 2780 2831 2853 μεγαλοπρεπῶς
2863 2785 2958 2836 καὶ
3005 2788 3127 2847 ταῖς
3173 2785 3403 2849 ἐννοίαις
3440 2786 3650 2855 μόναις,
3678 2786 3771 2838 καὶ

2188 2868 2415 2933 ταύταις
2441 2872 3016 2945 διεσχηματισμέναις,
3036 2876 3433 2947 ἀποκέχρηται,
3466 2877 3770 2947 Γραφικαίς

2190 2978 2247 3014 τε
2279 2965 2609 3035 μαρτυρίαις
2635 2966 2731 3019 καὶ
2761 2966 3103 3032 ἀποδείξεσιν
3133 2972 3213 3030 εἰς
3246 2969 3308 3021 τὸ
3339 2969 3607 3040 καρτερὸν
3635 2987 3775 3023 κατ-

2191 3056 2499 3126 ωχύρωναι.
2527 3059 2635 3110 Καὶ
2671 3059 2859 3122 ἁπλῶς
2901 3063 3062 3132 ἀρκεῖ
3109 3060 3171 3114 τὸ
3215 3060 3418 3131 βιϐλίον
3447 3062 3606 3114 τοῦτο
3631 3062 3778 3115 κατὰ

503 3135 779 3189 stimoniis
815 3151 881 3190 ac
922 3136 1066 3207 98b
1118 3138 1673 3195 demonstrationibus
1713 3140 1891 3194 valide
1937 3155 2082 3193 com-

2192 3145 2372 3216 πάσης
2400 3146 2686 3218 ’Δρειανῆς
2714 3152 3095 3221 παρατάξεως.
3125 3155 3235 3206 Καὶ
3266 3151 3418 3217 εἴτις
3449 3153 3542 3206 τὸν
3570 3153 3775 3206 85016-

503 3229 747 3281 nmnitur
774 3249 786 3283 :
821 3238 876 3283 et
907 3241 965 3283 ut
998 3245 1104 3283 uno
1130 3230 1297 3285 verbo
1326 3231 1628 3295 absolvam,
1654 3232 1804 3287 solus
1835 3232 1920 3286 hic
1949 3232 2082 3286 libet

2188 3253 2283 3305 γον
2315 3239 2617 3311 Γρηγόριον
2671 3242 2766 3295 καὶ
2807 3243 2898 3297 τὸν
2940 3245 3083 3297 θεῖον
3129 3245 3409 3299 Βασίλειον
3456 3248 3519 3299 ὲκ
3566 3245 3779 3316 ταύτης

502 3319 572 3373 ad
631 3320 998 3374 Arianismum
1052 3323 1364 3376 universum
1420 3322 1776 3377 refellendum
1840 3323 2082 3379 sullicere

2187 3328 2376 3403 ὥσπερ
2403 3333 2510 3386 ἀπὸ
2554 3332 2601 3364 ³⁸
2634 3336 2816 3404 πηγῆς
2848 3337 3229 3406 ἀρυσαμένους
3276 3336 3409 3408 φαίη
3456 3337 3554 3408 τῆς
3587 3337 3777 3407 βίϐλου

500 3421 686 3479 queat.
726 3411 837 3467 lmo
870 3415 960 3481 qui
996 3413 1313 3483 Gregorium
1339 3413 1692 3484 Tlteologum,
1732 3425 2082 3484 sanctumque

2187 3422 2315 3484 τοὺς
2343 3423 2543 3486 καλοὺς
2570 3426 2813 3489 ἐκείνους
2854 3427 2978 3498 [517
3017 3431 3112 3502 1L]
3138 3431 3231 3483 καὶ
3275 3430 3489 3496 διειδεῖς
3539 3433 3645 3485 τῶν
3687 3436 3777 3487 οι-

484 3499 764 3555 Βιιεὶιὶυιιι
814 3505 1015 3558 dixerit
1062 3520 1124 3559 ex
1185 3507 1286 3561 hoc
1350 3518 1607 3575 tanquam
1659 3504 1809 3559 fonte
1864 3507 2082 3563 haustos

2187 3514 2350 3567 κείων
2378 3515 2549 3584 λόγων
2574 3518 2716 3571 κατὰ
2739 3520 2839 3590 τῆς
2870 3522 3081 3593 πλάνης
3109 3523 3301 3594 ῥεῦσαι
3327 3528 3630 3602 ποταμούς,
3666 3528 3779 3580 οὐκ

498 3592 750 3660 egregios
793 3593 911 3646 illus
954 3604 1008 3648 et
1046 3594 1301 3665 limpidus
1343 3596 1605 3649 librorum
1663 3610 1890 3651 Suorum
1938 3600 2087 3653 rivos

499 3691 694 3736 contra
740 3687 988 3737 eumdem
1015 3700 1262 3741 errorem
1311 3685 1643 3756 profudisse,
1675 3702 1809 3743 sane
1852 3704 1881 3742 a
1922 3704 2088 3761 scopo

501 3772 725 3828 minime
751 3774 1038 3829 aberrarit.

1204 3870 1387 3929 CXLI.

790 3953 1027 4009 Basilius
1059 3955 1287 4028 Magnus
1326 3962 1380 4012 in
1414 3959 1801 4018 Hexaemeron.

484 4090 485 4093 η
573 4043 829 4114 Legimus
879 4048 939 4104 Β.
972 4048 1229 4104 Basilium
1275 4055 1333 4105 in
1383 4072 1511 4118 opus
1562 4072 1655 4110 sea:
1697 4059 1901 4113 dierum
1948 4058 2085 4130 (53),

499 4134 625 4208 [seu
656 4140 721 4192 de
752 4142 934 4194 mundi
984 4142 1239 4215 fabrica].
1297 4144 1789 4204 Prmstantissimus
1831 4161 1913 4205 est
1943 4152 1994 4205 in
2024 4152 2087 4205 li-

502 4230 615 4283 bris
666 4232 938 4287 omnibus.
993 4234 1133 4288 Pura
1198 4239 1343 4290 enim
1404 4239 1662 4306 dictione,
1720 4243 2081 4312 signiﬁcante,

502 4324 743 4390 propria,
765 4334 817 4377 et
835 4327 1058 4379 omnino
1080 4328 1223 4381 civili
1247 4344 1308 4383 ac
1333 4333 1680 4402 panegyrica,
1708 4334 1751 4388 si
1775 4336 1896 4402 quis
1923 4336 2082 4403 alius,

502 4412 576 4464 uti
609 4415 755 4467 novit
795 4433 808 4469 :
843 4431 1211 4487 sensuumque
1239 4422 1428 4475 ordine
1454 4438 1520 4478 ac
1542 4426 1773 4492 puritate
1790 4428 2083 4494 prinms,et

501 4505 704 4557 nemini
742 4508 1015 4562 secundus
1043 4520 1289 4577 apparet.
1318 4510 1439 4565 Jam
1477 4515 1836 4581 persuadendi
1867 4534 2083 4589 quoque

499 4595 633 4659 vim,
668 4597 1135 4666 acjucunditatem
1161 4618 1283 4657 cum
1309 4606 1887 4675 perspicuitatefamat,
1923 4621 2085 4682 atque

502 4696 575 4739 .ta
611 4687 725 4755 ejus
751 4690 869 4745 ﬂuit
919 4695 1120 4759 oratio,
1167 4697 1323 4763 quasi
1363 4696 1526 4764 ultro,
1569 4708 1824 4769 tauquam
1869 4718 1901 4757 e
1937 4705 2085 4762 fottte

501 4778 729 4847 rivulus,
784 4786 1101 4838 scaturiret.
1160 4787 1645 4845 Verisimilitudine
1694 4804 1873 4848 autem
1914 4812 2085 4865 usque

499 4884 567 4923 eo
587 4882 668 4925 est
703 4888 852 4936 usus,
904 4887 963 4928 ut
996 4878 1038 4931 si
1078 4879 1202 4947 quis
1244 4879 1365 4949 ejus
1411 4896 1691 4937 sermones
1750 4901 1846 4954 pro
1899 4887 2076 4942 civilis

499 4964 763 5019 orationis
800 4969 1046 5037 exemplo
1092 4971 1193 5023 sibi
1230 4974 1594 5039 proposuerit,
1638 4974 1690 5027 in
1750 4978 1923 5045 iisque
1956 4986 2076 5035 sese

496 5056 805 5110 exercuerit
856 5056 1042 5126 (modo
1082 5074 1405 5127 nejeorum,
1436 5077 1555 5131 quae
1607 5063 1713 5120 huc
1767 5067 2072 5135 conferunt,

2188 3605 2278 3671 ἂν,
2307 3602 2485 3678 οἶμαι,
2518 3611 2751 3682 σφαλείη
2786 3611 2880 3665 τοῦ
2912 3615 3380 3695 παραδείγματος.

2886 3881 3068 3936 PMA'.

2255 3967 2582 4023 Βωιλειόυ
2614 3966 2724 4023 τοῦ
2747 3971 3019 4042 μεγάλου
3054 3976 3142 4040 εὶς
3170 3974 3285 4045 τὴν
3319 3978 3697 4048 Έξαήμερον.

2270 4060 2610 4132 Ἀνεγνώσθη
2644 4062 2929 4116 Βασιλείου
2976 4064 3069 4118 τοῦ
3124 4066 3414 4121 θεσπεσίου
3441 4072 3508 4123 τὰ
3538 4075 3625 4138 εἰς
3655 4072 3779 4140 τὴν

2203 4148 2586 4221 Ἐξαήμερον.
2622 4154 2877 4224 ’Ἄριστος
2900 4156 2998 4225 μὲν
3016 4158 3060 4189 ’⁵
3094 4158 3151 4210 ἐν
3187 4161 3321 4213 πᾶσι
3352 4165 3464 4224 τοῖς
3489 4164 3653 4216 αὑτοῦ
3680 4165 3776 4217 λό-

2186 4258 2305 4309 γοις
2336 4244 2363 4295 ὁ
2405 4244 2579 4313 μέγας
2634 4244 2952 4310 Βασίλειοςο
2988 4248 3129 4314 λέξει
3159 4269 3218 4304 τε
3279 4255 3388 4323 γὰρ
3418 4256 3636 4327 καθαρᾷ
3675 4259 3770 4311 καὶ

2186 4335 2414 4406 εὐσήμῳ
2442 4338 2537 4390 καὶ
2572 4339 2741 4411 κυρίᾳ
2777 4342 2873 4394 καὶ
2907 4341 3046 4407 ὅλως
3097 4344 3345 4418 πολιτικῇ
3383 4350 3476 4401 καὶ
3516 4367 3764 4420 πανηγυ-

2188 4431 2315 4499 ρικῇ
2341 4428 2532 4497 δεινὸς,
2564 4431 2727 4497 εἴτις
2758 4434 2935 4501 ἄλλος,
2970 4440 3304 4507 χρήσασθαι,
3365 4444 3655 4513 νοημάτων
3705 4461 3767 4497 τε

2184 4520 2335 4584 τάξει
2368 4522 2462 4574 καὶ
2496 4523 2832 4596 καθαρότητι
2863 4530 3107 4599 πρῶτος,
3141 4532 3255 4585 ἀλλ’
3290 4535 3504 4599 οὐδενὸς
3519 4537 3770 4608 δεύτερος

2182 4610 2450 4683 ᾇδεται²⁶·
2472 4615 2833 4688 πιθανότητος
2859 4621 2915 4673 δὲ
2943 4623 3038 4675 καλ⁹
3067 4624 3399 4696 γλυκύτητος
3429 4630 3523 4681 καί
3544 4646 3607 4695 γε
3629 4631 3771 4699 λαμ-

2183 4704 2457 4774 πρότητος
2483 4708 2741 4779 ἐραστὴς,
2772 4713 2866 4765 καὶ
2903 4714 3045 4784 ῥέων
3072 4715 3149 4787 τῷ
3175 4717 3339 4787 λόγῳ,
3368 4722 3463 4774 καὶ
3494 4721 3683 4794 ὥσπερ
3708 4724 3768 4791 ἐξ

2182 4796 2532 4867 αὐτοσχεδίου
2567 4801 2833 4869 πηγάζων
2887 4805 2947 4857 τὸ
2976 4810 3209 4878 ῥεῖθρον.
3260 4813 3371 4865 Καὶ
3422 4815 3498 4884 τῷ
3557 4817 3770 4886 πιθανῷ

2182 4888 2239 4941 δὲ
2285 4890 2328 4920 ⁸⁷
2363 4892 2456 4943 ἐπὶ
2485 4894 2738 4948 τοσοῦτον
2777 4892 2913 4966 ἧκεν
2961 4904 3437 4973 ἀποκεχρημένος,
3483 4908 3559 4967 ὡς
3602 4909 3770 4973 εἴτις

2188 4981 2470 5036 πολιτικοῦ
2526 4986 2687 5055 λόγου
2751 4991 2879 5055 τοὺς
2944 4994 3109 5046 αὑτοῦ
3168 4996 3360 5064 λόγους
3413 5001 3769 5071 παράδειγμα

2186 5075 2362 5146 ἑαυτῷ
2394 5077 2535 5149 θείη,
2591 5080 2784 5136 ἔπειτα
2836 5085 3059 5152 τούτους
3093 5089 3430 5163 ἐκμελετῴη,
3470 5094 3605 5165 μηδὲ
3658 5097 3769 5148 τῶν

1765 5184 2000 5241 VARl/E
2045 5188 2338 5246 LECTION
2350 5194 2450 5251 ES.

571 5270 615 5301 ’⁸
642 5269 873 5323 ἀκοῦσαι
1042 5343 1051 5347 _
1082 5272 1125 5304 "
1156 5274 1337 5342 σαφής
1368 5275 1455 5347 A_:
1504 5276 1601 5327 καὶ
1635 5278 1813 5347 σαφής
1846 5297 1907 5342 ς.

496 5340 722 5408 φέρεται
764 5358 824 5403 ς.
902 5345 948 5373 ²⁰
989 5343 1087 5411 μέν
1112 5347 1156 5395 Α
1187 5361 1198 5396 :
1248 5340 1344 5411 μὲν
1366 5341 1458 5398 οὖν
1487 5363 1548 5409 ς.
1625 5349 1665 5378 ’⁸
1699 5340 1905 5402 (ie-add.
1940 5350 2006 5403 A.

494 5411 550 5464 δέ
584 5428 645 5474 ς.

2012 5281 2055 5312 ιθ
2090 5282 2145 5369 (3-?
2168 5313 2239 5369 -ῐ-
2268 5286 2659 5369 ὲξεργάβςονται
2685 5292 2776 5369 A_:_
2808 5290 2895 5369 αἶς
2926 5322 2990 5334 --
3029 5297 3383 5369 ἐξεργάζεται
3428 5319 3487 5366 ς.

3586 5302 3627 5332 ις
3657 5300 3766 5371 ἄρα

1851 5355 1905 5429 ll.
1940 5353 2006 5403 Α.

2187 5353 2381 5442 ὤτερ
2415 5353 2422 5355 ‘
2463 5361 2508 5391 υ
2535 5362 2646 5414 τῶν
2676 5353 2898 5442 add}.
2978 5368 3022 5399 υ
3049 5353 3307 5442 etiamid.
3333 5373 3400 5426 A.
3436 5353 3455 5366 ⁸
3475 5353 3525 5404 λε
3556 5372 3654 5442 μέν
3676 5353 3721 5425 Α
3745 5392 3761 5425 ε

743 5414 789 5442 ²⁶
828 5412 1015 5482 ᾅδεται
1046 5430 1111 5467 an
1142 5415 1339 5477 εἴδεται
1391 5418 1584 5470 habeat
1622 5419 1663 5469 A
1694 5432 1799 5470 nun
1829 5420 1994 5490 liquet
2024 5438 2036 5473 :
2075 5441 2082 5472 ι

2187 5442 2275 5477 ται
2302 5412 2386 5481 (ῖι
2420 5445 2530 5485 οιη.
2580 5449 2641 5495 ς.

2732 5435 2775 5465 "
2804 5436 2861 5488 δὲ
2894 5452 3004 5491 om.
3034 5438 3099 5491 A.

1995 5514 2226 5573 NOTAE.

567 5598 679 5671 (53)
708 5598 889 5671 Lectis
916 5609 1037 5654 sunt
1070 5618 1193 5671 sup.
1229 5580 1404 5657 codie.
1427 5603 1513 5657 52.

567 5669 680 5738 (3'5)
720 5670 988 5725 Plutarchi
1026 5669 1295 5745 libellum,
1351 5674 1425 5727 De
1459 5677 1807 5729 animantium
1852 5689 2067 5745 natura,

500 5754 747 5809 magnam
767 5752 975 5809 partem
997 5744 1272 5799 aemulum.
1303 5744 1454 5801 Sicut
1480 5746 1720 5802 vicissim
1748 5749 1810 5802 Β.
1838 5744 2070 5807 Αιηιποὲ

2177 5615 2309 5683 sius,
2340 5616 2415 5670 De
2443 5636 2597 5689 opere
2631 5635 2721 5675 sua:
2744 5622 2971 5691 dierum,
3017 5636 3308 5683 tractatum
3340 5632 3408 5686 ab
3440 5630 3541 5687 hoc
3566 5631 3763 5690 Basilio

2178 5697 2263 5741 est
2295 5700 2595 5745 mutuatus.
