4062 6460
269 339 383 404 421

1241 342 1770 404 BIBLIOTHECA.
1810 367 1882 379 -
1913 341 2131 402 CODD.
2163 343 2488 403 CXXXIX-
2507 343 2755 406 CXLVI.

3484 347 3604 413 '42.."

274 459 359 520 εἰς
417 455 604 509 τοῦτο
657 453 1066 510 συντελούντων
1118 455 1368 525 δηλονότι
1424 458 1610 528 νόμων
1679 459 1902 529 ἄπειρος

2016 459 2445 528 ιητιιεθριίοιιιηη
2505 461 2658 515 rudis
2704 461 2819 530 sit),
2854 460 3060 515 nullum
3101 463 3266 518 alium
3317 479 3602 536 praeterea,

277 549 594 618 ὑπάρχων,
622 547 840 610 οὓόενὸς
869 548 916 580 ’δ
969 549 1134 602 αὐτὸν
1175 550 1367 622 ἐτέρου
1411 550 1705 620 δεήσεσθαι
1728 547 1906 622 οἶμαι,

285 641 418 695 οὔτε
451 641 753 702 Πλάτωνος
783 637 907 692 οὔτε
937 641 1338 711 Δημοσθένους,
1372 637 1454 707 οἷς
1482 643 1533 696 oi
1565 643 1787 697 παλαιοὶ
1825 645 1914 696 ἑν-

287 732 604 804 διατρίϐειν
645 733 1074 802 προτρέπονται,
1131 735 1212 796 εἰς
1245 733 1308 787 τὸ
1364 733 1642 789 πολιτικόν
1692 751 1755 789 τε
1811 735 1908 789 καὶ

292 824 683 898 πανηγυρικὸν
714 826 930 897 ῥήτορα
954 825 1232 894 γενέσθαι.

1025 920 1184 974 PMB’
1194 959 1209 974 .

695 1010 812 1065 Τοῦ
839 1011 1031 1066 αὐτοῦ
1083 1013 1306 1067 Ἠθικοὶ
1329 1013 1525 1084 λόγοι.

393 1108 530 1181 [169
553 1104 640 1175 HJ
688 1104 1143 1176 ’Δνεγνώσθησαν
1185 1105 1356 1160 αὐτοῦ
1395 1107 1486 1159 καὶ
1519 1107 1570 1160 οἱ
1617 1106 1904 1178 λεγόμενοι

2017 562 2280 620 quantum
2314 553 2534 622 quidem
2566 555 2846 617 existimo,
2893 556 3306 614 desideraturus
3353 578 3474 616 esse
3518 563 3603 618 νὶ-

2017 640 2248 704 deatur;
2294 656 2402 694 non
2443 643 2618 711 ipsum
2650 659 2868 713 quoque
2903 645 3206 714 Platonem,
3241 651 3353 703 sive
3410 650 3605 708 Demo-

2012 733 2429 802 sthenem,quus
2443 743 2621 788 tamen
2639 740 2932 792 versandos
2945 740 3151 809 antiqui
3171 743 3490 810 praecipiunt
3513 745 3600 812 iis,

2009 825 2102 894 qui
2121 825 2174 878 in
2193 835 2440 883 oratores
2453 829 2643 884 civiles
2659 844 2721 882 ac
2738 831 3099 902 panegyricos
3115 833 3345 889 evadere
3359 839 3599 904 cupiant.

2701 920 2906 977 CXLII.

2411 1012 2664 1082 Ejusdem
2702 1014 2987 1070 Orationes
3017 1018 3227 1072 etltica'.

2076 1099 2333 1173 Legimus
2361 1104 2605 1174 ejusdem
2640 1118 2695 1161 et
2727 1110 2955 1162 morale:
2980 1111 3248 1163 orationes
3275 1127 3294 1164 :
3323 1111 3374 1165 in
3400 1114 3601 1182 quibus

339 1201 566 1260 Ἠθικοὶ
591 1200 768 1266 λόγοι,
810 1199 870 1252 ἐν
906 1195 988 1262 οἷς
1020 1200 1225 1252 ἅπασιν
1260 1199 1696 1272 ἡπροειρημένη
1731 1200 1902 1271 ἀρετὴ

2012 1196 2262 1251 omnibus
2308 1198 2622 1267 supradicta
2673 1201 2888 1255 dicendi
2957 1203 3132 1256 virtus
3199 1206 3436 1260 maxime
3481 1207 3599 1262 elu-

339 1297 447 1351 τῶν
478 1294 631 1361 λόγων
657 1289 897 1360 μάλιστα
921 1290 1287 1360 διαφαίνεται.

1027 1387 1184 1440 PMI"
1194 1425 1207 1439 .

739 1479 852 1536 Τοῦ
878 1478 1070 1533 αὐτοῦ
1111 1477 1490 1530 Ἐπιστολαί.

403 1572 798 1646 Ἆνεγνὼθησαν
817 1573 874 1626 δὲ
895 1571 1062 1625 αὐτοῦ
1080 1572 1174 1624 καὶ
1189 1568 1564 1631 Ἐπιστολαὶ,
1587 1568 1650 1623 αἴ
1660 1585 1720 1620 τε
1745 1583 1906 1620 κανο-

325 1672 460 1723 νικαὶ
479 1670 575 1722 καὶ
604 1668 666 1720 τὺ
699 1667 828 1722 ἄλλο
861 1664 1084 1736 πλῆθος,
1129 1665 1196 1726 ἃς
1227 1664 1510 1734 διαφόροις
1543 1661 1862 1714 ἐπέστειλεν
1882 1675 1898 1692 ⁶

316 1762 370 1826 ἐξ
396 1755 471 1814 ὧν
495 1759 556 1813 τό
583 1776 647 1813 τε
679 1755 816 1830 ἦθός
843 1758 961 1810 ἐστι
988 1756 1083 1810 τοῦ
1115 1756 1327 1827 ἀνδρὸς,
1353 1756 1538 1808 ὁποῖον
1567 1749 1636 1825 ἦν
1672 1752 1900 1820 ὰξιάγα-

2006 1290 2200 1342 cescit.

2693 1383 2922 1441 CXLIII.

2529 1473 2786 1544 Ejusdem
2818 1476 3097 1542 Εμίδιοίω.

2075 1563 2358 1636 Leguntur
2386 1564 2636 1636 ejusdem
2689 1569 2950 1636 Epistola-
3000 1585 3124 1623 cum
3153 1570 3452 1637 canoniczc,
3482 1579 3598 1628 tttm

2008 1658 2248 1724 reliquas,
2288 1673 2419 1711 sane
2473 1658 2692 1720 multra,
2730 1661 2795 1711 ad
2831 1661 3014 1713 varios
3058 1662 3255 1716 missae.
3296 1662 3372 1715 Ex
3423 1663 3512 1717 his
3543 1675 3601 1720 et

2005 1750 2110 1803 viri
2163 1766 2365 1817 mores,
2407 1766 2571 1820 quam
2609 1753 2915 1806 admirandi
2968 1752 3192 1817 fuerint,
3236 1753 3397 1808 facile
3427 1772 3598 1825 appa-

311 1871 446 1915 στον,
475 1827 914 1922 χαρακτήρίσαι,
976 1849 1071 1903 καὶ
1117 1849 1320 1902 κανόνα
1349 1846 1536 1900 λαϐεῖν
1564 1845 1631 1900 ἂν
1656 1844 1834 1910 ἄλλως
1855 1844 1900 1878 ³⁸

2012 1854 2112 1908 ret,
2145 1853 2200 1897 et
2245 1859 2431 1898 norma
2486 1859 2608 1899 esse
2648 1855 2847 1913 queant
2879 1845 2946 1916 (si
3003 1845 3109 1900 alia
3146 1845 3292 1900 nulla
3320 1851 3596 1922 suppetat)

299 1962 384 2008 τις
413 1944 494 2015 μὴ
521 1943 650 2015 ἔχῃ,
679 1941 1091 2012 ὲπιστολιμαίου
1127 1940 1475 2012 χαρακτῆρος
1505 1939 1574 1996 ³ο,

1011 2035 1188 2088 ΡΜΔ’.

738 2125 850 2181 Τοῦ
880 2126 1067 2179 αὑτοῦ
1109 2128 1297 2191 Ἀσκη
1306 2124 1460 2180 τικά.

362 2218 728 2288 ’Δνεγνὼσθη
753 2219 847 2271 καὶ
868 2217 937 2270 τὰ
964 2218 1314 2284 Ἀσκητικὰ.
1339 2219 1508 2288 ἤγουν
1526 2218 1571 2250 ³¹
1594 2219 1905 2292 ἁσκητικῆς

291 2314 589 2375 πολιτείας
617 2310 912 2380 ὑποθῆκαι,
943 2309 1068 2362 καθ’
1117 2310 1182 2372 ii;
1204 2327 1290 2373 τις
1314 2309 1464 2380 βιοὺς
1503 2311 1604 2384 τὴν
1653 2313 1905 2385 οὐράνιον

290 2408 522 2476 οἰκήσει
550 2405 852 2478 βασιλείαν.
872 2404 968 2456 Ἓν
995 2403 1178 2473 μέντοι
1210 2404 1255 2434 ³²
1281 2405 1739 2477 παρηλλαγμένον
1756 2407 1905 2460 ἔστιν

292 2499 448 2562 ἰδεῖν,
490 2499 556 2550 τὸ
586 2495 892 2568 κεχρῆσθαι
924 2496 1091 2550 αὐτὸν
1118 2496 1427 2567 ἐμφάσεσιν
1476 2500 1534 2551 ὲν
1567 2499 1784 2563 πολλοῖς
1814 2518 1905 2554 κε-

289 2590 586 2662 φαλαίοις.

773 2739 781 2744 _
1022 2682 1208 2736 PME'.

788 2772 1107 2828 Ἑλλαδίου
1151 2771 1428 2836 Λεξικόν.

368 2863 737 2937 Ἀνεγνὼσθη
756 2864 1012 2930 Λεξικὸν
1041 2865 1185 2918 κατὰ
1219 2867 1481 2935 στοιχεῖον
1498 2865 1795 2931 Ἑλλαδίου,
1826 2858 1903 2920 ὧν

288 2958 465 3030 ἴσμεν
504 2957 736 3022 λεξικῶν
790 2955 1286 3027 πολυστιχὼτατον.
1331 2957 1405 3010 Οὐ
1434 2957 1632 3022 λέξεων
1656 2957 1713 3010 δὲ
1741 2958 1904 3028 μόνον

283 3053 317 3120 ἡ
353 3048 702 3118 συναγωγὴ,
735 3047 848 3102 ἀλλ’
878 3049 1049 3101 ἐνίοτε
1098 3049 1194 3102 καὶ
1219 3049 1582 3118 κομματικῶν
1611 3067 1774 3103 τινων
1802 3068 1904 3120 χα-

2009 1937 2530 1992 conscribendamm
2567 1937 2947 2008 epistularum.

2682 2031 2838 2086 CXLI
2853 2032 2914 2090 V.

2527 2120 2783 2190 Ejusdem
2815 2126 3077 2184 Ascetica.

2078 2211 2332 2280 Legimus
2361 2223 2416 2267 et
2443 2212 2680 2268 Ascetica
2711 2217 2846 2289 (54),
2900 2219 3003 2274 hoc
3026 2233 3109 2276 est
3133 2227 3446 2282 monastica:
3475 2228 3600 2284 vitae

2007 2306 2398 2375 praceptioucs
2450 2323 2465 2360 :
2522 2322 2587 2361 ex
2635 2324 2866 2378 quarum
2910 2314 3129 2382 quidem
3167 2329 3434 2389 praecepto
3503 2324 3598 2390 qui

2008 2399 2224 2461 vixerit,
2257 2399 2467 2453 ('(Blcsti
2496 2411 2646 2456 certe
2673 2418 2838 2471 regno
2866 2406 3158 2474 aliquando
3199 2413 3459 2478 potiatur.
3499 2416 3598 2473 Hic

2008 2504 2173 2541 unum
2212 2489 2343 2541 illud
2379 2489 2659 2544 insolitum
2697 2495 2900 2557 videas,
2941 2501 3083 2566 quod
3117 2501 3168 2554 in
3200 2503 3474 2571 plerisque
3503 2523 3598 2562 ca-

2007 2581 2211 2651 pitibus
2254 2583 2677 2640 indicatiouibus
2712 2587 2826 2656 ('55)
2865 2591 2935 2642 sit
2967 2605 3118 2650 usus.

2697 2678 2905 2735 CXLV.

2543 2769 2781 2825 Helladii
2801 2773 3054 2830 Lexicon.

2077 2859 2207 2934 Legi
2243 2861 2474 2917 Lexicon
2503 2864 2638 2935 (55‘)
2671 2865 2899 2920 IIelladii
2953 2869 3224 2938 alphabeti
3273 2873 3416 2926 serie
3460 2889 3596 2928 con-

2006 2957 2297 3026 scriptum,
2354 2958 2650 3012 maximum
2684 2974 2870 3014 eorum
2916 2975 3035 3030 quae
3076 2964 3323 3018 novimus
3366 2965 3596 3023 Lexico-

2008 3065 2147 3113 rum,
2182 3065 2290 3103 non
2326 3051 2619 3104 verborum
2650 3051 2914 3106 duntaxat
2945 3054 2994 3107 in
3031 3070 3095 3108 eo
3117 3055 3260 3126 99a
3307 3057 3452 3114 facta
3483 3061 3596 3113 col-

287 3143 615 3214 ριεστὰτων
665 3141 841 3210 λόγων
871 3142 966 3193 καὶ
1015 3142 1095 3204 εἰς
1127 3140 1303 3194 κώλου
1337 3141 1600 3205 πολλάκις
1654 3143 1902 3197 σύνθεσιν

2015 3141 2270 3207 lectione,
2301 3143 2397 3197 sed
2435 3144 2707 3198 interdum
2739 3146 2904 3200 etiam
2946 3148 3241 3203 incisorum
3281 3166 3443 3220 quam
3479 3153 3596 3208 ele-

287 3234 789 3304 ἁπαρτιζομένων.
820 3231 994 3296 Πεζοῦ
1044 3233 1104 3286 δὲ
1159 3232 1322 3300 λόγου
1365 3233 1484 3286 ἐστὶ
1535 3233 1594 3285 τὸ
1649 3233 1900 3288 πλεῖστον

287 3330 402 3382 τῶν
428 3327 666 3393 λέξεων,
689 3324 805 3379 ἀλλ’
829 3324 953 3394 οὐχὶ
985 3323 1293 3395 ποιητικοῦ,
1330 3323 1521 3395 ὥσπερ
1549 3326 1582 3395 ἡ
1618 3326 1900 3393 Διογενια-

287 3422 364 3494 νῷ
392 3419 781 3490 ὲκπονηθεῖσα
808 3418 1043 3488 συλλογή
1063 3435 1078 3450 ·
1109 3419 1231 3471 οὐδὲ
1255 3417 1398 3471 κατὰ
1427 3419 1609 3481 πάσας
1637 3419 1737 3482 τὰς
1771 3420 1900 3473 συλ-

288 3513 480 3575 λαϐὰς
498 3512 602 3582 τὴν
629 3510 725 3563 τοῦ
751 3509 1022 3580 στοιχείου
1070 3508 1226 3574 τάξιν
1271 3509 1552 3578 φυλάττει,
1579 3509 1714 3563 ἀλλὰ
1761 3512 1904 3564 κατὰ

295 3607 480 3676 μόνην
497 3605 601 3673 τὴν
623 3603 920 3676 ἄρχουσαν.
947 3601 1280 3673 Πολύστιχος
1305 3602 1362 3654 δὲ
1380 3601 1555 3663 οὕτως
1582 3604 1614 3672 ή
1643 3601 1900 3674 συλλογὴ,

294 3699 446 3753 ὥστε
477 3696 606 3768 μηδ’
642 3697 721 3759 εἰς
751 3697 914 3749 πέντε
943 3695 1236 3766 σύμμετρα
1279 3694 1445 3765 τεύχη
1474 3695 1572 3765 τὴν
1599 3695 1728 3765 ὃλην
1761 3713 1904 3765 πρα-

299 3791 584 3864 γμειτείαν
625 3787 1059 3857 ἀπαρτίζεσθαι·
1102 3789 1267 3857 ἡμεῖς
1315 3787 1360 3839 δ’
1392 3791 1450 3840 ὲν
1486 3787 1628 3840 ἑπτὰ
1655 3787 1902 3856 τεύχεσιν

313 3886 453 3954 αὑτῇ
479 3880 830 3951 ἐνετύχομεν.
866 3878 994 3951 [520
1029 3878 1124 3950 R.]
1159 3879 1447 3948 Χρήσιμον
1498 3878 1555 3931 δὲ
1606 3879 1668 3931 τὸ
1697 3878 1902 3947 βιϐλίον

317 3978 428 4038 tot;
445 3992 503 4028 τε
530 3975 578 4007 ³³
621 3973 1007 4043 συγγράφουσι
1052 3973 1148 4024 καὶ
1177 3972 1292 4032 τοῖς
1346 3969 1521 4033 ἄλλως
1555 3969 1900 4040 πολυμαθίαν

308 4067 540 4138 τιμῶσιν
565 4083 582 4098 ·
615 4066 730 4136 ἔχει
763 4066 872 4138 γὰρ
915 4065 1014 4118 καὶ
1071 4063 1377 4134 μαρτυρίας
1425 4063 1673 4134 ρητόρων
1704 4081 1766 4116 τε
1807 4065 1902 4117 καὶ

301 4159 415 4214 τῶν
443 4162 528 4223 είς
563 4157 858 4229 ποιητικὴν
888 4157 1031 4228 μέγα
1055 4155 1206 4219 κλέος
1230 4157 1486 4226 ἐχόντων.

1020 4425 1218 4494 PMq'.

647 4521 902 4587 Λεξικὸν
927 4519 1040 4589 τῆς
1075 4517 1340 4590 καθαρᾶς
1373 4519 1558 4585 ἰδέας.

387 4611 736 4682 ’Δνεγνώσθη
789 4611 1047 4676 Λεξικὸν
1105 4611 1249 4664 κατὰ
1305 4613 1570 4682 στοιχεῖον
1635 4609 1901 4678 καθαρᾶς

298 4701 497 4767 Ζδέας.
537 4701 698 4768 Μέγα
740 4699 839 4753 καὶ
875 4698 1199 4769 πολύστιχον
1230 4700 1290 4752 τὸ
1335 4698 1562 4770 βιϐλίον,
1594 4701 1795 4771 μᾶλλον
1841 4700 1900 4752 δὲ

298 4792 636 4856 ⁸ἰιςολύόιὸλος
673 4795 706 4864 ἡ
752 4791 1128 4864 πραγματεία.
1179 4792 1292 4845 Καὶ
1322 4795 1616 4863 χρήσιμον,
1657 4795 1818 4864 εἴπερ
1845 4810 1900 4846 τι

302 4885 464 4951 ἄλλο,
521 4888 638 4949 τοῖς
679 4884 773 4938 τὸν
831 4883 1160 4956 χαρακτῆρα
1222 4886 1762 4957 μεταχειριζομένοις
1802 4885 1900 4956 τῆς

300 4975 569 5046 τοιαύτης
601 4976 768 5040 ἰδέας.

1925 4519 1978 4579 D

2006 3236 2489 3302 gantissimorum,
2547 3249 2668 3304 qua:
2731 3246 2786 3290 et
2841 3238 3080 3306 perfecta
3137 3241 3255 3295 cola
3311 3258 3417 3297 non
3470 3260 3596 3299 raro

2009 3327 2312 3396 aquuent.
2359 3325 2535 3384 Voces
2575 3336 2754 3382 autem
2805 3329 2933 3398 ipsae
2981 3332 3272 3386 maximam
3320 3347 3525 3403 partem
3562 3353 3595 3392 e

2008 3419 2187 3472 soluta
2236 3429 2362 3473 sunt
2395 3421 2664 3485 oratione,
2704 3437 2811 3475 non
2863 3422 3076 3476 evincta
3113 3427 3374 3490 numeris,
3406 3428 3596 3496 quales

2007 3511 2171 3566 habet
2204 3511 2521 3580 Diogeniani
2552 3513 2672 3582 (36)
2709 3513 2978 3568 collectio.
3024 3515 3135 3571 Nec
3164 3517 3290 3572 item
3325 3521 3410 3573 hic
3441 3523 3592 3574 ordi-

2006 3619 2128 3657 nem
2155 3604 2430 3668 alphabeti
2460 3620 2556 3675 per
2587 3607 2828 3676 singulas
2855 3611 3094 3661 servavit
3117 3609 3379 3680 syllabas,
3411 3613 3507 3666 sed
3539 3614 3592 3668 iu

2006 3693 2124 3760 ipso
2179 3694 2439 3747 duntaxat
2498 3695 2744 3749 vocabuli
2795 3696 3083 3766 principio.
3153 3698 3208 3753 In
3263 3701 3590 3757 inunensum

2007 3785 2164 3855 plane
2213 3789 2385 3840 crevit
2439 3788 2554 3842 haec
2587 3789 2890 3856 congeries,
2929 3799 2988 3844 ut
3029 3805 3129 3846 nec
3162 3792 3403 3862 quinque
3429 3795 3593 3865 justis

2005 3877 2375 3932 voluminibus
2428 3893 2565 3946 opus
2605 3879 2876 3947 integrum
2938 3882 3207 3937 contineri
3243 3895 3460 3953 queat;
3492 3902 3594 3941 nos

2005 3969 2136 4023 illud
2173 3969 2226 4022 in
2268 3980 2475 4038 septem
2506 3972 2739 4025 divisum
2783 3983 2967 4041 partes
3000 3974 3139 4028 nacti
3180 3991 3388 4031 sumus.
3441 3977 3593 4033 Scri-

2003 4062 2260 4116 bentibus
2285 4077 2418 4116 sane
2458 4063 2709 4132 perutilis
2735 4063 2897 4128 liber,
2937 4064 3140 4135 quique
3171 4067 3376 4120 variam
3412 4085 3591 4122 rerum

2003 4152 2374 4220 cognitionem
2437 4163 2845 4208 consectantur.
2885 4153 3018 4208 Nam
3045 4165 3100 4209 et
3128 4166 3406 4211 oratorum
3439 4160 3594 4212 adhi-

2002 4245 2096 4298 bet
2127 4244 2460 4309 testimonia,
2504 4257 2555 4300 et
2605 4261 2793 4301 eorum
2844 4258 3141 4314 praeterea,
3173 4249 3265 4320 qui
3299 4252 3352 4304 in
3379 4251 3593 4320 poetica

2003 4350 2258 4406 ntagnam
2289 4345 2419 4391 sunt
2446 4336 2661 4392 Iaudem
2696 4340 3001 4394 consecuti.

2679 4427 2914 4482 CXLVI.

2483 4517 2715 4573 ericon
2762 4538 2912 4590 pura:
2948 4522 3103 4578 idem.

2074 4608 2306 4664 Lexicon
2335 4610 2440 4679 legi
2480 4612 2614 4665 idea:
2637 4627 2784 4680 pura’
2805 4611 3109 4666 litterarum
3127 4613 3340 4668 ordine.
3366 4613 3592 4684 Magnus

2003 4712 2058 4758 et
2089 4703 2178 4756 hic
2210 4703 2370 4768 liber,
2403 4713 2464 4757 ut
2485 4703 2640 4757 multi
2669 4705 2869 4773 potius,
2898 4719 3060 4772 quam
3089 4722 3230 4760 unus
3255 4723 3380 4763 esse
3407 4709 3592 4764 videa-

2006 4805 2118 4850 tur.
2165 4794 2322 4851 Utilis
2377 4803 2581 4863 autem,
2613 4796 2657 4850 si
2693 4798 2816 4866 quis
2862 4796 3036 4863 alius,
3072 4798 3141 4852 iis
3183 4809 3291 4867 est,
3325 4800 3417 4870 qui
3449 4802 3593 4857 hanc

2004 4887 2182 4943 ideam
2212 4897 2468 4943 tractant.

1573 5093 1810 5150 VARle
1846 5093 2256 5150 LECTIONES.

343 5192 393 5226 ⁸⁸
423 5191 640 5253 οὐδενος
662 5191 705 5244 Α
738 5207 753 5246 :
797 5191 892 5244 καὶ
924 5189 1139 5252 οὐδενός
1173 5207 1233 5253 ς.

1315 5189 1599 5264 ’³άλλως]
1635 5192 1793 5247 ἄλλον
1820 5190 2199 5264 Casaubonus.
2273 5191 2322 5264 _'°
2361 5191 2804 5263 επιστολιμαίους
2825 5191 3180 5264 χαρακτῆρας
3209 5209 3271 5256 ς’.
3345 5190 3390 5223 ³⁸
3421 5191 3592 5262 ἤγουν

303 5282 418 5320 om.
449 5267 516 5318 A.
593 5262 642 5295 ³⁸
670 5262 729 5317 ἓν
761 5261 970 5334 μέντοι]
1004 5265 1061 5314 ὲν
1091 5261 1191 5331 μὲν
1217 5261 1331 5325 τοῖς
1359 5261 1427 5315 Α.
1503 5263 1552 5294 ³⁸
1576 5261 1638 5317 τε
1665 5275 1719 5317 et
1750 5263 1889 5317 infra
1919 5263 2068 5315 ἐστιν
2097 5261 2224 5317 add.
2255 5262 2322 5320 A.

1863 5380 2098 5438 NOTAE.

376 5470 494 5546 (54)
519 5470 651 5546 Quae
679 5487 706 5524 a
747 5471 931 5546 multis
963 5471 1252 5546 Eustathio
1278 5474 1613 5529 SebaStieusi
1642 5477 1898 5546 episcopo

305 5542 472 5597 tribui
527 5541 695 5596 refert
747 5541 975 5613 Niceph.
1033 5544 1129 5598 lib.
1170 5559 1247 5610 ιι,
1304 5560 1426 5613 cap.
1457 5546 1559 5613 10,
1601 5541 1898 5603 οιίιιτεὶιε

302 5615 402 5670 Iib.
440 5628 562 5673 xm,
593 5628 713 5681 cap.
743 5613 837 5669 29.

378 5682 851 5758 (35)_‘Ep<p.dteect,_
881 5700 1001 5753 quae
1030 5700 1244 5740 summa
1278 5687 1526 5756 quaedam
1563 5689 1740 5758 capita
1769 5699 1898 5744 sunt

303 5756 670 5823 quwstiOttttttt
707 5756 924 5809 brevius
951 5769 1038 5809 aut
1070 5757 1246 5811 fusius
1286 5756 1714 5812 tractandarum.

381 5823 519 5894 (55')
553 5825 806 5894 Ejusuetu
856 5825 1082 5884 Helladii
1113 5827 1587 5898 Χρηστομαθειῶν
1631 5831 1893 5886 librorum

1997 5487 2232 5554 quatuor
2289 5489 2542 5554 excerpta
2612 5475 2780 5554 habes
2834 5473 2961 5532 infr.
3021 5474 3142 5554 rod.
3209 5472 3363 5554 279ἶ
3429 5489 3589 5554 quem

1997 5543 2319 5616 scriptorem
2349 5543 2580 5602 forsitan
2633 5549 2926 5601 iudicatum
2979 5547 3148 5600 voluit
3212 5543 3482 5613 Stephau.
3537 5543 3588 5597 in

1998 5619 2265 5689 Βηρυτὸς.
2302 5617 2460 5672 Plura
2498 5621 2564 5671 de
2605 5633 2674 5689 eo
2711 5616 2929 5689 Suidas.

2067 5681 2559 5764 (:561Libroshuic
2601 5687 2654 5764 5,
2699 5688 2935 5764 redactis
2981 5686 3032 5764 in
3071 5681 3590 5764 compendiumuulti

1995 5771 2050 5832 et
2076 5753 2132 5832 Β,
2160 5753 2428 5832 Pamphili
2461 5758 2748 5830 cujusdam
2775 5759 2842 5813 de
2869 5755 3148 5812 vocabulis
3172 5768 3360 5825 opere,
3395 5753 3588 5808 tribuit

2000 5830 2154 5888 Suid.
