4062 6454
494 320 601 383 423

1164 437 1418 495 CXLVII.

1000 529 1228 585 Lexicon
1259 535 1433 601 gravis
1469 534 1612 601 styli.

568 618 700 689 Legi
731 621 864 676 ideo:
900 626 1159 690 gravioris
1206 623 1460 689 chicon,
1489 628 1630 693 quod
1667 628 1841 695 ipsum
1878 643 2097 697 quoque

499 712 551 765 in
588 714 916 768 immensum
970 716 1172 782 crevit,
1207 727 1265 770 ut.
1316 717 1619 787 legentibus
1650 719 1832 786 aptius
1867 721 1983 773 fore
2005 736 2094 774 ar-

496 804 693 870 bitrer,
728 808 773 860 si
810 810 861 861 in
892 812 1025 863 duos
1050 825 1189 878 opus
1236 808 1361 863 illud
1404 822 1495 867 aut
1548 823 1659 866 tres
1696 824 1871 868 tomos
1908 815 2096 869 distri-

499 896 714 952 buatur.
773 900 1053 970 Digestum
1094 902 1224 955 item
1273 911 1355 957 est
1391 904 1694 958 litterartnn
1734 906 1953 972 ordine,
1999 922 2095 977 pa-

1597 329 1865 391 PHOTII
1929 332 2439 400 PATRIARCH/E
2476 341 2587 402 (ΣΡ.

2118 451 2167 506 Α

3683 344 3792 412 424

2915 455 3097 511 PMZ'.

2618 546 2880 611 Λεξικὸν
2913 548 3148 617 σεμνῆς
3181 548 3366 615 ἰδέας.

2280 636 2621 707 ’Δνεγνὼσθη
2652 637 2909 701 Λεξικὸν
2934 637 3170 706 σεμνῆς
3196 638 3380 705 ἰδέας.
3411 640 3504 703 Ei;
3554 640 3786 711 μέγεθος

2196 729 2492 793 ὲξετείνετο
2533 730 2594 781 τὸ
2635 728 2846 799 τεῦχος,
2887 729 2961 794 ὡς
3007 730 3231 798 ἄμεινον
3263 726 3404 783 εἶναι
3437 732 3557 785 δυσὶ
3585 734 3792 802 μᾶλλον

2194 823 2444 891 τεύχεσιν
2482 823 2514 892 ἥ
2547 823 2694 893 τρισὶ
2726 826 2838 884 τοῖς
2871 822 3303 889 ἀναγινώσκουσι
3342 823 3405 875 τὸ
3438 825 3790 897 φιλοπόνημα

2198 915 2569 984 περιέχεσθαι.
2614 915 2769 968 Κατὰ
2801 917 3063 984 στοιχεῖον
3108 915 3227 985 δὲή
3270 918 3645 986 πραγματεία,
3692 921 3789 972 καὶ

501 998 683 1055 tetque
714 991 844 1045 utile
882 1007 1003 1045 esse
1042 993 1109 1046 iis
1141 993 1232 1061 qui
1272 996 1490 1049 sublimi
1528 998 1841 1066 tumidoque
1879 997 2092 1052 dicendi

2200 1006 2356 1077 δῆλον
2393 1008 2468 1070 ὼς
2500 1006 2746 1077 χρησίμη
2780 1010 2889 1070 τοῖς
2923 1010 3002 1072 είς
3036 1008 3267 1079 μέγεθος
3297 1010 3391 1061 καὶ
3416 1010 3579 1074 ὄγκον
3621 1012 3788 1065 ἐπαί-

501 1102 699 1155 genere
722 1088 993 1144 excellere
1025 1091 1210 1147 studio
1243 1092 1470 1146 habent.

1160 1244 1439 1300 CXLVIII.

886 1334 1117 1389 Lexicon
1160 1339 1417 1391 sermonis
1460 1337 1680 1405 politici.

576 1431 826 1485 Vidimus
861 1429 1093 1485 Lexicon
1125 1431 1298 1486 cit-“alis
1355 1433 1610 1486 sermonis
1641 1434 1894 1499 seorsim,
1924 1433 2096 1489 tribus

499 1523 887 1588 voluminibus,
927 1524 1114 1591 ingens
1147 1524 1306 1591 plane
1350 1540 1486 1593 opus
1536 1541 1602 1579 ac
1635 1536 1874 1578 vastum.
1909 1524 2095 1580 Utilis-

500 1611 696 1662 simum
718 1650 732 1673 ,
766 1611 811 1663 si
842 1615 985 1678 quod
1012 1612 1181 1674 aliud,
1213 1612 1278 1663 ad
1312 1612 1573 1681 prtnclare
1600 1629 1712 1666 rem
1744 1630 1899 1667 suam
1932 1631 2096 1684 agen-

499 1705 646 1768 dam,
684 1714 738 1759 et
800 1719 865 1758 ex
918 1721 1025 1775 quo
1087 1706 1345 1761 facillime
1400 1708 1740 1776 objectioues
1780 1720 2090 1779 suppetant.

2199 1114 2315 1167 ρειν
2367 1097 2495 1160 τοὺς
2525 1097 2717 1165 λόγους
2766 1098 2949 1151 αὐτῶν
2997 1100 3055 1151 ἐν
3092 1098 3171 1167 τῷ
3206 1100 3545 1169 συγγράφειν
3570 1101 3790 1155 ἐθέλου-

2200 1204 2303 1244 σιν.

2905 1262 3096 1319 ΡΜΗ’.

2504 1356 2764 1419 Λεξικὸν
2782 1355 2891 1409 τοῦ
2923 1357 3238 1411 πολιτικοῦ
3267 1359 3475 1427 λόγου.

2283 1446 2628 1518 Ἀνεγνώσθη
2666 1448 2922 1511 Λεξικὸν
2958 1450 3105 1514 ἰδίως
3130 1452 3318 1520 λόγου
3348 1450 3693 1516 πολιτικοῦ,
3728 1452 3789 1504 ὲν

2196 1542 2345 1612 τρισὶ
2403 1541 2622 1611 τεύχεσι
2680 1542 3049 1614 πολυστίχοις.
3129 1543 3279 1613 Αὕτη
3338 1546 3371 1615 ή
3430 1546 3789 1614 πραγματεία

2202 1634 2398 1704 πλήθει
2454 1634 2554 1703 μέν
2583 1636 2700 1687 ἐστι
2741 1635 2931 1707 πολλὴ,
2965 1637 3379 1708 κατορθωθῆναι
3409 1638 3465 1691 δὲ
3498 1655 3787 1709 χρησιμω-

2202 1725 2360 1796 τάτη,
2395 1726 2491 1779 καὶ
2519 1728 2693 1797 ῥᾴστη
2735 1727 2792 1779 δὲ
2843 1730 2924 1791 είς
2967 1728 3271 1801 ἀντίληψιν,
3306 1731 3358 1783 εῐ
3383 1748 3467 1793 τις
3500 1730 3639 1800 ἄλλη
3666 1746 3681 1761 '
3720 1732 3783 1785 οὐ

498 1795 616 1849 Non
644 1796 789 1850 enim
821 1814 967 1853 nunc
1010 1799 1281 1863 ediscere,
1320 1802 1414 1854 sed
1447 1802 1713 1855 adnotare
1746 1812 1952 1854 tantum
2008 1801 2095 1856 hic

2201 1817 2309 1887 γὰρ
2362 1818 2456 1870 νῦν
2519 1795 2835 1887 μανθάνειν,
2858 1820 2995 1873 ἀλλὰ
3030 1795 3189 1891 μόνον
3254 1795 3776 1893 ἀποσημειώσασθαι

498 1902 685 1951 voces,
718 1890 917 1957 quibus
951 1891 1227 1961 indigeat,
1264 1892 1530 1961 legentem
1562 1903 1777 1959 oportet
1806 1911 1820 1946 :
1848 1895 1938 1962 qui
1971 1895 2093 1964 qui~

499 1980 620 2034 dem
666 1997 770 2061 non
808 1984 1031 2038 omnino
1076 1985 1130 2038 in
1178 1985 1420 2053 antiquis
1448 1985 1808 2053 scriptoribus
1852 1986 2093 2054 legendis

501 2071 699 2140 hospes
733 2075 823 2127 sit.
850 2075 1137 2144 Alphabeti
1177 2078 1367 2131 ordine
1402 2076 1508 2130 hoc
1538 2077 1666 2130 item
1704 2091 1841 2147 opus
1868 2088 2094 2132 contex-

503 2174 614 2217 ttttn
646 2174 750 2220 est.

1180 2236 1416 2293 CXLIX.

1024 2330 1289 2385 Pollionis
1308 2330 1558 2387 chicon.

571 2428 833 2498 Legimus
873 2433 928 2481 et
966 2426 1228 2480 Pollionis
1256 2426 1371 2496 (57)
1401 2425 1635 2479 ιεπίεοη
1664 2426 2088 2498 alphabeticum.

501 2521 770 2575 l‘lurimas
797 2521 1014 2589 quidem
1054 2534 1214 2573 voces
1252 2520 1495 2586 poeticas
1524 2520 1767 2574 continet
1804 2538 1818 2575 :
1864 2524 2089 2591 paucio~

504 2628 589 2664 res
638 2620 816 2663 tamen
848 2624 1011 2679 quam
1071 2608 1465 2677 Diogenianus,
1513 2605 1668 2674 cnjns
1717 2606 1880 2676 duplo
1916 2609 2093 2679 majus

502 2717 660 2771 Opus.

1237 2790 1347 2844 CL.

500 2885 735 2949 Juliani,
772 2882 1090 2939 Philostrati
1135 2883 1303 2955 Tyrii,
1343 2893 1391 2938 et
1419 2884 1640 2939 Diodori
1665 2883 1894 2941 Lexicon
1936 2903 1964 2942 e
2000 2888 2094 2943 de—

1057 2972 1166 3008 cem
1205 2956 1529 3010 oratoribus.

2200 1911 2298 1972 τὰς
2330 1912 2389 1962 ὲν
2420 1910 2556 1980 αὐτῇ
2588 1910 2762 1975 λέξεις
2792 1912 2882 1964 τὸν
2911 1912 3357 1981 ἀναγινώσκοντα
3388 1914 3593 1983 δεήσει,
3627 1915 3775 1984 εἰπερ

2205 2002 2280 2072 μὴ
2311 2003 2659 2055 παντάπασίν
2695 2006 2844 2057 ἐστιν
2873 2004 3106 2074 ἀνήκοος
3142 2006 3388 2061 παλαιῶν
3414 2008 3781 2080 ἀναγνωσμά-

2201 2109 2327 2147 των.
2351 2093 2510 2147 Κατὰ
2533 2096 2794 2164 στοιχεῖον
2814 2094 2870 2149 δὲ
2902 2099 2996 2151 καὶ
3022 2098 3053 2150 ὁ
3078 2098 3244 2161 πόνος
3272 2092 3451 2162 οὗτος.

2910 2251 3090 2308 ΡΜΘ¹.

2659 2348 2917 2411 Λεξικὸν
2947 2349 3317 2415 Πολλίωνος.

2284 2437 2627 2510 Ἀνεγνώσθη
2656 2440 2959 2502 Πολλίωνος
2978 2442 3023 2473 ⁸⁸
3050 2442 3310 2507 Λεξικὸν
3330 2444 3471 2498 κατὰ
3498 2446 3789 2515 στοιχεῖον.

2203 2535 2360 2605 Ἔχει
2400 2534 2656 2596 πλείστας
2729 2534 2827 2605 μὲν
2857 2535 2904 2565 ³⁸
2954 2537 3245 2606 ποιητικὰς
3277 2536 3472 2604 λέξεις,
3533 2535 3695 2612 ἦττον
3727 2540 3788 2593 δὲ

2201 2625 2547 2695 Διογενιανοῦ
2576 2644 2590 2659 σ
2642 2628 2724 2689 εἰς
2776 2627 2837 2680 τὸ
2884 2627 3166 2682 διπλάσιον
3206 2629 3264 2682 δὲ
3316 2630 3465 2700 αὐτῷ
3512 2631 3613 2700 τῆς
3649 2632 3785 2686 ὲκεί-

2201 2738 2293 2774 νου
2324 2719 2711 2790 πραγματείας
2739 2720 2800 2773 τὸ
2832 2720 3179 2792 φιλοπόνημα
3211 2724 3628 2793 παρατείνεται-

2948 2814 3078 2868 PN'.

2200 2907 2457 2980 Λεξιξιὸν
2479 2906 2600 2961 τῶν
2624 2907 2783 2980 παρὰ
2799 2907 2921 2973 τοῖς
2941 2906 3088 2961 δέκα
3102 2906 3358 2980 ῥήτορσι
3378 2912 3787 2980 κεχρημένων.

2272 2978 2376 3032 τοῦ
2414 2978 2773 3042 Ἰουλιανοῦ,
2810 2980 2908 3032 καὶ
2942 2978 3353 3044 Φιλοστράτου
3399 2978 3635 3049 Τυρίου.
3682 2984 3784 3039 καὶ

2269 3050 2587 3117 Διοδώρου.

573 3136 702 3204 Legi
750 3135 948 3189 Juliant
994 3134 1245 3199 Lexicon,
1314 3150 1504 3189 vocum
1549 3148 1580 3189 e
1622 3136 1807 3191 decem
1864 3135 2088 3193 Graecia:

2273 3142 2415 3213 [I70
2478 3140 2589 3212 11.]
2658 3141 2997 3209 Ἀνεγνὼσθη
3056 3141 3280 3207 λεξικδν
3324 3142 3618 3197 Ἰουλιανοῦ
3673 3144 3791 3197 τῶν

500 3230 812 3283 oratoribus
861 3228 1136 3295 alphabeti
1178 3229 1324 3282 serie
1367 3228 1743 3283 collectarum.
1792 3230 2093 3285 lmmeusus

504 3333 633 3373 vero
662 3319 751 3373 hic
784 3324 911 3373 item
960 3320 1118 3383 liber,
1168 3320 1261 3386 qui
1308 3334 1434 3372 cum
1490 3334 1654 3374 voces
1676 3320 1942 3387 omnium,
1977 3336 2099 3390 qua:

506 3414 646 3481 apud
686 3411 1048 3465 Athenienses
1098 3410 1212 3481 (58)
1265 3410 1419 3481 99b
1474 3422 1624 3465 certa
1674 3423 1837 3480 atque
1890 3414 2098 3466 consti-

510 3516 623 3559 tuta
658 3503 1027 3569 habebantur,
1068 3504 1328 3572 explicat,
1378 3514 1490 3558 tum
1521 3506 1783 3573 quidquid
1816 3505 1882 3559 ad
1917 3506 2098 3573 priva-

508 3608 615 3649 tam
650 3598 889 3665 ipsorum
921 3595 1207 3650 historiam
1251 3598 1532 3665 pertinens
1566 3599 1815 3651 rhetores
1856 3598 1911 3650 hi
1944 3597 2098 3651 adhi-

508 3688 769 3751 buerunt,
824 3688 939 3742 sive
969 3689 1142 3757 patrio
1174 3689 1357 3758 aliquo
1385 3704 1537 3742 more
1573 3700 1924 3756 usurparunt.
1963 3687 2098 3743 lllud

508 3788 657 3833 certe
689 3780 1062 3847 manifestum,
1111 3784 1176 3835 ad
1207 3784 1477 3837 oratorias
1507 3784 1807 3838 conciones
1839 3783 2099 3853 legendas

508 3869 612 3924 hoc
636 3886 773 3938 Opus
805 3871 1098 3941 plurimum
1135 3872 1388 3928 conferre
1412 3888 1595 3941 posse.

588 3961 884 4016 lueidimus
939 3973 1158 4026 autem,
1215 3973 1270 4015 et
1323 3964 1375 4016 in
1413 3961 1730 4018 Philostrati
1788 3962 1936 4035 Tyrii
1981 3963 2097 4035 (59)

508 4057 747 4126 ejusdem
773 4055 1078 4123 argumenti
1112 4071 1216 4108 non
1240 4056 1477 4125 ignobile
1500 4071 1634 4125 opus
1659 4072 1676 4111 :
1702 4059 1806 4111 etsi
1834 4066 2100 4127 praestan-

508 4150 617 4202 tior
648 4158 827 4201 tamen
877 4147 963 4200 hic
993 4146 1191 4201 Iuliani
1228 4148 1401 4202 labor.

580 4239 800 4294 Juliano
826 4247 1088 4308 praeterea
1124 4241 1175 4292 in
1231 4240 1377 4294 nullo
1411 4240 1639 4297 inferior
1669 4241 1937 4297 Diodorus
1963 4257 2102 4312 quo-

506 4347 613 4403 que
666 4334 808 4387 idem
866 4342 1247 4401 argumentum
1299 4336 1578 4401 tractavit,
1619 4336 1724 4389 nisi
1771 4336 1913 4405 quod
1950 4336 2102 4391 testi-

511 4427 695 4481 monia
736 4426 1053 4496 plerumque
1074 4425 1321 4481 Julianus
1346 4430 1597 4483 advocat.
1638 4428 1775 4484 Uter
1802 4444 1934 4484 vero
1960 4440 2099 4483 teut-

2206 3232 2360 3304 παρὰ
2384 3234 2497 3294 τοῖς
2537 3230 2668 3284 δέκα
2704 3233 2928 3301 ῥήτορσι
2962 3230 3163 3294 λέξεων
3196 3230 3337 3284 κατὰ
3366 3234 3647 3301 στοιχεῖον.
3676 3232 3790 3285 Ilo-

2200 3326 2450 3394 λύστιχον
2486 3323 2543 3377 δὲ
2580 3324 2675 3377 καὶ
2721 3322 2880 3373 τοῦτο
2912 3322 2973 3374 τὸ
3002 3320 3229 3390 βιὸλίον,
3261 3321 3491 3375 καὶτῶν
3534 3339 3595 3374 τε
3650 3323 3791 3394 παρ’

2201 3417 2511 3487 Ἀθηναίοις
2532 3414 2699 3468 δικῶν
2737 3415 2782 3447 ³⁸
2816 3412 3120 3484 ὲρμηνεῦον
3144 3413 3213 3465 τὰ
3236 3416 3496 3483 ὀνόματα,
3529 3415 3624 3467 καὶ
3654 3416 3704 3467 εἴ
3729 3433 3789 3468 τι

2199 3510 2319 3564 καθ’
2355 3511 2598 3578 ἱστορίαν
2630 3507 2942 3572 ἰδιάζουσαν
2967 3506 3153 3571 αὐτοῖς
3173 3508 3222 3560 οἱ
3263 3509 3494 3577 ῥήτορες
3519 3507 3793 3579 παρειλή-

2201 3621 2366 3673 φασιν
2394 3603 2428 3673 ἦ
2473 3602 2616 3657 κατά
2647 3618 2701 3654 τι
2748 3603 2979 3671 πάτριον
3011 3600 3133 3664 ἔθος
3172 3601 3571 3671 ὲπεχρήσαντο.
3613 3602 3795 3671 Δῆλον

2198 3696 2243 3749 δ’
2272 3696 2354 3749 ὅτι
2392 3695 2469 3757 εἰς
2499 3696 2595 3756 τὰς
2626 3691 2735 3744 τῶν
2782 3691 3093 3763 ῥητορικῶν
3131 3691 3306 3757 λόγων
3352 3692 3791 3756 συναναγνώσεις

2199 3790 2268 3841 τὰ
2304 3787 2538 3858 μέγιστα
2560 3788 2594 3857 ἡ
2621 3785 2977 3856 πραγματεία
3002 3784 3358 3855 συμϐάλλοιτ’
3381 3783 3470 3838 ἄν.

2280 3960 2646 4033 Ἑνετύχομεν
2674 3962 2733 4014 δὲ
2764 3962 2860 4016 καὶ
2907 3960 3273 4031 Φιλοστράτου
3317 3960 3519 4031 Τυρίου
3554 3964 3633 4024 εἰς
3682 3962 3794 4031 τὴν

2200 4058 2373 4128 αὐτὴν
2427 4055 2687 4109 ὑπόθεσιν
2739 4055 2840 4107 οὐκ
2893 4052 3169 4123 εὐδοκίμῳ
3198 4052 3580 4123 σπουδάσματι
3609 4070 3624 4087 ⁸
3664 4056 3797 4111 ἀλλ’

2200 4153 2423 4223 ἄμεινον
2445 4153 2473 4203 ὁ
2515 4148 2801 4210 Ἰουλιανὸς
2833 4146 3175 4214 διεπόνησεν.

2275 4243 2442 4297 Οὐδὲν
2490 4242 2547 4294 δὲ
2586 4237 2752 4315 ἦττον
2783 4238 3077 4292 Ἰουλιανοῦ
3128 4238 3224 4292 καὶ
3256 4240 3522 4310 Διόδωρος
3574 4241 3653 4302 είς
3689 4239 3793 4311 τὴν

2202 4338 2377 4408 αὐτὴν
2399 4335 2658 4388 ὑπόθεσιν
2682 4330 3233 4402 διεπραγματεύσατο
3250 4348 3265 4364 ·
3293 4332 3431 4403 πλὴν
3449 4333 3722 4404 Ἰουλιανῷ
3750 4335 3787 4405 ἡ

2203 4429 2315 4483 τῶν
2393 4424 2706 4498 μαρτυριῶν
2764 4426 2961 4494 χρῆσις
3027 4423 3123 4475 ἐπὶ
3174 4424 3338 4476 πλέον
3402 4427 3784 4495 παρατίθεται.

507 4534 638 4589 pore
687 4520 835 4588 prior
878 4518 947 4571 sit
981 4518 1145 4589 (alter
1185 4520 1329 4574 enim
1363 4520 1595 4574 alterum
1628 4520 2006 4589 descripsisse,
2043 4528 2095 4574 et

2207 4521 2396 4582 Ὅστις
2427 4518 2485 4570 δὲ
2539 4516 2716 4586 χρόνῳ
2766 4516 2879 4567 τῶν
2907 4512 2999 4566 δύο
3053 4515 3427 4584 πρεσϐύτερος
3475 4517 3643 4583 (δοκεῖ
3679 4519 3790 4589 γὰρ

510 4628 617 4666 non
649 4614 716 4665 ab
748 4612 1318 4679 utroquezseparatim
1351 4612 1641 4666 collectum
1668 4627 1806 4677 opus
1832 4610 2092 4680 videtur),

510 4712 651 4765 nter,
702 4702 949 4770 inquam,
992 4700 1061 4755 ab
1120 4699 1297 4755 altero
1328 4710 1610 4755 mutuatus
1648 4701 1721 4755 sit
1760 4717 1865 4755 non
1922 4700 2097 4755 habeo

508 4796 714 4850 dicere.

1233 4886 1365 4942 CLI.

721 4979 909 5033 Timaei
941 4978 1170 5032 Lexicon
1206 4994 1391 5032 vocum
1424 4977 1850 5032 Platonicorum.

579 5073 800 5128 Lectum
857 5082 941 5127 est
989 5072 1175 5126 Tintmi
1234 5074 1302 5125 ad
1360 5070 1688 5126 Gentianum
1742 5070 1822 5125 De
1880 5070 2091 5124 vocibus

2200 4612 2388 4682 ὥσπερ
2460 4606 2790 4679 μεταγραφὴ
2864 4607 3080 4676 θατέρῳ
3142 4606 3203 4659 τὸ
3248 4609 3594 4679 σπούδασμα,
3671 4612 3791 4664 ἀλλ’

2200 4697 2324 4767 οὐχ).
2350 4696 2455 4765 ἰδίᾳ
2489 4697 2737 4765 ἐκατέρῳ
2756 4693 2935 4747 αὐτῶν
2959 4693 3003 4725 ⁸¹
3037 4694 3424 4765 συνειλέχθαι),
3446 4698 3585 4753 ἀλλὰ
3615 4700 3697 4764 τίς
3726 4701 3792 4767 ἐξ

2198 4790 2364 4846 ἄλλου
2396 4785 2732 4858 μετέγραφε,
2764 4787 2907 4848 τέως
2938 4786 3039 4838 οὐκ
3065 4786 3173 4856 ἔχω
3206 4786 3405 4855 λέγειν.

2910 4876 3086 4933 PNA'.

2204 4973 2452 5043 Τιμαίου
2479 4970 2734 5035 Λεξικὸν
2756 4971 2889 5039 περὶ
2920 4972 3037 5026 τῶν
3058 4975 3218 5043 παρὰ
3246 4974 3517 5029 Πλάτωνι
3534 4974 3784 5038 λέξεων.

2274 5063 2395 5135 [5⁸21
2432 5060 2521 5132 IL]
2563 5059 2906 5131 Ἀνεγνώσοη
2965 5062 3199 5132 Τιμαίου
3256 5063 3391 5132 πρὸς
3426 5063 3709 5118 Γαιτιανὺν
3737 5062 3788 5094 ³³

1784 5205 1873 5259 VA
1884 5204 2024 5260 ῐὶΙᾸΞ
2054 5202 2465 5262 LECTIONES.

578 5308 625 5337 ”
655 5306 926 5369 Πολίωνος
960 5303 1070 5367 AC,
1128 5304 1198 5369 Α,
1247 5303 1463 5371 quidem
1524 5310 1651 5354 ante
1702 5301 1950 5355 lacunam
2010 5304 2312 5357 litterarum
2348 5301 2414 5354 12
2451 5297 2849 5371 ’Λλεξανδρέως
2905 5296 3098 5353 inserit
3147 5294 3523 5351 Hoescltelius.
3602 5293 3650 5326 ³⁸
3683 5293 3785 5364 μὲν

504 5393 615 5432 om.
648 5379 711 5431 Δ.
792 5378 836 5409 ³⁸
863 5376 1103 5447 δικῶνθΔ
1127 5393 1142 5407 ο
1171 5375 1352 5448 ῥητῶν
1380 5391 1441 5437 ς.

1520 5372 1562 5402 ³⁷
1595 5371 1775 5424 αὐτῶν
1800 5374 1925 5427 add.
1950 5374 2017 5427 A.
2096 5374 2141 5407 ³⁸
2169 5371 2475 5425 Γεντιανόν.

2025 5489 2261 5545 NOTAE.

2025 5489 2071 5544 N
2124 5489 2167 5545 Τ
2244 5529 2261 5545 .

576 5591 689 5662 (57)
727 5589 1079 5662 Alexandrini
1115 5588 1261 5643 illius
1311 5582 1642 5662 philosophi,
1665 5583 1849 5662 “cuius
1878 5490 2119 5639 mentio0
2168 5489 2404 5662 gnidas
2423 5578 2718 5662 tamenfl‘dt
2749 5577 3060 5662 ζητούμενα
3086 5572 3243 5647 παρὰ
3263 5576 3378 5637 τοῖς
3397 5572 3629 5645 ῥήτορσι
3655 5568 3783 5626 Phi-

504 5666 647 5733 apud
671 5653 896 5733 Sttidatn
920 5677 1017 5715 suo
1055 5661 1193 5733 loco,
1225 5668 1282 5733 et
1312 5653 1364 5711 in
1405 5653 1903 5733 Diodoro‘Valerio.

575 5734 689 5803 (58)
718 5732 885 5799 Hujus
908 5733 1070 5786 etiam
1093 5729 1375 5803 historiam
1406 5726 1472 5780 de
1500 5725 1615 5779 Vita
1641 5725 1909 5803 Apollonii
1938 5724 2084 5803 Tya-

508 5795 596 5860 ιιοὶ
633 5795 811 5859 habes
846 5816 998 5873 supr.
1027 5802 1149 5855 cod.
1188 5795 2038 5866 44,etexcerptaiulr.cod.21tl
2070 5813 2086 5860 ;

2192 5652 2405 5710 lostrati
2439 5650 2664 5705 Letnnio
2702 5650 2910 5703 tribuit.

2267 5725 2390 5796 (59)
2406 5721 2781 5796 Cognomeuto
2793 5718 3064 5783 Valerius,
3091 5715 3355 5773 Pollionis
3377 5714 3467 5782 F.,
3487 5713 3555 5771 de
3581 5713 3780 5785 quibus

2196 5792 2467 5851 videndus
2493 5792 2714 5848 Suidas.
