4062 6450
373 327 493 395 ιδ

1338 331 1865 394 BIBLIOTHECA.
1906 357 1961 367 -·
2012 330 2230 393 CODD.
2266 334 2720 399 CXLVII-CLV.

3560 349 3673 415 496

376 448 512 516 περὶ
552 446 666 501 τῶν
727 444 888 513 παρὰ
927 442 1201 500 Πλάτωνι
1253 444 1452 511 λέξεων
1518 442 1660 498 κατά
1720 443 1972 511 στοιχεῖοὶ

2087 444 2231 509 apud
2275 444 2552 502 Platonem
2604 450 2877 520 alphabeti
2927 454 3092 519 serie,
3136 454 3299 514 breve
3342 464 3671 528 opusculum

372 538 556 611 βραχὺ
587 536 930 608 ⁴πονηριὲιτιον
962 538 1021 592 ὲν
1050 537 1131 591 ἑνὶ
1163 537 1328 607 λόγῳ.

1084 628 1257 683 PNB’.

368 724 587 778 Λιιιόυ
614 721 945 776 Διονυσίου
970 719 1500 789 Ἁλικαρνασσέως
1517 722 1801 776 Ἀττικῶν
1814 723 1974 776 Ὀνο-

962 791 1169 860 μάτων
1195 794 1390 861 λόγοι.

444 883 767 955 Περιείχετο
797 882 843 914 ³⁸
886 881 944 935 δὲ
980 882 1059 953 τῷ
1110 884 1292 953 τεύχει
1340 884 1435 936 καί¹
1464 884 1649 937 Αἰλίου
1695 884 1974 937 Διονυσίου

380 974 866 1049 Ἁλικαρνασσέως
907 975 1193 1029 Ἀττικῶν
1217 976 1560 1045 Ὀνομάτων
1599 977 1699 1046 τῆς
1750 976 1975 1046 πρώτης

376 1069 657 1131 ἐκδόσεως
696 1066 851 1134 λόγοι
905 1067 1091 1128 πέντε.
1136 1066 1245 1120 ἀπὸ
1286 1067 1380 1120 τοῦ
1411 1085 1446 1120 α
1479 1066 1640 1138 μέχρι
1682 1067 1777 1121 τοῦ
1805 1083 1850 1119 ω
1875 1067 1975 1129 τάς

394 1158 659 1222 Ἀττικὰς
685 1155 847 1221 λέξεις
885 1156 1028 1209 κατά
1058 1159 1324 1226 στοιχεῖον
1354 1157 1787 1229 ἀναγράφοντες.
1836 1156 1975 1209 Σκύ-

392 1272 519 1324 μνῳ
543 1254 597 1305 δὲ
633 1251 687 1304 τὸ
717 1250 1009 1319 σύνταγμα
1044 1253 1380 1320 προσφωνεῖ.
1411 1248 1848 1320 Χρησιμώτατος
1876 1248 1923 1301 δ’
1946 1250 1975 1302 ὁ

390 1349 553 1409 πόνος
586 1341 737 1408 οὗτος
767 1347 883 1407 τοῖς
916 1360 974 1396 τε
1009 1340 1312 1406 ἀττικίζειν
1359 1342 1544 1413 ἔχουσι
1572 1342 1830 1414 φροντίδα
1879 1341 1975 1394 καὶ

384 1444 496 1504 τοῖς
525 1440 631 1492 τῶν
673 1437 935 1491 Ἀττικῶν
979 1437 1410 1508 συγγράμμασιν
1455 1437 1730 1507 ἑνομιλείν
1775 1452 1972 1506 προαι-

380 1534 691 1604 ρουμένοις.
718 1533 885 1584 Ὅσαι
918 1548 980 1583 τε
1031 1531 1139 1601 γὰρ
1172 1529 1608 1600 ἐπιχωριάζουσι
1638 1528 1812 1594 λέξεις
1856 1531 1974 1592 τοῖς

390 1626 696 1697 Ἀθηναίοις
730 1628 858 1694 περί
882 1642 941 1676 τε
972 1625 1070 1686 τάς
1108 1625 1301 1694 ἑορτὰς
1327 1624 1419 1675 καὶ
1445 1626 1541 1686 τὰς
1567 1623 1747 1687 δίκας.
1784 1621 1971 1676 ἐντεῦ-

369 1722 465 1775 θεν
490 1722 645 1774 ἐστιν
674 1719 968 1789 ἐκμαθεῖνο
996 1718 1091 1771 καὶ
1112 1718 1236 1770 εἴτι
1268 1717 1397 1771 ἄλλο
1434 1717 1757 1787 ἰδιοτρόπως
1786 1717 1972 1778 αὐτοῖς

2083 535 2203 590 libri
2246 539 2430 593 unius.

2791 636 2947 693 CLII.

2078 720 2223 777 «Elii
2272 722 2515 796 Dionysii
2552 726 2959 854 Halicml'ivlflscei
3014 732 3322 790 Dictiouum
3373 738 3672 797 Atticarum

2784 820 2799 854 ι
2839 820 2882 854 τι
2916 819 2972 854 x.

2784 819 2882 855 wn
2916 819 2972 857 Χ.

2150 885 2470 941 Continebat
2520 890 2663 945 idem
2711 893 2965 948 volumen
3016 905 3072 951 et
3116 897 3245 952 AElii
3282 901 3391 969 (40)
3428 901 3672 975 Dionysii

2080 974 2484 1035 Halicarnassei
2526 982 2825 1039 Atticorum
2871 984 3161 1043 Verborum
3194 992 3383 1059 prima:
3419 974 3673 1053 editionis

2080 1066 2248 1123 libros
2285 1072 2528 1142 quinque
2562 1091 2577 1128 :
2617 1075 2669 1129 in
2701 1077 2901 1145 quibus
2935 1095 2962 1131 τι
2995 1082 3168 1149 prima
3206 1084 3385 1139 littera
3432 1087 3500 1139 ad
3542 1088 3673 1142 ulti-

2080 1175 2224 1213 manu
2257 1178 2429 1230 usque
2458 1165 2669 1219 Atticas
2710 1183 2872 1225 voces
2906 1173 3301 1229 elementorum
3335 1179 3478 1233 serie
3507 1180 3675 1235 colle-

2075 1253 2177 1321 git.
2227 1252 2450 1309 Dedicat
2499 1274 2639 1326 opus
2686 1260 2813 1314 illud
2867 1264 3129 1336 Seymno,
3173 1268 3435 1340 laborque
3477 1271 3564 1328 bic
3606 1273 3673 1327 iis

2076 1346 2326 1411 perutilis
2361 1349 2604 1411 exsistit,
2638 1352 2728 1418 qui
2780 1354 2975 1410 Attica:
3016 1356 3211 1428 linguae
3260 1359 3446 1414 studio
3486 1370 3675 1416 tenen-

2079 1442 2185 1502 tur,
2222 1447 2276 1489 et
2315 1439 2367 1492 in
2409 1441 2607 1496 Atticis
2642 1456 2937 1499 versantur
2974 1449 3356 1517 scriptoribus.
3399 1452 3675 1518 Quaecun-

2076 1543 2181 1597 que
2212 1530 2358 1584 etaim
2401 1532 2825 1592 Atheniensibus
2858 1541 3038 1608 patrio
3076 1557 3228 1598 more
3259 1544 3518 1600 vocabula
3548 1561 3670 1600 cum

2076 1623 2129 1677 in
2182 1622 2360 1690 festis,
2404 1635 2517 1679 tum
2570 1628 2622 1681 in
2669 1629 2789 1683 foro
2839 1634 3035 1687 usitata
3088 1646 3235 1700 sunt,
3278 1637 3405 1693 binc
3449 1638 3673 1693 haurire

2076 1712 2238 1783 licet;
2280 1716 2387 1771 imo
2435 1727 2489 1772 et
2540 1718 2584 1773 si
2638 1720 2770 1791 quid
2822 1722 2967 1777 aliud
3008 1727 3225 1795 proprie
3269 1727 3339 1782 illi
3381 1738 3668 1797 usurpant,

368 1818 625 1883 λέγεται.
659 1815 721 1867 οὑ
764 1812 1006 1884 χαλεπὸν
1033 1812 1236 1880 εὑρεῖν,
1282 1811 1519 1881 μάλιστα
1546 1811 1599 1863 εἴ
1625 1828 1709 1874 τις
1740 1809 1815 1881 μὴ
1844 1812 1967 1872 τοὺς

2079 1807 2236 1863 facile.
2288 1808 2379 1863 hic
2425 1811 2693 1879 reperias.
2744 1813 2910 1883 quue
2958 1818 3095 1869 adeo
3147 1818 3409 1883 maxime,
3456 1819 3501 1873 si
3549 1819 3672 1888 quis

363 1909 468 1974 τῆς
498 1909 733 1978 πρώτης
755 1906 1025 1968 ἐκδόσεως
1062 1904 1221 1974 μόνον
1246 1904 1447 1974 τόμους
1490 1904 1793 1974 διερευνῴη
1838 1903 1975 1957 ἁλλά

366 2000 467 2053 καὶ
500 1999 609 2066 τῆς
657 1998 917 2067 δευτέρας
962 1997 1254 2061 ἐκδόσεως,
1302 1997 1399 2049 καὶ
1440 1996 1639 2060 αὐτοὺς
1689 1997 1852 2049 πέντε
1881 1996 1974 2049 τό·

369 2109 511 2161 μους
545 2092 733 2155 ὄντας,
781 2091 875 2142 καὶ
906 2091 1018 2143 ἀπὸ
1057 2088 1150 2141 τοῦ
1180 2106 1215 2142 α
1251 2089 1415 2158 μέχρι
1448 2087 1544 2140 τοῦ
1574 2107 1619 2140 ω
1660 2087 1761 2151 τὰς
1800 2087 1977 2140 Ἀττι-

366 2185 475 2246 κὰς
512 2182 692 2247 λέξεις
719 2182 1105 2251 περιέχοντας,
1151 2179 1274 2232 ὅσαι
1301 2195 1364 2245 γε
1393 2178 1438 2210 ⁸ο
1466 2180 1532 2249 τῇ
1566 2178 1810 2249 προτέρᾳ
1834 2178 1876 2210 ἰι
1909 2181 1969 2231 οὐ

367 2275 941 2349 συμπεριελήφθησαν
960 2274 992 2344 ἢ
1012 2271 1457 2342 περιελήφοησαν
1490 2272 1611 2343 μὲν,
1648 2272 1978 2343 μαρτυρίαις

367 2369 430 2422 δὲ
476 2372 599 2429 ταῖς
637 2366 826 2429 οὔσαις
867 2366 969 2419 οὐκ
1010 2362 1454 2435 ὲϐεϐαιώθησαν·
1511 2365 1571 2417 ἐν
1594 2366 1704 2434 γὰρ
1742 2365 1809 2435 τῇ
1856 2364 1978 2417 δευο

370 2461 514 2531 τέρα
537 2460 748 2514 ἐκδόσει
769 2457 1105 2529 πλατύτερόν
1130 2474 1190 2509 τε
1228 2456 1273 2489 ¹⁵¹
1306 2459 1399 2511 καὶ
1432 2456 1811 2527 ἀφθονώτερον
1842 2457 1887 2488 ⁸³
1913 2459 1970 2511 αἱ

375 2552 686 2622 μαρτυρίαι
718 2548 1163 2621 παρατέθεινται.
1191 2542 1294 2602 ’Ὧν
1348 2548 1401 2602 εί
1426 2565 1509 2611 τις
1547 2551 1646 2612 τὰς
1697 2548 1792 2603 δύο
1831 2566 1977 2621 πρα-

370 2644 647 2714 γματείας
678 2646 757 2707 εἰς
797 2643 857 2696 ἓν
878 2645 1214 2713 συναγαγεῖν
1246 2642 1539 2712 σύνταγμα
1570 2642 1618 2675 ⁸⁵
1659 2642 1975 2714 βουληθείη,

370 2737 794 2811 χρησιμώτερόν
824 2755 885 2791 τε
915 2738 976 2791 τὸ
1005 2738 1379 2809 φιλοτέχνημα
1406 2736 1668 2802 ἐπιδείξει
1713 2738 1811 2792 καὶ
1835 2740 1973 2809 μετά

374 2829 670 2903 ῥᾳστώνης
700 2830 999 2884 ὲκτελέσει.

1075 2922 1247 2976 ΡΝΓ’.

835 3016 1201 3070 Παυσανίου
1225 3015 1511 3080 Λεεικόν.

465 3107 822 3177 Ἀνεγνώσθη
882 3108 940 3161 δὲ
986 3110 1044 3161 ὲν
1099 3107 1179 3179 τῷ
1235 3108 1384 3178 αύτῷ
1431 3109 1614 3179 τεύχει
1668 3107 1977 3161 Παυσανίου
2004 3137 2051 3200 C

367 3200 637 3266 Λεξικὸν
652 3200 795 3254 κατά
819 3202 1104 3270 στοιχεῖον,
1135 3198 1287 3254 οὐδὲν
1315 3200 1536 3254 1έλαττον
1561 3200 1672 3253 τῶν
1708 3216 1972 3270 προειρη-

371 3296 564 3365 μένων
592 3296 674 3358 εἰς
692 3294 793 3357 τὰς
837 3294 1095 3358 ’Δττικάς
1124 3292 1568 3362 συναναγνώσεις
1595 3292 1892 3365 χρήσιμον,
1922 3293 1975 3344 εἰ

369 3387 453 3461 μὴ
502 3388 603 3442 καὶ
656 3387 887 3457 μᾶλλον.
936 3389 1001 3441 Εἰ
1044 3389 1154 3459 γὰρ
1183 3388 1280 3440 καὶ
1333 3390 1456 3450 ταῖς
1502 3384 1835 3457 μαρτυρίαις
1886 3384 1975 3436 ὲν-

364 3482 663 3552 δεέστερον
690 3479 828 3551 ἔχει,
863 3480 981 3534 ἀλλ’
1019 3474 1112 3533 οὖν
1146 3479 1202 3531 ἐν
1226 3496 1340 3531 τισι
1366 3477 1476 3531 τῶν
1512 3476 1796 3548 στοιχείων
1831 3475 1971 3529 πολὺ

364 3573 491 3636 ταῖς
546 3570 725 3636 λέξεσι
785 3571 1098 3637 πλεονάζει,
1150 3570 1226 3634 ὡς
1289 3568 1631 3641 ἀμφοτέραις
1690 3569 1808 3640 ἅμα
1850 3569 1974 3627 ταῖς

363 3664 562 3718 Αἰλίου
596 3664 874 3719 Διονυσίου
920 3661 1402 3733 Ἀλικαρνασσέως
1438 3662 1849 3733 πραγματείαις
1869 3660 1972 3729 τὴν

366 3754 507 3826 μίαν
534 3753 763 3824 ταύτην,
808 3753 1012 3824 (καίτοι
1058 3752 1170 3807 τῶν
1221 3754 1470 3823 χρήσεων
1521 3753 1608 3805 ἐπ’
1648 3751 1868 3805 ἔλαττον
1895 3749 1974 3813 ὼς

369 3846 589 3917 {mpm
639 3844 1007 3917 ἀπτομένην,)
1088 3842 1437 3909 ὲξισάζεσθαι
1481 3841 1563 3914 τῷ
1608 3844 1708 3913 τῆς
1752 3844 1972 3912 γραφῆς

380 3938 547 4009 δγκῳ.
580 3937 648 3991 Εἰ
669 3936 727 3991 δέ
750 3954 834 4001 τις
860 3937 1107 4000 ἐκείναις
1135 3938 1258 4000 ταῖς
1276 3935 1427 3989 δυσὶν
1452 3934 1728 3988 ὲκδόσεσιν
1759 3933 1854 3987 καὶ
1873 3932 1972 4004 τὴν

375 4027 686 4082 Παυσανίου
706 4027 1085 4095 ὲγκατατάξας
1116 4026 1176 4080 ἓν
1192 4026 1567 4097 ἀπεργάσαιτο
1598 4024 1643 4057 ’⁵⁵
1683 4023 1971 4093 σύνταγμα

368 4122 599 4192 (ῥᾷστον
620 4120 679 4173 δὲ
701 4119 782 4192 τῷ
819 4120 1182 4191 βουλομένῳ),
1212 4114 1369 4184 οὗτος
1392 4119 1458 4173 ἂν
1487 4120 1575 4189 εἴη
1598 4118 1660 4171 τὸ
1685 4118 1972 4172 κάλλιστον

362 4213 462 4267 καὶ
493 4209 920 4283 χρησιμιὶηατον
947 4213 1061 4275 τοῖς
1094 4211 1537 4280 ἀναγινώσκουσι
1570 4211 1671 4276 τάς
1715 4211 1970 4275 Ἀττικὰς

360 4304 596 4375 βίϐλους
620 4304 945 4375 σπούδασμα
980 4304 1432 4375 εἰσενηνεγμένος
1457 4304 1523 4360 ⁸⁸.

1089 4398 1260 4452 PNA’.

516 4489 752 4555 Βοηθοῦ
776 4489 1013 4552 Λέξεων
1031 4487 1438 4544 Πλατωνικῶν
1467 4489 1816 4559 Συναγωγή.

436 4578 567 4654 [171
607 4579 698 4652 Η.]
735 4579 1083 4650 Ἀνεγνώσθη
1135 4582 1181 4634 δ’
1233 4583 1292 4634 ἐν
1326 4580 1405 4651 τῷ
1451 4580 1601 4651 αὐτῷ
1645 4584 1830 4652 τεύχει
1870 4580 1967 4635 καὶ

362 4673 582 4749 Βοηθοῦ
601 4673 840 4739 Λέξεων
866 4672 1271 4728 Πλατωνικῶν
1292 4673 1618 4745 Συναγωγή
1647 4676 1791 4729 κατὰ
1831 4691 1971 4728 στοι-

360 4774 541 4842 χεῖον.
566 4767 747 4839 πολλῷ
777 4769 875 4839 τῆς
897 4767 941 4801 ⁸⁷
971 4768 1208 4839 Τιμαίου
1245 4770 1575 4838 συναγωγῆς
1608 4770 1967 4840 χρησιμώτε-

364 4884 487 4939 ρον.
517 4859 924 4933 Προσφωνείῖδὲ
946 4860 1213 4932 Μελάντα
1239 4862 1348 4915 τινί
1372 4860 1435 4914 τὸ
1462 4860 1890 4931 συνταγμάτιον.

1079 4954 1253 5011 PNE'.

367 5049 483 5104 Τοῦ
511 5049 701 5104 αὐτοῦ
734 5051 871 5120 περὶ
904 5050 1023 5105 τῶν
1043 5050 1208 5185 Ὲὲὰ
1225 5046 1505 5102 Πλάτωνι
1533 5047 1971 5115 ἀπορουμένων

1165 5135 1301 5173 εων.

1165 5135 1301 5173 εων.

434 5211 725 5283 Συνετάγη
778 5211 837 5266 δὲ
891 5210 1043 5283 αύτῷ
1103 5211 1199 5265 καὶ
1245 5208 1437 5279 ἔτερόν
1495 5225 1549 5262 τι
1614 5210 1964 5284 Ἀθηναγόρα

2079 1915 2183 1954 non
2236 1902 2424 1969 primu:
2465 1902 2722 1957 editionis
2758 1914 2966 1960 tantum
3013 1916 3188 1962 tomos
3230 1918 3526 1974 scrutetur,
3573 1911 3670 1964 sed

2078 2002 2134 2048 et
2166 1995 2444 2057 secundm,
2481 2010 2601 2064 qtue
2641 2005 2696 2049 et
2746 1997 2861 2064 ipsa
2911 1996 3080 2051 libros
3120 1999 3360 2068 quinque
3405 2001 3668 2062 continet,

2079 2093 2135 2138 et
2175 2084 2244 2138 ab
2285 2086 2329 2139 A
2364 2101 2539 2156 usque
2574 2086 2642 2141 ad
2680 2098 2723 2142 Ω
2762 2087 2943 2142 Attica
2998 2088 3219 2142 nomina
3265 2088 3670 2158 complectitur.

2079 2192 2201 2247 qua:
2250 2177 2427 2248 prima
2479 2179 2651 2233 editio
2704 2195 2810 2235 non
2866 2180 3185 2235 continebat
3238 2181 3457 2251 quidem
3509 2197 3523 2234 :
3573 2180 3670 2237 sed

2082 2271 2223 2338 aptis
2274 2285 2337 2325 ea
2385 2271 2716 2340 scriptorum
2770 2272 3103 2329 testimoniis
3140 2288 3247 2328 non
3284 2270 3666 2329 conﬁrmabat.

2078 2360 2367 2430 Cepiosius
2409 2361 2556 2416 enim
2608 2362 2664 2417 in
2718 2362 2958 2417 secunda
3011 2363 3284 2433 editione,
3338 2362 3669 2433 uberiusque

2080 2463 2320 2509 veterem
2358 2454 2477 2511 loca
2509 2454 2722 2511 laudata
2764 2455 3114 2511 adhibentur.
3157 2456 3338 2525 Quare
3366 2456 3411 2512 si
3443 2456 3570 2526 quis
3596 2470 3667 2509 ex

2081 2558 2312 2615 utraque
2357 2548 2597 2602 editione
2632 2563 2792 2603 unam
2841 2548 3209 2615 fabrefecerit,
3250 2564 3334 2604 me
3365 2548 3454 2605 ille
3488 2548 3669 2605 utilis-

2078 2645 2278 2696 simqu
2309 2657 2446 2711 opus
2476 2642 2623 2698 nullo
2651 2645 2870 2713 negotio
2901 2643 3233 2699 exhibuerit.

2792 2910 2968 2967 CLIII.

2574 3002 2861 3060 Pausania:
2893 3004 3146 3061 Lexican.

2152 3100 2283 3170 Legi
2320 3100 2372 3155 in
2411 3103 2514 3157 boc
2546 3101 2668 3172 ipso
2697 3101 2975 3158 volumine
3017 3103 3213 3174 100a
3250 3102 3485 3159 Lexicou
3521 3104 3668 3160 Pau-

2081 3196 2251 3248 sania:
2301 3194 2440 3263 (41),
2487 3194 2793 3250 litterarum
2843 3195 2987 3252 serie
3034 3198 3448 3263 concinnatum,
3496 3199 3669 3255 nihil.

2076 3290 2181 3344 illis
2231 3291 2505 3359 prioribus
2552 3291 2731 3345 minus
2768 3293 2964 3345 Atticae
2999 3292 3196 3361 lingua:
3232 3293 3495 3348 studiosis
3535 3295 3668 3348 utile

2073 3383 2343 3448 futurum,
2382 3383 2492 3438 imo
2541 3393 2597 3438 et
2650 3385 2844 3454 magis.
2876 3383 2992 3439 Etsi
3031 3385 3176 3440 enim
3227 3384 3664 3441 testimoniorum

2074 3479 2257 3531 minus
2312 3475 2526 3541 all'erat,
2560 3476 2612 3531 in
2648 3477 2972 3546 quibusdam
3006 3485 3187 3531 tamen
3217 3477 3491 3547 alphabeti
3526 3477 3667 3533 litte-

2073 3570 2149 3625 ris
2178 3570 2362 3640 plnres
2406 3570 2574 3626 habet
2601 3585 2791 3635 voces,
2820 3580 2883 3623 ut
2919 3584 3042 3624 cum
3079 3578 3313 3639 utroque
3345 3568 3478 3625 Elii
3532 3571 3661 3626 Dio-

2073 3663 2212 3733 nysii
2251 3661 2650 3716 Ilalicaruassei
2684 3676 2853 3730 opere
2895 3675 3061 3713 unum
3094 3661 3196 3715 hoc
3241 3661 3368 3733 (etsi
3415 3662 3664 3717 testimo-

2074 3757 2291 3810 niorum
2330 3754 2534 3817 minus,
2567 3762 2628 3807 ut
2668 3754 2927 3819 diximus,
2960 3753 3239 3820 adhibeat)
3288 3754 3430 3809 mole
3467 3754 3662 3809 saltem

2073 3847 2187 3915 ipsa
2239 3847 2531 3916 adaequare
2582 3847 2763 3902 liceat.
2819 3845 2875 3899 Si
2940 3861 3072 3899 vero
3110 3849 3235 3915 quis
3276 3845 3408 3901 Elii
3453 3846 3663 3901 duabus

2071 3941 2181 3995 illis
2214 3939 2550 3994 editiouibus
2584 3938 2867 3993 Pausaniae
2897 3952 3116 4008 quoque
3160 3937 3357 3993 librum
3398 3938 3663 4009 adjiciens

2072 4048 2239 4087 unum
2272 4048 2471 4103 corpus
2501 4031 2743 4086 eﬂ'ecerit
2774 4033 2856 4104 (et
2882 4030 3043 4086 facile
3069 4030 3287 4085 «citanti
3320 4030 3511 4098 fuerit)
3540 4031 3662 4099 pul-

2071 4126 2405 4180 cherrimum
2464 4126 2551 4179 hic
2611 4138 2785 4191 opus,
2845 4132 2903 4178 et
2957 4123 3309 4179 utilissimum
3366 4121 3664 4191 scriptores

2070 4220 2282 4275 Atticos
2312 4219 2586 4284 versanti,
2624 4217 3011 4274 elaboraverit.

2772 4392 2951 4446 CLiV.

2230 4487 2416 4541 Boellu'
2465 4485 2662 4542 Vocum
2701 4486 3107 4540 Platonicorum
3138 4484 3497 4540 Collectnnea.

2141 4580 2401 4647 Legimus
2456 4580 2509 4633 in
2560 4595 2628 4633 eo
2673 4579 2791 4649 ipso
2843 4578 3055 4643 codice,
3108 4588 3164 4631 et
3213 4578 3405 4634 Boethi
3467 4577 3664 4631 Vocant

2075 4672 2480 4728 Platonicarum
2515 4671 2874 4733 Colleclanea,
2906 4671 3049 4724 serie
3092 4670 3422 4723 litterarum.
3466 4668 3666 4725 Utilius

2074 4766 2233 4835 longe
2266 4766 2364 4818 hoc
2388 4780 2527 4833 opus
2555 4762 2743 4818 Timaei
2776 4762 3135 4829 Collectione,
3165 4762 3413 4816 Melania:
3446 4762 3661 4817 cuidam

2076 4859 2419 4926 inscriptum.

2761 4946 2915 5005 CLV.

2185 5043 2440 5113 Ejusdem
2468 5041 2778 5111 opusculum
2808 5042 3072 5165 debdubiis
3102 5042 3245 5110 apud
3280 5040 3558 5095 Platonem

2746 5130 2855 5165 υοει
2897 5130 2980 5165 us.

2746 5130 2980 5167 υοειυιιδ.

2146 5208 2484 5275 Conscripsit
2529 5215 2586 5262 et
2636 5207 2869 5261 alterum
2919 5205 3250 5276 Opusculum
3297 5205 3665 5274 Athenagorae

1643 5352 1882 5408 VARUE
1923 5349 2333 5407 LECTIONES.

438 5473 488 5504 ³’
515 5470 860 5544 περιείχοντο
884 5488 946 5535 ς.
1057 5468 1106 5501 ⁸ο
1132 5468 1220 5542 γε]
1248 5468 1369 5544 libri
1392 5486 1474 5523 τε.

1572 5469 1620 5547 ξ’
1651 5475 1959 5547 προτεραίᾳ
1989 5492 2050 5539 ς.

2149 5471 2195 5503 δ’
2230 5490 2291 5525 τε
2330 5472 2453 5524 add.
2488 5473 2552 5526 Α.
2618 5472 2667 5503 ⁸³
2689 5471 3088 5541 ἀφθονέστερω
3138 5458 3668 5541 apograpbutnStf-

362 5543 557 5619 pharii.
593 5527 684 5619 .f"
705 5527 1007 5619 ’δύνταγμα
1054 5527 1417 5619 συνᾳ-Ῠαχεῖν..
1442 5610 1455 5619 _
1492 5538 1540 5619 δξ
1566 5527 1952 5619 ἀπενῷγάσατδ
1981 5527 2048 5598 Ᾰ.
2124 5542 2171 5575 ⁸⁸
2205 5543 2665 5613 εἰσενεγκάμενος
2700 5527 2761 5607 ς’.
2818 5527 3100 5613 ειψιιιία).
3128 5527 3195 5595 89
3228 5527 3257 5590 6
3292 5535 3380 5604 10)
3432 5532 3543 5586 εἰσί
3574 5527 3669 5583 τὸν

363 5610 556 5683 ἀγῶνα
588 5613 1054 5682 εἰσενηνεγμένοι.
1153 5611 1197 5643 ’⁵⁷
1228 5611 1325 5681 τῆς
1352 5610 1478 5667 add.
1510 5611 1579 5667 A.

1912 5701 2152 5760 ΝΟΤΑΞ.

437 5800 554 5871 (41))
594 5799 762 5865 Quem
801 5795 1001 5863 szrpius
1032 5794 1259 5850 advocat
1291 5796 1543 5852 Enstatb.
1580 5796 1634 5853 in
1667 5795 1825 5853 Ilom.

782 5892 1055 5952 ΡΑτιιοΙ..
1092 5889 1211 5949 Gn.
1246 5888 1408 5951 CIII.

2160 5792 2270 5865 (41)
2305 5793 2522 5850 Citatur
2552 5792 2844 5849 identidem
2879 5792 2948 5846 ab
2979 5791 3228 5846 Eustath.

3143 5886 3219 5947 1h-
