4062 6456
440 350 547 413 427

1624 342 1889 405 ΡΗΟΤΙΙ
1918 342 2427 405 ΡΑΤΒΙΑΗΟΗᾹΞ
2465 346 2573 406 CP.

3613 346 3725 411 428

441 470 838 532 nuncupatum,
891 462 977 516 cui
1028 460 1266 517 titulus:
1302 459 1379 515 De
1425 459 1602 514 dubii:
1652 460 1797 527 apud
1842 457 2026 512 Plato-

2132 459 2626 529 προσφωνούμενον
2658 459 3118 531 σπουδασμάτιον,
3164 460 3195 512 ὃ
3243 461 3383 529 Περὶ
3418 457 3539 514 τῶν
3561 462 3727 529 παρὰ

435 573 554 610 nem
603 556 835 609 vocibus.
889 553 1093 608 Ilorum
1150 552 1454 608 libellorum
1500 552 1545 606 si
1595 552 1717 621 quis
1760 551 2022 605 vocabula

434 648 487 702 in
539 662 704 701 unum
757 645 1045 701 conferens
1091 654 1409 716 componat,
1444 644 1890 715 compositasque
1925 642 2022 697 'l‘i-

434 754 573 794 maeo
599 738 891 801 addiderit,
919 736 966 791 is
994 751 1129 792 sane
1161 750 1414 808 magnam
1449 735 1688 790 Platonis
1729 734 2023 789 lectoribus

435 833 726 889 utilitatem
764 830 1027 888 attulerit.

1147 1010 1326 1067 CLVI.

504 1106 759 1162 Dorotlm'
792 1106 856 1160 de
891 1106 1469 1228 vocibuslegtflrnorum
1503 1118 1648 1157 more
1680 1101 1951 1171 usurpatis

1136 1194 1150 1228 ι
1190 1194 1215 1228 e
1263 1193 1343 1228 us.

1136 1193 1343 1231 weuus.

508 1271 710 1327 Lectus
757 1270 957 1325 ibidem
1009 1268 1316 1323 Dorotheus
1361 1266 1439 1321 De
1494 1276 1833 1321 externorum
1879 1283 2025 1321 more

436 1365 708 1434 usurpatis
750 1365 1007 1425 pacibus,
1066 1360 1337 1430 alphabeti
1401 1360 1629 1425 ordine;
1690 1362 1834 1430 quod
1894 1362 2021 1416 item

438 1456 787 1511 utilissimum
816 1467 940 1509 esse
964 1451 1228 1509 studiosis
1258 1465 1395 1520 opus
1428 1462 1676 1521 apparet.

1108 1632 1313 1689 CLVII.

956 1726 1195 1781 Mmridis
1229 1726 1499 1782 Atticista.

2137 552 2411 607 Πλάτωνι
2461 553 2895 623 ἀπορουμένων
2928 553 3160 618 λέξεων
3191 553 3511 625 ἐπιγράφει.
3543 548 3647 607 Ὧν
3673 555 3732 608 εἴ

2131 660 2215 707 τις
2253 643 2353 707 τὰς
2406 644 2581 709 λέξεις
2630 646 2711 707 είς
2745 644 2803 697 ἓν
2838 645 3162 714 συναγάγοι,
3214 646 3596 699 συνεντάσσων
3624 648 3726 699 καὶ

2130 736 2229 797 τὰς
2256 737 2607 806 συνηγμένας
2624 736 3291 809 Τιμαίῳ,ἀπηρτισμένην
3327 737 3427 806 τὴν
3455 738 3725 807 ὠφέλειαν

2132 829 2469 900 παράσχοιδε
2517 830 2632 893 τοῖς
2684 831 2753 883 τὰ
2807 829 3096 893 Πλάτωνος
3153 829 3553 896 ἀναγινώσκειν
3598 828 3722 882 ἑθέ-

2132 920 2340 977 λουσιν.

2816 1015 3004 1085 PNq'.

2132 1109 2432 1178 Δωροθέου
2486 1110 2619 1179 περὶ
2670 1109 2790 1164 τῶν
2841 1110 3030 1177 ξένως
3084 1108 3415 1179 εἰρημένων
3465 1110 3717 1175 λέξεων.

2213 1265 2345 1338 [324
2377 1265 2469 1338 8.]
2508 1267 2853 1339 ’Δνεγνὼσθη
2888 1268 2944 1321 δὲ
2978 1268 3035 1319 ἐν
3082 1268 3162 1338 τῷ
3208 1269 3358 1338 αὐτῷ
3390 1286 3487 1322 και
3536 1272 3723 1341 Δωρο-

2133 1358 2259 1412 θέου
2280 1361 2419 1427 Περὶ
2442 1359 2565 1413 τῶν
2591 1361 2779 1426 ξένως
2807 1361 3135 1430 εἰρημένων
3150 1362 3379 1426 λέξεων
3396 1365 3533 1416 κατὰ
3576 1381 3691 1417 στοι
3712 1394 3724 1405 -

2132 1457 2297 1523 χείον.
2333 1454 2501 1523 Δῆλον
2526 1453 2584 1507 δὲ
2615 1455 2689 1515 ὼς
2718 1455 2819 1507 οὐκ
2856 1456 3130 1527 ἄχρηστον
3159 1457 3273 1519 τοῖς
3306 1456 3620 1525 φιλοπόνως
3659 1457 3723 1511 τὸ

2133 1547 2441 1619 σύνταγμα.

2841 1640 2991 1694 ΡΝΖ⁸

2587 1736 2865 1802 Μοίριδος
2896 1734 3267 1802 ἀττικιστής.

509 1818 709 1875 Lectus
755 1820 821 1873 ad
872 1822 987 1873 hzcc
1052 1820 1216 1872 etiam
1277 1819 1520 1873 Mueridis
1574 1818 1687 1887 (42)
1729 1820 2023 1874 Atticista:

2202 1826 2326 1879 Ἔτι
2352 1826 2408 1880 δὲ
2440 1826 2536 1879 καὶ
2559 1778 2818 1897 Μοίρῖδος
2837 1778 3255 1895 ἶΑττικισντήὲ·
3286 1827 3429 1887 κατὰ
3456 1831 3714 1899 στοιχεῖον

435 1915 528 1987 qui
564 1914 781 1969 libellus
813 1924 869 1967 et
903 1913 1018 1981 ipse
1047 1911 1353 1965 litterarum
1387 1911 1528 1966 serie
1563 1912 1831 1965 decurrit.

1113 2002 1346 2059 CLVIII.

513 2097 805 2168 Phryniclu'
834 2095 998 2149 Arabi
1029 2097 1326 2163 Apparatus
1357 2096 1583 2148 oratorii
1613 2094 1733 2147 libri
1766 2110 1953 2149 χχχιιι.

442 2318 447 2323 .
510 2273 639 2345 Legi
695 2272 993 2343 Phrynichi
1050 2272 1165 2343 (45)
1220 2272 1406 2327 Arabii
1462 2271 1705 2326 Oratorii
1742 2282 2031 2343 apparatus

441 2366 613 2422 libros
654 2381 749 2421 sex
795 2375 850 2421 et
902 2365 1146 2435 triginta.
1200 2363 1463 2419 Collectio
1496 2372 1582 2417 est
1623 2379 1817 2418 vocum
1867 2376 2032 2433 atque

441 2459 770 2522 mcisorum,
823 2458 926 2513 etsi
974 2473 1042 2512 ex
1086 2457 1173 2512 his
1222 2458 1427 2526 aliqua,
1474 2472 1594 2526 quae
1636 2458 1891 2511 nimirum
1936 2472 2032 2511 ve-

439 2558 622 2613 nuste,
654 2559 713 2604 et
751 2564 879 2603 cum
918 2550 1161 2603 novitate
1193 2563 1302 2602 non
1337 2549 1655 2603 indecenter
1688 2550 1830 2602 dicta
1870 2558 2034 2618 atque

439 2641 740 2709 composita
786 2639 961 2703 fuere,
996 2642 1064 2695 ad
1104 2641 1350 2695 membra
1390 2643 1555 2695 etiam
1599 2641 1807 2708 integra
1839 2652 2033 2696 exten-

439 2736 659 2789 dantur.
693 2733 897 2788 llorum
930 2734 1188 2804 pleraque
1223 2745 1278 2787 et
1314 2735 1365 2787 in
1404 2733 1634 2787 llelladii
1673 2732 2035 2790 Collectaneis

440 2824 683 2895 reperias
718 2824 883 2879 licet:
913 2827 1007 2877 sed
1040 2840 1103 2878 ea
1138 2825 1340 2894 passim
1383 2824 1455 2879 ibi
1494 2824 1547 2877 in
1580 2833 1731 2876 vasta
1774 2823 1861 2876 illa
1903 2839 2035 2878 con-

441 2921 591 2989 gerie
631 2920 874 2989 dispersa
901 2920 1103 2987 jacettt,
1140 2921 1227 2974 hic
1268 2935 1397 2973 vero
1437 2920 1594 2974 simul
1631 2920 1680 2973 id
1717 2934 1889 2988 genus
1922 2918 2034 2972 col-

442 3012 603 3069 lecta.
641 3011 870 3077 Quando
904 3023 957 3067 et
991 3011 1299 3083 Phrynicho
1332 3012 1456 3065 talia
1494 3026 1789 3082 congerere
1834 3026 2033 3081 propo-

441 3102 606 3158 situm
656 3101 780 3164 fuit,
820 3112 876 3156 et
925 3102 1222 3168 lIrlladius,
1264 3104 1307 3157 si
1355 3103 1485 3173 quid
1532 3100 1864 3170 huiusmodi,
1901 3102 2027 3153 dum

2129 1915 2188 1969 δὲ
2221 1915 2320 1970 καὶ
2352 1915 2510 1969 τοῦτο
2540 1916 2604 1969 τὸ
2640 1918 3000 1988 πονημάτιον.

2846 2010 3024 2063 ΡΝΗ’.

2132 2101 2436 2171 Φρυνίχου
2504 2102 2851 2229 Ἀραϐίουλό
2870 2104 3239 2227 σοεςιοςτικῆς
3316 2103 3721 2175 Παρασκευῆς

2854 2192 2944 2229 τοι
3007 2196 3045 2229 c
3069 2217 3083 2229 .

2854 2192 2944 2243 τοι
2973 2192 3054 2242 Ag‘
3069 2217 3083 2230 .

2218 2266 2671 2338 ’Δνεγνώσθησαν
2716 2270 2985 2340 Φρυνίχου
3012 2271 3268 2341 Ἀραϐίου
3281 2272 3326 2306 ⁸³
3351 2272 3724 2341 σοφιστικῆς

2133 2358 2539 2428 Παρασκευῆς
2561 2360 2711 2428 λόγοι
2733 2361 2842 2426 λς’·
2878 2362 2993 2415 ἐστι
3022 2362 3078 2414 δὲ
3106 2363 3168 2415 τὸ
3197 2363 3399 2433 βιϐλίον
3429 2363 3629 2429 λέξεων
3663 2379 3723 2416 τε

2138 2451 2438 2522 συναγωγὴ
2474 2452 2569 2504 καὶ
2595 2452 2773 2520 λόγων
2806 2454 3194 2523 κομματικῶν,
3229 2456 3391 2507 ἐνίων
3428 2455 3485 2508 δὲ
3516 2455 3612 2508 καὶ
3642 2455 3725 2517 εἰς

2138 2542 2290 2596 κῶλα
2318 2545 2801 2615 παρατεινομένων
2830 2545 2942 2598 τῶν
2973 2546 3275 2616 χαριέντως
3321 2563 3385 2600 τε
3413 2547 3508 2599 καὶ
3534 2563 3722 2600 καινο-

2137 2636 2366 2705 πρεπῶς
2396 2636 2707 2706 εἰρημένων
2734 2654 2793 2689 τε
2822 2637 2919 2690 καὶ
2962 2637 3434 2707 συντεταγμένων.
3464 2638 3645 2692 Πολλὰ
3665 2638 3721 2691 δὲ

2134 2728 2317 2780 αὐτῶν
2364 2729 2480 2781 ἐστι
2530 2730 2627 2781 καὶ
2658 2732 2715 2781 ὲν
2748 2733 2817 2801 τῇ
2855 2730 3133 2785 Ἑλλαδίου
3166 2732 3277 2784 τῶν
3311 2730 3510 2798 λέξεων
3540 2732 3723 2801 εὑρεῖν

2139 2822 2399 2892 συλλογῇ,
2444 2822 2558 2876 ἀλλ’
2608 2825 2728 2876 ἐκεῖ
2762 2824 2863 2893 μὲν
2893 2823 3274 2895 διεσπαρμένα
3306 2825 3366 2877 ὲν
3406 2824 3486 2894 τῷ
3523 2824 3725 2894 πλήθει

2136 2914 2232 2982 τῆς
2269 2914 2619 2984 συναγωγῆς,
2668 2915 2905 2969 ἐνταῦθα
2933 2914 2989 2968 δὲ
3022 2917 3159 2983 ὁμοῦ
3203 2918 3270 2971 τὰ
3315 2916 3541 2970 τοιαῦτα
3592 2934 3722 2969 συν-

2136 3002 2375 3073 ηγμένα,
2407 3005 2530 3057 ἐπεὶ
2566 3004 2660 3057 καὶ
2698 3006 2949 3077 Φρυνίχῳ
2982 3007 3080 3075 μὲν
3109 3006 3177 3059 τὰ
3222 3008 3447 3060 τοιαῦτα
3480 3024 3725 3074 συναγει⁹

2136 3099 2255 3164 γείν
2287 3097 2482 3164 γέγονε
2516 3097 2750 3163 σκοπὸς,
2796 3097 3071 3162 Ἑλλάδιος
3118 3099 3177 3152 δὲ
3226 3099 3402 3165 λέξεις
3450 3098 3723 3170 ἁθροίζων

440 3197 705 3252 vocabula
741 3196 1067 3266 simpliciter
1094 3196 1419 3259 accumulat,
1461 3196 1651 3265 ιοοὺ
1702 3197 1754 3248 iu
1792 3211 2026 3249 comnm-

2136 3187 2344 3254 ἁπλῶς,
2391 3189 2487 3242 καὶ
2533 3190 2586 3243 εῐ
2618 3208 2672 3243 τι
2698 3190 2808 3245 τῶν
2840 3191 3100 3245 τοιούτων
3135 3193 3416 3257 συνέταξε,
3447 3193 3526 3263 τῷ
3557 3190 3725 3264 κοινῷ

441 3303 567 3344 nem
610 3289 996 3343 vocabulorum
1054 3288 1251 3342 librum
1300 3288 1502 3352 retulit,
1540 3290 1590 3341 id
1643 3298 1852 3341 tantum
1903 3300 2027 3339 cmn

442 3377 655 3432 caeteris
698 3394 801 3431 una
853 3379 1143 3444 inclusum,
1182 3382 1365 3450 ibique
1417 3382 1662 3435 relictum
1707 3382 1899 3435 voluit.
1933 3382 2029 3435 Al-

444 3470 660 3547 pbabeti
692 3481 872 3524 autem
912 3472 1027 3526 haec
1055 3473 1215 3526 etiam
1251 3475 1444 3527 ordine
1475 3476 1814 3544 digeruntur.

519 3562 726 3617 Floruit
780 3564 868 3619 hic
925 3566 1182 3634 scriptor,
1240 3567 1543 3636 imperante
1600 3566 1787 3623 Roma:
1845 3569 2029 3624 Marco

439 3654 718 3709 Antonino
775 3657 1019 3726 Augusto
1085 3658 1312 3727 ejusque
1382 3659 1492 3712 ﬁlio
1554 3661 1882 3729 Commodo,
1940 3664 2026 3718 cui

441 3749 627 3802 etiam.
656 3749 839 3817 operis
920 3748 1134 3804 initium
1191 3751 1263 3805 ita
1314 3751 1619 3807 inscribit:
1660 3772 1679 3804 ι
1727 3753 2029 3811 Commodo

440 3839 643 3895 (Βεεθιί
697 3839 1038 3911 Phrynichus
1095 3841 1357 3895 Salutem.
1411 3862 1430 3895 ι
1486 3844 1786 3899 Commodo
1844 3847 2028 3917 itaque

442 3930 640 3984 librum
691 3932 967 3995 dedicans,
1000 3932 1127 3985 dum
1175 3933 1225 3985 in
1275 3948 1369 3985 sua
1411 3934 1477 3987 ad
1524 3949 1646 3988 eum
1699 3935 2028 3992 Praefatione

442 4022 511 4075 ad
556 4021 799 4075 discendi
844 4023 1082 4076 studium
1130 4023 1400 4087 hortatur,
1431 4035 1485 4079 et
1522 4042 1657 4093 opus
1701 4028 1801 4083 hoc
1846 4031 2028 4084 verbis

440 4110 673 4174 extollit,
715 4120 922 4180 septem
976 4127 1095 4166 sese
1141 4113 1219 4165 ait
1286 4130 1448 4182 supra
1503 4118 1721 4185 triginta
1774 4118 1827 4172 in
1876 4120 2023 4173 illum

443 4217 616 4269 usque
642 4202 786 4256 diem
820 4206 1193 4273 composuisse
1226 4205 1414 4271 libros,
1447 4224 1582 4275 quos
1621 4221 1675 4263 et
1710 4212 2024 4280 imperatori

438 4293 722 4359 obtulerit,
755 4309 921 4363 seque
955 4296 1090 4349 alios
1124 4299 1344 4351 totidem
1386 4311 1585 4369 prazter
1618 4301 1715 4357 hos
1752 4304 2022 4358 editurum

440 4386 734 4453 promittit,
785 4388 834 4441 si
888 4386 1098 4455 longior
1146 4390 1267 4443 vitm
1318 4406 1482 4445 usura
1535 4393 1774 4448 daretur.
1820 4396 2023 4453 Horum

440 4496 542 4535 nos
594 4496 688 4535 sex
742 4492 951 4535 tanlttm
1004 4493 1059 4535 et
1113 4486 1331 4552 triginta
1375 4487 1509 4557 (44),
1546 4488 1621 4541 uti
1669 4490 1869 4543 dictum
1919 4502 2020 4553 est,

441 4579 691 4649 legimus,
723 4597 753 4636 a
789 4584 964 4652 prima
1018 4583 1194 4638 littera
1251 4585 1316 4637 ad
1358 4594 1659 4637 extremam
1711 4596 1880 4651 usque
1927 4584 2023 4638 de=-

440 4672 659 4725 ditctos.

516 4857 626 4910 Etsi
688 4872 814 4910 vero
864 4858 1175 4924 imperaturi
1228 4874 1322 4909 eos
1371 4856 1537 4909 libros
1582 4872 1641 4911 se
1688 4858 1884 4913 tiﬂerre
1924 4861 2023 4925 ait,

437 4952 606 5007 variis
670 4960 849 5003 tamen
908 4951 1125 5002 eosdem
1189 4962 1533 5019 nuncupasse
1584 4960 1821 5006 constat.
1878 4951 2023 5007 Cou-

435 5045 617 5101 festim
646 5043 793 5097 enim
842 5043 1073 5112 primum
1120 5043 1333 5096 illorum
1363 5042 1612 5097 Aristocli
1644 5044 1857 5098 cuidam
1890 5046 2017 5100 mit-

437 5140 525 5204 tit,
566 5149 803 5207 eumque
846 5134 993 5188 velut
1048 5134 1232 5189 ludum
1284 5134 1570 5203 quemdam
1611 5134 1778 5188 natali
1813 5137 2020 5192 Aristo-

2135 3284 2281 3365 λόγῳ
2306 3284 2414 3338 τῶν
2449 3285 2647 3352 λέξεων
2681 3288 2776 3340 καὶ
2805 3288 2981 3339 ταῦτα
3012 3285 3500 3357 συμπεριειληφὼς
3548 3290 3724 3342 ὲναπ-

2136 3376 2312 3430 έθετο.
2330 3378 2489 3431 Κατὰ
2517 3383 2786 3450 στοιχεῖον
2814 3380 2872 3433 δὲ
2894 3381 2988 3433 καὶ
3012 3380 3151 3451 αὓτη
3188 3382 3223 3451 ή
3258 3383 3572 3453 συναγωγή.

2210 3564 2468 3632 Ἤκμασε
2501 3562 2559 3615 δὲ
2587 3564 2615 3615 ὁ
2643 3562 2785 3633 ἀνὴρ
2820 3564 2878 3616 ὲν
2901 3565 3017 3627 τοῖς
3055 3563 3273 3633 χρόνοις
3300 3565 3530 3637 Μάρκου
3562 3567 3723 3636 βασι-

2138 3655 2279 3719 λέως
2313 3655 2604 3726 Ῥωμαίων
2645 3656 2743 3709 καὶ
2788 3656 2884 3708 τοῦ
2938 3656 3131 3719 παιδὸς
3179 3658 3347 3711 αὐτοῦ
3394 3660 3714 3730 Κομμόδου,

2134 3748 2273 3819 πρὸς
2298 3747 2358 3800 ὃν
2393 3749 2492 3801 καὶ
2519 3749 2621 3820 τὴν
2645 3749 2904 3819 ἀπαρχὴν
2921 3749 2969 3781 ⁸⁸
3001 3749 3100 3804 τοῦ
3130 3752 3511 3822 συντάγματος
3540 3757 3716 3806 ποιεῖ-ι

2132 3857 2223 3895 ται
2250 3840 2580 3911 ἐπιγράφων
2604 3857 2619 3871 '
2660 3859 2678 3892 ι
2717 3841 2993 3913 Κομμόδῳ
3018 3843 3262 3914 Καίσαρι
3287 3845 3550 3916 Φρύνιχος
3583 3848 3713 3916 χαί-

2137 3952 2275 4007 ρειν.
2306 3954 2324 3987 ι
2401 3934 2562 3989 Ἀλλὰ
2621 3934 2898 4005 Κομμόδῳ
2951 3935 3014 3988 τὸ
3067 3934 3273 4005 βιϐλίον
3336 3940 3716 4008 προσφωνῶν,

2138 4028 2379 4098 κάκείνῳ
2412 4025 2928 4097 προοιμιαζόμενος,
2985 4026 3081 4081 καὶ
3126 4028 3452 4099 παραίνεσιν
3479 4030 3717 4101 φιλομα-

2134 4120 2256 4183 θίας
2276 4119 2317 4151 ⁸⁸
2352 4120 2778 4187 κατατιθέμενος
2804 4159 2818 4183 ,
2854 4119 2950 4173 καὶ
2978 4118 3210 4191 ἐξαίρων
3237 4119 3315 4191 τῷ
3350 4120 3495 4193 λόγῳ
3532 4123 3593 4176 τὸ
3633 4123 3719 4194 βι..

2134 4213 2302 4275 ϐλίον,
2343 4214 2401 4266 ὲν
2434 4209 2516 4274 οἶς
2547 4212 2695 4279 λέγει
2730 4212 2808 4274 λζ’
2852 4211 3003 4283 αὺτῷ
3036 4212 3200 4283 μέχρι
3229 4214 3323 4267 τοῦ
3343 4214 3390 4245 δ’
3424 4215 3547 4268 τότε
3590 4234 3716 4270 και-

2136 4300 2231 4371 ροῦ
2268 4300 2628 4370 συντετάχθαι
2657 4300 2872 4367 λόγους,
2894 4299 2989 4363 οὒς
3018 4301 3113 4354 καὶ
3139 4302 3436 4357 ἀναθέσθαι
3459 4305 3608 4371 λέγει
3636 4306 3720 4377 τῷ

2135 4393 2368 4463 βασιλεῖ,
2416 4391 2817 4460 ἐπαγγέλλεται
2868 4393 2965 4445 καὶ
2995 4392 3191 4457 ἄλλους
3236 4393 3529 4459 τοσούτους
3559 4395 3713 4465 φιλο-

2134 4483 2435 4556 πονήσεθαι
2493 4485 2594 4553 τῆς
2672 4483 2821 4552 ζωῆς
2879 4483 3043 4537 αὑτὸν
3090 4485 3253 4538 οὺκ⁵³
3297 4486 3715 4557 ἁπολιμπανού-

2055 4547 2103 4605 D
2132 4547 2274 4649 61);:
2301 4575 2493 4645 Ἡμεῖς
2523 4547 2600 4641 δὲ,
2646 4547 2724 4637 ὥς
2769 4547 3008 4645 ἔφημεν,
3059 4574 3118 4640 ἒξ
3152 4576 3246 4628 καὶ
3274 4547 3574 4646 τριάκοντα
3611 4577 3712 4647 μό-

2128 4688 2258 4734 νους
2288 4669 2629 4739 ἀνέγνωμεν,
2663 4666 2773 4720 ἀπὸ
2798 4665 2958 4721 τοῦἀ
2991 4668 3505 4739 περιλαμὸἀνοντας
3550 4671 3712 4742 μέχρι

2128 4783 2226 4819 του
2258 4783 2324 4817 ω.

2216 4855 2358 4910 Ἀλλ’
2386 4857 2435 4909 εί
2461 4856 2555 4908 καὶ
2592 4855 2671 4926 τῷ
2707 4852 2914 4925 βασιλέι
2948 4872 3081 4927 φησι
3114 4857 3242 4918 τοὺς
3277 4857 3469 4924 λόγους
3496 4856 3713 4910 ἀναθεῖ-

2130 4969 2241 5016 ναι,
2272 4952 2423 5019 ὅμως
2455 4948 2738 5018 διαφόροις
2764 4948 2962 5011 αὐτοὺς
3013 4949 3267 5017 φαίνεται
3302 4967 3707 5021 προσπεφωνη-

2139 5043 2273 5108 κὼς.
2319 5041 2529 5096 Αὐτίκα
2557 5041 2605 5074 ⁸⁸
2636 5041 2726 5093 τὸν
2773 5041 2992 5110 πρῶτον
3035 5041 3200 5093 αὑτὸν
3238 5041 3429 5094 τοῦτον
3456 5043 3501 5073 ⁸⁸
3550 5042 3710 5111 λόγον

2150 5134 2488 5205 Ἀριστοκλεῖ
2519 5151 2624 5188 τινι
2655 5133 2894 5203 γράφει,
2924 5131 3144 5186 παιδιάν
3179 5150 3301 5186 τινα
3349 5136 3414 5202 τῇ
3446 5133 3711 5203 γενεθλίῳ

1718 5276 1956 5332 νΑΒΙιιΕ
1996 5276 2399 5335 LECTIONES.

535 5379 578 5410 ‘3
618 5378 959 5449 παράσχοιτο
1008 5374 1108 5443 τὴν
1152 5372 1550 5449 ᾠφέλειβαν-ς,

438 5443 968 5519 καταλιμᾰτανοῦσης
1001 5463 1060 5509 ς.
1161 5444 1207 5475 ⁵⁸
1235 5443 1456 5513 αὐτίκα]
1488 5447 1579 5497 καὶ
1616 5443 1815 5498 αὐτίκα
1844 5464 1904 5511 ς.

1637 5374 1681 5405 δ’
1711 5375 1977 5445 ἀρῤαὸίου
2011 5393 2070 5440 ς.
2176 5377 2223 5409 ⁸⁸
2252 5377 2425 5446 ἀρχὴν
2455 5395 2513 5442 ς.

1637 5445 1815 5498 ιὺτίκα
1844 5464 1904 5511 ς.
1994 5449 2039 5480 ⁵⁸
2072 5447 2253 5501 αὐτῶν
2278 5448 2482 5501 τούτων
2512 5466 2572 5513 ς.

2176 5377 2223 5459 ‘_°
2252 5377 2425 5461 ἁρχῂν
2455 5395 2513 5442 ς.
2595 5376 2638 5409 ’ί
2672 5372 3027 5444 φιλομαθείας
3057 5389 3114 5436 ς’.
3193 5373 3239 5405 ⁸³
3269 5369 3365 5425 τοῦ
3395 5387 3508 5430 om.
3545 5373 3610 5428 Α.
3644 5373 3706 5425 οὐ

1971 5559 2201 5616 NOTAE.

494 5659 620 5739 id?)
666 5659 896 5713 Exstare
954 5658 1129 5713 Fertur
1183 5658 1235 5711 in
1287 5657 1548 5712 Vaticana
1598 5656 1872 5727 pontiﬁcis
1921 5656 2014 5711 Bi-

433 5729 807 5867 “Timui:
830 5796 976 5852 Petri
1004 5794 1264 5851 Nunnesii
1292 5795 1508 5853 Prmlat.
1540 5798 1606 5852 ad
1635 5796 1886 5870 Phrynici
1921 5799 2018 5879 At-_

2126 5661 2317 5715 ticista»
2349 5659 2655 5725 Epitomen,
2688 5668 2739 5713 et
2775 5659 2927 5715 Suid.

2199 5733 2310 5801 (At)
2354 5731 2554 5787 Suidas
2631 5740 2837 5801 septeni
2893 5742 2948 5787 et
3006 5730 3360 5803 quadraginta
3431 5739 3702 5785 numerat.
