  <div class='ocr_page' id='page_1' title='image "/cluster/home/n/w/nwhite01/storage/ocr_20150623/103:no.3/coo.31924054870070/228.png"; bbox 0 0 4062 6452; ppageno 0'>
   <div class='ocr_carea' id='block_1_1' title="bbox 289 401 402 465">
    <p class='ocr_par' dir='ltr' id='par_1_1' title="bbox 289 401 402 465">
     <span class='ocr_line' id='line_1_1' title="bbox 289 401 402 465; baseline 0.027 -3"><span class='ocrx_word' id='word_1_1' title='bbox 289 401 402 465; x_wconf 72' lang='grc'><strong>429</strong></span> 
     </span>
    </p>
   </div>
   <div class='ocr_carea' id='block_1_2' title="bbox 1283 392 2675 460">
    <p class='ocr_par' dir='ltr' id='par_1_2' title="bbox 1283 392 2675 460">
     <span class='ocr_line' id='line_1_2' title="bbox 1283 392 2675 460; baseline -0.005 0"><span class='ocrx_word' id='word_1_2' title='bbox 1283 399 1808 460; x_wconf 81' lang='lat' dir='ltr'><strong>B&#39;LBLIOTHECA.</strong></span> <span class='ocrx_word' id='word_1_3' title='bbox 1848 422 1920 433; x_wconf 83' lang='grc'><strong><em>-</em></strong></span> <span class='ocrx_word' id='word_1_4' title='bbox 1955 395 2172 457; x_wconf 89' lang='lat' dir='ltr'><strong>CODD.</strong></span> <span class='ocrx_word' id='word_1_5' title='bbox 2211 392 2675 456; x_wconf 62' lang='lat' dir='ltr'><strong>CLVI’CLVIII.</strong></span> 
     </span>
    </p>
   </div>
   <div class='ocr_carea' id='block_1_3' title="bbox 3482 388 3591 453">
    <p class='ocr_par' dir='ltr' id='par_1_3' title="bbox 3482 388 3591 453">
     <span class='ocr_line' id='line_1_3' title="bbox 3482 388 3591 453; baseline -0.037 -1"><span class='ocrx_word' id='word_1_6' title='bbox 3482 388 3591 453; x_wconf 77' lang='grc'><strong>430</strong></span> 
     </span>
    </p>
   </div>
   <div class='ocr_carea' id='block_1_4' title="bbox 293 481 1907 585">
    <p class='ocr_par' dir='ltr' id='par_1_4' title="bbox 293 508 1905 585">
     <span class='ocr_line' id='line_1_4' title="bbox 293 508 1905 585; baseline -0.003 -20"><span class='ocrx_word' id='word_1_7' title='bbox 293 512 489 585; x_wconf 70' lang='grc' dir='ltr'>ἡμέρᾳ</span> <span class='ocrx_word' id='word_1_8' title='bbox 520 510 622 564; x_wconf 77' lang='grc' dir='ltr'>τοῦ</span> <span class='ocrx_word' id='word_1_9' title='bbox 661 510 1074 583; x_wconf 82' lang='grc' dir='ltr'>’Δριστοκλέους</span> <span class='ocrx_word' id='word_1_10' title='bbox 1106 511 1487 580; x_wconf 78' lang='grc' dir='ltr'><strong>ἁρμόττουσαν</strong></span> <span class='ocrx_word' id='word_1_11' title='bbox 1518 508 1905 579; x_wconf 80' lang='grc' dir='ltr'>φιλοτιμούμε-</span> 
     </span>
    </p>
   </div>
   <div class='ocr_carea' id='block_1_5' title="bbox 2009 481 3593 585">
    <p class='ocr_par' dir='ltr' id='par_1_5' title="bbox 2009 481 3593 577">
     <span class='ocr_line' id='line_1_5' title="bbox 2009 481 3593 577; baseline -0.003 -16"><span class='ocrx_word' id='word_1_12' title='bbox 2009 507 2109 561; x_wconf 89' lang='lat' dir='ltr'><strong>clis</strong></span> <span class='ocrx_word' id='word_1_13' title='bbox 2154 504 2269 576; x_wconf 68' lang='grc'>(45)</span> <span class='ocrx_word' id='word_1_14' title='bbox 2313 505 2404 561; x_wconf 90' lang='lat' dir='ltr'><strong>die</strong></span> <span class='ocrx_word' id='word_1_15' title='bbox 2454 503 2867 559; x_wconf 89' lang='lat' dir='ltr'><strong>accommodum</strong></span> <span class='ocrx_word' id='word_1_16' title='bbox 2913 501 3031 557; x_wconf 81' lang='lat' dir='ltr'><strong>ﬁeri</strong></span> <span class='ocrx_word' id='word_1_17' title='bbox 3080 511 3323 570; x_wconf 76' lang='lat' dir='ltr'><strong>exoptat,</strong></span> <span class='ocrx_word' id='word_1_18' title='bbox 3356 516 3466 577; x_wconf 79' lang='lat' dir='ltr'><strong>quo</strong></span> <span class='ocrx_word' id='word_1_19' title='bbox 3502 481 3593 557; x_wconf 82' lang='lat' dir='ltr'><strong>ille</strong></span> 
     </span>
    </p>
   </div>
   <div class='ocr_carea' id='block_1_6' title="bbox 294 602 1906 681">
    <p class='ocr_par' dir='ltr' id='par_1_6' title="bbox 294 602 1906 681">
     <span class='ocr_line' id='line_1_6' title="bbox 294 602 1906 681; baseline -0.006 -20"><span class='ocrx_word' id='word_1_20' title='bbox 294 626 384 670; x_wconf 84' lang='grc' dir='ltr'><strong>νος</strong></span> <span class='ocrx_word' id='word_1_21' title='bbox 416 604 690 676; x_wconf 86' lang='grc' dir='ltr'>γενέσθαι</span> <span class='ocrx_word' id='word_1_22' title='bbox 715 605 815 675; x_wconf 84' lang='grc' dir='ltr'>τὴν</span> <span class='ocrx_word' id='word_1_23' title='bbox 835 602 1050 681; x_wconf 87' lang='grc' dir='ltr'>γραφὴν</span> <span class='ocrx_word' id='word_1_24' title='bbox 1076 603 1172 656; x_wconf 75' lang='grc' dir='ltr'><strong>καὶ</strong></span> <span class='ocrx_word' id='word_1_25' title='bbox 1199 602 1549 671; x_wconf 87' lang='grc' dir='ltr'>συμπαίστην</span> <span class='ocrx_word' id='word_1_26' title='bbox 1574 603 1619 633; x_wconf 78' lang='grc'>⁵⁸</span> <span class='ocrx_word' id='word_1_27' title='bbox 1637 602 1906 673; x_wconf 72' lang='grc' dir='ltr'><strong>ὑπάρχειν</strong></span> 
     </span>
    </p>
   </div>
   <div class='ocr_carea' id='block_1_7' title="bbox 300 698 1905 769">
    <p class='ocr_par' dir='ltr' id='par_1_7' title="bbox 300 698 1905 769">
     <span class='ocr_line' id='line_1_7' title="bbox 300 698 1905 769; baseline -0.001 -16"><span class='ocrx_word' id='word_1_28' title='bbox 300 700 495 754; x_wconf 69' lang='grc' dir='ltr'>αὐτόν.</span> <span class='ocrx_word' id='word_1_29' title='bbox 548 698 831 763; x_wconf 75' lang='grc' dir='ltr'><strong>Ὡσαύτως</strong></span> <span class='ocrx_word' id='word_1_30' title='bbox 863 699 921 752; x_wconf 80' lang='grc' dir='ltr'>δὲ</span> <span class='ocrx_word' id='word_1_31' title='bbox 956 700 1051 753; x_wconf 73' lang='grc' dir='ltr'><strong>καὶ</strong></span> <span class='ocrx_word' id='word_1_32' title='bbox 1113 699 1205 753; x_wconf 79' lang='grc' dir='ltr'><strong>τὸν</strong></span> <span class='ocrx_word' id='word_1_33' title='bbox 1249 698 1505 769; x_wconf 83' lang='grc' dir='ltr'>δεύτερον</span> <span class='ocrx_word' id='word_1_34' title='bbox 1554 698 1714 767; x_wconf 89' lang='grc' dir='ltr'>λόγον</span> <span class='ocrx_word' id='word_1_35' title='bbox 1756 698 1905 769; x_wconf 83' lang='grc' dir='ltr'><strong>αὑτῷ</strong></span> 
     </span>
    </p>
   </div>
   <div class='ocr_carea' id='block_1_8' title="bbox 305 789 1906 864">
    <p class='ocr_par' dir='ltr' id='par_1_8' title="bbox 305 789 1906 864">
     <span class='ocr_line' id='line_1_8' title="bbox 305 789 1906 864; baseline -0.001 -19"><span class='ocrx_word' id='word_1_36' title='bbox 305 792 653 864; x_wconf 79' lang='grc' dir='ltr'>προσφωνεῖ,</span> <span class='ocrx_word' id='word_1_37' title='bbox 708 791 806 844; x_wconf 76' lang='grc' dir='ltr'><strong>καὶ</strong></span> <span class='ocrx_word' id='word_1_38' title='bbox 832 790 896 861; x_wconf 80' lang='grc' dir='ltr'><strong>δὴ</strong></span> <span class='ocrx_word' id='word_1_39' title='bbox 932 791 1028 843; x_wconf 75' lang='grc' dir='ltr'><strong>καὶ</strong></span> <span class='ocrx_word' id='word_1_40' title='bbox 1057 791 1152 843; x_wconf 78' lang='grc' dir='ltr'><strong>τὸν</strong></span> <span class='ocrx_word' id='word_1_41' title='bbox 1184 792 1389 860; x_wconf 86' lang='grc' dir='ltr'>τρίτον.</span> <span class='ocrx_word' id='word_1_42' title='bbox 1424 789 1529 844; x_wconf 85' lang='grc' dir='ltr'>Τὸν</span> <span class='ocrx_word' id='word_1_43' title='bbox 1558 790 1615 843; x_wconf 81' lang='grc' dir='ltr'>δὲ</span> <span class='ocrx_word' id='word_1_44' title='bbox 1644 791 1906 862; x_wconf 79' lang='grc' dir='ltr'>τέταρτον</span> 
     </span>
    </p>
   </div>
   <div class='ocr_carea' id='block_1_9' title="bbox 322 882 1906 955">
    <p class='ocr_par' dir='ltr' id='par_1_9' title="bbox 322 882 1906 955">
     <span class='ocr_line' id='line_1_9' title="bbox 322 882 1906 955; baseline -0.004 -14"><span class='ocrx_word' id='word_1_45' title='bbox 322 884 599 955; x_wconf 81' lang='grc' dir='ltr'>Ἰουλιανῷ</span> <span class='ocrx_word' id='word_1_46' title='bbox 629 900 743 936; x_wconf 85' lang='grc' dir='ltr'>τινι</span> <span class='ocrx_word' id='word_1_47' title='bbox 772 883 1084 953; x_wconf 80' lang='grc' dir='ltr'>συμπολίτῃ</span> <span class='ocrx_word' id='word_1_48' title='bbox 1120 884 1215 936; x_wconf 73' lang='grc' dir='ltr'><strong>καὶ</strong></span> <span class='ocrx_word' id='word_1_49' title='bbox 1242 884 1382 954; x_wconf 82' lang='grc' dir='ltr'>φίλῳ</span> <span class='ocrx_word' id='word_1_50' title='bbox 1432 886 1767 954; x_wconf 82' lang='grc' dir='ltr'>προσφωνεῖ,</span> <span class='ocrx_word' id='word_1_51' title='bbox 1810 882 1906 936; x_wconf 84' lang='grc' dir='ltr'><strong>καί</strong></span> 
     </span>
    </p>
   </div>
   <div class='ocr_carea' id='block_1_10' title="bbox 321 974 1905 1053">
    <p class='ocr_par' dir='ltr' id='par_1_10' title="bbox 321 974 1905 1053">
     <span class='ocr_line' id='line_1_10' title="bbox 321 974 1905 1053; baseline -0.012 -19"><span class='ocrx_word' id='word_1_52' title='bbox 321 996 494 1053; x_wconf 73' lang='grc' dir='ltr'>φησιν</span> <span class='ocrx_word' id='word_1_53' title='bbox 522 979 598 1031; x_wconf 71' lang='grc' dir='ltr'><strong>δτι</strong></span> <span class='ocrx_word' id='word_1_54' title='bbox 638 974 985 1046; x_wconf 78' lang='grc' dir='ltr'>’Δριστοκλεῖ</span> <span class='ocrx_word' id='word_1_55' title='bbox 1034 977 1133 1045; x_wconf 81' lang='grc' dir='ltr'><strong>μὲν</strong></span> <span class='ocrx_word' id='word_1_56' title='bbox 1161 975 1220 1040; x_wconf 79' lang='grc' dir='ltr'><strong>ἐξ</strong></span> <span class='ocrx_word' id='word_1_57' title='bbox 1251 977 1427 1047; x_wconf 83' lang='grc' dir='ltr'>ἀρχῆς</span> <span class='ocrx_word' id='word_1_58' title='bbox 1471 975 1675 1046; x_wconf 80' lang='grc' dir='ltr'><strong>ὥριστο</strong></span> <span class='ocrx_word' id='word_1_59' title='bbox 1705 976 1736 1045; x_wconf 84' lang='grc' dir='ltr'><strong>ή</strong></span> <span class='ocrx_word' id='word_1_60' title='bbox 1766 993 1905 1043; x_wconf 78' lang='grc' dir='ltr'>πρα-</span> 
     </span>
    </p>
   </div>
   <div class='ocr_carea' id='block_1_11' title="bbox 332 1066 1907 1142">
    <p class='ocr_par' dir='ltr' id='par_1_11' title="bbox 332 1066 1907 1142">
     <span class='ocr_line' id='line_1_11' title="bbox 332 1066 1907 1142; baseline -0.004 -17"><span class='ocrx_word' id='word_1_61' title='bbox 332 1070 572 1142; x_wconf 80' lang='grc' dir='ltr'>γματεία</span> <span class='ocrx_word' id='word_1_62' title='bbox 621 1066 1041 1139; x_wconf 72' lang='grc' dir='ltr'><strong>προσειρῆσθαι,</strong></span> <span class='ocrx_word' id='word_1_63' title='bbox 1089 1069 1213 1121; x_wconf 77' lang='grc' dir='ltr'>ἐπεὶ</span> <span class='ocrx_word' id='word_1_64' title='bbox 1274 1068 1331 1121; x_wconf 77' lang='grc' dir='ltr'><strong>δὲ</strong></span> <span class='ocrx_word' id='word_1_65' title='bbox 1378 1069 1588 1131; x_wconf 83' lang='grc' dir='ltr'>ἐκεῖνος</span> <span class='ocrx_word' id='word_1_66' title='bbox 1642 1068 1907 1138; x_wconf 84' lang='grc' dir='ltr'>βασιλικῷ</span> 
     </span>
    </p>
   </div>
   <div class='ocr_carea' id='block_1_12' title="bbox 344 1158 1901 1235">
    <p class='ocr_par' dir='ltr' id='par_1_12' title="bbox 344 1158 1901 1235">
     <span class='ocr_line' id='line_1_12' title="bbox 344 1158 1901 1235; baseline 0 -21"><span class='ocrx_word' id='word_1_67' title='bbox 344 1166 565 1235; x_wconf 71' lang='grc' dir='ltr'>δόγματι</span> <span class='ocrx_word' id='word_1_68' title='bbox 605 1162 698 1231; x_wconf 76' lang='grc' dir='ltr'><strong>τῆς</strong></span> <span class='ocrx_word' id='word_1_69' title='bbox 741 1160 802 1211; x_wconf 81' lang='grc' dir='ltr'>ὲν</span> <span class='ocrx_word' id='word_1_70' title='bbox 838 1158 1026 1229; x_wconf 85' lang='grc' dir='ltr'>Ῥώμῃ</span> <span class='ocrx_word' id='word_1_71' title='bbox 1072 1159 1317 1230; x_wconf 81' lang='grc' dir='ltr'><strong>μεγάλης</strong></span> <span class='ocrx_word' id='word_1_72' title='bbox 1368 1159 1567 1230; x_wconf 87' lang='grc' dir='ltr'>βουλῆς</span> <span class='ocrx_word' id='word_1_73' title='bbox 1614 1161 1837 1229; x_wconf 74' lang='grc' dir='ltr'>ἐγένετο</span> <span class='ocrx_word' id='word_1_74' title='bbox 1858 1162 1901 1195; x_wconf 79' lang='grc'><strong>³⁷</strong></span> 
     </span>
    </p>
   </div>
   <div class='ocr_carea' id='block_1_13' title="bbox 355 1251 1909 1322">
    <p class='ocr_par' dir='ltr' id='par_1_13' title="bbox 355 1251 1909 1322">
     <span class='ocr_line' id='line_1_13' title="bbox 355 1251 1909 1322; baseline -0.003 -12"><span class='ocrx_word' id='word_1_75' title='bbox 355 1255 599 1317; x_wconf 76' lang='grc' dir='ltr'>κοινωνὸς,</span> <span class='ocrx_word' id='word_1_76' title='bbox 640 1251 834 1306; x_wconf 75' lang='grc' dir='ltr'>τοῦτον</span> <span class='ocrx_word' id='word_1_77' title='bbox 880 1252 993 1305; x_wconf 84' lang='grc' dir='ltr'>ἀντ’</span> <span class='ocrx_word' id='word_1_78' title='bbox 1027 1252 1239 1305; x_wconf 77' lang='grc' dir='ltr'>ἐκείνου</span> <span class='ocrx_word' id='word_1_79' title='bbox 1278 1252 1377 1306; x_wconf 78' lang='grc' dir='ltr'>καὶ</span> <span class='ocrx_word' id='word_1_80' title='bbox 1429 1252 1584 1322; x_wconf 81' lang='grc' dir='ltr'>φίλον</span> <span class='ocrx_word' id='word_1_81' title='bbox 1634 1255 1729 1306; x_wconf 72' lang='grc' dir='ltr'>καὶ</span> <span class='ocrx_word' id='word_1_82' title='bbox 1783 1271 1909 1307; x_wconf 81' lang='grc' dir='ltr'>συν-</span> 
     </span>
    </p>
   </div>
   <div class='ocr_carea' id='block_1_14' title="bbox 357 1344 1908 1421">
    <p class='ocr_par' dir='ltr' id='par_1_14' title="bbox 357 1344 1908 1416">
     <span class='ocr_line' id='line_1_14' title="bbox 357 1344 1908 1416; baseline -0.003 -13"><span class='ocrx_word' id='word_1_83' title='bbox 357 1347 612 1416; x_wconf 79' lang='grc' dir='ltr'>ουσιαστὴν</span> <span class='ocrx_word' id='word_1_84' title='bbox 633 1344 745 1398; x_wconf 86' lang='grc' dir='ltr'><strong>τῶν</strong></span> <span class='ocrx_word' id='word_1_85' title='bbox 768 1344 949 1398; x_wconf 85' lang='grc' dir='ltr'>καλῶν</span> <span class='ocrx_word' id='word_1_86' title='bbox 971 1344 1180 1407; x_wconf 71' lang='grc' dir='ltr'>λαϐεῖν,</span> <span class='ocrx_word' id='word_1_87' title='bbox 1200 1344 1296 1397; x_wconf 77' lang='grc' dir='ltr'><strong>καὶ</strong></span> <span class='ocrx_word' id='word_1_88' title='bbox 1329 1346 1478 1415; x_wconf 84' lang='grc' dir='ltr'>αὐτῴ</span> <span class='ocrx_word' id='word_1_89' title='bbox 1500 1347 1594 1399; x_wconf 73' lang='grc' dir='ltr'><strong>καὶ</strong></span> <span class='ocrx_word' id='word_1_90' title='bbox 1620 1350 1782 1415; x_wconf 79' lang='grc' dir='ltr'>κριτῇ</span> <span class='ocrx_word' id='word_1_91' title='bbox 1812 1349 1908 1399; x_wconf 78' lang='grc' dir='ltr'><strong>καὶ</strong></span> 
     </span>
    </p>
   </div>
   <div class='ocr_carea' id='block_1_15' title="bbox 354 1436 1905 1508">
    <p class='ocr_par' dir='ltr' id='par_1_15' title="bbox 354 1436 1905 1508">
     <span class='ocr_line' id='line_1_15' title="bbox 354 1436 1905 1508; baseline 0.002 -19"><span class='ocrx_word' id='word_1_92' title='bbox 354 1438 656 1507; x_wconf 75' lang='grc' dir='ltr'>ἐπιγνώμονι</span> <span class='ocrx_word' id='word_1_93' title='bbox 690 1436 925 1508; x_wconf 84' lang='grc' dir='ltr'>χρῆσθαι</span> <span class='ocrx_word' id='word_1_94' title='bbox 963 1436 1072 1489; x_wconf 85' lang='grc' dir='ltr'><strong>τῶν</strong></span> <span class='ocrx_word' id='word_1_95' title='bbox 1118 1437 1611 1507; x_wconf 77' lang='grc' dir='ltr'>συγγραφομένων.</span> <span class='ocrx_word' id='word_1_96' title='bbox 1649 1436 1777 1508; x_wconf 70' lang='lat' dir='ltr'><strong>[I72</strong></span> <span class='ocrx_word' id='word_1_97' title='bbox 1814 1437 1905 1508; x_wconf 81' lang='lat' dir='ltr'><strong>IL]</strong></span> 
     </span>
    </p>
   </div>
   <div class='ocr_carea' id='block_1_16' title="bbox 362 1528 1906 1600">
    <p class='ocr_par' dir='ltr' id='par_1_16' title="bbox 362 1528 1906 1600">
     <span class='ocr_line' id='line_1_16' title="bbox 362 1528 1906 1600; baseline -0.003 -15"><span class='ocrx_word' id='word_1_98' title='bbox 362 1530 483 1585; x_wconf 80' lang='grc' dir='ltr'>Ἀλλ’</span> <span class='ocrx_word' id='word_1_99' title='bbox 518 1528 693 1592; x_wconf 76' lang='grc' dir='ltr'>οὕτως</span> <span class='ocrx_word' id='word_1_100' title='bbox 734 1529 908 1582; x_wconf 75' lang='grc' dir='ltr'>εἰπὼν</span> <span class='ocrx_word' id='word_1_101' title='bbox 956 1530 1050 1582; x_wconf 72' lang='grc' dir='ltr'><strong>καὶ</strong></span> <span class='ocrx_word' id='word_1_102' title='bbox 1098 1529 1473 1600; x_wconf 83' lang='grc' dir='ltr'>ὑποσχόμενος</span> <span class='ocrx_word' id='word_1_103' title='bbox 1516 1529 1609 1582; x_wconf 85' lang='grc' dir='ltr'><strong>τὸν</strong></span> <span class='ocrx_word' id='word_1_104' title='bbox 1654 1531 1906 1600; x_wconf 82' lang='grc' dir='ltr'>πέμπτον</span> 
     </span>
    </p>
   </div>
   <div class='ocr_carea' id='block_1_17' title="bbox 340 1621 1908 1693">
    <p class='ocr_par' dir='ltr' id='par_1_17' title="bbox 340 1621 1908 1693">
     <span class='ocr_line' id='line_1_17' title="bbox 340 1621 1908 1693; baseline 0.001 -18"><span class='ocrx_word' id='word_1_105' title='bbox 340 1625 474 1691; x_wconf 79' lang='grc' dir='ltr'>ὅμως</span> <span class='ocrx_word' id='word_1_106' title='bbox 510 1621 673 1690; x_wconf 82' lang='grc' dir='ltr'>λόγον</span> <span class='ocrx_word' id='word_1_107' title='bbox 703 1621 1018 1693; x_wconf 81' lang='grc' dir='ltr'><strong>Μηνοδώρῳ</strong></span> <span class='ocrx_word' id='word_1_108' title='bbox 1066 1623 1176 1674; x_wconf 68' lang='grc' dir='ltr'>τιν).</span> <span class='ocrx_word' id='word_1_109' title='bbox 1208 1623 1346 1692; x_wconf 84' lang='grc' dir='ltr'>φίλῳ</span> <span class='ocrx_word' id='word_1_110' title='bbox 1382 1635 1444 1675; x_wconf 85' lang='grc' dir='ltr'><strong>τε</strong></span> <span class='ocrx_word' id='word_1_111' title='bbox 1478 1622 1573 1675; x_wconf 74' lang='grc' dir='ltr'><strong>καὶ</strong></span> <span class='ocrx_word' id='word_1_112' title='bbox 1609 1624 1908 1676; x_wconf 81' lang='grc' dir='ltr'>πεπαιδευ-</span> 
     </span>
    </p>
   </div>
   <div class='ocr_carea' id='block_1_18' title="bbox 335 1713 1906 1786">
    <p class='ocr_par' dir='ltr' id='par_1_18' title="bbox 335 1713 1906 1786">
     <span class='ocr_line' id='line_1_18' title="bbox 335 1713 1906 1786; baseline 0.001 -18"><span class='ocrx_word' id='word_1_113' title='bbox 335 1717 472 1784; x_wconf 81' lang='grc' dir='ltr'>μένῳ</span> <span class='ocrx_word' id='word_1_114' title='bbox 514 1715 678 1786; x_wconf 79' lang='grc' dir='ltr'>ἀνδρὶ</span> <span class='ocrx_word' id='word_1_115' title='bbox 726 1716 1080 1783; x_wconf 83' lang='grc' dir='ltr'>προσφωνεῖ,</span> <span class='ocrx_word' id='word_1_116' title='bbox 1116 1713 1177 1776; x_wconf 84' lang='grc' dir='ltr'>ὃς</span> <span class='ocrx_word' id='word_1_117' title='bbox 1227 1715 1324 1767; x_wconf 80' lang='grc' dir='ltr'><strong>καὶ</strong></span> <span class='ocrx_word' id='word_1_118' title='bbox 1367 1713 1548 1768; x_wconf 68' lang='grc' dir='ltr'>αἰτίαν</span> <span class='ocrx_word' id='word_1_119' title='bbox 1598 1714 1906 1784; x_wconf 80' lang='grc' dir='ltr'>ἐπήνεγκεν</span> 
     </span>
    </p>
   </div>
   <div class='ocr_carea' id='block_1_19' title="bbox 327 1805 1907 1879">
    <p class='ocr_par' dir='ltr' id='par_1_19' title="bbox 327 1805 1907 1879">
     <span class='ocr_line' id='line_1_19' title="bbox 327 1805 1907 1879; baseline -0.001 -18"><span class='ocrx_word' id='word_1_120' title='bbox 327 1807 469 1879; x_wconf 80' lang='grc' dir='ltr'>αὐτῷ</span> <span class='ocrx_word' id='word_1_121' title='bbox 494 1805 594 1859; x_wconf 81' lang='grc' dir='ltr'>τοῦ</span> <span class='ocrx_word' id='word_1_122' title='bbox 631 1806 830 1870; x_wconf 83' lang='grc' dir='ltr'>ἐνδεῶς</span> <span class='ocrx_word' id='word_1_123' title='bbox 874 1807 1124 1877; x_wconf 76' lang='grc' dir='ltr'>εἰρῆσθαι</span> <span class='ocrx_word' id='word_1_124' title='bbox 1168 1807 1230 1859; x_wconf 82' lang='grc' dir='ltr'><strong>τὸ</strong></span> <span class='ocrx_word' id='word_1_125' title='bbox 1262 1806 1370 1876; x_wconf 82' lang='grc' dir='ltr'><strong>πρὸ</strong></span> <span class='ocrx_word' id='word_1_126' title='bbox 1394 1806 1587 1860; x_wconf 86' lang='grc' dir='ltr'>τούτου</span> <span class='ocrx_word' id='word_1_127' title='bbox 1616 1807 1745 1876; x_wconf 74' lang='grc' dir='ltr'>περὶ</span> <span class='ocrx_word' id='word_1_128' title='bbox 1784 1806 1907 1877; x_wconf 86' lang='grc' dir='ltr'>κρί-</span> 
     </span>
    </p>
   </div>
   <div class='ocr_carea' id='block_1_20' title="bbox 2007 593 3595 653">
    <p class='ocr_par' dir='ltr' id='par_1_20' title="bbox 2007 593 3595 653">
     <span class='ocr_line' id='line_1_20' title="bbox 2007 593 3595 653; baseline -0.004 -2"><span class='ocrx_word' id='word_1_129' title='bbox 2007 611 2068 651; x_wconf 88' lang='lat' dir='ltr'><strong>se</strong></span> <span class='ocrx_word' id='word_1_130' title='bbox 2116 596 2374 650; x_wconf 76' lang='lat' dir='ltr'><strong>oblectet.</strong></span> <span class='ocrx_word' id='word_1_131' title='bbox 2426 594 2691 649; x_wconf 76' lang='lat' dir='ltr'><strong>Similiter</strong></span> <span class='ocrx_word' id='word_1_132' title='bbox 2740 602 2796 648; x_wconf 92' lang='lat' dir='ltr'><strong>et</strong></span> <span class='ocrx_word' id='word_1_133' title='bbox 2840 594 3073 647; x_wconf 89' lang='lat' dir='ltr'><strong>alterum</strong></span> <span class='ocrx_word' id='word_1_134' title='bbox 3127 593 3343 653; x_wconf 87' lang='lat' dir='ltr'><strong>librum,</strong></span> <span class='ocrx_word' id='word_1_135' title='bbox 3378 594 3489 646; x_wconf 91' lang='lat' dir='ltr'><strong>imo</strong></span> <span class='ocrx_word' id='word_1_136' title='bbox 3537 601 3595 647; x_wconf 91' lang='lat' dir='ltr'><strong>et</strong></span> 
     </span>
    </p>
   </div>
   <div class='ocr_carea' id='block_1_21' title="bbox 2010 683 3593 755">
    <p class='ocr_par' dir='ltr' id='par_1_21' title="bbox 2010 683 3593 755">
     <span class='ocr_line' id='line_1_21' title="bbox 2010 683 3593 755; baseline -0.004 -10"><span class='ocrx_word' id='word_1_137' title='bbox 2010 691 2228 747; x_wconf 86' lang='lat' dir='ltr'><strong>tertium</strong></span> <span class='ocrx_word' id='word_1_138' title='bbox 2268 689 2445 745; x_wconf 91' lang='lat' dir='ltr'><strong>eidem</strong></span> <span class='ocrx_word' id='word_1_139' title='bbox 2470 688 2739 744; x_wconf 91' lang='lat' dir='ltr'><strong>inscribit.</strong></span> <span class='ocrx_word' id='word_1_140' title='bbox 2772 687 3035 755; x_wconf 86' lang='lat' dir='ltr'><strong>Quartum</strong></span> <span class='ocrx_word' id='word_1_141' title='bbox 3069 686 3192 741; x_wconf 88' lang='lat' dir='ltr'><strong>dein</strong></span> <span class='ocrx_word' id='word_1_142' title='bbox 3223 683 3442 740; x_wconf 79' lang='lat' dir='ltr'><strong>Juliano</strong></span> <span class='ocrx_word' id='word_1_143' title='bbox 3472 686 3593 740; x_wconf 87' lang='lat' dir='ltr'><strong>cui-</strong></span> 
     </span>
    </p>
   </div>
   <div class='ocr_carea' id='block_1_22' title="bbox 2007 777 3593 850">
    <p class='ocr_par' dir='ltr' id='par_1_22' title="bbox 2007 777 3593 850">
     <span class='ocr_line' id='line_1_22' title="bbox 2007 777 3593 850; baseline -0.004 -13"><span class='ocrx_word' id='word_1_144' title='bbox 2007 782 2132 837; x_wconf 87' lang='lat' dir='ltr'><strong>dam</strong></span> <span class='ocrx_word' id='word_1_145' title='bbox 2160 780 2266 835; x_wconf 87' lang='lat' dir='ltr'><strong>civi</strong></span> <span class='ocrx_word' id='word_1_146' title='bbox 2301 796 2420 847; x_wconf 91' lang='lat' dir='ltr'><strong>suo,</strong></span> <span class='ocrx_word' id='word_1_147' title='bbox 2451 790 2615 850; x_wconf 87' lang='lat' dir='ltr'><strong>atque</strong></span> <span class='ocrx_word' id='word_1_148' title='bbox 2650 781 2867 835; x_wconf 89' lang='lat' dir='ltr'><strong>amico:</strong></span> <span class='ocrx_word' id='word_1_149' title='bbox 2902 780 3107 835; x_wconf 83' lang='lat' dir='ltr'><strong>addens</strong></span> <span class='ocrx_word' id='word_1_150' title='bbox 3154 778 3207 834; x_wconf 92' lang='lat' dir='ltr'><strong>id</strong></span> <span class='ocrx_word' id='word_1_151' title='bbox 3250 793 3316 834; x_wconf 93' lang='lat' dir='ltr'><strong>eo</strong></span> <span class='ocrx_word' id='word_1_152' title='bbox 3366 777 3593 842; x_wconf 81' lang='lat' dir='ltr'><strong>factum,</strong></span> 
     </span>
    </p>
   </div>
   <div class='ocr_carea' id='block_1_23' title="bbox 2007 872 3600 943">
    <p class='ocr_par' dir='ltr' id='par_1_23' title="bbox 2007 872 3600 943">
     <span class='ocr_line' id='line_1_23' title="bbox 2007 872 3600 943; baseline -0.002 -16"><span class='ocrx_word' id='word_1_153' title='bbox 2007 876 2152 941; x_wconf 89' lang='lat' dir='ltr'><strong>quod</strong></span> <span class='ocrx_word' id='word_1_154' title='bbox 2214 874 2471 928; x_wconf 81' lang='lat' dir='ltr'><strong>Aristocli</strong></span> <span class='ocrx_word' id='word_1_155' title='bbox 2526 874 2743 943; x_wconf 85' lang='lat' dir='ltr'><strong>quidem</strong></span> <span class='ocrx_word' id='word_1_156' title='bbox 2806 874 2875 928; x_wconf 87' lang='lat' dir='ltr'><strong>ab</strong></span> <span class='ocrx_word' id='word_1_157' title='bbox 2929 874 3084 927; x_wconf 90' lang='lat' dir='ltr'><strong>initio</strong></span> <span class='ocrx_word' id='word_1_158' title='bbox 3137 887 3277 941; x_wconf 84' lang='lat' dir='ltr'><strong>Opus</strong></span> <span class='ocrx_word' id='word_1_159' title='bbox 3337 872 3600 927; x_wconf 85' lang='lat' dir='ltr'><strong>exhibere</strong></span> 
     </span>
    </p>
   </div>
   <div class='ocr_carea' id='block_1_24' title="bbox 2008 965 3598 1037">
    <p class='ocr_par' dir='ltr' id='par_1_24' title="bbox 2008 965 3598 1037">
     <span class='ocr_line' id='line_1_24' title="bbox 2008 965 3598 1037; baseline -0.003 -14"><span class='ocrx_word' id='word_1_160' title='bbox 2008 969 2367 1035; x_wconf 85' lang='lat' dir='ltr'><strong>destinasset;</strong></span> <span class='ocrx_word' id='word_1_161' title='bbox 2416 977 2475 1021; x_wconf 90' lang='lat' dir='ltr'><strong>at</strong></span> <span class='ocrx_word' id='word_1_162' title='bbox 2522 976 2808 1037; x_wconf 79' lang='lat' dir='ltr'><strong>postquam</strong></span> <span class='ocrx_word' id='word_1_163' title='bbox 2863 966 3098 1023; x_wconf 76' lang='lat' dir='ltr'><strong>Caesaris</strong></span> <span class='ocrx_word' id='word_1_164' title='bbox 3140 968 3363 1022; x_wconf 90' lang='lat' dir='ltr'><strong>decreto</strong></span> <span class='ocrx_word' id='word_1_165' title='bbox 3411 965 3598 1019; x_wconf 71' lang='lat' dir='ltr'><strong>[lomze</strong></span> 
     </span>
    </p>
   </div>
   <div class='ocr_carea' id='block_1_25' title="bbox 2009 1057 3596 1126">
    <p class='ocr_par' dir='ltr' id='par_1_25' title="bbox 2009 1057 3596 1126">
     <span class='ocr_line' id='line_1_25' title="bbox 2009 1057 3596 1126; baseline -0.003 -11"><span class='ocrx_word' id='word_1_166' title='bbox 2009 1061 2062 1115; x_wconf 90' lang='lat' dir='ltr'><strong>in</strong></span> <span class='ocrx_word' id='word_1_167' title='bbox 2096 1060 2346 1114; x_wconf 91' lang='lat' dir='ltr'><strong>intimum</strong></span> <span class='ocrx_word' id='word_1_168' title='bbox 2392 1061 2680 1117; x_wconf 84' lang='lat' dir='ltr'><strong>consilium</strong></span> <span class='ocrx_word' id='word_1_169' title='bbox 2722 1061 2929 1115; x_wconf 90' lang='lat' dir='ltr'><strong>ascitus</strong></span> <span class='ocrx_word' id='word_1_170' title='bbox 2972 1068 3138 1124; x_wconf 85' lang='lat' dir='ltr'><strong>esset,</strong></span> <span class='ocrx_word' id='word_1_171' title='bbox 3175 1059 3319 1113; x_wconf 88' lang='lat' dir='ltr'><strong>hunc</strong></span> <span class='ocrx_word' id='word_1_172' title='bbox 3358 1057 3461 1112; x_wconf 84' lang='lat' dir='ltr'><strong>sibi</strong></span> <span class='ocrx_word' id='word_1_173' title='bbox 3498 1072 3596 1126; x_wconf 90' lang='lat' dir='ltr'><strong>pro</strong></span> 
     </span>
    </p>
   </div>
   <div class='ocr_carea' id='block_1_26' title="bbox 2009 1146 3595 1225">
    <p class='ocr_par' dir='ltr' id='par_1_26' title="bbox 2009 1146 3595 1225">
     <span class='ocr_line' id='line_1_26' title="bbox 2009 1146 3595 1225; baseline -0.003 -16"><span class='ocrx_word' id='word_1_174' title='bbox 2009 1155 2100 1211; x_wconf 91' lang='lat' dir='ltr'><strong>illo</strong></span> <span class='ocrx_word' id='word_1_175' title='bbox 2147 1156 2382 1209; x_wconf 89' lang='lat' dir='ltr'><strong>amicum</strong></span> <span class='ocrx_word' id='word_1_176' title='bbox 2425 1154 2745 1225; x_wconf 86' lang='lat' dir='ltr'><strong>sociumque</strong></span> <span class='ocrx_word' id='word_1_177' title='bbox 2789 1154 3000 1209; x_wconf 89' lang='lat' dir='ltr'><strong>honesti</strong></span> <span class='ocrx_word' id='word_1_178' title='bbox 3046 1153 3249 1208; x_wconf 88' lang='lat' dir='ltr'><strong>laboris</strong></span> <span class='ocrx_word' id='word_1_179' title='bbox 3283 1146 3595 1221; x_wconf 75' lang='lat' dir='ltr'><strong>adoptasse,</strong></span> 
     </span>
    </p>
   </div>
   <div class='ocr_carea' id='block_1_27' title="bbox 2008 1247 3593 1318">
    <p class='ocr_par' dir='ltr' id='par_1_27' title="bbox 2008 1247 3593 1318">
     <span class='ocr_line' id='line_1_27' title="bbox 2008 1247 3593 1318; baseline -0.001 -17"><span class='ocrx_word' id='word_1_180' title='bbox 2008 1265 2118 1318; x_wconf 88' lang='lat' dir='ltr'><strong>quo</strong></span> <span class='ocrx_word' id='word_1_181' title='bbox 2170 1260 2224 1302; x_wconf 92' lang='lat' dir='ltr'><strong>et</strong></span> <span class='ocrx_word' id='word_1_182' title='bbox 2277 1249 2494 1317; x_wconf 87' lang='lat' dir='ltr'><strong>judice,</strong></span> <span class='ocrx_word' id='word_1_183' title='bbox 2548 1257 2604 1302; x_wconf 87' lang='lat' dir='ltr'><strong>et</strong></span> <span class='ocrx_word' id='word_1_184' title='bbox 2654 1248 2934 1318; x_wconf 75' lang='lat' dir='ltr'><strong>cognitore</strong></span> <span class='ocrx_word' id='word_1_185' title='bbox 2983 1262 3205 1303; x_wconf 90' lang='lat' dir='ltr'><strong>suorum</strong></span> <span class='ocrx_word' id='word_1_186' title='bbox 3266 1247 3593 1314; x_wconf 85' lang='lat' dir='ltr'><strong>scriptorum</strong></span> 
     </span>
    </p>
   </div>
   <div class='ocr_carea' id='block_1_28' title="bbox 2008 1340 3593 1409">
    <p class='ocr_par' dir='ltr' id='par_1_28' title="bbox 2008 1340 3593 1409">
     <span class='ocr_line' id='line_1_28' title="bbox 2008 1340 3593 1409; baseline 0.002 -18"><span class='ocrx_word' id='word_1_187' title='bbox 2008 1352 2154 1395; x_wconf 68' lang='lat' dir='ltr'><strong>esset</strong></span> <span class='ocrx_word' id='word_1_188' title='bbox 2189 1357 2409 1396; x_wconf 89' lang='lat' dir='ltr'><strong>usurus.</strong></span> <span class='ocrx_word' id='word_1_189' title='bbox 2456 1342 2655 1395; x_wconf 87' lang='lat' dir='ltr'><strong>Verum</strong></span> <span class='ocrx_word' id='word_1_190' title='bbox 2694 1342 2791 1394; x_wconf 82' lang='lat' dir='ltr'><strong>ista</strong></span> <span class='ocrx_word' id='word_1_191' title='bbox 2838 1342 3071 1406; x_wconf 89' lang='lat' dir='ltr'><strong>locutus,</strong></span> <span class='ocrx_word' id='word_1_192' title='bbox 3107 1350 3268 1409; x_wconf 87' lang='lat' dir='ltr'><strong>atque</strong></span> <span class='ocrx_word' id='word_1_193' title='bbox 3300 1340 3593 1408; x_wconf 88' lang='lat' dir='ltr'><strong>pollicitus,</strong></span> 
     </span>
    </p>
   </div>
   <div class='ocr_carea' id='block_1_29' title="bbox 2009 1433 3595 1503">
    <p class='ocr_par' dir='ltr' id='par_1_29' title="bbox 2009 1433 3595 1503">
     <span class='ocr_line' id='line_1_29' title="bbox 2009 1433 3595 1503; baseline 0.001 -17"><span class='ocrx_word' id='word_1_194' title='bbox 2009 1436 2259 1503; x_wconf 90' lang='lat' dir='ltr'><strong>quintum</strong></span> <span class='ocrx_word' id='word_1_195' title='bbox 2311 1445 2487 1488; x_wconf 89' lang='lat' dir='ltr'><strong>tamen</strong></span> <span class='ocrx_word' id='word_1_196' title='bbox 2533 1434 2764 1488; x_wconf 85' lang='lat' dir='ltr'><strong>subinde</strong></span> <span class='ocrx_word' id='word_1_197' title='bbox 2811 1433 3007 1487; x_wconf 85' lang='lat' dir='ltr'><strong>librum</strong></span> <span class='ocrx_word' id='word_1_198' title='bbox 3045 1433 3337 1488; x_wconf 70' lang='lat' dir='ltr'><strong>Metrodoro</strong></span> <span class='ocrx_word' id='word_1_199' title='bbox 3378 1433 3595 1488; x_wconf 79' lang='lat' dir='ltr'><strong>cuidam</strong></span> 
     </span>
    </p>
   </div>
   <div class='ocr_carea' id='block_1_30' title="bbox 2010 1526 3596 1595">
    <p class='ocr_par' dir='ltr' id='par_1_30' title="bbox 2010 1526 3596 1595">
     <span class='ocr_line' id='line_1_30' title="bbox 2010 1526 3596 1595; baseline -0.002 -14"><span class='ocrx_word' id='word_1_200' title='bbox 2010 1528 2211 1591; x_wconf 78' lang='lat' dir='ltr'><strong>amico,</strong></span> <span class='ocrx_word' id='word_1_201' title='bbox 2243 1535 2298 1580; x_wconf 92' lang='lat' dir='ltr'><strong>et</strong></span> <span class='ocrx_word' id='word_1_202' title='bbox 2338 1527 2553 1581; x_wconf 75' lang='lat' dir='ltr'><strong>erudito</strong></span> <span class='ocrx_word' id='word_1_203' title='bbox 2595 1529 2714 1581; x_wconf 90' lang='lat' dir='ltr'><strong>viro</strong></span> <span class='ocrx_word' id='word_1_204' title='bbox 2756 1528 3021 1582; x_wconf 80' lang='lat' dir='ltr'><strong>exhibet:</strong></span> <span class='ocrx_word' id='word_1_205' title='bbox 3058 1526 3150 1593; x_wconf 90' lang='lat' dir='ltr'><strong>qui</strong></span> <span class='ocrx_word' id='word_1_206' title='bbox 3194 1537 3251 1580; x_wconf 91' lang='lat' dir='ltr'><strong>et</strong></span> <span class='ocrx_word' id='word_1_207' title='bbox 3296 1526 3596 1595; x_wconf 87' lang='lat' dir='ltr'><strong>reprehen-</strong></span> 
     </span>
    </p>
   </div>
   <div class='ocr_carea' id='block_1_31' title="bbox 2009 1618 3594 1688">
    <p class='ocr_par' dir='ltr' id='par_1_31' title="bbox 2009 1618 3594 1688">
     <span class='ocr_line' id='line_1_31' title="bbox 2009 1618 3594 1688; baseline -0.001 -16"><span class='ocrx_word' id='word_1_208' title='bbox 2009 1620 2184 1684; x_wconf 84' lang='lat' dir='ltr'><strong>derat,</strong></span> <span class='ocrx_word' id='word_1_209' title='bbox 2217 1619 2361 1688; x_wconf 93' lang='lat' dir='ltr'><strong>quod</strong></span> <span class='ocrx_word' id='word_1_210' title='bbox 2404 1621 2621 1687; x_wconf 87' lang='lat' dir='ltr'><strong>parcius</strong></span> <span class='ocrx_word' id='word_1_211' title='bbox 2670 1629 2829 1674; x_wconf 92' lang='lat' dir='ltr'><strong>antea</strong></span> <span class='ocrx_word' id='word_1_212' title='bbox 2879 1619 3023 1672; x_wconf 87' lang='lat' dir='ltr'><strong>illam</strong></span> <span class='ocrx_word' id='word_1_213' title='bbox 3074 1618 3142 1672; x_wconf 89' lang='lat' dir='ltr'><strong>de</strong></span> <span class='ocrx_word' id='word_1_214' title='bbox 3186 1619 3464 1673; x_wconf 86' lang='lat' dir='ltr'><strong>nominum</strong></span> <span class='ocrx_word' id='word_1_215' title='bbox 3509 1619 3594 1671; x_wconf 81' lang='lat' dir='ltr'><strong>in-&#39;</strong></span> 
     </span>
    </p>
   </div>
   <div class='ocr_carea' id='block_1_32' title="bbox 2010 1708 3597 1779">
    <p class='ocr_par' dir='ltr' id='par_1_32' title="bbox 2010 1708 3597 1779">
     <span class='ocr_line' id='line_1_32' title="bbox 2010 1708 3597 1779; baseline 0 -14"><span class='ocrx_word' id='word_1_216' title='bbox 2010 1711 2245 1766; x_wconf 78' lang='lat' dir='ltr'><strong>ﬂexione</strong></span> <span class='ocrx_word' id='word_1_217' title='bbox 2279 1711 2636 1779; x_wconf 68' lang='lat' dir='ltr'><strong>quaestionem</strong></span> <span class='ocrx_word' id='word_1_218' title='bbox 2674 1712 2952 1779; x_wconf 83' lang='lat' dir='ltr'><strong>agitasset.</strong></span> <span class='ocrx_word' id='word_1_219' title='bbox 2984 1708 3220 1765; x_wconf 86' lang='lat' dir='ltr'><strong>Jubente</strong></span> <span class='ocrx_word' id='word_1_220' title='bbox 3252 1725 3382 1777; x_wconf 81' lang='lat' dir='ltr'><strong>ergo</strong></span> <span class='ocrx_word' id='word_1_221' title='bbox 3414 1710 3597 1765; x_wconf 82' lang='lat' dir='ltr'><strong>Meno-</strong></span> 
     </span>
    </p>
   </div>
   <div class='ocr_carea' id='block_1_33' title="bbox 2012 1804 3597 1869">
    <p class='ocr_par' dir='ltr' id='par_1_33' title="bbox 2012 1804 3597 1869">
     <span class='ocr_line' id='line_1_33' title="bbox 2012 1804 3597 1869; baseline -0.001 -10"><span class='ocrx_word' id='word_1_222' title='bbox 2012 1805 2146 1860; x_wconf 89' lang='lat' dir='ltr'><strong>doro</strong></span> <span class='ocrx_word' id='word_1_223' title='bbox 2199 1806 2526 1859; x_wconf 87' lang='lat' dir='ltr'><strong>sententiam</strong></span> <span class='ocrx_word' id='word_1_224' title='bbox 2576 1805 2780 1869; x_wconf 82' lang='lat' dir='ltr'><strong>dicere,</strong></span> <span class='ocrx_word' id='word_1_225' title='bbox 2815 1805 2959 1859; x_wconf 89' lang='lat' dir='ltr'><strong>hunc</strong></span> <span class='ocrx_word' id='word_1_226' title='bbox 3003 1820 3066 1858; x_wconf 89' lang='lat' dir='ltr'><strong>se</strong></span> <span class='ocrx_word' id='word_1_227' title='bbox 3112 1806 3190 1858; x_wconf 91' lang='lat' dir='ltr'><strong>ait</strong></span> <span class='ocrx_word' id='word_1_228' title='bbox 3236 1804 3431 1859; x_wconf 90' lang='lat' dir='ltr'><strong>librum</strong></span> <span class='ocrx_word' id='word_1_229' title='bbox 3464 1819 3597 1859; x_wconf 85' lang='lat' dir='ltr'><strong>con-</strong></span> 
     </span>
    </p>
   </div>
   <div class='ocr_carea' id='block_1_34' title="bbox 325 1881 1907 1971">
    <p class='ocr_par' dir='ltr' id='par_1_34' title="bbox 325 1897 1905 1971">
     <span class='ocr_line' id='line_1_34' title="bbox 325 1897 1905 1971; baseline 0.001 -19"><span class='ocrx_word' id='word_1_230' title='bbox 325 1916 457 1962; x_wconf 84' lang='grc' dir='ltr'>σεως</span> <span class='ocrx_word' id='word_1_231' title='bbox 476 1900 529 1931; x_wconf 80' lang='grc'><strong>⁵⁸</strong></span> <span class='ocrx_word' id='word_1_232' title='bbox 574 1900 858 1970; x_wconf 82' lang='grc' dir='ltr'>ὀνομάτων</span> <span class='ocrx_word' id='word_1_233' title='bbox 888 1899 1186 1971; x_wconf 75' lang='grc' dir='ltr'>πρόϐλημα</span> <span class='ocrx_word' id='word_1_234' title='bbox 1207 1918 1218 1931; x_wconf 76' lang='grc'><strong>’</strong></span> <span class='ocrx_word' id='word_1_235' title='bbox 1257 1898 1387 1971; x_wconf 70' lang='grc'><strong>[525</strong></span> <span class='ocrx_word' id='word_1_236' title='bbox 1410 1897 1505 1971; x_wconf 68' lang='grc'><strong>3.]</strong></span> <span class='ocrx_word' id='word_1_237' title='bbox 1546 1901 1905 1964; x_wconf 74' lang='grc' dir='ltr'>ἐπιτάξαντος</span> 
     </span>
    </p>
   </div>
   <div class='ocr_carea' id='block_1_35' title="bbox 2009 1881 3593 1971">
    <p class='ocr_par' dir='ltr' id='par_1_35' title="bbox 2013 1893 3593 1965">
     <span class='ocr_line' id='line_1_35' title="bbox 2013 1893 3593 1965; baseline -0.001 -15"><span class='ocrx_word' id='word_1_238' title='bbox 2013 1896 2322 1965; x_wconf 86' lang='lat' dir='ltr'><strong>scripsisse.</strong></span> <span class='ocrx_word' id='word_1_239' title='bbox 2364 1893 2552 1950; x_wconf 88' lang='lat' dir='ltr'><strong>Serius</strong></span> <span class='ocrx_word' id='word_1_240' title='bbox 2603 1906 2782 1949; x_wconf 90' lang='lat' dir='ltr'><strong>autem</strong></span> <span class='ocrx_word' id='word_1_241' title='bbox 2837 1897 2887 1949; x_wconf 90' lang='lat' dir='ltr'><strong>id</strong></span> <span class='ocrx_word' id='word_1_242' title='bbox 2947 1896 3286 1965; x_wconf 77' lang='lat' dir='ltr'><strong>praestitisse,</strong></span> <span class='ocrx_word' id='word_1_243' title='bbox 3340 1896 3483 1963; x_wconf 90' lang='lat' dir='ltr'><strong>quod</strong></span> <span class='ocrx_word' id='word_1_244' title='bbox 3538 1895 3593 1949; x_wconf 89' lang='lat' dir='ltr'><strong>in</strong></span> 
     </span>
    </p>
   </div>
   <div class='ocr_carea' id='block_1_36' title="bbox 315 1991 1905 2064">
    <p class='ocr_par' dir='ltr' id='par_1_36' title="bbox 315 1991 1905 2064">
     <span class='ocr_line' id='line_1_36' title="bbox 315 1991 1905 2064; baseline -0.001 -19"><span class='ocrx_word' id='word_1_245' title='bbox 315 1993 368 2045; x_wconf 81' lang='grc' dir='ltr'>δὲ</span> <span class='ocrx_word' id='word_1_246' title='bbox 393 1991 735 2062; x_wconf 79' lang='grc' dir='ltr'>Μηνοδώρου</span> <span class='ocrx_word' id='word_1_247' title='bbox 776 1993 924 2058; x_wconf 79' lang='grc' dir='ltr'>λέγει</span> <span class='ocrx_word' id='word_1_248' title='bbox 953 1993 1046 2045; x_wconf 87' lang='grc' dir='ltr'><strong>τὸν</strong></span> <span class='ocrx_word' id='word_1_249' title='bbox 1080 1993 1240 2061; x_wconf 85' lang='grc' dir='ltr'>λόγον</span> <span class='ocrx_word' id='word_1_250' title='bbox 1292 1993 1633 2055; x_wconf 79' lang='grc' dir='ltr'>συντάττειν,</span> <span class='ocrx_word' id='word_1_251' title='bbox 1668 1994 1905 2064; x_wconf 76' lang='grc' dir='ltr'>ὑστερῆ-</span> 
     </span>
    </p>
   </div>
   <div class='ocr_carea' id='block_1_37' title="bbox 316 2084 1900 2157">
    <p class='ocr_par' dir='ltr' id='par_1_37' title="bbox 316 2084 1900 2157">
     <span class='ocr_line' id='line_1_37' title="bbox 316 2084 1900 2157; baseline 0.001 -20"><span class='ocrx_word' id='word_1_252' title='bbox 316 2102 403 2138; x_wconf 84' lang='grc' dir='ltr'><strong>σαι</strong></span> <span class='ocrx_word' id='word_1_253' title='bbox 436 2085 524 2151; x_wconf 78' lang='grc' dir='ltr'><strong>δὲ,</strong></span> <span class='ocrx_word' id='word_1_254' title='bbox 550 2088 635 2139; x_wconf 82' lang='grc' dir='ltr'>ὅτι</span> <span class='ocrx_word' id='word_1_255' title='bbox 669 2085 800 2157; x_wconf 86' lang='grc' dir='ltr'>τρία</span> <span class='ocrx_word' id='word_1_256' title='bbox 834 2085 1124 2156; x_wconf 85' lang='grc' dir='ltr'>νοσήματα</span> <span class='ocrx_word' id='word_1_257' title='bbox 1154 2084 1306 2156; x_wconf 85' lang='grc' dir='ltr'>αὑτῷ</span> <span class='ocrx_word' id='word_1_258' title='bbox 1346 2088 1651 2157; x_wconf 81' lang='grc' dir='ltr'>συμπεσεῖν</span> <span class='ocrx_word' id='word_1_259' title='bbox 1676 2087 1900 2157; x_wconf 77' lang='grc' dir='ltr'>συνέϐη,</span> 
     </span>
    </p>
   </div>
   <div class='ocr_carea' id='block_1_38' title="bbox 308 2176 1906 2249">
    <p class='ocr_par' dir='ltr' id='par_1_38' title="bbox 308 2176 1906 2249">
     <span class='ocr_line' id='line_1_38' title="bbox 308 2176 1906 2249; baseline 0.002 -20"><span class='ocrx_word' id='word_1_260' title='bbox 308 2177 403 2247; x_wconf 82' lang='grc' dir='ltr'><strong>τὴν</strong></span> <span class='ocrx_word' id='word_1_261' title='bbox 434 2176 747 2247; x_wconf 83' lang='grc' dir='ltr'>σύντροφον</span> <span class='ocrx_word' id='word_1_262' title='bbox 775 2177 853 2248; x_wconf 84' lang='grc' dir='ltr'>τῷ</span> <span class='ocrx_word' id='word_1_263' title='bbox 887 2179 1039 2248; x_wconf 80' lang='grc' dir='ltr'>γήρᾳ</span> <span class='ocrx_word' id='word_1_264' title='bbox 1063 2194 1122 2227; x_wconf 89' lang='grc' dir='ltr'><strong>στ</strong></span> <span class='ocrx_word' id='word_1_265' title='bbox 1134 2179 1488 2249; x_wconf 83' lang='grc' dir='ltr'>ραγγουρίαν,</span> <span class='ocrx_word' id='word_1_266' title='bbox 1508 2178 1603 2233; x_wconf 72' lang='grc' dir='ltr'>καὶ</span> <span class='ocrx_word' id='word_1_267' title='bbox 1622 2178 1906 2245; x_wconf 85' lang='grc' dir='ltr'>διωλύγιόν</span> 
     </span>
    </p>
   </div>
   <div class='ocr_carea' id='block_1_39' title="bbox 306 2270 1906 2342">
    <p class='ocr_par' dir='ltr' id='par_1_39' title="bbox 306 2270 1906 2342">
     <span class='ocr_line' id='line_1_39' title="bbox 306 2270 1906 2342; baseline -0.001 -18"><span class='ocrx_word' id='word_1_268' title='bbox 306 2290 438 2325; x_wconf 77' lang='grc' dir='ltr'>τινα.</span> <span class='ocrx_word' id='word_1_269' title='bbox 473 2274 572 2325; x_wconf 80' lang='grc' dir='ltr'><strong>καὶ</strong></span> <span class='ocrx_word' id='word_1_270' title='bbox 601 2270 820 2342; x_wconf 78' lang='grc' dir='ltr'>μακρὰν</span> <span class='ocrx_word' id='word_1_271' title='bbox 856 2274 1122 2341; x_wconf 77' lang='grc' dir='ltr'>φρενῖτιν,</span> <span class='ocrx_word' id='word_1_272' title='bbox 1152 2273 1247 2323; x_wconf 66' lang='grc' dir='ltr'>καὶ</span> <span class='ocrx_word' id='word_1_273' title='bbox 1278 2271 1366 2322; x_wconf 84' lang='grc' dir='ltr'><strong>διὰ</strong></span> <span class='ocrx_word' id='word_1_274' title='bbox 1399 2270 1636 2340; x_wconf 79' lang='grc' dir='ltr'>γαστρὸς</span> <span class='ocrx_word' id='word_1_275' title='bbox 1670 2270 1906 2339; x_wconf 76' lang='grc' dir='ltr'>αἵματος</span> 
     </span>
    </p>
   </div>
   <div class='ocr_carea' id='block_1_40' title="bbox 306 2361 1907 2435">
    <p class='ocr_par' dir='ltr' id='par_1_40' title="bbox 306 2361 1907 2435">
     <span class='ocr_line' id='line_1_40' title="bbox 306 2361 1907 2435; baseline 0 -20"><span class='ocrx_word' id='word_1_276' title='bbox 306 2366 505 2435; x_wconf 78' lang='grc' dir='ltr'>ῥύσιν,</span> <span class='ocrx_word' id='word_1_277' title='bbox 539 2364 633 2416; x_wconf 75' lang='grc' dir='ltr'><strong>καὶ</strong></span> <span class='ocrx_word' id='word_1_278' title='bbox 664 2363 746 2414; x_wconf 78' lang='grc' dir='ltr'>ἔτι</span> <span class='ocrx_word' id='word_1_279' title='bbox 778 2362 835 2414; x_wconf 77' lang='grc' dir='ltr'>δὲ</span> <span class='ocrx_word' id='word_1_280' title='bbox 883 2363 978 2414; x_wconf 75' lang='grc' dir='ltr'><strong>καὶ</strong></span> <span class='ocrx_word' id='word_1_281' title='bbox 1021 2361 1187 2432; x_wconf 72' lang='grc' dir='ltr'>ἕτερα</span> <span class='ocrx_word' id='word_1_282' title='bbox 1218 2362 1446 2416; x_wconf 80' lang='grc' dir='ltr'>πλεῖστα</span> <span class='ocrx_word' id='word_1_283' title='bbox 1477 2362 1585 2415; x_wconf 85' lang='grc' dir='ltr'><strong>τῶν</strong></span> <span class='ocrx_word' id='word_1_284' title='bbox 1617 2364 1907 2435; x_wconf 76' lang='grc' dir='ltr'>ἀρρωστη-</span> 
     </span>
    </p>
   </div>
   <div class='ocr_carea' id='block_1_41' title="bbox 305 2453 1907 2524">
    <p class='ocr_par' dir='ltr' id='par_1_41' title="bbox 305 2453 1907 2524">
     <span class='ocr_line' id='line_1_41' title="bbox 305 2453 1907 2524; baseline 0.002 -19"><span class='ocrx_word' id='word_1_285' title='bbox 305 2456 541 2523; x_wconf 71' lang='grc' dir='ltr'>μάτωνο</span> <span class='ocrx_word' id='word_1_286' title='bbox 578 2455 644 2507; x_wconf 81' lang='grc' dir='ltr'>ἂν</span> <span class='ocrx_word' id='word_1_287' title='bbox 679 2454 863 2523; x_wconf 81' lang='grc' dir='ltr'>μέντοι</span> <span class='ocrx_word' id='word_1_288' title='bbox 905 2453 1013 2506; x_wconf 88' lang='grc' dir='ltr'><strong>τῶν</strong></span> <span class='ocrx_word' id='word_1_289' title='bbox 1050 2455 1376 2524; x_wconf 83' lang='grc' dir='ltr'>νοσημάτων</span> <span class='ocrx_word' id='word_1_290' title='bbox 1418 2456 1756 2523; x_wconf 73' lang='grc' dir='ltr'>ἀπαλλαγεὶς</span> <span class='ocrx_word' id='word_1_291' title='bbox 1785 2458 1907 2509; x_wconf 82' lang='grc' dir='ltr'>ἐπι-</span> 
     </span>
    </p>
   </div>
   <div class='ocr_carea' id='block_1_42' title="bbox 301 2544 1907 2617">
    <p class='ocr_par' dir='ltr' id='par_1_42' title="bbox 301 2544 1907 2617">
     <span class='ocr_line' id='line_1_42' title="bbox 301 2544 1907 2617; baseline 0.003 -19"><span class='ocrx_word' id='word_1_292' title='bbox 301 2545 485 2617; x_wconf 75' lang='grc' dir='ltr'>διῴη,</span> <span class='ocrx_word' id='word_1_293' title='bbox 538 2547 631 2598; x_wconf 80' lang='grc' dir='ltr'><strong>καὶ</strong></span> <span class='ocrx_word' id='word_1_294' title='bbox 662 2546 721 2598; x_wconf 80' lang='grc' dir='ltr'><strong>τὸ</strong></span> <span class='ocrx_word' id='word_1_295' title='bbox 748 2544 845 2597; x_wconf 79' lang='grc' dir='ltr'>νῦν</span> <span class='ocrx_word' id='word_1_296' title='bbox 900 2545 1184 2615; x_wconf 70' lang='grc' dir='ltr'>ἐπίταγμα</span> <span class='ocrx_word' id='word_1_297' title='bbox 1214 2547 1273 2608; x_wconf 86' lang='grc' dir='ltr'><strong>ἐς</strong></span> <span class='ocrx_word' id='word_1_298' title='bbox 1314 2547 1490 2617; x_wconf 81' lang='grc' dir='ltr'>πέρας</span> <span class='ocrx_word' id='word_1_299' title='bbox 1528 2548 1759 2615; x_wconf 79' lang='grc' dir='ltr'>ἀγαγεῖν</span> <span class='ocrx_word' id='word_1_300' title='bbox 1800 2551 1907 2602; x_wconf 85' lang='grc' dir='ltr'><strong>ὑπ-</strong></span> 
     </span>
    </p>
   </div>
   <div class='ocr_carea' id='block_1_43' title="bbox 303 2639 1906 2709">
    <p class='ocr_par' dir='ltr' id='par_1_43' title="bbox 303 2639 1906 2709">
     <span class='ocr_line' id='line_1_43' title="bbox 303 2639 1906 2709; baseline 0.001 -17"><span class='ocrx_word' id='word_1_301' title='bbox 303 2642 611 2709; x_wconf 81' lang='grc' dir='ltr'>ισχνεῖται,</span> <span class='ocrx_word' id='word_1_302' title='bbox 631 2639 723 2692; x_wconf 78' lang='grc' dir='ltr'>καὶ</span> <span class='ocrx_word' id='word_1_303' title='bbox 748 2641 801 2693; x_wconf 77' lang='grc' dir='ltr'>εἴ</span> <span class='ocrx_word' id='word_1_304' title='bbox 817 2657 871 2693; x_wconf 88' lang='grc' dir='ltr'><strong>τι</strong></span> <span class='ocrx_word' id='word_1_305' title='bbox 892 2639 1020 2693; x_wconf 82' lang='grc' dir='ltr'>ἄλλο</span> <span class='ocrx_word' id='word_1_306' title='bbox 1040 2640 1368 2708; x_wconf 79' lang='grc' dir='ltr'>προστάττοι</span> <span class='ocrx_word' id='word_1_307' title='bbox 1393 2639 1711 2708; x_wconf 84' lang='grc' dir='ltr'>φιλοκαλίας</span> <span class='ocrx_word' id='word_1_308' title='bbox 1727 2658 1788 2694; x_wconf 90' lang='grc' dir='ltr'><strong>τε</strong></span> <span class='ocrx_word' id='word_1_309' title='bbox 1810 2642 1906 2694; x_wconf 73' lang='grc' dir='ltr'><strong>καὶ</strong></span> 
     </span>
    </p>
   </div>
   <div class='ocr_carea' id='block_1_44' title="bbox 298 2731 1902 2804">
    <p class='ocr_par' dir='ltr' id='par_1_44' title="bbox 298 2731 1902 2804">
     <span class='ocr_line' id='line_1_44' title="bbox 298 2731 1902 2804; baseline 0.002 -21"><span class='ocrx_word' id='word_1_310' title='bbox 298 2731 693 2801; x_wconf 75' lang='grc' dir='ltr'>πολυμαθείας</span> <span class='ocrx_word' id='word_1_311' title='bbox 720 2732 816 2784; x_wconf 79' lang='grc' dir='ltr'><strong>καὶ</strong></span> <span class='ocrx_word' id='word_1_312' title='bbox 854 2731 1173 2804; x_wconf 81' lang='grc' dir='ltr'>καινότητος</span> <span class='ocrx_word' id='word_1_313' title='bbox 1200 2731 1481 2802; x_wconf 83' lang='grc' dir='ltr'>ἐχόμενον.</span> <span class='ocrx_word' id='word_1_314' title='bbox 1498 2733 1659 2785; x_wconf 78' lang='grc' dir='ltr'>Ἀλλά</span> <span class='ocrx_word' id='word_1_315' title='bbox 1684 2734 1783 2785; x_wconf 77' lang='grc' dir='ltr'>καὶ</span> <span class='ocrx_word' id='word_1_316' title='bbox 1810 2733 1902 2786; x_wconf 80' lang='grc' dir='ltr'><strong>τὸν</strong></span> 
     </span>
    </p>
   </div>
   <div class='ocr_carea' id='block_1_45' title="bbox 296 2821 1907 2895">
    <p class='ocr_par' dir='ltr' id='par_1_45' title="bbox 296 2821 1907 2895">
     <span class='ocr_line' id='line_1_45' title="bbox 296 2821 1907 2895; baseline 0.002 -20"><span class='ocrx_word' id='word_1_317' title='bbox 296 2824 485 2875; x_wconf 72' lang='grc' dir='ltr'>ἕκτον</span> <span class='ocrx_word' id='word_1_318' title='bbox 540 2821 696 2890; x_wconf 85' lang='grc' dir='ltr'>λόγον</span> <span class='ocrx_word' id='word_1_319' title='bbox 755 2822 855 2892; x_wconf 84' lang='grc' dir='ltr'><strong>τῆς</strong></span> <span class='ocrx_word' id='word_1_320' title='bbox 910 2825 1230 2893; x_wconf 81' lang='grc' dir='ltr'>σοφιστικῆς</span> <span class='ocrx_word' id='word_1_321' title='bbox 1280 2822 1489 2893; x_wconf 86' lang='grc' dir='ltr'>ταύτης</span> <span class='ocrx_word' id='word_1_322' title='bbox 1549 2826 1907 2895; x_wconf 82' lang='grc' dir='ltr'>παρασκευῆς</span> 
     </span>
    </p>
   </div>
   <div class='ocr_carea' id='block_1_46' title="bbox 294 2913 1467 2985">
    <p class='ocr_par' dir='ltr' id='par_1_46' title="bbox 294 2913 1467 2985">
     <span class='ocr_line' id='line_1_46' title="bbox 294 2913 1467 2985; baseline 0 -19"><span class='ocrx_word' id='word_1_323' title='bbox 294 2915 468 2985; x_wconf 79' lang='grc' dir='ltr'>ἄλλῳ</span> <span class='ocrx_word' id='word_1_324' title='bbox 494 2914 601 2966; x_wconf 79' lang='grc' dir='ltr'>τινὶ</span> <span class='ocrx_word' id='word_1_325' title='bbox 632 2914 794 2968; x_wconf 78' lang='grc' dir='ltr'>πάλιν</span> <span class='ocrx_word' id='word_1_326' title='bbox 832 2913 1101 2985; x_wconf 78' lang='grc' dir='ltr'>Τιϐερίνῳ</span> <span class='ocrx_word' id='word_1_327' title='bbox 1136 2915 1467 2984; x_wconf 79' lang='grc' dir='ltr'>προσφωνεῖ.</span> 
     </span>
    </p>
   </div>
   <div class='ocr_carea' id='block_1_47' title="bbox 365 3006 1905 3078">
    <p class='ocr_par' dir='ltr' id='par_1_47' title="bbox 365 3006 1905 3078">
     <span class='ocr_line' id='line_1_47' title="bbox 365 3006 1905 3078; baseline 0.001 -17"><span class='ocrx_word' id='word_1_328' title='bbox 365 3008 502 3061; x_wconf 72' lang='grc' dir='ltr'><strong>Καὶ</strong></span> <span class='ocrx_word' id='word_1_329' title='bbox 527 3008 590 3078; x_wconf 83' lang='grc' dir='ltr'>δὴ</span> <span class='ocrx_word' id='word_1_330' title='bbox 622 3008 715 3060; x_wconf 80' lang='grc' dir='ltr'><strong>καὶ</strong></span> <span class='ocrx_word' id='word_1_331' title='bbox 743 3008 837 3060; x_wconf 82' lang='grc' dir='ltr'><strong>τὸν</strong></span> <span class='ocrx_word' id='word_1_332' title='bbox 888 3007 1119 3077; x_wconf 77' lang='grc' dir='ltr'>ἓὸδομον</span> <span class='ocrx_word' id='word_1_333' title='bbox 1150 3008 1323 3077; x_wconf 76' lang='grc' dir='ltr'>ἑτέρῳ</span> <span class='ocrx_word' id='word_1_334' title='bbox 1353 3006 1677 3078; x_wconf 80' lang='grc' dir='ltr'>Μηνοφίλῳ,</span> <span class='ocrx_word' id='word_1_335' title='bbox 1712 3007 1771 3061; x_wconf 79' lang='grc' dir='ltr'>ὃν</span> <span class='ocrx_word' id='word_1_336' title='bbox 1808 3009 1905 3062; x_wconf 83' lang='grc' dir='ltr'><strong>καί</strong></span> 
     </span>
    </p>
   </div>
   <div class='ocr_carea' id='block_1_48' title="bbox 296 3098 1907 3171">
    <p class='ocr_par' dir='ltr' id='par_1_48' title="bbox 296 3098 1907 3171">
     <span class='ocr_line' id='line_1_48' title="bbox 296 3098 1907 3171; baseline 0 -18"><span class='ocrx_word' id='word_1_337' title='bbox 296 3116 450 3171; x_wconf 76' lang='grc' dir='ltr'>φησι</span> <span class='ocrx_word' id='word_1_338' title='bbox 478 3098 725 3159; x_wconf 82' lang='grc' dir='ltr'>παιδείας</span> <span class='ocrx_word' id='word_1_339' title='bbox 751 3101 834 3161; x_wconf 85' lang='grc' dir='ltr'><strong>είς</strong></span> <span class='ocrx_word' id='word_1_340' title='bbox 860 3100 1032 3169; x_wconf 77' lang='grc' dir='ltr'>ἄκρον</span> <span class='ocrx_word' id='word_1_341' title='bbox 1067 3100 1273 3170; x_wconf 80' lang='grc' dir='ltr'>ἥκοντα</span> <span class='ocrx_word' id='word_1_342' title='bbox 1320 3101 1416 3152; x_wconf 76' lang='grc' dir='ltr'><strong>καὶ</strong></span> <span class='ocrx_word' id='word_1_343' title='bbox 1448 3101 1639 3171; x_wconf 77' lang='grc' dir='ltr'>ῥήσεις</span> <span class='ocrx_word' id='word_1_344' title='bbox 1677 3100 1907 3171; x_wconf 77' lang='grc' dir='ltr'>ὁλοκλή-</span> 
     </span>
    </p>
   </div>
   <div class='ocr_carea' id='block_1_49' title="bbox 297 3188 1977 3282">
    <p class='ocr_par' dir='ltr' id='par_1_49' title="bbox 297 3188 1977 3282">
     <span class='ocr_line' id='line_1_49' title="bbox 297 3188 1977 3282; baseline 0 -37"><span class='ocrx_word' id='word_1_345' title='bbox 297 3209 450 3263; x_wconf 82' lang='grc' dir='ltr'>ρους</span> <span class='ocrx_word' id='word_1_346' title='bbox 501 3190 639 3261; x_wconf 82' lang='grc' dir='ltr'>πρὸς</span> <span class='ocrx_word' id='word_1_347' title='bbox 686 3188 787 3253; x_wconf 80' lang='grc' dir='ltr'><strong>τὰς</strong></span> <span class='ocrx_word' id='word_1_348' title='bbox 831 3190 1136 3254; x_wconf 79' lang='grc' dir='ltr'>ἀποδείξεις</span> <span class='ocrx_word' id='word_1_349' title='bbox 1178 3189 1543 3255; x_wconf 83' lang='grc' dir='ltr'>συντελούσας</span> <span class='ocrx_word' id='word_1_350' title='bbox 1599 3192 1693 3245; x_wconf 81' lang='grc' dir='ltr'>τοῦ</span> <span class='ocrx_word' id='word_1_351' title='bbox 1745 3192 1904 3245; x_wconf 73' lang='grc' dir='ltr'>ἕκτου</span> <span class='ocrx_word' id='word_1_352' title='bbox 1936 3227 1977 3282; x_wconf 72' lang='lat' dir='ltr'><strong>C</strong></span> 
     </span>
    </p>
   </div>
   <div class='ocr_carea' id='block_1_50' title="bbox 294 3282 1906 3357">
    <p class='ocr_par' dir='ltr' id='par_1_50' title="bbox 294 3282 1906 3357">
     <span class='ocr_line' id='line_1_50' title="bbox 294 3282 1906 3357; baseline 0.004 -22"><span class='ocrx_word' id='word_1_353' title='bbox 294 3283 478 3352; x_wconf 69' lang='grc' dir='ltr'>λόγου</span> <span class='ocrx_word' id='word_1_354' title='bbox 501 3283 603 3352; x_wconf 90' lang='grc' dir='ltr'><strong>τῆς</strong></span> <span class='ocrx_word' id='word_1_355' title='bbox 622 3282 997 3351; x_wconf 64' lang='grc' dir='ltr'>Σοφιστικῆς</span> <span class='ocrx_word' id='word_1_356' title='bbox 1027 3283 1427 3354; x_wconf 82' lang='grc' dir='ltr'>Παρασκευῆς</span> <span class='ocrx_word' id='word_1_357' title='bbox 1444 3287 1789 3357; x_wconf 82' lang='grc' dir='ltr'>παραθεῖναι,</span> <span class='ocrx_word' id='word_1_358' title='bbox 1813 3292 1906 3343; x_wconf 79' lang='grc' dir='ltr'><strong>καὶ</strong></span> 
     </span>
    </p>
   </div>
   <div class='ocr_carea' id='block_1_51' title="bbox 295 3376 1906 3451">
    <p class='ocr_par' dir='ltr' id='par_1_51' title="bbox 295 3376 1906 3451">
     <span class='ocr_line' id='line_1_51' title="bbox 295 3376 1906 3451; baseline 0.004 -23"><span class='ocrx_word' id='word_1_359' title='bbox 295 3376 657 3448; x_wconf 82' lang='grc' dir='ltr'>προτρέπειν</span> <span class='ocrx_word' id='word_1_360' title='bbox 686 3376 782 3431; x_wconf 83' lang='grc' dir='ltr'><strong>καὶ</strong></span> <span class='ocrx_word' id='word_1_361' title='bbox 814 3376 978 3429; x_wconf 82' lang='grc' dir='ltr'>αὐτὸν</span> <span class='ocrx_word' id='word_1_362' title='bbox 1007 3378 1101 3430; x_wconf 78' lang='grc' dir='ltr'><strong>ἐπὶ</strong></span> <span class='ocrx_word' id='word_1_363' title='bbox 1122 3377 1376 3431; x_wconf 85' lang='grc' dir='ltr'>πλεῖστον</span> <span class='ocrx_word' id='word_1_364' title='bbox 1401 3380 1605 3444; x_wconf 86' lang='grc' dir='ltr'>ταύτας</span> <span class='ocrx_word' id='word_1_365' title='bbox 1631 3382 1906 3451; x_wconf 78' lang='grc' dir='ltr'>ἀθροίζειν</span> 
     </span>
    </p>
   </div>
   <div class='ocr_carea' id='block_1_52' title="bbox 296 3469 1904 3539">
    <p class='ocr_par' dir='ltr' id='par_1_52' title="bbox 296 3469 1904 3539">
     <span class='ocr_line' id='line_1_52' title="bbox 296 3469 1904 3539; baseline 0.002 -16"><span class='ocrx_word' id='word_1_366' title='bbox 296 3473 424 3532; x_wconf 82' lang='grc' dir='ltr'>τοῖς</span> <span class='ocrx_word' id='word_1_367' title='bbox 466 3469 887 3539; x_wconf 87' lang='grc' dir='ltr'>συγγράμμασι.</span> <span class='ocrx_word' id='word_1_368' title='bbox 918 3469 1020 3521; x_wconf 75' lang='grc' dir='ltr'><strong>Τὸν</strong></span> <span class='ocrx_word' id='word_1_369' title='bbox 1048 3469 1232 3536; x_wconf 84' lang='grc' dir='ltr'>μέντοι</span> <span class='ocrx_word' id='word_1_370' title='bbox 1255 3471 1441 3539; x_wconf 75' lang='grc' dir='ltr'>ὃγδοον</span> <span class='ocrx_word' id='word_1_371' title='bbox 1471 3473 1635 3525; x_wconf 85' lang='grc' dir='ltr'>πάλιν</span> <span class='ocrx_word' id='word_1_372' title='bbox 1682 3474 1904 3527; x_wconf 83' lang='grc' dir='ltr'>Ἰουλια-</span> 
     </span>
    </p>
   </div>
   <div class='ocr_carea' id='block_1_53' title="bbox 298 3548 1907 3634">
    <p class='ocr_par' dir='ltr' id='par_1_53' title="bbox 298 3548 1907 3634">
     <span class='ocr_line' id='line_1_53' title="bbox 298 3548 1907 3634; baseline 0.004 -19"><span class='ocrx_word' id='word_1_373' title='bbox 298 3562 384 3634; x_wconf 84' lang='grc' dir='ltr'>νῷ</span> <span class='ocrx_word' id='word_1_374' title='bbox 416 3561 740 3630; x_wconf 76' lang='grc' dir='ltr'>ἀνατίθησι,</span> <span class='ocrx_word' id='word_1_375' title='bbox 765 3562 862 3615; x_wconf 77' lang='grc' dir='ltr'><strong>καὶ</strong></span> <span class='ocrx_word' id='word_1_376' title='bbox 896 3548 1135 3615; x_wconf 84' lang='grc' dir='ltr'>αἰτεῖται</span> <span class='ocrx_word' id='word_1_377' title='bbox 1181 3563 1373 3628; x_wconf 82' lang='grc' dir='ltr'>αὑτὸν,</span> <span class='ocrx_word' id='word_1_378' title='bbox 1408 3566 1462 3619; x_wconf 86' lang='grc' dir='ltr'><strong>εί</strong></span> <span class='ocrx_word' id='word_1_379' title='bbox 1498 3584 1551 3619; x_wconf 92' lang='grc' dir='ltr'><strong>τι</strong></span> <span class='ocrx_word' id='word_1_380' title='bbox 1602 3567 1810 3630; x_wconf 84' lang='grc' dir='ltr'>ἀτελῶς</span> <span class='ocrx_word' id='word_1_381' title='bbox 1836 3569 1907 3621; x_wconf 84' lang='grc' dir='ltr'>εῖ-</span> 
     </span>
    </p>
   </div>
   <div class='ocr_carea' id='block_1_54' title="bbox 306 3654 1908 3729">
    <p class='ocr_par' dir='ltr' id='par_1_54' title="bbox 306 3654 1908 3729">
     <span class='ocr_line' id='line_1_54' title="bbox 306 3654 1908 3729; baseline 0.005 -23"><span class='ocrx_word' id='word_1_382' title='bbox 306 3672 502 3726; x_wconf 75' lang='grc' dir='ltr'>ρηται,</span> <span class='ocrx_word' id='word_1_383' title='bbox 542 3654 640 3708; x_wconf 84' lang='grc' dir='ltr'>ἆτε</span> <span class='ocrx_word' id='word_1_384' title='bbox 663 3654 727 3724; x_wconf 84' lang='grc' dir='ltr'>δὴ</span> <span class='ocrx_word' id='word_1_385' title='bbox 757 3656 853 3707; x_wconf 73' lang='grc' dir='ltr'><strong>καὶ</strong></span> <span class='ocrx_word' id='word_1_386' title='bbox 894 3654 1037 3724; x_wconf 82' lang='grc' dir='ltr'>μετὰ</span> <span class='ocrx_word' id='word_1_387' title='bbox 1084 3655 1243 3709; x_wconf 88' lang='grc' dir='ltr'>νόσον</span> <span class='ocrx_word' id='word_1_388' title='bbox 1273 3659 1560 3729; x_wconf 86' lang='grc' dir='ltr'>γράφοντι,</span> <span class='ocrx_word' id='word_1_389' title='bbox 1585 3661 1756 3713; x_wconf 79' lang='grc' dir='ltr'>ταῦτα</span> <span class='ocrx_word' id='word_1_390' title='bbox 1795 3662 1908 3714; x_wconf 88' lang='grc' dir='ltr'>δια-</span> 
     </span>
    </p>
   </div>
   <div class='ocr_carea' id='block_1_55' title="bbox 294 3747 1903 3823">
    <p class='ocr_par' dir='ltr' id='par_1_55' title="bbox 294 3747 1903 3823">
     <span class='ocr_line' id='line_1_55' title="bbox 294 3747 1903 3823; baseline 0.001 -20"><span class='ocrx_word' id='word_1_391' title='bbox 294 3753 489 3803; x_wconf 77' lang='grc' dir='ltr'><strong>⁴θεῖναι</strong></span> <span class='ocrx_word' id='word_1_392' title='bbox 548 3749 688 3818; x_wconf 71' lang='grc' dir='ltr'>πρὸς</span> <span class='ocrx_word' id='word_1_393' title='bbox 740 3747 1054 3817; x_wconf 88' lang='grc' dir='ltr'>διόρθωσιν.</span> <span class='ocrx_word' id='word_1_394' title='bbox 1110 3750 1217 3802; x_wconf 84' lang='grc' dir='ltr'><strong>Τὸν</strong></span> <span class='ocrx_word' id='word_1_395' title='bbox 1269 3750 1328 3803; x_wconf 84' lang='grc' dir='ltr'><strong>δὲ</strong></span> <span class='ocrx_word' id='word_1_396' title='bbox 1360 3750 1554 3805; x_wconf 77' lang='grc' dir='ltr'>ἔνατον</span> <span class='ocrx_word' id='word_1_397' title='bbox 1616 3753 1903 3823; x_wconf 85' lang='grc' dir='ltr'>Ῥουφίνῳ,</span> 
     </span>
    </p>
   </div>
   <div class='ocr_carea' id='block_1_56' title="bbox 316 3841 1908 3918">
    <p class='ocr_par' dir='ltr' id='par_1_56' title="bbox 316 3841 1908 3918">
     <span class='ocr_line' id='line_1_56' title="bbox 316 3841 1908 3918; baseline 0.003 -22"><span class='ocrx_word' id='word_1_398' title='bbox 316 3844 543 3911; x_wconf 56' lang='grc' dir='ltr'>φάσκων</span> <span class='ocrx_word' id='word_1_399' title='bbox 576 3841 751 3895; x_wconf 77' lang='grc' dir='ltr'>αἴτιον</span> <span class='ocrx_word' id='word_1_400' title='bbox 788 3842 888 3911; x_wconf 82' lang='grc' dir='ltr'><strong>μὲν</strong></span> <span class='ocrx_word' id='word_1_401' title='bbox 926 3842 1022 3896; x_wconf 77' lang='grc' dir='ltr'>τοῦ</span> <span class='ocrx_word' id='word_1_402' title='bbox 1050 3843 1094 3875; x_wconf 77' lang='grc'><strong>³⁹</strong></span> <span class='ocrx_word' id='word_1_403' title='bbox 1124 3845 1479 3916; x_wconf 82' lang='grc' dir='ltr'>ἀπάρξασθαι</span> <span class='ocrx_word' id='word_1_404' title='bbox 1529 3847 1630 3917; x_wconf 88' lang='grc' dir='ltr'><strong>τῆς</strong></span> <span class='ocrx_word' id='word_1_405' title='bbox 1664 3864 1908 3918; x_wconf 87' lang='grc' dir='ltr'>συγγρα-</span> 
     </span>
    </p>
   </div>
   <div class='ocr_carea' id='block_1_57' title="bbox 329 3930 1907 4004">
    <p class='ocr_par' dir='ltr' id='par_1_57' title="bbox 329 3930 1907 4004">
     <span class='ocr_line' id='line_1_57' title="bbox 329 3930 1907 4004; baseline 0.003 -21"><span class='ocrx_word' id='word_1_406' title='bbox 329 3934 428 4001; x_wconf 74' lang='grc' dir='ltr'><strong>φῆς</strong></span> <span class='ocrx_word' id='word_1_407' title='bbox 476 3930 834 4001; x_wconf 78' lang='grc' dir='ltr'>Ἀριστοκλέα</span> <span class='ocrx_word' id='word_1_408' title='bbox 873 3932 1150 3999; x_wconf 84' lang='grc' dir='ltr'>γενέσθαι,</span> <span class='ocrx_word' id='word_1_409' title='bbox 1177 3932 1274 3985; x_wconf 82' lang='grc' dir='ltr'>τοῦ</span> <span class='ocrx_word' id='word_1_410' title='bbox 1313 3934 1369 3986; x_wconf 84' lang='grc' dir='ltr'>δὲ</span> <span class='ocrx_word' id='word_1_411' title='bbox 1391 3935 1486 3986; x_wconf 69' lang='grc' dir='ltr'>ἐπὶ</span> <span class='ocrx_word' id='word_1_412' title='bbox 1516 3935 1693 4004; x_wconf 81' lang='grc' dir='ltr'>πέρας</span> <span class='ocrx_word' id='word_1_413' title='bbox 1732 3933 1907 3987; x_wconf 80' lang='grc' dir='ltr'>ἐλθεῖν</span> 
     </span>
    </p>
   </div>
   <div class='ocr_carea' id='block_1_58' title="bbox 320 4024 1907 4098">
    <p class='ocr_par' dir='ltr' id='par_1_58' title="bbox 320 4024 1907 4098">
     <span class='ocr_line' id='line_1_58' title="bbox 320 4024 1907 4098; baseline 0.001 -19"><span class='ocrx_word' id='word_1_414' title='bbox 320 4027 479 4079; x_wconf 72' lang='grc' dir='ltr'>αὑτὸν</span> <span class='ocrx_word' id='word_1_415' title='bbox 505 4027 684 4078; x_wconf 90' lang='grc' dir='ltr'>αῖτιον</span> <span class='ocrx_word' id='word_1_416' title='bbox 700 4024 744 4057; x_wconf 85' lang='grc'><strong>⁶⁰</strong></span> <span class='ocrx_word' id='word_1_417' title='bbox 780 4025 1023 4090; x_wconf 74' lang='grc' dir='ltr'>ἔσεσθαι,</span> <span class='ocrx_word' id='word_1_418' title='bbox 1052 4027 1135 4080; x_wconf 85' lang='grc' dir='ltr'>ὃτι</span> <span class='ocrx_word' id='word_1_419' title='bbox 1167 4026 1408 4097; x_wconf 76' lang='grc' dir='ltr'>ἐντυχὼν</span> <span class='ocrx_word' id='word_1_420' title='bbox 1437 4030 1552 4091; x_wconf 89' lang='grc' dir='ltr'>τοῖς</span> <span class='ocrx_word' id='word_1_421' title='bbox 1582 4029 1907 4098; x_wconf 80' lang='grc' dir='ltr'>γεγραμμέ-</span> 
     </span>
    </p>
   </div>
   <div class='ocr_carea' id='block_1_59' title="bbox 314 4119 1907 4190">
    <p class='ocr_par' dir='ltr' id='par_1_59' title="bbox 314 4119 1907 4190">
     <span class='ocr_line' id='line_1_59' title="bbox 314 4119 1907 4190; baseline 0.002 -19"><span class='ocrx_word' id='word_1_422' title='bbox 314 4136 423 4181; x_wconf 79' lang='grc' dir='ltr'>νοις</span> <span class='ocrx_word' id='word_1_423' title='bbox 450 4119 511 4172; x_wconf 84' lang='grc' dir='ltr'><strong>τό</strong></span> <span class='ocrx_word' id='word_1_424' title='bbox 536 4136 599 4171; x_wconf 83' lang='grc' dir='ltr'><strong>τε</strong></span> <span class='ocrx_word' id='word_1_425' title='bbox 628 4121 902 4189; x_wconf 84' lang='grc' dir='ltr'>χρήσιμον</span> <span class='ocrx_word' id='word_1_426' title='bbox 922 4119 1157 4172; x_wconf 88' lang='grc' dir='ltr'>συνιδεῖν</span> <span class='ocrx_word' id='word_1_427' title='bbox 1186 4120 1321 4190; x_wconf 78' lang='grc' dir='ltr'>ἔσχε</span> <span class='ocrx_word' id='word_1_428' title='bbox 1349 4122 1445 4173; x_wconf 77' lang='grc' dir='ltr'>καὶ</span> <span class='ocrx_word' id='word_1_429' title='bbox 1473 4121 1782 4174; x_wconf 76' lang='grc' dir='ltr'>ἐπαινέσειε</span> <span class='ocrx_word' id='word_1_430' title='bbox 1815 4121 1907 4174; x_wconf 85' lang='grc' dir='ltr'><strong>τὸν</strong></span> 
     </span>
    </p>
   </div>
   <div class='ocr_carea' id='block_1_60' title="bbox 308 4207 1905 4281">
    <p class='ocr_par' dir='ltr' id='par_1_60' title="bbox 308 4207 1905 4281">
     <span class='ocr_line' id='line_1_60' title="bbox 308 4207 1905 4281; baseline 0.001 -20"><span class='ocrx_word' id='word_1_431' title='bbox 308 4208 498 4262; x_wconf 68' lang='grc' dir='ltr'>πόνον.</span> <span class='ocrx_word' id='word_1_432' title='bbox 528 4208 635 4260; x_wconf 79' lang='grc' dir='ltr'><strong>Τὸν</strong></span> <span class='ocrx_word' id='word_1_433' title='bbox 677 4207 732 4260; x_wconf 83' lang='grc' dir='ltr'><strong>δὲ</strong></span> <span class='ocrx_word' id='word_1_434' title='bbox 763 4207 990 4260; x_wconf 81' lang='grc' dir='ltr'>δέκατον</span> <span class='ocrx_word' id='word_1_435' title='bbox 1040 4208 1207 4262; x_wconf 81' lang='grc' dir='ltr'>πάλιν</span> <span class='ocrx_word' id='word_1_436' title='bbox 1265 4211 1713 4280; x_wconf 78' lang='grc' dir='ltr'>ἐπαναστραφεὶς</span> <span class='ocrx_word' id='word_1_437' title='bbox 1768 4210 1905 4281; x_wconf 84' lang='grc' dir='ltr'>πρὸς</span> 
     </span>
    </p>
   </div>
   <div class='ocr_carea' id='block_1_61' title="bbox 318 4301 1906 4375">
    <p class='ocr_par' dir='ltr' id='par_1_61' title="bbox 318 4301 1906 4375">
     <span class='ocr_line' id='line_1_61' title="bbox 318 4301 1906 4375; baseline 0.001 -20"><span class='ocrx_word' id='word_1_438' title='bbox 318 4301 691 4371; x_wconf 85' lang='grc' dir='ltr'>’Δριστοκλέα</span> <span class='ocrx_word' id='word_1_439' title='bbox 740 4301 1051 4357; x_wconf 87' lang='grc' dir='ltr'>συντάττει.</span> <span class='ocrx_word' id='word_1_440' title='bbox 1100 4301 1158 4353; x_wconf 84' lang='grc' dir='ltr'>Ὀ</span> <span class='ocrx_word' id='word_1_441' title='bbox 1213 4302 1270 4355; x_wconf 83' lang='grc' dir='ltr'>δὲ</span> <span class='ocrx_word' id='word_1_442' title='bbox 1330 4303 1534 4372; x_wconf 76' lang='grc' dir='ltr'>ἐφεξῆς</span> <span class='ocrx_word' id='word_1_443' title='bbox 1589 4304 1906 4375; x_wconf 83' lang='grc' dir='ltr'>Μηνοδώρῳ</span> 
     </span>
    </p>
   </div>
   <div class='ocr_carea' id='block_1_62' title="bbox 303 4388 1905 4465">
    <p class='ocr_par' dir='ltr' id='par_1_62' title="bbox 303 4388 1905 4465">
     <span class='ocr_line' id='line_1_62' title="bbox 303 4388 1905 4465; baseline 0.002 -19"><span class='ocrx_word' id='word_1_444' title='bbox 303 4392 785 4465; x_wconf 78' lang='grc' dir='ltr'>προσπεφώνηται</span> <span class='ocrx_word' id='word_1_445' title='bbox 834 4394 1021 4457; x_wconf 86' lang='grc' dir='ltr'>πάλιν,</span> <span class='ocrx_word' id='word_1_446' title='bbox 1073 4394 1131 4445; x_wconf 83' lang='grc' dir='ltr'>ὲν</span> <span class='ocrx_word' id='word_1_447' title='bbox 1252 4395 1349 4447; x_wconf 78' lang='grc' dir='ltr'><strong>καὶ</strong></span> <span class='ocrx_word' id='word_1_448' title='bbox 1412 4395 1750 4465; x_wconf 80' lang='grc' dir='ltr'>Ἀριστείδου</span> <span class='ocrx_word' id='word_1_449' title='bbox 1793 4399 1905 4461; x_wconf 87' lang='grc' dir='ltr'>τοῖς</span> 
     </span>
    </p>
   </div>
   <div class='ocr_carea' id='block_1_63' title="bbox 302 4486 1903 4559">
    <p class='ocr_par' dir='ltr' id='par_1_63' title="bbox 302 4486 1903 4559">
     <span class='ocr_line' id='line_1_63' title="bbox 302 4486 1903 4559; baseline 0.001 -20"><span class='ocrx_word' id='word_1_450' title='bbox 302 4488 497 4555; x_wconf 76' lang='grc' dir='ltr'>λόγοις</span> <span class='ocrx_word' id='word_1_451' title='bbox 527 4486 626 4557; x_wconf 84' lang='grc' dir='ltr'><strong>(ὥς</strong></span> <span class='ocrx_word' id='word_1_452' title='bbox 658 4489 849 4556; x_wconf 87' lang='grc' dir='ltr'>φησιν)</span> <span class='ocrx_word' id='word_1_453' title='bbox 893 4486 1134 4558; x_wconf 81' lang='grc' dir='ltr'>ἐντυχὼν</span> <span class='ocrx_word' id='word_1_454' title='bbox 1184 4489 1330 4559; x_wconf 79' lang='grc' dir='ltr'>ἄρτι,</span> <span class='ocrx_word' id='word_1_455' title='bbox 1382 4489 1503 4542; x_wconf 85' lang='grc' dir='ltr'>τότε</span> <span class='ocrx_word' id='word_1_456' title='bbox 1540 4489 1903 4558; x_wconf 73' lang='grc' dir='ltr'>ἀκμάζοντος,</span> 
     </span>
    </p>
   </div>
   <div class='ocr_carea' id='block_1_64' title="bbox 2011 1988 3597 2057">
    <p class='ocr_par' dir='ltr' id='par_1_64' title="bbox 2011 1988 3597 2057">
     <span class='ocr_line' id='line_1_64' title="bbox 2011 1988 3597 2057; baseline 0.001 -16"><span class='ocrx_word' id='word_1_457' title='bbox 2011 1988 2114 2041; x_wconf 85' lang='lat' dir='ltr'><strong>tria</strong></span> <span class='ocrx_word' id='word_1_458' title='bbox 2160 1990 2471 2041; x_wconf 82' lang='lat' dir='ltr'><strong>morborum</strong></span> <span class='ocrx_word' id='word_1_459' title='bbox 2522 2003 2723 2057; x_wconf 77' lang='lat' dir='ltr'><strong>genera</strong></span> <span class='ocrx_word' id='word_1_460' title='bbox 2780 1988 3082 2050; x_wconf 89' lang='lat' dir='ltr'><strong>incidisset,</strong></span> <span class='ocrx_word' id='word_1_461' title='bbox 3121 1988 3173 2041; x_wconf 92' lang='lat' dir='ltr'><strong>in</strong></span> <span class='ocrx_word' id='word_1_462' title='bbox 3215 1988 3384 2042; x_wconf 70' lang='lat' dir='ltr'><strong>urina:</strong></span> <span class='ocrx_word' id='word_1_463' title='bbox 3430 1988 3597 2042; x_wconf 86' lang='lat' dir='ltr'><strong>nimi-</strong></span> 
     </span>
    </p>
   </div>
   <div class='ocr_carea' id='block_1_65' title="bbox 2009 2078 3593 2144">
    <p class='ocr_par' dir='ltr' id='par_1_65' title="bbox 2009 2078 3593 2144">
     <span class='ocr_line' id='line_1_65' title="bbox 2009 2078 3593 2144; baseline -0.001 -12"><span class='ocrx_word' id='word_1_464' title='bbox 2009 2094 2128 2132; x_wconf 92' lang='lat' dir='ltr'><strong>rum</strong></span> <span class='ocrx_word' id='word_1_465' title='bbox 2161 2078 2519 2144; x_wconf 87' lang='lat' dir='ltr'><strong>stillicidium,</strong></span> <span class='ocrx_word' id='word_1_466' title='bbox 2551 2080 2848 2133; x_wconf 85' lang='lat' dir='ltr'><strong>senectutis</strong></span> <span class='ocrx_word' id='word_1_467' title='bbox 2877 2080 3155 2143; x_wconf 89' lang='lat' dir='ltr'><strong>comitem,</strong></span> <span class='ocrx_word' id='word_1_468' title='bbox 3187 2078 3239 2130; x_wconf 91' lang='lat' dir='ltr'><strong>in</strong></span> <span class='ocrx_word' id='word_1_469' title='bbox 3275 2078 3593 2132; x_wconf 87' lang='lat' dir='ltr'><strong>diuturnttm</strong></span> 
     </span>
    </p>
   </div>
   <div class='ocr_carea' id='block_1_66' title="bbox 2009 2170 3596 2239">
    <p class='ocr_par' dir='ltr' id='par_1_66' title="bbox 2009 2170 3596 2239">
     <span class='ocr_line' id='line_1_66' title="bbox 2009 2170 3596 2239; baseline -0.001 -17"><span class='ocrx_word' id='word_1_470' title='bbox 2009 2185 2282 2239; x_wconf 78' lang='lat' dir='ltr'><strong>graveque</strong></span> <span class='ocrx_word' id='word_1_471' title='bbox 2337 2172 2544 2224; x_wconf 91' lang='lat' dir='ltr'><strong>mentis</strong></span> <span class='ocrx_word' id='word_1_472' title='bbox 2573 2170 2859 2235; x_wconf 88' lang='lat' dir='ltr'><strong>delirium;</strong></span> <span class='ocrx_word' id='word_1_473' title='bbox 2892 2180 2949 2224; x_wconf 89' lang='lat' dir='ltr'><strong>ct</strong></span> <span class='ocrx_word' id='word_1_474' title='bbox 2981 2170 3265 2237; x_wconf 78' lang='lat' dir='ltr'><strong>sanguinis</strong></span> <span class='ocrx_word' id='word_1_475' title='bbox 3320 2186 3352 2223; x_wconf 88' lang='lat' dir='ltr'><strong>e</strong></span> <span class='ocrx_word' id='word_1_476' title='bbox 3404 2178 3596 2223; x_wconf 76' lang='lat' dir='ltr'><strong>ventre</strong></span> 
     </span>
    </p>
   </div>
   <div class='ocr_carea' id='block_1_67' title="bbox 2008 2262 3592 2333">
    <p class='ocr_par' dir='ltr' id='par_1_67' title="bbox 2008 2262 3592 2333">
     <span class='ocr_line' id='line_1_67' title="bbox 2008 2262 3592 2333; baseline 0 -16"><span class='ocrx_word' id='word_1_477' title='bbox 2008 2262 2237 2328; x_wconf 74' lang='lat' dir='ltr'><strong>ﬂuxum,</strong></span> <span class='ocrx_word' id='word_1_478' title='bbox 2296 2268 2621 2333; x_wconf 87' lang='lat' dir='ltr'><strong>morbosque</strong></span> <span class='ocrx_word' id='word_1_479' title='bbox 2654 2263 2789 2318; x_wconf 86' lang='lat' dir='ltr'><strong>alios</strong></span> <span class='ocrx_word' id='word_1_480' title='bbox 2823 2263 3279 2332; x_wconf 85' lang='lat' dir='ltr'><strong>quatnplurimos.</strong></span> <span class='ocrx_word' id='word_1_481' title='bbox 3316 2264 3592 2331; x_wconf 77' lang='lat' dir='ltr'><strong>Siquidem</strong></span> 
     </span>
    </p>
   </div>
   <div class='ocr_carea' id='block_1_68' title="bbox 2012 2355 3596 2424">
    <p class='ocr_par' dir='ltr' id='par_1_68' title="bbox 2012 2355 3596 2424">
     <span class='ocr_line' id='line_1_68' title="bbox 2012 2355 3596 2424; baseline 0.004 -17"><span class='ocrx_word' id='word_1_482' title='bbox 2012 2366 2192 2408; x_wconf 86' lang='lat' dir='ltr'><strong>autem</strong></span> <span class='ocrx_word' id='word_1_483' title='bbox 2245 2355 2331 2408; x_wconf 92' lang='lat' dir='ltr'><strong>his</strong></span> <span class='ocrx_word' id='word_1_484' title='bbox 2379 2356 2677 2424; x_wconf 81' lang='lat' dir='ltr'><strong>aliquando</strong></span> <span class='ocrx_word' id='word_1_485' title='bbox 2717 2356 2981 2411; x_wconf 85' lang='lat' dir='ltr'><strong>liberatus</strong></span> <span class='ocrx_word' id='word_1_486' title='bbox 3024 2368 3357 2423; x_wconf 85' lang='lat' dir='ltr'><strong>superesset,</strong></span> <span class='ocrx_word' id='word_1_487' title='bbox 3395 2367 3450 2412; x_wconf 92' lang='lat' dir='ltr'><strong>et</strong></span> <span class='ocrx_word' id='word_1_488' title='bbox 3494 2360 3596 2413; x_wconf 90' lang='lat' dir='ltr'><strong>hoc</strong></span> 
     </span>
    </p>
   </div>
   <div class='ocr_carea' id='block_1_69' title="bbox 2008 2446 3594 2519">
    <p class='ocr_par' dir='ltr' id='par_1_69' title="bbox 2008 2446 3594 2519">
     <span class='ocr_line' id='line_1_69' title="bbox 2008 2446 3594 2519; baseline 0.006 -23"><span class='ocrx_word' id='word_1_489' title='bbox 2008 2462 2146 2515; x_wconf 89' lang='lat' dir='ltr'><strong>opus</strong></span> <span class='ocrx_word' id='word_1_490' title='bbox 2191 2446 2256 2499; x_wconf 89' lang='lat' dir='ltr'><strong>ad</strong></span> <span class='ocrx_word' id='word_1_491' title='bbox 2317 2448 2520 2500; x_wconf 69' lang='lat' dir='ltr'><strong>exitum</strong></span> <span class='ocrx_word' id='word_1_492' title='bbox 2569 2449 2926 2502; x_wconf 89' lang='lat' dir='ltr'><strong>adducturum</strong></span> <span class='ocrx_word' id='word_1_493' title='bbox 2975 2464 3035 2505; x_wconf 89' lang='lat' dir='ltr'><strong>se</strong></span> <span class='ocrx_word' id='word_1_494' title='bbox 3083 2451 3389 2519; x_wconf 85' lang='lat' dir='ltr'><strong>pollicetur,</strong></span> <span class='ocrx_word' id='word_1_495' title='bbox 3446 2462 3501 2506; x_wconf 89' lang='lat' dir='ltr'><strong>et</strong></span> <span class='ocrx_word' id='word_1_496' title='bbox 3547 2452 3594 2505; x_wconf 89' lang='lat' dir='ltr'><strong>si</strong></span> 
     </span>
    </p>
   </div>
   <div class='ocr_carea' id='block_1_70' title="bbox 2009 2534 3599 2609">
    <p class='ocr_par' dir='ltr' id='par_1_70' title="bbox 2009 2534 3599 2609">
     <span class='ocr_line' id='line_1_70' title="bbox 2009 2534 3599 2609; baseline 0.006 -22"><span class='ocrx_word' id='word_1_497' title='bbox 2009 2536 2137 2604; x_wconf 90' lang='lat' dir='ltr'><strong>quid</strong></span> <span class='ocrx_word' id='word_1_498' title='bbox 2181 2534 2322 2589; x_wconf 78' lang='lat' dir='ltr'><strong>forte</strong></span> <span class='ocrx_word' id='word_1_499' title='bbox 2350 2535 2493 2589; x_wconf 86' lang='lat' dir='ltr'><strong>aliud</strong></span> <span class='ocrx_word' id='word_1_500' title='bbox 2552 2535 2668 2603; x_wconf 85' lang='lat' dir='ltr'><strong>ipse</strong></span> <span class='ocrx_word' id='word_1_501' title='bbox 2691 2537 2881 2604; x_wconf 85' lang='lat' dir='ltr'><strong>jubeat</strong></span> <span class='ocrx_word' id='word_1_502' title='bbox 2937 2536 3007 2591; x_wconf 89' lang='lat' dir='ltr'><strong>ab</strong></span> <span class='ocrx_word' id='word_1_503' title='bbox 3064 2537 3289 2593; x_wconf 87' lang='lat' dir='ltr'><strong>honesta</strong></span> <span class='ocrx_word' id='word_1_504' title='bbox 3328 2540 3599 2609; x_wconf 89' lang='lat' dir='ltr'><strong>doctaque</strong></span> 
     </span>
    </p>
   </div>
   <div class='ocr_carea' id='block_1_71' title="bbox 2008 2625 3598 2699">
    <p class='ocr_par' dir='ltr' id='par_1_71' title="bbox 2008 2625 3598 2699">
     <span class='ocr_line' id='line_1_71' title="bbox 2008 2625 3598 2699; baseline 0.004 -19"><span class='ocrx_word' id='word_1_505' title='bbox 2008 2625 2251 2681; x_wconf 89' lang='lat' dir='ltr'><strong>novitate</strong></span> <span class='ocrx_word' id='word_1_506' title='bbox 2291 2642 2395 2681; x_wconf 92' lang='lat' dir='ltr'><strong>non</strong></span> <span class='ocrx_word' id='word_1_507' title='bbox 2445 2628 2703 2683; x_wconf 84' lang='lat' dir='ltr'><strong>alienum.</strong></span> <span class='ocrx_word' id='word_1_508' title='bbox 2777 2628 2973 2699; x_wconf 77' lang='lat' dir='ltr'><strong>101a</strong></span> <span class='ocrx_word' id='word_1_509' title='bbox 3024 2628 3095 2684; x_wconf 83' lang='lat' dir='ltr'><strong>At</strong></span> <span class='ocrx_word' id='word_1_510' title='bbox 3125 2642 3339 2685; x_wconf 80' lang='lat' dir='ltr'><strong>sextum</strong></span> <span class='ocrx_word' id='word_1_511' title='bbox 3393 2633 3598 2687; x_wconf 86' lang='lat' dir='ltr'><strong>nihilo-</strong></span> 
     </span>
    </p>
   </div>
   <div class='ocr_carea' id='block_1_72' title="bbox 2010 2719 3594 2792">
    <p class='ocr_par' dir='ltr' id='par_1_72' title="bbox 2010 2719 3594 2792">
     <span class='ocr_line' id='line_1_72' title="bbox 2010 2719 3594 2792; baseline 0.004 -20"><span class='ocrx_word' id='word_1_512' title='bbox 2010 2720 2189 2775; x_wconf 89' lang='lat' dir='ltr'><strong>minus</strong></span> <span class='ocrx_word' id='word_1_513' title='bbox 2243 2719 2439 2774; x_wconf 90' lang='lat' dir='ltr'><strong>librum</strong></span> <span class='ocrx_word' id='word_1_514' title='bbox 2492 2721 2753 2776; x_wconf 85' lang='lat' dir='ltr'><strong>rhetorici</strong></span> <span class='ocrx_word' id='word_1_515' title='bbox 2807 2724 2966 2789; x_wconf 63' lang='lat' dir='ltr'><strong>huius</strong></span> <span class='ocrx_word' id='word_1_516' title='bbox 3023 2732 3355 2792; x_wconf 86' lang='lat' dir='ltr'><strong>apparatus,</strong></span> <span class='ocrx_word' id='word_1_517' title='bbox 3397 2724 3594 2781; x_wconf 87' lang='lat' dir='ltr'><strong>iterum</strong></span> 
     </span>
    </p>
   </div>
   <div class='ocr_carea' id='block_1_73' title="bbox 2009 2811 2920 2872">
    <p class='ocr_par' dir='ltr' id='par_1_73' title="bbox 2009 2811 2920 2872">
     <span class='ocr_line' id='line_1_73' title="bbox 2009 2811 2920 2872; baseline 0.003 -6"><span class='ocrx_word' id='word_1_518' title='bbox 2009 2811 2098 2867; x_wconf 87' lang='lat' dir='ltr'><strong>alii</strong></span> <span class='ocrx_word' id='word_1_519' title='bbox 2136 2813 2352 2870; x_wconf 79' lang='lat' dir='ltr'><strong>cuidam</strong></span> <span class='ocrx_word' id='word_1_520' title='bbox 2389 2814 2650 2871; x_wconf 88' lang='lat' dir='ltr'><strong>Tiberino</strong></span> <span class='ocrx_word' id='word_1_521' title='bbox 2687 2817 2920 2872; x_wconf 83' lang='lat' dir='ltr'><strong>dedicat.</strong></span> 
     </span>
    </p>
   </div>
   <div class='ocr_carea' id='block_1_74' title="bbox 2081 3000 3601 3072">
    <p class='ocr_par' dir='ltr' id='par_1_74' title="bbox 2081 3000 3601 3072">
     <span class='ocr_line' id='line_1_74' title="bbox 2081 3000 3601 3072; baseline 0.002 -15"><span class='ocrx_word' id='word_1_522' title='bbox 2081 3000 2155 3057; x_wconf 87' lang='lat' dir='ltr'><strong>Ut</strong></span> <span class='ocrx_word' id='word_1_523' title='bbox 2201 3011 2257 3056; x_wconf 90' lang='lat' dir='ltr'><strong>et</strong></span> <span class='ocrx_word' id='word_1_524' title='bbox 2284 3000 2573 3070; x_wconf 90' lang='lat' dir='ltr'><strong>septimum</strong></span> <span class='ocrx_word' id='word_1_525' title='bbox 2613 3000 2766 3059; x_wconf 84' lang='lat' dir='ltr'><strong>alteri</strong></span> <span class='ocrx_word' id='word_1_526' title='bbox 2800 3000 3134 3072; x_wconf 83' lang='lat' dir='ltr'><strong>Menophilo,</strong></span> <span class='ocrx_word' id='word_1_527' title='bbox 3165 3017 3326 3072; x_wconf 89' lang='lat' dir='ltr'><strong>quem</strong></span> <span class='ocrx_word' id='word_1_528' title='bbox 3355 3004 3421 3059; x_wconf 90' lang='lat' dir='ltr'><strong>ad</strong></span> <span class='ocrx_word' id='word_1_529' title='bbox 3452 3020 3601 3060; x_wconf 83' lang='lat' dir='ltr'><strong>sum-</strong></span> 
     </span>
    </p>
   </div>
   <div class='ocr_carea' id='block_1_75' title="bbox 2013 3091 3603 3163">
    <p class='ocr_par' dir='ltr' id='par_1_75' title="bbox 2013 3091 3603 3163">
     <span class='ocr_line' id='line_1_75' title="bbox 2013 3091 3603 3163; baseline 0.005 -19"><span class='ocrx_word' id='word_1_530' title='bbox 2013 3108 2156 3144; x_wconf 78' lang='lat' dir='ltr'><strong>murn</strong></span> <span class='ocrx_word' id='word_1_531' title='bbox 2199 3093 2524 3147; x_wconf 89' lang='lat' dir='ltr'><strong>eruditionis</strong></span> <span class='ocrx_word' id='word_1_532' title='bbox 2550 3091 2762 3146; x_wconf 89' lang='lat' dir='ltr'><strong>culmen</strong></span> <span class='ocrx_word' id='word_1_533' title='bbox 2812 3094 3125 3162; x_wconf 80' lang='lat' dir='ltr'><strong>pervenisse</strong></span> <span class='ocrx_word' id='word_1_534' title='bbox 3151 3095 3245 3160; x_wconf 90' lang='lat' dir='ltr'><strong>ait,</strong></span> <span class='ocrx_word' id='word_1_535' title='bbox 3279 3105 3334 3149; x_wconf 89' lang='lat' dir='ltr'><strong>et</strong></span> <span class='ocrx_word' id='word_1_536' title='bbox 3361 3096 3603 3163; x_wconf 68' lang='lat' dir='ltr'><strong>integras</strong></span> 
     </span>
    </p>
   </div>
   <div class='ocr_carea' id='block_1_76' title="bbox 2011 3183 3600 3257">
    <p class='ocr_par' dir='ltr' id='par_1_76' title="bbox 2011 3183 3600 3257">
     <span class='ocr_line' id='line_1_76' title="bbox 2011 3183 3600 3257; baseline 0.004 -21"><span class='ocrx_word' id='word_1_537' title='bbox 2011 3184 2174 3237; x_wconf 86' lang='lat' dir='ltr'><strong>etiam</strong></span> <span class='ocrx_word' id='word_1_538' title='bbox 2218 3183 2470 3253; x_wconf 92' lang='lat' dir='ltr'><strong>loquendi</strong></span> <span class='ocrx_word' id='word_1_539' title='bbox 2514 3183 2779 3240; x_wconf 78' lang='lat' dir='ltr'><strong>formulas</strong></span> <span class='ocrx_word' id='word_1_540' title='bbox 2817 3187 3211 3254; x_wconf 85' lang='lat' dir='ltr'><strong>suppeditasse,</strong></span> <span class='ocrx_word' id='word_1_541' title='bbox 3264 3203 3369 3241; x_wconf 90' lang='lat' dir='ltr'><strong>non</strong></span> <span class='ocrx_word' id='word_1_542' title='bbox 3411 3204 3600 3257; x_wconf 84' lang='lat' dir='ltr'><strong>parum</strong></span> 
     </span>
    </p>
   </div>
   <div class='ocr_carea' id='block_1_77' title="bbox 2012 3272 3603 3350">
    <p class='ocr_par' dir='ltr' id='par_1_77' title="bbox 2012 3272 3603 3350">
     <span class='ocr_line' id='line_1_77' title="bbox 2012 3272 3603 3350; baseline 0.003 -20"><span class='ocrx_word' id='word_1_543' title='bbox 2012 3279 2327 3346; x_wconf 78' lang='lat' dir='ltr'><strong>profuturas</strong></span> <span class='ocrx_word' id='word_1_544' title='bbox 2375 3278 2443 3332; x_wconf 92' lang='lat' dir='ltr'><strong>ad</strong></span> <span class='ocrx_word' id='word_1_545' title='bbox 2493 3292 2557 3333; x_wconf 92' lang='lat' dir='ltr'><strong>ea</strong></span> <span class='ocrx_word' id='word_1_546' title='bbox 2612 3278 3037 3346; x_wconf 86' lang='lat' dir='ltr'><strong>comprobanda,</strong></span> <span class='ocrx_word' id='word_1_547' title='bbox 3086 3294 3208 3347; x_wconf 71' lang='lat' dir='ltr'><strong>qua:</strong></span> <span class='ocrx_word' id='word_1_548' title='bbox 3248 3272 3404 3335; x_wconf 83' lang='lat' dir='ltr'><strong>sexto</strong></span> <span class='ocrx_word' id='word_1_549' title='bbox 3443 3280 3603 3350; x_wconf 90' lang='lat' dir='ltr'><strong>hujus</strong></span> 
     </span>
    </p>
   </div>
   <div class='ocr_carea' id='block_1_78' title="bbox 2012 3369 3604 3443">
    <p class='ocr_par' dir='ltr' id='par_1_78' title="bbox 2012 3369 3604 3443">
     <span class='ocr_line' id='line_1_78' title="bbox 2012 3369 3604 3443; baseline 0.001 -17"><span class='ocrx_word' id='word_1_550' title='bbox 2012 3369 2253 3426; x_wconf 81' lang='lat' dir='ltr'><strong>Oratorii</strong></span> <span class='ocrx_word' id='word_1_551' title='bbox 2287 3372 2590 3439; x_wconf 84' lang='lat' dir='ltr'><strong>Apparatus</strong></span> <span class='ocrx_word' id='word_1_552' title='bbox 2613 3369 2752 3424; x_wconf 89' lang='lat' dir='ltr'><strong>libro</strong></span> <span class='ocrx_word' id='word_1_553' title='bbox 2780 3370 3084 3425; x_wconf 88' lang='lat' dir='ltr'><strong>traduntur.</strong></span> <span class='ocrx_word' id='word_1_554' title='bbox 3137 3371 3423 3427; x_wconf 81' lang='lat' dir='ltr'><strong>Exhortari</strong></span> <span class='ocrx_word' id='word_1_555' title='bbox 3473 3389 3604 3443; x_wconf 74' lang='lat' dir='ltr'><strong>ergo</strong></span> 
     </span>
    </p>
   </div>
   <div class='ocr_carea' id='block_1_79' title="bbox 2007 3461 3603 3533">
    <p class='ocr_par' dir='ltr' id='par_1_79' title="bbox 2007 3461 3603 3533">
     <span class='ocr_line' id='line_1_79' title="bbox 2007 3461 3603 3533; baseline 0.002 -16"><span class='ocrx_word' id='word_1_556' title='bbox 2007 3465 2169 3517; x_wconf 88' lang='lat' dir='ltr'><strong>etiam</strong></span> <span class='ocrx_word' id='word_1_557' title='bbox 2197 3463 2339 3515; x_wconf 93' lang='lat' dir='ltr'><strong>hunc</strong></span> <span class='ocrx_word' id='word_1_558' title='bbox 2367 3464 2433 3516; x_wconf 88' lang='lat' dir='ltr'><strong>ad</strong></span> <span class='ocrx_word' id='word_1_559' title='bbox 2464 3479 2622 3517; x_wconf 87' lang='lat' dir='ltr'><strong>voces</strong></span> <span class='ocrx_word' id='word_1_560' title='bbox 2655 3461 2956 3530; x_wconf 87' lang='lat' dir='ltr'><strong>hujnsmodi</strong></span> <span class='ocrx_word' id='word_1_561' title='bbox 2984 3464 3411 3533; x_wconf 89' lang='lat' dir='ltr'><strong>quamplurimas</strong></span> <span class='ocrx_word' id='word_1_562' title='bbox 3463 3469 3603 3521; x_wconf 81' lang='lat' dir='ltr'><strong>scri-</strong></span> 
     </span>
    </p>
   </div>
   <div class='ocr_carea' id='block_1_80' title="bbox 2009 3553 3599 3622">
    <p class='ocr_par' dir='ltr' id='par_1_80' title="bbox 2009 3553 3599 3622">
     <span class='ocr_line' id='line_1_80' title="bbox 2009 3553 3599 3622; baseline 0.005 -19"><span class='ocrx_word' id='word_1_563' title='bbox 2009 3554 2117 3622; x_wconf 88' lang='lat' dir='ltr'><strong>ptis</strong></span> <span class='ocrx_word' id='word_1_564' title='bbox 2142 3553 2571 3621; x_wconf 73' lang='lat' dir='ltr'><strong>amplificaudas.</strong></span> <span class='ocrx_word' id='word_1_565' title='bbox 2593 3553 2857 3606; x_wconf 77' lang='lat' dir='ltr'><strong>Octavum</strong></span> <span class='ocrx_word' id='word_1_566' title='bbox 2884 3567 3100 3607; x_wconf 87' lang='lat' dir='ltr'><strong>rursum</strong></span> <span class='ocrx_word' id='word_1_567' title='bbox 3122 3555 3339 3609; x_wconf 83' lang='lat' dir='ltr'><strong>.luliano</strong></span> <span class='ocrx_word' id='word_1_568' title='bbox 3366 3557 3599 3621; x_wconf 79' lang='lat' dir='ltr'><strong>dedicat,</strong></span> 
     </span>
    </p>
   </div>
   <div class='ocr_carea' id='block_1_81' title="bbox 2011 3642 3604 3713">
    <p class='ocr_par' dir='ltr' id='par_1_81' title="bbox 2011 3642 3604 3713">
     <span class='ocr_line' id='line_1_81' title="bbox 2011 3642 3604 3713; baseline 0.004 -17"><span class='ocrx_word' id='word_1_569' title='bbox 2011 3652 2276 3713; x_wconf 81' lang='lat' dir='ltr'><strong>rogatque</strong></span> <span class='ocrx_word' id='word_1_570' title='bbox 2309 3642 2355 3696; x_wconf 92' lang='lat' dir='ltr'><strong>si</strong></span> <span class='ocrx_word' id='word_1_571' title='bbox 2394 3644 2521 3710; x_wconf 87' lang='lat' dir='ltr'><strong>quid</strong></span> <span class='ocrx_word' id='word_1_572' title='bbox 2563 3643 2741 3698; x_wconf 92' lang='lat' dir='ltr'><strong>minus</strong></span> <span class='ocrx_word' id='word_1_573' title='bbox 2784 3643 3085 3713; x_wconf 80' lang='lat' dir='ltr'><strong>perfectum</strong></span> <span class='ocrx_word' id='word_1_574' title='bbox 3114 3646 3379 3701; x_wconf 80' lang='lat' dir='ltr'><strong>exciderit</strong></span> <span class='ocrx_word' id='word_1_575' title='bbox 3413 3650 3604 3703; x_wconf 84' lang='lat' dir='ltr'><strong>morbo</strong></span> 
     </span>
    </p>
   </div>
   <div class='ocr_carea' id='block_1_82' title="bbox 2010 3736 3605 3807">
    <p class='ocr_par' dir='ltr' id='par_1_82' title="bbox 2010 3736 3605 3807">
     <span class='ocr_line' id='line_1_82' title="bbox 2010 3736 3605 3807; baseline 0.005 -18"><span class='ocrx_word' id='word_1_576' title='bbox 2010 3736 2305 3799; x_wconf 84' lang='lat' dir='ltr'><strong>laboranti,</strong></span> <span class='ocrx_word' id='word_1_577' title='bbox 2356 3737 2633 3804; x_wconf 87' lang='lat' dir='ltr'><strong>corrigere</strong></span> <span class='ocrx_word' id='word_1_578' title='bbox 2683 3752 2753 3791; x_wconf 92' lang='lat' dir='ltr'><strong>ne</strong></span> <span class='ocrx_word' id='word_1_579' title='bbox 2804 3748 3079 3807; x_wconf 83' lang='lat' dir='ltr'><strong>gravetur.</strong></span> <span class='ocrx_word' id='word_1_580' title='bbox 3133 3738 3345 3794; x_wconf 82' lang='lat' dir='ltr'><strong>Nouum</strong></span> <span class='ocrx_word' id='word_1_581' title='bbox 3389 3740 3605 3798; x_wconf 80' lang='lat' dir='ltr'><strong>Rnliino</strong></span> 
     </span>
    </p>
   </div>
   <div class='ocr_carea' id='block_1_83' title="bbox 2009 3827 3602 3902">
    <p class='ocr_par' dir='ltr' id='par_1_83' title="bbox 2009 3827 3602 3902">
     <span class='ocr_line' id='line_1_83' title="bbox 2009 3827 3602 3902; baseline 0.006 -21"><span class='ocrx_word' id='word_1_582' title='bbox 2009 3827 2339 3894; x_wconf 86' lang='lat' dir='ltr'><strong>inscribens,</strong></span> <span class='ocrx_word' id='word_1_583' title='bbox 2386 3828 2708 3883; x_wconf 85' lang='lat' dir='ltr'><strong>Aristoclctn</strong></span> <span class='ocrx_word' id='word_1_584' title='bbox 2739 3830 2817 3882; x_wconf 89' lang='lat' dir='ltr'><strong>ait</strong></span> <span class='ocrx_word' id='word_1_585' title='bbox 2868 3830 2992 3884; x_wconf 89' lang='lat' dir='ltr'><strong>huic</strong></span> <span class='ocrx_word' id='word_1_586' title='bbox 3049 3844 3268 3885; x_wconf 85' lang='lat' dir='ltr'><strong>causam</strong></span> <span class='ocrx_word' id='word_1_587' title='bbox 3318 3835 3602 3902; x_wconf 85' lang='lat' dir='ltr'><strong>scriptioni</strong></span> 
     </span>
    </p>
   </div>
   <div class='ocr_carea' id='block_1_84' title="bbox 2010 3923 3601 3991">
    <p class='ocr_par' dir='ltr' id='par_1_84' title="bbox 2010 3923 3601 3991">
     <span class='ocr_line' id='line_1_84' title="bbox 2010 3923 3601 3991; baseline 0.001 -14"><span class='ocrx_word' id='word_1_588' title='bbox 2010 3923 2221 3977; x_wconf 58' lang='lat' dir='ltr'><strong>dedisse</strong></span> <span class='ocrx_word' id='word_1_589' title='bbox 2253 3942 2268 3989; x_wconf 89' lang='lat'><strong>;</strong></span> <span class='ocrx_word' id='word_1_590' title='bbox 2310 3924 2452 3991; x_wconf 91' lang='lat' dir='ltr'><strong>quod</strong></span> <span class='ocrx_word' id='word_1_591' title='bbox 2482 3933 2661 3976; x_wconf 92' lang='lat' dir='ltr'><strong>autem</strong></span> <span class='ocrx_word' id='word_1_592' title='bbox 2693 3924 2761 3976; x_wconf 90' lang='lat' dir='ltr'><strong>ad</strong></span> <span class='ocrx_word' id='word_1_593' title='bbox 2800 3924 2963 3979; x_wconf 88' lang='lat' dir='ltr'><strong>linem</strong></span> <span class='ocrx_word' id='word_1_594' title='bbox 2998 3924 3186 3979; x_wconf 86' lang='lat' dir='ltr'><strong>eadem</strong></span> <span class='ocrx_word' id='word_1_595' title='bbox 3233 3926 3464 3981; x_wconf 86' lang='lat' dir='ltr'><strong>deducta</strong></span> <span class='ocrx_word' id='word_1_596' title='bbox 3507 3930 3601 3991; x_wconf 86' lang='lat' dir='ltr'><strong>sit,</strong></span> 
     </span>
    </p>
   </div>
   <div class='ocr_carea' id='block_1_85' title="bbox 2010 4014 3605 4086">
    <p class='ocr_par' dir='ltr' id='par_1_85' title="bbox 2010 4014 3605 4086">
     <span class='ocr_line' id='line_1_85' title="bbox 2010 4014 3605 4086; baseline 0.002 -16"><span class='ocrx_word' id='word_1_597' title='bbox 2010 4015 2183 4083; x_wconf 88' lang='lat' dir='ltr'><strong>ipsum</strong></span> <span class='ocrx_word' id='word_1_598' title='bbox 2240 4025 2516 4069; x_wconf 87' lang='lat' dir='ltr'><strong>auctorem</strong></span> <span class='ocrx_word' id='word_1_599' title='bbox 2560 4014 2799 4069; x_wconf 74' lang='lat' dir='ltr'><strong>futurum</strong></span> <span class='ocrx_word' id='word_1_600' title='bbox 2835 4033 2851 4081; x_wconf 89' lang='lat'><strong>;</strong></span> <span class='ocrx_word' id='word_1_601' title='bbox 2903 4024 3188 4085; x_wconf 81' lang='lat' dir='ltr'><strong>propterea</strong></span> <span class='ocrx_word' id='word_1_602' title='bbox 3235 4019 3377 4086; x_wconf 91' lang='lat' dir='ltr'><strong>quod</strong></span> <span class='ocrx_word' id='word_1_603' title='bbox 3413 4028 3605 4073; x_wconf 82' lang='lat' dir='ltr'><strong>nactus</strong></span> 
     </span>
    </p>
   </div>
   <div class='ocr_carea' id='block_1_86' title="bbox 2007 4109 3603 4177">
    <p class='ocr_par' dir='ltr' id='par_1_86' title="bbox 2007 4109 3603 4177">
     <span class='ocr_line' id='line_1_86' title="bbox 2007 4109 3603 4177; baseline 0.002 -15"><span class='ocrx_word' id='word_1_604' title='bbox 2007 4123 2071 4162; x_wconf 88' lang='lat' dir='ltr'><strong>ea</strong></span> <span class='ocrx_word' id='word_1_605' title='bbox 2104 4124 2224 4177; x_wconf 69' lang='lat' dir='ltr'><strong>quae</strong></span> <span class='ocrx_word' id='word_1_606' title='bbox 2264 4110 2527 4163; x_wconf 88' lang='lat' dir='ltr'><strong>hactenus</strong></span> <span class='ocrx_word' id='word_1_607' title='bbox 2564 4120 2723 4162; x_wconf 89' lang='lat' dir='ltr'><strong>erant</strong></span> <span class='ocrx_word' id='word_1_608' title='bbox 2761 4109 2930 4171; x_wconf 85' lang='lat' dir='ltr'><strong>edita,</strong></span> <span class='ocrx_word' id='word_1_609' title='bbox 2963 4118 3019 4164; x_wconf 89' lang='lat' dir='ltr'><strong>et</strong></span> <span class='ocrx_word' id='word_1_610' title='bbox 3072 4112 3361 4166; x_wconf 81' lang='lat' dir='ltr'><strong>utilitatem</strong></span> <span class='ocrx_word' id='word_1_611' title='bbox 3413 4127 3603 4166; x_wconf 86' lang='lat' dir='ltr'><strong>eorum</strong></span> 
     </span>
    </p>
   </div>
   <div class='ocr_carea' id='block_1_87' title="bbox 2011 4202 3602 4275">
    <p class='ocr_par' dir='ltr' id='par_1_87' title="bbox 2011 4202 3602 4275">
     <span class='ocr_line' id='line_1_87' title="bbox 2011 4202 3602 4275; baseline 0.003 -20"><span class='ocrx_word' id='word_1_612' title='bbox 2011 4203 2313 4270; x_wconf 79' lang='lat' dir='ltr'><strong>agnoverit,</strong></span> <span class='ocrx_word' id='word_1_613' title='bbox 2344 4212 2399 4255; x_wconf 89' lang='lat' dir='ltr'><strong>et</strong></span> <span class='ocrx_word' id='word_1_614' title='bbox 2430 4202 2671 4256; x_wconf 87' lang='lat' dir='ltr'><strong>laborem</strong></span> <span class='ocrx_word' id='word_1_615' title='bbox 2713 4203 3040 4270; x_wconf 89' lang='lat' dir='ltr'><strong>probaverit.</strong></span> <span class='ocrx_word' id='word_1_616' title='bbox 3081 4202 3359 4263; x_wconf 90' lang='lat' dir='ltr'><strong>Decimum</strong></span> <span class='ocrx_word' id='word_1_617' title='bbox 3413 4222 3602 4275; x_wconf 90' lang='lat' dir='ltr'><strong>porro,</strong></span> 
     </span>
    </p>
   </div>
   <div class='ocr_carea' id='block_1_88' title="bbox 2010 4294 3605 4366">
    <p class='ocr_par' dir='ltr' id='par_1_88' title="bbox 2010 4294 3605 4366">
     <span class='ocr_line' id='line_1_88' title="bbox 2010 4294 3605 4366; baseline 0.008 -22"><span class='ocrx_word' id='word_1_618' title='bbox 2010 4294 2176 4363; x_wconf 73' lang='lat' dir='ltr'><strong>gradu</strong></span> <span class='ocrx_word' id='word_1_619' title='bbox 2214 4294 2404 4347; x_wconf 90' lang='lat' dir='ltr'><strong>iterum</strong></span> <span class='ocrx_word' id='word_1_620' title='bbox 2437 4296 2679 4356; x_wconf 89' lang='lat' dir='ltr'><strong>reducto,</strong></span> <span class='ocrx_word' id='word_1_621' title='bbox 2698 4301 2764 4350; x_wconf 89' lang='lat' dir='ltr'><strong>ad</strong></span> <span class='ocrx_word' id='word_1_622' title='bbox 2779 4296 3103 4351; x_wconf 87' lang='lat' dir='ltr'><strong>Aristoclem</strong></span> <span class='ocrx_word' id='word_1_623' title='bbox 3131 4298 3315 4352; x_wconf 81' lang='lat' dir='ltr'><strong>refert.</strong></span> <span class='ocrx_word' id='word_1_624' title='bbox 3355 4298 3605 4366; x_wconf 82' lang='lat' dir='ltr'><strong>Sequens</strong></span> 
     </span>
    </p>
   </div>
   <div class='ocr_carea' id='block_1_89' title="bbox 2008 4384 3603 4454">
    <p class='ocr_par' dir='ltr' id='par_1_89' title="bbox 2008 4384 3603 4454">
     <span class='ocr_line' id='line_1_89' title="bbox 2008 4384 3603 4454; baseline 0.007 -17"><span class='ocrx_word' id='word_1_625' title='bbox 2008 4401 2227 4454; x_wconf 90' lang='lat' dir='ltr'><strong>quoque</strong></span> <span class='ocrx_word' id='word_1_626' title='bbox 2260 4384 2552 4441; x_wconf 87' lang='lat' dir='ltr'><strong>Menodoro</strong></span> <span class='ocrx_word' id='word_1_627' title='bbox 2588 4402 2803 4442; x_wconf 86' lang='lat' dir='ltr'><strong>rursum</strong></span> <span class='ocrx_word' id='word_1_628' title='bbox 2858 4388 3130 4444; x_wconf 64' lang='lat' dir='ltr'><strong>offertur:</strong></span> <span class='ocrx_word' id='word_1_629' title='bbox 3185 4392 3272 4445; x_wconf 88' lang='lat' dir='ltr'><strong>ubi</strong></span> <span class='ocrx_word' id='word_1_630' title='bbox 3307 4402 3359 4446; x_wconf 75' lang='lat' dir='ltr'><strong>rt</strong></span> <span class='ocrx_word' id='word_1_631' title='bbox 3392 4394 3442 4447; x_wconf 91' lang='lat' dir='ltr'><strong>in</strong></span> <span class='ocrx_word' id='word_1_632' title='bbox 3477 4396 3603 4448; x_wconf 83' lang='lat' dir='ltr'><strong>Ari-</strong></span> 
     </span>
    </p>
   </div>
   <div class='ocr_carea' id='block_1_90' title="bbox 2008 4480 3609 4552">
    <p class='ocr_par' dir='ltr' id='par_1_90' title="bbox 2008 4480 3609 4552">
     <span class='ocr_line' id='line_1_90' title="bbox 2008 4480 3609 4552; baseline 0.005 -18"><span class='ocrx_word' id='word_1_633' title='bbox 2008 4480 2164 4534; x_wconf 65' lang='lat' dir='ltr'><strong>stidae</strong></span> <span class='ocrx_word' id='word_1_634' title='bbox 2185 4481 2348 4533; x_wconf 87' lang='lat' dir='ltr'><strong>etiam</strong></span> <span class='ocrx_word' id='word_1_635' title='bbox 2380 4489 2490 4533; x_wconf 88' lang='lat' dir='ltr'><strong>tttm</strong></span> <span class='ocrx_word' id='word_1_636' title='bbox 2516 4481 2747 4550; x_wconf 79' lang='lat' dir='ltr'><strong>vigentis</strong></span> <span class='ocrx_word' id='word_1_637' title='bbox 2768 4482 3041 4537; x_wconf 88' lang='lat' dir='ltr'><strong>orationes</strong></span> <span class='ocrx_word' id='word_1_638' title='bbox 3064 4481 3180 4552; x_wconf 68' lang='grc'>(46)</span> <span class='ocrx_word' id='word_1_639' title='bbox 3200 4498 3322 4538; x_wconf 88' lang='lat' dir='ltr'><strong>sese</strong></span> <span class='ocrx_word' id='word_1_640' title='bbox 3347 4486 3609 4542; x_wconf 89' lang='lat' dir='ltr'><strong>incidisse</strong></span> 
     </span>
    </p>
   </div>
   <div class='ocr_carea' id='block_1_91' title="bbox 303 4572 1907 4653">
    <p class='ocr_par' dir='ltr' id='par_1_91' title="bbox 303 4578 1903 4653">
     <span class='ocr_line' id='line_1_91' title="bbox 303 4578 1903 4653; baseline 0 -20"><span class='ocrx_word' id='word_1_641' title='bbox 303 4580 486 4633; x_wconf 73' lang='grc' dir='ltr'>πολὺν</span> <span class='ocrx_word' id='word_1_642' title='bbox 508 4578 602 4631; x_wconf 84' lang='grc' dir='ltr'>τοῦ</span> <span class='ocrx_word' id='word_1_643' title='bbox 627 4579 819 4651; x_wconf 81' lang='grc' dir='ltr'>ἀνδρὸς</span> <span class='ocrx_word' id='word_1_644' title='bbox 850 4579 1076 4633; x_wconf 81' lang='grc' dir='ltr'>ἔπαινον</span> <span class='ocrx_word' id='word_1_645' title='bbox 1131 4583 1395 4642; x_wconf 87' lang='grc' dir='ltr'>ποιεῖται,</span> <span class='ocrx_word' id='word_1_646' title='bbox 1433 4582 1529 4634; x_wconf 79' lang='grc' dir='ltr'><strong>καὶ</strong></span> <span class='ocrx_word' id='word_1_647' title='bbox 1581 4581 1903 4653; x_wconf 88' lang='grc' dir='ltr'>Μαρκιανόν</span> 
     </span>
    </p>
   </div>
   <div class='ocr_carea' id='block_1_92' title="bbox 2009 4572 3608 4653">
    <p class='ocr_par' dir='ltr' id='par_1_92' title="bbox 2010 4572 3608 4639">
     <span class='ocr_line' id='line_1_92' title="bbox 2010 4572 3608 4639; baseline 0.008 -14"><span class='ocrx_word' id='word_1_648' title='bbox 2010 4572 2260 4639; x_wconf 82' lang='lat' dir='ltr'><strong>atlirmat,</strong></span> <span class='ocrx_word' id='word_1_649' title='bbox 2291 4587 2355 4628; x_wconf 91' lang='lat' dir='ltr'><strong>ac</strong></span> <span class='ocrx_word' id='word_1_650' title='bbox 2380 4573 2556 4627; x_wconf 89' lang='lat' dir='ltr'><strong>virum</strong></span> <span class='ocrx_word' id='word_1_651' title='bbox 2594 4574 2846 4628; x_wconf 90' lang='lat' dir='ltr'><strong>laudibus</strong></span> <span class='ocrx_word' id='word_1_652' title='bbox 2876 4574 2928 4627; x_wconf 90' lang='lat' dir='ltr'><strong>in</strong></span> <span class='ocrx_word' id='word_1_653' title='bbox 2969 4576 3165 4630; x_wconf 73' lang='lat' dir='ltr'><strong>cadum</strong></span> <span class='ocrx_word' id='word_1_654' title='bbox 3215 4579 3373 4635; x_wconf 90' lang='lat' dir='ltr'><strong>tollit.</strong></span> <span class='ocrx_word' id='word_1_655' title='bbox 3419 4582 3608 4637; x_wconf 69' lang='lat' dir='ltr'><strong>Refert</strong></span> 
     </span>
    </p>
   </div>
   <div class='ocr_carea' id='block_1_93' title="bbox 306 4666 1904 4742">
    <p class='ocr_par' dir='ltr' id='par_1_93' title="bbox 306 4666 1904 4742">
     <span class='ocr_line' id='line_1_93' title="bbox 306 4666 1904 4742; baseline 0.006 -27"><span class='ocrx_word' id='word_1_656' title='bbox 306 4682 451 4736; x_wconf 73' lang='grc' dir='ltr'>φησι</span> <span class='ocrx_word' id='word_1_657' title='bbox 490 4666 584 4718; x_wconf 75' lang='grc' dir='ltr'><strong>τὸν</strong></span> <span class='ocrx_word' id='word_1_658' title='bbox 612 4667 917 4736; x_wconf 79' lang='grc' dir='ltr'>κριτικδν⁸¹</span> <span class='ocrx_word' id='word_1_659' title='bbox 950 4670 1276 4739; x_wconf 84' lang='grc' dir='ltr'>συγγραφέα</span> <span class='ocrx_word' id='word_1_660' title='bbox 1303 4670 1582 4742; x_wconf 83' lang='grc' dir='ltr'>ὑπερορᾷν</span> <span class='ocrx_word' id='word_1_661' title='bbox 1621 4671 1722 4741; x_wconf 84' lang='grc' dir='ltr'><strong>μὲν</strong></span> <span class='ocrx_word' id='word_1_662' title='bbox 1762 4671 1904 4725; x_wconf 86' lang='grc' dir='ltr'>Πλά-</span> 
     </span>
    </p>
   </div>
   <div class='ocr_carea' id='block_1_94' title="bbox 306 4758 1903 4834">
    <p class='ocr_par' dir='ltr' id='par_1_94' title="bbox 306 4758 1903 4834">
     <span class='ocr_line' id='line_1_94' title="bbox 306 4758 1903 4834; baseline 0.004 -25"><span class='ocrx_word' id='word_1_663' title='bbox 306 4775 481 4821; x_wconf 84' lang='grc' dir='ltr'>τωνος</span> <span class='ocrx_word' id='word_1_664' title='bbox 512 4758 607 4810; x_wconf 59' lang='grc' dir='ltr'><strong>καὶ⁴</strong></span> <span class='ocrx_word' id='word_1_665' title='bbox 635 4759 1038 4829; x_wconf 79' lang='grc' dir='ltr'>Δημοσθένους,</span> <span class='ocrx_word' id='word_1_666' title='bbox 1075 4764 1174 4823; x_wconf 78' lang='grc' dir='ltr'><strong>τὰς</strong></span> <span class='ocrx_word' id='word_1_667' title='bbox 1202 4762 1259 4814; x_wconf 83' lang='grc' dir='ltr'>δὲ</span> <span class='ocrx_word' id='word_1_668' title='bbox 1290 4761 1531 4834; x_wconf 85' lang='grc' dir='ltr'>Βρούτου</span> <span class='ocrx_word' id='word_1_669' title='bbox 1559 4762 1653 4815; x_wconf 77' lang='grc' dir='ltr'>τοῦ</span> <span class='ocrx_word' id='word_1_670' title='bbox 1698 4762 1903 4816; x_wconf 83' lang='grc' dir='ltr'>Ἰταλοῦ</span> 
     </span>
    </p>
   </div>
   <div class='ocr_carea' id='block_1_95' title="bbox 309 4848 1905 4925">
    <p class='ocr_par' dir='ltr' id='par_1_95' title="bbox 309 4848 1905 4925">
     <span class='ocr_line' id='line_1_95' title="bbox 309 4848 1905 4925; baseline 0.005 -25"><span class='ocrx_word' id='word_1_671' title='bbox 309 4848 611 4911; x_wconf 72' lang='grc' dir='ltr'>ἐπιστολὰς</span> <span class='ocrx_word' id='word_1_672' title='bbox 643 4852 969 4920; x_wconf 76' lang='grc' dir='ltr'>προκρίνειν</span> <span class='ocrx_word' id='word_1_673' title='bbox 989 4854 1085 4905; x_wconf 72' lang='grc' dir='ltr'><strong>καὶ</strong></span> <span class='ocrx_word' id='word_1_674' title='bbox 1116 4853 1321 4906; x_wconf 82' lang='grc' dir='ltr'>κανόνα</span> <span class='ocrx_word' id='word_1_675' title='bbox 1355 4855 1455 4921; x_wconf 76' lang='grc' dir='ltr'><strong>τῆς</strong></span> <span class='ocrx_word' id='word_1_676' title='bbox 1478 4855 1537 4906; x_wconf 82' lang='grc' dir='ltr'><strong>ἐν</strong></span> <span class='ocrx_word' id='word_1_677' title='bbox 1588 4853 1733 4925; x_wconf 83' lang='grc' dir='ltr'>λόγῳ</span> <span class='ocrx_word' id='word_1_678' title='bbox 1767 4855 1905 4924; x_wconf 86' lang='grc' dir='ltr'>ἀρε-</span> 
     </span>
    </p>
   </div>
   <div class='ocr_carea' id='block_1_96' title="bbox 306 4928 1906 5020">
    <p class='ocr_par' dir='ltr' id='par_1_96' title="bbox 306 4928 1906 5020">
     <span class='ocr_line' id='line_1_96' title="bbox 306 4928 1906 5020; baseline 0.006 -27"><span class='ocrx_word' id='word_1_679' title='bbox 306 4942 411 5012; x_wconf 84' lang='grc' dir='ltr'><strong>τῆς</strong></span> <span class='ocrx_word' id='word_1_680' title='bbox 423 4928 776 5012; x_wconf 55' lang='grc' dir='ltr'>ἀποφαίνεινξ</span> <span class='ocrx_word' id='word_1_681' title='bbox 801 4944 989 4997; x_wconf 78' lang='grc' dir='ltr'>Ταῦτα</span> <span class='ocrx_word' id='word_1_682' title='bbox 1012 4945 1070 4998; x_wconf 88' lang='grc' dir='ltr'>δὲ</span> <span class='ocrx_word' id='word_1_683' title='bbox 1087 4938 1245 5009; x_wconf 75' lang='grc' dir='ltr'>οὗτός</span> <span class='ocrx_word' id='word_1_684' title='bbox 1268 4964 1433 5017; x_wconf 89' lang='grc' dir='ltr'>φησιν</span> <span class='ocrx_word' id='word_1_685' title='bbox 1456 4948 1581 5020; x_wconf 67' lang='grc' dir='ltr'>οὐχ).</span> <span class='ocrx_word' id='word_1_686' title='bbox 1606 4951 1704 5019; x_wconf 82' lang='grc' dir='ltr'>τὴν</span> <span class='ocrx_word' id='word_1_687' title='bbox 1719 4949 1906 5004; x_wconf 84' lang='grc' dir='ltr'>τοιαύ-</span> 
     </span>
    </p>
   </div>
   <div class='ocr_carea' id='block_1_97' title="bbox 305 5036 1903 5113">
    <p class='ocr_par' dir='ltr' id='par_1_97' title="bbox 305 5036 1903 5113">
     <span class='ocr_line' id='line_1_97' title="bbox 305 5036 1903 5113; baseline 0.005 -24"><span class='ocrx_word' id='word_1_688' title='bbox 305 5055 410 5106; x_wconf 85' lang='grc' dir='ltr'><strong>την</strong></span> <span class='ocrx_word' id='word_1_689' title='bbox 452 5036 637 5107; x_wconf 81' lang='grc' dir='ltr'>κρίσιν</span> <span class='ocrx_word' id='word_1_690' title='bbox 661 5038 1092 5108; x_wconf 86' lang='grc' dir='ltr'>ἀποδεχόμενος,</span> <span class='ocrx_word' id='word_1_691' title='bbox 1128 5040 1246 5093; x_wconf 85' lang='grc' dir='ltr'>ἀλλ’</span> <span class='ocrx_word' id='word_1_692' title='bbox 1272 5042 1352 5105; x_wconf 87' lang='grc' dir='ltr'><strong>είς</strong></span> <span class='ocrx_word' id='word_1_693' title='bbox 1386 5042 1449 5095; x_wconf 85' lang='grc' dir='ltr'><strong>τὸ</strong></span> <span class='ocrx_word' id='word_1_694' title='bbox 1496 5042 1571 5113; x_wconf 83' lang='grc' dir='ltr'>μὴ</span> <span class='ocrx_word' id='word_1_695' title='bbox 1601 5042 1903 5109; x_wconf 77' lang='grc' dir='ltr'>θαυμάζειν</span> 
     </span>
    </p>
   </div>
   <div class='ocr_carea' id='block_1_98' title="bbox 306 5130 1901 5206">
    <p class='ocr_par' dir='ltr' id='par_1_98' title="bbox 306 5130 1901 5206">
     <span class='ocr_line' id='line_1_98' title="bbox 306 5130 1901 5206; baseline 0.004 -25"><span class='ocrx_word' id='word_1_696' title='bbox 306 5130 360 5183; x_wconf 76' lang='grc' dir='ltr'>εἰ</span> <span class='ocrx_word' id='word_1_697' title='bbox 379 5146 531 5192; x_wconf 85' lang='grc' dir='ltr'>τινες</span> <span class='ocrx_word' id='word_1_698' title='bbox 560 5130 656 5183; x_wconf 77' lang='grc' dir='ltr'>καὶ</span> <span class='ocrx_word' id='word_1_699' title='bbox 682 5131 781 5201; x_wconf 85' lang='grc' dir='ltr'><strong>τῆς</strong></span> <span class='ocrx_word' id='word_1_700' title='bbox 808 5130 1145 5203; x_wconf 86' lang='grc' dir='ltr'>Ἀριστείδου</span> <span class='ocrx_word' id='word_1_701' title='bbox 1173 5134 1335 5206; x_wconf 80' lang='grc' dir='ltr'>δόξης</span> <span class='ocrx_word' id='word_1_702' title='bbox 1366 5134 1632 5189; x_wconf 82' lang='grc' dir='ltr'>ἐλάττονα</span> <span class='ocrx_word' id='word_1_703' title='bbox 1682 5137 1774 5189; x_wconf 82' lang='grc' dir='ltr'><strong>τὸν</strong></span> <span class='ocrx_word' id='word_1_704' title='bbox 1808 5136 1901 5188; x_wconf 85' lang='grc' dir='ltr'><strong>ἄν-</strong></span> 
     </span>
    </p>
   </div>
   <div class='ocr_carea' id='block_1_99' title="bbox 2012 4666 3607 4743">
    <p class='ocr_par' dir='ltr' id='par_1_99' title="bbox 2012 4666 3607 4743">
     <span class='ocr_line' id='line_1_99' title="bbox 2012 4666 3607 4743; baseline 0.008 -22"><span class='ocrx_word' id='word_1_705' title='bbox 2012 4677 2068 4721; x_wconf 95' lang='lat' dir='ltr'><strong>et</strong></span> <span class='ocrx_word' id='word_1_706' title='bbox 2109 4666 2437 4721; x_wconf 83' lang='lat' dir='ltr'><strong>Marcianum</strong></span> <span class='ocrx_word' id='word_1_707' title='bbox 2475 4681 2599 4720; x_wconf 91' lang='lat' dir='ltr'><strong>eum</strong></span> <span class='ocrx_word' id='word_1_708' title='bbox 2628 4669 2718 4734; x_wconf 89' lang='lat' dir='ltr'><strong>qui</strong></span> <span class='ocrx_word' id='word_1_709' title='bbox 2755 4666 2955 4723; x_wconf 84' lang='lat' dir='ltr'><strong>Crilt&#39;ca</strong></span> <span class='ocrx_word' id='word_1_710' title='bbox 3001 4673 3349 4743; x_wconf 88' lang='lat' dir='ltr'><strong>conscripsit,</strong></span> <span class='ocrx_word' id='word_1_711' title='bbox 3381 4676 3607 4733; x_wconf 84' lang='lat' dir='ltr'><strong>Platone</strong></span> 
     </span>
    </p>
   </div>
   <div class='ocr_carea' id='block_1_100' title="bbox 2014 4760 3605 4838">
    <p class='ocr_par' dir='ltr' id='par_1_100' title="bbox 2014 4760 3605 4838">
     <span class='ocr_line' id='line_1_100' title="bbox 2014 4760 3605 4838; baseline 0.007 -25"><span class='ocrx_word' id='word_1_712' title='bbox 2014 4770 2176 4829; x_wconf 86' lang='lat' dir='ltr'><strong>atque</strong></span> <span class='ocrx_word' id='word_1_713' title='bbox 2225 4760 2587 4816; x_wconf 88' lang='lat' dir='ltr'><strong>Demosthene</strong></span> <span class='ocrx_word' id='word_1_714' title='bbox 2641 4761 2920 4828; x_wconf 86' lang='lat' dir='ltr'><strong>despecto,</strong></span> <span class='ocrx_word' id='word_1_715' title='bbox 2952 4762 3104 4818; x_wconf 91' lang='lat' dir='ltr'><strong>Bruti</strong></span> <span class='ocrx_word' id='word_1_716' title='bbox 3129 4765 3360 4822; x_wconf 84' lang='lat' dir='ltr'><strong>Romani</strong></span> <span class='ocrx_word' id='word_1_717' title='bbox 3395 4773 3605 4838; x_wconf 74' lang='lat' dir='ltr'><strong>episto-</strong></span> 
     </span>
    </p>
   </div>
   <div class='ocr_carea' id='block_1_101' title="bbox 2013 4853 3604 4931">
    <p class='ocr_par' dir='ltr' id='par_1_101' title="bbox 2013 4853 3604 4931">
     <span class='ocr_line' id='line_1_101' title="bbox 2013 4853 3604 4931; baseline 0.008 -25"><span class='ocrx_word' id='word_1_718' title='bbox 2013 4853 2225 4925; x_wconf 62' lang='lat' dir='ltr'><strong>las(47)</strong></span> <span class='ocrx_word' id='word_1_719' title='bbox 2260 4855 2472 4909; x_wconf 72' lang='lat' dir='ltr'><strong>caeteris</strong></span> <span class='ocrx_word' id='word_1_720' title='bbox 2509 4865 2862 4923; x_wconf 86' lang='lat' dir='ltr'><strong>anteponere,</strong></span> <span class='ocrx_word' id='word_1_721' title='bbox 2903 4868 3070 4926; x_wconf 88' lang='lat' dir='ltr'><strong>atque</strong></span> <span class='ocrx_word' id='word_1_722' title='bbox 3101 4858 3247 4915; x_wconf 89' lang='lat' dir='ltr'><strong>hunc</strong></span> <span class='ocrx_word' id='word_1_723' title='bbox 3281 4879 3380 4931; x_wconf 89' lang='lat' dir='ltr'><strong>pro</strong></span> <span class='ocrx_word' id='word_1_724' title='bbox 3414 4881 3604 4919; x_wconf 90' lang='lat' dir='ltr'><strong>norma</strong></span> 
     </span>
    </p>
   </div>
   <div class='ocr_carea' id='block_1_102' title="bbox 2014 4948 3605 5025">
    <p class='ocr_par' dir='ltr' id='par_1_102' title="bbox 2014 4948 3605 5025">
     <span class='ocr_line' id='line_1_102' title="bbox 2014 4948 3605 5025; baseline 0.008 -24"><span class='ocrx_word' id='word_1_725' title='bbox 2014 4948 2194 5001; x_wconf 85' lang='lat' dir='ltr'><strong>omnis</strong></span> <span class='ocrx_word' id='word_1_726' title='bbox 2230 4949 2283 5001; x_wconf 91' lang='lat' dir='ltr'><strong>in</strong></span> <span class='ocrx_word' id='word_1_727' title='bbox 2314 4948 2547 5003; x_wconf 88' lang='lat' dir='ltr'><strong>dicendo</strong></span> <span class='ocrx_word' id='word_1_728' title='bbox 2596 4948 2816 5003; x_wconf 92' lang='lat' dir='ltr'><strong>virtutis</strong></span> <span class='ocrx_word' id='word_1_729' title='bbox 2845 4958 3107 5006; x_wconf 87' lang='lat' dir='ltr'><strong>statuere.</strong></span> <span class='ocrx_word' id='word_1_730' title='bbox 3160 4954 3291 5019; x_wconf 66' lang='lat' dir='ltr'><strong>Quae</strong></span> <span class='ocrx_word' id='word_1_731' title='bbox 3325 4959 3543 5025; x_wconf 90' lang='lat' dir='ltr'><strong>quidem</strong></span> <span class='ocrx_word' id='word_1_732' title='bbox 3572 4978 3605 5014; x_wconf 74' lang='grc' dir='ltr'><strong>ιι</strong></span> 
     </span>
    </p>
   </div>
   <div class='ocr_carea' id='block_1_103' title="bbox 2013 5039 3606 5118">
    <p class='ocr_par' dir='ltr' id='par_1_103' title="bbox 2013 5039 3606 5118">
     <span class='ocr_line' id='line_1_103' title="bbox 2013 5039 3606 5118; baseline 0.008 -25"><span class='ocrx_word' id='word_1_733' title='bbox 2013 5039 2327 5111; x_wconf 85' lang='lat' dir='ltr'><strong>Phrynicho</strong></span> <span class='ocrx_word' id='word_1_734' title='bbox 2360 5040 2521 5093; x_wconf 88' lang='lat' dir='ltr'><strong>allata</strong></span> <span class='ocrx_word' id='word_1_735' title='bbox 2554 5050 2699 5105; x_wconf 89' lang='lat' dir='ltr'><strong>sunt,</strong></span> <span class='ocrx_word' id='word_1_736' title='bbox 2740 5057 2844 5095; x_wconf 92' lang='lat' dir='ltr'><strong>non</strong></span> <span class='ocrx_word' id='word_1_737' title='bbox 2875 5045 3021 5113; x_wconf 90' lang='lat' dir='ltr'><strong>quod</strong></span> <span class='ocrx_word' id='word_1_738' title='bbox 3050 5046 3152 5100; x_wconf 89' lang='lat' dir='ltr'><strong>hoc</strong></span> <span class='ocrx_word' id='word_1_739' title='bbox 3176 5047 3441 5115; x_wconf 84' lang='lat' dir='ltr'><strong>judicium</strong></span> <span class='ocrx_word' id='word_1_740' title='bbox 3494 5052 3606 5118; x_wconf 78' lang='lat' dir='ltr'><strong>ipse</strong></span> 
     </span>
    </p>
   </div>
   <div class='ocr_carea' id='block_1_104' title="bbox 2010 5134 3606 5209">
    <p class='ocr_par' dir='ltr' id='par_1_104' title="bbox 2010 5134 3606 5209">
     <span class='ocr_line' id='line_1_104' title="bbox 2010 5134 3606 5209; baseline 0.01 -24"><span class='ocrx_word' id='word_1_741' title='bbox 2010 5135 2268 5202; x_wconf 83' lang='lat' dir='ltr'><strong>probaret</strong></span> <span class='ocrx_word' id='word_1_742' title='bbox 2306 5152 2321 5197; x_wconf 86' lang='lat'><strong>;</strong></span> <span class='ocrx_word' id='word_1_743' title='bbox 2363 5143 2419 5186; x_wconf 88' lang='lat' dir='ltr'><strong>at</strong></span> <span class='ocrx_word' id='word_1_744' title='bbox 2447 5148 2515 5188; x_wconf 92' lang='lat' dir='ltr'><strong>ne</strong></span> <span class='ocrx_word' id='word_1_745' title='bbox 2551 5134 2673 5204; x_wconf 88' lang='lat' dir='ltr'><strong>quis</strong></span> <span class='ocrx_word' id='word_1_746' title='bbox 2719 5135 2963 5204; x_wconf 90' lang='lat' dir='ltr'><strong>miretur,</strong></span> <span class='ocrx_word' id='word_1_747' title='bbox 2998 5137 3046 5191; x_wconf 87' lang='lat' dir='ltr'><strong>si</strong></span> <span class='ocrx_word' id='word_1_748' title='bbox 3086 5141 3305 5209; x_wconf 88' lang='lat' dir='ltr'><strong>quidam</strong></span> <span class='ocrx_word' id='word_1_749' title='bbox 3350 5144 3606 5201; x_wconf 85' lang='lat' dir='ltr'><strong>Aristidis</strong></span> 
     </span>
    </p>
   </div>
   <div class='ocr_carea' id='block_1_105' title="bbox 1631 5247 2341 5305">
    <p class='ocr_par' dir='ltr' id='par_1_105' title="bbox 1631 5247 2341 5305">
     <span class='ocr_line' id='line_1_105' title="bbox 1631 5247 2341 5305; baseline 0 -3"><span class='ocrx_word' id='word_1_750' title='bbox 1631 5249 1871 5304; x_wconf 59' lang='lat' dir='ltr'><strong>VARIZE</strong></span> <span class='ocrx_word' id='word_1_751' title='bbox 1932 5247 2341 5305; x_wconf 78' lang='lat' dir='ltr'><strong>LECTIONES.</strong></span> 
     </span>
    </p>
   </div>
   <div class='ocr_carea' id='block_1_106' title="bbox 377 5339 3605 5425">
    <p class='ocr_par' dir='ltr' id='par_1_106' title="bbox 377 5339 3605 5425">
     <span class='ocr_line' id='line_1_106' title="bbox 377 5339 3605 5425; baseline 0.002 -35"><span class='ocrx_word' id='word_1_752' title='bbox 377 5339 427 5369; x_wconf 83' lang='lat'><strong>“</strong></span> <span class='ocrx_word' id='word_1_753' title='bbox 456 5339 817 5425; x_wconf 67' lang='grc' dir='ltr'>ρυμπρλκτης</span> <span class='ocrx_word' id='word_1_754' title='bbox 846 5360 907 5406; x_wconf 84' lang='grc' dir='ltr'>ς.</span> <span class='ocrx_word' id='word_1_755' title='bbox 931 5414 956 5425; x_wconf 72' lang='lat'><em>_</em></span> <span class='ocrx_word' id='word_1_756' title='bbox 987 5345 1034 5376; x_wconf 80' lang='lat'><strong>&quot;’</strong></span> <span class='ocrx_word' id='word_1_757' title='bbox 1060 5344 1274 5425; x_wconf 54' lang='grc' dir='ltr'>ἐγίνετο</span> <span class='ocrx_word' id='word_1_758' title='bbox 1296 5362 1367 5425; x_wconf 62' lang='grc' dir='ltr'>ς.</span> <span class='ocrx_word' id='word_1_759' title='bbox 1396 5342 1492 5425; x_wconf 47' lang='grc' dir='ltr'>καὶ</span> <span class='ocrx_word' id='word_1_760' title='bbox 1521 5355 1647 5425; x_wconf 75' lang='lat' dir='ltr'><strong>ante</strong></span> <span class='ocrx_word' id='word_1_761' title='bbox 1675 5345 2071 5425; x_wconf 43' lang='lat' dir='ltr'><strong>uilovaddsﬁ.</strong></span> <span class='ocrx_word' id='word_1_762' title='bbox 2150 5345 2465 5425; x_wconf 38' lang='lat' dir='ltr'><strong>“sapisset;</strong></span> <span class='ocrx_word' id='word_1_763' title='bbox 2493 5344 2586 5425; x_wconf 75' lang='lat' dir='ltr'><strong>_AC</strong></span> <span class='ocrx_word' id='word_1_764' title='bbox 2616 5364 2628 5398; x_wconf 94' lang='lat'>:</span> <span class='ocrx_word' id='word_1_765' title='bbox 2671 5349 2931 5425; x_wconf 75' lang='grc' dir='ltr'>κινῄσιως</span> <span class='ocrx_word' id='word_1_766' title='bbox 2957 5368 3017 5413; x_wconf 75' lang='grc' dir='ltr'><strong>ς’.</strong></span> <span class='ocrx_word' id='word_1_767' title='bbox 3049 5419 3075 5425; x_wconf 77' lang='lat'><strong><em>_</em></strong></span> <span class='ocrx_word' id='word_1_768' title='bbox 3095 5350 3141 5382; x_wconf 74' lang='grc'><strong>⁸⁵</strong></span> <span class='ocrx_word' id='word_1_769' title='bbox 3164 5349 3267 5425; x_wconf 9' lang='grc' dir='ltr'>,τοῦ</span> <span class='ocrx_word' id='word_1_770' title='bbox 3293 5381 3363 5391; x_wconf 92' lang='lat'><strong>-—-</strong></span> <span class='ocrx_word' id='word_1_771' title='bbox 3398 5371 3605 5425; x_wconf 81' lang='grc' dir='ltr'>συγρα-</span> 
     </span>
    </p>
   </div>
   <div class='ocr_carea' id='block_1_107' title="bbox 310 5410 485 5477">
    <p class='ocr_par' dir='ltr' id='par_1_107' title="bbox 310 5410 485 5477">
     <span class='ocr_line' id='line_1_107' title="bbox 310 5410 485 5477; baseline -0.017 -4"><span class='ocrx_word' id='word_1_772' title='bbox 310 5410 419 5477; x_wconf 72' lang='grc' dir='ltr'><strong>φῆς</strong></span> <span class='ocrx_word' id='word_1_773' title='bbox 448 5412 485 5461; x_wconf 76' lang='grc' dir='ltr'><strong>Α</strong></span> 
     </span>
    </p>
   </div>
   <div class='ocr_carea' id='block_1_108' title="bbox 312 5478 829 5537">
    <p class='ocr_par' dir='ltr' id='par_1_108' title="bbox 312 5478 829 5537">
     <span class='ocr_line' id='line_1_108' title="bbox 312 5478 829 5537; baseline 0.015 -8"><span class='ocrx_word' id='word_1_774' title='bbox 312 5478 488 5532; x_wconf 84' lang='grc' dir='ltr'>τικῶν</span> <span class='ocrx_word' id='word_1_775' title='bbox 525 5478 829 5537; x_wconf 68' lang='lat' dir='ltr'><strong>Fabricius.</strong></span> 
     </span>
    </p>
   </div>
   <div class='ocr_carea' id='block_1_109' title="bbox 521 5414 2114 5493">
    <p class='ocr_par' dir='ltr' id='par_1_109' title="bbox 521 5414 2114 5493">
     <span class='ocr_line' id='line_1_109' title="bbox 521 5414 2114 5493; baseline 0.006 -32"><span class='ocrx_word' id='word_1_776' title='bbox 521 5414 649 5493; x_wconf 56' lang='lat' dir='ltr'><strong>:nrgi</strong></span> <span class='ocrx_word' id='word_1_777' title='bbox 676 5442 751 5493; x_wconf 46' lang='lat'><strong>_—.-</strong></span> <span class='ocrx_word' id='word_1_778' title='bbox 776 5414 997 5485; x_wconf 86' lang='grc' dir='ltr'>γραφῆς</span> <span class='ocrx_word' id='word_1_779' title='bbox 1040 5432 1101 5480; x_wconf 85' lang='grc' dir='ltr'>ς.</span> <span class='ocrx_word' id='word_1_780' title='bbox 1179 5416 1225 5446; x_wconf 69' lang='grc'><strong>⁸⁸</strong></span> <span class='ocrx_word' id='word_1_781' title='bbox 1255 5415 1428 5468; x_wconf 81' lang='grc' dir='ltr'>αἴτιον</span> <span class='ocrx_word' id='word_1_782' title='bbox 1460 5415 1705 5486; x_wconf 85' lang='lat' dir='ltr'><strong>Scaliger</strong></span> <span class='ocrx_word' id='word_1_783' title='bbox 1734 5435 1747 5471; x_wconf 93' lang='lat'>:</span> <span class='ocrx_word' id='word_1_784' title='bbox 1790 5417 1911 5472; x_wconf 86' lang='lat' dir='ltr'><strong>libri</strong></span> <span class='ocrx_word' id='word_1_785' title='bbox 1943 5417 2114 5484; x_wconf 77' lang='grc' dir='ltr'>ἄξιον.</span> 
     </span>
    </p>
   </div>
   <div class='ocr_carea' id='block_1_110' title="bbox 2209 5414 3617 5497">
    <p class='ocr_par' dir='ltr' id='par_1_110' title="bbox 2209 5414 3617 5497">
     <span class='ocr_line' id='line_1_110' title="bbox 2209 5414 3617 5497; baseline 0.009 -30"><span class='ocrx_word' id='word_1_786' title='bbox 2209 5417 2251 5447; x_wconf 80' lang='grc'>⁶¹</span> <span class='ocrx_word' id='word_1_787' title='bbox 2272 5414 2550 5486; x_wconf 80' lang='grc' dir='ltr'>κρητικὸν</span> <span class='ocrx_word' id='word_1_788' title='bbox 2578 5434 2725 5472; x_wconf 85' lang='lat' dir='ltr'><strong>corr.</strong></span> <span class='ocrx_word' id='word_1_789' title='bbox 2753 5414 2817 5473; x_wconf 80' lang='grc' dir='ltr'><strong>Ᾱ.</strong></span> <span class='ocrx_word' id='word_1_790' title='bbox 2852 5419 3116 5487; x_wconf 86' lang='grc' dir='ltr'>κριτικῶν</span> <span class='ocrx_word' id='word_1_791' title='bbox 3158 5422 3437 5488; x_wconf 83' lang='lat' dir='ltr'><strong>Scbouus,</strong></span> <span class='ocrx_word' id='word_1_792' title='bbox 3466 5414 3617 5497; x_wconf 72' lang='grc' dir='ltr'>κρηο·</span> 
     </span>
    </p>
   </div>
   <div class='ocr_carea' id='block_1_111' title="bbox 289 5576 2112 5635">
    <p class='ocr_par' dir='ltr' id='par_1_111' title="bbox 289 5576 2112 5635">
     <span class='ocr_line' id='line_1_111' title="bbox 289 5576 2112 5635; baseline -0.002 0"><span class='ocrx_word' id='word_1_793' title='bbox 289 5578 300 5635; x_wconf 80' lang='lat' dir='ltr'><strong>l</strong></span> <span class='ocrx_word' id='word_1_794' title='bbox 1874 5576 2112 5633; x_wconf 68' lang='lat' dir='ltr'><strong>NOTAE.</strong></span> 
     </span>
    </p>
   </div>
   <div class='ocr_carea' id='block_1_112' title="bbox 384 5666 1907 5737">
    <p class='ocr_par' dir='ltr' id='par_1_112' title="bbox 384 5666 1907 5737">
     <span class='ocr_line' id='line_1_112' title="bbox 384 5666 1907 5737; baseline 0.006 -19"><span class='ocrx_word' id='word_1_795' title='bbox 384 5666 500 5737; x_wconf 71' lang='grc'>(45)</span> <span class='ocrx_word' id='word_1_796' title='bbox 554 5666 672 5732; x_wconf 86' lang='lat' dir='ltr'><strong>Quo</strong></span> <span class='ocrx_word' id='word_1_797' title='bbox 723 5670 788 5721; x_wconf 88' lang='lat' dir='ltr'><strong>de</strong></span> <span class='ocrx_word' id='word_1_798' title='bbox 835 5670 1223 5727; x_wconf 90' lang='lat' dir='ltr'><strong>mittendorum</strong></span> <span class='ocrx_word' id='word_1_799' title='bbox 1274 5688 1558 5728; x_wconf 90' lang='lat' dir='ltr'><strong>munerum</strong></span> <span class='ocrx_word' id='word_1_800' title='bbox 1608 5673 1774 5725; x_wconf 86' lang='lat' dir='ltr'><strong>natali</strong></span> <span class='ocrx_word' id='word_1_801' title='bbox 1818 5673 1907 5727; x_wconf 90' lang='lat' dir='ltr'><strong>die</strong></span> 
     </span>
    </p>
   </div>
   <div class='ocr_carea' id='block_1_113' title="bbox 312 5737 1902 5809">
    <p class='ocr_par' dir='ltr' id='par_1_113' title="bbox 312 5737 1902 5809">
     <span class='ocr_line' id='line_1_113' title="bbox 312 5737 1902 5809; baseline 0.006 -22"><span class='ocrx_word' id='word_1_802' title='bbox 312 5737 579 5809; x_wconf 80' lang='lat' dir='ltr'><strong>Alexautl.</strong></span> <span class='ocrx_word' id='word_1_803' title='bbox 634 5740 704 5809; x_wconf 80' lang='lat' dir='ltr'><strong>ab</strong></span> <span class='ocrx_word' id='word_1_804' title='bbox 735 5739 889 5795; x_wconf 80' lang='lat' dir='ltr'><strong>Alex.</strong></span> <span class='ocrx_word' id='word_1_805' title='bbox 934 5742 1028 5796; x_wconf 89' lang='lat' dir='ltr'><strong>lib.</strong></span> <span class='ocrx_word' id='word_1_806' title='bbox 1081 5761 1116 5797; x_wconf 93' lang='lat' dir='ltr'><strong>tt</strong></span> <span class='ocrx_word' id='word_1_807' title='bbox 1164 5744 1375 5798; x_wconf 66' lang='lat' dir='ltr'><strong>(leniat.</strong></span> <span class='ocrx_word' id='word_1_808' title='bbox 1428 5759 1545 5809; x_wconf 76' lang='lat' dir='ltr'><strong>cap.</strong></span> <span class='ocrx_word' id='word_1_809' title='bbox 1592 5740 1699 5806; x_wconf 66' lang='lat'><strong>2&#39;2;</strong></span> <span class='ocrx_word' id='word_1_810' title='bbox 1740 5755 1787 5795; x_wconf 82' lang='lat' dir='ltr'><strong>et</strong></span> <span class='ocrx_word' id='word_1_811' title='bbox 1831 5744 1902 5796; x_wconf 89' lang='lat' dir='ltr'><strong>ibi</strong></span> 
     </span>
    </p>
   </div>
   <div class='ocr_carea' id='block_1_114' title="bbox 311 5807 1902 5882">
    <p class='ocr_par' dir='ltr' id='par_1_114' title="bbox 311 5807 1902 5882">
     <span class='ocr_line' id='line_1_114' title="bbox 311 5807 1902 5882; baseline 0.004 -22"><span class='ocrx_word' id='word_1_812' title='bbox 311 5807 589 5882; x_wconf 51' lang='lat' dir='ltr'><strong>Tiraqutd:</strong></span> <span class='ocrx_word' id='word_1_813' title='bbox 629 5807 753 5882; x_wconf 53' lang='lat' dir='ltr'><strong>Gul,</strong></span> <span class='ocrx_word' id='word_1_814' title='bbox 792 5810 1071 5875; x_wconf 50' lang='lat' dir='ltr'><strong>Stin-llius,</strong></span> <span class='ocrx_word' id='word_1_815' title='bbox 1114 5814 1205 5867; x_wconf 86' lang='lat' dir='ltr'><strong>lib.</strong></span> <span class='ocrx_word' id='word_1_816' title='bbox 1245 5831 1257 5866; x_wconf 86' lang='grc' dir='ltr'><strong>ι</strong></span> <span class='ocrx_word' id='word_1_817' title='bbox 1292 5807 1586 5868; x_wconf 64' lang='lat' dir='ltr'><strong>(Iunt-irini.</strong></span> <span class='ocrx_word' id='word_1_818' title='bbox 1640 5828 1758 5882; x_wconf 77' lang='lat' dir='ltr'><strong>cap.</strong></span> <span class='ocrx_word' id='word_1_819' title='bbox 1814 5814 1902 5876; x_wconf 75' lang='grc'><strong>16,</strong></span> 
     </span>
    </p>
   </div>
   <div class='ocr_carea' id='block_1_115' title="bbox 310 5878 1655 5955">
    <p class='ocr_par' dir='ltr' id='par_1_115' title="bbox 310 5878 1655 5955">
     <span class='ocr_line' id='line_1_115' title="bbox 310 5878 1655 5955; baseline 0.009 -24"><span class='ocrx_word' id='word_1_820' title='bbox 310 5890 499 5934; x_wconf 86' lang='lat' dir='ltr'><strong>noster</strong></span> <span class='ocrx_word' id='word_1_821' title='bbox 535 5878 690 5934; x_wconf 79' lang='lat' dir='ltr'><strong>Mart.</strong></span> <span class='ocrx_word' id='word_1_822' title='bbox 720 5879 787 5935; x_wconf 91' lang='lat' dir='ltr'><strong>de</strong></span> <span class='ocrx_word' id='word_1_823' title='bbox 821 5882 934 5936; x_wconf 76' lang='lat' dir='ltr'><strong>lioa</strong></span> <span class='ocrx_word' id='word_1_824' title='bbox 967 5882 1131 5940; x_wconf 89' lang='lat' dir='ltr'><strong>Cord.</strong></span> <span class='ocrx_word' id='word_1_825' title='bbox 1164 5885 1419 5955; x_wconf 78' lang='lat' dir='ltr'><strong>singulari</strong></span> <span class='ocrx_word' id='word_1_826' title='bbox 1455 5885 1655 5942; x_wconf 69' lang='lat' dir='ltr'><strong>libello.</strong></span> 
     </span>
    </p>
   </div>
   <div class='ocr_carea' id='block_1_116' title="bbox 2090 5672 3259 5745">
    <p class='ocr_par' dir='ltr' id='par_1_116' title="bbox 2090 5672 3259 5745">
     <span class='ocr_line' id='line_1_116' title="bbox 2090 5672 3259 5745; baseline 0.003 -17"><span class='ocrx_word' id='word_1_827' title='bbox 2090 5674 2200 5738; x_wconf 69' lang='grc'>(46)</span> <span class='ocrx_word' id='word_1_828' title='bbox 2235 5672 2312 5745; x_wconf 81' lang='lat' dir='ltr'><strong>_De</strong></span> <span class='ocrx_word' id='word_1_829' title='bbox 2344 5673 2536 5740; x_wconf 83' lang='lat' dir='ltr'><strong>quibus</strong></span> <span class='ocrx_word' id='word_1_830' title='bbox 2571 5676 2699 5729; x_wconf 80' lang='lat' dir='ltr'><strong>infr.</strong></span> <span class='ocrx_word' id='word_1_831' title='bbox 2730 5677 2850 5730; x_wconf 90' lang='lat' dir='ltr'><strong>cod.</strong></span> <span class='ocrx_word' id='word_1_832' title='bbox 2882 5676 3008 5731; x_wconf 70' lang='grc'><strong>246.</strong></span> <span class='ocrx_word' id='word_1_833' title='bbox 3043 5688 3098 5732; x_wconf 91' lang='lat' dir='ltr'><strong>et</strong></span> <span class='ocrx_word' id='word_1_834' title='bbox 3144 5694 3259 5745; x_wconf 91' lang='lat' dir='ltr'><strong>seq.</strong></span> 
     </span>
    </p>
   </div>
   <div class='ocr_carea' id='block_1_117' title="bbox 2087 5742 3597 5816">
    <p class='ocr_par' dir='ltr' id='par_1_117' title="bbox 2087 5742 3597 5816">
     <span class='ocr_line' id='line_1_117' title="bbox 2087 5742 3597 5816; baseline 0.007 -18"><span class='ocrx_word' id='word_1_835' title='bbox 2087 5745 2199 5814; x_wconf 73' lang='grc'>(47)</span> <span class='ocrx_word' id='word_1_836' title='bbox 2220 5742 2364 5816; x_wconf 69' lang='lat' dir='ltr'><strong>Quas</strong></span> <span class='ocrx_word' id='word_1_837' title='bbox 2381 5764 2406 5794; x_wconf 90' lang='lat' dir='ltr'><strong>a</strong></span> <span class='ocrx_word' id='word_1_838' title='bbox 2429 5745 2693 5816; x_wconf 78' lang='lat' dir='ltr'><strong>brevitate</strong></span> <span class='ocrx_word' id='word_1_839' title='bbox 2710 5751 3023 5802; x_wconf 87' lang='lat' dir='ltr'><strong>commenda</strong></span> <span class='ocrx_word' id='word_1_840' title='bbox 3036 5759 3115 5802; x_wconf 87' lang='lat' dir='ltr'><strong>tas</strong></span> <span class='ocrx_word' id='word_1_841' title='bbox 3134 5742 3302 5805; x_wconf 79' lang='lat' dir='ltr'><strong>refert</strong></span> <span class='ocrx_word' id='word_1_842' title='bbox 3318 5749 3597 5809; x_wconf 66' lang='lat' dir='ltr'><strong>Plutarch.</strong></span> 
     </span>
    </p>
   </div>
   <div class='ocr_carea' id='block_1_118' title="bbox 2013 5812 3601 5883">
    <p class='ocr_par' dir='ltr' id='par_1_118' title="bbox 2013 5812 3601 5883">
     <span class='ocr_line' id='line_1_118' title="bbox 2013 5812 3601 5883; baseline 0.007 -16"><span class='ocrx_word' id='word_1_843' title='bbox 2013 5815 2065 5868; x_wconf 89' lang='lat' dir='ltr'><strong>itt</strong></span> <span class='ocrx_word' id='word_1_844' title='bbox 2088 5812 2203 5879; x_wconf 71' lang='lat' dir='ltr'><strong>ejus</strong></span> <span class='ocrx_word' id='word_1_845' title='bbox 2226 5812 2344 5869; x_wconf 78' lang='lat' dir='ltr'><strong>Vita</strong></span> <span class='ocrx_word' id='word_1_846' title='bbox 2380 5815 2499 5868; x_wconf 93' lang='lat' dir='ltr'><strong>init.</strong></span> <span class='ocrx_word' id='word_1_847' title='bbox 2527 5824 2849 5883; x_wconf 60' lang='lat' dir='ltr'><strong>exstantque</strong></span> <span class='ocrx_word' id='word_1_848' title='bbox 2867 5816 2934 5872; x_wconf 83' lang='lat'><strong>70</strong></span> <span class='ocrx_word' id='word_1_849' title='bbox 2969 5835 2998 5871; x_wconf 89' lang='lat' dir='ltr'><strong>a</strong></span> <span class='ocrx_word' id='word_1_850' title='bbox 3018 5817 3331 5876; x_wconf 79' lang='lat' dir='ltr'><strong>Mithridate</strong></span> <span class='ocrx_word' id='word_1_851' title='bbox 3348 5824 3475 5877; x_wconf 88' lang='lat' dir='ltr'><strong>olim</strong></span> <span class='ocrx_word' id='word_1_852' title='bbox 3496 5826 3601 5877; x_wconf 87' lang='lat' dir='ltr'><strong>col-</strong></span> 
     </span>
    </p>
   </div>
   <div class='ocr_carea' id='block_1_119' title="bbox 2010 5885 3596 5963">
    <p class='ocr_par' dir='ltr' id='par_1_119' title="bbox 2010 5885 3596 5963">
     <span class='ocr_line' id='line_1_119' title="bbox 2010 5885 3596 5963; baseline 0.009 -24"><span class='ocrx_word' id='word_1_853' title='bbox 2010 5886 2163 5941; x_wconf 67' lang='lat' dir='ltr'><strong>lectae</strong></span> <span class='ocrx_word' id='word_1_854' title='bbox 2179 5894 2233 5942; x_wconf 86' lang='lat' dir='ltr'><strong>et</strong></span> <span class='ocrx_word' id='word_1_855' title='bbox 2249 5901 2421 5957; x_wconf 90' lang='lat' dir='ltr'><strong>nuper</strong></span> <span class='ocrx_word' id='word_1_856' title='bbox 2441 5885 2628 5942; x_wconf 67' lang='lat' dir='ltr'><strong>Graece</strong></span> <span class='ocrx_word' id='word_1_857' title='bbox 2645 5902 2707 5942; x_wconf 88' lang='lat' dir='ltr'><strong>ac</strong></span> <span class='ocrx_word' id='word_1_858' title='bbox 2729 5887 2916 5943; x_wconf 85' lang='lat' dir='ltr'><strong>Latine</strong></span> <span class='ocrx_word' id='word_1_859' title='bbox 2934 5890 3194 5963; x_wconf 67' lang='lat' dir='ltr'><strong>evulgatae</strong></span> <span class='ocrx_word' id='word_1_860' title='bbox 3215 5894 3265 5948; x_wconf 90' lang='lat' dir='ltr'><strong>in</strong></span> <span class='ocrx_word' id='word_1_861' title='bbox 3284 5893 3596 5953; x_wconf 87' lang='lat' dir='ltr'><strong>Germania.</strong></span> 
     </span>
    </p>
   </div>
  </div>
