4062 6442
542 410 645 476 431

1704 407 1973 470 ΡΗΟΤΙΙ
2010 406 2527 470 ΡΑΤΒΙΑΒΟΗᾸΞ
2560 409 2670 470 CP.

3696 417 3792 485 432

540 525 709 593 gloria
758 532 1073 595 superatum
1114 520 1428 577 existiment
1465 522 1613 577 hunc
1659 520 1838 575 virum
1866 560 1885 584 ,
1930 520 2022 589 qui
2066 519 2130 573 ad

2234 521 2340 593 δρα
2363 521 2700 593 νομίζουσιν,
2726 519 2873 575 οὕτω
2894 519 3086 583 κλέους
3116 519 3212 574 τοῦ
3240 520 3299 573 ἐν
3319 520 3497 591 λόγοις
3524 524 3602 589 είς
3640 528 3794 603 ἄκρον

537 632 809 672 summum
855 619 909 672 in
940 615 1281 671 orationibus
1328 615 1515 686 gloria:
1565 614 1734 668 demus
1768 616 2131 678 pervenisset-

540 707 703 762 Lazsit
755 708 902 762 enim
966 706 1348 761 nonnullorum
1423 704 1625 760 invidia
1682 704 1857 773 ipsum
1916 718 2135 773 quoque

538 797 854 862 Aristidem,
887 809 949 852 ut
977 806 1032 853 et
1054 797 1191 852 alios
1225 796 1493 866 plurimos
1520 796 1772 851 doctrina
1799 794 2135 850 excellentes

537 894 706 946 viros.
742 892 1075 947 Undecimus
1116 906 1338 960 quoque
1369 890 1512 945 idem
1558 889 1772 945 dicatur
1810 887 2132 943 Menodoro.

541 984 897 1054 Sequentium
939 998 1069 1037 vero
1101 982 1191 1055 (ne
1221 994 1277 1038 et
1305 998 1404 1037 nos
1436 981 1524 1037 hic
1564 980 1909 1049 loquacitatis
1947 980 2137 1034 nimia:

539 1090 662 1130 cum
714 1076 807 1130 illo
855 1076 1205 1146 incusemur)
1248 1075 1389 1130 alius
1434 1074 1654 1143 quidem
1701 1073 1840 1127 liber
1878 1071 2136 1141 Rhigino,

540 1170 678 1223 alius
717 1170 995 1235 Aristocli,
1049 1185 1263 1223 rursum
1313 1167 1454 1222 alius
1502 1165 1741 1220 Basididi
1780 1152 1990 1219 Milesio
2032 1162 2135 1217 So-

542 1263 735 1330 phiste
780 1270 1127 1331 nuncupatur
1163 1279 1177 1315 :
1228 1260 1281 1314 in
1310 1274 1419 1329 quo
1457 1260 1560 1322 ait,
1606 1257 1767 1311 simul
1804 1268 1917 1309 uta
1948 1254 2139 1309 morbo

544 1363 821 1409 recreatus
842 1365 1005 1421 esset,
1044 1354 1186 1407 hunc
1216 1368 1277 1408 se
1315 1354 1381 1406 ad
1412 1354 1561 1406 illum
1594 1350 1876 1419 scripsisse
1906 1366 1921 1403 :
1955 1358 2139 1417 postu-

541 1429 725 1516 latque
763 1456 966 1509 errata,
996 1461 1118 1514 qua:
1168 1445 1337 1499 morbi
1369 1444 1522 1505 vitio,
1553 1453 1613 1498 ut
1661 1442 1739 1506 lit,
1792 1440 2137 1507 accidissent,

542 1541 666 1593 lima
698 1555 793 1594 sua
816 1541 1084 1594 emendet.
1122 1537 1377 1606 Reliquos
1413 1551 1602 1590 omnes
1632 1536 1820 1596 libros,
1856 1547 1993 1600 quos
2019 1531 2139 1599 qui-

543 1634 662 1686 dem
708 1647 806 1687 nos
856 1633 1111 1697 vidimus,
1169 1630 1475 1702 Menophilo
1518 1644 1734 1683 rursum
1788 1641 1962 1697 usque
1986 1626 2052 1680 ad
2094 1626 2137 1679 Ω

543 1727 761 1782 obtulit.

614 1816 758 1872 Utile
810 1830 941 1871 sane
970 1815 1073 1870 hoc
1116 1828 1253 1883 opus
1279 1826 1402 1868 esse
1433 1818 1672 1874 constat,
1712 1823 1834 1865 cum
1861 1807 2134 1864 scribendi

541 1919 655 1962 tum
700 1908 839 1964 bene
869 1906 1078 1962 dicendi
1110 1906 1388 1960 studiosis.
1443 1903 1715 1958 Collectas
1763 1912 1943 1956 autem
1990 1916 2020 1954 a
2074 1916 2135 1955 se

538 2012 702 2054 voces
737 1998 928 2069 ιοιὺ
963 1998 1029 2052 ad
1084 1998 1228 2052 hunc
1260 1997 1479 2051 modum
1509 1998 1821 2051 discernere
1852 2008 1910 2049 se
1949 1995 2045 2061 ait,
2077 2004 2137 2048 ut

539 2088 662 2142 alim
700 2089 1009 2144 oratoribus
1042 2087 1373 2152 tribuantur,
1412 2085 1533 2140 alia:
1567 2085 1843 2140 historicis
1869 2085 2134 2139 addicen-

543 2189 651 2244 tur,
671 2179 1069 2235 alite‘famillari
1096 2188 1351 2250 aptentur
1368 2178 1607 2234 sermoni
1634 2194 1650 2244 ;
1681 2176 1938 2233 nonnulla
1968 2175 2132 2231 etiam

540 2273 803 2328 vocabula
835 2272 1090 2327 convitiis
1139 2271 1508 2335 subserviant,
1542 2271 1609 2325 ad
1641 2270 1759 2325 hac
1804 2278 1860 2324 et
1902 2269 1955 2323 in
1987 2283 2136 2322 ania-

542 2365 697 2421 toriis
729 2364 1108 2419 adhibeantur.
1140 2362 1352 2419 Sinceri
1380 2364 1574 2418 deinde
1621 2374 1674 2419 et
1733 2364 1852 2433 puri
1884 2373 1938 2418 et
1967 2361 2132 2417 Attici

538 2457 810 2512 sermonis
848 2457 1115 2525 regulam,
1153 2470 1399 2510 normam
1450 2464 1615 2526 atque
1661 2454 1968 2525 exetnplum
2013 2467 2135 2509 esse

536 2548 1050 2620 praemantissimum
1090 2548 1228 2612 vult,
1277 2546 1561 2601 Platonem
1606 2556 1773 2617 atque
1811 2546 2134 2600 Demosthe-

539 2659 685 2706 nem,
724 2657 848 2697 cum
886 2641 1097 2711 reliquo
1128 2656 1318 2695 novem
1360 2640 1581 2695 Graeciaa
1612 2651 1889 2695 oratorum
1941 2640 2132 2704 choro,

536 2735 908 2807 Thucydidem
961 2748 1178 2803 quoque
1224 2744 1281 2788 et
1334 2732 1772 2804 Xenophontem,
1814 2740 1869 2787 et
1920 2729 2135 2785 Eschi-

537 2845 662 2885 nem
681 2827 794 2899 (48)
817 2828 965 2881 illum
990 2825 1212 2898 Lysanii
1232 2824 1401 2881 illium
1425 2824 1763 2881 Socraticum
1786 2822 2131 2892 appellatum.

535 2918 763 2974 Critiam
811 2919 942 2974 item
976 2918 1268 2974 Calmschri
1325 2917 1493 2973 lilium
1524 2927 1581 2973 et
1607 2914 1983 2973 Antisthenem
2010 2928 2133 2967 cum

536 3011 813 3083 germanis
842 3010 962 3078 ejus
990 3010 1329 3065 orationibus
1362 3008 1571 3065 duabus
1593 3010 1662 3065 de
1693 3007 1820 3078 Cyri
1849 3015 1904 3061 et
1928 3004 2134 3077 Ulyssis

536 3104 807 3158 laudibus.
853 3102 895 3157 Ε
927 3103 1177 3167 comicis,
1206 3103 1624 3172 Aristophanem
1674 3114 1797 3154 cum
1848 3098 1963 3153 suis
1990 3096 2129 3165 (49),

540 3197 628 3251 ubi
649 3196 865 3266 quidem
882 3197 1093 3253 Atticos
1116 3197 1420 3252 imitentur.
1447 3195 1522 3250 De
1544 3193 1785 3262 tragicis,
1809 3189 2130 3262 Eschylnm

535 3289 686 3345 illum
719 3289 953 3344 maxime
980 3289 1392 3359 grandiloquum
1422 3304 1487 3343 ac
1527 3287 1851 3358 Sophoclem
1883 3298 2129 3349 suavem,

532 3392 588 3437 et
617 3397 1010 3452 usquequaque
1062 3382 1363 3451 sapientem
1421 3382 1756 3451 Euripidem.
1789 3379 1899 3435 llos
1919 3378 2132 3433 czeteris

532 3476 789 3529 omnibus
834 3476 1116 3543 anteponit
1148 3475 1263 3530 sive
1307 3476 1640 3541 oratoribus,
1690 3474 1805 3529 sive
1856 3472 2131 3528 historicis

532 3567 648 3623 sive
696 3570 888 3634 poetis.
939 3566 1017 3620 Ex
1050 3565 1137 3620 his
1178 3575 1355 3620 tamen
1388 3581 1603 3620 rursum
1633 3563 1847 3618 caeteris
1888 3560 2129 3633 prmiert,

531 3673 690 3725 quos,
714 3658 810 3723 ait,
838 3673 904 3712 ne
932 3658 1049 3726 ipse
1077 3658 1295 3729 quidem
1329 3658 1536 3713 Motnus
1566 3655 1995 3726 reprehenderit,
2031 3665 2125 3709 aut

531 3749 757 3804 omnino
798 3750 1099 3806 accesserit
1125 3766 1143 3817 ;
1172 3766 1280 3805 non
1319 3751 1486 3805 etiam
1515 3751 1562 3805 si
1592 3749 1825 3804 maxime
1854 3748 1985 3803 deus
2020 3746 2127 3811 ille,

532 3861 695 3916 quem
726 3845 1039 3916 Coryca-um
1067 3846 1182 3917 (50)
1213 3846 1407 3902 fabula:
1432 3847 1743 3919 indigitant,
1782 3844 1887 3900 illis
1919 3843 2129 3899 inhias-

532 3947 636 3993 set.
654 3936 931 3992 Platonem
957 3938 1178 4004 indicat,
1194 3938 1629 4003 Demosthenem,
1645 3948 1699 3993 et
1723 3937 1940 4009 Lysanii
1960 3936 2126 3991 illium

532 4028 877 4096 Eschinem,
908 4042 1132 4103 propter
1177 4031 1337 4102 hujus
1376 4042 1580 4102 septem
1634 4030 1982 4099 Dialogorum
2011 4027 2125 4109 (ὃς)

531 4123 905 4177 excellentiam
958 4141 973 4178 :
1030 4138 1169 4192 quos
1228 4125 1391 4179 etiam
1443 4124 1663 4195 quidam
1725 4121 1945 4191 scriptis
2008 4117 2127 4187 ejus

531 4217 857 4283 eximentes,
898 4216 966 4271 ad
1000 4215 1283 4273 Socratem
1311 4216 1577 4273 referunt.
1622 4214 1731 4271 Sed
1775 4215 1891 4270 hac
1940 4213 2128 4269 hacteo

602 4398 850 4469 Scriptor
894 4398 1007 4465 hic,
1042 4400 1088 4455 si
1121 4400 1242 4471 quis
1274 4400 1435 4465 alius,
1469 4398 1621 4454 varia
1666 4397 1866 4453 tinctus
1897 4404 1982 4451 est
2027 4397 2125 4451 do-

528 4490 723 4554 ctrina.
758 4492 1021 4548 verbosus
1047 4492 1269 4563 alioqui,
1322 4502 1378 4549 et
1428 4493 1646 4548 modum
1688 4491 2000 4547 excedendo
2044 4506 2125 4545 re-

2239 614 2515 669 ἐλάσαντα
2541 630 2555 644 ⁶
2589 613 2767 685 ἥψατο
2790 614 2900 686 γὰρ
2927 614 2956 667 ό
2979 613 3177 682 φθόνος
3208 613 3301 667 ὑπ’
3343 616 3501 670 ἐνίων
3523 623 3793 693 πεμπόμε-

2238 722 2332 769 νος
2364 706 2463 759 καὶ
2504 704 2861 772 Ἀριστείδου,
2890 704 3079 776 ὥσπερ
3110 705 3206 758 καὶ
3229 704 3408 759 ἄλλων
3437 708 3644 763 πολλῶν
3675 730 3793 769 παι.

2239 798 2354 869 δείᾳ
2385 797 2798 865 διενεγκόντων.
2844 796 2988 849 Ἀλλ’
3022 798 3051 850 ό
3086 796 3186 865 μὲν
3203 797 3488 862 ἑνδέκατος
3505 801 3794 879 Μηνοδώρῳ

2241 889 2678 959 ἐπιπετρὼνηται·
2701 888 2811 941 τῶν
2830 888 2887 942 δὲ
2908 888 3127 959 ἐφεξῇς,
3167 889 3256 942 ἵνα
3283 889 3358 960 μὴ
3386 891 3482 943 καί
3510 892 3665 962 ἡμεῖς
3685 899 3795 951 κατ’

2240 982 2447 1035 ἐκεῖνον
2470 981 2795 1049 πολυλογίας
2814 982 2995 1035 αἰτίαν
3014 981 3300 1052 λάϐοιμεν,
3314 984 3343 1035 ὁ
3363 982 3461 1052 μὲν
3492 983 3715 1056 Ῥηγίνῳ
3734 989 3791 1054 ⁸⁸,

2239 1075 2268 1127 ό
2293 1073 2350 1128 δὲ
2379 1074 2544 1128 πάλιν
2586 1072 2948 1143 Ἀριστοκλεῖ,
2981 1076 3009 1126 ὁ
3040 1074 3098 1127 δέ
3132 1073 3416 1145 Βασιλείδῃ
3446 1074 3527 1146 τῷ
3564 1077 3794 1151 Μιλησίῳ

2241 1167 2470 1235 σοφιστῇ
2545 1165 2947 1237 προσεφωνήθη
2976 1164 3042 1229 ⁸³,
3074 1167 3132 1217 ἐν
3181 1159 3226 1233 ᾧ
3256 1182 3426 1235 φησιν
3479 1167 3672 1221 αὐτίκα
3710 1174 3793 1225 τοῦ

2239 1256 2516 1325 ἀνακύψαι
2533 1256 2633 1326 τῆς
2660 1257 2818 1309 νόσου
2841 1256 3173 1326 ποιήσασθαι
3197 1258 3296 1328 τὴν
3324 1257 3461 1327 πρὸς
3490 1258 3648 1313 αὑτὸν
3677 1279 3795 1332 γρα.

2242 1349 2372 1419 φὴν,
2406 1351 2501 1402 καί
2524 1351 2759 1403 αἰτεῖται
2790 1350 2901 1403 τῶν
2926 1350 3016 1403 διὰ
3051 1349 3149 1421 τὴν
3171 1350 3327 1403 νόσον
3356 1350 3455 1419 (ὡς
3475 1350 3639 1422 εἰκός)
3665 1354 3794 1423 αὐτῷ

2238 1442 2299 1494 ἐν
2348 1440 2427 1512 τῷ
2482 1442 2773 1512 γράμματι
2836 1442 3309 1513 παρασφαλέντων
3382 1440 3649 1496 ἐπιθεῖναι
3710 1445 3793 1515 τὴν

2238 1532 2549 1604 διόρθωσιν.
2590 1534 2654 1586 Οἱ
2680 1533 2737 1587 δὲ
2763 1532 2943 1587 λοιποὶ
2973 1533 3293 1601 σύμπαντες
3318 1530 3494 1600 λόγοι,
3530 1530 3621 1594 οὓς
3652 1533 3791 1602 ἡμεῖς

2237 1626 2579 1696 ἀνέγνωμεν,
2611 1624 2690 1697 τῷ
2717 1625 3016 1697 Μηνοφίλῳ
3034 1624 3198 1679 πάλιν
3227 1623 3393 1695 μέχρι
3430 1621 3575 1677 τοῦω
3627 1623 3790 1678 ἀνετέ-

2240 1718 2438 1788 θησαν.

2312 1812 2600 1883 Χρήσιμον
2628 1810 2686 1865 δὲ
2714 1810 2957 1881 δηλονότι
2983 1809 3046 1863 τδ
3077 1809 3281 1882 βιϐλίον
3312 1812 3430 1874 τοῖς
3470 1828 3533 1865 τε
3574 1814 3776 1885 curm.

2166 1884 2208 1942 Β
2238 1922 2363 1976 φειν
2391 1906 2487 1958 καὶ
2524 1904 2844 1977 ῥητορεύειν
2874 1904 3172 1959 ἐθέλουσιν.
3227 1904 3357 1976 [175
3409 1902 3504 1975 ιι]
3540 1884 3709 1967 Αὐτὸς
3736 1906 3779 1960 δὲ

2234 1996 2613 2067 διακρίνεσθαί
2644 2013 2779 2067 φησι
2810 1996 2912 2061 τὰς
2956 1996 3387 2067 συνειλεγμένας
3442 1995 3591 2066 αὐτῷ
3634 1998 3782 2066 φωνὰς

2234 2088 2427 2142 τοῦτον
2456 2088 2549 2142 τὸν
2594 2088 2801 2159 τρόπον
2832 2104 2848 2119 ο
2912 2088 3013 2152 τὰς
3048 2088 3148 2159 μὲν
3180 2088 3291 2160 γὰρ
3332 2086 3520 2142 αὐτῶν
3564 2089 3787 2159 ῥήτορσιν

2235 2182 2615 2247 ἀποδεδόσθαι,
2678 2183 2779 2246 τὰς
2822 2182 2879 2237 δέ
2924 2184 3041 2246 τοῖς
3095 2183 3479 2253 συγγράφουσι
3499 2183 3566 2245 ⁸⁸,
3618 2182 3788 2245 τὰςδέ

2237 2276 2549 2340 συνουσίαις
2576 2277 2933 2346 ἐφαρμόζειν,
2966 2275 3115 2340 ἐνίας
3142 2277 3197 2330 δὲ
3250 2276 3347 2330 καὶ
3384 2277 3472 2339 εἰς
3524 2274 3620 2339 τὰς
3668 2291 3792 2328 σκω-

2234 2366 2439 2430 πτικὰς
2464 2366 2777 2435 ὑπάγεσθαι
2801 2366 3013 2429 λαλιὰς,
3033 2365 3066 2437 ἢ
3088 2367 3184 2419 καὶ
3212 2368 3293 2429 εἰς
3317 2366 3452 2429 τοὺς
3465 2365 3795 2436 ⁶³ἐρωτικοὺς

2235 2455 2566 2528 ἐκφέρεσθαι
2587 2456 2848 2527 τρόπους.
2880 2456 3224 2526 Εἰλικρινοῦς
3247 2454 3426 2510 δὲκαὶ
3455 2454 3689 2526 καθαροῦ
3715 2456 3795 2509 καὶ

2251 2550 2506 2604 ’Δττικοῦ
2537 2550 2699 2617 λόγου
2730 2550 2965 2614 κανόνας
3012 2549 3109 2603 καὶ
3144 2549 3407 2619 στάθμας
3437 2547 3533 2603 καὶ
3563 2548 3797 2619 παράδει-

2235 2643 2353 2713 γμά
2380 2659 2546 2714 φησιν
2572 2642 2795 2712 ἄριστον
2808 2641 3074 2697 Πλάτωνά
3093 2657 3151 2694 τε
3172 2641 3266 2694 καὶ
3294 2639 3650 2711 Δημοσθένην
3680 2638 3799 2710 μετὰ

2236 2735 2332 2788 τοῦ
2366 2735 2661 2809 ῥητορικοῦ
2692 2734 2802 2788 τῶν
2851 2734 3009 2788 ἐννέα
3036 2733 3224 2806 χοροῦ,
3273 2733 3613 2803 Θουκυδίδην
3641 2750 3695 2785 τε
3720 2730 3800 2785 καί

2235 2827 2559 2897 Ξενοφῶντα
2586 2828 2683 2881 καὶ
2716 2826 2978 2897 Αἰσχίνην
3008 2826 3101 2879 τὸν
3134 2825 3419 2879 Λυσανίου
3451 2824 3544 2878 τὸν
3596 2824 3801 2895 Σωκρα-

2234 2919 2409 2984 τικὸν,
2448 2919 2578 2991 [328
2599 2917 2693 2989 Κ]
2726 2917 2956 2989 Κριτίαν
2990 2933 3050 2970 τε
3092 2916 3184 2969 τὸν
3222 2915 3616 2987 Καλλαίσχρου
3647 2916 3689 2948 ⁸⁸
3719 2915 3802 2969 καὶ

2248 3010 2598 3081 Ἀντισθένην
2632 3010 2770 3081 μετὰ
2788 3009 2898 3063 τῶν
2918 3009 3164 3081 γνησίων
3190 3008 3355 3062 αὐτοῦ
3373 3010 3479 3063 δύο
3508 3009 3692 3078 λόγων,
3718 3008 3799 3061 τοῦ

2235 3104 2367 3173 περὶ
2392 3100 2579 3172 Κύρου
2603 3103 2700 3156 καὶ
2727 3102 2823 3155 τοῦ
2848 3103 2977 3174 περὶ
3026 3101 3343 3165 Ὀδυσσείας
3369 3103 3445 3135 ⁸⁷·
3480 3101 3591 3155 τῶν
3634 3100 3793 3173 μέντοι

2237 3195 2520 3266 κωμῳδῶν
2567 3195 2964 3266 Ἀριστοφάνην
3017 3195 3157 3265 μετὰ
3208 3193 3306 3247 τοῦ
3355 3195 3582 3258 οἰκείου,
3626 3194 3681 3247 ἐν
3724 3187 3795 3257 οἷς

2233 3289 2595 3354 ἀττικίζουσι,
2631 3287 2817 3359 χοροῦ,
2836 3288 2933 3340 καὶ
2968 3288 3076 3339 τῶν
3105 3286 3395 3356 τραγικῶν
3432 3286 3690 3356 Αἰσχύλον
3715 3284 3795 3337 τδν

2236 3380 2753 3452 μεγαλοφωνότατον
2786 3379 2878 3433 καὶ
2905 3378 3183 3449 Σοφοκλέα
3222 3379 3313 3432 τὸν
3365 3379 3572 3447 γλυκὺν
3601 3379 3689 3432 καὶ
3714 3377 3795 3430 τὸν

2232 3475 2509 3544 πάνσοφον
2538 3474 2858 3545 Εὐριπίδην.
2892 3472 3131 3537 Τούτους
3164 3472 3482 3542 προκρίνων
3504 3470 3609 3524 τῶν
3637 3469 3794 3524 ἄλλων

2230 3566 2491 3621 ἁπάντων
2514 3566 2613 3620 καὶ
2634 3566 2881 3638 ρητόρων
2909 3565 3006 3619 καὶ
3040 3563 3411 3635 συγγραφέων
3429 3564 3524 3617 καὶ
3553 3561 3794 3632 ποιητῶν,

2230 3661 2291 3727 ἐξ
2314 3661 2495 3715 αὐτῶν
2543 3660 2707 3714 πάλιν
2740 3659 3054 3731 προτάττει,
3090 3656 3185 3721 οὒς
3216 3656 3305 3722 ἂν,
3342 3656 3531 3728 φησὶν,
3560 3654 3664 3709 οὐδ’
3708 3652 3795 3709 αύ-

2229 3755 2321 3820 τδς
2347 3755 2378 3809 δ
2406 3754 2616 3826 Μῶμος
2649 3752 3100 3824 καταμέμψαιτο,
3155 3751 3265 3804 οὐδ’
3294 3751 3348 3803 εἰ
3391 3768 3476 3814 τις
3530 3749 3728 3819 δαίμων
3768 3746 3796 3799 δ

2234 3846 2696 3919 μυθολογούμενος
2750 3846 3076 3915 Κωρυκαϊος
3131 3844 3181 3895 εἰ
3235 3842 3558 3913 ἐπεγχάνοι,
3613 3839 3795 3912 χαιρή-

2232 3956 2377 3992 σειεν
2403 3938 2449 3970 ⁸⁸
2479 3954 2496 3971 ο
2530 3929 2676 3991 οὗτοι
2708 3936 2754 3989 δ’
2783 3936 2891 3990 εἰσί
2921 3934 3148 3989 Πλάτων
3202 3932 3296 3987 καί
3329 3931 3678 4004 Δημοσθένης
3708 3927 3793 3981 καὶ

2227 4031 2256 4084 ὁ
2281 4030 2376 4084 τοῦ
2407 4030 2678 4085 Λυσανίου
2708 4028 2971 4099 Αἰσχίνης
2998 4026 3067 4079 δι’
3104 4025 3305 4095 ἀρετὴν
3341 4025 3455 4078 τῶν
3508 4022 3644 4076 ἐπτά
3679 4023 3793 4074 Δια-

2229 4123 2424 4193 λόγων,
2455 4122 2492 4177 ἃ
2524 4122 2620 4176 καὶ
2649 4119 3042 4191 ἀφαιρούμενοι
3100 4134 3247 4179 τινες
3280 4115 3394 4171 τῶν
3446 4110 3793 4184 συγγραμμά-

2228 4233 2337 4269 των
2370 4215 2654 4286 Σωκράτει
2676 4212 3103 4285 προσνέμουσιν.
3138 4208 3283 4262 Ἀλλ’
3313 4211 3372 4263 ἐν
3394 4207 3633 4277 τοσούτῳ
3679 4203 3792 4274 περὶ

2226 4305 2452 4361 τούτων.

2303 4399 2465 4453 Ἔστι
2496 4397 2556 4451 δέ
2600 4398 2631 4450 δ
2664 4394 3036 4467 συγγραφεὺς,
3072 4395 3125 4448 εἰ
3171 4410 3278 4459 τις,
3308 4389 3782 4463 πολυμαθέστατος.

2226 4491 2403 4553 ἄλλως
2431 4490 2490 4543 δέ
2534 4488 2695 4550 λάλος
2732 4486 2829 4541 καὶ
2856 4486 3113 4557 περιττός
3144 4501 3160 4517 ·
3192 4484 3288 4539 καὶ
3329 4482 3440 4553 γὰρ
3476 4482 3570 4536 καὶ
3605 4476 3785 4545 ταύτην

528 4582 794 4637 dundans.
832 4584 1124 4639 Enimvero
1157 4586 1330 4656 ipsum
1364 4585 1466 4640 hoc
1497 4598 1654 4655 opus,
1690 4584 1826 4638 nihil
1867 4598 2123 4638 necessa-

2232 4587 2328 4655 τὴν
2367 4582 2778 4654 πραγματείαν,
2846 4580 2984 4650 μετὰ
3033 4578 3128 4632 τοῦ
3162 4576 3330 4649 μηδὲν
3352 4578 3465 4629 τῶν
3497 4569 3790 4658 ἀναγκαίων

530 4672 733 4727 riorum
758 4676 1081 4743 omittendo,
1112 4678 1299 4748 quinta
1350 4678 1514 4733 totius
1542 4686 1697 4747 parte
1735 4677 1911 4746 potuit
1942 4676 2120 4733 absol-

526 4766 695 4830 visse,
720 4781 843 4823 cum
878 4770 1096 4825 interim
1127 4771 1263 4842 ipse,
1289 4771 1664 4843 intempestiva
1700 4785 1797 4826 sua
1824 4770 2117 4826 verborum

525 4860 865 4932 profusione,
902 4865 1147 4920 inutilem
1203 4867 1511 4922 extenderit
1558 4864 1613 4920 in
1665 4866 1994 4921 vastitatem.
2037 4863 2116 4919 Ita

500 4953 655 5070 'dum
707 4955 974 5037 elegantis
1044 4972 1107 5012 ac
1136 4970 1375 5014 venusta:
1427 4960 1692 5015 orationis
1748 4959 1938 5014 silvam
1994 4957 2117 5012 aliis

2229 4677 2581 4748 παραλιπεῖν,
2636 4674 2755 4728 ἐνὸν
2824 4672 2945 4744 μηδ’
2988 4671 3070 4734 εἰς
3115 4669 3365 4740 πέμπτον
3390 4669 3437 4701 ⁶⁹
3494 4668 3654 4738 μέρος
3707 4655 3791 4711 τοῦ

2224 4770 2348 4824 ὅλου
2378 4769 2813 4839 συγγράμματος
2841 4765 3164 4836 ἀπαρτίσαι,
3206 4760 3371 4824 αύτδς
3434 4750 3793 4829 ἀκαιρολογῶν

2228 4864 2308 4925 εἰς
2370 4860 2575 4930 πλῆθος
2628 4860 2861 4924 ἐξέτεινε
2921 4856 3280 4926 δύσχρηστον,
3342 4852 3439 4905 καὶ
3485 4847 3648 4904 καλοῦ
3707 4842 3790 4897 καὶ

2228 4955 2430 5028 ὡραίου
2504 4954 2666 5023 λόγου
2720 4952 2854 5023 ὓλην
2937 4950 3119 5013 ἄλλοις
3197 4945 3568 5016 συναθροίζων
3644 4935 3792 4997 αὐτδς

1813 5113 2051 5171 VARUE
2077 5110 2464 5169 LECTIONES
2503 5146 2522 5167 .

647 5207 693 5238 ⁸⁹
764 5206 985 5278 Ῥιγίνῳ
1040 5225 1101 5272 ς.
1171 5208 1244 5263 cf.
1302 5208 1484 5264 Vales.
1550 5209 1678 5264 add.
1754 5206 1808 5260 in
1881 5217 2071 5261 annot.
2124 5206 2191 5260 ad
2242 5204 2455 5260 Soerat.

647 5294 757 5329 lC.
854 5280 899 5309 “
926 5278 1303 5329 συγγραφεῦσι
1366 5279 1630 5329 Scaliger.
1738 5278 1782 5309 “
1813 5278 1939 5329 τοὺς
1970 5277 2095 5329 add.
2123 5278 2189 5329 Δ.
2298 5276 2343 5308 “
2369 5277 2455 5329 Κα

1813 5294 1939 5336 τους
1970 5294 2095 5333 anu.
2123 5294 2189 5331 Δ.

522 5276 658 5348 νήθη
698 5294 757 5341 ς.
854 5280 899 5309 ⁸⁵
926 5276 1303 5349 συγγραφεῦσι
1366 5279 1630 5347 Sealiger.

2507 5219 2563 5274 p.
2606 5202 2696 5257 44.
2778 5201 2841 5257 C.
2891 5201 3209 5274 ed.A_AmsAt.
3263 5266 3275 5274 _
3336 5196 3383 5227 "
3441 5202 3791 5274 προσεπεφω·

2298 5259 2343 5308 ⁸⁸
2369 5259 2721 5356 “clames
2749 5290 2809 5338 ς·
2912 5272 2961 5356 ".
2986 5270 3186 5340 ὀδυσσῆ
3228 5259 3788 5356 τᾶν,ῖτ-ἶείῖξξιξρέῗδὲυὲξ

522 5323 585 5378 ⁸8ι
608 5323 1017 5431 χᾷιὲἡσὲιενιΛι
1043 5323 1107 5401 "fl
1308 5350 1368 5409 θ’
1412 5323 1998 5431 ςυ.ίθιιτ,,χαρρῄσείενι
2040 5366 2070 5431 ζ.
2108 5364 2130 5416 )

2232 5323 3129 5431 ήσειενῖξῖίὲίοίιὶυέ-χωρίσειεν,
3167 5323 3370 5395 omisso
3396 5323 3543 5405 (ante
3566 5323 3791 5395 ε’πεγχά·

518 5433 608 5471 νοι
636 5421 703 5474 εἰ.
800 5421 844 5451 ⁸⁸
875 5419 1152 5489 πέμπτον⁶
1178 5418 1236 5473 ἐν
1273 5435 1421 5476 corr.

1463 5421 1528 5484 Δ,
1562 5416 1829 5491 quiquid
1863 5434 1946 5488 pr.
1984 5416 2260 5482 habuerit,
2283 5432 2390 5471 non
2434 5416 2621 5487 liquet.

2082 5530 2318 5586 NOTAE.

589 5623 703 5695 (48)
736 5624 810 5695 De
832 5639 939 5692 quo
968 5624 1096 5679 item
1129 5641 1279 5695 supr.
1306 5627 1427 5682 cod.
1453 5624 1541 5681 Gl.

591 5694 703 5759 (49)
736 5693 950 5748 Veteris
985 5693 1263 5750 roma-dia:
1293 5697 1671 5761 scriptoribus.

734 5762 866 5835 Vide
900 5764 1120 5835 Suidam
1146 5776 1200 5818 et
1229 5768 1452 5835 Adagia.

587 5832 704 5901 (5i)
730 5831 878 5897 Quos
916 5832 970 5887 in
995 5834 1112 5904 ejus
1144 5835 1265 5891 Vita
1294 5831 1477 5894 Laerl.
1507 5838 1770 5909 Diogenes
1802 5842 2107 5894 euumelat.

2222 5626 2275 5679 In
2318 5624 2511 5693 quibus
2536 5634 2587 5677 et
2618 5624 2913 5683 Axiochus,
2944 5636 3037 5675 seu
3062 5621 3139 5675 De
3165 5628 3360 5693 morte,
3398 5614 3470 5693 ab
3500 5609 3785 5693 ιιδςρρςτξο

2216 5673 3243 5764 ἑῆοίεὶ
3310 5673 3487 5764 Ιιοάἰε,
3516 5673 3783 5764 8.8913150:

2213 5747 2425 5821 Platoni
2453 5747 2799 5823 adscribitur.
2832 5761 2967 5819 Vide
3003 5772 3057 5819 et
3088 5760 3307 5816 Suidam
3334 5758 3384 5812 in
3409 5747 3682 5807 IEschine-
