4062 6452
285 347 400 411 633

1412 350 1487 409 BI
1494 350 1937 417 BLIOTHECA.
1966 377 2035 394 -ο
2071 357 2287 420 CODD.
2317 359 2516 423 CLIX.

3510 372 3610 437 434

298 458 361 509 οὐ
430 453 571 507 λίαν
623 453 857 525 τοιούτῳ
910 454 1038 526 περὶ
1085 456 1264 511 αὐτῶν
1326 458 1687 529 ἀπαγγέλλων
1750 464 1898 536 ἑχρή·

2000 470 2353 536 accumulat,
2419 487 2487 527 ne
2536 470 2626 527 illa
2671 473 2891 543 quidem
2947 476 3085 546 ipsa,
3137 481 3203 536 de
3250 496 3355 551 qua
3401 492 3610 546 caneris

298 569 435 606 σατο
455 551 533 607 ⁷⁸.

1041 645 1215 702 ΡΝΘ’.

317 736 717 806 Ἰσοκράτους
740 735 849 791 τοῦ
873 737 1136 862 ῥήτοὶοοὶς
1152 740 1350 863 adoro:
1392 746 1511 803 xa’,
1537 739 1638 795 καὶ
1664 742 1915 797 ἐπιστο-

1052 828 1090 862 α
1207 852 1219 863 .

1052 828 1110 862 αι
1152 828 1219 863 ιν.

385 903 787 973 Ἀνεγνώσθη⁷¹
807 904 1150 976 Ἰσοκράτους
1166 906 1262 959 τοῦ
1285 907 1515 978 ῥήτορος
1528 910 1707 981 Λόγοι
1724 909 1809 965 κα’
1824 915 1916 966 καὶ

320 996 639 1050 Ἐπιστολαὶ
667 994 733 1053 θ’.
754 996 1221 1067 Συμϐουλευτικοὶ
1258 1000 1357 1069 μὲν
1384 1000 1493 1053 τῶν
1522 1004 1688 1057 αὐτοῦ
1740 1004 1916 1073 λόγων

336 1091 482 1143 εἰσὶν
529 1092 555 1144 6
600 1107 656 1142 τε
704 1088 843 1159 πρὸς
875 1090 1184 1161 Δημόνικον
1235 1093 1332 1146 καὶ
1382 1095 1411 1147 6
1438 1094 1576 1165 πρὸς
1614 1096 1909 1161 Νικοκλέα,

347 1184 638 1254 χρησίμους
670 1182 1025 1250 παραινέσεις
1068 1185 1438 1255 περιέχοντες,
1472 1189 1563 1240 καὶ
1594 1186 1674 1241 ἔτι
1710 1191 1740 1242 6
1794 1190 1915 1244 δεύ-

355 1293 505 1347 τερος
529 1275 647 1343 πρὸς
682 1275 959 1328 Νικοκλέα
985 1276 1081 1329 καὶ
1102 1278 1130 1329 6
1149 1279 1191 1308 ⁷³
1224 1278 1362 1345 Περὶ
1395 1277 1502 1345 τῆς
1515 1281 1780 1347 εἰρήνης.
1806 1283 1912 1335 Καὶ

356 1362 784 1431 όΠανηγινρικὸς
811 1365 867 1417 δὲ
892 1366 1096 1420 σκοπὸν
1127 1367 1274 1438 ἔχειν
1310 1370 1622 1426 ὑποτίθεται
1650 1373 1749 1441 τὴν
1774 1391 1912 1444 συμ-

355 1456 547 1525 ϐουλὴν,
574 1456 641 1508 δι’
659 1450 731 1528 ἦς
754 1457 984 1527 ὁμόνοιά
1002 1477 1061 1512 τε
1091 1461 1228 1532 πρὸς
1250 1462 1517 1535 ἀλλήλους
1540 1468 1653 1528 τοίς
1685 1466 1910 1537 Ἕλλησι

346 1553 427 1603 καὶ
457 1549 627 1613 κοινὸς
678 1552 709 1603 6
744 1551 880 1622 πρὸς
936 1553 1066 1617 τοὺς
1117 1554 1435 1627 βαρϐάρους
1490 1558 1909 1631 καταπραχθείη

336 1641 555 1711 πόλεμος
585 1658 601 1673 ⁸
643 1643 709 1696 τὸ
765 1644 823 1697 δὲ
867 1645 1122 1701 πλεῖστον
1194 1648 1292 1702 τοῦ
1330 1648 1493 1717 λόγου
1544 1652 1624 1713 εἰς
1676 1650 1747 1704 τά
1799 1652 1909 1705 τῶν

338 1734 629 1804 Ἀθηναίων
661 1736 915 1808 ἐγκώμια
942 1740 1354 1811 κατατρίϐεται.
1403 1743 1515 1795 Καὶ
1559 1744 1589 1796 6
1633 1747 1906 1812 Ἀρεοπα-

2019 571 2288 631 praecepta
2326 561 2507 627 tradit,
2541 571 2690 620 recte
2724 568 2859 619 satis
2897 564 3242 640 Phrynichus
3269 584 3353 629 est
3386 591 3538 633 usus.

2723 656 2909 715 CLIX.

2193 739 2451 799 Isocratis
2492 742 2777 803 Orationes
2813 763 2931 803 ur.
2978 759 3025 804 et
3061 749 3323 820 Epistola:
3355 771 3432 815 Ix,

2088 895 2342 967 Legimus
2392 901 2646 957 Isocratis
2703 906 2939 961 oratoris
2986 922 3146 961 unam
3204 928 3371 979 supra
3424 916 3608 983 viginti

2016 991 2321 1059 Orationes,
2360 1005 2410 1048 et
2445 993 2718 1064 Epistolas
2762 1015 2964 1055 novem.
3012 999 3353 1059 Deliberativi
3389 1009 3607 1076 quidem

2013 1083 2231 1153 generis
2253 1087 2531 1141 orationes
2559 1089 2721 1142 habet
2761 1090 2829 1144 ad
2862 1092 3212 1148 Demonicum
3238 1106 3291 1149 et
3328 1098 3396 1151 ad
3449 1097 3610 1156 Nico-

2013 1178 2176 1243 clem,
2236 1194 2358 1248 quze
2406 1181 2807 1237 admonitiones
2853 1186 3135 1241 continent
3191 1190 3492 1259 perutiles;
3553 1204 3609 1249 et

2013 1268 2240 1324 alteram
2293 1270 2421 1325 item
2462 1272 2529 1326 ad
2574 1272 2873 1339 Nicoclem,
2906 1291 3179 1347 unamque
3212 1279 3325 1349 (52)
3359 1280 3435 1335 De
3456 1300 3604 1350 pace.

2013 1359 2347 1433 Panegyrico
2367 1380 2432 1418 an
2442 1375 2545 1419 tem
2568 1368 2671 1421 etsi
2686 1366 2774 1421 illa
2792 1369 3066 1439 proposita
3087 1371 3409 1429 deliberatio
3426 1376 3608 1431 videa-

2014 1464 2122 1522 tur,
2152 1471 2257 1525 qua
2300 1456 2531 1524 Grzecis,
2554 1461 2849 1515 concordia
2883 1462 3026 1517 inter
3055 1465 3201 1534 ipsos
3230 1467 3385 1534 inita,
3417 1468 3603 1524 sociali

2013 1549 2155 1604 bello
2209 1549 2480 1604 Barbaros
2536 1566 2657 1606 esse
2715 1556 3109 1623 oppugnandos
3165 1559 3555 1627 persuadeatur
3583 1604 3601 1627 ,

2014 1641 2212 1710 102a
2236 1641 2394 1711 longe
2447 1653 2621 1698 tamen
2652 1645 2887 1700 maxima
2919 1646 3062 1701 illitis
3099 1650 3361 1704 orationis
3387 1666 3516 1718 pars
3548 1653 3602 1707 in

2008 1733 2421 1787 Atheniensium
2450 1733 2696 1790 laudibus
2751 1738 3099 1792 recensendis
3132 1751 3457 1809 consumpta
3492 1750 3597 1794 est.

318 1824 538 1894 τιτικὸς
599 1826 657 1878 δὲ
688 1828 799 1885 τῶν
846 1830 1326 1900 συμϐουλευτικῶν
1383 1834 1520 1895 ἐστὶ,
1576 1835 1898 1905 προτρέπων

2007 1824 2403 1894 Areopagitica;
2482 1841 2699 1895 quoque
2760 1827 2812 1882 in
2884 1830 3252 1884 suasoriarum
3323 1845 3550 1886 numero
3581 1874 3600 1900 ,

308 1917 430 1981 τοὺς
472 1918 801 1988 Ἀθηναίους
829 1921 916 1973 ἐπ’
946 1923 1149 1991 ἀρετὴν
1171 1923 1230 1989 ἐξ
1253 1924 1479 1977 ἐπαίνου
1517 1926 1619 1996 μὲν
1641 1928 1750 1981 τῶν
1772 1945 1898 1999 προ-

2005 1918 2369 1975 Athenieuses
2412 1923 2479 1973 ad
2520 1921 2773 1975 virtutem
2825 1922 3038 1989 incitat,
3084 1939 3207 1979 cum
3256 1940 3287 1978 a
3332 1925 3598 1993 majormn

304 2010 640 2076 γεγονότων,
678 2014 1034 2084 καταδρομῆς
1061 2015 1119 2069 δὲ
1145 2015 1254 2069 τῶν
1286 2016 1365 2070 ἔτι
1394 2018 1473 2089 τῷ
1498 2020 1657 2089 βίῳ⁷³
1691 2021 1905 2093 περιόν-

298 2117 423 2154 των.
466 2104 587 2157 Καὶ
605 2107 991 2174 ὀΠλατατκός
1023 2108 1080 2161 δὲ
1104 2110 1564 2179 συμϐουλευτικός
1587 2114 1724 2168 ἐστι.
1746 2115 1856 2168 Καὶ
1874 2117 1904 2169 6

292 2197 755 2266 ἐπιγραφόμενος
784 2201 840 2253 δὲ
860 2202 1221 2271 Ἀρχίδαμος
1259 2206 1718 2274 συμϐουλευτικός
1739 2210 1855 2262 ἐστι
1884 2224 1900 2239 ⁸

289 2293 682 2359 παρακαλείτδ
712 2294 1179 2363 Λακεδαιμονίους
1202 2296 1303 2348 ἐπὶ
1333 2296 1424 2349 τὸν
1444 2296 1567 2349 κατ’
1602 2296 1903 2367 Ἀθηναίων

286 2385 546 2455 πόλεμον
570 2387 713 2457 ὑπὲρ
743 2388 1067 2457 Μεσσηνίων
1090 2390 1155 2442 ³⁷⁸.
1204 2389 1262 2442 Ὀ
1290 2390 1349 2442 δὲ
1383 2390 1545 2445 Κατὰ
1569 2389 1691 2444 τῶν
1719 2395 1899 2461 Σοφι-

284 2475 470 2531 στῶν
500 2478 948 2549 ἐπιγραφόμενος
975 2481 1282 2551 κατηγορία
1328 2482 1437 2534 τῶν
1489 2482 1901 2537 ἀντιπολιτευο-

287 2566 493 2635 μένων
523 2567 674 2638 αὖτῷ
694 2569 813 2621 ἐστὶ
845 2569 1137 2637 σοφιστῶν.
1184 2570 1241 2624 Ὀ
1264 2571 1320 2623 δὲ
1352 2570 1553 2642 ἐφεξῆς
1576 2571 1734 2640 λόγος
1759 2572 1897 2625 Βου-

282 2661 513 2733 σίριδος
542 2662 691 2731 αὐτῷ
723 2664 876 2715 ἐστὶν
899 2663 1197 2732 ἐγκώμιον,
1242 2665 1432 2734 ὥσπερ
1463 2666 1556 2719 καὶ
1598 2666 1902 2735 ἐπιγέγρα-

278 2771 457 2809 πται.
483 2754 540 2809 '0
559 2755 615 2807 δὲ
650 2755 936 2819 ἑνδέκατος
951 2756 1205 2824 Ἑλένης
1242 2756 1552 2825 ἐγκώμιον.
1586 2759 1696 2811 Καὶ
1728 2761 1756 2812 6
1796 2759 1900 2812 6w~

276 2847 533 2911 δέκατος
567 2847 847 2917 Εὐαγόρου
883 2848 1181 2919 ἐγκώμιον,
1212 2848 1271 2910 ὃς
1300 2850 1613 2918 Εὐαγόρας
1658 2850 1899 2921 ἐπιγρά-

277 2957 489 3007 φεται,
521 2940 1061 3011 προσπεφωνημένος
1111 2941 1371 2995 Νικοκλεῖ
1434 2942 1514 3013 τῷ
1558 2942 1685 2996 υἱεῖ.
1727 2943 1787 2996 Ὀ
1842 2943 1899 2997 δὲ

278 3034 751 3103 ἐπιγραφόμενος
782 3035 1079 3100 Φίλιππος
1128 3035 1591 3104 συμϐουλευτικός
1639 3036 1779 3099 ἐστι,
1808 3036 1901 3089 (In.

280 3122 497 3193 λίπε-τῳ
526 3123 919 3194 συμϐουλεύων
976 3126 1075 3195 τῆς
1104 3143 1162 3177 τε
1194 3126 1302 3178 τῶν
1350 3126 1623 3197 Ἐλλήνων
1672 3127 1895 3197 φροντί-

2009 2010 2277 2077 laudibus,
2332 2022 2445 2066 tum
2518 2027 2708 2067 eorum
2757 2017 3225 2083 reprehensione,
3274 2019 3367 2087 qui
3421 2018 3599 2073 adhuc

2004 2108 2327 2173 superstites
2360 2114 2560 2160 essent.
2612 2105 2893 2161 Plataicus
2951 2109 3079 2163 item
3128 2110 3443 2163 deliberatio
3487 2122 3597 2175 est,

2007 2199 2083 2251 uti
2133 2206 2187 2251 et
2235 2197 2587 2253 Archidamus
2629 2201 2721 2266 qui
2775 2199 3110 2266 inscribitur,
3156 2200 3597 2259 Lacedaemonios

2004 2289 2073 2344 ad
2108 2290 2306 2344 bellum
2351 2307 2473 2346 cum
2503 2293 2929 2348 Atheniensibus
2958 2294 3071 2366 (55)
3102 2312 3267 2365 super
3308 2295 3596 2353 Messeniis

2003 2382 2299 2453 gerendum
2332 2385 2601 2440 hortatur.
2631 2387 2700 2441 At
2735 2389 2913 2443 oratio
2959 2389 3046 2441 illa
3077 2386 3275 2443 Contra
3316 2390 3595 2456 Sophistas

2003 2475 2284 2543 inscripta,
2315 2477 2534 2532 eosdem
2569 2493 2598 2530 a
2626 2493 2685 2532 se
2716 2478 3043 2533 dissidentes
3075 2488 3321 2534 accusat.
3347 2479 3597 2549 Sequens

2000 2566 2217 2633 deinde,
2278 2570 2421 2637 quod
2453 2569 2637 2625 titulus
2702 2570 2817 2638 ipse
2869 2570 3106 2638 praefert,
3156 2571 3444 2626 Busiritlen
3480 2573 3594 2642 (54)

2005 2660 2211 2714 laudat.
2248 2659 2548 2716 Undecima
2604 2663 2901 2715 encomium
2930 2674 3015 2718 est
3050 2661 3288 2717 Helenor.
3328 2663 3594 2719 Duodeci-

2002 2769 2088 2807 ma
2119 2767 2248 2808 vero
2290 2751 2549 2823 Evagorae
2580 2753 2717 2818 laus,
2752 2755 2897 2809 unde
2927 2765 2982 2809 et
3030 2754 3304 2824 Evagoras
3334 2755 3594 2810 inscribi-

2003 2853 2108 2905 tur,
2143 2842 2347 2898 Nicocli
2391 2844 2633 2913 ejusdem
2667 2844 2779 2898 lilio
2801 2845 3070 2900 dedicata.
3107 2844 3296 2901 Oratio
3332 2862 3593 2916 sequens,

2001 2938 2085 2991 cui
2139 2935 2370 3007 Philippi
2408 2937 2595 2992 titulus
2644 2948 2752 3004 est,
2798 2940 3031 2993 suasorii
3085 2956 3300 2993 rursum
3352 2941 3590 3010 generis,

2001 3029 2308 3100 Philippum
2339 3030 2684 3095 adhortatur,
2713 3041 2773 3084 ut
2799 3040 2854 3085 et
2884 3030 3200 3086 Gramennn
3225 3033 3440 3087 studeat
3463 3048 3592 3088 cou-

2000 3125 2221 3188 cordiaa,
2266 3132 2324 3178 et
2373 3125 2440 3179 de
2492 3123 2767 3178 connnuni
2824 3123 3087 3180 adversus
3137 3124 3402 3181 barbaras
3448 3125 3592 3181 Asia:

277 3217 406 3279 ζειν
428 3216 842 3289 ὁμονοίαςμη
874 3217 975 3290 IL]
1015 3219 1109 3271 καὶ
1164 3218 1265 3288 τῆς
1320 3218 1466 3272 κατά
1487 3219 1598 3271 τῶν
1642 3220 1701 3272 ὲν
1740 3218 1896 3293 Ἀσίᾳ

2000 3226 2188 3285 gentes
2200 3215 2549 3284 expeditione
2575 3215 2877 3282 adjuvanda
2914 3217 3134 3287 cogitet.
3162 3215 3592 3273 Panathenaicus

280 3307 601 3378 βαρϐάρων
632 3312 1015 3377 συστρατείας.
1065 3310 1123 3361 '0
1146 3310 1203 3362 δὲ
1230 3310 1692 3377 Παγαθηναΐκὸς
1716 3309 1896 3378 ἐγκώ-

281 3404 423 3470 μιόν
452 3402 686 3469 ὲστιτῆς
725 3401 1024 3471 Ἀθηναίων
1062 3402 1281 3465 πόλεως
1316 3402 1546 3456 καὶτῶν
1584 3403 1894 3473 προγόνων,

279 3494 341 3545 ὃν
366 3492 737 3562 ἀπάρξασθαι
777 3493 875 3564 μέν
904 3511 1039 3565 φησι
1076 3496 1424 3565 συγγράφειν
1451 3496 1777 3565 ἐνενήκοντα
1800 3495 1897 3549 καὶ

280 3586 585 3654 τεττάρων
618 3586 753 3638 ὲτῶν
785 3585 934 3655 ἄγων
960 3586 1201 3657 ἡλικίαν,
1230 3588 1388 3639 νόσου
1415 3588 1471 3640 δὲ
1497 3587 1747 3657 χαλεπῆς
1777 3605 1895 3659 τρι-

285 3677 450 3731 ετίαν
478 3676 870 3747 κατασχούσης
900 3680 958 3731 ἐν
984 3677 1063 3747 τῷ
1093 3679 1436 3750 ἐνενηκοστῷ
1467 3678 1682 3751 ἑϐδόμῳ
1704 3681 1784 3742 εἰς
1804 3682 1897 3733 πέ-

296 3786 396 3839 ρας
420 3770 660 3837 ἀγαγεῖν
691 3769 782 3823 τὸν
813 3770 993 3839 λόγον.
1034 3772 1094 3823 '0
1121 3772 1178 3824 δὲ
1206 3772 1347 3839 Περὶ
1382 3770 1493 3840 τῆς
1525 3770 1895 3837 ἀντιδόσεως

303 3861 748 3931 ἐπιγραφόμενος
793 3861 950 3931 λόγος
990 3863 1273 3927 δικανικός
1294 3881 1379 3926 τις
1422 3859 1563 3916 εῖναι
1594 3864 1763 3929 δοκεῖ,
1799 3864 1894 3917 καὶ

310 3953 600 4019 ἀπολογίαν
628 3953 769 4023 ἔχων
794 3947 869 4006 ὧν
887 3955 1210 4025 Λυσίμαχος
1236 3955 1424 4019 κακῶς
1451 3952 1605 4008 εἶπεν
1644 3956 1891 4024 Ἰσοκρά-

302 4059 423 4115 την.
445 4044 580 4117 [529
600 4042 693 4118 3.]
716 4046 822 4100 Δύο
856 4046 911 4098 δὲ
940 4048 1033 4100 καὶ
1052 4048 1385 4119 ὀγδοήκοντα
1417 4047 1559 4102 ἐτῶν
1591 4047 1709 4101 ὄντι
1735 4042 1893 4113 οὗτος

292 4136 444 4207 αὐτῷ
464 4139 511 4168 ⁷⁸
541 4137 797 4207 μέγιστος
839 4136 913 4191 ὢν
946 4139 1055 4191 τῶν
1106 4139 1284 4194 ἄλλων
1329 4142 1357 4192 6
1389 4138 1549 4207 λόγος
1591 4141 1888 4208 συνετάγη,

285 4230 404 4283 ἔστι
436 4230 483 4283 δ’
515 4232 547 4283 6
568 4230 725 4297 λόγος
753 4232 799 4262 ⁷⁷
835 4231 1145 4302 σύμμικτος
1174 4234 1269 4285 καὶ
1306 4232 1565 4298 ποικίλος.
1612 4232 1817 4303 μᾶλλον
1853 4232 1888 4305 ἢ

279 4324 333 4375 οἱ
363 4322 526 4377 ἄλλοι
554 4340 569 4354 ο
606 4323 971 4394 παρατίθεται
1008 4324 1065 4377 δὲ
1096 4326 1191 4379 καὶ
1226 4324 1336 4378 τῶν
1364 4325 1542 4379 ἄλλων
1592 4325 1759 4379 αὐτοῦ
1800 4326 1891 4378 λόο

281 4432 408 4483 γων
433 4417 745 4487 περικοπὰς
777 4435 950 4481 τινας,
986 4417 1044 4483 ἐξ
1070 4412 1146 4470 ὧν
1174 4418 1237 4471 οὐ
1268 4417 1511 4490 φθείρειν
1541 4418 1671 4482 τοὺς
1732 4416 1887 4480 νέους

280 4510 406 4564 ἀλλ’
430 4510 665 4581 ὠφελεῖν
698 4512 759 4563 τὸ
776 4512 955 4565 κοινὸν
988 4510 1360 4564 ἐπιδείκνυσιν
1394 4510 1612 4565 ἑαυτόν.
1663 4513 1886 4563 Δικανι-

281 4601 383 4665 κὸς
414 4601 473 4656 δὲ
497 4602 593 4655 καὶ
616 4603 644 4653 6
661 4604 819 4671 Πρὸς
842 4604 1238 4672 Καλλίμαχον
1260 4619 1273 4631 ·
1296 4603 1501 4673 ὁμοίως
1538 4602 1594 4655 δὲ
1623 4604 1715 4656 καὶ
1735 4604 1762 4655 6
1782 4604 1883 4657 Αἱ-

281 4693 599 4763 γινητικὸς
619 4695 661 4726 ⁷⁸
694 4696 837 4765 ὑπὲρ
867 4695 1071 4764 κλήρου
1098 4695 1527 4765 ἀγωνιζόμενος.
1571 4694 1693 4749 Τῶν
1725 4693 1881 4748 δικα-

281 4782 457 4836 νικῶν
476 4783 533 4836 δὲ
561 4785 655 4837 καὶ
682 4787 710 4837 ὁ
740 4785 893 4851 Πρὸς
915 4786 1233 4839 Εὐθύνοον
1270 4784 1425 4852 ὑπὲρ
1463 4786 1695 4848 Νικίου,
1729 4787 1825 4838 καὶ⁸
1854 4785 1883 4838 6

290 4874 727 4944 Tpaazeé'trmtic,
743 4879 837 4930 καὶ
859 4877 887 4929 6
914 4875 1067 4944 Πρὸς
1082 4876 1363 4947 Λοχίτην,
1385 4875 1601 4947 ὕϐρεως
1626 4878 1720 4930 καὶ
1739 4876 1880 4949 πλη-

282 4965 403 5034 γῶν
419 4965 575 5037 δίκην
605 4968 874 5023 ἀπαιτῶν.
911 4967 1069 5022 Οὕτω
1103 4968 1201 5040 μὲν
1234 4967 1329 5021 καὶ
1358 4967 1652 5030 τοσούτους
1703 4967 1875 5036 ἐγνω-

1997 3307 2238 3385 laudatio
2292 3318 2373 3364 est
2422 3310 2575 3364 urbis
2626 3309 2986 3376 Athenarum,
3041 3310 3420 3381 majorumque
3473 3312 3591 3381 ejus

1998 3399 2288 3455 iUnstrium
2336 3417 2352 3456 :
2408 3416 2571 3470 quant
2632 3416 2693 3456 se
2743 3402 2985 3460 scribere
3043 3402 3156 3476 (55)
3206 3404 3439 3473 ctepisse
3490 3405 3588 3467 ait,

1997 3507 2171 3546 annos
2222 3489 2335 3560 jam
2383 3502 2567 3547 uatum
2617 3506 2854 3562 quatuor
2895 3507 2952 3549 et
2993 3496 3285 3567 nonaginta
3323 3515 3336 3562 ;
3368 3500 3588 3557 ιιιιοτὴυ

1997 3592 2178 3636 autem
2218 3585 2368 3653 gravi
2402 3585 2693 3639 triennium
2731 3597 2984 3651 vexante,
3019 3588 3179 3643 tertio
3214 3588 3433 3643 demum
3459 3599 3587 3645 ante

1995 3676 2349 3729 centesimum
2369 3677 2548 3731 aetatis
2567 3693 2771 3732 annum
2801 3680 2869 3733 ad
2891 3680 3095 3735 exitum
3116 3695 3237 3735 eam
3266 3683 3579 3737 adduxisse.

1994 3765 2182 3821 Oratio
2222 3782 2372 3829 vero.
2424 3768 2511 3823 cui
2544 3767 2623 3823 De
2649 3770 3032 3838 permutatione
3073 3772 3283 3837 titulus,
3310 3771 3586 3841 judicialis

1994 3873 2116 3913 esse
2158 3857 2392 3922 videtur,
2416 3860 2765 3930 continetqne
2799 3865 3171 3930 purgationem
3217 3881 3431 3928 eorum,
3462 3865 3585 3935 qui-

1995 3953 2095 4006 bus
2124 3950 2414 4006 Isocratem
2438 3950 2796 4023 Lysimachus
2827 3963 2971 4006 esset
3010 3953 3399 4009 calumniatus.
3432 3954 3582 4009 “:tllc

1992 4060 2139 4099 anno
2177 4043 2354 4098 aetatis
2398 4044 2732 4114 octogesimo
2775 4046 3016 4099 secundo
3042 4085 3058 4111 ,
3105 4047 3414 4101 orationum
3468 4048 3582 4115 (56)

1991 4146 2310 4190 cwterarum
2363 4135 2658 4190 maximam
2704 4140 3053 4206 conscripsit,
3088 4149 3143 4193 et
3193 4140 3407 4194 rnistam
3458 4141 3582 4208 qui-

1992 4232 2112 4283 dem
2142 4245 2260 4283 eam
2292 4230 2570 4299 magisque
2595 4232 2830 4294 variam,
2855 4248 3018 4302 quam
3054 4248 3086 4287 e
3118 4234 3339 4303 reliquis
3392 4234 3578 4298 ullam,

1992 4320 2212 4375 insertis
2261 4321 2483 4392 insuper
2515 4322 2741 4377 aliarum
2769 4324 2886 4393 ejus
2933 4327 3243 4379 orationum
3283 4330 3582 4396 segntcntis

1991 4411 2147 4482 (57),
2190 4412 2387 4483 quibus
2442 4432 2545 4468 non
2596 4430 2948 4487 corrumpere
2986 4432 3046 4471 se
3077 4416 3433 4482 iuventutem,
3483 4422 3577 4479 sed

1992 4522 2104 4561 rem
2138 4507 2332 4574 juvare
2364 4509 2637 4579 publicam
2681 4512 2942 4565 ostendit.
2997 4510 3253 4566 Forensis
3302 4530 3455 4579 a-que
3495 4523 3577 4568 cst
3635 4495 3643 4503 ³

1994 4605 2047 4650 et
2078 4597 2166 4652 illa
2215 4597 2417 4653 Contra
2442 4596 2828 4652 Callimachum
2854 4616 2873 4663 ;
2905 4601 3157 4652 similiter
3185 4609 3241 4653 et
3269 4598 3577 4669 {Egiuetica

1989 4688 2059 4742 de
2086 4688 2401 4744 luereditate
2444 4687 3151 4745 contendens.Judiciorum
3173 4705 3394 4760 quoque
3425 4706 3576 4755 sunt,

1990 4779 2166 4834 oratio
2203 4780 2315 4850 (58)
2342 4779 2604 4834 Adventu
2629 4778 2955 4851 Euthymum
2982 4798 3079 4851 pro
3108 4782 3267 4837 Nicia
3295 4794 3351 4839 et
3382 4782 3581 4854 Trape-

1989 4873 2171 4937 zitica,
2206 4882 2262 4926 et
2286 4872 2551 4926 Adversus
2590 4872 2877 4939 Lochitem,
2922 4874 3243 4943 injuriarum
3273 4874 3574 4945 plagarum-

1986 4976 2091 5033 que
2137 4979 2353 5033 prauam
2389 4979 2698 5035 reposcens.
2750 4966 2857 5021 llas
2888 4967 3105 5036 quidem
3149 4968 3405 5023 Isocratis
3452 4983 3580 5022 ora—

1570 5062 1802 5118 νΑιιιΑί
1844 5058 2255 5115 LECTIONES.

353 5154 414 5226 "Af
431 5153 729 5226 ἐχρήσατο]
767 5156 891 5209 add.
936 5175 997 5222 ς.
1022 5158 1051 5211 6
1080 5159 1366 5226 Φρύνιχος.

280 5224 331 5256 ⁷³
588 5242 605 5297 ς
628 5296 637 5297 7
659 5223 847 5297 βιϐλίῳ
897 5245 956 5292 ς.

280 5298 413 5349 add.
443 5296 513 5351 A.
591 5296 638 5328 "
662 5296 826 5367 λόγος
860 5298 959 5351 καὶ
988 5298 1167 5370 σύμμ.
1204 5296 1298 5352 καὶ
1338 5298 1403 5351 Α.
1479 5298 1524 5330 ⁷⁸
1547 5298 1812 5367 αἰγινικὸς
1840 5301 1907 5349 Α.

1059 5230 1108 5259 ⁷⁸
1130 5224 1449 5297 παρακαλεί
1500 5227 1589 5281 AC
1623 5245 1637 5280 :
1691 5229 1784 5280 καὶ
1810 5224 2123 5295 παρακαλεί
2151 5242 2215 5291 ς.

1510 5157 1553 5188 ’ί
1604 5154 2053 5225 Ἀνεγνώσϐησαν
2074 5152 2261 5209 (Sortes
2288 5151 2516 5209 lsocrat.
2541 5154 2598 5217 ‘2,
2622 5170 2677 5225 p.
2715 5153 2823 5225 με’.
2899 5155 2946 5186 ⁷⁸
2980 5153 3009 5205 6
3032 5161 3158 5225 ante
3182 5155 3311 5224 περὶ
3350 5154 3477 5209 add.
3509 5155 3574 5209 Α.

2314 5225 2363 5256 ’⁸
2390 5224 2668 5295 μεσηνίων
2706 5230 2772 5283 Δ.
2868 5226 2917 5258 ⁷⁸
2946 5224 3098 5296 αὐτῷ
3128 5228 3211 5282 A:
3246 5225 3411 5291 αὐτὸς
3453 5244 3515 5291 ς.
3549 5230 3578 5280 6

1953 5391 2093 5445 TIE.

1953 5391 1994 5444 Τ
2078 5430 2093 5445 .

355 5479 474 5550 (52)
502 5478 674 5550 Hujus
720 5496 823 5534 non
849 5496 972 5538 esse
1000 5480 1145 5537 hanc
1167 5479 1499 5545 Parazoesiu,
1523 5480 1626 5550 sed
1656 5390 1948 5538 alteriul:0
1985 5390 2310 5539 έῖιινθηιο.

279 5549 904 5634 cujusdammlsocratis,
941 5552 1182 5623 disputat
1226 5554 1299 5607 Μ.
1349 5552 1475 5605 Aut.
1510 5549 1753 5608 Muretus
1781 5554 1877 5608 lib.

280 5620 951 5760 Ιυῖϐὅῇιὲἓιῗιιοὺαηίε,
975 5709 1112 5762 pone
1142 5692 1285 5747 nulla
1310 5692 1624 5749 Crtecormn
1652 5692 1883 5747 elemeno

284 5769 470 5833 lorum
505 5765 829 5833 cititatione,
867 5766 1009 5817 κατὰ
1036 5764 1315 5833 Θηϐαίων,
1346 5764 1434 5819 hic
1480 5766 1839 5819 reSIiluendo.

363 5830 482 5902 (54)
525 5832 597 5889 De
644 5850 753 5904 quo
794 5835 1051 5891 videndus
1084 5830 1238 5892 Diod.
1291 5835 1506 5893 Siculus
1543 5835 1633 5891 lib.
1688 5849 1726 5901 ι,
1758 5852 1878 5907 t'ap.

2058 5552 2171 5626 (55)
2207 5555 2323 5626 (Σῦς.
2355 5553 2432 5609 De
2459 5564 2759 5619 senectute,
2788 5566 2844 5611 et
2878 5555 3012 5610 Luc.
3053 5558 3112 5611 ἐν
3145 5553 3479 5626 Μακρόϐιος.

2062 5623 2176 5692 (56)
2212 5623 2455 5696 Intellige
2482 5626 2842 5694 judicialium.
2892 5628 3148 5696 Alioquin
3180 5623 3424 5681 uirtutum
3461 5629 3559 5679 lun-

1990 5694 2227 5769 gissinia
2252 5694 2680 5769 Panathenaica,
2711 5708 2766 5750 et
2790 5698 2924 5769 hinc
2952 5694 3311 5769 Panegyrica.

2085 5764 2173 5837 ΞΠ)
2200 5765 2508 5822 Praesertim
2537 5764 2902 5836 Panegyricae,
2930 5780 2986 5821 et
3021 5768 3089 5823 de
3114 5764 3265 5837 pace.

2085 5768 2173 5834 57)
2200 5768 2508 5822 Praesertim
2537 5768 2902 5836 Panegyricae,
2930 5780 2986 5821 et
3021 5768 3089 5823 de
3114 5768 3265 5837 pace.

1996 5908 2001 5914 _
2062 5768 2177 5906 :58)
2217 5838 2347 5905 Quae
2378 5846 2431 5892 et
2478 5837 2821 5909 ’Λμάρτυρος
2853 5839 3015 5912 vulgo
3043 5839 3380 5896 inscribitur.
