4062 6466
458 368 568 433 435

1622 373 1889 438 PHOTII
1929 379 2444 445 PATRIARCHIE
2482 384 2591 446 (ΖΡ.

3658 389 3765 457 436

458 486 640 534 tiones
668 494 829 536 unam
858 489 913 537 et
952 481 1141 553 viginti
1184 483 1413 554 legimus
1467 482 1604 555 (59).
1634 484 1753 538 Jam
1799 502 1831 541 e
1865 503 2058 544 novem

2184 511 2269 548 ιεν
2310 496 2655 567 Ἰσοκράτους
2677 498 2722 531 τ’
2769 495 2984 564 λόγους,
3031 497 3128 552 ἕνα
3177 498 3273 552 καὶ
3316 500 3539 555 εἴκοσιν
3568 502 3753 570 ὄντας.

462 573 633 641 ipsius
665 573 930 641 epistolis,
963 590 1065 628 una
1096 586 1181 629 est
1209 578 1276 630 ad
1306 576 1617 647 Dionysium
1649 578 1848 631 Sicilia».
1873 590 2059 650 tyran-

463 681 617 733 uttm,
659 666 828 720 altera
879 669 942 721 ad
992 669 1404 735 Archidamum,
1456 672 1574 723 dum
1609 672 1673 723 ad
1724 671 2057 740 Philippum,

462 773 568 809 una
620 759 684 810 ad
722 760 1113 826 Alexandrum,
1161 762 1263 815 alia
1299 765 1365 815 ad
1416 762 1786 831 Antipatrum.
1829 764 1968 830 Quin
2004 773 2059 819 et

467 851 534 905 ad
596 851 979 917 Timotheum,
1018 865 1072 909 et
1114 859 1181 909 ad
1224 855 1650 926 Mitylenaeorum
1705 857 2058 926 ntagiStratus

468 958 632 998 nona.

539 1126 805 1182 Caeterum
859 1140 1045 1182 orator
1093 1130 1192 1186 iste
1231 1132 1517 1186 rhetorica:
1563 1134 1697 1187 artis
1738 1138 2056 1203 prmceptio-

468 1232 565 1271 nes
628 1219 817 1287 102b
855 1221 1135 1289 discipulis
1180 1226 1395 1277 tradere
1436 1224 1645 1289 maluit,
1678 1240 1841 1294 quam
1876 1234 1932 1277 ut
1966 1241 2058 1279 re-

468 1310 600 1379 liqui
650 1327 840 1366 novem
870 1312 1094 1367 Graecia:
1120 1323 1391 1379 oratores,
1430 1331 1567 1385 quos
1594 1318 1737 1371 inter
1763 1327 1819 1371 et
1855 1316 2053 1372 Demo-

466 1404 711 1465 sthenes,
758 1404 1145 1473 rempublicam
1175 1422 1364 1475 gerere
1392 1426 1406 1459 :
1439 1410 1655 1463 tametsi
1699 1421 1755 1463 ut
1789 1419 1915 1464 ante
1964 1410 2061 1464 ho-

470 1510 589 1548 rum
622 1503 862 1565 tempora
900 1498 1112 1551 dicendi
1147 1498 1303 1552 laude
1337 1499 1599 1563 clarehat,
1633 1503 1704 1554 ita
1736 1516 1838 1556 nec
1872 1516 2058 1555 eorum

470 1589 808 1659 temporibus
855 1591 948 1644 ulli
990 1591 1157 1660 gloria
1207 1595 1447 1647 cederet.
1488 1593 1719 1648 Maxima
1755 1606 1836 1650 est
1873 1596 1925 1649 in
1971 1611 2059 1659 eo,

472 1687 532 1731 ut
556 1678 728 1733 cuivis
775 1680 970 1750 legenti
1003 1683 1188 1735 statim
1240 1692 1427 1749 patet,
1473 1685 1737 1739 orationis
1784 1688 2063 1741 distinctio

470 1785 535 1824 ac
570 1771 818 1837 puritas;
867 1781 1183 1842 tantamque
1223 1775 1277 1827 in
1307 1778 1498 1830 cadent
1535 1777 1865 1833 elaboranda
1898 1794 2061 1833 accu-

469 1866 737 1920 rationem
768 1865 984 1935 praefert
1018 1866 1154 1935 (60),
1176 1879 1232 1920 ut
1262 1871 1314 1921 in
1348 1884 1816 1937 supervacaneum
1843 1886 2061 1940 quoque
2094 1847 2139 1902 Β

471 1957 675 2011 incidat
731 1970 981 2011 ornatum
1062 1960 1527 2031 diligentiamque.
1598 1963 1737 2028 Quin
1795 1978 2063 2033 operosus

474 2048 638 2101 nimis
666 2048 753 2102 hic
779 2049 899 2118 ejus
928 2063 1178 2115 conatus,
1207 2067 1312 2104 non
1346 2062 1452 2105 tam
1501 2056 1836 2122 argumentis
1870 2054 2061 2110 fecun-

473 2140 625 2203 dum,
652 2154 816 2209 quam
857 2142 1069 2197 decoris
1108 2144 1358 2198 servandi
1389 2159 1580 2213 parum
1604 2146 1907 2201 studiosum
1937 2164 2061 2203 eum

476 2233 733 2287 declarat.
790 2233 908 2288 Jam
957 2251 1136 2304 neque
1183 2237 1355 2291 lenior
1396 2239 1591 2293 saltem
1644 2238 1869 2294 allectus
1897 2240 2061 2306 ullus,

474 2339 654 2394 neque
691 2326 1041 2383 simulatione
1079 2344 1273 2384 carens
1299 2330 1611 2397 sinceritas,
1647 2348 1823 2401 neque
1868 2334 2067 2386 incita-

476 2418 587 2473 tior
644 2420 805 2487 paulo
851 2420 1065 2476 dicendi
1116 2423 1225 2477 ulla
1277 2424 1361 2479 vis
1408 2425 1461 2478 iu
1513 2440 1578 2478 eo
1622 2426 2067 2494 deprehenditur.

476 2508 818 2567 Grandilatis
868 2514 1132 2568 duntaxat
1187 2526 1420 2579 tantum,
1459 2526 1725 2585 quantum
1759 2518 1824 2570 ad
1855 2518 2067 2571 civilem

476 2602 781 2658 orationem
830 2606 966 2661 satis
1017 2615 1122 2671 est,
1168 2624 1273 2662 non
1330 2608 1495 2672 male,
1541 2619 1597 2663 et
1637 2610 1751 2677 pari
1806 2608 1920 2663 fere
1947 2623 2071 2662 cum

478 2695 870 2766 perspicuitate
903 2697 972 2752 ab
1019 2713 1084 2752 eo
1132 2699 1441 2754 adhibetur.
1487 2700 1602 2755 Etsi
1656 2700 1800 2769 justo
1856 2701 2073 2769 langui-

479 2788 600 2841 dior
634 2788 755 2857 ejus
803 2789 875 2843 sit
920 2791 1122 2855 oratio,
1165 2807 1264 2846 nec
1314 2807 1505 2860 parum
1560 2791 1648 2845 illa
1701 2794 2070 2847 membrorum

2172 587 2292 640 Τῶν
2322 588 2366 641 δ’
2388 590 2546 642 ἐννέα
2573 590 2875 644 ἐπιστολῶν
2920 592 3087 645 αὑτοῦ
3150 592 3248 662 μία
3305 593 3411 664 μέν
3472 596 3597 647 ἐστι
3628 598 3765 666 πρὸς

2164 677 2444 730 Διονύσιον
2482 678 2572 731 τὸν
2631 680 2886 743 Σικελίας
2960 680 3252 752 τύραννον,
3303 682 3479 753 ἑτέρα
3525 682 3587 736 δὲ
3628 686 3767 755 πρὸς

2176 769 2529 839 Ἀρχίδαμον,
2574 771 2668 822 καὶ
2714 772 2851 842 προς
2903 772 3172 826 Φίλιππον
3223 772 3339 835 δύο,
3401 772 3507 842 μία
3544 773 3603 825 δὲ
3632 776 3765 844 πρὸς

2176 861 2548 931 Ἀλέξανδρον,
2570 866 2665 915 καὶ
2684 864 2820 933 πρὸς
2861 864 3222 936 Ἀντίπατρον
3251 865 3415 935 ἄλλη,
3452 864 3554 925 καὶ
3581 865 3646 933 δὴ
3675 868 3764 921 καὶ

2165 954 2303 1023 πρὸς
2342 954 2628 1024 Τιμόθεον,
2673 956 2768 1007 καὶ
2803 955 2940 1027 πρὸς
2978 955 3106 1019 τοὺς
3139 955 3542 1027 Μιτυληναίων
3574 954 3768 1026 ἄρχον-

2163 1062 2262 1107 τας
2290 1046 2322 1113 ἡ
2349 1046 2535 1112 ἐνάτη.

2239 1131 2407 1202 Οὗτος
2442 1140 2540 1211 μέν
2570 1139 2663 1194 οὖν
2683 1142 2711 1194 ὁ
2749 1141 2934 1212 ῥήτωρ
2954 1140 3298 1211 σοφιστεύειν
3330 1139 3549 1210 μᾶλλον
3574 1138 3609 1211 ἥ
3662 1141 3769 1193 τῶν

2163 1230 2362 1282 κοινῶν
2397 1233 2778 1302 προστάττειν,
2822 1232 3011 1305 ὥσπερ
3034 1234 3084 1286 οἱ
3109 1233 3258 1288 ἄλλοι
3290 1232 3461 1287 ἐννέα
3517 1232 3766 1305 ῥήτορες,

2164 1314 2240 1373 ὧν
2268 1323 2361 1374 καὶ
2388 1323 2739 1393 Δημοσθένης
2769 1319 2858 1395 ἦν,
2898 1326 3094 1389 εἵλετο,
3129 1325 3308 1378 καίτοι
3353 1324 3455 1377 καὶ
3474 1322 3588 1394 πρὸ
3630 1325 3769 1377 ἐκεί-

2165 1432 2272 1466 νων
2305 1417 2417 1478 τοῖς
2446 1415 2545 1484 τῆς
2582 1417 2881 1487 ῥητορικῆς
2914 1418 3183 1486 ἀκμάζων
3249 1417 3462 1485 λόγοις,
3522 1416 3621 1468 καὶ
3651 1419 3769 1469 κατ’

2165 1504 2408 1569 ἐκείνους
2454 1508 2554 1576 τὴν
2602 1506 2690 1559 ἐπ’
2751 1509 2936 1572 αὐτοῖς
2986 1508 3145 1574 δόξαν
3190 1509 3290 1562 οὐκ
3342 1506 3764 1577 ἐλαττούμενος.

2165 1594 2450 1665 Κέχρηται
2475 1596 2532 1647 δὲ
2565 1596 2805 1665 μάλιστα
2832 1597 2951 1666 μὲν,
2984 1596 3059 1661 ὼς
3094 1597 3292 1650 αὐτίκα
3334 1599 3461 1659 τοῖς
3497 1594 3763 1664 ἀναγινώ-

2168 1702 2357 1739 σκουσι
2392 1686 2572 1757 δῆλον,
2620 1688 2902 1757 εὐκρινείᾳ
2934 1690 3029 1742 καλ⁵
3058 1689 3423 1760 καθαρότητι,
3467 1687 3680 1756 πολλήν
3710 1705 3759 1741 τε

2167 1778 2489 1848 ἐπιμέλειαν
2532 1781 2661 1849 περὶ
2710 1780 2810 1850 τὴν
2865 1770 3131 1851 ἐργασίαν
3174 1781 3282 1833 τῶν
3337 1779 3525 1847 λόγων
3576 1778 3759 1831 ἐπιδείο

2170 1886 2381 1933 κνυται,
2433 1868 2573 1922 ὥστε
2608 1870 2702 1923 καὶ
2757 1872 2837 1933 είς
2870 1873 3129 1940 περιττὸν
3162 1868 3314 1940 αὑτῷ
3330 1868 3380 1900 ⁸ο
3428 1866 3755 1919 διεκπίπτειν

2168 1962 2261 2014 τὸν
2299 1962 2505 2031 κόσμον
2560 1962 2657 2014 καὶ
2689 1961 2752 2014 τὸ
2794 1962 3079 2033 ἐπιμελές.
3112 1962 3225 2015 Καὶ
3273 1959 3413 2014 αὐτὸ
3463 1958 3525 2011 δὲ
3587 1956 3646 2009 τὺ
3675 1956 3759 2024 τῆς

2171 2053 2436 2123 ἐργασίας
2466 2052 2761 2118 πλεονάζον
2784 2053 2916 2125 παρ’
2942 2052 3092 2123 αὐτῷ
3117 2054 3177 2105 οὺ
3217 2052 3279 2104 τὸ
3311 2052 3549 2120 γόνιμον
3578 2046 3762 2118 μᾶλλον

2171 2145 2282 2197 τῶν
2327 2147 2777 2217 ἐπιχειρημάτων
2827 2146 2861 2216 ἢ
2925 2145 2987 2199 τὸ
3047 2145 3425 2215 ἀπειρόκαλον
3506 2143 3762 2215 παριστᾷ.

2172 2234 2345 2300 Ἦθος
2367 2238 2423 2290 δὲ
2463 2238 2558 2291 καὶ
2600 2238 2827 2307 ἀλήθεια
2862 2238 2957 2290 καὶ
3009 2238 3281 2307 γοργότης
3340 2236 3469 2290 οὐδὲ
3527 2237 3765 2305 μέτεστιν

2176 2330 2408 2401 αὐτῷδι,
2454 2331 2721 2402 μεγέθους
2773 2330 2829 2385 δὲ
2858 2330 3006 2401 αὐτῷ
3057 2332 3179 2384 ὅσον
3222 2331 3303 2393 είς
3360 2330 3455 2382 τὸν
3499 2327 3766 2381 πολιτικὸν

2176 2423 2475 2494 ἐναρμόξει
2505 2423 2687 2492 λόγον,
2718 2424 2917 2495 ἄριστα
2944 2426 3039 2478 καὶ
3066 2422 3484 2495 παραπλησίως
3504 2421 3763 2491 κέκραται

2176 2519 2244 2586 τῇ
2279 2516 2569 2589 σαφηνείᾳ,
2594 2518 2823 2581 Ἀτονος
2854 2517 2909 2570 δὲ
2930 2517 3095 2570 πλέον
3124 2515 3219 2569 τοῦ
3278 2515 3503 2577 δέοντος
3525 2515 3553 2567 ό
3588 2512 3758 2581 λόγος.

2179 2610 2291 2678 Οὐχ
2322 2611 2526 2681 ἣκιστα
2557 2610 2615 2663 δὲ
2651 2609 2818 2663 αὐτοῦ
2858 2608 3252 2681 σμικρολογίαν
3285 2607 3388 2661 καὶ
3439 2605 3502 2659 τὸ
3532 2621 3761 2677 προσκο-

2177 2703 2272 2773 ρές
2298 2702 2409 2756 τῶν
2442 2701 2808 2774 παρισώσεων
2838 2705 3097 2757 αἰτιᾶται.
3150 2701 3313 2755 ’Λλλὰ
3375 2699 3555 2755 ταῦτα
3596 2714 3766 2768 φαμεν

2176 2794 2311 2865 πρὸς
2340 2795 2440 2864 τὴν
2472 2795 2528 2847 ἐν
2551 2795 2737 2863 λόγοις
2771 2795 2937 2848 αὐτοῦ
2965 2796 3162 2866 ἀρετὴν
3180 2794 3242 2847 τὸ
3266 2795 3332 2846 ἐκ
3346 2797 3542 2849 πῖπτον
3565 2790 3611 2823 ⁸⁸
3636 2788 3766 2843 Exsi-

479 2879 771 2947 azqualium
804 2883 870 2935 ad
904 2880 1185 2937 fastidium
1231 2899 1403 2955 usque
1432 2885 1612 2954 copia,
1657 2886 1919 2938 minutam
1956 2886 2074 2951 ejus

2184 2905 2268 2956 mg
2302 2888 2395 2939 καὶ
2422 2886 2677 2957 ἀνόμοιον
2710 2887 3137 2958 ἐνδεικνύμενοι,
3172 2888 3295 2940 ἐπεὶ
3328 2885 3474 2956 πρός
3503 2901 3568 2953 γε
3600 2882 3766 2943 ἐνίους

482 2971 811 3042 anxiamque
857 2974 1194 3045 diligentiam
1234 2988 1451 3045 arguat.
1485 2976 1688 3032 Verum
1732 2977 1845 3032 haec
1878 2979 2070 3032 adver-

482 3079 577 3118 sus
607 3064 723 3132 ejus
773 3067 826 3120 in
872 3068 1101 3122 dicendo
1149 3070 1523 3136 prmstantiam
1558 3070 1700 3125 dicta
1732 3073 1865 3137 sint,
1909 3071 1974 3123 ad
2006 3084 2071 3124 ea

2174 2977 2280 3030 τῶν
2306 2977 2353 3009 ⁸³
2386 2978 2623 3048 γράφειν
2652 2977 2844 3047 λόγους
2898 2980 3280 3051 ἐπαιρομένων
3326 2979 3529 3051 ἀρεταὶ¹
3577 2977 3641 3031 ἂν
3684 2975 3767 3029 δό-

2176 3068 2308 3135 ξωσι
2328 3068 2424 3121 καὶ
2446 3069 2517 3122 τὰ
2546 3070 2757 3122 ἐκείνου
2780 3072 3161 3142 ἐλαττώματα.

482 3162 859 3217 tantummodo
909 3162 1225 3225 iudicanda,
1281 3165 1334 3217 iu
1395 3164 1591 3233 quibus
1636 3164 1811 3235 lapsa,
1868 3165 2082 3233 sibique
2104 3163 2388 3219 dissimilis
2444 3163 2561 3233 ejus
2604 3166 2778 3219 virtus
2837 3166 2959 3220 fuit.
3010 3165 3144 3219 Nam
3228 3181 3359 3220 cum
3456 3162 3762 3235 quibusdam

483 3262 659 3321 certe,
729 3255 822 3325 qui
880 3255 1159 3311 orationes
1210 3260 1455 3314 scribere
1522 3260 1838 3326 instituunt,
1905 3271 2275 3330 comparatus,
2333 3262 2497 3315 etiam
2567 3262 2696 3314 vitia
2762 3262 2933 3330 ipsius
2995 3261 3049 3314 in
3120 3260 3421 3316 virtutibus
3506 3257 3765 3314 numerari

485 3358 710 3421 queant.

557 3441 737 3497 Habes
785 3444 1053 3514 syllabam
1101 3448 1365 3502 [socratis
1403 3446 1743 3513 Orationum,
1774 3458 1823 3503 et
1857 3447 2247 3519 Epistolarum.

2338 3445 2689 3501 Intercidisse
2764 3457 2945 3501 autem
2996 3447 3274 3516 qua’dam,
3340 3449 3559 3501 idoneos
3626 3447 3766 3498 lesle‘

486 3538 675 3595 habeo.
712 3538 991 3596 Orationes
1039 3544 1176 3596 enim
1245 3558 1475 3612 quatuor
1538 3546 1804 3598 desiderat
1877 3545 2162 3614 Dionysius
2193 3543 2662 3606 Halicarnasseus,
2692 3538 2943 3596 Caecilius
2985 3540 3257 3595 Romanus
3278 3553 3501 3610 septem,
3543 3540 3765 3593 undecim

489 3635 711 3693 Suidas.
761 3636 1121 3703 Epistolarum
1160 3657 1276 3692 vero
1320 3657 1481 3692 unam
1512 3642 1579 3692 ad
1626 3640 1968 3709 Antipatrum
2004 3640 2125 3710 legit
2190 3638 2434 3705 Photius,
2501 3655 2594 3692 nos
2643 3640 2955 3705 quaerimus.

3035 3636 3179 3690 Nam
3244 3638 3312 3689 ad
3373 3637 3764 3697 Archidamum,

488 3748 606 3801 qua:
636 3732 888 3786 hactenus
914 3732 1066 3786 latuit
1093 3752 1117 3787 e
1160 3733 1293 3788 Cod.
1328 3732 1452 3787 Ful.
1490 3731 1675 3788 Ursini
1716 3733 1870 3788 Rom.
1907 3735 2133 3788 hominis
2210 3732 2503 3786 doctissimi
2581 3733 2926 3801 descriptam,
2996 3740 3045 3785 et
3094 3731 3215 3799 jam
3267 3728 3464 3783 Latine
3507 3741 3767 3799 utcumque

492 3828 811 3895 loquentem,
846 3828 1068 3880 volentes
1108 3831 1319 3882 damus.
1380 3828 1523 3881 Duas
1563 3842 1737 3883 autem
1778 3831 1846 3881 ad
1882 3826 2211 3897 Philippum,
2263 3836 2311 3880 et
2376 3826 2446 3881 ad
2498 3825 2715 3880 Jasonis
2766 3824 2960 3879 liberos
3007 3824 3259 3889 alteram,
3309 3824 3512 3879 invisas
3571 3820 3765 3883 Photio,

489 3919 730 3991 vulgatos
761 3924 992 3974 observo.

596 4013 860 4069 Isocrates
895 4014 1218 4068 Archidamo
1259 4014 1783 4070 Laccdwmoniorum
1848 4017 1974 4086 regi.

565 4108 820 4179 Cognito,
868 4106 1223 4173 Archidamo,
1256 4124 1416 4177 quam
1464 4109 1615 4163 multi
1649 4122 1723 4175 te,
1779 4121 2083 4179 parentem—

496 4206 605 4274 que
650 4212 800 4256 tuum
849 4200 985 4272 (Gl),
1014 4216 1139 4255 cum
1192 4212 1376 4255 vestro
1433 4218 1631 4271 genere
1672 4202 1929 4255 universo
1966 4201 2109 4275 (6‘2),

497 4296 752 4351 laudibus
782 4310 982 4351 ornare
1017 4292 1259 4365 aggressi
1295 4304 1477 4349 essent
1502 4333 1518 4357 ,
1554 4311 1673 4349 eam
1710 4295 1843 4365 ipsis
1870 4295 2082 4349 dicendi

499 4386 809 4452 materiam,
842 4401 965 4441 cum
1032 4384 1208 4440 facilis
1246 4385 1557 4455 ladmodum
1611 4396 1757 4441 esset
1805 4396 1859 4440 et
1903 4386 2087 4451 obvia,

502 4481 911 4550 relinquendam
949 4478 1156 4548 putavi.
1186 4478 1322 4532 lllud
1352 4479 1494 4532 enim
1523 4480 1653 4533 mihi
1684 4480 1736 4533 in
1777 4478 1961 4532 animo
1983 4487 2089 4544 est,

504 4574 712 4630 hortari
746 4583 819 4638 te,
856 4589 959 4627 non
993 4572 1057 4626 ad
1103 4571 1369 4641 ejusmodi
1421 4571 1824 4639 expeditionem
1853 4570 2090 4640 aliquam

506 4667 698 4739 quales
747 4667 851 4722 hoc
900 4676 1139 4734 tempore
1184 4664 1594 4735 suscipiuntur:
1642 4664 1736 4717 sed
1787 4662 1853 4737 ad
1894 4676 1981 4724 ea,
2026 4674 2092 4714 ex

508 4761 708 4832 quibus
738 4760 946 4815 civitati
978 4774 1084 4813 non
1120 4757 1298 4812 minus
1330 4766 1455 4821 tum,
1476 4771 1651 4835 quam
1683 4753 1906 4809 Gracche
1938 4752 2096 4823 plane

419 4917 425 4925 ε
511 4854 783 4908 universa:
809 4851 1219 4907 commodorum
1256 4850 1614 4903 maximorum
1665 4855 1854 4901 auctor
1886 4847 2098 4900 futurus

427 4941 430 4945 ’
512 4949 609 5004 sis.
645 4944 829 5015 Neque
858 4961 986 4998 vero
1022 4944 1162 4998 istud
1194 4942 1465 4998 scribendi
1490 4948 1868 5010 argumentum
1901 4936 2095 5002 delegi,

514 5038 660 5111 quod
711 5037 1003 5101 nescirem,
1049 5037 1307 5105 quidnam
1354 5042 1499 5089 esset
1535 5033 1601 5085 ad
1650 5030 2095 5101 pertractandum

514 5131 768 5187 lucilius:
829 5130 922 5184 sed
977 5145 1042 5183 ex
1096 5144 1160 5181 eo
1219 5128 1417 5196 potius,
1449 5127 1605 5195 jquod
1673 5133 1825 5179 certo
1877 5124 2099 5186 scirem,

514 5240 679 5294 quant
712 5223 940 5277 arduum
996 5221 1138 5275 foret
1186 5233 1487 5288 parumque
1519 5216 1736 5270 obvium
1784 5215 2103 5268 adiuvenire

520 5315 643 5381 tibi,
694 5330 832 5384 quas
885 5328 1044 5385 geras
1108 5329 1216 5378 res,
1244 5311 1558 5381 praeclaras,
1617 5322 1864 5378 magnas,
1920 5306 2105 5371 utiles,

2189 4010 2531 4079 Ἰσοκράτης
2567 4006 2937 4079 Ἀρχιδάμῳ,
2975 4004 3468 4074 Λακεδαιμονίων
3514 3997 3762 4067 βασιλεῖ.

2263 4103 2451 4170 Εἰδὼς,
2486 4096 2531 4155 ὧ
2564 4101 2880 4173 Ἀρχίδαμε,
2931 4097 3159 4163 πολλοὺς
3195 4095 3567 4167 ὡρμημένους
3595 4095 3757 4159 ἐγκω-

2193 4198 2410 4269 μιάζειν
2435 4213 2515 4261 σε,
2548 4195 2644 4249 καὶ
2673 4193 2763 4247 τὸν
2796 4190 3031 4263 πατέρα,
3059 4188 3155 4243 καὶ
3188 4189 3249 4241 τὸ
3281 4188 3444 4256 γένος
3481 4184 3628 4255 ὑμῶν
3657 4198 3672 4213 .
3689 4180 3765 4269 ξε,

2192 4267 2366 4361 λόμην
2401 4288 2593 4342 τοῦτον
2646 4287 2743 4357 μὲν
2779 4285 2870 4337 τὸν
2900 4284 3082 4352 λόγον,
3110 4281 3298 4349 ἐπειδὴ
3331 4279 3456 4332 λίαν
3480 4277 3651 4349 ῥᾴδιος
3684 4267 3757 4340 ἦν,

2199 4384 2432 4446 ἐκείνοις
2466 4379 2800 4451 παραλιπεῖν
2834 4394 2849 4407 ·
2883 4376 3047 4438 αὐτὸς
3073 4375 3129 4428 δέ
3157 4391 3217 4427 σε
3246 4369 3571 4441 διανοοῦμαι
3604 4380 3754 4434 παρα-

2200 4476 2385 4531 καλεῖν
2430 4473 2523 4527 ἐπὶ
2573 4470 2906 4542 στρατηγίας
2954 4467 3050 4520 καὶ
3097 4464 3388 4535 στρατείας
3421 4460 3572 4514 οὐδὲν
3599 4454 3758 4527 ὁμοίας

2200 4572 2321 4632 ταῖς
2350 4566 2446 4621 νῦν
2504 4562 2911 4634 ἐνεστηκυίαιςο
2966 4560 3081 4614 ἀλλ’
3118 4559 3179 4624 ἐξ
3218 4551 3293 4611 ὧν
3345 4555 3596 4627 μεγάλων
3645 4551 3761 4614 ἁγα-

2204 4659 2313 4713 θῶν
2342 4657 2512 4719 αἴτιος
2549 4657 2754 4726 γενήσῃ
2786 4654 2880 4707 καὶ
2910 4655 2977 4724 τῇ
3025 4651 3179 4704 πόλει
3199 4653 3265 4721 τῇ
3291 4648 3511 4711 σαυτοῦ,
3541 4644 3628 4697 καὶ
3670 4638 3767 4698 τοῖς

2207 4749 2425 4819 ’έλλησιν
2464 4748 2654 4801 ἅπασι·
2688 4744 2895 4815 ταύτην
2928 4744 2986 4797 δὲ
3034 4742 3383 4813 ἐποιησάμην
3412 4738 3509 4807 τὴν
3557 4734 3765 4804 αἵρεσιν.

2210 4842 2311 4894 οὐκ
2372 4838 2583 4908 ἀγνοῶν
2640 4838 2733 4889 τὸν
2783 4837 2946 4905 λόγον
2992 4835 3086 4888 τὸν
3134 4827 3765 4904 εὐμεταχειριοτότερον’

2213 4933 2328 4987 ἀλλ’
2362 4930 2607 5002 ἀκριϐῶς
2650 4928 2827 4993 εἰδὼς.
2875 4929 2956 4981 ὅτι
2988 4927 3218 4998 πράξεις
3256 4926 3351 4985 μὲν
3404 4921 3585 4995 εὑρεῖν
3617 4910 3769 5002 καλὴ

2211 5026 2305 5079 καὶ
2348 4998 2592 5095 μεγάλας
2622 5020 2717 5073 καὶ
2750 5017 3137 5089 συμφερούσας
3172 5015 3404 5086 χαλεπὸν
3432 5011 3522 5066 καὶ
3566 4998 3770 5095 σπάνιόν

2210 5093 2397 5186 ἐστινῖ·
2423 5114 2705 5167 ἐπαινέσαι
2737 5111 2908 5174 δὲτὰς
2942 5111 3140 5183 ἀρετὰς
3168 5110 3266 5172 τὰς
3302 5106 3566 5178 ὑμετέρας
3596 5093 3770 5193 ῥᾳδίως

2213 5206 2327 5272 οἷος
2371 5211 2418 5261 τ’
2450 5207 2517 5260 ἂν
2563 5205 2855 5274 ἐγενόμην.
2892 5206 2966 5257 Οὐ
3012 5205 3122 5273 γὰρ
3152 5204 3259 5255 ἔδει
3292 5219 3357 5272 με
3391 5197 3518 5267 παρ’
3552 5196 3771 5262 ἐμαυτου

2221 5300 2543 5371 πορίζεσθαι
2566 5298 2634 5349 τά
2666 5298 3045 5366 λεχθησόμενα
3083 5294 3214 5366 περὶ
3243 5288 3561 5354 αὐτῶν,ἁλλ’
3586 5287 3645 5338 ἐκ
3674 5276 3769 5331 τῶν

1825 5439 2059 5495 VARIA‘Z
2090 5437 2476 5493 LECTIONES

596 5550 958 5622 ⁷⁸’1σοκράτου
988 5548 1054 5604 Α.
1133 5544 1180 5578 ³ο
1202 5544 1353 5615 αὑτῷ
1373 5544 1417 5598 A
1450 5563 1463 5599 :
1495 5542 1575 5612 τῷ
1611 5559 1671 5606 ς.
1747 5541 1792 5572 εί
1832 5556 1957 5610 μετ.
1982 5536 2112 5607 παρ’
2165 5534 2318 5606 αὑτῴ
2343 5553 2403 5600 ς.
2481 5535 2528 5566 δ’
2555 5532 2832 5602 ἐμπίπτον
2866 5549 2905 5595 ς
2936 5570 2952 5585 .

3054 5525 3282 5590 ³³ἐνίους
3304 5520 3411 5576 τῶν
3432 5518 3475 5573 Α
3500 5527 3514 5565 :
3540 5507 3685 5565 ἐνίων
3716 5516 3770 5563 ς.

2052 5630 2282 5687 NOTAE.

600 5737 717 5806 (59)
785 5735 901 5792 Una
949 5747 1131 5788 tamen
1178 5735 1265 5806 hic
1302 5737 1418 5806 sive
1460 5731 1670 5785 auctori
1712 5732 1846 5806 _sive
1892 5726 2115 5806 librario

532 5799 766 5880 excedit,
785 5809 922 5880 ΙΙερὶ
940 5809 1189 5880 ζεύγους,
1222 5805 1298 5860 De
1316 5805 1476 5880 bigis,
1510 5813 1568 5880 et
1580 5817 1688 5880 _uua
1712 5802 1840 5880 item
1861 5799 2113 5880 epistola.

608 5868 1269 5950 (σο)’1η·εοήιρὸείιεοηε
1315 5868 1444 5929 adeo
1492 5873 1740 5943 diligens,
1784 5872 1856 5928 ait
1887 5868 2112 5938 Quintil.

2224 5726 2412 5862 Ιὼίδῖλ
2444 5713 3465 5862 223:3;3'isergﬁjﬁgev'ii:liighoph.
3490 5778 3542 5827 et
3560 5763 3784 5822 Plutarci

2302 5860 2414 5937 (62)
2442 5860 2872 5918 lleraclidarum.
