4062 6454
332 354 437 419 437

1453 360 1981 420 BIBLIOTHECA.
2019 384 2091 394 -
2128 362 2294 422 COD.
2360 362 2556 421 CLIX.

3503 353 3608 418 438

330 467 463 535 ὑμῖν
487 467 902 537 πεπραγμένων
940 468 1213 533 τοσαύτας
1241 469 1307 525 ἄν
1331 473 1429 525 καὶ
1456 472 1711 535 τοιαύτας
1740 474 1910 543 ἀφορ-

2041 488 2139 526 :um
2180 482 2363 527 tamen
2396 474 2624 528 virtutes
2658 482 2868 526 vestras
2911 472 3131 526 laudare
3165 489 3270 526 non
3304 474 3379 528 ita
3408 486 3604 542 magna

328 557 438 628 μῖας
469 558 690 619 ἔλαϐον,
726 559 866 612 ὥστε
890 560 991 623 τὰς
1020 566 1146 633 περὶ
1166 564 1277 617 τῶν
1305 564 1482 618 ἄλλων
1508 567 1760 635 εὐλογίας
1790 571 1927 639 μηδὲ

325 652 473 703 κατὰ
504 652 711 720 μικρὸν
740 652 1064 720 ἐναμίλλους
1102 655 1362 722 γενέσθαι
1479 659 1608 725 περὶ
1640 660 1785 729 ὑμᾶς
1832 663 1930 731 ρη-

324 741 507 813 θείσῃ.
534 744 665 805 Πῶς
690 743 803 815 γὰρ
826 743 891 795 ἄν
918 762 1002 807 τις
1034 745 1067 816 ἢ
1094 746 1194 816 τὴν
1215 748 1497 815 εὐγένειαν
1527 750 1928 822 ὑπερεϐάλλετο

321 833 436 884 τῶν
475 835 796 901 γεγονότων
830 836 924 904 ἀφ’
964 837 1301 907 Ἡρακλέους
1336 841 1430 892 καὶ
1463 841 1604 908 Διὸς,
1629 842 1695 913 ἣν
1726 843 1929 907 πάντες

324 924 481 977 ἴσασι
509 926 697 995 μόνοις
725 927 855 996 ὑμῖν
882 928 1331 999 ὁμολογουμένως
1356 932 1711 1004 ὑπάρχουσαν
1730 953 1743 965 ·
1769 935 1800 1005 ἢ
1825 936 1927 1007 τὴν

326 1019 547 1088 ἀρετὴν
574 1018 677 1070 τῶν
713 1019 772 1070 ἐν
808 1020 1169 1092 Πελοπονήσῳ
1204 1022 1302 1085 τὰς
1326 1022 1564 1094 δωρικάς
1590 1026 1775 1089 πόλεις
1808 1044 1926 1079 κτιο

340 1109 586 1172 σάντων,
645 1108 735 1161 καὶ
799 1111 899 1180 τὴν
976 1111 1160 1181 χώραν
1220 1112 1425 1182 ταύτην
1489 1116 1873 1186 κατασχόντων
1906 1132 1923 1146 ⁶

344 1197 386 1268 ἢ
454 1201 516 1251 τὸ
580 1199 776 1266 πλῆθος
846 1201 953 1254 τῶν
1018 1203 1280 1257 κινδύνων
1333 1207 1575 1260 καὶτῶν
1624 1209 1922 1279 τροπαίων,

346 1289 463 1340 τῶν
550 1291 634 1343 διὰ
719 1292 821 1363 τὴν
892 1292 1166 1363 ὑμετέραν
1238 1295 1540 1365 ἡγεμονίαν
1601 1300 1699 1353 καὶ
1767 1300 1922 1369 βασι-

348 1384 493 1436 λείαν
537 1386 845 1440 σταθέντων
874 1406 887 1451 ;
927 1391 1010 1453 τίς
1036 1390 1080 1443 δ’
1113 1392 1179 1444 ἂν
1228 1393 1477 1461 ἠπόρησε
1509 1393 1763 1456 διεξιέναι
1802 1393 1924 1462 βουο

344 1475 526 1543 ληθεὶς
546 1477 650 1547 τὴν
682 1478 941 1550 ἀνδρείαν
977 1482 1108 1552 ὃλην
1140 1484 1239 1550 τῆς
1270 1484 1478 1547 πόλεως
1511 1485 1606 1537 καὶ
1640 1485 1924 1557 σωφροσύ-

338 1584 434 1635 νην
461 1569 556 1620 καὶ
589 1570 871 1625 πολιτείαν
898 1572 998 1643 τὴν
1043 1574 1149 1626 ὑπὸ
1182 1576 1461 1646 προγόνων
1490 1575 1602 1629 τῶν
1646 1577 1925 1647 ὑμετέρων

334 1658 739 1727 συνταχθεῖσαν
764 1679 780 1727 ;
814 1663 950 1734 πρὸς
977 1662 1059 1727 οἷς
1088 1665 1132 1717 δ’
1165 1666 1231 1718 ἂν
1256 1666 1436 1733 λόγοις
1471 1666 1749 1735 ἐξεγένετο
1782 1668 1921 1738 χρή-

327 1751 534 1803 σασθαι
579 1755 711 1823 περὶ
740 1755 839 1825 τὴν
875 1756 1135 1825 φρόνησιν
1169 1757 1263 1810 τοῦ
1298 1759 1391 1811 σοῦ
1428 1759 1652 1829 πατρὸς,
1682 1763 1778 1812 καὶ
1822 1760 1923 1829 τὴν

2031 580 2153 619 cum
2188 564 2503 619 difficultate
2544 567 2860 633 potuissem.
2889 562 3078 631 Neque
3108 564 3250 617 enim
3295 566 3357 618 de
3390 578 3509 617 meo
3538 562 3609 617 af-

2030 656 2195 719 ferre,
2230 673 2348 725 qua:
2375 656 2440 710 de
2474 656 2558 709 his
2588 658 2921 721 dicerentur,
2962 669 3097 726 opus
3130 655 3363 709 fuisset:
3394 655 3612 724 quando

2030 764 2096 804 ex
2134 750 2267 818 ipsis
2307 764 2401 817 per
2440 763 2533 801 vos
2569 751 2735 816 gestis
2773 748 2959 812 rebus,
3017 748 3141 800 talis
3177 748 3309 800 milii
3350 762 3414 801 ac
3462 756 3613 801 tanta

2031 842 2261 897 dabatur
2300 841 2552 894 laudandi
2599 841 2850 904 facultas,
2901 852 2958 894 nt
2999 855 3117 908 qum
3161 840 3227 893 de
3271 839 3391 893 aliis
3420 838 3614 906 przedi-

2032 943 2228 987 cantur
2283 933 2493 996 laudes,
2547 949 2615 985 ne
2667 932 2746 986 vel
2798 932 3064 985 tantillum
3113 947 3234 984 cum
3282 947 3342 983 ca
3376 928 3611 983 conferri

2030 1025 2262 1096 possint,
2287 1039 2392 1091 qua
2422 1040 2516 1077 vos
2543 1024 2803 1077 celebrati
2849 1026 3004 1078 estis.
3038 1023 3298 1091 Quisnam
3330 1024 3475 1077 enim
3510 1022 3609 1074 ali—

2030 1114 2250 1184 quando
2282 1113 2364 1166 vel
2403 1114 2470 1166 ab
2505 1113 2739 1167 Hercule
2775 1112 3017 1183 Joveque
3065 1114 3181 1180 ipso
3211 1127 3379 1181 genus
3412 1113 3613 1165 ducen-

2030 1206 2165 1260 tium
2206 1203 2543 1258 nobilitatem
2581 1212 2819 1271 superet,
2866 1219 3027 1272 quam
3062 1217 3255 1257 omnes
3303 1218 3453 1271 mque
3484 1218 3615 1253 con-

2028 1297 2273 1351 sentiunt
2302 1295 2355 1348 in
2406 1295 2561 1349 vobis
2610 1296 2743 1348 solis
2774 1296 3005 1350 inveniri
3037 1313 3051 1348 :
3101 1296 3185 1348 vel
3232 1295 3487 1347 virtutem
3516 1308 3612 1345 eo-

2030 1403 2171 1447 rum.
2203 1387 2296 1456 qui
2330 1388 2551 1440 Doricas
2579 1387 2633 1440 in
2667 1386 3002 1454 Peloponeso
3039 1387 3202 1439 urbes
3229 1384 3610 1447 condiderunt,

2028 1488 2192 1545 atque
2242 1478 2382 1530 banc
2432 1478 2706 1543 regionem
2764 1460 3092 1529 'universam
3149 1484 3489 1528 tenuerunt:
3531 1474 3617 1525 vel

2027 1570 2173 1624 illam
2208 1568 2515 1635 praeliorum
2546 1576 2983 1636 trepzcorumque
3045 1566 3469 1628 multitudinem,
3498 1580 3617 1634 qua:

2026 1672 2207 1715 vestro
2241 1662 2403 1713 ductu
2435 1668 2595 1735 atque
2625 1659 2881 1727 auspiciis
2916 1658 3058 1712 facta
3090 1667 3408 1726 statutaque
3434 1667 3561 1710 sunt
3592 1657 3617 1709 ?

2026 1753 2256 1819 Quinam
2289 1753 2451 1807 etiam
2502 1752 2713 1804 dicendi
2770 1752 2996 1805 materia
3049 1752 3239 1805 deesse
3301 1750 3472 1817 possit
3539 1750 3612 1811 ei,

327 1841 391 1892 ὲν
422 1846 550 1905 ταῖς
586 1850 899 1915 συμφοραῖς
937 1848 1227 1917 διοίκησιν,
1260 1851 1354 1903 καὶ
1384 1850 1480 1919 τὴν
1512 1850 1693 1919 μάχην
1728 1851 1827 1921 τὴν
1865 1852 1925 1903 ὲν

2041 1842 2121 1910 qui
2163 1840 2291 1893 velit
2318 1855 2440 1893 cum
2475 1839 2845 1893 fortitudinem
2881 1854 2945 1893 ac
2984 1841 3397 1907 temperantiam
3447 1840 3615 1891 totius

325 1936 396 2001 τῇ
438 1935 604 1987 πόλει
634 1938 964 2008 γενομένην;
995 1933 1102 2003 Ἦς
1141 1941 1234 1994 καὶ
1280 1940 1502 2010 ἡγεμὼν
1532 1942 1596 1994 σὺ
1629 1942 1925 2006 καταστὰς,

327 2026 431 2078 καὶ
467 2028 594 2095 μετ’
630 2028 827 2097 ὀλίγων
855 2031 990 2101 πρὸς
1022 2031 1250 2095 πολλοὺς
1291 2032 1664 2094 κινδυνεύσας,
1685 2034 1779 2085 καὶ
1803 2033 1932 2085 πάν-

327 2132 450 2171 των
499 2118 819 2190 διενεγκὼν,
860 2123 1033 2187 αἴτιος
1081 2124 1269 2192 ἐγένου
1312 2128 1374 2195 τῇ
1419 2125 1572 2177 πόλει
1612 2126 1710 2192 τῆς
1751 2142 1929 2194 σωτη-

336 2210 493 2281 ρίας,
537 2204 602 2265 οὗ
651 2215 871 2267 κάλλιον
918 2217 1078 2285 ἔργον
1104 2217 1280 2279 οὐδεὶς
1310 2216 1375 2269 ἂν
1423 2216 1758 2279 ἐπιδείξειεν.
1794 2214 1932 2268 Οὔτε

332 2302 451 2373 γὰρ
490 2303 676 2367 πόλεις
691 2306 850 2371 ἑλεῖν,
872 2305 995 2359 οὔτε
1024 2307 1253 2370 πολλοὺς
1284 2308 1602 2360 ἀποκτεῖναι
1622 2307 1731 2358 τῶν
1770 2306 1930 2358 πολε-

336 2397 657 2465 μίων,οῦτω
690 2400 832 2469 μέγα
860 2401 955 2453 καὶ
980 2401 1175 2470 σεμνόν
1199 2403 1371 2466 ἐστιν,
1399 2399 1475 2465 ὡς
1497 2400 1604 2469 εἴη,
1632 2400 1740 2451 τῶν
1757 2398 1929 2452 τοιού-

333 2504 450 2539 των
485 2489 745 2541 κινδύνων
792 2490 965 2542 σῶσαι
997 2490 1096 2561 τὴν
1122 2490 1356 2561 πατρίδα
1386 2492 1460 2560 μὴ
1506 2491 1606 2561 τὴν
1631 2489 1927 2558 τυχοῦσαν,

334 2581 485 2634 ἀλλὰ
514 2582 612 2651 τὴν
640 2583 895 2635 τοσοῦτον
930 2586 1016 2637 ἐπ’
1043 2586 1209 2654 ἀρετῇ
1244 2583 1654 2651 διενεγκοῦσαν.
1688 2582 1824 2652 Περὶ
1853 2575 1927 2633 ὧν

340 2672 420 2742 μὴ
482 2674 727 2743 κομψῶς,
787 2675 903 2727 ἀλλ’
958 2675 1144 2738 ἁπλῶς
1194 2675 1417 2727 διελθών
1448 2692 1462 2708 ·
1500 2674 1637 2745 μηδὲ
1680 2676 1747 2743 τῇ
1790 2671 1932 2737 λέξει

336 2766 630 2835 κοσμήσας
657 2767 837 2835 μόνον,
864 2767 977 2819 ἀλλ’
1012 2767 1385 2838 ἐξαριθμήσας
1409 2768 1503 2820 καὶ
1526 2767 1690 2837 χύδην
1718 2763 1890 2818 εἰπὼν
1914 2802 1931 2829 ,

334 2858 523 2921 οὐδεὶς
583 2860 729 2921 ὅστις
786 2860 886 2913 οὐκ
947 2859 1014 2914 ἂν
1062 2862 1501 2930 εὐδοκιμήσειεν.

2026 1934 2285 1999 civitatis,
2314 1942 2427 1986 tum
2462 1948 2492 1986 a
2519 1932 2716 1985 vestris
2738 1931 3037 1999 majoribus
3082 1932 3392 1985 institutum
3429 1931 3617 1998 reipu-

2030 2027 2183 2081 blica:
2210 2036 2410 2080 statum
2454 2022 2815 2093 percensere?
2847 2023 3018 2087 Quam
3053 2023 3178 2075 item
3223 2037 3327 2074 non
3372 2021 3618 2075 licuisset

2032 2118 2293 2170 adhibere
2338 2114 2643 2167 oralionem
2699 2114 2765 2165 ad
2796 2113 3177 2181 explicandam
3226 2127 3347 2165 cum
3380 2113 3621 2181 parentis

2035 2211 2109 2264 tui
2166 2209 2536 2278 prudentiam,
2574 2216 2684 2258 tum
2717 2207 2836 2274 ejus
2873 2206 2924 2258 in
2981 2205 3227 2258 adversis
3260 2204 3337 2257 rei
3372 2206 3623 2270 gerendae

2039 2301 2332 2365 rationem,
2364 2308 2479 2351 tum
2515 2296 2670 2359 illud,
2698 2297 2841 2365 quod
2873 2311 2940 2347 eo
2973 2304 3236 2359 regnante
3271 2293 3325 2345 in
3354 2293 3464 2360 ipsa
3489 2296 3624 2345 urbe

2037 2393 2391 2447 commissum
2432 2396 2515 2443 est
2550 2388 2839 2458 praelium?
2869 2387 2922 2439 In
2947 2402 3053 2454 quo
3082 2395 3210 2438 tunc
3236 2384 3455 2452 quidem
3481 2398 3633 2451 prm—g

2038 2484 2132 2548 lio,
2163 2493 2447 2551 postquam
2483 2482 2587 2535 dux
2633 2490 2686 2531 tu
2736 2480 2853 2545 ipse
2899 2487 3119 2532 creatus
3154 2492 3275 2530 cum
3308 2474 3493 2544 paucis
3530 2475 3628 2527 ad-

2036 2591 2227 2630 versus
2266 2574 2464 2627 multos
2500 2572 2787 2641 pugnando
2834 2570 3089 2623 omuilms
3111 2566 3497 2631 antecelluisti,
3531 2581 3627 2619 ur-

2036 2670 2158 2723 bem
2197 2667 2354 2721 simul
2397 2667 2568 2733 ipsam
2609 2665 2856 2718 servasti.
2888 2662 3006 2728 Quo
3041 2662 3168 2729 quid
3211 2660 3526 2729 praet-larius
3557 2659 3628 2711 ab

2039 2761 2150 2815 ullo
2185 2758 2365 2813 afferri
2418 2756 2637 2825 possit?
2684 2756 2869 2823 Neque
2920 2755 3065 2808 enim
3108 2754 3193 2808 vel
3243 2754 3405 2806 urbes
3452 2766 3627 2818 expu-

2040 2866 2229 2923 gnare,
2267 2848 2349 2902 vel
2407 2847 2641 2902 hostium
2690 2861 2946 2914 magnum
2995 2858 3278 2898 numerum
3314 2841 3637 2895 interimere

334 2967 602 3022 magnum
631 2955 764 3008 adeo
786 2966 891 3021 est,
932 2965 1025 3007 aut
1054 2954 1437 3019 honorificum,
1469 2961 1526 3006 ut
1565 2950 1666 3004 fuit
1714 2965 1745 3004 e
1785 2946 1949 3002 tantis
2006 2943 2265 3014 periculis
2320 2940 2553 2994 liberare
2606 2937 2858 3008 patriam,
2892 2952 2997 2992 non
3034 2936 3178 2991 illam
3225 2934 3500 3004 vulgarem
3530 2931 3630 2985 ali—

333 3063 535 3120 quam,
584 3048 676 3101 sed
708 3063 827 3115 quae
862 3056 1142 3115 tantopere
1170 3046 1387 3098 virtutis
1442 3060 1604 3098 causa
1649 3042 1935 3095 emineret.
1982 3035 2060 3091 De
2108 3034 2305 3105 quibus
2356 3046 2515 3085 nemo
2559 3046 2662 3083 non
2730 3030 2853 3084 dico
2919 3044 3044 3083 cum
3094 3027 3481 3085 ostentatione,
3534 3032 3639 3085 sed

334 3118 503 3207 plene
557 3140 829 3193 narrando
886 3136 1227 3203 disseruerit,
1285 3151 1386 3191 nec
1450 3150 1572 3189 cum
1641 3133 1929 3187 verborum
1985 3138 2202 3189 ornatu,
2270 3125 2363 3179 sed
2412 3123 2788 3177 emnuerando
2849 3122 3136 3185 duntaxat,
3171 3132 3225 3173 et
3263 3120 3381 3173 sine
3434 3118 3633 3173 discri-

332 3235 488 3288 tniue
526 3231 740 3300 quidvis
794 3230 1119 3284 elfundendo
1173 3230 1408 3291 dixerit,
1467 3226 1560 3295 qui
1604 3242 1709 3279 non
1758 3240 1822 3277 et
1853 3237 1917 3274 eo
1946 3234 2198 3288 magnam
2232 3218 2332 3270 sibi
2365 3214 2577 3268 laudem
2607 3214 2898 3281 paraverit.

427 3323 557 3389 Εγὼ
587 3321 763 3374 τοίνυν
786 3302 1034 3392 δύνηθεῖς
1062 3321 1126 3373 ἂν
1145 3321 1237 3373 καὶ
1256 3337 1323 3370 πε
1334 3318 1388 3390 pi.
1414 3317 1620 3370 τούτων
1637 3314 1929 3385 ἐξαρκούν-

2119 3309 2232 3379 Ego
2262 3308 2467 3376 itaque,
2510 3307 2603 3375 qui
2643 3304 2725 3358 vel
2758 3306 2825 3358 de
2876 3305 2959 3358 bis
3004 3314 3245 3373 poteram
3296 3304 3431 3357 satis
3461 3306 3635 3357 multa

330 3434 446 3477 τως
489 3414 861 3486 διαλεχθῆναι,
892 3416 1112 3466 κάκεῖνο
1147 3412 1400 3480 γινώσκω
1420 3428 1435 3441 ⁸
1468 3410 1682 3481 πρῶτον
1714 3409 1835 3478 μὲν,
1857 3409 1937 3459 ὅτι

332 3511 475 3581 ῥᾷόν
500 3510 752 3580 ὲστιπερὶ
784 3508 895 3560 τῶν
924 3506 1309 3575 γεγενημένων
1332 3503 1934 3574 εύπόρωςὲπιδραμεῖν,

330 3605 367 3673 ἢ
402 3603 542 3672 περὶ
574 3603 681 3654 τῶν
708 3600 1012 3671 μελλόντων
1037 3596 1458 3666 νουνεχούντως,
1488 3595 1763 3648 εἰπεῖν.Ἒ
1776 3594 1937 3656 πειθ’,

330 3697 418 3749 ὅτι
458 3696 665 3757 πάντες
703 3693 982 3764 ἄνθρωποι
1024 3691 1193 3743 πλείω
1244 3690 1405 3760 χάριν
1436 3689 1617 3759 έχουσι
1643 3690 1753 3751 τοῖς
1780 3689 1939 3739 ἐπαι-

334 3790 550 3851 νοῦσιν,
597 3788 777 3857 ἦτοῖς
834 3785 1287 3855 συμϐουλεύουσι.
1340 3783 1481 3845 Τοὺς
1544 3781 1642 3852 μὲν
1700 3781 1809 3849 γὰρ
1861 3780 1937 3843 ὼς

348 3881 534 3943 εὔνους
603 3879 956 3949 ἀποδέχονται
985 3895 999 3909 ⁸
1058 3879 1184 3939 τοὺς
1227 3876 1272 3928 δ’
1318 3875 1384 3929 ἂν
1441 3873 1518 3945 μὴ
1555 3871 1940 3936 κελευσθέντες

357 3973 720 4044 παραινῶσιν,
758 3972 994 4042 ἐνοχλεῖν
1023 3971 1355 4041 νομίζουσιν.

441 4066 583 4117 Ἀλλ’
603 4067 753 4134 ὅμως
783 4063 998 4118 ἅπαντα
1026 4064 1199 4117 ταῦτα
1232 4059 1517 4132 προειδὼς,
1536 4060 1645 4115 τῶν
1678 4060 1777 4131 μὲν
1802 4059 1941 4131 πρὸς

341 4160 506 4228 χάριν
539 4158 608 4210 ἂν
635 4156 1022 4227 ῥηθησομένων
1072 4154 1416 4224 ἀπεσχόμην·
1449 4155 1578 4223 περὶ
1598 4154 1657 4206 δὲ
1679 4151 1941 4206 τοιούτων

344 4248 537 4316 μέλλω
599 4247 800 4315 λέγειν,
826 4247 956 4315 περὶ
998 4238 1072 4298 ὧν
1114 4245 1287 4308 οὐδεὶς
1304 4243 1371 4297 ἂν
1406 4244 1563 4308 ἄλλος
1594 4244 1938 4315 τολμήσειεν

338 4339 657 4409 ἡγούμενος
700 4338 809 4391 δεῖν
848 4339 972 4401 τοὺς
1022 4337 1223 4410 [περὶ]
1267 4338 1570 4402 ἐπιεικείας
1602 4340 1699 4391 κα)⁸
1740 4336 1945 4408 φρονήο

343 4448 494 4494 σεως
520 4431 1022 4500 ἀμφισϐητοῦντας,
1046 4432 1120 4500 μὴ
1150 4430 1277 4495 τοὺς
1295 4432 1529 4502 ρᾴστους
1560 4428 1944 4500 προαιρεῖσθαι

342 4522 462 4575 τῶν
503 4522 700 4589 λόγων,
742 4523 876 4575 ἀλλὰ
904 4525 1028 4586 τοὺς
1060 4524 1503 4594 ὲργωδεστάτους
1528 4541 1541 4553 ·
1586 4524 1723 4595 μηδὲ
1756 4524 1883 4586 τοὺς
1909 4524 1943 4593 ή

342 4619 569 4680 δίστους
599 4621 710 4682 τοῖς
765 4620 1074 4684 ἀκούουσιν,
1102 4620 1216 4674 ἀλλ’
1260 4620 1321 4685 ἐξ
1353 4614 1429 4674 ὧν
1466 4620 1811 4691 ὠφελήσουσι
1847 4622 1945 4674 καὶ

2046 3403 2253 3456 dicere.
2288 3400 2417 3452 illud
2450 3411 2667 3465 quoque
2717 3397 2916 3457 sentio,
2972 3395 3184 3448 facilius
3212 3396 3263 3447 in
3297 3395 3485 3463 primis
3509 3410 3637 3449 esse

2047 3495 2112 3548 de
2157 3492 2447 3561 praeteritis
2495 3490 2713 3557 copiose
2769 3489 3059 3549 disserere,
3109 3504 3270 3554 quant
3311 3488 3378 3540 de
3436 3488 3633 3541 futuris

2046 3584 2411 3647 admonendo,
2452 3586 2616 3637 verba
2661 3582 2866 3635 facere.
2906 3579 3109 3634 Omnes
3154 3580 3348 3634 deinde
3381 3580 3633 3633 homines

2048 3677 2309 3743 majorem
2343 3674 2546 3729 habere
2586 3674 2819 3743 gratiam
2857 3675 2972 3727 suis
3021 3673 3418 3735 laudatoribus,
3469 3688 3633 3740 quam

2048 3748 2273 3823 consilia
2322 3765 2759 3834 suggerentibus,
2816 3764 3037 3833 quando
3108 3763 3229 3816 illos
3280 3774 3339 3817 ut
3376 3763 3460 3817 sui
3517 3775 3636 3819 stu-

2048 3861 2232 3916 diosos
2264 3857 2497 3911 libenter
2528 3856 2825 3924 excipiunt,
2859 3856 2957 3908 hos
2996 3870 3143 3919 vero,
3176 3856 3221 3908 si
3264 3855 3405 3910 forte
3443 3856 3632 3926 injussi

2048 3952 2364 4017 admonent,
2391 3966 2487 4019 pro
2522 3949 2894 4003 turbatoribus
2932 3948 3157 4003 habent.

2119 4045 2250 4109 Quae
2287 4041 2390 4095 etsi
2426 4040 2608 4095 omnia
2660 4041 2797 4093 satis
2846 4038 3053 4108 providi
3102 4048 3283 4101 antea,
3330 4038 3501 4092 nihilo
3557 4048 3637 4091 ta-

2051 4151 2174 4192 men
2213 4135 2395 4190 secius
2435 4133 2504 4187 ab
2537 4132 2647 4198 bis,
2692 4146 2812 4199 quae
2858 4132 2923 4183 ad
2960 4132 3190 4199 gratiam
3225 4132 3515 4185 iucundam
3550 4131 3637 4183 di-

2050 4228 2219 4283 cenda
2262 4235 2469 4289 essent,
2522 4225 2797 4277 abstinere
2828 4224 2975 4278 volui
3003 4240 3018 4287 ;
3044 4223 3111 4278 de
3147 4224 3212 4277 iis
3261 4224 3637 4278 tantunnnodo

2051 4322 2317 4383 dicturus,
2348 4335 2468 4388 qua:
2504 4334 2663 4373 nemo
2718 4318 2854 4371 alius
2888 4317 3066 4371 ausit:
3102 4326 3250 4371 ratus
3291 4318 3486 4371 decere
3518 4332 3636 4381 eos,

2050 4416 2143 4486 qui
2196 4416 2261 4469 de
2303 4415 2561 4483 aequitate
2617 4422 2781 4481 atque
2822 4411 3110 4479 prudentia
3157 4425 3282 4464 cum
3338 4409 3639 4478 :rqualibus

2050 4515 2282 4571 certant,
2318 4520 2657 4574 nequaquam
2705 4504 2791 4556 illa
2823 4503 2927 4558 sibi
2959 4503 3219 4572 deligere,
3269 4516 3389 4571 qua:
3418 4503 3520 4570 ipsi
3554 4502 3640 4555 fa-

2052 4599 2254 4655 cillime
2282 4598 2531 4653 oratione
2574 4595 2826 4666 persequi
2864 4595 3094 4665 possint,
3140 4594 3238 4650 sed
3264 4609 3385 4664 qua:
3411 4594 3640 4650 dillicili-

344 4712 455 4773 τὰς
491 4710 675 4775 πόλεις
724 4710 825 4775 τὰς
891 4712 1092 4778 αὐτῶν,
1126 4712 1225 4766 καὶ
1272 4678 1400 4776 τοὺς
1448 4678 1650 4777 ἄλλους.
1690 4711 1934 4784 ἒλληναςτ

2053 4708 2141 4749 me
2188 4691 2505 4762 persuaderi
2545 4699 2783 4759 queant:
2818 4704 2996 4756 neque
3042 4704 3258 4744 rursum
3296 4703 3359 4742 ea
3392 4704 3515 4757 qua;
3540 4705 3641 4742 au-

348 4802 445 4873 ὲφ⁹
470 4797 668 4875 οἷσπερ
691 4802 803 4872 ἐγὼ
839 4802 1097 4874 τυγχάνω
1118 4802 1215 4857 νῦν
1269 4804 1612 4875 ἐφεστηκὼς.

424 5047 709 5118 Θαυμάζω
755 5047 813 5101 δὲ
861 5048 958 5100 καὶ
1005 5046 1113 5100 τῶν
1180 5046 1355 5102 ἄλλων
1422 5048 1531 5101 τῶν
1590 5049 1850 5120 πράττειν
1906 5048 1941 5120 ἢ

349 5140 543 5207 λέγειν
608 5139 957 5209 δυναμένων,
1017 5141 1066 5192 εἰ
1127 5139 1264 5211 μηδὲ
1333 5140 1546 5194 πώποτ’
1598 5141 1783 5206 αὐτοῖς
1850 5142 1948 5193 έπε-

351 5231 526 5301 ἧλθεν
557 5229 947 5301 ἐνθυμηθῆναι,
993 5231 1123 5302 περὶ
1172 5232 1280 5284 τῶν
1333 5232 1531 5285 κοινῶν
1573 5237 1946 5305 πραγμάτων,

356 5324 491 5398 μηδ’
537 5324 753 5395 ἐλεῆσαι
802 5328 901 5389 τὰς
952 5326 1055 5394 τῆς
1104 5325 1323 5390 έλλαδος
1374 5325 1715 5398 δυσπραξίας
1772 5327 1947 5391 οὕτως

354 5417 603 5487 αἰσχρῶς
626 5416 719 5469 καὶ
759 5416 951 5480 δεινῶς
987 5417 1391 5489 διατιθεμένης.
1420 5414 1534 5481 Ἦς
1556 5419 1733 5482 οὐδεὶς
1764 5437 1945 5490 παρα-

354 5507 641 5559 λέλειπται
671 5508 856 5572 τόπος,
897 5508 957 5571 ὂς
998 5509 1059 5562 ού
1094 5510 1255 5580 γέμει
1284 5510 1379 5563 καὶ
1418 5511 1615 5579 μεστός
1643 5511 1760 5564 ἐστι
1786 5512 1948 5564 πολέ-

360 5618 469 5671 μου
497 5602 593 5653 καὶ
617 5602 865 5679 στάσεων
895 5604 991 5656 καὶ
1028 5604 1254 5671 σφαγῶν
1300 5604 1396 5657 καὶ
1426 5603 1614 5657 κακῶν
1639 5604 1951 5675 ἀναριθμή-

358 5710 495 5747 των.
523 5685 625 5745 Ὧν
649 5694 904 5749 πλεῖστον
934 5695 1099 5767 μέρος
1126 5696 1525 5766 μετειλήφασιν
1552 5696 1601 5749 οἱ
1624 5696 1721 5765 τῆς
1765 5696 1947 5759 Ἀσίας

361 5786 467 5855 τὴν
528 5785 804 5855 παραλίαν
856 5789 1155 5853 οἰκοῦντες.
1207 5788 1315 5853 Οὓς
1369 5788 1427 5844 ὲν
1477 5790 1595 5855 ταῖς
1660 5789 1956 5859 συνθήκαις

2048 4787 2163 4841 ditu
2208 4785 2321 4839 sint
2359 4783 2782 4861 iucundissima,
2834 4782 2931 4837 sed
2952 4796 3019 4836 ex
3053 4780 3253 4851 quibus
3281 4781 3637 4837 emolumenti

2049 4876 2341 4947 plurimum
2367 4874 2618 4939 afferant,
2633 4890 2758 4929 cum
2792 4873 3110 4929 civitatibus
3136 4875 3275 4937 suis,
3297 4883 3409 4928 tum
3435 4873 3642 4929 Graecis

2052 4967 2328 5032 omnibus,
2373 4980 2608 5035 quorum
2637 4978 2738 5034 ego
2768 4964 2930 5019 modo
2969 4979 3133 5018 causa
3171 4965 3238 5018 ad
3290 4974 3345 5018 te
3402 4966 3637 5019 accessi.

2123 5057 2371 5128 Magnam
2402 5066 2582 5112 autem
2620 5056 2708 5110 hic
2744 5055 2874 5109 mibi
2907 5055 3324 5109 admirationem
3360 5053 3638 5108 concitant

2053 5151 2260 5216 caeteri,
2310 5148 2510 5219 quibus
2560 5148 2641 5201 vel
2694 5147 2887 5217 agendi
2934 5154 3041 5211 est,
3091 5146 3174 5200 vel
3209 5145 3426 5200 dicendi
3456 5144 3640 5211 aliqua

2057 5240 2309 5305 facultas,
2338 5240 2481 5307 quod
2514 5240 2655 5293 nulla
2694 5254 2932 5307 unquam
2980 5240 3045 5292 de
3065 5238 3446 5291 communibus
3479 5236 3641 5289 rebus

2055 5336 2268 5388 lllormu
2325 5336 2538 5389 animos
2589 5333 2848 5402 cogitatio
2897 5333 3113 5396 subeat,
3165 5345 3340 5397 neque
3403 5327 3642 5383 infelicis

2055 5425 2280 5481 Graecia:
2312 5421 2789 5478 connuiseratione
2838 5422 3126 5482 ducantur,
3180 5416 3337 5484 cujus
3362 5415 3473 5482 jam
3525 5426 3638 5467 sta-

2066 5529 2153 5571 tus
2178 5514 2551 5571 miserandum
2600 5515 2651 5567 in
2684 5514 2902 5567 modum
2936 5513 3072 5565 adeo
3103 5510 3437 5561 deformatus
3468 5512 3553 5558 est
3583 5515 3641 5558 ut

2054 5606 2287 5676 angulus
2320 5609 2372 5660 in
2403 5622 2468 5661 ea
2499 5604 2679 5658 nullus
2718 5603 3043 5670 reperiatur,
3072 5600 3163 5669 qui
3212 5615 3318 5652 non
3351 5597 3639 5661 bellorum,

2053 5700 2408 5763 seditionum,
2459 5698 2712 5759 caedium,
2742 5702 2797 5750 et
2839 5694 3174 5747 infinitarum
3225 5692 3492 5746 malorum
3528 5690 3641 5757 ple-

2052 5808 2154 5846 nus
2201 5790 2289 5847 sit.
2323 5790 2564 5856 Quorum
2606 5788 2824 5857 quidem
2877 5794 3086 5856 partem
3133 5783 3290 5856 longe
3347 5782 3639 5839 maximam
