4062 6498
348 5141 369 5271 \

368 382 483 452 439

1570 389 1838 454 ΡΗΟΤΙΙ
1874 391 2380 453 PATRIARCH/E
2418 391 2528 452 Cl’.

3560 382 3673 449 440

379 498 655 553 sustinent
683 496 717 550 ii
747 498 837 568 qui
870 499 1012 555 Asiae
1051 500 1324 556 maritima
1378 500 1645 566 incolunt,
1673 512 1728 558 et
1754 519 1782 555 a
1815 502 1976 557 nobis

2091 500 2319 563 imm-:5;
2347 499 2741 569 ἑκδεδὼκειμεν
2764 500 2826 553 οὐ
2854 472 3015 571 μόνον
3033 498 3147 561 τοῖς
3174 495 3492 567 βαράρδοις,
3525 494 3670 550 ἀλλὰ

375 588 630 644 omnibus
662 590 960 647 fmderibus
1004 592 1235 658 exclusi,
1291 608 1400 649 non
1446 594 1695 649 barbaris
1728 603 1969 647 tantum-

379 686 540 734 modo
596 681 846 752 gentibus
887 684 1142 753 permissi
1169 693 1316 751 sunt,
1349 684 1443 741 sed
1484 685 1551 740 iis
1579 686 1708 741 item
1742 685 1970 749 Graecis,

375 772 466 843 qui
498 774 601 830 etsi
637 773 814 845 lingua
833 775 1120 831 nobiscum
1150 785 1377 832 utantur
1413 778 1632 843 eadem,
1669 793 1699 831 a
1730 779 1971 834 moribus

377 874 525 927 certe
558 864 921 922 Barbarorutn
972 869 1109 923 nihil
1155 871 1490 940 discrepant.
1519 869 1668 938 Quos
1696 872 1970 939 equidem,

376 957 422 1015 si
479 958 776 1030 quidquam
828 961 880 1015 in
928 961 1084 1016 nobis
1118 974 1268 1018 esset
1300 963 1497 1017 mentis
1543 963 1837 1032 reliqumn,
1870 980 1973 1018 ne-

377 1066 650 1120 quaquam
693 1052 1002 1108 sineremus
1045 1068 1141 1123 per
1173 1064 1379 1109 tantam
1409 1064 1649 1109 nostram
1686 1054 1969 1125 negligen-

377 1141 509 1195 tiam
562 1142 735 1206 coire,
797 1143 1142 1211 aquibusvis
1204 1145 1257 1200 in
1328 1145 1732 1215 expeditionem
1789 1145 1970 1209 educi,

383 1231 695 1303 maioraque
721 1242 775 1289 et
805 1235 1065 1291 validiora
1090 1237 1271 1307 colligi
1299 1238 1515 1308 agmina
1541 1253 1573 1292 e
1602 1238 1774 1307 vagis,
1806 1254 1973 1308 quam

378 1324 622 1396 legitimo
677 1327 906 1397 imperio
959 1329 1279 1398 gubernatis
1335 1330 1674 1385 hominibus.
1706 1331 1964 1397 Quicum

377 1419 629 1486 exiguam
663 1420 955 1475 admodum
996 1423 1238 1492 regionis
1277 1421 1393 1492 ejus
1437 1432 1671 1492 partem,
1705 1438 1826 1493 qua!
1857 1423 1969 1492 regi

382 1519 558 1583 paret,
616 1513 815 1567 danmo
872 1512 1128 1579 alliciant,
1187 1512 1413 1570 Graecas
1462 1516 1664 1584 potius,
1707 1517 1771 1569 ad
1807 1532 1973 1585 quas-

380 1620 599 1674 cunque
643 1606 979 1660 accesserint
1038 1607 1316 1670 civitates,
1376 1609 1686 1672 devastant,
1744 1611 1872 1665 dum
1918 1611 1970 1664 in

384 1698 471 1753 his
510 1698 648 1753 alios
713 1699 1076 1765 interﬁciunt,
1126 1699 1265 1754 alios
1310 1699 1424 1754 suis
1471 1700 1690 1755 sedibus
1744 1701 1971 1770 pellunt,

382 1790 521 1846 alios
552 1789 711 1845 bouis
748 1801 975 1846 exuunt.
1014 1788 1201 1846 Taceo
1242 1807 1533 1861 puerorum
1578 1807 1643 1847 ac
1678 1793 1970 1848 mulierum

2077 592 2174 645 καὶ
2202 590 2312 644 τῶν
2355 589 2596 660 ἑλλήνων
2627 592 2740 652 τοῖς
2768 590 2869 658 τῆς
2893 588 2994 659 μὲν
3032 589 3218 657 φωνῆς
3244 588 3344 657 τῆς
3385 586 3673 655 ἡμετέρας

2077 683 2422 747 κοινωνοῦσι,
2454 683 2533 752 τῷ
2561 682 2618 735 δὲ
2651 682 2844 753 τρόπῳ
2871 680 2953 751 τῷ
2975 680 3087 732 τῶν
3115 677 3406 750 βαρϐάρων
3447 676 3675 747 χρωμέ-

2080 794 2215 841 νοις.
2249 775 2377 841 Οὓς,
2406 777 2454 828 εί
2477 774 2604 829 νοῦν
2627 776 2867 845 εἴχομεν,
2889 775 2991 826 οὐκ
3022 773 3087 826 ἂν
3108 769 3455 842 περιορῶμεν
3476 770 3671 839 ἁθροι-

2081 871 2367 939 ζομένους,
2402 870 2513 924 οὐδ’
2555 870 2662 923 ὑπὸ
2694 870 2803 923 τῶν
2831 870 3106 939 τυχόντων
3132 866 3671 937 στρατηγουμένους,

2075 962 2196 1015 οὐδὲ
2248 962 2466 1032 μείζους
2510 963 2604 1016 καὶ
2633 963 2917 1032 κρείττους
2952 959 3235 1024 συντάξεις
3286 958 3675 1028 στρατοπέδων

2074 1054 2410 1124 γιγνομένας
2430 1058 2493 1108 ὲκ
2517 1054 2626 1107 τῶν
2656 1054 3029 1123 πλανωμένων
3059 1053 3093 1123 ἢ
3124 1050 3578 1121 πολιτευομένων.
3602 1048 3673 1103 Οἳ

2074 1146 2177 1215 τῆς
2213 1147 2314 1217 μὲν
2350 1146 2617 1216 βασιλέως
2649 1145 2833 1217 χώρας
2860 1144 3059 1215 μικρὸν
3092 1144 3256 1215 μέρος
3288 1142 3673 1212 λυμαίνονται,

2078 1238 2177 1301 τὰς
2223 1239 2280 1292 δὲ
2331 1238 2515 1302 πόλεις
2557 1239 2656 1301 τὰς
2690 1238 2974 1308 έλληνίδας
3006 1239 3089 1301 είς
3112 1238 3180 1307 ἢν
3221 1235 3288 1290 ἂν
3329 1235 3674 1302 εἰσέλθωσιν,

2076 1334 2412 1397 ἀναστάτους
2439 1334 2718 1397 ποιοῦσιν,
2754 1334 2885 1398 τοὺς
2919 1333 3018 1404 μὲν
3061 1331 3500 1393 ἀποκτείνοντες,
3542 1330 3676 1393 τοὺς

2075 1425 2134 1478 δὲ
2170 1425 2591 1495 φυγαδεύοντες,
2635 1425 2744 1479 τῶν
2777 1425 2834 1478 δὲ
2874 1427 2975 1489 τὰς
3023 1425 3213 1488 οὐσίας
3254 1423 3670 1494 διαρπάζοντες.

2081 1517 2205 1571 Ἔτι
2245 1518 2303 1570 δὲ
2332 1517 2532 1581 παῖδας
2581 1517 2676 1572 καὶ
2722 1520 2992 1587 γυναῖκας
3037 1516 3351 1587 ὑϐρίζοντες
3389 1529 3404 1546 ·
3448 1517 3675 1579 καὶτὰς

2082 1609 2183 1680 μὲν
2211 1608 2669 1681 εὐπρεπεστάτας
2692 1608 3170 1679 καταισχύνοντες,
3205 1607 3316 1661 τῶν
3342 1606 3388 1661 δ’
3412 1607 3612 1674 ἄλλων,
3636 1606 3673 1661 ά

2077 1700 2208 1773 περὶ
2250 1703 2363 1765 τοῖς
2412 1700 2669 1771 σώμασιν
2708 1701 2893 1772 ἔχουσι
2944 1699 3343 1772 περισπῶντες,
3398 1698 3561 1765 ὥστε,
3606 1699 3669 1764 ἃς

2078 1795 2349 1866 πρότερον
2382 1794 2505 1848 οὐδὲ
2530 1793 2956 1864 κεκοσμημένας
2973 1789 3042 1865 ἦν
3075 1793 3202 1847 ίδεῖν
3228 1795 3341 1856 τοῖς
3369 1790 3664 1862 ἀλλοτρίοις

380 1882 617 1952 injurias
641 1900 657 1949 ;
682 1892 739 1938 et
765 1882 940 1938 forma
962 1884 1013 1938 iu
1042 1884 1127 1940 his
1148 1885 1384 1939 maxime
1408 1894 1732 1955 praestantes
1757 1885 1968 1951 violari,

2091 1885 2283 1948 redeat;
2309 1885 2416 1938 ὑπὸ
2441 1885 2653 1938 πολλῶν
2674 1884 2907 1957 ὁρᾶσθαι
2948 1885 3161 1955 γυμνάς
3181 1900 3196 1915 ·
3229 1882 3375 1946 ἐνίας
3402 1882 3447 1936 δ’
3494 1881 3665 1936 αὐτῶν

381 1987 612 2033 εωιετω
637 1977 804 2033 etiam
837 1977 909 2033 iis
955 1978 1157 2046 quibus
1197 1992 1426 2048 corpora
1456 1993 1554 2033 sua
1592 1986 1799 2048 legunt,
1823 1981 1969 2045 exui,

385 2079 445 2124 ut
474 2070 632 2123 nudas
650 2068 762 2136 jam
796 2084 826 2124 a
877 2068 1062 2125 multis
1093 2069 1532 2138 conspiciantur,
1565 2086 1700 2139 quas
1732 2071 1784 2125 in
1814 2086 1972 2140 pere-

385 2161 549 2232 grina
600 2170 759 2217 veste
808 2171 967 2216 antea
1023 2177 1302 2232 nunquam
1369 2177 1439 2217 ne
1486 2171 1715 2219 ornatus
1755 2164 1974 2233 quidem

388 2253 561 2326 gratia
593 2253 851 2321 vidisses,
886 2264 1253 2324 praeterquam
1284 2255 1427 2325 quod
1476 2254 1673 2323 aliqua:
1703 2256 1754 2309 in
1780 2255 1978 2309 vilibus

386 2360 502 2416 prae
549 2346 730 2417 inopia
782 2347 980 2417 pannis
1050 2358 1344 2417 pereuntes
1402 2347 1624 2402 obeant.
1671 2344 1803 2413 Quae
1854 2362 1976 2400 cum

390 2445 546 2494 tanto
567 2436 833 2493 hactenus
874 2447 1119 2507 tempore
1161 2437 1303 2492 mala
1347 2438 1579 2503 durent;
1614 2438 1760 2492 nulla
1794 2447 1978 2493 tamen

388 2532 507 2587 haec
532 2529 614 2585 vel
644 2530 840 2586 civitas
891 2530 1052 2585 exiis
1105 2544 1226 2600 quae
1267 2529 1488 2586 Graecos
1528 2530 1671 2585 inter
1700 2531 1977 2600 principa-

388 2633 505 2681 tum
530 2623 761 2689 obtinet,
791 2623 877 2678 vel
908 2623 996 2678 vir
1027 2623 1095 2676 de
1126 2622 1464 2694 principibus
1482 2623 1679 2694 aliquis
1700 2623 1983 2679 molestius

389 2716 514 2771 tulit
544 2734 559 2771 :
588 2732 757 2771 unum
803 2715 1020 2785 excipio
1075 2725 1355 2784 parentem
1397 2723 1570 2769 tuutn.
1630 2712 1789 2769 Solus
1836 2715 1981 2768 enim

390 2808 710 2878 Agesilaus,
768 2808 915 2878 quod
977 2807 1326 2869 noverimus,
1390 2806 1442 2860 in
1505 2820 1702 2875 magno
1768 2820 1991 2875 semper

393 2899 529 2954 vixit
556 2899 847 2963 desiderio,
890 2908 1002 2951 tum
1060 2896 1281 2950 Graecos
1333 2897 1385 2949 in
1442 2896 1743 2949 libertatem
1807 2894 1987 2948 vindi-

392 2987 578 3052 oandi,
613 2996 725 3043 tum
772 2987 897 3041 belli
952 2986 1213 3040 Barbaris
1261 2984 1552 3039 inferendi.
1598 2983 1698 3051 Qui
1731 2992 1991 3038 tamenet

393 3078 513 3148 ipse
550 3093 655 3133 una
706 3078 898 3133 saltem
943 3078 1122 3133 adhuc
1156 3078 1210 3132 iu
1245 3091 1308 3131 re
1345 3077 1633 3130 aberrasse
1686 3076 1835 3130 visus
1879 3086 1984 3130 est.

394 3169 587 3241 Neque
622 3171 837 3226 mireris
869 3170 1055 3234 velim,
1080 3169 1125 3225 si
1155 3180 1334 3224 tecum
1368 3183 1469 3237 ego
1500 3167 1799 3233 disserens,
1833 3184 1985 3222 men-

396 3265 600 3320 tionem
632 3265 828 3319 l’aciam
853 3279 1066 3329 eorum,
1100 3280 1222 3334 quae
1265 3264 1445 3318 minus
1477 3263 1567 3318 ille
1600 3273 1748 3318 recte
1786 3264 1978 3318 sensit.

2078 1980 2137 2032 ὲν
2155 1977 2348 2047 ῥάκεσι
2365 1976 2887 2047 περιφθειρομένας,
2906 1977 2974 2031 δι’
2992 1976 3199 2031 ἔνδειαν
3213 1975 3323 2029 τῶν
3334 1974 3668 2043 ἀναγκαίων.

2090 2068 2261 2139 ’Υπὲρ
2290 2059 2368 2121 ὧν
2407 2068 2577 2121 πολὺν
2620 2066 2738 2136 ήδηξ
2764 2067 2953 2139 χρόνον
2991 2065 3331 2137 γιγνομένων
3370 2062 3494 2117 οὔτε
3522 2063 3675 2127 πόλις

2077 2160 2305 2232 οὐδεμία
2346 2160 2458 2215 τῶν
2486 2161 2790 2231 προστῆναι
2814 2160 2924 2213 τῶν
2962 2160 3200 2231 ὲλλήνων
3232 2158 3502 2226 άξιουσῶν
3538 2160 3674 2224 ἢγα-

2079 2254 2350 2325 νάκτησεν
2377 2271 2393 2287 ·
2440 2252 2555 2309 οὔτ’
2586 2254 2725 2327 ἀνὴρ
2771 2253 2882 2308 τῶν
2924 2252 3319 2325 πρωτευόντων
3364 2251 3540 2314 οὐδεὶς
3573 2249 3673 2320 βα-

2080 2347 2222 2419 ρέως
2248 2348 2477 2418 ἤνεγκε.
2520 2347 2669 2418 Πλὴν
2702 2350 2730 2401 ὁ
2777 2347 2868 2411 σὸς
2906 2347 3111 2418 πατὴρ.
3146 2346 3326 2409 Μόνος
3357 2345 3467 2415 γὰρ
3505 2344 3670 2413 Ἀγη-

2086 2440 2293 2507 σίλαος,
2317 2433 2392 2495 ὧν
2419 2443 2583 2511 ἡμεῖς
2606 2440 2786 2512 ίσμεν,
2814 2439 3101 2510 ἐπιθυμῶν
3134 2440 3352 2494 ἅπαντα
3373 2438 3464 2492 τὸν
3485 2439 3680 2509 χρόνον

2083 2532 2355 2586 διετέλεσε
2399 2534 2531 2597 τοὺς
2571 2532 2670 2604 μὲν
2715 2533 2943 2603 ἓλληνας
2987 2530 3392 2600 ἐλευθερῶσαι,
3437 2528 3573 2600 πρὸς
3618 2529 3681 2581 δὲ

2080 2624 2208 2687 τοὺς
2248 2622 2560 2694 βαρϐάρους
2618 2624 2854 2692 πόλεμον
2907 2622 3215 2689 ἐξενεγκεῖν
3240 2637 3255 2653 ο
3297 2620 3359 2672 ού
3408 2625 3515 2689 μὴν
3540 2618 3680 2670 ἀλλὰ

2085 2719 2343 2782 κάκεῖνος
2364 2718 2481 2782 ἐνὸς
2513 2716 2841 2789 πράγματος
2872 2717 3141 2787 διήμαρτε
3172 2729 3190 2747 ·
3232 2713 3328 2766 καὶ
3360 2709 3435 2782 μὴ
3464 2709 3683 2780 θαυμά-

2088 2825 2263 2874 σειας,
2308 2810 2357 2862 εί
2408 2808 2545 2880 πρός
2593 2826 2656 2861 σε
2697 2808 3079 2878 διαλεγόμενος
3136 2804 3522 2876 μνησθήσομαι
3569 2801 3686 2855 τῶν

2087 2901 2188 2955 οὐκ
2216 2900 2392 2972 ὀρθῶς
2430 2901 2523 2953 ὑπ’
2553 2900 2719 2953 αὐτοῦ
2749 2899 3105 2969 γνωσθέντων
3128 2913 3143 2928 ο
3183 2893 3428 2965 εῐθισμαί
3472 2906 3533 2946 τε
3570 2890 3685 2959 γὰρ

2092 2992 2231 3062 μετά
2259 2990 2578 3062 παρρησίας
2604 2991 2695 3045 ἀεὶ
2731 2989 3003 3044 ποιεῖσθαι
3032 2988 3162 3050 τοὺς
3188 2985 3403 3054 λόγους.
3444 2982 3554 3036 Καὶ
3580 2981 3685 3034 δε-

2088 3082 2293 3154 ξαίμην
2316 3083 2383 3137 ἂν
2405 3082 2635 3146 δικαίως
2663 3083 3001 3152 ἐπιτιμήσας
3028 3077 3370 3150 ἀπέχθεσθαι
3400 3074 3621 3146 μᾶλλον,
3643 3072 3682 3143 ἢ

2089 3174 2244 3245 παρὰ
2266 3175 2327 3228 τδ
2350 3176 2633 3247 προσῆκον
2655 3174 2951 3239 ἐπαινέσας
2977 3171 3332 3245 χαρίσασθαι.
3357 3169 3433 3223 Τὸ
3459 3167 3560 3240 μὲν
3588 3162 3693 3219 οὖν

2093 3268 2227 3337 ἐμὸν
2272 3268 2447 3332 οὕτως
2484 3270 2608 3339 ἔχον
2652 3270 2821 3325 ἐστίν.

392 3356 533 3412 Nam
578 3366 635 3411 et
689 3355 857 3411 libere
899 3371 1114 3425 semper
1171 3354 1336 3409 animi
1397 3370 1554 3409 sensa
1614 3354 1861 3420 proferre
1909 3358 2098 3422 soleo,
2150 3370 2206 3415 et
2262 3363 2444 3416 malim
2510 3365 2581 3417 oh
2626 3362 2830 3432 justam
2887 3362 3373 3431 reprehensionem
3420 3354 3685 3413 inVidiam

394 3450 690 3517 sustinere,
719 3463 882 3518 quam
913 3463 1009 3517 per
1052 3449 1383 3503 immeritam
1418 3447 1631 3501 laudem
1658 3448 1977 3518 gratiﬁcari.
2013 3450 2095 3505 Me
2129 3446 2293 3522 igitur
2324 3470 2444 3524 qua:
2478 3455 2773 3524 attingunt,
2801 3456 2900 3509 hoc
2926 3470 3048 3510 sese
3072 3456 3233 3509 modo
3268 3452 3489 3508 habent.

470 3545 669 3601 Verum
718 3543 834 3607 ille,
871 3543 962 3613 qui
1001 3542 1054 3598 in
1087 3543 1303 3597 caeteris
1352 3541 1490 3597 alios
1529 3544 1821 3612 superabat
1861 3559 1977 3597 om-
2005 3550 2049 3607 ο

395 3654 514 3706 nes,
550 3652 675 3693 cum
705 3644 853 3693 esset
881 3636 1118 3691 maxime
1153 3645 1485 3705 temperans,
1519 3635 1767 3705 idemque
1791 3635 1981 3705 justis-

396 3734 593 3794 simus,
625 3745 691 3786 ac
727 3728 1038 3799 reipublicae
1079 3727 1534 3793 studiosissimus,
1567 3727 1835 3797 duplicem
1871 3742 1981 3794 prae

397 3840 460 3881 se
485 3822 606 3878 tulit
632 3823 1006 3893 cupiditatem,
1032 3821 1345 3891 prteclaram
1370 3820 1513 3873 illam
1536 3821 1750 3889 quidem
1781 3830 1981 3873 utram-

397 3932 506 3987 que
534 3931 630 3987 per
658 3931 740 3979 se,
780 3924 841 3969 ut
869 3913 1197 3983 apparebat;
1224 3912 1316 3967 sed
1349 3912 1421 3965 ita
1451 3911 1684 3964 invicem
1716 3910 1985 3965 dissiden-

402 4019 505 4075 tcs,
543 4023 816 4077 nunquam
849 4017 909 4061 ut
940 4005 1101 4061 simul
1152 4006 1325 4059 amhtc
1367 4005 1557 4059 conﬁci
1605 4015 1842 4073 possent.
1879 4002 1987 4057 Cu-

400 4103 586 4172 piebat
623 4100 806 4169 itaque
846 4110 902 4153 et
930 4114 1052 4153 cum
1100 4113 1226 4168 rege
1272 4096 1609 4169 [Persarum]
1658 4097 1854 4151 bellmn
1896 4111 1989 4166 ge-

400 4208 546 4257 rere,
580 4201 633 4247 et
657 4192 887 4257 amicos,
920 4190 1011 4259 qui
1044 4189 1111 4244 ad
1140 4205 1201 4245 se
1232 4190 1627 4258 confugissent,
1655 4190 1708 4243 in
1740 4188 1988 4243 civitates

404 4302 533 4343 suas
554 4286 837 4350 reducere,
873 4299 937 4340 ac
966 4284 1197 4354 negotiis
1228 4283 1302 4337 ibi
1354 4282 1588 4351 publicis
1612 4298 1823 4337 summa
1865 4298 1988 4337 cum

404 4385 674 4450 potestate
696 4377 991 4447 praeﬁcere.
1040 4374 1181 4445 Ergo
1223 4374 1353 4429 illud
1400 4375 1526 4429 inde
1550 4362 1899 4443 sequebatur,
1936 4383 1993 4427 ut

405 4482 467 4525 et
486 4469 557 4525 ob
585 4470 825 4525 studium
857 4483 986 4539 erga
1018 4467 1179 4531 alios,
1217 4469 1270 4521 in
1318 4467 1471 4523 bellis
1497 4483 1559 4522 ac
1590 4468 1994 4523 calamitatibus

408 4560 583 4617 (ἑταιςί
616 4570 992 4625 versarentur,
1033 4567 1089 4613 et
1118 4569 1339 4628 propter
1376 4570 1622 4614 exortam
1657 4561 1779 4614 inde
1812 4575 1991 4615 rerum

411 4653 899 4723 perturbationem,
938 4667 1117 4719 neque
1151 4652 1247 4705 otii
1299 4652 1453 4717 satis,
1488 4667 1663 4721 neque
1695 4652 1889 4707 virium
1929 4654 1994 4705 ad

413 4746 757 4801 lacessendos
802 4745 945 4801 bello
991 4745 1264 4800 Barbaros
1325 4745 1647 4799 invenirent.
1695 4745 1873 4811 Quare
1913 4744 1995 4800 vel

413 4854 481 4897 ex
531 4840 599 4895 iis
648 4854 769 4908 qua:
812 4848 940 4893 tunc
1000 4837 1263 4910 temporis
1323 4838 1689 4907 contigerunt,
1757 4855 1861 4894 non
1915 4848 1997 4894 est

414 4931 633 4989 diﬂicilo
661 4930 983 4999 intelligere,
1018 4944 1123 4983 non
1162 4930 1418 4998 expedire
1447 4929 1467 5001 (
1499 4932 1588 4984 ubi
1625 4941 1772 4987 recta
1805 4932 1995 4986 saltem

414 5025 700 5080 obtineant
733 5021 998 5090 consilia)
1036 5021 1233 5075 bellum
1261 5021 1463 5077 inferre
1491 5023 1602 5094 regi
1634 5024 1801 5091 prius,
1834 5040 1995 5092 quam

415 5117 640 5173 Graecos
679 5116 948 5185 quispiam
990 5115 1130 5171 inter
1178 5130 1237 5170 se
1272 5115 1597 5170 conciliatos
1631 5118 1699 5169 ab
1732 5118 1834 5171 hoc
1863 5134 1996 5172 con-

418 5209 675 5265 tentlendi
709 5211 891 5261 lurore
922 5208 1237 5263 abduxerit.
1270 5207 1388 5274 Qua
1420 5209 1486 5261 de
1519 5224 1597 5274 re,
1633 5220 1692 5263 ut
1714 5210 1852 5263 alias
1885 5214 1996 5266 dis-

416 5308 586 5367 serui.
654 5305 726 5359 ita
810 5316 987 5371 neque
1052 5301 1213 5355 modo
1289 5301 1678 5369 supersedeho.
1762 5302 1998 5359 Tametsi

417 5400 654 5454 maxime
692 5396 913 5467 quidam
971 5410 1038 5449 ex
1087 5396 1152 5449 iis
1187 5396 1276 5464 qui
1330 5394 1464 5448 alios
1514 5395 1711 5449 docere
1741 5409 1800 5449 se
1847 5411 2004 5465 posse

420 5490 762 5560 pollicentur,
790 5503 913 5543 cum
940 5489 1049 5542 sint
1093 5487 1193 5554 ipsi
1225 5488 1487 5540 doctrina:
1519 5489 1699 5541 omnis
1729 5500 2002 5555 expertes,

419 5591 476 5634 et
509 5596 624 5635 mea
672 5595 900 5649 carpere
939 5579 1163 5643 audent,
1199 5594 1318 5646 qua:
1352 5587 1529 5632 tamen
1562 5579 1763 5633 imitari
1792 5581 2007 5633 deside-

422 5680 565 5735 rant,
597 5672 829 5725 amentis
857 5670 1082 5725 forsitan
1116 5686 1236 5726 esse
1264 5670 1469 5735 dicant,
1503 5671 1648 5739 quod
1675 5670 1897 5726 Gra‘citc
1923 5685 2010 5725 me

425 5761 793 5816 calamitatum
846 5777 975 5814 cura
1032 5770 1219 5832 tangat
1268 5760 1467 5828 aliqua,
1515 5762 1667 5830 quasi
1708 5778 1826 5815 mea
1881 5777 2007 5816 ora—

426 5854 575 5908 tione
602 5851 792 5906 meiltts
824 5862 947 5907 cum
995 5854 1082 5927 illa
1118 5854 1203 5923 agi
1252 5854 1505 5924 deinceps
1544 5857 1717 5925 possit
1740 5867 1832 5910 aut
1861 5858 2004 5914 dcte-

2164 3547 2402 3612 Ἐκεῖνος
2426 3548 2470 3602 δ’
2486 3549 2545 3602 ὲν
2567 3549 2741 3603 ἅπασι
2767 3552 2881 3611 τοῖς
2910 3548 3091 3613 ἄλλοις
3128 3547 3446 3616 διενεγκὼν,
3477 3546 3572 3600 καὶ
3595 3561 3691 3613 γε-

2088 3640 2314 3710 νόμενος
2337 3643 2791 3713 ἐγκρατέστατος,
2819 3643 2913 3695 καὶ
2940 3642 3299 3705 δικαιότατος,
3320 3641 3416 3694 καὶ
3444 3639 3642 3707 πολεμι
3659 3666 3687 3677 -

2086 3730 2348 3794 κώτατος,
2376 3732 2558 3794 διττὰς
2594 3731 2751 3801 ἔσχεν
2774 3731 3093 3799 ἐπιθυμίας.
3143 3732 3329 3801 Χωρὶς
3360 3730 3457 3799 μὲν
3489 3727 3686 3781 ἑκατέ-

2087 3838 2190 3893 ραν
2209 3821 2377 3892 καλὴν
2392 3817 2531 3875 εἶναι
2550 3821 2707 3876 δοκοῦ
2716 3840 2832 3884 σαν,
2847 3823 2908 3876 ού
2930 3840 2993 3874 συ
3002 3821 3223 3893 μφωνού
3232 3839 3328 3884 σας
3342 3821 3387 3873 δ’
3401 3819 3688 3889 ἀλλήλαις,

2087 3914 2195 3967 οὐδ’
2211 3913 2329 3984 ἅμα
2346 3916 2684 3986 πράττεσθαι
2701 3915 3008 3985 δυναμένας
3028 3931 3042 3945 ·
3070 3914 3332 3984 ἠϐούλετο
3354 3913 3463 3981 γὰρ
3478 3910 3687 3981 βασιλεῖ

2088 4025 2150 4060 τε
2189 4007 2471 4077 πολεμεῖν,
2506 4009 2602 4060 καὶ
2633 4007 2944 4077 τῶνφίλων
2976 4007 3104 4069 τοὺς
3140 4006 3444 4075 φεύγοντας
3473 4003 3554 4067 εἰς
3588 4003 3691 4065 τάς

2091 4097 2279 4162 πόλεις
2336 4100 2695 4167 καταγαγεῖν,
2749 4098 2845 4151 καὶ
2892 4099 3120 4169 κυρίους
3180 4097 3521 4165 καταστῆσαι
3575 4091 3685 4145 τῶν

2093 4190 2459 4262 πραγμάτων.
2512 4191 2834 4244 Συνέϐαινεν
2877 4185 2970 4244 οὖν
3021 4191 3086 4243 ὲκ
3141 4189 3241 4258 μὲν
3283 4188 3384 4259 τῆς
3431 4203 3691 4257 πραγμα-

2093 4283 2266 4347 τείας,
2303 4286 2401 4354 τῆς
2435 4284 2577 4354 ὑπὲρ
2600 4283 2707 4336 τῶν
2730 4283 2956 4353 ἑτέρων,
2987 4286 3046 4335 ἐν
3074 4285 3267 4345 κακοῖς
3294 4281 3388 4334 καὶ
3411 4279 3687 4343 κινδύνοις

2062 4390 2063 4393 ‘
2097 4372 2239 4429 εἶναι
2277 4376 2403 4439 τοὺς
2433 4375 2660 4446 ἓλληνας
2681 4391 2695 4406 ·
2742 4375 2829 4428 διὰ
2862 4376 2918 4427 δὲ
2947 4376 3046 4445 τὴν
3074 4374 3344 4444 ταραχὴν,
3374 4372 3472 4443 τὴν
3498 4370 3688 4425 ἐνθάδε

2095 4469 2448 4538 γιγνομένην,
2483 4468 2558 4538 μὴ
2597 4468 2793 4538 σχολὴν
2821 4466 2977 4534 ἄγειν
2997 4507 3012 4527 ,
3062 4466 3203 4536 μηδὲ
3231 4464 3495 4518 δύνασθαι
3526 4463 3689 4517 πολε-

2100 4561 2224 4629 μεῖν
2249 4560 2362 4621 τοῖς
2396 4558 2712 4630 βαρϐάροις.
2756 4559 2910 4610 Ὠστ’
2944 4558 3009 4611 ὲκ
3047 4556 3158 4609 τῶν
3200 4554 3320 4608 κατ’
3349 4555 3560 4607 ἐκεῖνον
3597 4553 3688 4606 τὸν

2100 4652 2293 4723 χρόνον
2323 4652 2505 4724 ῥᾴδιον
2556 4650 2917 4720 καταμαθεῖν,
2966 4651 3048 4703 ὅτι
3083 4649 3166 4701 δεῖ
3190 4648 3319 4711 τοὺς
3348 4646 3527 4718 ὀρθῶς
3568 4647 3690 4718 βου-

2099 4744 2429 4811 λευομένους
2477 4744 2551 4815 μὴ
2590 4743 2856 4815 πρότερον
2884 4742 3139 4814 ἐκφέρειν
3163 4741 3300 4813 πρὸς
3330 4740 3557 4811 βασιλέα
3590 4739 3692 4793 πό-

2100 4837 2287 4907 λεμον,
2316 4837 2445 4906 πρὶν
2470 4836 2535 4889 ἂν
2563 4836 2820 4908 διαλλάξῃ
2843 4850 2929 4897 τις
2954 4836 3080 4898 τοὺς
3107 4833 3356 4908 ἕλληνας.
3394 4833 3487 4886 καὶ
3506 4829 3691 4903 παύσῃ

2104 4904 2204 5002 τῆς
2237 4904 2431 4997 μανίας
2469 4929 2565 4982 καὶ
2598 4929 2699 4998 τῆς
2724 4904 3087 4998 φιλονεικείας
3110 4904 3283 4996 ἡμᾶς.
3316 4927 3453 4995 Περὶ
3480 4920 3549 4995 ἦς
3581 4922 3691 4992 ἐγὼ

2108 5024 2501 5096 καὶπρότερον
2556 5024 2776 5095 εἴρηκα,
2823 5022 2921 5075 καὶ
2965 5020 3061 5073 νῦν
3092 5021 3397 5089 ποιήσομαι
3439 5018 3567 5080 τοὺς
3607 5014 3691 5067 λό-

2106 5133 2258 5185 γους.
2320 5115 2430 5170 Καί
2476 5114 2559 5168 τοί
2615 5130 2760 5177 τινες
2815 5112 2925 5165 τῶν
2981 5112 3249 5184 μηδεμιᾶς
3315 5109 3417 5181 μὲν
3444 5105 3692 5168 παιδείας

2109 5205 2548 5278 μετεσχηκότων,
2599 5203 2861 5258 δύνασθαι
2910 5203 2967 5257 δὲ
3010 5200 3291 5257 παιδεύειν
3330 5200 3458 5263 τοὺς
3500 5197 3692 5260 ἄλλους

2111 5296 2589 5368 ὑπισχνουμένων,
2630 5297 2719 5349 λαὶ
2746 5295 2934 5366 ψέγειν
2976 5294 3074 5365 μὲν
3104 5294 3172 5348 τά
3194 5292 3305 5363 ἐμὰ
3336 5289 3691 5362 τολμώντων,

2113 5390 2399 5463 μιμεῖσθαι
2443 5389 2501 5443 δὲ
2550 5389 2891 5461 γλιχομένων
2923 5404 2938 5418 ο
2990 5388 3133 5458 τάχα
3199 5385 3265 5440 ἂν
3316 5384 3517 5455 μανίαν
3555 5378 3691 5436 εἶναι

2111 5486 2343 5556 φήσαιεν
2375 5483 2437 5537 τὸ
2472 5483 2659 5555 μέλειν
2692 5483 2816 5553 ἐμοὶ
2842 5480 2953 5535 τῶν
2982 5481 3081 5551 τῆς
3121 5478 3340 5541 έλλάδος
3375 5475 3691 5547 συμφορῶν,

2110 5577 2301 5650 ὥσπερ
2325 5577 2479 5648 παρά
2506 5577 2631 5641 τοὺς
2692 5576 2860 5649 ἐμοὺς
2888 5574 3083 5642 λόγους
3139 5574 3172 5644 ἢ
3207 5572 3415 5641 βέλτιον
3449 5570 3482 5639 ἢ
3517 5571 3695 5639 χεῖρον

2111 5671 2282 5741 αὐτὴν
2318 5668 2632 5742 πράξουσαν
2662 5685 2676 5698 ·
2722 5661 2797 5722 ὧν
2844 5668 3070 5731 δικαίως
3110 5666 3174 5719 ἂν
3211 5665 3449 5726 ἅπαντες
3495 5661 3696 5729 πολλὴν

2115 5764 2405 5835 ἀνανδρίαν
2453 5764 2548 5816 καὶ
2593 5761 2965 5833 μικροψυχίαν
3021 5761 3342 5827 καταγνοῖεν
3391 5757 3472 5807 ὅτι
3527 5770 3693 5823 προσ-

2120 5857 2434 5929 ποιούμενοι
2478 5856 2822 5924 φιλοσοφεῖν,
2854 5853 3009 5906 αὐτοὶ
3033 5853 3132 5925 μὲν
3163 5852 3257 5904 ἐπὶ
3301 5851 3517 5922 μικροῖς
3543 5844 3689 5915 gulo-
