4062 6452
321 326 427 394 ιιι

1457 325 1984 401 BIBLIOTHECA.
2020 349 2095 362 -
2129 325 2298 389 COD.
2330 328 2499 389 CLX-

3489 321 3598 385 442

320 441 608 514 τιμοῦνται
649 456 665 473 ο
694 439 822 503 τοὺς
856 438 914 492 δὲ
957 435 1285 508 δυναμένους
1318 438 1448 508 περὶ
1484 436 1592 491 τῶν
1624 439 1895 508 μεγίστων

2029 438 2142 492 ius.
2199 438 2347 504 Quos
2407 436 2607 492 merito
2660 451 2794 493 sane
2834 435 3013 506 pusilli
3069 436 3253 503 nimis,
3293 450 3358 490 ac
3402 450 3593 504 parum

321 528 716 603 συμϐουλεύειν
751 526 1069 597 φθονοῦντες
1099 524 1453 580 διατελοῦσιν.
1491 519 1651 580 Οὗτοι
1678 526 1775 594 μὲν
1802 520 1897 579 οὖν

321 619 647 693 βοηθοῦντες
697 620 817 683 ταῖς
859 616 1038 671 αὐτῶν
1078 616 1405 679 ἀσθενείαις,
1453 616 1548 670 καὶ
1598 614 1898 687 ῥᾳθυμίαις

318 714 447 776 ἴσως
485 708 697 765 τοιαῦτ’
751 708 985 780 ἐροῦσιν.
1034 706 1174 775 Ἐγὼ
1218 706 1275 760 δὲ
1318 705 1491 762 οὕτως
1546 706 1633 759 ἐπ’
1672 706 1899 777 ἐμαυτῷ

2002 529 2179 583 virilis
2210 528 2377 582 animi
2424 544 2815 599 omnesmque
2856 538 3152 593 censeam;
3203 530 3347 598 quod
3375 544 3435 581 se
3466 528 3589 595 phi-

2000 620 2257 689 losophos
2279 620 2619 688 jactitantes,
2656 638 2762 675 non
2794 621 2970 676 solum
3027 622 3125 690 ipsi
3155 620 3335 689 parvis
3369 633 3399 673 e
3433 617 3594 673 rebus

2002 712 2282 782 gloriolam
2316 712 2554 782 aliquam
2591 723 2882 778 venentur,
2914 713 3008 767 sed
3062 712 3184 766 aliis
3224 725 3461 781 quoque,
3502 710 3594 778 qui

317 806 462 876 μέγα
502 802 711 875 φρονῶ,
748 802 951 873 καίπερ
988 800 1082 872 ἐτη
1115 799 1352 870 γεγονὼς
1391 799 1752 869 ὀγδοήκοντα,
1805 800 1901 853 καὶ

2029 805 2071 859 le
2120 804 2417 873 majoribus
2443 806 2670 859 consilia
2712 820 3005 874 suggerere
3033 805 3265 874 possint,
3300 819 3406 857 non
3440 801 3593 858 desi-

311 895 667 951 παντάπασιν
716 891 1075 965 ἀπειρηκὼς,
1156 890 1297 944 ὥστε
1358 884 1513 960 οἶμαι
1574 889 1669 942 καὶ
1722 888 1901 956 λέγειν

314 987 447 1058 ἱεμοὶ
498 984 795 1055 προσήκειν
845 983 1080 1052 μάλιστα
1133 981 1261 1052 περὶ
1311 980 1537 1046 τούτων,
1581 980 1676 1032 καὶ
1719 978 1903 1042 καλῶς

323 1078 711 1151 βεϐουλεῦσθαι
748 1078 887 1149 πρὸς
919 1076 979 1128 σὲ
1011 1074 1330 1144 ποιούμενον
1376 1073 1503 1133 τοὺς
1532 1073 1723 1140 λόγους
1750 1089 1765 1102 ·
1810 1073 1904 1126 καὶ

327 1175 499 1243 τυχόν
528 1172 616 1225 ὑπ’
638 1170 816 1224 αὐτῶν
838 1166 1169 1239 γενήσεσθαί
1193 1184 1244 1219 τι
1266 1165 1375 1223 τῶν
1405 1164 1656 1219 δεόντων.
1709 1163 1905 1231 Ἡγοῦ-

337 1282 441 1332 μ.αι
475 1262 527 1316 δὲ
553 1263 641 1316 καὶ
667 1263 796 1325 τοὺς
827 1260 1021 1321 ἄλλους
1050 1257 1301 1326 ἓλληνας,
1346 1257 1393 1310 εί
1426 1256 1666 1326 δεήσειεν
1706 1255 1905 1319 αὐτοὺς

332 1356 396 1421 ἐξ
440 1355 684 1409 ἁπάντων
743 1351 1063 1417 ἐκλέξασθαι
1102 1350 1194 1403 τόν
1241 1366 1300 1403 τε
1345 1348 1421 1419 τῷ
1453 1348 1597 1418 λόγῳ
1643 1346 1908 1402 κάλλιστα

328 1447 617 1517 δυνηθέντα
660 1444 1048 1515 παρακαλέσαι
1080 1442 1208 1505 τοὺς
1256 1441 1486 1512 ἓλληνας
1528 1440 1623 1494 ἐπὶ
1669 1440 1765 1510 τὴν
1798 1438 1908 1491 τῶν

325 1537 614 1609 βαρϐάρων
656 1536 973 1608 στρατείαν,
1019 1534 1224 1588 καὶτὸν
1259 1534 1488 1603 τάχιστα
1520 1531 1783 1602 μέλλοντα.
1809 1530 1910 1594 τὰς

319 1630 549 1698 πράξεις
612 1629 889 1683 ἐπιτελεῖν
958 1626 1058 1690 τὰς
1124 1626 1427 1696 συμφέρειν
1480 1623 1711 1691 δοξάσας
1742 1662 1757 1684 .
1807 1621 1910 1675 οὐκ

313 1726 379 1779 ἂν
405 1724 611 1788 ἄλλους
640 1724 761 1778 ἀνθ’
798 1722 953 1795 ἡμῶν
981 1720 1366 1794 προκριθῆναι.
1401 1718 1511 1773 Καί
1543 1735 1625 1771 τοι
1666 1716 1784 1781 πῶς
1809 1715 1911 1769 οὐκ

2003 906 2136 952 nant
2180 898 2442 953 invidere.
2489 898 2665 967 Atque
2709 898 2786 952 illi
2836 897 3077 967 quidem,
3125 894 3483 951 imbecillitati
3541 905 3598 949 et

2006 990 2237 1059 ignaviae
2263 992 2632 1056 obsequentes
2660 1004 2770 1043 suae
2816 990 2946 1044 talia
2985 987 3170 1043 forsan
3204 986 3399 1041 dicturi
3431 993 3594 1041 sunt:

2003 1096 2104 1151 ego
2141 1095 2290 1147 vero,
2339 1096 2652 1150 quanquam
2702 1081 3098 1149 octogesimum
3143 1080 3254 1148 jam
3312 1086 3473 1132 natus
3501 1093 3600 1131 au-

2006 1188 2136 1226 num
2179 1172 2395 1243 penitus
2443 1172 2638 1238 defeci,
2678 1172 2966 1241 magniﬁce
3019 1180 3196 1225 tamen
3239 1168 3376 1223 adeo
3407 1169 3475 1222 de
3504 1183 3590 1223 me

2005 1260 2184 1315 adhuc
2210 1260 2405 1323 sentio,
2436 1269 2494 1312 ut
2522 1268 2707 1329 putem
2736 1273 2842 1312 non
2885 1268 3095 1321 tantum
3146 1256 3252 1311 mei
3286 1256 3370 1311 vel
3401 1258 3454 1310 in
3484 1256 3598 1325 pri-

2008 1353 2113 1408 mis
2144 1353 2313 1408 fuisse
2353 1353 2598 1406 muneris
2626 1354 2693 1407 de
2730 1353 2812 1406 bis
2845 1352 3050 1413 dicere,
3082 1353 3177 1405 sed
3207 1350 3371 1405 etiam
3414 1356 3596 1403 tecum

2010 1445 2217 1515 agendo
2264 1443 2522 1513 Prmclara
2571 1442 2909 1513 suggessisse
2961 1441 3215 1502 consilia.
3266 1456 3330 1495 ac
3367 1439 3601 1494 fortasse

2010 1550 2108 1605 per
2139 1537 2251 1591 haec
2278 1535 2459 1606 aliqua
2496 1544 2643 1589 recte
2667 1550 2790 1590 esse
2826 1534 3085 1603 gerenda.
3124 1533 3265 1599 Quin
3291 1542 3343 1586 et
3370 1541 3603 1587 czeteros

2010 1640 2112 1695 ego
2135 1623 2356 1680 Graecos
2400 1624 2675 1689 existimo,
2720 1624 2766 1680 si
2819 1640 2884 1679 ex
2932 1624 3078 1677 omni
3111 1638 3337 1677 suorum
3370 1635 3603 1675 numero

2013 1718 2279 1785 deligendi
2307 1718 2440 1787 ipsis
2470 1726 2804 1781 essent,cum
2824 1716 2915 1786 qui
2942 1715 3160 1771 Graecos
3188 1722 3371 1785 posset
3397 1713 3603 1783 Optime

311 1819 381 1869 ἂν
433 1817 674 1887 αἰσχρὸν
712 1816 1062 1886 ποιήσαιμεν,
1114 1810 1287 1875 οὕτως
1330 1809 1568 1881 ἐντίμων
1607 1808 1799 1871 ὄντων,
1837 1800 1913 1862 ὧν

2029 1807 2266 1862 aratione
2287 1823 2384 1862 sua
2421 1808 2651 1863 incitare
2676 1808 2742 1862 ad
2775 1807 3107 1864 invadendos
3128 1806 3269 1861 bello
3302 1804 3602 1870 Barbaros,

310 1908 562 1974 ᾶπαντες
592 1908 660 1962 ἂν
696 1908 841 1979 ἡμᾶς
861 1905 1182 1973 ἀξιώσειανς
1218 1905 1281 1958 τὸ
1324 1903 1422 1975 μὲν
1468 1899 1567 1956 οὖν
1598 1902 1731 1973 ἐμὸν
1759 1902 1917 1955 ἔλατ-

311 2002 407 2055 τόν
442 2005 603 2055 ἐστιν
628 2017 645 2032 ·
684 1999 1067 2071 ἀποφήνασθαι
1092 1998 1201 2070 γὰρ
1228 1997 1266 2053 ά
1294 1996 1555 2066 γινώσκει
1588 2012 1695 2062 τις,
1723 1996 1785 2049 οὐ
1812 1996 1918 2050 πά-

314 2110 381 2144 νυ
421 2091 538 2144 τῶν
586 2088 843 2161 χαλεπῶν
892 2088 1126 2156 πέφυκε.
1171 2088 1264 2140 Σοὶ
1300 2086 1359 2139 δὲ
1422 2086 1696 2156 προσήκει
1744 2103 1917 2156 προσ-

315 2182 503 2252 έχοντι
525 2181 619 2235 τὸν
641 2180 767 2234 νοῦν
786 2182 897 2243 τοῖς
920 2176 1159 2248 ὑπ’ὲμοῦ
1183 2176 1497 2247 λεγομένοις
1523 2176 1919 2247 βουλεύσασθαι

314 2270 565 2341 πότερον
612 2266 977 2340 ὀλιγωρητέον
1019 2267 1138 2319 ἐστὶ
1179 2263 1290 2317 τῶν
1319 2263 1621 2333 ὲλληνικῶν
1654 2265 1921 2333 πραγμά-

318 2381 460 2425 των,
497 2362 746 2431 γεγονότι
785 2360 884 2431 μὲν
914 2359 1101 2429 ὥσπερ
1132 2356 1300 2428 ὀλίγῳ
1334 2357 1602 2429 πρότερον
1637 2355 1748 2425 ἐγὼ
1772 2355 1924 2425 διῆλ-

321 2457 419 2511 θον
452 2472 470 2487 ·
523 2453 753 2525 ἡγεμόνι
792 2452 849 2506 δὲ
898 2450 1332 2520 λακεδαιμονίων
1381 2448 1499 2502 ὃντι
1536 2462 1551 2477 ⁸
1608 2446 1818 2517 βασιλεῖ
1863 2445 1923 2499 δὲ

325 2546 864 2619 προσαγορευομένῳ
897 2560 912 2576 ·
955 2543 1222 2614 μεγίστην
1252 2541 1310 2596 δὲ
1341 2540 1451 2595 τῶν
1477 2540 1716 2611 ὲλλήνων
1743 2538 1923 2610 ἔχοντι

324 2640 494 2703 δόξαν
521 2655 537 2670 ’
591 2639 625 2711 ἢ
662 2638 771 2691 τῶν
803 2637 903 2708 μὲν
960 2632 1275 2690 ἐνεστώτων
1356 2633 1702 2704 πραγμάτιον
1753 2631 1927 2703 ὑπερ-

323 2731 551 2795 οπτέον,
589 2730 799 2801 μείζοσι
828 2727 874 2781 δ’
903 2727 1302 2801 ἐπιχειρητέον.
1332 2723 1475 2792 Ἐγὼ
1518 2723 1618 2793 μὲν
1646 2722 1756 2792 γάρ
1779 2738 1924 2792 φημι

325 2817 537 2889 χρῆναί
567 2834 628 2870 σε
654 2817 870 2871 πάντων
899 2816 1173 2886 ἀφέμενον
1198 2814 1308 2868 τῶν
1330 2813 1527 2878 ἄλλων,
1548 2812 1695 2865 δυοῖν
1713 2811 1928 2865 τούτοιν

327 2910 630 2981 προσέχειν
655 2910 745 2964 τὸν
788 2908 912 2963 νοῦν
950 2925 964 2940 ·
994 2909 1143 2971 ὅπως
1179 2908 1309 2970 τοὺς
1355 2904 1455 2975 μὲν
1486 2903 1720 2975 ἐλληνας
1750 2903 1927 2958 ἁπαλ-

324 3000 507 3073 λάξῃς
565 3001 675 3056 τῶν
730 3001 1005 3072 πολέμων,
1049 2999 1147 3053 καὶ
1184 2998 1295 3053 τῶν
1334 2998 1511 3052 ἄλλων
1556 2996 1767 3058 κακῶν,
1818 2996 1928 3049 τῶν

2018 1908 2131 1954 tum
2190 1898 2283 1967 qui
2341 1898 2631 1956 celerrime
2710 1900 2981 1955 conﬁcere
3024 1909 3240 1968 posset,
3302 1912 3423 1967 qua:
3502 1898 3604 1950 uti-

2016 1990 2142 2046 liter
2171 1994 2405 2062 gerenda
2431 1992 2763 2058 viderentur,
2813 1992 2990 2047 nullos
3022 1991 3246 2045 onmiuo
3279 1990 3415 2043 alios
3448 1988 3604 2042 nobis

2016 2085 2424 2157 praeposituros.
2464 2084 2530 2140 Et
2574 2100 2706 2140 vero
2741 2086 3014 2156 quomodo
3046 2099 3153 2138 non
3214 2082 3421 2152 alioqui
3484 2089 3605 2133 tur-

2017 2192 2138 2249 pem
2169 2191 2394 2247 prorsus
2428 2192 2542 2232 rem
2586 2180 3071 2239 committetemus,
3129 2189 3254 2229 cum
3307 2170 3603 2226 honoriﬁca

2022 2272 2203 2327 forent
2236 2274 2372 2325 adeo
2403 2270 2516 2335 illa,
2572 2270 2775 2340 quibus
2814 2286 2912 2325 nos
2938 2269 3180 2323 omnium
3204 2266 3413 2337 judicio
3441 2279 3608 2318 orna—

2021 2364 2249 2418 rentur?
2296 2363 2407 2417 Etsi
2459 2380 2487 2416 a
2533 2379 2619 2417 me
2657 2363 2801 2433 quod
2836 2362 3108 2432 proficisci
3147 2368 3346 2431 potest,
3382 2356 3611 2412 minoris

2022 2455 2077 2510 id
2104 2471 2237 2510 sane
2261 2455 2520 2510 momenti
2563 2466 2673 2521 est;
2709 2470 2830 2510 cum
2868 2471 2983 2510 non
3016 2455 3089 2509 ita
3118 2454 3291 2508 soleat
3338 2466 3460 2507 esse
3520 2464 3613 2503 ar-

2022 2549 2209 2612 duum,
2242 2562 2394 2601 suam
2451 2547 2517 2601 de
2567 2562 2624 2602 re
2673 2546 2925 2616 quapiam
2970 2545 3300 2600 sententiam
3344 2542 3611 2612 proferre.

2022 2637 2160 2692 Cum
2204 2646 2355 2690 tuum
2392 2638 2462 2691 sit
2514 2639 2582 2691 ad
2618 2651 2679 2691 ea
2701 2639 2964 2701 animum,
2989 2651 3110 2705 quae
3139 2634 3298 2689 modo
3353 2629 3617 2687 iudicavi-

2024 2742 2168 2790 mus,
2234 2728 2605 2782 advertentem
2675 2727 2963 2796 dispicere,
3014 2725 3309 2782 Graacizene
3376 2737 3466 2778 res
3518 2735 3618 2775 ne-

2025 2818 2288 2889 gligenda:
2335 2818 2429 2873 tibi
2474 2820 2604 2884 sint,
2627 2833 2693 2874 eo
2733 2821 2877 2889 quod
2923 2817 3083 2888 paulo
3106 2826 3233 2872 ante
3276 2814 3387 2871 dixi
3419 2825 3623 2883 genere

2030 2922 2182 2977 nato,
2209 2910 2741 2967 Lacedaemoniorum
2765 2911 2910 2975 duci,
2942 2911 3052 2982 regi
3082 2923 3297 2979 quoque
3322 2905 3624 2969 declarato,

2027 3011 2085 3056 et
2135 3002 2432 3056 maximum
2487 3004 2629 3057 inter
2678 3002 2897 3059 Graecos
2928 3016 3125 3057 nomen
3181 2996 3495 3059 sustinenti,
3555 3008 3625 3047 an

327 3094 433 3149 νῦν
463 3095 651 3157 αὐτοῖς
709 3095 994 3166 παρόντων
1020 3109 1036 3125 σ
1084 3093 1212 3156 τοὺς
1255 3092 1311 3146 δὲ
1355 3090 1668 3162 βαρϐάρους
1710 3090 1924 3160 παύσῃς

2034 3092 2216 3162 potius
2268 3095 2556 3161 prasentia
2607 3094 2720 3148 sint
2767 3092 3068 3147 omittenda
3118 3090 3363 3158 negotia,
3390 3101 3501 3157 quo
3533 3084 3623 3140 his

327 3185 687 3257 ὑϐρίζοντας,
730 3185 905 3240 πλείω
933 3183 1308 3255 κεκτημένους
1357 3181 1543 3251 ἀγαθὰ
1602 3177 1701 3233 τοῦ
1758 3196 1929 3251 προσ-

328 3281 594 3350 ήκοντος.
637 3279 726 3343 Ὠς
748 3279 795 3332 δ’
830 3278 948 3333 ἐστὶ
983 3277 1158 3332 ταῦτα
1190 3275 1411 3339 δυνατὰ,
1437 3275 1570 3347 ἐμὸν
1596 3274 1757 3347 ἔργον
1784 3272 1928 3329 διδά-

328 3368 429 3433 ξαι
457 3370 591 3441 περὶ
616 3369 795 3424 αὐτῶν
823 3370 993 3424 ἐστίν.

2040 3183 2251 3252 majora
2275 3186 2565 3255 suspicias.
2598 3183 2681 3238 De
2707 3185 2908 3253 quibus
2930 3196 3067 3237 sane
3092 3196 3193 3252 ego
3219 3179 3351 3235 illud
3420 3175 3622 3237 sentio,

2038 3274 2091 3330 in
2118 3276 2233 3330 haec
2265 3276 2373 3331 duo
2403 3277 2767 3346 potissimum,
2789 3276 3004 3330 caeteris
3016 3274 3271 3330 omnibus
3292 3270 3629 3343 praetermis-

2037 3368 2134 3432 sis,
2209 3382 2332 3423 esse
2382 3369 2479 3424 tibi
2563 3368 3011 3435 incumbendum,
3072 3376 3131 3421 ut
3190 3364 3410 3421 Graecos
3480 3360 3635 3414 hisce

327 3462 521 3528 bellis,
575 3478 639 3545 ac
690 3463 946 3527 miseriis,
989 3463 1311 3532 quibuscum
1360 3462 1522 3517 hodie
1562 3460 1970 3526 conﬂictantur,
2029 3461 2282 3518 liberes:
2325 3470 2489 3527 utque
2521 3462 2877 3517 barbarorum
2940 3424 3199 3515 coerceas
3262 3453 3633 3515 insolentiam,

330 3558 428 3625 qui
464 3557 580 3627 jam
632 3556 899 3626 pluribus,
945 3571 1107 3625 quam
1150 3570 1247 3626 par
1290 3556 1383 3623 sit,
1427 3553 1586 3611 bouis
1625 3553 1923 3609 abundant.
1956 3550 2011 3609 Id
2044 3567 2227 3609 autem
2258 3553 2483 3609 conﬁeri
2523 3567 2703 3623 posse,
2740 3566 2890 3608 meas
2939 3561 3123 3622 partes
3149 3548 3282 3604 duxi
3316 3557 3637 3605 commone-

330 3651 545 3707 facere.

1050 3740 1179 3796 ΡΞ’.

342 3838 627 3904 Χορικιου
652 3834 952 3921 Σρφίησξθρῦ
967 3836 1137 3921 λάτοι
1156 3833 1454 3921 διάφοροι,
1478 3833 1578 3912 καὶ
1601 3834 1945 3921 Προκοπίορ

424 3905 721 4025 ﬂagrum?)
766 3904 962 3973 Γάζης
1002 3906 1232 3974 στίχων
1265 3903 1597 3975 Ὁμηρικῶν
1634 3903 1947 3973 Μεταφρὰ-

472 3993 575 4041 εις.

420 4066 547 4141 [336
582 4068 676 4141 R.]
693 4067 1034 4141 ’Δνεγνώσθη
1054 4070 1311 4142 Χορικίου
1339 4068 1595 4140 σοφιστοῦ
1617 4067 1798 4135 Γάζης
1821 4070 1938 4121 Με-

340 4163 517 4215 λέται
543 4161 641 4216 καὶ
662 4161 989 4229 Συντάξεις
1008 4163 1207 4232 λόγων
1233 4162 1527 4232 διάφοροι.
1562 4154 1731 4225 Οὗτος
1762 4159 1945 4231 χαίρει

347 4253 455 4323 μὲν
480 4254 766 4324 εύκρινείᾳ
807 4256 904 4308 καλ⁵
938 4253 1295 4327 καθαρότητι,
1332 4258 1410 4320 εἰς
1455 4254 1519 4307 τὸ
1568 4254 1843 4325 χρήσιμον
1889 4251 1946 4304 δὲ

345 4346 452 4398 καὶ
493 4347 567 4415 τῇ
613 4345 873 4417 περιϐολῇ
918 4346 1257 4417 κεχρημένος
1302 4346 1380 4418 τῷ
1442 4364 1501 4400 τε
1562 4346 1810 4416 εὐκαίρῳ
1851 4344 1948 4397 καὶ

2767 3730 2928 3789 CLX.

2044 3826 2278 3899 Choricii
2310 3826 2574 3899 80inst
2610 3823 3022 3899 declamationes
3068 3821 3252 3899 vqrile,
3304 3828 3355 3899 et
3391 3817 3642 3888 Procopii

2188 3890 2808 3954 Cami'llomericorum
2840 3910 3084 3948 versuum
3111 3890 3498 3962 Hetaphrases.

2117 4057 2298 4115 Lectae
2320 4064 2452 4112 sunt
2484 4053 2729 4110 Choricii
2764 4052 3039 4123 Sophista:
3066 4050 3247 4107 ϐιηπί
3283 4048 3644 4104 Declamatio-

2055 4169 2144 4207 nes
2204 4151 2619 4219 Orationumque
2666 4147 2865 4201 classes
2922 4147 3087 4199 varia:
3135 4142 3272 4215 (65).
3318 4141 3530 4197 Gaudet
3557 4142 3647 4197 hic

2054 4251 2313 4299 accurata
2336 4242 2685 4297 distinctione
2729 4248 2892 4308 atque
2932 4236 3174 4306 puritate
3208 4251 3221 4289 :
3256 4250 3319 4288 ac
3353 4236 3397 4289 si
3428 4233 3648 4303 quando

2059 4337 2309 4391 utilitatis
2348 4333 2578 4403 alicuius
2624 4332 2797 4401 gratia
2825 4330 2989 4383 etiam
3030 4326 3508 4381 circumductione
3542 4324 3651 4376 uti-

344 4436 431 4508 τῷ
451 4436 502 4468 ⁸⁸
540 4436 618 4509 μὴ
644 4415 724 4502 είς
747 4415 923 4509 μῆκος
954 4415 1205 4510 περιόδου
1242 4415 1447 4507 ταύτην
1474 4415 1833 4509 παρατείνειν
1857 4436 1919 4489 οὐ

2061 4441 2166 4495 tur,
2247 4437 2356 4481 tam
2422 4441 2543 4479 eam
2622 4431 2927 4492 opportune
3001 4419 3245 4484 adhibet,
3307 4417 3361 4470 in
3434 4415 3648 4485 periodi

346 4528 445 4583 δὲν
493 4531 564 4600 τῇ
600 4508 869 4602 σαφηνείᾳ
924 4508 1267 4601 λυμαίνεται,
1307 4532 1429 4603 ἤθει
1477 4508 1678 4584 τεκαὶ
1724 4527 1924 4597 άληθεᾶ

2061 4518 2455 4589 longitudinem
2493 4530 2836 4585 nequaquam
2868 4510 3230 4572 excurrendo,
3260 4508 3394 4561 nihil
3428 4517 3488 4561 ιιι
3520 4522 3647 4576 per-

352 4621 771 4695 συγκέκραται,
819 4600 940 4676 abas
997 4600 1097 4692 τῆς
1156 4600 1571 4693 γνωμολογικῆς
1618 4619 1665 4654 ⁸⁸
1717 4616 1919 4687 σπουδῆ

2054 4611 2397 4682 spicuitatem
2436 4609 2613 4662 lmdat.
2648 4606 2829 4659 Mitior
2858 4604 2985 4657 item
3038 4601 3268 4655 allectus
3294 4600 3437 4669 apud
3474 4602 3651 4667 ipsum

350 4714 713 4786 ἀστοχῶν.Ἦ
742 4714 800 4768 δέ
830 4731 894 4782 γε
928 4714 1071 4779 λέξις
1099 4714 1247 4783 αὐτῷ
1278 4714 1389 4767 τῶν
1422 4712 1665 4781 λογάδων
1687 4710 1824 4783 [175
1856 4706 1950 4779 Η.]

351 4805 500 4860 οὖσα
535 4806 592 4858 ἐν
629 4804 845 4868 πολλοῖς
874 4806 975 4857 οὐκ
1002 4805 1089 4857 ἀεὶ
1120 4803 1179 4857 τὸ
1207 4805 1429 4875 γνήσιον
1450 4802 1639 4855 διώκει
1672 4817 1687 4833 ο
1715 4800 1830 4853 ἔσθ’
1858 4800 1949 4853 ὅτε

2054 4704 2276 4773 egregio
2319 4702 2560 4756 candore
2610 4707 2969 4767 temperatur,
3006 4709 3180 4762 neque
3233 4703 3413 4745 tamen
3447 4692 3569 4744 ideo
3618 4708 3649 4742 ιι

2058 4799 2217 4851 docta
2254 4793 2460 4849 recedit
2491 4790 2798 4860 diligentia.
2849 4786 3079 4842 Selectis
3117 4787 3288 4837 utitur
3334 4782 3655 4851 plerumque

355 4898 474 4970 γὰρ
501 4897 591 4952 διά
636 4897 736 4969 τὴν
782 4899 1023 4968 ἄκρατον
1052 4896 1152 4965 τῆς
1194 4874 1406 4967 τροπῆς
1450 4896 1496 4927 ⁸⁸
1547 4892 1827 4965 ἐκτροπὴν
1868 4894 1921 4946 εί

2064 4887 2309 4953 vocibus,
2335 4883 2443 4939 etsi
2488 4899 2594 4936 nun
2626 4895 2843 4949 semper
2870 4877 3165 4948 geuuinnm
3213 4874 3316 4928 illa:
3347 4888 3505 4927 suum
3539 4886 3658 4925 ser-

353 4966 731 5062 ψυγρολογίαν
753 4966 1030 5044 ἐκπίπτει.
1061 4990 1170 5042 Καὶ
1199 4966 1332 5058 πρὸς
1358 4988 1421 5041 τὸ
1444 4985 1876 5057 ποιητικώτερον
1903 4984 1924 5036 δ

2068 4991 2195 5033 vent
2242 4994 2419 5031 usum.
2473 4974 2746 5029 Interdum
2784 4972 2928 5024 enim
2979 4970 3049 5025 ob
3109 4969 3306 5022 nudam
3363 4966 3657 5035 ﬁgurarum

359 5084 519 5137 ἐστιν
566 5075 627 5136 οὗ
685 5081 1090 5153 παρασύρεται.
1143 5082 1433 5151 Χρήσιμος
1483 5077 1541 5131 δέ
1591 5080 1743 5130 ἐστιν
1797 5075 1963 5138 αὐτὸς

361 5173 568 5229 ἑαυτοῦ
609 5174 811 5245 μᾶλλον
868 5174 1168 5243 ἐκφράσεις
1216 5171 1315 5224 καὶ
1366 5170 1621 5241 ἐγκώμια
1673 5168 1962 5239 διερχόμε-

2067 5070 2423 5125 deﬂexionem
2469 5070 2521 5122 in
2576 5067 2830 5131 frigidam
2876 5063 3066 5117 incidit
3113 5061 3445 5114 dictionem:
3497 5064 3669 5113 etest.

2071 5165 2163 5219 ubi
2214 5163 2281 5219 ad
2340 5161 2613 5230 poeticum
2659 5158 2841 5227 potius
2884 5155 3086 5226 stylqu
3138 5151 3433 5207 delabitur.
3485 5145 3667 5201 Vincit

362 5286 462 5332 νος
488 5268 559 5322 ⁸⁷.
594 5240 748 5322 ’ίΕστι
774 5268 831 5321 δὲ
854 5240 1072 5337 καὶτῆς
1101 5265 1387 5328 εύσεὸείας
1422 5264 1683 5336 ἐραστὴς,
1726 5264 1794 5315 τὰ
1824 5262 1924 5329 Χρι

2072 5264 2253 5309 autem
2288 5255 2552 5321 seipsum,
2588 5248 3039 5320 praestantiorque
3071 5258 3179 5309 est,
3208 5247 3335 5298 dum
3376 5243 3427 5296 in
3455 5240 3663 5296 descri-

363 5359 611 5415 στιανῶν
662 5360 830 5433 ὄργια
887 5360 983 5414 καὶ
1030 5358 1239 5430 τεμένη
1286 5355 1465 5429 τιμῶν
1494 5370 1510 5386 ·
1561 5354 1705 5425 πλὴν
1739 5354 1840 5407 οὐκ
1868 5346 1965 5405 οἷδ’

2079 5346 2361 5417 ptionihus
2392 5361 2456 5400 ac
2485 5341 2893 5400 laudationibus
2909 5349 3179 5397 versatur.
3203 5334 3502 5407 Religionis
3533 5333 3665 5391 item

1701 5491 1941 5551 VARI/ﬁ
1978 5488 2384 5548 LECTIONES.

444 5592 499 5630 ⁸⁸
526 5592 607 5667 τῷ
635 5603 755 5665 post
775 5592 872 5647 καὶ
897 5608 1009 5650 om.
1032 5597 1098 5649 Α.
1174 5592 1221 5625 ⁸⁸
1249 5586 1599 5661 γνωμωικῆς
1620 5588 1661 5643 C
1685 5603 1747 5652 ς.
1821 5585 1868 5618 ⁸⁸
1890 5581 2208 5655 προτροπῆς
2232 5596 2294 5647 ς.
2372 5578 2416 5613 ⁸⁷
2448 5574 2855 5649 διεξερχόμενος
2889 5588 2953 5639 ς.

1869 5694 2105 5756 NOTAE.

455 5801 574 5873 (63)
625 5801 912 5867 Συντάξεις
940 5802 1127 5873 quales
1160 5816 1281 5857 mox
1312 5811 1554 5871 qumque
1586 5802 1961 5853 numerantur.
