4062 6506
332 360 379 423 lt
392 358 457 421 47

1516 362 1781 424 PHO'I‘II
1826 346 2338 423 PATRIABCH/E
2373 359 2478 421 cr.

3532 354 3645 420 448

352 488 448 526 rus
498 472 650 534 item,
681 468 968 535 Hesiodus,
998 481 1057 527 et
1100 471 1462 527 Antimachus
1512 486 1707 542 μυρίαι,
1751 472 1949 541 aliique

2065 469 2108 523 se
2137 469 2285 539 αὑτῷ
2308 469 2405 523 καὶ
2439 468 2681 533 Ἡσίοδος
2708 469 2804 524 καὶ
2837 469 3164 542 Ἀντίμαχος
3192 471 3244 524 oi
3288 472 3517 543 ποιηταί
3540 474 3643 543 τῆς

350 564 572 632 plurimi
615 579 682 618 ex
738 565 841 619 hoc
892 575 1177 634 poetarum
1226 580 1447 635 genere,
1492 580 1743 634 magnam
1792 564 1952 631 hujus

351 653 688 708 narrationis
732 662 942 722 partem
991 653 1255 710 elﬁciunt.
1301 654 1465 709 Addit
1503 670 1633 708 vero
1669 664 1724 708 et
1764 654 1828 709 de
1871 653 1951 708 fe-

353 745 520 799 minis
567 745 902 800 vaticinandi
954 756 1074 801 arte
1120 746 1304 801 claris.
1348 746 1482 813 Quae
1525 746 1680 810 item,
1710 757 1763 801 et
1808 749 1952 801 unde

353 837 513 893 dicta:
545 836 784 910 Sibyllae.
812 840 990 909 Atque
1018 841 1133 894 haac
1162 840 1379 909 quidem
1407 856 1434 891 a
1466 840 1607 894 ltnlo
1647 849 1947 895 mutuatur.

353 927 539 984 Sumit
569 939 623 985 et
649 945 680 984 e
706 931 949 986 secundo
980 931 1118 987 libro
1149 930 1341 1003 105a
1376 931 1731 987 Halieuticon
1753 933 1949 987 Damo-

356 1021 515 1077 strati
551 1022 688 1092 (77).
722 1021 864 1089 Quin
895 1031 950 1077 et
979 1038 1043 1077 ex
1075 1022 1326 1095 Diogenis
1357 1023 1560 1078 Laertii
1604 1024 1676 1078 De
1712 1025 1950 1094 pltilosoo

354 1114 583 1185 phorum
615 1115 746 1180 rita,
775 1115 913 1169 libro
951 1116 1149 1186 primo,
1180 1117 1395 1185 quinto,
1436 1131 1603 1177 nono,
1634 1126 1691 1170 et
1715 1117 1950 1184 decimo,

370 1206 460 1260 ubi
515 1206 961 1277 philosophorum
1024 1223 1111 1261 res
1171 1210 1417 1276 exponit.
1479 1207 1631 1263 Unde
1692 1209 1952 1263 nimirum

358 1307 489 1351 nata
539 1300 775 1368 primum
830 1298 1015 1353 divina
1073 1300 1161 1354 illa
1222 1315 1307 1354 res
1364 1301 1738 1370 philosophia,
1788 1313 1955 1371 utque

358 1392 639 1464 viguerit:
673 1393 764 1463 qui
808 1410 1042 1464 quarum
1079 1403 1355 1448 sectarum
1398 1405 1650 1449 auctores
1696 1409 1761 1449 ac
1802 1394 1954 1463 prin-

357 1484 513 1554 cipes
557 1485 898 1547 exstiterint,
941 1500 1079 1552 quos
1122 1486 1354 1553 quisque
1401 1487 1482 1538 sui
1536 1486 1833 1547 studiosos,
1864 1494 1957 1539 aut

358 1578 498 1630 artis
540 1576 769 1629 forsitan
819 1577 1042 1630 a'tnnlos
1071 1576 1342 1638 habuerit,
1375 1593 1510 1645 quos
1547 1578 1741 1647 singuli
1776 1592 1955 1631 mores

360 1685 475 1740 pra:
522 1684 582 1723 se
634 1669 884 1734 tulerint,
932 1670 1074 1723 unde
1128 1684 1300 1738 genus
1348 1672 1633 1735 duxerint;
1681 1671 1840 1741 quale
1888 1673 1955 1726 ab

364 1764 521 1817 initio
564 1764 687 1819 vitae
733 1779 905 1834 genus
943 1763 1135 1816 sectati
1172 1764 1309 1830 sint,
1345 1763 1655 1832 quibusque
1698 1766 1956 1835 tempori-

2055 561 2363 631 διηγήσεως
2415 560 2602 630 μέρος,
2645 559 2874 615 καὶτῶν
2904 562 3082 616 ἄλλων
3120 561 3366 617 πλεῖστοι
3418 564 3527 617 τῶν
3559 566 3644 628 εἰς

2052 650 2212 704 τοῦτο
2262 649 2324 703 τὸ
2380 652 2535 719 γένος
2589 652 2699 705 τῶν
2730 653 2971 722 ποιητῶν
3020 654 3397 725 ἀναγομένων.
3438 657 3561 711 Ἔτι
3586 657 3645 710 δὲ

2054 743 2312 808 καὶπερὶ
2360 743 2638 810 γυναικῶν
2688 746 2967 812 μαντικῶν
3006 747 3338 815 ἀναγράφει,
3378 747 3525 811 τίνες
3580 765 3644 801 τε

2054 834 2149 886 καὶ
2176 833 2301 887 ὅθεν
2339 836 2394 887 αἰ
2422 834 2757 905 καλούμεναι
2793 837 3070 902 Σίϐυλλαι,
3101 839 3197 892 καὶ
3224 838 3401 893 ταῦτα
3443 840 3541 910 μὲν
3566 840 3644 903 ὡς

2053 925 2162 979 ἀπὸ
2218 925 2327 977 τῶν
2366 925 2623 995 Ῥούφου,
2673 927 2961 996 σύγκειται
3014 929 3071 982 δὲ
3112 928 3260 999 αὐτῷ
3315 929 3412 984 καί
3434 932 3501 984 ὲκ
3530 930 3644 984 τῶν

2055 1020 2443 1089 Δαμοστράτου
2483 1020 2869 1075 Ἀλιευτικῶν
2915 1023 3169 1092 δευτέρου
3203 1022 3364 1090 λόγου
3386 1024 3429 1089 ⁵,
3456 1024 3549 1076 καὶ
3578 1026 3645 1076 ὲκ

2053 1110 2164 1164 τῶν
2211 1112 2483 1183 Λαερτίου
2520 1114 2809 1182 Διογένους
2838 1116 3203 1185 Φιλοσόφων
3223 1117 3381 1180 ,βίων
3432 1117 3644 1187 βιϐλίου

2056 1200 2275 1270 πρώτου
2321 1204 2415 1256 καὶ
2471 1204 2728 1274 πέμπτου
2779 1206 3003 1259 ἐννάτου
3035 1223 3094 1259 τε
3120 1208 3141 1239 ⁸
3172 1208 3266 1261 καὶ
3306 1207 3555 1275 δεκάτου,
3584 1210 3648 1263 ὲν

2056 1287 2135 1355 οἷς
2158 1293 2227 1347 τά
2256 1296 2389 1365 περί
2418 1295 2528 1349 τῶν
2561 1296 2870 1366 φιλοσόφων
2901 1297 3182 1365 διέξεισιν,
3209 1298 3334 1353 ὅθεν
3364 1317 3424 1354 τε
3458 1301 3520 1353 τὸ
3551 1318 3651 1370 φισ

2056 1386 2317 1454 λοσοερίας
2381 1388 2525 1459 ἱερὸν
2572 1390 2765 1459 χρῆμα
2820 1387 2920 1459 τὴν
2967 1390 3143 1461 ἀρχὴν
3191 1390 3316 1461 ἔφυ,
3357 1392 3451 1446 καὶ
3493 1393 3650 1456 ὅπως

2057 1477 2298 1549 ἤκμασε,
2332 1479 2479 1543 τίνες
2506 1496 2565 1533 τε
2598 1480 2763 1534 τίνων
2792 1481 3059 1553 αἱρέσεων
3098 1483 3335 1555 ἀρχηγοὶ
3381 1485 3475 1538 καὶ
3510 1502 3649 1554 προ-

2061 1571 2254 1625 στάται
2311 1571 2673 1644 κατέστησαν,
2701 1574 2853 1636 τίνας
2903 1590 2963 1626 τε
3024 1573 3183 1644 ἔσχον
3250 1577 3487 1645 ἐραστὰς
3554 1580 3650 1630 καὶ

2059 1666 2210 1729 τίνας
2260 1667 2611 1737 ἀντιτέχνους
2654 1667 2822 1733 τίνες,
2852 1669 3004 1721 ποῖόν
3033 1686 3092 1721 τε
3127 1669 3357 1732 ἕκαστος
3393 1670 3521 1741 μπ
3551 1670 3646 1743 Η.]

2060 1759 2242 1812 αὐτῶν
2267 1758 2621 1813 ἐπεδείκνυτο
2654 1756 2809 1832 ἦθος,
2840 1760 2937 1813 καί⁵
2982 1761 3145 1814 πόθεν
3182 1756 3332 1814 εἷλκε
3376 1763 3438 1816 τὸ
3464 1762 3641 1831 γένος,

361 1855 466 1909 bus
521 1854 826 1910 ﬂoruerint.
881 1853 1020 1910 Hinc
1067 1858 1133 1910 de
1184 1857 1518 1919 rhetoribus,
1573 1858 1843 1926 rebusque
1886 1860 1954 1913 ad

2065 1853 2153 1907 καὶ
2175 1848 2286 1907 οἷον
2304 1854 2365 1907 τὸ
2385 1852 2445 1918 ἐξ
2462 1854 2637 1925 ἀρχῆς
2668 1855 3035 1925 ἐπιτήδευμα,
3061 1856 3157 1908 καὶ
3176 1856 3308 1909 πότε
3332 1855 3536 1927 καιροῦ
3552 1856 3644 1927 ἦκ-

358 1958 537 2003 artem
584 1948 801 2004 dicendi
848 1948 1275 2019 pertinentibus,
1312 1966 1379 2003 ex
1422 1952 1523 2005 hoc
1558 1965 1856 2021 cognoscas
1892 1950 1957 2004 li-

362 2042 464 2096 bro
493 2041 640 2095 licet.
671 2040 817 2096 Idem
847 2042 1016 2096 etiam
1044 2058 1107 2096 ex
1147 2040 1277 2095 [Elii
1312 2040 1552 2112 Dionysii
1588 2042 1700 2113 (78)
1732 2043 1957 2113 scriptis

362 2134 442 2189 De
474 2134 801 2188 Alexandria
842 2136 973 2187 urbe
1000 2136 1289 2204 decerptus
1320 2135 1481 2194 liber.
1506 2146 1560 2189 ct
1592 2152 1659 2190 ex
1690 2135 1955 2190 Hellanici

364 2223 727 2295 JEgyptiacis.
759 2224 801 2279 E
828 2227 1029 2295 quibus
1064 2225 1150 2279 ubi
1197 2225 1441 2282 fabulosa
1472 2236 1527 2280 et
1553 2227 1745 2283 lictitia
1786 2228 1955 2282 multa

363 2335 490 2375 cum
535 2319 770 2374 aliorum
824 2319 955 2373 item
1002 2333 1201 2389 inagna
1254 2320 1515 2376 varietate
1555 2319 1861 2389 collegeris,
1904 2319 1957 2375 in

367 2413 509 2469 sexti
543 2412 758 2467 tandem
788 2412 909 2468 libri
941 2422 1247 2469 extremum
1281 2413 1506 2469 incides.

444 2588 727 2659 Septimus
757 2600 944 2660 postea
974 2590 1115 2646 liber
1140 2606 1204 2645 ex
1236 2588 1494 2644 llerodoti
1527 2588 1783 2646 Historia
1812 2589 1961 2646 velut

372 2698 405 2736 ο
431 2680 654 2737 ﬂoribus
686 2681 965 2751 eleganter
994 2697 1060 2736 ac
1089 2682 1243 2737 varie
1271 2688 1557 2736 contextus
1586 2691 1690 2737 est.

443 2773 684 2830 Octavus
718 2784 902 2828 autem
943 2773 1082 2827 liber
1120 2782 1376 2842 excerpta
1422 2774 1670 2827 continet
1716 2787 1749 2828 e
1792 2773 1960 2827 veteri

366 2863 607 2936 quodam
626 2863 1069 2934 codice(79),qui
1099 2864 1188 2918 ille
1207 2864 1342 2932 ipse,
1364 2865 1450 2919 cui
1479 2864 1788 2935 colligeutis
1820 2865 1960 2919 haud

371 2966 459 3014 est
491 2957 794 3028 ascriptum
828 2973 1047 3013 nomen.
1088 2957 1342 3012 chinas
1386 2957 1476 3013 hic
1516 2969 1787 3025 recenset,
1829 2975 1967 3028 qua-

370 3063 495 3107 rum
534 3051 766 3105 illustris
809 3050 979 3120 gloria
1026 3051 1282 3122 famaque
1319 3063 1509 3107 esset:
1546 3053 1786 3105 virorum
1836 3052 1961 3105 item

2062 1962 2225 2016 μασε.
2255 1946 2367 1999 Καὶ
2388 1945 2517 2015 περί
2544 1946 2793 2017 ῥητόρων
2815 1946 2872 1999 δὲ
2900 1948 2994 2000 καί
3028 1947 3325 2017 ῥητορικῆς
3364 1948 3435 2000 τά
3474 1965 3649 2019 παρα-

2059 2038 2266 2108 πλήσιά
2298 2054 2379 2091 σοι
2410 2039 2556 2091 ἐστιν
2582 2041 2794 2091 ἐκεῖθεν
2842 2039 3275 2109 ἀναλαμϐάνειν.
3318 2038 3440 2093 Ἔτι
3473 2038 3581 2110 μὴν
3608 2039 3650 2071 ¹⁶

2061 2129 2349 2195 σύγκειται
2399 2131 2428 2183 6
2460 2131 2622 2194 αὐτὸς
2649 2131 2806 2200 λόγος
2851 2132 2947 2186 καὶ
2990 2133 3055 2185 ὲκ
3094 2133 3203 2185 τῶν
3235 2132 3419 2194 Αἰλίου
3452 2133 3577 2186 Δίου
3608 2134 3651 2163 ²¹

2058 2222 2199 2291 Περί
2252 2221 2713 2290 Ἀλεξανδρείας
2738 2262 2754 2287 ,
2813 2223 2906 2275 καὶ
2957 2225 3021 2276 ὲκ
3066 2223 3177 2277 τῶν
3225 2223 3651 2294 Αἰγυπτιακῶν

2072 2312 2387 2366 Ἑλλανίκου
2423 2313 2467 2343 ¹¹
2494 2355 2509 2378 ,
2535 2313 2605 2366 δι’
2641 2306 2717 2365 ὧν
2769 2313 2977 2383 μυθικὰ
3024 2331 3084 2368 τε
3139 2316 3238 2367 καὶ
3292 2315 3655 2386 πλασματικά

2061 2403 2234 2457 πολλὰ
2260 2402 2532 2468 συλλέξας
2562 2405 2657 2457 καὶ
2693 2404 2929 2475 διάφορα
2956 2406 3123 2478 ἕτερα
3147 2407 3230 2470 εἰς
3258 2406 3321 2461 τὸ
3368 2408 3522 2471 τέλος
3556 2407 3655 2461 τοῦ

2060 2498 2221 2552 ἕκτου
2251 2498 2411 2567 λόγου
2443 2499 2827 2569 καταντήσεις.

2142 2592 2202 2645 '0
2230 2590 2287 2644 δὲ
2308 2590 2540 2659 ἕϐδομος
2564 2592 2713 2663 αὐτῷ
2740 2592 2900 2663 λόγος
2924 2593 3228 2665 διήνθισται
3259 2596 3325 2647 ἐκ
3350 2596 3452 2666 τῆς
3493 2592 3655 2664 Ἦρο·

2060 2683 2215 2736 δότου
2255 2683 2568 2750 Ἰστοριαςι

2142 2775 2203 2829 '0
2264 2775 2322 2829 δὲ
2376 2776 2561 2843 ὄγδοος
2620 2778 2684 2830 ὲκ
2732 2777 2903 2847 τόμου
2943 2779 3090 2841 τινὸς
3124 2777 3357 2849 ἀρχαίου
3384 2793 3399 2807 ⁸
3432 2778 3657 2847 ὲκλογαὶ

2066 2869 2161 2923 καί
2211 2868 2345 2923 αὐτὸ
2403 2869 2666 2939 τυγχάνει
2712 2870 2773 2922 τὸ
2805 2869 3034 2940 βιϐλίον,
3063 2870 3162 2923 οὐκ
3193 2870 3318 2940 ἔχον
3351 2872 3659 2941 ἐπιγραφό-

2069 2979 2232 3034 μενον
2259 2962 2350 3015 τὸν
2386 2961 2783 3032 συνηθροικότα
2813 2978 2826 2992 ·
2868 2964 2926 3014 ὲν
2960 2958 3042 3024 οἷς
3071 2964 3171 3026 τὰς
3202 2965 3283 3026 είς
3314 2964 3457 3035 μέγα
3498 2964 3657 3033 δόξης

2069 3054 2166 3107 καὶ
2199 3053 2371 3124 ὄνομα
2396 3053 2653 3123 λαμπρὸν
2689 3054 2953 3124 ἀρθείσας
3006 3058 3276 3123 γυναῖκας
3339 3056 3654 3123 καταλέγει,

369 3145 733 3215 quorumdam
771 3143 1031 3213 pra-clare
1059 3154 1233 3215 gesta,
1264 3155 1319 3199 et
1350 3145 1418 3198 ab
1466 3145 1549 3199 his
1594 3145 1838 3199 instituta
1876 3144 1962 3198 di-

2070 3147 2166 3200 καί
2196 3145 2408 3217 ἀνδρῶν
2440 3147 2600 3199 ὲνίων
2638 3146 2801 3215 ἔργα,
2834 3148 2928 3200 καὶ
2955 3148 3048 3200 ἐπὶ
3079 3147 3297 3217 παιδείᾳ
3322 3147 3499 3215 λόγων
3532 3164 3659 3219 συνο

372 3234 533 3289 eendi
562 3233 697 3288 artis
722 3235 894 3303 gratia
930 3232 1222 3303 colloquia.
1265 3234 1536 3289 Amicitia:
1575 3250 1789 3305 quoque
1828 3236 1961 3299 vim,

370 3335 432 3383 et
508 3328 801 3397 proborum
878 3326 1158 3380 hominum
1232 3326 1693 3396 apophtheginata
1772 3326 1964 3384 refert.

375 3419 630 3489 Snblegit
678 3421 792 3474 ha3c
845 3419 1121 3474 Plutarchi
1170 3419 1432 3487 opuscula
1477 3418 1592 3489 (80)
1630 3436 1646 3473 :
1691 3417 1965 3484 Quomodo

374 3513 758 3567 adolescentem
815 3513 1003 3565 audire
1053 3511 1234 3565 deceat
1278 3522 1500 3582 poetas;
1556 3512 1629 3567 De
1673 3522 1870 3567 natura
1917 3523 1966 3565 et

374 3605 672 3661 laboribus.
727 3605 793 3660 Ut
841 3607 1095 3662 nimirum
1151 3608 1305 3662 multi
1356 3621 1731 3676 saepenumero
1782 3606 1971 3661 labore

375 3698 632 3754 vitiosam
683 3711 935 3753 naturam
982 3701 1358 3765 correxerint;
1402 3699 1495 3754 alii
1539 3708 1729 3755 contra
1773 3698 1968 3753 bonam

379 3791 595 3862 ignavia
632 3794 980 3862 corruperint
1013 3808 1029 3847 :
1069 3799 1237 3861 utque
1279 3792 1333 3845 in
1382 3791 1588 3853 multis,
1620 3791 1711 3860 qni
1744 3791 1798 3844 in
1838 3806 1971 3861 pue-

381 3886 510 3942 ritia
565 3886 706 3940 tardi
756 3884 1011 3939 omnibus
1055 3883 1401 3947 videbantur,
1446 3896 1610 3953 atque
1652 3884 1841 3952 inepti,
1877 3882 1973 3935 llo-

381 3989 693 4048 renteqiost
737 3989 894 4033 aelate
940 3977 1123 4034 acrius
1169 3977 1447 4046 ingenium
1493 3993 1557 4033 ac
1606 3977 1975 4047 perspicacius

380 4073 690 4130 emicuerit.
724 4072 947 4126 Librum
979 4072 1130 4134 item,
1181 4070 1255 4125 De
1291 4070 1469 4124 inutili
1518 4072 1864 4135 verecundia;
1903 4070 1976 4124 De

382 4164 738 4237 garrulitate;
777 4165 851 4218 De
881 4164 1198 4228 iracundia;
1237 4163 1513 4228 Quomodo
1550 4166 1670 4234 quis
1697 4179 1762 4217 ea:
1794 4165 1975 4217 inimi-

383 4260 459 4314 cis
493 4257 772 4312 utilitatem
820 4259 1034 4325 capiat;
1068 4256 1143 4311 De
1184 4259 1349 4310 animi
1375 4258 1792 4328 tranquillitate;
1831 4257 1979 4310 Poli-

385 4347 520 4401 ticas
549 4346 715 4413 ipsius
751 4345 1158 4414 proiceptiones;
1192 4348 1207 4365 ‘
1249 4344 1324 4398 De
1346 4347 1584 4409 divitiis;
1614 4344 1890 4409 Quomodo
1924 4361 1980 4397 se

384 4440 503 4509 quis
533 4439 590 4493 in
623 4438 812 4493 virtute
842 4438 1096 4507 proﬁcere
1124 4438 1341 4493 sentiat.
1380 4438 1611 4491 Rursum
1654 4436 1979 4491 l’aletudinis

2068 3238 2279 3302 ουσίας,
2316 3238 2522 3308 ἀρετήν
2581 3255 2640 3289 τε
2675 3233 2742 3291 αὖ
2790 3239 2999 3307 φιλίας,
3049 3240 3145 3292 καὶ
3191 3239 3304 3292 τῶν
3349 3240 3656 3292 σπουδαίων

2066 3330 2468 3400 ἀποφθέγματα
2492 3329 2609 3402 [Sil
2638 3330 2729 3403 ιη.
2764 3332 3053 3399 Σύγκειται
3086 3332 3142 3386 δὲ
3168 3332 3317 3403 αὐτῷ
3338 3332 3432 3385 καὶ
3461 3332 3526 3384 ὲκ
3548 3331 3658 3384 τῶν

2068 3422 2418 3492 Πλουτάρχου
2448 3422 2587 3489 Περί
2618 3421 2725 3476 τοῦ
2767 3421 2894 3486 πῶς
2939 3420 3031 3474 δεῖ
3067 3421 3179 3475 τὸν
3224 3421 3369 3476 νέον
3414 3421 3659 3475 ἀκούειν

2068 3514 2415 3584 ποιημάτων
2438 3555 2453 3569 .
2491 3516 2632 3583 Περί
2670 3532 2734 3568 τε
2755 3515 2994 3584 φύσεως
3029 3504 3137 3567 καί
3169 3514 3393 3579 πόνων,
3422 3514 3569 3577 ὅπως
3594 3530 3657 3565 τε

2072 3607 2259 3662 πολλοί
2290 3606 2555 3670 πολλάκις
2584 3607 2735 3677 πόνῳ
2771 3606 2877 3677 τὴν
2933 3607 3096 3677 φύσιν
3125 3607 3228 3660 οὐκ
3259 3606 3321 3659 εὖ
3350 3605 3660 3676 φερομένην

2071 3700 2360 3770 ὤρθωσαν,
2394 3698 2574 3769 ἕτεροι
2600 3698 2656 3751 δὲ
2690 3698 2872 3762 καλῶς
2908 3699 3153 3769 ἔχουσαν
3178 3698 3238 3763 ὲξ
3276 3698 3546 3768 ἀμελείας
3572 3697 3657 3749 δι-

2072 3790 2353 3861 έφθειραν,
2395 3790 2541 3852 ὅπως
2576 3807 2635 3842 τε
2669 3788 2804 3842 ἔνιοι
2857 3792 2915 3843 ὲν
2969 3789 3069 3860 μὲν
3119 3790 3260 3851 νέοις
3318 3787 3533 3858 βραδεῖς
3573 3787 3660 3839 ὲν-

2073 3883 2296 3955 ωρῶντο
2328 3886 2461 3938 πᾶσι
2491 3882 2765 3945 ἁσύνετοι,
2795 3883 3167 3952 ἀκμασάντων
3228 3882 3286 3934 δὲ
3330 3882 3412 3943 εἰς
3441 3881 3503 3933 τὸ
3523 3880 3658 3948 ταχὺ

2074 3977 2171 4029 καί
2209 3977 2429 4029 συνετὸν
2475 3976 2659 4038 αὐτοῖς
2685 3977 2719 4045 ἡ
2771 3975 2933 4043 φύσις
2984 3973 3257 4043 ἐξέλαμψε
3286 3988 3299 4000 ·
3331 3973 3422 4025 καὶ
3454 3975 3517 4025 ὲκ
3567 3970 3657 4024 τοῦ

2075 4067 2215 4136 Περί
2257 4068 2572 4134 δυσωπίας
2616 4068 2674 4121 δὲ
2707 4068 2893 4137 λόγου,
2945 4067 3041 4119 καὶ
3076 4066 3215 4133 Περί
3269 4064 3658 4133 ἀδολεσχίας,

2078 4160 2173 4214 καὶ
2201 4159 2343 4227 Περὶ
2376 4158 2580 4228 ὀργῆς,
2624 4161 2721 4212 καὶ
2755 4163 2816 4212 ὲκ
2844 4159 2937 4211 τοῦ
2974 4159 3106 4222 Πῶς
3136 4158 3214 4212 ἄν
3259 4175 3351 4223 τις
3394 4157 3515 4211 ὑπὸ
3562 4156 3662 4223 ἐχ-

2078 4250 2235 4320 θρῶν
2294 4250 2604 4320 ὠφελοῖτο,
2637 4252 2731 4303 καὶ
2780 4250 2919 4317 Περὶ
2946 4250 3237 4318 εὐθυμίας
3272 4249 3350 4313 δὲ,
3384 4249 3479 4301 καὶ
3540 4245 3662 4301 Τῶν

2080 4342 2407 4397 πολιτικῶν
2444 4343 2632 4397 αὑτοῦ
2657 4340 3189 4411 παραγγελμάτων,
3217 4341 3355 4408 Περί
3384 4357 3443 4392 τε
3487 4354 3533 4391 π
3554 4339 3661 4391 ἰού·

2082 4455 2211 4502 του,
2245 4439 2342 4489 καὶ
2376 4437 2578 4501 ’Ὅπως
2610 4435 2688 4489 ἄν
2723 4454 2814 4501 τις
2840 4436 3239 4489 συναίσθοιτο
3273 4432 3494 4487 ἑαυτοῦ
3521 4431 3658 4499 πρός

386 4532 631 4598 tuendae,
689 4540 745 4585 et
796 4529 1112 4600 Conjugales
1163 4529 1398 4600 ejusdem
1456 4531 1848 4597 prteceptioues.
1916 4530 1962 4583 In

2079 4527 2303 4597 ἀρετὴν
2358 4527 2754 4594 ἐπιδιδόντος,
2812 4529 2874 4580 ἔκ
2899 4544 2960 4579 τε
2992 4526 3102 4579 τῶν
3133 4524 3438 4595 Ὑγιεινῶν
3487 4522 3661 4578 αὐτοῦ

389 4624 587 4692 quibus
630 4624 864 4693 plurima
914 4626 1160 4693 reperias
1210 4640 1335 4678 cum
1384 4635 1534 4693 gesta
1588 4624 1979 4692 praedicatione

390 4716 581 4785 digna,
618 4724 733 4769 tum
772 4716 838 4770 ad
869 4719 1035 4769 inulta
1068 4716 1163 4770 tibi
1195 4716 1474 4786 perutilia.
1511 4715 1635 4770 llaec
1675 4715 1788 4769 lere
1826 4725 1970 4770 octa-

391 4821 497 4863 vus
523 4807 662 4863 liber
695 4808 1095 4878 complectitur.

2079 4620 2178 4672 καί
2220 4617 2490 4688 γαμικῶν
2554 4618 3096 4688 παραγγελμάτων.
3144 4618 3234 4670 Ἐν
3275 4611 3359 4679 οἷς
3406 4616 3554 4667 ἔστιν
3583 4614 3667 4665 εὑα

2083 4713 2197 4781 ρείν
2230 4711 2457 4763 πλεῖστα
2479 4710 2573 4762 καὶ
2594 4709 3092 4779 ἀξιομνημόνευτα,
3122 4708 3314 4776 λόγους
3335 4708 3429 4761 καὶ
3448 4708 3493 4738 ’³
3510 4706 3662 4776 ἔργα,

2079 4804 2173 4857 καὶ
2208 4802 2346 4875 πρὸς
2402 4802 2579 4855 πολλά
2619 4819 2702 4854 σοι
2736 4801 3167 4872 χρησιμεύοντα.
3198 4800 3388 4853 Ταῦτα
3429 4798 3533 4871 μὲν
3578 4797 3669 4851 καί

2080 4898 2146 4950 ὲκ
2178 4897 2379 4950 τούτων
2405 4896 2501 4949 καὶ
2543 4897 2585 4929 ’δ
2609 4897 2637 4949 6
2664 4895 2853 4963 ὄγδοος
2883 4896 3065 4963 λόγος.

462 4991 582 5048 Jam
624 5006 802 5047 nonus
827 5006 895 5045 ex
924 4989 1168 5058 ejusdem
1197 4988 1450 5044 similiter
1475 4986 1750 5042 Plutarchi
1783 4986 1962 5043 libelli:

2160 4989 2272 5042 Kal.
2293 4988 2357 5059 δὴ
2386 4989 2485 5042 καὶ
2516 4990 2546 5042 6
2572 4988 2792 5051 ἐννατος
2828 4986 2978 5058 αὐτῷ
3021 4987 3224 5057 ὁμοίιος
3258 4988 3323 5039 ὲκ
3351 4985 3463 5039 τῶν
3497 4985 3669 5038 Πλου-

391 5084 716 5157 compendio
745 5083 942 5139 factus.
983 5081 1054 5138 Ut
1079 5096 1148 5138 ex
1180 5079 1439 5154 opusculo
1473 5079 1549 5135 Ds
1577 5064 1698 5135 εἷτα
1726 5078 1962 5135 Numinit

2086 5082 2292 5153 τάρχου
2338 5082 2675 5154 συνετμήθη,
2711 5081 2776 5135 ἐκ
2804 5098 2864 5134 τε
2910 5080 3009 5134 τοῦ
3042 5080 3171 5133 Ὀτι
3223 5078 3483 5147 βράδιον
3546 5080 3599 5132 οἱ
3633 5078 3673 5108 ts

1668 5198 1902 5255 VARI/1'3
1946 5200 2354 5258 LECTIONES.

466 5296 490 5329 ⁸
514 5299 582 5354 ὲκ
613 5294 708 5352 τοῦ
733 5294 988 5369 δευτέρου
1012 5294 1179 5369 λόγου
1216 5292 1329 5369 τῶν
1369 5292 1643 5369 hama}.
1666 5311 1727 5358 ς.
1842 5295 1864 5327 ⁸
1891 5312 2096 5369 cantu.
2135 5311 2220 5369 pr.
2253 5296 2320 5351 Α.
2427 5295 2471 5328 ¹⁰
2504 5296 2603 5369 μὲν
2640 5314 2701 5369 ς.
2816 5297 2859 5328 ¹¹
2892 5297 3016 5349 Δίου
3060 5296 3150 5369 AA:
3202 5284 3463 5369 6635;.
3498 5290 3673 5369 lines-

395 5370 607 5427 chelius
627 5360 929 5424 Διονυσίοιί.
1008 5367 1054 5399 ¹³
1080 5360 1334 5418 έλανίκου
1370 5360 1466 5417 A.‘
1516 5365 1561 5396 ¹³
1587 5363 1779 5433 λόγους
1822 5364 1919 5419 καὶ
1947 5368 1991 5419 Α
2015 5386 2027 5398 ·
2059 5360 2328 5437 ἐν’λόγοις
2354 5384 2416 5433 ς.
2504 5360 2561 5400 ’ίδ
2599 5360 2695 5421 καί
2724 5376 2850 5422 ante
2874 5368 2902 5420 6
2927 5369 3052 5421 add.
3096 5366 3164 5419 Α.
3277 5362 3320 5392 ¹⁸
3345 5362 3397 5415 οἰ
3443 5361 3571 5416 add.
3610 5360 3673 5416 Α.

1932 5456 2163 5515 NOT/E.
3695 5456 3731 5515 ii

1932 5456 1973 5510 Ν
2150 5499 2163 5515 .
3695 5455 3731 5515 ἐξ

475 5552 589 5622 (7'7)
630 5550 731 5622 Qui
784 5560 841 5606 et
886 5566 916 5605 a
966 5548 1130 5622 Siiida
1187 5546 1530 5622 referuntur.
1552 5545 1817 5622 Meminit
1854 5455 2185 5618 ἰιοιιιΟΤΕ(
2209 5550 2310 5621 80)
2337 5550 2577 5616 Quorum
2608 5550 2848 5605 oumium
2873 5548 3191 5622 Catalognm
3214 5548 3383 5622 texuit
3402 5511 3735 5615 Lamprias'“

403 5617 610 5679 IElian.
644 5620 787 5676 Hist.
818 5619 1039 5675 animal.
1075 5619 1169 5675 lib.
1200 5634 1322 5684 xm,
1352 5633 1475 5686 cap.
1502 5617 1593 5671 2|.
1832 5686 1835 5687 ν
2094 5636 2125 5675 a
2150 5617 2312 5677 Suida
2342 5623 2590 5675 laudatus
2643 5630 2698 5674 et
2729 5636 2898 5687 nuper
2923 5619 3220 5687 evulgatus.
3259 5648 3318 5657 —
3344 5617 3473 5682 Qua:
3502 5625 3679 5670 alitesn
3727 5623 3735 5640 '

480 5692 595 5762 (78)
624 5691 804 5762 Αἰλίου
833 5691 1145 5762 Διονουσίου
1180 5687 1411 5762 emendo
1447 5688 1605 5757 cujus
1635 5703 1787 5760 supr.
1825 5686 1987 5746 chi-
2093 5708 2158 5746 ex
2192 5693 2279 5747 his
2336 5692 2728 5749 interciderunt
2754 5730 2767 5756 ,
2803 5686 2865 5745 ca
2927 5689 3023 5745 tibi
3056 5686 3343 5744 asterisco
3398 5687 3681 5741 indicanda

408 5757 511 5819 con
544 5757 841 5834 Atticarum
870 5777 1062 5816 vocum
1096 5760 1246 5834 legas
1270 5757 1398 5834 25%.
1456 5830 1487 5834 __
1708 5757 1721 5760 ’
1818 5820 1831 5833 1
2095 5762 2300 5834 putavi.

483 5833 597 5902 (79)
634 5833 928 5903 Superiore
959 5848 1080 5903 pag.
1120 5830 1347 5889 forsitan
1380 5830 1671 5887 indicatus.
