4062 6456
351 380 468 443 449

1479 382 2009 445 BIBLIOTHECA.
2046 412 2117 423 —
2136 385 2301 446 COD.
2327 386 2530 447 CLXI.

3554 387 3663 455 450

353 496 483 552 θεοί
535 495 955 566 τιμωροῦνται,
993 496 1087 550 καὶ
1118 495 1185 567 δὴ
1233 495 1328 551 καὶ
1371 497 1437 550 ὲκ
1482 496 1577 550 τοῦ
1611 497 1736 551 Βίου
1761 501 1955 571 Δημη-

2061 499 2313 560 vindicta,
2340 513 2373 553 e
2392 496 2518 552 Vita
2566 495 2833 553 Demetrii
2864 501 2929 553 ac
2952 496 3107 553 Bruti
3136 497 3400 566 Romani;
3427 513 3495 555 ex
3516 499 3659 557 libro

350 589 511 661 τρίου
540 589 640 642 καὶ
678 588 917 661 Βρούτου
947 589 1043 642 τοῦ
1089 589 1389 660 Ῥωμαίου,
1428 590 1524 643 καλ⁸
1560 592 1626 644 ὲκ
1651 590 1748 644 τοῦ
1794 592 1953 660 λόγου

348 683 411 747 ὃς
464 684 877 754 ἐπιγέγραπται
954 683 1126 751 αὐτῷ,
1170 682 1425 751 Ἀνδρῶν
1467 683 1735 746 ἐνδόξων
1780 684 1959 739 Ἀπο-

348 776 687 847 solii-ruma,
752 776 817 830 ἐκ
874 793 935 829 τε
986 776 1084 829 τοῦ
1138 777 1279 845 Περὶ
1324 777 1607 846 ποταμῶν
1634 779 1753 810 ¹³’¹⁶
1790 820 1806 843 ,
1861 780 1956 832 καὶ

326 854 488 969 ’Πῶς
520 868 604 923 ἄν
625 886 719 935 τις
750 867 1075 937 διακρίνειε
1105 870 1211 923 τὸν
1238 871 1474 925 κόλακα
1499 870 1609 923 τοῦ
1629 870 1836 939 φίλου,
1863 873 1959 923 καὶ

301 962 468 1034 διιὼν
529 963 626 1016 καὶ⁵
674 964 738 1015 ὲκ
765 964 863 1015 τοῦ
896 962 1200 1031 Κράτητος
1228 962 1395 1028 βίου,
1449 964 1787 1031 Δαϊφάντου
1816 980 1881 1016 τε
1913 963 1957 995 ³⁸

355 1057 466 1110 καὶ
500 1054 812 1123 Πινδάρου,
841 1055 939 1108 καὶ
976 1057 1041 1109 ἐκ
1105 1055 1201 1108 τοῦ
1237 1054 1447 1126 βιϐλίου
1507 1055 1562 1108 δὲ
1594 1056 1621 1109 ὃ
1657 1057 1956 1126 ἐπιγέγρα-

362 1164 509 1200 πται
539 1145 1003 1253 αὑτῷΒασιλέων
1038 1146 1135 1199 καί
1162 1144 1517 1216 στρατηγῶν
1554 1146 1959 1215 Ἀποφθέγμα-

365 1258 468 1303 ta,
500 1242 591 1293 σὺν
612 1238 688 1301 οἷς
716 1240 811 1292 καὶ
848 1241 912 1291 ἐκ
939 1238 1048 1291 τῶν
1074 1239 1520 1309 Συμποσιακῶν
1554 1239 1720 1293 αὑτοῦ
1752 1240 1860 1293 ἀπό
1896 1258 1957 1293 τε

367 1331 465 1383 τοῦ
515 1329 728 1400 πρώτου
760 1330 856 1383 καὶ
914 1330 1118 1399 ἐφεξῆς
1162 1331 1326 1403 μέχρι
1352 1331 1445 1384 τοῦ
1475 1332 1684 1401 ὀγδόου.
1712 1332 1825 1385 Καὶ
1848 1330 1958 1385 ἀπὸ

376 1423 477 1491 μὲν
508 1422 615 1473 τῶν
643 1421 992 1492 Πλουτάρχου
1019 1424 1085 1475 ὲκ
1115 1424 1323 1477 τούτων
1354 1437 1368 1453 ’
1410 1424 1753 1478 συνείλεκται
1776 1424 1833 1477 δὲ
1862 1423 1959 1477 καὶ

372 1514 437 1565 ἐκ
457 1512 560 1582 τῆς
574 1512 805 1589 Ῥούφου
825 1513 1153 1583 Ῥωμαῖκῆς
1172 1514 1459 1583 Ἱστορίας
1482 1508 1701 1586 πρώτου
1723 1515 1815 1568 καὶ
1836 1515 1958 1567 δευδ

353 1606 517 1677 τέρου
569 1608 669 1661 καὶ
732 1608 920 1678 τρίτου
954 1608 1164 1679 βιϐλίου
1193 1608 1290 1662 καὶ
1325 1610 1611 1681 τετάρτου,
1638 1612 1696 1663 ὲν
1725 1603 1807 1673 οἷς
1838 1608 1955 1661 ἔστι

348 1702 676 1769 περιτυχεῖν
730 1700 950 1764 πολλοῖς
1020 1700 1345 1768 ἀξιολόγοις,
1378 1702 1426 1753 εί
1487 1702 1581 1753 καὶ
1616 1701 1732 1754 ἔνια
1772 1700 1953 1753 αὐτῶν

2061 590 2216 658 cujus
2234 588 2398 643 index
2422 598 2505 645 est
2528 588 2719 661 1041)
2748 587 3033 643 Clarorum
3053 592 3290 644 virorum
3347 592 3661 662 Apopluhe-

2056 692 2255 751 gmata.
2275 679 2359 735 ‘Ex
2387 680 2571 735 libello
2607 681 2684 734 De
2712 681 3025 750 ﬂuminibus
3065 681 3183 752 (8i)
3209 699 3226 749 ;
3262 685 3540 748 Quomodo
3569 702 3661 739 as-

2056 782 2377 826 sentatorem
2410 770 2474 824 ab
2507 773 2680 824 amico
2726 773 3020 829 discernat.
3057 774 3073 793 ‘
3107 774 3343 828 Rursum
3372 788 3439 828 ex
3471 774 3663 831 Crate-

2058 864 2129 918 tis
2152 863 2294 928 Vita,
2327 866 2343 886 ⁴
2374 863 2797 933 Daipbantique,
2825 875 2879 919 et
2910 868 2925 885 '
2946 864 3169 919 Pindari
3202 888 3216 921 :
3244 875 3299 919 et
3327 883 3391 921 ex
3425 881 3661 937 Opuscn-

2059 954 2134 1022 lo,
2171 957 2312 1025 quod
2352 955 2550 1025 Regum
2584 965 2743 1025 atque
2781 956 3165 1024 imperatorum
3195 956 3660 1028 Apoplithegmata

2060 1048 2369 1119 inscripsit;
2427 1061 2592 1117 atque
2638 1062 2704 1102 ex
2758 1046 3130 1102 Convivalium
3174 1048 3293 1119 ejus
3340 1048 3658 1104 Sermouum

2061 1142 2237 1209 libris,
2271 1157 2299 1194 a
2346 1142 2522 1211 primo
2560 1142 2627 1194 ad
2672 1149 2926 1196 octavum
2969 1158 3162 1212 usque.
3209 1141 3333 1198 Haec
3373 1144 3489 1199 fere
3524 1143 3654 1198 Plu-

2066 1238 2287 1287 tarchus
2334 1234 2724 1303 suppeditavit.
2770 1233 2949 1288 Allata
2985 1249 3118 1287 vero
3164 1233 3425 1288 nonnulla
3468 1250 3499 1289 e
3536 1233 3658 1288 ltuti

2062 1325 2314 1379 Historiis
2351 1325 2611 1379 Romana:
2644 1325 2820 1391 libris,
2862 1326 3065 1396 primo,
3112 1328 3378 1391 secundo,
3413 1330 3575 1382 tertio
3603 1336 3661 1381 et

2050 1432 2259 1490 quarto
2294 1436 2308 1473 :
2347 1418 2400 1471 in
2450 1418 2648 1487 quibus
2698 1426 2988 1473 occurrent
3042 1419 3300 1488 pleraque
3352 1427 3658 1473 memoratu

2063 1528 2171 1567 non
2202 1513 2441 1581 indigna,
2476 1511 2689 1564 tametsi
2726 1512 2919 1565 horum
2958 1513 3204 1581 quadam
3247 1513 3297 1566 in
3329 1511 3541 1567 fabulas
3573 1512 3658 1564 in-

2059 1605 2269 1668 cidant,
2310 1612 2364 1655 et
2412 1599 2737 1671 prolixiores
2805 1617 2997 1671 nugas.
3044 1604 3123 1655 tta
3166 1615 3226 1656 se
3268 1614 3447 1655 nouus
3494 1597 3660 1654 habet

2062 1698 2222 1752 liber.

345 1792 431 1853 εἰς
466 1792 680 1861 μύθους
726 1793 819 1847 καὶ
874 1792 1088 1864 μακρὸν
1131 1793 1462 1847 ἐκπίπτουσι
1494 1794 1536 1824 ¹⁸
1566 1794 1753 1865 λῆρον.
1801 1792 1942 1845 Ἀλλ’
1972 1783 2075 1845 ὧδε
2104 1789 2204 1861 μὲν
2232 1790 2324 1843 καὶ
2350 1791 2377 1843 ὁ
2403 1789 2650 1856 ἔννατος.

432 1884 495 1935 Ὀ
523 1885 755 1949 δέκατος
782 1884 840 1938 δὲ
868 1884 1238 1957 συνηθροίσθη
1274 1886 1338 1939 ἐκ
1374 1904 1432 1940 τε
1461 1890 1559 1957 τῆς
1591 1886 1945 1954 Κεφαλίωνος

2124 1882 2372 1939 Decimus
2415 1899 2544 1939 vero
2571 1884 2771 1940 coaluit
2794 1898 2826 1940 ο
2869 1881 3217 1954 Cephalionis
3244 1882 3263 1954 (
3294 1883 3412 1955 82)
3466 1883 3657 1952 Erato,

357 1976 655 2047 Ἐρατοῦς,
712 1978 1189 2048 διαλαμϐανούσης
1254 1978 1323 2032 τὰ
1361 1962 1521 2033 ’κατὰ
1577 1978 1946 2051 Ἀλέξανδρον,

350 2069 455 2121 καὶ
493 2069 563 2138 δὴ
597 2070 698 2123 καὶ
752 2070 815 2122 ὲκ
846 2068 956 2123 τῶν
1010 2069 1375 2124 Ἀπολλωνίου
1397 2071 1491 2124 τοῦ
1513 2071 1782 2136 Στωϊκοῦ,
1824 2073 1948 2125 ὅσαι

352 2164 623 2227 γυναῖκες
665 2162 1065 2233 ἐφιλοσόφησαν
1115 2163 1150 2235 ἢ
1206 2164 1300 2217 καὶ
1335 2164 1378 2196 ¹⁹
1431 2164 1606 2228 άλλως
1667 2183 1720 2218 τι
1770 2166 1948 2218 ἐςτίδο⁸

351 2254 449 2321 ξον
516 2254 904 2326 διέπράξαντο,
963 2257 1058 2309 καὶ
1113 2257 1181 2310 δι’
1209 2255 1274 2321 ἃς
1329 2258 1501 2312 οἰκίαι
1530 2259 1574 2290 ²⁰
1606 2259 1687 2319 εἰς
1733 2257 1949 2313 εὔνοιαν

356 2346 808 2417 συνεκράθησαν,
840 2347 938 2401 καὶ
965 2348 1030 2400 ἐκ
1059 2348 1169 2401 τῶν
1200 2349 1507 2419 Θεαγένους
1533 2350 1589 2404 δὲ
1618 2350 1948 2405 Μακεδονι-

354 2438 488 2493 κῶν
515 2442 809 2509 πατρίων,
839 2440 903 2494 ἐκ
928 2458 988 2494 τε
1018 2442 1129 2495 τῶν
1147 2441 1501 2515 Πλουτάρχου
1536 2444 1668 2514 περὶ
1699 2444 1830 2513 βίων
1848 2444 1949 2497 Nt-

358 2534 484 2585 κίου
515 2532 611 2585 καὶ
646 2531 986 2587 Ἀλκιϐιάδου
1021 2532 1148 2605 [178
1182 2532 1277 2605 H],
1306 2535 1737 2605 Θεμιστοκλέους
1765 2554 1823 2589 τε
1854 2537 1948 2589 καὶ

360 2624 591 2693 Θησέως
633 2624 726 2678 καὶ
762 2624 1114 2697 Λουκούργου
1164 2628 1405 2691 Σόλωνός
1456 2645 1516 2681 τε
1562 2628 1657 2681 καὶ
1693 2627 1948 2695 Ἀλεξάν-

356 2716 492 2787 δρου
547 2715 643 2769 τοῦ
694 2716 985 2783 Φιλίππου,
1018 2716 1081 2771 ἐκ
1113 2735 1173 2771 τε
1227 2719 1337 2775 τῶν
1380 2719 1513 2789 βίων
1555 2718 1811 2790 Κίμωνος
1852 2720 1949 2773 καὶ

357 2810 697 2881 Περικλέους
731 2811 825 2864 καὶ
856 2811 1153 2866 Πελοπίδου
1196 2813 1292 2866 καὶ
1336 2813 1625 2878 Φωκίωνος
1662 2814 1757 2866 καὶ
1800 2815 1949 2884 Ἀρι-

358 2902 595 2967 στείδου,
623 2894 700 2956 ὧν
730 2902 800 2955 τὰ
830 2902 1062 2956 πλεῖστα
1095 2902 1447 2975 ἀξιαφήγητά
1479 2921 1538 2957 τε
1569 2904 1663 2957 καὶ
1691 2902 1952 2975 ἀξιομνη-

357 2994 621 3066 μόνευτα.
641 2995 779 3048 Ἀλλ’
819 2999 879 3049 ὲν
909 2995 1124 3060 τούτοις
1164 2998 1264 3068 μὲν
1294 2998 1389 3051 καὶ
1418 2999 1446 3050 ὁ
1479 2997 1729 3061 δέκατος.

462 3090 505 3140 0
558 3088 618 3141 δὲ
668 3088 954 3154 ἑνδέκατος
1012 3090 1137 3160 ἔσχε
1182 3091 1284 3162 τὴν
1312 3091 1635 3161 συναγωγὴν
1665 3090 1865 3161 ὁμοίως
1891 3089 1952 3155 ἐξ

355 3172 437 3235 ὧν
465 3180 814 3252 Πλούταρχος
837 3181 1098 3248 συνέταξε
1132 3182 1288 3254 βίων,
1338 3182 1749 3254 Ἐπαμινώνδου
1782 3183 1827 3213 ’ί
1854 3182 1950 3236 καὶ

2051 1994 2160 2048 quo
2188 1976 2324 2032 libro
2345 1977 2636 2032 Alexandri
2666 1987 2816 2049 gesta
2850 1977 3183 2032 referuntur.
3218 1975 3352 2032 ltem
3390 1992 3458 2032 ex
3486 1978 3656 2047 Apol-

2052 2069 2179 2125 lonii
2214 2068 2379 2124 Stoici
2416 2068 2610 2133 libris,
2643 2084 2763 2139 quae
2804 2072 2909 2122 siut
2950 2084 3185 2137 unquam
3247 2068 3502 2123 mulieres
3538 2071 3659 2139 piti-

2053 2161 2377 2231 1050phatzc,
2423 2162 2620 2231 quidve
2665 2162 2809 2216 aliud
2850 2162 3109 2230 praeclare
3134 2167 3439 2234 gesserint,
3472 2177 3526 2221 et
3563 2182 3660 2237 per

2052 2269 2189 2325 quas
2212 2254 2427 2309 familiae
2455 2254 2748 2324 aliquando
2797 2254 2849 2308 in
2881 2256 3229 2309 concordiam
3288 2258 3538 2321 redacta‘,
3588 2274 3658 2315 ex

2051 2345 2355 2415 Theogenis
2380 2359 2595 2415 quoque
2623 2343 2983 2399 Macedonicis
3007 2346 3457 2413 patriis.Rursum
3484 2366 3514 2402 e
3534 2348 3659 2402 Plu-

2054 2437 2227 2491 tarchi
2265 2436 2402 2491 Vitis
2439 2434 2607 2490 Nicia:
2629 2474 2644 2501 ,
2683 2436 3015 2501 Alcibiadis,
3049 2435 3429 2494 Themistoclis
3453 2477 3469 2504 ,
3513 2438 3658 2493 Tlte-

2051 2529 2155 2592 sei,
2175 2528 2435 2600 Lycurgi,
2456 2528 2673 2584 Solonis
2698 2538 2753 2584 et
2775 2529 3068 2583 Alexandri
3086 2528 3333 2601 :Pbilippi
3366 2531 3484 2587 lilii.
3513 2533 3650 2587 item

2050 2621 2237 2679 eVitis
2271 2624 2560 2694 Cymouis,
2596 2637 2660 2678 ac
2695 2622 2960 2694 Lysandri
2988 2663 3005 2688 ,
3041 2622 3425 2679 Demosthenis
3446 2666 3462 2691 ,
3496 2625 3655 2680 Peri—

2051 2715 2151 2771 clis
2176 2758 2191 2782 ,
2212 2713 2481 2784 Pelopidae
2498 2755 2515 2780 ,
2534 2714 2826 2770 Phocionis
2851 2757 2867 2783 ,
2891 2723 2947 2770 ct
2960 2716 3212 2772 Aristide
3241 2733 3255 2771 :
3286 2732 3516 2787 quorum
3539 2717 3657 2787 ple-

2050 2820 2219 2876 raque
2250 2806 2597 2859 memoranda
2616 2845 2633 2872 ,
2662 2806 3134 2878 admirationeque
3154 2808 3337 2878 digna.
3355 2808 3532 2880 Atque
3570 2811 3661 2870 hic

2056 2896 2302 2953 decimus
2338 2896 2481 2951 liber
2512 2904 2617 2952 est.

2123 3078 2459 3134 Undecimus
2486 3076 2708 3148 perinde
2729 3092 2758 3133 e
2787 3077 3060 3143 Plutarchi
3091 3075 3231 3133 Vitis
3277 3078 3477 3133 selecta
3527 3093 3665 3134 con-

2054 3174 2223 3239 tinet,
2253 3184 2381 3243 puta
2434 3172 2856 3243 Epaminondae,
2892 3172 3081 3228 Dionis
3138 3172 3409 3241 Agesilai,
3443 3171 3660 3240 Agidis,

356 3272 561 3335 Δίωνος
590 3243 696 3327 καὶ.
721 3243 1176 3345 ζΑγησιλάουῠκάί.
1209 3243 1429 3344 ¹’ίίγιδος
1461 3243 1557 3328 καὶ
1582 3275 1948 3346 Κλεομένους,

2061 3262 2360 3319 Cleomenis
2378 3302 2394 3326 ,
2422 3262 2681 3316 Eumenis
2704 3260 2981 3327 Cardiani,
3009 3259 3454 3331 Philopmmeuis,
3474 3258 3666 3316 Timo-

355 3365 645 3436 Εὐμένους
701 3383 761 3419 τε
804 3366 900 3420 τοῦ
943 3366 1250 3438 Καρδιανοῦ
1286 3367 1383 3422 καὶ
1421 3368 1812 3440 Φιλοποίμενος
1859 3369 1954 3423 καὶ

354 3457 852 3529 Τιμολέοντος.κώ
893 3458 1234 3533 ’Δράτου,ὃς
1286 3461 1621 3533 δημαγωγὸς
1673 3462 1955 3526 καταστὰς

354 3552 471 3605 τῶν
522 3553 759 3624 Ἀχαιῶν
798 3554 1270 3619 ἑπτακαιδεκάκις
1299 3557 1358 3608 ὲν
1381 3557 1565 3621 αὐτοῖς
1613 3556 1955 3627 ἐστρατήγη-

354 3662 443 3711 σε,
480 3646 697 3718 μεγάλα
723 3646 937 3719 πράξας
971 3649 1292 3720 στρατηγῶν
1318 3648 1457 3721 ἔργα
1493 3666 1508 3680 ·
1553 3650 1642 3704 ναὶ
1677 3650 1742 3720 δὴ
1768 3650 1862 3703 καὶ
1886 3651 1953 3702 ὲκ

354 3738 456 3791 τοῦ
494 3738 615 3809 βίου
644 3739 864 3813 Πύρρου
914 3739 1008 3795 τοῦ
1044 3739 1381 3812 Ἠπειρώτου
1402 3780 1419 3805 ,
1450 3741 1587 3796 ἀλλὰ
1622 3740 1729 3813 μὴν
1759 3741 1854 3796 καὶ
1885 3742 1952 3795 ἐκ

358 3830 471 3886 τῶν
516 3831 945 3903 Ἀριστοφάνους
1002 3833 1098 3887 τοῦ
1152 3834 1547 3906 γραμματικοῦ
1592 3835 1735 3902 Περὶ
1794 3833 1954 3895 (ditur

372 3923 575 3993 βιϐλίου
633 3925 856 3997 πρώτου
912 3927 1008 3980 καὶ
1058 3926 1340 3998 δευτέρου,
1369 3934 1464 3982 καὶ
1493 3929 1558 3981 ἐκ
1598 3927 1698 3999 τῆς
1724 3928 1768 3959 "
1809 3926 1954 3981 Ἰόϐα

367 4018 466 4071 τοῦ
493 4017 758 4087 βασιλέως
785 4017 1111 4088 Θεατρικῆς
1148 4020 1445 4089 Ἱστορίας
1482 4019 1952 4074 ἑπτακαιδεκάτου

357 4109 549 4179 λόγου.
580 4110 739 4165 Οὕτω
775 4112 875 4181 μὲν
906 4113 999 4165 καὶ
1030 4115 1059 4165 ὁ
1097 4112 1409 4176 ἑνδέκατος.

449 4201 513 4253 Ὀ
545 4200 602 4254 δὲ
637 4201 937 4266 δωδέκατος
965 4202 1117 4275 αὑτῷ
1146 4202 1308 4271 λόγος
1358 4202 1747 4273 συνήθροισται
1775 4199 1834 4266 ἐξ
1860 4201 1954 4255 άλ-

354 4292 471 4345 λων
540 4310 601 4345 τε
646 4293 941 4365 διαφόρων,
970 4295 1066 4348 καὶ
1102 4298 1165 4347 ὲκ
1193 4295 1296 4366 τῆς
1352 4294 1682 4360 Καλλιξένου
1721 4295 1955 4363 Ζωγρά-

356 4401 497 4449 φων
533 4401 596 4437 τε
633 4385 679 4417 ³³
714 4385 813 4439 καί
855 4385 1370 4455 ἁνδριαντοποαῦν
1413 4386 1803 4456 Ἀναγραφῆς,
1858 4389 1954 4442 καὶ

355 4490 429 4526 εκ
458 4472 570 4526 τῶν
616 4474 987 4545 Ἀριστονίκου
1021 4475 1067 4507 ³⁵
1102 4476 1241 4544 Περὶ
1292 4477 1399 4532 τοῦ
1431 4478 1501 4531 ἐν
1539 4477 1955 4545 Ἀλεξανδρείᾳ

353 4567 677 4633 μουσείου,
715 4568 810 4620 καὶ
867 4569 933 4621 ὲκ
991 4571 1099 4623 τῶν
1140 4569 1550 4639 Ἀριστοτέλους
1606 4568 1951 4636 Πολιτειῶν,

358 4627 674 4711 δετταλῶν,
710 4659 773 4712 τέ
828 4676 973 4728 φημι
1019 4658 1114 4712 καὶ
1158 4627 1396 4729 ’Ᾰχαιῶν
1430 4627 1546 4713 καὶ,⁷
1572 4660 1797 4730 Παρίων
1825 4627 1953 4732 [διδ
1986 4627 2031 4682 D

359 4750 459 4823 IL]
495 4752 713 4807 Λυκίων
745 4770 803 4807 τε
831 4753 929 4806 καὶ
962 4753 1135 4819 Κίων,
1170 4756 1266 4807 καὶ
1293 4747 1369 4807 ὧν
1413 4756 1620 4818 ἐκεῖνος
1657 4754 1846 4817 ἁπλῶς
1893 4756 1952 4807 ἐν

357 4848 477 4908 τοῖς
526 4843 821 4909 πολιτικοῖς
868 4846 1035 4899 αὑτοῦ
1092 4847 1450 4916 διαλαμϐάνει
1483 4862 1498 4877 ⁸
1531 4839 1608 4900 ὧν
1653 4846 1713 4899 τὸ
1754 4850 1950 4917 χρήσι-

2055 3355 2253 3411 leoutis
2279 3393 2295 3420 ,
2326 3365 2379 3411 et
2402 3354 2552 3408 Arati
2590 3395 2606 3419 ,
2642 3355 2731 3423 qui
2766 3350 3089 3407 Achaeorum
3145 3363 3361 3407 creatus
3410 3354 3664 3408 tribunus

2055 3449 2229 3520 plebis
2256 3448 2435 3503 decies
2463 3448 2665 3518 septies
2692 3448 2873 3516 copias
2906 3463 3092 3501 eorum
3118 3446 3289 3510 duxit,
3318 3444 3482 3501 multa
3512 3446 3566 3500 in
3596 3461 3664 3501 eo

2057 3541 2283 3608 imperio
2314 3539 2570 3610 prazclare
2594 3553 2811 3609 gerens.
2842 3536 3077 3592 Rursum
3100 3553 3130 3590 e
3155 3538 3274 3592 Vita
3312 3535 3505 3607 Pyrrhi
3528 3536 3664 3603 Epi-

2058 3643 2301 3688 rotarum
2334 3631 2497 3701 regis.
2534 3631 2677 3698 Quin
2709 3642 2765 3685 et
2787 3646 2854 3685 cx
2885 3629 3267 3697 Aristophanis
3294 3628 3314 3700 (
3339 3627 3409 3684 83
3432 3627 3667 3700 ).gram-

2059 3725 2241 3780 ntatici
2263 3764 2278 3789 ,
2312 3723 2389 3777 De
2422 3723 2747 3778 animalibus
2771 3722 2909 3777 libro
2942 3724 3120 3792 primo
3147 3762 3163 3787 ,
3190 3731 3245 3776 ct
3271 3724 3512 3779 secundo
3534 3763 3549 3788 ,
3579 3732 3668 3778 at-

2060 3832 2166 3888 que
2216 3833 2283 3873 ex
2318 3817 2575 3873 Historia:
2614 3816 2887 3871 theatricw
2928 3814 3086 3889 (Si)
3134 3814 3287 3871 Juba:
3336 3817 3479 3884 regis
3524 3816 3664 3872 liuro

2059 3908 2273 3965 decimo
2309 3909 2566 3981 septimo.
2601 3910 2782 3981 Atque
2812 3907 2899 3964 bis
2927 3908 3148 3980 quidem
3176 3910 3495 3964 undecimus
3524 3908 3664 3963 liber

2063 4010 2298 4056 constat.

2136 4202 2497 4260 Duodecimus
2511 4203 2748 4276 denique
2769 4213 3121 4261 coacervatus
3146 4216 3285 4262 este
3310 4206 3479 4261 variis
3505 4224 3520 4262 :
3547 4217 3606 4261 ut
3630 4219 3665 4263 e

2064 4296 2333 4352 Callixeni
2387 4297 2667 4352 Pictorum
2696 4317 2761 4353 ac
2816 4302 3202 4354 statuariorum
3255 4298 3559 4365 Relatione;
3593 4315 3663 4355 ex

2062 4386 2403 4448 Aristonico,
2440 4388 2513 4441 De
2542 4387 2726 4443 Museo
2777 4388 3176 4451 Alexandrino;
3213 4402 3280 4441 ex
3315 4386 3661 4450 Aristotelis,

2064 4477 2309 4534 Politicis
2334 4496 2349 4546 ;
2375 4478 2785 4547 Thessalorum,
2806 4480 3049 4548 inquam,
3073 4480 3391 4533 Achaeorum
3415 4521 3428 4543 ,
3468 4478 3663 4549 105a

2061 4568 2377 4633 Pariorum,
2406 4569 2690 4642 Lyciorum
2714 4588 2729 4636 ;
2760 4570 3043 4636 Chiorum,
3075 4582 3235 4639 atque
3263 4570 3398 4624 adeo
3418 4575 3661 4625 omnium

2062 4661 2186 4732 (85)
2214 4677 2351 4729 quos
2383 4660 2473 4717 ille
2497 4662 2611 4717 suis
2639 4662 2690 4717 in
2716 4662 2961 4717 Politicis
2982 4672 3402 4727 commemorat,
3432 4678 3662 4732 quorum

2068 4768 2171 4805 non
2198 4752 2475 4822 vulgarem
2510 4768 2631 4807 esse
2663 4768 2820 4807 usum
2853 4762 3088 4807 constat.
3118 4753 3234 4819 Qua
3271 4754 3323 4808 iu
3357 4768 3415 4809 re
3445 4752 3662 4823 Sopatri

2059 4843 2209 4898 labor
2240 4844 2341 4899 hoc
2369 4845 2688 4899 duodecimo
2714 4847 2830 4913 ejus
2850 4844 2988 4900 libro
3014 4846 3372 4901 consumitur.

364 4956 469 5011 μον
520 4940 622 4994 οὐκ
650 4940 866 5009 ἄδηλον.
906 4942 1053 4995 Ἀλλ’
1088 4945 1146 4997 ὲν
1176 4942 1385 5006 τούτοις
1429 4943 1529 5014 μὲν
1553 4943 1837 5014 Σωπάτρῳ
1861 4945 1955 4997 καὶ
1987 4946 2015 4998 ὁ
2038 4941 2342 5005 δωδέκατος
2369 4940 2480 4996 τῶν
2508 4941 2784 5011 συλλογῶν
2813 4942 2995 5007 πόνος.

1670 5085 1705 5133 ν
1718 5090 1754 5139 Α
1766 5084 1903 5141 ΒΙΑΣ
1935 5080 2347 5140 LECTIONES.

434 5172 483 5205 ⁸⁸
513 5172 763 5241 ποταμοῦ
817 5172 883 5227 Δ.
996 5172 1038 5206 ⁸⁷
1072 5190 1132 5227 τε
1161 5175 1286 5227 add.
1320 5175 1388 5229 A.
1465 5176 1509 5207 ⁸⁸
1539 5178 1897 5231 ἐπιπίπτουσι
1922 5196 1983 5243 ς.

2076 5176 2246 5247 tam),
2277 5184 2400 5244 post
2430 5174 2463 5247 ἢ
2493 5188 2605 5230 om.
2635 5190 2720 5244 pr.
2756 5177 2827 5247 Α.
2912 5177 2958 5209 ¹⁹
2986 5178 3155 5231 οἰκίαι
3186 5175 3273 5231 AC
3302 5193 3316 5231 :
3345 5172 3554 5237 οἰκείας
3592 5190 3655 5237 ς.

361 5242 405 5273 ²¹
452 5242 894 5314 Ἐπαμεινώνδου
926 5262 988 5309 ς.
1062 5246 1109 5277 ³³
1135 5243 1258 5316 τῆς]
1285 5247 1385 5317 τῆς
1417 5246 1511 5299 τοῦ
1545 5266 1605 5313 ς.
1685 5249 1731 5281 ’³
1756 5249 1956 5321 ζωγρ.]
1988 5247 2085 5302 καὶ
2126 5242 2297 5318 ζωγρζ
2326 5263 2388 5311 ς.
2452 5242 2515 5279 ’²⁸
2554 5242 2927 5318 ἀρίστονείκον
2954 5247 3020 5302 Α.

1884 5363 2118 5421 NOTAE.

431 5454 549 5531 (ξι)
568 5455 633 5511 Et
654 5459 926 5531 montibus
946 5478 962 5527 ;
986 5470 1275 5531 exstatque
1292 5460 1478 5527 hodie,
1498 5460 1591 5516 sed
1615 5461 1839 5517 alterius
1861 5476 1948 5517 es-

358 5542 421 5581 se
452 5526 727 5583 Plutarchi
753 5533 929 5586 critici
948 5526 1212 5596 iudicant:

433 5597 454 5670 (
480 5597 594 5671 82_)
614 5600 783 5664 Quem
812 5618 1002 5657 novem
1034 5602 1304 5657 Musarum
1337 5602 1697 5671 appellatione
1730 5602 1951 5657 histori-

361 5667 806 5743 caui__Epitonien
858 5675 1140 5743 scripsisse
1184 5689 1344 5739 supra
1371 5667 1796 5727 retulitPhotius
1828 5675 1950 5727 cod.

359 5736 453 5814 ϐξ.
487 5736 664 5793 Unum
686 5751 868 5814 autem
906 5736 1030 5797 hinc
1055 5736 1436 5798 elementuma
1461 5744 1660 5814 fugisse
1692 5745 1951 5814 suspice-

361 5810 439 5861 ris
456 5825 575 5864 cum
611 5813 922 5880 κεφαλαίων
944 5814 1011 5869 ibi
1039 5815 1213 5869 dictus
1246 5814 1344 5879 sit,
1390 5816 1491 5871 nisi
1515 5810 1655 5884 apud
1681 5810 1832 5872 Suid.
1860 5831 1923 5868 κε

2052 5457 2264 5530 φαλίων
2294 5457 2327 5530 ἦ
2350 5458 2601 5527 κεφάλων
2621 5460 2912 5529 legeretur.

2129 5529 2241 5599 (83)
2265 5529 2432 5597 (iuius
2458 5532 2599 5597 apud
2632 5531 2855 5583 Suidam
2893 5529 3116 5585 mentio.

2127 5595 2267 5669 (84)
2298 5595 2468 5667 lliijus
2498 5595 2681 5667 operis
2734 5599 2926 5655 librum
2972 5616 3023 5655 iv
3069 5602 3137 5654 ab
3160 5600 3420 5656 Athean
3470 5595 3659 5651 lauda-

2053 5680 2166 5726 tum
2200 5670 2441 5738 reperies
2471 5670 2563 5723 lib.
2599 5686 2651 5723 tv
2675 5712 2689 5725 .

2122 5740 2235 5811 (85)
2266 5735 2504 5813 Quorum
2545 5740 2764 5813 nomina
2784 5740 2985 5813 aliquot
3008 5741 3218 5813 collegit
3258 5740 3547 5808 diligenter
3582 5735 3653 5793 Is.

2059 5810 2185 5869 Cas.
2205 5814 2326 5870 cod.
2358 5810 2558 5869 Laertii
2583 5812 2673 5868 lib.
2712 5827 2763 5865 ν.
