4062 6478
423 394 524 461 451

1559 388 1824 451 ΡΙΙΟΤΙΙ
1862 390 2375 454 ΡΑΤΒῙΑΒΟΗΕ
2417 392 2527 454 CP.

3605 394 3713 461 452

497 506 745 576 Magnam
792 520 925 562 sane
958 504 1244 561 utilitatem
1279 504 1394 559 haec
1424 501 1730 572 legentibus
1765 502 2015 558 lucubra-

2190 506 2399 579 Πολλὴν
2423 506 2483 560 δὲ
2503 510 2603 577 τὴν
2623 503 2815 576 χρείαν
2843 504 3004 558 τοῦτο
3030 504 3096 577 δὴ
3119 503 3181 559 τὸ
3215 504 3480 578 φιλοπόνη
3490 524 3567 577 μα
3590 512 3705 573 τοῖς

427 604 502 655 tio
544 600 724 654 aﬂ‘ert.
753 599 867 653 Et-s't
895 599 1037 653 enim
1074 597 1310 662 fabulis,
1342 595 1606 667 prodigiis
1626 633 1643 660 ,
1674 596 1971 651 mendaciis
1995 636 2012 662 ,

427 705 595 761 atque
617 690 1025 746 incredibilibus
1054 729 1071 754 ,
1101 699 1159 742 ut
1183 688 1378 758 saepius
1407 704 1436 741 ιι
1482 701 1570 742 me
1612 688 1812 742 dictum
1834 728 1850 753 ,
1908 703 2015 742 non

422 792 594 845 caret,
631 796 701 835 ex
752 781 836 835 his
868 782 997 850 ipsis
1018 790 1196 835 tamen
1223 818 1239 843 ,
1270 775 1406 849 quae
1435 779 1502 833 ad
1545 778 1748 832 variam
1782 778 1947 833 veluti
1985 795 2017 835 e

425 890 564 945 penu
589 875 772 944 aliquo
828 874 1177 942 promendam
1214 872 1514 927 doctrinam
1570 872 1815 938 faciunt,
1850 873 2012 927 etiam

425 967 492 1020 ad
520 967 777 1021 virtutem
810 975 970 1033 atque
1002 965 1342 1018 honestatem
1402 961 1658 1017 facientia
1724 962 2014 1033 decerpere

423 1073 583 1126 quam
604 1055 831 1127 plurima
854 1056 996 1110 licet.
1016 1057 1097 1109 Ad
1124 1058 1260 1109 bene
1287 1056 1499 1111 dicendi
1530 1071 1657 1110 vero
1677 1054 2013 1122 facultatem,

425 1158 485 1203 ut
515 1149 745 1220 ipsemet
780 1149 846 1202 ad
882 1150 1088 1203 amicos
1128 1149 1414 1215 praefatur,
1462 1164 1567 1201 non
1601 1149 1875 1202 modicum
1922 1165 2011 1205 ea-

424 1243 547 1298 dem
605 1239 839 1297 aﬂ'eruttl.
888 1241 1352 1308 emolumentum,
1384 1242 1762 1309 insignemque
1808 1241 2013 1295 utilita-

426 1346 534 1390 tem
570 1332 768 1405 legenti
794 1333 1032 1401 pariunt.
1065 1332 1237 1386 Dictio
1263 1334 1379 1401 ejus
1420 1332 1568 1385 varia
1596 1372 1611 1397 ,
1638 1346 1813 1402 neque
1848 1332 2008 1386 unius

425 1428 648 1491 formas,
683 1424 893 1479 tametsi
926 1424 1369 1494 perspicuitatem
1397 1423 1449 1476 in
1481 1420 1732 1477 oumibus
1754 1422 2007 1479 servarit.

1161 1537 1365 1594 CLXII.

422 1633 636 1688 Eusebii
691 1632 917 1703 episcopi
956 1632 975 1705 (
1008 1633 1437 1705 Thessalonicw)
1486 1647 1671 1687 contra
1732 1632 2005 1687 Andream

956 1704 1235 1775 quemdam
1272 1704 1395 1757 libri
1431 1720 1485 1759 χ.

494 1822 643 1878 Lecti
693 1831 816 1877 sunt
848 1819 1065 1876 Eusebii
1114 1820 1427 1889 cujusdam,
1484 1827 1543 1873 ut
1594 1818 1854 1909 dignitate
1888 1816 2006 1888 epi-
2040 1847 2087 1909 Β

420 1916 565 1983 scopi
591 1913 725 1986 (86),
750 1913 829 1967 sic
849 1923 902 1967 et
924 1912 1027 1965 lide
1056 1911 1366 1976 orthodoxi,
1390 1910 1573 1964 decem
1610 1908 1729 1963 libri
1755 1908 2011 1961 adversus

420 2010 690 2063 Andream
719 2007 1007 2077 quemdam
1072 2004 1339 2061 inclusum
1362 2004 1475 2075 (87)
1502 2046 1516 2069 ,
1575 2004 1665 2072 qui
1716 2003 1905 2057 horum
1939 2001 2012 2055 illi
2052 2046 2055 2049 .

420 2102 829 2158 scribendorum
876 2113 1098 2154 causam
1145 2097 1314 2152 dedit.
1354 2096 1659 2165 Scripserat
1719 2096 1861 2149 enim
1928 2094 2015 2149 hie

421 2196 489 2250 ad
526 2194 812 2248 Eusebium
886 2191 1208 2263 epistolam,
1265 2204 1424 2259 quam
1494 2186 2016 2259 παραναγνωστικὸν

423 2286 729 2341 nominarat
760 2282 908 2353 (88),
970 2279 1330 2352 jurejurando
1384 2282 1557 2351 ipsum
1628 2283 1694 2335 ad
1755 2296 1874 2335 eam
1937 2279 2015 2333 le-

420 2379 648 2447 gendam
706 2377 951 2443 adigens.
1009 2374 1126 2441 Qua
1190 2374 1371 2439 lecta,
1448 2374 1715 2429 Eusebius
1782 2375 2014 2442 primum

421 2468 635 2538 quidem
666 2468 936 2522 hominem
984 2466 1267 2535 increpat,
1320 2466 1642 2535 imperitiam
1691 2466 1841 2519 iuxta
1900 2466 2018 2535 ejus

420 2560 570 2630 (89),
624 2574 786 2630 atque
856 2559 1137 2613 audaciam
1193 2560 1620 2630 reprehendens,
1683 2560 2017 2614 ostendendo

416 2645 474 2707 in
502 2653 632 2719 ipsis
659 2655 820 2708 etiam
840 2652 1059 2720 syllabis
1084 2651 1290 2720 lapsum
1316 2668 1332 2717 ;
1358 2661 1412 2706 et
1433 2666 1552 2705 cum
1567 2665 1784 2705 versum
1809 2650 2017 2704 nullum

419 2746 791 2815 potueritsine
811 2743 1117 2799 soloecismo
1137 2741 1423 2807 facere,'ad
1459 2742 1803 2796 scribendum
1835 2752 2015 2796 tamen

417 2854 540 2894 sese
564 2838 825 2892 extulisse
844 2876 860 2902 ,
892 2833 1125 2890 instituti
1154 2834 1258 2898 sui,
1284 2832 1515 2887 simulet
1545 2833 1744 2902 quietis
1772 2833 2014 2889 oblitum.

423 2929 743 2986 llzereticam
801 2927 924 2982 dein
974 2927 1119 2981 illius
1185 2925 1513 2981 sententiam
1566 2925 1809 2995 pluribus
1856 2926 2019 2981 refel-

420 3025 532 3079 lere
562 3023 895 3093 aggreditur.
938 3018 1073 3074 Erat
1094 3019 1237 3073 enim
1288 3018 1377 3072 ille
1411 3034 1478 3072 ex
1521 3033 1710 3073 eorum
1756 3035 2016 3086 numero,

416 3119 507 3189 qui
535 3117 603 3170 ab
630 3115 870 3183 improba
889 3128 1051 3182 quam
1086 3111 1339 3165 tenebant
1359 3110 1613 3178 opinione
1634 3150 1648 3173 ,
1693 3111 2021 3179 Aphlllaﬂo.

2115 597 2557 665 ἀναγινώσκουσι
2592 596 2931 666 παρέχεται·
2982 596 3031 649 εί
3068 596 3180 668 γὰρ
3229 598 3325 650 καὶ
3375 597 3563 667 μύθων
3612 600 3712 653 καὶ

2115 690 2364 761 τεράτων
2395 690 2610 760 ψευδῶν
2636 707 2696 743 τε
2729 690 2825 743 καὶ
2864 688 3167 755 ἀπιθάνων,
3208 688 3286 754 ὥς
3319 708 3410 762 μοι
3442 692 3709 756 πολλάκις

2116 780 2357 853 εἴρηται,
2379 782 2441 834 οὐ
2474 781 2794 851 καθαρεύει,
2839 782 2956 837 ἀλλ’
2985 778 3080 835 οὖν
3112 784 3171 835 ἐν
3200 780 3284 845 οἷς
3320 800 3381 835 τε
3428 785 3508 846 είς
3538 783 3712 837 πολυ-

2118 876 2352 944 μάθειαν
2380 877 2446 930 ἐκ
2492 876 2586 929 τοῦ
2626 876 2847 947 ἑτοίμου
2898 877 3163 942 συντελεῖ,
3199 878 3293 931 καὶ
3328 878 3466 950 πρὸς
3496 879 3704 949 ἀρετὴν

2115 968 2212 1021 καὶ
2259 967 2671 1035 καλοκάγαθίαν
2702 968 2935 1022 πλεῖστα
2976 968 3124 1023 ἔστιν
3165 970 3350 1023 αὐτῶν
3398 971 3709 1026 ἀπανθίσα-

2116 1060 2286 1125 σθαι,
2319 1060 2458 1129 πρός
2504 1077 2563 1113 τε
2602 1060 2663 1113 τὸ
2714 1062 3035 1131 ῥητορεύειν
3071 1062 3163 1115 καὶ
3214 1063 3555 1131 σοφιστεύειν
3606 1065 3707 1135 (ὡς

2115 1153 2211 1206 καὶ
2238 1152 2402 1214 αὐτὸς
2424 1154 2539 1215 τοῖς
2564 1153 2804 1222 ἑταίροις
2822 1155 2867 1185 ’⁵
2884 1154 3113 1224 γράφων
3140 1154 3582 1226 προοιμιάζεται)
3604 1158 3710 1211 οὐκ

2114 1246 2405 1318 ἐλαχίστην
2454 1248 2611 1318 φέρει
2668 1248 2843 1319 ῥοπὴν
2862 1250 2926 1312 ³⁸,
2965 1250 3150 1302 ἱκανὸν
3211 1252 3291 1312 είς
3335 1251 3527 1322 χρείαν
3574 1252 3709 1306 καθ-

2115 1341 2368 1412 έστηκεν.
2397 1340 2467 1393 Ἥ
2498 1340 2552 1392 δὲ
2585 1340 2787 1411 φράσις
2823 1342 2974 1410 αὐτῷ
3008 1342 3228 1411 ποικίλη
3267 1347 3359 1395 καὶ
3387 1344 3448 1395 οὑ
3482 1342 3580 1414 μία
3601 1344 3705 1416 τὴν

2119 1434 2286 1499 ἰδέαν,
2316 1436 2363 1487 εἰ
2387 1434 2483 1487 καὶ
2517 1434 2606 1486 διὰ
2641 1434 2821 1504 πάσης
2852 1435 2915 1487 τὸ
2950 1435 3123 1502 σαφὲς
3153 1435 3377 1489 ὥδευεν.

2825 1546 2986 1614 rga,

2113 1641 2410 1697 Εὑσεϐίου
2459 1641 2795 1695 ἐπισκόπου
2828 1640 2980 1694 κατὰ
3039 1638 3320 1712 Ἀνδρέου
3380 1642 3545 1710 τινὸς
3590 1643 3701 1699 λό-

2806 1730 2899 1782 γοι
2935 1719 2989 1766 ι’.
3240 1726 3245 1731 ‘

2199 1823 2644 1898 Ἀνεγνώσθησαν
2676 1824 2937 1879 Εὐσεϐίου
2966 1825 3111 1889 τινὸς
3132 1824 3453 1896 (ἐπίσκοπος
3479 1821 3550 1898 ἦν
3572 1827 3619 1859 ’⁷
3636 1830 3694 1881 τὸ

2115 1920 2334 1990 ἀξίωμα
2383 1918 2480 1972 καὶ
2534 1918 2633 1989 τὴν
2682 1918 2866 1971 πίστιν
2915 1918 3242 1989 ὀρθόδοξος)·
3272 1921 3447 1991 τούτῳ
3484 1920 3636 1989 λόγοι
3665 1926 3691 1975 ι’

2115 2015 2259 2067 κατὰ
2297 2011 2545 2082 Ἀνδρέου
2581 2010 2725 2074 τινδς
2779 2011 3098 2079 ἐγκλειστοῦ
3128 2013 3570 2083 συνεγράφησαν.
3599 2013 3697 2085 τὴν

2117 2103 2301 2158 αἰτίαν
2336 2102 2593 2164 λαϐόντες
2624 2101 2689 2154 ἐκ
2712 2101 2808 2154 τοῦ
2842 2102 3136 2171 εἰρημένου
3164 2103 3503 2172 ἐγκλειστοῦ.
3529 2095 3699 2169 Οὗτος

2116 2195 2226 2265 γὰρ
2259 2193 2499 2265 ἔγραψεν
2531 2192 2824 2263 ἐπιστολὴν
2854 2192 3103 2264 Εὐσεϐίῳ
3147 2196 3698 2266 (παραναγνωστικὸν

2116 2286 2175 2341 δὲ
2207 2286 2365 2340 καλεῖ
2383 2286 2483 2357 τὴν
2516 2285 2867 2356 ἐπιστολὴν),
2904 2286 3091 2356 ὅρκοις
3119 2287 3283 2341 αὑτὸν
3318 2289 3399 2351 είς
3430 2288 3528 2360 τὴν
3564 2288 3696 2343 ταύ-

2116 2398 2215 2450 της
2251 2379 2558 2449 ἀνάγνωσιν
2588 2377 2993 2449 ἐκκαλούμενος
3012 2394 3028 2408 '
3055 2378 3124 2449 ἣν
3148 2379 3408 2443 Εὐσέϐιος
3429 2381 3701 2449 ἀναγνοὺς

2118 2474 2333 2545 πρῶτον
2371 2473 2470 2543 μὲν
2509 2472 2600 2526 τὸν
2652 2472 2938 2545 ἄνθρωπον
2980 2473 3248 2543 ἐπιτιμᾷ,
3292 2471 3536 2543 ἀμαθίαν
3577 2474 3697 2542 ἆμα

2118 2566 2213 2618 καὶ
2261 2564 2459 2633 θράσος
2492 2561 2788 2627 ἐπικαλῶν,
2841 2562 2937 2614 καὶ
2968 2560 3187 2623 δεικνὺς
3228 2558 3325 2613 κα)⁸
3357 2560 3488 2631 περὶ
3525 2560 3698 2622 αὑτὰς

2118 2658 2383 2711 πταίοντα
2423 2654 2521 2718 τὰς
2553 2652 2847 2716 συλλαϐὰς,
2886 2654 2983 2706 καὶ
3013 2653 3095 2705 ὃτι
3124 2650 3328 2723 μηδένα
3363 2652 3542 2722 στίχον
3566 2653 3697 2706 ἀσό-

2117 2750 2300 2805 λοικον
2329 2750 2506 2802 εἰπεῖν
2535 2748 2724 2816 δεδυνη
2736 2746 2916 2815 μένος,
2947 2747 2976 2799 ὁ
3004 2745 3061 2798 δὲ
3089 2744 3185 2798 καὶ
3219 2744 3312 2796 ἐπὶ
3341 2743 3402 2796 τὸ
3454 2743 3701 2813 συγγρά-

2119 2859 2239 2911 φειν
2273 2840 2439 2913 ἤρθη,
2474 2837 2568 2891 τοῦ
2617 2837 3038 2906 ἐπαγγέλματος
3085 2834 3311 2903 καὶτῆς
3359 2832 3418 2885 ὲν
3464 2834 3696 2902 ἀσκήσει

2119 2935 2353 3007 ἡσυχίας
2398 2930 2867 2999 ἐπιλελησμένος’
2930 2924 3049 2981 εἶτα
3097 2926 3159 2980 τὸ
3206 2926 3484 2997 αἱρετικὸν
3530 2924 3698 2979 αὐτοῦ

2120 3028 2380 3098 φρόνημα
2408 3025 2495 3078 διὰ
2524 3021 2737 3075 πολλῶν
2764 3021 3087 3091 ἁπελέγχει.
3112 3015 3223 3072 Ἦν
3252 3019 3309 3072 δὲ
3340 3019 3449 3089 ἄρα
3478 3018 3586 3072 τῶν
3611 3017 3701 3071 λε-

2118 3120 2369 3189 γομένων
2398 3117 2506 3173 ἀπὸ
2528 3117 2627 3186 τῆς
2657 3115 2871 3184 φαύλης
2890 3115 3048 3185 δόξης
3074 3112 3182 3166 τῶν
3210 3113 3703 3183 ἐχόντωνἊφθαρ-

416 3206 762 3276 άοεειιε(90)
798 3214 929 3261 sunt
981 3204 1131 3259 dicti.
1187 3202 1428 3257 Primum
1463 3203 1645 3270 itaque
1672 3203 1909 3257 ostendit
1938 3199 2011 3256 illi

2116 3210 2477 3279 τοδοκητῶν.
2493 3210 2602 3263 Καὶ
2625 3208 2841 3281 πρῶτον
2868 3208 2968 3278 μὲν
2990 3207 3260 3261 δείκνυσιν
3283 3205 3448 3260 αὐτὸν
3470 3204 3701 3267 εὐθύνας

415 3302 684 3358 rationem
707 3313 830 3355 esse
862 3297 1234 3364 reddendam,
1289 3310 1386 3349 cur
1432 3294 1484 3348 in
1523 3309 1626 3347 una
1660 3295 1922 3350 duntaxat
1944 3298 2015 3351 si-

414 3394 771 3466 gnificatione
798 3390 1153 3459 corruptionis
1191 3386 1453 3442 vocabulo
1502 3396 1758 3455 accepto,
1795 3387 1861 3439 de
1898 3387 2013 3441 solo

418 3490 472 3543 id
514 3495 738 3559 peccato
785 3483 891 3539 dici
923 3482 1223 3537 arbitretur
1279 3499 1293 3535 :
1328 3495 1449 3533 cum
1487 3494 1586 3534 suo
1622 3480 2011 3535 vocabulorum

416 3597 515 3637 usu
544 3580 714 3635 sancti
740 3575 930 3631 Patres
962 3572 1316 3637 tradiderint,
1346 3573 1412 3626 ad
1447 3575 1623 3627 varias
1677 3575 1899 3628 omnino
1924 3589 2015 3629 res

417 3676 557 3729 hanc
577 3686 763 3726 vocem
786 3668 1024 3725 extendi.
1060 3664 1332 3732 Secundo,
1372 3666 1515 3734 quod
1581 3666 1920 3732 immortale,
1958 3675 2014 3721 et

418 3765 746 3837 impatibile.
777 3771 829 3817 et
860 3758 1270 3829 incorruptibile
1298 3773 1364 3811 ex
1388 3758 1503 3825 ipsa
1530 3760 1777 3814 unitione
1811 3774 2014 3827 corpus

416 3857 618 3914 Christi
650 3854 864 3910 Domini
900 3853 1133 3915 dixerit,
1165 3851 1621 3920 quemadmodum
1676 3860 1725 3905 et
1766 3850 2013 3907 Julianus

418 3964 585 4004 ausus
604 3948 717 4020 (9i)
740 3956 823 4001 est
839 3957 1106 4006 asserere,
1125 3957 1247 3997 cum
1262 3952 1441 3996 tamen
1458 3945 1510 3997 in
1532 3945 1716 3999 eadem
1745 3944 1844 3997 hac
1864 3943 2012 3998 atlir-

420 4053 530 4097 met
556 4038 786 4111 epistola
814 4048 1003 4092 contra
1046 4037 1304 4092 Severum
1330 4035 1666 4091 etJulianum
1690 4077 1705 4100 ,
1730 4037 1872 4090 hunc
1893 4050 1922 4090 a
1953 4051 2013 4092 se

418 4140 731 4199 susceptum
769 4141 891 4182 esse
944 4125 1219 4191 laborem,
1267 4136 1324 4179 ut
1354 4124 1443 4194 qui
1476 4126 1609 4178 duas
1645 4135 1867 4179 naturas
1888 4167 1904 4192 ,
1928 4124 2012 4179 vel

419 4222 757 4279 substantias
805 4220 938 4274 duas
964 4219 1017 4271 in
1045 4218 1260 4274 Christo
1305 4219 1489 4285 dicere
1541 4233 1643 4271 non
1677 4218 2008 4282 sustineant,

419 4331 595 4386 neque
640 4315 774 4369 duas
818 4316 1196 4383 proprietates,
1218 4326 1391 4381 neque
1426 4312 1668 4365 actiones
1699 4310 1853 4363 duas.
1875 4308 2013 4363 Ter-

421 4414 496 4465 tio
525 4411 665 4480 quod
687 4409 877 4464 Adami
907 4423 1104 4477 corpus
1154 4416 1362 4461 asserat
1394 4414 1520 4459 ante
1559 4404 1764 4472 lapsum
1791 4444 1808 4469 ,
1837 4416 2013 4471 neque

2117 3306 2387 3375 ὑπέχοντα
2412 3344 2428 3370 ,
2461 3303 2544 3356 ὃτι
2584 3302 2785 3372 μονοσή
2797 3316 2999 3371 μαντον
3030 3298 3091 3351 τὺ
3124 3298 3225 3368 τῆς
3259 3297 3467 3367 φθορᾶς
3493 3295 3701 3365 ἐξειλη-

2116 3397 2232 3468 φὼς
2273 3397 2445 3466 ὄνομα
2493 3396 2588 3447 ἐπὶ
2639 3395 2807 3464 μόνης
2837 3392 3117 3463 ἁμαρτίας
3166 3392 3338 3445 οῐεται
3382 3390 3697 3453 τάττεσθαι,

2113 3487 2224 3539 τῶν
2255 3487 2425 3554 ἁγίων
2452 3485 2715 3555 Πατέρων
2739 3483 2918 3555 ἡμῶν,
2967 3482 3035 3537 δι’
3075 3476 3152 3536 ὧν
3197 3486 3319 3545 ταῖς
3351 3484 3557 3551 φωναῖς
3589 3483 3699 3534 ἁπ-

2115 3579 2444 3649 εχρήσαντο,
2504 3576 2648 3630 κατὰ
2700 3576 2978 3646 διαφόρων
3032 3576 3378 3645 πραγμάτων
3432 3574 3558 3646 [I79
3603 3572 3696 3646 H.]

2114 3671 2273 3725 τοῦτο
2316 3671 2378 3723 τὸ
2423 3669 2597 3741 ὄνομα
2628 3669 2895 3741 φέρεσθαι
2949 3669 3439 3739 παραδεδωκότων.
3468 3668 3522 3720 B’
3552 3668 3701 3720 ὃτι¹⁸

2114 3761 2389 3816 ἀθάνατον
2416 3762 2515 3815 καὶ
2542 3762 2753 3825 ἀπαθὲς
2804 3761 2900 3814 καὶ
2943 3760 3221 3831 ἄφθαρτον
3267 3760 3326 3826 ἐξ
3392 3760 3565 3830 αὐτῆς
3614 3760 3702 3813 ἐν·

2114 3856 2303 3917 ώσεως
2334 3853 2395 3905 τὸ
2435 3854 2596 3924 σῶμα
2627 3852 2719 3906 τοῦ
2752 3852 2957 3923 Κυρίου
2976 3895 2991 3918 ,
3021 3854 3210 3923 ὥσπερ
3228 3853 3272 3884 ⁸³
3319 3853 3348 3905 ὁ
3391 3851 3700 3918 Ἰουλιανὸς,

2114 3946 2416 4016 ἐτόλμησεν
2467 3943 2877 4015 ἀποφήνασθαι,
2922 3944 3101 3998 καίτοι
3121 3943 3165 3974 ⁸⁰
3204 3942 3607 4011 διατεινόμενος
3640 3942 3699 3992 ἐν

2114 4037 2266 4107 αὑτῷ
2309 4037 2388 4107 τῷ
2419 4038 2710 4107 γράμματι
2741 4036 2881 4090 κατὰ
2916 4035 3159 4106 Σεϐἠρου
3176 4035 3218 4065 ³⁸
3270 4034 3367 4087 καὶ
3408 4031 3699 4087 Ἰουλιανοῦ

2113 4128 2207 4182 τὸν
2245 4128 2488 4181 τοιοῦτον
2548 4126 2697 4197 αὺτῷ
2748 4125 3184 4195 διαπεπονῆσθαι
3229 4125 3411 4188 πόνον,
3464 4124 3560 4177 an;
3606 4122 3698 4177 δύο

2115 4220 2361 4292 φύσειςῆ
2392 4220 2488 4273 δύο
2519 4220 2710 4283 οὐσίας
2741 4219 2837 4271 ἐπὶ
2863 4217 3103 4287 Χριστοῦ
3134 4219 3310 4272 εἰπεῖν
3342 4217 3572 4270 ἐκείνων
3600 4216 3698 4269 οὐκ

2113 4311 2483 4381 ἀνεχομένων,
2516 4310 2637 4363 οὐδὲ
2666 4310 2760 4364 δύο
2795 4309 3091 4379 ἰδιότητας,
3120 4309 3240 4362 οὐδὲ
3271 4307 3367 4361 δύο
3400 4306 3689 4380 ἐνεργείας.

2115 4403 2169 4456 Γ¹
2195 4403 2278 4455 ὅτι
2306 4403 2414 4473 πρὸ
2438 4402 2535 4471 τῆς
2566 4402 2939 4471 παραϐάσεως
2967 4401 3029 4453 τὸ
3051 4400 3145 4454 τοῦ
3177 4401 3352 4470 Ἀδὰμ
3385 4400 3547 4468 σῶμα
3578 4397 3689 4451 οὗτε

422 4503 623 4575 ιο5ὸ
657 4501 890 4557 mortale
908 4504 1031 4555 esse
1057 4502 1355 4561 conditum,
1389 4512 1563 4567 neque
1595 4507 1784 4565 suapte
1817 4506 2009 4549 natura

2116 4495 2307 4565 θνητὸν
2337 4495 2489 4562 λέγει
2542 4494 2944 4548 διαπεπλάσθαι
2975 4492 3099 4546 οὔτε
3136 4493 3375 4563 φθαρτὸν
3405 4493 3589 4563 φύσει,
3628 4489 3690 4544 ἶν’

419 4598 805 4666 corruptibile,
840 4606 899 4649 ut
936 4594 1190 4648 nimirum
1221 4606 1285 4647 ex
1322 4592 1443 4655 hoc,
1468 4605 1565 4659 pro
1598 4590 1770 4657 ipsius
1796 4588 2003 4656 opitth-

418 4700 491 4741 ne
514 4725 529 4751 ,
564 4687 693 4740 illud
726 4687 851 4739 item
886 4693 1243 4753 sequeretur,
1297 4680 1574 4735 Christum
1606 4680 1887 4733 Dominum
1937 4694 2004 4732 ex

420 4782 535 4849 ipsa
563 4778 949 4851 conjunctione
982 4774 1394 4846 incorruptibile
1433 4788 1631 4843 corpus
1654 4813 1671 4840 ,
1708 4785 1871 4841 atque
1903 4773 2003 4826 im-

2114 4590 2181 4642 ὲκ
2213 4588 2405 4641 τούτου
2451 4587 2574 4641 καθ’
2602 4587 2721 4640 ὁδὸν
2750 4585 2960 4656 αὐτῷ³²
2994 4587 3222 4659 χωρήσῃ
3251 4586 3312 4638 τὸ
3338 4587 3434 4639 καὶ
3458 4587 3549 4639 τὸν
3576 4586 3699 4656 Χρι-

2116 4679 2242 4732 στὸν
2277 4679 2336 4742 ἐξ
2362 4679 2535 4748 αὐτῆς
2571 4679 2819 4741 ἐνώσεως
2854 4679 3015 4747 σῶμα
3046 4677 3325 4747 ἄφθαρτον
3355 4677 3700 4749 ἀνειληφέναι

2113 4773 2207 4824 καὶ
2254 4772 2489 4836 ἀπαθὲς,
2545 4771 2663 4824 δέον
2719 4770 2812 4823 καὶ
2869 4774 3012 4824 νοεῖν
3058 4772 3155 4824 καὶ
3188 4771 3369 4840 λέγειν
3408 4771 3485 4834 ὡς
3514 4772 3575 4824 τὸ
3606 4766 3699 4822 τοῦ

1711 4932 1949 4989 VARUE
2000 4933 2408 4990 LECTIONES.

491 5060 534 5090 ³⁵
566 5054 775 5126 ἑτέροις
804 5071 867 5126 ς,
945 5050 993 5126 ’ξ
1007 5049 1198 5126 -ροπὴν
1226 5048 1322 5126 καὶ
1353 5047 1536 5101 ἱκανὸν
1564 5064 1641 5126 g‘.‘
1704 5042 1850 5126 “ﬁt:
1886 5048 1979 5126 A_:.
1999 5040 2153 5126 citro;
2178 5044 2333 5126 ᾖν-ς.
2369 5120 2380 5126 _
2411 5048 2456 5079 ³⁸
2479 5046 2585 5117 ὅτι]
2619 5046 2919 5126 cf:_Stt_ida§
2941 5062 2992 5102 ν.
3026 5045 3317 5110 Ἰουλιανὸς
3350 5044 3703 5117 Ἀλικαρνασ“

421 5129 565 5193 σεύς.
660 5118 712 5158 ’²⁹
741 5118 931 5195 κυρίου
969 5118 1185 5188 ἐξεῖπεν
1216 5118 1406 5189 ὥσπερ
1434 5136 1495 5184 ς.

1598 5118 1642 5150 ³ο
1672 5118 1851 5172 καίτοι
1879 5120 2005 5173 add.
2034 5120 2101 5173 Α.
2178 5120 2219 5152 ³¹
2250 5120 2491 5191 Σευήρου
2534 5135 2596 5182 ς.
2674 5118 2718 5149 ³²
2746 5118 2912 5171 αὐτοῦ
2940 5136 3002 5183 ς.

1920 5254 2163 5311 NOTAE.

491 5378 1047 5460 (86)j_'lfhessalgnicaa
1066 5415 1083 5444 ,
1108 5382 1171 5433 ut
1196 5384 1250 5431 te
1274 5373 1492 5429 docebit
1516 5371 1581 5426 B.
1612 5372 1839 5442 Gregor.
1860 5370 2006 5441 Mag.

418 5451 925 5531 ειιεςιςβιμιιυτθ.
1038 5517 1053 5531 _
1105 5517 1139 5531 η
1184 5516 1224 5531 ἢ
1304 5516 1315 5531 ι
1396 5530 1399 5531 ν
1464 5513 1533 5531 ἢν
1632 5529 1642 5531 Α

493 5510 963 5599 ι37)διοιιιιοιιιιιιι
988 5517 1076 5575 ad.
1105 5517 1164 5573 8.
1184 5516 1410 5572 Paulum
1464 5513 1768 5581 Romze,ut
1818 5511 1889 5567 ibi
1941 5510 2005 5564 B.

417 5601 579 5667 Greg.

2115 5370 2356 5425 nescium
2391 5370 2709 5439 appellatB.
2746 5370 2910 5439 Greg.
2947 5386 3065 5439 sup.

2189 5441 2346 5565 (-90:
2394 5443 2557 5507 Quasi
2589 5442 2740 5522 dicas
2773 5438 3184 5520 incorruptionis
3241 5450 3550 5495 assertores.
3623 5438 3698 5492 De

2194 5513 2311 5565 Ibus
2350 5514 2588 5565 etzendus
2613 5511 2842 5565 Niceuh.
2872 5510 2971 5564 ltb.
3002 5526 3111 5565 xvu
3135 5527 3295 5565 .cab.
3326 5511 3416 5564 29.

2113 5513 2311 5580 quibus
2330 5510 2378 5565 le
2416 5514 2588 5568 endus
2613 5511 2842 5579 Niceph.
2872 5510 2971 5564 lib.
3002 5526 3111 5565 xvu
3135 5527 3295 5579 ,cap.
3326 5511 3416 5564 29.

2185 5582 2283 5636 (91
2318 5585 2335 5636 l
2381 5530 2568 5636 Enisc.
2617 5582 3152 5636 Halicarnassensis.
3189 5582 3279 5636 nui
3320 5597 3416 5634 cun

2185 5582 2335 5651 (9i)
2387 5579 2568 5651 Episc.
2617 5582 3152 5647 Halicarnassensis,
3189 5582 3279 5651 qui
3320 5596 3443 5634 cum
3495 5579 3697 5634 Severo

492 5651 605 5739 (ἃ)
634 5664 796 5733 Quasi
810 5660 1264 5739 justalegendum
1287 5660 1546 5739 scriptum
1570 5655 1747 5738 dicas,
1769 5651 1917 5739 quod
1939 5668 2007 5707 ex
2110 5651 2551 5735 Chalcedonense
2584 5653 2871 5739 concilium
2905 5654 3203 5739 przcdicare
3224 5653 3474 5739 abnuens
3495 5690 3510 5715 ,
3534 5668 3564 5704 a
3603 5651 3696 5732 Ju-

421 5725 636 5794 ὤθει-ἑο
653 5725 734 5787 ἐι
772 5725 1098 5787 altrinsecus
1124 5746 1244 5784 cum
1272 5730 1500 5783 aliorum
1525 5727 1748 5795 scriptis
1769 5725 1999 5793 legatur,

423 5819 480 5863 ut
511 5825 572 5862 ea
603 5810 741 5860 inter
778 5818 840 5857 se
865 5812 1279 5869 componantur.

497 5876 601 5950 (89
629 5876 648 5948 )
688 5866 1005 5944 imperitum
1033 5872 1331 5928 litterarum
1354 5912 1367 5937 ,
1399 5881 1452 5927 et
1486 5867 1681 5926 divinae
1709 5866 2004 5936 Scriptura:

2111 5724 2345 5777 stiniano
2382 5726 2505 5792 imp.
2547 5726 2675 5779 sede
2710 5723 2895 5791 pulsus
2948 5731 3066 5790 est,
3097 5734 3155 5777 ut
3214 5722 3287 5777 ait
3312 5720 3595 5777 Liberatus
3642 5721 3697 5773 in

2109 5793 2416 5859 Bt'eviario,
2471 5810 2590 5864 cap.
2622 5793 2709 5849 19.
