4062 6498
266 376 377 442 453

1404 354 1927 416 BIBLIOTHECA.
1970 351 2133 412 COD.
2186 347 2417 411 CLXII.

3438 344 3543 409 454

282 482 463 551 Ἀδὰμ
491 476 652 547 σῶμα
686 470 878 542 θνητὸν
903 464 974 541 ἦν
1010 468 1171 539 φύσει
1206 466 1303 521 καὶ
1345 464 1612 536 παθητὸν,
1648 463 1772 533 θεία
1798 462 1856 515 δὲ

1977 458 2186 528 patibile
2220 456 2599 526 assumpsisse.
2634 456 2735 513 Ubi
2806 455 3148 512 sentiendum
3184 456 3285 526 ipsi
3336 457 3543 511 fuerat.

270 577 459 647 χάριτι
491 569 761 623 ἀθάνατον
811 561 1196 632 διεφυλάττετο
1243 557 1341 610 καὶ
1390 554 1625 647 ἀπαθὲς,
1662 554 1856 625 μέχρις

273 645 339 722 ὃν
368 661 505 718 αὐτὸ
534 661 570 730 ἡ
622 654 938 727 παράϐασις
984 653 1085 721 τῆς
1133 648 1385 720 φυλακῆς
1421 645 1852 715 ἀπεγύμνωσεν.

276 758 419 812 οὕτω
480 753 592 823 γὰρ
656 750 753 802 καὶ
804 749 833 800 ό
876 746 985 798 τῶν
1033 743 1207 813 ἁγίων
1263 740 1423 811 χορὸς
1472 738 1855 807 ἀποφαίνεται.

355 809 443 904 δτι
467 809 573 899 τὸν⁸
588 841 836 910 παρόντα
866 809 1376 908 κόσμοννᾶφθαρτον
1425 831 1521 885 καὶ
1554 829 1861 899 ἀνώλεθρον

286 946 453 1011 λέγει,
478 939 600 993 δέον
630 935 837 987 εἰδέναι
881 933 963 984 ὅτι
1002 928 1242 999 φθαρτός
1278 928 1396 979 ἐστι
1430 924 1525 977 καὶ
1550 921 1860 1011 ἀλλοιωτός.

298 1009 411 1091 ιω
430 1032 472 1064 ³³
522 1028 683 1096 ἕτερα
716 1023 775 1075 δὲ
826 1023 925 1074 σὺν
980 1019 1191 1081 τούτοις
1236 1016 1509 1083 κεφάλαια
1562 1013 1705 1065 κατὰ
1760 1009 1863 1080 τὴν

310 1125 524 1199 πρώτην
550 1115 883 1185 ἀντιγραφὴν
910 1115 938 1165 ὁ
966 1112 1286 1199 ἐπίσκοπος,
1309 1108 1375 1160 τὰ
1399 1105 1497 1176 μὲν
1509 1102 1772 1199 ⁸ὀισαξρίῖίς]
1797 1099 1867 1152 τὰ

318 1192 375 1272 δέ
405 1217 446 1248 ³⁵
486 1192 813 1282 βλασφήμως
868 1200 1178 1268 ἀπελέγξας
1234 1197 1451 1269 έχοντα,
1504 1192 1865 1265 διορθωθῆναι

328 1303 723 1378 παρηγγυήσατο
741 1296 789 1327 ³⁸
821 1293 913 1348 τὸν
952 1290 1231 1363 Ἀνδρέαν.

382 1562 497 1635 [545
529 1557 626 1629 8.]
667 1556 727 1611 Ὀ
755 1554 813 1608 δὲ
865 1552 1159 1620 δεξάμενος
1193 1547 1291 1618 τὴν
1336 1547 1429 1600 ἐπὶ
1479 1547 1543 1616 τῇ
1589 1541 1871 1614 διορθώσει

318 1652 621 1723 παραίνεσιν
673 1647 767 1699 ἐπὶ
818 1644 879 1698 τὸ
929 1644 1110 1713 χεῖρον
1161 1639 1420 1695 ἀπέκλινε
1449 1677 1464 1702 ,
1518 1636 1614 1689 καὶ⁷
1668 1635 1873 1705 βιϐλίον

309 1747 546 1815 δεύτερον
594 1737 919 1803 συνέταξεν,
964 1737 1024 1788 ὲν
1057 1728 1101 1803 ᾧ
1140 1734 1236 1785 καὶ
1282 1731 1353 1785 τὰ
1403 1728 1873 1800 προγεγραμμένα

1964 560 2129 620 atque
2178 549 2468 603 dicendum
2511 548 2705 603 Adami
2740 562 2935 618 corpus
2954 548 3181 602 mortale
3210 547 3425 617 quidem
3445 561 3548 600 na-

1965 651 2086 696 tura
2128 656 2226 696 sua
2264 639 2467 706 fuisse,
2503 654 2569 694 ac
2616 638 2876 709 patibile,
2908 653 3096 694 verum
3141 638 3321 693 divina
3373 639 3550 708 gratia

1964 731 2271 788 immortale
2306 741 2468 800 atque
2496 731 2565 783 im
2582 732 2800 800 patiltile
2832 731 3180 795 custoditum,
3217 731 3388 783 donec
3424 742 3547 783 eum

1965 824 2341 895 praevaricatio
2362 825 2606 878 custodia
2640 824 2731 877 illa
2772 820 3025 893 pﬁvavit.
3056 822 3183 877 Haec
3240 822 3383 874 enim
3418 835 3551 874 con-

1965 930 2091 969 cors
2126 925 2213 969 est
2232 924 2544 970 sanctorum
2581 912 2798 967 Patrum
2818 915 3104 968 sententia.
3136 913 3372 979 Quarto,
3406 912 3548 980 quod

1970 1007 2114 1062 hunc
2143 1008 2400 1061 mundum
2443 1006 2929 1076 incorruptibilem,
2963 1006 3324 1072 interitusque
3352 1018 3551 1073 exper-

1971 1108 2078 1153 tem
2116 1108 2359 1166 asserat,
2402 1114 2523 1153 cum
2561 1098 2858 1152 tenendum
2895 1098 2965 1152 sit
2998 1096 3407 1165 corruptibilem
3427 1110 3549 1147 eum

1973 1207 2118 1257 esse,
2164 1202 2326 1261 atque
2377 1192 2710 1246 mutabilem.
2746 1189 2903 1243 Plura
2931 1189 2982 1243 id
3014 1204 3182 1259 genus
3210 1187 3312 1240 alia
3344 1187 3553 1255 capita,

1974 1284 2152 1352 prima
2184 1284 2285 1337 hac
2311 1283 2665 1352 reSponsione
2694 1281 2975 1350 episcopus
2994 1320 3009 1345 ,
3046 1279 3240 1349 partim
3290 1279 3517 1332 obscure
3538 1318 3555 1343 ,

1976 1375 2171 1445 partim
2200 1375 2512 1443 blaspheme
2540 1374 3133 1443 dictalreprehendeus,
3154 1372 3426 1441 corrigere
3444 1372 3559 1424 haec

1978 1469 2165 1521 eadem
2199 1467 2469 1519 Andream
2510 1466 2822 1519 cohortatus
2852 1474 2957 1518 est.

2058 1554 2248 1608 Verum
2290 1555 2397 1617 ille,
2428 1564 2647 1623 accepta
2681 1554 2744 1607 de
2784 1550 3138 1607 emendandis
3165 1551 3277 1603 suis
3308 1550 3558 1604 admoni-

1982 1647 2146 1709 tione,
2184 1647 2235 1698 iu
2290 1646 2565 1699 sinistram
2599 1645 2899 1708 inclinavit,
2931 1656 2984 1697 et
3027 1643 3295 1695 deteriora
3330 1641 3562 1705 arripuit

1982 1740 2114 1809 (92).
2142 1739 2384 1792 Alterum
2408 1738 2548 1791 enim
2578 1751 2699 1790 mox
2734 1736 2929 1790 librum
2955 1736 3193 1805 scripsit,
3217 1749 3324 1802 quo
3352 1732 3562 1801 planius

305 1838 445 1911 αὖτῷ
464 1839 511 1869 ³⁸
537 1833 873 1903 πλατύτερον
899 1828 996 1882 καὶ
1026 1827 1123 1898 (ὡς
1156 1826 1350 1894 οἴεται)
1381 1824 1447 1877 δι’
1477 1821 1808 1887 ἀποδείξεων
1833 1819 1872 1849 ³⁷

1983 1848 2047 1887 ea
2097 1847 2219 1899 quae
2248 1831 2398 1900 prius
2434 1838 2760 1895 asseruerat,
2786 1838 2841 1883 et
2879 1836 2958 1891 (ut
2988 1826 3303 1896 arbitratur)
3342 1826 3564 1879 demon-

301 1932 614 2001 συγκροτεῖ.
638 1925 777 1981 Καθ’
812 1920 873 1977 οὗ
898 1921 964 1993 δὴ
992 1920 1089 1976 καὶ
1112 1919 1211 1990 τὴν
1246 1916 1546 1986 εἰρημένην
1582 1914 1875 1980 δεκὰλογον

296 2025 322 2076 ό
349 2021 589 2091 εὐσεϐὴς
619 2015 876 2075 Εὐσέϐιος
909 2012 1216 2077 συντάττει,
1264 2011 1331 2062 δι’
1363 2004 1432 2080 ἦς
1461 2008 1674 2077 ἐλέγχει
1698 2007 1742 2038 ³⁸
1777 2005 1875 2076 μὲν

294 2114 462 2167 αὐτὸν
494 2112 570 2175 ὡς
602 2109 676 2181 μὴ
707 2105 1005 2178 ἁρεσθέντα
1035 2108 1116 2174 τῷ
1150 2103 1249 2171 τῆς
1291 2102 1529 2165 πίστεως
1562 2101 1693 2170 ὅρῳ,
1723 2098 1782 2150 ὃν
1822 2098 1879 2151 αι

292 2207 449 2273 ᾶγιαι
517 2201 763 2267 ἐξέθεντο
812 2197 1055 2261 σύνοδοι,
1112 2194 1249 2248 ἰδίαν
1295 2186 1377 2246 δέ’
1408 2209 1531 2246 τινα
1590 2189 1882 2261 τολμηρῶς

290 2295 712 2365 συνταξάμενον
767 2290 981 2345 ἔκθεσιν
1032 2288 1306 2348 πίστεως⁸
1365 2282 1484 2339 εἶτα
1535 2285 1593 2339 δὲ
1648 2284 1744 2337 καὶ
1799 2284 1882 2337 ὅτι

288 2390 478 2444 πολλὰ
509 2389 618 2441 τῶν
662 2386 833 2455 ἁγίων
853 2385 897 2417 ³⁹
948 2380 1345 2451 ἀποσπαράξας
1384 2379 1525 2449 ῥητὰ
1575 2379 1671 2431 καὶ
1702 2394 1883 2447 παρα-

286 2478 676 2547 ωιησάμενος
720 2474 799 2537 εἰς
842 2472 943 2543 τὴν
997 2472 1134 2525 ἰδίαν
1179 2468 1448 2541 ὑπόληψιν
1480 2467 1883 2533 ἑξεϐιάσατοδθ,

286 2572 403 2623 καὶ
431 2571 517 2622 ὅτι
551 2565 891 2620 ὲναντιοῦται
936 2566 1001 2634 τῇ
1034 2580 1095 2615 τε
1132 2562 1228 2632 νέᾳ
1268 2563 1361 2614 καί
1390 2559 1655 2630 ’παλαιᾷΜ
1692 2560 1885 2631 Γραφῇ

287 2661 407 2715 καλ
433 2662 551 2720 τοῖς
596 2657 772 2725 ἁγίοις
806 2654 963 2727 ἡμῶν
1012 2653 1292 2723 Πατρὰσιν
1335 2651 1614 2722 ἄφθαρτον
1648 2651 1740 2703 καὶ
1795 2651 1889 2703 ἁν-

286 2752 549 2822 ὠλεθρον
578 2749 671 2803 τὸν
704 2748 907 2817 κόσμον
935 2744 1330 2811 δοξάζων.¹Ἐτι
1352 2742 1409 2794 δὲ
1437 2743 1533 2793 καὶ
1559 2743 1641 2795 ὅτι
1668 2740 1767 2810 τὴν
1790 2739 1888 2792 ὰλο

1978 1925 2242 1980 stratione
2292 1925 2524 1991 quadam
2573 1923 2789 1976 astruit.
2824 1923 2879 1976 lu
2930 1938 3088 1990 quem
3142 1922 3336 1975 librttm
3377 1921 3563 1975 decem

1980 2019 2105 2082 bos,
2164 2018 2240 2070 uti
2285 2017 2550 2081 diximus,
2606 2017 2726 2084 pius
2771 2015 2860 2069 ille
2886 2013 3150 2068 Eusebius
3195 2013 3564 2081 conscripsit:

1981 2110 2178 2179 quibus
2228 2109 2418 2177 probat
2450 2109 2623 2177 ipsum
2676 2122 2780 2159 non
2812 2114 3127 2159 contentum
3161 2104 3268 2158 illis
3304 2104 3425 2157 ﬁdei
3458 2113 3567 2158 ter—

1984 2203 2165 2262 minis,
2200 2217 2337 2271 quos
2383 2216 2539 2255 sacra
2582 2200 2814 2255 concilia
2856 2200 3195 2263 statuissent,
3240 2197 3567 2267 peculiarem

1985 2292 2269 2360 quamdam
2298 2291 2419 2345 ﬁdei
2459 2291 2851 2359 expositionem
2880 2291 3138 2344 audacter
3163 2290 3567 2358 composuisse:

1987 2383 2152 2436 multa
2206 2398 2421 2451 quoque
2482 2392 2796 2437 sanctorum
2853 2381 3075 2436 Patrum
3130 2383 3267 2435 dicta
3320 2382 3573 2449 decerpta

1989 2484 2152 2542 atque
2185 2474 2507 2539 adulterata,
2548 2475 2598 2527 vi
2640 2476 2691 2528 in
2727 2489 2878 2529 suam
2906 2475 3199 2529 delorsisse
3228 2474 3573 2528 sententiam.

1992 2562 2171 2618 Veteri
2196 2566 2262 2616 ad
2287 2564 2417 2628 haec,
2439 2575 2493 2618 et
2516 2563 2663 2618 Novo
2692 2563 3059 2630 Testamento,
3084 2566 3290 2619 sanctis
3316 2562 3571 2617 Patribus

1991 2669 2113 2709 eum
2162 2656 2457 2718 adversari,
2513 2657 2639 2709 dum
2671 2656 3137 2725 incorruptibilem
3191 2665 3247 2711 et
3298 2662 3575 2725 expertem

1994 2746 2244 2803 interitus
2299 2748 2556 2800 mundum
2623 2748 2837 2802 asserit.
2894 2747 3248 2802 Mutationem
3318 2757 3574 2817 praetcrea

285 2844 531 2897 λοίωσιν
560 2840 655 2893 καὶ
683 2838 1165 2907 μεταστοιχείωσιν
1217 2834 1313 2887 καὶ
1344 2833 1528 2904 ρεὖσιν
1564 2831 1872 2900 εὐδιάϐλητε

1994 2837 2168 2901 illum,
2200 2830 2753 2905 transformationem,
2784 2855 2850 2895 ac
2880 2840 3106 2904 ﬂuxum,
3139 2840 3580 2911 reprehendenda

288 2930 455 2987 εἶναι
482 2931 634 2999 λέγει
666 2928 856 2997 ῶσπερ
888 2927 958 2981 τὰ
986 2926 1095 2980 ἀπὸ
1134 2924 1333 2986 κακίας
1361 2922 1507 2994 πάθη
1532 2964 1545 2986 ,
1578 2922 1674 2978 καὶ
1702 2920 1769 2993 δὴ
1798 2921 1872 2974 κα

1995 2944 2115 2985 esse
2145 2930 2345 2997 dicere,
2372 2946 2476 2984 non
2510 2931 2689 2986 minus
2714 2947 2876 3000 quam
2907 2932 3011 2986 illa:
3040 2947 3161 3001 qua:
3186 2946 3253 2986 ex
3287 2931 3584 2987 vitiositate

288 3026 405 3079 διὰ
446 3022 610 3077 τοῦτο
639 3020 730 3074 τὸν
748 3021 794 3052 δ’
828 3017 1038 3090 Κύριον
1090 3016 1251 3087 ἡμῶν
1290 3014 1498 3086 Ἰησοῦν
1529 3013 1766 3083 Χριστὸν
1796 3013 1872 3065 ἀν·

1998 3030 2177 3075 crtum
2204 3022 2405 3075 habent
2439 3022 2812 3090 perpessiones
2845 3038 2951 3089 ;ac
2986 3023 3262 3077 Christum
3301 3032 3585 3093 propterea

291 3115 610 3171 αλλοίωτον
640 3113 736 3167 καὶ
773 3110 984 3172 ἀπαθὲς
1017 3108 1113 3161 καὶ
1163 3107 1438 3176 ἄφθαρτον
1468 3106 1562 3158 καὶ
1594 3105 1872 3176 ἇρρευστο·

2005 3108 2288 3163 Dominum
2323 3120 2565 3164 nostrum
2625 3110 2958 3167 immutabile
3011 3129 3226 3182 corpus,
3275 3123 3435 3182 atque
3482 3115 3589 3167 im-

292 3168 611 3262 εἷιναλαδεῖν
642 3203 823 3274 σῶμα.
842 3168 1144 3253 Καὶ-πάλιν
1174 3168 1399 3251 είπόντα
1431 3168 1699 3264 διελέγγεί
1730 3193 1872 3247 ἁῖδιο

2005 3202 2245 3271 patibile.
2276 3212 2331 3256 et
2358 3203 2755 3271 incorruptum,
2794 3205 3121 3274 minimeque
3146 3206 3343 3259 [luxum
3371 3221 3585 3260 assum-

294 3301 415 3355 καὶ
444 3299 727 3367 ἄφθαρτον
778 3294 875 3348 καὶ
928 3293 1196 3363 ἀγένητον
1228 3292 1319 3344 τὸν
1349 3290 1574 3359 κόσμον,
1602 3289 1702 3356 τὴν
1728 3287 1783 3340 δὲ
1814 3287 1872 3340 λε

2010 3294 2201 3365 psisse.
2240 3293 2476 3350 Rursum
2508 3306 2688 3350 autem
2730 3310 2852 3351 cum
2884 3300 3247 3365 reprehendit.
3285 3301 3411 3353 dum
3444 3297 3593 3353 aﬂir—

296 3393 565 3464 γομένην
599 3388 736 3459 πρὸς
766 3386 827 3439 τὺ
856 3385 1029 3439 ἀΐδιον
1075 3383 1242 3438 αὐτοῦ
1291 3380 1778 3454 μεταστοιχείωσιν
1827 3395 1872 3450 με

2011 3393 2125 3438 mat
2155 3385 2411 3438 mundum
2446 3384 2587 3439 hunc
2613 3396 2873 3441 eternum
2914 3402 3053 3454 esse,
3079 3398 3135 3442 et
3165 3390 3587 3459 iugenerabilem

302 3480 774 3553 παραδεχόμενον
798 3516 813 3542 ,
857 3476 953 3529 ἅτε
984 3475 1080 3529 καὶ
1122 3473 1296 3543 αὐτῆς
1329 3472 1440 3525 τῶν
1469 3471 1872 3539 εύδιαὸλήτων¹

2013 3487 2177 3545 atque
2224 3476 2689 3545 incorruptibilem
2730 3493 2746 3544 ;
2779 3494 2957 3547 neque
2989 3490 3165 3536 tamen
3197 3481 3587 3537 elementorum

311 3576 522 3631 παθῶν
543 3573 672 3644 παρ’
697 3570 846 3641 αὐτῷ
872 3566 1355 3638 δογματιζομένης.
1376 3566 1487 3619 Καὶ
1516 3565 1597 3618 ὅτι
1624 3562 1718 3616 τοῦ
1735 3562 1872 3630 Ἀδὰ]

2014 3568 2157 3622 illam
2189 3570 2691 3625 transmutationem
2730 3572 2942 3643 recipit,
2974 3589 3093 3641 quae
3135 3575 3202 3628 ad
3234 3575 3588 3630 aeternitatem

316 3667 613 3737 ἄφθαρτον
667 3664 763 3718 καὶ
816 3660 1085 3715 ἀθάνατον
1133 3658 1273 3712 κατὰ
1319 3656 1481 3727 φύσιν
1542 3655 1638 3709 καὶ
1696 3655 1872 3709 ἀπαθὲ

2015 3660 2159 3714 illius
2182 3660 2617 3715 constituendam
2641 3662 2882 3729 affertur,
2910 3674 3091 3732 utpote
3111 3668 3254 3734 quod
3280 3666 3393 3720 haec
3426 3668 3591 3721 etiam

318 3756 727 3826 διαπλασθῆναι
770 3753 919 3821 λέγει
949 3751 1010 3804 τὸ
1059 3750 1242 3821 σῶμα,
1296 3749 1392 3802 καὶ
1438 3748 1498 3801 ού
1533 3746 1690 3800 τοῦτο
1725 3746 1872 3817 μόνοι

2016 3751 2157 3806 inter
2196 3750 2314 3806 illas
2368 3753 2646 3820 passiones
2669 3754 2773 3819 sit,
2802 3770 2937 3824 quas
2984 3758 3437 3825 reprehensibiles
3490 3760 3592 3815 illae

329 3852 440 3908 ἀλλ’
494 3851 580 3904 ὅτι
622 3848 735 3929 καὶη
772 3846 933 3909 αὐτὸς
978 3846 1008 3899 ὁ
1053 3843 1183 3915 χοῦς
1231 3842 1509 3912 ἄφθαρτος
1537 3836 1625 3913 ἦν,
1663 3840 1720 3906 ἐξ
1759 3832 1821 3893 οὗ
1847 3857 1872 3892 τ

2015 3859 2137 3899 esse
2161 3853 2309 3900 certo
2343 3846 2516 3900 docet.
2558 3848 2759 3902 Deinde
2791 3852 2931 3919 quod
2970 3851 3235 3905 Adamum
3280 3853 3596 3922 incorrupto

340 3944 496 4013 σῶμα.
524 3938 850 4009 διεπλὰσθη.
882 3937 1053 3990 Πάλιν
1083 3935 1299 4004 ἐλέγχει
1347 3932 1511 3985 αὐτὸν
1561 3931 1872 4001 μονοσήμαν

2016 3946 2071 3990 et
2109 3935 2403 3990 immortali
2458 3948 2648 4006 suapte
2691 3942 2763 4003 vi,
2797 3949 2851 3995 et
2884 3942 3163 4011 itnpatibili
3208 3959 3443 4014 corpore
3482 3946 3594 4000 elli-

335 4052 430 4088 τον
460 4036 520 4087 τὸ
534 4032 647 4101 ἐνῆς
684 4026 910 4100 φθορᾶς
936 4028 1105 4097 ὄνομα
1135 4023 1478 4097 ἐξειληφότα,
1504 4024 1561 4074 ὲν
1593 4016 1637 4091 ᾧ
1670 4023 1763 4075 καὶ
1799 4021 1872 4074 δεὲ

2016 4036 2162 4081 ctum
2216 4027 2413 4082 dicat:
2468 4029 2567 4082 hoc
2619 4032 2849 4099 amplius
2897 4033 3115 4098 addito,
3165 4034 3338 4103 ipsum
3383 4051 3597 4106 queque

333 4143 527 4181 κνυσιν
560 4126 643 4178 ὅτι
665 4122 789 4177 οὔτε
834 4119 1042 4190 φθορᾶς
1069 4116 1193 4172 οὔτε
1220 4116 1452 4171 θανάτου
1485 4114 1607 4168 οὔτε
1633 4113 1728 4166 τοῦ
1767 4130 1869 4166 κατ

2021 4124 2179 4171 terrae
2205 4117 2397 4182 lutum,
2438 4135 2505 4174 ex
2537 4134 2644 4189 quo
2676 4121 2961 4176 formatum
3006 4140 3204 4193 corpus
3234 4136 3370 4195 erat,
3405 4144 3597 4183 corru-

324 4218 532 4273 κακίαν
578 4215 788 4277 πάθους
812 4252 828 4278 ,
873 4210 991 4265 ἀλλ’
1034 4209 1155 4263 οὐδὲ
1185 4208 1294 4261 τῶν
1322 4203 1718 4277 ἁμαρτητικῶν
1752 4204 1872 4271 λογι

2018 4207 2220 4275 ptionis
2257 4225 2451 4278 expers
2496 4211 2684 4267 fuisse.
2718 4212 3084 4281 Reprehendit
3122 4218 3369 4271 eumdem
3400 4220 3597 4274 iterum

329 4312 492 4382 σμῶν
537 4306 749 4369 οὐδενὸς
798 4304 1006 4357 τούτων
1040 4299 1374 4371 δημιουργὸς
1434 4297 1670 4367 ὑπάρχει
1703 4298 1731 4349 ὁ
1758 4294 1872 4357 Θεὸς

2020 4296 2162 4364 quod
2198 4300 2553 4367 corruptionis
2610 4302 2891 4369 vocabulo,
2923 4305 3133 4358 unicam
3172 4306 3435 4362 duntaxat
3470 4312 3605 4364 sub-

328 4401 382 4452 εἰ
416 4397 521 4451 καὶ
542 4395 650 4448 τῶν
684 4391 942 4464 φθαρτῶν
990 4390 1086 4443 καὶ
1110 4389 1217 4441 τῶν
1234 4387 1281 4419 ⁸⁸
1313 4385 1522 4457 θνητῶν
1555 4384 1753 4438 οὐσιῶν
1780 4383 1872 4438 καε

2020 4403 2141 4444 esse
2194 4393 2468 4446 notionem
2504 4397 2819 4449 asseruerit.
2856 4395 2955 4451 Ubi
3006 4399 3169 4452 etiam
3208 4399 3335 4455 illud
3376 4401 3603 4456 demon-

332 4493 542 4560 έστηκε
583 4483 948 4555 δημιουργόςο
998 4481 1183 4533 ἐκεῖνα
1213 4478 1323 4548 γὰρ
1364 4476 1492 4550 [180
1540 4474 1633 4548 Η.]
1666 4476 1777 4528 τῶν
1823 4476 1872 4529 ἀι

1977 4553 1990 4560 _
2022 4488 2183 4544 strat,
2239 4496 2412 4550 neque
2469 4485 2853 4554 corruptionis,
2910 4486 3070 4557 106
3115 4504 3147 4540 a
3193 4504 3365 4555 neque
3413 4493 3604 4545 mortis

334 4553 699 4651 und-puteis"
732 4553 851 4629 ἐστὶ
880 4572 979 4628 καὶ
1010 4570 1132 4625 καθ’
1177 4570 1347 4623 ἑαυτὰ
1388 4569 1463 4638 μὴ
1511 4568 1745 4639 ἐχόντων
1784 4567 1872 4619 ὑπι

1977 4553 2000 4610 )
2029 4586 2204 4640 neque
2230 4572 2436 4627 vitiosae
2463 4574 2692 4641 alicujus
2727 4553 3012 4642 passionis,
3030 4553 3140 4633 sed
3177 4553 3353 4649 neque
3378 4582 3603 4649 culpan-

338 4687 557 4725 στασιν.
589 4666 710 4720 Ἔτι
750 4664 811 4719 δὲ
838 4663 1105 4739 διελέγχει
1139 4660 1302 4714 αὑτὸν
1350 4660 1412 4712 τὸ
1464 4658 1729 4726 κυριακὸν
1760 4658 1872 4729 σῶμ

2027 4661 2219 4717 darum
2273 4664 2488 4733 quidem
2530 4669 2912 4735 cogitationum
2940 4682 3213 4725 auctorem
3260 4688 3380 4729 esse
3415 4674 3605 4741 Deum,

339 4764 406 4827 ἐξ
435 4760 612 4829 αὐτῆς
655 4757 903 4818 ἐνώσεως
957 4754 1171 4816 ἀπαθὲς
1204 4754 1299 4806 καὶ
1334 4750 1613 4821 ἄφθαρτον
1640 4751 1733 4803 καὶ
1761 4750 1872 4805 ἀ.ναί

2029 4756 2240 4807 tametsi
2280 4757 2709 4825 corruptibilium
2748 4774 2812 4813 ac
2846 4761 3151 4815 mortalium
3176 4766 3606 4823 substantiarum

340 4854 568 4907 λοίωτον
596 4849 1033 4918 ἀποφαινόμενον
1055 4862 1068 4878 ·
1099 4846 1238 4913 ὅπερ
1278 4842 1367 4896 ἶνα
1394 4843 1658 4915 συστήσῃ,
1699 4842 1776 4905 ὡς
1808 4845 1872 4895 ὲν‹

2028 4854 2217 4897 auctor
2245 4836 2473 4899 exsistat
2502 4865 2517 4902 :
2566 4851 2708 4917 quod
2741 4851 2825 4903 illa
2868 4852 2933 4905 de
2965 4868 3067 4907 non
3096 4857 3469 4911 exsistentium
3502 4875 3608 4913 nu-

346 4960 497 5016 μισε,
542 4941 814 4996 δείκνυσιν
856 4939 1019 4992 αὐτὸν
1050 4937 1146 4990 καὶ
1184 4937 1284 5007 τὴν
1320 4933 1488 5004 ἄλλην
1527 4933 1761 4986 ἀτοπίαν
1793 4952 1872 5005 πει

2028 4950 2178 4988 mero
2217 4936 2348 5003 sint,
2383 4947 2438 4990 et
2466 4952 2563 5007 per
2592 4954 2650 4992 se
2684 4942 2793 5009 ipsa
2826 4941 3235 4998 subsistentiatn
3279 4946 3476 4999 nullam
3506 4948 3606 5002 ba-

341 5052 404 5088 τε
433 5031 531 5086 τοῦ
568 5032 775 5099 κόσμου
827 5026 1044 5081 καὶτοῦ
1083 5026 1256 5093 Ἀδὰμ
1289 5021 1765 5091 ἀποφθέγξασθαι.
1808 5025 1872 5076 Δε

2026 5024 2208 5080 beant.
2245 5025 2432 5095 Carpit
2468 5028 2593 5082 item
2631 5031 2901 5084 Andream
2924 5072 2938 5095 ,
2983 5037 3124 5101 quod
3159 5035 3360 5091 Christi
3396 5035 3607 5093 Domini

346 5140 511 5179 κνυσι
538 5123 597 5176 δὲ
625 5123 682 5174 ὲν
706 5119 894 5190 ταύτῷ
920 5121 948 5175 ὁ
972 5117 1229 5181 Εὐσέϐιος
1258 5116 1352 5174 καὶ
1388 5114 1450 5167 τὸ
1474 5114 1572 5184 τῆς
1599 5114 1805 5188 φθορᾶς
1835 5132 1867 5167 κ

2031 5130 2229 5186 corpus
2269 5134 2337 5173 ex
2373 5121 2486 5189 ipsa
2524 5122 2684 5177 Verbi
2726 5124 2973 5180 unitione
3014 5128 3329 5197 itnpatibile,
3358 5129 3609 5185 incorru-

1696 5272 1942 5328 VARLE
1991 5271 2404 5331 LECTIONES.’

420 5371 721 5452 “autem.
748 5368 814 5424 Α.
889 5365 1126 5452 “3&16}
1156 5367 1251 5452 ita}
1274 5385 1402 5452 (μω
1441 5365 1487 5397 ³⁵
1520 5365 2041 5452 παρελγγυήσαΙ-ςοβ.
2145 5368 2190 5400 ⁸⁸
2217 5367 2367 5452 αύτῷ
2400 5383 2508 5452 orn,
2536 5385 2620 5452 ρει,
2750 5442 2761 5452 ¹
2815 5374 2860 5405 s1
2884 5374 3283 5452 dm§eg§§ws-g.
3374 5382 3419 5415 το
3456 5381 3609 5449 ἐλέγ..

349 5462 437 5522 χει
467 5445 512 5496 A
552 5460 566 5495 :
597 5441 839 5522 λέγει-ςέ
877 5438 985 5522 mf"
1015 5435 1302 5522 ἁγίωνἈΞ
1338 5435 1482 5522 toto)?
1519 5453 1579 5522 ς.
1616 5435 1701 5522 1⁵⁸
1732 5450 1872 5522 παρέ

1979 5454 2108 5522 σατο
2142 5455 2204 5522 ς.
2276 5435 2564 5522 genere
2589 5443 2682 5522 καὶ
2708 5442 2803 5522 νέα.
2832 5462 2891 5508 ς.
2980 5446 3023 5522 ‘_'
3049 5435 3372 5521 εὖδιᾶϐλητα
3408 5435 3611 5507 Casau-

350 5504 527 5568 iionus
557 5531 570 5565 :
600 5504 719 5566 libri
751 5506 1092 5578 ὲνδιάὸλητα.
1173 5507 1218 5539 ⁸³
1244 5504 1357 5578 τὸν]
1388 5507 1483 5559 καὶ
1509 5506 1601 5559 τὸν
1768 5504 1869 5558 δδτ

1977 5507 2098 5561 add.
2130 5510 2196 5562 A.
2273 5508 2319 5541 ⁸⁸
2342 5525 2432 5564 an.
2454 5504 2593 5567 forte
2620 5504 3016 5584 ένυπᾶρκτωνῖ

1889 5616 2127 5675 ΝΟΤΔΕ.

351 5786 385 5840 ﬁ
425 5715 539 5787 (92)
589 5715 764 5784 Quare
798 5728 897 5771 nec
943 5714 1109 5774 multo
1140 5725 1262 5788 post
1301 5715 1583 5772 damnatus
1628 5714 1682 5770 in
1714 5712 1910 5771 concil.
1948 5712 2128 5778 Rom..
2172 5725 2229 5773 ut
2264 5716 2431 5776 refert
2463 5720 2621 5782 .card.
2658 5719 2856 5779 Baron.
2906 5722 2973 5778 ad
3004 5738 3130 5779 ann.
3185 5722 3313 5803 Chr.
3350 5724 3473 5795 60t,
3514 5727 3610 5785 sub

393 5804 445 5842 η.
2178 5804 2188 5811 ’
