4062 6452
299 353 414 418 45⁴7

1374 353 1898 424 BIBLIOTHECA.
1934 390 1993 401 -
2034 366 2202 430 COD.
2243 370 2504 429 CLXIII.

3447 373 3552 435 458

297 486 400 537 τας
456 469 556 534 καὶ
610 465 866 533 λέγοντας
896 465 1077 536 Θνητῷ
1125 469 1218 522 καὶ
1272 470 1501 541 παθητῷ
1537 471 1750 541 σώματι
1783 473 1877 525 τὸν

1996 486 2252 529 versatum
2307 479 2359 530 in
2418 478 2578 533 terris
2611 478 2884 532 Christum
2930 478 3234 547 Dominum,
3276 497 3398 536 cum
3445 485 3560 554 ipse

298 560 516 630 Κύριον
542 559 704 629 ἡμῶν
741 557 950 626 Ἰησοῦν
979 559 1218 630 Χριστὸν
1249 561 1308 613 ὲν
1335 562 1414 633 τῷ
1473 563 1664 632 κόσμῳ
1726 564 1880 617 πολι-

294 653 626 712 τεύσασθαι.
661 651 821 715 αὐτὸς
868 652 972 705 οὐκ
1003 652 1273 722 ἐρυθριῶν
1324 654 1462 721 μετὰ
1487 655 1642 724 νίκην
1694 657 1883 710 παθῶν

295 747 398 800 καὶ
427 745 672 800 θανάτου
702 744 794 798 καὶ
844 743 1052 814 φθορᾶς
1097 744 1378 812 ἀναίρεσιν
1427 745 1667 814 παθητὸν
1695 747 1760 800 τὸ
1789 765 1883 801 κυ-

300 837 497 906 ριακὸν
525 834 916 904 τερατεύεσθαι
961 836 1142 905 σῶμα,
1196 837 1290 890 καὶ
1332 837 1360 887 ὁ
1387 838 1433 872 ⁸⁸
1468 838 1882 908 φθαρτολὰρας

293 927 614 997 ἐνυϐρίζων
644 928 769 990 τοὺς
790 926 1101 997 ὀρθοδόξους
1119 927 1344 998 λέληθεν
1377 928 1541 982 αὑτὸν
1562 929 1683 1001 [181
1703 930 1793 1002 H
1816 932 1882 986 δι’

291 1012 374 1071 ὧν
409 1021 570 1086 λέγει
599 1019 1018 1090 παθητολάτρης
1047 1020 1262 1088 ἀληθῶς
1287 1021 1744 1092 ἀπελεγχόμενος.
1763 1025 1880 1077 Ἐν-

293 1110 492 1163 τεῦθὲν
527 1127 589 1162 τε
617 1110 954 1182 παρατίθησι
990 1111 1152 1166 πάλιν
1181 1113 1365 1180 φωνὰς
1381 1116 1426 1152 δ’
1459 1117 1755 1186 πατρικὰς,
1787 1123 1883 1170 καὶ

297 1202 609 1272 παρίστησι
663 1202 907 1272 παθητὸν
955 1204 1050 1258 καὶ
1103 1203 1295 1272 θνητὸν
1353 1205 1451 1262 καὶ
1511 1207 1654 1260 κατὰ
1716 1207 1880 1261 τοῦτο

308 1291 552 1362 φθαρτὸν
574 1293 637 1355 τὸ
672 1293 938 1362 κυριακὸν
978 1293 1138 1363 σῶμα
1186 1294 1291 1353 ἕως
1344 1296 1442 1365 τῆς
1474 1297 1638 1350 αὐτοῦ
1671 1299 1882 1364 ἐνδόξου

313 1383 681 1446 ἀναστάσεως,
727 1384 941 1444 ἐκεῖθεν
985 1386 1042 1438 δὲ
1092 1386 1160 1438 δι’
1204 1386 1377 1454 αὐτῆς
1429 1389 1766 1458 μεταδληθὲν
1805 1393 1885 1453 είς

316 1475 614 1528 ἀθανασίαν
647 1477 742 1528 καὶ
771 1476 1062 1546 ἀπάθειαν.
1095 1479 1259 1550 Λέγει
1311 1480 1367 1532 δὲ
1417 1480 1492 1542 ὡς
1539 1482 1888 1548 ματαιολογεϊ

219 1629 244 1646 1³
313 1565 730 1636 φθαρτολὰτρας
758 1567 786 1618 ὁ
834 1567 1090 1636 ’Δνδρέας
1120 1568 1472 1637 ἐπιφημίζων
1501 1572 1624 1632 τοὺς
1666 1571 1884 1641 699066-

306 1659 461 1728 ξονς·
511 1657 709 1728 Ἀρείῳ
734 1657 843 1727 γὰρ
871 1657 970 1710 καὶ
1006 1659 1194 1729 Ἀετίῳ
1223 1661 1316 1714 καὶ
1346 1660 1616 1732 Εὐνομίῳ,
1645 1664 1888 1716 ’Λπολλι-

302 1747 479 1818 ναρίῳ
515 1766 577 1800 τε
615 1750 708 1802 καὶ
739 1750 1041 1820 Νεστορίῳ,
1074 1751 1189 1802 ἀλλ’
1218 1751 1278 1804 οὐ
1323 1754 1438 1815 τοῖς
1460 1753 1707 1807 εὐσεϐέσι
1748 1773 1884 1808 κατ⁸

1986 582 2088 618 non
2107 568 2471 628 erubesceret,
2504 571 2664 622 etiam
2696 581 2817 639 post
2854 580 3134 640 superatos
3172 575 3475 640 cruciatus,
3504 587 3560 630 et

1985 665 2211 707 mortem
2259 670 2323 710 ac
2357 659 2756 722 corruptionem
2815 659 3102 723 sublatam,
3165 663 3384 729 patibile
3438 677 3562 716 esse

1987 747 2197 801 Domini
2239 763 2434 817 corpus
2465 751 2774 818 prodigiose
2812 753 3096 806 mendacio
3122 767 3391 819 asserere,
3427 757 3561 809 nihil

1985 836 2200 892 interim
2264 841 2590 907 advertens,
2653 843 2778 894 dum
2837 844 3172 898 orthodoxos
3220 845 3564 900 Phthartola-

1985 938 2094 982 tras
2114 929 2223 1001 (97)
2253 945 2347 998 per
2370 931 2619 1000 injuriam
2653 933 2906 1002 appellat,
2925 937 3036 990 suis
3059 936 3230 1005 ipsum
3259 939 3438 993 verbis
3465 940 3564 994 Pa.

1985 1021 2528 1091 tbetolatram(98)se
2556 1038 2743 1078 revera
2771 1029 3193 1094 probare.Addit
3216 1031 3336 1084 dein
3367 1033 3561 1085 iterum

1985 1123 2294 1165 sanctorum
2317 1111 2536 1166 Patrum
2561 1117 2878 1176 sententias.
2895 1120 3241 1186 ostenditque
3265 1121 3486 1186 patibile
3501 1136 3564 1173 ac

1985 1203 2236 1263 mortale,
2273 1213 2326 1255 et
2361 1205 2500 1271 quod
2531 1204 2654 1258 hinc
2687 1209 2955 1271 sequitur.
2981 1211 3330 1274 corruptibile
3359 1211 3561 1266 Christi

1984 1310 2179 1361 corpus
2211 1293 2399 1359 fuisse,
2430 1311 2598 1364 usque.
2625 1298 2690 1350 ad
2727 1298 3018 1364 gloriosam
3052 1301 3169 1369 ejus
3206 1305 3564 1356 resurrectio-

1986 1403 2106 1441 nem
2150 1405 2163 1440 :
2223 1388 2345 1441 inde
2384 1403 2512 1441 vero
2547 1389 2850 1443 immortale
2897 1404 3058 1460 atque
3112 1391 3410 1460 ltnpatibile
3471 1409 3568 1463 per

1985 1480 2156 1548 ipsam
2199 1494 2316 1532 esse
2357 1480 2644 1536 redditum.
2699 1479 2902 1533 Vanum
2960 1484 3086 1534 item
3130 1498 3250 1538 esse
3294 1485 3563 1538 Andream

1989 1571 2212 1634 indicat,
2240 1572 2328 1639 qui
2352 1570 2666 1623 or'thodoxis
2693 1572 3011 1639 probrosum
3039 1572 3562 1630 I’ltthartolatrarum

1986 1659 2206 1726 obiiciat
2249 1670 2705 1728 cognomentum;
2755 1663 2806 1714 in
2859 1663 3043 1714 Arium
3101 1663 3266 1725 enim,
3328 1665 3563 1729 Aetium,

1993 1753 2335 1818 Eunomium,
2378 1753 2769 1822 Apollinarium
2806 1764 2967 1822 atque
2997 1755 3328 1819 Nestorium,
3363 1773 3468 1810 non
3509 1759 3564 1812 in

297 1839 541 1908 ἁλληλος
573 1841 670 1892 καὶ
697 1841 877 1894 οἰκεία
912 1845 944 1911 ή
976 1841 1201 1911 τοιαύτη
1233 1843 1444 1912 κλῆσις.
1480 1847 1808 1913 Δογματίζει
1833 1847 1887 1900 δὲ

1998 1850 2136 1916 pios,
2195 1848 2335 1900 hanc
2384 1848 2655 1914 quadrare
2697 1846 3128 1915 appellationem.
3175 1848 3307 1904 Illud
3354 1865 3569 1919 quoque

299 1933 398 1996 καὶ
430 1931 620 2004 τοῦτο,ῑ
650 1933 725 1995 ὡς
759 1936 786 1998 ό
820 1934 1024 2005 Κύριος
1055 1937 1148 1989 καὶ
1195 1936 1326 2002 Θεὸς
1381 1936 1538 2006 ἡμῶν
1580 1940 1648 1992 τὰ
1680 1942 1886 2010 φυσικὰ

300 2025 408 2092 μὲν
434 2025 539 2078 καὶ
567 2026 864 2096 ἀδιᾲὅλητα
896 2025 1042 2095 πάοη
1068 2025 1143 2092 ὠς
1176 2027 1274 2097 τῆς
1299 2029 1517 2096 φύσεως
1545 2033 1888 2102 Δημιουργὸς

299 2115 603 2179 ἀνεδέξατο
632 2115 688 2186 (ἃ
712 2116 834 2169 οὐδὲ
862 2117 1068 2188 κυρίως
1099 2116 1403 2187 πάθη,ἀλλ’
1429 2120 1565 2190 ἔργα
1596 2120 1662 2174 ἂν
1695 2122 1888 2176 οἰκειό-

299 2220 466 2278 τερον
497 2207 717 2261 καλοῖτο
747 2209 844 2277 τῆς
873 2208 1089 2279 φύσεως
1114 2215 1130 2278 )
1156 2251 1171 2274 ,
1203 2210 1313 2264 τῶν
1352 2212 1407 2266 δὲ
1433 2212 1640 2280 κυρίως
1677 2213 1888 2278 παθῶν,

297 2298 431 2366 ἦτοι
456 2297 573 2350 τῶν
602 2296 711 2351 ἀπὸ
741 2298 958 2370 κακίας,
990 2299 1273 2363 παντελῶς
1298 2299 1648 2370 ἀνεπίδεκτος
1674 2296 1762 2371 ἦν’
1793 2305 1890 2355 καὶ

302 2390 390 2441 ὅτι
417 2391 541 2460 οὐχ,
587 2390 665 2452 ὡς
713 2391 819 2458 πρὸ
848 2390 948 2452 τῆς
977 2391 1326 2454 ἀναστάσεως
1355 2391 1510 2462 ησθιε
1546 2395 1640 2446 καὶ
1681 2393 1888 2458 ἔπινεν,

301 2480 457 2534 οὕτω
492 2480 590 2534 καὶ
619 2481 757 2552 μετὰ
781 2480 879 2554 τὴν
910 2482 1511 2555 ἀνάστασιν-συνέφαγε
1543 2485 1636 2539 καὶ
1669 2485 1891 2539 συνέπιε

309 2575 429 2634 τοῖς
464 2574 758 2644 μαθηταῖς,
819 2575 954 2630 ἀλλὰ
976 2577 1037 2628 τὸ
1068 2576 1168 2646 μὲν
1197 2577 1436 2646 ἔπραττε
1465 2579 1618 2648 νόμῳ
1656 2579 1890 2647 φύσεως,

308 2669 415 2738 τὴν
462 2666 695 2740 ῥέουσαν
729 2667 906 2738 σάρκα
957 2668 1156 2741 βρώσει
1203 2671 1299 2724 καὶ
1347 2671 1505 2724 πόσει
1551 2671 1628 2736 ὡς
1679 2672 1895 2741 ᾲληθῶς

313 2759 710 2829 ἀνακτώμενος
737 2763 833 2814 καὶ
866 2762 1237 2834 περικρατῶν,
1267 2763 1329 2816 τὸ
1357 2763 1414 2816 δὲ
1440 2764 1686 2830 ἐτέλεσεν
1725 2767 1892 2833 ὑπερ-

316 2870 391 2919 qu
408 2855 475 2913 Ti;
509 2854 576 2906 δι’
611 2854 944 2923 οἰκονομίαν,
979 2855 1062 2908 ἵνα
1088 2858 1199 2926 τοῖς
1233 2855 1500 2926 μαθηταῖς
1531 2856 1892 2927 πιστώσηται,

310 2946 410 2998 καὶ
434 2945 503 2998 δι’
529 2945 708 3004 αὐτῶν
733 2947 865 2999 πᾶσι
897 2949 1128 3012 πιστοῖς,
1157 2947 1231 3009 ὼς
1261 2947 1392 3000 αὐτὸ
1416 2947 1476 3001 τὸ
1510 2949 1774 3014 πεπονθὸς
1802 2951 1896 3012 καὶ

314 3037 638 3107 σταυρωοὲν
682 3037 881 3112 ἀνέστη
954 3039 1134 3108 σῶμα,
1189 3039 1304 3091 ἀλλ’
1369 3041 1465 3109 οὐχ
1511 3039 1696 3110 ἕτερον
1761 3041 1892 3110 παρ’

1993 1940 2147 1994 docet
2195 1937 2482 2002 Eusebius,
2530 1938 2812 1991 Dominum
2871 1937 3147 2008 Deumque
3200 1949 3465 2006 nostrum,
3510 1951 3571 1994 ut

1991 2031 2289 2092 naturales,
2315 2032 2646 2097 minimeque
2670 2029 3142 2096 reprehendendas
3169 2035 3567 2102 perpessioues,

1991 2131 2244 2191 umquam
2271 2133 2475 2177 naturae
2508 2123 2684 2190 opifex
2714 2134 2875 2190 atque
2902 2123 3230 2176 architectus
3281 2127 3573 2192 assumpsit

1993 2212 2136 2282 (quae
2165 2227 2268 2264 non
2300 2211 2580 2279 passiones
2607 2212 2718 2282 (99)
2753 2213 2989 2282 proprie,
3029 2213 3121 2267 sed
3153 2228 3318 2282 opera
3363 2226 3570 2270 natum

1992 2304 2162 2372 magis
2194 2305 2410 2372 proprie
2457 2301 2836 2372 appellentur),
2869 2305 2949 2358 sic
3001 2306 3214 2374 proprie
3244 2305 3417 2360 dictas
3447 2322 3576 2376 pas-

1991 2395 2196 2456 siones,
2245 2396 2410 2449 sivea
2466 2395 2760 2450 vitiositate
2809 2396 3100 2462 profectas,
3137 2398 3362 2452 omnino
3393 2399 3573 2453 susci-

1992 2501 2121 2555 pere
2157 2502 2260 2541 non
2299 2487 2576 2556 potuisse:
2607 2504 2711 2540 non
2753 2488 2878 2541 item
2916 2503 3024 2558 quo
3061 2497 3188 2543 ante
3222 2492 3576 2545 resurrectio-

1994 2594 2114 2632 nem
2165 2579 2351 2634 ederat
2392 2594 2458 2633 ac
2503 2579 2715 2631 biberat
2746 2580 2924 2644 modo,
2968 2580 3130 2633 etiam
3168 2588 3289 2648 post
3332 2594 3579 2636 resurre-

1993 2672 2228 2725 ctionem
2280 2686 2402 2726 cum
2445 2673 2724 2741 discipulis
2751 2688 2856 2726 una
2894 2673 3070 2728 edisse
3113 2687 3176 2726 ac
3208 2672 3452 2736 bibisse;
3485 2673 3576 2725 sed

1993 2762 2143 2830 prius
2173 2761 2297 2814 illud
2319 2761 2535 2828 quidem
2575 2777 2641 2815 ex
2675 2771 2884 2815 natura:
2910 2762 3115 2830 legibus
3147 2761 3356 2824 fecisse,
3379 2759 3578 2813 ﬂuxam

1994 2866 2213 2904 carnem
2298 2853 2422 2907 cibo
2483 2866 2547 2906 ac
2593 2864 2722 2921 potn
2778 2867 2968 2907 revera
3049 2853 3351 2918 reparando
3419 2862 3583 2919 atque

1993 2944 2428 3008 corroborando,
2480 2944 2582 3000 huc
2644 2958 2773 2998 vero
2832 2959 2994 3012 supra
3053 2953 3261 3000 uatum!
3329 2942 3580 3004 ordinent

1993 3035 2345 3102 procurandae
2389 3031 2576 3088 salutis
2607 3045 2807 3086 nostrae
2835 3033 3008 3102 gratia
3049 3033 3303 3100 gessisse,
3335 3041 3391 3085 ut
3424 3032 3585 3086 disci-

312 3131 496 3181 ἐκεῖνο
519 3171 535 3190 ,
571 3131 619 3181 εἰ
653 3130 746 3185 καὶ
790 3129 927 3198 πρὸς
982 3129 1290 3200 ἀφθαρσίαν
1319 3131 1413 3198 καὶ
1452 3131 1719 3198 ἀπάθειαν
1761 3149 1891 3201 μετ-

1998 3126 2108 3196 puli
2166 3128 2472 3187 crederent,
2523 3137 2579 3180 et
2628 3139 2724 3192 per
2768 3124 2888 3178 illos
2947 3124 3130 3186 ﬁdeles
3175 3139 3388 3188 omnes,
3440 3125 3583 3184 idem

311 3221 697 3290 εστοιχειώθη.
759 3219 946 3276 Ταῦτα
1017 3222 1279 3292 φιλοθέως
1332 3223 1892 3295 ὲπιδογματισάμενος

2003 3217 2228 3274 omnino
2282 3229 2500 3284 corpus,
2545 3216 2686 3285 quod
2735 3213 3064 3280 cruciatibus
3115 3212 3583 3280 excarniﬁcatum,

308 3312 469 3374 τέλος
506 3295 787 3385 ἐπιτίθησι
831 3316 897 3382 τῇ
954 3313 1250 3384 δεκαλόγῳ.
1287 3315 1442 3386 Ἐστι
1484 3317 1542 3370 δὲ
1586 3317 1763 3388 σαφὴς
1801 3319 1896 3377 καὶ

308 3404 528 3464 ἁπλοῦς
562 3405 662 3476 τὴν
712 3405 932 3472 φράσιν,
982 3403 1314 3478 καθαρότητι
1356 3407 1661 3478 χρώμενος,
1719 3409 1812 3462 καὶ
1847 3409 1900 3462 ει

308 3513 418 3549 που
445 3497 580 3557 δέοι,
606 3496 701 3554 καὶ
727 3497 1023 3566 εὐκρινεξᾳ.

2001 3324 2162 3380 atque
2182 3312 2235 3364 in
2275 3325 2490 3363 crucem
2510 3319 2691 3362 actum
2713 3308 2921 3375 fuisset,
2944 3325 2972 3361 a
2997 3309 3223 3372 mortuis
3247 3308 3579 3374 surrexisse:

2003 3415 2179 3467 neque
2227 3400 2370 3452 aliud
2409 3413 2532 3458 esse
2579 3401 2648 3452 ab
2693 3399 2804 3464 illo,
2837 3401 3185 3469 quantumvis
3241 3399 3352 3466 jam
3383 3398 3451 3454 ad
3497 3398 3582 3452 in—

2003 3492 2405 3557 corruptionem
2450 3499 2505 3546 et
2536 3490 2884 3544 indolentiam
2931 3489 3373 3556 transformatum
3409 3503 3572 3554 esset.

310 3587 443 3641 ηερε
482 3589 574 3639 ubi
625 3588 888 3647 Eusebius
943 3586 1123 3650 divine
1158 3585 1363 3664 docuit,
1388 3587 1655 3642 decimum
1692 3588 1908 3642 tandem
1940 3585 2136 3639 librum
2187 3582 2442 3639 absolvit.
2519 3583 2704 3652 Stylus
2754 3583 2803 3636 ei
2858 3581 3038 3638 clarus
3085 3595 3190 3647 est,
3241 3593 3296 3635 et
3356 3583 3578 3651 δίιηριυκ

308 3695 568 3752 puroque
599 3679 810 3740 dicendi
845 3694 1040 3748 genere
1077 3681 1265 3742 utitur,
1297 3689 1482 3748 atque,
1514 3679 1602 3734 ubi
1640 3696 1778 3753 opus
1811 3690 1918 3746 est,
1949 3679 2112 3734 etiam
2139 3675 2277 3728 bene
2303 3672 2578 3728 distincto.

1079 3767 1241 3824 P31".

324 3858 682 3929 Obtrd‘art'op
707 3857 1057 3929 Ἀνατοᾷἰου
1086 3856 1352 3929 Βηρυζοῦ
1384 3858 1708 3928 Συναγωγή
1735 3875 1908 3929 γεωρ-

523 3927 711 3998 γικῶν
734 3926 1216 3996 ἐπιτηδευμάτων
1249 3927 1319 3979 ἐν
1351 3931 1554 3995 τόμοις
1584 3931 1684 3992 ιβ’.

402 4021 524 4092 [349
557 4017 1010 4091 8.]Ἀνεγνὼσοη
1043 4018 1356 4070 Οὐινδανίου
1392 4019 1696 4072 Ἀνατολίου
1725 4019 1898 4091 Βηρῖ)-

316 4129 418 4165 του
448 4113 494 4142 ⁸⁸
531 4109 854 4179 Σω--ατωτὴ
881 4106 1210 4177 γεωγρικῶν
1230 4108 1742 4176 ἐπιτηδευμάτων
1765 4129 1892 4162 συν-

312 4206 614 4275 ήθροισται
645 4205 702 4255 δὲ
727 4202 874 4272 αὐτῷ
899 4202 959 4254 τὺ
999 4201 1204 4271 βιϐλίον
1235 4202 1299 4253 ἐκ
1327 4219 1384 4252 τε
1418 4202 1525 4254 τῶν
1555 4203 1895 4271 Δημοκρίτου

325 4296 668 4366 Ἀφρικανοῦ
699 4313 758 4347 τε
789 4295 884 4347 καὶ
932 4295 1266 4361 Ταραντίνου
1307 4296 1400 4346 καὶ
1443 4294 1766 4364 Ἀπουληῖου
1805 4297 1899 4347 καὶ⁵

309 4389 664 4460 Φλωρεντίου
716 4388 811 4439 καὶ
853 4386 1152 4448 Οὐάλεντος
1181 4387 1277 4439 καὶ
1305 4387 1529 4446 Λέοντος
1556 4387 1650 4437 καὶ
1683 4387 1902 4454 Παμφί-

309 4485 438 4542 λου,
466 4482 564 4534 καὶ
594 4482 656 4548 δὴ
683 4481 775 4532 καὶ
793 4483 855 4531 ἐκ
884 4478 990 4530 τῶν
1018 4473 1312 4548 Διοφάνους
1338 4477 1715 4546 Παραδοξων·
1745 4480 1901 4549 τόμοι

313 4577 376 4626 δέ
405 4576 516 4625 εἱσι
539 4573 599 4624 τὸ
631 4571 835 4641 βιϐλίον
866 4570 955 4639 ιβ’.
980 4571 1262 4639 Χρήσιμον
1293 4570 1432 4621 δὲτὸ
1464 4569 1780 4638 βιϐλίον,ώς
1810 4573 1904 4625 καὶ

315 4667 414 4719 διὰ
441 4666 641 4734 πείρας
667 4665 834 4733 αὐτῆς
856 4663 950 4715 ἐπὶ
985 4661 1195 4716 πολλῶν
1223 4662 1458 4730 εἴδομεν,
1487 4661 1622 4733 πρὸς
1647 4663 1744 4726 τὰς
1765 4666 1905 4717 κατὰ

317 4759 433 4826 γῆν
467 4757 730 4829 ἐργασίας
759 4757 850 4808 καὶ
879 4757 1006 4817 τοὺς
1033 4756 1374 4824 γεωργικοὺς
1402 4755 1591 4818 πόνους
1611 4795 1624 4819 ,
1653 4756 1747 4808 καὶ
1779 4774 1904 4826 σχε-

320 4850 416 4918 ξρόν
441 4865 494 4899 τι
526 4845 944 4918 χρησιμώτερον
976 4845 1086 4897 τῶν
1116 4844 1310 4907 ἄλλων,
1341 4845 1456 4896 ὅσοι
1487 4845 1584 4914 τῆς
1609 4847 1780 4914 αὐτῆς
1808 4848 1905 4898 αὑ-

318 4916 407 5008 τῷ
454 4916 844 5008 πραγματείας
903 4937 1132 5007 ἥψαντο.
1163 4937 1318 5004 Ἔχει
1362 4935 1408 4986 δ’
1453 4935 1602 5005 ὅμως
1644 4937 1761 4989 ἔνια
1809 4936 1904 4989 καὶ

320 5029 490 5082 τοῦτο
536 5029 598 5080 τδ
655 5027 860 5096 βιϐλίον
920 5024 1204 5096 τερατώδη
1265 5024 1361 5094 καὶ
1417 5024 1620 5078 ἄπιστα
1660 5027 1753 5081 καὶ
1804 5027 1903 5093 τῆς

337 5119 664 5190 Ἑλληνικῆς
715 5119 924 5186 πλάνης
956 5118 1205 5170 ὑπόπλεα
1229 5157 1246 5183 ,
1282 5116 1318 5170 ἃ
1344 5117 1426 5169 δεῖ
1448 5118 1539 5170 τὸν
1568 5118 1765 5188 εὐσεϐῆ
1807 5136 1908 5188 γη-

323 5213 501 5277 πόνον
528 5209 928 5282 ἐκτρεπόμενον
963 5209 1072 5262 τῶν
1102 5207 1328 5271 λοιπῶν,
1364 5207 1644 5276 συλλέγειν
1669 5210 1738 5262 τὰ
1769 5210 1904 5280 χρή-

2686 3763 2916 3819 CLXIII.

2020 3862 2267 3917 Vindcm'i
2292 3859 2529 3913 Anatolii
2577 3856 2756 3926 Beryti
2789 3859 3235 3920 Collectauearum
3266 3859 3329 3912 de
3347 3858 3582 3928 agricul-

2423 3943 2557 3982 turw
2603 3929 2881 3995 disciplina
2915 3931 3034 3981 libri
3067 3945 3162 4000 xtl.

2071 4024 2196 4093 Legi
2233 4021 2483 4076 Vindanii
2515 4019 2751 4073 Anatolii
2783 4018 2963 4087 Beryti
3020 4019 3093 4072 De
3132 4018 3467 4088 agricultura:
3499 4020 3584 4071 di-

1997 4115 2223 4183 sriplina
2253 4113 2592 4174 collectanea.
2635 4108 2829 4177 107a
2872 4107 3146 4160 Conﬂatus
3189 4117 3367 4159 autem
3399 4106 3485 4159 hic
3518 4108 3584 4160 ab

1999 4224 2066 4261 eo
2097 4207 2231 4260 liber
2257 4212 2340 4260 est
2372 4218 2401 4256 e
2424 4201 2711 4254 Democriti
2744 4211 2799 4252 ct
2827 4198 3068 4252 Africani
3116 4206 3278 4265 atque
3304 4193 3582 4249 Tarantini

2000 4299 2243 4370 scriptis,
2303 4294 2514 4363 Apuleii
2587 4305 2799 4360 quoque
2853 4299 2908 4343 et
2964 4288 3244 4353 Florentii,
3309 4287 3573 4351 Valentis,

2000 4389 2198 4442 Leonis
2227 4384 2488 4458 Pamphili
2521 4384 2619 4453 (l);
2642 4393 2753 4435 tum
2789 4381 2870 4435 vel
2913 4382 3149 4434 maxime
3187 4395 3252 4432 ex
3290 4379 3583 4446 Diophanis

2011 4477 2338 4534 Paradoxis.
2374 4474 2521 4544 Opus
2551 4472 2832 4527 duodecim
2885 4471 3184 4524 absolvit-tr
3229 4469 3405 4529 libris,
3455 4468 3586 4520 utile

2009 4585 2165 4634 sane,
2210 4577 2266 4622 ut
2300 4569 2414 4636 ipsa
2450 4581 2547 4619 nos
2580 4563 2909 4631 experientia
2941 4566 2992 4616 in
3045 4562 3226 4622 multis
3273 4561 3480 4618 docuit,
3517 4559 3584 4611 ad

2013 4671 2210 4716 terram
2249 4655 2620 4716 exeolendam,
2650 4652 2970 4724 laboresque
3013 4651 3264 4714 rusticos;
3303 4648 3442 4713 Quin
3472 4648 3587 4700 fere

2012 4750 2225 4804 caeteris
2254 4749 2436 4800 utilior
2469 4746 2558 4799 hic
2592 4743 2748 4807 liber,
2783 4751 3049 4809 quotquot
3073 4741 3128 4794 in
3153 4756 3216 4793 ea
3252 4743 3366 4810 ipsa
3391 4757 3448 4795 re
3473 4740 3587 4793 ela-

2013 4844 2298 4898 borarunt.
2325 4840 2580 4895 Coutinet
2603 4849 2781 4894 tamen
2803 4837 3057 4894 nonnulla
3080 4835 3340 4904 prodigiis
3364 4835 3584 4898 similia,

2013 4937 2282 5004 fidemque
2308 4933 2648 4995 excedentia,
2683 4941 2737 4985 et
2767 4931 2968 4985 Graecis
2999 4929 3196 4983 referta
3225 4927 3440 4990 fabulis,
3466 4945 3588 4994 qua:

2012 5032 2289 5102 prmterire
2342 5030 2489 5098 pium
2517 5027 2674 5082 decet
2698 5025 2990 5096 agricolam
3012 5063 3028 5088 ,
3058 5033 3256 5078 caetera
3290 5036 3411 5100 quin
3465 5020 3583 5076 usui

2020 5120 2200 5174 futura
2241 5120 2373 5183 sint,
2405 5113 2776 5187 arripientem.
2801 5117 2865 5171 Et
2891 5131 3022 5172 vero
3045 5116 3134 5168 alii
3164 5129 3378 5174 omnes,
3407 5113 3496 5181 qui
3523 5113 3590 5165 de

2012 5226 2075 5266 re
2110 5212 2314 5265 rustica
2338 5211 2694 5280 scripserunt,
2723 5209 2910 5263 eadem
2941 5208 3054 5263 fere
3081 5207 3148 5263 de
3176 5207 3386 5270 iisdem,
3414 5220 3587 5273 quan-

1625 5344 1856 5401 V'AttnE
1933 5347 2338 5404 LECTIONES.
2442 5337 2462 5348 '

403 5445 451 5479 ⁸⁸
477 5447 510 5498 ὁ
539 5445 662 5497 add.
701 5441 810 5495 AC.
907 5441 952 5472 "
988 5439 1150 5492 πάλιν
1179 5439 1508 5510 παρατίθησι
1546 5457 1605 5503 ς.

1697 5443 1740 5474 ⁶⁰
1767 5444 2046 5516 Βηρὺττου
2077 5448 2144 5502 Α.

1840 5559 2074 5620 ΝΟΤᾸΞ.

408 5633 523 5702 (97)
554 5630 733 5702 Quasi
755 5630 902 5682 diras
921 5627 1452 5702 Corraniliilicolas.

409 5697 527 5772 (98')
559 5702 679 5755 I’ari
713 5700 886 5772 [arma
921 5698 1312 5772 Patibilicolatn
1347 5697 1564 5772 dixeris.

413 5767 530 5844 (99)
557 5771 811 5835 'I'beologi
843 5771 1010 5821 nostri
1044 5770 1094 5820 in
1122 5767 1324 5820 scholis
1352 5768 1508 5822 hodie
1535 5769 1916 5837 Pt'opassiones

673 5867 939 5926 PATBOL.
985 5862 1100 5921 Gn.
1143 5859 1297 5918 CIII.

2017 5645 2337 5775 “irriti;
2387 5703 2510 5758 huic
2551 5701 2922 5772 Georgicorum
2950 5698 3117 5752 libros
3153 5693 3340 5749 tribuit
3368 5691 3585 5748 Suidas.

3177 5860 3247 5921 15
