4062 6450
575 345 682 408 459

1747 343 2014 404 ΡΗΟΤΙΙ
2050 342 2134 404 PA

2239 344 2560 408 LIARCH/E
2596 346 2702 410 ΟΡ.
3719 350 3812 416 460

576 463 690 507 tmn
724 453 908 508 videre
931 450 1502 524 potui,prodiderunt,
1530 467 1704 521 neque
1731 452 1782 506 in
1817 453 2002 508 multis
2023 454 2134 509 adet

2262 475 2419 529 σιμα.
2450 460 2562 512 Καὶ
2595 461 2645 512 ot
2675 459 2824 513 ἄλλοι
2857 458 2914 513 δὲ
2945 460 3053 512 τῶν
3084 458 3184 522 τὰς
3227 458 3539 530 γεωργικὰς
3569 472 3809 534 πραγμαο

575 547 925 612 dissentiunt.
964 546 1172 613 Quibus
1200 554 1377 600 autem
1410 545 1555 601 inter
1584 561 1641 600 se
1667 546 1953 609 dissident,
1983 546 2035 600 in
2072 546 2134 601 bi:

2261 553 2417 616 τείας
2451 552 2928 624 συγγραψαμένων
2958 554 3142 624 σχεδόν
3187 570 3240 606 τι
3285 553 3352 605 τὰ
3378 554 3520 608 αὐτὰ
3560 558 3683 626 περὶ
3715 559 3813 612 τῶν

575 638 776 694 Leonis
803 639 1178 710 experimenta
1205 638 1419 694 caeteris
1443 647 1850 707 anteponuntur
1877 639 2152 694 omnibus.

1255 910 1481 966 CLXIV.

921 1001 1152 1058 Galenus
1181 1002 1255 1057 De
1285 1005 1436 1058 sectis
1468 1003 1808 1056 medicorum.

646 1099 903 1169 Legimus
949 1097 1138 1153 Galeni
1171 1095 1366 1150 librum
1403 1093 1478 1148 De
1507 1095 1680 1148 sectis.
1711 1093 1941 1147 Disserit
1970 1100 2148 1146 autem

571 1194 636 1247 de
662 1193 827 1247 sectis
853 1205 976 1260 qua:
1007 1191 1059 1244 in
1091 1195 1218 1243 arte
1243 1187 1448 1241 medica
1493 1187 1631 1240 inter
1653 1201 1711 1240 se
1737 1186 2146 1253 conspirarunt.

563 1284 672 1340 Eas
701 1293 810 1340 tres
835 1285 910 1337 ait
941 1296 1061 1338 esse
1094 1279 1426 1350 potissimas.
1480 1278 1653 1333 Unam
1694 1278 1918 1346 logicum
1951 1277 2135 1346 appel-

566 1377 752 1436 latam,
789 1387 952 1443 quam
988 1380 1042 1425 et
1073 1370 1426 1441 dogmaticam
1472 1368 1805 1435 agnominat,
1859 1378 1915 1422 et
1961 1367 2148 1422 analo-

564 1468 830 1537 gisticam.
890 1465 1130 1518 Alteram
1188 1476 1318 1516 vero
1349 1460 1656 1529 empiricam
1702 1460 1948 1514 dictant:
2007 1459 2147 1513 hanc

567 1559 963 1613 observatricem
1023 1568 1240 1626 quoque
1319 1569 1382 1608 ac
1431 1553 1787 1606 memorialem
1851 1554 2142 1607 nominat.

558 1649 802 1706 Tertiam
849 1649 1082 1718 denique
1112 1646 1478 1699 methodicam.
1514 1643 1776 1697 Diﬂ'erunt
1799 1653 1977 1696 autent
2005 1643 2146 1695 inter

562 1761 620 1798 se
650 1757 772 1797 cum
811 1741 932 1796 aliis
964 1739 1148 1803 rebus,
1181 1748 1292 1792 tum
1322 1735 1652 1791 inventionis
1698 1737 1877 1791 modo.
1907 1733 2142 1804 Dogma-

2261 645 2460 708 αὐτῶν,
2493 647 2594 699 ὅσα
2627 648 2726 717 ἐμὲ
2754 646 2971 707 ειδέναι,
3007 646 3420 714 ἀποφαίνονται,
3453 646 3553 700 οὐκ
3579 648 3667 701 ἐπὶ
3697 650 3813 703 πολ-

2263 738 2374 799 λοῖς
2406 738 2462 792 δὲ
2496 739 2882 809 διαφωνοῦσιν.
2933 740 3022 792 Ἐν
3050 736 3131 800 οἷς
3159 739 3216 792 δὲ
3256 738 3748 809 διαπεφωνήκασιν,
3781 745 3810 814 η

2257 831 2350 884 τοῦ
2382 831 2608 894 Λέοντος
2641 832 2747 884 τῶν
2783 831 2958 884 ἄλλων
2985 831 3338 902 προκρίνεται
3370 832 3555 902 πεῖρα.

2932 921 3087 978 ΡΞΔ’.

2642 1016 2931 1084 Γαληνοῦ
2964 1017 3098 1084 περὶ
3133 1016 3448 1084 αἱρέσεων.

2337 1108 2675 1180 ’Δνεγνώσθη
2727 1109 2969 1178 Γαληνοῦ
3005 1108 3146 1177 Περὶ
3188 1110 3501 1178 αιρέσεων.
3530 1112 3662 1180 Περὶ
3683 1115 3814 1182 αίρέ-

2255 1218 2391 1253 σεων
2422 1201 2478 1254 δὲ
2509 1201 2618 1253 τῶν
2644 1201 2786 1254 κατὰ
2817 1199 2916 1271 τὴν
2953 1200 3206 1271 ἰατρικὴν
3235 1202 3335 1272 τὴν
3374 1200 3637 1254 σύστασιν
3667 1205 3813 1275 ἐσχηο

2252 1292 2424 1346 κυιῶν
2442 1293 2824 1362 διαλαμϐάνει,
2846 1293 2940 1346 καί
2961 1310 3095 1364 φησι
3111 1295 3259 1364 τρεῖς
3281 1293 3402 1347 κατ’
3430 1295 3680 1366 ἰατρικὴν
3702 1298 3813 1350 καθ-

2249 1384 2436 1446 ολικὰς
2449 1383 2687 1455 αἱρέσεις
2703 1401 2766 1436 συ
2776 1385 2985 1452 στῆναι,
2998 1385 3098 1454 τήν
3111 1402 3168 1437 τε
3189 1385 3538 1455 καλουμένην
3555 1387 3810 1455 λογικὴν,

2248 1479 2314 1550 ἣν
2339 1479 2430 1530 καὶ
2451 1478 2818 1548 δογματικὴν
2835 1480 3182 1548 ἐπονομάζει,
3205 1479 3284 1532 ἔτι
3329 1481 3385 1533 δὲ
3434 1480 3528 1533 καὶ
3555 1481 3811 1551 ἀναλογία

2248 1571 2486 1640 στικήν·
2521 1572 2782 1643 δευτέραν
2835 1573 2895 1626 δὲ
2936 1573 3036 1644 τὴν
3083 1573 3428 1645 καλουμένην
3456 1574 3808 1644 ὲμπειρικὴν,

2245 1665 2366 1735 ἥτις
2401 1662 2494 1718 καὶ
2526 1665 2812 1733 τηρητικὴ
2847 1665 2943 1719 καὶ
2975 1666 3429 1735 μνημονευτικὴ
3467 1668 3807 1724 ἐπικαλεῖταιο

2244 1755 2434 1825 τρίτην
2456 1755 2583 1827 [182
2601 1754 2694 1826 [1.]
2711 1755 2766 1807 δὲ
2798 1755 2898 1826 τὴν
2923 1755 3275 1825 μεθοδικὴν.
3300 1756 3629 1828 Διαφέρουσι
3657 1758 3709 1811 δὲ
3729 1759 3810 1812 ἀλ-

561 1837 700 1890 tiens
729 1835 874 1890 enim
901 1831 1168 1893 medicus,
1209 1846 1277 1884 ex
1323 1844 1389 1883 eo
1441 1829 1584 1896 quod
1637 1826 2012 1882 ratiocinandn
2041 1842 2134 1879 eu-

2243 1848 2419 1918 λήλων
2454 1826 2616 1903 αὗται
2647 1848 2828 1912 ἄλλοις
2849 1866 2909 1901 τε
2941 1849 3037 1902 καὶ
3065 1847 3142 1920 τῷ
3173 1849 3366 1921 τρόπῳ
3521 1850 3803 1920 εὑρέσεωςο

561 1926 716 1979 randi
776 1923 1060 1978 ntethodos
1112 1920 1370 1990 reperiat,
1406 1929 1580 1974 artem
1628 1935 1779 1975 suam
1826 1919 2138 1975 constituit.

559 2015 867 2087 Eznpiricus
881 2028 1009 2069 vero
1029 2027 1130 2066 non
1158 2011 1596 2077 ratiocinatione,
1623 2011 1717 2066 sed
1765 2011 2141 2082 experimento

561 2121 725 2179 atque
749 2105 1132 2162 observatione
1164 2112 1338 2158 artem
1365 2102 1594 2171 colligit.
1628 2100 1747 2156 Jam
1775 2102 2135 2165 methodicus,

561 2205 652 2274 qui
685 2214 739 2258 et
769 2202 981 2256 ratione
1029 2213 1186 2254 usum
1218 2210 1302 2260 se,
1327 2204 1382 2250 et
1410 2196 1783 2266 experimento
1829 2195 2138 2263 proﬁtetur,

560 2297 661 2350 etsi
692 2295 885 2348 horum
937 2301 1130 2346 neutro
1160 2289 1295 2344 satis
1345 2295 1601 2340 accurate
1636 2293 1840 2351 utatur,
1879 2285 1946 2340 ab
1977 2285 2140 2340 utris-

553 2405 664 2459 que
697 2386 803 2440 illis
836 2385 1030 2438 merito
1061 2382 1348 2437 distinctus
1378 2379 1710 2434 censebitur.

631 2479 796 2534 Liber
820 2477 908 2531 hic
938 2485 1047 2531 tres
1082 2476 1131 2528 in
1168 2483 1354 2544 partes
1381 2481 1599 2527 secatur
1636 2490 1649 2527 :
1683 2486 1911 2540 quarum
1939 2471 1992 2524 in
2026 2479 2137 2538 pri-

556 2588 642 2624 ma
675 2570 890 2638 quidem
919 2567 1237 2634 empiricam
1271 2575 1433 2633 atque
1481 2563 1840 2632 dogmaticam
1876 2561 2135 2631 graphice

558 2663 821 2718 describit
854 2676 868 2714 :
904 2659 995 2714 ubi
1044 2659 1234 2722 etiam,
1278 2655 1456 2725 qualis
1495 2656 1781 2723 utriusque
1813 2664 2005 2708 natura
2039 2653 2128 2719 sit,

555 2753 812 2808 ostendit.
847 2751 1030 2804 Altera
1089 2762 1219 2802 vero
1273 2755 1426 2816 parte
1481 2747 1614 2800 duas
1676 2744 1906 2798 invicem
1956 2752 2134 2798 sectas

555 2847 711 2899 valde
741 2843 1152 2902 contendentes,
1184 2849 1240 2894 ct
1266 2839 1332 2893 de
1350 2836 1652 2907 principatu
1677 2845 1954 2890 certantes
1984 2849 2133 2888 com-

555 2940 726 3009 ponit.
763 2935 948 2989 Tertia
982 2933 1216 3000 denique
1249 2930 1611 2984 metltodicam
1642 2927 1908 2998 producit,
1941 2936 1996 2980 et
2022 2927 2136 2997 qui-

555 3033 677 3085 dent
710 3044 832 3083 cum
888 3026 1009 3080 aliis
1058 3021 1446 3093 suprascriptis
1497 3021 1706 3076 duabus
1761 3027 2132 3090 pugnantem,

555 3124 796 3195 qualibet
821 3137 851 3176 e
879 3121 1051 3174 tribus
1074 3119 1243 3174 sectis
1275 3132 1372 3173 sua
1405 3115 1524 3186 jura
1562 3114 1894 3186 proferente,
1927 3123 1982 3169 et
2009 3113 2136 3168 reli-

554 3234 688 3288 quas
738 3216 960 3270 vincere
992 3221 1292 3282 satagente.
1322 3209 1501 3278 Atque
1537 3208 1623 3262 ltic
1657 3209 1800 3262 tertii
1835 3207 1958 3263 libri
2011 3207 2134 3262 linis

553 3320 657 3364 est.
686 3309 817 3362 Illud
860 3306 1088 3369 clarum,
1121 3317 1255 3371 opus
1285 3303 1391 3356 hoc
1435 3302 1580 3355 inter
1610 3311 1806 3355 cattera
1847 3301 1980 3354 artis
2023 3313 2135 3354 me-

553 3402 686 3455 dica:
717 3399 916 3466 scripta
952 3395 1206 3449 omnibus
1239 3391 1485 3462 [traferri
1535 3403 1812 3460 oportere.
1857 3390 2131 3460 Siquidem

553 3495 766 3548 discere
788 3488 1062 3551 convenit,
1093 3501 1212 3556 qua:
1241 3492 1388 3540 secta
1421 3483 1566 3538 inter
1597 3498 1786 3538 omnes
1812 3485 2013 3552 optima
2039 3483 2130 3548 sit,

550 3596 610 3638 ut
639 3598 758 3638 eam
783 3580 978 3636 deinde
1009 3579 1258 3634 secteris.
1295 3577 1523 3633 Videtur
1554 3587 1734 3631 autem
1772 3590 1879 3630 non
1915 3575 2134 3644 pr0prie

553 3675 794 3728 medicus
817 3671 1098 3726 habendus
1122 3669 1259 3724 liber
1277 3668 1386 3733 hic,
1414 3667 1506 3722 sed
1535 3665 1784 3738 prooemii
1804 3667 1974 3718 vicem
1997 3681 2133 3734 prae-

551 3770 726 3829 bere,
789 3773 950 3833 atque
998 3763 1065 3815 ad
1115 3759 1514 3830 philosophiam
1589 3759 1768 3828 potius
1835 3759 2128 3827 pertinere.

555 3858 744 3928 1071:
785 3854 1005 3911 Certum
1039 3853 1168 3908 item
1213 3852 1366 3916 illud,
1398 3852 1465 3904 ad
1509 3850 1805 3906 dictionem
1833 3849 1975 3919 quod
2007 3849 2130 3902 atti-

550 3962 662 4015 net,
710 3959 876 4016 atque
927 3943 1397 4015 compositionem,
1456 3959 1651 4013 purum
1687 3957 1809 3996 eum
1868 3955 2010 4004 esse,
2067 3954 2131 3994 ac

549 4050 861 4095 venustum.
899 4037 1100 4091 Harum
1131 4037 1274 4091 enim
1305 4035 1507 4104 ubique
1529 4032 1827 4088 formarunt
1853 4033 2128 4087 studiosus

551 4131 819 4200 imprimis
868 4129 1107 4184 Galenus
1164 4129 1394 4194 exstitit,
1445 4126 1658 4180 tametsi
1733 4125 1785 4179 in
1855 4124 2128 4194 plerisque

547 4220 771 4290 Scriptis
799 4218 1196 4286 intempestivis
1224 4219 1338 4274 suis
1362 4216 1704 4273 sermonibus
1741 4230 1804 4270 ac
1828 4216 2125 4286 digressio-

548 4314 728 4379 nibus,
763 4312 1160 4382 praelongisque
1199 4311 1435 4381 periodis
1483 4325 1589 4363 non
1623 4310 1744 4365 sine
1775 4308 2020 4362 molestia
2058 4307 2126 4361 li-

547 4410 674 4463 bros
721 4406 1096 4471 commisceat,
1159 4405 1429 4459 dictorum
1458 4418 1678 4457 sensum
1744 4401 2016 4466 obscuret,
2071 4410 2125 4455 et

2242 1941 2271 1993 ὁ
2302 1938 2401 2008 μὲν
2421 1939 2530 2010 γὰρ
2545 1940 2871 2009 δογματικὺς
2894 1939 3039 2010 λόγῳ
3070 1940 3411 2010 κεχρημένος
3433 1940 3530 1994 καὶ
3567 1939 3663 2004 τὰς
3689 1942 3806 2010 μεθ-

2242 2029 2393 2094 όδους
2448 2030 2549 2100 τῆς
2597 2031 2842 2100 ἰατρείας
2879 2033 3148 2104 εὑρίσκων
3191 2031 3288 2103 τὴν
3339 2033 3541 2101 τέχνην
3576 2031 3803 2104 συνίστη-

2243 2137 2348 2185 σιν,
2377 2121 2405 2172 ὁ
2427 2121 2484 2175 δὲ
2519 2122 2840 2193 ἐμπειρικὸς
2864 2123 3047 2176 οὐκέτι
3077 2120 3154 2193 τῷ
3200 2122 3368 2194 λόγῳ,
3406 2123 3546 2177 ἀλλά
3568 2125 3632 2194 τῇ
3659 2124 3806 2196 πείρᾳ

2241 2213 2336 2266 καὶ
2360 2216 2427 2285 τῇ
2460 2215 2725 2285 τηρήσει·
2758 2217 2787 2269 ὁ
2813 2217 2868 2269 δὲ
2897 2215 3174 2286 μεθοδικδς
3223 2215 3696 2288 ἐπαγγελλόμενος
3721 2219 3802 2270 καὶ

2240 2305 2384 2376 λόγῳ
2412 2307 2508 2361 καὶ
2556 2308 2722 2378 πείρᾳ
2768 2307 3090 2378 κεχρῆσθαι,
3139 2307 3385 2378 ἀκριϐῶς
3435 2308 3492 2361 δὲ
3545 2307 3804 2380 μηδετέρῳ

2239 2397 2544 2469 χρώμενος,
2574 2399 2803 2461 είκότως
2820 2400 3034 2468 ,ἀμφοῖν
3061 2399 3276 2454 διοίσει.

2313 2491 2405 2553 EE;
2428 2496 2474 2558 γ’
2493 2491 2549 2542 δὲ
2571 2492 2836 2561 τμήματα
2860 2491 3150 2562 διαιρεῖται
3172 2495 3232 2547 τὸ
3260 2495 3439 2566 παρὸν
3465 2494 3684 2566 βιϐλίον.
3701 2498 3797 2550 Καὶ

2243 2583 2302 2634 ὲν
2347 2581 2446 2652 μὲν
2472 2582 2549 2653 τῷ
2593 2583 2793 2654 πρώτῳ
2821 2585 2920 2652 τὴν
2949 2585 3206 2639 σύστασιν
3235 2587 3334 2657 τῆς
3363 2589 3690 2659 ὲμπειρικῆς
3716 2588 3798 2641 καὶ

2241 2672 2578 2745 δογματικῆς
2639 2675 2966 2746 ἀναγράφει,
3007 2676 3066 2730 ὲν
3107 2670 3150 2744 ᾧ
3183 2679 3279 2731 καὶ
3307 2679 3534 2752 ὀποίαή
3585 2683 3798 2750 ἑκάστης

2242 2764 2398 2818 οὐσία
2414 2765 2688 2820 διδάσκειο
2720 2769 2779 2820 ὲν
2807 2768 2862 2820 δὲ
2894 2767 2973 2838 τῷ
3020 2768 3260 2841 δευτέρῳ
3322 2771 3540 2840 εἰσάγει
3586 2772 3680 2834 τὰς
3719 2771 3800 2826 δίο

2241 2855 2741 2926 διαφιλονεικούσας
2775 2859 3019 2931 αἱρέσεις
3050 2861 3309 2934 ἀλλήλαις
3339 2864 3439 2917 καὶ
3459 2863 3566 2916 τῶν
3595 2865 3636 2895 ⁶ί
3664 2882 3799 2936 πρω-

2239 2949 2400 3002 τείων
2429 2951 2910 3022 ἁμφισϐητούσας·
2936 2955 2994 3007 ὲν
3020 2955 3077 3008 δὲ
3103 2955 3184 3028 τῷ
3208 2962 3256 3025 γ’
3303 2958 3557 3027 τμήματι
3586 2960 3680 3032 τὴν
3708 2977 3796 3014 κα-

2240 3036 2510 3108 λουμένην
2586 3041 2799 3110 είσάγει
2859 3043 3153 3115 μεθοδικὴν
3209 3050 3332 3111 ταῖς
3397 3051 3796 3122 προειρημέναις

2240 3128 2362 3182 δυσὶ
2397 3131 2733 3204 μαχομένην,
2763 3136 3025 3197 κάκείνας
3055 3139 3100 3171 ⁸⁸
3135 3140 3272 3210 πρὸς
3296 3141 3528 3213 ταύτην,
3582 3145 3796 3214 ἑκάστης

2237 3221 2345 3276 τῶν
2369 3224 2536 3292 τριῶν
2565 3226 2632 3281 τὰ
2655 3228 2829 3281 οίκεῖα
2851 3231 3299 3304 προϐαλλομένης
3322 3235 3512 3290 δίκαια
3537 3239 3626 3291 καὶ
3650 3255 3798 3291 σπευ-

2235 3314 2430 3386 δούσης
2474 3320 2554 3382 είς
2584 3320 2683 3392 τὴν
2714 3323 2854 3376 κατὰ
2885 3324 2995 3378 τῶν
3039 3327 3354 3380 ὑπολοίπων
3396 3329 3574 3402 νίκην.
3617 3331 3700 3385 Ἐν
3725 3325 3794 3392 οἷς

2235 3409 2328 3458 καὶ
2359 3408 2418 3461 τὸ
2447 3412 2630 3481 τρίτον
2673 3414 3039 3486 ἀπαρτίζεται
3089 3419 3307 3489 τμῆμα.
3344 3421 3519 3492 Δῆλον
3571 3422 3614 3474 δ’
3640 3423 3715 3475 ὅτι
3743 3422 3794 3473 τὸ

2236 3500 2438 3570 βιϐλίον
2489 3503 2648 3557 τοῦτο
2679 3505 2788 3560 τῶν
2824 3508 2965 3562 κατὰ
2997 3509 3096 3580 τὴν
3157 3512 3415 3581 ἰατρικὴν
3461 3515 3790 3583 ἀναγνωσμὰο

2233 3610 2343 3646 των
2371 3597 2590 3650 πάντων
2629 3599 3029 3670 προτάττεσθαι
3065 3602 3293 3671 ὀφείλει,
3324 3607 3491 3678 εἴπερ
3523 3607 3601 3660 δεῖ
3623 3608 3792 3677 μαθεῖν

2238 3687 2362 3738 ποία
2403 3688 2594 3742 πασῶν
2622 3690 2821 3761 ἀρίστη
2881 3693 3114 3763 αἵρεσις,
3150 3696 3252 3748 είθ⁹
3313 3698 3463 3752 οὕτω
3520 3700 3682 3771 ταύτῃ
3708 3717 3788 3750 κε-

2233 3777 2492 3847 χρῆσθαι.
2532 3780 2629 3852 Ετη
2662 3781 2708 3835 δ’
2737 3781 2804 3835 ἂν
2833 3785 2954 3837 οὐδὲ
2981 3787 3187 3857 κυρίως
3229 3789 3479 3860 ἰατρικὸν
3504 3791 3562 3844 τὺ
3584 3791 3786 3861 βιϐλίον,

2230 3869 2367 3923 ἀλλὰ
2409 3875 2698 3944 προοιμίου
2727 3877 2891 3930 τόπον
2939 3878 3133 3949 ἐπέχον
3161 3882 3257 3934 καὶ
3286 3883 3578 3956 φιλοσοφίᾳ
3611 3883 3786 3950 μᾶλλον

2230 3961 2612 4032 ἀνακείμενον.
2660 3965 2830 4038 Δῆλον
2861 3969 2918 4022 δὲ
2961 3970 3064 4033 ὅτι,
3089 3972 3190 4025 ὅσα
3238 3991 3300 4042 γε
3328 3976 3426 4029 ὲπί
3459 3993 3517 4030 τε
3541 3975 3669 4042 λέξει
3705 3975 3785 4028 καὶ

2232 4055 2506 4121 συντάξει,
2553 4059 2794 4131 καθαρόν
2833 4062 2951 4115 ἐστι
2989 4065 3079 4118 καὶ
3122 4066 3378 4136 εὑκρινές
3403 4084 3418 4100 ο
3467 4068 3662 4121 τούτων
3689 4066 3779 4136 γάρ

2229 4147 2377 4200 ἐστιν
2401 4150 2458 4201 ὲν
2489 4151 2654 4204 πᾶσιν
2675 4154 2703 4206 ὁ
2726 4153 2964 4224 Γαληνὸς
3003 4158 3354 4229 φροντιστὴς,
3396 4161 3445 4213 εί
3480 4160 3568 4214 καὶ
3592 4161 3642 4212 ὲν
3667 4157 3773 4210 πολ-

2229 4235 2339 4300 λοῖς
2393 4239 2557 4292 αὐτοῦ
2601 4241 2708 4295 τῶν
2762 4249 3212 4315 συγγραμμάτων
3248 4249 3650 4321 ἀκαιρολογίαις
3691 4242 3768 4296 καὶ

2231 4335 2650 4401 παρεκτροπαῖς
2674 4332 2801 4406 [552
2834 4335 2929 4408 Β.]
2961 4339 3054 4390 καὶ
3087 4337 3165 4410 τῷ
3197 4339 3306 4393 τῶν
3338 4341 3600 4412 περιόδων
3643 4352 3763 4405 σχοι-

2229 4424 2436 4475 νοτενεῖ
2455 4425 2726 4494 φορτίζων
2754 4426 2798 4458 ⁸⁸
2830 4428 2900 4482 τὰ
2950 4428 3128 4500 βιϐλία
3157 4433 3349 4501 συγχεῖ
3378 4434 3474 4488 καὶ
3500 4431 3657 4486 σκοτοῖ
3675 4426 3762 4479 τῶν

545 4499 807 4554 orationis
841 4498 1038 4553 seriem
1070 4494 1470 4566 quodammodo
1516 4496 1828 4563 abrumpat,
1857 4493 2117 4547 lectorem

2239 4493 2633 4584 γεγραμμένων
2657 4516 2748 4569 τὸν
2771 4519 2921 4584 νοῦν,
2950 4493 3054 4589 τήν
3077 4540 3130 4575 τε
3159 4493 3481 4595 σύμφρασιν
3512 4523 3656 4578 οἱονεὶ
3679 4520 3766 4572 δια·

546 4592 711 4645 etiam
747 4591 920 4659 ipsum
963 4588 1296 4659 longioribus
1323 4587 1475 4642 hisce
1516 4586 1885 4641 deliramentis
1937 4585 1992 4639 in
2026 4598 2122 4638 ne-

2226 4601 2463 4666 κόπτων,
2495 4603 2684 4669 καὶείς
2708 4607 2940 4678 ἀκηδίαν
2965 4611 3115 4681 ἄγων
3149 4612 3237 4665 διὰ
3271 4611 3363 4666 τοῦ
3405 4612 3608 4685 μακροῦ
3628 4609 3768 4678 λήρου

545 4682 855 4752 gligentiam
905 4681 1178 4738 abducens
1213 4698 1228 4736 :
1260 4679 1459 4749 quibus
1517 4679 1711 4735 saltem
1761 4678 1906 4733 vitiis
1968 4685 2126 4730 vacat

2239 4692 2316 4745 τὸν
2356 4695 2628 4767 ἀκροατήν
2647 4713 2662 4727 ·
2719 4691 2794 4753 ὧν
2824 4701 2961 4766 τέως
2991 4678 3051 4756 τὸ
3086 4704 3258 4775 παρδν
3311 4678 3534 4776 βιϐλίον’
3559 4699 3773 4771 ἀπήλλα-

545 4775 648 4830 ltoc
683 4773 750 4829 de
787 4773 956 4829 sectis
999 4789 1155 4843 opus.

1231 4863 1438 4921 CLXV.

824 4955 1053 5010 Himerii
1099 4957 1346 5024 sophista:
1387 4956 1836 5010 Declamationes.

612 5044 793 5100 Lectae
815 5054 940 5100 sunt
969 5045 1192 5099 Himerii
1217 5045 1292 5116 (2)
1312 5045 1567 5114 sOphiStae
1597 5044 2017 5099 Declamationes
2046 5044 2124 5117 (5)

539 5153 635 5194 seu
657 5139 935 5192 Orationes
967 5139 1152 5193 varice.
1183 5137 1455 5194 Suasorize
1487 5139 1636 5201 dum,
1662 5138 1948 5206 iudiciales
1976 5150 2120 5194 tres:

540 5245 773 5298 quarum
817 5231 981 5284 etiaut
1013 5230 1127 5285 edit
1178 5238 1496 5299 argumenta
1524 5227 1626 5300 (4).
1659 5228 1726 5283 Et
1748 5231 2115 5286 suasoriarum

2227 4801 2370 4838 κται.

2857 4881 3018 4938 ΡΞΕ’.

2456 4968 2710 5038 Ἰμερίου
2734 4975 3037 5041 σοφιστοῦ
3074 4979 3252 5048 Λόγοι
3281 4977 3571 5050 διάφοροι.

2315 5056 2760 5130 Ἀνεγνώσθησαν
2823 5063 3055 5135 Ὶμερίου
3122 5068 3380 5136 σοφιστοῦ
3411 5059 3776 5127 Μελέται,καὶ

2229 5147 2406 5212 ἄλλως
2458 5151 2633 5222 Λόγοι
2681 5153 2974 5224 διάφοροι,
3002 5151 3079 5212 ὧν
3117 5159 3164 5191 ⁸⁸
3197 5157 3641 5230 συμϐουλευτικαί
3691 5153 3776 5222 μὲν

2226 5238 2341 5304 δύο,
2362 5240 2638 5298 δικανικαί
2659 5245 2716 5299 δὲ
2745 5248 2966 5318 μελέται
2989 5253 3168 5323 τρεῖς-
3209 5253 3414 5308 τούτων
3447 5253 3504 5307 δὲ
3535 5249 3623 5304 καὶ
3655 5262 3775 5317 προ·

1828 5348 2064 5404 VARUE
2106 5351 2510 5418 LECTIONES.

607 5438 649 5468 ⁶¹
686 5439 781 5491 καὶ
806 5438 912 5492 τῶν
937 5438 1025 5492 AC
1055 5439 1184 5493 ικαὶ
1207 5438 1336 5506 περὶ
1361 5438 1469 5492 τῶν
1501 5457 1560 5504 ς’.
1667 5440 1711 5470 ⁸⁸
1735 5441 1994 5514 κάκείνην
2024 5462 2085 5508 ς.

2183 5449 2229 5479 ⁸³
2262 5452 2564 5522 φροντίζων
2596 5476 2657 5522 ς-.

2759 5460 2806 5493 ⁸⁵
2832 5455 2908 5516 ὧν
2973 5465 3100 5519 add.
3140 5466 3204 5518 Α.

2058 5563 2293 5625 NOTAE.

619 5647 692 5712 (2)
724 5647 856 5702 Vide
895 5647 1138 5703 Suitlatu.

540 5696 690 5840 agri}
725 5719 924 5772 Earum
971 5717 1224 5789 excerpta
1274 5720 1522 5790 quaedam
1573 5721 1669 5777 inf.
1721 5725 1964 5794 reperies
1996 5728 2118 5783 cod.

2233 5665 2794 5794 ὧέἐῖηιπροθεωρίας,
2833 5673 2991 5744 quasi
3044 5675 3393 5746 prafationes
3445 5676 3507 5731 ad
3557 5689 3614 5730 ea
3673 5679 3778 5739 ιιιιεε
