4062 6450
336 318 442 387 461

1271 323 1799 384 BIBLIOTIIECA.
1819 347 1885 357 -·
1923 320 2139 381 CODD.
2165 322 2413 397 CLXIV,
2440 324 2653 383 CLXV.

3512 325 3620 389 462

338 435 579 504 θεωρίας
622 433 917 487 ἐκτίθεται.
972 434 1086 487 Καὶ
1145 434 1255 487 τῶν
1303 433 1780 505 συμϐουλευτικῶν
1837 432 1937 501 μὲν

2066 431 2258 498 [uident
2298 431 2532 500 primam
2567 429 2823 501 llyperidi
2861 430 3065 502 afﬁngit
3089 472 3103 495 ,
3132 434 3283 502 quasi
3321 450 3482 503 super
3517 439 3622 491 lie-

333 529 438 599 τὴν
475 527 709 598 πρώτην
754 528 834 589 εἰς
878 525 1173 596 Ὑπερίδην
1226 527 1474 579 διατυποῖ
1496 528 1540 558 ⁸⁵
1589 526 1750 596 δῆθεν
1793 527 1933 596 ὑπὲρ

337 620 727 691 Δημοσθένους
756 618 1257 687 συμϐουλεύουσαν,
1284 619 1383 690 τὴν
1433 619 1491 671 δὲ
1550 620 1629 682 εἰς
1653 619 1934 688 Δημοσθέ-

336 730 439 781 νην
475 711 644 764 αὑτὸν
682 709 823 781 ὑπὲρ
872 704 1127 780 Αἰσχίνου
1157 710 1257 781 τὴν
1315 710 1624 781 συμϐουλὴν
1671 710 1936 780 σχηματί-

337 802 528 866 ζοντα.
576 802 639 855 Οἱ
694 800 751 853 δὲ
786 800 965 853 λοιποὶ
1014 786 1183 871 τρεῖς,
1216 803 1244 854 ὁ
1290 801 1388 871 μὲν
1435 803 1558 855 κατ’
1608 800 1935 871 Ἐπικούρου

2040 523 2322 575 mosthene
2384 523 2706 577 deliberatio
2755 524 2846 576 sit.
2896 525 3138 578 Alteram
3199 541 3328 579 vero
3364 527 3463 597 ipsi
3522 528 3623 582 De-

2045 614 2315 669 mostheni
2346 656 2358 677 ,
2419 615 2871 671 consultationem
2924 632 3087 686 super
3145 617 3406 674 jEschine
3460 620 3623 675 eil'or-

2044 709 2233 762 manti.
2259 706 2445 761 Trium
2482 708 2812 776 reliquarum
2859 709 3035 777 prima
3072 725 3259 764 contra
3309 711 3622 781 Epicurum,

2047 800 2194 855 velut
2228 800 2521 867 impietatis
2555 814 2706 852 reum
2756 801 3080 858 instituitur.
3123 804 3309 857 Altera
3365 806 3625 860 adversus

336 892 741 948 διαπλάττεται
798 892 1056 956 ἀσεϐείας
1079 894 1299 965 γραφὴν
1346 893 1548 946 ὡσανεὶ
1570 894 1886 962 φεύγοντος,
1912 894 1939 945 ὁ

2066 893 2291 955 livitem,
2354 893 2447 962 qui
2500 894 2755 961 pauperis
2812 895 3079 965 integram
3122 897 3340 950 domum
3381 899 3629 952 scelestis

340 984 405 1037 es
436 986 585 1038 κατὰ
618 980 900 1050 πλουσίου,
957 987 1191 1058 πένητος
1242 980 1437 1056 ἀνδρὸς
1465 986 1644 1040 οἰκίαν
1668 986 1796 1054 ὅλην
1834 1004 1939 1055 μυ-

352 1079 556 1146 σαροῖς
588 1074 915 1139 κενώσαντος
971 1074 1238 1147 δράμασι,
1287 1078 1385 1129 καὶ
1411 1078 1575 1129 αὐτὸν
1606 1078 1815 1143 εἰσάγει
1851 1077 1941 1129 τὸν

358 1176 583 1239 πένητα
622 1168 1101 1239 διαγωνιζόμενον
1150 1171 1179 1222 ὁ
1223 1170 1281 1222 δὲ
1335 1169 1519 1240 τρίτος
1571 1169 1943 1238 Θεμιστοκλέα

366 1264 604 1334 παράγει
628 1262 839 1332 βασιλεῖ
872 1262 1097 1332 Περσῶν
1138 1260 1510 1332 ἀντιλέγοντα,
1568 1263 1787 1315 ἐπειδὰν
1814 1264 1947 1314 ὑπο-

368 1358 579 1423 σχέσεις
605 1356 809 1416 ἐκεῖνος
841 1352 1166 1425 προῦτεινεν
1198 1355 1242 1385 ⁸⁸
1271 1355 1411 1424 ὑπὲρ
1453 1355 1553 1424 τῆς
1577 1350 1672 1407 τοῦ
1706 1354 1945 1423 πολέμου

365 1445 730 1508 καταλύσεως.

434 1534 592 1590 Οὗτοι
626 1538 692 1609 δὴ
747 1536 898 1607 αὐτῷ
943 1538 992 1591 οἰ
1024 1536 1171 1606 λόγοι
1213 1538 1313 1608 τήν
1365 1555 1425 1590 τε
1452 1540 1507 1591 ὲν
1536 1538 1716 1606 λόγοις
1748 1538 1949 1609 ἀρετὴν

354 1630 524 1682 αὐτοῦ
574 1632 669 1682 καὶ
703 1630 812 1683 τῶν
870 1632 1161 1701 νοημάτων
1205 1629 1266 1683 τὸ
1301 1630 1537 1701 ἀνθηρὸν
1579 1632 1675 1685 καὶ
1704 1627 1838 1703 ἧκον
1871 1632 1951 1690 εἰς

350 1719 589 1789 δύναμιν
640 1722 844 1791 μᾶλλον
876 1721 985 1774 τῶν
1038 1720 1215 1776 ἄλλων
1272 1722 1543 1775 δεικνύειν
1577 1737 1696 1786 πως
1751 1721 1948 1792 ἐμελε-

2047 986 2163 1038 sais
2195 984 2527 1039 facinoribus
2550 987 2900 1050 exhauserat,
2932 988 3215 1056 ipsumque
3258 991 3395 1043 adeo
3427 1006 3625 1058 panpe-

2052 1094 2165 1131 rem
2204 1079 2411 1132 inducit
2442 1093 2660 1131 causam
2692 1082 2829 1133 hanc
2867 1092 3234 1148 perorantem.
3269 1081 3451 1134 Tertia
3487 1083 3627 1135 ’[Ιιυ-

2051 1172 2349 1224 Inistoclem
2381 1171 2506 1225 facit
2521 1174 2781 1225 adversus
2800 1172 3085 1227 Persarum
3108 1190 3287 1243 regem
3305 1177 3629 1229 sententiam

2050 1263 2341 1327 dicentem,
2372 1265 2590 1332 quando
2621 1264 2707 1316 hic
2750 1266 2815 1318 ad
2848 1264 3215 1320 amoliendum
3262 1266 3461 1321 bellum
3505 1282 3632 1335 pro-

2052 1355 2215 1408 missa
2250 1355 2399 1420 pacis
2434 1355 2715 1408 alierebat.

2130 1538 2225 1592 lla:
2289 1546 2467 1591 autem
2513 1537 2581 1590 ab
2610 1552 2675 1591 eo
2719 1547 2848 1591 sunt
2893 1538 3170 1593 orationes
3201 1540 3541 1608 conscriptae,
3577 1553 3634 1594 nt

2054 1631 2108 1686 in
2144 1633 2209 1685 iis
2253 1631 2677 1699 quodannnodo,
2710 1632 2831 1700 plus
2858 1647 3021 1701 qnam
3069 1632 3121 1684 in
3155 1634 3386 1694 cmteris,
3416 1634 3633 1689 dicendi

2054 1727 2161 1777 vim
2188 1740 2365 1787 suam,
2394 1724 2898 1792 sententiarumque
2939 1726 3124 1777 liorem
3166 1741 3264 1794 pro
3301 1726 3508 1781 viribus
3540 1744 3636 1781 ex-

347 1813 641 1883 τήθησαν·
696 1814 1010 1883 περιϐολαῖς
1037 1831 1095 1867 τε
1127 1814 1237 1884 γὰρ
1282 1814 1424 1869 κατὰ
1462 1815 1626 1883 ζῆλον
1671 1815 1950 1885 Δημοσθέ-

2066 1817 2282 1871 liberet.
2314 1816 2392 1869 Ad
2432 1817 2787 1869 imitationem
2822 1818 2962 1871 enini
3001 1818 3379 1873 Demosdienis
3396 1820 3636 1875 circum-

349 1922 485 1968 νους
521 1906 833 1972 πλεονάζει,
870 1909 962 1960 καὶ
996 1908 1074 1975 τῷ
1129 1909 1627 1980 πολυσχηματίστῳ
1673 1909 1949 1961 ποικίλλε-

348 2015 473 2063 ται,
514 2000 611 2052 καὶ
640 2001 759 2060 ταῖς
806 1999 977 2062 ἰδέαις
1007 1999 1188 2063 καλῶς
1220 2001 1348 2063 τοὺς
1394 2001 1589 2069 λόγους
1629 2002 1948 2070 κεράννυσι,

349 2094 437 2164 τῷ
475 2095 701 2164 μεγάλῳ
734 2094 779 2125 ⁸⁷
810 2093 1009 2164 μᾶλλον
1037 2092 1369 2163 ὐψούμενος’
1425 2096 1519 2147 καὶ
1544 2095 1689 2158 λέξει
1722 2095 1779 2147 δὲ
1810 2094 1951 2164 χρῆ-

354 2196 478 2249 ται,
512 2186 638 2238 ὅσον
674 2184 772 2255 μὲν
800 2187 881 2248 εἰς
903 2184 1075 2239 τύπον
1106 2184 1238 2257 [185
1268 2183 1362 2258 11.]
1382 2187 1477 2240 καὶ
1502 2189 1567 2256 τῇ
1604 2187 1728 2239 καθ’
1752 2185 1952 2256 ἑαυτὴν

359 2278 619 2348 σημασίᾳ
647 2278 742 2331 καὶ
771 2278 1027 2348 ἐμφάσει,
1059 2277 1211 2333 οὐδὲν
1234 2275 1281 2310 ⁸⁸
1307 2274 1402 2331 τοῦ
1438 2277 1645 2347 σαφοῦς
1701 2278 1956 2348 λειπομέ’

358 2386 466 2443 νῃο
502 2370 560 2423 τὸ
590 2369 645 2422 δὲ
671 2368 856 2431 λύσεις
885 2369 1056 2432 αὑτάς
1088 2370 1369 2439 ὀνομάτων
1397 2369 1471 2431 ὡς
1502 2370 1595 2421 ἐπὶ
1620 2368 1681 2421 τὸ
1706 2367 1955 2421 πλεῖστον

361 2458 513 2514 εἶναι
542 2461 736 2526 ξενίζει
764 2462 863 2531 μὲν
902 2460 1041 2530 μετὰ
1087 2459 1183 2514 τοῦ
1210 2458 1364 2531 ἡδέος
1390 2461 1488 2532 τὴν
1513 2462 1704 2532 ἀκοὴν,
1728 2463 1789 2514 ού
1826 2462 1955 2531 μέν·

364 2565 456 2603 τοι
506 2552 618 2612 τοῖς
652 2550 868 2613 πολλοῖς
899 2550 987 2601 ἐπ’
1022 2550 1143 2621 ῖσης
1176 2551 1478 2621 παρέχεται
1500 2551 1600 2622 τὴν
1627 2552 1951 2621 κατάληψιν.

366 2640 562 2713 Σαφὴς
597 2642 655 2695 δὲ
685 2642 779 2695 καὶ
802 2645 915 2706 τοῖς
943 2644 1040 2713 τῆς
1069 2645 1380 2714 εὐκρινείας
1415 2643 1693 2715 ἰδιώμασι.
1727 2638 1961 2716 Χρώμε-

367 2751 466 2796 νος
524 2734 594 2796 δ’,
616 2734 691 2796 ὡς
714 2736 872 2804 ἔφην,
906 2734 1167 2806 περιϐολῇ
1188 2737 1254 2806 τῇ
1284 2752 1343 2787 τε
1363 2737 1482 2788 κατ’
1511 2735 1842 2803 αἰτιολογίαν
1866 2736 1962 2789 καὶ

369 2827 551 2889 ἄλλως
619 2826 985 2899 [κεχρημένος
1027 2828 1096 2900 θ’]
1158 2828 1451 2897 φαίνεταιο
1511 2832 1733 2897 γοργοίς
1778 2826 1961 2898 μέντοι

369 2924 492 2987 ’τοῖς
544 2923 822 2993 σχήμασιν
868 2923 1157 2985 ἀποδιδοὺς
1186 2922 1284 2993 τὴν
1317 2922 1365 2954 ⁷⁸
1400 2919 1654 2975 ἐντεῦθεν
1693 2923 1964 2987 ἀσάφειαν

371 3016 718 3086 ἐκκαθαίρει.
751 3016 863 3069 Καὶ
899 3015 1193 3087 ὑπερϐατῷ
1226 3014 1283 3069 δὲ
1311 3016 1405 3069 καὶ
1440 3018 1641 3087 τροπῇ,
1674 3016 1724 3067 εἰ
1748 3016 1964 3084 καὶτῆς

374 3105 675 3175 περιϐολῆς
701 3106 788 3158 ἐπ’
818 3105 1061 3172 ἔλαττον,
1096 3107 1246 3176 ὅμως
1281 3106 1517 3160 ἐνταῦθα
1549 3102 1719 3177 πολλῇ
1756 3108 1851 3159 καὶ
1877 3108 1966 3159 εύ-

375 3200 533 3265 φυῶς
567 3200 787 3269 χρῆται.
824 3199 936 3251 Καὶ⁹
976 3198 1230 3261 σύντονος
1274 3200 1332 3251 ὲν
1366 3198 1576 3262 τούτοις
1607 3199 1702 3253 καὶ
1742 3200 1962 3270 γοργὸς,

370 3290 514 3341 ὅπου
544 3289 747 3360 δεήσοι.
784 3286 927 3342 Ἀλλ’
951 3287 1009 3343 ὲν
1043 3289 1143 3359 μὲν
1167 3292 1280 3352 τοῖς
1305 3291 1618 3362 εἰρημένοις
1646 3286 1825 3361 λόγοις
1859 3310 1967 3345 τοι-

370 3398 561 3445 ουτος.

2053 1910 2484 1981 ductionibus(5)
2509 1910 2769 1973 abundat,
2789 1927 2852 1965 ac
2883 1912 3064 1966 riiultis
3092 1912 3460 1969 schematibus
3487 1915 3636 1969 varie

2055 2002 2422 2070 distinguitur.
2445 2002 2584 2055 ldeis
2620 2002 2749 2055 item
2783 2001 3009 2071 pulchre
3034 2004 3313 2057 orationes
3345 2015 3635 2072 temperat.

2056 2094 2273 2149 sublimi
2309 2108 2367 2146 se
2407 2092 2621 2146 dicendi
2681 2108 2881 2163 genere
2917 2095 3089 2162 magis
3138 2093 3390 2148 eﬂ‘ercns.
3447 2093 3639 2148 Verbis

2057 2188 2122 2239 ad
2151 2188 2263 2241 haec
2297 2186 2486 2251 utitur,
2526 2199 2649 2254 quae
2690 2185 2778 2255 (ad
2829 2185 3055 2240 formam
3093 2186 3284 2240 saltem
3335 2187 3479 2256 quod
3511 2188 3640 2240 atti-

2061 2278 2173 2349 net)
2214 2295 2388 2349 neque
2420 2280 2488 2333 ob
2519 2278 2797 2349 propriam
2829 2295 2983 2333 suam
3021 2279 3322 2344 notionem,
3365 2295 3543 2343 neque
3572 2280 3642 2331 ob

2060 2370 2361 2439 emphasim
2421 2384 2449 2423 a
2508 2370 2899 2439 perspicuitate
2962 2371 3276 2425 recedunt:
3314 2372 3459 2436 etsi,
3511 2373 3641 2440 quia

2064 2464 2337 2514 nominum
2417 2462 2803 2517 dissolutiones
2857 2462 2934 2533 (6)
3007 2473 3066 2517 ut
3128 2462 3420 2531 plurimum
3486 2473 3636 2525 sunt,

2063 2566 2223 2605 aures
2294 2553 2514 2620 quidem
2587 2567 2710 2606 cum
2762 2551 3110 2621 iucunditate
3182 2553 3471 2620 peregrino
3544 2568 3645 2606 suo

2063 2659 2198 2699 sono
2245 2643 2445 2699 feriunt
2503 2663 2518 2700 :
2578 2648 2674 2700 sed
2742 2660 2849 2698 non
2906 2660 3060 2715 aeque
3121 2660 3150 2697 a
3242 2647 3403 2715 vulgo
3447 2645 3644 2699 inteili-

2064 2746 2281 2807 guntur.
2346 2737 2539 2792 Clarus
2622 2753 2836 2805 quoque
2886 2746 2969 2792 est
3038 2754 3224 2792 carum
3296 2755 3477 2793 rerum
3548 2739 3649 2794 oi)-

2066 2830 2399 2894 servatione,
2433 2844 2555 2897 qua:
2608 2829 2677 2883 ad
2724 2830 3036 2884 distinctam
3087 2832 3386 2884 orationem
3431 2831 3650 2900 preprie

2067 2922 2361 2990 pertinent.
2400 2920 2583 2976 Utitur
2620 2923 2810 2984 etiam,
2868 2930 2928 2973 nt
2975 2922 3237 2987 diximus,
3272 2923 3653 2992 complexione

2069 3027 2191 3064 cum
2220 3011 2371 3074 alibi,
2410 3018 2523 3065 tum
2580 3009 2667 3063 ubi
2719 3010 2797 3063 rei
2857 3008 3089 3075 alicujus
3142 3010 3407 3063 rationem
3454 3010 3647 3063 reddit.

2072 3100 2208 3156 Dum
2269 3117 2400 3156 vero
2475 3102 2718 3156 incitatis
2770 3101 3140 3156 schematibus
3183 3116 3337 3155 suam
3388 3100 3652 3155 redditio-

2072 3213 2193 3250 nem
2226 3194 2472 3264 apponit,
2498 3195 2660 3249 simul
2681 3198 2845 3249 etiam
2875 3208 3114 3257 omnem,
3143 3207 3262 3262 quae
3287 3208 3355 3247 ex
3399 3192 3504 3247 illis
3531 3202 3650 3247 orta

2072 3286 2271 3354 fuerat,
2311 3288 2696 3342 obscuritatem
2741 3285 2899 3339 tollit.
2950 3284 3318 3356 Hyperbatum
3367 3295 3653 3353 praeterea,

2076 3399 2137 3438 ac
2166 3392 2399 3451 tropum,
2435 3381 2638 3451 108a
2681 3379 2781 3433 etsi
2815 3381 2991 3436 rarius
3012 3396 3174 3450 quam
3198 3380 3651 3450 complexionem,

373 3481 701 3548 frequenter
738 3488 914 3534 tamen
947 3478 1040 3533 hic
1078 3485 1134 3532 et
1186 3478 1323 3532 scite
1378 3478 1625 3543 adhibet,
1690 3493 1795 3533 non
1850 3477 1966 3531 sine
2004 3478 2355 3532 contentione
2383 3486 2546 3545 atque
2574 3476 2885 3538 velocitate,
2937 3491 3061 3529 cum
3097 3476 3316 3545 quidem
3382 3475 3455 3529 ita
3516 3491 3654 3545 opus

374 3581 488 3625 est.
532 3568 717 3623 Talem
754 3571 919 3639 igitur
945 3585 1003 3624 se
1031 3567 1085 3623 in
1115 3567 1200 3633 iis,
1234 3585 1371 3637 quas
1416 3570 1755 3633 enumeravi,
1797 3570 2141 3624 orationibus
2169 3567 2413 3621 exhibet.

467 3662 702 3732 Ἐφεξῆς
752 3662 808 3714 δὲ
834 3658 1039 3714 τούτων
1096 3660 1283 3713 τάττει
1329 3660 1421 3713 τὸν
1447 3659 1886 3731 Πολεμαρχικδν,
1917 3658 1977 3723 ὃς

376 3756 665 3825 ἐγκώμιόν
700 3756 815 3809 ἐστι
847 3753 956 3809 τῶν
990 3754 1129 3826 ὑπὲρ
1163 3753 1477 3824 ἐλευθερίας
1508 3755 1644 3825 πρὸς
1669 3754 1884 3823 Πέρσας
1919 3755 1977 3805 ὲν

390 3851 539 3921 μάχῃ
577 3848 853 3903 πεσόντων
889 3848 985 3901 καί
1024 3847 1263 3917 πολέμου
1296 3846 1542 3907 ἔπαινος.
1574 3846 1712 3899 Μεθ’
1737 3847 1796 3897 ὃν
1829 3846 1977 3896 ὲστιν

395 3942 427 3992 ὁ
461 3938 905 4009 Ἀρεοπαγιτικὸς
936 3936 970 4007 ἢ
996 3938 1089 3989 καὶ¹
1113 3934 1541 4006 ἐλευθερωτικὸς
1578 3931 1861 4001 Ῥουφίνου
1882 3926 1977 3983 τοῦ

392 4032 594 4085 οἰκείου
628 4030 767 4083 υἱοῦ.
791 4025 959 4091 Οὗτος
986 4029 1047 4082 οὐ
1071 4028 1115 4060 ⁷⁸
1141 4024 1543 4096 πλασματικὸς,
1568 4024 1676 4078 οὐδ’
1703 4025 1731 4076 ὁ
1752 4025 1973 4094 ἑφεξῆς,

387 4124 423 4193 ἡ
456 4126 537 4185 εἰς
584 4123 678 4176 τὸν
712 4121 876 4176 αὑτὸν
923 4120 1036 4174 υἱὸν
1085 4120 1490 4189 τελευτήσαντα
1544 4116 1800 4188 μονῳδία.
1837 4111 1976 4169 Εἰτα

382 4214 754 4285 ἐπιθαλάμιος
774 4217 850 4277 εἰς
871 4213 1087 4284 ἑταῖρον
1110 4211 1351 4282 Σεϐἦρον
1367 4227 1382 4243 ο
1416 4212 1523 4264 οὐδ’
1556 4210 1599 4242 ⁷⁵
1617 4206 1770 4273 οὗτος
1796 4206 1852 4262 δὲ
1880 4211 1976 4277 δη·-

382 4305 571 4360 λονότι
615 4306 725 4359 τῶν
758 4307 805 4337 ⁷³
834 4302 1255 4374 πλασματικῶν.
1310 4302 1513 4355 Τούτου
1556 4301 1613 4355 δὲ
1660 4302 1822 4354 πάλιν
1885 4302 1979 4354 καὶ

387 4399 633 4469 θεωρίαν
690 4397 1143 4468 προκαθίστησιν.
1186 4392 1300 4465 Ἐφ’
1334 4391 1413 4459 οἷς
1473 4396 1732 4465 Διογένης
1769 4395 1802 4466 ἢ
1840 4412 1976 4463 προ-

388 4492 708 4562 πεμπτικός
730 4509 743 4523 ι
778 4491 1105 4561 σεμνύνεται
1138 4490 1193 4543 δὲ
1224 4490 1317 4543 καὶ
1338 4483 1492 4551 οὗτος
1521 4489 1853 4560 προθεωρίᾳ,
1887 4489 1981 4541 καί

2151 3658 2385 3727 thjicit
2418 3658 2482 3713 iis
2513 3656 2983 3711 Polemarchicum
3015 3655 3102 3729 [ut
3132 3654 3309 3729 vocat]
3344 3674 3513 3727 aqua?
3535 3663 3655 3731 qnio

2076 3753 2195 3806 dein
2220 3752 2395 3805 oratio
2427 3766 2614 3805 eorum
2644 3751 2734 3819 qui
2764 3765 2860 3817 pro
2888 3751 3078 3820 patriae
3100 3751 3352 3806 libertate
3376 3767 3498 3806 cum
3528 3753 3657 3807 Per-

2076 3845 2152 3899 sis
2184 3842 2401 3897 fortiter
2438 3844 2725 3913 pugnando
2767 3843 3103 3909 ceciderunt,
3161 3845 3401 3898 laudatio
3447 3856 3552 3913 est,
3604 3859 3658 3901 et.

2077 3936 2202 3991 belli
2231 3934 2391 3989 simul
2444 3935 2663 3989 brevem
2718 3934 2931 3989 laudem
2965 3937 3233 3990 continet.
3271 3937 3420 3992 Hanc
3455 3940 3661 4008 excipit

2085 4028 2487 4098 Areopagitica,
2527 4028 2643 4083 sive
2695 4044 2792 4097 pro
2835 4028 3089 4083 libertate
3137 4029 3315 4084 Ruﬁni
3372 4031 3489 4094 ﬁlii,
3541 4048 3661 4102 quae

2086 4123 2272 4177 ﬁctilia
2302 4139 2407 4176 non
2443 4131 2544 4185 est,
2594 4130 2651 4175 ut
2705 4137 2879 4191 neque
2927 4138 3159 4190 sequens
3205 4125 3256 4177 in
3310 4125 3559 4179 eumdem
3601 4129 3662 4179 li—

2087 4213 2218 4267 lium
2254 4229 2446 4269 recens
2472 4217 2575 4268 vita
2612 4214 2854 4268 functum
2893 4216 3165 4269 monodia.
3208 4216 3417 4271 Dehinc
3455 4216 3665 4284 epitha-

2088 4311 2285 4364 lamins
2341 4324 2520 4363 sermo
2571 4311 2623 4362 in
2658 4309 2916 4363 Severum
2960 4310 3201 4373 socium,
3259 4311 3348 4377 qui
3412 4326 3511 4365 nec
3544 4312 3658 4380 ipse

2092 4403 2315 4456 lictitius
2339 4414 2445 4466 est,
2469 4414 2523 4455 et
2542 4402 2737 4455 iterum
2769 4414 3143 4471 argumentum
3167 4403 3446 4472 praeﬁxum
3479 4403 3661 4457 habet.

2093 4493 2353 4562 Deinceps
2388 4495 2782 4565 Diogenes,seu
2807 4492 3218 4561 Propempticus
3240 4495 3339 4565 (7).
3372 4494 3496 4549 Haec
3526 4511 3665 4563 quo-

391 4600 461 4651 γε
493 4585 589 4637 καλ⁵
621 4584 696 4648 ὡς
727 4582 963 4653 διαλόγῳ
989 4581 1257 4637 τυποῦται
1278 4582 1668 4651 πλαττόμενος.
1698 4572 1831 4635 Εἶτα
1852 4581 1954 4653 πρὸ

2092 4601 2196 4654 que
2236 4595 2560 4655 argumento
2591 4596 2823 4640 ornatur
2866 4601 2929 4639 ac
2956 4586 3292 4655 dialogorum
3331 4601 3486 4641 more
3528 4586 3670 4641 ﬁctis

391 4678 523 4738 τοὺς
544 4676 793 4745 ἑταίρους
819 4677 1235 4745 συντακτήριος,
1268 4676 1357 4728 ὅτε
1391 4672 1538 4745 ἐξῄει
1580 4676 1660 4736 εἰς
1692 4673 1977 4744 Κόρινθον.

394 4765 570 4821 Πάλιν
618 4769 699 4829 εἰς
748 4763 1048 4819 Φλαϐιανὸν
1105 4765 1584 4835 προπεμπτήριος,
1638 4763 1983 4833 προαχθέντα

2090 4676 2338 4745 personis
2372 4677 2709 4732 conformata
2743 4687 2846 4732 est.
2885 4676 3021 4732 Hinc
3056 4679 3123 4731 ad
3167 4679 3357 4745 socios:
3386 4677 3672 4749 Syutacte-

2091 4768 2205 4822 rius
2244 4770 2343 4840 (8),
2381 4768 2603 4838 quando
2656 4768 2976 4823 Corinthum
3012 4769 3478 4839 proﬁciscebatur.
3530 4768 3669 4824 Pro-

1710 4878 1944 4933 VARIIE
1980 4879 2387 4936 LECTIONES.

466 5004 514 5035 ⁸⁸⁸
547 5000 773 5055 ὲκτυποῖ
803 5016 864 5065 ς.
939 4996 984 5027 ⁸⁸
1016 4993 1348 5065 προτείνειεν
1367 5009 1435 5065 ξς.
1586 4992 1950 5065 μεγαλείως.

2027 4994 2072 5026 ⁸⁸
2100 4993 2222 5047 οὐδὲ
2246 5013 2306 5060 ς.
2368 4995 2413 5027 ⁸⁸
2448 4995 2786 5067 κεχρημένος
2805 5011 2918 5053 om.
2950 5012 3035 5066 pr.
3057 4995 3119 5051 C.

397 5092 461 5128 τε
495 5091 557 5139 ς.
604 5061 949 5140 Stephanus:
981 5061 1101 5120 libri
1127 5068 1175 5120 ὁ.
1251 5065 1297 5095 τ’
1326 5061 1437 5115 οὐδ’
1456 5062 1580 5116 add.
1608 5061 1675 5116 Α.
1749 5062 1793 5094 ’³
1818 5061 1924 5117 τῶν
1950 5082 2059 5119 om.
2094 5068 2160 5119 A.

3228 4996 3272 5029 ὀ
3296 4997 3394 5068 τὴν
3436 4996 3519 5049 A:
3572 4997 3673 5066 τήν

1950 5185 2182 5245 NOTAL‘.

477 5283 555 5351 (5)
586 5280 920 5352 περιϐολαῖς.
977 5278 1053 5334 De
1131 5278 1332 5348 quibus
1389 5274 1779 5349 Hermogenes,
1832 5280 1928 5336 lib.
1975 5296 1992 5334 ι

402 5354 674 5409 Idearum.

471 5424 549 5493 (6)
584 5425 783 5484 Λύσεις
810 5419 1118 5493 όνομάτων,
1173 5434 1310 5493 quas
1365 5418 1668 5493 Demetrius
1696 5421 1994 5493 Phalareus

408 5486 542 5547 πει-ξ’
561 5496 781 5563 scripsit
809 5486 1064 5552 λυθέντος
1097 5486 1361 5563 ὀνόματος
1392 5488 1663 5563 εζςλόγον
1698 5486 1809 5544 οἷον
1845 5495 1993 5545 σίτου

722 5564 844 5615 ἀντί
931 5554 1352 5630 σιτουπορξπίας.
1432 5554 1589 5630 ΥἱιΙιί
1639 5562 1707 5614 ibi
1768 5567 1992 5618 doctiss.

407 5581 640 5632 πομπη,
722 5581 844 5615 αντι
931 5581 1352 5630 σιτουπομπιας.
1444 5581 1566 5613 Viue
1639 5581 1707 5614 ιυι
1768 5581 1902 5616 nocu

411 5632 720 5687 P.Victorii
749 5632 1046 5686 Comment.
1083 5642 1137 5684 et
1168 5632 1395 5684 Aristol.
1432 5628 1645 5684 Rlielor.
1689 5631 1781 5685 lib.
1817 5648 1902 5688 ιιι.

481 5704 560 5771 (7)
591 5704 691 5769 Qui
745 5702 907 5756 fausti
981 5701 1181 5757 ominis
1213 5716 1377 5757 causa
1426 5702 1495 5757 ad
1550 5702 1824 5758 hominem
1871 5717 1995 5758 mox

411 5773 786 5845 proiecturum
818 5772 1067 5828 habetur.

2178 5282 2252 5354 (8)
2292 5279 2439 5337 idem
2471 5280 3018 5354 quiﬁmraxtﬁpzo;
3046 5289 3114 5354 ut_
3133 5280 3289 5354 docet
3315 5278 3535 5354 doctiss.
3563 5275 3677 5330 Bil-

2104 5348 2211 5409 lius
2235 5348 2305 5409 ad
2332 5348 2551 5408 SJoa'n.
2574 5348 2896 5407 Damasceni
2918 5363 3059 5408 orat.
3081 5351 3154 5404 De
3200 5348 3399 5418 ﬁdelib.
3432 5349 3671 5413 defunct.

2104 5426 2272 5493 si-hol.
2302 5424 2395 5486 48,
2426 5435 2479 5478 et
2508 5423 2563 5478 S.
2591 5423 2752 5493 Greg.
2787 5424 3009 5477 Naxian.
3046 5417 3285 5493 oraui’ii
3313 5417 3671 5493 describitur:

2115 5492 2175 5547 ’0
2211 5498 2267 5547 ἐν
2308 5495 2510 5560 ἐξόδοις
2540 5496 2648 5546 τῶν
2682 5488 2894 5547 πόλεων
2943 5494 3037 5545 ἐπὶ
3073 5491 3181 5543 τῶν
3213 5489 3488 5560 ἀρχόντων
3533 5488 3677 5560 ἁπο⁴

2106 5557 2480 5637 χαιρετισμός.
2508 5563 2646 5619 Vide
2667 5566 2746 5637 de
2772 5564 3151 5637 hoc_,_aliisq_ue
3200 5557 3339 5630 apud
3376 5557 3674 5637 llimerium

2106 5629 2415 5689 oralionuin
2474 5635 2806 5703 generibus,
2865 5629 3570 5699 Menandrum'sophistam
3624 5629 3676 5678 iu

2107 5704 2450 5776 Epidicticis.
