4062 6488
426 379 532 442 463
1522 373 1791 435 ΡΗΟΤΙΙ
1834 373 2026 433 ΡΛἸἪ

2131 369 2348 432 RCH/E
2376 371 2486 432 ΟΡ.
3613 363 3720 424 464
3771 357 3783 368 ’

426 488 756 558 pu-nupterius
827 497 963 538 aiter
1024 485 1089 538 ad
1151 483 1469 537 Flavianum
1529 483 1673 535 Asia:
1733 479 2010 534 consulem

2131 482 2212 552 τῆς
2240 477 2425 544 Ἀσίας
2460 479 2685 533 ὕπατον.
2722 475 2952 547 Ἑφεξῆς
2981 479 3061 540 είς
3103 478 3233 540 τοὺς
3287 476 3430 546 περὶ
3464 475 3720 529 Πείσωνα

431 587 654 637 factum.
690 578 892 634 Deinde
922 579 974 631 in
1004 574 1255 632 Pisonem
1313 578 1573 629 advenam
1645 573 1745 643 (9).
1779 572 2016 626 Rursum

2131 573 2402 642 νεήλυδας.
2463 572 2631 626 Πάλιν
2668 569 3084 642 προπεμπτικὺς
3112 569 3160 600 ⁷⁸
3186 570 3219 636 ἢ
3254 568 3579 636 Διογένης.
3611 569 3718 622 Καὶ

443 674 817 743 Protreptica,
871 686 992 741 qua:
1048 679 1103 723 et
1182 669 1438 739 Diogenes
1487 666 1822 722 inscribitur.
1881 662 2019 717 Hinc

2131 667 2330 736 σχέδιον
2379 666 2577 736 ἐφεξῆς
2615 666 2708 718 ἐπὶ
2735 667 2802 734 τῇ
2851 663 3118 734 γενομένῃ
3147 663 3337 716 στάσει
3374 663 3437 714 ἐν
3469 660 3604 732 [555
3627 659 3724 733 IL]

429 765 708 820 Schedium
737 761 883 833 (10),
904 759 974 814 οὶ)
1006 760 1407 815 contentionem
1439 758 1491 811 in
1535 754 1722 810 schola
1749 763 2015 808 exortam.

427 861 483 914 in
516 860 814 931 Cyprorum
846 858 1156 910 adventum.
1193 853 1248 907 In
1285 854 1514 923 primum
1539 863 1696 904 suum
1726 864 1756 904 θ
1807 848 2018 917 Cappa-

427 951 584 1004 docia
641 948 964 1003 auditorem.
1025 947 1154 1000 Mox
1214 945 1415 1015 ingenii
1508 939 1784 1012 quoddam
1846 939 2022 1008 speci-

431 1057 576 1104 men,
617 1038 838 1109 quando
866 1045 924 1090 ut
946 1037 1156 1091 diceret
1202 1043 1427 1102 rogatus
1452 1031 1722 1087 recusavit
1751 1031 2016 1100 primum:

430 1135 498 1187 de
521 1147 628 1201 quo
667 1139 845 1183 tamen
881 1129 997 1196 ipso
1023 1139 1207 1194 postea
1241 1127 1498 1180 disseruit
1529 1165 1544 1189 ,
1575 1123 1806 1178 Pulchra
1837 1125 2018 1177 omnia

420 1227 594 1276 etiam
635 1236 756 1275 esse
788 1236 935 1273 rara.
961 1218 1017 1272 ln
1052 1218 1355 1272 Musonium
1389 1217 1500 1288 (11)
1537 1216 1762 1272 Graeciaa
1793 1229 2021 1284 procoa-

429 1315 636 1378 sulem;
670 1315 722 1365 in
758 1310 1019 1366 Severum
1064 1324 1279 1379 quoque
1311 1311 1600 1369 advenam,
1645 1304 2022 1374 Symplegada!

432 1404 772 1475 praefectum.
829 1401 965 1456 llinc
1032 1402 1419 1456 sermocinatio
1451 1401 1597 1472 (1‘2);
1650 1401 1701 1454 in
1736 1400 2020 1455 Ursacium

433 1498 722 1563 comitem;
759 1497 814 1551 in
846 1494 1106 1550 Severum
1139 1493 1415 1558 sodalem;
1448 1495 1499 1546 in
1536 1493 1843 1564 Scylacium
1871 1490 2022 1546 Grae-

435 1594 532 1644 cize
564 1590 980 1659 proconsulem;
1007 1588 1058 1640 in
1086 1586 1348 1656 Ephesios
1397 1585 1662 1654 hospites,
1695 1600 1758 1638 ac
1811 1583 2013 1656 Mysos,

371 1699 374 1703 '
433 1684 739 1752 Leonisque
759 1682 938 1746 cives;
985 1681 1038 1734 in
1074 1678 1288 1734 sodales
1313 1693 1342 1732 e
1371 1679 1581 1748 patria;
1617 1678 1668 1731 in
1706 1678 2020 1731 Athena-um

2119 763 2186 830 τῇ
2205 759 2476 830 διατριϐῇ,
2499 759 2580 823 εἰς
2608 776 2669 812 τε
2697 759 2798 830 τὴν
2824 758 2934 811 τῶν
2958 757 3224 827 Κυπρίων
3259 753 3598 824 ἐπιδημίαν,
3628 752 3724 806 καὶ

2122 854 2200 914 είς
2217 852 2308 904 τὸν
2334 851 2551 922 πρῶτον
2588 853 2652 904 ὲκ
2679 850 3076 912 Καππαδοκίας
3128 847 3294 901 αὐτοῦ
3349 845 3724 916 ἀκροασάμε-

2121 963 2228 998 νον.
2256 941 2387 998 Εἷτα
2412 945 2691 1011 ἐπίδειξις,
2710 946 2832 998 ὅστε
2855 943 3292 1013 ἀναϐαλλόμενος
3325 941 3516 994 εἰπεῖν
3546 937 3725 1003 ἀξιού-

2125 1055 2283 1108 μενος
2307 1040 2386 1101 είς
2403 1037 2533 1090 αὐτὸ
2561 1037 2719 1090 τοῦτο
2738 1036 3052 1099 διείλεκται,
3073 1036 3154 1090 ὅτι
3191 1032 3412 1088 Σπάνια
3437 1033 3512 1086 τὰ
3557 1031 3722 1086 καλά.

2124 1131 2233 1185 Ka't
2261 1132 2341 1194 είς
2386 1130 2705 1184 Μουσώνιον
2738 1129 2794 1183 δὲ
2835 1130 2927 1183 τὸν
2962 1127 3270 1182 ἀνθύπατον
3307 1125 3601 1190 Ἑλλάδος,
3636 1129 3728 1180 καὶ

2122 1227 2199 1288 είς
2232 1225 2471 1295 Σεὸἧρον
2505 1223 3016 1294 νέηλυνὲπιστάντα
3053 1220 3436 1291 συμπληγάδι.
3473 1213 3614 1271 Εἶτα
3637 1217 3730 1272 λα⁸

2122 1319 2232 1384 λιά,
2259 1319 2352 1373 καλ⁷
2387 1319 2466 1382 είς
2493 1318 2585 1370 τὸν
2614 1317 2829 1386 κόμητα
2866 1315 3195 1385 Ούρσάκιον,
3232 1315 3329 1367 καὶ
3359 1314 3450 1376 εἰς
3481 1311 3728 1382 Σεϐῆρον

2122 1409 2399 1481 ἕτερονπ,
2453 1409 2548 1461 καὶ
2600 1410 2682 1468 είς⁹
2728 1406 3028 1461 Σκυλάκιον
3089 1402 3407 1459 ἀνθύπατον
3446 1402 3726 1468 Ἑλλάδος,

2125 1504 2218 1558 καὶ
2242 1498 2608 1572 εἰς’νεήλυδας
2650 1500 2934 1569 Ἐφεσίους
2975 1499 3070 1553 καὶ
3095 1499 3318 1562 Μυσοὺς
3350 1496 3456 1550 καὶ
3499 1496 3728 1560 πολίτας

2123 1593 2216 1646 τοῦ
2237 1594 2482 1653 Λέοντος.
2514 1586 2649 1644 Εἶτα
2673 1592 2751 1652 είς
2779 1593 2905 1653 τοὺς
2930 1591 2994 1644 ὲκ
3025 1590 3288 1660 πατρίδος
3311 1589 3606 1659 ἑταίρους,
3635 1592 3729 1644 καὶ

2125 1687 2205 1748 εἰς
2246 1684 2529 1755 Ἀθήναιον
2557 1684 2794 1753 κόμητα,
2835 1683 2933 1735 καὶ
2984 1683 3064 1745 εἰς
3124 1682 3408 1753 Πριὸᾶτον
3451 1681 3727 1751 Ῥωμαῖον

435 1776 724 1839 comitem;
781 1774 835 1828 in
877 1772 1156 1826 Privatum
1232 1770 1578 1831 Romanum,
1645 1770 1738 1838 qui
1790 1768 2018 1838 Ampelii

2131 1777 2452 1830 παιδεύοντα
2505 1775 2596 1828 τὸν
2633 1775 2800 1828 παῖδα
2858 1773 3153 1844 Ἀμπελίου
3217 1775 3311 1828 τοῦ
3378 1774 3728 1838 ἀνθυπάτου,

433 1866 776 1940 proconsulis
794 1864 962 1919 (ilium
985 1863 1334 1928 instituebat;
1365 1863 1418 1915 in
1447 1861 1676 1916 reditum
1730 1860 2016 1926 Corintho;

2131 1869 2218 1922 καὶ
2239 1867 2301 1938 δὴ
2336 1867 2428 1920 καὶ
2456 1869 2536 1930 είς
2555 1867 2654 1932 τὴν
2675 1867 2781 1920 ἀπὸ
2803 1841 3074 1936 Κορίνθου
3105 1866 3395 1927 ἐπάνοδον,
3419 1866 3521 1918 καὶ
3542 1866 3624 1929 είς
3639 1867 3729 1919 τὸν

434 1966 488 2017 in
523 1959 786 2016 thbnm
816 1956 1111 2017 Alexandri
1146 1954 1487 2024 proconsulis
1521 1953 1722 2006 lilium:
1759 1952 1813 2005 in
1855 1953 2011 2007 Arca-

427 2055 582 2110 dium
617 2052 890 2108 medicum
941 2058 996 2104 et
1049 2049 1328 2104 comitem.
1393 2045 1584 2102 Oratio
1639 2061 1855 2116 quoque
1891 2061 2017 2114 proo

433 2148 704 2218 pemptica
756 2146 809 2200 in
860 2143 1090 2207 amicos,
1136 2143 1227 2212 qui
1287 2157 1459 2210 nuper
1511 2149 1803 2207 venerant;
1850 2138 2020 2191 altera

434 2243 566 2297 item
598 2241 652 2295 in
685 2238 1035 2303 Flavianum;
1071 2233 1506 2305 Epithalamium
1548 2246 1766 2300 quoque
1818 2232 2020 2285 dictum

435 2336 491 2390 in
529 2333 977 2388 Panathenaeum.
1010 2327 1146 2381 Hinc
1192 2324 1576 2380 sermocinatio
1607 2338 1710 2376 una
1737 2363 1774 2388 ,,
1801 2329 1857 2374 et
1891 2322 2019 2374 item

437 2427 631 2482 altera.
687 2421 995 2494 Disputatio
1055 2420 1237 2474 habita
1271 2417 1555 2488 Philippis,
1611 2433 1732 2470 cum
1763 2411 2022 2470 evocatus

436 2536 469 2576 a
503 2519 717 2576 Juliano
743 2517 1076 2586 imperatore
1111 2512 1217 2566 iter
1247 2511 1373 2566 illac
1404 2512 1650 2566 haberet.
1689 2508 1819 2562 Post
1846 2507 2022 2562 oratio

434 2611 626 2669 habita
653 2609 706 2663 in
751 2607 906 2672 urbe,
939 2605 992 2660 in
1025 2603 1200 2674 ipsius
1238 2600 1740 2668 Constantinopolis
1783 2598 2020 2662 Iaudem,

439 2719 504 2760 ac
538 2700 740 2758 Juliani
783 2699 1034 2755 Cazsaris.
1098 2695 1157 2750 ln
1213 2693 1543 2750 sacrificium
1596 2691 1829 2763 Mytbrte
1881 2691 2017 2762 (15).

440 2794 762 2852 Dissertatio
803 2791 856 2845 in
893 2789 1215 2844 Sallustium
1251 2785 1588 2858 praai‘ectum,
1638 2787 1723 2838 cui
1755 2793 1810 2838 et
1856 2798 2025 2851 argu-

441 2897 680 2942 mentum
732 2897 1042 2946 annexum;
1084 2879 1282 2934 iterum
1317 2879 1369 2931 in
1424 2875 1741 2930 Flavianum
1785 2891 2024 2945 procon-

443 2983 650 3048 sulem;
678 2981 730 3035 iu
760 2979 962 3035 sodalis
995 2978 1080 3033 sui
1126 2977 1362 3032 natalem
1415 2977 1574 3031 diem.
1631 2973 2026 3029 Sermocinatio

445 3085 662 3143 quoque
691 3071 743 3124 in
775 3069 1064 3123 sanitatem
1100 3067 1267 3130 socii;
1313 3065 1366 3120 in
1406 3063 1770 3128 insidiantes;
1815 3059 2024 3130 108!)

2135 1960 2486 2028 Ἀλεξάνδρου
2539 1959 2635 2012 τοῦ
2668 1959 2979 2012 ἀνθυπάτου
3032 1959 3202 2012 παῖδα
3259 1959 3487 2022 Φοῖϐον,
3517 1959 3615 2011 καὶ
3653 1959 3731 2022 είς

2135 2051 2418 2123 Ἀρκάδιον
2447 2052 2539 2105 τὸν
2565 2051 2750 2122 ἰατρὸν
2788 2052 2885 2105 καὶ
2914 2051 3153 2122 κόμητα.
3193 2050 3305 2104 Καὶ
3339 2051 3727 2120 προπεμπτή-

2127 2163 2240 2218 pro;
2267 2146 2347 2208 είς
2369 2145 2495 2208 τοὺς
2545 2143 2946 2215 προσελθόντας
2985 2144 3258 2213 ἑταίρους,
3291 2144 3731 2214 προπεμπτικός

2121 2253 2182 2290 τε
2215 2238 2296 2300 είς
2329 2235 2648 2302 Φλαϐιανὸν,
2674 2236 2769 2290 καὶ
2797 2233 3162 2304 ὲπιθαλάμιος
3196 2233 3390 2306 ῥηθεὶς
3446 2235 3532 2298 είς
3569 2235 3727 2287 Παν-

2122 2328 2404 2399 αθήναιον.
2442 2324 2575 2381 Εἶτα
2607 2327 2790 2391 λαλιά,
2853 2327 3018 2398 ὲτέρα
3053 2326 3234 2392 λαλιὰ,
3255 2327 3353 2379 καὶ
3387 2325 3635 2392 διάλεξις
3672 2326 3730 2379 ὲν

2123 2421 2432 2486 Φιλίπποις,
2458 2422 2546 2474 ὅτε
2567 2420 2733 2492 ἀπῄει
2766 2419 2920 2491 παρά
2965 2417 3257 2472 Ἰουλιανοῦ
3307 2415 3594 2489 βασιλέως
3629 2435 3726 2471 κα-

2124 2509 2408 2586 λούμενος,
2453 2511 2574 2570 εἶτα
2623 2513 2813 2584 ῥηθεὶς
2860 2513 2919 2566 ἐν
2944 2512 3540 2566 Κωνσταντινουπόλει
3569 2511 3616 2543 ⁷⁸
3647 2513 3726 2575 είς

2125 2610 2297 2680 αὑτήν
2335 2626 2393 2663 τε
2417 2609 2516 2682 τὴν
2543 2607 2698 2662 πόλιν
2729 2608 2774 2639 ⁷⁷
2811 2606 2908 2660 καὶ
2938 2607 2984 2638 ⁷⁸
3019 2606 3308 2660 Ἰουλιανὸν
3347 2605 3444 2658 τὸν
3479 2603 3722 2673 βασιλέα,

2126 2701 2222 2753 καὶ
2255 2702 2334 2762 εἰς
2362 2700 2464 2771 τὴν
2501 2699 2715 2770 Μίθρου
2735 2697 2982 2767 τελετήν.
3007 2697 3254 2763 Διάλεξις
3285 2699 3372 2760 εἰς
3397 2695 3725 2752 Σαλούστιον

2127 2794 2389 2864 ἔπαρχον,
2441 2788 2511 2864 ἦς
2540 2793 2656 2845 ἐστι
2702 2793 2799 2845 καὶ
2831 2790 3057 2862 θεωρία.
3085 2791 3178 2854 Εἰς
3215 2789 3532 2844 Φλαϐιανὺν
3563 2790 3723 2845 πάλιν

2126 2884 2218 2937 τὸν
2245 2885 2574 2949 ἀνθύπατον,
2629 2882 2722 2940 καὶ
2749 2886 2829 2947 είς
2859 2885 2958 2955 τὴν
3012 2883 3292 2953 γενέθλιον
3344 2882 3446 2936 τοῦ
3484 2882 3721 2951 ἑταίρου.

2129 2979 2237 3032 Καὶ
2266 2978 2426 3032 λαλιά
2467 2980 2548 3042 εἰς
2577 2977 2636 3030 τὸ
2687 2979 2954 3046 ὑγιαίνειν
3007 2976 3100 3031 τὸν
3126 2977 3375 3048 ἑταῖρον.
3414 2977 3541 3029 Ἔτι
3567 2975 3622 3028 δὲ
3647 2977 3723 3039 εἰς

2128 3073 2256 3135 τοὺς
2283 3069 2756 3133 ἐπιϐουλεύοντας,
2791 3070 2888 3124 καὶ
2932 3071 3013 3134 εἰς
3059 3070 3151 3123 τὸν
3196 3069 3516 3125 ἀνθύπατον
3567 3067 3724 3122 Βασί-

444 3167 501 3222 in
543 3162 800 3218 Basilium
835 3157 1246 3230 proconsulem;
1288 3156 1341 3209 in
1391 3152 1642 3208 eumdem
1675 3165 1930 3216 rursum;
1973 3151 2024 3202 in

2139 3164 2300 3229 λειον,
2327 3167 2423 3218 καὶ
2447 3163 2610 3217 πάλιν
2640 3165 2720 3226 εἰς
2769 3163 2860 3216 τὸν
2885 3163 3049 3216 αὐτὸν
3087 3162 3401 3218 Βασίλειον.
3462 3162 3559 3225 Ei;
3605 3159 3722 3229 'Ep-

445 3258 841 3325 liernmgenem
898 3251 1123 3320 pariter,
1160 3250 1252 3318 qui
1314 3248 1538 3325 Graecia:
1587 3243 2026 3314 proconsulatum

445 3349 666 3420 gerebat
691 3365 704 3411 ;
728 3346 781 3399 in
813 3344 1121 3398 Plotiauum
1155 3341 1338 3396 itidem
1363 3321 1779 3410 proconsulem;
1813 3337 2035 3386 iterum-

447 3458 552 3512 que
581 3441 634 3494 in
662 3438 963 3508 Ampelium
983 3433 1094 3505 (14)
1123 3432 1536 3505 proconsulem;
1577 3431 1631 3484 in
1664 3429 1888 3484 Graeciae
1913 3441 2036 3493 pro-

447 3535 722 3591 consulem
753 3531 1167 3592 Praatextatum,
1201 3537 1364 3598 atque
1400 3525 1638 3581 sodales.
1669 3521 1809 3578 Hine
1838 3522 1904 3576 ad
1937 3519 2032 3574 Ju-

447 3626 652 3680 Iianum
712 3623 1096 3691 imperatorem
1129 3619 1430 3674 discessum
1465 3617 1760 3671 adornans.
1829 3613 2036 3668 Deinde

448 3715 782 3772 Nicomediaa
840 3713 1025 3768 habita
1081 3711 1256 3766 oratio
1305 3711 1532 3764 hortatu
1580 3709 1830 3778 prmtorls
1876 3705 2037 3760 Pom-

450 3807 654 3878 peiani.
711 3803 829 3858 Mox
886 3804 942 3857 in
1001 3804 1273 3869 advenas;
1333 3815 1548 3855 rursum
1607 3800 1659 3853 in
1731 3799 2033 3862 advenam;

453 3896 650 3953 deinde
677 3895 730 3949 in
757 3894 1032 3948 Zenonem
1078 3893 1396 3955 socium;et
1455 3890 1509 3942 in
1539 3886 1883 3956 Aphobinum
1942 3884 2033 3938 ad-

450 4001 685 4051 venam;
724 3985 778 4039 in
809 3997 932 4037 eum
969 3981 1063 4052 qui
1093 3996 1122 4035 a
1154 3978 1387 4049 Neptuni
1425 3979 1648 4032 oraculo
1701 3985 2034 4039 reverterat;

451 4075 510 4128 in
538 4087 634 4127 eos
668 4071 875 4141 pariter
935 4070 1027 4138 qui
1057 4083 1122 4123 ex
1157 4068 1306 4121 lonia
1340 4067 1760 4132 adventassent;
1794 4067 1846 4118 in
1881 4063 2036 4118 louas

455 4165 719 4235 hospites.
763 4161 844 4215 Ex
876 4171 1121 4229 tempore
1153 4175 1367 4228 ιιυοίιυο
1418 4159 1470 4212 in
1514 4159 1787 4213 sociorqu
1822 4157 2034 4210 laudem

451 4258 764 4313 recitatum.
797 4253 1009 4318 Oratio,
1031 4267 1197 4322 quam
1234 4251 1413 4305 amico
1431 4249 2037 4318 Constantinopolitano

455 4349 697 4406 tradidit.
746 4345 940 4400 Sermo
978 4357 1196 4415 quoque
1229 4342 1376 4396 inter
1401 4342 1606 4396 amicos
1651 4351 1772 4409 post
1806 4341 2035 4395 reditum

451 4459 485 4498 e
517 4441 713 4513 patria.
742 4439 816 4492 De
847 4452 946 4492 suo
978 4434 1206 4491 docendi
1241 4447 1466 4488 munere
1497 4433 1886 4502 extemporalis
1926 4432 2038 4486 dis-

2141 3255 2376 3326 μογένην
2430 3273 2490 3308 τε
2517 3255 2610 3308 τὸν
2662 3255 2761 3326 τῆς
2803 3253 3054 3318 Ἑλλάδος
3115 3255 3456 3320 ἀνθύπατον,
3509 3252 3602 3308 καὶ
3647 3254 3723 3316 είς

2141 3343 2435 3400 Πλοκιανὸν
2461 3347 2552 3400 τὸν
2591 3347 2925 3401 ἀνθύπατον.
2970 3345 3139 3399 Πάλιν
3177 3347 3259 3409 είς
3304 3344 3607 3413 Ἀμπέλιον
3637 3342 3724 3396 τὸν

2138 3439 2468 3498 ἀνθύπατον,
2513 3437 2610 3490 καὶ
2674 3437 2752 3500 είς
2815 3437 2904 3488 τὸν
2963 3435 3275 3489 ἀνθύπατον
3339 3435 3442 3503 τῆς
3483 3431 3724 3494 Ἑλλάδος

2139 3527 2267 3602 [I84-
2300 3527 2393 3601 H.]
2421 3528 2860 3598 Πραιτεκστάτον
2896 3526 2989 3580 καὶ
3040 3525 3167 3590 τοὺς
3199 3525 3459 3596 ἑταίρους
3491 3525 3558 3579 ⁷⁸.
3595 3519 3721 3576 Εἶτα

2138 3624 2272 3690 πρὸς
2303 3623 2394 3675 τὸν
2431 3621 2654 3691 βασιλέα
2701 3605 2989 3674 Ἰουλιανδν
3012 3619 3272 3691 ἀπαίρειν
3299 3619 3540 3689 μέλλων.
3598 3612 3721 3670 Εἶτα

2138 3716 2195 3767 ἐν
2218 3714 2582 3785 Νικομηδείᾳ,
2611 3713 2954 3785 προτραπεὶς
2992 3714 3098 3766 ὑπὸ
3119 3712 3214 3766 τοῦ
3252 3713 3441 3766 ἐκεῖσε
3471 3711 3722 3780 ἄρχοντος

2138 3805 2521 3878 Πεμπηῖανυῢ.
2559 3806 2695 3860 Μεθ’
2733 3806 2793 3859 ὃν
2815 3807 2843 3860 ὁ
2864 3809 2943 3870 είς
2973 3807 3258 3878 νεήλυδας.
3290 3803 3430 3860 Εἶτα
3479 3804 3557 3868 είς
3599 3803 3720 3870 νέη-

2137 3901 2256 3952 λυν.
2298 3899 2423 3951 Ἐπὶ
2451 3899 2665 3963 τούτοις
2693 3899 2720 3952 ὁ
2740 3901 2822 3962 είς
2855 3900 3080 3970 Ζήνωνα
3106 3899 3198 3953 τὸν
3222 3901 3466 3969 ἑταῖρον,
3495 3896 3585 3950 καὶ
3608 3892 3721 3965 μετ’

2138 3990 2301 4045 αὑτὸν
2326 3993 2373 4024 ⁸⁰
2404 3992 2781 4060 είςἈφοδίνον
2804 3991 3022 4062 νέηλυν,
3045 3992 3142 4044 καὶ⁵
3185 3992 3265 4054 είς
3285 3991 3383 4044 τὸν
3405 3992 3470 4043 ὲκ
3494 3987 3583 4042 τοῦ
3595 4003 3716 4058 χρη-

2141 4085 2278 4154 σμοῦ
2296 4083 2389 4138 τοῦ
2407 4085 2734 4148 Ποσειδῶνος
2754 4085 3108 4154 φοιτήσαντα,
3136 4082 3216 4146 είς
3237 4101 3297 4135 τε
3320 4084 3454 4146 τοὺς
3470 4082 3573 4134 ἀπὸ
3587 4081 3714 4131 Ἰων-

2141 4175 2223 4238 ίας
2236 4175 2697 4246 ἐπιδημήσαντας,
2719 4176 2812 4228 καὶ
2842 4175 2921 4238 εἰς
2945 4175 3072 4238 τοὺς
3092 4175 3283 4235 Ἴωνας
3319 4172 3507 4238 ξένους
3524 4172 3584 4224 ⁸¹.
3612 4164 3708 4220 Καὶ

2140 4269 2220 4330 εἱς
2249 4269 2376 4331 τοὺς
2427 4268 2675 4338 ἑταίρους
2703 4268 2911 4337 σχέδιον
2959 4265 3146 4336 ῥηθέν.
3187 4265 3298 4318 Καὶ
3333 4266 3406 4338 ἣν
3471 4263 3702 4330 ἐξέδωκεν

2139 4359 2344 4428 ἑταίρῳ
2372 4357 3000 4428 Κωνσταντινουπολίτῃ.
3026 4357 3270 4421 Διάλεξίς
3285 4373 3348 4408 τε
3377 4358 3433 4409 ὲν
3450 4357 3554 4410 τοῖς
3573 4348 3697 4404 ἑταί-

2143 4465 2258 4517 ροις
2293 4448 2431 4518 μετά
2484 4447 2580 4517 τὴν
2612 4448 2720 4501 ἀπὸ
2767 4447 2868 4517 τῆς
2902 4447 3165 4518 πατρίδος
3211 4445 3500 4510 ἐπάνοδον,
3529 4441 3607 4496 καὶ
3628 4439 3694 4499 εἰς

456 4537 684 4605 putatio.
717 4531 1034 4603 Ohjurgatio
1068 4543 1258 4583 eorum
1305 4527 1396 4596 qui
1443 4526 1783 4595 negligenter
1833 4525 2026 4580 oratio-

2141 4541 2238 4611 τὴν
2275 4539 2441 4594 αὑτοῦ
2478 4541 2763 4612 διατριϐὴν
2815 4539 2876 4603 ἐξ
2927 4537 3279 4610 αὐτοσχεδίου
3327 4526 3699 4602 διάλεξις.Καὶ

452 4641 550 4682 nes
581 4626 854 4680 audirent.
908 4622 1206 4679 Schedium
1265 4621 1320 4674 in
1356 4621 1618 4689 quosdam
1653 4619 1720 4673 ad
1755 4635 1814 4673 se
1869 4618 2045 4672 venti-

458 4719 636 4773 lantes
693 4716 1008 4786 discipulos,
1042 4719 1135 4782 qui
1193 4727 1451 4784 respuere
1484 4713 1668 4767 frenos
1699 4711 2043 4768 videbantur.

452 4813 509 4866 in
547 4810 836 4881 Cytianunt
877 4823 1001 4862 eum
1047 4808 1231 4870 sociis,
1264 4807 1356 4875 qui
1409 4821 1533 4859 cum
1569 4805 1869 4875 petulantia
1918 4818 2044 4857 eum

451 4903 762 4968 audierant,
799 4902 926 4955 dum
955 4902 1239 4955 schedium
1263 4915 1422 4954 suum
1461 4901 1742 4954 recitaret.
1766 4899 2044 4953 Adhorta-

2144 4635 2438 4706 ὲπίπληξις
2497 4638 2610 4700 τοῖς
2655 4635 2923 4708 ῥᾳθύμως
2977 4635 3354 4707 ἀκροωμένοις
3381 4633 3488 4688 τῶν
3531 4631 3702 4696 λόγων,

2146 4728 2239 4779 καὶ
2266 4728 2475 4798 σχέδιον
2501 4728 2581 4792 εἴς
2606 4746 2762 4792 τινας
2814 4728 2923 4781 τῶν
2948 4727 3260 4794 φοιτώντων
3287 4722 3545 4792 δόξαντας
3580 4721 3704 4788 ἀφη-

2145 4814 2372 4881 νιάζειν,
2405 4819 2502 4872 καὶ
2535 4821 2616 4881 εἰς
2645 4821 2772 4882 τοὺς
2801 4819 2931 4889 περὶ
2958 4818 3226 4872 Κυτιανὸν
3268 4818 3518 4877 ἀτάκτως
3556 4805 3706 4864 ἀκού-

2149 4927 2376 4975 σαντας,
2409 4912 2496 4964 ὅτε
2528 4912 2590 4964 τὸ
2623 4911 2832 4982 σχέδιον
2863 4907 3005 4964 εἷπε.
3041 4912 3153 4964 Καὶ
3181 4909 3465 4981 προτροπὴ
3503 4902 3628 4974 πρὸς
3654 4896 3706 4950 τδ

1738 5058 1979 5114 νΑῐίΙιΕ
2026 5061 2430 5120 LECTIONES.

525 5180 573 5212 ⁷⁸
603 5179 1003 5249 προτρεπτικὸς
1035 5195 1095 5249 ς.
1202 5177 1248 5208 ⁷⁵
1279 5177 1494 5249 ἑταῖρον
1524 5193 1583 5249 ς.

453 5253 498 5284 ⁷⁸
524 5251 619 5303 τὸν
643 5246 769 5304 ante
812 5247 1092 5302 Ἱουλιανὸν
1123 5249 1276 5316 ponit
1305 5249 1368 5299 Α.
1445 5247 1488 5276 ⁷³
1519 5246 1741 5316 ὲτέρους
1770 5261 1831 5309 ς’.

1692 5173 1740 5206 ⁷⁸
1766 5177 2182 5250 Κωνσταντίνου
2221 5181 2264 5230 Α
2319 5198 2331 5232 :
2379 5177 2446 5250 τῇ
2505 5198 2566 5245 ς.

2669 5182 2714 5212 ⁷⁷
2741 5180 2894 5234 πόλιν
2936 5179 2975 5232 Α
3019 5197 3032 5234 :
3066 5170 3622 5232 Κωνσταντινούπολιν
3652 5178 3708 5225 ς’

1938 5246 1985 5277 ⁸ο
2014 5249 2154 5316 μετά
2179 5248 2368 5302 τοῦτον
2515 5237 2576 5281 ’⁸³
2613 5247 2799 5315 ξένους
2832 5251 3029 5313 Ἴωνας
3061 5267 3123 5315 ς.

1975 5360 2213 5416 ΝΟΤΑΕ.

530 5459 606 5524 (9)
639 5458 764 5511 iia'c
799 5456 886 5508 illa
939 5453 1164 5509 forsitan
1190 5462 1308 5524 est,
1333 5467 1453 5520 quze
1480 5453 1624 5504 inter
1661 5461 1942 5524 excerpta,
1972 5452 2036 5505 In

455 5523 712 5583 advenam
743 5526 1056 5597 Egyptian:
1087 5523 1406 5597 inscribitur
1434 5524 1695 5597 ini'._c_od.
1729 5523 1856 5576 243.

529 5598 643 5666 (10)
681 5597 762 5651 Ea;
811 5592 1041 5663 t'e'rnpore
1082 5594 1277 5645 dictum
1316 5593 1492 5646 reddit
1543 5592 1793 5646 Glossar.
1838 5603 1991 5648 vetus
2031 5637 2044 5660 ,

459 5670 559 5723 ini.
591 5667 943 5736 αὐτοσχέδιον
975 5672 1156 5719 vocat.

533 5739 551 5807 (
571 5737 657 5804 11)
673 5738 761 5807 De
797 5749 912 5807 quo
933 5736 1130 5788 Suidas
1150 5773 1165 5787 .

531 5801 648 5878 (12)
671 5801 848 5869 λαλιά,
884 5805 949 5860 de
996 5820 1098 5872 qua
1142 5803 1304 5858 multa
1348 5803 1496 5870 legas
1529 5802 1666 5873 apud
1696 5801 2048 5858 Menandrum

2141 5456 2363 5526 Sophist
2411 5457 2464 5511 in
2508 5457 2845 5526 Epidicticis.
3379 5520 3398 5526 _
3540 5513 3570 5526 η
3612 5511 3621 5522 .

2218 5510 2331 5599 (15)
2375 5510 2568 5596 ῥοθιιῖ
2614 5510 2841 5599 Persae:
2877 5528 3046 5582 solem
3106 5534 3317 5596 putant.
3379 5520 3510 5599 Lege
3539 5510 3702 5599 δυξας,

2144 5581 2419 5681 Βτῖᾆεὸηῗ
2425 5609 2478 5654 et
2507 5581 2641 5654 alios
2671 5581 2693 5653 ξ
2730 5581 2838 5669 qui
2881 5581 3021 5652 hanc
3071 5581 3256 5652 vocem
3293 5609 3385 5663 per
3433 5581 3556 5643 ἰῶτα
3603 5581 3702 5634 fere

2153 5679 2512 5735 scripserunt.

2227 5741 2341 5811 (14)
2377 5740 2750 5810 Propemptica
2785 5740 2851 5795 ad
2910 5739 3216 5807 Ampeliuut
3249 5735 3341 5791 inf.
