4062 6446
528 382 629 445 467

1618 378 1883 445 PHOTII
1922 378 2427 438 PATRIARCIIJE
2454 382 2561 439 CP.

3652 394 3751 458 468

528 498 660 550 solis
689 494 916 549 orientis
949 504 1132 561 partes
1165 504 1448 561 venerunt;
1479 494 1623 549 unde
1679 494 1886 548 circulo
1937 494 2076 548 facto

2205 494 2300 547 καὶ
2325 496 2405 558 είς
2430 494 2519 546 τὸν
2553 492 2688 565 ἑῷον
2723 492 3055 562 ἐμϐαλόντες
3078 490 3172 546 καὶ
3206 492 3341 563 πρὸς
3364 498 3480 559 ταῖς
3499 498 3587 552 τοῦ
3613 503 3751 573 ἡλίου

526 589 770 643 exterius
802 605 953 643 mare
982 589 1143 659 longo
1188 600 1452 659 tempore,
1508 591 1785 659 variisque
1820 588 2103 642 erroribus

527 683 874 738 circumiere.
943 685 1201 740 Errorum
1250 684 1381 739 socii
1431 684 1562 735 fiunt
1612 680 1929 745 Carinanes,
1988 678 2103 743 Ille-

527 775 707 828 niscus
758 785 811 829 et
836 774 1055 829 Azulis:
1111 785 1273 845 atque
1328 776 1379 830 in
1417 774 1588 828 Thule
1639 772 1868 841 denique
1929 771 2100 825 insola

524 868 813 919 stationem
882 866 1099 920 interim
1147 882 1394 920 errorum
1454 866 1742 935 quamdam
1794 865 2097 919 constitue-

524 967 669 1010 runt.
716 956 772 1011 in
845 960 944 1012 hac
1001 961 1114 1026 ipsa
1154 958 1323 1012 insula
1369 975 1488 1013 cum
1528 956 1827 1028 Dercyllide
1865 955 2097 1026 quadam

527 1046 709 1103 Dinias
762 1051 1206 1105 consuetudinem
1250 1051 1463 1105 habuit:
1515 1066 1634 1117 quae
1669 1063 1864 1117 genere
1912 1047 2095 1118 Tyria,

521 1151 573 1192 et
599 1141 759 1195 claris
800 1143 851 1196 in
882 1158 945 1195 ea
998 1144 1129 1197 urbe
1157 1143 1426 1197 natalibus
1464 1154 1604 1207 orta,
1644 1159 1764 1197 cum
1797 1141 1965 1195 fratre
1983 1140 2096 1209 (90)

523 1230 781 1286 Mantinia
813 1233 917 1287 hoc
953 1235 1002 1285 in
1041 1233 1159 1287 loco
1190 1237 1527 1288 versabatur.
1591 1235 1724 1289 Cum
1781 1234 1867 1288 illa
1937 1234 2099 1303 igitur

521 1322 707 1379 Dinias
730 1340 1110 1390 consuescens,
1129 1328 1247 1397 ejus
1267 1328 1415 1381 audit
1437 1327 1729 1397 fratrisque
1753 1326 2094 1397 jactationes,

520 1426 574 1469 et
626 1428 828 1485 quanta
889 1419 1026 1474 mala
1094 1420 1741 1491 l’aastius(‘2|)quidam,
1806 1418 2095 1490 Egyptius

516 1510 875 1577 sacrificulus,
930 1514 1189 1569 intulerit.
1241 1514 1337 1567 llic
1383 1515 1527 1567 enim
1563 1528 1684 1569 cum
1722 1525 1929 1567 vastata
1978 1514 2096 1581 ejus

517 1602 713 1669 patria,
771 1602 972 1674 Tyrum
1020 1606 1333 1675 migrasset,
1377 1614 1431 1660 et
1479 1606 1712 1674 hospitio
1764 1615 2018 1673 acceptus
2062 1620 2092 1659 a

515 1694 828 1760 parentibus
884 1695 1073 1749 horum
1136 1696 1388 1761 fratrum,
1440 1695 1712 1750 Mantinizc
1761 1706 1926 1766 atque
1962 1695 2094 1751 Der-

514 1784 750 1853 cyllidis,
785 1787 1080 1842 benevolus
1107 1790 1339 1858 primum
1374 1790 1425 1842 in
1461 1790 1598 1844 bene
1632 1789 1698 1843 de
1727 1805 1786 1845 se
1840 1793 2089 1855 meritos,

2207 589 2489 650 ἀνατολαῖς
2525 588 2828 655 γεγονότες,
2878 586 3131 640 ἐντεῦθέν
3156 603 3213 638 τε
3253 586 3434 659 κύκλῳ
3478 590 3572 661 τὴν
3610 595 3751 662 ἐκτὸς

2205 680 2580 750 περιελθόντες
2637 680 2912 735 θάλασσαν
2943 682 3000 733 ὲν
3029 680 3243 751 χρόνοις
3276 684 3499 752 μακροῖς
3530 684 3619 737 καί
3640 705 3750 741 ποι-ι

2203 774 2380 835 κίλαις
2432 773 2663 837 πλάναις
2701 789 2716 806 ο
2781 769 2863 836 οἷς
2918 772 3351 840 συνεφάπτονται
3406 773 3504 843 τῆς
3564 775 3752 848 πλάνης

2203 866 2509 936 Καρμάνης
2532 868 2624 920 καὶ
2646 867 2923 936 Μηνίσκος
2942 867 3035 919 καὶ
3056 865 3325 931 Ἀξουλις.
3342 865 3578 919 Γίνονται
3600 867 3652 921 δὲ
3666 873 3750 923 καὶ

2202 960 2259 1010 ὲν
2288 956 2462 1029 Θούλῃ
2510 962 2576 1030 τῇ
2623 961 2791 1029 νήσῳ,
2849 958 3081 1012 ἐνταῦθα
3140 958 3278 1015 τέως
3318 956 3412 1009 καὶ
3470 958 3692 1027 σταθμὸν
3710 962 3753 993 ⁸⁸

2201 1051 2508 1123 ῶσπερτῆς
2549 1054 2758 1122 πλάνης
2817 1052 2940 1105 τινὰ
2994 1049 3328 1119 ποιούμενοι.
3384 1050 3474 1104 Ἐν
3500 1051 3663 1121 ταύτῃ
3689 1055 3749 1122 τῇ

2200 1145 2372 1216 Θούλῃ
2428 1146 2641 1205 Δεινίας
2682 1144 2801 1198 κατ’
2833 1145 3035 1215 ἔρωτος
3064 1143 3229 1213 νόμον
3255 1142 3431 1211 ὁμιλεῖ
3461 1143 3751 1211 Δερκυλλίδι

2198 1240 2305 1291 τινὶ
2345 1238 2675 1310 καλουμένῃ,
2724 1240 2845 1308 ἥτις
2894 1237 3041 1306 γένει
3079 1237 3180 1306 μὲν
3209 1235 3419 1304 ὑπῆρχε
3472 1235 3638 1305 Τυρία
3656 1235 3753 1289 τῶν

2200 1330 2342 1384 κατά
2372 1332 2471 1400 τὴν
2502 1332 2656 1383 πόλιν
2680 1329 3041 1401 εὐπατριδῶν,
3070 1328 3284 1398 ἀδελφῷ
3306 1328 3349 1358 ⁸⁷
3372 1327 3428 1380 δὲ
3459 1327 3619 1397 συνῆν
3645 1328 3752 1380 ὄνος

2203 1441 2279 1493 μα
2328 1423 2615 1493 Μαντινίᾳ.
2681 1423 2865 1494 Ταύτῃ
2916 1421 3125 1482 Δεινίας
3172 1419 3375 1489 ὁμιλῶν
3407 1419 3753 1487 ἀναμανθάνει

2196 1519 2297 1586 τήν
2333 1535 2393 1569 τε
2428 1517 2538 1569 τῶν
2567 1515 2813 1585 ἀδελφῶν
2870 1514 3097 1584 πλάνην,
3128 1513 3222 1567 καί⁵
3255 1514 3355 1567 ὅσα
3393 1513 3657 1574 Παάπις⁸²
3679 1532 3755 1577 τις

2201 1612 2377 1677 ἱερεὺς
2406 1610 2721 1677 Αἰγύπτιος,
2746 1609 2843 1679 τῆς
2872 1607 3127 1678 πατρίδος
3165 1606 3329 1659 αὑτοῦ
3348 1605 3753 1676 λεηλατηθείσης

2197 1704 2292 1757 καὶ
2355 1682 2693 1769 παροικὴσας
2751 1699 2929 1771 Τύρον
2986 1699 3081 1752 καί⁹
3131 1696 3500 1766 φιλοξενηθείς
3530 1697 3629 1749 ὑπὸ
3656 1698 3755 1749 τῶν

2195 1794 2462 1847 τεκόντων
2508 1793 2635 1853 τοὺς
2662 1791 2923 1859 ἀδελφοὺς
2952 1788 3282 1859 Δερκυλλίδα
3321 1789 3416 1840 καί
3449 1787 3753 1850 Μαντινίαν,

514 1876 880 1947 familiamque
930 1878 1065 1934 adeo
1122 1880 1427 1933 universam
1481 1896 1604 1935 esse
1650 1881 1959 1935 videretur:
2013 1881 2077 1934 in-

2195 1888 2289 1940 καὶ
2313 1886 2469 1950 δόξας
2494 1886 2561 1938 τὰ
2580 1885 2770 1955 πρῶτα
2798 1884 2986 1947 εύνους
3014 1879 3154 1934 εἶναι
3179 1884 3290 1945 τοῖς
3324 1880 3635 1951 εὐεργέταις
3668 1882 3751 1933 καί

512 1967 764 2036 gentibus
821 1978 1007 2038 postea
1053 1970 1211 2025 malis
1241 1974 1479 2036 donmm,
1528 1973 1738 2042 hosque
1789 1982 1844 2027 et
1896 1989 2086 2029 eorum

514 2069 764 2126 parentes
807 2060 1013 2116 all‘ecit.
1066 2061 1254 2117 Refert
1300 2064 1493 2118 deinde
1547 2066 1817 2134 quomodo
1864 2066 1916 2121 in
1940 2066 2091 2121 Rho-

511 2156 661 2217 dum,
704 2166 826 2223 post
884 2166 1061 2211 tantas
1110 2157 1327 2212 familia:
1395 2157 1757 2223 calamitates,
1810 2175 1929 2213 cum
1980 2161 2092 2215 fra-

515 2257 595 2300 tre
622 2247 851 2301 abducta
879 2248 1211 2317 sit,indeque
1238 2249 1288 2303 in
1313 2249 1525 2304 Cretam
1554 2267 1741 2306 errore
1767 2253 1943 2307 delata
1972 2255 2091 2308 fue-

510 2337 601 2402 rit,
655 2354 775 2391 mox
806 2340 872 2393 ad
918 2338 1227 2411 Tyrrhenos
1264 2350 1319 2395 et
1358 2358 1571 2397 rursum
1604 2343 1729 2397 inde
1757 2345 1822 2397 ad
1851 2346 2090 2402 Cimme-

511 2431 641 2494 rios,
714 2446 853 2500 quos
912 2434 1228 2497 nominant,
1288 2448 1453 2502 utque
1529 2438 1668 2505 apud
1725 2438 1826 2493 hos
1883 2441 2087 2496 inferos

2191 1980 2296 2050 ὅλῳ
2318 1980 2395 2047 τῷ
2422 1979 2575 2048 οἴκῳ,
2605 1978 2742 2047 μετά
2768 1976 2939 2029 ταῦτα
2966 1977 3065 2028 ὅσα
3092 1974 3239 2027 κακά
3270 1973 3362 2025 τόν
3385 1988 3442 2024 τε
3479 1965 3621 2024 οἷκον
3668 1974 3752 2025 καὶ

2192 2070 2387 2133 αὐτοὺς
2417 2070 2510 2122 καί
2533 2069 2724 2127 αὐτῶνῖ
2756 2068 2951 2135 γονέας
2981 2066 3278 2136 εἰργάσατο
3297 2077 3309 2091 ’
3348 2063 3497 2126 ὅπως
3530 2064 3609 2124 εἰς
3644 2063 3751 2117 Ῥόα

2189 2164 2277 2217 δον
2307 2163 2414 2216 ἀπὸ
2433 2162 2531 2231 τῆς
2553 2160 2695 2215 κατά
2724 2160 2816 2212 τὸν
2852 2155 3003 2211 οἷκον
3053 2158 3339 2226 συμφορᾶς
3382 2156 3478 2208 σὺν
3508 2156 3584 2225 τῷ
3609 2155 3750 2209 dificia

2189 2259 2274 2328 φῷ
2305 2258 2544 2327 ἀπήχθη,
2613 2254 2863 2309 κάκεῖθεν
2913 2254 2993 2316 εἰς
3046 2252 3271 2322 Κρήτην
3318 2247 3752 2320 ὲπλανήθη,εἷτα

2188 2355 2265 2414 εἰς
2296 2351 2635 2422 Τυρρηνοὺς,
2688 2346 2983 2402 κάντεῦθεν
3013 2350 3093 2409 εἰς
3116 2346 3463 2416 Κιμμερίους
3488 2345 3628 2398 οὕτω
3657 2363 3751 2397 κα·-

2186 2446 2479 2515 λουμένους
2499 2463 2513 2475 ·
2549 2445 2641 2497 καὶ
2666 2444 2740 2507 ὡς
2768 2444 2835 2496 τά
2856 2443 2913 2495 ἐν
2960 2441 3122 2512 ’ᾼδου
3170 2441 3301 2511 παρ’
3330 2441 3518 2503 αὐτοῖς
3547 2442 3640 2494 ἴδοι
3666 2441 3750 2493 καί.

508 2524 789 2587 spectarit,
820 2532 874 2577 et
900 2539 1087 2577 eorum
1118 2527 1306 2590 multa,
1338 2544 1459 2596 qua:
1508 2530 1705 2583 ibidem
1763 2542 1909 2599 sunt,
1943 2534 2077 2588 didi-

2185 2541 2355 2593 πολλὰ
2392 2539 2499 2591 τῶν
2526 2541 2701 2591 ἐκεῖσε
2737 2536 2917 2605 μάθοι,
2944 2535 3248 2606 διδασκάλῳ
3294 2534 3555 2605 χρωμένη
3612 2533 3751 2599 Μύρ-

506 2619 693 2670 cerit:
742 2617 917 2690 Myrto
967 2620 1219 2688 magistra
1272 2637 1392 2686 usa,
1463 2624 1652 2693 109!)
1705 2640 1799 2678 sua
1851 2627 2077 2695 quadam

2182 2633 2316 2703 τῳ⁸⁹
2371 2631 2712 2702 θεραπαινίδι
2760 2629 2968 2700 οἰκείᾳ,
3021 2629 3188 2681 πάλαι
3242 2629 3336 2680 τὸν
3389 2627 3502 2696 βίον
3567 2628 3749 2680 ἀπολι-

506 2712 820 2780 pedisequa,
884 2729 1005 2783 qua:
1077 2714 1205 2768 olim
1268 2715 1379 2769 vita
1431 2718 1662 2783 abierat,
1715 2728 1769 2772 et
1818 2734 1848 2772 a
1908 2731 2077 2774 morte

2182 2726 2359 2796 πούσῃ
2402 2728 2497 2779 καί
2528 2725 2723 2778 ἐκτῶν
2785 2723 2995 2793 νεκρῶν
3052 2723 3151 2793 τὴν
3188 2721 3482 2775 δέσποιναν
3518 2721 3750 2775 ἀναδιδα-

507 2805 781 2856 dominam
814 2804 1062 2859 docebat.

578 2891 706 2947 Haec
738 2895 919 2963 itaque
951 2913 1176 2953 narrare
1208 2899 1395 2969 incipit
1421 2899 1605 2955 Dinias
1633 2901 1850 2972 Cymba:
1864 2904 2081 2959 cuidam

510 2984 750 3050 nomine,
780 2988 940 3041 domo
983 2991 1234 3055 Arcadia,
1288 3008 1447 3061 quem
1473 3008 1759 3048 commune
1804 2995 2077 3050 ArCadum

504 3074 741 3145 legatum
791 3079 1014 3134 miserat
1052 3081 1277 3150 Tyrum,
1317 3083 1529 3137 Diniam
1576 3085 1648 3139 ibi
1696 3099 1971 3154 rugantes,
2024 3101 2080 3142 ut

500 3171 566 3222 ad
588 3171 734 3237 ipsos
766 3171 817 3223 in
839 3176 1069 3237 patriam
1123 3191 1274 3229 suam
1328 3178 1550 3232 rediret.
1592 3180 1663 3235 At
1704 3181 1958 3249 quoniam
1995 3184 2077 3252 ip-

498 3272 618 3311 Sum
646 3258 759 3325 jam
784 3263 968 3330 gravis
993 3264 1130 3317 senii
1162 3277 1295 3320 aetas
1336 3270 1677 3336 prohibebat,
1733 3274 1953 3341 fingitur
1986 3276 2073 3331 hic

501 3348 724 3414 referre,
756 3362 864 3405 tum
915 3369 976 3407 ea
1015 3371 1133 3423 quae
1166 3357 1392 3423 ipsemet
1422 3362 1959 3430 erroribusjactatus
1980 3367 2075 3418 vi-

494 3442 669 3505 derat,
703 3452 814 3496 tum
844 3460 965 3513 qua:
997 3448 1064 3501 ab
1098 3448 1221 3501 aliis
1267 3463 1556 3519 conspecta
1585 3468 1892 3522 acceperal,
1926 3473 2073 3523 qua:-

491 3550 652 3600 quea
688 3534 992 3607 Dercyllide
1039 3539 1091 3592 in
1127 3539 1301 3595 Thule
1354 3555 1570 3598 narrata
1626 3546 1889 3601 didicerat
1927 3567 1937 3600 :
1976 3564 2070 3602 su-

491 3629 819 3694 pratlictum,
858 3631 1101 3698 inquam,
1127 3633 1245 3700 ejus
1270 3649 1535 3697 errorem,
1579 3649 1743 3706 utque
1771 3650 1889 3708 post
1909 3656 2067 3694 suum

491 3719 579 3770 illa
600 3721 831 3774 reditum
869 3724 937 3776 ab
971 3724 1183 3789 inferis,
1225 3742 1345 3780 cum
1376 3727 1588 3799 Ceryllo
1610 3741 1663 3784 et
1696 3733 1906 3786 Astrmo
1935 3734 2065 3803 (jam

489 3810 637 3863 enim
675 3826 704 3862 a
732 3812 898 3867 fratre
923 3829 1201 3885 segregata
1233 3821 1372 3889 erat)
1398 3824 1465 3875 ad
1502 3823 1719 3879 Sirenes
1747 3829 1953 3881 venerit
1974 3846 2063 3882 se-

489 3901 772 3969 pulcrum;
812 3915 866 3958 et
924 3923 1044 3975 quae
1085 3925 1295 3963 rursum
1326 3912 1437 3981 ipsa
1475 3930 1537 3967 ex
1577 3917 1770 3972 Astrrei
1816 3934 2066 3975 sermone

488 3992 805 4056 cognoverit
830 3994 894 4045 de
925 3992 1254 4064 Pythagora,
1286 4008 1341 4052 et
1373 4000 1692 4057 Mnesarcho
1725 4025 1737 4060 :
1773 4008 1956 4076 qualia
1982 4011 2064 4061 vi-

485 4076 671 4133 cissim
697 4079 944 4134 Astraeus
973 4099 1036 4135 ex
1080 4084 1349 4143 Pbilotide
1388 4090 1658 4154 didicerit,
1696 4106 1753 4150 et
1805 4100 1853 4150 in
1893 4100 2065 4154 oculis

488 4168 660 4235 ipsius
716 4183 1013 4239 spectrutn,
1067 4180 1347 4245 visumque
1388 4183 1545 4249 plane
1604 4186 1901 4242 fabulosum
1947 4209 1960 4244 :
2010 4201 2064 4244 ct

484 4276 842 4331 quascunque
875 4282 1088 4320 rursum
1125 4271 1384 4341 DerryIlis
1414 4277 1480 4326 ad
1512 4292 1637 4331 suos
1662 4296 1875 4334 reversa
1906 4297 2062 4336 erro-

483 4364 571 4405 res
604 4353 806 4419 retulit,
853 4365 910 4408 ut
959 4359 1011 4410 in
1066 4359 1345 4415 hominum
1397 4364 1675 4420 civitatem
1723 4370 1975 4424 inciderit
2006 4373 2059 4425 in

482 4441 678 4511 Iberia,
709 4450 799 4517 qui
823 4461 980 4504 noctu
1006 4452 1222 4519 quidem
1254 4456 1506 4511 viderent
1539 4476 1552 4511 :
1583 4459 1821 4514 interdiu
1876 4474 2056 4519 autem

2185 2834 2406 2871 σκουση.

2540 2908 2725 2963 Ταῦτα
2756 2910 2937 2962 τοίνυν
2974 2908 3281 2978 ἀπάρχεται
3312 2906 3531 2969 Δεινίας
3562 2906 3751 2976 διηγεῖ-

2183 3003 2304 3055 σθαι
2351 3002 2555 3071 Κύμϐα
2582 3004 2690 3055 τινὶ
2715 3002 2939 3069 ὀνόματι
2972 3001 3027 3066 ἐξ
3057 2999 3357 3070 Ἀρκαδίας
3392 2997 3666 3069 πατρίδος,
3695 2996 3749 3047 ὃν

2181 3091 2404 3151 στείλειε
2430 3092 2490 3143 τὸ
2528 3092 2704 3144 κοινὸν
2761 3092 2869 3144 τῶν
2909 3090 3188 3160 Ἀρκάδων
3220 3091 3277 3152 ὲς
3334 3088 3537 3157 Τύρον,
3582 3086 3750 3140 αἰτού-

2102 3229 2144 3286 c
2183 3201 2334 3255 μενοι
2367 3184 2577 3235 Δεινίαν
2616 3184 2751 3250 πρὸς
2791 3183 2987 3245 αὐτούς
3017 3200 3076 3235 τε
3106 3182 3201 3235 καὶ
3258 3182 3501 3252 πατρίδα
3558 3182 3750 3232 ἐπανα-

2180 3276 2387 3342 ζεῦξαι.
2432 3276 2585 3328 Ἐπεὶ
2604 3275 2659 3328 δὲ
2692 3275 2853 3328 αὑτὸν
2881 3275 2940 3327 τὸ
2967 3275 3130 3346 βάρος
3154 3272 3249 3327 τοῦ
3274 3274 3471 3342 γήρως
3504 3272 3747 3337 ἐκώλυεν,

2177 3371 2457 3436 εἰσάγεται
2509 3369 2865 3439 διηγούμενος
2939 3371 3081 3439 ἅπερ
3122 3386 3179 3420 τε
3238 3368 3411 3431 αὐτὸς
3465 3365 3605 3420 κατά
3657 3366 3749 3436 τὴν

2175 3461 2385 3530 πλάνην
2426 3460 2734 3530 θεάσοιτοῆ
2777 3461 2872 3515 καί.
2928 3461 3103 3515 ἄλλων
3129 3460 3493 3529 θεασαμένων
3533 3461 3747 3527 ἀκήκοε,

2173 3552 2267 3605 καὶ
2310 3551 2345 3604 ἃ.
2401 3550 2753 3621 Δερκυλλίδας
2775 3552 2833 3603 ὲν
2865 3550 3042 3621 Θούλῃ
3068 3550 3446 3620 διηγουμένης
3505 3546 3748 3617 ἁνέμαθε,

2171 3643 2312 3708 λέγω
2350 3643 2414 3715 δὴ
2450 3646 2546 3714 τήν
2577 3661 2635 3695 τε
2661 3644 2706 3674 ⁹⁰
2740 3642 3149 3713 προειρημένην
3181 3641 3404 3713 πλάνην
3432 3641 3619 3709 αὐτῆς,
3666 3639 3750 3691 καὶ

2176 3736 2327 3797 ὅπως
2364 3735 2503 3803 μετά
2533 3736 2631 3803 τὴν
2654 3735 2711 3798 ἐξ
2744 3735 2908 3805 ’ᾼδου
2931 3736 3098 3805 αὐτῆς
3132 3733 3491 3803 ἀναχώρησιν
3526 3734 3617 3785 σὺν
3643 3733 3747 3800 Κη-

2173 3827 2349 3899 ρύὶλῳ
2408 3827 2502 3879 καὶ
2558 3827 2853 3897 Ἀστραίῳ,
2912 3827 3012 3898 ἤδη
3040 3826 3133 3878 τού
3154 3827 3195 3857 ⁹¹
3231 3824 3473 3893 ἀδελφοῦ
3525 3824 3743 3877 διασπα-

2170 3916 2378 3979 σθεῖσα,
2404 3918 2495 3970 ἐπὶ
2527 3917 2617 3969 τὸν
2651 3919 2921 3988 Σειρηνης
2947 3918 3205 3983 ἀφίκοντο
3218 3917 3263 3947 ⁹¹
3296 3917 3473 3984 τάφον
3494 3931 3506 3943 ·
3540 3913 3631 3967 καί
3655 3914 3744 3963 ὅσα

2168 4010 2328 4062 πάλιν
2380 4010 2516 4079 αὑτὴ
2546 4008 2602 4074 ἐξ
2641 4008 2926 4078 Ἀστραίου
2982 4009 3228 4075 λέγοντος
3269 4007 3500 4076 ἢκουσε,
3534 4003 3655 4073 περί
3686 4018 3741 4051 τε

2167 4101 2485 4169 Πυθαγόρου
2537 4100 2678 4170 φημί
2716 4100 2808 4151 καὶ
2854 4098 3187 4167 Μνησάρχου
3212 4113 3225 4126 ·
3262 4092 3354 4151 οἷά
3383 4114 3443 4148 τε
3467 4093 3735 4153 Φιλώτιδος

2165 4193 2327 4254 αὐτὸς
2354 4193 2637 4261 Ἀστραῖος
2675 4192 2898 4260 ἤκουσε,
2952 4189 3048 4241 καί
3080 4189 3140 4242 τὸ
3166 4188 3310 4240 κατά
3363 4190 3493 4249 τοὺς
3549 4184 3730 4254 ὀφθαλ-

2167 4286 2301 4354 μοὺς
2321 4286 2367 4316 ”
2400 4282 2565 4336 αὐτοῦ
2630 4282 2875 4353 μυθῶδες
2930 4281 3109 4350 θέαμα
3132 4298 3143 4309 ·
3172 4280 3265 4332 καὶ
3295 4280 3397 4332 ὅσα
3443 4276 3598 4340 αὖθις
3619 4281 3728 4345 Δερ-

2166 4376 2353 4436 κυλλίς
2380 4376 2473 4426 ἐπὶ
2496 4376 2592 4444 τὴν
2627 4374 2836 4426 οἰκείαν
2875 4371 3174 4425 ἐπανιοῦσα
3212 4370 3428 4439 πλάνην
3470 4365 3723 4440 ἀπήγγελ-

2164 4468 2277 4538 λεν,
2295 4468 2370 4531 ὡς
2388 4467 2671 4536 περἰπέσοι
2698 4465 3000 4536 ἀνθρώπων
3026 4463 3337 4515 πόλεικατὰ
3370 4465 3471 4533 τὴν
3494 4461 3725 4532 Ἰϐηρίαν,

479 4538 720 4603 quotidie
750 4542 1085 4595 caecutirent.
1136 4543 1266 4609 Qua:
1324 4546 1451 4599 item
1504 4548 1575 4602 ibi
1624 4538 1868 4607 Astraeus
1920 4555 2050 4609 tibia

2180 4560 2211 4611 i'i
2235 4559 2421 4628 ἐώρων
2448 4558 2545 4628 μὲν
2575 4560 2633 4611 ἐν
2658 4558 2832 4621 νυκτὶ,
2853 4558 3041 4626 τυφλοὶ
3065 4558 3120 4611 δὲ
3145 4557 3247 4610 ὑπὸ
3276 4557 3461 4626 ἡμέρᾳ
3487 4552 3730 4622 ἑκάστῃθδ

478 4641 699 4693 canens,
761 4632 1004 4686 hostibus
1054 4651 1240 4689 eorum
1276 4636 1491 4703 fecerit,
1571 4650 1737 4709 utque
1807 4644 2054 4699 benevoli

479 4718 605 4772 inde
631 4721 836 4776 dimissi
863 4724 914 4776 in
939 4725 1118 4779 Celtas
1153 4728 1464 4794 inciderint,
1522 4746 1735 4798 gentem
1763 4735 2054 4791 in‘tmanem

2159 4653 2455 4720 ἐτύγχανον
2472 4667 2485 4680 ο
2538 4651 2630 4703 καὶ
2655 4650 2754 4703 ὅσα
2803 4652 2922 4701 ἐκεῖ
2949 4651 3233 4719 Ἀστραῖος
3253 4649 3435 4701 αὐλῶν
3459 4652 3569 4711 τοῖς
3594 4644 3735 4697 πολε-

2161 4743 2305 4813 μίοις
2352 4742 2576 4795 ἐκείνων
2641 4742 2959 4811 εἰργάσατο.
3016 4742 3125 4794 Καὶ
3149 4742 3224 4804 ὡς
3263 4742 3561 4809 ἀφεθέντες
3590 4739 3737 4805 εὐμε-

475 4824 540 4863 ac
565 4811 840 4876 stolidam,
900 4831 1037 4883 quos
1064 4819 1117 4871 in
1141 4822 1296 4888 equis
1326 4822 1425 4889 ipsi
1469 4823 1779 4893 effugerint,
1828 4843 2057 4898 quaeque

2180 4837 2261 4898 ’ῶς
2286 4835 2497 4889 ἐκεῖθεν
2549 4833 3011 4904 περιπεπτώκασι
3063 4837 3176 4897 τοῖς
3223 4834 3454 4895 Κελτοῖς
3478 4835 3545 4895 ⁸⁸,
3606 4830 3734 4881 ἔθνει

477 4901 529 4954 in
561 4913 766 4958 mutato
801 4922 1061 4975 equorum
1094 4913 1275 4967 colore
1317 4916 1657 4971 acciderint:
1690 4930 1748 4973 ut
1802 4921 1928 4976 hinc
1984 4922 2050 4975 ad

469 4997 776 5066 Aquitanos
803 5004 1160 5067 penetrarint,
1198 5017 1538 5076 quantosque
1573 5012 1806 5067 honores
1834 5014 1907 5068 ibi
1927 5015 2052 5068 ade-

469 5090 547 5158 pti
605 5092 713 5145 sint
742 5094 1004 5163 Dercyllis
1035 5108 1196 5168 atque
1228 5100 1511 5171 Ceryllus;
1566 5114 1619 5157 et
1669 5104 1773 5159 hoc
1820 5108 2051 5177 amplius

468 5181 738 5249 Astraeus,
801 5190 942 5264 quod
990 5192 1268 5260 oculorum
1322 5209 1545 5257 suorum
1597 5197 1934 5268 incremento
1965 5211 2048 5253 at-

2155 4927 2291 4997 ὡμῴ
2321 4929 2413 4980 καί.
2435 4927 2647 4997 ἠλιθίῳ,
2676 4928 2860 4989 ἵπποις
2883 4944 2942 4979 τε
2968 4928 3167 4991 αὐτοὺς
3208 4926 3495 4995 ἐξέφυγον,
3531 4925 3620 4977 καὶ
3646 4924 3735 4973 ὅσα

2161 5021 2346 5081 αὐτοῖς
2374 5020 2502 5087 περί
2533 5019 2629 5088 τῆς
2665 5020 2805 5071 κατά
2844 5020 2940 5089 τὴν
2970 5020 3136 5089 χρόαν
3173 5018 3279 5071 τῶν
3314 5019 3500 5070 ἵππων
3523 5016 3735 5068 ἐναλλα-

2160 5112 2263 5181 γῆς
2321 5112 2584 5178 ἐγεγόνει.
2636 5112 2826 5173 Ὅπως
2849 5129 2907 5163 τε
2939 5113 3081 5164 κατὰ
3103 5112 3231 5172 τοὺς
3266 5110 3596 5171 Ἀκυτανοὺς
3626 5106 3735 5172 ὲγέ-

2161 5219 2334 5263 νοντο,
2398 5203 2492 5254 καὶ
2543 5202 2659 5265 οἵας
2719 5204 2839 5256 ἐκεῖ
2891 5204 3057 5274 τιμῆς
3113 5201 3364 5274 [18611.]
3424 5201 3735 5270 ἀπήλαυσαν

1774 5334 2009 5389 VARI/1'3
2050 5333 2453 5390 LECTIONES.

562 5439 613 5525 ξ⁸
639 5442 736 5525 καὶ
775 5442 1453 5525 σταθμὸν-τ-ποιούμενοι
1481 5452 1523 5505 Α
1571 5470 1584 5505 :
1624 5453 1884 5523 σταθμίον
1923 5487 1990 5496 --
2024 5455 2325 5525 ποιούμενα
2351 5474 2410 5520 ς.

468 5509 735 5591 πριάστιός
770 5528 832 5591 ς.
908 5509 951 5545 ⁸⁸
984 5515 1192 5591 Mope?
1220 5536 1259 5580 ς
1343 5520 1582 5591 Scaliger
1623 5509 1855 5591 Μυρτοῖξ
1931 5527 1975 5560 ³ο
2002 5543 2059 5577 τε
2092 5509 2213 5579 add.
2246 5528 2310 5581 A.
2360 5509 2428 5559 νυ
2462 5526 2553 5577 τοῦ
2581 5509 2687 5579 om.
2725 5509 2787 5577 Al.

466 5581 632 5663 μιυηί
663 5599 676 5634 :
704 5582 985 5654 ἀφίκοιντο
1011 5581 1090 5650 ς.’
1148 5581 1195 5619 ’λ’
1224 5581 1536 5660 ὀφθαλμοῐῖς
1563 5598 1608 5667 Α
1632 5613 1646 5669 ι
1677 5581 1937 5668 ἀδελφούς
1966 5595 2006 5659 C
2035 5614 2094 5661 ς’.

2537 5456 2581 5486 ⁸⁷
2616 5456 2815 5526 ἁδελφῇ
2848 5474 2908 5520 ς.
3011 5456 3055 5487 ⁸⁸
3087 5453 3325 5525 Παάπις]
3379 5450 3685 5526 ΠαάπιόεήΔ
3713 5468 3725 5502 :

2867 5528 2911 5558 ³⁸
2938 5526 3198 5593 ἀφίκοντο
3219 5520 3587 5593 :tpdgrapltuut
3617 5520 3729 5572 Ste-

2172 5596 2217 5627 “
2249 5598 2463 5668 ἡμέραν
2495 5597 2730 5667 ἑκάστην
2758 5615 2819 5661 ς.
2895 5598 2940 5629 ³⁸
2973 5596 3177 5666 βελτοίς
3210 5598 3274 5649 Α.

1944 5710 2178 5786 norm.

548 5809 661 5883 (20)
695 5813 910 5889 ἀδελφῷ
963 5820 1245 5892 legendum
1307 5822 1501 5882 docent
1543 5828 1841 5897 sequentia.

2229 5828 2340 5899 (2|)
2390 5830 2489 5897 Qui
2538 5831 2733 5903 Ρααρὶε
2780 5835 3037 5909 deinceps
3085 5847 3351 5908 perpetuo
3404 5830 3729 5889 nominatur.
