4062 6444
272 381 379 445 ἆ73

1303 380 1826 443 BIBLIOTHECA.
1862 411 1933 420 -
1968 384 2131 445 COD.
2161 384 2409 446 CLXVI.

3436 384 3541 448 474

280 513 438 567 μονος
473 496 678 566 τέχνης
704 493 1038 548 σπουδασταὶ
1062 492 1430 567 ὑποτίθενται,
1459 490 1571 548 οἷον
1600 496 1675 559 ὡς
1705 496 1854 551 ἔστιν

1972 509 2226 553 istrorum
2261 498 2488 552 studiosi
2527 500 2725 554 docere
2772 502 2966 554 solent.
3003 502 3191 568 Qualia
3239 513 3366 557 sunt
3387 505 3531 559 ista:

278 588 437 650 ὲνῖοις
478 584 712 641 δυνατὸν
748 587 891 639 acuti
944 584 1191 655 κορυφὴν
1222 584 1320 654 τὴν
1342 584 1543 655 ἄρκτον
1569 581 1731 650 εἶναι,
1762 589 1859 641 καὶ

276 680 375 751 τὴν
412 680 592 733 νύκτα
642 678 923 748 μηνιαῐαν,
956 681 1051 728 καὶ
1080 675 1302 729 ἔλαττον
1326 676 1382 729 δὲ
1411 677 1506 729 καὶ
1549 676 1731 742 πλέον,
1765 678 1861 732 καὶ

279 770 642 840 ἑξαμηνιαίαν
662 770 742 832 δὲ,
783 769 880 822 καὶ
905 769 966 820 τὸ
995 768 1226 837 ἔσχατον
1274 769 1619 823 ἐνιαυσιαίαν
1640 785 1654 799 ⁸
1677 771 1736 823 οὐ
1760 770 1859 840 μό-

278 878 367 914 νον
394 861 573 931 δὲτὴν
605 861 779 913 νύκτα
825 860 918 912 ἐπὶ
964 860 1217 914 τοσοῦτον
1246 861 1684 929 παρατείνεσθει,
1720 861 1859 915 ἀλλὰ

278 956 378 1005 καὶ
404 953 508 1022 τὴν
552 951 765 1021 ἡμέραν
806 950 1035 1013 ταύταις
1088 952 1407 1020 συμϐαίνειν
1439 951 1731 1019 ἀνάλογον·
1765 954 1861 1006 καὶ⁵

280 1045 457 1115 ἕτερα
480 1044 539 1096 δὲ
564 1042 886 1109 ἀπαγγέλλει
923 1044 1049 1094 ἰδεῖν
1083 1043 1266 1112 ὅμοια.
1316 1041 1441 1114 [188
1474 1036 1563 1114 IL]
1607 1044 1717 1096 Καὶ⁸
1765 1046 1861 1097 ἀν-

284 1134 553 1203 θρώπους
582 1135 633 1189 δὲ
656 1134 779 1186 ἰδεῖν
810 1135 903 1185 καὶ
920 1134 1086 1203 ἕτερά
1114 1150 1234 1185 τινα
1267 1133 1643 1202 τερατεύεται,
1677 1133 1713 1188 ἃ
1755 1152 1861 1205 μη-

288 1228 407 1289 δεὶς
469 1230 599 1297 μήτε
641 1228 766 1280 ῖδεῖν
808 1227 909 1295 ἔφη
940 1228 1077 1297 μήτε
1108 1227 1357 1287 ἀκούσαι,
1385 1227 1517 1279 ἀλλὰ
1547 1228 1680 1297 μηδὲ
1723 1244 1861 1296 φαν-

292 1322 515 1384 τασίαις
558 1320 963 1373 amantium.
999 1321 1102 1371 Καὶ
1130 1319 1189 1373 τὸ
1209 1320 1431 1374 πάντων
1477 1322 1859 1383 ἀπιστότατον,

292 1414 377 1464 ὅτι
403 1415 754 1483 πορευόμενοι
783 1413 920 1483 πρὸς
950 1412 1161 1482 Βορρᾶν
1210 1413 1302 1465 ἐπὶ
1354 1414 1603 1483 σελήνην,
1639 1413 1715 1475 ὼς
1768 1412 1860 1465 ἐπί

290 1518 409 1554 τινα
441 1503 542 1572 γῆν
588 1504 1007 1572 καθαρωτάτην,
1049 1503 1275 1570 πλησίον
1326 1504 1571 1571 ἐγένοντο
1597 1543 1611 1566 ,
1653 1505 1770 1556 ἐκεῖ
1796 1521 1859 1557 τε

287 1595 568 1662 γενόμενος
595 1595 758 1647 ῐδοιεν
784 1593 821 1647 ἆ
848 1594 992 1656 εἰκὸς
1022 1589 1089 1663 ἦν
1116 1596 1245 1647 ἰδεῖν
1272 1596 1364 1647 τὸν
1412 1594 1667 1664 τοιαύτην
1692 1597 1861 1665 ὑπερ-

283 1683 445 1752 δολὴν
478 1684 819 1753 πλασμάτων
856 1687 1373 1754 προαναπλάσαντα.
1414 1684 1547 1740 Εἶτα
1589 1688 1683 1739 καὶ
1716 1687 1792 1749 ὡς
1824 1688 1857 1756 ἠ

280 1773 513 1826 Σίϐυλλα
540 1776 643 1843 τὴν
671 1776 948 1845 μαντικὴν
967 1776 1075 1828 ἀπὸ
1104 1776 1400 1845 Καρμάνου
1427 1775 1673 1829 ἀνέλαϐε.
1706 1774 1861 1828 Μετὰ

276 1867 331 1919 δὲ
361 1866 540 1920 ταῦτα
580 1868 666 1920 ὅτι
714 1868 880 1937 εὐχὰς
920 1864 1057 1931 ἰδ’ίας
1113 1869 1343 1930 ἕκαστος
1370 1866 1591 1936 ηὔξατο,
1630 1868 1858 1928 καὶτοῖς

280 1958 380 2025 μὲν
410 1958 600 2021 ἄλλοις
632 1960 849 2029 ἑκάστῳ
882 1959 1178 2013 συνέπεσεν
1217 1960 1407 2027 ὥσπερ
1436 1958 1661 2029 ηὔξατο,
1696 1959 1859 2011 αὑτὸν

276 2051 334 2102 δέ
355 2062 525 2120 φησιν
548 2051 769 2103 ἐκεῖθεν
790 2052 1192 2120 ἀφυπνώσαντα
1218 2052 1298 2114 εἰς
1331 2049 1507 2122 Τύρον
1535 2051 1617 2112 εἰς
1640 2049 1735 2102 τὸν
1763 2048 1858 2101 τοῦ

290 2141 591 2211 Ἡρακλέος
606 2141 742 2195 νεὼν
763 2143 1074 2214 εὑρεθῆναι,
1094 2142 1309 2195 ⁴ἐκεῖθέν
1328 2161 1385 2195 τε
1422 2142 1733 2195 ἀναστάντα
1760 2143 1860 2210 τήν

279 2248 337 2283 τε
359 2233 693 2301 Δερκυλλεδα
718 2235 922 2288 καὶτὸν
952 2236 1248 2291 Μαντινίαν
1271 2240 1520 2306 ἀνευρεῖν
1547 2233 1606 2289 εὖ
1651 2254 1867 2308 πεπρα-

280 2323 447 2397 χότας
479 2327 575 2377 καὶ
602 2326 730 2390 τούς
751 2344 809 2379 τε
834 2331 1013 2394 γονεῖς
1051 2329 1144 2382 τοῦ
1196 2329 1408 2399 μακροῦ
1449 2328 1867 2393 ἁπαλλάξαντας

286 2415 479 2479 ὕπνου,
522 2418 723 2488 μᾶλλον
752 2419 807 2472 δὲ
834 2418 1078 2489 ὀλέθρου,
1123 2424 1217 2476 καὶ
1261 2418 1433 2475 τᾶλλα
1480 2421 1868 2491 εὐδαιμονοῦν-

286 2522 403 2567 τας.

1963 588 2208 641 habitare
2243 585 2504 656 quosdam
2522 601 2677 656 posse
2705 588 2806 641 sub
2837 588 2958 658 polo
2985 590 3210 651 arctico,
3247 599 3300 641 et
3327 600 3537 641 noctem

1962 678 2193 732 inveniri
2251 678 2409 731 unius
2450 678 2673 744 mensis,
2728 679 3000 748 aliamque
3041 696 3146 748 qua
3212 682 3542 743 breviorem,

1965 763 2159 838 111a
2182 784 2285 838 qua
2344 770 2664 839 longiorem,
2703 781 2760 824 ut
2818 786 2910 825 sex
2957 772 3119 826 etiam
3158 774 3446 834 mensium,
3491 783 3546 826 et

1898 918 1899 921 η
1960 876 2232 914 summum
2268 861 2391 914 anni
2425 863 2583 914 unius
2636 864 2868 928 spatium
2930 874 3127 916 teneat.
3167 862 3351 932 Neque
3407 880 3537 916 vero
3596 900 3609 927 ,

1960 962 2173 1006 noctem
2226 952 2399 1006 solum
2432 962 2496 1006 eo
2532 969 2702 1022 usque
2741 956 2981 1022 produci,
3013 954 3107 1008 sed
3168 956 3307 1008 diem
3370 958 3539 1007 etiam

1962 1045 2138 1113 ipsum
2163 1047 2408 1099 noctibus
2434 1046 2516 1099 his
2544 1047 2887 1114 proportione
2924 1048 3255 1115 respondere
3282 1066 3295 1101 :
3332 1047 3543 1114 aliaque

1962 1138 2013 1191 id
2042 1148 2208 1205 genus
2236 1152 2263 1189 a
2297 1153 2354 1190 se
2376 1138 2484 1192 visa
2511 1140 2740 1191 nuntiat.
2773 1138 3028 1193 lloiiiines
3054 1142 3176 1193 item
3199 1141 3543 1207 conspexisse

1966 1244 2047 1291 se,
2111 1238 2165 1282 et
2199 1230 2443 1296 qua-dam
2479 1230 2580 1283 alia
2644 1232 2933 1293 fabulatur,
2994 1233 3171 1301 qualia
3235 1234 3541 1293 mortalitnu

1963 1337 2120 1375 nemo
2172 1321 2327 1387 vidit,
2383 1337 2480 1375 nec
2532 1323 2761 1386 audivit,
2819 1325 2913 1377 sed
2970 1340 3036 1376 ne
3096 1334 3273 1378 mente
3325 1325 3541 1391 quidem

1961 1414 2184 1470 cmnxil.
2219 1412 2330 1469 Hoc
2366 1426 2542 1468 autem
2573 1420 2811 1469 omnium
2838 1419 3071 1471 maxime
3097 1434 3310 1470 omnem
3332 1420 3545 1471 excedit

1962 1506 2143 1568 tidem,
2197 1509 2339 1576 quod
2410 1508 2630 1559 Boream
2692 1524 2880 1561 versus
2952 1508 3176 1575 profecti
3240 1510 3306 1561 ad
3360 1510 3541 1563 lunam

1964 1598 2204 1665 propius,
2267 1608 2519 1666 tanquam
2555 1599 2617 1649 ad
2648 1599 2988 1663 purissimam
3032 1599 3324 1667 quamdam
3374 1598 3547 1652 tellu-

1964 1703 2075 1740 rem
2112 1685 2246 1756 (26),
2296 1689 2646 1749 accesserint,
2690 1686 3036 1755 indidemque
3089 1703 3317 1740 cernere
3342 1698 3539 1755 potuc-

1966 1781 2157 1833 rinlea
2210 1795 2328 1845 qum
2360 1774 2561 1832 vidisse
2586 1794 2685 1847 par
2737 1788 2820 1838 est
2860 1795 2983 1832 eum
3026 1781 3115 1846 qui
3155 1795 3329 1844 nugas
3358 1779 3548 1842 hujus-

1966 1871 2105 1924 modi
2130 1886 2288 1938 supra
2321 1864 2477 1923 fidem
2527 1870 2867 1923 confinxerit.
2906 1871 2984 1922 Ad
3043 1872 3156 1923 haec
3195 1882 3248 1921 et
3282 1869 3542 1937 Sibyllam

1964 1966 2291 2021 vaticinandi
2347 1980 2521 2020 artem
2574 1984 2602 2021 a
2640 1967 2914 2021 Carmane
2944 1966 3204 2020 didicisse
3257 1967 3445 2031 tradit,
3480 1981 3546 2019 ac

1966 2070 2088 2112 vota
2121 2067 2241 2127 post
2276 2059 2377 2111 ista
2427 2074 2696 2129 quemque
2721 2074 2817 2112 sua
2876 2067 2931 2112 et
2976 2073 3166 2125 preces
3207 2058 3544 2126 concepisse,

1966 2161 2128 2217 atque
2158 2160 2216 2204 ut
2248 2160 2515 2217 Optarant,
2545 2166 2630 2205 res
2658 2152 2779 2204 dein
2808 2150 3035 2219 singulis
3067 2150 3335 2203 cecidisse
3361 2168 3375 2204 :
3415 2149 3544 2202 hinc

1972 2243 2113 2294 enim
2169 2252 2200 2295 e
2252 2258 2443 2297 somno
2498 2244 2574 2295 ait
2620 2243 2915 2296 excitatum
2966 2256 3026 2294 se
3079 2234 3207 2311 Tyri
3251 2242 3301 2294 in
3347 2240 3548 2308 templo

1975 2332 2219 2387 Herculis
2277 2333 2391 2403 (27)
2429 2342 2747 2398 repertum:
2814 2333 2954 2386 unde
3001 2349 3123 2386 cum
3185 2335 3539 2396 surrexisset,

1975 2424 2145 2493 ipsum
2177 2441 2388 2493 quoque
2416 2416 2719 2494 'Dert'yllida
2756 2434 2810 2478 et.
2860 2426 3183 2477 Mantiniam
3248 2426 3545 2493 reperisse,

1975 2529 2095 2568 cum
2123 2525 2314 2569 caetera
2368 2517 2504 2570 belle
2551 2518 2810 2570 hactenus
2868 2518 3068 2585 egisse,
3132 2527 3239 2569 tum
3296 2527 3549 2587 parentes

288 2614 473 2654 suose
502 2597 667 2669 longe
697 2602 787 2655 illo
815 2602 929 2655 sive
974 2616 1194 2669 somno,
1222 2604 1339 2660 sire
1383 2605 1614 2659 interitu
1673 2606 1877 2672 potius,
1931 2600 2163 2661 feliciter
2210 2610 2481 2663 excitasse
2512 2609 2623 2677 (28)
2657 2610 2982 2678 beatamque
3036 2611 3194 2663 modo
3253 2608 3307 2661 in
3371 2611 3549 2661 omni—

291 2692 392 2745 bus
416 2693 582 2745 Vitam
606 2694 822 2750 ducere.

358 2783 547 2837 Ταῦτα
564 2782 769 2856 Κύμὸᾳ
789 2785 999 2850 Δεινίας
1014 2786 1098 2841 διε
1108 2782 1461 2860 μυθολόγησε,
1484 2790 1578 2842 καὶ
1599 2804 1868 2861 κυπαριτο

287 2877 445 2939 τενας
501 2878 718 2940 δέλτους
783 2878 1133 2949 προενεγκὼν
1193 2882 1468 2953 ἐγγράψαι
1525 2878 1726 2945 ταύτας
1776 2883 1869 2935 τὸν

301 2968 590 3038 Ἀθηναῖον
655 2969 998 3042 Ἐρασινίδην
1034 2970 1081 3004 ’δ
1130 2975 1491 3043 συνεπόμενον
1535 2974 1613 3044 τῷ
1670 2973 1874 3045 Κύμὸᾳ

289 3054 383 3130 (ἦν
414 3060 527 3131 γὰρ
563 3062 813 3133 τεχνίτης
852 3062 1047 3133 λόγων)
1097 3066 1553 3132 παρεκελεύσατο.
1592 3065 1873 3130 Ὑπέδειξε

2036 2788 2162 2845 Πίος
2196 2791 2411 2860 Cymbae
2447 2791 2633 2844 Dinias
2679 2790 2928 2844 fabulose
2967 2790 3179 2849 retulit,
3220 2788 3554 2858 prolatisque

1968 2882 2302 2951 cupressinis
2359 2881 2583 2943 tabulis,
2626 2880 2922 2934 inscribere
2992 2896 3089 2935 eas
3149 2877 3304 2947 jubet
3364 2878 3551 2931 Erasi-

1971 2977 2148 3032 nidem
2176 2975 2581 3039 Atheniensem,
2613 2972 2831 3044 Cymbre
2890 2972 3169 3035 comitem,
3247 2970 3557 3023 litterarum

1946 3060 2078 3122 'non
2111 3067 2441 3136 imperitum.
2468 3044 3376 3132 Ostenditetiam/ipsisDercyllida
3410 3062 3559 3130 (haec

291 3154 348 3205 δὲ
396 3155 587 3216 αὐτοῖς
632 3157 731 3208 καὶ
767 3154 866 3225 τὴν
904 3157 1266 3227 Δερκυλλίδα·
1298 3157 1439 3229 αὕτη
1484 3159 1595 3229 γὰρ
1642 3159 1735 3211 καὶ
1775 3158 1870 3221 τὰς

1978 3158 2120 3211 enim
2151 3157 2497 3225 cupressinas
2529 3155 2650 3209 illas
2707 3148 2921 3209 tabulas
2974 3151 3176 3222 attulit)
3228 3152 3561 3222 Cymbteque

292 3244 699 3314 κυπαριττωας
752 3246 975 3310 δέλτους
1031 3249 1249 3319 ἤνεγκε.
1306 3249 1623 3319 ’Προσέταξέ
1682 3267 1741 3301 τε
1798 3249 1876 3319 τῷ

292 3335 506 3407 Κύμϐᾳ
537 3336 663 3406 δίχα
692 3337 864 3391 ταῦτα
890 3338 959 3392 τὰ
1000 3338 1532 3410 διαμυθολογηθέντα
1561 3340 1875 3413 ἀναγράψα-

291 3427 439 3491 σθαι,
474 3429 571 3480 καὶ
598 3427 831 3498 θατέραν
862 3430 962 3499 μὲν
991 3429 1099 3482 τῶν
1128 3431 1327 3485 δέλτων
1352 3432 1521 3484 ἀὐτὸν
1570 3431 1733 3501 ἔχειν,
1777 3432 1875 3502 τὴν

288 3519 493 3589 ἑτέραν
525 3519 607 3583 δὲ,
635 3520 757 3573 καθ’
783 3521 843 3573 ὃν
872 3520 1118 3594 ἀποϐιῲη
1171 3523 1381 3593 καιρὸν,
1413 3524 1512 3592 τὴν
1545 3524 1876 3594 Δερκυλλίδα

287 3609 528 3678 πλησίον
555 3610 651 3669 τοῦ
675 3611 849 3678 τάφου
877 3612 1120 3683 κιϐωτίῳ
1154 3613 1496 3683 ὲμὸαλοῦσαν
1534 3614 1871 3671 καταθεῖναι.

372 3701 436 3756 ’0
464 3703 601 3770 γοῦν
629 3704 668 3734 ¹¹
691 3705 967 3775 Διογένης,
991 3706 1021 3758 ὁ
1043 3707 1137 3759 καὶ
1169 3707 1476 3773 Ἀντώνιος,
1498 3706 1673 3760 ταῦτα
1700 3710 1877 3761 πάντα

293 3796 512 3849 Δεινίαν
560 3798 870 3866 εἰσαγαγὼν
915 3799 1051 3869 πρὸς
1095 3800 1329 3870 Κύμὸαν
1374 3802 1876 3871 τερατευσάμενον,

303 3891 452 3957 ὅμως
478 3891 685 3959 γράφει
707 3892 983 3962 Φαυστίνῳ
1012 3893 1092 3945 ὃτι
1119 3911 1178 3945 τε
1211 3892 1497 3946 συντάττει
1532 3890 1575 3926 ¹¹
1612 3894 1739 3963 περὶ
1771 3894 1899 3969 τῶν,

305 3982 447 4051 ὑπὲρ
468 3978 677 4052 δούλην
700 3983 974 4049 ἀπίστων,
1014 3986 1115 4037 καὶ
1161 3985 1336 4055 ὅτιτῇ
1379 3984 1579 4055 ἀδελφῇ
1628 3980 1879 4054 Ἶσιὸώρᾳ

295 4074 621 4145 φὰομαθῶς
642 4077 847 4149 ἐχούσῃ
876 4077 945 4131 τὰ
980 4078 1234 4148 δράματα
1269 4081 1599 4148 προσιρωνεϊ.
1628 4078 1791 4145 Λέγει
1823 4078 1880 4129 δὲ

294 4168 497 4221 ἑαυτὸν
516 4169 607 4221 ὅτι
640 4170 872 4241 ποιητής
913 4171 1027 4222 ἐστι
1060 4168 1349 4239 κωμῳδίας
1390 4169 1645 4234 παλαιᾶς,
1675 4171 1767 4221 καὶ
1799 4169 1879 4222 ὃτι

292 4263 345 4313 εἱ
372 4262 475 4314 καὶ
527 4262 734 4315 ἄπιστα
776 4262 1076 4331 καὶψευδῆ
1122 4262 1372 4325 πλάττοι,
1408 4258 1519 4313 ἀλλ’
1547 4257 1639 4315 οὖν
1687 4260 1801 4330 ἔχει
1836 4260 1880 4291 ¹⁸

295 4356 431 4425 ’περὶ
460 4354 571 4407 τῶν
595 4354 862 4406 πλείστων
883 4351 1035 4422 αὐτῷ
1062 4352 1545 4422 μυθολογηθέντων
1577 4354 1619 4386 ’⁵
1653 4355 1879 4423 ἀρχαιο-

294 4447 482 4515 τέρων
522 4446 853 4516 μαρτυρίας,
881 4444 942 4509 ἐξ
986 4439 1060 4497 ὧν
1112 4445 1208 4497 σὺν
1232 4447 1465 4515 καμάτῳ
1506 4444 1677 4501 ταῦτα
1713 4462 1878 4497 συνα-

1978 3249 2254 3319 negotimu
2297 3247 2467 3314 dedit,
2503 3258 2560 3301 ut
2611 3248 2813 3317 duplici
2859 3245 3116 3315 exemplo
3167 3246 3247 3299 eis
3297 3245 3559 3299 hactenus

1979 3350 2195 3394 narrata
2238 3340 2708 3393 inscriberentur:
2742 3349 2797 3392 et
2826 3338 3055 3393 alteram
3088 3336 3308 3406 quidem
3332 3334 3561 3390 tabella-

1979 3447 2096 3484 rum
2132 3430 2222 3485 ille
2256 3444 2423 3496 penes
2450 3444 2509 3483 se
2553 3429 2818 3483 haberet:
2870 3428 3099 3481 alteram
3141 3442 3269 3480 vero
3324 3427 3551 3497 Dercyl-

1979 3522 2084 3575 lida
2124 3536 2245 3574 eum
2272 3535 2305 3575 θ
2342 3522 2450 3574 vita
2506 3520 2850 3586 decessisset,
2884 3533 2983 3574 suo
3004 3519 3057 3572 in
3085 3518 3290 3573 tumulo
3324 3518 3567 3587 capsula:

1978 3615 2286 3683 impositam
2328 3614 2742 3667 collocaturam.

2050 3706 2318 3775 Diogenes
2362 3706 2549 3773 igitur,
2607 3706 2858 3772 idemque
2896 3703 3186 3766 Antonius,
3248 3704 3339 3774 qui
3395 3703 3564 3758 hasce

1980 3812 2165 3853 omnes
2207 3797 2463 3866 prodigiis
2493 3797 2699 3851 similes
2720 3796 2928 3851 fabulas
2961 3797 3170 3850 Diniam
3193 3795 3323 3851 facit
3344 3797 3564 3864 Cymbala

1982 3900 2315 3953 narrantem,
2348 3884 2615 3944 Faustino
2660 3900 2838 3942 tamen
2886 3890 3077 3943 scribit
3117 3908 3131 3943 :
3168 3888 3245 3942 De
3281 3888 3567 3942 incredibi-

1979 3984 2115 4037 libus
2153 3998 2233 4045 se,
2269 3994 2386 4047 qua:
2413 3982 2557 4034 ultra
2591 3978 2794 4033 Thulen
2834 3990 3023 4045 essent,
3053 3980 3315 4041 scribere,
3360 3988 3415 4032 et
3465 3976 3565 4029 lsi-

1981 4077 2127 4131 dorte
2154 4074 2344 4136 sorori,
2374 4073 2575 4126 litteris
2638 4089 2760 4125 cum
2812 4072 3010 4142 primis
3041 4072 3256 4135 deditae,
3288 4071 3401 4123 haec
3451 4070 3565 4135 ipsa

1980 4166 2252 4219 dedicare.
2309 4160 2519 4215 Veteris
2588 4172 2850 4228 praeterea
2896 4162 3176 4215 comtediaa
3250 4169 3461 4228 poetam
3507 4172 3567 4210 se

1983 4254 2264 4321 proﬁtetur
2288 4242 2313 4305 ε’
2338 4251 2543 4304 aclicet
2568 4250 2721 4317 falsa,
2745 4265 2917 4317 eaque
2944 4248 3283 4303 incredibilia
3328 4246 3566 4316 tinxerit,

1985 4344 2182 4397 habere
2212 4353 2395 4397 tamen
2425 4344 2493 4396 de
2526 4343 2609 4396 bis
2652 4341 2785 4409 ipsis
2810 4340 3010 4394 fabulis
3054 4350 3217 4394 testes
3238 4338 3395 4405 longe
3425 4336 3565 4387 auti-

1984 4439 2225 4505 qm'ores,
2263 4450 2291 4489 e
2322 4446 2554 4503 ‘quortnn
2580 4435 2796 4501 scriptis
2831 4447 3042 4485 summo
3066 4432 3183 4485 haec
3220 4431 3402 4483 labore
3433 4440 3568 4479 con~

298 4538 544 4608 Θροίσειε
571 4555 584 4569 ·
618 4539 908 4608 προτάττει
941 4538 997 4590 δὲ
1017 4537 1114 4590 καὶ
1130 4538 1365 4591 ἑκάστου
1403 4537 1606 4607 βιϐλίου
1634 4538 1757 4599 τοὺς
1778 4538 1870 4591 ἄν·

1984 4530 2183 4585 tulerit.
2220 4529 2459 4598 Singulis
2498 4524 2690 4581 deinde
2727 4527 2881 4581 libris
2914 4536 3164 4579 auctores
3203 4524 3408 4585 laudat,
3462 4521 3558 4591 qui

298 4629 438 4699 δρας
466 4630 517 4683 οἳ
549 4630 619 4684 τὰ
669 4630 895 4683 τοιαῦτα
948 4631 1427 4700 προαπεφήναντο,
1472 4630 1549 4693 ὡς
1598 4630 1671 4701 μὴ
1712 4630 1888 4681 δοκεῖν

305 4720 619 4790 μαρτυρίας
642 4721 901 4791 χηρεύειν
934 4722 1003 4773 τὰ
1038 4721 1261 4775 ἄπιστα.
1315 4720 1630 4789 Ἐπιστολὴν
1667 4719 1765 4787 μὲν
1795 4714 1888 4770 οὖν

304 4815 431 4866 κατ’
467 4814 641 4883 ἀρχὰς
688 4813 784 4866 τοῦ
820 4814 1033 4881 βιῆλίου
1069 4816 1271 4883 γράφει
1322 4813 1459 4883 πρὸς
1505 4812 1602 4883 τὴν
1654 4808 1889 4879 ἀδελφὴν

318 4905 621 4974 Ἰσιδώραν,
646 4905 717 4959 δι’
738 4901 805 4976 ἧς
832 4907 878 4956 εἰ
906 4907 948 4937 ¹⁸
968 4907 1065 4959 καὶ
1092 4907 1188 4976 τὴν
1211 4904 1599 4977 προσφώνησιν
1622 4902 1759 4972 αὐτῇ
1779 4900 1889 4953 τῶν

308 4997 765 5066 συγγραμμάτιον
791 4998 1065 5049 δείκνυται
1095 4998 1480 5066 πεποιημένος,
1508 4994 1621 5047 ἀλλ’
1647 4988 1747 5046 ὀὖν
1774 4993 1889 5044 εἰσ-

1988 4622 2178 4676 eadem
2228 4632 2385 4675 antea
2433 4622 2484 4675 in
2512 4622 2726 4674 litteras
2762 4620 3028 4680 miserint,
3072 4632 3136 4669 ne
3183 4626 3319 4669 teste
3350 4614 3563 4667 scilicet

1988 4713 2184 4767 ido'ue'o
2242 4720 2437 4766 'carere
2491 4712 2655 4765 etiam
2716 4706 3053 4763 incredibilia
3094 4707 3180 4759 illa
3230 4706 3567 4759 viderentur.

1988 4803 2110 4871 Ipso
2136 4800 2308 4873 igitur
2369 4803 2549 4870 operis
2626 4802 2780 4855 initio
2827 4800 3109 4869 epistolam
3173 4798 3239 4850 ad
3301 4797 3567 4849 lsidoram

1988 4910 2228 4950 sororem
2256 4896 2463 4959 scribit,
2496 4909 2598 4964 qua
2647 4895 2773 4947 licet
2809 4894 2912 4946 hoc
2943 4888 3138 4961 lllb
3206 4888 3279 4942 illi
3322 4889 3572 4940 volumen

1988 4986 2308 5054 inscriptum
2344 5001 2471 5040 esse
2534 4987 2805 5052 ostendat,
2856 4984 3139 5053 Balug‘rum
3177 4981 3347 5035 nihilo
3394 4979 3575 5032 secius

1659 5125 1893 5181 VARI/E
1925 5123 2225 5179 LECTION
2232 5122 2334 5177 ES.

382 5225 427 5255 ³⁸
461 5224 803 5295 Ἐρασινίδην
828 5222 1081 5292 ἅθηναῖον
1112 5225 1202 5295 At
1258 5223 1301 5253 “
1329 5219 1481 5295 γούνι
1503 5220 1611 5289 γὰρ
1702 5218 1918 5271 :malim
1946 5216 1993 5269 δ’
2023 5212 2138 5269 οὖν.
2208 5217 2253 5248 ⁸⁸
2280 5215 2557 5271 σοντάττω
2588 5215 2655 5271 Α.
2732 5215 2778 5248 ¹³
2799 5213 2911 5285 ἔχοι
2935 5230 2996 5277 ς.
3074 5210 3120 5245 ³⁸
3151 5204 3576 5282 μυθολ.αὑτῷς.

312 5289 621 5350 addendum
652 5289 779 5348 ante
814 5289 1104 5360 pronomen
1135 5292 1266 5347 τῶν.
1346 5293 1389 5325 ¹⁵
1418 5289 1478 5343 ει
1494 5307 1602 5345 om.
1631 5289 1700 5345 Α.

1807 5398 2041 5456 NOTAE.

390 5506 505 5571 (‘26)
534 5503 777 5557 llabitari
806 5504 859 5557 in
894 5502 1041 5566 luna,
1070 5515 1297 5567 eamque
1325 5513 1447 5555 esse
1507 5506 1708 5571 terram
1746 5494 1888 5547 mut-

318 5566 499 5628 tarum
526 5575 739 5628 urbium
794 5585 848 5627 et
878 5574 1135 5626 montium
1176 5566 1310 5625 dixit
1350 5571 1476 5623 olim
1508 5566 1889 5635 Xenophanes,

317 5655 375 5697 ut
411 5646 572 5697 refert
601 5644 741 5705 Cic.,
776 5642 941 5696 Acad.
972 5641 1196 5706 Quwst.,
1226 5649 1418 5705 quaest.
1446 5640 1499 5692 4.

319 5783 366 5857 u
391 5712 670 5838 (27)1Vide
723 5702 1192 5779 Arrian.,wCurt.,
1224 5702 1409 5781 διαθείη
1455 5706 1678 5777 Gyrald.
1702 5705 1770 5761 de
1792 5702 1893 5759 hoc

368 5802 499 5847 ercu
523 5801 575 5847 ε,

368 5801 575 5847 ercttte,

2073 5493 2185 5564 (28)
2217 5493 2413 5557 Herhis
2458 5494 2623 5547 etiam
2678 5491 3026 5564 hominesad
3087 5490 3254 5564 vitam
3292 5494 3579 5564 revocatos

2003 5557 2277 5617 fabulatur
2309 5564 2445 5617 Plin.
2496 5564 2590 5616 lib.
2625 5579 2749 5628 xxv,
2780 5578 2897 5628 cap.
2922 5563 2979 5624 Ω,
3012 5569 3065 5613 et
3098 5559 3345 5626 Apollod.
3391 5557 3488 5628 lib.
3518 5572 3576 5609 III

2005 5632 2263 5687 Bibliotli.
2295 5635 2558 5689 Glaucum
2585 5627 2781 5696 Minois
2808 5627 2975 5691 tilium
3011 5631 3089 5687 sic
3116 5643 3335 5700 quoque
3350 5627 3474 5681 vita:
3493 5643 3581 5681 re.

2003 5708 2251 5761 stitutqu
2290 5706 2474 5758 refert.
3629 5714 3657 5735 θ’
