4062 6480
502 385 609 447 475
1660 382 1925 445 ΡΗΟΤΙΙ
1950 372 2105 443 PATl

2208 382 2459 442 lRCH/E
2492 383 2602 441 CP.
3678 373 3787 439 4ῗό

499 495 788 568 quemdam
822 494 894 546 ibi
941 493 1098 549 uxori
1135 508 1271 559 sine,
1320 494 1486 548 Phila:
1522 495 1763 555 nomine.
1792 494 2060 563 Antipatri
2096 515 2105 550 λ

2208 507 2291 557 γει
2321 490 2602 560 Βάλαγρον
2656 487 2786 561 [564
2815 485 2906 559 IL]
2940 485 3075 557 πρὸς
3101 485 3199 557 τὴν
3245 485 3470 539 οἰκείαν
3518 487 3785 553 γυναῖκα,

504 589 644 650 ﬁliae,
704 585 1037 639 scribentem
1127 597 1550 655 narrantemqne
1614 585 1763 648 facit,
1819 601 1943 640 cum
2012 587 2079 639 ab

2208 584 2349 636 may
2378 581 2640 652 τοῦνομα,
2679 581 2957 650 γράφοντα
2988 579 3258 648 (Θυγάτηρ
3286 579 3349 631 δὲ
3400 572 3475 647 ἦν
3528 577 3789 631 Ἀντιπά-

500 677 812 730 Alexandro
862 675 1215 729 Macedonum
1253 691 1379 745 rege
1423 675 1599 745 Tyrus
1661 686 1970 744 caperetur,
2024 686 2080 729 et

2208 691 2311 744 τρου
2350 673 2514 743 αὕτη)
2542 674 2624 726 ὅτι
2663 674 2765 741 τῆς
2793 671 2969 741 Τύρου
3004 671 3106 723 ὑπὸ
3151 669 3521 737 Ἀλεξάνδρου
3564 667 3662 720 τοῦ
3695 668 3790 738 βα-

503 770 646 839 ignis
689 769 921 839 plurima
955 770 1285 837 devastaret,
1327 773 1538 825 venisse
1596 772 1660 825 ad
1709 772 2077 824 Alexandrum

2208 766 2379 827 τιλέως
2405 764 2731 819 Μακεδόνων
2762 765 2840 826 είς
2875 764 3076 816 ἅλωσιν
3116 762 3385 833 ἐλθούσης
3424 762 3530 813 καὶ
3561 761 3702 830 πυρὶ
3723 762 3790 815 τὰ

506 864 753 925 mililem,
789 861 878 929 qni
931 877 990 915 se
1047 864 1393 932 peregrinum
1429 864 1579 932 quid,
1634 872 1937 932 praeterque
1969 863 2085 927 opi-

2208 858 2413 912 τλεῖστα
2438 855 2839 927 δαπανηθείσης
2865 856 3203 927 στρατιώτης
3226 851 3370 926 ἧκεν
3408 853 3492 916 ὡς
3518 853 3565 883 ¹⁶
3607 852 3792 918 Ἀλέξ-

508 956 718 1008 nionem
749 955 1095 1009 indicandum
1126 954 1324 1008 habere
1365 955 1589 1008 diceret.
1622 954 1755 1007 Esse
1783 955 1924 1007 enim
1955 955 2082 1020 quid

2208 950 2418 1021 ινδρον,
2469 949 2619 1014 ξένον
2667 965 2719 1002 τι
2781 950 2876 1002 κα).
2926 948 3230 1016 παράδοξον
3282 946 3475 1013 λέγων
3539 943 3789 1013 μηνύειν,

506 1056 659 1099 extra
718 1047 975 1114 oppidum
1028 1056 1273 1112 spectatu
1334 1045 1577 1115 dignum.
1634 1044 1837 1111 Regem
1904 1046 2086 1114 itaque

2208 1038 2326 1093 ;ίναι
2358 1042 2414 1094 δὲ
2446 1043 2508 1094 τὸ
2541 1040 2719 1108 θέαμα
2768 1039 2866 1108 τῆς
2906 1039 3111 1101 πόλεως
3138 1038 3262 1104 ἔξω.
3300 1037 3368 1090 Ὀ
3422 1036 3486 1087 δὲ
3540 1035 3795 1102 βασιλεὺς

510 1135 805 1200 assumptis
838 1150 942 1187 una
990 1150 1173 1188 secum
1207 1132 1590 1201 Hephaestione
1642 1144 1696 1189 et
1728 1134 2089 1190 Parmenione

508 1226 695 1291 sociis,
733 1225 959 1280 militem
987 1235 1231 1280 secutum
1255 1227 1321 1280 ad
1362 1226 1642 1281 tutnulose
1671 1226 1848 1294 lapide
1873 1226 2089 1281 subter-

510 1332 704 1371 raneos
734 1319 996 1387 quosdam
1020 1320 1359 1387 pervenisse,
1393 1333 1623 1387 quorum
1659 1317 1796 1371 alius
1818 1319 1897 1372 sic
1947 1329 2090 1373 esset

511 1408 803 1477 inscriptus
827 1427 839 1462 :
867 1408 1068 1478 Lysilla
1101 1410 1226 1462 vixit
1252 1428 1419 1463 annos
1456 1424 1623 1463 xxxv.
1652 1409 1803 1462 Alter
1824 1424 1952 1465 vero
1976 1411 2088 1465 sic:

515 1497 736 1551 Mnason
775 1499 1045 1552 Manlium:
1096 1500 1241 1568 ﬁlius
1295 1499 1422 1552 vixit
1454 1515 1618 1552 annos
1662 1514 1784 1552 vat
1813 1499 2090 1568 (29),post

512 1604 665 1643 uxr.
703 1590 853 1643 Alius
880 1606 1009 1644 vero
1034 1590 1219 1643 titulus
1248 1598 1365 1642 erat
1411 1607 1425 1643 :
1463 1591 1696 1643 An'slion
1729 1587 1985 1642 Philoclis
2028 1590 2094 1658 ﬁ-

512 1681 616 1733 lius
642 1683 766 1734 vixit
805 1698 970 1734 annos
1008 1697 1177 1746 XLVII,
1197 1692 1309 1748 post
1340 1697 1414 1735 LII
1450 1682 1582 1750 (‘29).
1606 1683 1755 1734 Alius
1782 1698 1992 1737 rursum
2018 1683 2095 1736 sic

514 1767 1017 1841 inscriptus'lapis:
1062 1771 1353 1825 Mautinias
1399 1772 1672 1825 Mnasouis
1733 1774 1880 1842 ﬁlius
1930 1789 2095 1825 annos

511 1860 639 1911 vixit
676 1875 807 1926 XLII,
839 1870 1115 1931 noctesque
1137 1878 1202 1915 ιι
1236 1859 1283 1915 εἳ
1310 1876 1449 1916 lDCC.
1485 1864 1617 1914 item
1651 1861 1827 1917 alius:
1883 1862 2099 1932 Dercyl-

517 1949 580 2002 lis
610 1949 883 2004 Mnasonis
906 1953 1023 2020 ﬁlia
1052 1970 1217 2006 annos
1256 1954 1383 2006 vixit
1420 1968 1584 2005 xutx
1618 1964 1893 2022 noctesque
1934 1969 2025 2008 ιχ.
2048 1963 2097 2007 et

515 2058 652 2095 19cc.
704 2040 902 2096 Sextus
959 2059 1089 2097 vero
1130 2045 1367 2098 tumulus
1402 2045 1502 2097 ltOC
1545 2044 1977 2113 epigrammate:
2010 2047 2101 2098 Di-

514 2134 633 2187 nias
665 2133 833 2187 Arcas
868 2135 1000 2188 vixit
1042 2151 1209 2188 annos
1263 2151 1294 2190 ο
1327 2147 1374 2189 et
1423 2151 1551 2190 xxv.
1614 2133 1711 2190 His
1770 2136 1924 2191 lectis
1974 2141 2097 2192 dum

516 2225 681 2277 animi
710 2225 943 2292 pendent
975 2226 1358 2297 (praeterquam
1387 2228 1437 2281 in
1462 2229 1638 2297 primo
1676 2229 1903 2294 tumulo,
1939 2229 2098 2298 cujus

516 2315 717 2369 clarior
743 2327 859 2370 erat
897 2317 1129 2387 titulus),
1154 2319 1219 2371 ad
1248 2320 1507 2388 parietem
1541 2320 1912 2374 incideruntin
1943 2337 2101 2373 arcu-

518 2409 624 2462 lam
645 2425 675 2463 e
701 2424 956 2478 cupresso
974 2408 1316 2478 fabricatam,
1331 2413 1415 2465 cui
1433 2413 1512 2467 sic
1530 2413 1847 2482 inscriptum
1872 2412 2100 2483 :Hospes

524 2501 763 2569 quisquis
793 2516 862 2562 es,
892 2502 1038 2567 aperi
1068 2509 1126 2553 ut
1153 2502 1326 2554 discas
1344 2518 1459 2571 quae
1485 2502 1793 2557 admiraris.

588 2593 792 2659 Aperto
818 2593 980 2662 igitur
1008 2595 1075 2648 ab
1105 2594 1397 2648 Alexandri
1420 2596 1582 2649 sociis
1618 2595 1899 2660 scriniolo,
1932 2611 2100 2667 cypa-

520 2680 749 2734 rissinas
782 2683 1334 2749 inveniunttabellas,
1372 2700 1529 2753 quas,
1571 2695 1629 2740 ut
1671 2698 1919 2755 apparet,
1968 2688 2101 2742 Der-

520 2781 674 2852 cyllis
717 2777 785 2829 ibi
822 2776 992 2832 Diniaa
1018 2781 1270 2832 mandato
1299 2780 1612 2833 collocarat.
1651 2778 1775 2835 llaec
1812 2780 1925 2836 fere
1948 2784 2099 2837 uxori

520 2870 847 2922 scribentem
881 2867 1168 2936 Balagrum
1204 2870 1429 2933 inducit,
1450 2871 1703 2938 quodque
1734 2871 2102 2941 cyparissinas

524 2962 655 3015 istas
698 2960 1326 3024 tabulastranscribens,
1353 2963 1530 3015 eidem
1579 2963 1795 3033 conjugi
1836 2963 2099 3016 transmi-

522 3051 672 3104 serit.
708 3049 789 3101 Ab
819 3050 921 3102 hac
971 3051 1263 3105 occasione
1299 3052 1469 3104 fertur
1518 3052 1775 3121 deinceps
1822 3053 2000 3106 oratio
2039 3054 2104 3107 ad

2201 1135 2575 1202 Ἡφαιστίωνα
2627 1134 2721 1185 καὶ
2773 1132 3139 1201 Παρμενίωνα
3194 1127 3671 1199 συμπαραλαϐὼν
3721 1129 3796 1179 εἷ-

2193 1242 2354 1278 ποντο
2376 1224 2452 1293 τῷ
2476 1222 2801 1294 στρατιώτῃ,
2826 1224 2920 1274 καὶ
2947 1220 3476 1289 καταλαμϐάνουσιν
3504 1217 3797 1284 ὑπογείους

2191 1318 2425 1379 λιθίνους
2454 1318 2493 1347 ¹⁷
2525 1318 2736 1386 σοροὺς,
2766 1310 2896 1385 ὦνή
2932 1314 3031 1383 μὲν
3062 1314 3462 1385 ἐπεγέγραπτο
3496 1329 3516 1362 ε
3554 1310 3797 1363 Λυσίλλα

2194 1412 2323 1467 ἐϐίω
2356 1410 2452 1480 ἐτη
2489 1409 2648 1462 πέντε
2693 1408 2789 1460 καὶ
2820 1408 3113 1478 τριήκοντα
3148 1406 3212 1470 ³⁸,
3250 1424 3267 1456 ι
3297 1407 3334 1474 ἡ
3388 1404 3451 1456 δὲ
3499 1421 3519 1454 ι
3558 1402 3799 1454 Μνάσων

2195 1502 2488 1555 Μαντινίου
2508 1500 2744 1569 ἐϐίωὲτη
2772 1506 2823 1564 ς’
2852 1500 2945 1552 καὶ
2970 1497 3009 1562 ξ’
3033 1497 3142 1552 ἀπὸ
3164 1497 3279 1559 ἐνὸς
3304 1497 3407 1548 καὶ
3426 1501 3531 1559 ο¹,›
3552 1492 3682 1564 (189
3706 1493 3793 1563 Η.)

2196 1595 2228 1663 ἡ
2253 1594 2309 1645 δὲ
2338 1612 2356 1643 ι
2406 1592 2689 1663 Ἀριστίων
2710 1591 3029 1653 Φιλοκλέους
3055 1590 3185 1641 ἐϐίω
3207 1588 3300 1659 ἐτη
3340 1587 3387 1649 ζ’
3415 1587 3518 1639 καὶ
3547 1584 3601 1655 μ’
3626 1586 3732 1638 ἀπὸ
3755 1582 3797 1654 β’

2197 1686 2292 1738 καὶ
2319 1691 2381 1747 ν’,
2414 1703 2431 1733 ι
2464 1683 2597 1753 ἄλλη
2624 1683 2678 1736 δὲ
2711 1701 2729 1734 ι
2776 1681 3074 1743 Μαντινίας
3110 1680 3419 1740 Μνάσωνος
3461 1676 3565 1746 ἔτη
3594 1675 3724 1729 ἐϐίω
3753 1675 3807 1742 β’

2200 1777 2292 1827 καὶ
2322 1782 2371 1845 μ’
2405 1775 2499 1828 καὶ
2536 1773 2736 1836 νύκτας
2767 1773 2807 1837 ξ’
2836 1773 2929 1825 καὶ
2969 1771 3045 1840 ψ’·
3078 1789 3096 1821 ι
3141 1770 3304 1840 ἑτέρα
3350 1768 3411 1820 δὲ
3448 1786 3469 1818 ι
3502 1764 3797 1835 Δερκυλλ“ις

2200 1868 2494 1928 Μνάσωνος
2514 1865 2645 1919 ἐϐίω
2676 1867 2717 1897 ¹⁹
2750 1865 2845 1933 ἔτη
2864 1864 2909 1917 θ’
2936 1864 3031 1915 κα).
3061 1863 3103 1913 λ’
3128 1864 3219 1914 καὶ
3245 1861 3460 1922 νύκτας
3487 1858 3531 1925 ξ’
3564 1857 3661 1909 καὶ
3680 1853 3752 1925 ψ’,
3772 1875 3789 1908 ι

2199 1962 2231 2026 ἠ
2267 1958 2322 2010 δὲ
2352 1958 2486 2026 ἕκτη
2518 1957 2673 2028 σορὸς
2708 1974 2726 2007 ι
2764 1958 2978 2017 Δεινίας
3016 1954 3214 2023 Ἀρκὰς
3255 1952 3399 2004 ἐϐίω
3430 1951 3531 2020 ἐτη
3561 1955 3600 2000 ε’
3637 1949 3728 1999 καὶ
3751 1954 3795 1999 κ’

2201 2051 2296 2103 καὶ
2327 2056 2390 2118 ρ’.
2421 2067 2439 2099 ι
2459 2048 2678 2111 Τούτοις
2697 2046 3084 2116 διαποροῦντες
3107 2045 3245 2115 πλὴν
3258 2044 3365 2111 τῆς
3385 2041 3623 2113 πρώτης
3641 2037 3794 2110 σοροῦ

2203 2141 2397 2209 (σαφὲς
2427 2141 2535 2211 γὰρ
2583 2140 2642 2193 τὸ
2680 2139 2897 2209 ἐκείνης
2936 2138 3264 2208 ἐπίγραμμα
3295 2137 3368 2203 ⁸ο)
3404 2134 3796 2203 ἐντυγχάνουσι

2201 2234 2352 2291 παρὰ
2382 2234 2543 2303 τοίχῳ
2574 2234 2617 2263 ¹¹
2654 2231 2893 2301 κιϐωτίῳ
2942 2230 3122 2301 μικρῷ
3164 2228 3516 2298 κυπαρίττου
3571 2242 3794 2291 πεποιης

2204 2319 2431 2397 μένῳ.ᾧ
2460 2326 2861 2396 ἐνεγέγραπτο·
2888 2321 2987 2378 «⁷0
3004 2326 3140 2391 ξένε,
3172 2325 3322 2385 ὅστις
3355 2316 3431 2383 εἴ,
3446 2317 3683 2382 ἄνοιξον,
3714 2317 3794 2369 ἵνα

2204 2420 2380 2491 μάθῃς
2411 2418 2447 2472 ἃ
2480 2418 2799 2487 θαυμάζεις.
2840 2436 2861 2470 ι

2288 2593 2623 2658 Ἀνοίεαντες
2653 2588 2746 2647 οῦν
2779 2593 2830 2645 οί
2852 2593 2980 2663 περὶ
3017 2590 3375 2661 Ἀλέξανδρον
3406 2589 3471 2641 τὸ
3523 2588 3791 2650 κιϐώτιον,

2206 2687 2519 2757 εὑρίσκουσι
2552 2685 2653 2748 τὰς
2680 2685 3073 2753 κυπαριττίνας
3102 2683 3346 2745 δέλτους,
3382 2680 3453 2743 ἃς
3499 2681 3596 2750 (ώς
3632 2679 3787 2748 ἔοικε)

2204 2780 2474 2848 κατέθηκε
2491 2776 2786 2847 Δερκυλλὶς
2817 2777 2959 2829 κατὰ
2981 2774 3077 2836 τὰς
3102 2774 3329 2835 ἐντολὰς
3354 2772 3591 2825 Δεινίου.
3617 2768 3789 2822 Ταῦτα

2204 2872 2485 2941 Βάλαγρον
2514 2870 2724 2936 εἰσάγει
2754 2871 2820 2937 τῇ
2855 2868 3075 2935 γυναικὶ
3117 2866 3435 2935 γράφοντα,
3472 2863 3570 2916 κα).
3598 2863 3676 2915 ὅτι
3697 2860 3787 2922 τὰς

2206 2954 2627 3031 κυπαριττίνους
2671 2962 2887 3023 δέλτους
2941 2957 3443 3028 μεταγραψάμενος
3473 2953 3787 3023 διαπέμψειε

2206 3061 2272 3128 τῇ
2309 3056 2551 3124 γυναικί.
2582 3056 2687 3107 Καὶ
2717 3053 2904 3106 λοιπὸν
2932 3052 3203 3104 εἰσϐάλλει
3227 3051 3271 3081 ⁸⁸
3307 3046 3568 3101 ἐντεῦθεν
3593 3049 3621 3099 ό
3644 3046 3791 3113 λόγος

523 3142 961 3211 cupressinarmn
1025 3140 1336 3206 lectionem,
1399 3142 1864 3213 scriptionemque
1947 3147 2103 3198 tabu-

2208 3153 2286 3211 είς
2309 3149 2407 3221 τὴν
2429 3149 2536 3201 τῶν
2561 3146 2962 3217 κυπαριττίνων
2988 3144 3185 3197 δέλτων
3210 3141 3533 3209 ἀνάγνωσιν
3556 3139 3649 3193 καὶ
3668 3153 3791 3208 γρα-

526 3232 724 3293 larum,
758 3241 813 3284 et
844 3230 1034 3286 Dinias
1085 3246 1300 3301 quoque
1330 3233 1486 3287 adest
1534 3249 1788 3302 narrans,
1819 3251 1939 3305 quae
1964 3252 2107 3305 prte—

526 3329 762 3383 diximus
796 3327 1040 3398 Cymbaz.
1077 3329 1159 3382 Ad
1208 3328 1351 3382 hunc
1380 3345 1512 3400 ergo
1548 3332 1785 3393 modum,
1830 3348 1892 3386 ac
1921 3333 1987 3385 de
2023 3334 2107 3387 bis

528 3422 641 3475 fere
694 3422 854 3476 rebus
896 3423 1159 3477 dramatis
1191 3431 1275 3476 est
1308 3422 1454 3476 ﬁctio
1484 3424 1550 3477 ab
1580 3424 1817 3478 Antonio
1870 3424 2110 3494 Diogene

525 3515 843 3579 composita.

602 3603 822 3659 Videtur
853 3616 1031 3660 autem
1080 3607 1195 3675 ipse
1229 3616 1470 3676 tempore
1532 3608 1679 3678 prior
1714 3624 1836 3663 esse
1892 3610 1956 3663 iis
2014 3612 2108 3680 qui

529 3696 653 3749 talia
712 3696 952 3751 studiose
998 3700 1379 3751 conﬁnxerunt
1414 3700 1550 3769 (50),
1586 3710 1643 3752 ιιι
1695 3700 1955 3769 Luciano,
1994 3703 2102 3756 Ln-

529 3792 615 3844 clo
642 3789 793 3860 (51),
832 3788 1136 3845 Jamblicho
1172 3790 1309 3859 (5‘2),
1342 3792 1549 3846 Achille
1581 3792 1737 3846 Tatio
1763 3794 1898 3862 (55),
1930 3794 2112 3849 Helio-

531 3884 665 3936 doro
702 3884 838 3953 (54),
869 3893 1033 3951 atque
1061 3882 1346 3936 Damascio
1378 3883 1513 3953 (55).
1562 3884 1697 3937 Nam
1750 3896 1803 3939 et
1843 3885 2110 3940 Verarum

532 3973 751 4028 Luciani
786 3978 1154 4027 narrationum
1174 3987 1220 4027 et
1253 3978 1789 4044 trunsformationum
1819 3977 1966 4032 Lucii
1993 3980 2114 4033 fon-

534 4076 640 4119 tem
671 4068 815 4120 hunc
874 4080 931 4120 et
980 4070 1218 4121 radicem
1263 4069 1484 4123 dixeris.
1518 4069 1656 4135 Quin
1693 4078 1747 4125 et
1775 4087 1959 4125 eorum
1994 4089 2114 4142 qute

532 4159 597 4211 de
631 4157 889 4213 Sinonide
914 4174 976 4213 ac
1004 4160 1247 4224 Rodane,
1274 4161 1336 4215 de
1364 4161 1632 4231 Leucippe
1664 4179 1728 4217 ac
1748 4164 2111 4234 Clitophonte,

531 4251 598 4301 de
614 4248 900 4305 Chariclea
934 4266 999 4307 ac
1029 4252 1337 4322 Theagene,
1367 4255 1540 4322 deque
1559 4254 1698 4310 ﬁctis
1722 4270 1908 4310 eorum
1931 4258 2112 4323 rebus,

531 4342 835 4408 erroribus,
870 4344 1384 4413 amoribusquoque
1414 4354 1468 4398 et
1496 4356 1651 4414 raptu
1679 4353 1841 4415 atque
1863 4350 2115 4417 periculis

532 4437 835 4506 composita
866 4448 1015 4503 sunt,
1045 4435 1333 4512 Dercyllis,
1356 4437 1630 4510 Ceryllus,
1651 4440 2005 4496 Thruscanus
2049 4458 2115 4497 ac

536 4529 722 4583 Dinias
760 4528 1066 4598 exemplum
1100 4528 1398 4597 praebuisse
1420 4531 1613 4581 merito
1642 4530 1860 4583 censeri
1887 4540 2112 4599 queant.
2147 4506 2189 4560 Ῑ)

536 4620 651 4687 Qua
699 4621 1175 4691 veroltempestate
1207 4620 1400 4691 112a
1444 4619 1748 4674 fabularum
1788 4621 1877 4675 hic
1903 4632 2114 4688 auctor,

538 4711 801 4783 Diogenes
851 4713 940 4768 ille
991 4715 1257 4768 Antonius
1295 4714 1513 4781 vixerit,
1559 4729 1664 4768 non
1710 4715 1882 4770 habeo
1963 4725 2114 4771 certo

537 4804 825 4858 allii-mare.
863 4804 994 4858 lllnd
1021 4815 1227 4859 tantmn
1264 4806 1535 4874 conjicere
1568 4807 1753 4871 liceat,
1785 4823 1891 4862 non
1918 4808 1991 4862 ita
2018 4809 2109 4863 diu

539 4907 659 4965 post
694 4897 985 4951 Alexandri
1031 4897 1204 4967 Magni
1258 4907 1498 4968 tempora
1542 4898 1817 4959 ﬂoruisse.
1866 4900 2117 4955 Meminit

540 4985 1005 5057 itemAutiphanis
1036 4988 1311 5057 cujusdam
1337 5006 1397 5044 se
1442 4991 1784 5059 antiquioris,
1855 5006 2014 5059 quem
2065 4992 2116 5045 id

2211 3244 2340 3311 φὴν,
2370 3242 2461 3292 καὶ
2492 3241 2723 3309 πάρεστι
2752 3238 2966 3299 Δεινίας
3012 3235 3217 3306 Κύμϐᾳ
3260 3234 3631 3304 διηγούμενος
3658 3232 3789 3298 ἅπερ

2211 3335 2558 3404 προείρηται.
2593 3330 2751 3386 Οὕτω
2806 3330 2906 3401 μὲν
2938 3325 3030 3382 οὖν
3078 3328 3173 3381 καὶ
3218 3329 3317 3379 ἐπὶ
3356 3326 3573 3387 τούτοις
3619 3326 3650 3392 ἡ
3692 3321 3789 3373 τῶν

2211 3425 2506 3495 δραμάτων
2555 3423 2752 3487 πλάσις
2803 3422 2879 3492 τῷ
2932 3420 3203 3489 Ἀντωνίῳ
3253 3422 3509 3486 Διογένει
3559 3414 3788 3485 ἐσχημάο

2211 3536 2413 3571 τισται.

2289 3610 2445 3661 Ἐστι
2470 3608 2538 3673 δ’,
2579 3607 2652 3671 ὡς
2682 3606 2880 3667 έοικεν,
2909 3600 3064 3669 οὗτος
3086 3606 3264 3676 χρόνῳ
3289 3604 3673 3675 πρεσϐύτερος
3693 3599 3787 3651 τῶν

2213 3705 2282 3755 τὰ
2314 3700 2538 3754 τοιαῦτα
2584 3699 2995 3752 ἐσπουδακότων
3043 3697 3374 3760 διαπλάσαι,
3412 3690 3526 3749 οἷον
3572 3696 3787 3745 Λουκια-

2214 3793 2329 3854 νοῦ,
2370 3793 2623 3850 Λουκίου.
2668 3790 3000 3861 Ἰαμϐλίχου,
3047 3788 3350 3859 Ἀχιλλέως
3375 3788 3599 3849 Τατίου,
3629 3784 3787 3836 Ἥλιο·

2214 3886 2388 3956 δώρου
2428 3903 2487 3937 τε
2522 3889 2615 3938 καὶ
2647 3884 2963 3955 Δαμασκίου
2986 3900 2999 3913 ·
3034 3885 3131 3938 κον.)⁴
3161 3885 3267 3952 γὰρ
3299 3882 3411 3935 τοῦ
3437 3881 3564 3950 περὶ
3592 3876 3786 3946 ἀληθῶν

2214 3979 2569 4049 διηγημάτων
2590 3976 2891 4031 Λουκιανοῦ
2919 3976 3013 4030 καὶ
3038 3976 3131 4029 τοῦ
3162 3977 3288 4046 περ).
3320 3972 3786 4047 μεταμορφώσεων

2215 4071 2445 4124 Λουκίου
2477 4069 2629 4140 πηγὴ
2661 4070 2754 4123 καὶ
2780 4068 2906 4139 ῥίζα
2938 4068 3117 4120 ἔοικεν
3138 4063 3278 4120 εἶναι
3313 4066 3499 4121 τοῦτο.
3531 4064 3601 4118 Ού
3637 4061 3779 4132 μόνον

2215 4161 2269 4214 δέ
2302 4161 2437 4214 ἀλλὰ
2468 4161 2563 4214 κα).
2597 4160 2704 4215 τῶν
2740 4161 2867 4230 περὶ
2901 4159 3162 4213 Σινωνίδα
3199 4160 3295 4213 καὶ
3348 4158 3619 4225 Ῥοδάνην,
3648 4155 3769 4207 Λευ-

2216 4256 2427 4325 κίππην
2472 4272 2531 4308 τε
2585 4256 2679 4307 κα).
2721 4253 3129 4324 Κλειτοφῶντα,
3178 4253 3274 4305 καὶ
3326 4250 3646 4323 Χαρίκλειαν
3685 4242 3765 4295 καὶ

2217 4350 2514 4416 Θεαγένην,
2555 4347 2663 4399 τῶν
2690 4364 2750 4400 τε
2780 4347 2908 4417 περὶ
2955 4347 3152 4408 αὐτοὺς
3195 4346 3534 4415 πλασμάτων
3575 4333 3757 4400 καὶτῆς

2220 4442 2427 4509 πλάνης
2475 4439 2694 4509 ἐρώτων
2742 4456 2800 4491 τε
2850 4438 2945 4490 καὶ
2998 4437 3254 4507 ἁρπαγῆς
3306 4437 3404 4489 καὶ
3454 4422 3754 4488 κινδύνων.ή

2218 4531 2513 4603 Δερκυλλὶς
2541 4532 2633 4582 καὶ
2666 4529 2949 4600 Κήρυλλος
2971 4529 3067 4581 καὶ
3092 4529 3234 4598 Θρου
3245 4526 3443 4588 σκανὸς
3476 4523 3566 4576 κα)¹
3587 4512 3758 4603 Δεινίας

2220 4598 2434 4676 ἐοίκασι
2466 4598 2817 4690 παράδειγμα
2856 4618 3160 4687 γεγονέναι.
3197 4619 3301 4670 Τὸν
3339 4616 3529 4688 χρόνον
3556 4612 3625 4673 δὲ,
3660 4598 3762 4658 καθ’

2218 4717 2278 4770 ὃν
2323 4718 2574 4787 ἤκμασεν
2622 4714 2649 4765 ὁ
2686 4712 2794 4765 τῶν
2845 4712 3179 4783 τηλικούτων
3232 4709 3565 4779 πλασμάτων
3611 4697 3764 4764 πατὴρ

2220 4808 2475 4877 Διογένης
2515 4806 2610 4858 ²³ὁ
2650 4803 2953 4866 Ἀντώνιος,
2992 4802 3145 4855 οὔπω
3181 4820 3233 4855 τι
3277 4802 3449 4869 σαφὲς
3490 4799 3666 4866 ἔχομεν
3691 4787 3765 4839 λέη

2224 4918 2362 4970 γειν,
2393 4899 2532 4969 πλὴν
2575 4897 2721 4949 ἐστιν
2770 4896 3213 4963 ύπολογίσασθαι,
3244 4893 3321 4957 ὡς
3362 4893 3424 4946 ού
3464 4892 3578 4942 λίαν
3606 4881 3765 4951 πόρῤω

2224 4992 2332 5044 τῶν
2359 4991 2565 5060 χρόνων
2594 4993 2689 5041 τοῦ
2735 4987 2999 5059 βασιλέως
3047 4985 3417 5057 Ἀλεξάνδρου.
3457 4972 3767 5048 Μνημονεύει

1866 5126 2099 5182 ἾΑΒΙΑΞ
2135 5126 2549 5181 LECTIONES.

624 5242 665 5271 ¹⁶
696 5240 795 5311 ὡς]
830 5242 966 5312 πρὸς
996 5240 1062 5293 Α.

542 5328 711 5374 anno;
743 5306 803 5375 ς’.
873 5306 925 5343 ’³ο
958 5313 1172 5381 ἐκείνης
1201 5306 1268 5381 ἦν
1300 5306 1580 5381 ἐπίγρίςζ
1660 5313 1701 5341 ²¹
1734 5320 1910 5382 τοῖχον
1938 5331 1997 5377 ς.

1178 5242 1229 5312 l:
1250 5239 1507 5312 λιθίνους]
1543 5244 1727 5308 quidni
1757 5243 1962 5303 λιθίνας
1982 5243 2005 5297 ?
2027 5256 2079 5296 et
2116 5243 2239 5296 inlr.
2297 5242 2707 5312 κυπαριττίνας.

2817 5240 2861 5271 ⁸⁸
2896 5242 3192 5311 τριάκοντα
3224 5260 3285 5306 ς.
3393 5242 3432 5273 ¹⁹
3466 5234 3587 5291 ἐϐίω
3635 5227 3766 5283 Μνά*

2095 5315 2139 5345 ¹²
2168 5314 2426 5383 ἐμϐάλλει
2464 5330 2524 5376 ς.
2588 5314 2632 5343 ²³
2661 5315 2687 5365 ὁ
2713 5323 2839 5365 ante
2871 5315 3127 5384 Διογένης
3158 5315 3309 5382 ponit
3343 5314 3407 5365 A.

2055 5430 2287 5487 NOTAE.

616 5519 728 5588 (29)
760 5518 1069 5593 Jacnernnt‘
1092 5522 1235 5575 enim
1266 5522 1479 5593 mortui
1499 5530 1610 5575 toto
1635 5538 1700 5575 eo
1730 5533 1975 5593 tempore
2015 5540 2121 5593 qun

543 5588 834 5643 Mantinias
865 5603 1025 5659 atque
1056 5591 1316 5661 Dercyllis
1351 5593 1400 5643 in
1438 5591 1648 5645 Tlmlen
1702 5588 1871 5662 usque
1904 5588 2123 5647 aberra-

549 5671 694 5732 runt,
728 5664 899 5715 donec
937 5674 1056 5726 post
1089 5665 1155 5716 ad
1186 5666 1375 5716 borum
1410 5665 1639 5719 teditum
1681 5672 2020 5732 revixerant,
2064 5673 2120 5717 ut

548 5730 813 5782 fabulatur
845 5748 1024 5796 supra.

618 5800 733 5866 (50)
759 5799 832 5853 De
861 5803 1055 5870 quibus
1077 5818 1256 5871 supra.

2295 5526 2405 5595 (δι)
2434 5526 2567 5577 (τοι.
2603 5525 2729 5579 323.

2294 5598 2405 5663 (3'2)
2438 5599 2568 5649 Coll.
2614 5597 2707 5649 9L

2291 5668 2401 5733 (55)
2434 5668 2565 5720 Cod.
2595 5666 2682 5717 82)..

2287 5737 2399 5801 (5ίί
2429 5736 2561 5789 llud.
2592 5736 2680 5788 75.

2292 5808 2402 5877 (55)
2440 5807 2571 5860 Cod.
2621 5806 2736 5860 150.
