  <div class='ocr_page' id='page_1' title='image "/cluster/home/n/w/nwhite01/storage/ocr_20150623/103:no.3/coo.31924054870070/254.png"; bbox 0 0 4062 6460; ppageno 0'>
   <div class='ocr_carea' id='block_1_1' title="bbox 229 361 340 428">
    <p class='ocr_par' dir='ltr' id='par_1_1' title="bbox 229 361 340 428">
     <span class='ocr_line' id='line_1_1' title="bbox 229 361 340 428; baseline 0.018 -2"><span class='ocrx_word' id='word_1_1' title='bbox 229 361 340 428; x_wconf 82' lang='grc'><strong>481</strong></span> 
     </span>
    </p>
   </div>
   <div class='ocr_carea' id='block_1_2' title="bbox 1273 365 2430 431">
    <p class='ocr_par' dir='ltr' id='par_1_2' title="bbox 1273 365 2430 431">
     <span class='ocr_line' id='line_1_2' title="bbox 1273 365 2430 431; baseline -0.005 -1"><span class='ocrx_word' id='word_1_2' title='bbox 1273 369 1802 431; x_wconf 79' lang='lat' dir='ltr'><strong>BIBLIOTUECA.</strong></span> <span class='ocrx_word' id='word_1_3' title='bbox 1840 394 1911 404; x_wconf 94' lang='lat'><strong>—</strong></span> <span class='ocrx_word' id='word_1_4' title='bbox 1948 366 2113 426; x_wconf 84' lang='lat' dir='ltr'><strong>COD.</strong></span> <span class='ocrx_word' id='word_1_5' title='bbox 2149 365 2430 426; x_wconf 79' lang='lat' dir='ltr'><strong>CLXVII.</strong></span> 
     </span>
    </p>
   </div>
   <div class='ocr_carea' id='block_1_3' title="bbox 3403 363 3511 426">
    <p class='ocr_par' dir='ltr' id='par_1_3' title="bbox 3403 363 3511 426">
     <span class='ocr_line' id='line_1_3' title="bbox 3403 363 3511 426; baseline -0.019 0"><span class='ocrx_word' id='word_1_6' title='bbox 3403 363 3511 426; x_wconf 80' lang='grc'><strong>482</strong></span> 
     </span>
    </p>
   </div>
   <div class='ocr_carea' id='block_1_4' title="bbox 310 479 1836 556">
    <p class='ocr_par' dir='ltr' id='par_1_4' title="bbox 310 479 1820 556">
     <span class='ocr_line' id='line_1_4' title="bbox 310 479 1820 556; baseline 0.005 -24"><span class='ocrx_word' id='word_1_7' title='bbox 310 482 386 534; x_wconf 80' lang='grc' dir='ltr'><strong>Τὸ</strong></span> <span class='ocrx_word' id='word_1_8' title='bbox 402 479 458 534; x_wconf 72' lang='grc' dir='ltr'>δὲ</span> <span class='ocrx_word' id='word_1_9' title='bbox 474 479 523 551; x_wconf 82' lang='grc' dir='ltr'><strong>β’</strong></span> <span class='ocrx_word' id='word_1_10' title='bbox 538 481 745 551; x_wconf 80' lang='grc' dir='ltr'>βιϐλίον</span> <span class='ocrx_word' id='word_1_11' title='bbox 764 499 825 535; x_wconf 85' lang='grc' dir='ltr'><strong>συ</strong></span> <span class='ocrx_word' id='word_1_12' title='bbox 835 484 982 554; x_wconf 89' lang='grc' dir='ltr'>μπλη</span> <span class='ocrx_word' id='word_1_13' title='bbox 993 485 1180 556; x_wconf 79' lang='grc' dir='ltr'>ροῦται</span> <span class='ocrx_word' id='word_1_14' title='bbox 1201 486 1298 556; x_wconf 79' lang='grc' dir='ltr'>μὲν</span> <span class='ocrx_word' id='word_1_15' title='bbox 1312 488 1628 556; x_wconf 79' lang='grc' dir='ltr'>κεφαλαίοις</span> <span class='ocrx_word' id='word_1_16' title='bbox 1646 490 1700 554; x_wconf 73' lang='grc' dir='ltr'><strong>ς</strong></span> <span class='ocrx_word' id='word_1_17' title='bbox 1711 488 1820 540; x_wconf 80' lang='grc' dir='ltr'>’καὶ</span> 
     </span>
    </p>
   </div>
   <div class='ocr_carea' id='block_1_5' title="bbox 1939 479 3512 556">
    <p class='ocr_par' dir='ltr' id='par_1_5' title="bbox 1998 481 3512 552">
     <span class='ocr_line' id='line_1_5' title="bbox 1998 481 3512 552; baseline 0.001 -15"><span class='ocrx_word' id='word_1_18' title='bbox 1998 485 2155 537; x_wconf 88' lang='lat' dir='ltr'><strong>Alter</strong></span> <span class='ocrx_word' id='word_1_19' title='bbox 2173 484 2296 536; x_wconf 87' lang='lat' dir='ltr'><strong>dein</strong></span> <span class='ocrx_word' id='word_1_20' title='bbox 2319 482 2455 535; x_wconf 86' lang='lat' dir='ltr'><strong>liber</strong></span> <span class='ocrx_word' id='word_1_21' title='bbox 2476 496 2596 537; x_wconf 70' lang='grc' dir='ltr'><strong>ην»</strong></span> <span class='ocrx_word' id='word_1_22' title='bbox 2627 481 2927 536; x_wconf 74' lang='lat' dir='ltr'><strong>absolvitur</strong></span> <span class='ocrx_word' id='word_1_23' title='bbox 2943 481 3216 551; x_wconf 86' lang='lat' dir='ltr'><strong>capitibus</strong></span> <span class='ocrx_word' id='word_1_24' title='bbox 3239 483 3370 552; x_wconf 81' lang='grc'><strong>(47).</strong></span> <span class='ocrx_word' id='word_1_25' title='bbox 3393 483 3512 539; x_wconf 84' lang='lat' dir='ltr'><strong>Pri-</strong></span> 
     </span>
    </p>
   </div>
   <div class='ocr_carea' id='block_1_6' title="bbox 234 575 1827 651">
    <p class='ocr_par' dir='ltr' id='par_1_6' title="bbox 234 575 1827 651">
     <span class='ocr_line' id='line_1_6' title="bbox 234 575 1827 651; baseline 0.003 -23"><span class='ocrx_word' id='word_1_26' title='bbox 234 576 328 628; x_wconf 70' lang='lat' dir='ltr'><strong>M&quot;</strong></span> <span class='ocrx_word' id='word_1_27' title='bbox 349 575 715 645; x_wconf 82' lang='grc' dir='ltr'>διαλαμϐάνει</span> <span class='ocrx_word' id='word_1_28' title='bbox 730 576 786 629; x_wconf 87' lang='grc' dir='ltr'>δὲ</span> <span class='ocrx_word' id='word_1_29' title='bbox 809 577 1024 647; x_wconf 85' lang='grc' dir='ltr'>πρῶτον</span> <span class='ocrx_word' id='word_1_30' title='bbox 1043 580 1138 649; x_wconf 80' lang='grc' dir='ltr'>μὲν</span> <span class='ocrx_word' id='word_1_31' title='bbox 1155 597 1221 631; x_wconf 85' lang='grc' dir='ltr'><strong>πε</strong></span> <span class='ocrx_word' id='word_1_32' title='bbox 1231 581 1282 651; x_wconf 65' lang='lat' dir='ltr'><strong>pl.</strong></span> <span class='ocrx_word' id='word_1_33' title='bbox 1303 581 1411 633; x_wconf 88' lang='grc' dir='ltr'>τῶν</span> <span class='ocrx_word' id='word_1_34' title='bbox 1430 579 1499 634; x_wconf 86' lang='grc' dir='ltr'><strong>τά</strong></span> <span class='ocrx_word' id='word_1_35' title='bbox 1518 579 1636 634; x_wconf 90' lang='grc' dir='ltr'>θεῖα</span> <span class='ocrx_word' id='word_1_36' title='bbox 1653 581 1677 632; x_wconf 81' lang='grc' dir='ltr'><strong>ὲ</strong></span> <span class='ocrx_word' id='word_1_37' title='bbox 1684 598 1715 650; x_wconf 91' lang='grc' dir='ltr'><strong>ρ</strong></span> <span class='ocrx_word' id='word_1_38' title='bbox 1723 597 1827 650; x_wconf 69' lang='grc' dir='ltr'>μη.</span> 
     </span>
    </p>
   </div>
   <div class='ocr_carea' id='block_1_7' title="bbox 235 667 1828 744">
    <p class='ocr_par' dir='ltr' id='par_1_7' title="bbox 235 667 1828 744">
     <span class='ocr_line' id='line_1_7' title="bbox 235 667 1828 744; baseline 0.006 -26"><span class='ocrx_word' id='word_1_39' title='bbox 235 667 529 730; x_wconf 81' lang='grc' dir='ltr'><strong>νευόντων,</strong></span> <span class='ocrx_word' id='word_1_40' title='bbox 567 669 664 720; x_wconf 79' lang='grc' dir='ltr'>καὶ</span> <span class='ocrx_word' id='word_1_41' title='bbox 692 668 769 730; x_wconf 82' lang='grc' dir='ltr'><strong>ὡς</strong></span> <span class='ocrx_word' id='word_1_42' title='bbox 798 671 883 740; x_wconf 81' lang='grc' dir='ltr'>εἴη</span> <span class='ocrx_word' id='word_1_43' title='bbox 914 671 1222 741; x_wconf 82' lang='grc' dir='ltr'>ἀνθρώποις</span> <span class='ocrx_word' id='word_1_44' title='bbox 1248 674 1632 744; x_wconf 83' lang='grc' dir='ltr'>ἀκατάληπτος</span> <span class='ocrx_word' id='word_1_45' title='bbox 1657 676 1690 743; x_wconf 81' lang='grc' dir='ltr'><strong>ἡ</strong></span> <span class='ocrx_word' id='word_1_46' title='bbox 1720 674 1828 727; x_wconf 87' lang='grc' dir='ltr'><strong>τῶν</strong></span> 
     </span>
    </p>
   </div>
   <div class='ocr_carea' id='block_1_8' title="bbox 234 757 1831 836">
    <p class='ocr_par' dir='ltr' id='par_1_8' title="bbox 234 757 1831 836">
     <span class='ocr_line' id='line_1_8' title="bbox 234 757 1831 836; baseline 0.004 -26"><span class='ocrx_word' id='word_1_47' title='bbox 234 757 448 826; x_wconf 78' lang='grc' dir='ltr'><strong>νοητῶν</strong></span> <span class='ocrx_word' id='word_1_48' title='bbox 471 759 617 812; x_wconf 87' lang='grc' dir='ltr'><strong>κατά</strong></span> <span class='ocrx_word' id='word_1_49' title='bbox 637 759 738 828; x_wconf 78' lang='grc' dir='ltr'>τὴν</span> <span class='ocrx_word' id='word_1_50' title='bbox 771 760 960 813; x_wconf 81' lang='grc' dir='ltr'>οὐσίαν</span> <span class='ocrx_word' id='word_1_51' title='bbox 981 762 1229 834; x_wconf 80' lang='grc' dir='ltr'>ἀλήθεια,</span> <span class='ocrx_word' id='word_1_52' title='bbox 1259 761 1376 818; x_wconf 76' lang='grc' dir='ltr'>εἶτα</span> <span class='ocrx_word' id='word_1_53' title='bbox 1403 765 1532 836; x_wconf 79' lang='grc' dir='ltr'>περὶ</span> <span class='ocrx_word' id='word_1_54' title='bbox 1563 765 1831 819; x_wconf 79' lang='grc' dir='ltr'>διαλεκτι-</span> 
     </span>
    </p>
   </div>
   <div class='ocr_carea' id='block_1_9' title="bbox 234 849 1831 928">
    <p class='ocr_par' dir='ltr' id='par_1_9' title="bbox 234 849 1831 928">
     <span class='ocr_line' id='line_1_9' title="bbox 234 849 1831 928; baseline 0.007 -27"><span class='ocrx_word' id='word_1_55' title='bbox 234 849 366 917; x_wconf 80' lang='grc' dir='ltr'>κῆς,</span> <span class='ocrx_word' id='word_1_56' title='bbox 403 850 505 903; x_wconf 72' lang='grc' dir='ltr'>καὶ</span> <span class='ocrx_word' id='word_1_57' title='bbox 531 851 662 922; x_wconf 78' lang='grc' dir='ltr'>περὶ</span> <span class='ocrx_word' id='word_1_58' title='bbox 690 853 1013 923; x_wconf 75' lang='grc' dir='ltr'>ῥητορικῆς,</span> <span class='ocrx_word' id='word_1_59' title='bbox 1047 857 1140 907; x_wconf 76' lang='grc' dir='ltr'><strong>καὶ</strong></span> <span class='ocrx_word' id='word_1_60' title='bbox 1177 857 1304 926; x_wconf 73' lang='grc' dir='ltr'>περὶ</span> <span class='ocrx_word' id='word_1_61' title='bbox 1331 856 1490 926; x_wconf 88' lang='grc' dir='ltr'>λόγου</span> <span class='ocrx_word' id='word_1_62' title='bbox 1521 859 1614 910; x_wconf 75' lang='grc' dir='ltr'>καὶ</span> <span class='ocrx_word' id='word_1_63' title='bbox 1649 875 1831 928; x_wconf 89' lang='grc' dir='ltr'>γραμ-</span> 
     </span>
    </p>
   </div>
   <div class='ocr_carea' id='block_1_10' title="bbox 236 943 1831 1019">
    <p class='ocr_par' dir='ltr' id='par_1_10' title="bbox 236 943 1831 1019">
     <span class='ocr_line' id='line_1_10' title="bbox 236 943 1831 1019; baseline 0.008 -28"><span class='ocrx_word' id='word_1_64' title='bbox 236 943 457 1010; x_wconf 80' lang='grc' dir='ltr'><strong>μάτων,</strong></span> <span class='ocrx_word' id='word_1_65' title='bbox 483 945 611 1012; x_wconf 62' lang='lat' dir='ltr'><strong>mp).</strong></span> <span class='ocrx_word' id='word_1_66' title='bbox 655 944 974 1013; x_wconf 78' lang='grc' dir='ltr'><strong>ποιητικῆς,</strong></span> <span class='ocrx_word' id='word_1_67' title='bbox 1008 947 1137 1017; x_wconf 73' lang='grc' dir='ltr'>περὶ</span> <span class='ocrx_word' id='word_1_68' title='bbox 1172 947 1516 1019; x_wconf 84' lang='grc' dir='ltr'>χαρακτῆρος</span> <span class='ocrx_word' id='word_1_69' title='bbox 1565 949 1673 1003; x_wconf 84' lang='grc' dir='ltr'><strong>τῶν</strong></span> <span class='ocrx_word' id='word_1_70' title='bbox 1723 967 1831 1004; x_wconf 87' lang='grc' dir='ltr'>πα-</span> 
     </span>
    </p>
   </div>
   <div class='ocr_carea' id='block_1_11' title="bbox 233 1033 1830 1111">
    <p class='ocr_par' dir='ltr' id='par_1_11' title="bbox 233 1033 1830 1111">
     <span class='ocr_line' id='line_1_11' title="bbox 233 1033 1830 1111; baseline 0.006 -25"><span class='ocrx_word' id='word_1_71' title='bbox 233 1033 506 1098; x_wconf 73' lang='grc' dir='ltr'>λαιῦ›ν“,</span> <span class='ocrx_word' id='word_1_72' title='bbox 553 1035 676 1106; x_wconf 75' lang='grc' dir='ltr'>περὶ</span> <span class='ocrx_word' id='word_1_73' title='bbox 724 1037 822 1088; x_wconf 82' lang='grc' dir='ltr'>τοῦ</span> <span class='ocrx_word' id='word_1_74' title='bbox 875 1037 1066 1107; x_wconf 78' lang='grc' dir='ltr'><strong>ἠθικοῦ</strong></span> <span class='ocrx_word' id='word_1_75' title='bbox 1117 1041 1287 1104; x_wconf 71' lang='grc' dir='ltr'>εἴδους</span> <span class='ocrx_word' id='word_1_76' title='bbox 1337 1041 1437 1110; x_wconf 80' lang='grc' dir='ltr'>τῆς</span> <span class='ocrx_word' id='word_1_77' title='bbox 1491 1042 1830 1111; x_wconf 76' lang='grc' dir='ltr'>φιλοσοφίας,</span> 
     </span>
    </p>
   </div>
   <div class='ocr_carea' id='block_1_12' title="bbox 237 1127 1833 1203">
    <p class='ocr_par' dir='ltr' id='par_1_12' title="bbox 237 1127 1833 1203">
     <span class='ocr_line' id='line_1_12' title="bbox 237 1127 1833 1203; baseline 0.008 -29"><span class='ocrx_word' id='word_1_78' title='bbox 237 1143 314 1176; x_wconf 74' lang='grc' dir='ltr'><strong>πε</strong></span> <span class='ocrx_word' id='word_1_79' title='bbox 327 1127 384 1194; x_wconf 83' lang='grc' dir='ltr'><strong>ρί</strong></span> <span class='ocrx_word' id='word_1_80' title='bbox 417 1128 531 1179; x_wconf 82' lang='grc' dir='ltr'>τῶν</span> <span class='ocrx_word' id='word_1_81' title='bbox 559 1130 638 1196; x_wconf 75' lang='grc' dir='ltr'><strong>ἐφ’</strong></span> <span class='ocrx_word' id='word_1_82' title='bbox 666 1128 815 1196; x_wconf 73' lang='grc' dir='ltr'>ἡμῖν,</span> <span class='ocrx_word' id='word_1_83' title='bbox 850 1129 931 1182; x_wconf 74' lang='grc' dir='ltr'><strong>ὅτι</strong></span> <span class='ocrx_word' id='word_1_84' title='bbox 969 1131 1144 1194; x_wconf 75' lang='grc' dir='ltr'>οὐδεὶς</span> <span class='ocrx_word' id='word_1_85' title='bbox 1175 1133 1317 1185; x_wconf 83' lang='grc' dir='ltr'>ἑκὼν</span> <span class='ocrx_word' id='word_1_86' title='bbox 1348 1134 1582 1203; x_wconf 78' lang='grc' dir='ltr'>πονηρὸς</span> <span class='ocrx_word' id='word_1_87' title='bbox 1605 1175 1618 1196; x_wconf 95' lang='grc'><strong>,</strong></span> <span class='ocrx_word' id='word_1_88' title='bbox 1652 1137 1833 1188; x_wconf 85' lang='grc' dir='ltr'>ὁποῖον</span> 
     </span>
    </p>
   </div>
   <div class='ocr_carea' id='block_1_13' title="bbox 240 1214 1834 1292">
    <p class='ocr_par' dir='ltr' id='par_1_13' title="bbox 240 1214 1834 1292">
     <span class='ocr_line' id='line_1_13' title="bbox 240 1214 1834 1292; baseline 0.008 -25"><span class='ocrx_word' id='word_1_89' title='bbox 240 1218 364 1285; x_wconf 78' lang='grc' dir='ltr'>χρὴ</span> <span class='ocrx_word' id='word_1_90' title='bbox 394 1214 535 1271; x_wconf 73' lang='grc' dir='ltr'>εἶναι</span> <span class='ocrx_word' id='word_1_91' title='bbox 568 1220 650 1272; x_wconf 78' lang='grc' dir='ltr'><strong>τὸν</strong></span> <span class='ocrx_word' id='word_1_92' title='bbox 674 1219 980 1288; x_wconf 83' lang='grc' dir='ltr'>φιλόσοφον,</span> <span class='ocrx_word' id='word_1_93' title='bbox 1012 1223 1094 1275; x_wconf 79' lang='grc' dir='ltr'>ὅτι</span> <span class='ocrx_word' id='word_1_94' title='bbox 1121 1222 1227 1292; x_wconf 76' lang='grc' dir='ltr'>χρὴ</span> <span class='ocrx_word' id='word_1_95' title='bbox 1262 1224 1440 1276; x_wconf 79' lang='grc' dir='ltr'>σέϐειν</span> <span class='ocrx_word' id='word_1_96' title='bbox 1472 1225 1532 1277; x_wconf 82' lang='grc' dir='ltr'>τὸ</span> <span class='ocrx_word' id='word_1_97' title='bbox 1563 1225 1724 1292; x_wconf 83' lang='grc' dir='ltr'>θεῖον,</span> <span class='ocrx_word' id='word_1_98' title='bbox 1752 1228 1834 1280; x_wconf 84' lang='grc' dir='ltr'>ὅτι</span> 
     </span>
    </p>
   </div>
   <div class='ocr_carea' id='block_1_14' title="bbox 244 1307 1834 1386">
    <p class='ocr_par' dir='ltr' id='par_1_14' title="bbox 244 1307 1834 1386">
     <span class='ocr_line' id='line_1_14' title="bbox 244 1307 1834 1386; baseline 0.006 -27"><span class='ocrx_word' id='word_1_99' title='bbox 244 1311 372 1370; x_wconf 84' lang='grc' dir='ltr'>τοῖς</span> <span class='ocrx_word' id='word_1_100' title='bbox 404 1307 639 1360; x_wconf 72' lang='grc' dir='ltr'>εὐσεϐέσι</span> <span class='ocrx_word' id='word_1_101' title='bbox 671 1309 767 1362; x_wconf 75' lang='grc' dir='ltr'>καὶ</span> <span class='ocrx_word' id='word_1_102' title='bbox 796 1309 1028 1373; x_wconf 87' lang='grc' dir='ltr'>δικαίοις</span> <span class='ocrx_word' id='word_1_103' title='bbox 1056 1310 1242 1382; x_wconf 86' lang='grc' dir='ltr'>βοηθεῖ</span> <span class='ocrx_word' id='word_1_104' title='bbox 1274 1313 1334 1365; x_wconf 72' lang='grc' dir='ltr'><strong>τὸ</strong></span> <span class='ocrx_word' id='word_1_105' title='bbox 1379 1316 1659 1383; x_wconf 85' lang='grc' dir='ltr'>κρεῖττον·</span> <span class='ocrx_word' id='word_1_106' title='bbox 1705 1317 1834 1386; x_wconf 77' lang='grc' dir='ltr'>περὶ</span> 
     </span>
    </p>
   </div>
   <div class='ocr_carea' id='block_1_15' title="bbox 252 1400 1834 1473">
    <p class='ocr_par' dir='ltr' id='par_1_15' title="bbox 252 1400 1834 1473">
     <span class='ocr_line' id='line_1_15' title="bbox 252 1400 1834 1473; baseline 0.005 -21"><span class='ocrx_word' id='word_1_107' title='bbox 252 1401 524 1468; x_wconf 80' lang='grc' dir='ltr'><strong>μαντικῆς</strong></span> <span class='ocrx_word' id='word_1_108' title='bbox 547 1415 561 1428; x_wconf 91' lang='grc'><strong>·</strong></span> <span class='ocrx_word' id='word_1_109' title='bbox 613 1400 692 1453; x_wconf 83' lang='grc' dir='ltr'>ὅτι</span> <span class='ocrx_word' id='word_1_110' title='bbox 723 1401 831 1473; x_wconf 83' lang='grc' dir='ltr'>χρὴ</span> <span class='ocrx_word' id='word_1_111' title='bbox 865 1404 995 1473; x_wconf 70' lang='grc' dir='ltr'>περὶ</span> <span class='ocrx_word' id='word_1_112' title='bbox 1029 1404 1225 1456; x_wconf 82' lang='grc' dir='ltr'>πολλοῦ</span> <span class='ocrx_word' id='word_1_113' title='bbox 1256 1405 1526 1460; x_wconf 89' lang='grc' dir='ltr'>ποιεῖσθαι</span> <span class='ocrx_word' id='word_1_114' title='bbox 1575 1407 1674 1471; x_wconf 85' lang='grc' dir='ltr'><strong>τὰς</strong></span> <span class='ocrx_word' id='word_1_115' title='bbox 1725 1409 1834 1462; x_wconf 83' lang='grc' dir='ltr'>τῶν</span> 
     </span>
    </p>
   </div>
   <div class='ocr_carea' id='block_1_16' title="bbox 249 1492 1837 1569">
    <p class='ocr_par' dir='ltr' id='par_1_16' title="bbox 249 1492 1837 1569">
     <span class='ocr_line' id='line_1_16' title="bbox 249 1492 1837 1569; baseline 0.009 -28"><span class='ocrx_word' id='word_1_116' title='bbox 249 1492 432 1558; x_wconf 76' lang='grc' dir='ltr'>σοφῶν</span> <span class='ocrx_word' id='word_1_117' title='bbox 484 1493 802 1557; x_wconf 83' lang='grc' dir='ltr'><strong>συνουσίας,</strong></span> <span class='ocrx_word' id='word_1_118' title='bbox 831 1494 1102 1548; x_wconf 76' lang='grc' dir='ltr'>ἐκκλίνειν</span> <span class='ocrx_word' id='word_1_119' title='bbox 1135 1497 1250 1550; x_wconf 68' lang='grc' dir='ltr'><strong>δὲ⁸²</strong></span> <span class='ocrx_word' id='word_1_120' title='bbox 1295 1501 1420 1564; x_wconf 77' lang='grc' dir='ltr'>τοὺς</span> <span class='ocrx_word' id='word_1_121' title='bbox 1470 1501 1707 1569; x_wconf 84' lang='grc' dir='ltr'>φαύλους</span> <span class='ocrx_word' id='word_1_122' title='bbox 1741 1501 1837 1554; x_wconf 64' lang='grc' dir='ltr'><strong>καλ⁸</strong></span> 
     </span>
    </p>
   </div>
   <div class='ocr_carea' id='block_1_17' title="bbox 247 1583 1838 1654">
    <p class='ocr_par' dir='ltr' id='par_1_17' title="bbox 247 1583 1838 1654">
     <span class='ocr_line' id='line_1_17' title="bbox 247 1583 1838 1654; baseline 0.006 -19"><span class='ocrx_word' id='word_1_123' title='bbox 247 1583 616 1646; x_wconf 71' lang='grc' dir='ltr'>ἀπαιδεύτους</span> <span class='ocrx_word' id='word_1_124' title='bbox 636 1599 650 1612; x_wconf 83' lang='lat'><strong>&#39;</strong></span> <span class='ocrx_word' id='word_1_125' title='bbox 685 1585 815 1654; x_wconf 80' lang='grc' dir='ltr'>περὶ</span> <span class='ocrx_word' id='word_1_126' title='bbox 841 1585 934 1638; x_wconf 83' lang='grc' dir='ltr'><strong>τοῦ</strong></span> <span class='ocrx_word' id='word_1_127' title='bbox 965 1586 1144 1641; x_wconf 88' lang='grc' dir='ltr'>δοκεῖν</span> <span class='ocrx_word' id='word_1_128' title='bbox 1171 1588 1265 1640; x_wconf 70' lang='grc' dir='ltr'><strong>καὶ</strong></span> <span class='ocrx_word' id='word_1_129' title='bbox 1291 1590 1386 1643; x_wconf 80' lang='grc' dir='ltr'>τοῦ</span> <span class='ocrx_word' id='word_1_130' title='bbox 1423 1586 1562 1643; x_wconf 79' lang='grc' dir='ltr'>εἶναι</span> <span class='ocrx_word' id='word_1_131' title='bbox 1587 1630 1602 1654; x_wconf 96' lang='grc'><strong>,</strong></span> <span class='ocrx_word' id='word_1_132' title='bbox 1639 1593 1732 1645; x_wconf 80' lang='grc' dir='ltr'>καὶ</span> <span class='ocrx_word' id='word_1_133' title='bbox 1757 1593 1838 1646; x_wconf 84' lang='grc' dir='ltr'>ὅτι</span> 
     </span>
    </p>
   </div>
   <div class='ocr_carea' id='block_1_18' title="bbox 242 1674 1839 1756">
    <p class='ocr_par' dir='ltr' id='par_1_18' title="bbox 242 1674 1839 1756">
     <span class='ocr_line' id='line_1_18' title="bbox 242 1674 1839 1756; baseline 0.006 -28"><span class='ocrx_word' id='word_1_134' title='bbox 242 1676 304 1728; x_wconf 90' lang='grc' dir='ltr'><strong>οὐ</strong></span> <span class='ocrx_word' id='word_1_135' title='bbox 355 1674 432 1745; x_wconf 81' lang='grc' dir='ltr'>τῷ</span> <span class='ocrx_word' id='word_1_136' title='bbox 483 1676 634 1746; x_wconf 83' lang='grc' dir='ltr'>λόγῳ</span> <span class='ocrx_word' id='word_1_137' title='bbox 688 1679 796 1748; x_wconf 84' lang='grc' dir='ltr'>χρὴ</span> <span class='ocrx_word' id='word_1_138' title='bbox 853 1679 1061 1750; x_wconf 87' lang='grc' dir='ltr'>κρίνειν</span> <span class='ocrx_word' id='word_1_139' title='bbox 1108 1682 1200 1734; x_wconf 73' lang='grc' dir='ltr'><strong>τὸν</strong></span> <span class='ocrx_word' id='word_1_140' title='bbox 1243 1682 1550 1754; x_wconf 79' lang='grc' dir='ltr'>ἄνθρωπον,</span> <span class='ocrx_word' id='word_1_141' title='bbox 1583 1684 1720 1738; x_wconf 89' lang='grc' dir='ltr'><strong>ἀλλά</strong></span> <span class='ocrx_word' id='word_1_142' title='bbox 1762 1686 1839 1756; x_wconf 86' lang='grc' dir='ltr'>τῷ</span> 
     </span>
    </p>
   </div>
   <div class='ocr_carea' id='block_1_19' title="bbox 239 1767 1840 1840">
    <p class='ocr_par' dir='ltr' id='par_1_19' title="bbox 239 1767 1840 1840">
     <span class='ocr_line' id='line_1_19' title="bbox 239 1767 1840 1840; baseline 0.009 -23"><span class='ocrx_word' id='word_1_143' title='bbox 448 1785 462 1796; x_wconf 92' lang='grc'><strong>·</strong></span> <span class='ocrx_word' id='word_1_144' title='bbox 497 1768 582 1821; x_wconf 82' lang='grc' dir='ltr'>ὅτι</span> <span class='ocrx_word' id='word_1_145' title='bbox 614 1769 664 1823; x_wconf 74' lang='grc' dir='ltr'>οἱ</span> <span class='ocrx_word' id='word_1_146' title='bbox 697 1770 878 1834; x_wconf 75' lang='grc' dir='ltr'>ἄλλοις</span> <span class='ocrx_word' id='word_1_147' title='bbox 918 1771 1362 1837; x_wconf 79' lang='grc' dir='ltr'>ἐπιϐουλεύοντες</span> <span class='ocrx_word' id='word_1_148' title='bbox 1389 1777 1614 1840; x_wconf 74' lang='grc' dir='ltr'>ἑαυτοὺς</span> <span class='ocrx_word' id='word_1_149' title='bbox 1643 1775 1840 1831; x_wconf 85' lang='grc' dir='ltr'>λανθά-</span> 
     </span>
    </p>
   </div>
   <div class='ocr_carea' id='block_1_20' title="bbox 232 1860 1831 1942">
    <p class='ocr_par' dir='ltr' id='par_1_20' title="bbox 232 1860 1831 1942">
     <span class='ocr_line' id='line_1_20' title="bbox 232 1860 1831 1942; baseline 0.008 -32"><span class='ocrx_word' id='word_1_150' title='bbox 232 1877 386 1912; x_wconf 70' lang='grc' dir='ltr'>νουσι</span> <span class='ocrx_word' id='word_1_151' title='bbox 420 1860 907 1926; x_wconf 82' lang='grc' dir='ltr'>καταϐλάπτοντες</span> <span class='ocrx_word' id='word_1_152' title='bbox 926 1879 939 1891; x_wconf 74' lang='grc'><strong>⁸</strong></span> <span class='ocrx_word' id='word_1_153' title='bbox 977 1865 1106 1934; x_wconf 72' lang='grc' dir='ltr'>περ).</span> <span class='ocrx_word' id='word_1_154' title='bbox 1132 1865 1374 1932; x_wconf 77' lang='grc' dir='ltr'>εὐδοξίας</span> <span class='ocrx_word' id='word_1_155' title='bbox 1397 1882 1415 1898; x_wconf 76' lang='grc' dir='ltr'><strong>ο</strong></span> <span class='ocrx_word' id='word_1_156' title='bbox 1447 1869 1575 1938; x_wconf 80' lang='grc' dir='ltr'>περὶ</span> <span class='ocrx_word' id='word_1_157' title='bbox 1611 1869 1831 1942; x_wconf 70' lang='grc' dir='ltr'>φήμηςο</span> 
     </span>
    </p>
   </div>
   <div class='ocr_carea' id='block_1_21' title="bbox 231 1950 1832 2032">
    <p class='ocr_par' dir='ltr' id='par_1_21' title="bbox 231 1950 1832 2032">
     <span class='ocr_line' id='line_1_21' title="bbox 231 1950 1832 2032; baseline 0.007 -29"><span class='ocrx_word' id='word_1_158' title='bbox 231 1950 317 2004; x_wconf 82' lang='grc' dir='ltr'><strong>δτι</strong></span> <span class='ocrx_word' id='word_1_159' title='bbox 356 1953 570 2022; x_wconf 78' lang='grc' dir='ltr'>μέτρον</span> <span class='ocrx_word' id='word_1_160' title='bbox 621 1953 885 2024; x_wconf 75' lang='grc' dir='ltr'>ἀριστονο</span> <span class='ocrx_word' id='word_1_161' title='bbox 938 1956 1020 2010; x_wconf 85' lang='grc' dir='ltr'>ὅτι</span> <span class='ocrx_word' id='word_1_162' title='bbox 1072 1956 1515 2031; x_wconf 82' lang='grc' dir='ltr'>δυσκατόρθωτον</span> <span class='ocrx_word' id='word_1_163' title='bbox 1562 1962 1832 2032; x_wconf 74' lang='grc' dir='ltr'>ἡάρετὴ,</span> 
     </span>
    </p>
   </div>
   <div class='ocr_carea' id='block_1_22' title="bbox 232 2043 1836 2123">
    <p class='ocr_par' dir='ltr' id='par_1_22' title="bbox 232 2043 1836 2123">
     <span class='ocr_line' id='line_1_22' title="bbox 232 2043 1836 2123; baseline 0.009 -29"><span class='ocrx_word' id='word_1_164' title='bbox 232 2043 732 2115; x_wconf 73' lang='grc' dir='ltr'>εὐμεταχείριστον</span> <span class='ocrx_word' id='word_1_165' title='bbox 760 2046 818 2101; x_wconf 77' lang='grc' dir='ltr'>δὲ</span> <span class='ocrx_word' id='word_1_166' title='bbox 841 2050 872 2118; x_wconf 88' lang='grc' dir='ltr'><strong>ἡ</strong></span> <span class='ocrx_word' id='word_1_167' title='bbox 911 2049 1079 2103; x_wconf 89' lang='grc' dir='ltr'>κακία</span> <span class='ocrx_word' id='word_1_168' title='bbox 1099 2065 1114 2079; x_wconf 81' lang='lat'><strong>&#39;</strong></span> <span class='ocrx_word' id='word_1_169' title='bbox 1139 2051 1221 2103; x_wconf 82' lang='grc' dir='ltr'>ὅτι</span> <span class='ocrx_word' id='word_1_170' title='bbox 1247 2051 1307 2103; x_wconf 92' lang='grc' dir='ltr'><strong>οὐ</strong></span> <span class='ocrx_word' id='word_1_171' title='bbox 1339 2051 1444 2123; x_wconf 81' lang='grc' dir='ltr'>χρὴ</span> <span class='ocrx_word' id='word_1_172' title='bbox 1475 2052 1633 2122; x_wconf 87' lang='grc' dir='ltr'>λόγον</span> <span class='ocrx_word' id='word_1_173' title='bbox 1663 2057 1836 2108; x_wconf 88' lang='grc' dir='ltr'>ποιεῖ-</span> 
     </span>
    </p>
   </div>
   <div class='ocr_carea' id='block_1_23' title="bbox 235 2135 1838 2217">
    <p class='ocr_par' dir='ltr' id='par_1_23' title="bbox 235 2135 1838 2217">
     <span class='ocr_line' id='line_1_23' title="bbox 235 2135 1838 2217; baseline 0.009 -30"><span class='ocrx_word' id='word_1_174' title='bbox 235 2135 363 2188; x_wconf 87' lang='grc' dir='ltr'>σθαι</span> <span class='ocrx_word' id='word_1_175' title='bbox 400 2135 509 2207; x_wconf 81' lang='grc' dir='ltr'>τῆς</span> <span class='ocrx_word' id='word_1_176' title='bbox 527 2137 575 2169; x_wconf 76' lang='grc'><strong>⁸³</strong></span> <span class='ocrx_word' id='word_1_177' title='bbox 604 2138 716 2191; x_wconf 84' lang='grc' dir='ltr'><strong>τῶν</strong></span> <span class='ocrx_word' id='word_1_178' title='bbox 743 2139 1021 2194; x_wconf 80' lang='grc' dir='ltr'>ἀσυνέτων</span> <span class='ocrx_word' id='word_1_179' title='bbox 1055 2141 1412 2212; x_wconf 85' lang='grc' dir='ltr'>δοκιμασίας·</span> <span class='ocrx_word' id='word_1_180' title='bbox 1441 2145 1524 2198; x_wconf 80' lang='grc' dir='ltr'>ὅτι</span> <span class='ocrx_word' id='word_1_181' title='bbox 1569 2145 1667 2217; x_wconf 84' lang='grc' dir='ltr'>τὴν</span> <span class='ocrx_word' id='word_1_182' title='bbox 1703 2147 1838 2201; x_wconf 85' lang='grc' dir='ltr'>ὐπό-</span> 
     </span>
    </p>
   </div>
   <div class='ocr_carea' id='block_1_24' title="bbox 233 2220 1837 2308">
    <p class='ocr_par' dir='ltr' id='par_1_24' title="bbox 233 2220 1837 2308">
     <span class='ocr_line' id='line_1_24' title="bbox 233 2220 1837 2308; baseline 0.007 -30"><span class='ocrx_word' id='word_1_183' title='bbox 233 2243 446 2294; x_wconf 81' lang='grc' dir='ltr'>κρισιν,</span> <span class='ocrx_word' id='word_1_184' title='bbox 481 2229 597 2291; x_wconf 84' lang='grc' dir='ltr'>τοῖς</span> <span class='ocrx_word' id='word_1_185' title='bbox 644 2230 1009 2301; x_wconf 82' lang='grc' dir='ltr'>κεχρημένοις</span> <span class='ocrx_word' id='word_1_186' title='bbox 1044 2231 1316 2304; x_wconf 83' lang='grc' dir='ltr'>ὲπιϐλαϐἧ</span> <span class='ocrx_word' id='word_1_187' title='bbox 1350 2220 1516 2288; x_wconf 73' lang='grc' dir='ltr'>οὖσαν</span> <span class='ocrx_word' id='word_1_188' title='bbox 1560 2236 1655 2290; x_wconf 76' lang='grc' dir='ltr'>καὶ</span> <span class='ocrx_word' id='word_1_189' title='bbox 1699 2237 1837 2308; x_wconf 85' lang='grc' dir='ltr'>πρὸς</span> 
     </span>
    </p>
   </div>
   <div class='ocr_carea' id='block_1_25' title="bbox 233 2313 1837 2392">
    <p class='ocr_par' dir='ltr' id='par_1_25' title="bbox 233 2313 1837 2392">
     <span class='ocr_line' id='line_1_25' title="bbox 233 2313 1837 2392; baseline 0.004 -24"><span class='ocrx_word' id='word_1_190' title='bbox 233 2313 331 2378; x_wconf 77' lang='grc' dir='ltr'>οὓς</span> <span class='ocrx_word' id='word_1_191' title='bbox 359 2317 610 2382; x_wconf 85' lang='grc' dir='ltr'>γίνεται,</span> <span class='ocrx_word' id='word_1_192' title='bbox 642 2317 745 2387; x_wconf 84' lang='grc' dir='ltr'>τῆς</span> <span class='ocrx_word' id='word_1_193' title='bbox 792 2318 973 2389; x_wconf 79' lang='grc' dir='ltr'>ψυχῆς</span> <span class='ocrx_word' id='word_1_194' title='bbox 1027 2319 1319 2390; x_wconf 82' lang='grc' dir='ltr'>ὲκϐλητέον</span> <span class='ocrx_word' id='word_1_195' title='bbox 1341 2337 1354 2352; x_wconf 80' lang='grc'><em>’</em></span> <span class='ocrx_word' id='word_1_196' title='bbox 1392 2321 1475 2375; x_wconf 84' lang='grc' dir='ltr'>ὅτι</span> <span class='ocrx_word' id='word_1_197' title='bbox 1507 2320 1568 2374; x_wconf 91' lang='grc' dir='ltr'><strong>οὐ</strong></span> <span class='ocrx_word' id='word_1_198' title='bbox 1599 2321 1706 2392; x_wconf 77' lang='grc' dir='ltr'>χρὴ</span> <span class='ocrx_word' id='word_1_199' title='bbox 1739 2338 1837 2375; x_wconf 88' lang='grc' dir='ltr'>πο-</span> 
     </span>
    </p>
   </div>
   <div class='ocr_carea' id='block_1_26' title="bbox 234 2405 1836 2486">
    <p class='ocr_par' dir='ltr' id='par_1_26' title="bbox 234 2405 1836 2486">
     <span class='ocr_line' id='line_1_26' title="bbox 234 2405 1836 2486; baseline 0.006 -26"><span class='ocrx_word' id='word_1_200' title='bbox 234 2405 654 2480; x_wconf 85' lang='grc' dir='ltr'>λυπραγμονεῖν</span> <span class='ocrx_word' id='word_1_201' title='bbox 672 2451 688 2475; x_wconf 91' lang='grc'><strong>,</strong></span> <span class='ocrx_word' id='word_1_202' title='bbox 723 2410 918 2482; x_wconf 84' lang='grc' dir='ltr'>φθόνου</span> <span class='ocrx_word' id='word_1_203' title='bbox 954 2413 1062 2482; x_wconf 79' lang='grc' dir='ltr'>γὰρ</span> <span class='ocrx_word' id='word_1_204' title='bbox 1091 2415 1186 2468; x_wconf 75' lang='grc' dir='ltr'>καὶ</span> <span class='ocrx_word' id='word_1_205' title='bbox 1208 2413 1520 2486; x_wconf 82' lang='grc' dir='ltr'>διαϐολικῆς</span> <span class='ocrx_word' id='word_1_206' title='bbox 1550 2415 1726 2470; x_wconf 83' lang='grc' dir='ltr'>αῖτιον</span> <span class='ocrx_word' id='word_1_207' title='bbox 1748 2415 1836 2486; x_wconf 86' lang='grc' dir='ltr'>γί-</span> 
     </span>
    </p>
   </div>
   <div class='ocr_carea' id='block_1_27' title="bbox 239 2499 1836 2578">
    <p class='ocr_par' dir='ltr' id='par_1_27' title="bbox 239 2499 1836 2578">
     <span class='ocr_line' id='line_1_27' title="bbox 239 2499 1836 2578; baseline 0.006 -26"><span class='ocrx_word' id='word_1_208' title='bbox 239 2517 395 2553; x_wconf 87' lang='grc' dir='ltr'>νεται</span> <span class='ocrx_word' id='word_1_209' title='bbox 423 2500 488 2554; x_wconf 79' lang='grc' dir='ltr'>τὸ</span> <span class='ocrx_word' id='word_1_210' title='bbox 514 2501 758 2555; x_wconf 82' lang='grc' dir='ltr'>τοιοῦτον</span> <span class='ocrx_word' id='word_1_211' title='bbox 774 2520 788 2532; x_wconf 85' lang='grc'><strong>·</strong></span> <span class='ocrx_word' id='word_1_212' title='bbox 819 2503 898 2557; x_wconf 80' lang='grc' dir='ltr'>ὅτι</span> <span class='ocrx_word' id='word_1_213' title='bbox 937 2505 994 2557; x_wconf 81' lang='grc' dir='ltr'>ὲν</span> <span class='ocrx_word' id='word_1_214' title='bbox 1020 2499 1104 2569; x_wconf 73' lang='grc' dir='ltr'>οἷς</span> <span class='ocrx_word' id='word_1_215' title='bbox 1129 2505 1444 2578; x_wconf 83' lang='grc' dir='ltr'>πλημμελεῖ</span> <span class='ocrx_word' id='word_1_216' title='bbox 1469 2524 1554 2572; x_wconf 88' lang='grc' dir='ltr'><strong>τις</strong></span> <span class='ocrx_word' id='word_1_217' title='bbox 1578 2505 1640 2562; x_wconf 79' lang='grc' dir='ltr'>τὸ</span> <span class='ocrx_word' id='word_1_218' title='bbox 1667 2525 1836 2578; x_wconf 90' lang='grc' dir='ltr'>μετα-</span> 
     </span>
    </p>
   </div>
   <div class='ocr_carea' id='block_1_28' title="bbox 243 2592 1834 2670">
    <p class='ocr_par' dir='ltr' id='par_1_28' title="bbox 243 2592 1834 2670">
     <span class='ocr_line' id='line_1_28' title="bbox 243 2592 1834 2670; baseline 0.007 -26"><span class='ocrx_word' id='word_1_219' title='bbox 243 2592 531 2662; x_wconf 81' lang='grc' dir='ltr'>μελεῐσθαι</span> <span class='ocrx_word' id='word_1_220' title='bbox 559 2594 845 2648; x_wconf 85' lang='grc' dir='ltr'>κάλλιστον</span> <span class='ocrx_word' id='word_1_221' title='bbox 867 2613 882 2626; x_wconf 85' lang='grc'><strong>·</strong></span> <span class='ocrx_word' id='word_1_222' title='bbox 915 2599 1046 2668; x_wconf 79' lang='grc' dir='ltr'>περὶ</span> <span class='ocrx_word' id='word_1_223' title='bbox 1073 2598 1361 2670; x_wconf 87' lang='grc' dir='ltr'>λοιδορίας,</span> <span class='ocrx_word' id='word_1_224' title='bbox 1386 2599 1463 2664; x_wconf 87' lang='grc' dir='ltr'><strong>ὡς</strong></span> <span class='ocrx_word' id='word_1_225' title='bbox 1484 2599 1582 2654; x_wconf 90' lang='grc' dir='ltr'><strong>οὐκ</strong></span> <span class='ocrx_word' id='word_1_226' title='bbox 1610 2601 1834 2670; x_wconf 86' lang='grc' dir='ltr'>ἀγαθόν·</span> 
     </span>
    </p>
   </div>
   <div class='ocr_carea' id='block_1_29' title="bbox 237 2685 1838 2762">
    <p class='ocr_par' dir='ltr' id='par_1_29' title="bbox 237 2685 1838 2762">
     <span class='ocr_line' id='line_1_29' title="bbox 237 2685 1838 2762; baseline 0.004 -24"><span class='ocrx_word' id='word_1_227' title='bbox 237 2687 323 2738; x_wconf 82' lang='grc' dir='ltr'>ὅτι</span> <span class='ocrx_word' id='word_1_228' title='bbox 358 2687 420 2738; x_wconf 80' lang='grc' dir='ltr'>ἐν</span> <span class='ocrx_word' id='word_1_229' title='bbox 456 2686 535 2756; x_wconf 79' lang='grc' dir='ltr'><strong>τῷ</strong></span> <span class='ocrx_word' id='word_1_230' title='bbox 567 2685 924 2757; x_wconf 81' lang='grc' dir='ltr'>λοιδορεῖσθαι</span> <span class='ocrx_word' id='word_1_231' title='bbox 957 2689 1064 2760; x_wconf 79' lang='grc' dir='ltr'>χρὴ</span> <span class='ocrx_word' id='word_1_232' title='bbox 1105 2693 1332 2744; x_wconf 87' lang='grc' dir='ltr'>σκοπεῖν</span> <span class='ocrx_word' id='word_1_233' title='bbox 1382 2691 1457 2762; x_wconf 84' lang='grc' dir='ltr'>μὴ</span> <span class='ocrx_word' id='word_1_234' title='bbox 1498 2694 1612 2756; x_wconf 85' lang='grc' dir='ltr'>τοῖς</span> <span class='ocrx_word' id='word_1_235' title='bbox 1655 2693 1838 2756; x_wconf 88' lang='grc' dir='ltr'>αὐτοῖς</span> 
     </span>
    </p>
   </div>
   <div class='ocr_carea' id='block_1_30' title="bbox 238 2776 1836 2853">
    <p class='ocr_par' dir='ltr' id='par_1_30' title="bbox 238 2776 1836 2853">
     <span class='ocr_line' id='line_1_30' title="bbox 238 2776 1836 2853; baseline 0.013 -26"><span class='ocrx_word' id='word_1_236' title='bbox 238 2776 750 2848; x_wconf 80' lang='grc' dir='ltr'>περιπεπτώκαμεν</span> <span class='ocrx_word' id='word_1_237' title='bbox 793 2777 1178 2852; x_wconf 71' lang='grc' dir='ltr'>ἐλαττώμασισ</span> <span class='ocrx_word' id='word_1_238' title='bbox 1263 2781 1392 2853; x_wconf 81' lang='grc' dir='ltr'>περὶ</span> <span class='ocrx_word' id='word_1_239' title='bbox 1441 2782 1687 2850; x_wconf 82' lang='grc' dir='ltr'>ἀνάγκης</span> <span class='ocrx_word' id='word_1_240' title='bbox 1737 2782 1836 2846; x_wconf 82' lang='grc' dir='ltr'><strong>τῆς</strong></span> 
     </span>
    </p>
   </div>
   <div class='ocr_carea' id='block_1_31' title="bbox 237 2869 1836 2944">
    <p class='ocr_par' dir='ltr' id='par_1_31' title="bbox 237 2869 1836 2944">
     <span class='ocr_line' id='line_1_31' title="bbox 237 2869 1836 2944; baseline 0.003 -22"><span class='ocrx_word' id='word_1_241' title='bbox 237 2869 387 2922; x_wconf 81' lang='grc' dir='ltr'>κατὰ</span> <span class='ocrx_word' id='word_1_242' title='bbox 414 2869 505 2920; x_wconf 75' lang='grc' dir='ltr'><strong>τὸν</strong></span> <span class='ocrx_word' id='word_1_243' title='bbox 537 2869 651 2941; x_wconf 77' lang='grc' dir='ltr'>βίον</span> <span class='ocrx_word' id='word_1_244' title='bbox 671 2887 686 2902; x_wconf 78' lang='grc' dir='ltr'><strong>ο</strong></span> <span class='ocrx_word' id='word_1_245' title='bbox 718 2871 799 2924; x_wconf 82' lang='grc' dir='ltr'>ὅτι</span> <span class='ocrx_word' id='word_1_246' title='bbox 835 2871 1108 2942; x_wconf 82' lang='grc' dir='ltr'>εὐκαίρως</span> <span class='ocrx_word' id='word_1_247' title='bbox 1142 2872 1224 2926; x_wconf 83' lang='grc' dir='ltr'><strong>δεῖ</strong></span> <span class='ocrx_word' id='word_1_248' title='bbox 1251 2873 1512 2943; x_wconf 85' lang='grc' dir='ltr'>πράττειν</span> <span class='ocrx_word' id='word_1_249' title='bbox 1536 2890 1550 2904; x_wconf 73' lang='grc' dir='ltr'><strong><em>ο</em></strong></span> <span class='ocrx_word' id='word_1_250' title='bbox 1583 2873 1711 2944; x_wconf 74' lang='grc' dir='ltr'>περὶ</span> <span class='ocrx_word' id='word_1_251' title='bbox 1742 2871 1836 2926; x_wconf 79' lang='grc' dir='ltr'>τοῦ</span> 
     </span>
    </p>
   </div>
   <div class='ocr_carea' id='block_1_32' title="bbox 237 2960 1837 3035">
    <p class='ocr_par' dir='ltr' id='par_1_32' title="bbox 237 2960 1837 3035">
     <span class='ocr_line' id='line_1_32' title="bbox 237 2960 1837 3035; baseline 0.004 -23"><span class='ocrx_word' id='word_1_252' title='bbox 237 2960 572 3030; x_wconf 74' lang='grc' dir='ltr'>βούλεσθαι·</span> <span class='ocrx_word' id='word_1_253' title='bbox 619 2963 699 3015; x_wconf 86' lang='grc' dir='ltr'>ὅτι</span> <span class='ocrx_word' id='word_1_254' title='bbox 733 2962 795 3016; x_wconf 89' lang='grc' dir='ltr'><strong>οὐ</strong></span> <span class='ocrx_word' id='word_1_255' title='bbox 826 2964 908 3015; x_wconf 86' lang='grc' dir='ltr'><strong>δεῖ</strong></span> <span class='ocrx_word' id='word_1_256' title='bbox 940 2963 1016 3027; x_wconf 89' lang='grc' dir='ltr'>ὡς</span> <span class='ocrx_word' id='word_1_257' title='bbox 1055 2965 1247 3035; x_wconf 74' lang='grc' dir='ltr'>ἔτυχεν</span> <span class='ocrx_word' id='word_1_258' title='bbox 1281 2965 1680 3019; x_wconf 80' lang='grc' dir='ltr'>ἀναϐάλλεσθαι</span> <span class='ocrx_word' id='word_1_259' title='bbox 1702 2980 1718 2996; x_wconf 79' lang='lat'><strong><em>°</em></strong></span> <span class='ocrx_word' id='word_1_260' title='bbox 1753 2967 1837 3019; x_wconf 81' lang='grc' dir='ltr'>ὅτι</span> 
     </span>
    </p>
   </div>
   <div class='ocr_carea' id='block_1_33' title="bbox 231 3053 1840 3129">
    <p class='ocr_par' dir='ltr' id='par_1_33' title="bbox 231 3053 1840 3129">
     <span class='ocr_line' id='line_1_33' title="bbox 231 3053 1840 3129; baseline 0.004 -24"><span class='ocrx_word' id='word_1_261' title='bbox 231 3053 300 3106; x_wconf 80' lang='grc' dir='ltr'>τὸ</span> <span class='ocrx_word' id='word_1_262' title='bbox 346 3054 688 3125; x_wconf 82' lang='grc' dir='ltr'>δυστυχῆσαι</span> <span class='ocrx_word' id='word_1_263' title='bbox 723 3055 986 3120; x_wconf 82' lang='grc' dir='ltr'>πολλάκις</span> <span class='ocrx_word' id='word_1_264' title='bbox 1027 3058 1308 3126; x_wconf 84' lang='grc' dir='ltr'>ἐπωφελὲς</span> <span class='ocrx_word' id='word_1_265' title='bbox 1341 3060 1574 3127; x_wconf 84' lang='grc' dir='ltr'>γίνεται,</span> <span class='ocrx_word' id='word_1_266' title='bbox 1607 3058 1704 3112; x_wconf 72' lang='grc' dir='ltr'>καὶ</span> <span class='ocrx_word' id='word_1_267' title='bbox 1736 3059 1840 3129; x_wconf 87' lang='grc' dir='ltr'>μά-</span> 
     </span>
    </p>
   </div>
   <div class='ocr_carea' id='block_1_34' title="bbox 1929 573 3511 644">
    <p class='ocr_par' dir='ltr' id='par_1_34' title="bbox 1929 573 3511 644">
     <span class='ocr_line' id='line_1_34' title="bbox 1929 573 3511 644; baseline 0.003 -17"><span class='ocrx_word' id='word_1_268' title='bbox 1929 590 2074 628; x_wconf 89' lang='lat' dir='ltr'><strong>mum</strong></span> <span class='ocrx_word' id='word_1_269' title='bbox 2107 573 2324 642; x_wconf 85' lang='lat' dir='ltr'><strong>quidem</strong></span> <span class='ocrx_word' id='word_1_270' title='bbox 2365 574 2431 626; x_wconf 91' lang='lat' dir='ltr'><strong>de</strong></span> <span class='ocrx_word' id='word_1_271' title='bbox 2470 588 2750 627; x_wconf 84' lang='lat' dir='ltr'><strong>sacrorum</strong></span> <span class='ocrx_word' id='word_1_272' title='bbox 2800 574 3202 642; x_wconf 83' lang='lat' dir='ltr'><strong>interpretibus,</strong></span> <span class='ocrx_word' id='word_1_273' title='bbox 3231 584 3284 628; x_wconf 90' lang='lat' dir='ltr'><strong>et</strong></span> <span class='ocrx_word' id='word_1_274' title='bbox 3307 579 3451 644; x_wconf 89' lang='lat' dir='ltr'><strong>quod</strong></span> <span class='ocrx_word' id='word_1_275' title='bbox 3479 591 3511 631; x_wconf 74' lang='grc' dir='ltr'><strong>ιι</strong></span> 
     </span>
    </p>
   </div>
   <div class='ocr_carea' id='block_1_35' title="bbox 1935 666 3511 734">
    <p class='ocr_par' dir='ltr' id='par_1_35' title="bbox 1935 666 3511 734">
     <span class='ocr_line' id='line_1_35' title="bbox 1935 666 3511 734; baseline 0.002 -13"><span class='ocrx_word' id='word_1_276' title='bbox 1935 666 2256 722; x_wconf 74' lang='lat' dir='ltr'><strong>mortalibus</strong></span> <span class='ocrx_word' id='word_1_277' title='bbox 2298 666 2664 733; x_wconf 78' lang='lat' dir='ltr'><strong>spiritualium</strong></span> <span class='ocrx_word' id='word_1_278' title='bbox 2711 681 2838 720; x_wconf 80' lang='lat' dir='ltr'><strong>vera</strong></span> <span class='ocrx_word' id='word_1_279' title='bbox 2889 677 3081 719; x_wconf 90' lang='lat' dir='ltr'><strong>natura</strong></span> <span class='ocrx_word' id='word_1_280' title='bbox 3125 669 3511 734; x_wconf 81' lang='lat' dir='ltr'><strong>comprehendi</strong></span> 
     </span>
    </p>
   </div>
   <div class='ocr_carea' id='block_1_36' title="bbox 1933 756 3514 826">
    <p class='ocr_par' dir='ltr' id='par_1_36' title="bbox 1933 756 3514 826">
     <span class='ocr_line' id='line_1_36' title="bbox 1933 756 3514 826; baseline 0.003 -14"><span class='ocrx_word' id='word_1_281' title='bbox 1933 767 2182 826; x_wconf 83' lang='lat' dir='ltr'><strong>nequeat.</strong></span> <span class='ocrx_word' id='word_1_282' title='bbox 2217 757 2269 810; x_wconf 88' lang='lat'><strong>2.</strong></span> <span class='ocrx_word' id='word_1_283' title='bbox 2315 756 2452 812; x_wconf 88' lang='lat' dir='ltr'><strong>Hinc</strong></span> <span class='ocrx_word' id='word_1_284' title='bbox 2483 759 2551 812; x_wconf 87' lang='lat' dir='ltr'><strong>de</strong></span> <span class='ocrx_word' id='word_1_285' title='bbox 2586 767 2703 812; x_wconf 89' lang='lat' dir='ltr'><strong>arte</strong></span> <span class='ocrx_word' id='word_1_286' title='bbox 2761 759 3086 813; x_wconf 85' lang='lat' dir='ltr'><strong>disserendi.</strong></span> <span class='ocrx_word' id='word_1_287' title='bbox 3155 760 3210 814; x_wconf 85' lang='grc'><strong>5.</strong></span> <span class='ocrx_word' id='word_1_288' title='bbox 3251 762 3348 813; x_wconf 74' lang='lat' dir='ltr'><strong>Deo</strong></span> <span class='ocrx_word' id='word_1_289' title='bbox 3376 763 3514 816; x_wconf 83' lang='lat' dir='ltr'><strong>bene</strong></span> 
     </span>
    </p>
   </div>
   <div class='ocr_carea' id='block_1_37' title="bbox 1933 849 3511 924">
    <p class='ocr_par' dir='ltr' id='par_1_37' title="bbox 1933 849 3511 924">
     <span class='ocr_line' id='line_1_37' title="bbox 1933 849 3511 924; baseline 0.004 -21"><span class='ocrx_word' id='word_1_290' title='bbox 1933 852 2144 904; x_wconf 83' lang='lat' dir='ltr'><strong>dicendi</strong></span> <span class='ocrx_word' id='word_1_291' title='bbox 2191 849 2476 905; x_wconf 80' lang='lat' dir='ltr'><strong>facultate.</strong></span> <span class='ocrx_word' id='word_1_292' title='bbox 2508 854 2562 907; x_wconf 84' lang='grc'><strong>4.</strong></span> <span class='ocrx_word' id='word_1_293' title='bbox 2602 852 2674 907; x_wconf 91' lang='lat' dir='ltr'><strong>De</strong></span> <span class='ocrx_word' id='word_1_294' title='bbox 2704 852 2982 918; x_wconf 87' lang='lat' dir='ltr'><strong>Oratione,</strong></span> <span class='ocrx_word' id='word_1_295' title='bbox 3026 869 3088 906; x_wconf 90' lang='lat' dir='ltr'><strong>ac</strong></span> <span class='ocrx_word' id='word_1_296' title='bbox 3123 854 3322 909; x_wconf 81' lang='lat' dir='ltr'><strong>litteris</strong></span> <span class='ocrx_word' id='word_1_297' title='bbox 3377 857 3511 924; x_wconf 82' lang='grc'><strong>(48).</strong></span> 
     </span>
    </p>
   </div>
   <div class='ocr_carea' id='block_1_38' title="bbox 1933 940 3514 1010">
    <p class='ocr_par' dir='ltr' id='par_1_38' title="bbox 1933 940 3514 1010">
     <span class='ocr_line' id='line_1_38' title="bbox 1933 940 3514 1010; baseline 0.004 -17"><span class='ocrx_word' id='word_1_298' title='bbox 1933 940 1987 994; x_wconf 84' lang='grc'><strong>5.</strong></span> <span class='ocrx_word' id='word_1_299' title='bbox 2017 940 2094 994; x_wconf 92' lang='lat' dir='ltr'><strong>De</strong></span> <span class='ocrx_word' id='word_1_300' title='bbox 2147 951 2265 994; x_wconf 85' lang='lat' dir='ltr'><strong>arte</strong></span> <span class='ocrx_word' id='word_1_301' title='bbox 2326 943 2557 1010; x_wconf 86' lang='lat' dir='ltr'><strong>poetica.</strong></span> <span class='ocrx_word' id='word_1_302' title='bbox 2590 944 2642 997; x_wconf 81' lang='lat'><strong>6.</strong></span> <span class='ocrx_word' id='word_1_303' title='bbox 2682 944 2756 997; x_wconf 91' lang='lat' dir='ltr'><strong>De</strong></span> <span class='ocrx_word' id='word_1_304' title='bbox 2809 945 3146 1008; x_wconf 80' lang='lat' dir='ltr'><strong>charactere,</strong></span> <span class='ocrx_word' id='word_1_305' title='bbox 3195 961 3288 998; x_wconf 91' lang='lat' dir='ltr'><strong>seu</strong></span> <span class='ocrx_word' id='word_1_306' title='bbox 3342 947 3514 1000; x_wconf 82' lang='lat' dir='ltr'><strong>forma</strong></span> 
     </span>
    </p>
   </div>
   <div class='ocr_carea' id='block_1_39' title="bbox 1935 1031 3516 1105">
    <p class='ocr_par' dir='ltr' id='par_1_39' title="bbox 1935 1031 3516 1105">
     <span class='ocr_line' id='line_1_39' title="bbox 1935 1031 3516 1105; baseline 0.005 -21"><span class='ocrx_word' id='word_1_307' title='bbox 1935 1031 2220 1084; x_wconf 82' lang='lat' dir='ltr'><strong>orationis.</strong></span> <span class='ocrx_word' id='word_1_308' title='bbox 2257 1031 2310 1083; x_wconf 86' lang='lat'><strong>7.</strong></span> <span class='ocrx_word' id='word_1_309' title='bbox 2353 1032 2426 1085; x_wconf 89' lang='lat' dir='ltr'><strong>De</strong></span> <span class='ocrx_word' id='word_1_310' title='bbox 2470 1047 2676 1086; x_wconf 89' lang='lat' dir='ltr'><strong>morum</strong></span> <span class='ocrx_word' id='word_1_311' title='bbox 2725 1035 3061 1102; x_wconf 83' lang='lat' dir='ltr'><strong>philosophia</strong></span> <span class='ocrx_word' id='word_1_312' title='bbox 3096 1036 3207 1105; x_wconf 80' lang='grc'><strong>(49)</strong></span> <span class='ocrx_word' id='word_1_313' title='bbox 3236 1036 3288 1090; x_wconf 89' lang='lat'><strong>8.</strong></span> <span class='ocrx_word' id='word_1_314' title='bbox 3325 1039 3398 1092; x_wconf 85' lang='lat' dir='ltr'><strong>De</strong></span> <span class='ocrx_word' id='word_1_315' title='bbox 3450 1040 3516 1092; x_wconf 89' lang='lat' dir='ltr'><strong>iis</strong></span> 
     </span>
    </p>
   </div>
   <div class='ocr_carea' id='block_1_40' title="bbox 1936 1125 3518 1200">
    <p class='ocr_par' dir='ltr' id='par_1_40' title="bbox 1936 1125 3518 1200">
     <span class='ocr_line' id='line_1_40' title="bbox 1936 1125 3518 1200; baseline 0.007 -25"><span class='ocrx_word' id='word_1_316' title='bbox 1936 1140 2056 1194; x_wconf 75' lang='lat' dir='ltr'><strong>qua:</strong></span> <span class='ocrx_word' id='word_1_317' title='bbox 2088 1125 2140 1179; x_wconf 90' lang='lat' dir='ltr'><strong>in</strong></span> <span class='ocrx_word' id='word_1_318' title='bbox 2191 1137 2376 1181; x_wconf 88' lang='lat' dir='ltr'><strong>nostra</strong></span> <span class='ocrx_word' id='word_1_319' title='bbox 2424 1136 2547 1181; x_wconf 89' lang='lat' dir='ltr'><strong>sunt</strong></span> <span class='ocrx_word' id='word_1_320' title='bbox 2585 1137 2879 1197; x_wconf 81' lang='lat' dir='ltr'><strong>potestate.</strong></span> <span class='ocrx_word' id='word_1_321' title='bbox 2917 1130 2970 1184; x_wconf 89' lang='lat'><strong>9.</strong></span> <span class='ocrx_word' id='word_1_322' title='bbox 3011 1131 3290 1184; x_wconf 73' lang='lat' dir='ltr'><strong>Neminem</strong></span> <span class='ocrx_word' id='word_1_323' title='bbox 3324 1143 3518 1200; x_wconf 83' lang='lat' dir='ltr'><strong>Sponte</strong></span> 
     </span>
    </p>
   </div>
   <div class='ocr_carea' id='block_1_41' title="bbox 1937 1218 3522 1291">
    <p class='ocr_par' dir='ltr' id='par_1_41' title="bbox 1937 1218 3522 1291">
     <span class='ocr_line' id='line_1_41' title="bbox 1937 1218 3522 1291; baseline 0.005 -20"><span class='ocrx_word' id='word_1_324' title='bbox 1937 1233 2060 1271; x_wconf 87' lang='lat' dir='ltr'><strong>esse</strong></span> <span class='ocrx_word' id='word_1_325' title='bbox 2100 1218 2425 1286; x_wconf 89' lang='lat' dir='ltr'><strong>improbum.</strong></span> <span class='ocrx_word' id='word_1_326' title='bbox 2475 1221 2564 1273; x_wconf 84' lang='lat'><strong>10.</strong></span> <span class='ocrx_word' id='word_1_327' title='bbox 2599 1221 2823 1286; x_wconf 87' lang='lat' dir='ltr'><strong>Qualem</strong></span> <span class='ocrx_word' id='word_1_328' title='bbox 2869 1222 3062 1276; x_wconf 87' lang='lat' dir='ltr'><strong>deceat</strong></span> <span class='ocrx_word' id='word_1_329' title='bbox 3107 1237 3230 1276; x_wconf 80' lang='lat' dir='ltr'><strong>esse</strong></span> <span class='ocrx_word' id='word_1_330' title='bbox 3281 1225 3522 1291; x_wconf 87' lang='lat' dir='ltr'><strong>philoso-</strong></span> 
     </span>
    </p>
   </div>
   <div class='ocr_carea' id='block_1_42' title="bbox 1937 1311 3516 1382">
    <p class='ocr_par' dir='ltr' id='par_1_42' title="bbox 1937 1311 3516 1382">
     <span class='ocr_line' id='line_1_42' title="bbox 1937 1311 3516 1382; baseline 0.005 -21"><span class='ocrx_word' id='word_1_331' title='bbox 1937 1313 2125 1379; x_wconf 83' lang='lat' dir='ltr'><strong>phum.</strong></span> <span class='ocrx_word' id='word_1_332' title='bbox 2164 1311 2546 1367; x_wconf 82' lang='lat' dir='ltr'><strong>11.Pietatem</strong></span> <span class='ocrx_word' id='word_1_333' title='bbox 2608 1329 2734 1382; x_wconf 86' lang='lat' dir='ltr'><strong>erga</strong></span> <span class='ocrx_word' id='word_1_334' title='bbox 2795 1315 2960 1367; x_wconf 90' lang='lat' dir='ltr'><strong>Deum</strong></span> <span class='ocrx_word' id='word_1_335' title='bbox 3027 1315 3312 1370; x_wconf 83' lang='lat' dir='ltr'><strong>colendam</strong></span> <span class='ocrx_word' id='word_1_336' title='bbox 3373 1330 3516 1369; x_wconf 87' lang='lat' dir='ltr'><strong>esse.</strong></span> 
     </span>
    </p>
   </div>
   <div class='ocr_carea' id='block_1_43' title="bbox 1943 1402 3524 1474">
    <p class='ocr_par' dir='ltr' id='par_1_43' title="bbox 1943 1402 3524 1474">
     <span class='ocr_line' id='line_1_43' title="bbox 1943 1402 3524 1474; baseline 0.003 -18"><span class='ocrx_word' id='word_1_337' title='bbox 1943 1403 2027 1456; x_wconf 86' lang='lat'><strong>12.</strong></span> <span class='ocrx_word' id='word_1_338' title='bbox 2057 1402 2169 1458; x_wconf 87' lang='lat' dir='ltr'><strong>Piis</strong></span> <span class='ocrx_word' id='word_1_339' title='bbox 2204 1420 2267 1459; x_wconf 91' lang='lat' dir='ltr'><strong>ac</strong></span> <span class='ocrx_word' id='word_1_340' title='bbox 2288 1405 2450 1474; x_wconf 87' lang='lat' dir='ltr'><strong>justis</strong></span> <span class='ocrx_word' id='word_1_341' title='bbox 2474 1405 2676 1461; x_wconf 83' lang='lat' dir='ltr'><strong>Numen</strong></span> <span class='ocrx_word' id='word_1_342' title='bbox 2709 1408 2912 1462; x_wconf 81' lang='lat' dir='ltr'><strong>auxilio</strong></span> <span class='ocrx_word' id='word_1_343' title='bbox 2942 1409 3188 1464; x_wconf 77' lang='lat' dir='ltr'><strong>esse.13.</strong></span> <span class='ocrx_word' id='word_1_344' title='bbox 3215 1409 3288 1463; x_wconf 89' lang='lat' dir='ltr'><strong>De</strong></span> <span class='ocrx_word' id='word_1_345' title='bbox 3325 1409 3524 1461; x_wconf 86' lang='lat' dir='ltr'><strong>vatici-</strong></span> 
     </span>
    </p>
   </div>
   <div class='ocr_carea' id='block_1_44' title="bbox 1943 1495 3518 1572">
    <p class='ocr_par' dir='ltr' id='par_1_44' title="bbox 1943 1495 3518 1572">
     <span class='ocr_line' id='line_1_44' title="bbox 1943 1495 3518 1572; baseline 0.004 -25"><span class='ocrx_word' id='word_1_346' title='bbox 1943 1496 2164 1549; x_wconf 71' lang='lat' dir='ltr'><strong>nio.14.</strong></span> <span class='ocrx_word' id='word_1_347' title='bbox 2197 1495 2511 1566; x_wconf 87' lang='lat' dir='ltr'><strong>Sapientum</strong></span> <span class='ocrx_word' id='word_1_348' title='bbox 2557 1501 3008 1555; x_wconf 85' lang='lat' dir='ltr'><strong>consuetudinem</strong></span> <span class='ocrx_word' id='word_1_349' title='bbox 3057 1503 3236 1572; x_wconf 79' lang='lat' dir='ltr'><strong>magni</strong></span> <span class='ocrx_word' id='word_1_350' title='bbox 3285 1517 3409 1556; x_wconf 82' lang='lat' dir='ltr'><strong>esse</strong></span> <span class='ocrx_word' id='word_1_351' title='bbox 3435 1500 3518 1555; x_wconf 81' lang='lat' dir='ltr'><strong>fa-</strong></span> 
     </span>
    </p>
   </div>
   <div class='ocr_carea' id='block_1_45' title="bbox 1942 1587 3519 1660">
    <p class='ocr_par' dir='ltr' id='par_1_45' title="bbox 1942 1587 3519 1660">
     <span class='ocr_line' id='line_1_45' title="bbox 1942 1587 3519 1660; baseline 0.003 -19"><span class='ocrx_word' id='word_1_352' title='bbox 1942 1587 2186 1642; x_wconf 87' lang='lat' dir='ltr'><strong>ciendam</strong></span> <span class='ocrx_word' id='word_1_353' title='bbox 2216 1607 2228 1644; x_wconf 93' lang='lat'><strong>:</strong></span> <span class='ocrx_word' id='word_1_354' title='bbox 2261 1588 2546 1658; x_wconf 75' lang='lat' dir='ltr'><strong>fugiendos</strong></span> <span class='ocrx_word' id='word_1_355' title='bbox 2572 1607 2722 1655; x_wconf 80' lang='lat' dir='ltr'><strong>vero,</strong></span> <span class='ocrx_word' id='word_1_356' title='bbox 2749 1608 2812 1646; x_wconf 89' lang='lat' dir='ltr'><strong>ac</strong></span> <span class='ocrx_word' id='word_1_357' title='bbox 2847 1594 3206 1648; x_wconf 87' lang='lat' dir='ltr'><strong>declinandos</strong></span> <span class='ocrx_word' id='word_1_358' title='bbox 3243 1595 3519 1660; x_wconf 86' lang='lat' dir='ltr'><strong>improbos</strong></span> 
     </span>
    </p>
   </div>
   <div class='ocr_carea' id='block_1_46' title="bbox 1945 1681 3522 1754">
    <p class='ocr_par' dir='ltr' id='par_1_46' title="bbox 1945 1681 3522 1754">
     <span class='ocr_line' id='line_1_46' title="bbox 1945 1681 3522 1754; baseline 0.009 -25"><span class='ocrx_word' id='word_1_359' title='bbox 1945 1689 2109 1748; x_wconf 87' lang='lat' dir='ltr'><strong>atque</strong></span> <span class='ocrx_word' id='word_1_360' title='bbox 2133 1681 2434 1749; x_wconf 86' lang='lat' dir='ltr'><strong>imperitos.</strong></span> <span class='ocrx_word' id='word_1_361' title='bbox 2470 1682 2556 1737; x_wconf 87' lang='lat'><strong>15.</strong></span> <span class='ocrx_word' id='word_1_362' title='bbox 2586 1683 2660 1738; x_wconf 89' lang='lat' dir='ltr'><strong>De</strong></span> <span class='ocrx_word' id='word_1_363' title='bbox 2681 1699 2746 1738; x_wconf 92' lang='lat' dir='ltr'><strong>eo</strong></span> <span class='ocrx_word' id='word_1_364' title='bbox 2777 1687 2920 1752; x_wconf 90' lang='lat' dir='ltr'><strong>quod</strong></span> <span class='ocrx_word' id='word_1_365' title='bbox 2946 1687 3163 1740; x_wconf 88' lang='lat' dir='ltr'><strong>videtur</strong></span> <span class='ocrx_word' id='word_1_366' title='bbox 3198 1696 3430 1754; x_wconf 87' lang='lat' dir='ltr'><strong>tantum,</strong></span> <span class='ocrx_word' id='word_1_367' title='bbox 3463 1697 3522 1743; x_wconf 75' lang='lat' dir='ltr'><strong>et</strong></span> 
     </span>
    </p>
   </div>
   <div class='ocr_carea' id='block_1_47' title="bbox 1946 1773 3524 1843">
    <p class='ocr_par' dir='ltr' id='par_1_47' title="bbox 1946 1773 3524 1843">
     <span class='ocr_line' id='line_1_47' title="bbox 1946 1773 3524 1843; baseline 0.006 -18"><span class='ocrx_word' id='word_1_368' title='bbox 1946 1773 2013 1826; x_wconf 90' lang='lat' dir='ltr'><strong>de</strong></span> <span class='ocrx_word' id='word_1_369' title='bbox 2051 1789 2115 1827; x_wconf 92' lang='lat' dir='ltr'><strong>eo</strong></span> <span class='ocrx_word' id='word_1_370' title='bbox 2140 1775 2282 1843; x_wconf 90' lang='lat' dir='ltr'><strong>quod</strong></span> <span class='ocrx_word' id='word_1_371' title='bbox 2322 1790 2450 1829; x_wconf 89' lang='lat' dir='ltr'><strong>vere</strong></span> <span class='ocrx_word' id='word_1_372' title='bbox 2493 1788 2594 1832; x_wconf 91' lang='lat' dir='ltr'><strong>est.</strong></span> <span class='ocrx_word' id='word_1_373' title='bbox 2632 1779 2718 1831; x_wconf 87' lang='lat'><strong>16.</strong></span> <span class='ocrx_word' id='word_1_374' title='bbox 2754 1777 2870 1833; x_wconf 83' lang='lat' dir='ltr'><strong>Non</strong></span> <span class='ocrx_word' id='word_1_375' title='bbox 2906 1795 2936 1832; x_wconf 91' lang='lat' dir='ltr'><strong>e</strong></span> <span class='ocrx_word' id='word_1_376' title='bbox 2967 1782 3168 1843; x_wconf 87' lang='lat' dir='ltr'><strong>verbis,</strong></span> <span class='ocrx_word' id='word_1_377' title='bbox 3207 1783 3302 1837; x_wconf 90' lang='lat' dir='ltr'><strong>sed</strong></span> <span class='ocrx_word' id='word_1_378' title='bbox 3352 1782 3524 1835; x_wconf 87' lang='lat' dir='ltr'><strong>mori-</strong></span> 
     </span>
    </p>
   </div>
   <div class='ocr_carea' id='block_1_48' title="bbox 1942 1864 3522 1942">
    <p class='ocr_par' dir='ltr' id='par_1_48' title="bbox 1942 1864 3522 1942">
     <span class='ocr_line' id='line_1_48' title="bbox 1942 1864 3522 1942; baseline 0.006 -24"><span class='ocrx_word' id='word_1_379' title='bbox 1942 1864 2041 1918; x_wconf 86' lang='lat' dir='ltr'><strong>bus</strong></span> <span class='ocrx_word' id='word_1_380' title='bbox 2073 1867 2140 1920; x_wconf 90' lang='lat' dir='ltr'><strong>de</strong></span> <span class='ocrx_word' id='word_1_381' title='bbox 2170 1867 2390 1921; x_wconf 90' lang='lat' dir='ltr'><strong>homine</strong></span> <span class='ocrx_word' id='word_1_382' title='bbox 2421 1881 2542 1921; x_wconf 83' lang='lat' dir='ltr'><strong>esse</strong></span> <span class='ocrx_word' id='word_1_383' title='bbox 2580 1868 2953 1937; x_wconf 76' lang='lat' dir='ltr'><strong>iudicandum.</strong></span> <span class='ocrx_word' id='word_1_384' title='bbox 2986 1873 3073 1926; x_wconf 83' lang='lat'><strong>17.</strong></span> <span class='ocrx_word' id='word_1_385' title='bbox 3119 1873 3224 1927; x_wconf 89' lang='lat' dir='ltr'><strong>Eos</strong></span> <span class='ocrx_word' id='word_1_386' title='bbox 3258 1873 3350 1942; x_wconf 88' lang='lat' dir='ltr'><strong>qui</strong></span> <span class='ocrx_word' id='word_1_387' title='bbox 3393 1873 3522 1927; x_wconf 82' lang='lat' dir='ltr'><strong>aliis</strong></span> 
     </span>
    </p>
   </div>
   <div class='ocr_carea' id='block_1_49' title="bbox 1937 1955 3510 2031">
    <p class='ocr_par' dir='ltr' id='par_1_49' title="bbox 1937 1955 3510 2031">
     <span class='ocr_line' id='line_1_49' title="bbox 1937 1955 3510 2031; baseline 0.006 -22"><span class='ocrx_word' id='word_1_388' title='bbox 1937 1955 2281 2022; x_wconf 85' lang='lat' dir='ltr'><strong>insidientur,</strong></span> <span class='ocrx_word' id='word_1_389' title='bbox 2359 1959 2567 2029; x_wconf 89' lang='lat' dir='ltr'><strong>seipsos</strong></span> <span class='ocrx_word' id='word_1_390' title='bbox 2617 1961 2800 2030; x_wconf 88' lang='lat' dir='ltr'><strong>potius</strong></span> <span class='ocrx_word' id='word_1_391' title='bbox 2869 1963 3239 2031; x_wconf 80' lang='lat' dir='ltr'><strong>imprudentes</strong></span> <span class='ocrx_word' id='word_1_392' title='bbox 3295 1965 3510 2020; x_wconf 66' lang='lat' dir='ltr'><strong>laedere.</strong></span> 
     </span>
    </p>
   </div>
   <div class='ocr_carea' id='block_1_50' title="bbox 1941 2044 3523 2118">
    <p class='ocr_par' dir='ltr' id='par_1_50' title="bbox 1941 2044 3523 2118">
     <span class='ocr_line' id='line_1_50' title="bbox 1941 2044 3523 2118; baseline 0.008 -20"><span class='ocrx_word' id='word_1_393' title='bbox 1941 2044 2028 2100; x_wconf 92' lang='lat'><strong>18.</strong></span> <span class='ocrx_word' id='word_1_394' title='bbox 2049 2047 2122 2101; x_wconf 90' lang='lat' dir='ltr'><strong>De</strong></span> <span class='ocrx_word' id='word_1_395' title='bbox 2139 2047 2373 2102; x_wconf 90' lang='lat' dir='ltr'><strong>nominis</strong></span> <span class='ocrx_word' id='word_1_396' title='bbox 2391 2049 2581 2118; x_wconf 79' lang='lat' dir='ltr'><strong>gloria.</strong></span> <span class='ocrx_word' id='word_1_397' title='bbox 2602 2050 2688 2106; x_wconf 88' lang='lat'><strong>19.</strong></span> <span class='ocrx_word' id='word_1_398' title='bbox 2721 2051 2795 2105; x_wconf 90' lang='lat' dir='ltr'><strong>De</strong></span> <span class='ocrx_word' id='word_1_399' title='bbox 2833 2050 3000 2108; x_wconf 83' lang='lat' dir='ltr'><strong>fama.</strong></span> <span class='ocrx_word' id='word_1_400' title='bbox 3028 2052 3118 2109; x_wconf 83' lang='lat'><strong>20.</strong></span> <span class='ocrx_word' id='word_1_401' title='bbox 3152 2053 3364 2109; x_wconf 81' lang='lat' dir='ltr'><strong>Modum</strong></span> <span class='ocrx_word' id='word_1_402' title='bbox 3395 2070 3523 2110; x_wconf 84' lang='lat' dir='ltr'><strong>esse</strong></span> 
     </span>
    </p>
   </div>
   <div class='ocr_carea' id='block_1_51' title="bbox 1939 2139 3517 2214">
    <p class='ocr_par' dir='ltr' id='par_1_51' title="bbox 1939 2139 3517 2214">
     <span class='ocr_line' id='line_1_51' title="bbox 1939 2139 3517 2214; baseline 0.006 -24"><span class='ocrx_word' id='word_1_403' title='bbox 1939 2139 2221 2206; x_wconf 89' lang='lat' dir='ltr'><strong>optimum.</strong></span> <span class='ocrx_word' id='word_1_404' title='bbox 2255 2139 2346 2193; x_wconf 83' lang='lat'><strong>21.</strong></span> <span class='ocrx_word' id='word_1_405' title='bbox 2372 2139 2642 2196; x_wconf 76' lang='lat' dir='ltr'><strong>Virtutem</strong></span> <span class='ocrx_word' id='word_1_406' title='bbox 2692 2158 2836 2211; x_wconf 64' lang='lat' dir='ltr'><strong>aegre</strong></span> <span class='ocrx_word' id='word_1_407' title='bbox 2874 2145 3052 2214; x_wconf 88' lang='lat' dir='ltr'><strong>parari</strong></span> <span class='ocrx_word' id='word_1_408' title='bbox 3089 2163 3103 2200; x_wconf 77' lang='grc' dir='ltr'><strong>ι</strong></span> <span class='ocrx_word' id='word_1_409' title='bbox 3151 2147 3340 2201; x_wconf 88' lang='lat' dir='ltr'><strong>vitium</strong></span> <span class='ocrx_word' id='word_1_410' title='bbox 3387 2163 3517 2200; x_wconf 84' lang='lat' dir='ltr'><strong>con-</strong></span> 
     </span>
    </p>
   </div>
   <div class='ocr_carea' id='block_1_52' title="bbox 1944 2229 3521 2309">
    <p class='ocr_par' dir='ltr' id='par_1_52' title="bbox 1944 2229 3521 2309">
     <span class='ocr_line' id='line_1_52' title="bbox 1944 2229 3521 2309; baseline 0.008 -28"><span class='ocrx_word' id='word_1_411' title='bbox 1944 2237 2025 2282; x_wconf 89' lang='lat' dir='ltr'><strong>tra</strong></span> <span class='ocrx_word' id='word_1_412' title='bbox 2051 2229 2209 2286; x_wconf 78' lang='lat' dir='ltr'><strong>facile</strong></span> <span class='ocrx_word' id='word_1_413' title='bbox 2232 2233 2464 2302; x_wconf 87' lang='lat' dir='ltr'><strong>acquiri.</strong></span> <span class='ocrx_word' id='word_1_414' title='bbox 2488 2234 2577 2289; x_wconf 84' lang='lat'><strong>22.</strong></span> <span class='ocrx_word' id='word_1_415' title='bbox 2597 2236 2716 2289; x_wconf 89' lang='lat' dir='ltr'><strong>Non</strong></span> <span class='ocrx_word' id='word_1_416' title='bbox 2741 2245 2994 2304; x_wconf 84' lang='lat' dir='ltr'><strong>oportere</strong></span> <span class='ocrx_word' id='word_1_417' title='bbox 3019 2238 3306 2292; x_wconf 83' lang='lat' dir='ltr'><strong>stultorum</strong></span> <span class='ocrx_word' id='word_1_418' title='bbox 3326 2238 3521 2309; x_wconf 79' lang='lat' dir='ltr'><strong>judicii</strong></span> 
     </span>
    </p>
   </div>
   <div class='ocr_carea' id='block_1_53' title="bbox 1940 2324 3520 2403">
    <p class='ocr_par' dir='ltr' id='par_1_53' title="bbox 1940 2324 3520 2403">
     <span class='ocr_line' id='line_1_53' title="bbox 1940 2324 3520 2403; baseline 0.007 -28"><span class='ocrx_word' id='word_1_419' title='bbox 1940 2324 2206 2378; x_wconf 86' lang='lat' dir='ltr'><strong>rationem</strong></span> <span class='ocrx_word' id='word_1_420' title='bbox 2256 2327 2476 2382; x_wconf 89' lang='lat' dir='ltr'><strong>habere.</strong></span> <span class='ocrx_word' id='word_1_421' title='bbox 2519 2328 2610 2382; x_wconf 84' lang='grc'><strong>25.</strong></span> <span class='ocrx_word' id='word_1_422' title='bbox 2677 2327 2974 2384; x_wconf 90' lang='lat' dir='ltr'><strong>Fictiouem</strong></span> <span class='ocrx_word' id='word_1_423' title='bbox 3021 2330 3135 2386; x_wconf 89' lang='lat' dir='ltr'><strong>sive</strong></span> <span class='ocrx_word' id='word_1_424' title='bbox 3179 2331 3520 2403; x_wconf 85' lang='lat' dir='ltr'><strong>hypocrisin,</strong></span> 
     </span>
    </p>
   </div>
   <div class='ocr_carea' id='block_1_54' title="bbox 1939 2415 3520 2493">
    <p class='ocr_par' dir='ltr' id='par_1_54' title="bbox 1939 2415 3520 2493">
     <span class='ocr_line' id='line_1_54' title="bbox 1939 2415 3520 2493; baseline 0.008 -28"><span class='ocrx_word' id='word_1_425' title='bbox 1939 2429 2058 2482; x_wconf 66' lang='lat' dir='ltr'><strong>quae</strong></span> <span class='ocrx_word' id='word_1_426' title='bbox 2096 2430 2200 2467; x_wconf 91' lang='lat' dir='ltr'><strong>non</strong></span> <span class='ocrx_word' id='word_1_427' title='bbox 2239 2415 2306 2470; x_wconf 90' lang='lat' dir='ltr'><strong>iis</strong></span> <span class='ocrx_word' id='word_1_428' title='bbox 2355 2426 2561 2471; x_wconf 90' lang='lat' dir='ltr'><strong>tantum</strong></span> <span class='ocrx_word' id='word_1_429' title='bbox 2596 2420 2732 2486; x_wconf 88' lang='lat' dir='ltr'><strong>apud</strong></span> <span class='ocrx_word' id='word_1_430' title='bbox 2767 2436 2902 2488; x_wconf 86' lang='lat' dir='ltr'><strong>quos</strong></span> <span class='ocrx_word' id='word_1_431' title='bbox 2917 2432 3225 2488; x_wconf 82' lang='lat' dir='ltr'><strong>exercetur,</strong></span> <span class='ocrx_word' id='word_1_432' title='bbox 3257 2424 3353 2477; x_wconf 86' lang='lat' dir='ltr'><strong>sed</strong></span> <span class='ocrx_word' id='word_1_433' title='bbox 3391 2426 3520 2493; x_wconf 84' lang='lat' dir='ltr'><strong>ipsis</strong></span> 
     </span>
    </p>
   </div>
   <div class='ocr_carea' id='block_1_55' title="bbox 1939 2506 3515 2583">
    <p class='ocr_par' dir='ltr' id='par_1_55' title="bbox 1939 2506 3515 2583">
     <span class='ocr_line' id='line_1_55' title="bbox 1939 2506 3515 2583; baseline 0.008 -27"><span class='ocrx_word' id='word_1_434' title='bbox 1939 2520 2154 2574; x_wconf 89' lang='lat' dir='ltr'><strong>quoque</strong></span> <span class='ocrx_word' id='word_1_435' title='bbox 2184 2506 2508 2574; x_wconf 81' lang='lat' dir='ltr'><strong>ﬁngentibus</strong></span> <span class='ocrx_word' id='word_1_436' title='bbox 2545 2519 2724 2573; x_wconf 90' lang='lat' dir='ltr'><strong>nocet,</strong></span> <span class='ocrx_word' id='word_1_437' title='bbox 2752 2525 2819 2565; x_wconf 75' lang='lat' dir='ltr'><strong>ex</strong></span> <span class='ocrx_word' id='word_1_438' title='bbox 2844 2513 3026 2565; x_wconf 86' lang='lat' dir='ltr'><strong>animo</strong></span> <span class='ocrx_word' id='word_1_439' title='bbox 3044 2528 3165 2568; x_wconf 83' lang='lat' dir='ltr'><strong>esse</strong></span> <span class='ocrx_word' id='word_1_440' title='bbox 3191 2515 3515 2583; x_wconf 83' lang='lat' dir='ltr'><strong>pelleutlant.</strong></span> 
     </span>
    </p>
   </div>
   <div class='ocr_carea' id='block_1_56' title="bbox 1938 2598 3521 2677">
    <p class='ocr_par' dir='ltr' id='par_1_56' title="bbox 1938 2598 3521 2677">
     <span class='ocr_line' id='line_1_56' title="bbox 1938 2598 3521 2677; baseline 0.006 -25"><span class='ocrx_word' id='word_1_441' title='bbox 1938 2598 2029 2652; x_wconf 83' lang='grc'><strong>24.</strong></span> <span class='ocrx_word' id='word_1_442' title='bbox 2083 2599 2472 2655; x_wconf 83' lang='lat' dir='ltr'><strong>Curiositatetn</strong></span> <span class='ocrx_word' id='word_1_443' title='bbox 2542 2617 2661 2656; x_wconf 86' lang='lat' dir='ltr'><strong>esse</strong></span> <span class='ocrx_word' id='word_1_444' title='bbox 2710 2604 2984 2657; x_wconf 84' lang='lat' dir='ltr'><strong>vitandam</strong></span> <span class='ocrx_word' id='word_1_445' title='bbox 3048 2605 3160 2677; x_wconf 82' lang='lat'><strong>(50)</strong></span> <span class='ocrx_word' id='word_1_446' title='bbox 3215 2625 3228 2661; x_wconf 89' lang='lat'><strong>:</strong></span> <span class='ocrx_word' id='word_1_447' title='bbox 3276 2607 3521 2676; x_wconf 68' lang='lat' dir='ltr'><strong>praabere</strong></span> 
     </span>
    </p>
   </div>
   <div class='ocr_carea' id='block_1_57' title="bbox 1939 2693 3524 2772">
    <p class='ocr_par' dir='ltr' id='par_1_57' title="bbox 1939 2693 3524 2772">
     <span class='ocr_line' id='line_1_57' title="bbox 1939 2693 3524 2772; baseline 0.005 -26"><span class='ocrx_word' id='word_1_448' title='bbox 1939 2693 2082 2746; x_wconf 89' lang='lat' dir='ltr'><strong>enim</strong></span> <span class='ocrx_word' id='word_1_449' title='bbox 2118 2709 2309 2747; x_wconf 84' lang='lat' dir='ltr'><strong>ansam</strong></span> <span class='ocrx_word' id='word_1_450' title='bbox 2340 2695 2576 2760; x_wconf 68' lang='lat' dir='ltr'><strong>invidiw,</strong></span> <span class='ocrx_word' id='word_1_451' title='bbox 2596 2705 2759 2765; x_wconf 86' lang='lat' dir='ltr'><strong>atque</strong></span> <span class='ocrx_word' id='word_1_452' title='bbox 2777 2699 3062 2754; x_wconf 72' lang='lat' dir='ltr'><strong>calumniae</strong></span> <span class='ocrx_word' id='word_1_453' title='bbox 3092 2697 3228 2772; x_wconf 82' lang='lat'><strong>(51).</strong></span> <span class='ocrx_word' id='word_1_454' title='bbox 3256 2701 3346 2755; x_wconf 82' lang='grc'><strong>25.</strong></span> <span class='ocrx_word' id='word_1_455' title='bbox 3369 2699 3524 2769; x_wconf 88' lang='lat' dir='ltr'><strong>Opti-</strong></span> 
     </span>
    </p>
   </div>
   <div class='ocr_carea' id='block_1_58' title="bbox 1943 2786 3516 2859">
    <p class='ocr_par' dir='ltr' id='par_1_58' title="bbox 1943 2786 3516 2859">
     <span class='ocr_line' id='line_1_58' title="bbox 1943 2786 3516 2859; baseline 0.006 -24"><span class='ocrx_word' id='word_1_456' title='bbox 1943 2797 2090 2835; x_wconf 91' lang='lat' dir='ltr'><strong>mum</strong></span> <span class='ocrx_word' id='word_1_457' title='bbox 2149 2799 2270 2838; x_wconf 88' lang='lat' dir='ltr'><strong>esse</strong></span> <span class='ocrx_word' id='word_1_458' title='bbox 2317 2786 2662 2854; x_wconf 87' lang='lat' dir='ltr'><strong>resipiscere,</strong></span> <span class='ocrx_word' id='word_1_459' title='bbox 2695 2787 2747 2840; x_wconf 90' lang='lat' dir='ltr'><strong>in</strong></span> <span class='ocrx_word' id='word_1_460' title='bbox 2793 2787 2990 2856; x_wconf 87' lang='lat' dir='ltr'><strong>quibus</strong></span> <span class='ocrx_word' id='word_1_461' title='bbox 3038 2789 3155 2858; x_wconf 91' lang='lat' dir='ltr'><strong>ipse</strong></span> <span class='ocrx_word' id='word_1_462' title='bbox 3199 2791 3516 2859; x_wconf 84' lang='lat' dir='ltr'><strong>deliqueris.</strong></span> 
     </span>
    </p>
   </div>
   <div class='ocr_carea' id='block_1_59' title="bbox 1940 2869 3528 2934">
    <p class='ocr_par' dir='ltr' id='par_1_59' title="bbox 1940 2869 3528 2934">
     <span class='ocr_line' id='line_1_59' title="bbox 1940 2869 3528 2934; baseline 0.006 -10"><span class='ocrx_word' id='word_1_463' title='bbox 1940 2869 2031 2924; x_wconf 85' lang='lat'><strong>26.</strong></span> <span class='ocrx_word' id='word_1_464' title='bbox 2066 2869 2385 2925; x_wconf 89' lang='lat' dir='ltr'><strong>Convicinm</strong></span> <span class='ocrx_word' id='word_1_465' title='bbox 2428 2875 2649 2929; x_wconf 89' lang='lat' dir='ltr'><strong>minime</strong></span> <span class='ocrx_word' id='word_1_466' title='bbox 2682 2891 2804 2930; x_wconf 87' lang='lat' dir='ltr'><strong>esse</strong></span> <span class='ocrx_word' id='word_1_467' title='bbox 2845 2876 3069 2932; x_wconf 89' lang='lat' dir='ltr'><strong>bonum.</strong></span> <span class='ocrx_word' id='word_1_468' title='bbox 3104 2880 3193 2933; x_wconf 83' lang='grc'><strong>27.</strong></span> <span class='ocrx_word' id='word_1_469' title='bbox 3243 2878 3299 2933; x_wconf 91' lang='lat' dir='ltr'><strong>In</strong></span> <span class='ocrx_word' id='word_1_470' title='bbox 3341 2882 3528 2934; x_wconf 74' lang='lat' dir='ltr'><strong>convi-</strong></span> 
     </span>
    </p>
   </div>
   <div class='ocr_carea' id='block_1_60' title="bbox 1941 2967 3530 3046">
    <p class='ocr_par' dir='ltr' id='par_1_60' title="bbox 1941 2967 3530 3046">
     <span class='ocr_line' id='line_1_60' title="bbox 1941 2967 3530 3046; baseline 0.006 -24"><span class='ocrx_word' id='word_1_471' title='bbox 1941 2967 2135 3022; x_wconf 88' lang='lat' dir='ltr'><strong>ciando</strong></span> <span class='ocrx_word' id='word_1_472' title='bbox 2159 2969 2634 3036; x_wconf 83' lang='lat' dir='ltr'><strong>considerandum,</strong></span> <span class='ocrx_word' id='word_1_473' title='bbox 2665 2989 2731 3026; x_wconf 89' lang='lat' dir='ltr'><strong>ne</strong></span> <span class='ocrx_word' id='word_1_474' title='bbox 2761 2974 2812 3026; x_wconf 92' lang='lat' dir='ltr'><strong>in</strong></span> <span class='ocrx_word' id='word_1_475' title='bbox 2847 2974 3035 3028; x_wconf 88' lang='lat' dir='ltr'><strong>eadem</strong></span> <span class='ocrx_word' id='word_1_476' title='bbox 3064 2975 3164 3043; x_wconf 88' lang='lat' dir='ltr'><strong>ipsi</strong></span> <span class='ocrx_word' id='word_1_477' title='bbox 3191 2977 3530 3046; x_wconf 86' lang='lat' dir='ltr'><strong>quandoque</strong></span> 
     </span>
    </p>
   </div>
   <div class='ocr_carea' id='block_1_61' title="bbox 1943 3060 3530 3138">
    <p class='ocr_par' dir='ltr' id='par_1_61' title="bbox 1943 3060 3530 3138">
     <span class='ocr_line' id='line_1_61' title="bbox 1943 3060 3530 3138; baseline 0.004 -24"><span class='ocrx_word' id='word_1_478' title='bbox 1943 3071 2121 3115; x_wconf 88' lang='lat' dir='ltr'><strong>errata</strong></span> <span class='ocrx_word' id='word_1_479' title='bbox 2157 3060 2529 3118; x_wconf 86' lang='lat' dir='ltr'><strong>iuciderimus.</strong></span> <span class='ocrx_word' id='word_1_480' title='bbox 2551 3065 2642 3120; x_wconf 88' lang='lat'><strong>28.</strong></span> <span class='ocrx_word' id='word_1_481' title='bbox 2663 3063 2739 3118; x_wconf 88' lang='lat' dir='ltr'><strong>De</strong></span> <span class='ocrx_word' id='word_1_482' title='bbox 2764 3065 2886 3120; x_wconf 68' lang='lat' dir='ltr'><strong>vitae</strong></span> <span class='ocrx_word' id='word_1_483' title='bbox 2921 3070 3263 3122; x_wconf 86' lang='lat' dir='ltr'><strong>necessitate.</strong></span> <span class='ocrx_word' id='word_1_484' title='bbox 3296 3067 3389 3123; x_wconf 87' lang='lat'><strong>29.</strong></span> <span class='ocrx_word' id='word_1_485' title='bbox 3415 3067 3530 3138; x_wconf 87' lang='lat' dir='ltr'><strong>0p-</strong></span> 
     </span>
    </p>
   </div>
   <div class='ocr_carea' id='block_1_62' title="bbox 232 3145 1836 3236">
    <p class='ocr_par' dir='ltr' id='par_1_62' title="bbox 232 3145 1836 3220">
     <span class='ocr_line' id='line_1_62' title="bbox 232 3145 1836 3220; baseline 0.004 -23"><span class='ocrx_word' id='word_1_486' title='bbox 232 3145 405 3199; x_wconf 82' lang='grc' dir='ltr'>λιστα</span> <span class='ocrx_word' id='word_1_487' title='bbox 432 3150 544 3206; x_wconf 82' lang='grc' dir='ltr'>τοῖς</span> <span class='ocrx_word' id='word_1_488' title='bbox 576 3148 808 3218; x_wconf 77' lang='grc' dir='ltr'>ἄφροσι·</span> <span class='ocrx_word' id='word_1_489' title='bbox 845 3152 976 3220; x_wconf 75' lang='grc' dir='ltr'>περὶ</span> <span class='ocrx_word' id='word_1_490' title='bbox 1004 3151 1228 3220; x_wconf 83' lang='grc' dir='ltr'>ἀγωγῆς</span> <span class='ocrx_word' id='word_1_491' title='bbox 1259 3153 1352 3204; x_wconf 76' lang='grc' dir='ltr'>καὶ</span> <span class='ocrx_word' id='word_1_492' title='bbox 1371 3152 1414 3183; x_wconf 66' lang='grc'><strong>’⁵⁵</strong></span> <span class='ocrx_word' id='word_1_493' title='bbox 1444 3151 1725 3214; x_wconf 84' lang='grc' dir='ltr'>παιδείας·</span> <span class='ocrx_word' id='word_1_494' title='bbox 1761 3151 1836 3220; x_wconf 62' lang='grc' dir='ltr'><strong>ὅτι</strong></span> 
     </span>
    </p>
   </div>
   <div class='ocr_carea' id='block_1_63' title="bbox 1939 3145 3530 3236">
    <p class='ocr_par' dir='ltr' id='par_1_63' title="bbox 1949 3158 3530 3235">
     <span class='ocr_line' id='line_1_63' title="bbox 1949 3158 3530 3235; baseline -0.004 -17"><span class='ocrx_word' id='word_1_495' title='bbox 1949 3174 2183 3235; x_wconf 89' lang='lat' dir='ltr'><strong>portune</strong></span> <span class='ocrx_word' id='word_1_496' title='bbox 2210 3178 2296 3218; x_wconf 81' lang='lat' dir='ltr'><strong>res</strong></span> <span class='ocrx_word' id='word_1_497' title='bbox 2331 3163 2414 3232; x_wconf 89' lang='lat' dir='ltr'><strong>agi</strong></span> <span class='ocrx_word' id='word_1_498' title='bbox 2445 3159 2664 3215; x_wconf 88' lang='lat' dir='ltr'><strong>debere.</strong></span> <span class='ocrx_word' id='word_1_499' title='bbox 2690 3158 2779 3213; x_wconf 86' lang='grc'><strong>50.</strong></span> <span class='ocrx_word' id='word_1_500' title='bbox 2809 3159 2886 3212; x_wconf 90' lang='lat' dir='ltr'><strong>De</strong></span> <span class='ocrx_word' id='word_1_501' title='bbox 2917 3158 3231 3212; x_wconf 79' lang='lat' dir='ltr'><strong>voluntate:</strong></span> <span class='ocrx_word' id='word_1_502' title='bbox 3257 3173 3363 3213; x_wconf 90' lang='lat' dir='ltr'><strong>non</strong></span> <span class='ocrx_word' id='word_1_503' title='bbox 3401 3173 3530 3214; x_wconf 86' lang='lat' dir='ltr'><strong>esse</strong></span> 
     </span>
    </p>
   </div>
   <div class='ocr_carea' id='block_1_64' title="bbox 233 3237 1838 3315">
    <p class='ocr_par' dir='ltr' id='par_1_64' title="bbox 233 3237 1838 3315">
     <span class='ocr_line' id='line_1_64' title="bbox 233 3237 1838 3315; baseline 0.003 -24"><span class='ocrx_word' id='word_1_504' title='bbox 233 3237 533 3292; x_wconf 70' lang='grc' dir='ltr'>κάλλιστον</span> <span class='ocrx_word' id='word_1_505' title='bbox 553 3240 587 3310; x_wconf 80' lang='grc' dir='ltr'><strong>ἡ</strong></span> <span class='ocrx_word' id='word_1_506' title='bbox 611 3239 763 3308; x_wconf 84' lang='grc' dir='ltr'>φιλία</span> <span class='ocrx_word' id='word_1_507' title='bbox 793 3239 904 3293; x_wconf 80' lang='grc' dir='ltr'>τῶν</span> <span class='ocrx_word' id='word_1_508' title='bbox 929 3239 1150 3309; x_wconf 82' lang='grc' dir='ltr'>ἀγαθῶν</span> <span class='ocrx_word' id='word_1_509' title='bbox 1173 3258 1188 3272; x_wconf 88' lang='grc'><strong>·</strong></span> <span class='ocrx_word' id='word_1_510' title='bbox 1226 3241 1354 3315; x_wconf 84' lang='grc'><strong>[569</strong></span> <span class='ocrx_word' id='word_1_511' title='bbox 1379 3243 1578 3315; x_wconf 69' lang='lat' dir='ltr'><strong>R.]61:t</strong></span> <span class='ocrx_word' id='word_1_512' title='bbox 1600 3246 1633 3314; x_wconf 89' lang='grc' dir='ltr'><strong>ή</strong></span> <span class='ocrx_word' id='word_1_513' title='bbox 1654 3243 1838 3314; x_wconf 86' lang='grc' dir='ltr'>ὁμοιό-</span> 
     </span>
    </p>
   </div>
   <div class='ocr_carea' id='block_1_65' title="bbox 231 3328 1836 3410">
    <p class='ocr_par' dir='ltr' id='par_1_65' title="bbox 231 3328 1836 3410">
     <span class='ocr_line' id='line_1_65' title="bbox 231 3328 1836 3410; baseline 0.005 -28"><span class='ocrx_word' id='word_1_514' title='bbox 231 3345 335 3400; x_wconf 88' lang='grc' dir='ltr'><strong>της</strong></span> <span class='ocrx_word' id='word_1_515' title='bbox 364 3328 475 3384; x_wconf 83' lang='grc' dir='ltr'>τῶν</span> <span class='ocrx_word' id='word_1_516' title='bbox 497 3331 717 3401; x_wconf 73' lang='grc' dir='ltr'>τρόπων</span> <span class='ocrx_word' id='word_1_517' title='bbox 746 3335 844 3403; x_wconf 81' lang='grc' dir='ltr'>τὴν</span> <span class='ocrx_word' id='word_1_518' title='bbox 866 3332 908 3364; x_wconf 71' lang='grc'><strong>⁸⁸</strong></span> <span class='ocrx_word' id='word_1_519' title='bbox 943 3333 1125 3403; x_wconf 83' lang='grc' dir='ltr'>φιλίαν</span> <span class='ocrx_word' id='word_1_520' title='bbox 1149 3336 1524 3405; x_wconf 77' lang='grc' dir='ltr'>ἀπεργάζεται</span> <span class='ocrx_word' id='word_1_521' title='bbox 1549 3354 1562 3367; x_wconf 80' lang='grc'><strong><em>⁸</em></strong></span> <span class='ocrx_word' id='word_1_522' title='bbox 1595 3337 1722 3410; x_wconf 73' lang='grc'><strong>[192</strong></span> <span class='ocrx_word' id='word_1_523' title='bbox 1741 3335 1836 3410; x_wconf 71' lang='lat'><strong>[1.]</strong></span> 
     </span>
    </p>
   </div>
   <div class='ocr_carea' id='block_1_66' title="bbox 233 3423 1839 3502">
    <p class='ocr_par' dir='ltr' id='par_1_66' title="bbox 233 3423 1839 3502">
     <span class='ocr_line' id='line_1_66' title="bbox 233 3423 1839 3502; baseline 0.006 -27"><span class='ocrx_word' id='word_1_524' title='bbox 233 3423 318 3475; x_wconf 68' lang='grc' dir='ltr'>ὅτι</span> <span class='ocrx_word' id='word_1_525' title='bbox 353 3423 466 3492; x_wconf 70' lang='grc' dir='ltr'>χρὴ</span> <span class='ocrx_word' id='word_1_526' title='bbox 498 3424 558 3474; x_wconf 86' lang='grc' dir='ltr'>ὲν</span> <span class='ocrx_word' id='word_1_527' title='bbox 590 3425 712 3486; x_wconf 83' lang='grc' dir='ltr'>ταῖς</span> <span class='ocrx_word' id='word_1_528' title='bbox 739 3423 1054 3495; x_wconf 85' lang='grc' dir='ltr'>δυστυχίαις</span> <span class='ocrx_word' id='word_1_529' title='bbox 1085 3427 1180 3479; x_wconf 79' lang='grc' dir='ltr'>καὶ</span> <span class='ocrx_word' id='word_1_530' title='bbox 1206 3431 1318 3491; x_wconf 88' lang='grc' dir='ltr'>τοῖς</span> <span class='ocrx_word' id='word_1_531' title='bbox 1343 3429 1608 3493; x_wconf 82' lang='grc' dir='ltr'>κινδύνοις</span> <span class='ocrx_word' id='word_1_532' title='bbox 1632 3431 1706 3502; x_wconf 86' lang='grc' dir='ltr'>μὴ</span> <span class='ocrx_word' id='word_1_533' title='bbox 1739 3450 1839 3485; x_wconf 85' lang='grc' dir='ltr'>πε-</span> 
     </span>
    </p>
   </div>
   <div class='ocr_carea' id='block_1_67' title="bbox 239 3513 1835 3591">
    <p class='ocr_par' dir='ltr' id='par_1_67' title="bbox 239 3513 1835 3591">
     <span class='ocr_line' id='line_1_67' title="bbox 239 3513 1835 3591; baseline 0.008 -27"><span class='ocrx_word' id='word_1_534' title='bbox 239 3515 434 3584; x_wconf 77' lang='grc' dir='ltr'>ριορᾷν</span> <span class='ocrx_word' id='word_1_535' title='bbox 460 3513 590 3578; x_wconf 73' lang='grc' dir='ltr'>τοὺς</span> <span class='ocrx_word' id='word_1_536' title='bbox 613 3515 794 3584; x_wconf 78' lang='grc' dir='ltr'>φίλους</span> <span class='ocrx_word' id='word_1_537' title='bbox 812 3531 825 3544; x_wconf 87' lang='grc'><strong>·</strong></span> <span class='ocrx_word' id='word_1_538' title='bbox 854 3517 936 3570; x_wconf 84' lang='grc' dir='ltr'>ὅτι</span> <span class='ocrx_word' id='word_1_539' title='bbox 965 3517 1024 3570; x_wconf 90' lang='grc' dir='ltr'><strong>οὐ</strong></span> <span class='ocrx_word' id='word_1_540' title='bbox 1053 3519 1157 3589; x_wconf 80' lang='grc' dir='ltr'>χρὴ</span> <span class='ocrx_word' id='word_1_541' title='bbox 1180 3520 1485 3574; x_wconf 81' lang='grc' dir='ltr'>συναδικεῖν</span> <span class='ocrx_word' id='word_1_542' title='bbox 1508 3524 1619 3584; x_wconf 80' lang='grc' dir='ltr'>τοῖς</span> <span class='ocrx_word' id='word_1_543' title='bbox 1640 3524 1835 3591; x_wconf 74' lang='grc' dir='ltr'>φίλοιςσ</span> 
     </span>
    </p>
   </div>
   <div class='ocr_carea' id='block_1_68' title="bbox 235 3607 1840 3686">
    <p class='ocr_par' dir='ltr' id='par_1_68' title="bbox 235 3607 1840 3686">
     <span class='ocr_line' id='line_1_68' title="bbox 235 3607 1840 3686; baseline 0.007 -29"><span class='ocrx_word' id='word_1_544' title='bbox 235 3608 370 3676; x_wconf 84' lang='grc' dir='ltr'>περὶ</span> <span class='ocrx_word' id='word_1_545' title='bbox 402 3607 645 3676; x_wconf 86' lang='grc' dir='ltr'>γνησίων</span> <span class='ocrx_word' id='word_1_546' title='bbox 659 3607 703 3638; x_wconf 67' lang='grc'><strong>⁵⁸</strong></span> <span class='ocrx_word' id='word_1_547' title='bbox 731 3607 826 3661; x_wconf 65' lang='grc' dir='ltr'><strong>κα)⁵</strong></span> <span class='ocrx_word' id='word_1_548' title='bbox 855 3609 1128 3664; x_wconf 89' lang='grc' dir='ltr'>ἀϐεϐαίων</span> <span class='ocrx_word' id='word_1_549' title='bbox 1155 3611 1324 3681; x_wconf 87' lang='grc' dir='ltr'>φίλων</span> <span class='ocrx_word' id='word_1_550' title='bbox 1345 3629 1356 3641; x_wconf 81' lang='lat'><strong><em>°</em></strong></span> <span class='ocrx_word' id='word_1_551' title='bbox 1381 3613 1463 3686; x_wconf 82' lang='grc' dir='ltr'>ὅτι</span> <span class='ocrx_word' id='word_1_552' title='bbox 1491 3615 1598 3685; x_wconf 79' lang='grc' dir='ltr'>χρὴ</span> <span class='ocrx_word' id='word_1_553' title='bbox 1619 3617 1840 3686; x_wconf 83' lang='grc' dir='ltr'>ταχείας</span> 
     </span>
    </p>
   </div>
   <div class='ocr_carea' id='block_1_69' title="bbox 233 3685 1840 3778">
    <p class='ocr_par' dir='ltr' id='par_1_69' title="bbox 233 3685 1840 3778">
     <span class='ocr_line' id='line_1_69' title="bbox 233 3685 1840 3778; baseline 0.006 -27"><span class='ocrx_word' id='word_1_554' title='bbox 233 3700 521 3753; x_wconf 80' lang='grc' dir='ltr'>ποιεῖσθαι</span> <span class='ocrx_word' id='word_1_555' title='bbox 551 3701 652 3763; x_wconf 80' lang='grc' dir='ltr'>τὰς</span> <span class='ocrx_word' id='word_1_556' title='bbox 688 3700 822 3769; x_wconf 84' lang='grc' dir='ltr'>πρὸς</span> <span class='ocrx_word' id='word_1_557' title='bbox 854 3702 981 3764; x_wconf 81' lang='grc' dir='ltr'>τοὺς</span> <span class='ocrx_word' id='word_1_558' title='bbox 1015 3702 1203 3771; x_wconf 86' lang='grc' dir='ltr'>φίλους</span> <span class='ocrx_word' id='word_1_559' title='bbox 1230 3685 1541 3773; x_wconf 68' lang='grc' dir='ltr'>διαλλαγὰς,</span> <span class='ocrx_word' id='word_1_560' title='bbox 1565 3706 1633 3760; x_wconf 83' lang='grc' dir='ltr'>τὰ</span> <span class='ocrx_word' id='word_1_561' title='bbox 1661 3685 1840 3778; x_wconf 81' lang='grc' dir='ltr'>ἀμαρ-</span> 
     </span>
    </p>
   </div>
   <div class='ocr_carea' id='block_1_70' title="bbox 232 3793 1837 3873">
    <p class='ocr_par' dir='ltr' id='par_1_70' title="bbox 232 3793 1837 3873">
     <span class='ocr_line' id='line_1_70' title="bbox 232 3793 1837 3873; baseline 0.006 -29"><span class='ocrx_word' id='word_1_562' title='bbox 232 3795 464 3863; x_wconf 78' lang='grc' dir='ltr'>τήματα</span> <span class='ocrx_word' id='word_1_563' title='bbox 487 3793 673 3847; x_wconf 78' lang='grc' dir='ltr'>αὐτῶν</span> <span class='ocrx_word' id='word_1_564' title='bbox 699 3795 828 3864; x_wconf 81' lang='grc' dir='ltr'>ῥᾷον</span> <span class='ocrx_word' id='word_1_565' title='bbox 856 3795 1126 3873; x_wconf 58' lang='grc' dir='ltr'>φέροντας</span> <span class='ocrx_word' id='word_1_566' title='bbox 1155 3798 1294 3867; x_wconf 83' lang='grc' dir='ltr'>μετὰ</span> <span class='ocrx_word' id='word_1_567' title='bbox 1317 3801 1415 3868; x_wconf 84' lang='grc' dir='ltr'>τῆς</span> <span class='ocrx_word' id='word_1_568' title='bbox 1438 3800 1744 3871; x_wconf 84' lang='grc' dir='ltr'>ἀμνηστίας</span> <span class='ocrx_word' id='word_1_569' title='bbox 1758 3801 1802 3832; x_wconf 68' lang='grc'><strong>⁸⁷</strong></span> <span class='ocrx_word' id='word_1_570' title='bbox 1821 3817 1837 3834; x_wconf 79' lang='grc' dir='ltr'><strong><em>ο</em></strong></span> 
     </span>
    </p>
   </div>
   <div class='ocr_carea' id='block_1_71' title="bbox 243 3887 1844 3960">
    <p class='ocr_par' dir='ltr' id='par_1_71' title="bbox 243 3887 1844 3960">
     <span class='ocr_line' id='line_1_71' title="bbox 243 3887 1844 3960; baseline 0.004 -22"><span class='ocrx_word' id='word_1_571' title='bbox 243 3887 331 3938; x_wconf 73' lang='grc' dir='ltr'>ὅτι</span> <span class='ocrx_word' id='word_1_572' title='bbox 357 3889 414 3938; x_wconf 74' lang='grc' dir='ltr'>ὲν</span> <span class='ocrx_word' id='word_1_573' title='bbox 438 3889 564 3950; x_wconf 86' lang='grc' dir='ltr'>ταῖς</span> <span class='ocrx_word' id='word_1_574' title='bbox 598 3887 850 3958; x_wconf 83' lang='grc' dir='ltr'>ἀτυχίαις</span> <span class='ocrx_word' id='word_1_575' title='bbox 880 3890 1006 3952; x_wconf 73' lang='grc' dir='ltr'>τοὺς</span> <span class='ocrx_word' id='word_1_576' title='bbox 1033 3889 1293 3958; x_wconf 77' lang='grc' dir='ltr'>γνησίους</span> <span class='ocrx_word' id='word_1_577' title='bbox 1323 3891 1432 3942; x_wconf 85' lang='grc' dir='ltr'><strong>τῶν</strong></span> <span class='ocrx_word' id='word_1_578' title='bbox 1467 3890 1636 3959; x_wconf 86' lang='grc' dir='ltr'>φίλων</span> <span class='ocrx_word' id='word_1_579' title='bbox 1670 3892 1844 3960; x_wconf 88' lang='grc' dir='ltr'>διαγι-</span> 
     </span>
    </p>
   </div>
   <div class='ocr_carea' id='block_1_72' title="bbox 245 3979 1843 4054">
    <p class='ocr_par' dir='ltr' id='par_1_72' title="bbox 245 3979 1843 4054">
     <span class='ocr_line' id='line_1_72' title="bbox 245 3979 1843 4054; baseline 0.006 -26"><span class='ocrx_word' id='word_1_580' title='bbox 245 3979 559 4048; x_wconf 77' lang='grc' dir='ltr'>νώσκομεν·</span> <span class='ocrx_word' id='word_1_581' title='bbox 601 3979 792 4047; x_wconf 78' lang='grc' dir='ltr'>φιλικὰ</span> <span class='ocrx_word' id='word_1_582' title='bbox 835 3981 1276 4050; x_wconf 79' lang='grc' dir='ltr'>παραγγέλματα</span> <span class='ocrx_word' id='word_1_583' title='bbox 1303 3999 1316 4012; x_wconf 87' lang='grc'><strong>·</strong></span> <span class='ocrx_word' id='word_1_584' title='bbox 1350 3983 1477 4052; x_wconf 81' lang='grc' dir='ltr'>περὶ</span> <span class='ocrx_word' id='word_1_585' title='bbox 1523 3983 1721 4054; x_wconf 82' lang='grc' dir='ltr'>ἔχθρας</span> <span class='ocrx_word' id='word_1_586' title='bbox 1747 3983 1843 4037; x_wconf 71' lang='grc' dir='ltr'>καὶ</span> 
     </span>
    </p>
   </div>
   <div class='ocr_carea' id='block_1_73' title="bbox 237 4068 1844 4149">
    <p class='ocr_par' dir='ltr' id='par_1_73' title="bbox 237 4068 1844 4149">
     <span class='ocr_line' id='line_1_73' title="bbox 237 4068 1844 4149; baseline 0.004 -24"><span class='ocrx_word' id='word_1_587' title='bbox 237 4071 340 4125; x_wconf 74' lang='grc' dir='ltr'>τοῦ</span> <span class='ocrx_word' id='word_1_588' title='bbox 375 4073 563 4126; x_wconf 56' lang='grc' dir='ltr'>όωῖόν</span> <span class='ocrx_word' id='word_1_589' title='bbox 595 4080 717 4125; x_wconf 74' lang='grc' dir='ltr'>τινα</span> <span class='ocrx_word' id='word_1_590' title='bbox 740 4073 846 4145; x_wconf 81' lang='grc' dir='ltr'>χρὴ</span> <span class='ocrx_word' id='word_1_591' title='bbox 873 4068 1012 4127; x_wconf 80' lang='grc' dir='ltr'>εἶναι</span> <span class='ocrx_word' id='word_1_592' title='bbox 1031 4073 1076 4104; x_wconf 73' lang='grc'><strong>⁸⁸</strong></span> <span class='ocrx_word' id='word_1_593' title='bbox 1108 4075 1244 4146; x_wconf 87' lang='grc' dir='ltr'>πρὸς</span> <span class='ocrx_word' id='word_1_594' title='bbox 1272 4076 1398 4138; x_wconf 82' lang='grc' dir='ltr'>τοὺς</span> <span class='ocrx_word' id='word_1_595' title='bbox 1430 4077 1688 4147; x_wconf 76' lang='grc' dir='ltr'>ἐχθρούςο</span> <span class='ocrx_word' id='word_1_596' title='bbox 1716 4080 1844 4149; x_wconf 75' lang='grc' dir='ltr'>περὶ</span> 
     </span>
    </p>
   </div>
   <div class='ocr_carea' id='block_1_74' title="bbox 236 4163 1845 4238">
    <p class='ocr_par' dir='ltr' id='par_1_74' title="bbox 236 4163 1845 4238">
     <span class='ocr_line' id='line_1_74' title="bbox 236 4163 1845 4238; baseline 0.005 -22"><span class='ocrx_word' id='word_1_597' title='bbox 236 4163 331 4216; x_wconf 74' lang='grc' dir='ltr'>τοῦ</span> <span class='ocrx_word' id='word_1_598' title='bbox 373 4164 492 4228; x_wconf 83' lang='grc' dir='ltr'>πῶς</span> <span class='ocrx_word' id='word_1_599' title='bbox 525 4164 673 4216; x_wconf 78' lang='grc' dir='ltr'>ἐστιν</span> <span class='ocrx_word' id='word_1_600' title='bbox 702 4166 795 4218; x_wconf 87' lang='grc' dir='ltr'><strong>ἀπ’</strong></span> <span class='ocrx_word' id='word_1_601' title='bbox 827 4164 1038 4236; x_wconf 83' lang='grc' dir='ltr'>ἐχθρῶν</span> <span class='ocrx_word' id='word_1_602' title='bbox 1069 4166 1453 4238; x_wconf 80' lang='grc' dir='ltr'>ὠφεληθῆναι·</span> <span class='ocrx_word' id='word_1_603' title='bbox 1487 4169 1615 4238; x_wconf 80' lang='grc' dir='ltr'>περὶ</span> <span class='ocrx_word' id='word_1_604' title='bbox 1635 4170 1731 4223; x_wconf 79' lang='grc' dir='ltr'><strong>τοῦ</strong></span> <span class='ocrx_word' id='word_1_605' title='bbox 1753 4171 1845 4223; x_wconf 87' lang='grc' dir='ltr'>εὐ-</span> 
     </span>
    </p>
   </div>
   <div class='ocr_carea' id='block_1_75' title="bbox 235 4257 1845 4333">
    <p class='ocr_par' dir='ltr' id='par_1_75' title="bbox 235 4257 1845 4333">
     <span class='ocr_line' id='line_1_75' title="bbox 235 4257 1845 4333; baseline 0.003 -24"><span class='ocrx_word' id='word_1_606' title='bbox 235 4259 492 4326; x_wconf 74' lang='grc' dir='ltr'>εργετεῖν</span> <span class='ocrx_word' id='word_1_607' title='bbox 515 4272 529 4285; x_wconf 86' lang='grc'><em>’</em></span> <span class='ocrx_word' id='word_1_608' title='bbox 560 4258 644 4310; x_wconf 84' lang='grc' dir='ltr'>ὅτι</span> <span class='ocrx_word' id='word_1_609' title='bbox 681 4257 882 4327; x_wconf 73' lang='grc' dir='ltr'>μείζων</span> <span class='ocrx_word' id='word_1_610' title='bbox 909 4261 942 4329; x_wconf 85' lang='grc' dir='ltr'>ὴ</span> <span class='ocrx_word' id='word_1_611' title='bbox 971 4259 1132 4331; x_wconf 86' lang='grc' dir='ltr'>χάρις</span> <span class='ocrx_word' id='word_1_612' title='bbox 1160 4261 1217 4313; x_wconf 83' lang='grc' dir='ltr'>ἐν</span> <span class='ocrx_word' id='word_1_613' title='bbox 1240 4261 1418 4330; x_wconf 80' lang='grc' dir='ltr'>καιρῷ</span> <span class='ocrx_word' id='word_1_614' title='bbox 1441 4261 1654 4313; x_wconf 84' lang='grc' dir='ltr'>δοθεῖσα</span> <span class='ocrx_word' id='word_1_615' title='bbox 1673 4277 1686 4292; x_wconf 90' lang='grc'><strong>·</strong></span> <span class='ocrx_word' id='word_1_616' title='bbox 1715 4279 1845 4333; x_wconf 59' lang='grc' dir='ltr'>περὶ</span> 
     </span>
    </p>
   </div>
   <div class='ocr_carea' id='block_1_76' title="bbox 231 4348 1845 4423">
    <p class='ocr_par' dir='ltr' id='par_1_76' title="bbox 231 4348 1845 4423">
     <span class='ocr_line' id='line_1_76' title="bbox 231 4348 1845 4423; baseline 0.002 -21"><span class='ocrx_word' id='word_1_617' title='bbox 231 4349 332 4402; x_wconf 80' lang='grc' dir='ltr'>τοῦ</span> <span class='ocrx_word' id='word_1_618' title='bbox 359 4351 809 4419; x_wconf 57' lang='grc' dir='ltr'>ἀντευεργετεῖν</span> <span class='ocrx_word' id='word_1_619' title='bbox 835 4351 1058 4418; x_wconf 58' lang='grc' dir='ltr'>ὅτιτοὺς</span> <span class='ocrx_word' id='word_1_620' title='bbox 1079 4353 1350 4422; x_wconf 81' lang='grc' dir='ltr'>πονηροὺς</span> <span class='ocrx_word' id='word_1_621' title='bbox 1371 4352 1430 4404; x_wconf 90' lang='grc' dir='ltr'><strong>οὐ</strong></span> <span class='ocrx_word' id='word_1_622' title='bbox 1457 4353 1562 4423; x_wconf 77' lang='grc' dir='ltr'>χρὴ</span> <span class='ocrx_word' id='word_1_623' title='bbox 1586 4348 1646 4406; x_wconf 84' lang='grc' dir='ltr'>εὖ</span> <span class='ocrx_word' id='word_1_624' title='bbox 1672 4356 1845 4406; x_wconf 88' lang='grc' dir='ltr'>ποιεῖν</span> 
     </span>
    </p>
   </div>
   <div class='ocr_carea' id='block_1_77' title="bbox 233 4438 1846 4516">
    <p class='ocr_par' dir='ltr' id='par_1_77' title="bbox 233 4438 1846 4516">
     <span class='ocr_line' id='line_1_77' title="bbox 233 4438 1846 4516; baseline 0.004 -27"><span class='ocrx_word' id='word_1_625' title='bbox 233 4438 362 4491; x_wconf 73' lang='grc' dir='ltr'>οὐδὲ</span> <span class='ocrx_word' id='word_1_626' title='bbox 385 4439 521 4509; x_wconf 73' lang='grc' dir='ltr'>παρ’</span> <span class='ocrx_word' id='word_1_627' title='bbox 542 4438 719 4491; x_wconf 81' lang='grc' dir='ltr'>αὐτῶν</span> <span class='ocrx_word' id='word_1_628' title='bbox 743 4439 1169 4510; x_wconf 86' lang='grc' dir='ltr'>εὐεργετεῖσθαι,</span> <span class='ocrx_word' id='word_1_629' title='bbox 1186 4442 1280 4495; x_wconf 77' lang='grc' dir='ltr'>καὶ</span> <span class='ocrx_word' id='word_1_630' title='bbox 1301 4441 1360 4494; x_wconf 86' lang='grc' dir='ltr'>τὸ</span> <span class='ocrx_word' id='word_1_631' title='bbox 1387 4443 1694 4496; x_wconf 87' lang='grc' dir='ltr'>τελευταῖον</span> <span class='ocrx_word' id='word_1_632' title='bbox 1717 4444 1846 4516; x_wconf 79' lang='grc' dir='ltr'>περὶ</span> 
     </span>
    </p>
   </div>
   <div class='ocr_carea' id='block_1_78' title="bbox 235 4527 1660 4605">
    <p class='ocr_par' dir='ltr' id='par_1_78' title="bbox 235 4527 1660 4605">
     <span class='ocr_line' id='line_1_78' title="bbox 235 4527 1660 4605; baseline 0.006 -24"><span class='ocrx_word' id='word_1_633' title='bbox 235 4530 577 4602; x_wconf 72' lang='grc' dir='ltr'>ἀχαριστίας</span> <span class='ocrx_word' id='word_1_634' title='bbox 599 4531 663 4586; x_wconf 67' lang='lat'><strong>‘9.</strong></span> <span class='ocrx_word' id='word_1_635' title='bbox 683 4533 772 4584; x_wconf 84' lang='grc' dir='ltr'><strong>Ἐν</strong></span> <span class='ocrx_word' id='word_1_636' title='bbox 806 4527 886 4596; x_wconf 79' lang='grc' dir='ltr'>οἷς</span> <span class='ocrx_word' id='word_1_637' title='bbox 928 4533 1025 4586; x_wconf 76' lang='grc' dir='ltr'>καὶ</span> <span class='ocrx_word' id='word_1_638' title='bbox 1055 4534 1124 4587; x_wconf 81' lang='grc' dir='ltr'>τὰ</span> <span class='ocrx_word' id='word_1_639' title='bbox 1151 4535 1244 4588; x_wconf 81' lang='grc' dir='ltr'>τοῦ</span> <span class='ocrx_word' id='word_1_640' title='bbox 1283 4535 1330 4604; x_wconf 85' lang='grc' dir='ltr'><strong>β’</strong></span> <span class='ocrx_word' id='word_1_641' title='bbox 1367 4537 1660 4605; x_wconf 82' lang='grc' dir='ltr'>κεφάλαια.</span> 
     </span>
    </p>
   </div>
   <div class='ocr_carea' id='block_1_79' title="bbox 1944 3249 3524 3319">
    <p class='ocr_par' dir='ltr' id='par_1_79' title="bbox 1944 3249 3524 3319">
     <span class='ocr_line' id='line_1_79' title="bbox 1944 3249 3524 3319; baseline -0.006 -7"><span class='ocrx_word' id='word_1_642' title='bbox 1944 3274 2063 3314; x_wconf 80' lang='lat' dir='ltr'><strong>eam</strong></span> <span class='ocrx_word' id='word_1_643' title='bbox 2143 3270 2347 3312; x_wconf 86' lang='lat' dir='ltr'><strong>temere</strong></span> <span class='ocrx_word' id='word_1_644' title='bbox 2411 3253 2788 3309; x_wconf 69' lang='lat' dir='ltr'><strong>dill&#39;erendam.</strong></span> <span class='ocrx_word' id='word_1_645' title='bbox 2849 3252 2938 3305; x_wconf 79' lang='grc'><strong>51.</strong></span> <span class='ocrx_word' id='word_1_646' title='bbox 3020 3251 3281 3306; x_wconf 83' lang='lat' dir='ltr'><strong>Adversis</strong></span> <span class='ocrx_word' id='word_1_647' title='bbox 3361 3249 3524 3319; x_wconf 78' lang='lat' dir='ltr'><strong>aﬂligi</strong></span> 
     </span>
    </p>
   </div>
   <div class='ocr_carea' id='block_1_80' title="bbox 1941 3343 3529 3418">
    <p class='ocr_par' dir='ltr' id='par_1_80' title="bbox 1941 3343 3529 3418">
     <span class='ocr_line' id='line_1_80' title="bbox 1941 3343 3529 3418; baseline -0.006 -14"><span class='ocrx_word' id='word_1_648' title='bbox 1941 3365 2149 3405; x_wconf 74' lang='lat' dir='ltr'><strong>summe</strong></span> <span class='ocrx_word' id='word_1_649' title='bbox 2195 3361 2574 3418; x_wconf 76' lang='lat' dir='ltr'><strong>saepenumero</strong></span> <span class='ocrx_word' id='word_1_650' title='bbox 2617 3344 2835 3398; x_wconf 90' lang='lat' dir='ltr'><strong>utilitati</strong></span> <span class='ocrx_word' id='word_1_651' title='bbox 2879 3358 3004 3398; x_wconf 92' lang='lat' dir='ltr'><strong>esse</strong></span> <span class='ocrx_word' id='word_1_652' title='bbox 3049 3360 3064 3398; x_wconf 92' lang='lat'><strong>:</strong></span> <span class='ocrx_word' id='word_1_653' title='bbox 3114 3343 3352 3396; x_wconf 80' lang='lat' dir='ltr'><strong>maxime</strong></span> <span class='ocrx_word' id='word_1_654' title='bbox 3399 3358 3529 3396; x_wconf 87' lang='lat' dir='ltr'><strong>vero</strong></span> 
     </span>
    </p>
   </div>
   <div class='ocr_carea' id='block_1_81' title="bbox 1943 3435 3531 3513">
    <p class='ocr_par' dir='ltr' id='par_1_81' title="bbox 1943 3435 3531 3513">
     <span class='ocr_line' id='line_1_81' title="bbox 1943 3435 3531 3513; baseline -0.008 -15"><span class='ocrx_word' id='word_1_655' title='bbox 1943 3442 2402 3513; x_wconf 82' lang='lat' dir='ltr'><strong>ituprmlentihns.</strong></span> <span class='ocrx_word' id='word_1_656' title='bbox 2447 3441 2536 3494; x_wconf 79' lang='grc'><strong>52.</strong></span> <span class='ocrx_word' id='word_1_657' title='bbox 2583 3440 2658 3494; x_wconf 89' lang='lat' dir='ltr'><strong>De</strong></span> <span class='ocrx_word' id='word_1_658' title='bbox 2701 3438 3026 3492; x_wconf 86' lang='lat' dir='ltr'><strong>educatione</strong></span> <span class='ocrx_word' id='word_1_659' title='bbox 3097 3446 3259 3505; x_wconf 84' lang='lat' dir='ltr'><strong>atque</strong></span> <span class='ocrx_word' id='word_1_660' title='bbox 3307 3435 3531 3489; x_wconf 87' lang='lat' dir='ltr'><strong>institu-</strong></span> 
     </span>
    </p>
   </div>
   <div class='ocr_carea' id='block_1_82' title="bbox 1946 3525 3528 3597">
    <p class='ocr_par' dir='ltr' id='par_1_82' title="bbox 1946 3525 3528 3597">
     <span class='ocr_line' id='line_1_82' title="bbox 1946 3525 3528 3597; baseline -0.004 -12"><span class='ocrx_word' id='word_1_661' title='bbox 1946 3533 2115 3585; x_wconf 86' lang='lat' dir='ltr'><strong>tione.</strong></span> <span class='ocrx_word' id='word_1_662' title='bbox 2150 3530 2240 3583; x_wconf 83' lang='grc'><strong>55.</strong></span> <span class='ocrx_word' id='word_1_663' title='bbox 2274 3527 2550 3597; x_wconf 86' lang='lat' dir='ltr'><strong>Optimqu</strong></span> <span class='ocrx_word' id='word_1_664' title='bbox 2599 3527 2862 3582; x_wconf 88' lang='lat' dir='ltr'><strong>bonorum</strong></span> <span class='ocrx_word' id='word_1_665' title='bbox 2905 3527 3144 3580; x_wconf 89' lang='lat' dir='ltr'><strong>omnium</strong></span> <span class='ocrx_word' id='word_1_666' title='bbox 3180 3540 3301 3580; x_wconf 90' lang='lat' dir='ltr'><strong>esse</strong></span> <span class='ocrx_word' id='word_1_667' title='bbox 3332 3525 3528 3578; x_wconf 88' lang='lat' dir='ltr'><strong>amici-</strong></span> 
     </span>
    </p>
   </div>
   <div class='ocr_carea' id='block_1_83' title="bbox 1947 3613 3530 3674">
    <p class='ocr_par' dir='ltr' id='par_1_83' title="bbox 1947 3613 3530 3674">
     <span class='ocr_line' id='line_1_83' title="bbox 1947 3613 3530 3674; baseline -0.007 0"><span class='ocrx_word' id='word_1_668' title='bbox 1947 3621 2104 3674; x_wconf 89' lang='lat' dir='ltr'><strong>tiam.</strong></span> <span class='ocrx_word' id='word_1_669' title='bbox 2151 3619 2242 3673; x_wconf 87' lang='grc'><strong>54.</strong></span> <span class='ocrx_word' id='word_1_670' title='bbox 2278 3619 2485 3671; x_wconf 85' lang='lat' dir='ltr'><strong>Mornm</strong></span> <span class='ocrx_word' id='word_1_671' title='bbox 2533 3615 2945 3670; x_wconf 89' lang='lat' dir='ltr'><strong>similitudinem</strong></span> <span class='ocrx_word' id='word_1_672' title='bbox 2998 3613 3290 3666; x_wconf 83' lang='lat' dir='ltr'><strong>amicitiam</strong></span> <span class='ocrx_word' id='word_1_673' title='bbox 3336 3615 3530 3664; x_wconf 88' lang='lat' dir='ltr'><strong>conci-</strong></span> 
     </span>
    </p>
   </div>
   <div class='ocr_carea' id='block_1_84' title="bbox 1947 3703 3526 3774">
    <p class='ocr_par' dir='ltr' id='par_1_84' title="bbox 1947 3703 3526 3774">
     <span class='ocr_line' id='line_1_84' title="bbox 1947 3703 3526 3774; baseline -0.006 -11"><span class='ocrx_word' id='word_1_674' title='bbox 1947 3713 2102 3766; x_wconf 88' lang='lat' dir='ltr'><strong>liare.</strong></span> <span class='ocrx_word' id='word_1_675' title='bbox 2133 3711 2224 3764; x_wconf 87' lang='grc'><strong>55.</strong></span> <span class='ocrx_word' id='word_1_676' title='bbox 2249 3708 2305 3761; x_wconf 90' lang='lat' dir='ltr'><strong>lu</strong></span> <span class='ocrx_word' id='word_1_677' title='bbox 2343 3708 2587 3761; x_wconf 78' lang='lat' dir='ltr'><strong>adversis</strong></span> <span class='ocrx_word' id='word_1_678' title='bbox 2626 3706 2739 3759; x_wconf 89' lang='lat' dir='ltr'><strong>suis</strong></span> <span class='ocrx_word' id='word_1_679' title='bbox 2765 3717 2929 3774; x_wconf 83' lang='lat' dir='ltr'><strong>atque</strong></span> <span class='ocrx_word' id='word_1_680' title='bbox 2959 3703 3220 3772; x_wconf 81' lang='lat' dir='ltr'><strong>periculis</strong></span> <span class='ocrx_word' id='word_1_681' title='bbox 3271 3717 3376 3754; x_wconf 90' lang='lat' dir='ltr'><strong>non</strong></span> <span class='ocrx_word' id='word_1_682' title='bbox 3405 3716 3526 3755; x_wconf 89' lang='lat' dir='ltr'><strong>esse</strong></span> 
     </span>
    </p>
   </div>
   <div class='ocr_carea' id='block_1_85' title="bbox 1945 3791 3522 3871">
    <p class='ocr_par' dir='ltr' id='par_1_85' title="bbox 1945 3791 3522 3871">
     <span class='ocr_line' id='line_1_85' title="bbox 1945 3791 3522 3871; baseline -0.008 -17"><span class='ocrx_word' id='word_1_683' title='bbox 1945 3801 2302 3871; x_wconf 80' lang='lat' dir='ltr'><strong>negligendus</strong></span> <span class='ocrx_word' id='word_1_684' title='bbox 2333 3799 2559 3853; x_wconf 87' lang='lat' dir='ltr'><strong>amicos.</strong></span> <span class='ocrx_word' id='word_1_685' title='bbox 2589 3795 2678 3852; x_wconf 82' lang='lat'><strong>&#39;56.</strong></span> <span class='ocrx_word' id='word_1_686' title='bbox 2709 3793 2826 3848; x_wconf 83' lang='lat' dir='ltr'><strong>Non</strong></span> <span class='ocrx_word' id='word_1_687' title='bbox 2857 3809 2979 3849; x_wconf 89' lang='lat' dir='ltr'><strong>esse</strong></span> <span class='ocrx_word' id='word_1_688' title='bbox 3007 3793 3208 3846; x_wconf 89' lang='lat' dir='ltr'><strong>amicos</strong></span> <span class='ocrx_word' id='word_1_689' title='bbox 3230 3791 3522 3860; x_wconf 86' lang='lat' dir='ltr'><strong>juvandos,</strong></span> 
     </span>
    </p>
   </div>
   <div class='ocr_carea' id='block_1_86' title="bbox 1945 3881 3526 3962">
    <p class='ocr_par' dir='ltr' id='par_1_86' title="bbox 1945 3881 3526 3962">
     <span class='ocr_line' id='line_1_86' title="bbox 1945 3881 3526 3962; baseline -0.008 -14"><span class='ocrx_word' id='word_1_690' title='bbox 1945 3910 2065 3948; x_wconf 90' lang='lat' dir='ltr'><strong>cum</strong></span> <span class='ocrx_word' id='word_1_691' title='bbox 2094 3894 2221 3962; x_wconf 86' lang='lat' dir='ltr'><strong>quid</strong></span> <span class='ocrx_word' id='word_1_692' title='bbox 2257 3881 2458 3960; x_wconf 84' lang='lat' dir='ltr'><strong>injuste</strong></span> <span class='ocrx_word' id='word_1_693' title='bbox 2486 3889 2792 3944; x_wconf 85' lang='lat' dir='ltr'><strong>faciendum</strong></span> <span class='ocrx_word' id='word_1_694' title='bbox 2822 3888 3147 3954; x_wconf 88' lang='lat' dir='ltr'><strong>suscipiunt.</strong></span> <span class='ocrx_word' id='word_1_695' title='bbox 3179 3885 3270 3939; x_wconf 83' lang='lat'><strong>&#39;57.</strong></span> <span class='ocrx_word' id='word_1_696' title='bbox 3303 3886 3376 3938; x_wconf 85' lang='lat' dir='ltr'><strong>De</strong></span> <span class='ocrx_word' id='word_1_697' title='bbox 3405 3884 3526 3936; x_wconf 89' lang='lat' dir='ltr'><strong>lidis</strong></span> 
     </span>
    </p>
   </div>
   <div class='ocr_carea' id='block_1_87' title="bbox 1945 3977 3528 4055">
    <p class='ocr_par' dir='ltr' id='par_1_87' title="bbox 1945 3977 3528 4055">
     <span class='ocr_line' id='line_1_87' title="bbox 1945 3977 3528 4055; baseline -0.008 -15"><span class='ocrx_word' id='word_1_698' title='bbox 1945 3997 2107 4055; x_wconf 81' lang='lat' dir='ltr'><strong>atque</strong></span> <span class='ocrx_word' id='word_1_699' title='bbox 2136 3986 2319 4039; x_wconf 85' lang='lat' dir='ltr'><strong>inlidis</strong></span> <span class='ocrx_word' id='word_1_700' title='bbox 2367 3983 2576 4037; x_wconf 86' lang='lat' dir='ltr'><strong>amicis.</strong></span> <span class='ocrx_word' id='word_1_701' title='bbox 2627 3981 2717 4035; x_wconf 83' lang='grc'><strong>58.</strong></span> <span class='ocrx_word' id='word_1_702' title='bbox 2766 3981 2886 4034; x_wconf 84' lang='lat' dir='ltr'><strong>Cito</strong></span> <span class='ocrx_word' id='word_1_703' title='bbox 2940 3994 3059 4033; x_wconf 89' lang='lat' dir='ltr'><strong>esse</strong></span> <span class='ocrx_word' id='word_1_704' title='bbox 3079 3992 3201 4032; x_wconf 88' lang='lat' dir='ltr'><strong>cum</strong></span> <span class='ocrx_word' id='word_1_705' title='bbox 3247 3977 3437 4030; x_wconf 88' lang='lat' dir='ltr'><strong>amicis</strong></span> <span class='ocrx_word' id='word_1_706' title='bbox 3471 3977 3528 4030; x_wconf 76' lang='lat' dir='ltr'><strong>in</strong></span> 
     </span>
    </p>
   </div>
   <div class='ocr_carea' id='block_1_88' title="bbox 1946 4059 3526 4145">
    <p class='ocr_par' dir='ltr' id='par_1_88' title="bbox 1946 4059 3526 4145">
     <span class='ocr_line' id='line_1_88' title="bbox 1946 4059 3526 4145; baseline -0.007 -14"><span class='ocrx_word' id='word_1_707' title='bbox 1946 4079 2178 4145; x_wconf 82' lang='lat' dir='ltr'><strong>gratiam</strong></span> <span class='ocrx_word' id='word_1_708' title='bbox 2235 4059 2622 4138; x_wconf 58' lang='lat' dir='ltr'><strong>redeuudum,‘</strong></span> <span class='ocrx_word' id='word_1_709' title='bbox 2637 4087 2934 4140; x_wconf 91' lang='lat' dir='ltr'><strong>eorumque</strong></span> <span class='ocrx_word' id='word_1_710' title='bbox 2962 4071 3089 4124; x_wconf 84' lang='lat' dir='ltr'><strong>vitia</strong></span> <span class='ocrx_word' id='word_1_711' title='bbox 3128 4068 3371 4131; x_wconf 80' lang='lat' dir='ltr'><strong>ferenda,</strong></span> <span class='ocrx_word' id='word_1_712' title='bbox 3400 4085 3526 4121; x_wconf 86' lang='lat' dir='ltr'><strong>eum</strong></span> 
     </span>
    </p>
   </div>
   <div class='ocr_carea' id='block_1_89' title="bbox 1947 4158 3526 4228">
    <p class='ocr_par' dir='ltr' id='par_1_89' title="bbox 1947 4158 3526 4228">
     <span class='ocr_line' id='line_1_89' title="bbox 1947 4158 3526 4228; baseline -0.009 -4"><span class='ocrx_word' id='word_1_713' title='bbox 1947 4181 2254 4224; x_wconf 87' lang='lat' dir='ltr'><strong>erratorum</strong></span> <span class='ocrx_word' id='word_1_714' title='bbox 2290 4168 2586 4220; x_wconf 87' lang='lat' dir='ltr'><strong>oblivione.</strong></span> <span class='ocrx_word' id='word_1_715' title='bbox 2625 4165 2713 4219; x_wconf 85' lang='grc'><strong>59.</strong></span> <span class='ocrx_word' id='word_1_716' title='bbox 2744 4162 2800 4215; x_wconf 85' lang='lat' dir='ltr'><strong>In</strong></span> <span class='ocrx_word' id='word_1_717' title='bbox 2830 4163 3074 4216; x_wconf 84' lang='lat' dir='ltr'><strong>adversis</strong></span> <span class='ocrx_word' id='word_1_718' title='bbox 3099 4161 3232 4214; x_wconf 83' lang='lat' dir='ltr'><strong>(idos</strong></span> <span class='ocrx_word' id='word_1_719' title='bbox 3256 4158 3526 4228; x_wconf 77' lang='lat' dir='ltr'><strong>explorari</strong></span> 
     </span>
    </p>
   </div>
   <div class='ocr_carea' id='block_1_90' title="bbox 1950 4251 3531 4326">
    <p class='ocr_par' dir='ltr' id='par_1_90' title="bbox 1950 4251 3531 4326">
     <span class='ocr_line' id='line_1_90' title="bbox 1950 4251 3531 4326; baseline -0.008 -12"><span class='ocrx_word' id='word_1_720' title='bbox 1950 4261 2178 4318; x_wconf 90' lang='lat' dir='ltr'><strong>amicos.</strong></span> <span class='ocrx_word' id='word_1_721' title='bbox 2215 4261 2306 4314; x_wconf 84' lang='grc'><strong>40.</strong></span> <span class='ocrx_word' id='word_1_722' title='bbox 2339 4259 2616 4326; x_wconf 62' lang='lat' dir='ltr'><strong>Praecepta</strong></span> <span class='ocrx_word' id='word_1_723' title='bbox 2663 4256 2934 4310; x_wconf 72' lang='lat' dir='ltr'><strong>amicitias.</strong></span> <span class='ocrx_word' id='word_1_724' title='bbox 2968 4254 3058 4309; x_wconf 82' lang='grc'><strong>41.</strong></span> <span class='ocrx_word' id='word_1_725' title='bbox 3089 4253 3162 4306; x_wconf 89' lang='lat' dir='ltr'><strong>De</strong></span> <span class='ocrx_word' id='word_1_726' title='bbox 3203 4251 3531 4312; x_wconf 83' lang='lat' dir='ltr'><strong>inimicitiis,</strong></span> 
     </span>
    </p>
   </div>
   <div class='ocr_carea' id='block_1_91' title="bbox 1947 4341 3526 4422">
    <p class='ocr_par' dir='ltr' id='par_1_91' title="bbox 1947 4341 3526 4422">
     <span class='ocr_line' id='line_1_91' title="bbox 1947 4341 3526 4422; baseline -0.007 -15"><span class='ocrx_word' id='word_1_727' title='bbox 1947 4365 2024 4418; x_wconf 89' lang='lat' dir='ltr'><strong>et,</strong></span> <span class='ocrx_word' id='word_1_728' title='bbox 2071 4352 2259 4422; x_wconf 72' lang='lat'><strong>113!)</strong></span> <span class='ocrx_word' id='word_1_729' title='bbox 2287 4367 2395 4421; x_wconf 90' lang='lat' dir='ltr'><strong>quo</strong></span> <span class='ocrx_word' id='word_1_730' title='bbox 2435 4368 2493 4406; x_wconf 92' lang='lat' dir='ltr'><strong>se</strong></span> <span class='ocrx_word' id='word_1_731' title='bbox 2533 4352 2654 4420; x_wconf 91' lang='lat' dir='ltr'><strong>quis</strong></span> <span class='ocrx_word' id='word_1_732' title='bbox 2687 4350 2846 4403; x_wconf 86' lang='lat' dir='ltr'><strong>modo</strong></span> <span class='ocrx_word' id='word_1_733' title='bbox 2872 4364 2994 4402; x_wconf 89' lang='lat' dir='ltr'><strong>cum</strong></span> <span class='ocrx_word' id='word_1_734' title='bbox 3045 4348 3200 4400; x_wconf 85' lang='lat' dir='ltr'><strong>hoste</strong></span> <span class='ocrx_word' id='word_1_735' title='bbox 3232 4354 3404 4415; x_wconf 84' lang='lat' dir='ltr'><strong>gerat.</strong></span> <span class='ocrx_word' id='word_1_736' title='bbox 3434 4341 3526 4396; x_wconf 81' lang='grc'><strong>42.</strong></span> 
     </span>
    </p>
   </div>
   <div class='ocr_carea' id='block_1_92' title="bbox 1949 4436 3530 4512">
    <p class='ocr_par' dir='ltr' id='par_1_92' title="bbox 1949 4436 3530 4512">
     <span class='ocr_line' id='line_1_92' title="bbox 1949 4436 3530 4512; baseline -0.006 -14"><span class='ocrx_word' id='word_1_737' title='bbox 1949 4451 2064 4512; x_wconf 81' lang='lat' dir='ltr'><strong>Qua</strong></span> <span class='ocrx_word' id='word_1_738' title='bbox 2109 4449 2321 4500; x_wconf 88' lang='lat' dir='ltr'><strong>ratione</strong></span> <span class='ocrx_word' id='word_1_739' title='bbox 2379 4460 2444 4498; x_wconf 84' lang='lat' dir='ltr'><strong>ex</strong></span> <span class='ocrx_word' id='word_1_740' title='bbox 2502 4446 2735 4498; x_wconf 88' lang='lat' dir='ltr'><strong>inimicis</strong></span> <span class='ocrx_word' id='word_1_741' title='bbox 2779 4441 2891 4512; x_wconf 78' lang='grc'><strong>(52)</strong></span> <span class='ocrx_word' id='word_1_742' title='bbox 2933 4440 3049 4508; x_wconf 86' lang='lat' dir='ltr'><strong>capi</strong></span> <span class='ocrx_word' id='word_1_743' title='bbox 3085 4439 3259 4509; x_wconf 89' lang='lat' dir='ltr'><strong>possit</strong></span> <span class='ocrx_word' id='word_1_744' title='bbox 3301 4436 3530 4490; x_wconf 88' lang='lat' dir='ltr'><strong>utilitas.</strong></span> 
     </span>
    </p>
   </div>
   <div class='ocr_carea' id='block_1_93' title="bbox 1875 4521 3532 4598">
    <p class='ocr_par' dir='ltr' id='par_1_93' title="bbox 1875 4521 3532 4598">
     <span class='ocr_line' id='line_1_93' title="bbox 1875 4521 3532 4598; baseline -0.006 -6"><span class='ocrx_word' id='word_1_745' title='bbox 1875 4521 1920 4575; x_wconf 81' lang='lat' dir='ltr'><strong>D</strong></span> <span class='ocrx_word' id='word_1_746' title='bbox 1949 4538 2043 4592; x_wconf 83' lang='grc'><strong>45.</strong></span> <span class='ocrx_word' id='word_1_747' title='bbox 2075 4537 2148 4591; x_wconf 90' lang='lat' dir='ltr'><strong>De</strong></span> <span class='ocrx_word' id='word_1_748' title='bbox 2177 4537 2562 4591; x_wconf 86' lang='lat' dir='ltr'><strong>bcnemerendi</strong></span> <span class='ocrx_word' id='word_1_749' title='bbox 2617 4535 2819 4589; x_wconf 91' lang='lat' dir='ltr'><strong>studio.</strong></span> <span class='ocrx_word' id='word_1_750' title='bbox 2853 4534 2944 4587; x_wconf 74' lang='grc'><strong>44.</strong></span> <span class='ocrx_word' id='word_1_751' title='bbox 2988 4531 3164 4598; x_wconf 81' lang='lat' dir='ltr'><strong>Majas</strong></span> <span class='ocrx_word' id='word_1_752' title='bbox 3203 4545 3325 4585; x_wconf 79' lang='lat' dir='ltr'><strong>esse</strong></span> <span class='ocrx_word' id='word_1_753' title='bbox 3364 4533 3532 4583; x_wconf 82' lang='lat' dir='ltr'><strong>bene-</strong></span> 
     </span>
    </p>
   </div>
   <div class='ocr_carea' id='block_1_94' title="bbox 242 4625 3534 4697">
    <p class='ocr_par' dir='ltr' id='par_1_94' title="bbox 242 4625 3534 4697">
     <span class='ocr_line' id='line_1_94' title="bbox 242 4625 3534 4697; baseline -0 -19"><span class='ocrx_word' id='word_1_754' title='bbox 242 4627 432 4681; x_wconf 79' lang='lat' dir='ltr'><strong>licium</strong></span> <span class='ocrx_word' id='word_1_755' title='bbox 477 4627 623 4694; x_wconf 88' lang='lat' dir='ltr'><strong>quod</strong></span> <span class='ocrx_word' id='word_1_756' title='bbox 671 4626 722 4680; x_wconf 92' lang='lat' dir='ltr'><strong>in</strong></span> <span class='ocrx_word' id='word_1_757' title='bbox 775 4639 1015 4696; x_wconf 80' lang='lat' dir='ltr'><strong>tempore</strong></span> <span class='ocrx_word' id='word_1_758' title='bbox 1041 4629 1342 4684; x_wconf 83' lang='lat' dir='ltr'><strong>confertur.</strong></span> <span class='ocrx_word' id='word_1_759' title='bbox 1370 4630 1460 4684; x_wconf 78' lang='grc'><strong>45.</strong></span> <span class='ocrx_word' id='word_1_760' title='bbox 1487 4633 1562 4686; x_wconf 87' lang='lat' dir='ltr'><strong>De</strong></span> <span class='ocrx_word' id='word_1_761' title='bbox 1595 4633 2009 4687; x_wconf 84' lang='lat' dir='ltr'><strong>rentunerandis</strong></span> <span class='ocrx_word' id='word_1_762' title='bbox 2045 4630 2348 4686; x_wconf 76' lang='lat' dir='ltr'><strong>beneﬁciis.</strong></span> <span class='ocrx_word' id='word_1_763' title='bbox 2407 4630 2496 4685; x_wconf 87' lang='grc'><strong>46.</strong></span> <span class='ocrx_word' id='word_1_764' title='bbox 2557 4629 2674 4684; x_wconf 79' lang='lat' dir='ltr'><strong>Non</strong></span> <span class='ocrx_word' id='word_1_765' title='bbox 2735 4644 2855 4683; x_wconf 89' lang='lat' dir='ltr'><strong>esse</strong></span> <span class='ocrx_word' id='word_1_766' title='bbox 2913 4628 3147 4697; x_wconf 86' lang='lat' dir='ltr'><strong>benigne</strong></span> <span class='ocrx_word' id='word_1_767' title='bbox 3223 4625 3534 4679; x_wconf 77' lang='lat' dir='ltr'><strong>iaciendum</strong></span> 
     </span>
    </p>
   </div>
   <div class='ocr_carea' id='block_1_95' title="bbox 1582 4790 2256 4849">
    <p class='ocr_par' dir='ltr' id='par_1_95' title="bbox 1582 4790 2256 4849">
     <span class='ocr_line' id='line_1_95' title="bbox 1582 4790 2256 4849; baseline 0.004 -3"><span class='ocrx_word' id='word_1_768' title='bbox 1582 4790 1819 4847; x_wconf 68' lang='lat' dir='ltr'><strong>VARIA‘J</strong></span> <span class='ocrx_word' id='word_1_769' title='bbox 1848 4790 2256 4849; x_wconf 81' lang='lat' dir='ltr'><strong>LECTIONES.</strong></span> 
     </span>
    </p>
   </div>
   <div class='ocr_carea' id='block_1_96' title="bbox 315 4925 3536 5003">
    <p class='ocr_par' dir='ltr' id='par_1_96' title="bbox 315 4925 3536 5003">
     <span class='ocr_line' id='line_1_96' title="bbox 315 4925 3536 5003; baseline -0.001 -21"><span class='ocrx_word' id='word_1_770' title='bbox 315 4932 360 4962; x_wconf 74' lang='grc'>⁸³</span> <span class='ocrx_word' id='word_1_771' title='bbox 389 4925 506 4985; x_wconf 78' lang='grc' dir='ltr'><strong>τῶν</strong></span> <span class='ocrx_word' id='word_1_772' title='bbox 537 4931 784 4985; x_wconf 83' lang='grc' dir='ltr'>παλαιῶν</span> <span class='ocrx_word' id='word_1_773' title='bbox 819 4934 946 4986; x_wconf 85' lang='lat' dir='ltr'><strong>add.</strong></span> <span class='ocrx_word' id='word_1_774' title='bbox 975 4932 1038 4988; x_wconf 80' lang='grc' dir='ltr'><strong>Α.</strong></span> <span class='ocrx_word' id='word_1_775' title='bbox 1114 4933 1160 4964; x_wconf 71' lang='grc' dir='ltr'><strong>’δ’</strong></span> <span class='ocrx_word' id='word_1_776' title='bbox 1181 4932 1238 4985; x_wconf 88' lang='grc' dir='ltr'>δὲ</span> <span class='ocrx_word' id='word_1_777' title='bbox 1265 4948 1378 5003; x_wconf 73' lang='lat' dir='ltr'><strong>om.</strong></span> <span class='ocrx_word' id='word_1_778' title='bbox 1411 4932 1474 4986; x_wconf 84' lang='lat' dir='ltr'><strong>A.</strong></span> <span class='ocrx_word' id='word_1_779' title='bbox 1553 4933 1602 4964; x_wconf 72' lang='lat'>“</span> <span class='ocrx_word' id='word_1_780' title='bbox 1630 4933 1732 5003; x_wconf 74' lang='grc' dir='ltr'>τῆς</span> <span class='ocrx_word' id='word_1_781' title='bbox 1755 4935 1792 4986; x_wconf 80' lang='lat' dir='ltr'><strong>A</strong></span> <span class='ocrx_word' id='word_1_782' title='bbox 1825 4952 1840 4988; x_wconf 89' lang='lat'>:</span> <span class='ocrx_word' id='word_1_783' title='bbox 1877 4933 2007 5002; x_wconf 66' lang='grc' dir='ltr'>περὶ</span> <span class='ocrx_word' id='word_1_784' title='bbox 2037 4935 2136 5003; x_wconf 84' lang='grc' dir='ltr'>τῆς</span> <span class='ocrx_word' id='word_1_785' title='bbox 2177 4949 2238 4996; x_wconf 82' lang='grc' dir='ltr'>ς.</span> <span class='ocrx_word' id='word_1_786' title='bbox 2317 4931 2512 5003; x_wconf 49' lang='lat' dir='ltr'><strong>“aeu</strong></span> <span class='ocrx_word' id='word_1_787' title='bbox 2553 4931 2678 5003; x_wconf 80' lang='grc' dir='ltr'>περί</span> <span class='ocrx_word' id='word_1_788' title='bbox 2707 4930 2770 5003; x_wconf 56' lang='grc' dir='ltr'><strong>Αζ</strong></span> <span class='ocrx_word' id='word_1_789' title='bbox 2844 4929 2894 5003; x_wconf 41' lang='grc' dir='ltr'><strong>θ’</strong></span> <span class='ocrx_word' id='word_1_790' title='bbox 2917 4928 3014 5003; x_wconf 68' lang='grc' dir='ltr'>τὴν</span> <span class='ocrx_word' id='word_1_791' title='bbox 3036 4927 3158 4982; x_wconf 82' lang='lat' dir='ltr'><strong>add.</strong></span> <span class='ocrx_word' id='word_1_792' title='bbox 3193 4927 3259 4981; x_wconf 77' lang='grc' dir='ltr'><strong>Α.</strong></span> <span class='ocrx_word' id='word_1_793' title='bbox 3333 4926 3536 5003; x_wconf 37' lang='grc' dir='ltr'>ἤπερ).</span> 
     </span>
    </p>
   </div>
   <div class='ocr_carea' id='block_1_97' title="bbox 247 4999 1668 5074">
    <p class='ocr_par' dir='ltr' id='par_1_97' title="bbox 247 4999 1668 5074">
     <span class='ocr_line' id='line_1_97' title="bbox 247 4999 1668 5074; baseline 0.004 -20"><span class='ocrx_word' id='word_1_794' title='bbox 247 5003 322 5072; x_wconf 80' lang='grc' dir='ltr'>μὴ</span> <span class='ocrx_word' id='word_1_795' title='bbox 360 5019 453 5071; x_wconf 90' lang='grc' dir='ltr'>γν.</span> <span class='ocrx_word' id='word_1_796' title='bbox 487 5007 552 5058; x_wconf 83' lang='grc' dir='ltr'><strong>Α.</strong></span> <span class='ocrx_word' id='word_1_797' title='bbox 629 5005 671 5035; x_wconf 76' lang='grc'><strong>⁸⁷</strong></span> <span class='ocrx_word' id='word_1_798' title='bbox 709 5004 1046 5074; x_wconf 79' lang='grc' dir='ltr'>ἀμνηστείας</span> <span class='ocrx_word' id='word_1_799' title='bbox 1071 5021 1131 5068; x_wconf 80' lang='grc' dir='ltr'><strong>ς’.</strong></span> <span class='ocrx_word' id='word_1_800' title='bbox 1239 5004 1285 5035; x_wconf 72' lang='grc'><strong>⁸⁸</strong></span> <span class='ocrx_word' id='word_1_801' title='bbox 1305 4999 1448 5057; x_wconf 75' lang='grc' dir='ltr'>εἶναι</span> <span class='ocrx_word' id='word_1_802' title='bbox 1475 5003 1580 5074; x_wconf 81' lang='grc' dir='ltr'>χρὴ</span> <span class='ocrx_word' id='word_1_803' title='bbox 1607 5021 1668 5068; x_wconf 82' lang='grc' dir='ltr'>ς.</span> 
     </span>
    </p>
   </div>
   <div class='ocr_carea' id='block_1_98' title="bbox 1769 4996 3534 5075">
    <p class='ocr_par' dir='ltr' id='par_1_98' title="bbox 1769 4996 3534 5075">
     <span class='ocr_line' id='line_1_98' title="bbox 1769 4996 3534 5075; baseline -0.003 -19"><span class='ocrx_word' id='word_1_804' title='bbox 1769 5005 1814 5037; x_wconf 78' lang='grc'><strong><em>⁶⁹</em></strong></span> <span class='ocrx_word' id='word_1_805' title='bbox 1843 4996 2198 5075; x_wconf 73' lang='grc' dir='ltr'>εὐχαριστίας</span> <span class='ocrx_word' id='word_1_806' title='bbox 2230 5019 2292 5066; x_wconf 83' lang='grc' dir='ltr'>ς.</span> <span class='ocrx_word' id='word_1_807' title='bbox 2325 5001 2396 5057; x_wconf 82' lang='lat' dir='ltr'><strong>cf.</strong></span> <span class='ocrx_word' id='word_1_808' title='bbox 2430 4996 2705 5056; x_wconf 73' lang='lat' dir='ltr'><strong>Gaisl&#39;oi&#39;d.</strong></span> <span class='ocrx_word' id='word_1_809' title='bbox 2739 5000 2897 5056; x_wconf 86' lang='lat' dir='ltr'><strong>Stob.</strong></span> <span class='ocrx_word' id='word_1_810' title='bbox 2931 4996 2985 5067; x_wconf 75' lang='grc'>4,</span> <span class='ocrx_word' id='word_1_811' title='bbox 3026 5003 3257 5070; x_wconf 84' lang='lat' dir='ltr'><strong>append.</strong></span> <span class='ocrx_word' id='word_1_812' title='bbox 3285 5014 3338 5067; x_wconf 82' lang='grc' dir='ltr'><strong>ι).</strong></span> <span class='ocrx_word' id='word_1_813' title='bbox 3374 4996 3442 5052; x_wconf 85' lang='grc'><strong>50</strong></span> <span class='ocrx_word' id='word_1_814' title='bbox 3474 5015 3534 5051; x_wconf 85' lang='grc' dir='ltr'>ιι.</span> 
     </span>
    </p>
   </div>
   <div class='ocr_carea' id='block_1_99' title="bbox 1781 5154 2016 5224">
    <p class='ocr_par' dir='ltr' id='par_1_99' title="bbox 1781 5154 2016 5224">
     <span class='ocr_line' id='line_1_99' title="bbox 1781 5154 2016 5224; baseline 0 -15"><span class='ocrx_word' id='word_1_815' title='bbox 1781 5154 2016 5224; x_wconf 68' lang='lat' dir='ltr'><strong>NOTAE.</strong></span> 
     </span>
    </p>
   </div>
   <div class='ocr_carea' id='block_1_100' title="bbox 325 5293 1846 5369">
    <p class='ocr_par' dir='ltr' id='par_1_100' title="bbox 325 5293 1846 5369">
     <span class='ocr_line' id='line_1_100' title="bbox 325 5293 1846 5369; baseline -0.007 -15"><span class='ocrx_word' id='word_1_816' title='bbox 325 5299 447 5369; x_wconf 78' lang='grc'><strong>(4⁸1)</strong></span> <span class='ocrx_word' id='word_1_817' title='bbox 481 5297 557 5352; x_wconf 84' lang='lat' dir='ltr'><strong>De</strong></span> <span class='ocrx_word' id='word_1_818' title='bbox 587 5298 785 5366; x_wconf 80' lang='lat' dir='ltr'><strong>quibus</strong></span> <span class='ocrx_word' id='word_1_819' title='bbox 813 5297 898 5350; x_wconf 72' lang='lat' dir='ltr'><strong>vix</strong></span> <span class='ocrx_word' id='word_1_820' title='bbox 958 5295 1060 5369; x_wconf 80' lang='lat' dir='ltr'><strong>tria</strong></span> <span class='ocrx_word' id='word_1_821' title='bbox 1094 5295 1232 5356; x_wconf 66' lang='lat' dir='ltr'><strong>haec,</strong></span> <span class='ocrx_word' id='word_1_822' title='bbox 1260 5293 1520 5369; x_wconf 82' lang='lat' dir='ltr'><strong>primum,</strong></span> <span class='ocrx_word' id='word_1_823' title='bbox 1555 5294 1846 5369; x_wconf 72' lang='lat' dir='ltr'><strong>septimum</strong></span> 
     </span>
    </p>
   </div>
   <div class='ocr_carea' id='block_1_101' title="bbox 250 5365 1850 5435">
    <p class='ocr_par' dir='ltr' id='par_1_101' title="bbox 250 5365 1850 5435">
     <span class='ocr_line' id='line_1_101' title="bbox 250 5365 1850 5435; baseline -0.003 -14"><span class='ocrx_word' id='word_1_824' title='bbox 250 5383 305 5423; x_wconf 86' lang='lat' dir='ltr'><strong>et</strong></span> <span class='ocrx_word' id='word_1_825' title='bbox 335 5365 649 5422; x_wconf 68' lang='lat' dir='ltr'><strong>octavum:</strong></span> <span class='ocrx_word' id='word_1_826' title='bbox 694 5379 969 5435; x_wconf 79' lang='lat' dir='ltr'><strong>utcunque</strong></span> <span class='ocrx_word' id='word_1_827' title='bbox 1013 5366 1222 5432; x_wconf 78' lang='lat' dir='ltr'><strong>integra</strong></span> <span class='ocrx_word' id='word_1_828' title='bbox 1273 5365 1573 5432; x_wconf 85' lang='lat' dir='ltr'><strong>posteriore</strong></span> <span class='ocrx_word' id='word_1_829' title='bbox 1619 5365 1850 5433; x_wconf 74' lang='lat' dir='ltr'><strong>Egloge-</strong></span> 
     </span>
    </p>
   </div>
   <div class='ocr_carea' id='block_1_102' title="bbox 255 5435 1848 5513">
    <p class='ocr_par' dir='ltr' id='par_1_102' title="bbox 255 5435 1848 5513">
     <span class='ocr_line' id='line_1_102' title="bbox 255 5435 1848 5513; baseline -0.003 -22"><span class='ocrx_word' id='word_1_830' title='bbox 255 5457 376 5491; x_wconf 83' lang='lat' dir='ltr'><strong>rum</strong></span> <span class='ocrx_word' id='word_1_831' title='bbox 409 5441 549 5492; x_wconf 82' lang='lat' dir='ltr'><strong>libro</strong></span> <span class='ocrx_word' id='word_1_832' title='bbox 577 5455 603 5490; x_wconf 88' lang='lat' dir='ltr'><strong>a</strong></span> <span class='ocrx_word' id='word_1_833' title='bbox 631 5439 791 5490; x_wconf 69' lang='lat' dir='ltr'><strong>(lant.</strong></span> <span class='ocrx_word' id='word_1_834' title='bbox 833 5438 980 5513; x_wconf 83' lang='lat' dir='ltr'><strong>edin</strong></span> <span class='ocrx_word' id='word_1_835' title='bbox 1019 5436 1165 5513; x_wconf 74' lang='lat' dir='ltr'><strong>legas</strong></span> <span class='ocrx_word' id='word_1_836' title='bbox 1210 5438 1500 5513; x_wconf 84' lang='lat' dir='ltr'><strong>:_quinque</strong></span> <span class='ocrx_word' id='word_1_837' title='bbox 1547 5435 1690 5513; x_wconf 73' lang='lat' dir='ltr'><strong>inter</strong></span> <span class='ocrx_word' id='word_1_838' title='bbox 1735 5436 1848 5487; x_wconf 71' lang='lat' dir='ltr'><strong>lnec</strong></span> 
     </span>
    </p>
   </div>
   <div class='ocr_carea' id='block_1_103' title="bbox 253 5505 1848 5584">
    <p class='ocr_par' dir='ltr' id='par_1_103' title="bbox 253 5505 1848 5584">
     <span class='ocr_line' id='line_1_103' title="bbox 253 5505 1848 5584; baseline -0.005 -21"><span class='ocrx_word' id='word_1_839' title='bbox 253 5513 463 5564; x_wconf 82' lang='lat' dir='ltr'><strong>mediis</strong></span> <span class='ocrx_word' id='word_1_840' title='bbox 491 5511 794 5584; x_wconf 68' lang='lat' dir='ltr'><strong>capitibus,</strong></span> <span class='ocrx_word' id='word_1_841' title='bbox 819 5507 1014 5584; x_wconf 67' lang='lat' dir='ltr'><strong>partim</strong></span> <span class='ocrx_word' id='word_1_842' title='bbox 1056 5507 1308 5584; x_wconf 68' lang='lat' dir='ltr'><strong>turbatis,</strong></span> <span class='ocrx_word' id='word_1_843' title='bbox 1348 5508 1550 5584; x_wconf 76' lang='lat' dir='ltr'><strong>partim</strong></span> <span class='ocrx_word' id='word_1_844' title='bbox 1611 5505 1717 5558; x_wconf 86' lang='lat' dir='ltr'><strong>alio</strong></span> <span class='ocrx_word' id='word_1_845' title='bbox 1753 5521 1848 5584; x_wconf 43' lang='lat' dir='ltr'><strong>.re-</strong></span> 
     </span>
    </p>
   </div>
   <div class='ocr_carea' id='block_1_104' title="bbox 251 5575 1848 5650">
    <p class='ocr_par' dir='ltr' id='par_1_104' title="bbox 251 5575 1848 5650">
     <span class='ocr_line' id='line_1_104' title="bbox 251 5575 1848 5650; baseline -0.005 -17"><span class='ocrx_word' id='word_1_846' title='bbox 251 5583 440 5645; x_wconf 79' lang='lat' dir='ltr'><strong>jectis.</strong></span> <span class='ocrx_word' id='word_1_847' title='bbox 493 5578 718 5650; x_wconf 76' lang='lat' dir='ltr'><strong>Reliqua</strong></span> <span class='ocrx_word' id='word_1_848' title='bbox 753 5575 914 5646; x_wconf 77' lang='lat' dir='ltr'><strong>porro</strong></span> <span class='ocrx_word' id='word_1_849' title='bbox 942 5577 1022 5650; x_wconf 61' lang='grc' dir='ltr'><strong>58Δ</strong></span> <span class='ocrx_word' id='word_1_850' title='bbox 1051 5576 1219 5650; x_wconf 76' lang='lat' dir='ltr'><strong>hujus</strong></span> <span class='ocrx_word' id='word_1_851' title='bbox 1244 5576 1366 5650; x_wconf 83' lang='lat' dir='ltr'><strong>libri</strong></span> <span class='ocrx_word' id='word_1_852' title='bbox 1395 5575 1622 5650; x_wconf 79' lang='lat' dir='ltr'><strong>alterius</strong></span> <span class='ocrx_word' id='word_1_853' title='bbox 1648 5575 1848 5650; x_wconf 80' lang='lat' dir='ltr'><strong>capita,</strong></span> 
     </span>
    </p>
   </div>
   <div class='ocr_carea' id='block_1_105' title="bbox 256 5645 1847 5716">
    <p class='ocr_par' dir='ltr' id='par_1_105' title="bbox 256 5645 1847 5716">
     <span class='ocr_line' id='line_1_105' title="bbox 256 5645 1847 5716; baseline -0.002 -16"><span class='ocrx_word' id='word_1_854' title='bbox 256 5664 464 5716; x_wconf 74' lang='lat' dir='ltr'><strong>magno</strong></span> <span class='ocrx_word' id='word_1_855' title='bbox 510 5645 643 5703; x_wconf 86' lang='lat' dir='ltr'><strong>sane</strong></span> <span class='ocrx_word' id='word_1_856' title='bbox 686 5645 889 5700; x_wconf 84' lang='lat' dir='ltr'><strong>datnno</strong></span> <span class='ocrx_word' id='word_1_857' title='bbox 937 5647 1154 5714; x_wconf 87' lang='lat' dir='ltr'><strong>publico</strong></span> <span class='ocrx_word' id='word_1_858' title='bbox 1183 5648 1452 5715; x_wconf 65' lang='lat' dir='ltr'><strong>,periisse,</strong></span> <span class='ocrx_word' id='word_1_859' title='bbox 1479 5645 1560 5698; x_wconf 89' lang='lat' dir='ltr'><strong>vel</strong></span> <span class='ocrx_word' id='word_1_860' title='bbox 1592 5645 1726 5715; x_wconf 76' lang='lat' dir='ltr'><strong>sola:</strong></span> <span class='ocrx_word' id='word_1_861' title='bbox 1758 5645 1847 5697; x_wconf 80' lang='lat' dir='ltr'><strong>iu-</strong></span> 
     </span>
    </p>
   </div>
   <div class='ocr_carea' id='block_1_106' title="bbox 252 5720 1027 5785">
    <p class='ocr_par' dir='ltr' id='par_1_106' title="bbox 252 5720 1027 5785">
     <span class='ocr_line' id='line_1_106' title="bbox 252 5720 1027 5785; baseline -0.004 -12"><span class='ocrx_word' id='word_1_862' title='bbox 252 5721 591 5785; x_wconf 77' lang='lat' dir='ltr'><strong>scriptiones</strong></span> <span class='ocrx_word' id='word_1_863' title='bbox 625 5720 708 5771; x_wconf 74' lang='lat' dir='ltr'><strong>lite</strong></span> <span class='ocrx_word' id='word_1_864' title='bbox 741 5727 1027 5771; x_wconf 84' lang='lat' dir='ltr'><strong>testantur.</strong></span> 
     </span>
    </p>
   </div>
   <div class='ocr_carea' id='block_1_107' title="bbox 329 5784 1836 5859">
    <p class='ocr_par' dir='ltr' id='par_1_107' title="bbox 329 5784 1836 5859">
     <span class='ocr_line' id='line_1_107' title="bbox 329 5784 1836 5859; baseline -0.003 -17"><span class='ocrx_word' id='word_1_865' title='bbox 329 5784 452 5859; x_wconf 74' lang='grc'><strong>(48)</strong></span> <span class='ocrx_word' id='word_1_866' title='bbox 483 5787 600 5843; x_wconf 82' lang='lat' dir='ltr'><strong>Huc</strong></span> <span class='ocrx_word' id='word_1_867' title='bbox 625 5790 781 5858; x_wconf 84' lang='lat' dir='ltr'><strong>plane</strong></span> <span class='ocrx_word' id='word_1_868' title='bbox 815 5790 1088 5858; x_wconf 87' lang='lat' dir='ltr'><strong>pertinent</strong></span> <span class='ocrx_word' id='word_1_869' title='bbox 1112 5801 1228 5855; x_wconf 73' lang='lat' dir='ltr'><strong>«pne</strong></span> <span class='ocrx_word' id='word_1_870' title='bbox 1255 5801 1421 5840; x_wconf 75' lang='lat' dir='ltr'><strong>set-tn.</strong></span> <span class='ocrx_word' id='word_1_871' title='bbox 1471 5785 1559 5848; x_wconf 87' lang='lat'><strong>80.</strong></span> <span class='ocrx_word' id='word_1_872' title='bbox 1586 5784 1645 5838; x_wconf 81' lang='lat'><strong>81</strong></span> <span class='ocrx_word' id='word_1_873' title='bbox 1677 5784 1836 5848; x_wconf 69' lang='lat' dir='ltr'><strong>et82,</strong></span> 
     </span>
    </p>
   </div>
   <div class='ocr_carea' id='block_1_108' title="bbox 1956 5293 3037 5362">
    <p class='ocr_par' dir='ltr' id='par_1_108' title="bbox 1956 5293 3037 5362">
     <span class='ocr_line' id='line_1_108' title="bbox 1956 5293 3037 5362; baseline -0.003 -13"><span class='ocrx_word' id='word_1_874' title='bbox 1956 5294 2008 5349; x_wconf 89' lang='lat' dir='ltr'><strong>in</strong></span> <span class='ocrx_word' id='word_1_875' title='bbox 2045 5293 2278 5346; x_wconf 85' lang='lat' dir='ltr'><strong>Cnnradi</strong></span> <span class='ocrx_word' id='word_1_876' title='bbox 2307 5293 2436 5348; x_wconf 90' lang='lat' dir='ltr'><strong>edit.</strong></span> <span class='ocrx_word' id='word_1_877' title='bbox 2467 5293 2735 5361; x_wconf 89' lang='lat' dir='ltr'><strong>hodieque</strong></span> <span class='ocrx_word' id='word_1_878' title='bbox 2769 5293 3037 5362; x_wconf 82' lang='lat' dir='ltr'><strong>leguntur.</strong></span> 
     </span>
    </p>
   </div>
   <div class='ocr_carea' id='block_1_109' title="bbox 2030 5363 3517 5433">
    <p class='ocr_par' dir='ltr' id='par_1_109' title="bbox 2030 5363 3517 5433">
     <span class='ocr_line' id='line_1_109' title="bbox 2030 5363 3517 5433; baseline 0.001 -17"><span class='ocrx_word' id='word_1_879' title='bbox 2030 5364 2144 5433; x_wconf 84' lang='grc'><strong>(59)</strong></span> <span class='ocrx_word' id='word_1_880' title='bbox 2173 5363 2274 5417; x_wconf 83' lang='lat' dir='ltr'><strong>Cui</strong></span> <span class='ocrx_word' id='word_1_881' title='bbox 2321 5380 2532 5417; x_wconf 67' lang='lat' dir='ltr'><strong>rursum</strong></span> <span class='ocrx_word' id='word_1_882' title='bbox 2589 5366 2763 5432; x_wconf 85' lang='lat' dir='ltr'><strong>capita</strong></span> <span class='ocrx_word' id='word_1_883' title='bbox 2814 5366 3052 5431; x_wconf 84' lang='lat' dir='ltr'><strong>quinque</strong></span> <span class='ocrx_word' id='word_1_884' title='bbox 3101 5363 3315 5431; x_wconf 83' lang='lat' dir='ltr'><strong>subjirit.</strong></span> <span class='ocrx_word' id='word_1_885' title='bbox 3355 5364 3517 5422; x_wconf 73' lang='lat' dir='ltr'><strong>Canit.</strong></span> 
     </span>
    </p>
   </div>
   <div class='ocr_carea' id='block_1_110' title="bbox 1955 5435 3531 5503">
    <p class='ocr_par' dir='ltr' id='par_1_110' title="bbox 1955 5435 3531 5503">
     <span class='ocr_line' id='line_1_110' title="bbox 1955 5435 3531 5503; baseline 0 -13"><span class='ocrx_word' id='word_1_886' title='bbox 1955 5439 2152 5497; x_wconf 80' lang='lat' dir='ltr'><strong>codex,</strong></span> <span class='ocrx_word' id='word_1_887' title='bbox 2183 5449 2411 5502; x_wconf 88' lang='lat' dir='ltr'><strong>quorum</strong></span> <span class='ocrx_word' id='word_1_888' title='bbox 2437 5445 2617 5485; x_wconf 81' lang='lat' dir='ltr'><strong>tamen</strong></span> <span class='ocrx_word' id='word_1_889' title='bbox 2645 5435 2892 5487; x_wconf 88' lang='lat' dir='ltr'><strong>ultimum</strong></span> <span class='ocrx_word' id='word_1_890' title='bbox 2923 5435 3050 5488; x_wconf 86' lang='lat' dir='ltr'><strong>illud</strong></span> <span class='ocrx_word' id='word_1_891' title='bbox 3084 5445 3188 5498; x_wconf 86' lang='lat' dir='ltr'><strong>est,</strong></span> <span class='ocrx_word' id='word_1_892' title='bbox 3218 5437 3358 5503; x_wconf 86' lang='lat' dir='ltr'><strong>quod</strong></span> <span class='ocrx_word' id='word_1_893' title='bbox 3377 5449 3531 5490; x_wconf 83' lang='lat' dir='ltr'><strong>oeta-</strong></span> 
     </span>
    </p>
   </div>
   <div class='ocr_carea' id='block_1_111' title="bbox 1956 5505 2670 5559">
    <p class='ocr_par' dir='ltr' id='par_1_111' title="bbox 1956 5505 2670 5559">
     <span class='ocr_line' id='line_1_111' title="bbox 1956 5505 2670 5559; baseline -0.001 -1"><span class='ocrx_word' id='word_1_894' title='bbox 1956 5522 2080 5559; x_wconf 85' lang='lat' dir='ltr'><strong>vum</strong></span> <span class='ocrx_word' id='word_1_895' title='bbox 2115 5507 2200 5558; x_wconf 83' lang='lat' dir='ltr'><strong>hic</strong></span> <span class='ocrx_word' id='word_1_896' title='bbox 2235 5505 2409 5558; x_wconf 89' lang='lat' dir='ltr'><strong>locmn</strong></span> <span class='ocrx_word' id='word_1_897' title='bbox 2443 5505 2670 5557; x_wconf 90' lang='lat' dir='ltr'><strong>obtinet.</strong></span> 
     </span>
    </p>
   </div>
   <div class='ocr_carea' id='block_1_112' title="bbox 2028 5572 3387 5646">
    <p class='ocr_par' dir='ltr' id='par_1_112' title="bbox 2028 5572 3387 5646">
     <span class='ocr_line' id='line_1_112' title="bbox 2028 5572 3387 5646; baseline -0.001 -16"><span class='ocrx_word' id='word_1_898' title='bbox 2028 5575 2140 5646; x_wconf 71' lang='grc'><strong>(50)</strong></span> <span class='ocrx_word' id='word_1_899' title='bbox 2176 5572 2316 5646; x_wconf 63' lang='lat' dir='ltr'><strong>Yide</strong></span> <span class='ocrx_word' id='word_1_900' title='bbox 2345 5573 2695 5646; x_wconf 58' lang='lat' dir='ltr'><strong>Plutarchum</strong></span> <span class='ocrx_word' id='word_1_901' title='bbox 2721 5574 2914 5646; x_wconf 79' lang='lat' dir='ltr'><strong>libello</strong></span> <span class='ocrx_word' id='word_1_902' title='bbox 2949 5573 3027 5626; x_wconf 84' lang='lat' dir='ltr'><strong>De</strong></span> <span class='ocrx_word' id='word_1_903' title='bbox 3060 5574 3387 5630; x_wconf 74' lang='lat' dir='ltr'><strong>curiositate.</strong></span> 
     </span>
    </p>
   </div>
   <div class='ocr_carea' id='block_1_113' title="bbox 2030 5639 3531 5718">
    <p class='ocr_par' dir='ltr' id='par_1_113' title="bbox 2030 5639 3531 5718">
     <span class='ocr_line' id='line_1_113' title="bbox 2030 5639 3531 5718; baseline 0 -18"><span class='ocrx_word' id='word_1_904' title='bbox 2030 5639 2142 5718; x_wconf 72' lang='grc'><strong>(51)</strong></span> <span class='ocrx_word' id='word_1_905' title='bbox 2175 5645 2317 5714; x_wconf 85' lang='lat' dir='ltr'><strong>Lege</strong></span> <span class='ocrx_word' id='word_1_906' title='bbox 2351 5643 2576 5699; x_wconf 87' lang='lat' dir='ltr'><strong>Lueiani</strong></span> <span class='ocrx_word' id='word_1_907' title='bbox 2607 5645 2774 5698; x_wconf 84' lang='lat' dir='ltr'><strong>libell.</strong></span> <span class='ocrx_word' id='word_1_908' title='bbox 2811 5639 2934 5697; x_wconf 82' lang='lat' dir='ltr'><strong>Non</strong></span> <span class='ocrx_word' id='word_1_909' title='bbox 2960 5660 3069 5697; x_wconf 79' lang='lat' dir='ltr'><strong>esse</strong></span> <span class='ocrx_word' id='word_1_910' title='bbox 3111 5647 3392 5701; x_wconf 73' lang='lat' dir='ltr'><strong>calumnia:</strong></span> <span class='ocrx_word' id='word_1_911' title='bbox 3415 5663 3531 5700; x_wconf 74' lang='lat' dir='ltr'><strong>crc—</strong></span> 
     </span>
    </p>
   </div>
   <div class='ocr_carea' id='block_1_114' title="bbox 1955 5718 2202 5771">
    <p class='ocr_par' dir='ltr' id='par_1_114' title="bbox 1955 5718 2202 5771">
     <span class='ocr_line' id='line_1_114' title="bbox 1955 5718 2202 5771; baseline -0.008 -1"><span class='ocrx_word' id='word_1_912' title='bbox 1955 5718 2178 5771; x_wconf 82' lang='lat' dir='ltr'><strong>dendum</strong></span> <span class='ocrx_word' id='word_1_913' title='bbox 2190 5756 2202 5768; x_wconf 92' lang='lat'><strong>.</strong></span> 
     </span>
    </p>
   </div>
   <div class='ocr_carea' id='block_1_115' title="bbox 2017 5784 3021 5858">
    <p class='ocr_par' dir='ltr' id='par_1_115' title="bbox 2017 5784 3021 5858">
     <span class='ocr_line' id='line_1_115' title="bbox 2017 5784 3021 5858; baseline -0.001 -16"><span class='ocrx_word' id='word_1_914' title='bbox 2017 5786 2131 5858; x_wconf 77' lang='lat'><strong>(5&#39;2)</strong></span> <span class='ocrx_word' id='word_1_915' title='bbox 2167 5786 2238 5840; x_wconf 81' lang='lat' dir='ltr'><strong>De</strong></span> <span class='ocrx_word' id='word_1_916' title='bbox 2263 5802 2368 5856; x_wconf 87' lang='lat' dir='ltr'><strong>quo</strong></span> <span class='ocrx_word' id='word_1_917' title='bbox 2407 5795 2458 5840; x_wconf 86' lang='lat' dir='ltr'><strong>et</strong></span> <span class='ocrx_word' id='word_1_918' title='bbox 2489 5784 2761 5839; x_wconf 76' lang='lat' dir='ltr'><strong>Plutarchi</strong></span> <span class='ocrx_word' id='word_1_919' title='bbox 2788 5784 3021 5842; x_wconf 84' lang='lat' dir='ltr'><strong>libellus.</strong></span> 
     </span>
    </p>
   </div>
  </div>
