4062 6460
605 320 716 386 183

1759 322 2024 383 ΡΗΟΤΙῙ
2053 318 2565 385 PATRIARCH/‘E
2594 320 2708 380 ΕΡ.

3734 336 3825 403 481

608 430 891 500 improbis,
925 446 1097 502 neque
1129 433 1288 488 abiis
1337 433 1656 488 beneﬁcium
1698 434 1867 489 ullum
1918 433 2575 505 accipiendum.Denique
2620 433 2687 486 de
2719 430 3050 501 gratitudine
3099 431 3237 502 (55).
3278 431 3446 505 Atque
3494 437 3599 497 haec
3641 460 3823 509 summa

604 529 841 596 capitum
873 526 1091 580 secundi
1128 528 1268 580 libri.

687 619 906 672 Tertius
941 617 1135 669 dehinc
1163 616 1341 685 capita
1379 616 1622 669 continet
1648 632 1755 671 ml
1783 616 1915 686 (51).
1944 614 2183 669 Primum
2214 622 2261 678 Α

2371 616 2461 667 Ἐν
2510 614 2567 668 δὲ
2608 612 2685 683 τῷ
2730 613 2777 681 γ’
2810 612 3129 683 περιέχεται
3185 609 3455 680 κεφάλαια
3483 618 3610 687 ΜΒ¹,
3641 626 3829 693 πρῶτον

607 715 675 766 de
704 712 928 764 virtute.
954 710 1201 763 Alterum
1232 711 1298 762 de
1326 710 1476 763 vitio.
1506 710 1560 767 5.
1592 704 1669 762 De
1698 712 2004 778 prudentia.
2032 712 2082 763 4.
2114 711 2169 763 υς

2291 708 2418 778 7:591
2442 706 2660 774 ἀρετῆς,
2690 698 2808 758 εἶτα
2841 703 2966 774 7:591
2993 703 3213 767 κακίας,
3241 705 3367 773 περὶ
3388 710 3702 782 φρονήσεως,
3724 727 3830 791 περὶ

604 801 991 871 imprudentia.
1019 800 1070 853 5.
1097 800 1172 854 De
1198 802 1636 867 temperantia.6.
1657 801 1731 855 De
1752 802 2184 869 intemperantia.

602 895 655 948 7.
700 893 772 947 Dc
812 892 1152 945 fortitudine.
1191 890 1244 944 8.
1288 891 1362 945 De
1415 892 1729 944 timiditate.
1765 892 1817 946 9.
1860 890 2183 959 Dejustitia.

603 985 694 1039 10.
727 986 800 1039 De
850 983 1084 1039 habendi
1138 984 1435 1051 cupiditate
1488 992 1652 1050 atque
1681 982 1963 1048 iujustitia.
1996 984 2078 1037 11.
2113 982 2186 1038 De

599 1080 852 1133 veritate.
877 1078 962 1131 12.
988 1079 1063 1131 De
1086 1076 1387 1130 mendacio.
1419 1075 1505 1129 15.
1534 1075 1610 1131 De
1640 1075 1888 1144 loquendi
1915 1076 2180 1130 libertate.

602 1175 687 1228 14.
719 1173 793 1227 De
839 1172 1228 1226 assentatione.
1282 1171 1368 1225 15.
1406 1171 1482 1223 De
1527 1168 1928 1237 prodigalitate.
1984 1170 2066 1223 16.
2111 1170 2183 1225 De

598 1266 933 1336 parcimouia
970 1262 1099 1333 [seu
1151 1260 1499 1332 tenacitate].
1537 1262 1624 1315 17.
1682 1260 1756 1315 De
1817 1262 2177 1316 continentia.

598 1360 681 1413 18.
716 1357 791 1412 De
817 1356 1231 1412 iucontinentia.
1261 1355 1346 1410 19.
1380 1356 1452 1408 De
1479 1355 1737 1422 patientia
1765 1353 1883 1426 [seu
1915 1354 2176 1407 malorum

597 1447 930 1519 tolerantia].
972 1448 1066 1501 20.
1112 1446 1187 1500 De
1232 1446 1532 1500 iracundia.
1562 1447 1651 1499 21.
1688 1445 1763 1499 De
1806 1445 2180 1512 cognoscendo

592 1546 852 1609 seipsum.
905 1540 996 1594 22.
1035 1540 1109 1593 De
1145 1538 1311 1593 fastu.
1377 1539 1471 1592 25.
1528 1539 1600 1591 De
1648 1551 1793 1590 czeco
1840 1537 1919 1588 sui
1969 1548 2173 1589 amore.

588 1632 680 1685 21.
718 1630 792 1685 De
820 1629 1183 1683 conscientia.
1220 1627 1311 1682 25.
1352 1628 1424 1680 De
1464 1628 1743 1679 memoria.
1785 1624 1876 1678 26.
1916 1627 1985 1679 De
2034 1624 2177 1677 obli-

590 1724 774 1777 vioue.
808 1722 900 1775 27.
931 1720 1008 1775 De
1034 1720 1416 1788 jurejurando.
1451 1719 1543 1774 28.
1592 1720 1662 1772 De
1689 1718 1953 1784 periurio.
1980 1718 2071 1771 29.
2102 1714 2175 1770 De

590 1814 792 1867 laboris
857 1812 1057 1867 studio.
1120 1811 1211 1865 50.
1266 1811 1340 1863 De
1396 1810 1631 1879 ignavia.
1679 1810 1768 1863 51.
1814 1810 1886 1862 De
1943 1808 2169 1876 pudore.

590 1906 681 1959 52.
715 1906 787 1957 lie
833 1902 1199 1968 impudentia.
1234 1900 1323 1954 55.
1366 1899 1443 1952 Dc
1471 1899 1706 1951 silentio.
1741 1898 1831 1951 54.
1870 1894 1941 1949 De
1972 1907 2173 1962 tempe-

2288 794 2623 865 ἀφροσύνης,
2655 794 2782 864 7:591
2817 792 3193 864 σωφροσύνης,
3230 795 3357 865 7:591
3394 794 3696 868 ἀκολασίας,
3726 818 3828 882 περ’,

2287 887 2530 955 ἀνδρίας,
2558 885 2687 953 7:591
2716 883 2942 947 δειλίας,
2974 886 3102 952 7:591
3125 886 3489 958 δικαιοσύνης,
3521 892 3641 962 περὶ
3667 898 3826 951 πλεον-

2286 979 2433 1043 εξέας
2464 978 2559 1030 καὶ
2586 976 2821 1036 ἀδικίας,
2856 977 2985 1046 7:591
3015 977 3292 1048 ἀληθείας,
3324 980 3449 1044 7:591
3467 980 3701 1049 ψεύδους,
3725 996 3827 1061 7:591

2286 1070 2635 1140 παρρησίας,
2669 1064 2796 1137 περὶ
2848 1067 3163 1131 κολακείας,
3200 1069 3327 1139 περὶ
3379 1071 3609 1137 ἀσωτίας
3627 1077 3687 1141 ⁸ο,
3726 1082 3828 1151 περὶ

2284 1160 2592 1229 φειδωλίας,
2652 1159 2781 1228 7:591
2832 1160 3179 1228 ἐγκρατείας,
3225 1162 3351 1232 7:591
3400 1163 3684 1235 ἀκρασίας,
3726 1176 3830 1240 περὶ

2282 1250 2654 1316 ἀνεξικακίας,
2706 1250 2835 1320 7:591
2883 1249 3072 1320 ὀργῆς,
3108 1250 3236 1322 7:591
3286 1252 3380 1305 τοῦ
3432 1255 3598 1320 γνῶθι
3647 1262 3829 1321 σαυτδν,

2281 1346 2411 1415 7:591
2446 1340 2768 1414 ὑπεροψίας,
2806 1344 2934 1414 περὶ
2968 1343 3275 1412 φιλαυτίας,
3315 1348 3443 1416 7:591
3490 1348 3579 1401 τοῦ
3625 1352 3831 1407 συνειδό-

2277 1453 2391 1502 τος,
2440 1433 2571 1505 περἱ
2622 1441 2865 1504 μνήμηςν
2912 1435 3041 1506 περὶ
3090 1435 3281 1507 λήθης.
3330 1439 3456 1508 περὶ
3506 1440 3681 1510 ὅρκου,
3724 1449 3830 1514 7:591

2276 1527 2585 1599 ἐπιορκίας,
2623 1529 2751 1598 7:591
2788 1528 3122 1596 φιλοπονίας,
3161 1531 3290 1600 7:591
3335 1532 3552 1599 ἀργίας,
3600 1536 3717 1604 περὶ
3759 1539 3830 1588 αξ-

2276 1620 2422 1683 δοῢς,
2447 1621 2577 1691 7:591
2606 1621 2904 1683 ἀναιδείας,
2941 1621 3069 1690 7:591
3105 1624 3284 1691 σιγῆς,
3316 1622 3561 1691 περὶτοῦ
3592 1623 3832 1697 εὐκαίρως

2274 1712 2477 1780 λέγειν,
2534 1713 2664 1785 7:591
2719 1713 3103 1784 βραχυλογίας,
3159 1714 3286 1783 περὶ
3336 1712 3679 1785 ἀδολεσχίας,
3727 1720 3833 1787 7:591

2275 1806 2666 1877 χρηστότητος,
2747 1808 2877 1879 περὶ
2926 1807 3155 1874 φθόνου,
3205 1808 3335 1877 7:591
3390 1808 3678 1879 πατρίῑος,
3728 1812 3835 1880 7:591

2277 1897 2455 1967 ξένης,
2491 1898 2617 1968 7:591
2647 1899 2997 1971 ἀπορρήτων,
3026 1900 3120 1952 καὶ
3153 1899 3241 1968 μβ¹
3279 1900 3411 1969 7:591
3440 1896 3708 1969 διαϐολῆς.

595 2000 732 2053 stiva
763 1998 1036 2049 oratione.
1063 1992 1152 2047 55.
1185 1992 1261 2045 De
1288 1988 1502 2046 dicendi
1536 1990 1821 2045 brevitate.
1856 1987 1953 2043 56.
1984 1982 2062 2041 De
2084 1988 2403 2059 garrulitate
2441 1987 2579 2059 (55).
2648 1989 2741 2044 57.
2792 1990 2867 2044 De
2923 1991 3278 2061 benignitate.
3344 1990 3437 2046 58.
3513 1991 3585 2045 De
3644 1994 3836 2058 invidia,

588 2095 683 2151 3‘).
720 2091 793 2144 De
824 2088 1019 2157 patria.
1048 2084 1136 2139 40.
1170 2083 1244 2137 De
1289 2083 1571 2152 peregrina
1626 2093 1793 2135 terra.
1831 2081 1922 2137 41.
1962 2081 2041 2137 De
2065 2081 2305 2146 arcanis,
2342 2089 2401 2135 et
2426 2080 2517 2136 42.
2559 2081 2632 2135 De
2664 2082 2960 2136 calumnia.

658 2183 848 2249 Quarti
880 2180 1113 2247 denique
1144 2178 1262 2231 libri
1290 2177 1467 2245 capita
1518 2174 1635 2228 hzec
1665 2185 1811 2229 sunt.
1837 2174 2076 2228 Primum
2113 2175 2169 2229 de

2354 2172 2436 2227 Τά
2458 2172 2517 2227 δὲ
2546 2172 2641 2227 τοῦ
2669 2174 2710 2227 δ’
2745 2172 2952 2244 βιϐλίου
2978 2174 3097 2227 ἐστὶ
3124 2173 3294 2228 ταῦτα
3316 2217 3331 2239 ,
3366 2170 3584 2247 πρῶτον
3612 2177 3733 2246 7:591
3756 2195 3836 2230 7:0-

586 2271 863 2340 republica
890 2268 1027 2338 (56),
1048 2268 1275 2319 alterum
1300 2267 1366 2319 de
1412 2263 1621 2333 legibus
1670 2274 1725 2317 et
1752 2263 2160 2317 consuetudini-

588 2367 708 2417 hus.
738 2364 791 2415 5.
821 2362 892 2414 De
921 2360 1074 2428 plebe
1106 2357 1247 2428 (57).
1293 2358 1346 2411 «1.
1384 2355 1456 2409 De
1496 2355 1806 2424 potentibus
1838 2355 1889 2408 in
1923 2355 2163 2414 civitate.

586 2453 640 2508 5.
674 2453 748 2507 De
801 2452 1145 2520 principatu;
1189 2459 1244 2501 et
1297 2446 1520 2512 Qualem
1566 2461 1690 2500 esse
1742 2447 2039 2515 principem
2101 2462 2166 2500 ac

588 2548 967 2614 magistratum
998 2544 1209 2596 deceat.
1242 2539 1295 2593 6.
1338 2537 1616 2608 Optimum
1642 2552 1761 2591 esse
1803 2538 1966 2591 unius
1997 2538 2167 2604 impe-

586 2638 752 2690 rium.
782 2635 834 2689 7.
871 2632 1048 2705 Regni
1086 2631 1499 2686 administrandi
1535 2630 1945 2699 praeceptiones.
1986 2629 2039 2684 8.
2081 2629 2168 2683 Vi-

588 2727 856 2797 tuperatio
876 2726 1197 2797 tyrannidis.
1215 2725 1268 2777 9.
1292 2723 1364 2776 De
1395 2722 1551 2776 bello.
1570 2720 1657 2776 10.
1674 2721 1748 2774 De
1771 2722 1995 2776 audacia
2030 2722 2163 2791 (58).

585 2822 675 2876 11.
707 2823 781 2875 De
814 2820 1099 2887 juventute
1127 2818 1263 2889 (59).
1302 2817 1390 2870 12.
1426 2815 1502 2871 De
1537 2816 1661 2870 belli
1700 2816 2159 2884 imperatoribus;

583 2925 660 2978 et,
691 2915 763 2966 De
788 2916 854 2968 iis
873 2929 989 2980 quae
1010 2912 1216 2966 militia:
1240 2910 1358 2963 usui
1378 2924 1495 2962 esse
1512 2910 1721 2977 possint
1740 2919 2011 2976 praecepta
2028 2907 2162 2977 (60).

585 3005 675 3059 15.
712 3005 785 3057 De
813 3018 962 3071 pace.
998 3003 1083 3057 11.
1122 3002 1195 3055 De
1234 3001 1623 3070 agricultura‘.
1669 3000 1753 3053 15.
1784 2998 1857 3052 De
1899 3000 2164 3066 tranquil-

585 3094 753 3146 litate.
796 3092 885 3147 16.
948 3092 1024 3146 De
1078 3092 1423 3161 navigatione
1466 3092 1544 3159 (et
1589 3087 1912 3158 naufragio).
1959 3088 2045 3142 17.
2093 3089 2165 3142 De

583 3186 846 3239 artibus‘.
879 3184 967 3238 18.
1005 3182 1081 3238 De
1124 3182 1358 3237 dominis
1403 3192 1459 3236 et
1506 3183 1694 3236 servis.
1731 3179 1817 3235 19.
1849 3183 1920 3234 De
1957 3179 2163 3234 Venere

580 3275 789 3344 vulgari
817 3274 957 3345 (qua:
987 3274 1357 3343 generationis
1400 3274 1650 3327 humanae
1685 3272 1797 3341 (61)
1825 3288 2049 3326 causam
2084 3271 2165 3325 fo-

581 3368 715 3435 vet).
749 3366 842 3422 20.
883 3367 954 3420 De
1000 3381 1186 3419 amore
1240 3364 1573 3432 voluptatum
1624 3367 1871 3434 corporis
1904 3365 2037 3435 (62).
2070 3365 2159 3419 21.

583 3457 661 3511 De
686 3455 1150 3526 pulchritudine‘.
1188 3454 1280 3508 22.
1318 3456 1391 3507 De
1439 3453 1661 3522 nuptiis,
1707 3464 1760 3508 et
1805 3452 1925 3521 ejus
1971 3454 2163 3520 capitis

2267 2265 2492 2329 λιτείας,
2521 2266 2771 2336 δεύτερον
2804 2266 2931 2337 περὶ
2966 2266 3144 2337 νόμων
3178 2268 3273 2320 καὶ
3299 2266 3444 2320 ἐθῶν
3463 2305 3479 2329 ,
3515 2270 3640 2338 7:591
3666 2269 3837 2339 δῆμου,

2268 2358 2396 2431 7:591
2422 2356 2532 2409 τῶν
2562 2360 2618 2410 ὲν
2648 2361 2767 2421 ταῖς
2802 2358 2990 2411 πόλεσι
3016 2355 3262 2412 δυνατῶν
3280 2356 3349 2425 δί,
3386 2360 3517 2430 7:591
3543 2361 3710 2431 ἀρχῆς
3728 2402 3741 2422 ,
3761 2360 3840 2413 καὶ

2268 2448 2397 2518 περὶ
2424 2446 2518 2501 τοῦ
2546 2450 2729 2500 ὁποῖον
2764 2448 2867 2518 χρὴ
2897 2442 3034 2501 εἶναι
3070 2448 3159 2501 τὸν
3186 2445 3446 2520 ἄρχοντα,
3472 2450 3554 2502 ὅτι
3586 2446 3844 2504 κάλλιστον

2268 2539 2301 2608 ἡ
2332 2539 2618 2609 μοναρχία,
2654 2538 2923 2608 ὑποθῆκαι
2960 2539 3090 2609 7:591
3120 2535 3424 2610 βασιλείας,
3458 2540 3624 2609 ψόγος
3666 2558 3840 2611 τυραν-

2268 2629 2431 2693 νίδος,
2474 2630 2602 2699 7:591
2640 2629 2880 2700 πολέμου
2902 2670 2916 2696 ,
2948 2630 3079 2701 7:591
3112 2632 3319 2700 τόλμης
3349 2674 3363 2695 ,
3419 2631 3551 2700 7:591
3598 2632 3840 2702 νεότητος,

2268 2722 2398 2793 περὶ
2432 2721 2774 2792 στρατηγῶν,
2810 2719 2903 2775 καὶ
2934 2723 3061 2793 7:591
3088 2722 3196 2775 τῶν
3224 2720 3373 2775 κατὰ
3409 2723 3649 2793 πόλεμον
3672 2725 3843 2793 χρειῶν

2268 2814 2566 2882 ὑποθῆκαι,
2596 2815 2726 2886 7:591
2775 2813 3016 2885 εἰρήνης,
3052 2814 3180 2886 7:591
3225 2814 3530 2887 γεωργίας,
3559 2817 3685 2887 περὶ
3734 2817 3844 2886 ἠσμ-

2267 2909 2410 2978 χίας,
2447 2910 2574 2978 περὶ
2618 2908 2913 2971 ναυτιλίας,
2952 2909 3079 2979 περὶ
3127 2910 3359 2978 τεχνῶν,
3422 2910 3547 2979 περὶ
3598 2909 3846 2962 δεσποτῶν

2267 3001 2362 3052 καὶ
2407 2999 2631 3062 δούλων,
2668 3000 2796 3070 7:591
2854 3000 3176 3070 Ἀφροδίτης
3225 2999 3520 3071 πανδήμου
3564 2998 3714 3054 καὶ⁸²
3740 2999 3848 3069 7:591

2266 3090 2469 3162 ἔρωτος
2513 3091 2621 3143 τῶν
2667 3092 2809 3143 κατὰ
2855 3092 2915 3143 τὸ
2961 3091 3121 3160 σῶμα
3171 3089 3400 3161 ἡδονῶν,
3440 3093 3570 3158 περὶ
3617 3091 3843 3152 κάλλους,

2267 3185 2397 3253 7:591
2426 3184 2629 3251 γάμου,
2658 3183 2755 3236 καὶ
2784 3183 2853 3237 τὰ
2882 3184 3007 3253 ἑξῆς
3039 3184 3132 3236 τοῦ
3165 3185 3471 3251 κεφαλαίου
3508 3185 3716 3238 τούτου.
3749 3185 3841 3237 Γα-

2269 3275 2404 3345 μικά
2439 3270 2901 3345 παραγγέλματα,
2933 3275 3027 3328 καὶ
3060 3273 3188 3345 7:591
3224 3277 3459 3341 παίδων,
3493 3280 3588 3331 καὶ
3635 3277 3701 3331 τὰ
3743 3277 3851 3343 ἑξῆς

2265 3364 2358 3420 τοῦ
2392 3366 2691 3435 κεφαλαίου
2732 3367 2946 3421 τούτου.
2996 3370 3104 3421 Καὶ
3148 3370 3229 3422 ὅτι
3262 3368 3375 3440 χρὴ
3411 3370 3543 3434 τοὺς
3572 3374 3742 3440 γονεῖς
3769 3372 3851 3440 τῆς

2266 3457 2619 3528 καθηκούσης
2650 3460 2817 3528 τιμῆς
2857 3456 3242 3524 καταξιοῦσθαι
3276 3460 3436 3532 παρά
3479 3462 3591 3516 τῶν
3631 3464 3845 3516 τέκνων·

580 3562 777 3605 cartera
815 3549 950 3620 (65).
972 3548 1063 3602 25.
1087 3546 1442 3601 Connubialia
1482 3557 1768 3616 praecepta.
1794 3545 1885 3599 24.
1919 3547 1989 3599 De
2025 3545 2160 3599 libe-

2271 3551 2482 3613 ὁποίους
2520 3550 2624 3623 χρὴ
2669 3544 2806 3603 εἶναι
2847 3552 2972 3615 τοὺς
3006 3551 3251 3621 πατέρας
3281 3554 3420 3624 7:591
3449 3554 3520 3607 τὰ
3552 3554 3851 3607 τέκνα.”οτι

580 3645 680 3707 ris,
708 3652 765 3697 et
802 3643 920 3711 ejus
952 3640 1165 3711 generis
1195 3641 1403 3710 reliqua
1434 3638 1571 3710 (65).
1603 3638 1698 3694 25.
1734 3638 1925 3692 Debito
1964 3653 2162 3706 paren-

585 3744 668 3788 tes
711 3734 914 3788 honore
963 3749 991 3784 a
1032 3732 1217 3785 liberis
1265 3746 1387 3786 esse
1439 3730 1748 3784 alliciendos
1799 3728 1900 3801 [et,
1945 3729 2027 3782 An
2070 3744 2165 3797 per

2271 3732 2523 3798 διάθεσις.
2559 3736 2935 3807 οἰκονομικός.
2972 3734 3108 3806 Περὶ
3137 3738 3428 3805 εὐγενείας
3448 3779 3463 3801 ,

2264 3642 2616 3713 κάλλιστονή
2656 3642 2979 3712 φιλαδελφία
3024 3640 3120 3697 καλ⁸
3158 3646 3190 3714 ἡ
3224 3642 3359 3715 περὶ
3407 3647 3540 3710 τοὺς
3593 3648 3850 3715 συγγενεῖς

3513 3741 3612 3793 καὶ
3641 3742 3709 3792 τὰ
3743 3738 3850 3805 ἑξῆς

582 3826 763 3878 omnia
811 3826 892 3878 eis
946 3824 1169 3878 obedire
1224 3821 1562 3893 conveniat].
1612 3822 1705 3877 26.
1748 3822 1945 3889 Quales
1976 3823 2164 3875 deceat

2271 3827 2355 3881 τοῦ
2388 3827 2685 3898 κεφαλαίου
2724 3827 2912 3882 τούτου
2936 3844 2949 3859 ·
2988 3828 3118 3899 7:591
3146 3829 3494 3898 δυσγενείας.
3534 3833 3669 3903 Περὶ
3705 3827 3849 3883 πλού-

582 3933 703 3973 esse
735 3925 988 3985 parentes
1030 3932 1156 3987 erga
1198 3916 1398 3971 liberos
1425 3916 1560 3986 (61),
1590 3914 1669 3987 [et
1713 3916 1856 3983 quod
1908 3914 2164 3981 utrinque

2271 3935 2378 3983 του,
2407 3920 2501 3972 καὶ
2525 3917 2594 3971 τὰ
2623 3919 2750 3989 ἑξῆς
2775 3919 2870 3973 τοῦ
2897 3921 3196 3990 κεφαλαίου
3220 3919 3418 3976 τούτου
3445 3939 3461 3954 ·
3492 3922 3623 3995 7:591
3648 3922 3849 3984 πενίας·

582 4013 813 4064 naturali
880 4013 1118 4080 quadam
1180 4011 1510 4064 necessitate
1569 4020 1759 4062 mutuo
1795 4005 2155 4079 alIiciantur].

578 4103 668 4158 27.
717 4102 1037 4157 Fraternum
1085 4117 1360 4167 amorem,
1406 4111 1462 4156 et
1492 4101 1656 4154 animi
1704 4100 1981 4166 allectum,
2032 4115 2157 4169 erga

580 4203 843 4265 cognatos
877 4211 999 4249 esse
1050 4195 1495 4249 honestissimum
1544 4182 1822 4264 [quodque
1870 4193 1921 4245 hi
1974 4206 2160 4245 neces-

579 4290 709 4343 sarii
749 4287 903 4362 sint.]
954 4288 1046 4344 28.
1087 4289 1161 4342 De
1213 4288 1290 4342 rei
1334 4286 1616 4341 familiaris
1664 4287 1873 4341 tuendae
1929 4287 2156 4341 ratione.

579 4383 668 4437 59.
703 4382 777 4437 De
803 4382 1089 4435 nobilitate
1118 4379 1353 4450 [nobiles
1389 4378 1510 4433 illos
1534 4393 1682 4440 esse,
1718 4379 1808 4448 qui
1842 4392 1908 4431 ex
1941 4377 2158 4431 virtutis

576 4476 891 4546 praescripto
925 4473 1133 4540 vivant,
1159 4473 1378 4526 tametsi
1413 4487 1512 4526 nec
1543 4472 1703 4526 bonis
1745 4470 1986 4525 moribus
2020 4485 2159 4538 pra:-

575 4568 704 4622 ditis
734 4566 1056 4638 parentibus
1097 4564 1203 4619 orti
1249 4561 1383 4635 sint]
1420 4572 1473 4618 et
1522 4562 1728 4617 reliom
1776 4562 2020 4631 ejusdem
2065 4579 2156 4615 ar-

2268 4014 2559 4082 σύγκρισις
2592 4010 2785 4077 πενίας
2830 4012 2924 4068 καὶ
2968 4010 3357 4070 πλούτου.“οτι
3393 4017 3423 4071 ὁ
3458 4017 3576 4087 βίος
3618 4016 3743 4089 [195
3771 4011 3848 4083 11.]

2268 4104 2477 4177 βραχὺς
2505 4106 2600 4159 καὶ
2631 4107 2928 4177 φροντίδων
2955 4104 3280 4178 ἀνάμεστος.
3318 4108 3454 4181 [572
3485 4108 3583 4183 Β.]
3615 4104 3850 4179 1159116-

2267 4213 2395 4265 πηςι
2429 4196 2511 4251 δτι
2558 4197 2683 4251 λίαν
2732 4198 3004 4269 μοχθηράο
3052 4201 3185 4270 Περὶ
3228 4203 3391 4255 νόσου
3440 4205 3540 4257 και
3591 4200 3844 4263 1άσεως⁸³,

2265 4288 2397 4358 7:591
2426 4287 2638 4357 ὑγιείας
2669 4291 2759 4343 καὶ
2783 4290 3044 4362 διαμονῆς
3081 4293 3272 4363 αὑτῆς,
3311 4295 3449 4366 7:591
3484 4294 3708 4366 ἰατρῶν.
3732 4290 3842 4361 Περὶ

2265 4380 2635 4450 εὐδαιμονίας,
2666 4381 2792 4450 7:591
2821 4378 3245 4454 κακοδαιμονίας
3265 4400 3277 4413 ·
3311 4384 3398 4439 ὅτι
3423 4386 3689 4451 ἁδέόαιος
3710 4383 3840 4455 ήτῶν

2266 4472 2573 4540 ἀνθρώπων
2598 4471 2897 4540 εὐπραξία·
2926 4475 3057 4545 7:591
3085 4474 3196 4528 τῶν
3225 4476 3356 4547 παρ’
3383 4477 3555 4544 ἀξίαν
3577 4474 3841 4547 εὐτυχούν-

2263 4582 2407 4617 των·
2443 4565 2574 4636 7:591
2628 4566 2737 4619 τῶν
2787 4562 2920 4637 παρ’
2950 4567 3108 4634 ἀξίαν
3152 4568 3613 4639 δυστυχούντων·
3663 4572 3739 4625 ὅτι
3781 4564 3847 4619 δεῖ

1898 4696 2137 4751 ἾΛΒΙᾹΞ
2176 4696 2583 4753 LECTIONES.‘

644 4797 689 4829 ⁵⁸³
721 4792 987 4855 ἀσωτείας
1017 4809 1078 4856 ς.

1154 4792 1197 4823 ⁸⁸
1228 4790 1472 4845 δυνατῶν
1492 4788 1582 4844 AC
1609 4805 1622 4841 :
1651 4789 1926 4844 δυναστῶν
1953 4802 2014 4854 ς.
2089 4790 2134 4821 ⁸²
2168 4790 2262 4843 καὶ
2293 4790 2417 4845 add.
2452 4790 2519 4844 A.
2596 4790 2643 4823 ⁵³
2674 4791 2872 4845 ίάσεων
2905 4807 2968 4854 ς.

2092 4905 2325 4962 NOTAE.

647 5002 763 5071 (55)
796 4999 975 5058 Unica
1012 5006 1065 5058 in
1105 5004 1336 5060 mooade
1379 5018 1408 5057 a
1446 5002 1731 5069 superiore
1775 4998 2173 5071 calculoaber~
2206 5002 2248 5056 D
2280 4998 2333 5051 in
2366 4997 2576 5071 landem
2596 5014 2667 5071 ac
2692 4998 3145 5071 vituperationem
3175 4999 3509 5071 reperimus.

572 5069 839 5131 ravimns.
872 5076 954 5140 Qu
974 5092 1058 5131 em
1113 5076 1272 5129 facile
1312 5088 1561 5129 errorem
1606 5071 1868 5140 corriget,
1913 5070 2003 5138 qui
2036 5069 2166 5123 olim

576 5146 721 5199 hunc
753 5145 953 5199 librum
987 5147 1144 5200 nobis
1169 5150 1438 5213 integrum
1466 5144 1517 5195 in
1547 5142 1718 5213 lucem
1747 5141 1916 5213 dabit.

658 5214 769 5285 (54)
803 5214 933 5281 Quae
965 5217 1192 5270 totidem
1226 5209 1504 5269 et'iisdem
1547 5209 2171 5285 inscriptionibus“Ser-

584 5281 800 5339 monuiu
831 5289 1076 5350 nomine,
1115 5301 1219 5338 una
1265 5294 1387 5337 Cum
1429 5292 1628 5351 quarto
1657 5282 1793 5351 Iib_rn
1822 5281 1967 5333 edita
2017 5283 2168 5333 fuere

595 5357 813 5423 saepius,
843 5356 1032 5410 Graece
1059 5348 1324 5416 Venetiis,
1344 5348 1682 5407 Grairo-Lat.
1711 5348 2042 5423 Tigurinon
2076 5365 2165 5401 se-

577 5419 684 5479 mel
736 5441 800 5481 ac
858 5428 1093 5495 denique
1144 5424 1487 5479 Francofurti
1537 5436 1660 5476 cum
1724 5423 1856 5475 Ant.
1903 5419 2115 5473 Melissa
2145 5456 2160 5482 ,

578 5496 668 5549 alii
690 5511 825 5564 sque
850 5499 1211 5566 gnomologis.

650 5566 765 5635 (55)
807 5566 878 5635 De
903 5582 1007 5634 qua
1053 5566 1327 5619 Plutarch.
1358 5566 1544 5617 etiam.

650 5632 762 5702 (56)
806 5632 978 5690 llodie
1015 5638 1066 5690 iu
1094 5638 1311 5689 Stobzeo
1342 5636 1558 5703 vulgato
1596 5650 1777 5689 sermo
1806 5644 1891 5685 est
1918 5632 2009 5688 45.

653 5705 768 5772 (57)
801 5706 899 5768 Qui
932 5722 1111 5760 sermo
1147 5708 1197 5759 in
1230 5706 1385 5759 libris
1421 5708 1583 5759 editis
1613 5723 1715 5758 non
1750 5716 1949 5758 exstat.

654 5774 770 5843 (58)
807 5775 918 5830 lloc
946 5776 1105 5844 signo
1138 5777 1465 5841 notavimus,
1487 5793 1609 5844 qua:
1642 5777 1694 5829 in
1723 5776 1886 5830 editis
1911 5774 2165 5829 distinrta

2356 5068 2468 5151 (59)
2495 5067 2552 5122 In
2589 5067 2820 5125 Stohaao
2836 5078 2920 5124 est
2950 5069 3059 5134 hic,
3092 5070 3168 5122 De
3198 5067 3405 5122 Militia
3446 5082 3498 5124 et
3524 5069 3722 5125 viribus
3746 5082 3851 5121 cor-

2268 5154 2460 5277 Feige)
2492 5207 2767 5279 Evulgatis
2799 5209 2952 5263 libris
2992 5209 3095 5263 hoc
3130 5207 3396 5263 addiltlm-

2338 5279 2451 5350 (6|)
2494 5280 2547 5332 lu
2579 5277 2740 5335 editis
2766 5280 2960 5350 legitur
2992 5279 3316 5346 praecedenti
3346 5281 3541 5347 capite
3579 5289 3636 5334 et
3670 5277 3849 5333 subau-

2263 5347 2440 5415 ditur,
2474 5350 2807 5417 Vituperatio
2846 5348 3082 5415 Veneris,
3112 5360 3159 5404 et
3190 5352 3331 5419 quod
3360 5353 3545 5404 malus
3582 5352 3648 5404 ait
3672 5362 3821 5401 amor.

2263 5436 2326 5473 ac
2353 5422 2637 5473 multorum
2660 5422 2923 5473 malorum
2948 5430 3153 5473 auctor.

2350 5490 2463 5557 (62)
2502 5492 2575 5543 De
2605 5492 2803 5557 quibus
2838 5505 2929 5544 sex
2962 5491 3158 5544 habent
3195 5493 3373 5559 capita
3415 5492 3553 5545 libri
3592 5490 3734 5545 editi.

2355 5561 2468 5643 (95)
2513 5564 2645 5643 Qua:
2686 5562 2809 5615 libri
2851 5561 2981 5615 editi
3036 5575 3131 5629 per
3180 5558 3283 5616 tria
3334 5563 3640 5615 distributa
3689 5558 3849 5625 captta

2270 5634 2628 5771 "igii'liies
2674 5701 2761 5755 hic
2816 5701 3054 5755 insertos
3103 5719 3387 5757 sermones
3438 5702 3537 5763 80,
3570 5701 3661 5758 81,
3691 5696 3777 5760 82,
3806 5693 3854 5745 1η

2270 5772 2423 5826 libris
2451 5773 2669 5827 aliunde
2708 5773 3019 5843 irrepsisse,
3040 5774 3152 5840 jam
3191 5790 3308 5843 sup.
3343 5774 3738 5827 indicavimus.
