4062 6490
347 368 469 435 485
1355 372 1883 463 BlBlJOTlIECA.
1922 401 1932 411 -

2041 376 2188 436 30D.
2229 379 2509 439 CLXVII.
3533 380 3644 445 486

346 486 624 555 γενναίως
656 484 846 552 φέρειν
866 485 935 538 τὰ
956 485 1368 557 προσπίπτοντα.
1393 500 1407 516 ο
1438 486 1521 537 ὅτι
1550 485 1631 537 δεῖ
1657 485 1755 548 τὰς
1789 487 1932 538 εὐτυ·

2058 490 2301 559 gumenti
2332 490 2467 559 (65).
2506 490 2599 545 50.
2633 489 2709 544 De
2744 490 3107 561 ignobilitate.
3150 494 3237 548 51.
3278 493 3351 547 De
3375 494 3584 550 divitiis
3622 517 3638 563 ',

349 580 475 650 χίας
529 578 882 647 προφαίνειν,
912 576 1013 639 τὰς
1048 577 1093 629 δ’
1119 578 1347 647 ἀτυχίας
1378 577 1663 648 κρύπτειν.
1696 579 1832 650 Περὶ
1864 579 1932 631 ὲλι

2054 589 2111 633 et
2174 579 2333 647 hujus
2393 581 2611 649 generis
2661 582 2875 635 caeteris
2936 581 3073 654 (66).
3123 582 3213 636 52.
3290 583 3361 636 De
3424 585 3646 653 inopia.

347 675 505 738 πίδος
526 692 542 705 ο
581 675 715 745 περὶ
747 672 860 725 τῶν
891 672 1022 741 παρ’
1044 672 1387 727 ὲλπίδα.”(ὶτι
1418 675 1479 727 οὐ
1505 674 1610 743 χρὴ
1642 675 1932 745 ὲπιχαίρειπ

2058 671 2151 724 55.
2186 670 2507 723 Divitiarum
2550 675 2996 742 paupertatisque
3044 676 3405 745 comparatio.
3432 677 3522 732 ⁸54.
3556 676 3651 730 Vi-

344 769 457 830 τοῖς
512 764 811 835 ἀτυχοῦσιν
846 780 859 793 ·
909 765 993 816 ὅτι
1047 766 1097 817 oi
1150 764 1475 835 ἀτυχοῦντες
1522 763 1782 835 χρῄζουσι
1843 766 1932 818 τῶ·

2065 771 2173 815 tam
2211 776 2333 815 esse
2382 762 2724 831 perhrevem,
2764 778 3134 831 curarumque
3178 766 3413 834 plenam.
3449 767 3541 820 55.
3572 767 3646 819 De.

345 859 813 929 συμπασχόντων.
853 857 987 928 Περὶ
1018 858 1226 927 γήρως,
1264 858 1358 910 καὶ
1398 858 1464 911 τὰ
1496 857 1623 926 ἑξῆς
1656 858 1749 910 τοῦ
1782 876 1926 927 κεφα

2064 855 2312 918 tristitia,
2338 855 2566 922 ejusque
2593 856 2866 910 molestia.
2899 857 2987 911 56.
3023 856 3101 912 De
3162 860 3354 911 morbo
3386 857 3579 929 115a
3597 869 3651 912 et

339 951 503 1003 λαίου
550 950 763 1003 τούτου.
792 949 930 1019 Περὶ
980 948 1236 1013 Θανάτου,
1266 952 1394 1020 περὶ
1443 947 1624 1017 ζωῆς·
1658 948 1932 1019 σύγκρισις

2058 944 2307 999 medelis.
2346 943 2441 998 57.
2479 942 2555 999 De
2588 945 2917 1010 valetudine,
2956 946 3182 1015 ejusque
3235 950 3646 1015 permansione.

346 1042 506 1109 ζωῆς
540 1044 640 1095 κα).
661 1041 911 1095 θανάτου.
944 1040 1079 1110 Περὶ
1109 1040 1334 1103 πένθους
1358 1080 1373 1105 ,
1407 1040 1538 1109 περὶ
1564 1041 1757 1110 ταφῆς.
1796 1043 1932 1111 ιῐαρ-

2053 1036 2144 1091 58.
2185 1036 2262 1091 De
2305 1038 2577 1102 medicis,
2636 1048 2689 1093 et
2732 1040 3024 1093 medicina.
3071 1039 3160 1094 '59.
3226 1039 3300 1093 De
3358 1039 3644 1094 felicitate.

346 1138 639 1205 ηγορικά·
676 1136 751 1187 ὅτι
776 1134 833 1186 οὐ
868 1134 975 1205 χρὴ
1024 1135 1301 1203 παροινεῖν
1345 1134 1425 1195 εἰς
1465 1133 1593 1195 τοὺς
1636 1134 1932 1200 τετελευτη-

2052 1132 2144 1184 40.
2182 1130 2256 1185 De
2291 1131 2641 1186 infelicitate.
2676 1132 2764 1187 M.
2801 1131 3112 1186 lustabilem
3165 1148 3288 1187 esse
3332 1132 3646 1186 mortalium

353 1230 575 1294 κόταςσ
630 1232 703 1284 δτι
752 1228 857 1282 τῶν
892 1228 1166 1281 πλείστων
1204 1230 1344 1298 μετὰ
1395 1228 1625 1282 θάνατον
1677 1230 1711 1299 ἡ
1759 1232 1932 1300 μνήμτ

2054 1225 2504 1295 prosperitatem.
2538 1224 2628 1280 42.
2671 1225 2746 1280 De
2782 1226 2864 1279 his
2901 1226 2993 1295 qui
3039 1236 3232 1295 praater
3279 1226 3534 1280 meritum
3572 1226 3651 1278 le-

353 1322 449 1375 δια
456 1326 583 1393 ῤῥεῖ
612 1321 832 1392 ταχέως.

2054 1318 2188 1373 lices
2221 1327 2367 1371 sunt.
2408 1317 2499 1371 45.
2535 1318 2609 1371 De
2646 1319 2735 1372 his
2766 1319 2857 1389 qni
2889 1328 3088 1388 praeter
3113 1320 3366 1373 meritum
3398 1320 3646 1376 infelices

352 1424 513 1469 sunt.
564 1414 651 1467 Η.
708 1413 1058 1482 Quaecunque.
1112 1413 1394 1477 accidunt,
1448 1423 1770 1468 constanter
1815 1426 1936 1467 esse
1963 1410 2183 1465 ferenda
2237 1408 2599 1481 [hominibus,
2634 1425 2863 1478 quorum
2935 1419 3019 1465 est
3076 1426 3143 1465 ex
3192 1412 3393 1465 virtute
3473 1412 3644 1463 vitam

351 1508 685 1579 instituere].
719 1509 809 1563 45.
852 1508 1132 1563 Secundas
1173 1524 1261 1563 res
1312 1509 1524 1562 ostendi
1588 1508 1723 1578 (67),
1784 1504 2047 1561 adversas
2099 1513 2289 1558 contra
2355 1501 2461 1572 tegi
2509 1514 2790 1571 oportere,
2848 1501 2929 1574 [et
2998 1503 3163 1558 rebus
3248 1506 3647 1573 praestantibus

348 1612 500 1655 recte
534 1598 963 1672 utendum].46.
1015 1600 1089 1655 De
1123 1616 1239 1670 spe.
1262 1600 1351 1654 47.
1379 1600 1454 1653 De
1518 1600 1812 1668 insperatis
1862 1597 2171 1651 eventibus.
2222 1594 2313 1649 48.
2364 1594 2438 1649 De
2482 1594 2712 1648 aliorum
2758 1594 3056 1648 infortunio
3115 1596 3465 1666 gaudendum
3533 1613 3641 1652 non

342 1710 487 1748 esse.
520 1693 615 1749 49.
663 1693 910 1749 Infelices
956 1694 1204 1764 indigere
1248 1693 1681 1747 condolentihns.
1721 1691 1810 1746 50.
1851 1690 1924 1743 De
1958 1698 2242 1743 senectute
2268 1686 2402 1756 (68),
2434 1686 2648 1755 aliaque
2697 1687 2800 1741 huc
2836 1688 3139 1754 spectantia
3208 1687 3344 1759 (69).
3415 1688 3504 1743 5i.
3566 1691 3646 1744 De

339 1796 541 1847 morte,
564 1785 647 1857 [et
668 1801 785 1840 eam
809 1788 1002 1841 evitari
1024 1802 1127 1841 non
1157 1784 1357 1857 posse].
1379 1786 1468 1840 52.
1498 1785 1573 1839 De
1600 1784 1741 1840 Vita.
1768 1785 1858 1839 55.
1888 1782 2002 1836 Vita
2020 1782 2132 1853 (70)
2161 1793 2213 1835 et
2240 1798 2388 1837 mors
2421 1782 2653 1835 invicem
2680 1791 3018 1850 comparata.
3040 1781 3223 1837 54.De
3254 1784 3423 1837 luctu.
3446 1784 3535 1838 55.
3568 1786 3645 1839 De

337 1880 649 1948 sepultura.
687 1882 779 1935 56.
806 1882 1204 1935 Consolatoria.
1238 1879 1405 1935 57.1η
1438 1881 1549 1933 vita
1578 1878 1793 1933 functos
1838 1894 1941 1932 non
1973 1893 2095 1933 esse
2135 1878 2499 1932 exercendam
2545 1876 2969 1932 contumeliam.
3044 1876 3134 1931 58.
3188 1875 3568 1933 Plurimorum
3610 1889 3640 1928 a

336 1984 521 2026 morte
550 1976 874 2027 memoriam
905 1975 1016 2027 cito
1053 1989 1406 2027 evanescere.

418 2060 595 2131 Ὁμοῦ
627 2063 697 2117 τὰ
729 2063 997 2131 κεφάλαια
1027 2064 1121 2117 τοῦ
1149 2066 1410 2135 τετάρτου
1440 2064 1574 2128 NH’,
1602 2064 1712 2117 τῶν
1741 2064 1798 2117 δὲ
1824 2081 1932 2117 τεσ-

2122 2057 2249 2113 Haec
2280 2057 2463 2127 quarti
2494 2056 2616 2111 libri
2644 2073 2776 2112 Lvul
2813 2058 2987 2126 capita
3018 2067 3143 2112 sunt
3181 2076 3195 2113 :
3240 2074 3360 2112 cum
3407 2070 3642 2128 quatuor

337 2155 527 2224 σάρων
551 2154 774 2223 βιϐλίων
800 2161 906 2224 σην.
938 2152 1034 2218 Οἷς
1062 2156 1451 2226 παρατίθησιν,
1482 2157 1558 2219 ὡς
1591 2156 1824 2227 ἔφημεν,
1846 2158 1873 2208 ὁ
1891 2156 1936 2187 ⁸⁸

347 2246 612 2314 Ἰωάννης
664 2245 728 2297 ἔκ
775 2262 835 2297 τε
878 2244 988 2297 τῶν
1036 2247 1276 2313 ὲκλογῶν
1307 2245 1540 2300 καὶτῶν
1573 2246 1937 2315 ἀποφθεγμά-

334 2356 448 2390 των
499 2340 599 2392 καὶ
644 2337 755 2391 τῶν
801 2337 1093 2410 ὑποθηκῶν
1121 2338 1278 2406 δόξας
1322 2356 1380 2393 τε
1427 2341 1523 2394 καὶ
1565 2340 1790 2411 χρήσεις
1842 2338 1938 2392 καὶ

340 2430 564 2500 χρείας.

424 2522 664 2592 Ἀγείρει
708 2520 764 2574 δὲ
806 2521 1011 2585 ταύτας
1054 2522 1163 2576 ἀπὸ
1217 2522 1316 2594 μὲν
1367 2523 1693 2593 φιλοσόφων,
1724 2526 1832 2579 ἀπό
1876 2543 1936 2579 τε

336 2616 596 2685 Αἰσχίνου
630 2614 721 2667 τοῦ
755 2614 1106 2684 Σωκρατικοῦ
1142 2615 1235 2668 καὶ
1270 2616 1602 2687 Ἀναξάρχου
1645 2619 1740 2670 καὶ
1778 2618 1935 2671 Ἀνα-

334 2708 619 2777 χάρσιδος,
647 2706 1054 2777 Ἀριστωνύμου
1109 2709 1201 2760 καὶ
1245 2709 1626 2774 Ἀπολλωνίου,
1660 2710 1935 2764 Ἀντισθέ-

334 2818 465 2861 von;
518 2800 612 2851 καὶ
646 2800 1027 2868 Ἀριστίππου,
1066 2800 1389 2871 Ἀρίστωνος
1438 2804 1531 2857 καὶ
1567 2802 1935 2874 Ἀριστοξένου

335 2892 436 2945 καὶ
469 2891 751 2963 Ἀρχύτου,
782 2893 1211 2964 Ἀριστοτέλους,
1244 2895 1693 2967 Ἀναξιμάνδρου,
1724 2897 1938 2963 Ἀναξι-

337 2984 563 3054 μένους,
582 2985 899 3055 Ἀρχελάου,
919 2985 1279 3059 Ἀναξαγόρα,
1298 2988 1355 3041 Ἀ
1365 2990 1665 3059 ρχαινὲτου,
1686 2992 1739 3042 Ἀ
1752 3007 1936 3059 ρκεσι-

333 3078 495 3141 λάου,
515 3079 800 3151 Ἀρριανοῦ
814 3082 882 3146 ⁵⁸,
900 3081 1258 3153 Ἀντιπάτρου
1274 3081 1543 3144 Ἰστιαίου,
1564 3084 1934 3153 Ἀντιφάνους,

334 3171 1656 3245 Ἀπολλοδώρου,Ἀριστάρχου,Ἀσκληπιάδου,Ἀ
1667 3176 1934 3246 ρισταίου,

330 3260 681 3334 Ἀρχεδήμου
732 3264 1016 3316 Ἑκαταίου
1038 3266 1103 3329 ⁵⁸,
1136 3265 1567 3334 Ἀπολλοεράνους
1593 3306 1608 3330 ,
1653 3266 1933 3337 Αἰγιμίου,

327 3357 597 3425 Αἴσαρος,
630 3357 900 3419 Ἀττικοῦ,
935 3358 1206 3427 Ἀμελίου,
1244 3359 1509 3423 Ἀλϐίνου,
1530 3360 1911 3431 Ἀριστάνδρου

2048 2152 2288 2218 ipsorum
2339 2149 2601 2203 librorum
2664 2150 2716 2203 in
2777 2151 3096 2204 universum
3149 2160 3273 2204 octo
3314 2151 3425 2204 sint
3475 2167 3637 2220 supra

2040 2242 2272 2295 ducenta
2307 2240 2444 2309 (71),
2470 2242 2694 2309 quibus,
2721 2239 2799 2293 uti
2838 2238 3107 2300 diximus,
3134 2241 3455 2305 sententias,
3489 2243 3641 2296 testi-

2040 2332 2247 2397 monia,
2281 2342 2335 2385 et
2394 2330 2611 2387 chreias
2672 2348 2737 2386 ex
2781 2332 2986 2403 eclogis
3039 2342 3095 2387 et
3134 2333 3633 2405 apophtbegmatis,

2039 2440 2101 2481 ac
2135 2427 2258 2480 vitte
2291 2427 2583 2496 praeceptis
2616 2424 2867 2481 Stobaeus
2889 2428 3162 2495 praponit.

2108 2517 2425 2587 Philosophi
2478 2527 2683 2582 autem,
2737 2535 2803 2573 ex
2853 2522 3053 2589 quibus
3119 2522 3220 2575 ista
3286 2521 3525 2593 collegit,
3578 2523 3631 2577 hi

2038 2610 2154 2664 fere
2188 2620 2312 2663 sunt
2350 2628 2363 2664 :
2410 2609 2709 2680 IEgimams
2745 2612 2883 2683 (72),
2935 2612 3223 2668 .lEschines
3292 2613 3632 2676 Socraticus.

2036 2702 2285 2766 Albinus,
2312 2703 2577 2767 Amulius,
2604 2704 2962 2768 Anacharsis,
2983 2705 3356 2775 Anaxagoras,
3384 2707 3632 2761 Anaxar-

2037 2796 2192 2861 chus,
2212 2795 2632 2861 Auaximander,
2656 2797 3039 2858 Anaximenes,
3072 2799 3357 2869 Antipater
3400 2799 3631 2865 lstiaaus,

2037 2885 2409 2951 Antisthenes,
2445 2888 3072 2957 Apelles,Apol|odorns,
3096 2889 3434 2957 Apollonius,
3465 2889 3638 2958 Apol-

2040 2973 2340 3048 lophanes,
2389 2979 2697 3035 Arcesilaus
2734 3021 2749 3045 ,
2796 2981 3188 3045 Art-luenetus,
3239 2982 3633 3048 Archedemus,

2042 3069 2341 3135 Hecataeus,
2370 3071 2692 3134 Archelaus,
2725 3074 3102 3139 Archimedes,
3139 3075 3430 3144 Archytas,
3475 3074 3635 3127 Aria-

2041 3177 2165 3224 nns,
2193 3162 2567 3231 Aristagoras,
2602 3162 2950 3226 Aristander,
2984 3164 3355 3229 AriSIarchns,
3392 3164 3631 3232 Aristip-

2038 3267 2161 3320 pus,
2190 3255 2598 3318 Aristobrotus,
2636 3256 2875 3317 Ariston,
2918 3256 3327 3327 Aristouymus,
3362 3257 3633 3310 Aristote-

2045 3344 2537 3408 les,Aristoxenus,
2553 3347 2898 3413 Asclepiades
2921 3347 3160 3411 Aristaei,
3182 3347 3322 3404 tilius
3345 3366 3359 3412 ;
3385 3348 3627 3415 Atticus;

343 3412 827 3515 Ἀρτίοκ-ρατίωνος
846 3412 913 3509 ³⁷1,
958 3412 1249 3511 Ἀπελλοῦς
1271 3487 1285 3509 ,
1330 3412 1721 3519 Ἀρισταγίςρου
1742 3490 1755 3507 .
1792 3412 1932 3520 ἈριῘ

2046 3438 2326 3498 Beronice.
2359 3439 2611 3505 Berosus,
2642 3439 2785 3501 Bias,
2814 3439 2969 3501 Bion,
3010 3440 3265 3506 Boethus,
3330 3442 3629 3511 Brotinus;

329 3535 708 3606 στομϐρότου,
736 3537 1120 3608 Ἀρχιμήδους,
1169 3538 1397 3606 Βοηθοῦ,
1443 3538 1690 3604 Βίαντος,
1742 3540 1934 3611 Βηρώ-

328 3644 428 3678 σου
451 3626 525 3690 ⁸³,
564 3626 880 3696 Βερονίκης,
932 3627 1206 3695 Βροτίνου,
1260 3626 1480 3692 Βίωνος,
1530 3627 1849 3697 Γλαύγωνος
1868 3629 1935 3693 δ’,

323 3721 730 3792 Δημώνακτος,
764 3721 1100 3789 Δημητρίου,
1133 3719 1446 3790 Δαμίππου,
1474 3720 1780 3788 Διογένους,
1819 3724 1938 3772 Διο-

325 3813 532 3881 δώρου,
558 3812 979 3881 Δημοκρίτου⁶⁰,
1005 3811 1281 3880 Διοτίμου,
1308 3810 1611 3874 Διοκλέους,
1642 3812 1937 3882 Δαμαρμέ-

335 3920 461 3965 tm;
483 3944 498 3964 ,
527 3901 765 3971 Διδύμου
788 3942 802 3965 ,
835 3900 1054 3966 Δίωνος,
1088 3901 1232 3965 Δίου,
1266 3902 1580 3965 Εὐκλείδου,
1620 3904 1935 3974 Εὐφράτου,

352 3994 715 4064 Ἐπιχάρμου,
744 3993 1116 4061 Ἐπανδρίδου,
1150 3994 1603 4064 Ἐρασιστράτου,
1632 3993 1933 4055 Ἐκπώλου,

349 4086 573 4139 Ἐπικού
584 4103 677 4155 ρου
706 4085 1032 4155 Γαργητῐου,
1053 4086 1403 4155 Ἐπικτήτου,
1423 4085 1648 4157 Ἑρμοῦ,
1668 4087 1935 4156 Ἐμπεδο-

329 4170 547 4233 κλέους,
566 4171 892 4242 Ἐπικούρου
928 4172 1233 4243 Ἀθηναίου,
1266 4173 1552 4239 Εὐσεϐίου,
1589 4174 1835 4243 Εὐρύσου
1858 4176 1924 4241 ⁸⁸,

339 4261 791 4331 Ἐρατοσθένους,
836 4264 1242 4334 Εὐρυστράτου,
1270 4263 1595 4333 Ἐκφάντου,
1623 4266 1924 4333 Ἑπιδίκου,

323 4350 931 4421 Εὐδόξου,⁹Επιγένους,
968 4352 1218 4423 Εὐηνίου,
1244 4354 1600 4426 Εὐρυφάμου,
1627 4356 1924 4419 Ζαλεύκου,

2041 3524 2438 3588 Callicratides,
2467 3527 2858 3590 Callimachus,
2894 3529 3230 3595 Carneades,
3263 3529 3457 3595 Cebes,
3489 3534 3631 3586 Cha-

2040 3620 2263 3683 rondas,
2314 3616 2552 3683 Chilon,
2617 3619 2815 3682 Chion,
2874 3621 3259 3691 Chrysippus,
3309 3622 3627 3688 Cleanthes,

2038 3709 2352 3775 Cleobulus,
2372 3710 2610 3778 Clineas,
2644 3712 3033 3776 Clitomachus,
3061 3714 3339 3781 Coriscus,
3371 3714 3626 3777 Crantor,

2039 3802 2258 3866 Critias,
2289 3804 2591 3871 Critolaus,
2626 3805 2841 3869 Criton,
2871 3806 3278 3871 Damarmeues,
3304 3807 3622 3878 Damippus,

2038 3895 2341 3951 Demetrius
2366 3938 2381 3961 ,
2446 3896 2893 3971 [Democritus,]
2974 3900 3250 3955 Demonax
3274 3940 3290 3963 ,
3340 3902 3626 3973 Didymus,

2036 3988 2271 4055 Diocles,
2337 3990 2627 4053 Diodorus,
2682 3991 2976 4061 Diogenes,
3031 3992 3276 4067 [Diom]
3331 3994 3621 4063 Diotimus,

2036 4083 2184 4146 Dius,
2214 4080 2546 4151 Ecphautus,
2572 4082 2825 4152 Ecpolus,
2846 4084 3222 4153 Empedocles,
3255 4086 3614 4155 Epaudrides,

2034 4174 2411 4245 Epicharmus,
2470 4176 2770 4245 Epictetus,
2833 4179 3100 4246 Epicurus
3157 4178 3437 4247 Gargilius
3473 4179 3613 4249 (75),

2033 4267 2301 4338 Epicurus
2330 4270 2703 4335 Atheniensis,
2752 4270 3029 4340 Epidicus,
3092 4270 3382 4341 Epigenes,
3436 4271 3622 4325 Erasi-

2036 4371 2263 4423 Stratus,
2304 4361 2716 4427 Eratosthenes,
2752 4364 2959 4434 Erysus
2994 4364 3132 4436 (74),
3184 4363 3459 4430 Euclides,
3509 4363 3617 4417 En-

1652 4469 1886 4526 VARIAS
1920 4473 2335 4533 LECTIONES.

403 4560 454 4640 ’.⁸
484 4559 513 4611 ὁ
544 4559 769 4640 adtl.'A_.
847 4560 894 4640 ’ξ’
913 4559 1213 4640 ..Ἀρειανοῦ
1239 4562 1278 4616 C
1315 4579 1401 4640 g‘:
1430 4564 1710 4640 Αίστιαίου
1739 4567 1801 4618 A.
1854 4565 2223 4640 Ἀντιφάνους,
2265 4569 2599 4640 Ἀρχεδήμου
2639 4572 2951 4638 Ἑκαταίου,
2990 4569 3421 4639 Ἀπολλοφάνους
3464 4572 3619 4636 Αἰγι-

329 4630 521 4709 μαίου,
578 4632 796 4709 omissis
851 4631 986 4709 infra
1043 4633 1147 4684 illis
1186 4632 1395 4709 Ἀρχεδ.
1424 4636 1785 4709 έᾼΑῐσαρος,
1824 4654 1861 4699 ς
1923 4630 2043 4689 cum
2095 4638 2158 4701 C,
2184 4630 2287 4693 nisi
2329 4630 2510 4705 'q'tind'
2536 4644 2793 4709 Αἰγιμίου
2850 4630 2948 4696 εει
2988 4643 3039 4694 in
3080 4642 3143 4697 C.

328 4718 419 4769 pr.
446 4702 515 4753 A.
590 4701 635 4732 "
674 4699 1111 4783 ’Arroitpattwyo;
1145 4719 1229 4783 p‘r.
1340 4703 1632 4783 Ἀπέλλους
1666 4699 1729 4759 A.
1776 4699 2191 4783 :Aptcrobpdfrou
2226 4726 2286 4774 ς.
2364 4699 2410 4744 ⁵⁸
2440 4699 2718 4783 Βηρόσσου
2754 4731 2814 4778 ς.

3245 4643 3292 4672 ⁵⁸
3324 4644 3615 4695 αἰκαταίου

2921 4711 2967 4744 ⁸⁸
2981 4713 3317 4799 ,ςλεηύγωνος
3344 4714 3385 4764 Α
3406 4727 3420 4763 :
3441 4713 3619 4766 Γλαύ-

325 4788 503 4833 τωνος
528 4774 878 4839 superaddtto
910 4788 944 4839 γ
969 4772 1049 4842 τῷ
1086 4789 1116 4824 τ
1153 4772 1214 4826 C.
1249 4774 1288 4825 Γ
1291 4774 1594 4839 λαύττωνος
1636 4793 1697 4839 ς.
1774 4778 1819 4808 ⁶⁰
1842 4772 2192 4848 ’Δημοκρίτου
2222 4772 2279 4835 et
2306 4798 2430 4837 mox
2454 4772 2655 4846 Δίωνος
2678 4772 2803 4838 add.
2840 4783 2907 4837 A.
2981 4784 3025 4816 “
3068 4772 3390 4855 Ἐρύσουής.

1904 4874 2132 4930 NOTAE.

407 4959 522 5033 ((35)
558 4958 760 5033 Tribus
800 4960 1072 5028 explicata
1098 4965 1368 5033 capitibus
1400 4966 1453 5020 in
1482 4965 1634 5021 libris
1666 4969 1852 5023 editis.

429 5032 521 5097 διε)
556 5033 686 5094 Quae
718 5031 769 5083 in
813 5034 915 5081 duo
942 5035 1116 5099 capita
1150 5031 1523 5091 distraxerunt
1551 5038 1663 5091 alii.

401 5102 520 5179 (67)
551 5102 806 5179 luserunt
831 5102 932 5155 hoc
959 5106 1081 5158 loco
1117 5106 1313 5176 vulgati
1343 5108 1465 5162 libri
1491 5122 1653 5179 caput
1708 5108 1784 5162 De
1826 5125 1926 5178 pu-

327 5172 721 5226 sillanimttate.

401 5242 516 5310 (tis)
552 5240 767 5294 Divulsa
810 5241 936 5314 hinc
991 5244 1262 5314 videntur,
1306 5261 1425 5314 quae
1466 5249 1517 5302 iu
1552 5248 1713 5303 editis
1774 5251 1927 5304 libris

328 5313 653 5365 distinctum
678 5326 795 5379 cap.
834 5312 1080 5370 faciunt:
1116 5312 1359 5371 Facilius
1402 5334 1515 5373 esse
1548 5318 1709 5372 alium
1749 5327 1925 5374 admo-

328 5399 476 5441 nere.
506 5398 667 5450 quam
702 5384 951 5449 seipsum.

410 5452 525 5519 (69}
562 5451 706 5527 l_.ibri
733 5455 861 5527 editi
908 5456 1170 5524 singulari
1202 5472 1324 5524 cap.
1364 5469 1670 5527 proponunt
1702 5478 1716 5512 :
1764 5458 1919 5523 Quod

326 5522 614 5598 senectutis
638 5522 1238 5598 molestiampifudentia
1262 5522 1437 5596 tollat,
1456 5522 1728 5598 ipsamque
1753 5522 1921 5584 multa

328 5592 870 5665 reperientiqdignam
897 5596 1049 5665 effici.

402 5662 518 5744 (71))
566 5662 789 5717 Addunt
843 5662 946 5717 hic
984 5668 1126 5736 typis
1175 5668 1343 5724 excisi
1392 5679 1577 5739 caput,
1639 5669 1709 5723 De
1759 5670 1921 5724 laude

323 5743 539 5788 κιονιιε.

406 5803 529 5873 (71)
560 5803 719 5874 Atqui
752 5819 844 5860 scit
876 5815 1086 5862 tantum
1119 5824 1280 5878 supra
1306 5810 1543 5868 ducenta
1567 5811 1913 5881 singulorum

1954 4973 2007 5031 D
2037 4970 2297 5026 librorum
2344 4971 2538 5026 calculi
2580 4971 2792 5026 collecti
2840 4974 3157 5029 coniiciunt.
3211 4971 3429 5028 Erroris
3482 4991 3612 5034 ausa

2037 5042 2285 5096 fortassis
2311 5058 2377 5095 ex
2421 5059 2769 5097 numerorum
2795 5045 2937 5098 notis
2976 5046 3207 5112 objecta.
3248 5044 3518 5099 Cteternm
3546 5068 3614 5104 οιχ

2033 5112 2117 5187 his
2151 5113 2224 5166 28
2276 5115 2501 5167 secundi
2532 5114 2677 5178 libri,
2701 5130 2821 5183 qua:
2850 5114 3270 5180 interciderunt,
3312 5119 3488 5187 capita
3521 5117 3618 5174 de-

2030 5185 2355 5240 sideramns.

2108 5253 2222 5324 (72)
2250 5254 2606 5309 Commodum
2633 5254 2725 5307 tibi
2758 5253 2897 5319 fore,
2928 5255 3125 5317 lector,
3146 5256 3445 5312 arbitratus
3466 5274 3614 5324 sum,

2032 5322 2075 5376 si
2097 5322 2399 5394 neglectum
2430 5325 2627 5381 alicubi
2663 5325 3055 5381 elementorum
3083 5329 3330 5381 ordinem
3356 5322 3613 5386 accurate

2030 5408 2391 5449 resumerem.

2101 5465 2214 5533 (75)
2252 5465 2308 5521 2.
2334 5466 2395 5519 C.
2427 5464 2493 5522 Η.
2529 5467 2611 5523 St.

2102 5535 2422 5607 (ultumis
2478 5553 2613 5593 sane
2653 5537 2960 5593 liberaliter
2988 5538 3215 5593 Photius
3258 5541 3396 5595 duos
3453 5543 3613 5598 nobis

2026 5605 2205 5661 olTert'
2231 5606 2515 5675 Epicuros,
2535 5625 2657 5664 cum
2691 5624 2829 5663 unus
2863 5610 3130 5676 idemque.
3164 5612 3231 5662 ab
3274 5613 3406 5665 utzbe
3444 5616 3611 5666 Athe.

2030 5678 2237 5750 piensis
2257 5678 2517 5750 dicatur,
2552 5682 2644 5750 qui
2672 5698 2701 5735 a
2730 5694 2865 5749 pago
2892 5679 3182 5747 Gargctius
3227 5692 3335 5749 est,
3366 5694 3425 5736 ut
3454 5690 3611 5738 ducet

2029 5745 2220 5803 Laert.
2254 5748 2347 5803 lib.
2377 5764 2433 5816 ι,
2460 5745 2575 5804 init.
