4062 6448
490 349 589 414 491

1651 347 1913 408 ΡΗΟΤΙΙ
1951 348 2171 407 PATRl
2185 344 2453 407 ARCH/E
2488 348 2597 407 (ΣΡ.

3637 353 3751 418 492

492 472 605 520 haec
630 463 821 519 eadem
847 460 1086 532 collegit.
1120 460 1389 515 Caeterum
1419 460 1549 514 utile
1595 459 1697 513 hoc
1726 473 1885 527 opus,
1938 474 2059 512 cum

2172 458 2433 527 βασιλέων
2453 461 2546 511 καὶ
2565 460 2906 530 στρατηγῶν,
2928 460 3129 523 ταύτας
3152 462 3492 532 συνήθροισε,
3510 468 3753 524 τοσαῦτα

488 560 575 623 iis,
608 557 699 625 qui
733 556 924 608 horum
962 554 1163 621 scripta
1216 566 1487 621 operaque
1523 552 1770 619 legerunt
1822 550 1958 619 (77),
2008 560 2067 603 ut

487 664 675 705 eorum
698 662 798 718 per
825 647 940 701 hmc
967 644 1229 698 memoria
1262 652 1573 707 renovetur,
1603 651 1717 695 tum
1762 642 1829 696 iis
1859 642 1911 695 in
1958 642 2069 710 pri-

487 741 611 805 mis,
649 739 738 807 qui
774 752 881 791 non
934 736 1201 805 legerunt,
1233 734 1377 801 quod
1432 732 1648 786 assiduo
1696 746 1817 785 sese
1872 730 1926 783 in
1985 730 2067 785 his

486 829 811 890 exercendo,
848 828 998 881 brevi
1029 824 1319 879 admodum
1345 831 1587 891 tempore
1613 822 1837 891 pulchra
1892 821 2065 875 multa

485 933 539 977 et
573 921 743 982 varia,
769 916 1082 972 summatim
1117 914 1531 981 comprehensa,
1564 922 1745 965 mente
1768 910 2065 965 recondere

485 1028 607 1067 cum
639 1011 821 1065 fructu
854 1017 1077 1076 queant.
1109 1005 1427 1060 Communis
1455 1013 1635 1056 autem
1661 1004 1907 1071 utrisque
1945 1001 2061 1054 haec

485 1102 692 1156 utilitas
738 1100 978 1163 accedet,
1037 1097 1180 1165 quod
1231 1110 1351 1165 qua:
1405 1093 1810 1161 investigabunt
1862 1093 2068 1160 absque

484 1194 687 1254 labore,
714 1200 766 1246 et
797 1189 967 1251 brevi,
999 1196 1057 1241 ut
1086 1194 1326 1254 apparet,
1356 1183 1623 1236 inventuri
1649 1181 1779 1247 sint,
1812 1181 1901 1250 qui
1945 1194 2005 1234 se
2036 1195 2066 1234 a

483 1283 748 1352 capitibus
794 1280 878 1333 his
911 1278 977 1331 ad
1006 1278 1263 1331 lusiorem
1297 1273 1773 1344 pertractationem
1817 1270 2066 1324 conferre

484 1373 829 1430 volent.rlmo
866 1367 921 1424 e‘t
982 1368 1260 1438 quibusvis
1318 1366 1516 1430 dicere,
1550 1372 1605 1418 et
1621 1363 1860 1419 scribere
1883 1362 2067 1417 volen-

488 1468 628 1522 tibus
656 1464 880 1535 perutile
908 1462 1009 1517 hoc
1038 1476 1173 1531 opus
1238 1459 1477 1513 futurum
1498 1458 1568 1511 sit
1594 1455 1729 1527 (78).

1129 1547 1403 1605 CLXVIII.

588 1648 739 1701 Beati
769 1644 962 1699 Basilii
1008 1642 1264 1698 Seleucia:
1294 1640 1518 1710 episcopi
1559 1638 1842 1694 Orationes
1868 1655 1955 1694 xv.

554 1806 733 1860 Lectrc
761 1813 887 1858 sunt
925 1802 1098 1857 sancti
1131 1800 1317 1856 Basilii
1348 1800 1590 1870 episcopi
1618 1800 1881 1857 Seleuciae
1916 1797 2059 1853 Ora-

485 1904 650 1954 tiones
674 1898 984 1968 quindecim
1018 1894 1154 1965 (79).
1184 1893 1367 1947 Prima
1402 1893 1456 1946 in
1491 1891 1621 1947 illud
1653 1911 1665 1946 :
1706 1910 1725 1943 ι
1760 1890 1819 1945 ln
1856 1891 2058 1961 princi-

484 1994 575 2063 pio
618 1992 747 2047 fecit
781 1989 924 2044 Deus
966 1988 1163 2043 coelum
1193 1992 1249 2041 et
1300 1995 1525 2041 terram.
1562 2004 1582 2037 ι
1625 1982 1755 2039 Post
1808 1985 1950 2039 banc
2007 1984 2061 2037 in

485 2087 708 2155 Josepb,
742 2086 795 2139 in
828 2082 1118 2146 Adamum,
1154 2079 1206 2133 in
1236 2079 1368 2133 Cain
1393 2087 1448 2133 et
1496 2077 1653 2144 Abel,
1710 2079 1764 2132 in
1813 2077 2061 2132 Abraha-

488 2194 656 2243 mum,
706 2178 758 2231 in
809 2174 1050 2246 Moysen,
1117 2171 1290 2226 Eliam
1339 2164 1532 2241 116a
1564 2180 1619 2224 et
1664 2169 1877 2225 Jonam.
1930 2170 2061 2224 ltem

489 2286 628 2325 nona
666 2270 717 2323 iu
757 2266 1169 2322 Centurionem.
1208 2262 1426 2316 Decima
1460 2264 1514 2315 in
1552 2262 1681 2315 illud
1717 2279 1731 2315 :
1771 2279 1790 2312 ι
1828 2259 2063 2330 Naviga-

490 2354 618 2408 bant
644 2350 893 2421 discipuli
951 2364 1073 2407 cum
1118 2345 1246 2402 Jesu
1271 2346 1339 2408 ",
1382 2363 1400 2397 ι
1466 2353 1520 2399 et
1568 2357 1689 2414 qua:
1736 2354 2063 2412 sequuntur.

492 2444 693 2498 Deinde
728 2445 779 2497 iu
820 2442 989 2497 illud:
1029 2459 1048 2492 ι
1086 2438 1277 2493 Venite
1312 2436 1379 2490 ad
1408 2451 1516 2501 me,
1547 2450 1738 2491 omnes
1771 2435 1865 2505 qui
1911 2434 2061 2490 labo-

492 2537 623 2589 ratis
676 2544 730 2588 et
754 2532 961 2589 onerati
1001 2532 1155 2595 estis,
1187 2538 1242 2585 et
1281 2543 1382 2600 ego
1404 2527 1642 2584 reﬁciam
1672 2542 1770 2581 vos
1792 2528 1860 2589 “,
1904 2544 1922 2575 ι
1955 2534 2061 2579 etc.

490 2625 625 2678 Tum
681 2624 732 2677 in
785 2621 1144 2675 Publicanum
1195 2627 1249 2673 et
1296 2616 1657 2671 Pharisaaum.
1711 2613 1952 2684 Itemque
2009 2614 2062 2667 in

493 2717 619 2769 illud
648 2732 704 2768 ει
734 2713 828 2768 Dic
851 2721 904 2766 ut
928 2713 1147 2766 sedeant
1176 2710 1228 2764 hi
1259 2708 1363 2763 duo
1396 2708 1487 2761 ﬁlii
1518 2708 1644 2773 mei,
1676 2722 1814 2761 unus
1836 2707 1901 2759 ad
1932 2707 2065 2761 dex-

492 2820 683 2870 teram,
708 2806 914 2860 etalter
929 2805 994 2858 ad
1011 2803 1287 2857 sinistram
1310 2800 1375 2854 ’³.
1411 2818 1431 2852 ›
1465 2798 1531 2853 Et
1552 2800 1605 2853 in
1638 2798 1764 2852 illud
1793 2817 1805 2852 :
1844 2816 1863 2849 ι
1894 2796 2063 2863 Quem

492 2898 676 2953 dicunt
708 2897 955 2952 homines
977 2909 1099 2949 esse
1130 2892 1325 2947 Filium
1356 2891 1589 2946 hominis
1628 2890 1673 2921 “
1708 2890 1730 2942 ?
1777 2907 1796 2939 ι
1843 2888 2064 2941 Decima

508 2994 697 3061 quinta
728 2993 778 3044 in
814 2988 940 3043 illud
971 3005 984 3042 :
1021 3004 1040 3039 ι
1078 2985 1157 3041 Tu
1194 2999 1253 3041 es
1280 2984 1373 3055 qui
1414 2992 1669 3038 venturus
1696 2996 1774 3046 es,
1808 2996 1875 3035 an
1900 2980 2065 3035 alium

490 3096 869 3155 exspectamus
900 3082 984 3133 ’5?
1020 3101 1037 3131 ι

567 3285 624 3337 lu
652 3283 847 3353 quibus
879 3278 1098 3349 quidem
1121 3276 1238 3344 ejus
1266 3273 1606 3330 orationibus
1638 3272 1743 3327 hoc
1774 3273 2067 3326 observare

492 3378 638 3439 licet,
677 3388 928 3442 magnum
958 3385 1079 3425 eum
1114 3381 1257 3431 esse,
1287 3368 1331 3419 si
1366 3366 1489 3433 quis
1515 3380 1752 3434 unquam
1775 3364 1913 3417 alius
1941 3361 2065 3425 fuit,

492 3469 735 3536 ﬁguratae
761 3472 925 3532 atque
951 3460 1191 3513 incitata!
1215 3456 1501 3522 orationis,
1528 3455 1849 3524 pariumque
1889 3453 2066 3506 artiﬁ-

493 3575 634 3614 oem.
678 3553 1133 3624 Perspicuitatem
1203 3549 1556 3603 nihilominus
1620 3562 1684 3599 ac
1744 3547 2068 3600 suavitatem

494 3650 711 3704 retinet.
766 3645 968 3701 Verum
998 3644 1127 3711 quia
1159 3640 1362 3694 nimius
1391 3639 1445 3691 in
1478 3639 1653 3705 tropis
1677 3650 1732 3691 et
1775 3637 2068 3692 schematis

496 3742 770 3805 incitatis,
819 3738 1117 3793 satietatem
1161 3734 1327 3803 parit,
1366 3732 1483 3786 sive
1530 3732 1731 3800 potius,
1774 3731 1899 3800 quia
1955 3741 2066 3783 tam

496 3833 745 3887 assiduus
767 3832 820 3883 in
850 3829 931 3882 his
960 3835 1042 3882 est
1064 3840 1127 3879 ac
1158 3834 1321 3887 totus,
1352 3823 1483 3876 nihil
1505 3831 1562 3875 ut
1594 3821 1739 3875 aliud
1773 3822 1891 3876 sine
1912 3822 2072 3875 modo

496 3930 769 3986 occurrat,
802 3915 1359 3974 auditorietfastidium
1387 3924 1439 3968 et
1475 3912 1835 3967 calumniandi
1885 3928 2072 3967 ansam

500 4017 720 4086 praabet,
753 4024 915 4081 atque
959 4011 1025 4065 ad
1069 4008 1356 4079 scriptoris
1390 4008 1562 4077 ipsius
1610 4006 2064 4073 vituperationem

500 4106 714 4168 incitat,
751 4103 905 4173 quasi
936 4117 1111 4170 neque
1141 4110 1392 4154 naturam
1426 4108 1543 4152 arte
1574 4097 2068 4166 moderari,ueque

502 4198 709 4269 regula,
768 4196 913 4266 quod
965 4194 1329 4249 inordinatum
1388 4202 1543 4255 erat,
1595 4192 1845 4258 digerere
1899 4192 2073 4258 possit

604 4329 645 4357 ²¹
677 4327 808 4381 Luc.
844 4340 962 4390 vnt,
996 4323 1087 4377 ‘25.
1164 4324 1208 4353 ”
1240 4319 1432 4373 Matth.
1484 4332 1563 4379 xl,
1595 4314 1685 4369 28.
1764 4316 1811 4347 ’³
1839 4317 2038 4372 Matth.
2068 4332 2163 4382 xx,
2214 4320 2302 4373 21.

2171 551 2264 602 καὶ
2286 552 2349 602 ἐκ
2380 550 2670 605 τοσούτων.
2696 552 2870 619 Χρήσι
2881 568 2977 619 μον
3004 550 3138 604 δὲτὸ
3157 551 3359 620 βιϐλίον
3378 556 3489 617 τοῖς
3517 555 3617 623 μὲν
3648 558 3749 610 ἀν-

2171 642 2467 708 εγνωκόσιν
2492 644 2512 673 ⁹
2535 644 2673 694 αὐτὰ
2689 643 2761 694 τά
2789 644 3143 711 συντάγματα
3168 643 3277 695 τῶν
3304 645 3514 715 ἀνδρῶν
3543 648 3585 679 ³⁸
3608 648 3754 717 πρὸς

2167 733 2493 801 ἀνάμνησιν,
2533 737 2647 795 τοῖς
2679 732 2725 785 δ’
2759 735 2857 786 οὐκ
2880 732 3126 802 εἰληφόσι
3163 738 3360 806 πεῖραν
3395 739 3640 806 ἐκείνων,
3664 743 3752 795 ὅτι

2165 822 2253 875 διὰ
2270 822 2524 891 συνεχοῦς
2542 824 2722 875 αὐτῶν
2745 825 2974 895 μελέτης
3001 826 3103 878 οὐκ
3135 828 3191 877 ὲν
3217 827 3395 896 πολλῴ
3416 829 3592 900 χρόνῳ
3614 830 3751 883 πολ-

2166 913 2271 965 λῶν
2292 913 2387 967 καὶ
2408 914 2588 966 καλῶν
2610 916 2703 966 καὶ
2722 917 2980 968 ποικίλων
3000 918 3307 985 νοημάτων,
3327 920 3375 970 εί
3396 921 3488 972 καὶ
3508 920 3548 951 ¹¹
3570 939 3747 990 κεφα-

2166 1002 2391 1073 λαιώδη,
2435 1005 2654 1072 μνήμην
2679 1004 3081 1073 καρπώσονται.
3121 1007 3314 1061 Κοινὸν
3344 1008 3389 1061 δ’
3431 1010 3472 1039 ¹¹
3506 1011 3751 1080 ἀμφοτέ·

2169 1108 2282 1163 ροις
2327 1094 2358 1161 ἠ
2402 1093 2506 1145 τῶν
2535 1092 2903 1163 ζητουμένων,
2934 1092 3010 1155 ὼς
3040 1093 3207 1158 εἰκὸς,
3240 1095 3626 1166 ἀταλαίπωρος
3654 1099 3751 1149 καὶ

2170 1186 2433 1251 σύντομος
2478 1182 2717 1253 εῦρεσις,
2771 1184 2989 1236 ἐπειδάν
3017 1200 3101 1246 τις
3134 1184 3241 1237 ἀπὸ
3269 1184 3378 1237 τῶν
3429 1187 3749 1253 κεφαλαίων

2166 1274 2248 1335 είς
2279 1273 2417 1325 αὐτὰ
2444 1272 2511 1324 τὰ
2545 1272 2721 1343 πλάτη
2760 1272 3095 1340 ἀναδραμεῖν
3152 1271 3437 1327 ὲθελέσειε.
3472 1276 3582 1328 Καὶ
3615 1277 3752 1345 πρὸς

2167 1364 2302 1417 ἄλλα
2328 1364 2385 1416 δὲ
2424 1365 2538 1427 τοῖς
2578 1364 2891 1434 ῥητορεύειν
2937 1366 3031 1418 καὶ
3077 1365 3307 1435 γράφειν
3349 1368 3751 1432 σπουδάζουσιν

2166 1455 2266 1508 οὐκ
2296 1456 2567 1526 ἄχρηστον
2600 1457 2660 1507 τὸ
2691 1456 2914 1526 βιϐλίον.

2870 1549 3039 1603 ΡΞΗ’.

2172 1639 2283 1693 Τοῦ
2308 1646 2603 1709 μακαρίου
2646 1642 2970 1763 Βασιέεἰου
3014 1645 3371 1710 Σελευκείας
3410 1645 3749 1697 ἐπισκόπου

2853 1713 2978 1763 ἀπ’οι
3021 1719 3109 1763 ιε’.

2853 1719 2978 1779 όγοι
3021 1719 3109 1767 ιε’.

2248 1800 2693 1870 Ἀνεγνὼσθησαν
2738 1800 2833 1853 τοῦ
2876 1804 3149 1873 μακαρίου
3198 1805 3479 1859 Βασιλείου
3526 1806 3749 1858 ἐπισκό-

2167 1909 2271 1945 που
2321 1892 2639 1953 Σελευκείας
2676 1894 2820 1962 λόγοι
2851 1894 2929 1958 ιε’,
2959 1896 3175 1967 πρῶτος
3207 1898 3306 1967 μὲν
3338 1901 3418 1961 είς
3453 1898 3514 1951 τό
3534 1918 3550 1933 ο
3592 1916 3611 1949 t
3658 1898 3749 1951 Ἐν

2166 1986 2306 2056 ἀρχῇ
2354 1986 2607 2056 ἐποίησεν
2638 1988 2665 2039 ὁ
2695 1986 2825 2051 Θεὸς
2865 1989 2957 2043 τὸν
2986 1990 3215 2059 οὐρανὸν
3252 1992 3347 2044 καὶ
3376 1990 3474 2061 τὴν
3530 1989 3636 2058 γῆν
3665 2006 3677 2019 ·
3723 2008 3741 2040 ι

2166 2073 2282 2129 εἶτα
2306 2078 2385 2140 είς
2412 2077 2503 2130 τὸν
2546 2078 2765 2147 Ἰωσὴφ,
2795 2081 2875 2142 είς
2898 2080 2991 2133 τὸν
3035 2081 3228 2151 Ἀδὰμ,
3263 2083 3343 2145 εἰς
3373 2082 3464 2135 τὸν
3494 2084 3633 2135 Κάῖν
3655 2086 3752 2139 καὶ

2170 2168 2357 2233 Ἀϐελ,
2409 2171 2488 2232 είς
2535 2171 2625 2223 τὸν
2688 2170 2961 2241 Ἀϐραὰμ,
2995 2174 3076 2235 είς
3106 2172 3198 2226 τὸν
3228 2174 3488 2244 Μωῦσῆν,
3529 2177 3609 2239 είς
3656 2178 3752 2231 τὸν

2179 2259 2386 2327 Ἠλίαν,
2437 2261 2520 2324 είς
2548 2262 2639 2314 τὸν
2687 2261 2872 2316 Ἰωνᾶν
2906 2279 2920 2292 ’
2957 2262 3175 2327 ἐννατος
3202 2266 3281 2327 είς
3302 2265 3394 2318 τὸν
3419 2266 3752 2337 ἑκατοντάρ-

2165 2368 2289 2423 χην,
2317 2352 2538 2417 δέκατος
2571 2354 2650 2416 είς
2678 2352 2739 2405 τό
2760 2369 2773 2383 ·
2818 2373 2838 2407 ι
2873 2354 3171 2408 Συνέπλεον
3207 2354 3249 2388 ⁸³
3293 2358 3341 2409 οί
3379 2357 3617 2427 μαθηταὶ
3670 2358 3753 2429 τῷ

2177 2444 2351 2515 Ἰησοῦ
2390 2464 2409 2496 ι
2454 2445 2549 2498 καὶ
2594 2444 2758 2516 ἑξῆς·
2794 2445 2920 2517 [577
2965 2447 3032 2501 R.
3075 2447 3177 2501 196
3203 2447 3295 2519 Η.]
3345 2444 3465 2501 εἶτα
3521 2451 3601 2512 είς
3653 2450 3742 2515 τὸ,

2172 2556 2189 2589 ι
2221 2538 2383 2590 Δεῦτε
2417 2538 2461 2569 ³⁸
2494 2540 2629 2609 πρός
2665 2556 2756 2607 με,
2784 2541 2985 2603 πάντες
3008 2541 3055 2593 οἱ
3086 2542 3385 2605 κοπιῶντες
3418 2542 3511 2595 καὶ
3544 2559 3753 2612 πεφορ-

2167 2630 2406 2700 τισμένοι
2448 2649 2466 2681 ›
2505 2631 2600 2683 καὶ
2640 2630 2767 2701 ὲξῆς
2791 2648 2804 2661 ·
2842 2631 3081 2686 κᾶπειτα
3110 2635 3190 2692 εἰς
3220 2632 3310 2687 τὸν
3352 2633 3602 2701 Τελώνην
3655 2634 3756 2688 καὶ

2164 2725 2254 2779 τὸν
2277 2726 2590 2796 Φαρισαῖον,
2618 2728 2710 2781 καὶ¹
2753 2728 2830 2790 είς
2862 2727 2955 2781 τόο
2990 2748 3008 2780 ι
3043 2728 3177 2781 Εἰπὲ
3204 2730 3246 2760 ¹⁸
3280 2730 3367 2783 ἵνα
3412 2732 3461 2783 oi.
3504 2729 3595 2782 δύο
3648 2747 3754 2801 μου

2172 2817 2281 2872 υἱοὶ
2332 2818 2649 2880 καθίσωσιν,
2701 2812 2781 2880 εἷς
2832 2819 2896 2870 ὲκ
2950 2816 3139 2884 δεξιῶν
3188 2836 3282 2871 σου
3338 2818 3381 2849 ¹⁶
3426 2818 3518 2871 καὶ
3562 2814 3643 2881 εἷς
3691 2818 3756 2881 ἐξ

2168 2907 2485 2976 εὐωνύμων,
2526 2927 2543 2958 ι
2575 2908 2670 2960 καὶ
2699 2910 2777 2969 είς
2802 2909 2889 2960 τό·
2922 2927 2941 2959 ι
2983 2909 3116 2960 Τίνα
3144 2908 3185 2938 ³⁷
3208 2925 3275 2977 με
3302 2908 3548 2976 λέγουσιν
3575 2910 3622 2959 οἱ
3654 2908 3753 2961 ἇν-

2169 2997 2377 3067 θρωποι
2440 2995 2578 3050 εἶναι
2628 2999 2721 3051 τὸν
2755 2998 2885 3050 Υίὸν
2918 2995 3011 3050 τοῦ
3058 2998 3385 3068 ἀνθρώπου;
3453 3016 3476 3052 ι
3504 2998 3757 3050 ἑκκαιδέ-

2171 3092 2401 3153 κατος-¹⁸
2449 3090 2508 3142 δὲ
2557 3092 2635 3153 εἰς
2660 3090 2753 3142 τόο
2791 3110 2809 3141 ι
2845 3091 2915 3143 Σὺ
2946 3087 2997 3143 εἴ
3044 3094 3072 3144 ό
3124 3092 3436 3161 ἐρχόμενος,
3477 3091 3510 3161 ἢ
3565 3090 3756 3158 ἓτερον

2098 3204 2140 3262 C
2176 3182 2567 3255 προσδοκῶμεν
2587 3200 2601 3249 ;
2639 3203 2658 3233 ι

2258 3273 2345 3325 Ἐν
2372 3272 2581 3335 τούτοις
2605 3267 2699 3326 οῦν
2727 3272 2894 3326 αὐτοῦ
2918 3274 3033 3336 τοῖς
3067 3272 3247 3341 λόγοις
3276 3273 3337 3326 τὸ
3370 3272 3468 3343 μὲν
3493 3272 3756 3341 τροπικὸν

2172 3366 2266 3417 καὶ
2297 3364 2494 3433 γοργὸν
2524 3364 2618 3417 καὶ
2648 3365 2879 3435 πάρισον
2907 3366 2974 3429 ι’,
3002 3364 3161 3428 εἴπερ
3182 3367 3313 3418 ποτέ
3332 3383 3435 3417 τινι
3464 3366 3557 3417 καὶ
3584 3364 3752 3434 ἄλλῳ,

2174 3456 2321 3509 ἔστιν
2355 3457 2482 3507 ἰδεῖν
2534 3455 2682 3525 αὑτῴ
2712 3456 3237 3526 δημιουργούμενον,
3274 3456 3370 3509 καὶ
3395 3457 3456 3508 τὸ
3478 3456 3647 3523 σαφὲς
3692 3455 3753 3507 δὲ

2174 3550 2267 3602 καὶ
2296 3548 2390 3618 ἡδὺ
2413 3548 2686 3618 διατρὲχει
2722 3550 2766 3579 ²⁰
2797 3565 2811 3580 ο
2836 3548 2896 3601 τὸ
2923 3549 2979 3601 δὲ
3010 3549 3130 3602 λίαν
3160 3548 3460 3619 προσκορές
3498 3550 3595 3619 τῆς
3624 3565 3755 3619 τρο-

2174 3640 2283 3707 πῆς
2328 3639 2423 3691 καὶ
2454 3639 2561 3691 τῶν
2606 3640 2872 3711 γοργείων
2898 3642 2939 3671 ⁹¹
2967 3657 2982 3673 ο
3019 3640 3335 3710 σχημάτων,
3376 3639 3649 3709 μᾶλλονδὲ
3690 3639 3757 3691 τὸ

2180 3732 2401 3800 συνεχὲς
2426 3732 2521 3784 καὶ
2551 3731 2788 3802 ἄκρατον
2814 3733 2909 3785 καὶ
2939 3732 3307 3787 ἀδιάπαυστον
3332 3733 3411 3795 είς
3441 3732 3631 3801 ἀηδίαν
3658 3732 3757 3784 καὶ

2179 3823 2431 3891 διαϐολὴν
2490 3824 2581 3876 τὸν
2613 3824 2888 3896 ἀκροατὴν
2935 3824 3212 3897 διεγείρει,
3266 3824 3357 3876 καὶ
3400 3824 3564 3893 ψόγον
3614 3826 3759 3877 κινεί

2181 3914 2274 3967 τοῦ
2321 3916 2681 3985 συγγραφέως
2732 3917 2833 3969 οὐκ
2881 3916 3115 3987 ἔχοντος,
3148 3916 3222 3979 ὼς
3264 3915 3428 3981 ἔοικε,
3455 3916 3616 3985 τέχνῃ
3656 3915 3758 3982 τὴν

2181 4006 2341 4074 φύσιν
2402 4007 2665 4077 ρυϐμίσαι
2713 4007 2806 4060 καὶ
2855 4008 3040 4061 κανόνι
3085 4008 3148 4060 τὸ
3199 4008 3432 4061 ἄτακτον
3483 4006 3754 4069 διατάξαι.

2183 4098 2498 4162 Πλεονάζων
2522 4098 2567 4151 δ’
2599 4099 2747 4169 ὅμως
2773 4101 2893 4162 ταῖς
2922 4101 3173 4168 τροπαῖς,
3217 4100 3311 4152 καὶ
3348 4097 3478 4151 αὐτὸ
3496 4098 3593 4167 τῆς
3630 4113 3757 4165 τρο-

2183 4189 2439 4257 πολογίας
2465 4190 2728 4259 πηγάζων
2754 4191 2817 4243 τὸ
2856 4185 3018 4254 εἶδος,
3048 4189 3173 4243 οὕτε
3207 4191 3286 4251 είς
3315 4188 3660 4259 ψυχολογίαν,
3705 4188 3756 4239 εἰ

2382 4320 2428 4351 ²⁶
2454 4320 2639 4373 Matth.
2673 4335 2792 4384 ενι,
2824 4320 2907 4373 l5.
2987 4321 3033 4353 ’⁸
3064 4321 3255 4377 Matth.
3287 4340 3363 4388 xu,
3394 4323 3447 4377 5.

1793 4454 2023 4510 ΥΑΒΙᾹΞ
2059 4456 2354 4513 LECTION
2364 4459 2466 4514 ES.

596 4561 615 4590 ⁸
644 4556 1113 4626 ἀναγινώσκουσιν
1150 4572 1209 4626 ς.

506 4646 619 4682 om.
650 4631 715 4681 A.
760 4620 771 4626 ’
795 4630 835 4660 ’³
862 4622 1175 4746 συνέπλεον]
1198 4623 1328 4676 Luc.
1359 4637 1476 4683 vtu,
1498 4620 1586 4673 9.5.
1611 4620 1703 4671 καὶ
1730 4621 1798 4671 τὰ

506 4701 545 4731 ⁸³
572 4697 712 4746 eum
762 4698 951 4746 Matth.
985 4711 1078 4746 xx.
1111 4694 1148 4746 2
1187 4733 1201 4746 .
1300 4692 1342 4723 ³⁸
1373 4708 1465 4743 σου
1504 4689 1626 4743 add.
1673 4691 1739 4741 A.

504 4701 545 4731 ’⁵
572 4697 713 4768 εἰπὲ]
762 4698 951 4751 Matth.
985 4711 1078 4768 xx,
1111 4689 1216 4768 2i.
1300 4692 1342 4768 ’ᾗ
1373 4708 1465 4768 σου
1504 4689 1626 4768 add.
1673 4691 1739 4741 A.

503 4772 566 4823 Α.
592 4768 676 4838 οὐ]
702 4760 893 4822 Matth.
921 4781 998 4829 xl,
1026 4766 1079 4819 5.
1176 4765 1219 4795 ²⁹
1251 4763 1346 4816 καὶ
1378 4762 1438 4812 τὸ
1464 4760 1695 4829 πάρισον
1726 4776 1787 4822 ς.

1307 4553 1351 4583 ¹⁰
1374 4552 1442 4604 τὰ
1485 4549 1907 4631 συγγράμματα.
1928 4548 2036 4601 τῶν
2068 4549 2277 4631 ἀνδρῶ]
2311 4553 2911 4631 κιαὶησυντάγματα-ς.

1818 4618 2043 4717 ipsa.
2079 4621 2353 4717 ,νείκει
2417 4622 2607 4717 tam;-
2786 4618 3059 4717 281m:

1863 4689 1871 4716 ’
1900 4688 2043 4760 τίνα]
2077 4689 2266 4745 Matth.
2298 4688 2408 4749 xvt.
2435 4694 2524 4747 15.
2551 4690 2689 4747 εἶναι
2719 4688 2833 4749 Om.
2864 4698 2928 4749 A.

1863 4759 1910 4789 ²⁰
1940 4760 2222 4831 διατρέφει
2252 4780 2310 4826 ς.
2389 4764 2429 4794 ’³
2457 4766 2698 4831 γοργίων
2725 4768 2789 4819 Δ.

2992 4556 3033 4587 ¹¹
3061 4573 3113 4608 ει
3142 4558 3234 4607 καί
3266 4558 3308 4607 Α
3342 4571 3355 4607 :
3393 4556 3472 4616 είς
3502 4572 3561 4618 ς.
3645 4555 3686 4585 ¹¹
3708 4553 3752 4605 δ’

3111 4643 3178 4695 με
3210 4636 3264 4679 et
3295 4625 3348 4689 5,
3385 4625 3474 4695 τὸν
3527 4639 3635 4677 om.
3690 4629 3751 4677 Α.

3009 4696 3053 4726 ¹⁸
3080 4694 3573 4756 πεντεκαιδέκατος
3600 4709 3745 4750 corr.

2389 4764 2429 4794 "
2457 4766 2698 4833 γοργίων
2725 4768 2789 4819 Δ.

1962 4871 2225 4928 εΝΟΤᾹΞ.

574 4975 687 5042 (7'7)
713 4974 926 5039 Sequor
949 4971 1011 5024 τὸ
1040 4967 1395 5042 ἀνεγνωκόσι.

573 5037 685 5113 (78)
734 5037 990 5113 Praesagit
1044 5037 1259 5113 animus
1315 5037 1664 5113 (quiduenim
1725 5047 1870 5093 vetat
1935 5039 2074 5113 omi-

501 5107 619 5170 nari
640 5107 703 5182 ‘2')
740 5112 857 5167 fore
887 5107 945 5164 ut
971 5126 1072 5180 ope
1103 5108 1383 5163 Photiana:
1436 5107 1797 5182 Bibliotltecw,
1826 5124 1945 5175 qua:
1991 5109 2071 5159 la-

500 5196 639 5253 tent,
666 5178 929 5238 eruantur
964 5178 1069 5234 non
1104 5193 1301 5253 pauca,
1334 5178 2077 5253 et_quem_admodum_nunc

502 5245 787 5310 exiverunt
802 5245 1378 5316 Adrianusﬁelasius,
1398 5245 1865 5316 TheOpbylactus,
1892 5246 2075 5300 Simo-

502 5336 667 5387 catta,
693 5340 757 5378 ac
788 5323 1033 5392 quzedam
1068 5322 1231 5392 etiam
1268 5316 1484 5369 Diodori
1516 5317 1818 5392 Siculi,_sic
1861 5331 2078 5384 quoque

503 5411 627 5462 spes
672 5407 775 5458 est,
807 5387 1043 5462 'Stobaai
1072 5387 1299 5448 Eclogas
1352 5389 1784 5462 otnnes,_capite
1835 5396 2076 5462 truncas,

504 5455 630 5519 alibi
665 5455 910 5523 vitiosas,
945 5460 1207 5521 turbatas,
1234 5455 1483 5523 mutilas,
1522 5457 1697 5523 primo
1748 5457 1980 5509 maxime
2010 5466 2065 5509 et

506 5535 743 5589 secundo
798 5522 958 5596 libro,
1016 5525 1317 5596 philosophi
1378 5522 1608 5593 alicujus
1665 5542 1827 5594 opera
1902 5534 2067 5593 atque

505 5604 758 5674 philologi
804 5603 854 5655 in
884 5595 1150 5674 integrum
1211 5595 1515 5674 restitutum
1571 5598 1659 5659 iri,
1714 5608 1769 5648 ιιι
1818 5596 2069 5674 apto_illo

508 5664 809 5740 colligentis
836 5664 1029 5724 ordine
1058 5665 1541 5740 servato,_n_tajore
1585 5682 1706 5740 cum
1762 5664 2071 5740 reipublicae

506 5735 796 5795 comi-nodo
822 5749 1139 5808 appareant.
1188 5735 1254 5789 Et
1288 5735 1404 5798 tibi,
1463 5738 1605 5808 quod
1660 5737 1898 5808 omnium
1958 5738 2071 5802 pri-

516 5826 686 5876 mum,
710 5806 1070 5868 meouomiam
1105 5808 1385 5873 librorum,
1419 5821 1480 5859 ac
1524 5806 1858 5877 singulorum
1893 5809 2076 5878 cujus‘

2109 4972 2155 5027 Ι)
2184 4986 2289 5041 que
2317 4972 2552 5039 capitum
2585 4973 2803 5035 seriem,
2835 4981 2889 5024 et
2933 4982 3312 5041 argumentum
3347 4971 3572 5026 Pbotius
3596 4986 3760 5026 accu-

2184 5052 2300 5094 rate
2334 5044 2615 5109 designet:
2653 5042 2778 5095 deiu
2819 5044 3151 5110 Augustana‘.
3182 5043 3531 5097 bibliotheca!
3568 5043 3750 5111 (cujus

2184 5111 2479 5178 multajam
2506 5120 2721 5166 exstant
2748 5113 2800 5163 in
2832 5128 2946 5165 rem
2993 5113 3315 5166 litterariam
3347 5112 3633 5177 beneﬁcia)
3665 5126 3761 5165 co-

2182 5182 2284 5234 de:
2311 5182 2519 5234 calamo
2557 5191 2832 5242 exaratos,
2888 5193 2944 5234 ut
2980 5191 3036 5236 et
3100 5191 3298 5236 nostra}
3344 5196 3517 5250 neque
3569 5196 3757 5248 pauca,

2183 5265 2358 5318 neque
2396 5252 2790 5321 colitemneuda
2823 5251 3153 5319 fragmenta,
3188 5266 3309 5321 qua:
3341 5265 3406 5304 ex
3462 5253 3589 5303 Ant.
3638 5252 3752 5303 Au-

2183 5321 2378 5388 gustini
2415 5319 2481 5373 γ.
2520 5322 2580 5374 tl.
2614 5321 2751 5373 libro
2808 5319 3218 5386 deseripsimus,
3277 5336 3466 5389 magna
3522 5336 3653 5389 sane
3695 5322 3755 5371 ad

2188 5392 2259 5455 id,
2294 5391 2436 5457 quod
2495 5392 2855 5460 suggerimus,
2905 5392 3134 5446 aﬂ'erent
3208 5388 3543 5460 adjunienta.
3605 5388 3754 5441 Nunc

2174 5463 2429 5528 quoniam
2458 5460 2509 5513 in
2542 5458 2718 5514 medio
2755 5463 2933 5528 palma
2968 5472 3073 5525 est,
3110 5461 3213 5515 huc
3241 5458 3445 5514 Graecae
3476 5475 3540 5513 ac
3570 5461 3746 5527 polita:

2176 5531 2534 5599 philosophiae
2559 5530 2833 5584 studiosos
2860 5532 3057 5584 invito.

2252 5600 2363 5669 (79)
2399 5600 2581 5667 Longe
2614 5599 2795 5669 plures
2822 5609 3041 5655 exstant
3074 5599 3233 5654 hodie
3284 5600 3473 5669 Graece
3508 5600 3560 5653 in
3624 5597 3760 5652 Ger-

2181 5668 2359 5723 mania
2385 5668 2656 5735 evulgata,
2689 5685 2827 5737 quas
2883 5685 3053 5738 nuper
3115 5670 3336 5727 Latinas
3396 5668 3527 5725 fecit
3578 5680 3759 5724 noster

2180 5741 2437 5797 Claudius
2471 5739 2827 5809 Dausqueius.
