4062 6450
1138 348 1669 411 BlBLIOTHECA;
1707 374 1777 386 —
1811 349 2030 409 com).
2089 338 2402 423 CLXVIII,
2439 352 2691 412 CLXIX.
3441 352 3548 419 tat

245 357 365 419 493

252 472 333 542 μὴ
381 470 460 532 ὡς
486 470 535 500 ²¹
569 468 875 538 ἐλάχιστον,
907 466 1221 536 ἐκφέρεται,
1255 464 1381 519 οὔτε
1437 463 1680 535 ἀσαφείᾳ
1724 480 1850 515 σκο-

1960 464 2073 516 Etsi
2108 472 2289 516 autem
2338 462 2507 532 tropis
2562 465 2670 519 hoc
2706 466 2869 520 modo
2918 466 3198 531 abundet,
3249 466 3546 539 ipsumque

250 565 393 627 τίζει
430 562 495 613 τὸ
534 561 741 629 νόημα,
796 557 933 612 ἀλλὰ
987 561 1052 629 τῇ
1089 558 1388 628 βραχύτητι
1427 558 1473 587 ’³
1509 555 1620 608 τῶν
1662 554 1851 607 κώλων

1961 552 2098 606 adeo
2148 552 2545 622 tropologicum
2581 553 2795 608 dicendi
2835 568 3006 624 genus
3044 556 3211 609 fontis
3246 556 3301 610 in
3335 572 3543 611 morem

251 658 348 708 καὶ
385 653 496 705 τῶν
526 652 799 724 περιόδων
830 652 925 706 καὶ
965 654 1031 723 τῇ
1064 652 1299 723 ὲμφάσει
1348 650 1460 702 τῶν
1512 650 1715 715 λέξεων
1754 651 1851 717 τῆς

1960 645 2222 711 ell‘undat,
2258 661 2538 715 nunquam
2567 655 2751 701 tamen
2781 647 2905 702 ideo
2936 648 3019 703 vel
3054 649 3107 701 in
3139 647 3399 716 frigidum
3424 666 3544 704 ser-

250 745 623 815 τροπολογίας
662 746 1037 815 περιαιρεῖται
1073 743 1136 796 τὸ
1164 743 1495 812 δύσληπτον.
1546 740 1701 793 Ἀλλ’
1733 734 1847 802 οὖν,

1962 752 2201 804 monem,
2233 737 2334 791 nisi
2373 750 2601 807 perraro
2636 738 2930 805 delabitur,
2958 739 3045 793 vel
3071 739 3410 794 obscuritate
3443 740 3547 793 ali—

250 837 392 907 ὃπερ
423 837 588 908 ἔφην,
611 838 640 890 6
665 836 830 907 κόρος
855 837 956 906 τὴν
982 836 1143 907 χάριν
1167 834 1453 905 ἀμϐλύνει,
1474 833 1568 887 καὶ
1591 832 1652 885 τὸ
1677 830 1850 902 ἄκρα-

1959 844 2067 899 qua
2092 845 2315 884 sensum
2343 830 2633 885 obumbrat
2667 849 2679 885 :
2719 830 2814 884 sed
2840 832 2884 884 si
2919 831 3049 895 quid
3084 832 3154 885 ob
3182 830 3544 902 tropologiam

248 946 344 980 τον
365 932 470 999 τῆς
500 929 710 998 τροπῆς
730 928 861 991 τοὺς
894 928 1096 999 νόμους
1117 927 1216 997 τῆς
1254 931 1451 997 τέχνης
1476 927 1575 978 οὐκ
1603 926 1670 995 ἐᾷ
1699 924 1846 995 παῤ-

1960 923 2192 993 intelligi
2221 923 2399 977 minus
2424 924 2712 978 commode
2745 926 2977 993 poterat,
3014 925 3066 977 id
3093 939 3216 979 cum
3237 923 3543 978 accelerata

255 1022 654 1091 ρησιὰσασθαι.

1958 1013 2202 1068 membra
2258 1024 2421 1082 atque
2472 1014 2717 1083 periodi,
2773 1024 2884 1070 tum
2955 1017 3257 1071 dictionum
3306 1021 3545 1089 ipsarum

256 1112 632 1181 signiﬁcantia
680 1109 838 1165 facile
886 1110 1045 1164 tollit.
1101 1108 1394 1176 Caeteruin,
1441 1118 1499 1163 ut
1548 1108 1660 1179 jam
1709 1107 1846 1170 dixi,
1887 1107 2112 1161 satietas
2176 1107 2408 1175 gratiam
2485 1112 2702 1161 omnem
2749 1109 2991 1173 hebetat,
3046 1119 3102 1164 et
3147 1125 3407 1180 purorum
3453 1112 3547 1166 illa

269 1214 561 1271 troporum
591 1203 861 1258 allluentia
897 1205 1114 1258 artiﬁcii
1146 1204 1357 1270 legibus
1389 1203 1588 1257 nullam
1638 1202 1853 1256 dicettdi
1895 1200 2203 1256 libertatem
2235 1196 2508 1257 concedit.

346 1299 529 1351 Ἔοικε
566 1298 621 1349 δὲ
646 1293 799 1359 οὗτος
830 1298 1030 1367 μᾶλλον
1062 1293 1261 1370 εἶναιῆ
1297 1301 1325 1352 6
1358 1298 1698 1369 Καισαρείας
1750 1298 1845 1369 μέ-

266 1408 375 1457 γας
436 1390 729 1453 Βασίλειος,
797 1392 826 1443 6
873 1390 951 1460 τῷ
1004 1392 1459 1462 τρισμακαρίστῳ
1495 1390 1715 1463 Ἰωάννῃ
1771 1391 1850 1462 τῷ

265 1482 635 1551 Χρυσοστόμῳ
665 1483 818 1551 φίλος
839 1482 1079 1551 γεγονὼς
1113 1486 1209 1537 καὶ
1241 1484 1575 1555 ὁμωρόφιος,
1614 1486 1752 1557 πρὸς
1790 1486 1849 1539 ὃν

266 1575 357 1627 καὶ
380 1577 407 1626 6
442 1576 571 1645 περὶ
604 1575 651 1605 ³⁸
698 1574 1001 1646 ἱερωσύνης
1045 1576 1201 1643 λόγος
1238 1578 1596 1630 συντέτακται
1624 1592 1638 1606 ·
1680 1576 1852 1629 πολλὰ

259 1667 364 1735 γὰρ
400 1667 527 1735 ἴχνη
554 1665 667 1718 τῶν
696 1666 909 1718 ἐκείνου
941 1667 1036 1719 καὶ
1080 1667 1256 1736 λόγων
1296 1670 1343 1699 ’³
1395 1668 1490 1721 καὶ
1538 1670 1848 1740 νοημάτων,

2037 1292 2137 1348 Hie
2162 1304 2343 1347 autem
2376 1296 2555 1363 potius
2581 1295 2833 1362 Basilius,
2867 1313 3029 1367 quam
3057 1297 3284 1369 Magnus
3318 1300 3408 1355 ille
3426 1300 3548 1355 Car-‘-

1962 1402 2131 1442 sarea:
2156 1388 2442 1456 episcopus
2471 1388 2603 1459 (79),
2626 1390 2841 1445 videtur
2861 1392 3546 1464 beatissimiChrysostoml

1963 1479 2174 1533 amicus
2202 1477 2310 1543 ille,
2342 1490 2395 1532 et
2430 1482 2837 1537 contubernalis
2866 1482 3059 1547 fuisse,
3094 1484 3160 1537 ad
3186 1498 3345 1552 quem
3374 1486 3540 1539 etiam

1962 1571 2161 1625 librum
2208 1571 2279 1625 De
2310 1573 2615 1627 sacerdotio
2644 1575 2904 1643 scriptum
2940 1577 3171 1630 miserit.
3201 1576 3363 1630 Multa
3395 1578 3543 1633 enim

1961 1663 2014 1716 in”
2046 1662 2206 1730 hujus
2238 1660 2422 1716 Basilii
2472 1665 2815 1720 orationibus
2847 1667 3072 1736 vestigia
3112 1672 3376 1736 apparent
3418 1672 3545 1721 ora;

255 1760 347 1809 καὶ
399 1758 649 1825 μάλιστα
705 1758 817 1812 τῶν
863 1760 1003 1813 κατᾶ
1026 1760 1126 1830 τὴν
1159 1759 1310 1815 θείαν
1343 1760 1588 1833 Γραφὴν,
1640 1764 1698 1814 ἐν
1743 1760 1851 1824 τοῖς

1965 1757 2169 1810 tionum
2209 1771 2275 1810 ac
2319 1768 2578 1812 sensuum
2622 1758 2769 1812 illius
2808 1753 2945 1828 (80),
2987 1772 3175 1813 eorum
3210 1761 3541 1829 praesertim,

249 1846 346 1898 τοῦ
395 1846 693 1901 Βασιλείου
727 1849 906 1918 λόγοις
937 1851 1309 1920 ἐπιφαίνεται,
1359 1852 1435 1915 ὡς
1489 1852 1557 1905 ἂν
1601 1852 1709 1905 ἀπὸ
1753 1854 1854 1921 τῆς

250 1938 430 2008 αὐτῆς
468 1941 664 2011 πηγῆς
695 1941 806 1996 τῶν
840 1942 1185 2014 μαθημάτων
1215 1944 1580 2014 ἀρυσαμένων
1607 1943 1655 1975 ’⁸
1686 1944 1854 2015 ἄμφω

251 2031 320 2083 τὰ
355 2032 674 2102 πρόσφορα.
711 2033 824 2085 Καὶ
861 2034 961 2102 τῆς
986 2035 1199 2104 τροπῆς
1241 2035 1299 2088 δὲ
1352 2036 1385 2106 ἡ
1433 2033 1554 2087 κατ’
1614 2034 1853 2105 ἔμφασιν

252 2124 350 2175 καὶ
392 2124 680 2177 οἰκείωσιν
715 2124 1090 2197 μεταχείρισις
1123 2127 1225 2196 τῆς
1281 2126 1533 2181 Ἰωάννου
1565 2126 1852 2191 συνουσίας

252 2216 351 2266 καὶ
384 2214 858 2283 συναναγνώσεως
886 2219 987 2271 οὐκ
1016 2217 1300 2288 ἐλάχιστον
1351 2219 1589 2289 ὑπάρχει
1640 2222 1851 2291 τεκμή-

258 2323 380 2377 ριον
406 2323 421 2336 ο
448 2310 721 2378 κέχρηται
745 2308 854 2380 γὰρ
882 2308 1057 2383 ταύτῃ
1085 2311 1180 2364 καὶ
1206 2312 1235 2364 6
1273 2310 1414 2375 θεῖος
1446 2314 1655 2375 ἐκεῖνος
1688 2313 1851 2383 ἀνὴρ,

257 2400 308 2453 ει
334 2402 433 2454 καὶ
465 2401 785 2473 κεκραμένη
830 2403 926 2455 καὶ
959 2402 1081 2455 λίαν
1127 2403 1454 2475 ἐπικαίρως,
1478 2406 1575 2459 καὶ
1614 2409 1679 2478 τῇ
1713 2408 1851 2477 ἀφε-

256 2492 381 2562 λείᾳ
410 2492 506 2545 τὸν
538 2492 750 2547 ἐκεῖθεν
784 2494 949 2560 δγκον
989 2496 1187 2566 μιγνύς
1215 2496 1261 2528 ³⁷
1292 2513 1353 2550 τε
1396 2498 1491 2551 καὶ
1535 2498 1854 2554 διαλεαίνων

258 2583 504 2653 εὐφυῶς,
548 2586 642 2639 καὶ
681 2585 774 2638 τὸν
817 2586 939 2640 ὅλον
968 2587 1127 2657 λόγον
1150 2589 1433 2643 πολιτικοῦ
1472 2590 1631 2661 λόγου
1666 2594 1854 2649 εἰκόνα

258 2678 590 2750 ποιούμενος
610 2679 676 2733 ’³.

336 2770 579 2824 Ἐστιδὲ
619 2770 900 2837 Βασίλειος
924 2766 1081 2839 οὗτος
1108 2776 1137 2828 6
1188 2778 1285 2830 καὶ
1344 2776 1564 2849 μέτροις
1614 2778 1853 2844 ἐντείνας

256 2862 329 2915 τὰ
359 2864 462 2933 τῆς
493 2864 966 2936 πρωτομὰρτυρος
1013 2868 1225 2937 Θέκλης
1267 2867 1406 2940 ἔργα
1443 2872 1539 2923 καὶ
1579 2864 1717 2923 ἆθλα
1758 2872 1854 2925 καὶ

257 2957 563 3026 νικητήρια
590 2971 605 2985 ⁸
650 2956 742 3010 καὶ
790 2957 925 3011 ἄλλα
977 2958 1034 3012 δὲ
1081 2958 1247 3013 αὑτοῦ
1308 2962 1723 3034 συγγράμματα
1754 2952 1853 3033 φέ-

257 3064 452 3119 ρονται
495 3048 562 3103 ’⁸.

991 3144 1158 3199 ΡΞΘ’.

260 3232 379 3307 Τοᾷ
422 3235 494 3287 ἐν
541 3234 731 3307 ἁγίοις
781 3238 1087 3303 Κτφίλλου
1146 3240 1309 3292 Κατὰ
1355 3240 1475 3292 τῶν
1527 3241 1855 3307 Νεστορίου

325 3304 698 3377 δυσφημιῶν
726 3308 891 3375 τόμοι
923 3314 986 3360 ε’.
1043 3308 1389 3362 Ἐπιστολαί
1441 3310 1542 3362 καὶ
1596 3304 1856 3377 Σχόξλιον

322 3377 467 3443 περὶ
495 3378 603 3443 τῆς
630 3375 1142 3445 ἐνιένθρωεέήσεως
1170 3380 1277 3433 τοῦ
1306 3375 1709 3450 Momms-08¢.

335 3468 794 3537 Ἀνεγνὼσθησαν
835 3468 926 3521 τοῦ
971 3471 1030 3521 ὲν
1064 3470 1240 3539 ἁγίοις
1280 3473 1545 3543 Κυρίλλου
1573 3475 1713 3527 κατὰ
1746 3473 1854 3526 τῶν

247 3560 563 3631 Νεστορίου
613 3560 938 3631 δυσφημιῶν
996 3564 1153 3632 τόμοι
1203 3562 1265 3628 ε’,
1308 3561 1383 3617 ὧν
1423 3567 1451 3618 ὁ
1497 3566 1596 3635 μὲν
1637 3564 1873 3635 πρῶτος(

246 3657 560 3726 ἀνατρέπει
594 3658 691 3727 τῆς
715 3657 1014 3727 Νεστορίω
1036 3656 1386 3728 βλασφημίας
1406 3658 1677 3725 κεφάλαια
1698 3659 1849 3721 δέκα,

245 3750 275 3800 6
299 3749 359 3801 δὲ
394 3748 656 3819 δεύτερος
690 3750 955 3817 κεφάλαια
1009 3751 1093 3813 ιδ’,
1137 3751 1165 3801 6
1194 3751 1251 3803 δὲ
1283 3752 1466 3821 τρίτος
1510 3760 1584 3816 ς’,
1618 3754 1647 3804 6
1675 3752 1730 3804 δὲ
1760 3751 1850 3803 τέ-

252 3858 452 3911 ταρτος
504 3840 573 3905 ζ’,
619 3843 647 3894 6
681 3840 737 3894 δὲ
770 3842 1022 3912 πέμπτος
1062 3842 1158 3895 καὶ
1189 3840 1352 3905 αὐτὸς
1392 3843 1457 3906 ζ’.
1499 3838 1653 3895 Ἔστι
1680 3843 1736 3896 δὲ
1791 3843 1852 3895 τὸ

259 3935 358 4000 τῆς
385 3933 690 4002 ἑρμηνείας
714 3933 861 4002 αὐτῷ
892 3931 1031 3995 εἶδος
1068 3934 1208 3986 κατὰ
1231 3934 1329 4003 τὴν
1354 3932 1663 3997 ἰδιάζουσαν
1685 3934 1849 3987 αὐτοῦ

260 4025 363 4077 τῶν
388 4026 572 4093 λόγων
608 4026 751 4078 ἰδέαν
785 4025 1314 4096 ἐκμεμορφωμένον.
1354 4026 1526 4097 βραχὺ
1551 4027 1607 4080 δέ
1635 4045 1688 4081 τι
1713 4026 1850 4098 πρὸς

255 4119 311 4170 τὸ
345 4118 736 4189 ταπεινότερον
768 4117 1216 4189 ύπενηνεγμένον
1247 4118 1311 4173 ⁸⁸.

318 4293 459 4363 [580
486 4291 582 4364 IL]
620 4289 1034 4364 Ἐμπεριείχετο
1064 4296 1120 4348 δὲ
1161 4297 1227 4366 τῇ
1272 4295 1440 4366 βίϐλῳ
1467 4298 1560 4348 καὶ
1586 4297 1721 4367 πρὸς
1746 4296 1847 4349 αύ-

248 4385 339 4439 τὶν
368 4386 678 4454 Νεστόριον
727 4385 1011 4456 ἐπιστολὴ,
1069 4383 1424 4457 ἐπιχειροῦσα
1466 4386 1629 4456 δῆθεν
1683 4387 1846 4439 αὑτὸν

254 4477 614 4545 μεταπείθειν
671 4480 765 4530 καὶ
810 4477 1037 4546 φιλικῶς
1099 4477 1465 4549 διορθοῦσθαι.
1534 4478 1695 4531 Ἀλλὰ
1751 4480 1845 4531 καί⁹

250 4570 560 4637 Νεστορίου
594 4570 730 4639 πρὸς
769 4570 1038 4639 Κύριλλον
1090 4568 1213 4640 [197
1250 4568 1342 4641 IL]
1388 4570 1743 4640 ἀντίγραφον,
1778 4573 1846 4624 τὰ

252 4664 311 4715 ἐν
334 4664 402 4732 τῇ
435 4659 696 4734 ἐπιστολῇ
733 4663 1005 4731 κεφάλαια
1047 4663 1398 4733 ἐμφερόμενα
1435 4662 1757 4733 ποιούμενον
1790 4666 1846 4716 ἐν

1957 1848 2154 1916 quibus
2190 1858 2406 1904 sacram
2446 1851 2702 1920 explanat
2751 1850 3092 1921 Scripturam
3129 1869 3143 1917 ;
3207 1862 3265 1905 ut
3310 1861 3544 1919 uterque

1958 1941 2060 1995 sibi
2100 1941 2255 1995 utilia
2306 1956 2373 1994 ex
2425 1942 2620 1997 eodem
2668 1941 2821 1997 fonte
2869 1944 3118 1998 hausisse
3159 1944 3427 1998 videatur.
3476 1943 3545 1997 Et

1957 2047 2091 2087 vero
2128 2033 2426 2102 ﬁgurarum
2460 2034 2552 2090 ille
2575 2050 2696 2089 cum
2722 2034 3088 2104 signiﬁcantia
3117 2047 3227 2091 tum
3260 2036 3546 2092 familiaris

1959 2133 2113 2189 ttSus,
2154 2130 2508 2195 permagnum
2537 2135 2626 2181 est
2659 2127 2952 2197 singularis
3006 2142 3130 2183 cum
3162 2127 3373 2184 Joanne
3420 2136 3546 2184 con;

1956 2216 2285 2283 suetudinis,
2331 2216 2708 2286 lectorumque
2759 2217 3023 2271 librorum
3078 2216 3201 2286 ejus
3248 2225 3543 2287 argumené

1960 2316 2094 2361 tum.
2129 2305 2315 2361 Utitur
2349 2307 2496 2361 enim
2533 2307 2729 2367 iisdem
2779 2319 2834 2363 et
2863 2308 3081 2363 divinus
3126 2308 3216 2364 ille
3250 2309 3359 2374 vir,
3414 2308 3546 2365 licet

1956 2401 2238 2456 moderate
2271 2406 2327 2456 et
2354 2410 2683 2472 opportune,
2736 2410 2901 2471 atque
2928 2402 3025 2466 ita,
3068 2408 3209 2457 utet
3249 2408 3541 2463 tumorem,

1956 2492 2049 2561 qui
2085 2507 2152 2547 ex
2179 2491 2285 2547 illis
2310 2493 2574 2559 nascitur,
2610 2492 2965 2563 simplicitate
2997 2500 3264 2561 temperet
3294 2490 3545 2562 in'genio‘d

1956 2598 2128 2655 seque
2154 2584 2385 2651 molliat,
2412 2594 2469 2641 et
2498 2586 2805 2639 orationem
2836 2594 2989 2640 suam
3027 2586 3340 2641 universam
3386 2586 3539 2641 civili

1955 2676 2194 2731 sermoni
2219 2676 2551 2745 persimilem
2577 2675 2795 2731 eﬂiciat.

2034 2769 2227 2840 1161:
2288 2770 2433 2825 Idem
2488 2785 2621 2825 vero
2674 2771 2762 2826 hic
2824 2765 3058 2826 Basilius
3109 2772 3200 2825 ille
3259 2780 3391 2837 est,
3447 2768 3541 2841 qui

1957 2863 2148 2932 primae
2178 2865 2439 2935 martyris
2473 2862 2693 2918 Thecla!
2717 2864 2979 2933 praeclare
3002 2867 3151 2934 gesta
3173 2842 3310 2933 (8i),
3339 2868 3396 2919 et
3423 2870 3547 2919 cer-2

1958 2954 2184 3017 lamina,
2233 2962 2396 3023 atque
2436 2955 2696 3011 victorias
2724 2958 2914 3024 meris
2946 2956 3292 3025 persequitur
3336 2976 3350 3012 :
3389 2956 3545 3028 cujus

1959 3043 2091 3099 item
2128 3045 2235 3099 alia
2271 3046 2475 3116 scripta
2515 3045 2741 3119 [praeter
2777 3046 2907 3119 ista]
2942 3047 3431 3104 circumferuntur.

2620 3139 2859 3195 CLXIX.

1958 3230 2111 3303 Βερεί
2155 3231 2582 3303 CyrilliConlra
2628 3231 2868 3303 {Vestorii
2906 3234 3258 3302 blasphemia:
3312 3235 3433 3299 libri
3486 3252 3538 3291 v.-

2029 3296 2287 3369 Epistolw
2328 3300 2511 3367 varice,
2546 3313 2592 3355 et
2623 3296 2871 3357 Scholion
2904 3305 2969 3357 de
2990 3296 3357 3359 incarnatione
3399 3296 3539 3359 Uni-

2028 3375 2209 3443 geniti.

2024 3466 2175 3519 Lecti
2216 3475 2342 3521 sunt
2374 3468 2547 3521 sancti
2575 3464 2765 3537 Cyrilli
2795 3468 3057 3522 Adversus
3108 3466 3347 3521 Nestorii
3394 3468 3537 3523 blas-

1954 3558 2192 3623 phemias
2222 3558 2342 3611 libri
2370 3558 2627 3627 quinque,
2659 3566 2889 3627 Quorum
2921 3560 3129 3630 primus
3180 3560 3399 3628 quidem
3447 3568 3539 3613 (ιο-ο

1956 3650 2285 3704 lumniarutn
2352 3650 2585 3705 Nestorii
2641 3652 2822 3720 capita
2877 3654 3063 3707 decem
3112 3650 3330 3706 refellit.
3383 3653 3541 3707 Alter

1955 3745 2150 3800 deinde
2198 3745 2631 3813 qua‘tuordecim.
2698 3744 2917 3801 Tertius
2958 3764 3086 3802 vero
3136 3763 3252 3802 sex.
3298 3748 3542 3815 Quartus

1955 3836 2189 3905 deniQue
2217 3852 2281 3891 ac
2303 3838 2527 3907 quintus
2559 3839 2757 3907 singuli
2780 3850 3011 3908 septem.
3034 3838 3406 3896 Elocutionem
3433 3842 3533 3895 au-

1955 3939 2062 3983 tem
2103 3930 2275 3998 ipsam
2312 3930 2401 3984 hic
2432 3929 2499 3983 ad
2530 3928 2862 3999 peculiarem
2897 3932 3049 3986 illum
3075 3949 3253 3999 suum,
3286 3950 3448 4003 quem
3482 3934 3537 3988 iu‘

1952 4018 2298 4076 orationibus
2335 4022 2607 4090 sequitur,
2660 4020 2871 4079 dicendi
2930 4028 3144 4079 modum
3195 4028 3268 4080 ita
3322 4017 3539 4081 conl’or-~

1954 4113 2144 4179 mavit,
2174 4112 2452 4183 paululum
2478 4124 2535 4169 ut
2564 4114 2741 4184 magis
2776 4118 2843 4170 ad
2874 4104 3080 4172 humile
3112 4116 3327 4173 dicendi
3364 4135 3538 4188 genus

1955 4204 2159 4258 tendat.

2026 4297 2157 4352 Erat
2186 4299 2241 4352 in
2276 4300 2465 4355 eodem
2501 4300 2776 4383 voiu‘mine
2806 4303 2871 4355 ad
2893 4298 3069 4371 ipsum
3100 4316 3316 4370 quoque
3345 4298 3539 4356 Nesto-

1956 4376 2096 4442 rium
2135 4390 2388 4459 epistola,
2416 4408 2519 4461 qua
2546 4393 2597 4447 in
2626 4376 2772 4447 riam
2804 4393 2952 4447 illum
2984 4388 3262 4460 reducere,
3284 4403 3338 4447 et
3360 4393 3537 4447 amice

1953 4481 2230 4550 corrigere
2268 4483 2481 4538 nititur.
2511 4484 2649 4549 Quin
2680 4495 2735 4539 et
2763 4470 2999 4539 Nestorii
3034 4488 3099 4538 ad
3142 4486 3400 4556 Cyriilum
3444 4501 3538 4540 re-

1954 4577 2319 4644 sponsio,qua
2358 4579 2535 4646 capita
2573 4578 2687 4643 illa,
2713 4594 2834 4648 quae
2872 4593 2968 4632 sua
3001 4566 3087 4633 hic
3126 4580 3353 4648 epistola
3383 4594 3537 4633 com-

1957 4666 2151 4735 plexus
2195 4658 2400 4733 fuerat,
2455 4670 2766 4722 damnanda
2796 4684 2918 4723 esse
2943 4680 3146 4724 censet.
3173 4672 3358 4724 Altera
3407 4670 3535 4723 item

1541 4796 1769 4851 VARIZE
1805 4794 2210 4855 LECTIONES.

322 4926 369 4954 ²²
407 4922 485 4982 ὼς
512 4922 558 4973 A
582 4936 599 4971 :
626 4924 701 4981 εἰς
731 4941 790 4987 ς.
892 4918 938 4947 ’³
970 4916 1270 4987 τραχύτητι
1304 4933 1365 4977 ς.

251 4995 407 5065 μένω
438 5011 500 5055 ς.
604 4991 647 5027 ’⁷
683 4985 877 5059 μιγνύς
902 5006 959 5041 τε
990 4985 1083 5038 καί
1119 4988 1220 5065 AA:
1244 4985 1533 5053 μιγνύεται
1564 5003 1623 5049 ς.

250 5056 706 5132 ἆπενηνεγμένον
733 5056 842 5115 μοί.
869 5075 922 5129 p.
957 5060 1058 5113 119
1088 5074 1120 5110 a
1153 5056 1242 5109 28.

1476 4916 1573 4968 "6
1633 4917 1763 4989 περί
1802 4916 1843 4968 Α
1882 4919 2051 4989 επερί
2074 4919 2173 4987 τῆς
2205 4936 2263 4981 ς.

1723 4988 1769 5017 ³⁸
1803 4988 2127 5059 ποιούμενος
2170 4989 2332 5056 λόγου
2366 4991 2553 5044 εἰκόνα
2587 5008 2649 5054 ς.

2379 4921 2425 4952 ’⁵
2455 4920 2550 4971 καὶ
2576 4928 2703 4975 ante
2727 4920 2901 4986 λόγων
2932 4921 3051 4973 add.
3085 4920 3150 4973 A.

2767 4994 2812 5024 ”
2840 4993 3065 5062 φέρεται
3104 5010 3165 5056 ς.

3254 4925 3299 4955 ’⁵
3328 4921 3535 4991 ἀρυσα-

3263 4993 3308 5023 ³⁶
3350 4993 3538 5044 malim

1764 5170 1999 5227 ΝΟΤΛΕ.

328 5273 448 5343 (79)
481 5272 633 5339 Quod
656 5270 863 5343 putavit
892 5270 1090 5343 Georg.
1113 5268 1380 5343 Ailcxantl.
1415 5268 1537 5343 cod.
1563 5266 1633 5320 96
1652 5282 1717 5319 ex
1746 5265 1846 5319 So-

250 5337 396 5402 crat.
432 5337 530 5397 lib.
567 5337 798 5410 vﬁcap.
829 5342 883 5404 '5,
907 5352 961 5395 et
988 5342 1097 5395 alii.
1132 5342 1265 5393 Cum
1299 5337 1494 5391 Pltotio
1524 5349 1701 5391 tamen
1726 5354 1846 5391 scu-

255 5421 321 5470 tit
353 5416 555 5469 Suidas
604 5413 817 5466 calamo
858 5423 1113 5473 exaratus
1142 5410 1492 5463 Bibliotheca:
1526 5418 1723 5461 nostrae
1756 5423 1845 5459 so-

250 5490 385 5539 ciet.
423 5488 689 5552 Antucrp.
711 5484 910 5537 Verum
948 5484 1008 5535 Ι).
1040 5480 1412 5554 Baron_..card.
1448 5488 1484 5532 t.
1528 5478 1612 5554 I_V.
1644 5476 1837 5554 Animi.

260 5559 412 5612 Eccl.
448 5556 515 5609 ad
557 5547 685 5607 ann.
737 5554 940 5608 Christi
971 5552 1077 5607 382
1107 5547 1327 5604 tertium
1361 5552 1651 5617 quemdam
1685 5547 1839 5600 Basi-

258 5632 394 5681 liutn
437 5628 649 5695 qumrit.
679 5625 810 5697 Vide
844 5639 962 5697 qua:
993 5622 1201 5697 notavit
1234 5618 1841 5697 1105161·(ἶ1;111ι1.“υ;ιιμ5-

259 5688 553 5764 quietus-ad
585 5696 727 5750 beati
767 5688 949 5748 Basilii
995 5693 1208 5747 Selene.
1261 5705 1398 5760 quas
1425 5692 1582 5744 vertit
1623 5688 1841 5742 Oratio-

258 5786 379 5827 XICS.
424 5780 598 5820 IllllIO.

330 5838 446 5911 (80)
472 5837 839 5905 Quamobrem
867 5835 1163 5892 etiamnum
1194 5833 1352 5889 hodie
1379 5830 1667 5889 Orationes
1690 5847 1838 5901 qum-

1955 5267 2077 5319 dam
2118 5265 2430 5334 promiscue
2477 5265 2693 5335 utrique
2736 5264 3068 5330 tribuuntur,
3123 5277 3182 5320 ut
3223 5265 3292 5321 5:)
3325 5283 3387 5321 ac
3422 5279 3533 5325 tres

1953 5352 2107 5404 seqq.
2144 5340 2195 5391 in
2232 5337 2389 5390 libris
2416 5336 2602 5391 editis.

2026 5409 2141 5476 (8|)
2184 5407 2369 5461 Estin
2404 5405 2757 5461 Bibliothecis
2790 5406 2903 5461 bare
2946 5406 3065 5459 Vita
3105 5406 3293 5461 Grzcce
3336 5408 3533 5462 Basilio

1954 5480 2236 5545 inscripta,
2284 5481 2379 5530 sed
2412 5477 2588 5530 soluta
2624 5478 2873 5546 oratione
2912 5491 3014 5530 non
3051 5489 3222 5530 metro
3256 5485 3533 5546 :etletqtte

1954 5551 2005 5601 itt
2058 5549 2230 5602 lucem
2276 5546 2425 5601 Pctr.
2458 5546 2724 5601 Paulinus
2752 5545 2814 5599 V.
2846 5548 2923 5601 Cl.
2972 5546 3138 5599 Porro
3177 5547 3238 5603 B.
3273 5545 3529 5601 Theclam

1950 5620 2205 5685 templum
2238 5619 2491 5672 habuisse
2543 5619 2757 5671 celebre
2801 5618 3088 5671 admodum
3122 5618 3386 5671 Seleucia:
3451 5628 3532 5672 te—

1950 5700 2125 5743 statur
2165 5691 2355 5743 beatus
2380 5688 2604 5758 Gregor.
2641 5688 2774 5758 Naz.
2809 5689 2862 5743 in
2900 5685 3079 5741 Cum.
3110 5688 3175 5741 de
3196 5690 3300 5742 rita
3331 5706 3430 5743 sua
3475 5700 3530 5744 et

1950 5759 2242 5828 Ncepbor.
2277 5760 2370 5814 lib.
2408 5756 2517 5826 avt,
2546 5775 2665 5827 cap.
2702 5756 2754 5812 8.
