4062 6446
536 335 640 397 495

1693 326 1955 386 PIIOTII
1987 324 2493 383 ΡΑΤΒΙΛΠΟΗᾸΞ
2525 325 2634 384 CP.

3679 333 3778 398 496

536 446 722 520 Cyrilli
786 445 1015 513 epistola
1072 441 1186 515 [ibi
1242 438 1560 510 legebatur]
1623 454 1690 494 ex
1747 437 2114 492 Alexandrina

2222 437 2495 499 εὐθύναις.
2530 438 2639 490 Καὶ
2670 436 2735 509 δὴ
2760 437 2921 508 ἑτέρα
2958 436 3218 508 ἐπιστολὴ
3250 439 3542 509 Κυρίλλου,
3579 442 3653 507 ὡς
3677 447 3779 501 ἀπὸ

537 540 745 613 synodo
770 539 837 592 ad
868 536 1182 591 Nestorium
1210 536 1396 601 missa,
1416 549 1535 603 quae
1557 532 1836 586 duodecim
1865 544 1987 584 eum
2019 545 2111 583 ca-

536 636 707 701 pitum
740 643 961 685 errores
1011 628 1267 696 abiurare
1293 626 1538 695 jubebat.
1581 622 1763 677 Tertia
1793 636 2008 690 quoque
2044 623 2110 674 ad

535 707 812 779 Vzilerium
864 722 1174 791 episcopum
1208 719 1471 773 adversus
1514 713 1849 776 Nestorium,
1886 714 2113 782 ejusque

536 821 807 886 dogmata.
848 813 982 867 Item
1050 814 1113 866 ad
1165 810 1425 866 Acacium
1474 807 1731 863 Melitinm
1795 806 2111 875 episcopum

536 909 838 976 dogmatica
884 904 1151 974 epistola,
1221 902 1307 957 vel
1356 900 1605 970 apologia
1658 897 1837 969 potius
1894 895 2114 951 uniouis

536 1009 701 1069 atque
732 998 1036 1053 concordiae
1056 1012 1176 1048 cum
1208 994 1414 1050 Joanne
1433 992 1735 1047 Antiochia:
1756 987 2064 1059 patriarcha
2094 1002 2110 1040 :

537 1092 763 1160 aliaeque
794 1090 960 1142 varia:
999 1087 1238 1155 ejusdem
1288 1085 1594 1155 argumenti
1640 1083 1855 1147 litterae,
1883 1093 2113 1149 quarum

536 1185 674 1239 hinze
696 1181 936 1237 divinam
971 1193 1183 1248 quoque
1210 1176 1443 1231 Niczenaa
1472 1175 1662 1247 synodi
1687 1174 1992 1229 doctrinam
2016 1187 2115 1227 ex-

536 1274 778 1344 planant.
819 1271 875 1327 In
911 1272 1109 1339 quibus
1143 1269 1363 1339 quidem
1403 1268 1680 1331 omnibus,
1730 1264 2115 1320 contentiusne

533 1374 678 1435 agat,
721 1379 789 1416 an
840 1361 1140 1424 remissius,
1179 1358 1454 1428 propriam
1505 1356 1707 1426 ubique
1733 1354 1950 1409 dicendi
2001 1352 2109 1408 lor-

536 1473 678 1509 mam
711 1465 879 1509 tenet.

605 1547 811 1600 Eratet
836 1545 921 1599 hic
945 1544 1171 1613 epistola
1213 1544 1280 1597 ad
1308 1541 1564 1595 Acacium
1612 1540 1926 1610 episcopum
1976 1536 2107 1608 Scy-

535 1636 948 1706 tbopolitanuni,
998 1634 1075 1689 De
1119 1634 1403 1689 emissario
1428 1632 1541 1703 (82)
1572 1647 1758 1701 capro.
1790 1631 1943 1685 Alter
1983 1630 2109 1684 item

532 1729 669 1782 liber
695 1728 775 1783 sic
806 1728 1102 1796 inscriptus
1133 1744 1147 1781 :
1181 1725 1435 1781 Scholion
1469 1727 1534 1779 de
1564 1724 1833 1795 Um'genm'
1862 1725 2110 1775 incarna-

533 1822 693 1886 tione,
719 1834 827 1887 quo
858 1794 1114 1873 haec—fere
1144 1828 1524 1888 exponuntur:
1551 1794 1690 1883 Quid
1718 1825 1802 1871 est
1830 1816 2109 1870 Christus?
2137 1794 2182 1852 Β

531 1910 648 1976 Qua
680 1911 886 1963 ratione
918 1908 1299 1977 intelligendus
1325 1907 1646 1961 Emmanuel
1672 1907 1695 1961 ?
1725 1906 1865 1973 Quid
1908 1916 1993 1959 est
2022 1904 2111 1959 Je-

533 2016 627 2057 sus
660 2001 952 2055 Christus?
995 2000 1154 2054 Juxta
1185 2000 1312 2069 quid
1359 1998 1454 2053 Dei
1506 1998 1744 2053 Verbum
1791 1998 1991 2051 dictum
2028 2008 2111 2051 est

535 2094 738 2148 homo?
764 2092 926 2147 Juxta
963 2093 1091 2161 quid
1115 2103 1437 2146 evacuatum
1470 2105 1591 2145 esse
1630 2090 1723 2145 Dei
1756 2089 1997 2144 Verbum
2025 2088 2111 2143 di-

534 2188 721 2241 citur?
749 2186 1030 2253 Quomodo
1062 2184 1191 2238 item
1223 2183 1473 2238 Christus
1504 2198 1642 2237 unus
1666 2182 1787 2237 est?
1829 2180 2111 2249 Quomodo

534 2281 694 2334 etiam
720 2293 858 2332 unus
888 2288 971 2332 est
1001 2276 1683 2342 Emtnanuel?Quamnam
1722 2276 1951 2329 dicimus
1990 2288 2113 2337 esse

534 2370 957 2424 cxinanitiouem
993 2368 1143 2439 (85)?
1170 2366 1299 2422 Item
1334 2366 1401 2420 de
1431 2366 1603 2436 ignito
1628 2366 1864 2420 carbone
1889 2364 2005 2419 viso
2043 2364 2110 2417 ab

533 2462 672 2517 Isaia
708 2461 775 2527 ",
805 2461 1022 2530 aliaque
1052 2470 1337 2529 praeterea,
1364 2458 1451 2513 his
1489 2468 1665 2512 tamen
1698 2456 1901 2522 alIinia,
1930 2456 2111 2525 capita

535 2556 743 2607 decem.
778 2550 1139 2621 Permagnam
1172 2562 1298 2604 vero
1328 2548 1633 2619 legentibus
1652 2546 1942 2601 utilitatem
1971 2545 2112 2599 liber

537 2646 625 2700 hic
661 2643 858 2698 allerre
887 2650 1088 2711 potest.

1224 2731 1432 2788 CLXX.

534 2827 795 2897 Anonymi
834 2821 1620 2946 Testimoniorumrtée.C/tristo
1646 2838 1673 2876 e
1710 2822 1947 2893 gentium
1971 2820 2111 2874 scri-

1144 2906 1245 2946 vus
1296 2911 1309 2946 ι
1353 2909 1397 2946 τι
1432 2908 1523 2946 xv.

1143 2906 1245 2963 pus
1274 2906 1397 2946 mm
1432 2908 1523 2947 xv.

610 3058 807 3129 117a
856 3056 984 3124 Legi
1032 3070 1168 3126 opus
1203 3054 1492 3106 multorum
1527 3065 1802 3114 versuum,
1832 3048 1914 3102 vel
1949 3049 2115 3102 libro-

2215 529 2314 599 τῆς
2351 530 2409 581 ὲν
2452 528 2830 601 Ἀλεξανδρείᾳ
2876 529 3097 583 συνόδου
3129 529 3269 600 πρὸς
3300 532 3593 599 Νεστόριον
3648 538 3777 590 ἀπο-

2217 621 2494 683 σταλεῖσα,
2526 620 2650 688 ἥτις
2671 621 3067 691 ἀναθεματίσαι
3108 621 3271 675 αὐτὸν
3320 622 3472 691 ἠξίου
3518 625 3781 696 ἀναθεμα-

2214 716 2443 783 τισμοὺς
2494 712 2560 781 ιβ’
2608 713 2943 781 κεφαλαίων.
3000 716 3122 767 Ἔτι
3166 714 3224 767 δὲ
3259 715 3356 768 καὶ
3386 717 3551 786 ἑτέρα
3576 718 3617 749 ³¹
3654 722 3780 793 πρὸς

2216 805 2511 877 Οὐαλέριον
2536 805 2834 859 ἐπίσκοπον
2868 806 3010 859 κατὰ
3037 806 3333 877 Νεστορίου
3369 810 3466 860 καὶ
3494 809 3599 861 τῶν
3628 812 3779 866 αὑτοῦ

2214 895 2501 966 δογμάτων
2529 913 2540 924 ·
2575 896 2670 948 καὶ
2703 895 2842 966 πρὸς
2880 897 3141 951 Ἀκάκιον
3168 895 3466 950 ἐπίσκοπον
3487 898 3781 973 Μελιτηνῆς

2214 985 2549 1057 δογματικὴ,
2612 985 2815 1055 μᾶλλον
2859 987 2917 1039 δὲ
2972 976 3271 1055 ἀπολογίαν
3318 988 3652 1059 περιέχουσα
3692 994 3782 1062 τῆς

2213 1080 2352 1150 πρὸς
2409 1078 2664 1147 Ἰωάννην
2714 1078 2806 1132 τὸν
2865 1079 3198 1149 ’Λντιοχείας
3229 1081 3476 1144 ἑνὼσεως
3525 1082 3617 1134 καὶ
3668 1086 3784 1153 ὀμο-

2215 1170 2384 1234 νοίας.
2434 1171 2544 1223 Καὶ
2576 1170 2762 1241 ἕτεραι
2791 1170 3041 1240 διάφοροι
3085 1174 3215 1243 περὶ
3244 1173 3342 1242 τῆς
3370 1172 3543 1241 αὐτῆς
3600 1174 3782 1227 ὑποθέ-

2218 1281 2378 1329 σεως,
2416 1257 2492 1318 ὧν
2518 1264 2576 1316 ὲν
2606 1263 2726 1317 δυσὶ
2762 1264 2858 1317 καὶ
2887 1265 2949 1316 τὸ
2972 1267 3031 1317 ὲν
3070 1264 3276 1336 Νικαίᾳ
3303 1264 3649 1336 διερμηνεύει
3679 1266 3784 1321 θεό-

2215 1372 2378 1425 σοςρον
2412 1356 2662 1426 μάθημα.
2708 1357 2796 1409 Ἐν
2818 1350 2898 1418 οἷς
2932 1356 3103 1409 ἆπασι
3128 1356 3235 1409 τῶν
3262 1356 3482 1408 οἰκείων
3505 1356 3677 1424 λόγων
3702 1358 3783 1413 τὸν

2213 1448 2545 1518 χαρακτῆρα
2578 1446 2866 1499 ἐπιτείνων
2896 1446 2927 1513 ἢ
2966 1446 3139 1508 ἀνιεὶς
3177 1447 3327 1516 ὅμως
3353 1447 3718 1515 διαφυλάττει.

2284 1538 2714 1609 Συμπεριείχετο
2766 1538 2823 1591 δὲ
2879 1538 2975 1591 καὶ
3004 1540 3037 1606 ἠ
3073 1538 3209 1609 πρὸς
3252 1538 3513 1592 Ἀκάκιον
3570 1542 3780 1595 ἐπίσκο-

2213 1647 2317 1684 πον
2343 1630 2732 1693 Σκυθοπόλεως
2764 1630 2895 1701 περὶ
2946 1629 3042 1683 τοῦ
3088 1630 3505 1700 ἀποπομπαίου.
3557 1634 3665 1687 Καὶ
3710 1635 3782 1692 ’ἑτι

2216 1724 2402 1795 ἕτερος
2444 1723 2620 1791 λόγος,
2660 1723 3100 1794 ἐπιγραφόμενος
3129 1738 3145 1754 ο
3172 1741 3190 1774 t
3230 1723 3429 1793 Σχόλια
3447 1725 3493 1755 ³⁸
3525 1727 3651 1796 περὶ
3693 1728 3782 1797 τῆς

2209 1814 2675 1886 ἐνανθρωπήσεως
2696 1815 2790 1868 τοῦ
2817 1814 3174 1880 Μονογενοῦς,
3210 1834 3228 1866 ι
3276 1817 3336 1869 ὲν
3474 1815 3783 1885 διασαφούν-

2210 1926 2298 1960 ται
2326 1908 2373 1939 ³³
2402 1907 2612 1961 ταῦτα·
2648 1908 2713 1959 Τί
2744 1909 2862 1961 ἐστι
2904 1908 3137 1978 Χριστός
3166 1926 3179 1974 ;
3211 1907 3331 1960 τίνα
3386 1925 3448 1961 τε
3501 1910 3548 1939 ³⁵
3599 1911 3781 1979 τρόπον

2214 2000 2477 2069 προσήκει
2524 1999 2843 2053 νοεῖσθαιτὸ
2880 1999 3399 2071 Ἐμμανουήλ;Καὶ
3426 2000 3481 2053 τί
3514 2002 3657 2054 ὲστιν
3692 2003 3783 2071 Ἰη-

2214 2090 2339 2155 σοῦς
2370 2093 2414 2123 ⁸⁸
2454 2094 2481 2144 ὁ
2514 2091 2788 2162 Χριστός;
2826 2091 2919 2144 καὶ
2952 2091 3095 2145 κατὰ
3142 2093 3195 2145 τί
3248 2094 3466 2162 εἴρηται
3513 2094 3781 2162 ἄνθρωπος

2210 2186 2237 2235 6
2265 2182 2357 2235 τοῦ
2386 2181 2522 2235 Θεοῦ
2559 2184 2731 2249 Λόγος
2758 2198 2774 2248 ;
2800 2180 2933 2235 Εἶτα
2959 2184 3101 2237 κατὰ
3127 2185 3178 2236 τί
3211 2185 3553 2239 κεκενῶσθαι
3581 2185 3782 2255 λέγεται

2211 2275 2239 2326 6
2263 2274 2355 2327 τοῦ
2387 2274 2522 2327 Θεοῦ
2560 2275 2765 2343 Λόγος
2796 2276 2907 2327 Καὶ
2944 2275 3059 2337 πῶς
3092 2270 3172 2339 εἷς
3205 2279 3232 2329 6
3263 2276 3521 2346 Χριστὸς,
3557 2277 3651 2329 καὶ
3677 2278 3781 2341 πῶς

2213 2361 2290 2429 εἷς
2326 2368 2354 2418 6
2396 2365 2777 2437 Ἐμμανουήλ;
2810 2369 2919 2421 Καὶ
2943 2369 3063 2421 τίνα
3086 2369 3315 2439 λέγομεν
3359 2365 3501 2421 εἶναι
3532 2370 3627 2440 τὴν
3660 2370 3780 2425 ἕνω-

2216 2478 2299 2513 σιν
2331 2460 2421 2525 “;
2473 2462 2562 2513 καὶ
2600 2461 2859 2531 περὶτοῦ
2918 2462 3188 2532 ἄνθρακος
3237 2462 3296 2517 ὃν
3350 2460 3490 2517 εἶδεν
3547 2463 3777 2528 Ἡσαΐας,

2214 2551 2307 2604 καὶ
2335 2550 2498 2622 ἕτερα
2536 2552 2893 2621 παραπλήσια
2923 2551 3134 2617 τούτοις
3163 2552 3191 2606 ι’
3227 2553 3529 2622 κεφάλαια.
3561 2555 3698 2608 Πολὺ
3731 2554 3781 2607 δὲ

2212 2639 2273 2692 τὸ
2294 2642 2564 2711 χρήσιμον
2587 2633 2743 2705 οὗτος
2760 2642 2789 2695 6
2820 2643 2977 2710 λόγος
3006 2643 3145 2713 ἔχει.

2855 2734 2979 2789 PO’.

2226 2823 2662 2890 ’Arsnlypagcor
2680 2824 2923 2886 ,βιϐλίον
2943 2825 3014 2878 ἐν
3052 2818 3101 2892 ᾧ
3149 2825 3405 2893 χρήσεις
3449 2826 3780 2891 Ἑλληνικαὶ

2284 2894 2384 3016 ἔὲὶ
2415 2894 2707 2980 βάρόρροι
2732 2894 2843 2963 τῆς
2866 2894 2985 2949 τῶν
3011 2896 3385 2963 Χριστιανῶν
3410 2898 3687 2962 πίστεως,
3716 2898 3775 2949 ἐν

2363 2982 2487 3016 rom
2520 2980 2571 3015 ιε
2592 3002 2607 3016 .

2363 2982 2487 3031 τοις
2520 2980 2571 3015 ιε
2592 3002 2607 3017 .

2289 3053 2629 3123 Ἀνεγνὼσθη
2683 3054 2888 3124 βιϐλίον
2931 3056 3275 3125 πολύστιχον,
3315 3056 3518 3128 μᾶλλον
3546 3056 3602 3109 δὲ
3634 3054 3781 3107 πολύ-

539 3168 655 3205 l‘lllll
681 3150 859 3219 potius
893 3149 1083 3219 (libros
1126 3145 1269 3200 enim
1286 3142 1594 3213 quindecim
1624 3144 1861 3209 quinque
1890 3140 2115 3195 volumi-

2219 3140 2420 3205 6ι6λον,
2445 3144 2503 3195 ὲν
2531 3142 2711 3211 λόγοις
2748 3145 2849 3214 μὲν
2883 3152 2966 3209 ιε’,
2996 3144 3212 3215 τεύχεσι
3242 3145 3300 3197 δὲ
3346 3152 3407 3212 ε’,
3446 3146 3505 3198 ὲν
3538 3140 3617 3209 οἷς
3657 3162 3781 3215 μαρ-

538 3243 698 3295 nibus
727 3238 1088 3307 continebat),
1118 3237 1170 3289 in
1198 3236 1397 3304 quibus
1428 3232 1759 3294 testimonia,
1787 3230 2011 3300 locaque
2036 3232 2116 3285 in-

539 3342 814 3401 tegrorum
842 3329 1005 3384 etiam
1034 3328 1315 3392 librorum,
1357 3341 1461 3379 non
1500 3324 1659 3379 modo
1684 3323 1871 3377 Grmca
1925 3339 2113 3377 verum

534 3424 702 3477 etiam
753 3420 1007 3484 Persica,
1050 3418 1349 3482 Thracica,
1403 3414 1653 3486 [Egyptia
1683 3454 1696 3477 ,
1741 3414 2069 3483 Babylonica
2099 3452 2113 3478 ,

538 3512 854 3576 Chaldaica,
894 3510 1025 3579 quin
1056 3518 1109 3562 et
1140 3506 1353 3571 Italica,
1378 3521 1443 3559 ex
1480 3506 1548 3558 iis
1584 3507 1675 3573 qui
1703 3503 1844 3571 apud
1873 3502 2115 3569 singulas

538 3605 733 3657 harum
784 3601 1025 3671 gentium
1076 3599 1328 3653 doctrina
1383 3594 1518 3649 clari
1571 3594 1951 3647 haberentur:
1997 3608 2117 3660 qua:

538 3690 755 3759 quidem
790 3689 881 3742 hic
914 3688 1147 3756 scriptor
1187 3698 1411 3751 sanctze,
1462 3682 1671 3737 cmlesti
1730 3692 1889 3751 atque
1919 3682 2115 3737 divinze

536 3779 975 3835 Christianorum
1017 3777 1264 3848 religioni
1312 3791 1417 3829 non
1455 3774 1667 3829 inutilia
1726 3790 1847 3829 esse
1885 3784 2118 3829 conatur

538 3873 849 3927 ostendere.
891 3870 1208 3940 Cujnsmodi
1246 3866 1425 3929 all‘ert,
1465 3866 1535 3922 de
1580 3868 1696 3936 ipsa
1744 3882 1960 3939 quoque
1989 3882 2114 3919 sau-

538 3963 781 4019 ctissiuia
816 3970 870 4015 et
910 3958 1356 4015 consubstantiali
1399 3956 1710 4025 Trinitatc;
1740 3959 2011 4025 quomodo
2038 3957 2119 4010 ni-

540 4057 741 4109 mirum
785 4068 881 4122 per
924 4053 1143 4107 eosdem
1206 4051 1332 4106 illos
1366 4050 1691 4120 praedicetur
1733 4060 1895 4120 atque
1949 4065 2120 4104 enun-

541 4145 731 4198 tietur.
764 4141 893 4195 Item
923 4142 990 4194 de
1033 4139 1197 4195 Verbi
1234 4144 1285 4194 in
1337 4156 1501 4194 carne
1536 4139 1791 4203 adventu,
1838 4140 2119 4208 signisque

540 4235 760 4301 divinis,
794 4244 849 4289 et
882 4235 949 4288 de
988 4248 1174 4297 cruce,
1218 4232 1551 4287 cruciatibus
1588 4248 1652 4286 ac
1699 4231 1974 4300 sepultura
2006 4271 2020 4296 ,
2054 4233 2122 4286 de

542 4327 965 4389 resurrectione,
1016 4335 1179 4393 atque
1221 4324 1560 4389 ascensione,
1595 4332 1650 4379 et
1682 4324 1747 4377 de
1785 4323 2114 4377 sanctissimi

2214 3232 2394 3303 τυρίαι
2431 3233 2593 3303 δῆθεν
2638 3237 2732 3288 καὶ
2780 3237 3008 3307 χρήσεις
3072 3237 3391 3309 ὁλοκλήρων
3448 3239 3639 3307 λόγων,
3693 3239 3780 3308 οὐχ

2226 3325 2534 3397 Ἑλληνικαὶ
2593 3329 2788 3397 μόναι,
2841 3331 2976 3384 ἀλλὰ
3010 3331 3100 3383 καὶ
3136 3332 3411 3401 Περσικαὶ
3442 3334 3535 3385 καὶ
3572 3333 3781 3404 Θρᾴκιοι

2215 3416 2311 3469 καὶ
2346 3417 2639 3486 Αἰγύπτιοι
2693 3422 2789 3474 καὶ
2838 3421 3254 3477 Βαϐυλωνιακαὶ
3278 3426 3320 3456 ³⁷
3379 3426 3473 3479 καὶ
3499 3426 3782 3478 Χαλδαῐκαὶ

2217 3502 2312 3555 καὶ
2336 3504 2399 3573 δὴ
2440 3506 2536 3557 καὶ
2588 3507 2779 3559 Ἰταλοὶ
2809 3510 2871 3559 ἐκ
2899 3508 3007 3561 τῶν
3049 3511 3179 3582 παρ’
3212 3512 3469 3576 ἑκάστοις
3498 3512 3781 3566 δοκούντων

2215 3592 2412 3660 λογίων
2446 3596 2928 3667 κατεστρώθησαν,
2968 3598 3031 3661 ἃς
3056 3603 3082 3653 6
3116 3604 3475 3673 συγγραφεὺς
3529 3620 3783 3673 συμφερο-

2221 3686 2385 3755 μένας
2414 3691 2670 3758 πειρᾶται
2700 3690 2967 3743 δεικνύειν
2998 3694 3063 3762 τῇ
3086 3693 3193 3745 τῶν
3224 3698 3573 3766 Χριστιανῶν
3603 3695 3782 3765 ἀχρὰν-

2216 3795 2296 3849 τῳ
2341 3779 2438 3832 καὶ
2465 3780 2739 3849 ὑπερφυεῖ
2793 3782 2886 3835 καὶ
2944 3782 3203 3857 θειοτάτῃ
3236 3785 3530 3859 θρησκεία,
3570 3787 3692 3855 περί
3728 3803 3778 3837 τε

2218 3872 2388 3942 αὐτῆς
2417 3872 2513 3942 τῆς
2532 3874 2859 3943 ύπερουσίου
2891 3876 3289 3946 καὶὸμοουσίου
3318 3881 3571 3952 Τριάδος,
3602 3879 3672 3941 ὡς
3698 3878 3779 3929 καὶ

2219 3964 2309 4016 ὑπ’
2334 3966 2558 4018 ἐκείνων
2586 3966 2917 4037 κηρύττεται
2954 3967 3046 4019 καὶ
3076 3968 3529 4035 καταγγέλλεται,
3580 3966 3699 4038 περί
3728 3982 3780 4017 τε

2218 4058 2315 4127 τῆς
2341 4059 2400 4110 ὲν
2432 4058 2596 4129 σαρκὶ⁸
2642 4060 2739 4111 τοῦ
2785 4059 2961 4128 Λόγου
2996 4061 3323 4131 παρουσίας,
3351 4062 3464 4114 τῶν
3512 4079 3571 4114 τε
3603 4061 3779 4127 05931;-

2222 4146 2391 4213 μειῶν
2419 4147 2621 4200 καὶτοῦ
2644 4149 2877 4219 σταυροῦ
2901 4150 2997 4202 καὶ
3019 4150 3113 4203 τοῦ
3140 4151 3345 4214 πάθους
3374 4154 3469 4206 καὶ
3501 4154 3596 4221 τῆς
3617 4153 3778 4219 ταφῆς

2220 4236 2316 4289 καὶ
2351 4238 2448 4305 τῆς
2486 4238 2836 4301 ἀναστάσεως
2868 4242 2967 4310 τῆς
2998 4257 3058 4292 τε
3111 4242 3432 4313 ἀναλήψεως
3456 4245 3549 4297 καὶ
3578 4243 3669 4311 τῆς
3695 4240 3777 4294 τοῦ

2221 4329 2487 4395 παναγίου
2523 4328 2840 4399 Πνεύματος
2870 4331 3126 4401 πυρίναις
3157 4331 3433 4400 γλώσσαις
3460 4337 3776 4403 ἐπιχορηγη-

543 4418 783 4490 Spiritus
813 4417 1000 4487 ignitis
1046 4416 1246 4485 linguis
1289 4415 1343 4469 in
1397 4414 1695 4484 discipulos
1747 4413 2114 4482 inexplicabili

2223 4419 2407 4488 θείσης
2434 4422 2544 4483 τοῖς
2570 4419 2839 4490 μαθηταῖς
2877 4421 3014 4491 ὑπὲρ
3047 4424 3206 4490 λόγον
3239 4425 3483 4495 χάριτος,
3507 4427 3598 4478 καὶ
3618 4424 3676 4493 δὴ
3696 4422 3777 4475 καὶ

543 4513 704 4567 modo
743 4509 1161 4579 superveniente
1212 4508 1385 4575 gratia
1424 4521 1526 4561 nec
1570 4523 1678 4561 non
1726 4506 1793 4559 de
1832 4506 2115 4561 tremenda

2221 4513 2320 4583 τῆς
2350 4475 2588 4580 ᾧέοερξῖξ
2617 4475 2854 4581 Χριστού
2888 4475 2996 4565 τοῦ.
3019 4475 3153 4567 Θεοιῖ
3184 4475 3775 4587 -δεύτέραῖςπαρ-

542 4602 749 4658 Christi
796 4600 1009 4654 Domini
1062 4598 1231 4654 nostri
1269 4598 1509 4654 secundo
1556 4597 1834 4664 adventu,
1888 4605 2115 4650 mortuo-

2217 4602 2406 4665 ουσίας
2428 4605 2521 4654 καὶ
2552 4602 2656 4671 τῆς
2676 4603 2786 4656 τῶν
2830 4604 3041 4675 νεκρῶν
3073 4606 3429 4671 ἀναϐιώσεως
3452 4609 3544 4661 καὶ
3568 4607 3779 4677 κρίσεως

545 4707 774 4763 rumque
792 4692 1193 4748 resurrectione
1221 4705 1284 4745 ac
1325 4690 1560 4759 judicio,
1595 4698 1648 4744 et
1682 4690 2115 4744 remuneratione

2223 4690 2319 4745 καὶ
2337 4690 2574 4761 ἀμοιϐῆς
2591 4684 2666 4743 ὧν
2696 4691 2926 4755 ἕκαστος
2958 4693 3017 4745 ἐν
3074 4693 3174 4763 βίῳ
3199 4693 3548 4765 διεπράξατο.
3595 4694 3665 4747 Οὐ
3691 4690 3776 4761 μό-

547 4801 734 4841 eorum
769 4800 890 4853 quae
935 4784 989 4837 in
1038 4784 1152 4837 vita
1191 4783 1423 4852 quisque
1473 4780 1730 4852 gesserit.
1775 4782 1858 4835 Ad
1897 4782 2015 4836 hac
2060 4783 2115 4836 de

2223 4800 2313 4837 vov
2329 4782 2385 4835 δὲ
2409 4782 2545 4835 ἀλλὰ
2565 4783 2660 4837 καὶ
2690 4785 2820 4853 περὶ
2852 4783 2897 4815 ³⁸
2921 4785 3020 4853 τῆς
3069 4784 3163 4837 τοῦ
3198 4786 3403 4850 παντὸς
3440 4781 3776 4855 δημιουργίας

546 4876 791 4932 universi
821 4875 1048 4942 fabrica,
1068 4875 1133 4930 de
1159 4873 1525 4943 providentia,
1553 4875 1619 4929 de
1648 4874 1924 4941 paradiso,
1950 4874 2115 4943 deque

2226 4874 2319 4929 καὶ
2357 4873 2635 4943 προνοίας,
2670 4875 3001 4945 παραδείσου
3019 4892 3077 4928 τε
3105 4878 3200 4930 καὶ
3220 4877 3328 4929 τῶν
3363 4878 3651 4946 συστοίχων
3671 4871 3778 4924 τού-

550 4965 840 5021 similihus.
883 4965 1023 5032 Quin
1051 4974 1105 5021 et
1150 4963 1219 5019 de
1268 4964 1468 5020 virtute
1503 4964 1936 5019 Christianorum
1994 4979 2115 5033 pro-

2229 4984 2367 5029 τοις,
2404 4968 2499 5020 καὶ
2531 4967 2595 5036 δὴ
2645 4968 2741 5019 καὶ
2766 4968 2893 5037 περὶ
2918 4968 3119 5037 ἀρετῆς
3144 4970 3241 5038 τῆς
3272 4970 3425 5039 παρὰ
3450 4965 3774 5040 Χριστιανοῖς

548 5057 666 5129 pria
713 5066 769 5111 et
790 5057 835 5111 si
860 5057 992 5126 quid
1022 5056 1150 5112 huic
1183 5056 1470 5111 linitimum
1492 5064 1597 5112 est.
1629 5054 1705 5111 De
1730 5056 1814 5109 his
1866 5055 2115 5111 omnibus

2230 5058 2600 5128 ἀσκουμένης,
2624 5058 2719 5109 καὶ
2744 5057 2861 5110 εἴτι
2883 5057 3087 5128 ταύτης
3116 5060 3515 5130 παραπλήσιον,
3531 5058 3651 5126 περὶ
3670 5051 3778 5105 τού-

624 5148 669 5179 ²⁶
703 5146 812 5203 Isa.
849 5164 926 5213 γι,
956 5146 1012 5203 6.

1821 5239 2058 5297 VARUE
2100 5240 2509 5297 LECTIONES.

650 5336 692 5366 ³¹
720 5334 905 5403 ’ἐτεραι
931 5334 1297 5404 apograpbum
1342 5332 1620 5404 Stephani.
1701 5332 1744 5363 ³³
1776 5333 1961 5404 σχόλια
2000 5336 2065 5404 Α,
2109 5333 2236 5404 σχολ
2261 5350 2275 5363 ·
2326 5335 2388 5398 C,
2414 5334 2785 5403 superscripto
2817 5334 2847 5385 λ
2886 5351 2898 5386 :
2934 5335 3140 5404 σχόλιον
3157 5354 3217 5400 ς.

650 5353 692 5366 υ·
722 5353 905 5403 ετεραι
931 5353 1297 5401 apograpnum
1342 5353 1620 5399 Dlepnanl.
1701 5353 1744 5363 -·
1776 5353 1961 5402 σχολια
2000 5353 2065 5399 Α,
2109 5353 2236 5404 σχολ
2261 5353 2275 5363 ·
2326 5353 2388 5398 ιι,
2414 5353 2785 5403 superscripto
2820 5353 2847 5385 Α
2886 5353 2898 5386 :
2934 5353 3004 5386 ora

556 5403 604 5437 ³⁸
631 5404 715 5476 τε]
746 5404 803 5458 δέ
818 5422 889 5476 ῖς.
922 5404 1063 5476 τόΔΑ
1095 5403 1236 5476 ςᾼτόν
1261 5418 1322 5464 ς.
1400 5402 1444 5433 ³⁸
1465 5403 1493 5453 6
1521 5404 1644 5456 add.
1685 5418 1767 5471 pr.
1803 5405 1869 5455 A.
1946 5402 1991 5435 ³⁸
2017 5403 2210 5459 ἕνωσιν
2234 5405 2279 5457 Α
2304 5406 2567 5460 εκένωσιν
2604 5406 2645 5459 C
2674 5421 2733 5467 ς.
2755 5353 3004 5476 Ἡσαΐαςῆ

557 5474 652 5527 καί
672 5472 733 5538 ςῖ.
813 5474 857 5505 ³⁸
883 5472 1009 5543 περί
1041 5473 1163 5527 add.
1199 5473 1262 5528 A.

3294 5337 3337 5369 ³⁸
3364 5334 3688 5399 διασαφεῖται
3724 5342 3776 5387 ς’.

3032 5420 3150 5476 cap.
3171 5399 3266 5472 VI,
3298 5406 3351 5461 6.
3426 5406 3467 5438 ³⁷
3502 5399 3779 5456 Βαϐυλωνι-

2851 5526 2862 5536 ς

2033 5562 2265 5619 ΝΟΤᾸΕ.

630 5656 743 5738 (ἓξ)
777 5657 947 5738 ᾳμίιεξ
979 5658 1201 5738 emissio
1228 5666 1390 5728 atque
1422 5661 1759 5717 caeremonim
1782 5661 1959 5719 Levit.
1999 5678 2091 5718 xvi
2134 5670 2469 5737 praescripta.

632 5728 745 5796 (85)
770 5728 855 5780 Al.
897 5727 1181 5783 Unionem.
