4062 6476
330 406 430 469 £97
1388 406 1912 466 BIBLIOTHECA.
1949 434 2019 444 -—
2057 408 2222 468 COD.
2281 410 2501 469 CLXX.
3521 411 3628 474 498

327 532 444 568 των
475 515 741 568 ἀπάντων
772 515 818 545 ³⁹
849 513 1083 584 Ἕλλησί
1107 531 1165 567 τε
1184 515 1278 568 καὶ
1311 516 1637 584 Αἰγυπτίοις
1663 518 1759 569 καὶ
1782 518 1929 570 Χαλ-
1963 565 1967 580 ί

2075 534 2292 583 .raecos,
2336 518 2663 588 Atigyptios,
2707 519 2988 575 Chaldaeos
3014 559 3030 585 ,
3068 528 3123 573 et
3167 535 3307 588 quos
3353 522 3625 575 nominavi

327 608 504 669 δαίοις
549 607 646 658 καὶ
691 608 807 667 τοῖς
847 605 1265 675 προειρημένοις
1297 604 1423 676 [581
1464 606 1512 660 R
1636 605 1929 668 πεφιλοσο-

2075 620 2264 665 ιιιιειιοε
2311 611 2765 680 philosophatos,
2839 612 3142 680 eademque
3197 613 3314 667 suis
3379 615 3625 682 ipsorum

327 699 542 768 φῆσθαί
597 715 657 750 τε
690 697 786 749 καὶ
822 696 1256 766 διακεκηρῦχθαι
1286 699 1345 751 ἐν
1388 698 1542 760 ἰδίοις
1581 696 1765 750 αὐτῶν
1809 714 1931 748 πει-

2075 703 2261 773 criptis
2309 703 2644 774 divulgasse,
2685 705 2976 759 ostendere
3005 705 3218 760 nititur.
3263 704 3454 776 Neque
3494 721 3628 760 vero

332 794 499 864 ρᾶται
553 789 839 842 δεικνύναι
888 787 1343 860 συγγράμμασιν.
1401 790 1475 842 Ού
1537 789 1701 860 μόνον
1741 790 1799 843 δέ
1825 791 1935 843 ἀπὸ

2076 811 2234 850 orum
2299 797 2678 852 tantummodo
2737 798 3050 852 testimonia
3102 806 3357 867 congesta
3406 797 3628 863 laudat,

330 885 442 938 τῶν
469 882 784 953 εἰρημένων
813 882 858 913 ¹⁵⁰
880 882 1098 952 ἀγείρει
1151 883 1246 935 xui.
1278 881 1560 952 συντίθησι
1587 881 1687 946 τὰς
1726 899 1936 954 μαρτυ-

2075 897 2203 959 tque
2251 889 2501 954 advocat,
2535 888 2632 944 sed
2659 899 2716 944 et
2743 903 2773 943 e
2804 889 3016 959 frigidis
3061 888 3176 960 (84)
3221 888 3425 944 Zosimi
3474 889 3631 946 libris

339 977 494 1048 ρίας,
526 975 660 1028 ἀλλὰ
683 975 781 1028 καὶ
809 973 918 1026 ἀπὸ
963 972 1074 1026 τῶν
1095 973 1464 1044 χειμευτικῶν
1483 974 1528 1006 ’δι
1561 973 1816 1044 Ζωσίμου
1848 974 1938 1026 λό-

2077 981 2229 1034 etita.
2263 980 2554 1036 Thebanus
2583 979 2687 1034 fuit
2713 981 2805 1037 hic
2835 980 3183 1052 Panopnlita,
3220 984 3312 1053 qui
3343 997 3518 1052 neque
3539 997 3632 1038 ar-

341 1086 467 1137 γων
500 1069 748 1140 (Θηϐαῖος
773 1067 820 1120 δ’
859 1063 928 1138 ἦν
954 1061 1111 1131 οὗτος
1151 1066 1548 1139 Πανοπολίτης)
1576 1069 1678 1121 οὐκ
1711 1069 1756 1099 δ’
1789 1068 1941 1138 ἐφεί-

2080 1071 2315 1125 umentis
2347 1075 2538 1126 eadem
2562 1072 2798 1141 probare
2823 1073 3084 1143 neglexit,
3118 1075 3172 1128 in
3198 1076 3399 1145 quibus
3433 1087 3486 1131 et
3519 1075 3632 1130 He-

348 1181 496 1216 σατο
521 1162 589 1216 τὰ
613 1162 728 1231 [198
754 1158 849 1232 Η.]
905 1159 1046 1213 αὑτά
1087 1160 1559 1225 κατασκευάζειν·
1595 1162 1656 1214 ἐν
1707 1155 1790 1224 οἷς
1847 1162 1942 1214 καὶ

2075 1163 2360 1218 ,τοίοιιτυιη
2395 1176 2590 1217 vocum
2606 1163 3042 1235 signiﬁcationes
3067 1168 3317 1237 exponit,
3351 1177 3409 1222 et
3435 1167 3636 1239 singuli

364 1251 674 1323 Ἑϐραϊκῶν
717 1250 917 1314 λέξεων
945 1251 992 1283 ’⁵³
1047 1252 1324 1306 ἐκτίθεται
1364 1251 1671 1324 σημασίας,
1713 1251 1943 1306 καὶτῶν

2075 1251 2265 1308 binam
2318 1251 2560 1308 locorum
2584 1253 2818 1324 apostoli
2847 1255 3150 1309 salutarem
3171 1257 3474 1311 doctrinam
3498 1273 3636 1328 pra!-

357 1339 669 1392 ἁποστόλων
696 1337 928 1401 ἕκαστος
956 1337 1086 1392 ἔνθα
1119 1356 1180 1390 τε
1216 1337 1264 1370 ⁸⁸
1290 1339 1352 1391 τὸ
1388 1341 1661 1411 σωτήριον
1705 1340 1944 1410 ἐκήρυξε

2075 1348 2300 1412 llearint,
2345 1359 2562 1417 quaque
2597 1347 2809 1401 ratione
2859 1347 3114 1402 humanis
3144 1349 3294 1403 curis
3340 1363 3404 1402 ac
3435 1348 3636 1402 labori-

359 1436 611 1505 μάθημα,
646 1435 743 1488 xui.
790 1434 849 1486 ἐν
997 1433 1150 1504 τόπῳ
1197 1434 1307 1488 τῶν
1353 1434 1713 1506 ἀνθρωπίνων
1765 1435 1945 1490 πόνων

2075 1453 2148 1494 ius
2198 1440 2312 1494 sint
2359 1439 2620 1495 defuncti.
2659 1441 2841 1495 Donec
2867 1441 2934 1493 ad
2979 1441 3140 1495 tinem
3185 1443 3405 1496 tandem
3442 1442 3638 1498 horum

354 1525 726 1581 ἀνεπαύσατο.
773 1526 895 1578 Ἐπὶ
915 1526 1061 1578 τέλει
1085 1526 1143 1579 δέ
1173 1525 1283 1580 τῶν
1316 1526 1492 1596 λόγων
1550 1528 1645 1580 xui.
1675 1526 1945 1598 παραίνε-

2075 1530 2334 1598 ibrorum,
2375 1546 2528 1586 suam
2564 1546 2781 1602 quoque
2811 1531 2976 1588 affert
2997 1532 3447 1598 admonitionem,
3471 1548 3638 1602 quam

355 1636 438 1670 σιν
471 1617 611 1670 ἰδίαν
633 1617 1020 1682 κατατίθεται,
1049 1618 1461 1688 γνωμολογίαις
1493 1635 1554 1672 τε
1583 1619 1695 1673 τῶν
1717 1619 1823 1684 ἔξω
1852 1621 1950 1673 xui.

2075 1624 2290 1691 gentium
2335 1624 2666 1688 sententiis,
2725 1639 2791 1680 ac
2846 1623 3146 1696 Scriptura:
3207 1625 3348 1680 locis
3392 1626 3639 1679 contexit

349 1709 654 1778 Γραφικοῖς
705 1709 914 1777 λογίοις
967 1709 1176 1780 ταύτην
1237 1711 1583 1780 συνυφαίνων
1627 1713 1722 1766 xui
1765 1712 1950 1766 διαπι-

2075 1726 2215 1786 ilque
2244 1716 2533 1771 confirmat
2567 1735 2580 1772 :
2613 1718 2666 1772 in
2695 1733 2802 1787 qua
2849 1718 3194 1787 potissimum
3226 1717 3462 1774 hominis
3496 1718 3641 1772 illius

348 1803 476 1855 στού
488 1819 656 1872 μενος
678 1820 690 1830 ·
747 1806 806 1856 ὲν
946 1804 1183 1874 μάλιστα
1215 1804 1278 1857 τὸ
1313 1805 1608 1875 φιλάρετον
1633 1803 1731 1858 τοῦ
1759 1805 1951 1877 ἀνδρὸς

346 1897 442 1949 καὶ
474 1897 541 1948 τὸ
576 1899 661 1961 είς
695 1897 986 1960 εὐσέϐειαν,
1012 1899 1335 1969 ἀδιάϐλητον
1365 1898 1518 1953 ἐστιν
1551 1899 1874 1968 ἐπιγνῶναι.

432 1989 503 2041 Ἦ
527 1989 586 2042 δὲ
633 1990 744 2044 τῶν
769 1989 943 2058 λόγων
968 1991 1135 2044 αὐτοῦ
1165 1991 1210 2022 ⁸⁵
1247 1989 1358 2043 ἰδέα
1404 1990 1508 2044 οὐκ
1536 1992 1817 2061 ἀφέστηκε
1855 1990 1951 2045 τοῦ

352 2079 500 2147 μηδὲ
539 2079 656 2132 ἰδέα
685 2074 826 2132 εἶναι
844 2096 859 2111 ο
898 2080 933 2149 ἦ
972 2097 1032 2131 τε
1055 2079 1163 2151 γὰρ
1180 2079 1428 2150 συνθήκη
1459 2083 1518 2134 ἐν
1541 2081 1758 2145 πολλοῖς
1777 2081 1954 2145 οὕτως

354 2173 747 2243 άπημέληται,
792 2173 886 2227 καὶ
931 2175 964 2244 ή
1004 2173 1149 2240 λέξις
1175 2175 1269 2227 ἐπὶ
1323 2174 1604 2240 τοσοῦτον,
1640 2174 1784 2230 ὥστε
1818 2176 1956 2247 μηδὲ.

355 2261 471 2313 τῶν
504 2263 572 2315 ἐκ
616 2264 831 2334 τριόδου
893 2265 1153 2334 ῥημάτων
1201 2266 1373 2319 ἐνίοτε
1431 2265 1729 2335 φείδεσθαι.
1771 2267 1881 2320 Καὶ
1928 2269 1957 2321 ὁ

359 2354 490 2418 νοῦς
511 2354 572 2407 δέ
609 2356 720 2408 τῶν
753 2358 1120 2426 γραφομένων
1145 2357 1296 2428 αὐτῴ
1320 2357 1580 2421 πολλάκις
1608 2358 1762 2412 οὐδὲν
1793 2359 1956 2429 ἀμεί-

358 2465 492 2500 νων.
520 2449 632 2500 Καὶ
660 2448 750 2500 τὸν
785 2449 886 2517 μὲν
935 2449 1028 2500 τοῦ
1069 2449 1262 2519 ἀνδρὸς
1308 2450 1470 2503 πόνον
1512 2452 1608 2503 xui.
1638 2450 1730 2503 τὸν
1757 2451 1958 2506 σκοπὸν

360 2541 465 2592 οὐκ
499 2540 566 2593 ἄν
590 2557 673 2602 τις
697 2540 1059 2610 εὐγνωμονῶν
1077 2541 1470 2611 ἐπιμέμφοιτο,
1494 2542 1677 2595 οὐκέτι
1693 2543 1737 2595 δ’
1759 2543 1961 2613 ὁμοίως

363 2634 465 2686 καὶ
516 2634 579 2685 τὸ
610 2633 790 2704 ἔργον.
848 2635 924 2686 Οὐ
964 2635 1104 2704 ῥητὰ
1134 2635 1242 2702 γὰρ
1303 2635 1461 2705 μόνον
1492 2639 1551 2690 ἐν
1601 2635 1815 2700 πολλοῖς
1867 2639 1962 2692 καὶ

367 2727 636 2788 πολλάκις
667 2726 988 2796 ἀνάρμοστα
1013 2728 1125 2790 τοῖς
1152 2726 1448 2797 ἡμετέροις
1476 2727 1641 2791 θείοις
1695 2728 1963 2798 δόγμασιν

366 2818 710 2890 ἐφαρμόζειν
741 2819 1080 2884 ἐκϐιάζεται,
1121 2819 1260 2871 ἀλλά
1287 2821 1383 2872 xui.
1443 2819 1648 2890 μύθους
1675 2820 1770 2874 xui.
1824 2821 1964 2873 ὀνεί-

370 2930 501 2981 ρους
527 2913 656 2974 τοῦς
687 2911 818 2983 παρ’
869 2911 1052 2965 αὐτῶν
1097 2912 1325 2966 ἐκείνων
1355 2912 1466 2965 τῶν
1488 2913 1760 2966 τεκόντων
1794 2913 1965 2982 γελω-

371 3004 576 3074 μένους
607 3003 694 3070 ἂν,
719 3003 835 3071 εἴγε
869 3006 1168 3074 σωφρονεῖν
1207 3003 1452 3075 ἔμελλον.
1507 3005 1562 3058 Ὁ
1596 3004 1653 3058 δὲ
1682 3005 1804 3058 οὐδὲ
1839 3004 1966 3058 τού-

366 3115 502 3160 τους
521 3099 704 3166 λέγειν
737 3100 1090 3167 παραιτεῖται
1115 3099 1182 3167 τῇ
1213 3097 1465 3168 ἡμετέρᾳ
1521 3096 1783 3167 θεοσοφίᾳ
1829 3114 1965 3166 συμοι

2055 1825 2176 1863 cum
2206 1809 2424 1866 virtutis
2448 1810 2710 1875 studium,
2731 1822 2842 1865 tum
2868 1811 3001 1865 nulli
3024 1810 3317 1867 obnoxiam
3348 1810 3636 1866 calumnia:

2056 1902 2310 1972 pietatem
2345 1901 2475 1956 licet
2510 1918 2828 1974 agnoscere.

2125 1995 2210 2050 Ad
2261 1993 2527 2049 orationis
2563 2009 2694 2049 vero
2739 1995 2856 2064 ejus
2889 1994 3067 2049 ideam
3123 1997 3266 2065 quod
3308 1996 3525 2062 attinet,
3577 2009 3641 2048 ea

2059 2087 2205 2142 nulla
2237 2102 2361 2143 esse
2400 2101 2559 2156 posse
2587 2087 2824 2141 videtur.
2859 2086 2998 2141 Nam
3038 2099 3093 2142 et
3118 2089 3441 2156 compositio
3481 2089 3554 2141 ita
3587 2089 3641 2141 ii

2059 2179 2333 2249 plerisque
2380 2180 2627 2250 neglecta
2669 2188 2772 2244 est,
2812 2178 3051 2247 ipsaeque
3093 2179 3229 2232 adeo
3257 2178 3550 2240 dictiones,
3586 2193 3645 2230 Ut

2061 2287 2160 2328 nec
2195 2287 2224 2326 a
2251 2271 2559 2328 trivialihus
2604 2273 2879 2326 interdum
2908 2272 3088 2325 verbis
3111 2271 3425 2325 abstineat:
3459 2280 3513 2323 et
3552 2285 3646 2323 eo-

2059 2377 2181 2418 rum
2209 2361 2340 2418 item
2380 2377 2500 2432 quze
2534 2361 2729 2418 scribit
2758 2365 3028 2418 sententia
3047 2363 3218 2418 nihilo
3238 2362 3324 2417 his
3348 2360 3644 2432 aliquando

2062 2453 2256 2508 melior
2290 2455 2493 2509 evadit.
2540 2455 2722 2522 Quare
2780 2455 2880 2509 etsi
2918 2455 3158 2508 laborem
3184 2454 3310 2519 viri,
3348 2454 3539 2524 1170
3581 2467 3647 2508 ac

2061 2560 2286 2613 scopum
2333 2548 2592 2602 cordatus
2632 2563 2794 2601 nemo
2825 2548 3026 2602 merito
3060 2548 3443 2616 reprehendat,
3471 2547 3647 2614 ipsum

2066 2645 2248 2690 tamen
2277 2651 2414 2703 Opus
2451 2651 2556 2690 non
2592 2637 2817 2704 perinde
2848 2650 2907 2691 se
2939 2637 3121 2689 habet.
3162 2634 3278 2689 Non
3308 2635 3482 2688 solum
3502 2632 3648 2686 enim

2063 2727 2408 2782 dissentanea
2450 2741 2592 2796 saepe
2621 2727 2676 2781 in
2718 2727 2903 2780 multis
2937 2728 3082 2781 dicta
3115 2726 3313 2780 divina:
3351 2733 3553 2780 nostra:
3581 2724 3651 2778 ti-

2065 2821 2150 2876 dei
2183 2822 2600 2877 accommodare
2635 2820 2862 2885 nititur;
2899 2835 3087 2874 verum
3129 2820 3295 2873 etiam
3340 2817 3555 2874 fabulas
3588 2832 3656 2874 ae

2065 2917 2298 2981 somnia,
2328 2931 2452 2986 quas
2479 2915 2565 2970 vel
2597 2915 2664 2970 ab
2690 2914 2961 2984 ipsismet,
2996 2915 3088 2983 qui
3116 2912 3473 2982 prodiderunt
3511 2911 3657 2966 scri-

2068 3009 2341 3077 ptoribus,
2371 3008 2416 3063 si
2437 3007 2568 3078 quid
2597 3014 2881 3075 saperent,
2909 3006 3246 3060 irrideantur
3281 3023 3295 3058 :
3325 3019 3446 3075 qua:
3468 3011 3652 3057 tamen

2067 3100 2157 3155 ille
2185 3101 2509 3156 Christianae
2554 3109 2756 3154 nostra:
2803 3098 2926 3154 ﬁdei
2971 3100 3279 3154 conducere
3332 3097 3468 3151 adeo
3505 3095 3657 3150 atﬁr-

369 3189 667 3259 φέρεσθαι,
724 3189 862 3242 ἀλλά
889 3189 986 3242 καὶ
1019 3191 1242 3243 σπεύδει
1270 3189 1370 3260 τὴν
1393 3191 1450 3242 ἐν
1488 3191 1600 3252 τοῖς
1632 3189 1824 3259 μύθοις
1871 3189 1966 3243 καὶ

2075 3209 2222 3248 mare
2252 3209 2362 3248 non
2394 3203 2636 3260 veretur,
2664 3202 2723 3248 ut
2745 3193 2992 3249 studiose
3018 3207 3234 3262 quoque
3268 3189 3579 3246 fabularum
3602 3199 3659 3246 et

367 3283 612 3354 ὀνείροις
650 3282 941 3337 ἀλλόκοτον
971 3282 1183 3336 ἔννοιαν
1209 3284 1289 3346 εἰς
1311 3283 1410 3344 τὰς
1443 3282 1670 3352 ἀληθεῖς
1700 3283 1794 3336 xui.
1845 3282 1964 3334 θεο-

368 3377 611 3447 πρεπείς
641 3376 736 3428 xui
769 3375 1249 3445 ἀπαραγράπτους
1301 3373 1396 3428 xui.
1447 3373 1697 3444 καθαρὰς
1758 3373 1970 3434 ἐννοίας

365 3469 466 3522 τοῦ
502 3469 658 3523 θείου
683 3468 955 3538 δόγματος
1006 3466 1359 3522 ἀνατίθεσθαι
1395 3479 1412 3494 ⁸
1448 3465 1508 3532 ἐξ
1537 3459 1615 3519 ὧν
1645 3466 1834 3536 κέρδος
1873 3466 1972 3536 μὲν

368 3563 483 3615 οὐδ’
514 3560 700 3614 ὁτιοῦν
725 3563 791 3631 τῇ
819 3560 1096 3630 εὐσεὸείᾳ,
1137 3559 1394 3628 ἀφορμὰς
1423 3558 1480 3611 δέ
1513 3558 1688 3628 λαϐῆς
1720 3559 1843 3611 κατ’
1875 3558 1974 3611 αὑ-

367 3655 471 3725 τῆς
492 3657 613 3716 τοῖς
667 3651 955 3721 φιλαιτίοις
983 3656 1084 3705 οὐκ
1116 3651 1182 3704 ἂν
1211 3650 1424 3718 ἀλόγως
1446 3650 1577 3720 δόξῃ
1608 3648 1970 3720 πορίζεσθαι,

369 3750 491 3815 είγε
536 3748 634 3800 xui.
662 3745 732 3798 τά
780 3745 950 3816 μηδὲν
990 3744 1360 3814 προσήκοντα,
1417 3741 1556 3796 ἀλλὰ
1579 3743 1675 3796 καὶ
1714 3743 1792 3804 ὡς
1820 3742 1974 3794 πλεῖ-

387 3859 516 3895 στον
546 3843 654 3894 ἀπε
665 3839 988 3909 μφαίνοντα,
1023 3836 1442 3910 ἐπιχειροῦντάς
1463 3853 1616 3900 τινας
1636 3835 1746 3889 τῶν
1772 3834 1976 3904 ἡμετέ-

394 3954 502 4006 ρων
525 3936 712 4001 ἓξουσι
743 3934 1010 3988 δεικνύειν
1057 3936 1138 3996 εἰς
1188 3932 1453 3985 σύστασιν
1503 3932 1604 4002 τῆς
1639 3931 1978 4008 άπροσδεοῦς

390 4031 482 4081 καὶ
513 4029 686 4098 μόνης
718 4027 972 4096 καθαρᾶς
1004 4026 1101 4078 xui.
1131 4025 1367 4096 ἀληθοῦς
1392 4023 1655 4095 λατρείας
1692 4023 1874 4094 ἡμῶν,
1910 4022 1980 4075 τά

380 4122 614 4175 ἐκείνων
639 4119 1067 4190 ἐκϐιαζομένους
1105 4121 1202 4173 xui
1261 4117 1678 4189 ἐπιχειροῦντας
1705 4121 1784 4181 εἰς
1836 4134 1980 4187 συμ-

381 4217 598 4285 ιξωνίαν
634 4214 810 4284 ἄγειν,
831 4213 870 4267 ἃ,
894 4213 1056 4268 πλέον
1088 4213 1228 4284 πρὸς
1251 4213 1319 4266 τά
1348 4213 1597 4282 ἡμέτερα
1629 4211 1663 4281 ἢ
1693 4211 1752 4264 τὺ
1788 4211 1980 4274 σκότος

379 4312 531 4380 πρὸς
554 4309 616 4361 τὸ
660 4308 775 4376 φῶς
808 4307 1125 4376 διέστηκεν·
1157 4305 1325 4359 ὑπέδυ
1364 4304 1423 4357 δέ
1487 4303 1579 4357 τὸν
1637 4303 1981 4374 πολύμοχθον

377 4401 583 4455 τοῦτον
612 4403 642 4453 ὁ
681 4401 970 4469 ἄνθρωπος
1000 4399 1186 4462 πόνον,
1215 4397 1291 4460 ὡς
1325 4397 1491 4460 αὐτὸς
1543 4395 1808 4460 πολλάκις
1860 4395 1984 4465 ἐδή-

379 4493 590 4557 λωσεν,
651 4491 739 4544 ἵνα
779 4489 962 4554 δείξας
1011 4486 1074 4539 τδ
1115 4488 1463 4558 Χριστιανῶν
1506 4487 1687 4557 δόγμα
1716 4488 1774 4540 ἐν
1815 4487 1984 4539 πᾶσιν

2073 3285 2410 3339 somniorum
2463 3285 2700 3340 alienum
2735 3299 2956 3340 sensum
2983 3283 3035 3337 in
3059 3298 3237 3348 veros,
3288 3283 3429 3352 pios,
3460 3294 3658 3351 puros-

2073 3393 2179 3448 que
2209 3392 2275 3432 ae
2316 3378 2562 3432 sinceros
2607 3377 2777 3431 divini
2823 3375 3092 3445 dogmatis
3127 3389 3324 3429 sensus
3365 3374 3657 3429 traducat:

2074 3468 2218 3524 unde
2263 3476 2324 3523 ut
2369 3468 2800 3523 emolumentum
2844 3467 3070 3522 omnino
3112 3465 3320 3520 nullum
3362 3479 3504 3520 verae
3531 3463 3661 3520 reli—

2075 3561 2220 3631 gioni
2260 3559 2528 3622 attulisse,
2562 3559 2634 3613 ita
2669 3558 2999 3612 criminandi
3027 3556 3373 3612 occasionem
3399 3555 3662 3609 cavillan-

2077 3653 2221 3707 tibus
2263 3651 2600 3720 praebuisse,
2645 3665 2753 3704 non
2798 3648 2997 3717 injuria
3047 3649 3318 3703 videatur.
3359 3647 3663 3703 Ostendere

2077 3743 2349 3812 siquidem
2395 3741 2656 3810 deinceps
2685 3749 2874 3810 gentes
2906 3749 3165 3810 poterunt
3198 3755 3231 3795 e
3268 3739 3470 3795 nostris
3493 3755 3662 3810 quos-

2079 3835 2223 3901 dam,
2273 3834 2365 3905 qui
2403 3835 2472 3887 ad
2519 3834 3010 3890 commendandam
3059 3832 3376 3902 religionem
3421 3841 3664 3887 nostram

2081 3929 2224 3997 (quae
2248 3926 2363 3980 sola
2387 3941 2525 3995 pura
2553 3935 2639 3981 est
2675 3942 2738 3979 ac
2783 3940 2935 3990 vera,
2969 3939 3145 3995 neque
3172 3925 3276 3978 ulla
3310 3934 3572 3995 przeterea
3604 3938 3666 3979 re

2080 4033 2216 4086 opus
2250 4017 2435 4082 habet)
2474 4016 2744 4086 ejusmodi
2785 4017 3099 4082 adhibeant,
3136 4031 3257 4085 qua:
3291 4015 3426 4069 nihil
3457 4015 3524 4068 ad
3549 4029 3665 4070 rem

2082 4109 2412 4179 pertineant,
2461 4109 2594 4180 quin
2629 4109 2922 4162 maximam
2957 4110 3140 4178 potius
3181 4116 3395 4179 partem
3444 4122 3668 4178 prorsus

2084 4202 2266 4256 aliena
2297 4203 2431 4268 sint,
2465 4201 2591 4270 quia
2618 4217 2706 4254 res
2732 4199 2950 4254 illorum
2975 4199 3274 4256 conciliare
3303 4215 3428 4254 cum
3458 4199 3664 4254 nostris

2085 4303 2376 4359 conentur,
2410 4309 2439 4348 a
2465 4293 2668 4364 quibus
2703 4302 2884 4346 tamen
2918 4291 3294 4355 nihilominus,
3328 4306 3491 4360 quam
3524 4305 3555 4342 a
3582 4289 3669 4342 lu-

2086 4385 2235 4439 mine
2276 4385 2535 4447 tenehraa,
2581 4381 2866 4450 disjunetze
2917 4383 3048 4435 sint.
3089 4379 3268 4434 Subiit
3295 4394 3426 4434 vero
3471 4377 3674 4433 illein-

2087 4487 2300 4548 gentem
2329 4477 2473 4530 hunc
2499 4475 2762 4539 laborem,
2788 4474 2932 4541 quod
2957 4474 3073 4542 ipse
3092 4471 3388 4527 identidem
3419 4480 3672 4536 testatur,

384 4584 578 4637 ἔθνεσι
606 4577 1093 4654 προκαταγγελθέν
1121 4579 1273 4651 παρὰ
1293 4577 1402 4632 τῶν
1419 4579 1478 4630 ἐν
1505 4578 1759 4640 ἑκάστοις
1783 4578 1967 4646 λογίωι

2090 4580 2149 4624 ut
2182 4580 2422 4633 ostenso,
2467 4568 2904 4623 Christianorum
2963 4567 3267 4623 doctrinam
3317 4566 3373 4620 in
3421 4564 3676 4620 omnibus

383 4679 488 4732 καὶ
520 4674 1060 4747 προκηρυττόμενον,
1117 4671 1559 4740 ἀναπολογήτους
1611 4669 1806 4740 ἐλέγξῃ
1853 4668 1981 4732 τοὺς

385 4770 451 4835 ἐξ
505 4767 698 4831 ἐθνῶν,
725 4768 840 4821 ὅσοι
888 4765 964 4837 μὴ
1007 4764 1085 4836 τῷ
1115 4762 1244 4833 θείῳ
1298 4761 1606 4834 προσῆλθον
1636 4761 1978 4833 κηρύγματι.

387 4863 557 4915 Καὶὸ
620 4862 719 4932 μὲν
755 4861 958 4924 σκοπὸς
992 4857 1297 4924 ἐπαινετὸς,
1335 4857 1434 4909 οὐκ
1460 4855 1568 4908 ἔδει
1614 4856 1673 4908 δὲ
1701 4855 1768 4907 δι’
1807 4847 1883 4908 ὧν
1914 4851 1984 4926 ἦν

391 4955 608 5026 ἄπορόν
633 4971 690 5008 τε
721 4956 815 5008 xui.
828 4953 1114 5018 ἀπίθανον,
1148 4951 1284 5006 ἀλλά
1315 4949 1382 5004 δι’
1429 4942 1504 5003 ὧν
1532 4947 1790 5020 ἐνεχώρει
1827 4948 1922 5002 xui.
1950 4948 1984 5020 η

389 5049 586 5109 πίστις
612 5045 918 5111 συνείπετο,
949 5043 1144 5096 τοῦτον
1168 5039 1553 5112 περαίνεσθαι.

2091 4659 2346 4730 gentibus
2372 4658 2794 4727 praenuntiatum
2822 4656 3014 4723 fuisse,
3047 4657 3190 4712 etab
3207 4656 3677 4727 eloquentissimis

2089 4751 2397 4821 quibusque
2425 4749 2479 4804 in
2508 4749 2738 4820 singulis
2769 4749 3083 4805 nationibus
3114 4748 3487 4819 pratdicatam,
3519 4747 3676 4802 inex-

2090 4845 2363 4902 cusabiles
2392 4859 2488 4899 eos
2510 4860 2701 4899 omnes
2730 4846 2872 4898 inter
2920 4853 3109 4914 gentes
3133 4856 3256 4899 esse
3302 4842 3676 4910 convinceret,

2094 4940 2186 5010 qui
2226 4939 2423 4994 divinae
2468 4953 2577 4993 non
2613 4938 2725 4992 sint
2751 4938 2960 4993 assensi
2989 4935 3273 4992 doctrinae.
3312 4933 3416 5002 Qui
3456 4934 3675 5005 quidem

2097 5048 2297 5104 scopus
2328 5033 2628 5089 laudandus
2652 5047 2786 5087 sane
2819 5041 2922 5094 est,
2963 5031 3064 5086 etsi
3094 5045 3199 5084 non
3225 5027 3510 5099 oportebat
3552 5041 3679 5082 eum

394 5156 497 5209 per
520 5140 686 5193 dubia
725 5149 780 5192 et
809 5136 1148 5192 incredibilia
1177 5133 1397 5200 confici,
1424 5134 1518 5189 sed
1549 5147 1646 5202 per
1676 5145 1739 5187 ea
1771 5140 1982 5186 tantum
2017 5143 2250 5200 quorum
2293 5137 2349 5181 et
2383 5125 2617 5182 facultas
2661 5125 2927 5197 ejusmodi
2988 5134 3158 5192 esset,
3212 5132 3269 5178 et
3317 5136 3438 5192 quae
3515 5119 3679 5176 ﬁdem

399 5231 737 5288 invenirent.

473 5322 552 5376 Τὺ
581 5321 956 5392 μέντοιὸνομα
984 5317 1078 5374 τοῦ
1109 5317 1499 5389 συντεταχότος
1537 5317 1607 5370 τὰ
1631 5315 1797 5386 τεύχη
1827 5316 1990 5387 μέχρι

401 5413 498 5468 νῦν
526 5415 628 5466 οὐκ
656 5411 888 5483 ἔσχομεν
916 5410 1115 5464 είδέναι
1135 5427 1149 5440 ·
1179 5410 1240 5462 οὐ
1270 5409 1380 5479 γάρ
1409 5406 1703 5478 ἐνεφέρετο
1737 5408 1851 5468 τοῖς
1905 5404 1988 5474 βι-

2169 5311 2301 5380 Ejus
2327 5320 2507 5365 autem
2532 5308 2622 5378 qui
2654 5308 2770 5362 haec
2791 5304 3064 5362 volumina
3098 5302 3339 5373 collegit,
3365 5313 3561 5354 nomen
3593 5313 3681 5354 co-

2098 5419 2360 5478 gnoscere
2409 5404 2478 5459 ad
2527 5404 2669 5459 hanc
2697 5400 2838 5457 diem
2874 5415 2982 5456 non
3013 5396 3160 5468 potui
3189 5397 3310 5467 (nec
3355 5393 3502 5448 enim
3532 5391 3678 5460 libri,

1674 5518 1917 5574 VARIIE
1958 5517 2371 5576 LECTIONES.

476 5619 524 5651 "
559 5617 781 5671 πάντων
819 5635 880 5683 ς.
920 5617 967 5648 ’⁸ο
999 5614 1413 5686 προειρημένων
1442 5629 1505 5676 ς.

399 5687 455 5724 ⁴δ
491 5705 552 5742 τε
585 5691 714 5745 add.
746 5691 812 5744 A.
887 5688 933 5719 ”
966 5686 1117 5758 αὑτῷ
1145 5703 1204 5751 ς.

1611 5612 1656 5644 ’⁸⁸
1683 5610 2030 5685 χυμευτικῶν
2057 5626 2204 5670 corr.
2236 5611 2302 5668 A.
2377 5611 2423 5645 “
2447 5611 2547 5667 οὐκ
2649 5629 2664 5670 :
2689 5607 2750 5674 ὃς
2775 5607 2875 5662 οὐκ
2904 5625 2964 5672 ς.
3042 5605 3087 5637 ⁸³
3118 5603 3318 5670 λέξεων
3359 5598 3407 5654 Δ
3450 5616 3466 5654 :
3501 5595 3684 5668 λόγων

1905 5776 2138 5837 NOTAE.

483 5875 599 5948 (84)
630 5873 708 5934 De
737 5873 892 5948 cujus
918 5874 1147 5934 historia
1183 5873 1499 5953 Phot._msup.
1537 5873 1660 5933 cod.
1683 5871 1774 5930 88.
