4062 6448
555 419 661 479 499

553 539 690 591 quos
724 523 980 589 vidimus,
1019 524 1070 578 id
1112 527 1533 595 praeferebant);

554 615 908 684 stantinopoli
939 632 998 670 se
1024 633 1145 671 cum
1174 632 1345 671 uxore
1371 633 1433 670 ac
1457 618 1644 672 liberis
1669 633 1732 672 ex
1766 634 1829 672 ea
1866 619 2137 687 susceptis

556 707 826 772 habitare,
887 718 1049 775 atque
1129 716 1250 776 post
1300 708 1534 762 lleraclii
1610 719 1855 779 tempora
1934 709 2137 762 vixisse

550 798 810 855 ostendit.

1225 910 1461 966 CLXXI.

555 998 816 1052 Eustratii
867 999 1077 1067 Magna:
1108 985 1313 1057 eccles.‘
1347 1002 1541 1069 presb.,
1572 1002 1651 1056 De
1689 1004 1796 1069 vita
1831 1003 2134 1069 functorum

625 1072 817 1122 animis
865 1064 1127 1143 tractatus
1182 1088 1266 1126 ιιι.
1310 1064 1695 1143 -ὲ-ϐίινιιδίρρὶ
1730 1064 2133 1143 Hierosolymo-

625 1158 741 1191 rum
785 1141 951 1208 presb.
987 1140 1231 1195 Historia
1268 1143 1331 1196 de
1362 1140 1721 1197 Gamolieleet
1746 1140 2059 1199 Nicodenio.

624 1316 881 1386 Legimus
921 1318 1119 1371 librum
1154 1317 1414 1373 Eustratii
1454 1280 1660 1389 Magnae
1690 1320 1948 1387 Tecciesite
2009 1334 2131 1388 pre—

552 1407 782 1479 sbyteri,
801 1408 890 1477 qui
918 1409 1167 1462 oratione
1200 1408 1417 1478 quidem
1437 1425 1567 1463 usus
1592 1420 1677 1464 est
1694 1410 1914 1465 minime
1940 1410 2124 1465 lauda-

552 1497 668 1567 bili,
706 1498 799 1553 sed
854 1503 1189 1567 argumentis
1222 1516 1331 1555 non
1375 1502 1663 1556 admodum
1712 1502 1994 1572 culpandis
2026 1520 2041 1557 :
2077 1511 2132 1558 et

553 1591 720 1646 dictio
753 1594 868 1660 ipsa
901 1594 1188 1661 perspicua
1213 1602 1320 1648 est.
1365 1594 1493 1648 Tria
1530 1590 1872 1663 potissimum
1896 1595 1969 1649 illi
2000 1610 2131 1664 pro-

548 1684 749 1758 posita.
793 1685 1034 1739 Primum
1065 1686 1305 1755 quidem,
1337 1688 1620 1740 beatorum
1648 1687 1887 1751 animas,
1922 1703 2044 1742 mox
2070 1697 2129 1741 ut

547 1790 776 1847 corpore
816 1778 1005 1850 soluta}
1044 1779 1175 1851 sint,
1226 1780 1483 1849 operari:
1517 1794 1616 1833 nec
1659 1781 1941 1836 beatorum
1988 1782 2128 1835 dun-

1711 421 1911 480 ΡΗΟΤ
1916 420 1975 479 ΙΙ
2016 421 2517 480 PATRIARCH/E
2551 423 2657 482 Cl".

1571 525 1701 579 illud
1737 536 1966 590 tantum,
1993 526 2114 579 Cout

2240 526 2428 590 ὅλίοις,
2466 528 2567 581 ὅσα
2601 528 2837 599 εἴδομεν,
2887 528 3026 596 πλήν
3060 543 3123 593 γε
3149 525 3215 595 δὴ
3258 526 3338 577 ὃτι
3366 527 3789 595 Κωνσταντινούς

3689 421 3785 483 500

2240 620 2395 672 πολιν
2417 618 2571 689 ᾤκει,
2592 619 2811 686 γυναικί
2847 637 2906 671 τε
2931 620 3079 687 νόμῳ
3105 620 3283 686 γάμου
3311 618 3538 688 συνῴκει
3570 624 3661 675 καὶ
3682 630 3786 691 τοῖς

2239 712 2295 776 ἐξ
2322 711 2490 781 αὐτῆς
2521 712 2686 764 αὑτοῦ
2712 712 2887 778 παισὶ,
2926 712 3020 763 καὶ
3048 712 3129 762 ὅτι
3159 708 3296 779 μετὰ
3322 711 3448 772 τοὺς
3489 711 3787 781 Ἡρακλείου

2237 802 2460 872 χρόνους
2489 802 2582 855 τὸν
2614 802 2726 872 βίον
2748 804 2999 874 διήνυσεν
3018 804 3081 855 ⁸⁸.

2918 921 3085 976 POA'.

2237 1014 2634 1088 Εὐςτρατίου-
2664 1013 3072 1082 πρεσϐυτέρου
3124 1016 3404 1088 Μεγάλης
3453 1004 3790 1088 Ἐκκλησίὰς

2306 1083 2447 1149 Περὶ
2506 1083 2682 1151 τριῶν
2740 1101 2918 1136 τινων
2977 1088 3316 1153 κεφαλαίων
3355 1083 3677 1154 διάληψιρ
3730 1083 3790 1131 -ζ

2302 1153 2655 1229 Χρρσέππος
2694 1156 3139 1229 ’πρεσβύτερος-
3180 1153 3613 1228 Ἰεροσολύμων
3641 1153 3791 1229 ⁷Περί

2306 1222 2412 1275 τοῦ
2443 1223 2765 1293 Γαμαλιήλ
2795 1222 2897 1277 καὶ
2920 1224 3281 1295 Νικοδήμου.

2304 1337 2433 1410 [584
2459 1337 2550 1410 R.]
2586 1338 2929 1411 Ἀνεγνώσθη
2968 1339 3170 1410 βιϐλίον
3204 1340 3539 1411 Εὖστρατίου
3572 1345 3789 1414 πρεσϐυ-

2232 1430 2393 1499 τέρου
2435 1430 2536 1498 τῆς
2563 1431 2808 1500 μεγάλης
2846 1431 3196 1501 Ἐκκλησίας,
3236 1431 3556 1500 φράσειμὲν
3591 1434 3791 1500 συγκεί·

2237 1537 2396 1589 μενον
2443 1520 2543 1572 οὐκ
2591 1522 2872 1590 ὲπαινετῇ,
2902 1522 3181 1591 λογισμοῖς
3209 1521 3265 1573 δὲ
3313 1521 3375 1572 οὐ
3408 1520 3528 1573 λίαν
3551 1520 3784 1589 ψεκτοίςι

2234 1610 2411 1678 σαφὴς
2468 1608 2511 1659 δ’
2541 1608 2569 1659 ὁ
2600 1608 2775 1676 λόγος.
2820 1609 2970 1662 Ἡδὲ
3020 1610 3278 1679 πρόθεσις
3329 1608 3409 1677 τῷ
3462 1608 3615 1678 ἀνδρὶ
3675 1612 3786 1677 τρία

2228 1702 2402 1755 ταῦτα
2431 1701 2716 1771 συστῆσαι,
2746 1702 2804 1753 ἒν
2835 1701 2934 1771 μὲν
2964 1702 3045 1754 ὅτι
3080 1702 3215 1771 μετὰ
3240 1700 3337 1770 τὴν
3359 1699 3675 1769 ἀπαλλαγὴν
3704 1702 3786 1752 τοῦ

2233 1794 2486 1863 σώματος
2530 1794 2728 1847 αὐτίκα
2784 1792 3101 1861 ἐνεργοῦσιν
3122 1793 3179 1846 αἱ
3211 1793 3318 1845 τῶν
3350 1791 3479 1863 [199
3508 1790 3601 1862 Η.]
3636 1792 3788 1858 ἁγίων

547 1875 721 1929 taxat,
753 1869 847 1923 sed
884 1879 940 1923 et
986 1870 1237 1935 omnino,
1275 1881 1434 1940 prout
1478 1872 1710 1941 quisque
1754 1874 1981 1928 meritus
2029 1874 2114 1938 sit,

2229 1883 2419 1954 ψυχαὶ,
2444 1884 2504 1935 οὐ
2529 1885 2687 1953 μόνον
2717 1882 2771 1934 δὲ
2801 1882 2910 1934 τῶν
2933 1883 3123 1951 ἁγίων,
3142 1883 3279 1937 ἀλλὰ
3304 1883 3401 1935 καὶ
3431 1882 3635 1947 ἁπλῶς,
3665 1885 3789 1938 κατὰ

542 1961 787 2033 qmnium
824 1960 1128 2016 hominum.
1168 1959 1395 2016 Animas
1430 1961 1573 2026 illas,
1593 1978 1713 2031 quae
1744 1963 1928 2017 multis
1956 1978 2122 2030 saepe-

540 2070 769 2109 numero
792 2068 936 2120 sese,
980 2054 1260 2123 variisque
1301 2055 1477 2109 modis
1529 2057 1942 2125 conspiciendas
1987 2055 2122 2110 oﬁee

540 2156 689 2223 runt,
718 2146 771 2200 in
804 2160 900 2200 sua
928 2160 1201 2216 quamque
1228 2155 1425 2199 natura
1455 2162 1739 2218 apparere,
1782 2164 2122 2218 nequaquam

537 2252 671 2311 vero
694 2237 932 2292 divinam
959 2240 1217 2293 virtutem
1250 2239 1303 2293 itt
1328 2238 1534 2297 formas
1569 2250 1883 2295 sanctarum
1912 2244 2123 2296 anima-

540 2346 661 2384 rum
696 2332 998 2385 traductam
1033 2332 1229 2411 118a
1264 2335 1613 2403 operationes
1681 2335 1801 2395 illas
1839 2336 2117 2391 exhibere.

539 2422 676 2497 Quid
717 2422 862 2477 enim
904 2421 1108 2501 ﬁngere
1132 2424 1329 2499 attinet
1366 2439 1463 2478 seu
1502 2424 1728 2492 fortnas,
1769 2441 1865 2485 seu
1896 2425 2117 2494 ﬁguras,

536 2531 660 2581 cum
684 2515 991 2584 promptius
1023 2531 1086 2570 ea
1126 2518 1340 2587 possint
1374 2517 1477 2590 [a]
1514 2521 1723 2573 sanctis
1754 2519 1863 2574 illis
1889 2520 2114 2584 animis,

534 2621 654 2676 qua:
683 2607 892 2662 numini
918 2608 1032 2663 visa
1053 2618 1204 2674 sunt,
1228 2610 1414 2678 perﬁci
1435 2610 1458 2663 ?
1476 2611 1629 2677 Quod
1658 2611 1876 2681 quidem
1902 2620 2116 2665 utrum-

534 2716 640 2771 que
674 2711 838 2770 caput
873 2717 995 2757 cum
1042 2704 1255 2758 Veteris
1283 2717 1347 2756 ac
1397 2701 1531 2757 Novi
1568 2701 1905 2758 Testameuti
1944 2703 2112 2768 locis,

532 2802 646 2867 tum
694 2810 828 2850 vero
873 2796 1211 2851 diversorum
1252 2795 1477 2853 Patrum
1533 2797 1861 2852 testimoniis
1912 2800 2115 2853 conﬁr-

531 2901 684 2954 mare
722 2888 938 2942 nititur.
986 2887 1227 2943 Tertium
1256 2891 1491 2956 denique
1523 2902 1687 2959 caput
1718 2891 1821 2946 hoc
1870 2891 2116 2946 studiose

531 2983 897 3053 persequitur,
923 2983 1108 3038 oblata
1144 2999 1243 3053 pro
1264 2986 1330 3040 iis
1355 2983 1495 3054 (85),
1526 2986 1617 3053 qui
1648 2985 1701 3040 in
1728 2985 1836 3040 ﬁde
1863 2987 2115 3043 obierant

529 3089 560 3125 a
589 3074 967 3131 sacerdotibus
987 3077 1281 3143 sacriﬁcia,
1321 3086 1484 3149 atque
1517 3079 1766 3146 donaria,
1794 3081 1880 3135 vel
1922 3095 2112 3151 preces

532 3162 799 3233 aioquin,
860 3167 1420 3240 supplicationesque,
1466 3179 1522 3232 et
1563 3171 1961 3242 eleemosynas,
2013 3189 2112 3240 pro

530 3252 724 3335 iisdem
775 3254 958 3335 factas.
994 3259 1064 3315 ad
1115 3260 1354 3329 ﬁdelium
1394 3263 1647 3332 salutem,
1678 3280 1744 3325 ac
1786 3265 2110 3323 delictorum

531 3350 911 3424 remissionem
941 3353 1008 3408 iis
1046 3353 1229 3423 valere
1258 3356 1503 3422 omnino.
1528 3372 1633 3426 pro
1662 3359 1863 3429 quibus
1884 3359 2002 3416 haec
2030 3359 2113 3423 of-

527 3439 796 3508 ferantur.
832 3442 895 3509 In,
935 3447 1023 3511 his
1060 3457 1243 3513 autem
1284 3449 1443 3509 tertia
1478 3448 1677 3509 oil'erre
1728 3465 1885 3510 Sacra
1917 3450 2110 3520 refert,

527 3535 621 3603 qui
651 3534 949 3599 Dominica:
964 3555 1027 3596 ac
1050 3540 1315 3603 triduanae
1345 3545 1765 3603 resurrectionis
1786 3548 2107 3617 mysterium

526 3626 583 3691 in
614 3632 945 3697 precationis
974 3633 1276 3695 subsidium
1304 3644 1470 3706 atque
1500 3637 1760 3693 auxilium
1796 3651 2103 3696 assumant.

526 3712 897 3785 Novemdialia
930 3722 1203 3789 similiter,
1251 3727 1397 3796 quod
1426 3736 1549 3796 post
1584 3736 1836 3784 octavum
1873 3746 1900 3784 a
1930 3746 2108 3786 resur-

527 3809 771 3877 rectione
796 3811 939 3866 diem
973 3815 1122 3869 visus
1152 3814 1349 3870 iterum
1366 3825 1493 3871 esta
1526 3817 1806 3887 discipulis
1831 3819 2103 3877 Christus.

528 3895 800 3979 g’raelerea
852 3903 1235 3973 quadraginta,
1278 3906 1422 3975 quod
1475 3917 1602 3976 post
1650 3910 1768 3963 dies
1810 3911 2036 3982 totidem
2074 3929 2105 3968 a

2226 1977 2326 2046 τὴν
2360 1977 2567 2028 οἰκείαν
2590 1974 2795 2044 ἑκάστη
2833 1974 3078 2039 ἀξίωσιν,
3106 1977 3256 2028 πᾶσα
3291 1975 3607 2046 ἀνθρωπίνη
3630 1979 3785 2047 ψυχή.

2227 2069 2335 2121 Καὶ
2362 2069 2444 2120 ὅτι
2484 2067 2906 2137 ὲπιφαινόμεναι
2959 2066 3174 2128 πολλοῖς
3226 2065 3491 2128 πολλάκις
3540 2065 3788 2119 καὶκατὰ

2224 2160 2513 2230 διαφόρους
2533 2160 2770 2229 τρόπους
2798 2161 2841 2197 ⁵⁷
2865 2158 3109 2229 αίψυχαὶ
3132 2158 3295 2211 αὑταὶ
3320 2156 3446 2211 κατ’
3477 2156 3610 2210 ἰδίαν
3632 2156 3789 2225 ὓπαρο

2226 2248 2307 2312 ξιν
2334 2248 2730 2317 ἐπιφαίνονται,
2780 2246 2895 2299 ἀλλ’
2941 2247 3063 2316 οὐχὶ
3106 2244 3334 2314 δύναμίς
3389 2260 3473 2306 τις
3503 2242 3549 2275 ⁸³
3579 2242 3693 2295 θεία
3720 2244 3786 2305 είς

2222 2340 2425 2403 τύπους
2474 2338 2919 2409 σχηματιζομένη
2955 2339 3065 2391 τῶν
3099 2337 3270 2404 ἁγίων
3300 2336 3494 2406 ψυχῶν
3521 2334 3619 2397 τὰς
3648 2336 3785 2406 ἔνερ-

2222 2433 2374 2501 γείας
2403 2433 2739 2486 ἐπιδείκνυσι
2759 2447 2775 2461 ·
2805 2432 2857 2485 τί
2902 2431 3010 2502 γὰρ
3040 2429 3389 2501 ὑποκρίσεως
3416 2430 3497 2482 δεῖ
3544 2428 3638 2481 καὶ
3667 2445 3784 2497 σχη-

2226 2527 2410 2595 μάτων
2474 2524 2570 2578 καὶ
2620 2523 2846 2589 τύπων,
2892 2524 3013 2577 ἐνὸν
3083 2522 3437 2591 ἑτοιμότερον
3496 2520 3564 2573 δι’
3622 2519 3783 2572 αὐτῶν

2220 2619 2442 2672 ἐκείνων
2479 2617 2587 2669 τῶν
2621 2616 2793 2685 ἁγίων
2816 2615 3005 2685 ψυχῶν
3062 2613 3132 2667 τὰ
3155 2613 3462 2684 δεδογμένα
3496 2612 3573 2682 τῷ
3621 2612 3787 2683 κρείτ-

2218 2728 2331 2764 τονι
2368 2709 2735 2763 ἐπιτελεῖσθαι
2764 2709 2841 2774 l*9;
2880 2710 3147 2779 Πειρᾶται
3182 2708 3239 2760 δὲ
3273 2707 3541 2777 ἑκάτερον
3572 2706 3675 2758 τῶν
3718 2707 3785 2757 εί-

2222 2806 2474 2875 ρημένων
2497 2802 2928 2867 κατασκευάζειν
2955 2802 3019 2855 ἐκ
3060 2819 3121 2854 τε
3160 2804 3415 2872 χρήσεων
3441 2800 3539 2868 τῆς
3566 2798 3787 2861 Haloti;

2217 2898 2439 2970 Γραφῆς
2465 2896 2563 2949 καὶ
2594 2896 2693 2966 τῆς
2716 2895 2884 2957 Νέας,
2916 2896 3011 2947 καὶ
3032 2894 3096 2964 δὴ
3125 2896 3219 2946 καὶ
3254 2891 3585 2963 μαρτυρίαις
3618 2891 3785 2957 διαφότι

2218 3007 2329 3060 ρων
2368 2990 2648 3059 Πατέρων.
2700 2987 2896 3057 Τρίτον
2938 2986 2997 3039 δὲ
3026 2985 3176 3055 αὐτῷ
3215 2985 3514 3054 κεφάλαιον
3572 2984 3787 3037 σπουδά-

2218 3082 2390 3148 ζεται,
2412 3084 2497 3137 ὅτι
2524 3082 2744 3144 πάντως
2763 3082 2823 3134 αἱ
2840 3079 2982 3151 ὑπὲρ
3003 3079 3110 3133 τῶν
3133 3081 3191 3131 ὲν
3215 3078 3405 3131 πίστει
3426 3076 3785 3130 τελευτώντων

2213 3177 2326 3238 τοῖς
2361 3173 2595 3247 ἱερεῦσιν
2622 3169 3035 3241 ἐπιτελούμεναι
3067 3171 3114 3203 ⁵ο
3137 3169 3319 3224 θυσίαι
3342 3169 3442 3224 καὶ
3472 3169 3783 3240 προσφοραὶ,

2225 3266 2455 3336 sane;
2490 3265 2705 3336 δεήσεις
2744 3264 2838 3318 καὶ¹
2867 3262 3070 3316 ίκεσίαι
3092 3262 3191 3316 καὶ
3233 3262 3602 3332 ἐλεημοσύναι
3657 3259 3784 3330 ὑπὲρ

2219 3356 2402 3415 αὐτῶν
2446 3355 2600 3426 παρὰ
2624 3357 2668 3389 ⁸¹
2700 3353 2815 3408 τῶν
2862 3353 3094 3419 πιστῶν,
3129 3351 3455 3423 ἐλευθερίαν
3486 3351 3581 3406 καὶ
3641 3367 3785 3405 πταιν

2220 3449 2443 3520 σμᾲτων
2496 3448 2690 3517 ἄφεσιν
2716 3447 3195 3517 καταπράττονται
3246 3447 3363 3509 τοῖς
3396 3445 3537 3517 ὑπὲρ
3577 3436 3649 3497 ὧν
3675 3443 3784 3495 επις

2217 3543 2452 3596 τελεῖται
2479 3539 2684 3594 ταῦτα’
2738 3540 2796 3593 ὲν
2831 3534 2913 3602 οἷς
2938 3538 3037 3592 καὶ
3068 3536 3137 3591 τὰ
3181 3535 3344 3606 τρίτα
3396 3536 3498 3607 μὲν
3539 3533 3784 3589 ἐπιτελεῖ-

2216 3635 2342 3690 σθαί
2372 3651 2542 3707 φησι,
2592 3631 2971 3702 λαμϐάνοντας
3002 3629 3065 3687 τὸ
3099 3629 3403 3700 μυστήριον
3460 3626 3562 3698 τῆς
3590 3627 3782 3679 Δεσποη

2214 3729 2374 3799 τικῆς
2427 3728 2523 3781 καὶ
2550 3724 2853 3797 τριημὲρου
2902 3722 3180 3793 ὲγὲρσεως
3235 3722 3317 3783 εἰς
3373 3721 3663 3792 συνεργίαν
3697 3718 3783 3771 καὶ

2214 3818 2562 3890 ὲπιὸοήθειαν
2598 3817 2699 3885 τῆς
2762 3814 2973 3877 ίκεσίας
3002 3829 3019 3848 ο
3044 3812 3116 3866 τὰ
3171 3811 3229 3865 δὲ
3281 3811 3484 3866 ἐννατα
3537 3809 3781 3870 ὡσαύτως

2214 3909 2362 3983 (μεθ’
2394 3908 2608 3981 ἡμέρας
2631 3909 2677 3941 ⁸⁸
2701 3905 2810 3977 γὰρ
2839 3912 2889 3975 η’
2922 3904 3024 3975 τῆς
3041 3903 3316 3976 ὲγέρσεως
3337 3901 3499 3974 ὤφθη
3524 3902 3570 3935 ⁸³
3599 3900 3657 3954 τὸ
3673 3899 3781 3953 δεύ-

529 3988 817 4060 discipulis
843 4003 1181 4063 postremum
1221 3997 1393 4063 visus.
1432 3998 1483 4054 in
1512 3999 1681 4056 ccelos
1701 4017 1823 4057 cum
1870 4003 2106 4061 humana

2220 4018 2365 4075 τερον
2390 4003 2504 4064 τοῖς
2537 3999 2807 4071 μαθηταῖς
2852 4000 2881 4052 ὁ
2916 3996 3219 4066 Δεσπότης)
3255 4012 3272 4029 ⁸
3305 3996 3386 4050 τὰ
3430 3995 3488 4049 δὲ
3528 4009 3780 4061 τεσσαρα-

533 4092 724 4159 nostra
757 4095 953 4159 natura
980 4090 1250 4167 asceam!-

2213 4095 2386 4149 κοστὰ
2408 4094 2455 4126 ⁵⁸
2483 4093 2704 4163 ὁμοίως,
2751 4092 2835 4145 ὅτι
2863 4090 3003 4161 μετὰ
3046 4087 3316 4151 τοσαύτας
3369 4088 3585 4159 ἡμέρας
3614 4086 3671 4139 τὸ
3697 4101 3778 4136 τε-

2214 4187 2461 4242 λευταῖον
2486 4188 2600 4249 τοῖς
2645 4183 2917 4255 μαθηταῖς
2948 4182 3169 4253 ὁραθείς
3230 4180 3371 4253 μετὰ
3402 4182 3496 4236 τοῦ
3527 4178 3776 4253 ἡμετέρου

2216 4278 2539 4351 φυράματος
2568 4276 2868 4348 ἀνελήφθη.

592 4423 792 4499 Reperi
812 4440 1033 4503 quoque
1055 4428 1109 4483 in
1133 4431 1327 4498 eodem
1360 4431 1454 4503 illo
1478 4432 1687 4499 codice,
1714 4433 1865 4501 Pauli
1895 4436 1948 4491 in
1978 4438 2095 4508 lege

2268 4438 2444 4507 Ευρον
2482 4437 2539 4491 δὲ
2565 4438 2625 4489 ὲν
2656 4434 2793 4505 τῷδε
2824 4432 2900 4504 τῷ
2954 4433 3145 4505 βιϐλίῳ
3179 4436 3275 4488 καὶ
3325 4435 3422 4487 τὸν
3455 4434 3548 4493 τοῦ
3574 4432 3770 4499 Παύλου

518 4516 839 4598 magistrum
887 4518 1264 4600 Gamalieiem,
1301 4534 1357 4577 et
1386 4524 1712 4591 credidisse,
1759 4535 1815 4581 et
1855 4528 2101 4596 baptiza-

522 4617 632 4689 tum
654 4608 845 4665 fuisse.
882 4610 1236 4689 Nicodemum
1269 4616 1396 4683 item
1430 4625 1755 4689 nocturnum
1777 4618 2098 4690 (quondam)

519 4699 783 4781 amicum,
840 4702 1097 4781 diurnum
1145 4706 1313 4781 etiam
1376 4708 1673 4781 redditum,
1724 4712 2101 4781 martyrioque

519 4802 866 4858 coronatum,
912 4810 1074 4863 quem
1105 4810 1157 4852 et
1187 4797 1504 4873 Gamalielis
1553 4802 1853 4871 patruelem
1879 4804 1996 4860 hzec
2022 4816 2102 4859 te-

515 4892 694 4965 statur
727 4885 1327 4970 bistoria.‘Baptiz'atum
1356 4908 1484 4965 vero
1506 4903 1803 4966 utrumque
1820 4912 1849 4951 a
1866 4895 2095 4965 Joanne,

515 4988 573 5057 et
602 4976 790 5043 Petro,
842 4994 953 5059 una
981 4997 1103 5057 cum
1138 4981 1455 5040 Gamalielis
1501 4986 1635 5054 ﬁlio,
1663 4989 1754 5042 cui
1788 4990 1969 5056 Abibo,
2000 5008 2095 5061 no-

516 5084 667 5154 men.
713 5071 940 5150 Beatum
994 5061 1164 5153 igitur
1206 5074 1561 5157 Nicodemu‘m
1603 5096 1633 5136 a
1679 5079 1916 5149 Judaeis,
1971 5100 2094 5139 cum

2208 4531 2349 4587 κατὰ
2384 4530 2476 4582 τὸν
2520 4528 2684 4598 νόμον
2734 4526 3056 4580 διδάσκαλον
3116 4526 3404 4596 Γαμαλιὴλ
3441 4528 3536 4579 καὶ⁵
3564 4523 3771 4577 πιστεύ-

2209 4598 2379 4680 σαντα
2399 4620 2494 4673 καί⁸
2516 4616 2905 4689 βαπτισθέντα,
2941 4618 3036 4670 καὶ
3068 4617 3383 4687 Νικόδημον
3415 4618 3507 4670 τὸν
3543 4631 3772 4683 νυκτερι-

2207 4714 2298 4769 νὸν
2332 4691 2486 4781 φίλον
2507 4713 2601 4775 καὶ
2626 4709 2885 4781 ἡμερινὸν
2914 4710 3175 4778 γεγονότα
3231 4712 3324 4763 καὶ
3359 4709 3642 4782 μαρτυρίῳ
3691 4722 3770 4757 τε·

2207 4805 2523 4871 λειωθέντα,
2552 4804 2612 4856 ὃν
2634 4803 2729 4856 καὶ
2758 4802 2981 4872 ἀνεψιὸν
3010 4801 3266 4869 γενέσθαι
3289 4802 3385 4856 τοῦ
3421 4799 3698 4870 Γαμαλιὴλ
3737 4797 3765 4865 ἡ

2208 4897 2422 4969 ίστορία
2479 4896 2757 4951 διδάσκει·
2821 4894 3193 4966 βαπτίσασθαι
3251 4894 3308 4947 δὲ
3368 4896 3625 4965 ἑκάτερον
3672 4891 3767 4943 ὑπὸ

2216 4988 2466 5043 Ἰωάννου
2506 4990 2602 5043 καὶ
2630 4989 2865 5060 Πέτρου,
2896 4988 2955 5042 οὐ
2997 4989 3159 5058 μόνον
3191 4988 3249 5041 δὲ
3273 4988 3411 5042 ἀλλὰ
3436 4988 3529 5042 καὶ
3569 4987 3656 5040 τὸν
3679 4985 3768 5036 Γαο

2206 5079 2408 5152 μαλιὴλ
2447 5082 2609 5139 παῖδα
2635 5081 2880 5144 ’Ἀ6ι6ος
2920 5081 3091 5152 ὄνομα
3121 5080 3316 5151 αὐτῷ).
3347 5081 3451 5135 Τὸν
3494 5078 3620 5149 γοῦν
3671 5092 3765 5147 μα-

1819 5210 2058 5267 ἾΑΒΙΔΕ
2098 5211 2506 5269 LECTIONES.

584 5320 629 5353 “
662 5322 881 5392 διήνυεν
912 5340 973 5386 ς’.
1053 5322 1101 5371 *7
1135 5322 1318 5376 malim
1347 5324 1568 5387 τόπους.
1645 5325 1692 5356 ⁸⁸
1730 5343 1834 5389 τις,
1882 5337 1935 5381 et

1981 5329 2140 5394 paulo
2176 5339 2295 5396 post
2324 5326 2392 5380 δι’
2409 5327 2588 5380 αὐτῶν
2631 5327 2756 5382 add.
2797 5329 2864 5380 A.
2945 5327 2991 5360 ’δ’
3021 5324 3402 5396 ἐπιμελεῖσθαι
3421 5328 3483 5381 Α.
3575 5327 3617 5357 ⁸ο
3643 5327 3755 5396 ἐπι-

516 5392 1029 5469 μελούμεναιριι.Α.
1105 5393 1159 5469 εξ
1186 5394 1338 5469 παρά
1369 5396 1412 5446 Α
1439 5412 1454 5448 z
1484 5394 1615 5469 περί
1636 5413 1697 5459 ς.
1775 5399 1821 5469 ν
1861 5392 2217 5469 μεθ’-ἡμέρας
2246 5398 2356 5468 γάρ
2382 5398 2428 5451 Α
2462 5414 2478 5452 :
2512 5399 2634 5452 καθ’
2667 5397 2883 5469 ἡμέρας
2924 5416 2986 5464 ς.
3062 5392 3327 5467 ⁸⁸ὤφθη]
3349 5394 3503 5469 ὤφθη
3538 5394 3757 5467 Χριστός

511 5460 576 5515 Α.
611 5460 959 5541 τὸήδεύτερον
989 5472 1111 5533 post.
1134 5460 1401 5534 δεσπότης
1437 5460 1589 5534 poni].
1623 5483 1683 5529 ς.
1759 5468 1805 5499 ⁸⁸
1834 5460 2337 5539 τεσσαράκονταςξ

1977 5579 2210 5651 Now.

585 5693 699 5762 (85)
733 5694 1029 5767 Antiquom
1072 5697 1162 5755 ltic
1192 5698 1325 5752 mihi
1353 5712 1556 5753 morem
1599 5709 1745 5766 nota,
1805 5702 1914 5754 vita
1960 5701 2082 5755 fun-

520 5772 599 5839 gis
628 5766 935 5839 sacriﬁciis3
954 5766 1238 5839 precibus,
1261 5779 1422 5837 atque
1450 5770 1808 5838 eleemosynis
1831 5771 2078 5839 juvaudi.

519 5828 594 5903 De
616 5848 721 5907 quo
749 5844 802 5890 et
831 5836 886 5889 δ.
908 5828 1131 5911 Joannis
1158 5828 1471 5896 Damascsni
1504 5828 1869 5941 exstat'oratjo
1898 5842 1950 5911 in
1980 5858 2087 5921 qua

2191 5704 2352 5758 etiam
2403 5705 2501 5758 tria
2571 5706 2686 5760 inec
2744 5706 3090 5767 sacriﬁcandi
3146 5706 3433 5765 intervalla
3485 5698 3746 5761 observari

2194 5774 2319 5832 olim
2347 5776 2508 5833 solita
2537 5776 2768 5833 videbis.
