4062 6496
356 389 458 455 501
1208 390 1707 449 BIBLIOTHECA
1721 435 1735 449 .
1772 416 1789 423 -

1876 388 2091 449 CODD.
2126 387 2684 456 CLXXI-CLXXIV.

3524 389 3628 453 502

354 505 551 571 κάριον
590 502 930 571 Νικόδημον,
964 502 1086 555 ἐπεὶ
1113 501 1375 555 ἐπύθοντο
1397 503 1445 553 oi
1480 501 1526 531 ⁵⁵
1550 500 1792 553 Ἰουδαῖοι
1849 499 1947 568 βα-

2065 502 2389 569 baptizatum
2431 520 2553 558 eum
2581 506 2940 567 inaudissent,
2975 505 3149 574 plagis
3187 504 3367 557 nmltis
3405 519 3624 571 percus-

354 598 685 658 πτίσασθαι,
713 596 802 649 διὰ
824 596 980 648 τοῦτο
1025 595 1260 665 πληγαῖς
1283 594 1504 655 πολλαῖς
1533 592 1828 653 ὑπέϐαλον,
1860 586 1946 652 αἷς

357 689 606 759 στερρῶς
638 688 948 757 ὲναθλήσας
979 687 1095 755 μετ’
1123 686 1305 752 ὁλίγον
1362 682 1674 750 ἐτελειώθη.
1728 681 1948 750 Ταύτην

353 782 453 849 τὴν
485 780 736 849 ἱστορίαν
760 780 1006 848 περιεῖχε
1040 777 1138 846 μὲν
1163 776 1224 829 τὸ
1282 775 1507 846 βιϐλίον,
1550 774 1861 845 Χρυσίππῳ
1891 775 1948 827 δὲ

356 872 532 941 αὐτὴν
565 869 834 924 ἀνετίθει.
859 869 1236 941 Πρεσϐύτερος
1259 868 1303 919 δ’
1360 868 1388 918 6
1420 866 1743 935 Χρύσιππος
1783 865 1949 936 Ἱερο·

362 964 642 1033 σολΰμων,
664 962 723 1023 ὃς
756 963 987 1030 γράφων
1016 959 1291 1030 ἐγκώμιον
1316 961 1396 1023 είς
1420 960 1512 1012 τὸν
1546 958 1799 1029 μάρτυρα
1819 957 1951 1010 Θεό-

362 1053 548 1121 δωρον
592 1053 665 1114 ὡς
689 1053 744 1104 ὲν
768 1050 1106 1120 παρεκϐάσει
1135 1047 1432 1103 Λουκιανοῦ
1462 1064 1613 1109 τινος
1650 1047 1948 1116 μέμνηται,

372 1145 481 1197 καὶ
509 1144 672 1196 αὑτοῦ
701 1142 789 1211 τῆς
844 1140 1015 1210 αὐτῆς
1070 1139 1368 1209 ἐκκλησίας
1421 1139 1528 1192 τῶν
1560 1138 1954 1210 Ἰεροσολύμων

380 1238 817 1306 χρηματίσαντος
863 1232 1258 1303 πρεσϐυτέρου,
1320 1233 1408 1284 ὅτε
1453 1234 1482 1284 6
1546 1233 1799 1302 Ἰωάννης
1852 1232 1954 1301 τῆς

387 1329 569 1380 ἐκεῖσε
618 1324 1020 1395 ἀρχιερωσύνης
1068 1323 1419 1392 προεστήκει.
1451 1314 1617 1385 Οὗτος
1675 1321 1722 1373 δ’
1750 1323 1778 1374 ὁ
1818 1323 1956 1374 Λου-

387 1419 568 1479 κιανὸς
594 1419 649 1468 ἐν
681 1417 778 1485 μιᾷ
818 1415 925 1468 τῶν
971 1414 1203 1479 νυκτῶν,
1245 1413 1375 1483 περὶ
1401 1413 1590 1483 τρίτην
1618 1412 1788 1481 ὥραν,
1830 1410 1953 1464 καθ’

384 1512 533 1580 ῦπαρ
558 1508 669 1561 ἀλλ’
702 1509 805 1560 οὐκ
837 1507 989 1577 ὁναρ,
1029 1506 1248 1573 λέγεται
1303 1505 1371 1557 τὰ
1409 1505 1781 1576 προειρημένα
1810 1520 1954 1572 μυη-

378 1604 536 1671 θῆναι
555 1614 571 1627 ⁸
603 1599 900 1654 ἐπιστάντα
932 1598 1039 1667 γὰρ
1074 1595 1221 1666 αὐτῷ
1241 1597 1331 1648 τὸν
1359 1596 1640 1666 Γαμαλιὴλ
1662 1595 1832 1648 ταῦτα
1854 1596 1957 1666 ἐμ-

372 1690 713 1761 φανίσαι,ὠς
746 1688 830 1757 εἴη
890 1689 987 1757 μὲν
1019 1687 1179 1749 αὐτὸς
1195 1685 1494 1755 Γαμαλιὴλ,
1515 1687 1609 1738 καὶ
1629 1684 1705 1748 ὡς
1736 1683 1959 1737 ἐϐαπτί-

373 1795 533 1843 σατο,
565 1778 663 1829 καὶ
696 1777 785 1844 ὑφ’
815 1769 910 1840 ὧν,
944 1775 1030 1843 εἴη
1089 1774 1146 1827 δὲ
1182 1775 1278 1827 καὶ
1311 1773 1535 1834 Ἂϐιϐος
1566 1774 1595 1826 6
1651 1776 1800 1839 παῖς,
1862 1772 1958 1826 καὶ

363 1869 445 1930 ὡς
472 1868 620 1938 θήκῃ
654 1869 752 1936 μὲν
784 1870 877 1937 μιᾷ
901 1866 1052 1919 αὐτοὶ¹
1078 1865 1535 1930 ὲναποτέθεινται,
1566 1864 1692 1937 [585
1725 1864 1818 1936 R.]
1842 1864 1958 1917 ἔστι

367 1959 428 2011 δὲ
464 1960 563 2011 καὶ
588 1957 861 2024 Στέφανος
887 1957 915 2008 6
954 1955 1171 2025 πρῶτος
1204 1954 1503 2025 μαρτύρων
1527 1953 1669 2006 κατὰ
1697 1953 1795 2023 τὴν
1826 1953 1959 2006 ἀνα-

368 2048 601 2117 τολικὴν
630 2045 1127 2116 τεθησαυρισμένος
1156 2045 1329 2114 θήκην
1350 2058 1364 2070 ⁸
1395 2036 1456 2094 οὗ
1504 2042 1658 2112 παρὰ
1684 2044 1811 2104 τοὺς
1859 2043 1960 2094 πό·-

369 2141 472 2203 δας
506 2142 567 2192 ὲν
595 2140 757 2211 ἑτέρᾳ
785 2139 923 2209 θήκῃ
940 2137 1271 2207 Νικόδημος,
1302 2138 1402 2191 ὅσα
1416 2153 1475 2188 τε
1499 2137 1661 2189 πάθοι
1696 2134 1827 2207 [200
1865 2132 1959 2205 Η.]

372 2230 475 2283 καὶ
500 2230 587 2298 ἐφ’
619 2224 700 2293 οἷς
738 2230 833 2282 καὶ
888 2228 993 2281 ὑπὸ
1020 2228 1210 2281 τίνων·
1243 2229 1277 2298 ή
1330 2228 1385 2281 δὲ
1424 2227 1560 2297 μετά
1591 2227 1766 2280 ταῦτα
1804 2225 1945 2295 θήκη

375 2322 550 2374 αὐτοῦ
584 2339 643 2374 τε
678 2322 772 2374 καὶ
826 2319 919 2372 τοῦ
952 2319 1138 2383 παιδός
1191 2322 1326 2373 ἐστι.
1392 2318 1578 2371 Ταῦτα
1611 2317 1835 2371 είπόντα
1868 2317 1961 2369 τὸν

376 2412 668 2482 Γαμαλιήλ
711 2411 1011 2480 ἐπισκῆψαι
1064 2412 1142 2481 τῷ
1184 2409 1468 2481 Λουκιανῷ
1515 2411 1588 2480 μὴ
1620 2410 1844 2481 ἀμελεῖν
1880 2408 1961 2461 ἔτι

379 2504 493 2556 τῶν
542 2503 831 2572 λειψάνων,
881 2503 1017 2573 μηδὲ
1040 2503 1134 2571 ὲᾷν
1164 2502 1299 2572 ἡλίῳ
1333 2502 1428 2554 καὶ
1462 2501 1688 2571 ὄμϐροις
1718 2502 1962 2569 διαφθεί-
1996 2498 1999 2499 ν

382 2596 601 2667 ρεσθαι.
636 2596 864 2664 Σεισμόν
894 2611 955 2646 τε
999 2593 1251 2662 γενέσθαι
1284 2595 1583 2665 σύνδρομον
1608 2596 1672 2661 τῇ
1704 2593 1959 2665 ὀπτασίᾳ,

380 2687 487 2739 καὶ
520 2685 721 2748 πολλὰς
748 2685 957 2738 πολλῶν
1007 2686 1328 2755 νοσημάτων
1389 2686 1558 2747 ἰάσεις
1614 2685 1965 2753 ἐπιτελεσθῆ-

382 2794 503 2840 ναι,
534 2776 626 2829 τοῦ
650 2777 1116 2846 πρωτομάρτυρος
1148 2776 1385 2847 μάλιστα
1414 2777 1515 2847 τῆς
1546 2778 1722 2849 θήκης
1777 2778 1847 2830 τὰ
1877 2778 1963 2830 ἰά-

383 2887 540 2941 ματα
576 2870 911 2940 προχεούσης
946 2870 1014 2922 ⁸³.

1056 2966 1402 3022 ΡΟΒ’-ΡΟΔ’.

392 3057 685 3112 Ἰωάννου
720 3058 827 3112 τοῦ
848 3059 1276 3128 Χρυσοστόμου
1318 3057 1570 3127 Ὀμιλὶαι
1604 3060 1688 3123 εἰς
1716 3058 1830 3125 τὴν
1858 3059 1966 3111 Γέι

707 3143 883 3182 νεσιν
918 3128 1027 3193 ξω,
1062 3129 1131 3181 ἐν
1160 3129 1399 3196 τεύχεσι
1426 3130 1639 3197 τρισίν.

470 3220 923 3291 Ἀνεγνώσθησαν
963 3221 1057 3273 τοῦ
1093 3221 1478 3291 Χρυσοστόμου
1508 3223 1717 3292 ὁμιλίαι
1757 3225 1838 3286 είς
1870 3222 1967 3291 τὴν

380 3314 607 3379 γένεσιν
655 3313 695 3377 ξ’
728 3314 824 3367 καὶ
879 3312 999 3383 μία,
1042 3315 1098 3366 ὲν
1140 3313 1361 3382 τεύχεσι
1391 3316 1592 3384 τρισὶν,
1624 3307 1701 3368 ὧν
1754 3316 1816 3367 τὸ
1870 3316 1970 3384 μὲν

382 3405 610 3473 πρῶτον
626 3404 844 3476 ὁμιλίας
869 3408 1146 3474 περιεῖχεν
1175 3405 1245 3470 κ’,
1269 3405 1331 3458 τὸ
1350 3405 1673 3476 δεύτερονδὲ
1693 3406 1885 3471 δεκαὲξ
1902 3408 1968 3473 ν,

381 3499 491 3552 καὶ
516 3499 564 3530 ⁵⁸
594 3498 652 3550 τὸ
671 3498 855 3567 τρίτον
910 3503 1010 3549 κε’.
1053 3497 1414 3566 Ἐμφαίνεται
1464 3498 1521 3551 δὲ
1553 3501 1612 3551 ὲν
1660 3498 1739 3568 τῷ
1769 3498 1972 3570 πρώτῳ

378 3588 467 3650 ὡς
492 3586 587 3639 ἀπ’
607 3588 779 3658 ἀρχῆς
809 3586 909 3657 τῆς
945 3590 1397 3658 τεσσαρακοστῆς
1434 3587 1738 3659 ἀρξάμενος
1764 3589 1972 3659 ὁμιλεῖν

382 3685 469 3753 μή
500 3699 590 3735 πω
629 3680 1161 3753 συναπαρτισθείσης
1203 3682 1380 3749 αὐτῆς
1435 3684 1562 3745 τούς
1615 3700 1674 3736 τε
1703 3682 1751 3737 κ’
1780 3684 1973 3752 λόγους

381 3774 615 3836 τούτους
640 3774 736 3826 καὶ
767 3773 960 3836 ἄλλους
987 3773 1137 3836 τινὰς
1159 3780 1206 3840 γ’
1229 3774 1261 3843 ἢ
1293 3773 1356 3839 δ’,
1392 3773 1597 3842 μεταξὺ
1640 3774 1749 3828 τῶν
1773 3777 1851 3837 είς
1873 3775 1993 3845 τὴν

382 3867 612 3918 Γένεσιν
641 3866 834 3935 λόγων,
880 3865 1090 3936 χρείας,
1114 3864 1189 3929 ὼς
1216 3865 1387 3931 εἰκὸς,
1412 3866 1877 3937 παρεμπεσούσης
1896 3865 1974 3936 τῷ

391 3958 505 4026 λαῷ
546 3956 987 4028 προσωμίλησεν.
1024 3958 1242 4009 Ἐνεστι
1274 3957 1331 4010 δὲ
1384 3957 1619 4011 συνιδεῖν
1666 3959 1740 4022 ὡς
1781 3959 1973 4024 είηκαὶ,

391 4049 595 4116 Λόγοι,
636 4046 747 4117 ἔχει
766 4046 865 4118 τὴν
897 4048 1209 4119 ἐπιγραφὴν
1230 4046 1291 4099 τὸ
1321 4045 1524 4115 βιϐλίον
1556 4047 1723 4118 (οὕτω
1747 4044 1976 4119 γὰρεῦη

386 4156 485 4207 ρον
512 4142 572 4190 ὲν
603 4134 683 4200 οἷς
711 4139 997 4209 ἀνέγνων),
1029 4138 1163 4192 ἀλλὰ
1198 4139 1397 4209 μᾶλλον
1428 4143 1668 4196 ἐοίκασιν
1710 4141 1970 4211 ὁμιλίαις,

379 4232 462 4284 τά
492 4248 553 4281 τε
576 4230 707 4283 ἄλλα
735 4231 831 4284 καὶ
848 4232 930 4284 ὅτι
961 4234 1017 4283 ὲν
1042 4230 1256 4295 πολλοῖς
1287 4231 1547 4295 πολλάκις
1569 4233 1646 4295 ὡς
1698 4235 1977 4303 παρόντας

382 4322 539 4394 [καὶ]
564 4324 607 4356 ⁸⁹
633 4323 774 4392 ὀρῶν
806 4325 934 4386 τοὺς
954 4324 1252 4393 ἀκροατὰς,
1284 4323 1427 4377 οὕτω
1456 4325 1595 4394 πρὸς
1616 4325 1817 4389 αὐτοὺς
1842 4327 1974 4379 ἀπο-

383 4412 627 4466 τείνεται
658 4414 750 4465 καὶ
772 4414 954 4484 ἐρωτᾷ
982 4414 1077 4466 καὶ
1106 4413 1464 4484 ἀποκρίνεται
1485 4416 1579 4468 καὶ
1604 4416 1970 4486 ὑπισχνεῖται,

2051 611 2210 663 sum;
2248 610 2385 664 quas
2408 612 2528 649 cum
2568 596 2781 651 fortiter
2809 597 2923 665 ipse
2964 597 3268 660 tolerasset,
3293 610 3323 647 e
3360 596 3467 645 vita
3508 604 3629 663 post

2051 703 2158 741 non
2193 689 2281 741 ditt
2307 689 2628 743 decessisse.
2668 688 2819 742 llanc
2848 688 3017 742 codex
3052 687 3157 741 iste
3184 686 3500 740 continebat
3546 685 3627 738 hi-

2051 780 2300 845 storiam,
2343 796 2570 851 eamque
2603 781 2909 850 Chrysippo
2940 780 3266 843 ascribebat,
3308 775 3626 845 Hierosoly-

2052 886 2265 926 morum
2344 874 2708 943 presbytero,
2748 874 2839 943 qui
2898 872 2949 924 in
3008 870 3320 925 laudatione
3354 867 3626 922 Theodori

2053 963 2335 1033 martyris,
2371 964 2525 1031 quasi
2552 964 2696 1017 aliud
2733 979 2917 1033 agens,
2952 961 3175 1016 Luciani
3210 958 3488 1027 cujusdam
3518 972 3630 1010 me-

2054 1055 2232 1119 minit,
2270 1055 2516 1124 ejusdem
2551 1070 2702 1125 aeque
2728 1055 2985 1109 Ecclesiae
3010 1052 3345 1124 presbyteri,
3365 1065 3471 1121 quo
3494 1057 3631 1104 tem-

2054 1160 2186 1215 pore
2219 1143 2457 1200 Joannes
2484 1148 2680 1215 praesul
2710 1162 2828 1201 eam
2859 1146 3040 1200 sedem
3080 1144 3273 1199 tenuit.
3305 1140 3405 1195 llic
3436 1140 3626 1194 Lucin-

2055 1254 2156 1294 nus
2175 1238 2283 1309 (86)
2310 1248 2466 1293 nocte
2496 1240 2753 1307 quadam,
2783 1239 2912 1292 hora
2945 1236 3057 1291 fere
3076 1236 3255 1298 tertia,
3283 1248 3492 1298 revera,
3521 1249 3625 1285 non

2058 1329 2111 1383 in
2147 1330 2372 1391 somnis,
2415 1329 2613 1383 dicitur
2644 1344 2705 1382 ea
2739 1344 2858 1398 quae
2893 1328 3151 1393 diximus,
3196 1326 3471 1381 didicisse.
3504 1322 3629 1377 Hzec

2057 1423 2203 1476 enim
2225 1430 2495 1476 astantem
2529 1422 2632 1492 ipsi
2679 1420 3031 1476 Gamalielem
3073 1419 3256 1474 omnia
3297 1416 3571 1472 revelasse
3612 1433 3624 1467 :

2062 1514 2253 1583 ιιθὸ
2289 1529 2473 1568 verum
2508 1513 2763 1567 nimirum
2793 1527 2914 1566 esse
2945 1527 3004 1566 se
3038 1509 3388 1565 Gamalielem
3420 1548 3435 1571 ,
3462 1522 3493 1563 a
3542 1522 3632 1561 su-

2058 1606 2320 1677 pradictis
2339 1604 2618 1675 apostolis,
2639 1619 2745 1657 una
2777 1618 2897 1658 cum
2925 1602 3099 1656 Abibo
3131 1600 3241 1654 ﬁlio
3271 1599 3627 1668 baptizatum,

2060 1708 2116 1752 et
2149 1698 2201 1751 in
2226 1698 2418 1752 eadem
2465 1712 2626 1766 capsa
2655 1696 2998 1751 collocatum.
3033 1693 3175 1747 Esse
3206 1699 3261 1745 et
3297 1690 3629 1758 Stephanum

1990 1838 2032 1893 Β
2061 1798 2511 1859 protomartyrem
2541 1788 2593 1842 in
2622 1789 2773 1842 theca
2812 1788 3073 1840 orientem
3099 1798 3291 1837 versus
3318 1782 3591 1836 conditum
3614 1819 3628 1839 ,

2105 1890 2112 1893 _
2300 1883 2310 1893 .
2364 1882 2375 1892 .
2572 1881 2582 1893 .
2686 1881 2697 1892 .
2805 1879 2836 1893 ,Α
3010 1876 3215 1893 γ.
3270 1872 3625 1893 κνημηηψ

2066 1890 2226 1950 atque
2247 1883 2311 1934 ad
2330 1882 2447 1949 ejus
2482 1881 2649 1950 pedes
2686 1881 2736 1933 in
2769 1879 2941 1933 altero
2968 1876 3225 1932 scriniolo
3270 1872 3628 1928 Nicodemum

2058 1971 2261 2041 jacere,
2295 1989 2414 2043 quae
2459 1973 2586 2027 item
2643 1986 2739 2039 per
2777 1985 2934 2039 quos,
2972 1978 3025 2023 et
3077 1967 3179 2022 sub
3208 1964 3401 2035 quibus
3440 1978 3635 2033 passus

2064 2074 2237 2131 esset,
2286 2064 2543 2118 indicavit
2579 2083 2592 2117 :
2636 2066 2961 2129 tlxecamqne
3015 2070 3134 2129 post
3173 2059 3290 2112 haec
3331 2056 3633 2125 proximam

2064 2171 2220 2210 suum
2257 2171 2319 2210 ac
2347 2156 2441 2209 lilii
2481 2171 2678 2225 corpus
2709 2156 3010 2209 continere.
3047 2150 3144 2205 llis
3182 2150 3340 2204 dictis
3365 2146 3637 2202 Gamalie-

2065 2248 2169 2301 lem
2192 2249 2514 2318 praecepisse
2543 2246 2803 2311 Luciano,
2833 2261 2900 2300 ne
2946 2245 3175 2313 posthac
3226 2242 3488 2309 reliquias
3518 2237 3638 2292 illas

2065 2339 2119 2393 in
2152 2340 2283 2401 sole,
2337 2349 2390 2394 et
2428 2339 2609 2409 pluvia
2643 2337 2916 2407 corrumpi
2952 2352 3047 2407 per
3077 2334 3456 2404 negligentiam
3494 2331 3640 2387 sine-

2066 2437 2169 2486 ret.
2198 2430 2383 2485 Terra:
2418 2441 2620 2485 motum
2646 2432 2869 2500 insuper
2897 2431 2964 2483 ad
3009 2432 3109 2487 hoc
3147 2429 3324 2483 visum
3361 2433 3634 2481 exortum.

2066 2523 2341 2591 multaque
2367 2522 2719 2593 plurimorum
2744 2538 2943 2590 genera
2981 2522 3293 2579 morborum
3338 2518 3425 2571 hic
3450 2525 3635 2570 curata

2066 2628 2206 2677 esse,
2254 2612 2671 2684 protomartyris
2720 2611 2950 2666 maxime
2985 2611 3140 2665 theca
3191 2605 3455 2662 medelam
3507 2600 3638 2658 ιιΠο-

2068 2717 2240 2759 rente.

2581 2968 3122 3027 CLXXII-CLXXIV.

2067 3066 2221 3121 Beati
2259 3064 2485 3120 Joannis
2511 3063 2868 3186 Chrysosltomj
2918 3061 3272 3116 Homiliarum
3311 3063 3368 3115 in
3403 3061 3640 3117 Geuesim

2660 3151 2721 3186 υο
2747 3150 2927 3186 umma
2967 3149 3045 3186 ut.

2052 3154 2055 3157 ’
2660 3149 2927 3188 votumma
2967 3149 3045 3186 ΙΙΙδ

2142 3228 2393 3296 Legimus
2422 3225 2797 3297 Ghrysostomi
2826 3224 3166 3278 Homiliasin
3210 3224 3453 3280 Genesim
3478 3240 3639 3279 unam

2069 3329 2125 3374 et
2152 3319 2473 3387 sexaginta,
2532 3318 2585 3371 in
2633 3317 2739 3371 tria
2767 3314 3395 3371 distributasvolumiua
3444 3333 3459 3369 :
3505 3330 3640 3384 quo-

2072 3426 2197 3465 rum
2225 3410 2457 3479 primum
2485 3408 2702 3477 quidem
2746 3406 2958 3477 viginti,
3012 3406 3239 3460 alterum
3272 3406 3465 3459 deinde
3518 3421 3644 3460 sex-

2072 3504 2505 3569 decim,tertium
2529 3502 2770 3571 quinque
2799 3511 2853 3556 et
2889 3500 3076 3570 viginti
3110 3498 3439 3553 continebat.
3462 3497 3642 3567 Signi-

2075 3594 2203 3649 ﬁcat
2227 3603 2404 3649 autem
2451 3593 2503 3647 in
2537 3593 2728 3647 horum
2759 3592 2953 3662 primo,
2988 3590 3425 3666 Quadragesimze
3458 3591 3641 3645 statim

2075 3687 2228 3741 initio
2249 3686 2562 3741 coneionari
2594 3683 2855 3753 cmpisse,
2892 3692 3053 3751 atque
3084 3690 3212 3737 ante
3253 3682 3447 3753 jejunii
3499 3691 3639 3736 tem-

2075 3795 2176 3851 pus
2206 3779 2335 3833 illud
2363 3779 2672 3841 decursum,
2708 3777 2899 3845 viginti
2944 3777 3044 3830 hos
3070 3790 3363 3830 sermones
3378 3789 3489 3829 una
3518 3789 3641 3828 cum

2076 3872 2198 3926 aliis
2232 3869 2571 3924 itemtribus
2614 3874 2937 3935 quatuorve,
2998 3866 3052 3920 in
3089 3865 3269 3920 medio
3318 3865 3641 3920 concinnum

2077 3964 2128 4015 in
2155 3961 2407 4017 Genesim
2435 3959 2568 4027 (usu
2606 3959 2702 4022 ita,
2722 3966 2793 4017 ut
2824 3968 3068 4025 apparet,
3117 3956 3404 4023 veniente)
3433 3955 3645 4023 interje-

2075 4052 2202 4115 clis,
2220 4052 2286 4107 ad
2306 4049 2557 4120 populum
2577 4046 3386 4104 declamitasse.Animadvertas
3407 4061 3643 4117 quoque,

2077 4144 2183 4198 etsi
2216 4142 2540 4198 Orationum
2576 4154 2773 4195 nomen
2801 4137 3092 4209 praeferant
3126 4138 3178 4192 hi
3206 4137 3326 4193 libri
3369 4138 3477 4207 (sic
3498 4139 3644 4193 enim

2077 4235 2134 4289 in
2172 4235 2238 4289 iis
2268 4232 2444 4303 reperi
2465 4232 2889 4301 exemplaribus,
2932 4245 3052 4300 quae
3082 4229 3185 4298 legi
3212 4232 3257 4299 ),
3284 4230 3522 4284 bomiliis
3564 4240 3651 4284 ta-

2078 4341 2203 4380 men
2234 4325 2438 4380 similes
2475 4324 2650 4393 magis
2689 4338 2845 4387 esse,
2883 4338 3003 4378 cum
3035 4324 3250 4378 caeteris
3283 4323 3480 4386 rebus,
3534 4333 3647 4377 tum

2080 4420 2221 4488 quod
2275 4431 2651 4488 saepenumero
2698 4426 2954 4485 tanquam
3008 4425 3306 4482 prmsentes
3353 4413 3648 4481 respiciens

382 4501 694 4573 δυναμένου
723 4504 823 4574 μὲν
860 4505 954 4557 καὶ
980 4504 1155 4567 ἄλλως
1186 4505 1403 4575 ἔχοντος
1432 4505 1532 4563 τοῦ,
1579 4506 1743 4575 λόγου
1793 4508 1886 4565 καὶ
1912 4509 1964 4561 ού

2080 4512 2375 4573 auditores,
2414 4523 2723 4564 sermonem
2755 4509 2822 4562 ad
2864 4522 2960 4562 eos
2994 4505 3288 4569 convertit,
3326 4505 3649 4573 interroygat,

386 4594 520 4647 καθ’
579 4596 797 4665 ὁμιλίαν
832 4596 903 4648 τὰ
933 4594 1157 4650 τοιαῦτα
1192 4596 1547 4667 σχηματίζειν
1568 4600 1671 4653 καὶ
1701 4599 1973 4654 ἐνδείκνυ-

389 4684 543 4749 σθαι,
572 4686 632 4738 ού
692 4687 801 4756 μὴν
852 4686 987 4740 ἀλλὰ
1018 4688 1079 4738 τὸ
1113 4688 1353 4758 συνεχῶς
1391 4690 1486 4745 καὶ
1514 4690 1790 4758 ὲπιμόνως
1818 4690 1979 4745 τοῦτο

389 4781 593 4843 ποιεῖν,
621 4781 715 4832 καὶ
743 4779 864 4849 οὐχὶ
903 4781 1000 4832 σὺν
1021 4779 1304 4849 οἰκονομία
1333 4783 1461 4845 τινὶ,
1504 4781 1837 4851 παρίστησιν
1856 4782 1979 4850 ὁμι-

390 4875 519 4937 λίας
575 4874 769 4936 αὐτοὺς
804 4875 848 4906 ⁸⁸)
880 4869 1042 4927 εἶναι.
1084 4873 1290 4943 Ὠμίλει
1319 4874 1379 4927 δὲ
1405 4875 1610 4937 ταύτας
1645 4875 1723 4945 τῷ
1744 4875 1975 4945 πλήθει,

389 4968 470 5030 ὡς
499 4966 613 5019 ἔστι
642 4965 835 5037 μαθεῖν
866 4965 925 5029 ἐξ
956 4964 1136 5018 αὐτῶν
1164 4964 1390 5030 τούτων,
1427 4965 1688 5030 πολλάκις
1721 4966 1821 5035 μὲν
1852 4967 1972 5020 καθ’

392 5058 659 5129 ἑκάστην,
700 5057 812 5111 ἐσθ’
832 5058 920 5111 ὅτε
946 5057 1003 5111 δὲ
1031 5059 1127 5113 καὶ
1158 5057 1299 5128 ὑπὲρ
1325 5058 1558 5127 ἡμέραν.
1600 5058 1757 5112 Οὕτω
1785 5060 1884 5128 μὲν
1913 5060 1973 5113 τὸ

393 5149 612 5221 πρῶτον
643 5150 869 5222 βιϐλίον,
927 5152 985 5214 ὲν
1009 5142 1053 5218 ᾧ
1087 5151 1144 5204 αί
1170 5150 1214 5182 ⁸⁸
1251 5156 1301 5202 κ’
1328 5150 1559 5219 ὁμιλίαι.
1601 5152 1676 5205 Τὸ
1708 5153 1753 5206 δ’
1786 5153 1977 5224 ἕτερον

2079 4601 2392 4670 respondet,
2439 4614 2503 4653 ac
2531 4598 3007 4666 pollicitationibus
3032 4596 3221 4651 utitur.
3249 4595 3320 4650 Et
3373 4604 3429 4649 ut
3479 4595 3654 4666 possit

2081 4692 2320 4747 maxime
2348 4691 2455 4744 alio
2506 4691 2561 4743 in
2593 4689 2806 4744 dicendi
2855 4702 3072 4757 genere,
3116 4701 3278 4755 quam
3307 4686 3652 4741 homiliarum

2082 4784 2217 4849 isto,
2244 4783 2444 4839 similia
2478 4781 2718 4836 formare
2769 4790 2931 4849 atque
2978 4779 3258 4843 exhibere,
3308 4778 3439 4847 quia
3473 4788 3653 4831 tamen

2079 4877 2210 4932 illud
2239 4875 2458 4930 assidue
2503 4881 2922 4940 constanterque
2965 4872 3085 4927 sine
3136 4870 3243 4925 ullo
3281 4871 3654 4940 dispositionis

2078 4969 2269 5024 ordine
2290 4977 2494 5031 servat,
2525 4965 2779 5021 homilias
2810 4964 2930 5018 illas
2954 4977 3076 5019 esse
3100 4964 3233 5017 satis
3260 4977 3529 5032 superque
3557 4963 3652 5016 de-

2079 5060 2272 5114 clarat.
2306 5058 2508 5112 Habuit
2543 5067 2721 5111 autem
2743 5072 2837 5111 eas
2882 5056 2951 5110 ad
2983 5056 3264 5125 pepulum,
3289 5064 3346 5107 ut
3375 5070 3440 5107 ex
3468 5055 3654 5123 singu-

2082 5150 2149 5205 lis
2180 5150 2574 5218 deprehendas,
2614 5148 3043 5218 saepequotidie,
3093 5146 3361 5200 interdum
3403 5144 3648 5199 alternis.

1687 5285 1925 5342 VARIE
1967 5286 2379 5344 LECTIONES.

481 5381 529 5413 "
554 5380 625 5445 οἱ,
658 5390 714 5434 et
739 5381 876 5434 infra

396 5452 463 5513 Α,
492 5452 867 5521 προσχεούσης

396 5523 443 5555 ³⁷
481 5520 674 5588 δεκαὲξ
708 5524 756 5574 Α
793 5520 1137 5576 ςέκκαίδεκα
1168 5520 1227 5587 ς.
1305 5522 1351 5553 ⁵³
1384 5520 1479 5575 καὶ
1523 5538 1631 5577 om.
1677 5520 1742 5577 Α.

975 5398 1006 5435 ν
1030 5391 1156 5436 ante
1176 5380 1255 5444 τδ,
1274 5379 1383 5455 τῶν
1413 5388 1537 5434 ante
1572 5381 1977 5455 Ἰεροσολύμων,
2003 5388 2031 5439 6
2060 5396 2183 5440 ante
2225 5385 2500 5455 Ἰωάννης,
2528 5383 2681 5455 αὐτοὶ
2700 5392 2819 5455 post
2839 5380 3075 5455 μιᾷαιίιι.
3102 5380 3165 5455 Α.
3242 5375 3286 5405 ⁸⁸
3317 5373 3655 5455 προχεούσης

969 5469 982 5505 ε
1020 5452 1479 5523 προσεχούσηςης.
1510 5447 1745 5522 ἱηίηία).
1788 5447 1854 5507 R:
1881 5456 2005 5517 515,
2032 5456 2146 5524 52.)
2175 5454 2419 5525 σωτηρία
2437 5447 2534 5507 ’καὶ
2578 5447 2814 5521 ὠφέλεια
2840 5447 2961 5513 ’τοῖς
2995 5449 3317 5519 προσέχουσι
3351 5447 3653 5512 προχεῖται.

969 5522 1137 5576 ιίδεκα
1168 5540 1227 5580 ς.
1305 5522 1351 5553 ⁵³
1384 5520 1479 5575 καὶ
1523 5538 1631 5577 om.
1677 5525 1742 5577 Α.
1819 5525 1863 5556 ⁵³
1899 5528 1992 5579 καὶ
2027 5542 2137 5580 om.
2168 5526 2231 5580 C.
2311 5524 2356 5556 ⁸ο
2389 5524 2585 5580 αὐτούς
2618 5523 2705 5577 AC
2744 5541 2757 5576 :
2797 5523 2966 5580 αὑτάς
2996 5537 3055 5580 ς.
3131 5519 3173 5548 δι
3218 5518 3274 5568 αἱ
3307 5514 3393 5568 AC
3426 5515 3561 5568 ςικαί
3590 5530 3653 5577 ς.

2311 5514 2356 5556 δυ
2389 5524 2585 5587 αὐτούς
2618 5514 2705 5577 AC
2744 5541 2757 5576 :
2797 5523 2966 5583 αὑτάς
2996 5514 3055 5583 ςζ
3131 5519 3173 5548 ⁸¹
3218 5518 3274 5568 αἱ
3307 5514 3393 5568 AC
3426 5515 3561 5568 ῑικαί
3590 5530 3653 5577 ς.

1896 5639 2127 5697 NOTAE.

470 5735 585 5806 (86)
608 5734 774 5802 Cujus
800 5744 855 5790 et
883 5737 950 5791 de
982 5737 1080 5791 hac
1102 5736 1220 5808 ipsa
1256 5750 1316 5791 re
1335 5734 1565 5808 epistola
1593 5744 1796 5808 ¥exstat
1833 5738 2126 5808 enryclica.
2187 5740 2319 5798 Vide
2368 5740 2492 5796 Sur.
2545 5751 2673 5794 tom.
2708 5739 2793 5802 IV,
2847 5746 2900 5792 ct
2958 5735 3018 5789 ι).
3069 5734 3262 5787 Barou.
3319 5738 3448 5785 tom.
3488 5727 3531 5781 ν
3587 5730 3655 5781 ad

401 5822 600 5863 annum
648 5807 851 5862 Christi
917 5808 1022 5862 4ιὸ
1075 5823 1129 5862 et
1180 5806 1300 5863 Not.
1335 5805 1557 5878 Martyr.
1592 5806 1626 5860 5
1664 5808 1907 5877 Augmti.
