4062 6454
499 300 604 365 503

1660 314 1891 376 ΡΗΟΤΙ
1899 318 1927 378 Ι
1966 319 2477 386 PATRIARCH/E
2505 332 2615 393 (ΣΡ.

494 412 572 467 ita
597 429 656 468 se
687 414 920 483 primum
957 416 1057 469 hoc
1088 418 1277 488 viginti
1312 419 1661 477 homiliarum
1691 425 1941 483 volumen
1973 429 2074 483 ha-

3639 366 3739 430 504

2101 442 2152 496 Α
2179 432 2410 504 βιϐλίον,
2445 438 2671 543 ἔχονηιςθ
2700 445 2911 515 λόγους,
2931 450 3059 515 τοὺς
3086 454 3186 522 μὲν
3202 458 3455 527 πρώτους
3484 467 3528 529 ζ’
3553 468 3631 526 ἔτι
3653 477 3749 547 τῆς

492 509 603 562 bet.
646 509 894 562 Alterum
928 509 1125 565 deinde
1170 514 1405 568 sedecim
1434 518 1719 575 orationes
1759 523 2025 592 complect

492 609 578 639 lnr
638 614 867 639 nitar-nun
899 600 1107 639 nrinrnc
1158 614 1365 639 contam
1421 608 1656 639 All-Ionia
1702 611 1877 639 “At”...
1926 613 2029 639 Λ...

2172 533 2627 639 τεσσαρακρστῆς
2666 509 3053 639 ἐνισταμένης*
3085 509 3748 639 ὅπεδιέλω-ᾆξιθξμᾘξιᾷξῖ

488 609 608 661 tur,
638 614 867 668 quarum
899 600 1109 668 priores
1158 614 1366 672 septem
1421 608 1656 662 durante
1701 611 1878 667 adhuc
1926 613 2029 680 Qua

488 691 787 729 druancimn
844 691 1060 729 Imltilnc
1136 706 1354 729 annornl
1424 708 1480 729 nl
1552 700 1718 729 eam.“
1756 701 2029 729 (Lunam.-.

2580 600 2591 604 ν
2855 600 2867 609 -
2978 600 3021 611 ιν
3202 600 3347 620 ννιν-ν-
3389 600 3521 613 -νν-νν
3571 600 3634 617 uno
3657 600 3748 621 νι-

2172 634 2282 678 ναι,
2314 617 2389 682 ὡς
2429 619 2717 690 εἶναιτοὺς
2745 628 2814 682 δι’
2842 631 2970 701 ὅλης
2995 635 3144 706 αὐτῷ
3178 640 3279 711 τῆς
3311 600 3749 729 τεσσαρέκοιίτῖἰς

2174 723 2207 729 --
2222 707 2277 729 1..
2296 727 2307 729 μ
2366 728 2377 729 γ
2394 711 2418 723 υ
2620 717 2659 729 οι
2923 725 2935 729 -
2950 724 2967 729 -
3112 727 3120 729 Α

487 691 789 759 dragesima
844 691 1095 758 habitas,
1134 706 1379 762 apparet,
1424 708 1483 751 ut
1552 700 1721 755 totius
1756 701 2069 776 Quadrage—

2171 707 2335 780 μέχρι
2497 717 2742 789 μεγάλης
2773 724 3033 792 τετράδος
3054 727 3163 783 τῶν
3185 707 3264 795 είς
3297 736 3393 806 τὴν
3422 707 3641 799 Γένεσιν

484 783 638 836 sima:
716 791 958 850 tempore
1036 800 1205 855 usque
1283 790 1349 842 ad
1429 789 1782 845 hebdomadis
1868 805 2029 848 sanet:

484 872 674 907 furiam
708 882 953 907 nllarlnln
1035 874 1220 907 υἰηίιιιῖ
1250 887 1454 907 οΔηΙΔηι
1485 878 1536 907 ἕ..
1575 878 1825 907 ρηηημιη.
1861 884 2029 907 --.ηιμ

2167 802 2436 907 γουςοκζκ
2470 806 2534 858 οι
2560 806 2616 859 δὲ
2649 783 2933 868 ιᾶτόλοιτὲοι
2964 783 3114 885 λύγοι
3163 783 3745 907 Medusa-6:39:51;

482 872 674 925 feriam
708 882 977 940 quartam,
1035 874 1220 944 viginti
1250 887 1455 945 septem
1484 878 1538 931 in
1575 878 1826 935 Genesim
1858 884 2064 938 oratio-

2170 888 2381 958 βιϐλίου
2409 897 2502 948 καὶ
2534 900 2582 951 οἱ
2610 899 2787 955 λοιποὶ
2814 912 2893 957 κε’
2941 907 3033 961 τοῦ
3062 910 3246 981 τρίτου
3280 917 3384 971 οὐκ
3417 888 3593 987 εὐθὺςι
3612 888 3741 998 dipt-

481 978 578 1018 nes
609 962 864 1017 habuisse
895 974 1129 1019 constet.
1182 965 1369 1035 Neque
1409 983 1541 1023 vero
1586 972 1809 1025 secundi
1835 972 2029 1028 volumi

482 1058 563 1088 ..ἶο
597 1071 878 1088 οτι-ηπηυιο
911 1059 1104 1088 ..Μὴ-..ς
1150 1076 1339 1088 ηις-..μη
1404 1072 1451 1088 ΑΙ
1487 1064 1634 1088 ιιι-ιιι
1675 1063 1864 1088 ..:...:...:
1901 1066 2022 1088 -..ε-

2164 980 2431 1051 λὴθησαν,
2458 988 2579 1041 οὐδὲ
2603 994 2842 1063 συνεχῶς
2858 998 2995 1065 μετά
3021 1001 3081 1053 τὸ
3098 962 3510 1075 ’Πάξιᾷίῇξῇ
3522 962 3739 1088 ’ἓν

482 1058 566 1111 nis
595 1071 881 1113 sermones
911 1059 1105 1128 reliqui
1150 1076 1364 1126 novem,
1402 1072 1456 1115 et
1487 1064 1635 1120 tertii
1675 1063 1865 1135 viginti
1897 1066 2025 1135 quin

482 1163 584 1178 nun
680 1149 862 1178 οιηιιηιι
898 1158 1060 1178 an...“
1095 1152 1437 1178 Ληηιιηηηυ.-
1475 1155 1508 1178 1
1532 1155 1667 1178 In-
1698 1166 1812 1178 _..__.
1852 1156 2013 1178 n---n_

2274 1077 2345 1144 τῇ
2384 1080 2596 1178 μεγάλῃ
2633 1058 3117 1157 τετράδι-ὁμιλίαν,
3150 1058 3272 1165 ἥτῖς

481 1163 585 1216 quc
611 1185 629 1211 ,
679 1149 862 1202 statim
897 1158 1061 1219 atque
1094 1152 1437 1207 continenter
1474 1155 1668 1224 119a
1698 1166 1819 1225 post
1848 1156 2029 1212 Pasch

2157 1161 2377 1255 “"5”
2396 1168 2499 1233 κεν
2523 1149 2797 1242 mea
2819 1149 2970 1250 αὺέῷ
2993 1182 3036 1212 σε
3058 1149 3124 1254 τι
3151 1149 3353 1255 esse;
3374 1149 3739 1252 mea;

482 1240 673 1294 habiti.
729 1240 862 1292 Nam
898 1252 1019 1309 post
1078 1241 1357 1297 homiliam
1413 1244 1545 1299 feria
1590 1258 1783 1316 quarta
1834 1249 2055 1320 majoris

2158 1255 2272 1325 ρὸν,
2306 1254 2427 1313 εἶτα
2460 1264 2541 1325 είς
2565 1265 2665 1335 τὴν
2688 1269 3002 1337 προδοσίαν,
3036 1277 3131 1329 καὶ
3159 1277 3346 1334 λοιπὸν
3370 1282 3571 1355 ἐφεξῆς
3602 1294 3736 1347 κατὰ

478 1329 828 1384 hebdomadis
869 1331 1108 1386 habitam
1130 1371 1147 1399 ,
1193 1348 1313 1403 quae
1341 1335 1392 1388 in
1430 1334 1684 1392 Genesim
1714 1341 1942 1408 septima
1972 1357 2029 1397 es

2622 1329 2632 1335 -
2732 1329 2743 1337 -
2990 1329 3000 1337 ν
3182 1329 3337 1334 """‘
3372 1329 3567 1355 'Y‘i'n
3603 1329 3732 1347 συιδ*

2152 1346 2253 1410 τὰς
2284 1350 2708 1420 ἀνακυπτούσας
2755 1359 2866 1413 τῶν
2905 1364 3129 1434 ἡμερῶν
3178 1372 3523 1444 πανηγύρεις
3560 1396 3617 1431 τε
3645 1385 3732 1436 καὶ

474 1433 638 1490 atque
672 1422 952 1491 vicesima,
986 1426 1344 1480 concionatus
1371 1437 1455 1481 est
1481 1428 1736 1498 deinceps
1763 1432 1829 1484 de
1861 1442 2048 1487 sancta

472 1527 656 1577 cruce,
690 1513 814 1567 hinc
851 1514 915 1567 de
948 1516 1251 1583 proditione
1289 1515 1438 1572 Judte
1474 1537 1487 1573 :
1523 1529 1686 1587 atque
1733 1520 1808 1574 ita
1859 1523 2049 1578 ordine

470 1612 633 1668 prout
667 1601 786 1655 festi
818 1604 955 1667 dies,
989 1606 1103 1657 sive
1138 1617 1455 1675 argumenta
1486 1609 1836 1677 inciderunt,
1871 1612 2046 1667 homio

466 1694 551 1749 liae
584 1711 799 1764 quoque
826 1706 1019 1765 aptatae
1045 1708 1189 1753 sunt.
1217 1697 1333 1755 Jam
1357 1708 1477 1769 post
1502 1705 1917 1761 resurrectionis
1944 1707 2041 1763 ho-

2151 1438 2437 1504 ὑποθέσεις
2496 1445 2774 1516 ἀναλόγως
2809 1454 2865 1504 αἱ
2894 1454 3102 1523 ὁμιλίαι
3152 1438 3417 1527 ἐγίνοντοξ
3460 1467 3570 1521 Καὶ
3603 1473 3732 1540 μετὰ

2145 1530 2246 1592 τὰς
2274 1533 2403 1602 περὶ
2430 1535 2781 1604 ἀναστάσεως
2808 1544 3025 1613 ὁμιλίας
3046 1548 3326 1620 ὡμίλησεν
3359 1556 3440 1619 είς
3467 1558 3565 1622 τὰς
3594 1530 3734 1633 ίῖρά-

2146 1623 2257 1689 ξεις
2284 1631 2541 1699 συνεχῶς,
2578 1635 2655 1696 ὼς
2682 1635 2725 1666 ⁸⁸
2773 1639 2936 1703 αὐτὸς
2960 1643 3167 1708 ἐκεῖνος
3196 1648 3504 1720 ἀρχόμενος
3530 1657 3620 1709 τοῦ
3650 1659 3731 1728 xr,’

2149 1715 2306 1785 λόγου
2323 1721 2429 1773 τῶν
2458 1724 2538 1785 εἰς
2559 1724 2655 1795 τὴν
2688 1727 2904 1782 Γένεσιν
2924 1733 3349 1805 ἐπισημαίνεται
3386 1759 3402 1773 ο
3430 1742 3511 1809 ὃν,
3540 1745 3615 1809 ὡς
3644 1748 3727 1820 δῆ-

464 1785 642 1838 milias
691 1786 741 1839 in
776 1787 1142 1854 apostolorum
1168 1789 1301 1843 Acta
1332 1793 1672 1847 continenter
1704 1794 1869 1852 verba
1904 1798 2028 1854 fecit

464 1875 918 1910 ηιιηημηιηιηιὶιιηι
952 1878 1063 1910 inca
1101 1889 1345 1910 ηιιισιυηηι
1374 1897 1532 1910 ιιι-..μω
1563 1884 1873 1910 ..ζηηηεηηηκ
1929 1904 2029 1910 ---μ

2611 1785 2622 1795 ,
3033 1785 3349 1805 rrum-ww"
3432 1785 3511 1809 *τ’
3541 1785 3611 1809 υτ
3644 1785 3725 1820 υΤ

2152 1806 2262 1873 λον,
2317 1813 2412 1865 καὶ
2448 1815 2578 1878 τοὺς
2614 1819 2712 1871 σὺν
2754 1821 2902 1892 αὐτῷ
2939 1827 3077 1893 μετά
3127 1830 3295 1884 πολὺν
3335 1835 3528 1903 χρόνον
3570 1856 3725 1910 προσ-

463 1875 918 1943 quemadmodum
952 1878 1063 1946 ipse
1100 1889 1347 1933 octavam
1373 1897 1533 1951 supra
1563 1884 1898 1952 vicesimam,
1923 1904 2042 1957 quae

463 1966 708 2033 sequitur
738 1966 790 2019 in
818 1966 1073 2023 Genesim
1103 1970 1405 2025 orationem
1431 1974 1744 2041 auspicatus
1774 1981 2035 2046 ostendit,

463 2075 645 2123 quam,
674 2071 731 2112 ut
756 2072 1002 2129 apparet,
1047 2078 1169 2117 cum
1211 2063 1433 2133 reliquis
1463 2065 1665 2138 [hujus
1698 2072 2037 2145 argumenti]

462 2149 625 2214 lutth
668 2161 788 2218 post
821 2160 1063 2221 tempore
1092 2154 1298 2210 habuit.
1325 2154 1727 2227 Quinquaginta
1760 2161 1902 2214 enim
1935 2163 2039 2218 illis

464 2240 518 2305 in
573 2238 706 2295 Aeta
737 2240 976 2297 bomiliis
1015 2245 1302 2299 recitandis
1336 2262 1499 2301 unum
1529 2248 1699 2305 ferme
1722 2266 1923 2306 annum
1955 2255 2038 2308 iu-

458 2334 711 2401 sumpsit,
744 2349 865 2387 cum
898 2350 1004 2389 non
1058 2336 1298 2404 quotidie
1329 2354 1513 2407 unam,
1576 2342 1669 2395 sed
1702 2344 1891 2411 quinto
1923 2357 2039 2399 tan-

458 2431 572 2476 tum
611 2432 702 2476 aut
735 2426 968 2493 septimo
1004 2427 1109 2494 die,
1149 2436 1203 2481 et
1233 2428 1523 2498 aliquando
1556 2435 1733 2489 rarius
1756 2436 1915 2489 etiam
1944 2453 2037 2493 eas

453 2515 701 2569 recitarit
734 2533 749 2570 :
780 2529 835 2571 ct
881 2518 1119 2586 quidam,
1173 2528 1232 2573 ut
1266 2521 1495 2588 ipsemet
1529 2525 1710 2593 tradit,
1762 2543 1885 2581 cum
1928 2538 2038 2582 ter-

451 2602 590 2655 tium
614 2603 725 2672 jam
759 2620 960 2659 annum
992 2608 1184 2675 praesul
1217 2621 1380 2665 esset.
1437 2614 1583 2677 Quas
1613 2630 1740 2669 vero
1772 2617 1824 2670 iu
1860 2616 2031 2673 Gene-

451 2696 553 2748 sim
586 2698 825 2767 scripsit,
851 2715 957 2767 quo
980 2701 1089 2753 sint
1143 2710 1384 2771 tempore
1437 2707 1652 2770 habitae,
1740 2726 1846 2763 non
1883 2712 2035 2780 potui

454 2801 808 2856 cognoscere.
856 2790 1087 2845 Tantum
1130 2793 1174 2847 si
1206 2793 1327 2849 illas
1359 2810 1388 2848 a
1442 2810 1501 2850 se
1543 2797 1755 2854 habitas
1784 2800 2035 2859 homilias

449 2891 703 2932 sermone
738 2879 827 2933 illo
867 2896 1037 2935 xxvm
1072 2883 1342 2949 meminit,
1385 2900 1521 2954 quas
1554 2890 1712 2943 tertio
1742 2893 2033 2962 episcopa-

448 2980 538 3024 tus
573 2985 717 3025 anno
775 2975 1119 3042 composuit:
1150 2991 1321 3045 neque
1353 2978 1418 3033 de
1458 2979 1577 3035 aliis
1598 2997 1758 3052 quam
1801 2984 1855 3037 in
1896 2986 2033 3041 Acta

447 3063 688 3131 scriptis,
719 3062 794 3118 ibi
852 3067 1184 3121 mentionem
1233 3069 1361 3123 facit
1389 3070 1553 3141 (quod
1614 3075 1862 3144 equidem
1905 3077 2033 3134 hac-

448 3165 608 3219 tenus
642 3171 747 3212 nou
779 3158 927 3225 potui
962 3157 1417 3228 deprehendere),
1443 3162 1637 3230 praesul
1666 3165 1921 3221 nimirum
1953 3183 2075 3223 cum
2104 3183 2267 3239 esset,
2295 3178 2457 3232 etiam
2478 3181 2575 3236 has
2609 3191 2980 3259 contexuerit;
3014 3196 3202 3267 viginti
3252 3205 3476 3271 quidem
3517 3219 3571 3264 et

2143 1898 2435 1969 ωμίλησεν.
2460 1905 2527 1955 Ai.
2577 1906 2686 1977 γὰρ
2711 1909 2793 1973 εἰς
2818 1913 2918 1975 τὰς
2946 1915 3182 1984 Πράξεις
3210 1898 3421 1990 ὁμιλίαι
3448 1932 3522 1977 νε¹
3556 1898 3726 1999 15⁵’μέν

2144 1992 2275 2055 εἰσι,
2307 1994 2490 2064 σχεδὸν
2514 1997 2570 2049 δὲ
2595 1999 2662 2052 δι’
2689 2001 2811 2055 ὅλου
2858 2006 3010 2076 αὐτῷ
3045 2009 3140 2061 τοῦ
3186 2013 3442 2069 ἐνιαυτοῦ
3489 1992 3720 2093 ἐρρήθη-

2143 2100 2243 2137 σαν
2270 2099 2285 2115 ⁶
2315 2087 2377 2139 ού
2410 2087 2519 2159 γὰρ
2558 2092 2681 2145 καθ’
2709 2096 2926 2166 ἡμέραν
2950 2100 3177 2169 ταύτας,
3207 2105 3347 2160 ἀλλὰ
3386 2111 3480 2162 καὶ
3511 2087 3645 2184 ύπὲρ
3675 2087 3711 2166 ε’

2141 2176 2237 2275 καὶ
2267 2178 2406 2248 ὑπὲρ
2430 2180 2475 2243 ζ’
2521 2180 2647 2253 [588
2685 2185 2777 2259 IL]
2809 2190 2902 2242 καὶ
2929 2191 3101 2247 πλείω
3142 2198 3471 2270 καθωμίλει.
3505 2176 3718 2275 Ἃςθῆ-

2140 2263 2229 2318 λον
2284 2269 2445 2333 αὐτὸς
2498 2277 2638 2325 ποιεῖ
2692 2276 2772 2328 ὅτι
2826 2280 3235 2353 ἀρχιερατεύων
3281 2292 3427 2344 κατά
3462 2293 3521 2346 τὸ
3542 2297 3715 2365 τρίτον

2140 2354 2258 2448 sco;
2284 2357 2548 2428 ὡμίλησε.
2583 2363 2695 2427 Τάς
2730 2364 2848 2436 [εοι
2884 2370 2975 2442 11.]
3001 2372 3046 2424 δ’
3076 2378 3156 2439 είς
3205 2377 3303 2448 τὴν
3350 2354 3591 2437 Γένεσιν.
3621 2388 3714 2441 οὐκ

2140 2443 2369 2515 ἔσχομεν
2395 2451 2596 2516 γνῶναι
2626 2456 2786 2510 ὁπότε
2814 2461 3096 2531 ὁμιλήσειε
3128 2468 3203 2499 ⁸⁸·
3239 2443 3383 2541 πλὴν
3414 2475 3461 2525 εἰ
3497 2475 3712 2530 ἐκείνων

2140 2539 2410 2609 μέμνηται
2433 2544 2542 2597 τῶν
2583 2548 2807 2615 ὁμιλιῶν
2848 2555 2905 2606 ἐν
2935 2557 3015 2627 τῷ
3049 2566 3133 2628 κη’
3156 2560 3297 2633 λόγῳ
3328 2566 3712 2637 ὁμιλῆσαι,..ἂς

2136 2630 2224 2684 διὰ
2249 2633 2343 2686 τοῦ
2369 2636 2552 2705 τρίτου
2584 2638 2740 2701 ἔτους
2768 2644 2868 2713 τῆς
2893 2647 3302 2721 ἀρχιερωσύνης
3346 2658 3511 2710 αὑτοῦ
3547 2659 3712 2729 ὲξειρ-
3750 2652 3751 2655 η

2136 2718 2362 2785 γάσατο,
2398 2723 2535 2775 ἀλλά
2566 2727 2640 2797 μὴ
2682 2729 2888 2799 ἐτέρων
2928 2718 3091 2791 τινῶν
3128 2718 3278 2813 παρά
3302 2746 3347 2776 ⁶⁷
3370 2718 3711 2817 ταύτας-(ού-

2136 2826 2223 2861 πω
2262 2813 2370 2882 γάρ
2396 2815 2550 2869 τοῦτο
2590 2817 2804 2891 ἔγνων),
2835 2823 2991 2893 δῆλον
3014 2829 3093 2883 ὅτι
3121 2835 3210 2885 καὶ
3234 2836 3441 2899 ταύτας
3468 2840 3710 2911 ἀρχιερα-

2134 2900 2306 2953 τεύων
2359 2909 2758 2975 κατεσκεύασε,
2810 2914 2909 2977 τὰς
2943 2918 3041 2987 μὲν
3086 2920 3168 2986 κζ’
3211 2929 3277 2997 τῇ
3302 2936 3703 3004 τεσσαρακοστῇ

2132 2992 2227 3099 τοῦ
2255 2993 2506 3067 δευτέρου
2534 3000 2709 3067 ἔτους,
2743 3005 2844 3070 τὰς
2879 3009 2936 3061 δὲ
2961 3010 3159 3079 -λοιπάς
3186 2992 3349 3073 λδίνὲν
3372 3021 3448 3093 τῷ
3476 2992 3706 3099 τετάρτῷ

2134 3082 2266 3138 ἔτει.

3625 3229 3706 3269 SC'

444 3264 591 3325 ptem
646 3254 867 3308 secundi
912 3255 1041 3309 anni
1103 3254 1544 3329 Quadragesima,
1571 3269 1795 3317 caeteras
1870 3263 1994 3319 dein
2052 3268 2274 3339 triginta
2304 3282 2561 3344 quatuor,
2601 3293 2743 3335 anno
2773 3254 2995 3351 quarto.

516 3349 693 3404 Dictio
724 3349 813 3404 hic
843 3348 989 3405 illius
1015 3352 1081 3404 de
1105 3366 1259 3406 more
1291 3354 1579 3424 perspicua
1598 3364 1653 3409 et
1672 3370 1824 3425 pura,
1846 3357 2028 3427 splen-
2050 3371 2095 3434 ρ

444 3441 567 3496 dida
620 3443 843 3511 insuper
888 3458 950 3496 ac
990 3441 1164 3498 ﬂuens
1225 3454 1493 3514 apparet,
1523 3446 1749 3501 multam
1804 3449 2023 3505 interim

444 3549 568 3588 cum
625 3550 881 3589 sensuum
952 3536 1331 3603 varietatem‘,
1403 3547 1514 3591 tum
1591 3540 2022 3608 gratissimorum

442 3624 814 3691 exemplorum
837 3625 1052 3693 copiam
1085 3626 1368 3681 exhibens.
1400 3628 1455 3681 In
1489 3629 1693 3685 humile
1718 3638 1898 3685 tamen
1932 3630 2023 3687 hic

445 3714 657 3768 dicendi
689 3729 857 3784 genus
888 3716 1054 3770 dictio
1086 3717 1315 3784 pronior
1365 3728 1517 3773 tanto
1569 3730 1652 3775 est
1685 3736 1770 3785 ea,
1806 3738 1915 3793 qua
1964 3724 2019 3778 in

441 3805 677 3861 bomiliis
735 3806 788 3861 in
846 3807 979 3861 Acta
1038 3809 1404 3876 apostolorum
1464 3812 1676 3879 utitur,
1743 3814 2015 3883 inferior,

439 3908 642 3966 quanto
657 3897 771 3951 haec
791 3916 816 3951 a
836 3896 1260 3955 Commentariis
1290 3902 1340 3955 in
1357 3902 1673 3972 Apostolum
1692 3921 1755 3961 ac
1778 3906 2018 3963 Psalmos

440 3998 747 4056 superatur.
780 3988 914 4044 Cum
945 3993 1091 4043 enim
1126 3992 1326 4061 ubique
1359 3995 1661 4050 orationem
1704 4013 1917 4067 puram,
1953 4000 2017 4054 il-

438 4075 667 4131 lustrem
690 4092 754 4131 ac
784 4078 923 4133 bene
951 4078 1270 4149 dispositam
1303 4098 1410 4138 non
1434 4083 1553 4139 sine
1576 4086 1854 4157 voluptate
1880 4090 2015 4145 arti-

438 4166 626 4222 ficiose
646 4177 899 4223 contexat
929 4186 943 4222 :
976 4169 1029 4224 in
1060 4171 1144 4226 his
1173 4172 1412 4231 maxime
1454 4176 1675 4246 scriptis
1723 4180 2014 4237 virtutibus

438 4256 567 4322 illis,
598 4259 1083 4330 exemplorumque
1111 4263 1391 4332 ubertate,
1446 4275 1611 4337 atque
1641 4270 2013 4342 enthymema-

435 4357 551 4407 tum
595 4349 779 4417 copia,
843 4361 898 4405 ct
926 4366 1047 4407 cum
1080 4353 1153 4406 ita
1183 4368 1321 4423 Opus
1368 4365 1494 4423 est,
1541 4359 1706 4414 etiam
1745 4364 2013 4431 gravitate

436 4440 671 4495 excellit.
697 4441 862 4511 Quin,
894 4452 953 4497 ut
980 4445 1150 4500 semel
1190 4446 1365 4501 dicam
1386 4488 1402 4513 ,
1438 4451 1618 4505 verbis
1669 4454 1783 4507 haec
1816 4470 2009 4509 monuv

434 4546 636 4600 menta,
671 4537 1081 4605 compositione,
1117 4542 1399 4605 methodo,
1424 4543 1694 4611 sensibus,
1728 4555 1782 4600 et
1820 4548 1873 4601 id
1914 4564 2009 4616 ge-

431 4640 533 4679 nus
563 4638 859 4695 apparatu,
892 4631 1341 4697 praestantissime
1371 4644 1634 4693 exornata
1673 4638 1861 4693 edidit.
1894 4639 2010 4695 Cae-

2213 3362 2278 3417 'H
2303 3365 2359 3468 δέ
2389 3368 2587 3438 φράσις
2619 3375 2770 3447 αὐτῷ
2798 3380 2939 3448 μετά
2972 3384 3075 3453 τῆς
3115 3389 3386 3458 συνήθους
3418 3399 3702 3468 σαφηνείας

2127 3455 2222 3507 καὶ
2252 3458 2625 3532 καθαρότητος
2654 3468 2749 3520 καὶ⁹
2782 3470 2842 3524 τὸ
2878 3474 3139 3548 λαμπρὸν
3171 3455 3263 3534 καὶ
3289 3455 3511 3556 εὔρουν.
3542 3455 3700 3543 ἐνδεί-

2125 3565 2335 3617 κνυται,
2394 3553 2455 3605 τὸ
2514 3557 2785 3629 πολύχουν
2833 3564 2941 3618 τῶν
2988 3573 3275 3640 νοημάτων
3323 3580 3422 3631 καὶ
3459 3581 3556 3651 τὴν
3600 3584 3699 3635 τῶν

2123 3642 2588 3736 παραδειγμάτων
2637 3659 3098 3730 προσφυεστάτην
3148 3664 3415 3736 εὐπορίαν
3476 3642 3697 3726 συνυπο-

2122 3731 2405 3798 φαίνουσα.
2452 3738 2785 3798 Ἦλάττωται
2826 3748 2884 3801 δὲ
2914 3750 3063 3819 ὅμως
3091 3754 3191 3823 τῆς
3223 3731 3436 3823 ἐν’ταῖς
3469 3763 3694 3833 Πράξεσι

2120 3822 2381 3924 φράσεως
2418 3829 2511 3883 ἐπὶ
2544 3832 2611 3884 τὸ
2658 3840 3046 3912 ταπεινότερον
3081 3822 3537 3924 ἀπενηνεγμένη,
3581 3822 3695 3909 έσον

2118 3911 2227 4011 των
2260 3916 2341 3979 είς
2390 3918 2480 3974 τὸν
2516 3922 2839 3981 Ἀπόστολον
2881 3911 3188 4003 ἑρμηνειῶν
3228 3911 3442 3997 satis:
3620 3949 3693 4011 εἰς

2116 4001 2207 4104 τὸν
2236 4007 2502 4104 Ψαλτῆρα
2531 4001 3096 4095 ὑπομνημάτωνηέν
3125 4032 3244 4095 ταῖς
3273 4029 3546 4104 Πράξεσιν
3571 4001 3692 4092 67:0;

2115 4092 2381 4151 λείπεται.
2409 4102 2694 4175 Πανταχοῦ
2722 4109 2831 4179 γὰρ
2857 4115 2969 4176 τοῖς
2993 4092 3201 4185 -λόγοις
3224 4092 3497 4178 *αὑτοῦντὸ
3527 4128 3689 4181 καθα-

2121 4186 2213 4256 ρὸν
2270 4190 2364 4243 καὶ
2391 4193 2672 4290 ..λαμπρὸν
2745 4205 2839 4256 καὶ
2887 4206 3137 4277 εὐκρινὲς
3194 4215 3335 4280 μετὰ
3393 4218 3489 4271 τοῦ
3545 4220 3688 4290 ἡδέος

2112 4282 2476 4351 τεχνουργῶν,
2520 4289 2730 4354 τούτοις
2778 4311 2838 4345 τε
2869 4296 3109 4352 ἐνταῦθα
3142 4302 3378 4372 μάλιστα
3407 4308 3686 4380 διαπρέπει

2113 4372 2211 4471 καὶ
2244 4374 2459 4471 ’τῇ-τῶν
2493 4382 2960 4454 παραδειγμάτων
2992 4390 3224 4466 εὐπορίᾳ
3254 4399 3347 4450 καὶ
3373 4402 3438 4471 τῇ
3470 4372 3577 4454 τῶν
3604 4403 3687 4453 ἐν-

2112 4458 2449 4562 θυμημάτων
2468 4467 2700 4541 ἀφθονία
2730 4475 2844 4541 καὶ,
2878 4478 3053 4533 εἵπου
3095 4458 3224 4551 deor,
3267 4489 3363 4541 καὶ
3391 4458 3648 4562 έεινότητι
3667 4532 3681 4555 ,

2111 4554 2205 4604 καὶ
2233 4553 2421 4618 ἁπλῶς
2443 4556 2499 4613 ἐν
2540 4576 2601 4612 τε
2645 4561 2791 4627 λέξει
2832 4569 2925 4621 καὶ
2963 4572 3206 4647 συνθήκῃ
3237 4579 3332 4631 καὶ
3364 4553 3681 4653 μεθόδῳ-καί

2112 4644 2348 4715 νοήμασι
2382 4648 2477 4701 καὶ
2497 4654 2563 4721 τῇ
2604 4653 2696 4727 ὅλῃ
2733 4657 2778 4688 ⁸⁸
2815 4670 3130 4737 κατασκευῇ
3163 4669 3358 4738 ἄριστα
3405 4676 3564 4728 τάσδε
3590 4675 3681 4738 τὰς

434 4727 608 4771 terum
631 4734 875 4788 quamam
906 4723 959 4775 in
994 4722 1235 4791 Apostoli
1257 4723 1530 4792 Epistolas
1550 4728 1853 4784 Antiochiae
1876 4732 2002 4785 dum
2028 4774 2029 4779 η

2129 4739 2433 4831 πυγγραφάς
2460 4721 2822 4816 ὑπεστήσατο.
2864 4753 3020 4807 Ἀλλὰ
3037 4721 3135 4821 τάξ
3164 4721 3261 4831 μιὲν
3397 4721 3678 4820 τὲννῖὶπόῖ

431 4821 636 4880 ageret,
655 4811 1033 4881 elaboraverit,
1060 4825 1113 4869 et
1135 4817 1474 4872 accuratiora
1501 4820 1716 4888 quidem
1748 4821 1857 4889 illa,
1886 4838 2007 4892 quae

432 4902 560 4956 item
591 4903 788 4971 praasul
826 4905 1228 4975 conscripserit,
1262 4923 1326 4963 ex
1353 4909 1456 4965 illis
1479 4911 1611 4980 ipsis
1636 4910 1792 4968 facile
1831 4926 2007 4983 potest

432 4994 698 5064 dignosci.
746 4995 875 5061 Quae
925 5006 1104 5052 autem
1143 5001 1208 5053 ad
1250 4999 1532 5055 historiam
1574 5003 2006 5060 Commentario-

430 5101 548 5139 rum
574 5087 625 5141 in
648 5085 892 5143 Psalmos
911 5088 1200 5157 pertinent,
1217 5104 1546 5160 cognoscere
1567 5095 1801 5149 nondum
1828 5097 2002 5163 licuit,

430 5178 533 5232 nisi
556 5179 677 5247 quis
696 5177 835 5234 forte
873 5180 981 5233 vim
1005 5218 1019 5243 ,
1057 5181 1298 5249 aliasque
1330 5182 1542 5238 dicendi
1574 5187 1799 5239 virtutes
1826 5188 2004 5256 suspi-

430 5272 578 5326 ciens
599 5312 614 5337 ,
642 5274 873 5326 otiosum
898 5273 984 5326 illa
1004 5274 1206 5343 potius,
1237 5290 1395 5343 quam
1431 5277 1658 5344 publicis
1686 5281 1999 5337 immersum

431 5362 658 5431 negotiis
677 5401 693 5427 ,
717 5362 1027 5419 elaborasse
1044 5362 1293 5419 afﬁrmet.
1315 5364 1468 5432 Quod
1503 5367 1673 5424 sicubi
1701 5374 1999 5428 sententia-

2116 4830 2301 4882 στολον
2331 4831 2477 4887 ἔστιν
2507 4834 2567 4899 ἐξ
2607 4838 2784 4893 αὐτῶν
2826 4844 3049 4899 ἐκείνων
3093 4851 3415 4921 ἐπιγνῶναι,
3447 4858 3592 4911 ποῖαί
3620 4876 3672 4911 τε

2114 4920 2291 4975 αὐτῶν
2332 4925 2389 4976 ἐν
2448 4927 2750 5003 Ἀντιοχείᾳ
2802 4934 3137 5008 διατρίϐοντι
3175 4945 3595 5020 ἐξεπονήθησαν,
3624 4950 3677 5005 αἶ

2112 5013 2206 5065 καὶ
2239 5016 2440 5082 μᾶλλον
2486 5019 2894 5092 διηκρίϐωνται,
2924 5032 3015 5083 καὶ
3046 5036 3195 5088 ποῖαι
3243 5013 3674 5112 ἀρχιερατεύοντι

2114 5105 2453 5177 ἐποιήθησαν
2480 5126 2493 5140 ⁸
2532 5112 2633 5176 τὰς
2657 5114 2715 5167 δὲ
2745 5119 2825 5180 εἰς
2850 5121 2978 5183 τοὺς
3002 5124 3265 5195 Ψαλμοὺς
3292 5129 3442 5183 οὔπω
3490 5131 3673 5200 ἔχομεν

2110 5197 2234 5249 ὅσον
2261 5198 2305 5228 ⁶⁰
2333 5199 2453 5251 καθ’
2496 5203 2735 5275 ἱστορίαν
2769 5210 2995 5277 γνῶναι,
3024 5215 3164 5286 πλὴν
3203 5218 3255 5271 εί
3281 5238 3365 5284 τις
3398 5224 3493 5291 τὴν
3524 5222 3671 5274 δύνα-

2112 5305 2204 5359 μιν
2227 5289 2323 5342 καὶ
2351 5290 2450 5361 τὴν
2479 5293 2649 5367 ἀλλην
2683 5299 2884 5372 ἀρετὴν
2911 5303 3006 5356 τοῦ
3039 5306 3199 5375 λόγου
3226 5289 3515 5382 θαυμάζων
3555 5329 3668 5382 σχο-

2106 5380 2339 5445 λάζοντα
2372 5384 2535 5439 αὑτὸν
2564 5390 2767 5459 μᾶλλον
2795 5394 2911 5447 ἀλλ’
2939 5398 3003 5451 οὐ
3039 5380 3344 5471 πράγμασι
3362 5409 3554 5467 κοινοῖς
3582 5380 3663 5456 ἐν-

1746 5547 1984 5604 VARUE
2025 5551 2432 5616 LECTIONES.

503 5657 546 5686 “
578 5656 765 5734 ἐτέρου
796 5660 837 5711 A
869 5676 881 5711 :
908 5660 1164 5734 δευτέρου
1186 5680 1279 5734 rga
1364 5664 1410 5695 “
1436 5663 1586 5734 αὐτῷ
1635 5669 1759 5725 add.
1812 5672 1878 5726 A.

434 5724 476 5767 ς’
518 5724 739 5798 παράΑ
771 5746 790 5784 ι
830 5730 958 5799 περί
989 5724 1082 5803 ς.’
1156 5724 1335 5807 “van
1372 5737 1416 5788 A
1453 5724 1613 5809 ιᾶλλῃ
1643 5756 1702 5802 ς’.

1984 5676 2028 5707 ⁸⁵
2052 5677 2110 5731 ὃν
2138 5696 2251 5756 om.
2290 5701 2368 5756 pr.
2406 5686 2473 5741 Α.

1803 5744 1847 5775 δ’
1878 5744 1999 5800 ὅσον
2025 5764 2133 5805 om.
2168 5752 2227 5808 C.

2587 5692 2630 5724 ⁶⁵
2651 5696 2693 5743 ε’
2716 5690 2841 5750 add.
2866 5694 2933 5751 Α.
3040 5702 3087 5735 ⁸⁸
3114 5702 3392 5780 ὡμίλησεν
3423 5723 3557 5766 corr.
3594 5703 3656 5761 Αε
