4062 6446
293 353 408 415 505

1370 347 1902 412 BIBLIOTHECA.
1928 372 2001 384 —
2038 348 2204 408 COD.
2232 347 2501 407 CLXXV.

3466 341 3571 404 506

296 456 673 528 στρεφόμενον
698 453 907 518 ταύτας
938 454 1070 523 φαίη
1103 453 1522 525 ἐξεργάσασθαι.
1564 457 1627 509 Εἰ
1667 458 1725 511 δέ
1757 474 1875 511 τινα

1980 472 2098 509 rum
2142 456 2366 522 aliqum,
2398 451 2588 522 119!)
2616 464 2710 506 seu
2748 452 3245 521 interpretationis,
3296 468 3390 509 seu
3438 472 3565 525 pro-

294 548 402 601 τῶν
437 546 625 618 ῥητῶν
655 545 689 615 ἢ
728 545 1021 615 ἑρμηνείας
1046 544 1079 613 ἢ
1108 545 1411 623 βαθυτέρας
1434 546 1663 618 θεωρίας
1683 547 1871 618 δεόμε-

296 658 359 694 να
386 641 487 693 οὐκ
515 637 803 708 ἐπιμελῶς
830 636 1142 707 ἐπεξῆλθεν,
1175 639 1237 690 οὐ
1271 637 1352 691 δεῖ
1389 638 1692 709 θαυμάζειν
1727 656 1742 669 ο
1774 640 1875 693 ὅσα

294 731 403 798 γάρ
429 730 464 798 ἡ
512 728 627 780 τῶν
694 726 984 799 ἀκροατῶν
1035 726 1233 797 ἐχώρει
1277 726 1503 798 δύναμις
1544 730 1637 781 καί
1665 731 1745 791 εἰς
1776 732 1877 803 τὴν

292 820 522 872 ἐκείνων
559 820 834 872 συνέτεινε
873 817 1144 889 σωτηρίαν
1173 817 1267 870 καὶ
1292 818 1582 886 ὠφέλειαν,
1617 820 1766 873 οὐδὲν
1786 822 1879 874 οὑ-

290 910 472 979 δαμοῦ
506 910 746 978 παρῆκε.
779 908 871 960 Διό
916 926 1006 977 μοι
1031 908 1125 961 καὶ
1149 909 1233 962 ἀεὶ
1257 908 1556 980 θαυμάζειν
1580 910 1755 963 ἔπεισι
1789 912 1880 964 τὸν

294 1001 774 1071 τρισμακάριστον
806 998 1096 1069 ἄνθρωπον
1145 999 1373 1061 ἐκεῖνον,
1424 1000 1505 1052 ὅτι
1554 1000 1641 1052 ἀεὶ
1678 1000 1771 1053 καί
1822 1001 1882 1053 ἐν

301 1094 485 1144 πᾶσιν
514 1090 673 1143 αὐτοῦ
695 1091 800 1152 τοῖς
823 1090 869 1120 ⁷⁰
894 1090 1073 1157 λόγοις
1093 1089 1251 1142 τοῦτο
1282 1090 1480 1144 σκοπὸν
1503 1092 1755 1155 ἐποιεῖτο,
1785 1090 1881 1161 τὴν

304 1184 591 1252 ὠφέλειαν
608 1184 703 1234 τῶν
736 1182 1045 1253 ἀκροατῶν,
1086 1182 1193 1234 τῶν
1234 1181 1277 1234 δ’
1308 1182 1549 1253 ἇλλωνῆ
1591 1183 1700 1236 οὐδ’
1745 1182 1882 1247 ὅλως

311 1273 680 1346 ἐφρόντιζενῆ
715 1274 791 1336 ὼς
830 1272 1133 1343 ἐλάχιστον,
1179 1274 1316 1328 ἀλλά
1349 1276 1445 1329 καί
1491 1276 1585 1328 τοῦ
1613 1276 1758 1339 δόξαι
1784 1276 1881 1328 λα-

312 1369 436 1421 θεῖν
461 1369 611 1421 ιτὶτὸν
642 1367 758 1419 ἔνια
791 1366 900 1418 τῶν
936 1367 1222 1435 νοημάτων
1256 1367 1350 1419 καὶ
1377 1367 1473 1420 τοῦ
1516 1367 1653 1437 πρὸς
1684 1367 1750 1420 τά
1779 1366 1877 1437 βα-

313 1459 511 1529 θύτερα
538 1461 613 1529 μὴ
642 1458 939 1529 πειρᾶσθαι
966 1458 1362 1528 παρεισδύνειν,
1396 1458 1491 1511 καί
1538 1458 1591 1510 εἴ
1623 1476 1674 1511 τι
1702 1459 1879 1512 τοιοῦ-

307 1567 418 1612 τον,
462 1550 596 1618 ὑπὲρ
625 1549 727 1618 τῆς
744 1549 853 1600 τῶν
883 1548 1249 1620 ἀκροωμένων
1289 1547 1555 1617 ὠφελείας
1588 1550 1878 1602 παντάπα-

304 1658 388 1693 σιν
415 1642 713 1712 ὠλιγώρει.

959 1820 1131 1874 ΡοΕ’.

288 1909 623 1975 Παμφίλης
681 1911 1034 2033 Συμμίκτῖ
1080 1913 1397 2001 ἱστορικῶν
1436 1913 1881 1984 ὑπομνημάτων

1034 2000 1121 2033 ’μοι
1156 1998 1193 2033 ἠ
1218 2023 1230 2033 .

1034 2000 1121 2049 γοι
1156 1998 1202 2047 η·
1218 2023 1230 2035 .

382 2068 843 2140 ’Δνεγνὼσθησσν
859 2071 1150 2140 Παμφίλης
1173 2075 1531 2142 Συμμίκτων
1562 2075 1880 2144 ἱστορικῶν

291 2164 754 2230 ὑπομνημάτων
792 2165 957 2230 λόγοι
988 2164 1059 2233 η’.
1097 2164 1243 2237 Αὕτη
1291 2168 1445 2238 ἀνδρὶ
1494 2169 1593 2240 μὲν
1623 2168 1874 2241 συνῴκει,

286 2250 361 2313 ὡς
386 2255 489 2305 καὶ
534 2254 677 2324 αὑτὴ
712 2255 753 2285 ⁷⁸
804 2255 912 2306 τῶν
959 2256 1368 2327 ὑπομνημάτων
1409 2261 1875 2331 προοιμιαζομένη

288 2343 726 2411 ἐπισημαίνεται
764 2361 778 2375 ⁸
810 2338 854 2411 ᾧ
886 2346 980 2397 καὶ
1025 2353 1091 2413 ιγ’
1128 2346 1223 2417 ἔτη
1264 2350 1327 2400 ἐκ
1352 2349 1542 2413 παιδὸς
1570 2350 1874 2421 συμϐιοῦσα

289 2433 387 2502 ἤδη
429 2434 539 2503 τῆς
589 2435 1051 2505 ὐπομνηματικῆς
1102 2437 1308 2508 ταύτης
1352 2441 1679 2511 συγγραφῆς
1728 2441 1875 2507 λέγει

289 2526 668 2595 ἀπάρξασθαι,
700 2525 826 2597 [589
853 2525 948 2598 11.]
988 2529 1299 2598 συγγράψαι
1334 2529 1391 2582 δὲ
1424 2530 1459 2583 ά
1486 2548 1545 2583 τε
1581 2532 1730 2602 παρὰ
1776 2532 1872 2585 τοῦ

286 2616 484 2685 ἀνδρὸς
510 2618 695 2687 μάθοι,
723 2620 789 2671 τά
819 2626 889 2684 ιγ’
913 2619 1005 2688 ἐτη
1042 2620 1277 2688 συνεχῶς
1305 2620 1455 2691 αὐτῷ
1490 2623 1746 2688 συνοῦσα,
1777 2624 1873 2678 καὶ

290 2707 414 2776 μηδ’
458 2708 681 2778 ἡμέραν
727 2708 851 2778 μηδ’
892 2708 1042 2778 ῶραν
1086 2710 1511 2780 ἀπολειπομένη,
1547 2712 1639 2764 καί
1680 2712 1716 2766 ἃ
1740 2715 1871 2782 παρ’

286 2799 451 2851 ἄλλου
485 2800 632 2863 τινὸς
664 2801 895 2853 ἀκοῦσαι
938 2800 1067 2872 [202
1098 2801 1190 2875 IL]
1227 2804 1425 2873 συνέϐη
1468 2804 1574 2857 τῶν
1608 2807 1740 2877 παρ’
1770 2807 1872 2859 αὐ·-

285 2892 377 2943 τὸν
407 2893 831 2962 ἀφικνουμένων
891 2893 1143 2964 (πολλοὺς
1168 2896 1212 2927 τ’
1239 2897 1296 2949 δὲ
1340 2899 1529 2968 φοιτᾷν
1559 2897 1731 2967 ὄνομα
1775 2903 1872 2951 καὶ

285 2984 448 3050 δόξαν
480 2986 705 3056 ἔχοντας
750 2990 842 3042 ἐπὶ
879 2990 1141 3061 παιδείᾳ),
1169 2991 1263 3043 καὶ
1295 2992 1359 3062 δὴ
1400 2993 1495 3045 καὶ
1521 2993 1619 3045 ὅσα
1650 2992 1869 3063 βιϐλίων

284 3078 428 3147 αὑτὴ
463 3078 777 3142 ἀνελέξατο.
812 3081 995 3134 Ταῦτα
1045 3082 1101 3134 δὲ
1133 3083 1332 3146 πάντα,
1372 3085 1472 3136 ὅσα
1508 3084 1669 3152 λόγου
1699 3087 1744 3117 ⁷⁸
1775 3087 1868 3139 καὶ

289 3172 521 3240 μνήμης
558 3172 696 3241 αὐτῇ
728 3171 851 3235 ἄξια
880 3173 1072 3238 ἐδόκει,
1100 3174 1181 3237 εἰς
1207 3175 1570 3245 ὑπομνήματα
1616 3179 1869 3248 συμμιγῆ

284 3265 384 3315 καὶ
436 3263 503 3315 οὐ
574 3264 711 3334 πρὸς
772 3265 868 3327 τὰς
914 3265 1048 3329 ἰδίας
1106 3265 1391 3330 ὑποθέσεις
1455 3267 1872 3339 διακεκριμένον

280 3356 527 3409 ἕκαστον
559 3356 773 3419 διελεῖν,
813 3357 926 3411 ἀλλ’
955 3358 1128 3421 οὕτως
1176 3360 1298 3430 εἰκῆ
1333 3361 1428 3413 καί
1453 3361 1529 3425 ὡς
1568 3362 1614 3393 7‘
1642 3362 1872 3415 ἕκαστον

278 3448 530 3516 ἐπῆλθεν
560 3448 899 3518 ἀναγράψαι,
924 3448 999 3513 ὡς
1025 3451 1146 3519 οὐχὶ
1184 3451 1419 3520 χαλεπὸν
1448 3452 1677 3522 ἔχουσα,
1716 3454 1869 3524 φησί,

278 3540 344 3593 τὺ
376 3538 509 3591 κατ’
561 3532 703 3601 εἶδος
744 3539 881 3592 αὑτά
925 3539 1140 3604 διελεῖν,
1195 3542 1649 3613 ἐπιτερπέστερον
1681 3541 1737 3594 δὲ
1779 3544 1875 3595 καὶ

1981 537 2247 600 rundioris
2279 542 2647 611 indagationis
2670 542 3017 611 indigebant,
3048 558 3225 612 neque
3260 554 3438 600 tamen
3484 547 3569 599 di-

1977 636 2207 707 ligenter
2230 634 2361 690 satis
2395 648 2489 688 eas
2506 632 2817 701 explanavit
2845 634 3043 686 mirum
3070 634 3120 686 id
3142 634 3365 690 minime
3396 635 3569 692 videri

1977 729 2167 784 debet.
2195 728 2538 794 Quaecunque
2560 726 2703 779 enim
2738 725 3043 779 auditorum
3072 726 3571 795 captuiaccommo—

1980 823 2102 875 data
2130 829 2353 882 essent,
2392 830 2556 887 atque
2588 818 2653 870 ad
2684 832 2870 871 eorum
2913 816 3137 871 salutem
3172 827 3224 871 et
3277 818 3566 872 utilitatem

1981 916 2329 979 pertinerent,
2346 927 2409 966 ea
2427 912 2738 981 neutiquam
2763 911 2850 965 ille
2876 912 3349 979 praetermittebat.
3368 912 3571 979 Quam-

1980 1008 2167 1061 obrem
2208 1020 2384 1073 neque
2440 1004 2694 1057 admirari
2745 1003 3153 1058 sanctissimum
3213 1004 3391 1057 virum
3436 1005 3570 1060 satis

1982 1113 2218 1167 unquam
2241 1112 2481 1167 possum,
2506 1098 2646 1163 quod
2674 1106 2933 1163 perpetuo
2953 1095 3005 1148 in
3027 1096 3278 1150 omnibus
3301 1097 3413 1151 suis
3432 1098 3570 1151 scri-

1985 1190 2091 1259 ptis
2108 1190 2410 1243 auditorum
2439 1188 2513 1242 ita
2545 1188 2874 1249 utilitatem',
2907 1195 3160 1255 tanquam
3180 1203 3399 1256 scopum
3428 1204 3567 1258 prae-

1986 1282 2169 1338 ﬁxisse
2190 1282 2295 1335 sibi
2318 1281 2592 1342 videatur,
2624 1284 2684 1331 ut
2711 1288 2905 1333 caetera
2936 1280 3020 1332 vel
3050 1280 3273 1333 omnino
3310 1280 3569 1347 neglexe-

1989 1374 2097 1439 rit,
2124 1372 2211 1425 vel
2248 1371 2523 1426 levissime
2543 1369 2810 1439 attigerit.
2848 1368 2953 1424 Sed
2980 1379 3035 1423 et
3058 1369 3183 1423 illud
3215 1372 3428 1440 penitus
3459 1388 3568 1442 prae

1989 1463 2293 1516 auditorum
2324 1460 2559 1514 utilitate
2587 1461 2945 1529 contempsit,
2969 1464 3111 1530 quod
3135 1462 3296 1518 alicui
3323 1466 3402 1520 vel
3436 1482 3566 1521 sen-

1988 1569 2084 1613 sus
2112 1554 2323 1623 aliquos
2349 1554 2655 1620 ignorasse,
2691 1551 2775 1604 vel
2828 1553 2892 1604 ad
2942 1553 3287 1621 profundiora
3317 1559 3563 1625 quaedam

1986 1652 2270 1714 penetrare
2298 1640 2593 1711 refugisse,
2626 1639 2712 1695 vel
2742 1640 2794 1695 id
2824 1656 2993 1710 genus
3046 1644 3151 1698 alia
3202 1648 3562 1715 prmteriisse,

1987 1732 2157 1789 videri
2190 1740 2391 1802 posset.

2660 1828 2915 1884 CLXXV.

2188 1918 2480 1989 Pamphin
2508 1921 2741 1976 historice
2770 1920 3021 1976 Miscellaz
3059 1922 3183 1975 libri
3211 1938 3331 1977 vm.

2050 2074 2198 2128 Lecti
2252 2082 2377 2128 sunt
2410 2072 2705 2142 Pamphilae
2740 2074 2852 2145 (87)
2891 2073 3177 2127 Mistarum
3221 2073 3559 2124 historiarum

1979 2166 2101 2219 libri
2129 2167 2490 2219 commentarii
2525 2176 2639 2220 octo
2668 2167 2822 2237 (88).
2877 2166 3024 2220 Vixit
3052 2167 3164 2219 lucc
3200 2166 3315 2218 viro
3369 2163 3559 2233 nuptui

1978 2258 2102 2312 data
2136 2258 2153 2326 (
2180 2257 2325 2329 89),
2351 2267 2403 2312 ut
2440 2260 2554 2325 ipsa
2577 2258 2757 2327 operis
2788 2259 2943 2312 initio
2972 2258 3227 2326 praefatur
3255 2275 3269 2311 :
3298 2271 3418 2308 cum
3452 2270 3562 2324 quo

1979 2350 2205 2418 c0ujuge
2236 2364 2408 2403 anuos
2448 2350 2591 2419 ipsos
2619 2349 2873 2404 tredecim
2909 2365 2936 2402 a
2965 2348 3252 2419 pubertate
3277 2345 3561 2414 conjuncta

1977 2441 2107 2505 fuit,
2135 2452 2189 2495 et
2217 2442 2317 2496 hoc
2338 2458 2471 2509 opus
2504 2443 2751 2497 meditari
2788 2443 2951 2511 coepit
2984 2451 3144 2511 atque
3192 2440 3557 2494 conscribere.

1977 2531 2208 2601 Scripsit
2246 2542 2466 2600 autem,
2513 2541 2625 2586 tum
2662 2549 2780 2603 qua:
2820 2550 2883 2589 ex
2920 2534 3035 2586 viro
3079 2533 3266 2586 didicit
3292 2547 3412 2585 cum
3454 2545 3562 2599 quo

1974 2625 2233 2677 tredecim
2261 2663 2275 2688 ,
2312 2633 2369 2678 ut
2396 2624 2632 2677 diximus
2655 2664 2670 2689 ,
2718 2640 2888 2679 annos
2918 2622 3363 2692 conjunctissime
3389 2622 3557 2687 vixit,

1975 2717 2120 2770 nullo
2146 2717 2359 2770 interim
2396 2717 2483 2771 die
2517 2728 2609 2770 aut
2635 2718 2763 2771 hora
2792 2719 2962 2771 otiose
2999 2716 3271 2771 tranSacta
3307 2735 3320 2771 :
3348 2726 3458 2769 tum
3490 2731 3555 2770 ea

1974 2821 2094 2874 quae
2127 2806 2194 2859 ab
2226 2806 2345 2861 aliis
2374 2808 2706 2876 accepisset,
2740 2808 2829 2877 qui
2868 2808 3049 2861 mariti
3084 2808 3303 2862 domum
3346 2805 3560 2877 plurimi

1974 2898 2418 2968 frequentarent,
2455 2900 2673 2954 nomine
2702 2908 2756 2952 et
2812 2900 3071 2953 doctrina:
3128 2899 3299 2967 gloria
3356 2897 3563 2951 claris:

1976 3000 2086 3043 tum
2111 2991 2344 3060 denique
2372 2991 2629 3061 quidquid
2663 2990 2890 3059 legendo
2918 2992 3033 3059 ipsa
3051 2992 3411 3045 observasset.
3443 2989 3568 3043 llam

1975 3085 2155 3135 omnia
2181 3122 2196 3146 ,
2229 3091 2279 3137 et
2311 3097 2644 3150 qumounque
2677 3083 2935 3135 memoria
2976 3082 3139 3150 digna
3172 3084 3287 3137 visa
3318 3091 3443 3135 sunt
3464 3123 3477 3146 ,
3514 3080 3566 3135 in

1974 3173 2437 3229 Commentarium
2468 3190 2563 3243 per
2589 3184 2826 3228 saturam
2862 3174 3077 3238 retulit,
3107 3184 3281 3227 etnon
3320 3188 3414 3242 per
3441 3186 3569 3241 pro-

1974 3268 2119 3335 prios
2145 3266 2353 3334 singula
2382 3265 2529 3319 locos
2553 3266 2861 3329 distribuit,
2900 3266 2991 3319 sed
3021 3278 3077 3318 ut
3108 3264 3359 3334 quodque
3394 3265 3567 3317 visum

1974 3366 2092 3421 est,
2125 3368 2289 3426 utque
2314 3358 2632 3411 occurrebat
2656 3396 2669 3418 .
2694 3358 2984 3424 congessit,
3018 3372 3123 3409 non
3160 3357 3300 3424 quod
3356 3352 3572 3406 tliﬂicile

1980 3449 2216 3505 futurum
2254 3449 2354 3517 ipsi
2378 3457 2522 3502 esset
2555 3448 2606 3501 in
2639 3463 2766 3502 suas
2798 3462 3023 3516 quaeque
3060 3448 3262 3501 classes
3294 3446 3568 3514 dividere,

1976 3544 2068 3597 sed
2102 3542 2245 3609 quod
2271 3540 2565 3610 jucundius
2595 3538 2862 3608 longeque
2917 3539 3121 3606 gratius
3166 3536 3569 3590 Miscellaneum

278 3633 651 3704 χαριέστερον
675 3630 737 3683 τὸ
759 3630 1207 3701 ἀναμεμιγμένον
1234 3634 1329 3685 καὶ
1350 3634 1449 3702 τὴν
1472 3634 1750 3686 ποικιλίαν
1777 3634 1873 3686 τοῦ

1980 3636 2079 3688 hoc
2109 3632 2367 3701 scriptum
2394 3672 2409 3693 ,
2442 3632 2872 3699 varietatemque
2894 3670 2908 3692 ,
2941 3644 3099 3698 quam
3146 3630 3360 3696 generis
3410 3628 3572 3681 unius

284 3724 610 3796 μονοειδοῦς
636 3722 952 3792 νομίζουσα.
1002 3723 1290 3793 Χρήσιμον
1339 3724 1395 3775 δὲ
1442 3724 1502 3777 τὸ
1541 3724 1741 3797 βιϐλίῳ
1793 3728 1875 3789 εἰς

288 3816 644 3883 πολυμαθίαν
683 3816 727 3847 ⁷⁵
758 3831 772 3845 ο
809 3814 959 3883 εὖροι
982 3814 1089 3884 γὰρ
1122 3815 1187 3869 ἄν
1220 3832 1303 3877 τις
1333 3816 1425 3867 καὶ
1454 3816 1563 3868 τῶν
1588 3816 1875 3887 ἱστορικῶν

297 3910 401 3961 οὐκ
444 3910 599 3976 ὀλίγα
634 3909 928 3974 ἀναγκαῖα,
957 3908 1049 3960 καὶ
1074 3908 1138 3977 δὴ
1169 3908 1263 3960 καί
1308 3906 1751 3977 ἀποφθεγμάτων
1779 3906 1874 3961 καί

296 4001 598 4072 ῥητορικῆς
628 3999 673 4031 ’⁸
715 4000 997 4069 διατριϐῆς
1026 3999 1143 4051 ἔνια
1188 3999 1282 4051 καί
1322 3998 1612 4068 φιλοσόφου
1643 3999 1876 4070 θεωρίας

287 4093 590 4161 ποιητικῆς
616 4089 779 4155 ἰδέας,
809 4090 904 4142 καὶ
928 4089 981 4141 εί
1003 4107 1055 4142 τι
1077 4088 1317 4141 τοιοῦτον
1346 4090 1595 4158 ἐμπέσοι.

356 4268 644 4337 Αἰγυπτία
672 4268 730 4321 δὲ
758 4267 818 4320 τὸ
848 4264 1003 4333 γένος
1026 4267 1058 4335 ἡ
1104 4264 1385 4334 Παμφίλη,
1418 4263 1636 4332 ἤκμασε
1666 4263 1723 4316 δὲ
1747 4264 1874 4317 καθ’

1975 3740 2110 3794 Opus
2139 3724 2491 3779 existimaret.
2525 3722 2685 3778 Utilis
2712 3736 2842 3775 sane
2875 3722 3009 3775 liber
3036 3721 3124 3775 hic
3156 3720 3455 3789 omnigenae
3473 3720 3572 3771 do-

1977 3817 2186 3872 ctrinae.
2212 3815 2472 3883 Reperias
2496 3814 2639 3867 enim
2664 3813 2719 3865 in
2742 3826 2807 3865 eo
2832 3812 3087 3866 historica
3115 3826 3219 3864 non
3244 3825 3412 3880 pauca
3434 3810 3573 3863 bene

1977 3907 2312 3970 necessaria,
2353 3906 2461 3959 imo
2490 3911 2543 3959 et
2576 3903 2709 3957 scite
2739 3903 2905 3957 dicta.
2955 3902 3249 3956 Rhetorica
3300 3900 3462 3954 etiam
3507 3915 3571 3954 ac

1978 3996 2362 4066 philosophica:
2395 3995 2863 4064 contemplationis
2922 3992 3166 4062 quaedam
3194 4030 3209 4054 ,
3246 4000 3297 4043 et
3347 3990 3572 4058 poeticae

1978 4087 2252 4142 facultatis
2281 4085 2502 4151 formas,
2529 4097 2582 4141 et
2601 4087 2644 4140 si
2667 4087 2797 4155 quid
2848 4082 3155 4155 hujusmodi
3183 4080 3322 4135 forte
3360 4094 3417 4134 se
3438 4078 3572 4133 oﬂ‘e-

1977 4194 2033 4232 ru
2044 4189 2081 4233 t.

2048 4269 2297 4341 Egyptia
2349 4284 2545 4340 genere
2570 4270 2849 4338 Pamphila
2899 4269 3017 4323 hate
3078 4269 3217 4333 fuit,
3280 4265 3572 4331 ﬂoruitque

284 4373 382 4428 οὓς
412 4363 646 4433 χρόνους
689 4362 733 4392 ⁷⁷
776 4361 967 4431 Νέρων
1013 4361 1041 4413 ὁ
1088 4358 1373 4428 Ῥωμαίων
1418 4359 1669 4428 ῆκμαζεν
1714 4359 1875 4412 αὐτο-

1980 4375 2040 4414 ea
2098 4370 2441 4429 tempestate,
2491 4376 2613 4414 cum
2665 4359 2812 4415 Nero
2870 4360 3236 4413 Romanorum
3281 4356 3571 4425 imperium

282 4458 542 4527 κράτωρ.
579 4454 643 4507 Ἦ
684 4454 742 4506 δὲ
790 4453 1009 4523 φράσις,
1040 4451 1115 4514 ὡς
1142 4451 1291 4503 ἐστιν
1322 4455 1385 4504 ἐκ
1428 4452 1535 4503 τῶν
1569 4453 1873 4521 προοιμίων

1980 4452 2162 4507 Caesar
2218 4453 2408 4506 tenuit.
2446 4453 2621 4506 Dictio
2665 4466 2792 4506 vero
2863 4453 3144 4521 (quantum
3188 4464 3257 4503 ex
3304 4447 3579 4517 promtum

286 4549 583 4602 συλλαϐεῖν
617 4547 713 4600 καί
747 4549 803 4599 ὲν
831 4540 913 4608 οἷς
963 4543 1143 4597 ἄλλοθί
1168 4561 1272 4595 που
1304 4545 1433 4597 ἴδιόν
1467 4561 1521 4596 τι
1571 4544 1743 4612 λέγει,
1777 4547 1873 4599 καὶ

1983 4544 2237 4613 colligere
2279 4544 2427 4607 licet,
2498 4560 2734 4613 cumque
2773 4544 3050 4613 proprium
3106 4542 3233 4611 quid
3289 4540 3468 4601 aﬂ‘ert,
3515 4548 3573 4593 et

288 4638 535 4706 μάλιστα
568 4636 710 4689 κατά
747 4636 843 4706 τὴν
876 4634 1137 4697 διάνοιαν,
1191 4628 1278 4687 οἷα
1311 4633 1375 4704 δὴ
1420 4634 1515 4686 καὶ
1544 4633 1589 4663 ⁷⁸
1617 4636 1875 4702 γυναικὸς

1980 4638 2218 4691 maxime
2247 4638 2300 4690 iu
2344 4638 2529 4706 sensu)
2566 4638 2759 4707 120a
2798 4648 2857 4691 ut
2891 4636 3132 4689 mulieris
3166 4633 3404 4702 propria,
3440 4632 3570 4685 situ-

284 4728 518 4795 ἔκγονον
543 4727 701 4788 οὖσα,
730 4728 828 4794 τῆς
857 4724 1093 4793 ἀφελοῦς
1118 4726 1265 4777 ἐστιν
1295 4724 1459 4789 ἰδέας,
1490 4725 1609 4779 οὐδὲ
1634 4729 1698 4797 τῇ
1730 4726 1875 4793 λέξει

1983 4728 2139 4799 plicis
2159 4737 2245 4784 est
2279 4728 2488 4795 formae,
2520 4746 2583 4784 ac
2616 4746 2684 4783 ne
2722 4730 2905 4784 verbis
2934 4728 3153 4797 quidem
3184 4726 3314 4794 ipsis
3336 4724 3403 4777 ab
3446 4722 3573 4776 idea

286 4819 430 4889 πρὸς
485 4819 586 4887 τὴν
638 4817 782 4870 ἰδέαν
814 4814 1263 4887 ἀλλοτριουμένη.
1324 4814 1411 4867 Ἐν
1443 4810 1524 4877 οἷς
1553 4816 1609 4869 δὲ
1649 4818 1719 4871 τὰ
1766 4819 1874 4872 τῶν

1983 4820 2043 4875 fit
2096 4821 2348 4875 alienior.
2408 4822 2479 4875 At
2531 4823 2743 4891 quoties
2770 4828 3013 4873 veterum
3050 4818 3192 4871 dicta
3237 4829 3569 4869 conuuemo-

286 4909 666 4978 ἀρχαιοτέρων
699 4904 1226 4977 ἁπομνημονεύουσα
1262 4904 1433 4971 λέγει,
1485 4908 1875 4981 ποικιλώτερον

1982 4912 2150 4965 randa
2188 4912 2411 4981 colligit,
2448 4914 2598 4966 varia
2624 4911 2740 4980 ejus
2776 4911 2953 4965 oratio
2978 4918 3084 4975 est,
3118 4923 3295 4979 neque
3336 4907 3425 4961 uni
3460 4906 3569 4959 for-

285 5004 428 5071 αὑτῇ
460 5002 556 5054 καὶ
589 5000 650 5053 οὐ
688 5000 811 5053 καθ’
843 5000 900 5053 ἓν
930 4997 1070 5060 εἶδος
1095 4998 1379 5066 σύγκειται
1409 5000 1437 5050 ὁ
1465 4997 1642 5068 λόγος.

1980 5019 2081 5057 ma:
2108 5004 2533 5059 accommodata.

1602 5130 1684 5183 VA
1697 5130 1836 5185 Rle
1876 5130 2171 5185 LECTION
2180 5132 2283 5187 ES.

1343 5251 1387 5323 7'
1423 5250 1650 5315 πολλοὺς
1680 5253 1736 5305 δὲ
1774 5255 1963 5323 φοιτᾷν
1998 5284 2067 5292 -
2106 5252 2327 5321 ἔχοντας
2357 5254 2403 5305 Λ
2435 5271 2447 5306 :
2476 5251 2686 5305 πολλῶν
2727 5251 2893 5305 ὄντων
2934 5250 3028 5303 καὶ
3060 5279 3131 5291 —-
3171 5250 3403 5323 ἐχόντων
3431 5250 3470 5303 C
3504 5269 3564 5315 ς.

380 5252 428 5283 ⁷⁰
461 5252 574 5310 τοῖς
610 5264 719 5301 om.
760 5248 826 5300 Α.
919 5248 962 5279 ⁷¹
1005 5248 1143 5317 αὐτῇ
1177 5266 1238 5312 ς.

1481 5323 1523 5352 ⁷⁵
1562 5318 1933 5393 πολυμαθείαν
1966 5342 2025 5387 ς.
2102 5318 2297 5393 ⁷6⁷ριητ.
2336 5331 2429 5376 καὶ
2459 5326 2633 5393 διατρ.
2674 5340 2734 5385 ς.
2812 5322 2856 5352 ⁷⁷
2890 5323 3116 5391 χρόνους
3176 5318 3231 5373 ὀί
3258 5318 3448 5392 Νέρων
3502 5339 3560 5387 ς.

290 5320 334 5351 ⁷³
365 5323 468 5373 ὅσα
494 5321 651 5385 λόγου
683 5321 808 5371 add.
836 5320 899 5371 A.
948 5318 1021 5390 7""
1052 5318 1147 5390 ὡς]
1175 5320 1310 5390 πρός
1338 5322 1403 5374 Α.

290 5390 547 5461 ἤκμασεν
581 5408 641 5454 ς.
718 5390 739 5422 ⁸
769 5390 865 5443 καὶ
895 5389 1020 5444 add.
1049 5393 1115 5443 A.

1796 5487 2029 5543 NOTAE.

362 5578 475 5660 (87)
510 5577 992 5660 Pamphileshujus
1014 5581 1129 5651 (sed
1161 5596 1279 5635 eam
1300 5582 1645 5663 Epidauriam
1669 5582 1877 5708 dicens-2
2049 5585 2195 5653 (88)
2221 5584 2512 5665 Suidas_35
2553 5592 2821 5636 numerat.

362 5661 491 5708 nota
543 5651 708 5702 refert
762 5649 987 5708 Surdas.
1020 5661 1074 5704 et
1129 5653 1297 5708 Agell.
1346 5654 1440 5707 ltb.
1468 5668 1572 5708 xv.
1599 5669 1719 5708 can.
1773 5653 1835 5705 17
2049 5657 2156 5708 (89
2182 5671 2193 5708 ι
2223 5653 2517 5708 Socr-athla:
2547 5665 2605 5706 ut
2640 5663 2821 5707 testati

286 5648 491 5725 scripta
543 5651 708 5725 refert
762 5648 1074 5725 §uidas,_et
1108 5653 1297 5725 Agell.
1331 5654 1572 5725 rlib._xv,
1599 5669 1719 5721 cap.
1773 5648 1869 5708 171
2223 5653 2517 5708 Socratida:
2547 5665 2605 5706 ut
2640 5663 2870 5725 testatur
2920 5650 3073 5704 Suid.
3123 5650 3176 5725 in
3220 5648 3503 5718 Pamphile
3535 5667 3555 5712 ι

287 5720 741 5793 comingntarium
767 5720 1079 5793 Pamphilaa,
1102 5720 1196 5786 29,
1221 5724 1419 5777 laudat.
1445 5720 1728 5791 Supraque
1750 5726 1870 5781 cod.
1973 5720 2087 5781 sive
2112 5720 2374 5781 Seteridae
2414 5735 2493 5793 ,ut
2518 5724 2657 5779 idem
2685 5724 2735 5777 in
2772 5723 2871 5776 hac
2908 5735 3039 5775 voce
3060 5722 3299 5793 scripsit,

292 5791 390 5846 161
418 5828 436 5856 ,
460 5788 832 5856 Epitomarum
871 5794 985 5859 ejus
1007 5791 1125 5847 libri
1156 5794 1340 5848 decem
1361 5788 1693 5851 referuntur.
