4062 6470
521 395 623 462 511

1661 390 1927 452 PHOTII
1964 388 2472 470 PATRIARCHE
2510 391 2622 454 CP.

3678 405 3778 470 512

517 513 692 582 ipsam
720 507 935 564 dicendi
966 507 1299 562 facultatem.
1343 505 1545 560 Verum
1569 504 1718 573 'quos
1755 513 1914 558 aetate
1953 503 2104 574 prio-

2213 502 2316 573 γὰρ
2346 504 2448 574 τὴν
2479 502 2739 574 τοιαύτην
2770 507 3053 562 παίδευσιν
3081 510 3324 567 ἐπίδοσιν
3362 515 3552 570 λαϐεῖν
3583 520 3722 573 κατὰ
3739 523 3783 555 ³*

519 619 611 660 res
659 602 927 664 nominet,
949 601 1200 668 equidem
1230 608 1418 668 aperte
1447 585 1552 654 non
1583 597 1763 666 capio.
1809 594 1927 650 Non
1958 595 2104 650 enim

520 695 684 752 credo
708 692 1078 766 perstringere
1119 691 1314 745 audeat
1345 689 1676 744 Herodotum
1708 697 1871 758 atque
1888 687 2107 758 Thucy-

519 788 724 852 didem,
759 783 1061 855 qnibusille
1090 783 1221 837 viris
1261 781 1417 852 longe
1443 779 1692 835 facundia
1737 778 1964 834 inferior
1995 787 2102 834 est.

521 879 635 936 Nisi
687 879 918 934 fortasse
947 876 1284 932 Hellanicum
1311 873 1410 946 (6),
1444 883 1538 929 aut
1559 873 1849 929 Philistum
1878 872 2105 928 histori-

521 985 619 1026 cos
669 969 866 1034 innuit,
918 967 1001 1022 vel
1050 967 1328 1037 Gorgiam,
1385 978 1439 1021 et
1483 964 1729 1038 Lysiam,
1771 975 2108 1034 caeterosque

521 1064 669 1118 artati
703 1077 814 1117 suae
845 1061 1156 1123 viciniores,
1180 1061 1413 1114 obscure
1439 1059 1712 1130 signiﬁcat
1745 1076 1759 1112 :
1795 1072 2106 1128 quanquam

522 1171 595 1210 ne
639 1154 690 1208 hi
763 1153 982 1222 quidem
1029 1153 1166 1206 adeo
1220 1151 1433 1206 dicendi
1489 1151 1680 1220 inopes
1726 1151 1964 1206 fuerunt.
2028 1147 2106 1204 lta

523 1246 904 1317 Theopompus
926 1244 1153 1316 judicat.

589 1512 798 1570 Ferunt
842 1529 966 1569 eum
1017 1528 1124 1567 una
1187 1527 1310 1566 cum
1365 1511 1583 1579 Ephoro
1631 1510 1888 1566 Isocratis
1940 1512 2108 1568 fuisse

519 1609 848 1672 auditorem,
894 1615 952 1659 nt
1003 1614 1058 1660 et
1105 1605 1228 1659 libri
1271 1605 1370 1674 ipsi
1443 1605 1578 1660 satis
1617 1605 1919 1661 declarant.
1972 1603 2109 1661 Fre-

519 1714 691 1768 quens
741 1699 886 1753 enim
927 1707 1012 1753 est
1052 1700 1106 1752 in
1154 1697 1485 1766 Theopompi
1535 1698 1753 1767 scriptis
1802 1698 2109 1753 lsocratica:

2205 594 2305 666 τὴν
2355 596 2521 650 αὑτοῦ
2557 597 2792 668 ἠλικίαν.
2823 599 2989 654 Ἀλλὰ
3043 602 3197 667 τίνας
3224 604 3375 675 λέγει
3422 609 3550 671 τοὺς
3593 611 3652 665 ὲν
3677 616 3785 678 τοῖς

2205 686 2517 759 ἔμπροσθεν
2547 690 2792 760 χρόνοις,
2829 692 2934 746 οὐκ
2973 692 3082 763 έχω
3111 695 3299 764 σαφῶς
3344 700 3651 770 συμϐαλεῖν
3682 720 3696 734 ο
3726 708 3783 759 οὐ

2205 779 2316 850 γὰρ
2351 779 2414 848 δή
2462 795 2527 847 γε
2554 779 2828 851 τολμῆσαι
2856 783 3021 837 αὐτὸν
3052 785 3428 858 ὑπολαμϐάνω
3452 791 3535 853 εἱς
3570 792 3783 864 Ἡρόδο-

2205 887 2296 923 τον
2327 871 2420 925 καὶ
2447 871 2773 945 Θουκυδίδην
2797 876 3205 944 ἀποτείνεσθαι,
3230 880 3367 934 πολὺ
3397 880 3498 934 mi.
3535 883 3700 938 αὐτοῦ
3731 887 3785 942 ὲν

2205 962 2420 1029 πολλοῖς
2442 963 2670 1023 ἐκείναιν
2698 964 2808 1021 τῶν
2842 967 3054 1038 ἀνδρῶν
3091 969 3516 1043 ἐλαττουμένου.
3554 974 3628 1028 Ἦ
3653 976 3786 1048 τάχα

2206 1055 2345 1126 πρὸς
2390 1057 2703 1114 Ἑλλάνικον
2738 1059 2836 1113 καὶ
2889 1060 3138 1114 Φίλιστον
3179 1065 3366 1137 ἀφορᾷ
3422 1066 3554 1132 τοὺς
3596 1068 3788 1142 ἱστορι-

2206 1150 2358 1216 κοὺς,
2409 1150 2443 1221 ἢ
2498 1151 2735 1222 Γοργίαν
2781 1152 2876 1206 καὶ¹
2928 1153 3134 1207 Λυσίαν
3169 1154 3264 1208 καὶ
3315 1158 3452 1222 τοὺς
3495 1159 3783 1232 τοιούτους,

2206 1242 2375 1309 ἐγγὺς
2404 1240 2504 1310 τῆς
2545 1242 2712 1296 αὑτοῦ
2751 1243 2969 1315 ἡλικίας
3003 1249 3434 1316 προγεγονότας,
3476 1251 3785 1320 αἰνίττεται,

2205 1333 2315 1386 οὐδ’
2337 1333 2561 1387 ἐκείνων
2582 1335 2838 1390 τοσοῦτον
2861 1337 3204 1410 ἐνδεέστερον
3229 1340 3468 1410 ἑχόντων
3506 1344 3646 1414 πρὸς
3669 1348 3788 1414 τοὺς

2207 1427 2420 1492 λόγους.
2466 1429 2626 1482 Ἀλλὰ
2646 1429 2972 1500 Θεόπομπος
3007 1431 3106 1501 μὲν
3128 1433 3326 1489 ταῦτα.

2276 1523 2415 1574 Φασὶ
2444 1521 2501 1575 δὲ
2533 1522 2696 1576 αὐτόν
2727 1539 2787 1576 τε
2834 1525 2928 1576 καὶ
2971 1525 3208 1596 Ἔφορον
3241 1524 3601 1598 Ἰσοκράτους
3643 1531 3787 1599 γενέ-

2210 1608 2336 1664 σθαι
2371 1609 2638 1681 μαθητάς.
2667 1610 2838 1678 Δῆλον
2864 1611 2922 1664 δὲ
2961 1612 3120 1667 τοῦτο
3153 1616 3374 1669 ποιοῦσι
3408 1619 3510 1671 καὶ
3541 1619 3747 1695 οίλόγοι
3770 1638 3784 1654 ·

2208 1700 2344 1754 πολὺ
2365 1703 2410 1733 ⁹⁹
2437 1702 2546 1773 γὰρ
2573 1703 2632 1755 ἐν
2653 1705 2767 1766 τοῖς
2789 1704 3118 1775 Θεοπόμπου
3149 1709 3183 1776 ἡ
3226 1709 3374 1763 κατὰ
3399 1712 3638 1781 μίμησιν
3684 1714 3787 1767 ίδέα

519 1791 708 1845 formae
737 1790 991 1856 imitatio,
1031 1789 1246 1844 tametsi
1277 1789 1328 1844 in
1359 1789 1541 1858 operis
1571 1791 1919 1846 accuratione
1944 1790 2105 1860 longe

2213 1794 2316 1848 τῶν
2346 1795 2475 1866 παρ’
2502 1794 2823 1865 Ἰσοκράτει,
2853 1798 2902 1850 εί
2933 1799 3028 1851 καὶ
3056 1799 3309 1854 λείπεται
3371 1802 3476 1872 τῆς
3532 1804 3672 1857 κατὰ
3697 1805 3786 1876 τὴν

519 1900 551 1938 a
590 1894 743 1954 tergo
786 1884 1009 1938 haereat.
1043 1881 1111 1936 Et
1140 1897 1271 1937 vero
1312 1882 1572 1936 narrandi
1623 1891 1940 1953 argumenta
1971 1897 2107 1953 prae-

2213 1859 2474 1956 ὲργασίαν
2493 1859 2939 1956 ἀκριϐείαςξΚαὶ
2969 1889 3069 1953 τὰς
3109 1891 3396 1962 ἱστορικὰς
3512 1859 3786 1960 ὐποδέσείς

518 1988 796 2047 ceptorem
831 1975 1049 2044 utrique
1094 1975 1394 2043 praebuisse
1445 1975 1650 2041 volunt,
1699 1977 1998 2046 superioris
2027 1976 2104 2048 (7)

519 2071 740 2139 quidem
804 2069 981 2123 aetatis
1032 2066 1286 2136 Ephoro,
1336 2067 1686 2139 Theopompo
1744 2082 1926 2123 autem
1988 2080 2110 2138 post

521 2160 893 2232 Thucydidem
926 2158 1002 2230 (8)
1037 2174 1124 2215 res
1161 2157 1500 2224 Graecorum,
1527 2174 1623 2230 pro
1667 2161 1952 2230 utriusque
2001 2161 2110 2216 sci-

519 2255 650 2309 licet
701 2263 882 2323 captu,
933 2253 1100 2307 etiam
1157 2253 1332 2322 reipsa
1386 2254 1816 2308 accommodata.
1869 2252 2011 2308 llinc
2055 2261 2109 2308 et

523 2347 885 2402 Historiarum
940 2345 1205 2414 prommia
1244 2345 1493 2414 utrisque
1525 2360 1649 2398 cum
1695 2347 1945 2401 sensibus
1996 2355 2106 2400 tum

520 2441 645 2495 aliis
684 2441 848 2494 rebus
890 2453 1011 2494 esse
1061 2437 1360 2501 simillima,
1393 2437 1540 2492 velut
1584 2437 1652 2490 ab
1706 2437 1898 2492 iisdem
1945 2437 2109 2492 stadii

521 2532 858 2597 carceribus,
896 2531 962 2585 ad
998 2529 1204 2585 calcem
1256 2545 1429 2598 usque
1481 2529 1711 2583 historia
1761 2531 2106 2584 decurrente.

520 2625 960 2694 Digressionlbus
989 2623 1171 2692 itaque
1203 2623 1368 2676 varia:
1395 2621 1638 2676 historia:
1666 2622 2104 2692 quamplurimis,

518 2717 809 2774 historicos
830 2731 958 2771 suos
995 2715 1182 2783 implet
1210 2715 1376 2768 libros
1401 2713 1801 2783 Theopompus.
1833 2713 2107 2780 Quamob—

519 2826 634 2867 rem
667 2817 723 2865 et
769 2808 1054 2878 Philippus
1081 2805 1184 2878 (9),
1225 2805 1318 2860 ille
1341 2806 1432 2876 qui
1463 2821 1586 2860 cum
1618 2803 1882 2861 Romanis
1906 2805 2106 2862 bellum

517 2902 710 2978 gessit,
742 2901 1176 2971 digressionibus
1204 2900 1355 2955 hisce
1379 2900 1630 2966 sublatis,
1657 2909 1712 2955 et
1737 2898 1966 2969 Philippi
1993 2898 2104 2971 (10)

516 2999 680 3053 rebus
734 2993 922 3067 gestis,
976 3007 1112 3063 quas
1159 2991 1542 3062 Theopompus
1591 2990 1737 3062 (11)
1790 2991 2108 3047 scribendas

517 3088 862 3159 potissimum
907 3091 1249 3153 susceperat,
1295 3083 1578 3150 collectis,
1631 3083 1685 3138 in
1726 3084 1964 3139 sedecim
2014 3099 2108 3139 eas

2208 1979 2300 2032 τὸν
2322 1978 2643 2033 διδάσκαλον
2665 1979 2682 2010 ¹
2713 1981 2896 2046 αὐτοῖς
2931 1982 3247 2049 προϐαλεῖν,
3277 1984 3383 2048 τὰς
3422 1985 3523 2055 μὲν
3557 1987 3667 2040 ἄνω
3690 1987 3786 2041 τῶν

2209 2071 2418 2144 χρόνων
2460 2071 2695 2144 Ἐφόρῳ,
2730 2073 3042 2145 Θεοπόμπῳ
3071 2075 3128 2128 δὲ
3169 2075 3268 2139 τὰς
3305 2077 3449 2147 μετὰ
3470 2077 3784 2149 Θουκυδίδην

2221 2163 2561 2236 Ἑλληνικὰς,
2594 2164 2732 2235 πρὸς
2760 2166 2859 2237 τὴν
2894 2165 3160 2238 ἑκατέρου
3208 2167 3378 2234 φύσιν
3425 2168 3610 2222 καὶτὸ
3641 2168 3785 2239 ἔργον

2210 2255 2616 2327 ἁρμοσάμενον.
2641 2255 2732 2309 Διὸ
2763 2255 2951 2315 mimi
2977 2257 3242 2328 προοίμια
3268 2258 3463 2321 αὐτοῖς
3505 2258 3615 2313 τῶν
3655 2261 3784 2313 ἱστο-

2211 2348 2345 2420 ριῶν
2370 2351 2437 2420 τῇ
2472 2366 2533 2402 τε
2563 2349 2776 2421 διανοίᾳ
2812 2349 2908 2404 καὶ
2939 2353 3054 2414 τοῖς
3076 2350 3260 2414 ἄλλοις
3287 2350 3442 2404 ἐστὶν
3471 2351 3778 2421 ὁμοιότατα,

2208 2440 2285 2505 ὡς
2304 2440 2370 2496 ἂν
2387 2441 2496 2495 ἀπὸ
2519 2441 2616 2510 τῆς
2632 2442 2801 2512 αὐτῆς
2831 2442 3136 2514 ἁφετηρίας
3167 2443 3568 2514 ἐκδραμόντων
3585 2445 3606 2475 ³
3664 2445 3782 2498 ἐκα-

2209 2531 2369 2601 τέρου
2401 2531 2542 2602 πρὸς
2570 2532 2631 2585 τὺ
2661 2532 2873 2586 στάδιον
2906 2534 3006 2604 τῆς
3037 2534 3302 2604 ἱστορίας.
3368 2534 3664 2596 Πλιίσταις
3700 2534 3786 2604 μὲν

2211 2618 2306 2676 οὗν
2343 2623 2720 2695 παρεκϐάσεσι
2751 2625 3104 2696 παντοδαπῆς
3146 2625 3393 2698 ἱστορίας
3443 2627 3572 2690 τοὺς
3602 2626 3782 2698 ίστορι-

2211 2716 2341 2776 κοὺς
2371 2714 2538 2769 αὑτοῦ
2582 2715 2773 2784 λόγους
2797 2717 3120 2786 Θεόπομπος
3169 2717 3520 2789 παρατείνει.
3555 2717 3645 2771 Διὸ
3705 2716 3785 2770 καὶ

2210 2807 2475 2873 Φίλιππος
2497 2811 2525 2862 δ
2554 2809 2693 2880 πρὸς
2741 2808 3049 2878 Ῥωμαίους
3073 2809 3423 2881 πολεμήσας,
3450 2809 3651 2876 ἐξελὼν
3670 2810 3786 2863 ταύ-

2212 2918 2313 2964 τας
2338 2901 2437 2954 καὶ
2492 2901 2598 2964 τὰς
2638 2901 2911 2955 Φιλίππου
2975 2902 3381 2971 συνταξάμενος
3443 2903 3689 2973 πράξεις,
3737 2899 3786 2955 αἱ

2213 2993 2416 3057 σκοπός
2455 2993 2562 3046 εἰσι
2590 2992 2920 3063 Θεοπόμπῳ,
2975 2996 3056 3057 είς
3087 3001 3164 3059 ις’
3217 2993 3443 3064 βίϐλους
3481 2995 3667 3065 μόνας,
3695 3010 3787 3064 μη-

2211 3084 2299 3138 δὲν
2327 3084 2461 3156 παρ’
2493 3084 2690 3140 ἑαυτοῦ
2721 3084 2977 3156 προσθεὶς
3011 3084 3044 3155 ἢ
3076 3083 3312 3153 ἀφελὼν,
3351 3084 3497 3155 πλὴν
3533 3085 3610 3148 ὡς
3646 3085 3784 3156 εῐρηο

515 3183 782 3236 duntaxat
829 3177 1197 3248 libros(nihil
1231 3177 1298 3232 de
1335 3191 1435 3232 suo
1477 3177 1707 3241 addens,
1765 3186 1859 3231 aut
1911 3186 2110 3246 praeter

2213 3193 2328 3243 ται,
2361 3176 2474 3230 τῶν
2505 3175 2928 3248 παρεκτροπῶν,
2962 3175 3062 3238 τὰς
3092 3175 3274 3238 πάσας
3293 3175 3598 3248 ἀπήρτισε,

513 3272 902 3339 digressiones,
932 3278 993 3324 ut
1023 3269 1284 3332 diximus,
1327 3267 1626 3324 detrahens
1653 3268 1673 3338 )
1697 3267 1927 3338 redegit.

587 3365 746 3418 Duris
781 3373 960 3418 autem
992 3361 1212 3416 Samius
1244 3361 1384 3415 libro
1431 3361 1608 3430 primo
1642 3360 2001 3417 Historiarum
2033 3361 2113 3418 sic

513 3456 583 3510 de
629 3454 724 3508 illo
762 3453 954 3508 scribit
1013 3468 1027 3505 :
1078 3449 1327 3520 Ephorus
1379 3462 1434 3506 et
1489 3451 1680 3520 121b
1731 3451 2116 3524 Theopompus

511 3545 887 3614 superioribus
909 3543 1067 3614 longe
1099 3552 1225 3598 sunt
1257 3543 1566 3598 inferiores.
1613 3543 1936 3601 lmitationis
1967 3547 2112 3602 enim

512 3639 686 3706 gratia
716 3637 1102 3702 destituuntur,
1127 3645 1424 3704 carenlqne
1446 3635 1660 3690 dicendi
1691 3646 1994 3704 venustate,
2021 3639 2116 3695 de-

513 3730 804 3784 scribendo
831 3738 1038 3784 tantum
1068 3728 1310 3783 solliciti.
1341 3728 1456 3782 Etsi
1499 3727 1660 3783 Duris
1685 3730 1802 3800 ipse
1829 3731 1884 3785 in
1914 3732 2110 3787 eadem

513 3821 602 3875 illa
648 3820 1001 3891 dispositione
1035 3821 1194 3890 longe
1235 3831 1357 3890 post
1392 3820 1512 3886 hos,
1548 3836 1686 3890 quos
1737 3822 1913 3892 carpit
1947 3823 2114 3890 viros,

512 3913 804 3980 intervallo
868 3910 1216 3980 relinquitur.
1268 3910 1468 3966 Verum
1519 3926 1586 3966 an
1648 3911 1776 3967 huic
1837 3915 2119 3984 arroganti

515 4003 856 4074 Theopompi
891 4020 1142 4059 censura:
1186 4005 1338 4074 (qua
1375 4007 1650 4061 veteribus
1683 4009 1954 4064 secundas
1993 4009 2121 4078 qni-

514 4097 642 4151 dem
701 4096 1019 4167 tribuebat)
1077 4098 1181 4151 hoc
1227 4097 1510 4166 ohjecerit,
1552 4114 1659 4154 non
1705 4099 1879 4156 habeo
1913 4100 2117 4158 dicere.

528 4186 644 4242 Hoc
697 4196 906 4243 tantum
965 4188 1048 4242 vel
1107 4189 1345 4243 maxime
1408 4191 1816 4258 contenderim,
1867 4203 2122 4246 neutrum

521 4282 762 4348 ipsorqu
807 4279 952 4347 juste
999 4280 1131 4333 satis
1191 4279 1693 4348 reprehendendum
1721 4281 1910 4337 fuisse.
1965 4282 2123 4339 Cleo-

517 4370 716 4424 chares
774 4384 906 4423 vero
963 4368 1314 4440 Smyrlcanus
1364 4371 1430 4426 de
1479 4370 1824 4438 Isocraticis,
1881 4373 2122 4443 opinor,

511 4462 770 4518 omnibus
800 4461 1027 4531 loquens
1056 4463 1074 4532 (
1105 4462 1208 4518 hoc
1245 4463 1389 4516 enim
1437 4462 1512 4517 illi
1551 4472 1654 4528 est,
1694 4464 1746 4518 in
1769 4465 2125 4535 comparatio-

2285 3353 2479 3427 Δοῦρις
2513 3353 2611 3424 μὲν
2639 3346 2732 3405 οὗν
2753 3352 2781 3404 ό
2812 3349 3016 3420 Σάμιος
3048 3350 3106 3402 ὲν
3128 3351 3196 3421 τῇ
3232 3349 3436 3422 πρώτῃ
3485 3348 3596 3403 τῶν
3626 3347 3778 3401 αὑτοῦ

2227 3450 2500 3522 Ἰστοριῶν
2537 3447 2682 3501 οὕτω
2733 3447 2920 3517 φησίν·
2976 3447 3216 3516 Ἔφορος
3252 3445 3309 3498 δὲ
3347 3445 3445 3498 καὶ
3480 3442 3785 3526 Θεόπομπος

2214 3542 2323 3597 τῶν
2351 3540 2660 3611 γενομένων
2687 3541 2708 3572 ³
2739 3539 2991 3592 πλεῖστον
3044 3537 3463 3608 ἀπελείφθησαν
3490 3551 3504 3564 ·
3541 3532 3660 3587 οὔτε
3689 3531 3785 3601 γὰρ

2221 3638 2506 3708 μιμήσεως
2563 3632 2858 3705 μετέλαϐον
2905 3631 3165 3702 οὐδεμιᾶς
3214 3629 3341 3684 οὔτε
3399 3629 3593 3701 ήδονῆς
3640 3628 3695 3679 ἐν
3719 3623 3787 3694 τῷ

2219 3727 2451 3798 φράσαι,
2481 3723 2649 3778 αὐτοῦ
2676 3723 2732 3776 δὲ
2756 3720 2850 3775 τοῦ
2893 3722 3129 3792 γράφειν
3168 3720 3330 3791 μόνον
3363 3715 3786 3788 ἐπεμελήθησαν.

2219 3819 2413 3874 Καίτοι
2445 3817 2639 3888 Δοῦρις
2672 3817 2766 3868 καὶ
2794 3815 2894 3884 τῆς
2924 3817 2981 3867 ἐν
3005 3815 3190 3876 αὐτοῖς
3223 3811 3440 3876 τούτοις
3469 3808 3784 3878 οἰκονομίας,

2219 3908 2301 3975 οἷς
2333 3911 2593 3975 αἰτιᾶται,
2639 3907 2808 3961 πολλὰ
2863 3906 2971 3960 τῶν
3037 3904 3250 3975 ἀνδρῶν
3300 3904 3645 3973 λειπόμενος’
3685 3895 3786 3952 ἀλλ’

2220 4005 2270 4056 εἰ
2313 4005 2413 4074 μὲν
2481 4000 2615 4074 πρὸς
2659 3999 2752 4052 τὸν
2812 3997 3168 4067 ὑπερήφανον
3221 3995 3435 4047 ἐκεῖνον
3482 3988 3785 4056 Θεοπόμπου

2221 4095 2402 4163 λόγον,
2453 4093 2512 4156 ὃς
2545 4092 2673 4155 τοὺς
2716 4087 3110 4159 ἀρχαιοτέρους
3153 4085 3275 4139 οὐδὲ
3320 4086 3436 4138 τῶν
3493 4077 3786 4150 δευτερείων

2223 4186 2398 4256 ἠξίου,
2435 4183 2596 4236 τοῦτο
2621 4179 2952 4252 ἀπέρριψεν,
2986 4179 3088 4232 οὐκ
3131 4177 3238 4247 ἔχω
3266 4175 3451 4242 λέγειν
3477 4190 3493 4205 ’
3543 4170 3674 4240 πλὴν
3715 4167 3784 4219 ὅτι

2224 4278 2510 4346 οὐδέτερος
2539 4272 2720 4326 αὐτῶν
2764 4269 3154 4344 προσηκόντως
3201 4269 3522 4328 ἐπελάϐετο,
3574 4263 3664 4317 καὶ
3697 4259 3784 4331 μά·

2225 4369 2384 4422 λιστα
2418 4368 2484 4421 ἂν
2510 4363 2980 4435 διισχυρισαίμην.
3008 4360 3328 4430 Κλεοχάρης
3358 4359 3417 4412 δὲ
3451 4359 3480 4410 ὁ
3528 4353 3784 4426 Σμυρλεα-

2228 4461 2339 4526 νὸς,
2371 4461 2512 4532 ὑπὲρ
2545 4458 2653 4511 τῶν
2698 4452 3085 4525 ’ἰσοκρατικῶν
3113 4453 3396 4516 ἁπάντων,
3435 4443 3610 4518 οἶμαι,
3631 4442 3781 4510 λέγων

515 4568 588 4610 ne
651 4568 774 4609 cum
805 4553 1173 4610 Demosthene
1201 4570 1308 4609 non
1339 4566 1643 4624 postremas
1661 4556 1764 4612 illis
1789 4556 1967 4628 dare),
1989 4559 2065 4612 ait
2096 4573 2110 4610 :

2225 4554 2403 4627 (τοῦτο
2426 4552 2534 4621 γάρ
2564 4551 2679 4602 ἐστι
2707 4547 2768 4600 τὸ
2801 4547 2859 4598 ἐν
2887 4547 2953 4616 τῇ
2971 4544 2994 4575 ⁵
3024 4543 3162 4615 πρὸς
3184 4543 3276 4596 τὸν
3302 4539 3649 4612 Δημοσθένην
3668 4545 3783 4628 συγ-

515 4646 879 4702 Demosthenis
914 4649 1126 4718 qmdem
1157 4649 1422 4702 orationes
1451 4649 1682 4703 militum
1707 4649 1918 4719 corpori
1961 4652 2113 4705 simi-

516 4737 594 4792 les
635 4739 863 4792 maxime
915 4737 1100 4804 videri,
1143 4735 1403 4792 Isocratis
1430 4755 1549 4794 vero
1592 4739 1914 4794 athletarum
1974 4740 2110 4813 (1‘2).

2224 4623 2404 4716 κρίσει
2440 4641 2517 4713 μὴ
2550 4641 2620 4694 τὰ
2654 4640 2844 4710 πόρρω
2867 4638 3051 4698 αὐτοῖς
3104 4635 3437 4705 παρασχεῖν)
3476 4630 3607 4701 φησὶ
3654 4623 3776 4684 τοὺς

2217 4737 2336 4808 μὲν
2384 4730 2869 4804 Δημοσθενικοὺς
2910 4731 3138 4798 λόγους
3176 4727 3301 4792 τοῖς
3350 4725 3469 4780 τῶν
3523 4730 3781 4788 στρατιω-

791 4960 794 4964 ,
1802 4898 2044 4954 VARIAS
2082 4895 2511 4953 LECTIONES..

663 4985 849 5062 λαϐεῖν
878 4985 1012 5056 φησὶ
1029 4986 1170 5042 κατά
1198 5005 1261 5052 ς.
1337 4989 1384 5022 ⁹⁹
1414 5005 1504 5044 an.
1527 4989 1733 5062 πολ).ήῖ
1809 4992 1825 5022 ¹
1852 4989 2173 5044 διδάσκοντα
2197 5006 2257 5054 ς.
2333 4988 2354 5017 ²
2381 4984 2760 5057 ὲνδραμόντων
2794 5000 2855 5047 ς.
2931 4979 2953 5010 ³
2982 4975 3401 5048 προγενομένων
3425 4967 3779 5029 Casanbonus.

518 5057 544 5094 ⁵
564 5060 632 5130 τῇ
661 5057 788 5114 add.
819 5057 885 5110 Α.

1989 5170 2224 5228 NOTAE.

591 5296 670 5368 (6)
696 5296 832 5354 Vide
861 5297 1083 5368 Dionys.
1117 5295 1393 5368 l-lalicarn.
1417 5295 1620 5368 Criligo
1648 5304 1704 5368 et
1729 5293 1910 5368 Cicer.

593 5365 672 5439 (7)
710 5365 1274 5439 Cumanus‘Epliorus
1309 5365 1818 5439 (inquitADiodorus
1859 5365 1954 5420 lib.
2012 5378 2103 5416 xvi

521 5435 776 5502 Bibiiorh.
814 5439 883 5493 ad
923 5435 1121 5492 annum
1175 5437 1408 5504 Philippi
1452 5436 1542 5504 xx)
1591 5435 1880 5488 Historiam
1927 5448 2103 5504 suam,

522 5525 647 5565 cum
672 5512 738 5563 ad
761 5509 1006 5564 Perinthi
1029 5503 1482 5578 oppugnationem
1508 5503 1863 5578 pervenisset,
1887 5503 2104 5558 desinit.

524 5579 576 5636 Is
615 5580 669 5633 in
705 5580 990 5634 scribenda
1014 5575 1079 5634 ea
1104 5575 1614 5632 ab‘lleraclidarum
1645 5575 1821 5632 reditu
1857 5589 2107 5638 exorsus,

524 5648 838 5705 Graecorum
870 5660 926 5705 et
961 5649 1324 5705 Barbarorum
1354 5662 1442 5703 res
1485 5655 1667 5718 gestas
1699 5660 1970 5702 annorum
1997 5645 2110 5701 fer-

524 5733 614 5781 me
641 5720 740 5773 101
776 5720 928 5775 libris
958 5718 1028 5776 50
1057 5718 1335 5775 describit.

601 5790 960 5860 (8)#Scriptor
989 5790 1081 5845 ille
1123 5788 1214 5859 (de
1242 5787 1590 5860 Theopompo
1632 5785 1802 5843 refert
1828 5786 1984 5842 Diod.
2018 5783 2112 5860 lib.

530 5856 624 5915 λιν
661 5856 980 5932 sentam.)
1015 5877 1045 5917 a
1079 5856 1266 5931 proelio
1304 5860 1371 5917 ad
1405 5856 1738 5932 Cynbssema
1792 5873 2020 5920 exorsus
2050 5856 2119 5915 ad

2210 5288 2354 5357 quod
2423 5269 2776 5354 Thucydides
2828 5283 3106 5357 negotium
3166 5281 3520 5345 destituerat,
3567 5269 3778 5331 sedecim

2214 5353 2484 5412 annorum
2519 5353 3104 5424 tempuASHperscripsit.

2255 5428 2360 5551 l(9)
2399 5420 2659 5482 Demetrii
2690 5420 2857 5486 ﬁlius,
2888 5435 2943 5478 et
2967 5420 3437 5481 Macedonicorum
3462 5429 3632 5489 regum
3661 5425 3776 5483 pen-

2279 5512 2462 5551 lllllUS.

2215 5512 2462 5553 lHlllllllS.

2316 5571 2402 5639 id)
2423 5569 2676 5640 Amynta:
2706 5568 2800 5624 ﬁlii
2833 5569 3004 5640 patris
3031 5566 3327 5640 Alexandri
3363 5561 3624 5640 Magni.“
3647 5623 3676 5640 μ

2316 5570 2676 5639 iuiAmynta:
2706 5570 2800 5624 ﬁlii
2833 5570 3004 5640 patris
3031 5570 3327 5621 Alexandri
3363 5570 3553 5632 Magni.
3596 5627 3606 5639 ο
3666 5623 3676 5634 .

2289 5570 2403 5710 ίη)
2437 5637 2592 5710 Ωιιορ
2639 5647 2693 5710 ei
2719 5640 2986 5696 Diodorus
3033 5647 3264 5693 testatur
3294 5639 3385 5695 lib.
3417 5649 3502 5690 xvr
3543 5619 3772 5684 Biblioth.

2220 5707 2533 5780 ad'annum
2551 5707 2781 5780 Philippi
2809 5726 2964 5764 xvm.
3260 5778 3272 5780 Α
3410 5775 3441 5780 __
3611 5774 3622 5780 _
3659 5764 3686 5780 ,,
3708 5758 3750 5780 η,

2226 5764 2408 5852 “(12)
2441 5764 2836 5855 Philippo‘regi
2871 5780 3225 5840 Macedonum
3258 5778 3362 5838 hoc
3391 5775 3584 5835 dictum
3611 5764 3775 5822 tribuit

2224 5851 2574 5914 Plutarchus.

2292 5862 2574 5911 utarchus.
