4062 6450
565 311 670 376 515

1698 321 1960 387 ΡΗΟΤΙΙ
2003 329 2508 394 ΡΑΤΗΙΑΒΟΗΙΕ
2567 338 2678 399 CP.

3731 364 3821 429 516

566 429 948 497 iniquitatibus
1003 441 1299 503 conceptus
1346 450 1464 490 sum
1510 439 1578 501 ",
1625 456 1642 490 ι
1697 452 1752 496 et
1790 444 1834 496 si
1885 459 2006 512 quas
2035 459 2143 501 sum

2271 447 2471 514 αὐτοὺς
2516 453 2597 518 τὸ,
2638 473 2655 504 ι
2708 454 2795 508 Ἑν
2825 457 3122 530 ἁμαρτίαις
3145 464 3168 494 ⁹
3193 461 3507 539 ἐγεννήθην,
3537 489 3554 521 ι
3587 477 3676 528 καλ.
3708 480 3757 533 εί
3777 501 3824 536 τι

562 519 775 587 generis
822 521 1088 590 ejusdem,
1129 535 1375 579 sanctum
1413 529 1478 581 ad
1515 530 1630 584 haec
1667 530 1960 600 baptisma,
1991 537 2158 589 sacri-

560 626 666 678 que
702 615 953 682 corporis
1006 619 1446 674 communionem
1489 621 1540 674 in
1569 633 1914 690 peccatorum
1960 631 2158 684 remis-

561 702 792 756 sionem.
834 703 975 770 Quin
1008 708 1171 761 etiam
1202 709 1333 779 ipsis
1362 710 1662 768 infantibus
1691 715 1847 769 allata
1883 716 1996 772 bzec
2025 735 2157 789 pm:-

555 795 712 859 bere,
736 797 802 850 ad
824 801 1054 868 propria:
1069 802 1341 870 Opinionis
1363 804 1853 862 conﬁrmatidnem.
1875 809 2154 867 Neminem

561 896 820 952 praeterea
848 891 1154 945 mortalimu
1180 908 1299 948 esse
1317 893 1544 962 justum.
1571 897 1724 964 Quod
1749 901 1919 969 ipsum
1946 904 2070 957 item
2087 921 2154 960 ex

560 991 648 1039 eo,
678 979 820 1044 quod
848 979 1002 1036 initio
1027 995 1343 1051 posuerunt,
1375 992 1767 1058 consequitur:
1805 1011 1824 1042 ι
1859 992 1974 1048 Non
2004 997 2148 1050 enim

557 1068 982 1138 justiﬁcabitur,
1037 1076 1212 1145 inquit
1255 1077 1545 1146 Propheta,
1603 1081 1654 1135 in
1701 1096 1992 1152 conspectu
2056 1097 2146 1141 tuo

561 1161 737 1214 omnis
811 1176 942 1217 caro
968 1164 1036 1230 ”,
1073 1184 1092 1217 ι
1143 1176 1196 1219 et
1233 1167 1316 1222 his
1356 1171 1553 1224 similia
1607 1171 1741 1243 (l4).
1786 1174 2046 1240 Quartum
2101 1181 2155 1241 (ο

561 1249 908 1324 blasphemas
926 1269 1085 1310 voces
1115 1267 1168 1310 et
1191 1258 1417 1326 impias!
1450 1261 1489 1327 ),
1517 1277 1587 1316 ne
1620 1265 1901 1320 Christum
1934 1270 2151 1338 quidem

561 1339 751 1405 Deum,
805 1355 1082 1416 assumpta
1113 1351 1367 1405 nimirum
1414 1356 1651 1421 peccatis
1688 1357 1886 1414 infecta
1935 1372 2152 1427 natura,

559 1435 783 1488 sceleris
815 1453 1009 1506 purum
1043 1456 1181 1496 esse.
1218 1441 1540 1514 Quanquam
1572 1459 1626 1503 et
1652 1450 1704 1504 in
1745 1451 1868 1506 aliis
1899 1453 2138 1522 ipsorum

558 1526 908 1597 blasphemiis
943 1532 1237 1590 observare
1278 1535 1422 1605 licet,
1480 1540 1655 1610 inquit
1713 1543 1821 1609 ille,
1871 1561 1976 1599 non
2024 1563 2152 1602 vere

561 1619 658 1669 bos
707 1628 760 1670 et
796 1631 1010 1685 natura,
1047 1625 1143 1678 sed
1190 1626 1361 1696 ﬁgura
1411 1628 1678 1687 duntaxat
1712 1635 2007 1691 humanam
2038 1641 2136 1709 ipsi

559 1718 805 1764 naturam
861 1715 1182 1773 attribuere.
1223 1719 1520 1787 Quintum,
1574 1727 2006 1796 matrimonium,
2061 1734 2145 1788 vel

559 1811 707 1855 certe
757 1807 1136 1875 congrediendi
1167 1811 1540 1881 cupiditatem,
1598 1827 1652 1872 et
1681 1822 1904 1876 seminis
1939 1825 2150 1880 missio-

563 1906 707 1958 nem,
751 1898 1041 1966 omniaque
1088 1901 1309 1968 similia,
1349 1905 1545 1973 quibus
1587 1914 1935 1968 successioue
1979 1931 2151 1985 genus

560 1983 854 2038 humanum
889 2001 1242 2060 pr0pagatur,
1280 2007 1556 2062 perversa:
1588 2010 1797 2055 natura:
1826 1983 2004 2070 operai
2027 2020 2150 2061 esse

558 2084 854 2128 asserunt:
909 2077 963 2131 in
1022 2094 1182 2148 quam
1242 2084 1460 2152 quidem
1505 2102 1603 2155 per
1653 2100 1932 2158 peccatum
1966 2093 2150 2163 lapsus

557 2163 752 2232 Adam,
785 2177 993 2222 natura:
1037 2188 1158 2226 mox
1188 2175 1321 2229 vitio
1347 2176 1612 2232 malorum
1644 2184 1886 2238 omnium
1917 2199 2147 2242 examen

557 2253 615 2307 in
647 2269 707 2309 se
741 2261 1063 2329 susceperit.
1108 2260 1233 2319 Haec
1265 2268 1622 2324 sectariorum
1646 2271 1898 2343 dogmata
1929 2285 2077 2333 sunt.

623 2433 798 2491 Porro
837 2435 1158 2496 Theodorus
1200 2442 1288 2498 bic
1342 2455 1490 2501 recte
1539 2449 1756 2517 quidem
1808 2453 1962 2521 facit,
2003 2460 2147 2528 quod

553 2526 670 2581 haec
700 2529 816 2597 ipsa
851 2530 1153 2586 detestetur
1181 2535 1504 2606 acrejiciat,
1525 2538 1909 2612 interdumque
1941 2526 2146 2616 optime

554 2632 620 2673 ac
670 2619 850 2674 valide
890 2621 1084 2692 1221:
1128 2623 1372 2694 ipsorum
1420 2628 1683 2685 absurdas
1712 2640 1768 2686 et
1799 2633 2147 2704 blasphemas

553 2710 836 2779 opiniones
877 2713 1108 2781 refellat,
1160 2732 1263 2772 nec
1302 2734 1409 2774 non
1453 2735 1626 2776 sacra:
1660 2721 1960 2795 Scripturae
1988 2729 2142 2796 locis,

554 2802 754 2871 quibus
786 2803 861 2857 illi
896 2805 1050 2860 abusi
1085 2817 1234 2874 sunt,
1284 2813 1537 2881 proprios
1575 2831 1772 2872 sensus
1818 2819 2142 2890 adaptando,

555 2904 616 2948 ut
648 2898 871 2953 omnino
901 2899 1182 2967 imperitos
1217 2907 1530 2972 redarguat.
1564 2904 1764 2964 Verum
1801 2911 1904 2968 hoc
1933 2913 1984 2968 ei
2021 2929 2146 2984 per-

555 2999 910 3058 petuumpon
946 3002 1030 3047 est
1062 3011 1078 3049 :
1113 3009 1236 3048 nam
1262 3005 1317 3051 et
1351 2996 1585 3054 Nestorii
1613 3013 1818 3057 sectam
1872 3005 1928 3060 in
1962 3009 2146 3064 multis

555 3084 829 3152 parturire
879 3087 1035 3141 nobis
1081 3088 1229 3144 visus
1276 3101 1382 3156 est,
1422 3102 1477 3146 et
1516 3092 1787 3162 Origenis,
1835 3099 2026 3155 saltem
2075 3105 2140 3158 de

556 3172 661 3226 ﬁne
737 3175 1151 3242 suppliciorum,
1235 3183 1527 3237 mussitare
1580 3189 1932 3245 sententiam.
1985 3161 2212 3258 Quodc

555 3276 737 3320 autem
783 3271 979 3324 asserit
1011 3281 1274 3341 praeterea
1321 3275 1452 3346 (jam
1486 3279 1609 3334 inde
1637 3283 1704 3336 ‘ab
1744 3284 1899 3340 initio
1922 3290 2141 3354 quidem

552 3355 846 3412 formatum
884 3376 1009 3416 esse
1052 3365 1334 3420 mortalem
1362 3369 1554 3435 Adam,
1585 3373 1677 3427 sed
1716 3372 1908 3441 Deum,
1938 3390 1995 3433 ut
2037 3382 2142 3436 sci-

553 3449 679 3504 licet
721 3462 1006 3520 peccalum
1063 3457 1387 3525 odissemus,
1442 3461 1513 3515 ita
1575 3472 1780 3519 tantum
1827 3469 2135 3540 simulasse,

553 3542 714 3608 quasi
768 3559 865 3611 pro
899 3558 1125 3614 peccato
1175 3565 1350 3619 poenae
1395 3552 1511 3607 loco
1555 3572 1704 3612 mors
1743 3559 1993 3628 imposita
2031 3565 2142 3619 l'ue-

553 3633 671 3702 rit),
707 3636 844 3689 mibi
885 3651 1017 3692 sane
1071 3651 1277 3695 rectam
1328 3647 1656 3701 sententiam
1687 3651 1891 3704 nullam
1918 3654 2135 3722 afferre,

551 3725 646 3778 sed
693 3729 877 3781 multis
925 3730 1103 3798 potius
1150 3734 1423 3803 objectum
1480 3753 1599 3794 esse
1641 3743 2136 3818 criminationibus,

551 3816 597 3871 si
628 3819 748 3887 quis
776 3820 1015 3876 rationes
1043 3823 1262 3893 exigere
1287 3827 1436 3894 velit,
1470 3831 1685 3886 videtur
1721 3856 1732 3891 :
1764 3846 2135 3909 quantumvis,

551 3918 611 3960 ut
642 3909 755 3978 ipse
785 3910 1003 3978 dixerit,
1055 3916 1190 3970 satis
1233 3920 1438 3972 acriter
1488 3921 1797 3990 hujusmodi
1830 3932 2014 3999 opinio
2051 3939 2138 3989 ad-

548 4015 741 4056 versus
793 4005 1079 4061 btereticos
1132 4021 1352 4080 pugnet.
1399 4012 1513 4068 Non
1561 4021 1727 4084 enim,
1762 4022 1808 4076 si
1854 4027 1981 4094 quid
2014 4045 2134 4083 cum

551 4093 816 4146 deteriori
855 4109 1076 4167 pugnet,
1108 4103 1368 4157 continuo
1399 4106 1600 4161 bonum
1627 4122 1708 4166 est
1743 4129 1759 4167 :
1795 4093 1993 4172 etenim
2020 4137 2136 4174 ma-

551 4184 658 4236 lum
717 4199 933 4255 quoque
979 4206 1162 4245 secum
1214 4194 1386 4262 ipsum
1461 4213 1712 4269 pugnat:
1765 4209 1860 4262 sed
1908 4212 1952 4264 si
2008 4215 2132 4282 quid

547 4283 709 4330 rectae
758 4280 955 4334 rationi
1027 4298 1471 4359 consentaneum,
1537 4298 2134 4374 manifestumque,sit

546 4369 720 4423 sacris
751 4368 995 4439 Litteris,
1049 4377 1180 4432 illud
1213 4381 1425 4439 demum
1471 4390 1862 4459 recipiendum,
1918 4401 2132 4455 tametsi

547 4461 688 4514 nulla
727 4464 949 4520 haaresis
974 4469 1022 4523 ei
1057 4475 1339 4530 sententiae
1370 4479 1625 4536 resistere
1662 4488 1877 4543 audeat.

610 4551 719 4607 Nec
755 4555 882 4610 illud
930 4559 1057 4614 item
1111 4578 1211 4632 ego
1253 4568 1468 4624 curiose
1524 4573 1748 4640 dictum,
1786 4587 1838 4632 et
1869 4577 2127 4638 Ecclesia:

541 4641 637 4696 Dei
667 4644 991 4715 inauditum,
1043 4652 1095 4706 in
1125 4658 1371 4714 veritatis
1421 4661 1763 4733 dogmatibus
1811 4688 2131 4730 numerave-

541 4737 666 4801 rim,
691 4753 812 4792 cum
846 4744 979 4796 duas
1003 4760 1124 4802 esse
1155 4763 1500 4816 peccatorum
1526 4760 1876 4819 remissiones
1908 4771 2125 4825 asserit.

2155 4523 2204 4581 D

2277 541 2540 609 τοιοῦτον,
2568 549 2663 600 καὶ
2688 549 2817 602 αὐτὸ
2849 551 2910 604 τὸ
2944 551 3099 620 ἆγιον
3131 553 3416 628 βάπτισμα
3472 565 3563 616 καὶ
3610 567 3702 638 τὴν
3740 577 3822 628 τοῦ

2267 633 2539 704 ἀχράντου
2567 637 2821 708 σώματος
2855 645 3143 698 κοινωνίαν
3172 649 3252 711 είς
3279 649 3476 719 ἄφεσιν
3512 633 3781 728 ἁμαρτιῶν
3808 683 3822 698 ο

2261 724 2358 775 καὶ
2392 728 2506 790 τοῖς
2561 729 2822 799 βρέφεσιν
2864 735 3241 808 ἐπιφερόμενα
3273 743 3448 800 ταῦτα
3495 724 3821 820 προκ-ομίζειν

2261 816 2356 867 ἐπὶ
2384 817 2698 888 βεϐαιώσει,
2727 827 2861 896 φησὶ
2891 824 2957 894 ¹⁰,
3011 832 3112 900 τῆς
3155 835 3363 899 οίκείας
3401 816 3678 909 νομίσεως,
3720 816 3821 904 Ἔτι

2265 905 2323 958 δὲ
2358 910 2449 961 καὶ
2473 910 2554 964 ὅτι
2593 915 2771 980 οὐδεὶς
2805 918 2863 970 ὲν
2889 920 3200 992 ἀνθρώποις
3235 927 3352 980 ἐστὶ
3399 905 3652 994 δίκαιος(
3685 936 3818 992 Ἀκό-

2259 997 2452 1052 λουθον
2486 1002 2543 1056 δὲ
2577 1007 2671 1058 καὶ
2708 1008 2868 1062 τοῦτο
2898 1011 3140 1080 δηλονότι
3170 1017 3268 1084 τῆς
3303 1019 3398 1074 ἀπ’
3442 1024 3612 1092 ἀρχῆς
3665 1030 3820 1084 αὐτῶν

2261 1092 2466 1160 θέσεως
2497 1114 2510 1128 ·
2550 1119 2569 1150 ι
2613 1103 2688 1154 Οὐ
2737 1103 3166 1175 δικαιωθήσεται
3201 1111 3242 1141 ¹¹
3282 1114 3391 1184 γὰρ
3443 1115 3570 1186 [206
3610 1118 3696 1191 Η.]
3746 1126 3820 1176 ὲν-

2257 1181 2428 1238 ώπιόν
2451 1206 2567 1253 σου,
2591 1193 2744 1261 φησι,
2765 1196 2916 1248 πᾶσα
2937 1197 3094 1268 σὰρξ,
3127 1219 3143 1250 ι
3167 1202 3259 1252 καὶ
3286 1203 3354 1254 τὰ
3371 1205 3615 1260 τοιαῦτα..
3644 1209 3822 1281 Τέταρ-

2261 1295 2354 1331 τον
2391 1279 2457 1350 (ὦ
2515 1283 2852 1356 βλασφήμων
2897 1291 2992 1345 καὶ
3047 1291 3326 1348 δυσσεϐὦν
3366 1299 3701 1367 στομάτωνί)
3754 1304 3820 1359 ὅτι

2255 1371 2366 1424 οὐδ’
2396 1374 2425 1425 ό
2457 1375 2697 1441 Χριστὸς
2729 1382 2823 1432 καὶ
2851 1381 2983 1445 Θεὸς
3036 1385 3216 1454 ἡμῶν,
3256 1387 3351 1440 ἆτε
3385 1388 3485 1458 τὴν
3519 1391 3820 1464 ἡμαρτημέ-

2255 1479 2355 1534 νην
2385 1465 2546 1534 φύσιν
2577 1472 2985 1542 προσειληφὼς,
3011 1476 3136 1529 ίούδ’
3164 1479 3326 1540 αὐτὸς
3357 1480 3691 1549 ὲκαθάρευεν
3729 1489 3818 1542 ἀπὸ

2260 1556 2559 1628 ἁμαρτίας.
2585 1559 2782 1616 Καίτοι
2831 1565 3064 1636 ἀλλαχοῦ
3124 1570 3222 1639 τῆς
3264 1571 3621 1644 βλασφημίας
3658 1580 3815 1633 αὐτῶν

2255 1646 2402 1702 ἔστιν
2433 1651 2632 1715 αὐτοὺς
2663 1644 2811 1720 ἰδεῖν,
2839 1655 2915 1718 ὧς
2939 1661 3249 1727 φησιν,οὺδ’
3285 1662 3518 1735 ἀληθείᾳ
3541 1668 3632 1719 καὶ
3653 1669 3812 1740 φύσει,

2259 1742 2503 1812 σχήματι
2565 1741 2621 1797 δὲ
2660 1748 2821 1815 μόνον
2857 1751 2900 1781 ¹¹
2933 1750 3175 1815 διδόντας
3211 1753 3364 1825 αύτῷ
3417 1757 3518 1826 τὴν
3571 1761 3817 1833 ἐνανθρὼ-

2259 1850 2448 1904 πησιν.
2484 1833 2610 1907 [597
2644 1837 2739 1910 R.]
2769 1840 3048 1910 Πέμπτον,
3087 1844 3170 1896 ὅτι
3203 1845 3295 1897 τὸν
3338 1845 3539 1917 γάμον,
3579 1838 3693 1921 ἦτοι
3734 1855 3817 1925 τὴν

2256 1925 2356 1994 τῆς
2388 1927 2587 1996 μίξεως
2616 1930 2797 2000 ὄρεξιν
2821 1936 2917 1988 καὶ
2941 1937 3042 2006 τὴν
3071 1937 3169 1991 τοῦ
3194 1940 3514 2012 σπέρματος
3537 1947 3816 2021 καταϐολὴν

2257 2020 2351 2073 καὶ
2381 2021 2567 2075 πάντα
2593 2023 2656 2094 δὴ
2683 2025 2751 2078 τὰ
2783 2028 3030 2094 τοιαῦτα,
3063 2030 3156 2100 ἀφ’
3183 2024 3370 2104 ὧνπερ
3422 2037 3564 2090 κατά
3591 2037 3811 2112 διαδοχὴν

2254 2111 2318 2165 τὸ
2349 2114 2621 2186 ἡμέτερον
2654 2117 2812 2185 γένος
2835 2118 3078 2186 αὔξεται,
3102 2123 3201 2192 τῆς
3232 2126 3520 2196 μοχθηρᾶς
3546 2128 3677 2200 ἔργα
3705 2111 3814 2200 φασὶ

2257 2203 2496 2274 φύσεως,
2525 2208 2606 2272 είς
2637 2210 2704 2279 ἣν
2733 2209 2821 2262 διὰ
2844 2211 2946 2278 τῆς
2969 2214 3247 2284 ἁμαρτίας
3279 2216 3468 2272 πεσὼν
3513 2222 3542 2273 ὁ
3580 2222 3738 2294 Ἀδὰμ
3756 2230 3809 2296 τῇ

2260 2295 2360 2364 τῆς
2391 2296 2608 2366 φύσεως
2659 2303 2830 2373 κακίᾳ
2868 2304 2958 2359 τὸν
2999 2306 3166 2376 ἐσμὸν
3209 2307 3440 2374 ἐδέξατο
3482 2309 3592 2365 τῶν
3633 2295 3810 2371 κακῶν,

2267 2386 2428 2441 Ἀλλά
2460 2389 2530 2441 τὰ
2559 2391 2656 2459 μὲν
2688 2391 2796 2444 τῶν
2817 2395 3206 2466 αίρετιζόντων
3225 2398 3477 2453 τοιαῦτα.

2335 2480 2395 2532 ’0
2421 2479 2477 2533 δὲ
2501 2481 2777 2554 Θεόδωρος
2805 2478 2958 2550 οὗτος
2994 2487 3056 2541 εὖ
3085 2489 3184 2557 μὲν
3209 2493 3362 2544 ποιεῖ
3378 2493 3811 2564 ἀποπεμπόμενος

2254 2572 2414 2638 αύτά,
2451 2575 2671 2645 ἐνιαχοῦ
2693 2577 2763 2630 δὲ’
2785 2579 2880 2632 καὶ
2907 2581 3108 2650 ἄριστα
3132 2583 3317 2636 αὐτῶν
3341 2586 3437 2638 καὶ
3464 2589 3560 2640 σὺν
3594 2588 3727 2657 ίσχύῖ
3763 2592 3811 2644 τὸ

2251 2665 2548 2720 ἀλλόκοτον
2579 2669 2680 2721 καὶ
2710 2669 3031 2741 βλάσφημον
3082 2673 3192 2726 τῶν
3235 2675 3562 2747 ὑπολήψεων
3607 2681 3808 2751 ὲπιῤῥα-

2251 2757 2422 2823 πίζει,
2456 2761 2549 2812 καὶ
2585 2763 2705 2826 ταῖς
2731 2763 3038 2833 Γραφικαῖς
3065 2769 3294 2835 φωναῖς,
3329 2769 3398 2834 ἃς
3422 2773 3616 2826 ἐκεῖνοι
3653 2775 3809 2839 κακῶς

2250 2851 2643 2924 ἐξελάμϐανον,
2701 2857 2801 2921 τὰς
2869 2859 3239 2931 καταλλήλους
3306 2864 3523 2929 ἐννοίας
3585 2868 3810 2938 ἁρμόζων

2250 2945 2483 3014 ἀμαθεῖς
2509 2947 2708 3010 αὐτοὺς
2729 2949 2949 3014 τελείως
2972 2952 3272 3021 ἐξελέγχει.
3304 2957 3424 3008 Οὐκ
3453 2958 3541 3010 ἀεὶ
3590 2958 3663 3022 δὲ,
3697 2959 3808 3013 ἀλλὰ

2249 3039 2350 3106 τήν
2375 3055 2434 3090 τε
2459 3039 2761 3109 Νεστορίου
2821 3042 3031 3112 αἰρεσιν
3082 3045 3290 3100 ὠδίνων
3353 3049 3486 3118 ἡμῖν
3538 3052 3594 3102 ὲν
3623 3051 3807 3114 πολλοῖς

2249 3122 2450 3194 ὦπται,
2483 3131 2577 3183 καὶ
2596 3130 2695 3200 τὴν
2743 3133 3050 3204 Ὠριγένους
3117 3138 3261 3190 κατά
3305 3156 3373 3206 γε
3413 3141 3474 3193 τὸ
3515 3141 3664 3206 τέλος
3695 3145 3806 3196 ὑπο-

2251 3223 2448 3288 φωνεῖν
2481 3221 2576 3289 τῆς
2604 3221 2899 3285 κολάσεως.
2931 3224 3051 3278 Ἔτι
3077 3226 3134 3279 δὲ
3166 3228 3288 3280 οὐδὲ
3349 3231 3410 3284 τὸ
3449 3231 3624 3300 λέγειν
3669 3235 3806 3287 αὐτὸν

2249 3313 2343 3366 ἀπ’
2376 3314 2553 3383 ἀρχῆς
2585 3316 2681 3384 μὲν
2713 3316 2906 3387 θνητὸν
2939 3321 3253 3374 πεπλάσθαι
3285 3324 3384 3376 τὸν
3427 3327 3614 3398 Ἀδὰμ,
3659 3329 3804 3380 ἐνδεί-

2251 3403 2331 3468 ξει
2363 3405 2418 3457 δὲ
2449 3406 2630 3474 μόνον,
2671 3407 2756 3460 ἵνα
2795 3410 3118 3480 μισήσωμεν
3146 3412 3246 3482 τὴν
3273 3415 3571 3486 ἁμαρτίαν,
3625 3436 3806 3488 σχημα-

2248 3501 2392 3550 τίσαι
2433 3497 2577 3552 οὕτω
2609 3499 2698 3552 τὸν
2729 3500 2879 3564 Θεὸν,
2918 3502 2992 3564 ὼς
3023 3503 3110 3558 διὰ
3142 3505 3240 3574 τὴν
3275 3508 3554 3579 ἁμαρτίαν
3600 3513 3711 3564 ἀντὶ
3740 3531 3804 3566 τι·

2251 3591 2464 3662 μωρίας
2502 3593 2839 3646 ἐπιτέθειται
2869 3597 2897 3647 ό
2929 3594 3181 3661 θάνατος,
3213 3600 3275 3651 ού
3312 3601 3416 3669 μὲν
3447 3603 3538 3658 οὖν
3575 3607 3685 3658 οὐδὲ
3704 3607 3803 3659 τοῦ·

2245 3682 2305 3734 τό
2336 3700 2427 3751 μοι
2457 3683 2651 3736 δοκοῦν
2675 3686 2754 3748 εἰς
2783 3685 2975 3755 ὀρθοὺς
3002 3687 3299 3758 ἀναφέρειν
3346 3691 3656 3764 λογισμοὺς,
3690 3697 3802 3750 ἀλλὰ

2245 3773 2343 3825 καὶ
2373 3774 2574 3838 πολλάς
2628 3775 2854 3846 ὑπέχειν
2905 3777 3006 3841 τὰς
3061 3778 3316 3845 εύθῶας,
3361 3784 3532 3850 εἴτις
3579 3788 3802 3841 ἀπαιτεῖν

2245 3866 2441 3929 ἐθέλοι,
2475 3865 2599 3933 κᾶν,
2624 3866 2698 3929 ώς
2720 3868 2928 3932 ἐκεῖνος
2952 3870 3118 3936 εἴποι,
3151 3871 3358 3937 ἱκανῶς
3452 3877 3665 3949 τοιαύτη
3697 3879 3801 3941 δόξα

2244 3958 2382 4027 πρὸς
2415 3959 2539 4015 τοὺς
2566 3958 2892 4027 αἱρεσιώτας
2925 3960 3282 4034 ἁπομάχηται
3317 3966 3382 4019 ⁸³.
3423 3969 3494 4022 Οὐ
3551 3970 3652 4038 γὰρ
3688 3972 3734 4022 εί
3757 3987 3800 4020 τι

2242 4049 2663 4120 διαμάχεταιτῷ
2678 4052 2905 4120 χείρονι,
2931 4054 3138 4120 ἀγαθόν
3163 4071 3177 4084 '
3208 4057 3302 4108 καὶ
3357 4061 3466 4130 γὰρ
3522 4064 3610 4114 καὶ
3644 4061 3798 4129 ἐαυτῷ

2246 4143 2479 4210 μάχεται
2511 4145 2571 4196 τὸ
2599 4145 2767 4197 κακόν
2793 4161 2806 4174 ·
2840 4144 2954 4197 ἀλλ’
2985 4146 3039 4197 εἱ’
3064 4165 3115 4199 τι
3141 4148 3436 4218 σύμφωνον
3493 4153 3632 4224 ὀρθῷ
3675 4156 3797 4221 λογι-

2245 4234 2367 4305 σμῷ
2397 4235 2490 4286 καὶ
2517 4235 2794 4306 γνώριμον
2835 4241 2952 4301 ταῖς
2976 4238 3150 4302 θείαις
3181 4241 3450 4310 Γραφαῖς,
3496 4245 3650 4299 τοῦτο
3685 4248 3796 4299 ἀπο-

2242 4324 2453 4392 δεκτὸν,
2480 4325 2582 4381 κᾶν
2613 4328 2842 4398 οὐδεμία
2874 4330 3086 4401 αἵρεσις
3138 4332 3417 4402 μάχεσθαι
3477 4338 3648 4409 τολμᾷ
3680 4338 3793 4407 πρὸς

2242 4418 2394 4470 αὑτό.

2317 4594 2437 4646 Ἔτι
2468 4594 2525 4647 δὲ
2557 4597 2780 4650 κάκεῖνο
2808 4599 2906 4651 οὐκ
2953 4603 3195 4672 ἐγκρίνω
3247 4603 3428 4675 ἔγωγε
3493 4609 3602 4669 τοῖς
3647 4603 3789 4673 τῆς¹⁵

2241 4685 2504 4756 ἀληθείας
2533 4687 2790 4756 δόγμασι,
2814 4695 3126 4764 περιέργως
3156 4715 3214 4749 τε
3246 4701 3540 4768 εἰρημένον
3575 4701 3659 4751 καὶ
3685 4697 3787 4750 οὐδὲ

2237 4773 2515 4843 γνώριμον
2555 4777 2624 4845 τῇ
2666 4777 2964 4851 Ἐκκλησία⁴
3002 4783 3094 4836 τοῦ
3141 4787 3299 4850 Θεοῦ,
3352 4788 3411 4841 τὸ
3459 4791 3549 4841 δύο
3595 4790 3792 4856 ἀφέσεις

537 4827 782 4883 Alteram
863 4835 1078 4901 quidem
1141 4842 1206 4894 de
1271 4848 1638 4905 commissis:
1707 4854 1934 4911 alteram
1997 4877 2126 4918 vero

537 4920 725 4988 (quam
785 4927 970 4981 nescio
1009 4931 1099 4994 qui
1153 4935 1532 4993 remissionem
1583 4945 1873 5013 quispiam,
1932 4962 1991 5004 ut
2035 4955 2124 5010 ille

535 5008 802 5079 loquitur,
832 5015 1106 5084 appellare
1133 5024 1327 5096 possit)
1363 5008 1775 5098 impeccantiam
1807 5008 1917 5108 (l5)
1953 5008 2119 5110 ipsam

604 5147 649 5254 :7
677 5149 820 5204 Psal.
852 5169 903 5217 L,
937 5154 990 5207 7.

2238 4864 2522 4934 ἁμαρτιῶν
2553 4864 2688 4920 εἶναι
2714 4867 2915 4936 λέγειν,
2933 4875 3032 4943 τὴν
3063 4878 3161 4944 μὲν
3183 4878 3289 4932 τῶν
3317 4881 3709 4950 πεπραγμένων
3733 4879 3785 4941 ’³,

2232 4957 2333 5026 τὴν
2372 4958 2428 5010 δὲ
2459 4960 2559 5011 οὐκ
2587 4955 2684 5014 οἷδ’
2718 4963 2868 5027 ὅπως
2905 4968 3049 5018 εἴποι
3113 4987 3198 5032 τις
3227 4971 3294 5023 ἂν
3345 4974 3438 5025 καὶ
3467 4973 3672 5040 ἄφεσιν,
3723 4969 3788 5028 ὡς

2234 5049 2444 5115 ἐκεῖνος
2473 5050 2642 5118 λέγει,
2673 5055 2845 5126 αὐτὴν
2877 5056 2975 5127 τὴν
3009 5060 3425 5133 ἁναμαρτησίαν
3468 5066 3582 5135 ἤτοι
3611 5063 3668 5115 τὸ
3697 5075 3785 5130 μη-

1069 5159 1112 5189 ²⁸
1144 5158 1289 5215 Psal.
1318 5178 1485 5232 cxut,
1519 5166 1554 5219 2

1830 5269 2064 5327 νΑιιιίΕ
2090 5274 2507 5332 LEGTIONES.

620 5388 732 5502 Ξὸἒν
750 5391 1075 5502 ἀμῗρτίίξξς]
1116 5393 1260 5478 Psal.
1293 5413 1347 5458 1.,
1377 5399 1455 5502 7.Λ
1511 5401 1552 5432 ¹⁰
1583 5401 2039 5502 βιεὸαιώσειιφησί
2065 5414 2107 5465 Α
2142 5435 2154 5467 :
2192 5415 2485 5484 βεϐαίωσιν
2520 5439 2580 5485 ς.
2614 5457 2616 5460 -
2658 5423 2698 5452 “
2741 5424 2800 5475 οὑ
2830 5423 2964 5498 δικ.]
2992 5426 3141 5484 Psal.
3169 5445 3336 5498 CXLII,
3360 5432 3413 5486 2.
3491 5433 3533 5464 ¹⁹
3565 5431 3700 5502 μόνῳ
3723 5445 3776 5490 ςι

680 5477 808 5502 ντητ
885 5501 889 5502 ,
1049 5483 1390 5502 ﬂﬁnIl/INIEIPHI
1656 5492 1756 5502 ..ᾳΔ
1790 5494 1833 5502 ρ.
1865 5500 1871 5502 .
1961 5486 1979 5502 Δ
2121 5487 2160 5502 ιιι
2239 5488 2258 5497 υ

531 5456 808 5524 διαδόντας
831 5456 895 5515 A.
977 5465 1018 5494 ³³
1048 5456 1392 5537 ἀπομάχεται
1419 5470 1484 5526 Α,
1583 5456 1626 5504 ίδ
1656 5476 1756 5546 τῆς
1789 5456 2013 5536 addita.
2120 5487 2160 5515 ”’
2192 5456 2301 5540 Γ’ἐών
2329 5506 2387 5539 τε
2413 5456 2580 5560 πεπρ.
2612 5509 2672 5554 ς.

1970 5591 2200 5650 NOTAE.

565 5734 576 5744 _
601 5663 712 5730 (14)
752 5669 911 5725 Πᾶσα
941 5672 1095 5743 σάρξ.
1130 5673 1183 5730 In
1215 5675 1429 5747 vulgata
1461 5682 1591 5736 coit.
1628 5687 1734 5743 πᾶς
1775 5687 1902 5751 ζῶν,
1937 5695 2106 5746 omnis
2236 5766 2245 5774 _
2290 5697 2402 5766 (lii)
2455 5697 2531 5751 lla
2595 5715 2716 5752 cum
2770 5702 2827 5755 Β.
2895 5703 3114 5760 llicrnu.
3195 5715 3453 5781 promuio
3504 5716 3769 5768 commento

565 5750 720 5781 ιυεης-
2333 5767 2345 5781 ι
2641 5773 2649 5781 .
2680 5775 2686 5781 .
2759 5776 2766 5781 .

530 5748 720 5788 vivens.

2235 5766 2286 5820 in
2320 5767 2523 5823 Jeretu.
2560 5773 2723 5827 redde
2746 5776 3180 5846 ἀναμαρτησέαν.
