4062 6452
304 354 408 415 517

1299 341 1827 403 BIBLIOTIIECA.
1860 362 1929 372 -
1973 335 2117 397 COD
2175 334 2505 397 CLXXVII.

3470 333 3572 399 518

302 463 423 514 κέτι
464 459 813 529 ἁμαρτάνειν
844 474 856 488 °
890 456 970 509 δεῖ
1003 455 1111 526 γὰρ
1134 455 1286 525 ἡμῖν,
1312 457 1387 517 ὡς
1410 455 1577 517 ἔοικε,
1606 453 1894 509 καὶπλειό-

2001 452 2114 506 sive
2159 466 2263 503 non
2319 448 2552 518 amplius
2606 459 2853 515 peccare.
2894 444 3123 515 Oportet
3167 448 3311 503 enim
3347 464 3464 508 nos,
3515 462 3574 503 ut

303 572 408 608 νων
440 549 861 621 σαφηνιπικῶν
884 547 1101 611 λέξεων,
1153 546 1239 600 ἵνα
1268 546 1365 615 τὴν
1419 547 1612 615 καινὴν
1674 544 1891 611 ἐκείνην

303 644 756 715 ὑποδηλώσωμεν
785 640 895 693 τῶν
936 638 1223 708 ἁμαρτιῶν
1262 639 1455 705 ἄφεσιν
1487 653 1501 665 ·
1551 639 1688 705 ὅπερ
1727 637 1755 688 ὁ
1792 635 1889 704 μὲν

299 736 460 805 ὀρθὸς
494 736 659 802 λόγος
704 730 1124 802 ἀναμαρτησίαν
1164 725 1324 793 οἶδεν,
1365 722 1521 790 οὗτος
1578 728 1635 780 δὲ
1694 726 1891 795 ἄφεσιν

302 825 601 895 ἁμαρτιῶν
639 825 861 877 τελείαν
896 824 992 874 καὶ
1045 822 1391 891 κυριωτάτην
1455 820 1549 872 καὶ
1610 818 1891 887 ἀναίρεσιν

300 920 462 970 καλεί
492 916 767 986 ἁμαρτίας
820 914 1084 977 παντελῆ.
1121 913 1215 973 Τίς
1260 908 1352 966 οὖν
1381 914 1413 982 ἡ
1448 910 1671 978 τοιαύτη
1706 912 1891 977 ἁμαρ-

302 1012 446 1063 τιῶν
477 1012 689 1076 ἄφεσις,
734 1006 833 1058 καὶ¹
885 1005 989 1057 ποῦ
1050 1002 1323 1072 διδομένη,
1381 1002 1479 1054 καὶ
1512 1000 1679 1053 πόθεν
1724 999 1893 1068 ἀρξα-

315 1099 500 1168 μένης
542 1099 765 1169 ἰὶρξατο
788 1096 907 1164 μὲν,
950 1095 1115 1164 φησὶν
1138 1095 1201 1159 ’⁸,
1237 1091 1632 1163 ἐμφανίζεσθαι
1670 1090 1775 1142 ἀπὸ
1795 1088 1891 1155 τῆς

317 1193 476 1243 κατὰ
508 1193 598 1242 τὶν
617 1188 886 1258 Δεσπότην
916 1186 1153 1257 Χριστὸν
1182 1184 1495 1253 οἰκονομίας
1520 1184 1614 1235 καὶ
1642 1183 1701 1233 ἐν
1727 1182 1896 1251 ἀρρα-

323 1279 502 1341 εῶνος
528 1282 646 1349 ἡμῖν
678 1276 919 1330 δίδοσθαι
962 1276 1137 1339 τάξει,
1173 1274 1375 1328 δίδοται
1440 1273 1497 1325 δὲ
1533 1271 1757 1333 τελείως
1799 1269 1894 1323 καὶ

322 1370 416 1422 ἐπ’
445 1370 616 1429 αὐτοῖς
641 1366 827 1437 ἔργοις
853 1368 893 1397 ¹⁷
924 1368 982 1419 ὲν
1006 1369 1070 1436 τῇ
1102 1366 1240 1435 μετὰ
1274 1364 1373 1435 τὴν
1421 1362 1719 1417 ἀνάστασιν
1754 1362 1895 1414 ἀπο-

322 1458 669 1520 καταστάσει,
704 1458 843 1527 ὑπὲρ
871 1453 959 1529 ἧς,
991 1457 1075 1509 ἵνα
1106 1456 1377 1526 τύχωμεν,
1412 1458 1505 1508 καὶ
1526 1457 1684 1525 ἡμεῖς
1706 1456 1799 1506 καὶ
1826 1453 1892 1505 τὰ

321 1549 493 1617 aps-e1,
526 1548 928 1619 βαπτιζόμεθα.
959 1549 1119 1602 Ἀλλά
1147 1549 1214 1601 τὰ
1264 1549 1362 1618 μὲν
1414 1546 1783 1619 μέχριτούτου
1817 1546 1893 1611 ὡς

315 1641 508 1703 σεμνὰ,
542 1641 640 1693 καὶ
686 1642 975 1712 κεχηνέναι
1021 1641 1181 1711 μόνον
1236 1639 1359 1711 οὐχὶ
1412 1644 1549 1708 πρὸς
1598 1640 1659 1691 τὸ
1718 1639 1894 1711 πέρας

307 1732 563 1793 ἅπαντας
594 1733 1111 1803 παρασκευάζοντα.
1162 1733 1298 1785 Εἰπὲ
1346 1731 1411 1802 δὴ
1456 1730 1641 1783 λοιπὸν
1695 1731 1804 1783 Καὶ
1838 1730 1891 1782 τί

305 1822 499 1886 τοῦτο;
541 1794 713 1893 Ὀρθά
761 1825 869 1894 γάρ
902 1794 984 1877 σοι
1016 1822 1368 1894 παρεχόμεθα
1399 1794 1488 1877 ’τὰ
1533 1819 1666 1878 ὦτα.
1704 1823 1799 1886 Τίς
1858 1794 1967 1892 ἡΒ

298 1914 414 1967 τῶν
445 1916 744 1985 ἁμαρτιῶν
778 1918 971 1986 ἄφεσις
1003 1916 1126 1988 [207
1157 1915 1249 1988 Η.]
1292 1917 1327 1986 ἡ
1368 1916 1638 1985 παντελὴς
1669 1914 1890 1983 ἐκείνης

306 2005 535 2069 Οὐκέτι,
574 2007 730 2076 φησὶ,
765 2008 905 2075 μετά
952 2008 1047 2079 τὴν
1089 2008 1384 2061 ἀνάστασιν
1437 2003 1891 2077 ἁμαρτησόμεθα.

316 2096 486 2149 Ἀλλά
504 2098 617 2167 γὰρ
645 2098 721 2159 ὡς
745 2099 803 2164 ὲξ
827 2100 954 2151 οἴων
993 2101 1141 2169 ἡμᾶς
1189 2098 1540 2161 κατέσπασας
1596 2098 1701 2151 τῶν
1737 2097 1895 2149 ἐλπί-

305 2190 415 2243 δων
453 2191 467 2242 !
516 2191 637 2243 Ἵνα
678 2191 786 2261 γὰρ
816 2190 910 2245 νῦν
960 2193 1106 2245 ἐάσω
1141 2190 1321 2262 ζητεῖν
1362 2191 1509 2250 ὅπως
1552 2189 1669 2242 ἐστι
1718 2189 1895 2256 λέγειν

307 2281 510 2349 ἄφεσιν
550 2282 839 2354 ἁμαρτιῶν
875 2282 1052 2346 τοῦτο,
1083 2284 1261 2335 ἐκεῖνο
1321 2283 1600 2351 συντόμως
1646 2280 1758 2351 ὲρῶ
1785 2295 1799 2310 ⁸
1831 2280 1896 2332 Τί

309 2368 437 2437 οῦν;
466 2376 570 2427 Διὰ
602 2373 762 2427 τοῦτό
807 2392 889 2427 σοι
918 2374 1158 2444 Χριστὸς
1198 2372 1489 2443 ὲσαρκώθη
1544 2371 1640 2425 καὶ
1702 2374 1896 2424 ἐσταυ-

316 2466 495 2534 ρώθη,
516 2466 602 2517 ἴνα
632 2465 707 2535 μὴ
740 2466 950 2519 ἐκεῖθεν
974 2467 1214 2529 ἀναστάς
1237 2466 1598 2536 ἀμαρτήσης;
1651 2462 1779 2533 [400
1800 2461 1891 2535 R.]

312 2560 636 2630 ἡμάρτανον
664 2559 721 2612 δὲ
751 2558 864 2629 ἄρα
900 2558 1109 2611 ἐκεῖθεν
1150 2559 1201 2611 oi
1245 2557 1759 2628 προκαταλύσαντες
1804 2557 1897 2610 τὸν

314 2648 452 2718 βίον,
494 2648 625 2717 πρὶν
662 2647 955 2717 ἢΧριστὸς
1000 2649 1418 2718 ὲπιδημήσειεν;
1460 2650 1557 2703 Ἂν
1580 2650 1635 2702 δὲ
1662 2650 1736 2720 μὴ
1798 2649 1897 2719 βα-

314 2740 667 2806 πτιζώμεθα,
700 2742 974 2810 ἁμαρτίας
1008 2740 1087 2791 ἔτι
1110 2741 1530 2811 διαπραξόμεθά
1561 2760 1642 2794 σοι
1667 2744 1782 2795 ἐκεῖ
1804 2744 1897 2794 καὶ

312 2837 480 2904 ἡμεῖς
510 2834 606 2886 καὶ
632 2832 701 2886 τὰ
731 2832 936 2904 βρέφη;
964 2833 1016 2884 τί
1050 2832 1137 2898 δέ;
1178 2835 1226 2886 οἱ
1253 2833 1470 2887 ἄπιστοι
1495 2835 1696 2896 πάντες
1734 2836 1897 2889 πάλιν

311 2927 418 2977 κάν
441 2924 522 2994 τῷ
558 2925 803 2994 μέλλοντι
838 2925 992 2976 αἰῶνι
1010 2925 1104 2976 καὶ
1130 2925 1387 2994 κλέψουσι
1411 2928 1504 2978 καὶ
1534 2928 1892 2996 πορνεύσουσι

309 3019 409 3069 καὶ
448 3018 850 3087 δυσσεδήσουσι
880 3020 972 3071 καὶ
1005 3019 1362 3093 λῃστεύσουσι
1383 3019 1478 3072 καὶ
1509 3021 1690 3073 πᾶσαν
1712 3023 1893 3077 αὐτῶν

1993 554 2238 614 apparet,
2292 542 2538 610 pluribus
2578 539 2999 608 explanantibus
3039 541 3319 595 vocabulis
3369 542 3472 605 uti,
3511 553 3572 594 ut

1995 650 2187 690 novam
2216 634 2366 688 illam
2401 640 2748 702 peccatorum
2796 632 3171 685 remissionem
3207 632 3570 687 declaretuus.

1994 726 2149 792 Quod
2182 725 2327 777 enim
2364 732 2509 776 recta
2549 721 2799 791 loquendi
2835 722 2974 775 ratio
3026 722 3431 788 impeccanltam
3478 738 3574 776 no-

1996 822 2187 879 minat,
2222 818 2310 869 ille
2336 824 2680 885 peccatorum
2709 815 2921 867 veniam
2961 814 3280 884 perfectam,
3312 823 3365 867 et
3404 816 3576 868 maxi-

1998 928 2082 965 me
2117 921 2314 972 ratam,
2346 911 2723 976 integrumque
2767 906 2999 974 appellat
3028 908 3234 973 peccati
3270 907 3570 961 interitum.

1997 1002 2319 1070 lic-quaenam
2353 1000 2517 1067 igitur
2554 1000 2664 1051 haec
2711 1008 3057 1064 peccatorum
3091 999 3359 1059 remissio,
3387 1010 3442 1053 et
3484 1001 3574 1053 ulti

1997 1094 2165 1155 facta,
2202 1093 2449 1159 undeque
2486 1090 2752 1159 originem
2802 1089 2994 1143 duxit?
3023 1090 3200 1156 C(epit
3230 1092 3448 1159 quidem
3484 1092 3571 1143 illa

1999 1183 2349 1235 manifestare
2381 1195 2458 1244 se,
2502 1181 2599 1245 ait,
2633 1195 2698 1233 ex
2729 1194 2833 1247 quo
2864 1179 3115 1233 Christus
3152 1178 3419 1235 Dominus
3452 1197 3573 1234 car-

1997 1290 2121 1329 nem
2157 1274 2351 1338 induit,
2382 1282 2436 1325 et
2480 1272 2809 1325 arrhabonis
2840 1272 2997 1325 nobis
3025 1272 3143 1326 loco
3176 1274 3313 1325 tradi
3342 1290 3355 1325 :
3394 1273 3575 1341 perfe-

1998 1378 2084 1421 cte
2136 1380 2264 1419 vero
2320 1367 2497 1429 datur,
2554 1380 2676 1419 cum
2714 1379 2813 1432 pro
2856 1364 3014 1417 bonis
3064 1364 3345 1432 operibus,
3377 1376 3486 1417 tum
3522 1367 3573 1419 in

1996 1460 2084 1514 illa
2122 1456 2536 1520 instauratione,
2584 1471 2702 1524 qua;
2742 1466 2863 1523 post
2907 1456 3088 1509 carnis
3116 1458 3573 1510 resurrectionem

1996 1550 2176 1603 futura
2210 1561 2314 1611 est,
2343 1562 2450 1617 qua
2479 1557 2537 1599 ut
2566 1547 2857 1615 potiamur,
2907 1553 3012 1597 tam
3045 1559 3165 1608 nos,
3195 1559 3354 1613 quam
3386 1560 3575 1598 recens

1996 1642 2113 1696 nati
2165 1641 2397 1695 infantes
2446 1640 2807 1708 baptizamur.
2858 1635 3004 1691 Satis
3054 1636 3270 1705 quidem
3303 1637 3414 1702 illa,
3456 1652 3577 1706 qua:

1999 1737 2140 1789 dicta
2177 1743 2301 1788 sunt
2332 1732 2617 1793 hactenus,
2664 1730 2947 1800 praeclara,
2990 1736 3045 1783 et
3078 1744 3198 1799 quae
3231 1738 3436 1782 tantum
3468 1747 3575 1784 non

1996 1823 2204 1877 inhiare
2258 1821 2349 1874 lini
2379 1836 2567 1875 omnes
2610 1819 2851 1887 jubeant.
2919 1819 3013 1873 Dic
3082 1833 3212 1888 ergo
3266 1820 3572 1889 deinceps:

1995 1915 2063 1969 Et
2100 1915 2230 1984 quid
2274 1914 2375 1967 hoc
2408 1913 2484 1967 rei
2514 1931 2526 1966 :
2572 1926 2731 1965 aures
2768 1911 2915 1963 enim
2954 1910 3053 1965 tibi
3081 1922 3324 1966 arrectas
3370 1912 3577 1981 praebe-

1996 2024 2139 2063 mus.
2165 2007 2449 2073 Quaenam,
2488 2005 2732 2073 inquam,
2767 2005 2881 2057 haec
2916 2014 3002 2057 est
3029 2014 3375 2072 peccatorum
3402 2006 3578 2074 perfe-

1996 2110 2084 2156 cta
2137 2098 2433 2154 remissio?
2474 2097 2590 2151 Non
2636 2096 2893 2165 amplius,
2936 2097 3141 2165 inquis,
3175 2108 3295 2167 post
3328 2112 3576 2153 resurre-

1994 2195 2230 2249 ctionem
2278 2192 2640 2261 peccabimus.
2701 2190 2875 2255 Quam
2937 2206 3068 2245 sane
3102 2193 3169 2245 ab
3222 2191 3427 2260 ingenti
3478 2206 3575 2259 spe

1995 2302 2095 2342 nos
2143 2286 2479 2341 deturbastil
2520 2294 2577 2338 ut
2617 2284 2762 2338 enim
2815 2299 2958 2339 nunc
3003 2298 3251 2352 quaerere
3298 2283 3579 2351 omittam;

1995 2396 2233 2451 quonam
2276 2382 2434 2433 modo
2462 2378 2648 2433 dicere
2696 2378 2879 2443 liccat,
2907 2388 3259 2446 peccatorum
3288 2377 3579 2431 remissio-

1998 2485 2157 2538 nem;
2194 2471 2394 2541 123a
2428 2470 2558 2524 illud
2597 2479 2803 2523 tantum
2845 2469 3082 2523 breviter
3133 2470 3335 2538 rogabo
3372 2486 3386 2522 :
3438 2468 3580 2535 Quid

1997 2564 2081 2618 ais
2106 2564 2129 2617 ?
2155 2562 2523 2631 Proptereane
2584 2558 2835 2615 Christus
2865 2559 2961 2613 tibi
2994 2558 3155 2613 homo
3183 2558 3356 2613 factus
3391 2568 3495 2624 est,
3525 2567 3583 2613 et

1998 2656 2148 2709 cruci
2177 2654 2391 2718 allixus,
2442 2667 2511 2706 ne
2552 2662 2608 2706 tu
2647 2651 2718 2705 ibi
2748 2659 2869 2719 post
2894 2651 3351 2705 resurrectionem
3384 2650 3581 2703 iterum

2001 2746 2250 2814 pecces?
2286 2743 2664 2799 Peccahantne
2708 2742 2872 2810 igitur
2918 2740 3029 2794 illic
3057 2780 3072 2803 ,
3124 2741 3213 2809 qui
3270 2741 3376 2793 vita
3432 2740 3583 2808 prius

2002 2834 2273 2898 abierunt,
2306 2849 2468 2904 quam
2501 2833 2551 2887 in
2586 2832 2845 2886 nntndum
2890 2828 3136 2884 Christus
3163 2829 3414 2889 veniret?
3440 2828 3503 2881 Et
3538 2829 3584 2882 si

2005 2928 2146 2981 forte
2186 2942 2291 2979 non
2344 2925 2705 2994 haptizemur,
2747 2923 3093 2993 peccabimus
3126 2923 3197 2975 ibi
3244 2924 3419 2976 adhuc
3467 2920 3586 2993 [tuo

2004 3018 2231 3091 judicio]
2265 3028 2319 3072 et
2354 3033 2474 3083 nos,
2529 3028 2584 3072 et
2615 3016 2885 3071 infantes?
2930 3015 3109 3082 Quid?
3162 3014 3412 3069 Inlideles
3465 3030 3587 3069 om-

317 3107 610 3178 μοχθηρὰν
635 3108 933 3177 ἐπιθυμίαν
963 3108 1386 3180 πληρώσουσιν;
1424 3110 1499 3162 Οὐ
1546 3111 1654 3181 γὰρ
1680 3111 1896 3175 δικαίας

2008 3128 2123 3179 nes,
2188 3126 2477 3166 rursumne
2529 3110 2711 3164 futuro
2767 3109 2987 3174 saaculo,
3028 3118 3082 3163 et
3153 3110 3498 3172 furabuntur,
3535 3118 3590 3163 et

310 3215 377 3264 γε
399 3199 594 3261 αὐτοῖς
618 3197 727 3250 τῶν
753 3198 986 3251 ἐνταῦθα
1026 3199 1581 3271 πεπλημμελημένων
1615 3201 1709 3254 καὶ
1741 3200 1904 3273 βαρυ-

306 3292 489 3351 τάτας
523 3289 745 3359 ἐξεῦρες
771 3290 869 3353 τὰς
907 3292 1197 3361 τιμωρίας.

2010 3207 2439 3271 fornicabuntur,
2479 3206 2748 3274 impieque
2787 3211 2965 3273 agent,
3008 3220 3070 3258 ac
3096 3202 3587 3265 latrocinabantur,

2006 3312 2331 3366 omnemque
2379 3296 2511 3349 adeo
2560 3297 2641 3349 sui
2687 3295 2941 3348 desiderii
2995 3293 3289 3361 nequitiam
3322 3292 3588 3361 adimple-

314 3382 498 3436 bunt?
548 3380 665 3436 Non
719 3382 863 3437 enim
916 3384 1087 3444 iustas
1138 3384 1274 3439 satis
1304 3384 1386 3438 vel
1425 3398 1637 3449 eorum,
1665 3400 1783 3455 quas
1826 3386 1916 3442 hic
1952 3390 2361 3453 commiserunt,
2404 3388 2753 3458 quantumvis
2793 3387 3146 3456 gravissimas
3225 3400 3438 3455 pcenas,
3502 3402 3590 3441 re-

306 3477 519 3535 pcrias.

380 3561 537 3614 Ἀλλ’
572 3560 632 3625 ἐξ
671 3553 745 3613 ὧν
793 3561 837 3592 ³⁸
869 3578 959 3631 μοι
992 3562 1093 3614 οὐκ
1126 3562 1408 3634 ἐγκριτέον
1460 3565 1624 3618 αὐτοῦ
1658 3567 1756 3636 τὴν
1797 3566 1909 3620 τῶν

306 3653 611 3723 ἁμαρτιῶν
636 3652 852 3720 ἄφεσιν,
896 3652 1270 3723 ἐνεδειξάμην.
1313 3656 1465 3725 Τάχα
1510 3657 1553 3709 δ’
1600 3657 1709 3709 οὐδ’
1746 3656 1907 3719 αὐτὸς

311 3747 461 3799 ἑκὼν
493 3748 588 3798 ἐπὶ
621 3745 777 3797 τοῦτο
821 3740 1004 3815 ἦλθεν,
1051 3744 1166 3797 ἀλλ’
1208 3746 1297 3799 ἵνα
1346 3748 1484 3820 λύσῃ
1530 3748 1628 3817 τὴν
1674 3748 1908 3819 ἀπορίαν

316 3840 423 3891 τὼν
447 3838 744 3905 λεγόντων,
783 3837 879 3890 Διὰ
912 3837 963 3889 τί
992 3836 1058 3889 τὰ
1090 3836 1263 3908 βρέφη
1295 3843 1543 3892 κοινωνεῖ
1573 3839 1680 3893 τῶν
1710 3840 1909 3908 ἀκράν-

326 3947 429 3981 των
471 3928 834 3999 μυστηρίων;
877 3928 965 3982 διὰ
996 3929 1047 3981 τί
1092 3929 1183 3981 τοῦ
1218 3929 1591 3999 βαπτίσματος
1639 3930 1903 3994 ἀξιοῦται,

320 4024 367 4073 εὶ
417 4022 496 4093 μὴ
534 4022 629 4073 καὶ
659 4022 795 4074 αὐτὰ
824 4023 984 4090 γέμει
1030 4020 1335 4091 ἁμαρτιῶν,
1378 4023 1437 4073 ἐν
1482 4026 1547 4093 τῇ
1602 4023 1757 4091 φύσει
1809 4022 1909 4091 τῆς

312 4112 601 4181 ἁμαρτίας
651 4112 1161 4183 κατεσπαρμένης;
1224 4113 1316 4165 καὶ¹
1360 4113 1467 4183 γὰρ
1508 4116 1588 4177 εἰς
1632 4115 1827 4183 ἄφεσιν
1866 4118 1906 4148 ¹⁹

311 4204 497 4259 ταῦτα
528 4205 729 4259 δίδοται
758 4206 1066 4275 ἁμαρτιῶν.
1113 4204 1250 4258 Ἀλλ’
1289 4207 1455 4276 ἐχρῆν
1504 4207 1599 4260 καὶ
1635 4208 1733 4276 τὴν
1769 4211 1908 4263 ἀπο-

311 4300 477 4370 pinv,
542 4299 742 4361 πολλὰς
792 4300 1021 4369 ἔχουσαν
1076 4297 1282 4351 λύσεων
1323 4298 1597 4369 ἀφορμὰς,
1643 4302 1909 4371 ἑτέρωθεν

312 4391 706 4452 ἐπιλύσασθαι,
747 4394 845 4444 καὶ
880 4392 950 4444 τά
980 4390 1218 4461 ἑπόμενα
1252 4394 1319 4461 τῇ
1350 4390 1544 4460 ἀφέσει
1580 4393 1690 4446 τῶν
1720 4396 1901 4464 ἀμαρ-

309 4484 451 4534 τιῶν
486 4481 651 4534 αὑτοῦ
674 4482 851 4535 ἄτοπα
878 4482 1330 4553 ὲπισκοπήσαντα
1364 4482 1531 4553 μηδὲν
1576 4485 1902 4556 τερατεύσα-

315 4571 447 4624 σθαι
478 4570 736 4623 τοιοῦτον.

392 4746 554 4797 Ἐστι
590 4744 687 4815 μὲν
721 4739 869 4807 οὗτος
909 4747 937 4797 ό
964 4745 1236 4817 Θεόδωρος
1280 4748 1308 4800 ὁ
1348 4749 1441 4801 καὶ
1480 4751 1601 4803 κατ’
1636 4752 1900 4823 Εὑνομίου

314 4840 373 4891 ὲν
405 4843 458 4889 κ’
488 4838 583 4889 καὶ
616 4834 664 4906 η’
687 4836 866 4905 λόγοις
896 4838 996 4890 οὐκ
1019 4838 1260 4905 ἀγεννῶς
1280 4841 1708 4912 ἀγωνισάμενος,
1734 4846 1832 4914 τὴν
1854 4847 1901 4878 ὀ

313 4926 603 4980 Βασιλείω
638 4927 732 4979 τοῦ
782 4927 1093 4993 θεσπεσίου,
1149 4929 1350 4998 μᾶλλον
1392 4931 1447 4985 δὲ
1481 4932 1581 5003 τῆς
1621 4934 1898 5005 ἀληθείας,

316 5018 607 5089 κρατύνων
639 5016 834 5081 δόξαν·
871 5018 906 5089 ἥ
955 5035 1015 5071 τε
1057 5019 1166 5088 γὰρ
1214 5020 1359 5085 λέξις
1407 5023 1500 5075 καὶ
1546 5024 1657 5076 τῶν
1705 5025 1901 5090 λέξεων

318 5110 351 5177 ὴ
388 5108 635 5179 συνθήκη
663 5108 814 5161 καὶὸ
852 5108 977 5173 νοῦς
1007 5110 1115 5163 τῶν
1157 5110 1443 5180 δογμάτων
1492 5116 1586 5168 καὶ
1625 5117 1687 5169 τὸ
1733 5119 1901 5172 πολύ-

318 5215 450 5266 χουν
481 5198 582 5267 τῆς
616 5200 928 5271 ἀνατροπῆς
976 5201 1070 5254 καὶ
1103 5196 1271 5253 τᾶλλα
1303 5202 1422 5254 κατ’
1450 5205 1603 5257 οὐδὲν
1651 5207 1903 5264 διαλλάσ-

319 5307 426 5343 σει.
483 5290 728 5363 ’Λσαφὴς
773 5291 831 5345 δέ
880 5293 1018 5357 ἐστι,
1077 5292 1253 5346 καίτοι
1309 5293 1451 5358 λέξει
1499 5298 1561 5349 ού
1622 5297 1904 5375 ξενιζούσῃ

1932 4450 1979 4506 D

2074 3566 2153 3621 En
2186 3567 2281 3621 tibi
2321 3582 2384 3621 ex
2436 3568 2633 3636 quibus
2684 3568 2841 3621 istam
2890 3568 3060 3637 ipsius
3103 3576 3451 3635 peccatorum
3500 3582 3590 3621 re-

2008 3657 2317 3710 missionem
2362 3658 2595 3725 prohare
2646 3672 2751 3711 non
2781 3658 3005 3726 possim,
3054 3657 3166 3726 jam
3208 3657 3443 3711 ostendi.
3481 3657 3591 3711 Sed

2007 3749 2241 3803 fortasse
2277 3763 2345 3803 ne
2375 3751 2488 3818 ipse
2539 3749 2757 3816 quidem
2812 3749 2998 3803 volens
3052 3751 3156 3803 huc
3189 3749 3453 3804 deductus
3482 3762 3590 3815 est,

2007 3850 2323 3909 tantumque
2373 3850 2431 3894 ut
2468 3841 2662 3895 dubios
2703 3842 2781 3895 sie
2808 3844 3164 3909 quaerentium
3190 3843 3358 3896 nodos
3394 3843 3592 3896 dissol-

2004 3940 2095 3984 vat
2131 3950 2143 3986 :
2175 3932 2351 3997 Quare
2383 3933 2533 4000 pueri
2564 3934 2924 3989 sanctissimis
2967 3935 3243 4005 mysteriis
3285 3936 3593 3990 communi-

2005 4024 2169 4077 cant?
2196 4023 2307 4077 Cur
2357 4025 2679 4094 baptismate
2730 4026 2877 4093 digni
2924 4025 3286 4095 judicantur?
3324 4026 3426 4079 nisi
3465 4028 3587 4096 quia

2005 4121 2059 4165 et
2089 4114 2192 4180 ipsi
2240 4114 2478 4181 peccatis
2529 4115 2825 4177 abundant,
2875 4115 3040 4168 insito
3087 4114 3200 4183 jam
3240 4115 3290 4168 in
3341 4124 3589 4168 naturam

2006 4204 2176 4274 ipsam
2208 4205 2473 4272 peccato?
2505 4205 2563 4257 In
2592 4215 2934 4271 peccatorum
2972 4205 3115 4259 enim
3161 4207 3275 4260 haec
3300 4207 3592 4261 remissio-

2006 4312 2127 4350 nem
2162 4296 2529 4352 conferuntur.
2589 4296 2787 4351 Verum
2838 4299 3121 4368 oportebat
3156 4308 3210 4353 et
3258 4299 3401 4352 illam
3432 4298 3591 4352 dubi-

2008 4390 2293 4454 tationem,
2325 4391 2523 4444 mullas
2549 4392 2748 4460 alioqui
2785 4392 3072 4445 habentem
3093 4389 3421 4444 dissolvendi
3454 4391 3588 4449 vias,

2006 4482 2112 4535 alio
2168 4484 2328 4537 modo
2389 4484 2707 4548 dissolvere,
2767 4484 3127 4551 absurdisque
3184 4482 3309 4543 illis,
3356 4496 3476 4549 quae
3521 4484 3588 4535 ad

2004 4570 2174 4640 ipsius
2210 4584 2553 4640 peccatorum
2589 4574 2961 4628 remissionem
3000 4581 3428 4640 consequuntur,
3459 4584 3592 4626 (ξοη-

2006 4664 2280 4725 sideratis,
2316 4665 2451 4719 nihil
2481 4664 2744 4733 ejusmodi
2775 4665 3081 4734 prodigiose
3111 4664 3442 4733 conﬁngere.
3629 4700 3637 4736 ι

2078 4756 2221 4811 Idem
2265 4755 2354 4812 hic
2387 4754 2705 4811 Theodorus
2740 4756 2827 4809 ille
2857 4764 2961 4818 est,
3006 4754 3097 4824 qui
3124 4755 3385 4808 adversus
3410 4753 3590 4809 Euno-

2006 4851 2174 4904 mium
2212 4850 2370 4903 libris
2397 4860 2521 4903 octo
2560 4858 2614 4903 et
2642 4849 2830 4917 viginti
2875 4849 2987 4919 (16)
3018 4864 3125 4902 non
3161 4848 3398 4917 segniter
3428 4849 3593 4916 dcpu-

2010 4942 2214 5012 gnavit,
2247 4951 2301 4995 et
2334 4941 2508 4995 sancti
2540 4940 2748 5004 Basilii,
2792 4940 2874 4994 vel
2908 4940 3194 5009 ipsiusmet
3232 4939 3411 5007 potius
3451 4941 3597 4991 veri—

2010 5034 2160 5099 tatis,
2194 5034 2517 5088 sententiam
2560 5032 2927 5087 continuavit.
2958 5032 3169 5087 Etenim
3199 5044 3373 5100 neque
3406 5043 3589 5095 voces,

2007 5140 2183 5195 neque
2214 5142 2404 5180 vocum
2457 5127 2799 5195 compositio,
2831 5140 3006 5194 neque
3052 5127 3360 5194 dogmatum
3412 5136 3588 5183 mens,

2011 5232 2189 5287 neque
2222 5219 2372 5272 varia
2409 5219 2495 5272 illa
2532 5228 2585 5273 et
2616 5218 2733 5272 fusa
2784 5218 3050 5272 refutandi
3086 5219 3246 5281 ratio,
3289 5230 3386 5269 nec
3425 5214 3476 5268 id
3501 5228 3594 5282 ge-

2012 5323 2114 5363 nus
2139 5308 2243 5363 alia
2275 5309 2553 5379 quidpiam
2583 5309 2858 5365 dili'erunt.
2898 5311 3009 5365 Etsi
3054 5318 3234 5363 autem
3266 5306 3596 5361 dictionibus

1591 5429 1674 5485 VA
1688 5436 1827 5490 lile
1886 5438 2297 5499 LECTIONES.

416 5568 461 5598 “
491 5568 659 5639 φησὶν
706 5568 831 5621 add.
862 5567 926 5621 Α.
1007 5568 1049 5599 ¹⁷
1078 5567 1258 5638 ἔργοις
1279 5569 1374 5622 καὶ
1404 5570 1461 5623 ἐν
1491 5588 1550 5635 ς.
1633 5572 1675 5603 ¹⁸
1705 5573 1763 5638 ἐξ
1790 5567 1873 5637 ὧν⁶
1897 5578 1941 5628 Α
1971 5596 1985 5632 :
2026 5578 2153 5651 ἑξῆς
2189 5598 2249 5644 ς.
2328 5583 2370 5613 ¹⁹
2403 5581 2629 5653 καὶγὰρ
2661 5583 2756 5637 καὶ
2785 5583 2863 5646 εἰς
2893 5598 2952 5645 ς.

1779 5692 2006 5753 NOTAE.

396 5753 512 5823 (Ιῦ)
549 5752 681 5825 Sup.
712 5755 832 5811 cod.
870 5773 975 5812 xxv
1007 5757 1269 5813 duntaxat
1297 5760 1625 5817 rrleruntur.

3041 5582 3086 5613 ιο
3115 5578 3237 5652 τὴν]
3269 5580 3363 5634 καὶ
3401 5578 3500 5652 τὴν
3528 5597 3589 5646 ς.
