4062 6494
389 448 392 450 _
461 370 568 437 519

1609 372 1874 434 PI-IOTII
1912 371 2418 432 PATRIARCHIE
2455 373 2562 434 CP.

3610 372 3720 436 520

461 497 647 546 utatur
696 501 802 542 non
855 485 1156 552 inusitatis,
1200 488 1464 543 obscurus
1517 497 1699 541 tamen
1747 496 1850 542 est.
1905 484 2040 552 Quia

2153 487 2426 557 [ρώμενος
2454 503 2470 518 ·
2503 485 2639 541 ἀλλὰ
2666 487 2744 558 τῷ
2772 489 3128 558 σχοινοτενέσι
3156 487 3390 559 χρῆσθαι
3408 488 3472 540 ὲκ
3497 486 3592 539 τοῦ
3622 489 3722 541 ἐπὶ

458 582 606 634 enim
664 591 942 637 catenatas
992 593 1052 635 ut
1089 581 1378 650 plurimum
1423 581 1644 635 adhibet
1691 581 1962 650 periodos,
1987 590 2041 634 et

461 672 901 740 interpositiones
965 675 1224 738 crebras,
1275 688 1373 742 per
1435 688 1573 742 quas
1637 674 1800 726 etiam
1852 687 2043 727 sensus

461 777 622 830 quam
670 763 990 834 longissime
1037 782 1064 818 a
1115 781 1176 822 re
1225 767 1497 835 proposita
1524 764 1775 818 recedit:
1822 779 2039 818 rursum

461 856 586 924 quia
632 859 910 911 nominum
953 857 1187 924 obliquis
1221 872 1285 912 ac
1325 855 1621 926 participiis
1664 855 1948 920 redundat,
1986 864 2042 909 et

463 963 552 1001 res
585 950 800 1002 easdem
848 947 1158 1017 frequenter
1204 949 1402 1017 (neque
1439 948 1490 1001 id
1525 947 1659 1001 satis
1704 945 1918 1015 ornate)
1952 962 2040 1000 re-

461 1036 629 1090 volvit
669 1052 733 1091 ac
792 1039 986 1107 repetit
1019 1055 1033 1092 :
1071 1041 1196 1108 quia
1234 1041 1464 1107 denique
1507 1039 1858 1109 repetitiones
1898 1038 2043 1094 illius

461 1128 726 1195 pluribus,
791 1146 953 1200 quam
1006 1132 1345 1185 narrationes
1404 1132 1534 1199 ipsa:
1585 1134 1772 1202 (quod
1822 1136 2044 1189 omnino

462 1219 582 1272 sine
612 1221 866 1276 methodo
923 1222 1004 1292 fit)
1037 1224 1468 1278 circumstantiis
1519 1224 1735 1279 refertae
1786 1234 1932 1292 sunt,
1969 1228 2044 1280 si-

465 1312 792 1382 milibusque
820 1330 886 1372 ex
943 1318 1124 1369 causis
1157 1333 1262 1370 non
1295 1331 1486 1384 parum
1517 1317 1872 1372 obscuritatis
1899 1319 2039 1372 scri-

465 1409 569 1475 ptis
597 1408 718 1462 suis-
742 1409 1001 1478 aspergit.
1043 1411 1281 1478 Apparet
1316 1419 1496 1464 autem
1527 1411 1830 1466 studiosius
1859 1425 2046 1467 versa-

469 1511 579 1552 tum
615 1499 782 1554 fuisse
812 1503 861 1554 in
894 1517 1051 1556 sacra
1081 1511 1263 1556 nostra
1304 1503 1489 1558 divina
1524 1503 1829 1571 Scriptura,
1857 1504 1957 1558 etsi
1992 1503 2044 1556 in

466 1589 738 1661 plerisque
764 1607 791 1645 a
827 1593 1058 1647 veritate
1091 1593 1329 1647 aberret.

1087 1684 1414 1740 CLXXVIII.

631 1778 958 1831 Dioscuridis
1006 1776 1080 1831 De
1111 1777 1334 1830 materia
1369 1778 1572 1831 medica
1597 1778 1717 1830 libri
1751 1793 1843 1831 vn.

537 1869 788 1938 Legimus
827 1868 1155 1921 Dioscuridis
1193 1866 1272 1920 De
1320 1870 1542 1922 materia
1599 1867 1848 1940 [medica]
1894 1866 2046 1921 volu-
2074 1844 2121 1902 Β

469 1975 594 2014 men
629 1959 820 2028 123b
881 1967 1092 2026 septem
1129 1955 1444 2011 distinctum
1489 1958 1659 2013 libris.
1713 1960 1950 2024 Quorum
1994 1959 2046 2012 in

469 2052 740 2121 prioribus
765 2049 1000 2117 quinque
1034 2049 1145 2116 agit
1190 2049 1256 2101 de
1283 2049 1486 2116 herbis,
1525 2049 1805 2118 stirpibus,
1832 2065 2049 2103 aroma-

473 2145 637 2204 tihtts,
670 2141 1120 2210 confectioneque
1146 2140 1247 2193 olei
1273 2152 1322 2193 et
1357 2143 1635 2209 unguenti.
1670 2142 1799 2194 Item
1835 2144 1899 2196 de
1933 2143 2050 2195 ani-

471 2234 748 2288 mantibus
785 2241 867 2295 ,et
891 2233 957 2286 de
993 2233 1226 2300 partium
1257 2233 1472 2285 illorum
1514 2232 1767 2286 utilitate.
1800 2233 2051 2287 Dearbo-

473 2326 624 2379 ribus
666 2339 900 2394 quoque,
951 2334 1007 2378 et
1055 2325 1253 2386 succis,
1286 2339 1350 2378 ac
1377 2323 1652 2394 laerymis.
1686 2323 1953 2377 Praeterea
1986 2325 2051 2379 de

473 2415 652 2477 melle,
700 2425 755 2468 et
796 2413 957 2478 lacte,
1014 2423 1175 2481 atque
1207 2414 1398 2481 adipe:
1446 2415 1620 2480 deque
1659 2414 1909 2481 iis,,qua:
1939 2412 2052 2466 fru-

471 2515 751 2559 tnentacea
778 2511 833 2558 et
875 2504 1122 2558 oleracea
1168 2509 1450 2557 vocantur.
1482 2503 1562 2556 Ad
1606 2504 1722 2556 lucc
1756 2503 1822 2556 de
1860 2504 2052 2557 radici-

469 2599 592 2662 bus,
629 2597 846 2666 plantis,
883 2597 1140 2660 arbustis,
1179 2595 1383 2660 herbis,
1419 2603 1474 2649 et
1501 2610 1834 2663 qumcunque
1867 2611 1932 2649 ex
1966 2597 2049 2651 his

469 2690 554 2744 vel
613 2689 876 2759 liquorem
926 2689 1012 2743 vel
1048 2687 1280 2742 fructum
1326 2688 1393 2741 ad
1438 2688 1699 2741 medicam
1741 2687 2048 2742 facultatem

471 2780 658 2836 utilem
726 2780 945 2834 habent.
997 2779 1137 2844 Quin
1188 2787 1242 2832 et
1275 2779 1340 2832 de
1371 2779 1478 2832 vini
1528 2779 1840 2848 generibus,
1877 2794 1939 2833 ac
1985 2779 2052 2832 tle

471 2869 762 2925 metallicis
809 2884 930 2937 qua:
962 2867 1333 2933 nominantur,
1361 2868 1574 2921 abunde
1617 2877 1815 2922 tractat
1845 2878 1901 2922 et
1932 2867 2051 2937 plu-

469 2961 758 3024 riinorum,
801 2959 868 3014 de
920 2959 1118 3027 quibus
1170 2958 1354 3013 dicere
1407 2959 1745 3024 instituerat,
1799 2958 2049 3028 figuram,

475 3063 748 3117 naturam,
784 3061 940 3107 ortus
971 3052 1169 3115 locum,
1219 3067 1327 3122 quo
1380 3053 1702 3120 investigata
1758 3053 1919 3107 citius
1959 3067 2054 3106 co-

2142 582 2396 635 πλεῖστον
2431 582 2702 652 περιόδοις
2737 584 2830 635 καὶ
2859 581 3235 654 παρεμϐολαῖς
3275 582 3722 653 ἀλλεπαλλήλοις,

2140 675 2208 728 δι’
2244 668 2318 728 ὧν
2340 677 2434 729 καὶ
2472 678 2555 738 εἰς
2578 677 2843 745 μήκιστον
2871 677 2898 727 ὁ
2929 675 3051 738 νοῦς
3077 675 3420 728 ἀποτείνεται
3450 674 3559 728 τῶν
3585 691 3725 744 προ-

2143 768 2436 838 κειμένων,
2464 771 2584 830 ταῖς
2611 785 2672 821 τε
2708 767 2818 820 τῶν
2854 768 3132 837 ὀνομάτων
3179 766 3438 834 πλαγίαις
3473 769 3567 821 καὶ
3600 771 3725 830 ταῖς
3821 773 3824 776 ’

2146 863 2461 931 μετοχικαῖς
2492 860 2671 926 λέξεσι
2701 859 3038 921 πλεονάζειν,
3073 859 3142 911 τά
3170 859 3310 913 αύτά
3355 876 3414 911 τε
3463 859 3725 922 πολλάκις

2143 950 2238 1002 καὶ
2271 951 2391 1003 οὐδὲ
2422 950 2519 1003 σὺν
2557 951 2745 1019 κόσμῳ
2779 949 3202 1014 ὲπανακυκλεῖν,
3239 949 3332 1002 καὶ
3369 949 3467 1012 τὰς
3513 951 3725 1002 ἐπανα-

2143 1041 2336 1110 λήψεις
2372 1041 2536 1094 πλέον
2571 1041 2679 1093 τῶν
2706 1040 3010 1110 διηγήσεων
3050 1042 3208 1110 (ὅπερ
3237 1040 3498 1109 ὰμέθοδον
3521 1057 3725 1093 παντε-

2143 1133 2274 1204 λῶς)
2310 1136 2430 1196 ταῖς
2457 1133 2814 1203 περιστάσεσι
2848 1132 3254 1202 μεμεστῶσθαι,
3285 1132 3378 1184 καὶ
3403 1134 3514 1194 τοῖς
3545 1132 3727 1184 τοιού-

2145 1243 2260 1288 τοις
2288 1225 2388 1278 οὐκ
2417 1225 2596 1292 ὀλίγον
2618 1225 2782 1294 ζόφον
2802 1224 2912 1277 τῶν
2949 1223 3117 1278 αὑτοῦ
3153 1224 3497 1294 γραμμάτιον
3553 1241 3726 1275 κατα-

2150 1318 2422 1380 σκεδάζει.
2460 1319 2646 1370 Ἕοικε
2686 1317 2742 1370 δὲ
2765 1315 3196 1386 φιλοπονώτερον
3250 1315 3378 1384 περὶ
3421 1313 3519 1384 τὴν
3572 1314 3726 1382 ἱεράν

2145 1410 2306 1480 ήμῶν
2331 1411 2426 1462 xai.
2456 1409 2608 1463 θείαν
2633 1409 2854 1478 Γραφὴν
2879 1409 3216 1478 διατεθῆναι,
3238 1409 3287 1460 εί
3309 1407 3404 1460 καὶ
3425 1407 3483 1459 ὲν
3508 1405 3724 1468 πολλοῖς

2148 1500 2523 1571 παρασύρεται
2547 1501 2645 1568 τῆς
2669 1499 2948 1570 ἀληθείας.

2785 1680 2962 1732 ΡΟΗ’.

2450 1772 2838 1840 Διοσκορίδου
2866 1771 3000 1839 Περὶ
3023 1772 3178 1837 ὕλης
3203 1774 3373 1841 λόγοι
3406 1770 3468 1831 ζ’.

2235 1865 2573 1936 Ἀνεγνώσθη
2606 1865 2949 1933 Διοσκορίδου
2984 1864 3117 1927 Περὶ
3145 1863 3290 1928 ὕλης
3332 1862 3533 1931 βιϐλίον
3571 1861 3612 1924 ζ’
3638 1860 3724 1912 λό-

2149 1973 2267 2024 γοις
2301 1958 2644 2029 διῃρημένον.
2688 1957 2776 2008 Ἐν
2813 1955 2910 2025 μὲν
2939 1954 3031 2007 οὖν
3059 1957 3170 2017 τοῖς
3203 1953 3243 2006 ε’
3273 1953 3400 2023 περί
3440 1970 3499 2005 τε
3566 1953 3725 2021 βοτα-

2149 2051 2257 2104 νῶν
2289 2051 2383 2104 καὶ
2413 2051 2595 2118 φυτῶν
2615 2050 2970 2118 διαλαμϐάνει
2993 2051 3298 2121 ἀρωμάτων
3323 2067 3381 2101 τε
3411 2049 3501 2100 καὶ
3530 2065 3726 2100 σκευα-

2153 2143 2277 2205 σίας
2310 2143 2508 2194 ἐλαίων
2547 2142 2642 2194 καὶ
2680 2142 2889 2211 μύρων,
2931 2140 3023 2192 καὶ
3073 2140 3135 2209 δὴ
3173 2139 3267 2192 καὶ
3311 2139 3464 2200 ζώων
3500 2139 3593 2191 καὶ
3627 2138 3728 2205 τῆς

2151 2236 2261 2288 ἀπὸ
2319 2234 2428 2287 τῶν
2481 2237 2538 2287 ἐν
2595 2235 2780 2296 αὐτοῖς
2831 2232 3035 2300 μορίων
3091 2232 3379 2297 ὠφελείας,
3438 2230 3573 2283 ἀλλὰ
3634 2231 3729 2283 καὶ

2149 2328 2385 2397 δένδρων
2418 2327 2512 2378 καὶ
2539 2325 2687 2377 ὀπῶν
2717 2325 2813 2377 xai.
2841 2323 3114 2394 δακρύων,
3147 2324 3226 2375 ἔτι
3270 2323 3327 2374 δὲ
3375 2322 3592 2391 μέλιτος
3634 2324 3730 2375 καὶ

2155 2419 2427 2485 γάλακτος
2457 2419 2551 2471 καὶ
2587 2418 2829 2482 στέατος,
2862 2418 2956 2470 καὶ
2983 2417 3090 2468 τῶν
3116 2418 3462 2486 καλουμένων
3489 2434 3608 2485 σιτη
3618 2416 3730 2486 ρῶν

2151 2511 2247 2562 καὶ
2283 2508 2608 2578 λαχανικῶν,
2639 2509 2802 2577 ῥιζῶν
2835 2527 2892 2561 τε
2921 2510 2988 2572 ²¹,
3019 2508 3199 2575 φυτῶν
3241 2508 3336 2559 καὶ
3375 2507 3595 2576 θάμνων
3637 2509 3731 2559 καὶ

2156 2597 2415 2668 βοτανῶν,
2471 2597 2568 2649 ὃσα
2619 2613 2680 2648 τε
2727 2597 2909 2649 αὐτῶν
2959 2595 3020 2648 τὸ
3057 2595 3295 2666 χύλισμα
3352 2597 3429 2657 εἰς
3481 2595 3732 2664 ἰατρικὴν

2151 2689 2342 2760 χρείαν
2371 2687 2654 2740 συντελοῦν
2685 2685 2858 2756 ἔχειῆ
2900 2685 2990 2738 τὸν
3031 2687 3241 2753 καρπόν
3271 2700 3286 2713 ·
3338 2684 3465 2756 [208
3518 2683 3612 2754 1].]
3668 2685 3730 2736 οὐ

2155 2782 2261 2852 μὴν
2287 2780 2422 2834 ἀλλὰ
2451 2781 2544 2832 καὶ
2568 2779 2696 2849 περὶ
2722 2779 2877 2830 οἴνων
2907 2778 3128 2830 καὶτῶν
3153 2777 3502 2846 καλουμένων
3528 2775 3733 2846 μεταλ-

2153 2873 2325 2927 λικῶν
2353 2875 2438 2942 ἐφ’
2466 2873 2649 2926 ἱκανὸν
2673 2871 3054 2939 διαλαμϐάνει.
3085 2871 3194 2922 Καὶ
3218 2869 3325 2921 τῶν
3346 2886 3408 2936 γε
3434 2870 3731 2930 πλείστων,

2153 2960 2229 3020 ὧν
2263 2963 2528 3036 προύθετο
2569 2963 2769 3031 λέγειν,
2817 2958 2953 3026 εἶδός
2983 2978 3043 3016 τε
3085 2964 3180 3015 καὶ
3229 2961 3390 3030 φύσιν
3427 2962 3520 3014 καὶ
3565 2961 3736 3014 τόπον

2154 3059 2423 3129 γενέσεως
2455 3060 2535 3120 είς
2573 3057 2634 3110 τὸ
2671 3055 2899 3126 ἁκριόὲς
2922 3056 3058 3123 πρὸς
3090 3055 3384 3122 ἐπίγνωσιν
3415 3053 3510 3105 τοῦ
3535 3054 3735 3122 ζητου-

473 3153 825 3216 gnoscantur,
885 3155 1138 3200 accurate
1185 3145 1458 3199 describit.
1523 3145 1743 3199 Parcius
1794 3146 2052 3199 duntaxat

2158 3153 2318 3223 μένου
2348 3151 2653 3221 ἀναγράφει
2675 3166 2689 3182 ο
2721 3149 2808 3202 ἐπ’
2845 3148 3066 3201 ἔλαττον
3109 3147 3166 3200 δὲ
3201 3149 3298 3218 τὴν
3332 3146 3523 3215 χρείαν
3562 3146 3738 3215 μόνην

474 3255 635 3296 usum
670 3239 747 3292 rei
805 3239 1086 3308 cujusque,
1136 3237 1421 3306 minusque
1473 3246 1723 3291 accurate
1769 3238 2050 3292 historiam

2155 3245 2188 3316 ἢ
2230 3245 2330 3297 οὐκ
2382 3242 2588 3312 ἀκριϐῆ
2627 3241 2727 3310 τὴν
2785 3240 3026 3312 ἱστορίαν
3073 3239 3403 3309 ὑπογράφει.
3450 3237 3622 3290 Οίνων
3670 3236 3736 3288 δὲ

471 3332 716 3386 ascribit.
748 3329 1010 3390 Vinorum
1061 3331 1184 3384 item
1217 3329 1428 3383 varium
1473 3330 1524 3384 in
1565 3330 1648 3384 his
1680 3331 1861 3398 prodit
1888 3346 2053 3399 appa-

469 3432 672 3476 ratum.
726 3422 896 3476 Sexto
959 3432 1140 3474 autem
1209 3420 1348 3475 libro
1403 3420 1472 3475 de
1519 3421 1586 3474 iis
1644 3421 2056 3475 medicamentis

473 3511 713 3578 disserit,
740 3526 858 3580 qtue
886 3521 977 3563 aut
1013 3511 1173 3564 noxia
1207 3521 1354 3576 sunt,
1387 3522 1482 3564 aut
1504 3511 1781 3565 salutaria.
1811 3511 2053 3579 Septimo

473 3605 710 3674 denique
743 3615 799 3658 et
843 3604 1000 3671 hujus
1045 3603 1225 3672 eperis
1257 3602 1368 3673 (18)
1418 3603 1631 3665 ultimo,
1661 3614 2052 3658 venenatorum

473 3697 829 3752 animantium
862 3695 1138 3750 historiam
1180 3695 1388 3760 scribit,
1440 3710 1504 3750 ac
1550 3710 1647 3763 per
1677 3709 1924 3763 quaenam
1963 3695 2055 3764 qui

475 3789 530 3842 in
555 3789 746 3842 horum
777 3787 995 3857 aliquod
1037 3787 1347 3850 inciderint,
1375 3796 1468 3839 aut
1499 3786 1794 3856 perfectam
1831 3789 2058 3841 medici-

477 3895 627 3944 nam,
661 3889 755 3933 aut
784 3879 1047 3948 quidquid
1079 3879 1272 3932 saltem
1320 3879 1497 3932 solatii
1530 3878 1709 3933 aﬂ'erri
1739 3881 1925 3947 possit,
1967 3896 2056 3932 re-

477 3973 712 4039 periant.
753 3971 930 4037 Atque
985 3969 1071 4023 hic
1129 3970 1277 4036 Operi
1330 3969 1455 4023 huic
1499 3984 1691 4038 scopus
1741 3971 2054 4040 pra-figitur.

483 4064 636 4128 Quod
676 4063 1026 4116 utilissimum
1081 4075 1216 4114 sane
1243 4070 1347 4128 est,
1410 4076 1513 4115 non
1568 4063 1788 4117 medicze
1846 4070 2056 4116 tantum

477 4150 728 4206 facultati
793 4151 1014 4214 deditis,
1081 4163 1266 4203 verum
1324 4150 1488 4204 etiam
1549 4151 1935 4218 pbilosophicae
1991 4166 2057 4205 ac

478 4245 715 4316 physica:
763 4243 1118 4312 speculationi
1167 4243 1410 4297 intentis.
1461 4242 1582 4298 Jam
1618 4253 1884 4314 quotquot
1936 4254 2058 4314 post

482 4337 629 4388 illum
661 4336 727 4389 de
776 4334 1110 4402 simplicibus
1156 4335 1567 4388 medicamentis
1617 4335 1906 4401 scripsisse
1954 4336 2056 4390 visi

478 4437 626 4492 Sunt,
681 4426 769 4479 alii
810 4425 1006 4479 librum
1060 4425 1203 4480 hunc
1252 4425 1515 4479 duntaxat
1574 4427 2051 4494 transcripserunt,

2154 3337 2445 3406 διαφόρους
2508 3333 2878 3403 παραδίδωσιν
2937 3333 2994 3383 ἐν
3043 3331 3256 3390 τούτοις
3314 3329 3606 3391 σκευασίας
3660 3330 3733 3379 ³³.

2157 3426 2286 3499 [401'
2309 3425 2403 3497 IL]
2445 3425 2532 3477 Ἐν
2567 3427 2746 3494 μέντοι
2777 3422 2855 3492 τῷ
2883 3428 2934 3486 ς’
2965 3424 3094 3492 περὶ
3125 3420 3432 3491 φαρμάκιον
3455 3419 3734 3482 διέξεισιν,

2154 3521 2254 3572 ὅσα
2281 3519 2341 3572 τέ
2365 3522 2479 3570 εστι
2501 3516 2609 3568 τῶν
2637 3516 2977 3584 δηλητηρίων
3005 3515 3097 3565 καὶ
3117 3514 3215 3565 ὅσα
3238 3512 3343 3563 τῶν
3369 3511 3729 3575 ἁλεξικάκων·

2155 3613 2215 3663 ὲν
2247 3610 2304 3663 δὲ
2327 3609 2405 3679 τῷ
2441 3611 2485 3674 ζ’
2525 3609 2618 3661 καὶ
2641 3608 2740 3675 τῆς
2769 3606 2896 3673 ὅλης
2939 3604 3249 3678 προθέσεως
3274 3603 3566 3672 τελευταίῳ
3598 3603 3734 3672 περὶ

2156 3702 2264 3756 τῶν
2324 3701 2543 3753 ἰοϐόλων
2590 3698 2745 3762 ζώων
2797 3701 2897 3766 τὴν
2948 3697 3191 3766 ἱστορίαν
3243 3698 3497 3758 ποιεῖται,
3543 3689 3623 3756 οἷς
3671 3712 3735 3745 τε

2157 3792 2207 3844 οἱ
2256 3790 2738 3859 περιπεπτωκότες
2779 3790 2884 3840 τινὶ
2926 3787 3135 3840 τούτων
3164 3786 3261 3857 τὴν
3289 3785 3522 3856 δυνατὴν
3557 3772 3738 3855 παρα-

2161 3883 2362 3952 μυθίαν
2391 3882 2423 3952 ἢ
2455 3883 2548 3936 καὶ
2576 3881 2788 3933 τελείαν
2829 3881 3127 3950 εὑρήσουσι
3163 3877 3482 3946 θεραπείαν.
3539 3875 3596 3928 Ὀ
3635 3877 3738 3943 μὲν

2157 3973 2250 4028 οὖν
2277 3975 2498 4042 σύμπας
2527 3972 2620 4025 τοῦ
2657 3972 2862 4042 βιϐλίου
2897 3973 3098 4036 σκοπὸς
3133 3967 3305 4034 οὗτος,
3351 3971 3623 4039 χρήσιμον
3676 3967 3736 4018 δὲ

2158 4065 2220 4119 τδ
2258 4065 2458 4134 βιϐλίον
2497 4067 2558 4118 ού
2616 4067 2753 4136 πρὸς
2798 4065 3048 4134 ἰατρικὴν
3089 4062 3402 4132 φιλοπονίαν
3455 4061 3500 4092 ⁸³
3553 4059 3733 4128 μόνον,

2159 4157 2295 4210 ἀλλὰ
2327 4159 2591 4227 καὶπρὸς
2623 4157 2984 4227 ἐμφιλόσοφον
3036 4156 3131 4208 καὶ
3185 4152 3421 4223 φυσικὴν
3479 4150 3732 4219 θεωρίαν.

2159 4248 2270 4301 Καὶ
2286 4249 2399 4300 ὅσοι
2428 4248 2484 4300 δὲ
2519 4248 2636 4316 μετ’
2661 4247 2826 4300 αὐτὸν
2857 4246 2984 4315 περὶ
3001 4245 3188 4298 ἁπλῶν
3215 4242 3520 4311 φαρμάκων
3550 4239 3736 4301 ἔδοξαν

2159 4335 2416 4405 γράφειν,
2449 4339 2496 4389 οἱ
2531 4336 2631 4406 μὲν
2661 4335 3008 4405 μετέγραψαν
3046 4333 3205 4400 μόνον
3243 4333 3304 4384 τὸ
3334 4329 3558 4399 βιϐλίον,
3602 4329 3647 4380 οἱ
3679 4328 3736 4379 δὲ

2166 4424 2289 4476 οὐδὲ
2317 4424 2420 4476 κᾶν
2445 4427 2509 4494 τῇ
2546 4425 2871 4494 μεταγραφῇ
2908 4422 2953 4453 ’³
2990 4421 3051 4474 τὸ
3079 4419 3304 4489 ἀκριϐὲς
3343 4417 3604 4469 διασῶσαι
3635 4433 3734 4466 πε-

481 4519 602 4572 aliis
650 4532 717 4572 ne
761 4518 814 4572 in
867 4519 981 4585 ipsa
1027 4517 1250 4585 quidem
1305 4533 1401 4572 sua
1433 4516 1732 4586 scriptione
1781 4520 2052 4574 accuratio

2162 4517 2536 4587 φροντίκασιν,
2564 4514 2701 4569 ἀλλὰ
2747 4513 2845 4567 καὶ
2887 4515 2933 4545 ’⁵
2977 4513 3278 4581 κατέτεμον
3329 4509 3389 4562 τὸ
3441 4508 3734 4576 ὀλόκληρον

482 4624 628 4664 cura:
669 4608 804 4674 fuit;
844 4608 938 4662 sed
989 4608 1297 4660 universam
1355 4609 1420 4661 de
1467 4608 1697 4676 singulis
1753 4609 2053 4664 doctrinam

484 4705 906 4771 discerpserunt,
953 4701 1080 4753 dum
1139 4698 1398 4763 formam,
1439 4711 1685 4754 naturain
1767 4711 1822 4756 et
1875 4711 2054 4756 ortum

483 4792 810 4858 simplicium
849 4790 1079 4845 seorsim
1137 4789 1441 4858 colligunt;
1475 4791 1810 4857 seorsimque
1841 4806 2055 4844 rursum

485 4901 549 4939 ac
580 4885 792 4940 divisim
828 4897 982 4936 nsum
1041 4892 1096 4936 et
1117 4883 1404 4937 utilitatem
1439 4881 1798 4949 perscribunt.
1821 4881 2058 4935 Alexan-

482 4978 582 5031 der
636 4971 1116 5047 [Aphrodisiensis]
1171 4988 1324 5036 vero,
1357 4973 1555 5027 Paulus
1602 4970 2058 5044 [Egineta],Ae-

486 5069 612 5132 tius,
647 5067 960 5135 similesque
985 5081 1054 5120 ne
1081 5065 1268 5118 formae
1293 5064 1514 5132 quidem
1553 5064 1814 5117 rationem
1857 5065 2058 5117 habue-

485 5171 649 5216 runt:
693 5159 787 5214 sed
824 5158 991 5212 solius
1040 5172 1170 5211 usus
1215 5171 1424 5210 summa
1478 5155 1744 5208 duntaxat
1773 5153 1936 5208 veluti
1966 5171 2058 5208 ca-

2157 4611 2257 4680 τῆς
2284 4610 2414 4680 περὶ
2444 4610 2674 4661 ἑκάστου
2715 4605 3086 4669 διδασκαλίας,
3122 4605 3291 4674 χωρὶς
3329 4604 3427 4673 μὲν
3465 4598 3600 4662 εἶδος
3640 4600 3733 4651 καὶ

2163 4703 2327 4772 φύσιν
2361 4701 2456 4755 καὶ
2477 4701 2692 4767 γένεσιν
2717 4699 2826 4751 τῶν
2858 4697 3043 4750 ἁπλῶν
3084 4697 3519 4768 συναγείροντες,
3565 4696 3732 4761 χωρὶς

2159 4794 2217 4846 δὲ
2257 4793 2354 4847 καὶ
2395 4791 2818 4862 μεμερισμένως
2839 4789 2937 4860 τὴν
2981 4788 3171 4860 χρείαν
3205 4788 3300 4840 καὶ
3329 4786 3598 4856 ὠφέλειαν
3619 4784 3735 4835 δια-

2162 4884 2486 4954 γράφοντες.
2538 4882 2884 4952 Ἀλέξανδρος
2913 4881 2969 4933 δὲ
3011 4880 3108 4933 καὶ
3138 4879 3349 4941 Παῦλος
3390 4878 3483 4930 καὶ
3535 4877 3735 4936 Ἀέτιος

2165 4975 2264 5028 καὶ
2291 4977 2340 5026 οί
2363 4974 2598 5027 τοιοῦτοι
2636 4973 2756 5026 οὐδὲ
2789 4972 2881 5024 τοῦ
2919 4970 3093 5032 εἴδους
3124 4970 3280 5037 λόγον
3325 4969 3529 5032 ἔθεντο,
3569 4967 3736 5035 μόνην

2163 5065 2220 5118 δὲ
2275 5066 2374 5135 τὴν
2419 5066 2606 5136 χρείαν
2640 5063 3154 5136 ἀκρωτηριάσαντες
3199 5065 3311 5124 τοῖς
3350 5059 3500 5122 ἰδίοις
3541 5057 3735 5110 συντά-

2163 5174 2368 5227 γμασιν
2402 5158 2745 5222 ὲναπέθεντο,
2777 5157 2826 5209 εί
2858 5156 2952 5210 καὶ
2985 5155 3180 5224 Παύλῳ
3200 5154 3260 5207 οὐ
3295 5153 3453 5223 μόνον
3484 5151 3633 5204 οὐδὲν
3663 5143 3739 5202 ὧν

1723 5284 1962 5339 VARIIE
2017 5286 2430 5346 LECTIONES.

1321 5376 1367 5409 ²¹
1404 5376 1792 5438 διασκευασίας
1817 5393 1877 5438 ς.

579 5387 622 5418 ¹¹
651 5401 712 5436 τε
739 5382 824 5454 φ.]
852 5400 910 5434 τε
939 5381 1036 5434 καὶ
1066 5396 1124 5447 φ.
1155 5396 1216 5442 ς.
1321 5381 1367 5409 ²¹
1404 5381 1792 5438 διασκευασὶας
1817 5393 1877 5438 ς.

615 5456 676 5501 τὸ
715 5455 940 5501 manifsta
972 5451 1383 5501 πεφρονήκασιν
1413 5463 1474 5501 ς.
1551 5448 1594 5478 ’⁵
1628 5449 1723 5498 καὶ
1755 5447 1881 5501 add.
1911 5445 1978 5501 A.

489 5472 578 5510 σαι
615 5456 676 5509 τὸ
715 5451 940 5523 ὰκριὄὲς
972 5451 1383 5520 πεφρονήκασιν
1413 5463 1474 5509 ς.

1995 5380 2039 5410 ’³
2082 5382 2396 5449 φιλοπονίαν
2427 5382 2470 5434 Α
2497 5399 2509 5435 ε
2545 5380 2860 5451 φιλοσοφίαν
2889 5398 2947 5444 ς’

3044 5379 3088 5411 ³³
3116 5382 3181 5450 τῇ
3209 5380 3393 5449 γραφῇ
3425 5380 3466 5430 A
3497 5395 3511 5430 :
3542 5374 3737 5426 διασῶ-

1999 5555 2234 5610 ΝΟΤΑο.

561 5659 672 5724 (Π)
707 5657 773 5712 Ut
804 5655 926 5710 libri
954 5656 1083 5708 editi
1116 5660 1527 5724 repraesentant.

562 5720 671 5795 (I9)
703 5729 817 5794 Ipse
865 5720 1218 5795 Dioscorides
1255 5724 1374 5795 libri
1426 5738 1474 5774 νι
1534 5720 1804 5795 Prommio
1856 5728 2066 5795 sextum

497 5789 667 5867 ipsum
700 5789 901 5852 diserte
938 5797 1127 5850 statuit
1171 5794 1268 5862 τῆς
1307 5791 1432 5862 ὅλης
1470 5790 1846 5862 πραγματείας
1882 5789 2066 5841 τελευ-

2179 5651 2351 5702 ταῖον.
2390 5649 2689 5718 Septimum
2722 5660 2902 5702 autem
2930 5651 3070 5702 hunc
3094 5631 3158 5702 [in
3195 5650 3329 5702 duos
3357 5649 3513 5703 modo
3545 5649 3741 5704 distra'

2177 5733 2323 5775 ctum
2353 5720 2518 5775 libros
2560 5723 2613 5775 in
2649 5720 2877 5791 vulgatis
2909 5719 3306 5790 exemplaribus
3335 5722 3598 5775 videmus.
