4062 6496
301 361 404 429 59.1

1112 364 1648 425 BIBLIOTHECA.
1685 389 1755 400 --
1793 364 2011 424 CODD.
2056 364 2418 437 CLXXVIII,
2464 364 2772 425 CLXXIX.

3497 361 3602 427 522

298 475 699 547 Διοσκουρίδης
751 470 871 527 εἷπε
908 474 1007 543 τῆς
1052 475 1243 546 χρείας
1286 477 1568 544 παρεῖται,
1618 473 1755 528 ἀλλά
1810 472 1939 528 καί

2022 473 2118 538 uita
2158 473 2414 539 libantes,
2463 473 2577 527 suis
2627 487 2688 527 ea
2743 471 2961 542 scriptis
3010 471 3378 529 inseruerunt.
3412 475 3599 543 Quan-

298 562 373 623 ὧν
402 569 623 629 ἐκεῖνος
653 567 755 620 οὐκ
785 565 1053 637 ἐμνήσθη,
1091 568 1192 619 οὐκ
1235 565 1434 634 ὀλίγων
1467 568 1514 598 ’⁵
1550 568 1582 637 ἡ
1614 566 1774 637 χρεία
1815 565 1909 617 καὶ

296 661 359 712 τὸ
374 659 675 728 ’ὠφέλιμον
695 657 1085 727 συνηθροῖσθαι
1108 659 1197 710 ¹⁶⁴.
1216 658 1421 720 Ἀἑτιος
1442 657 1499 710 δὲ
1527 657 1665 726 μετά
1684 656 1778 710 τοῦ
1800 673 1908 724 μη-

296 752 385 805 δὲν
411 750 766 821 προσθεῖναι,
801 752 895 802 καὶ
934 749 1109 802 πολλά
1138 742 1213 802 ὧν
1241 750 1625 820 Διοσκουρίδης
1671 749 1909 819 ἔγραψεν

298 843 403 895 οὐκ
430 837 554 921 οἶδα
582 840 706 893 ἀνθ’
753 842 877 893 ὅτου
921 841 1225 911 παρῆλθεν.
1288 841 1427 895 Ἀλλ’
1464 841 1573 895 οὐδ’
1626 843 1656 894 ὁ
1704 841 1910 896 τούτων

296 935 477 989 δοκῶν
512 929 657 986 εἶναι
691 932 1205 1005 πλατυντικώτερος
1233 936 1278 967 ’⁷
1321 934 1630 1003 Ὀριόάσιος
1668 932 1907 1000 ἅπαντα,

304 1029 454 1081 ὅσων
492 1027 710 1096 μνήμην
742 1025 871 1095 ἔσχε
898 1027 1304 1097 Διοσκουρίδης,
1336 1030 1394 1081 ἐν
1428 1030 1550 1091 ταῖς
1579 1028 1737 1091 ἰδίαις
1782 1044 1910 1081 συν-

311 1122 570 1187 αγωγαῖς
612 1115 978 1187 ἀνεγράψατο,
1016 1116 1153 1170 ἀλλά
1196 1120 1291 1172 καὶ
1323 1120 1425 1189 τὴν
1470 1118 1662 1188 χρείαν
1699 1117 1795 1172 τοῦ
1833 1117 1909 1171 είσ

317 1211 452 1273 δους
480 1211 572 1264 καὶ
599 1210 688 1279 τῆς
727 1207 946 1277 φύσεως
980 1208 1199 1279 ἔτεμεν.
1241 1210 1350 1263 Καὶ
1380 1209 1621 1280 Γαληνὸς
1648 1210 1789 1279 μετά
1816 1209 1911 1263 τοῦ

325 1305 553 1358 πλεῖστα
574 1303 677 1355 τῶν
709 1301 952 1372 βοτανῶν
980 1302 1330 1372 παραλιπεῖν,
1367 1302 1534 1372 μόνην
1563 1300 1663 1373 τὴν
1682 1300 1911 1370 δύναμιν

325 1398 445 1468 ἦτοι
476 1396 572 1465 τὴν
610 1396 811 1466 χρῆσιν
850 1395 947 1448 καὶ⁵
989 1387 1066 1448 ὧν
1096 1394 1506 1464 ἐμνημόνευσεν
1542 1392 1773 1463 ἔγραφε,
1804 1392 1910 1461 ψυ-

322 1490 455 1559 χρὰν
481 1487 664 1539 αἰτίαν
682 1486 776 1541 τοῦ
804 1487 1160 1557 παραλιπεῖν,
1184 1481 1325 1551 εἶδός
1346 1503 1404 1539 τε
1430 1486 1524 1539 καὶ
1547 1489 1709 1554 φύσιν
1730 1484 1913 1538 αὐτῶν

317 1579 674 1643 ἀποδεδωκώς
698 1594 714 1610 ⁶
756 1579 933 1633 καίτοι
973 1579 1242 1651 περὶτῶν
1291 1577 1635 1649 μεταλλικῶν
1680 1576 1913 1647 διαλαμ-

218 1744 221 1745 ν
319 1674 521 1737 δάνων,
554 1672 653 1726 καὶ
683 1672 1108 1743 περιεργότερον
1139 1671 1173 1743 ἢ
1210 1670 1353 1724 κατὰ
1390 1669 1779 1739 Διοσκουρίδην
1824 1669 1907 1722 δι-

309 1765 535 1827 έλαϐεν,
591 1766 696 1818 οὐκ
730 1764 1000 1834 ἐλαχίστῳ
1051 1763 1208 1834 μέρει
1250 1760 1501 1815 οὐδὲτοῦ
1535 1760 1809 1833 χρησίμου
1853 1762 1912 1813 ὲν

306 1856 525 1919 τούτοις
562 1856 656 1910 τὸν
690 1856 857 1927 ἄνδρα
896 1855 1500 1927 παρευδοκιμούμενος,
1536 1856 1637 1908 οὐκ
1666 1855 1756 1907 ἐπὶ
1784 1871 1912 1906 τοσ-

304 1950 470 2004 οῦτον
510 1949 572 2003 δὲ
602 1950 693 2017 ἐφ’
720 1951 846 2003 ὅσον
897 1949 1029 2021 περὶ
1075 1949 1186 2003 τῶν
1239 1946 1479 2018 βοτανῶν
1521 1946 1667 2017 λόγῳ
1719 1948 1915 2016 ὁρᾶται

306 2040 505 2095 τούτου
536 2040 995 2111 ἀπολειπόμενος.
1038 2040 1227 2103 Ὥστε,
1278 2040 1380 2091 ὅσα
1425 2055 1489 2106 γε
1540 2038 1641 2107 ἐμὲ
1692 2036 1912 2101 εἰδέναι,

307 2136 391 2199 είς
425 2129 733 2203 ἐπίγνωσιν
780 2133 955 2195 είδους
992 2150 1053 2185 τε
1094 2133 1190 2185 καλ¹
1230 2131 1446 2199 φύσεως
1500 2133 1595 2183 καὶ
1644 2129 1916 2198 γενέσεως

308 2227 415 2281 οὐκ
444 2227 492 2260 ⁸³
529 2225 599 2281 ἄν
631 2243 716 2289 τις
735 2224 1166 2297 χρειωδεστέρου
1191 2223 1225 2295 ἢ
1258 2222 1641 2294 Διοσκουρίδου
1667 2219 1843 2293 τύχοι.

389 2409 555 2461 Ἔστι
580 2407 639 2460 δὲ
665 2406 695 2458 ὁ
725 2407 889 2477 ἀνὴρ,
937 2406 1013 2469 ὡς
1042 2405 1138 2458 καὶ
1163 2402 1404 2471 Γαληνὸς
1454 2398 1915 2472 ὲπιμαρτύρεται,

329 2500 706 2573 Ἀναζαρὸεύς
737 2518 751 2532 ’
786 2499 897 2569 ἐγὼ
948 2499 1007 2552 δὲ
1060 2497 1312 2568 ἐνέτυχόν
1368 2514 1509 2549 τισιν
1557 2496 1606 2548 οἳ
1659 2494 1919 2547 Πεδάνιον

319 2595 441 2665 ἅμα
478 2596 576 2649 καὶ
617 2593 957 2665 Ἀναζαρδέα
996 2594 1040 2626 ²⁹
1070 2595 1191 2655 ταῖς
1221 2592 1560 2661 ἐπιγραφαῖς
1591 2588 1917 2642 ἐπεκάλουν.

324 2686 553 2741 Πολλῶν
585 2686 763 2741 δὲκαὶ
790 2686 899 2757 πρὸ
936 2683 1105 2738 αὐτοῦ
1143 2684 1242 2753 τὴν
1278 2683 1451 2752 αὐτὴν
1481 2682 1743 2735 ὑπόθεσιν
1786 2698 1920 2750 συγ-

319 2781 708 2852 γεγραφότων,
766 2778 1160 2849 ἀκρισέστερος
1200 2778 1461 2831 ἁπάντων
1489 2775 1534 2807 ³ο
1579 2777 1674 2830 καὶ
1727 2792 1925 2847 χρειω-

315 2876 581 2947 δέστερος
614 2875 784 2946 πείρᾳ
814 2874 1168 2943 γινώσκεται.

1041 2962 1210 3016 ΡΟΘ’.

744 3056 1023 3127 Ἀταπίου
1053 3056 1221 3123 λόγοι
1252 3061 1301 3122 τ’
1335 3054 1434 3107 καὶ
1460 3059 1533 3108 κ’.

2012 579 2175 632 quam
2223 564 2421 617 Paulus
2472 579 2577 618 non
2631 564 2806 618 solum
2853 579 3064 630 eorum,
3105 579 3223 634 quae
3257 567 3602 624 Dioscorides

2014 656 2261 721 tradidit,
2312 671 2469 710 usum
2518 657 2744 712 minime
2797 657 3006 721 omisit,
3060 658 3155 711 sed
3193 666 3249 712 et
3280 660 3600 727 multorum,

2013 763 2242 819 quorum
2283 748 2371 803 ille
2414 764 2522 803 non
2553 750 2836 815 meminit,
2872 766 3032 805 usum
3076 750 3476 819 utilitatemque
3508 770 3573 807 ac

2014 841 2275 896 cumulat.
2312 843 2508 896 Aetius
2551 856 2682 898 vero
2729 852 3093 913 praeterquam
3137 844 3278 912 quod
3327 844 3458 898 nihil
3491 847 3601 915 ipse

2014 934 2196 998 addat,
2243 934 2408 988 multa
2458 934 2705 1003 insuper,
2757 950 2877 1004 quae
2911 937 3256 991 Dioscorides
3283 938 3601 1006 scripserat,
3644 936 3647 939 ’

2015 1027 2201 1081 nescio
2241 1041 2349 1095 quo
2403 1028 2634 1083 consilio
2682 1029 3048 1098 pra'termisit.
3112 1028 3184 1082 At
3241 1044 3417 1099 neque
3478 1028 3604 1085 Ori-
3686 1070 3691 1074 ρ

2014 1120 2220 1185 Dasius,
2246 1119 2336 1189 qui
2368 1120 2454 1174 his
2487 1121 2741 1175 omnibus
2789 1120 3009 1174 uberior
3041 1134 3161 1175 esse
3185 1120 3454 1186 videatur,
3485 1137 3603 1175 om-

2017 1213 2104 1266 nia
2140 1227 2371 1283 quorum
2424 1211 2775 1267 Dioscorides
2830 1211 3106 1276 meminit,
3156 1212 3210 1265 in
3264 1228 3361 1267 sua
3419 1213 3606 1267 retulit

2014 1304 2379 1371 collectanea;
2416 1306 2509 1359 sed
2546 1321 2701 1360 usum
2728 1321 2757 1359 a
2789 1303 2963 1359 forma
2999 1315 3301 1374 naturaque
3322 1304 3603 1372 disjunxit.

2013 1393 2252 1451 Galenus
2286 1396 2479 1468 lzﬂa
2520 1398 2649 1452 item
2686 1413 2806 1452 cum
2850 1397 3141 1452 herbarum
3195 1398 3358 1451 multa
3406 1413 3604 1467 genera

2015 1488 2289 1553 omiserit,
2356 1488 2667 1542 facultatem
2719 1494 3002 1556 duntaxat,
3053 1498 3148 1543 aut
3190 1504 3346 1543 usum
3396 1504 3604 1555 earum,

2014 1596 2247 1649 quarum
2282 1582 2500 1649 quidem
2557 1583 2824 1646 meminit,
2880 1584 3195 1652 descripsit,
3244 1583 3438 1654 frigida
3470 1598 3607 1636 sane

2015 1690 2201 1737 causa,
2238 1690 2337 1728 cur
2386 1675 2577 1728 harum
2614 1685 2670 1728 et
2714 1675 2966 1745 figuram,
3006 1686 3060 1729 et
3096 1685 3343 1729 naturam
3384 1686 3607 1743 praeter-

2019 1769 2250 1829 miserit,
2298 1767 2482 1822 allata.
2537 1767 2649 1821 Etsi
2701 1768 2769 1823 de
2817 1768 3104 1822 metallicis
3159 1768 3429 1823 curiosius
3477 1783 3608 1822 sane

2016 1873 2177 1929 quam
2208 1859 2557 1913 Dioscorides
2599 1847 2731 1927 egit,
2781 1874 2884 1912 non
2940 1860 3164 1912 minima
3211 1875 3278 1914 ex
3329 1872 3505 1929 parte,
3553 1872 3610 1915 et

2017 1952 2232 2019 quidem
2281 1951 2421 2015 utili,
2466 1950 2642 2004 virttm
2698 1950 2847 2004 illum
2891 1966 3178 2019 superans,
3230 1969 3335 2006 non
3366 1957 3501 2007 adeo
3525 1963 3609 2008 ta-

2019 2057 2162 2106 men,
2199 2054 2459 2112 quantum
2503 2044 2794 2097 herbarum
2835 2044 3025 2097 abillo
3067 2059 3229 2099 causa
3278 2046 3417 2099 vinci
3444 2048 3609 2101 vicis-

2017 2137 2120 2189 sim
2150 2135 2381 2190 tidetur.
2414 2135 2777 2202 Quamobrem
2814 2150 2932 2189 mea
2976 2136 3193 2204 quidem
3219 2139 3511 2203 sententia,
3542 2139 3609 2191 ad

2020 2229 2226 2299 figurae,
2252 2238 2481 2291 naturae,
2515 2237 2678 2298 atque
2708 2239 2863 2283 ortus
2916 2229 3355 2299 intelligentiam,
3392 2232 3614 2288 Diosco-

2020 2321 2136 2374 ride
2170 2336 2329 2376 nemo
2358 2320 2529 2375 facile
2548 2320 2733 2374 utilior
2769 2320 3100 2376 inveniatur.

2093 2408 2342 2481 scriptor
2407 2413 2519 2476 hic,
2573 2421 2632 2465 ut
2685 2420 2740 2467 et
2797 2413 3036 2468 Galenus
3096 2415 3207 2485 (19)
3263 2417 3606 2482 testiﬁcatur.

2021 2507 2427 2561 Anazarhensis
2485 2518 2590 2561 est.
2643 2506 2810 2561 Incidi
2872 2515 3051 2561 tamen
3102 2510 3392 2577 aliquando
3428 2510 3481 2563 in
3516 2525 3612 2564 eos

2022 2600 2210 2663 libros,
2242 2599 2332 2667 qui
2373 2597 2591 2653 Pedacii
2641 2598 2756 2667 (20)
2792 2599 2952 2652 simul
2990 2609 3045 2653 et
3084 2601 3385 2655 Anazarhei
3418 2617 3612 2655 nomen

2024 2693 2075 2745 in
2109 2691 2265 2745 titulo
2312 2690 2652 2760 praeferrent.
2715 2692 2979 2746 Omnibus
3029 2701 3229 2756 autem,
3259 2693 3351 2763 qui
3392 2706 3517 2748 ante
3551 2694 3615 2747 il-

2022 2783 2135 2837 lum
2173 2783 2327 2836 multi
2356 2798 2417 2837 ea
2463 2784 2528 2836 de
2566 2798 2625 2837 re
2663 2784 3028 2852 scripserunt,
3065 2784 3420 2839 accuratione
3450 2792 3616 2855 atque

2026 2876 2258 2931 utilitate
2290 2874 2623 2931 antecellere
2653 2875 2824 2929 videri
2860 2875 2975 2946 (21)
3008 2875 3212 2931 studet.

2680 2969 2967 3025 CLXXIX.

2557 3062 2751 3131 Agapii
2774 3062 2898 3114 libri
2921 3078 3083 3115 xxnt.

400 3152 537 3228 [209
572 3150 667 3225 [1.]
711 3148 1056 3219 Ἀνεγνώσθη
1089 3147 1184 3200 τοῦ
1225 3146 1455 3216 μισητωῧ
1488 3146 1580 3198 καὶ
1629 3142 1926 3206 δυσσεϐοῦς

2099 3151 2230 3222 Legi
2286 3151 2503 3223 Agapii,
2546 3152 2673 3204 odio
2727 3150 2875 3219 digni
2934 3162 3099 3219 atque
3154 3149 3303 3218 impii
3362 3151 3617 3213 hominis,

336 3246 607 3317 ’Δγαπίου
644 3243 873 3314 βιϐλίον,
929 3240 1139 3308 λογίδια
1171 3238 1427 3308 περιέχον
1473 3243 1521 3305 γ’
1565 3237 1659 3290 καὶ
1709 3244 1780 3299 κ’,
1830 3236 1924 3289 καὶ

318 3340 494 3414 ἔπρά
512 3356 637 3392 τινα
657 3338 699 3369 ³¹
732 3335 1005 3404 κεφάλαια
1044 3330 1206 3401 δῆθεν
1237 3330 1281 3400 β’
1307 3330 1405 3383 καὶ
1440 3336 1507 3401 ρ’,
1552 3331 1609 3381 ὲν
1638 3323 1718 3394 οἷς
1752 3327 1927 3382 ἆπασι

321 3433 581 3488 δείκνυσι
628 3428 728 3500 μὲν
756 3425 949 3480 ἑαυτὸν
987 3421 1420 3492 ὑποκρινόμενον
1470 3421 1644 3490 ὄνομα
1695 3420 1758 3473 τὸ
1799 3422 1929 3492 Χρι-

322 3521 590 3581 στιανῶν,
622 3518 795 3585 οὐδεὶς
821 3517 864 3569 δ’
896 3514 1040 3569 οὕτω
1070 3514 1136 3566 δι’
1167 3512 1346 3565 αὐτῶν
1375 3511 1600 3565 ἐκείνων
1641 3510 1926 3581 ἐλέγχεται

326 3612 690 3684 μισόχριστος
738 3606 835 3661 ὢν.
882 3605 1206 3675 Προσφωνεῖ
1230 3602 1287 3655 δὲ
1314 3603 1487 3656 ταῦτα
1536 3602 1777 3674 οὐρανίᾳ
1822 3602 1929 3653 τινὶ

321 3705 571 3775 τοῦνομα
611 3700 853 3772 γυναικὶ,
884 3696 1288 3768 συμφιλόσοφον
1312 3694 1706 3765 ἀποσεμνύνων
1731 3694 1925 3764 αὑτήν.

326 3800 520 3852 Πάντα
571 3794 707 3863 γοῦν
767 3790 1030 3845 τάναντία
1085 3787 1436 3855 δογματίζων
1491 3787 1587 3839 καὶ
1642 3786 1928 3857 κρατύνων

334 3886 708 3956 Χριστιανοῖς,
742 3881 871 3954 [404
905 3878 1002 3951 Ιί.]
1030 3879 1208 3949 ἀρχὴν
1238 3876 1486 3947 πονηρὰν
1514 3876 1927 3929 αὐθυπόστατον

336 3979 715 4047 ἀντανίστησιν
741 3976 800 4040 ἐξ
820 3974 992 4029 ἀϊδίου
1032 3970 1104 4041 τῷ
1133 3968 1272 4039 Θεῷ,
1308 3968 1374 4037 ἦν
1409 3968 1541 4020 ποτὲ
1584 3967 1684 4037 μὲν
1713 3967 1924 4036 φύσιν.

327 4073 523 4126 ἄλλοτε
550 4069 598 4121 δ’
621 4068 800 4135 ὕλην,
830 4065 924 4119 καὶ
948 4063 1137 4118 ἄλλοτε
1164 4061 1221 4113 δὲ
1245 4056 1524 4114 Σατανᾶν
1538 4059 1632 4111 καὶ
1650 4057 1929 4111 διάϐολον

328 4164 425 4217 καὶ
437 4162 706 4231 ἄρχοντα
728 4156 835 4211 τοῦ
852 4156 1083 4224 κόσμου
1102 4153 1196 4207 καὶ
1213 4151 1352 4206 θεὸν
1368 4149 1472 4203 τοῦ
1487 4148 1702 4215 αἰῶνος
1713 4149 1928 4202 τούτου

325 4256 428 4310 καὶ
482 4253 699 4325 μυρίοις
755 4252 799 4282 ³³
850 4248 1032 4310 ἄλλοις
1083 4245 1375 4300 ἀποκαλεῖ.
1434 4243 1675 4315 Ἀνάγκη
1718 4259 1779 4294 τε
1836 4244 1932 4295 καὶ

326 4349 575 4409 ἄκοντας
599 4345 725 4407 τοὺς
757 4340 1083 4414 ἀνθρώπους
1122 4339 1340 4392 πταίειν
1369 4336 1716 4400 διατείνεται,
1741 4333 1836 4387 καὶ
1870 4335 1932 4386 τὸ

328 4441 504 4510 σῶμα
529 4438 630 4508 τῆς
653 4434 867 4505 φαύλης
897 4432 1095 4503 μοίρας
1119 4426 1284 4497 εἶναι,
1315 4428 1418 4498 τῆς
1442 4428 1593 4489 θείας
1617 4426 1675 4479 δὲ
1702 4425 1802 4497 τὴν
1824 4425 1930 4495 ψυ-

2029 3258 2164 3313 0pus
2209 3243 2372 3297 trium
2416 3252 2471 3298 et
2512 3241 2699 3311 viginti
2756 3241 3085 3306 libellorum,
3123 3249 3177 3294 et
3210 3242 3313 3295 alia
3354 3252 3618 3310 praeterea

2028 3341 2207 3410 capita
2260 3339 2367 3392 duo
2418 3351 2579 3405 supra
2634 3344 2875 3388 centum.
2932 3332 3139 3399 Quibus
3184 3333 3437 3386 omnibus
3487 3335 3620 3385 satis

2034 3429 2300 3492 ostendit,
2342 3428 2478 3480 falso
2528 3442 2651 3480 eum
2683 3426 2787 3479 sibi
2820 3424 3113 3479 Christiani
3146 3438 3341 3477 nomen
3374 3423 3621 3501 vindica-

2032 3537 2113 3584 re,
2143 3534 2266 3573 cum
2302 3527 2483 3571 tantus
2535 3530 2693 3569 nemo
2720 3514 2964 3569 omnium
2995 3513 3195 3568 Christi
3229 3529 3358 3568 osor
3383 3523 3620 3582 quantus

2028 3613 2268 3683 Agapius
2316 3610 2398 3662 vel
2451 3624 2518 3663 ex
2550 3608 2636 3661 his
2692 3607 2824 3676 ipsis
2864 3606 3080 3668 libellis,
3135 3605 3616 3675 deprehendatur:

2034 3721 2173 3775 quos
2214 3703 2435 3760 Urania:
2481 3701 2699 3755 cuidam
2740 3699 2955 3753 femina:
2998 3706 3160 3752 secta:
3194 3713 3307 3751 suae
3341 3698 3621 3768 studiique

2031 3797 2214 3859 sociae,
2264 3796 2341 3849 uti
2394 3794 2583 3864 jactat,
2643 3791 2914 3845 inscribit.
2990 3788 3125 3843 Cum
3191 3790 3355 3858 igitur
3411 3790 3618 3843 nullum

2031 3890 2224 3957 dogma
2261 3885 2571 3939 introducat
2612 3891 2776 3951 atque
2803 3881 3109 3945 confirmet,
3144 3882 3286 3950 quod
3318 3898 3421 3934 non
3458 3881 3621 3935 Chri-

2031 3980 2224 4033 stianaa
2268 3975 2531 4031 doctrinae
2580 3975 2933 4033 adversetur,
2978 3972 3303 4040 principium
3347 3975 3619 4039 quoddam

2032 4072 2235 4127 malum
2272 4086 2369 4139 per
2397 4083 2455 4123 se
2481 4067 2806 4128 subsistens,
2834 4066 2902 4117 ab
2924 4075 3131 4118 :eterno
3162 4080 3283 4119 esse
3312 4064 3424 4119 Deo
3454 4081 3620 4135 oppo-

2034 4166 2200 4221 situm
2257 4164 2404 4227 vnlt,
2466 4159 2609 4230 quod
2672 4159 2942 4213 interdum
2995 4168 3279 4223 naturam,
3341 4161 3619 4217 aurarium

2036 4269 2447 4323 nonnunquam,
2523 4252 2659 4304 alias
2740 4249 2905 4303 etiam
2972 4248 3253 4314 Satanam,
3325 4249 3617 4310 diabolum.

2036 4346 2218 4402 mundi
2290 4344 2603 4414 principem,
2678 4340 2862 4393 διεταιὶ
2920 4339 3078 4408 hujus
3133 4340 3311 4403 deum,
3391 4340 3621 4408 aliisque

2036 4438 2310 4493 sexcentis
2332 4434 2571 4505 appellat
2603 4432 2937 4485 nominibus.
2975 4431 3163 4483 Tradit
3185 4431 3394 4495 adhaec,
3425 4446 3619 4485 neces-

327 4536 459 4605 χὴν,
494 4534 590 4586 καὶ
636 4530 920 4601 ὁμοούσιον
950 4526 1072 4598 (φεῦ
1101 4529 1202 4597 τῆς
1230 4524 1427 4595 μανίας
1451 4525 1504 4589 !)
1538 4521 1620 4591 τῷ
1648 4519 1787 4591 Θεῷ.
1821 4519 1932 4589 Τὴν

2037 4530 2185 4585 sario
2237 4539 2403 4598 atque
2467 4526 2669 4580 invitos
2716 4537 2946 4594 peccare
3001 4522 3290 4575 homines:
3324 4532 3379 4575 ct
3424 4536 3623 4589 corpus

330 4628 389 4679 δε
416 4626 659 4679 παλαιὰν
683 4622 905 4693 Γραφὴν
933 4618 1210 4689 κωμῳδεῖ,
1234 4614 1477 4670 Μωῡσέα
1496 4614 1540 4645 ³³
1556 4630 1616 4665 τε
1641 4612 1825 4677 αὐτὸν,
1844 4614 1939 4664 καὶ

2032 4620 2324 4677 deterioris
2356 4632 2478 4673 esse
2506 4616 2700 4687 partis,
2740 4615 2938 4668 divinae
2970 4628 3099 4667 vero
3128 4628 3276 4667 aura:
3298 4614 3622 4681 particulam

328 4725 488 4786 τοὺς,
509 4720 823 4790 προφήτας,
859 4714 955 4768 καὶ
1008 4713 1073 4782 δὴ
1110 4712 1210 4765 καὶ⁹
1262 4711 1355 4763 τὸν
1387 4709 1695 4779 πρόδρομον
1724 4707 1753 4758 ὁ
1790 4722 1939 4776 cpta—

2030 4728 2153 4769 esse
2173 4712 2436 4774 animam,
2487 4719 2647 4778 atque
2682 4707 2736 4777 (ο
2767 4709 3041 4776 ingentem
3081 4704 3441 4776 amentiam!)
3472 4705 3623 4774 ejus-

332 4814 525 4875 ἅθλιος
552 4807 874 4881 δυσφημῶν’
917 4805 1149 4860 ἀνάπτει
1170 4821 1230 4857 τε
1268 4802 1493 4865 τούτους
1529 4801 1625 4856 καὶ
1648 4800 1826 4854 πάντα
1860 4801 1931 4851 τὰ

2031 4806 2157 4862 dem
2205 4820 2329 4858 cum
2382 4804 2493 4857 Deo
2544 4812 2772 4855 naturae.
2822 4801 2991 4855 Vetus
3031 4798 3155 4854 dein
3210 4798 3622 4854 Testamentum

334 4905 395 4957 ὲν
423 4905 494 4974 τῇ
527 4901 736 4971 παλαιᾷ.
768 4898 1069 4967 λελεγμένα
1104 4913 1167 4949 τε
1199 4895 1293 4947 καὶ
1324 4892 1694 4963 πεπραγμένα
1734 4890 1800 4962 (ὣ
1827 4890 1931 4958 τῆς

2034 4896 2244 4957 irridet,
2280 4908 2346 4947 ac
2376 4892 2599 4963 Moysen
2645 4892 2823 4960 ipsum
2868 4905 2991 4943 cum
3035 4890 3349 4957 prophetis;
3398 4890 3531 4959 quin
3571 4902 3627 4943 et

331 4996 631 5061 ἀθεότητος
657 4994 693 5061 ί)
713 4994 779 5063 τῇ
818 4990 1021 5061 χείρονι
1058 4988 1154 5042 καὶ
1186 4985 1547 5055 ἀντικειμένῃ
1580 4984 1660 5054 τῷ
1683 4984 1803 5055 Θεῷ
1835 4984 1934 5051 ἀρε

2036 4986 2249 5041 Domini
2310 4998 2701 5055 praecursorem
2766 4980 3106 5036 miSerrimus
3159 4980 3249 5035 ille
3299 4982 3622 5035 subsannat.

336 5097 431 5164 χῇ.
464 5093 577 5147 Καὶ
607 5091 670 5142 τὸ
701 5090 760 5141 ὲν
801 5086 1121 5157 παραδείσῳ
1151 5084 1320 5153 φυτὸν
1357 5082 1448 5134 τὸν
1503 5080 1737 5150 Χριστὸν
1791 5073 1934 5132 εἶναι

2037 5078 2148 5134 Hos
2177 5088 2359 5132 autem
2388 5078 2556 5146 ipsos,
2591 5085 2647 5130 et
2676 5073 2889 5128 Veteris
2914 5073 3248 5127 Testatnenti
3284 5074 3427 5128 dicta
3454 5072 3627 5126 facta-

336 5184 713 5254 τερατολογεῖ,
771 5180 829 5234 ὃν
879 5181 975 5233 καὶ
1020 5178 1228 5248 χείλεσι
1291 5176 1392 5237 μὲν
1442 5175 1609 5244 τιμᾷν
1656 5170 1932 5241 ὁμολογεῖ,

2038 5188 2146 5242 que
2195 5171 2379 5225 omnia
2426 5173 2498 5240 (ο
2551 5169 2880 5238 impietatem
2904 5166 3229 5237 summam!)
3271 5166 3413 5219 malo
3452 5165 3531 5219 illi
3564 5177 3624 5221 et

336 5281 525 5351 ἔργοις
574 5277 631 5329 δὲ
670 5277 767 5328 καὶ
793 5274 972 5341 δόξαις
1004 5269 1117 5325 οὐδ’
1175 5268 1294 5321 ἔστι
1344 5267 1529 5335 λόγοις
1581 5265 1933 5336 παραστῆσαι

2040 5281 2164 5318 cum
2195 5263 2306 5317 Deo
2330 5264 2587 5332 pugnanti
2641 5259 2907 5329 principio
2936 5258 3184 5315 ascribit.
3221 5257 3464 5312 Paradisi
3490 5272 3626 5327 quo-

1622 5376 1861 5432 VARUE
1887 5376 2300 5433 LEC'I‘IONES.

414 5489 464 5519 ²⁶
494 5485 653 5555 ὀλίγη
688 5497 837 5537 corr.
872 5482 933 5533 A.
985 5481 1053 5509 “'
1084 5474 1450 5547 συνηθροίσθη
1481 5490 1541 5536 ς.
1616 5471 2121 5555 ’ἱπλοιτυιιὼᾑτψος
2320 5469 2365 5499 ’⁸
2394 5467 2660 5555 (ξύ-κῖιτῶχ
2705 5467 2828 5553 eod:
2868 5468 3232 5555 suprascript.
3256 5467 3386 5555 Eoi,
3420 5470 3521 5522 οὐκ
3552 5473 3620 5526 Α.

337 5563 384 5594 ²⁹
419 5537 690 5613 Πεδαιίιὸν
722 5554 819 5606 καὶ
855 5537 1282 5620 Ἀναϐαρζέα’ς’.
1325 5546 1369 5575 ³⁰
1396 5537 1678 5612 ἁπάντων]
1712 5541 1807 5592 ἀπ’
1833 5542 2015 5594 αὐτῶν
2033 5537 2108 5595 Ἀ.
2143 5542 2183 5572 ³⁸
2211 5558 2334 5593 τινα
2360 5540 2486 5593 add.
2507 5537 2584 5591 Ἀ.
2615 5537 2660 5567 ³¹
2689 5539 2919 5609 μυρίους
2946 5538 3139 5601 ἄλλους
3168 5554 3229 5601 ς.
3254 5538 3298 5569 ³³
3325 5540 3530 5593 Μωσεα
3557 5556 3620 5607 ς,

1875 5631 2105 5689 NOTAE.

413 5744 530 5818 uti)
564 5742 685 5797 Lib.
716 5755 767 5793 vr
805 5736 994 5818 simpl.
1040 5734 1317 5818 medicam.
1356 5732 1645 5818 Tironem-io.

418 5802 536 5889 120')
567 5817 685 5882 Quo
735 5809 893 5865 modo
923 5808 975 5860 in
1015 5806 1249 5874 vulgatis
1286 5804 1445 5858 hodie
1475 5806 1705 5873 legimus
1734 5802 1903 5858 Πιδα-

667 5906 939 5967 ΡΑτιιοι..
985 5902 1106 5963 Gtt.
1137 5900 1299 5962 Clll.

2042 5726 2574 5803 xiou__A_tocxopi60u_
2603 5726 2983 5803 ξᾼναζαρὸἐως
3011 5730 3142 5801 περὶ
3186 5727 3317 5803 ὅλης
3351 5731 3621 5803 ἰατρικῆς,

2093 5799 2204 5870 (21)
2242 5798 2392 5854 Libri
2414 5798 2578 5869 primi
2605 5799 2903 5854 Ριόωιιιίο.

3153 5900 3229 5956 1Ἷ
