4062 6446
490 364 596 428 523

1630 362 1892 422 ΡΙῘΟΤΙΙ
1938 354 2451 420 ΡΑΤΙὶΙΛΒΟΗίΕ
2490 351 2599 413 CP.

3636 352 3733 414 524

492 500 597 554 que
628 483 881 537 arborem
931 480 1073 535 illam
1118 480 1394 534 Christum
1421 494 1545 535 esse
1580 478 1875 544 fabulatur,
1908 493 2067 548 quem

2191 479 2298 528 ὅσον
2316 474 2648 544 βλασφημεῖ.
2678 470 2788 523 Καὶ
2826 468 3035 539 Τριάδα
3061 468 3118 521 δὲ
3152 468 3217 499 ³³”
3248 466 3528 537 ὁμοούσιον
3559 468 3586 519 ὁ
3612 486 3737 523 κατ.

490 578 590 631 etsi
642 591 739 629 ore
769 574 984 642 quidem
1042 573 1286 625 venerari
1339 586 1397 626 se
1443 572 1617 641 ﬁngit,
1674 571 1833 625 factis
1892 581 2070 624 tamen

492 668 626 733 ipsis
654 675 707 717 et
737 663 1104 732 Opinionihus,
1162 674 1420 732 quantum
1467 663 1695 731 exprimi
1724 664 1904 716 verbis
1930 662 2072 717 haud

491 766 693 825 potest,
714 754 1071 822 blasphemat.
1091 752 1418 808 Trinitatem
1458 753 1682 821 insuper
1708 754 2072 808 consubstan-

496 848 675 903 tialem
710 847 870 901 fateri
906 861 965 901 se
999 847 1179 900 dicere
1225 846 1386 900 audet
1428 849 1796 901 exsecrandus
1841 846 1948 908 ille,
1978 845 2071 900 sed

492 941 599 995 hoc
638 940 800 1007 impie
842 954 905 993 ac
945 936 1238 1003 malitiose,
1278 948 1595 1007 tantumque
1622 947 1679 991 ut
1713 938 1928 1005 pietatis
1958 939 2074 993 his-

491 1047 555 1086 ce
604 1031 880 1085 vocabulis
933 1029 1197 1098 decipiat,
1260 1029 1561 1098 simplicius
1606 1044 1668 1085 ac
1718 1028 1909 1101 lzﬁb
1966 1029 2071 1083 mi-

494 1139 595 1177 nus
632 1122 1024 1190 circumspecte
1067 1122 1132 1175 ad
1174 1135 1295 1176 eum
1343 1123 1686 1189 accedentes,
1720 1132 1887 1189 utque
1912 1121 2077 1189 pesti-

494 1217 639 1270 lenle
666 1216 933 1282 dogmatis
968 1228 1198 1280 veneno,
1241 1228 1303 1266 ac
1333 1214 1488 1282 quasi
1522 1213 1808 1267 dulcedine
1839 1214 2071 1282 quadam

495 1316 793 1374 temperata
834 1308 995 1371 atque
1040 1303 1362 1369 commista,
1410 1304 1569 1373 hujus
1618 1302 1738 1358 illos
1763 1318 1918 1356 noxae
1945 1317 2076 1357 con-

492 1395 671 1449 festim
706 1393 1018 1462 adimpleat.
1048 1393 1138 1448 Sic
1168 1402 1222 1447 et
1250 1409 1447 1463 corpus
1474 1407 1533 1447 se
1560 1393 1759 1448 Christi
1800 1394 2076 1449 honorare

495 1502 560 1540 ac
594 1487 891 1555 praedicare
938 1489 1035 1549 ait,
1072 1495 1129 1539 et
1164 1484 1438 1542 Christum
1491 1488 1638 1539 cruci
1683 1485 1923 1550 aﬂixum,
1968 1486 2076 1539 imo

497 1580 668 1648 ipsam
723 1594 963 1645 crucem,
1008 1579 1359 1649 baptismum,
1395 1579 1753 1648 sepulturam,
1798 1590 1957 1647 atque
1989 1595 2075 1633 re-

498 1675 888 1729 surrectionem
922 1672 1063 1742 ejus,
1092 1682 1535 1740 mortuorumque
1566 1674 1701 1727 adeo
1721 1674 1965 1727 omnium
1994 1689 2077 1728 re-

498 1766 889 1821 Snrrectionetn
933 1763 1317 1832 acjudicium;
1353 1773 1403 1817 et
1450 1773 1507 1816 ut
1533 1763 1702 1818 semel
1729 1764 1927 1831 dicam,
1967 1779 2079 1817 om-

2179 569 2379 636 άρατος
2445 564 2596 634 λέγει
2638 563 2736 633 μὲν
2785 562 3096 633 ὁμολογεῖν,
3148 559 3284 613 ἀλλά
3332 558 3602 621 δυσσεϐῶς
3651 561 3741 612 καὶ

2176 659 2524 730 κακούργως,
2584 657 2674 711 ἴνα
2720 655 2881 726 μόνον
2932 654 3108 724 κλέψῃ
3166 652 3266 721 τῆς
3312 652 3591 715 εὐσεϐείας
3635 656 3741 717 τοῖς

2177 759 2384 828 ῥήμασι
2409 752 2538 817 τοὺς
2567 751 2936 821 ἁπλούστερον
2958 747 3160 818 αύτῷῆ
3187 746 3558 816 ἀμαθέστερον
3587 764 3747 816 προσ-

2176 849 2378 912 ιόντας,
2432 846 2528 899 καὶ
2585 843 2676 896 τὸν
2705 842 2948 913 ὀλέθριον
2988 838 3082 893 τοῦ
3115 838 3386 907 δόγματος
3428 837 3505 889 ίὺν
3549 836 3746 901 τούτοις

2173 934 2285 993 οἷον
2321 937 2592 1006 γλυκάνας
2623 934 2717 989 καὶ
2771 932 3152 1005 κερασάμενος
3206 929 3401 999 ἀθρόον
3440 928 3541 996 τῆς
3592 930 3745 983 αὑτοῦ

2177 1029 2446 1101 πληρώσῃ
2473 1028 2671 1097 λύμης.
2700 1024 2859 1078 Οὕτω
2878 1024 2943 1094 δὴ
2974 1025 3069 1076 καὶ
3104 1020 3264 1092 σῶμα
3292 1020 3444 1089 λέγει
3474 1022 3636 1091 τιμᾷν
3665 1024 3748 1074 καὶ

2181 1126 2483 1196 κηρύσσειν
2514 1121 2773 1193 Χριστοῦ,
2808 1122 2903 1173 καὶ
2933 1117 3169 1191 Χριστὸν
3196 1114 3627 1186 ἐσταυρωμένον,
3665 1118 3751 1169 καὶ

2178 1215 2413 1287 σταυρὸν
2439 1214 2530 1268 καὶ
2560 1214 2866 1282 βάπτισμα,
2891 1208 2984 1262 καί⁹
3003 1205 3180 1278 ταφὴν
3214 1202 3477 1275 Χριστοῦ,
3510 1202 3605 1256 καὶ
3631 1203 3753 1255 ἀνά-

2180 1327 2389 1369 στασιν,
2414 1308 2505 1360 καὶ
2537 1305 2749 1375 νεκρῶν
2778 1304 3077 1356 ἀνάστασιν
3098 1298 3192 1353 καὶ
3219 1296 3401 1366 κρίσιν
3419 1309 3434 1323 ⁶
3455 1294 3550 1348 καὶ
3581 1294 3753 1357 ἁπλῶς

2180 1402 2365 1472 σχεδὸν
2384 1400 2598 1453 ἅπαντα
2619 1398 2688 1449 τὰ
2701 1397 2799 1466 τῆς
2820 1392 3102 1454 εὐσεϐείας
3118 1390 3215 1444 καὶ
3244 1388 3401 1459 παρά
3418 1387 3752 1457 Χριστιανοῖς

2177 1495 2420 1563 ὀνόματα
2448 1489 2535 1543 ἐπ’
2561 1487 2745 1549 ἄλλαις
2778 1486 2811 1556 ἢ
2843 1474 3095 1546 ὲκτόπὸις
3119 1482 3214 1535 καὶ
3239 1479 3575 1551 βδελυκταῖς,
3605 1476 3637 1546 ἢ
3666 1476 3748 1528 ἀλ-

2178 1586 2420 1647 λοκότοις
2445 1583 2540 1636 καὶ
2568 1582 2799 1651 μωραῖς,
2822 1579 2856 1649 ἢ
2877 1575 3243 1647 ἀναρμόστοις
3266 1572 3360 1626 καλ⁹
3384 1568 3754 1630 άνακολούθοις

2179 1678 2411 1740 ὲννοίαις
2445 1674 2773 1746 μεταφέρων
2806 1672 2902 1725 καὶ
2927 1668 3249 1740 περιτιθεὶς,
3278 1664 3422 1719 οὕτω
3441 1664 3538 1733 τὴν
3564 1661 3755 1713 οίκείαν

2181 1768 2438 1823 ἀσέϐειαν
2489 1766 2746 1836 πειρᾶται
2801 1760 3113 1832 κρατύνειν.
3162 1758 3273 1811 Καὶ
3321 1753 3577 1807 τοσοῦτον
3621 1751 3756 1819 αύτῷ

498 1859 587 1912 nia
620 1856 735 1912 fere
784 1857 1002 1927 pietatis
1036 1872 1099 1909 ac
1128 1855 1455 1910 Christianae
1500 1855 1783 1925 religionis
1813 1857 2077 1911 vocabula

2191 1862 2241 1914 τὸ
2270 1860 2427 1915 ἄθεον
2457 1858 2597 1929 μετά
2627 1854 2724 1908 τοῦ
2766 1854 2941 1907 δολίου
2976 1850 3367 1921 μεμελέτηται,
3423 1845 3564 1898 ὥστε
3617 1846 3755 1913 μῖσος

502 1950 573 2005 ad
631 1950 787 2012 alios,
853 1948 936 2003 vel
985 1949 1251 2003 absurdos
1306 1958 1468 2016 atque
1525 1949 1942 2014 abominandos,
1992 1949 2079 2003 vel

500 2042 707 2097 alienos
752 2055 817 2094 ac
842 2041 1056 2107 stultos,
1089 2040 1171 2094 vel
1212 2041 1424 2110 ineptos
1449 2049 1503 2095 et
1527 2040 1852 2111 incongruos
1889 2056 2081 2096 sensus

502 2130 840 2186 transferens
884 2139 1047 2198 atque
1086 2131 1392 2194 traducens,
1441 2145 1593 2183 suam
1618 2131 1692 2184 ita
1728 2130 1920 2184 nititur
1952 2145 2081 2184 con-

502 2223 723 2276 firmare
787 2222 1145 2289 impietatem.
1207 2218 1435 2275 Tantam
1492 2236 1621 2275 vero
1683 2222 1806 2277 dolo
1864 2224 2079 2277 mistam

506 2313 835 2380 impietatem
908 2313 1197 2365 meditatus
1263 2321 1368 2375 est,
1423 2322 1479 2365 ut
1552 2326 1675 2364 cum
1746 2312 2084 2368 intolerabile

504 2405 709 2466 odium,
742 2402 1049 2469 bellumque
1099 2403 1452 2472 implacabile,
1504 2414 1832 2474 cooperante
1865 2405 1937 2459 illi
1965 2406 2083 2460 dia-

506 2493 651 2559 bolo,
685 2509 807 2547 cum
839 2508 1051 2561 semper
1093 2493 1315 2563 Virgine
1347 2496 1511 2549 Maria
1555 2512 1619 2550 ac
1660 2506 1833 2550 matre
1880 2496 2081 2552 Christi

507 2588 601 2641 Dei
641 2588 813 2642 nostri
860 2599 1034 2657 gerat.
1077 2587 1255 2643 Mariae
1284 2598 1465 2643 tamen
1498 2606 1692 2645 nomen
1726 2606 1821 2662 per
1854 2592 2082 2645 simula-

507 2680 708 2733 tionem
751 2693 1035 2745 usurpare,
1098 2694 1327 2747 eantque
1360 2688 1584 2734 matrem
1630 2680 1834 2734 Christi
1863 2679 2087 2733 m'enda-

508 2772 647 2825 citer
679 2770 969 2840 appellare,
1014 2785 1113 2824 nec
1145 2771 1265 2837 Dei,
1296 2788 1394 2826 nec
1422 2773 1584 2826 ullius
1614 2772 1838 2826 omnino
1866 2772 2087 2841 pudoris

509 2871 658 2916 metu
705 2875 978 2916 vereatur.
1013 2862 1375 2930 Quamobrem
1411 2876 1464 2919 et
1493 2867 1858 2921 venerandam
1889 2865 2087 2921 saluti-

510 2953 794 3024 feramque
826 2954 1029 3008 Christi
1063 2972 1282 3011 crucem
1326 2958 1473 3013 mille
1510 2960 1772 3014 conviciis
1816 2961 2086 3025 lacerans,

510 3055 675 3117 atque
720 3048 785 3101 ad
824 3047 1040 3102 Judteos
1066 3050 1455 3118 propulsandos
1506 3053 1668 3107 telum
1710 3069 1805 3123 per
1831 3055 2089 3124 blasphe-

511 3138 676 3190 mium
732 3138 1029 3207 appellans,
1088 3140 1272 3195 dicere
1335 3142 1689 3198 nihilominus
1746 3145 2089 3214 impudenter

512 3228 695 3291 audet,
746 3230 955 3285 honore
1008 3233 1224 3301 dignam
1283 3247 1342 3287 se
1391 3249 1454 3288 ac
1488 3236 1837 3291 veneratione
1884 3238 2084 3292 Christi

513 3319 608 3375 Dei
636 3336 854 3376 crucem
893 3324 1113 3387 ducere,
1163 3324 1287 3379 aliis
1342 3326 1597 3381 nimirum
1640 3328 2092 3397 appellationibus

514 3427 603 3468 res
652 3429 907 3483 perverse
944 3416 1255 3471 cntlnlialls.
1309 3414 1401 3470 Sic
1445 3426 1500 3471 et
1535 3432 1735 3486 corpus
1772 3428 1827 3474 et
1865 3422 2089 3491 sangui-

515 3519 637 3558 nem
664 3504 870 3558 Christi
910 3504 1208 3570 fabulatur,
1263 3522 1371 3562 non
1418 3507 1569 3574 illud,
1612 3510 1760 3577 quod
1795 3510 2091 3567 Christiani

514 3596 881 3664 agnoscimus,
935 3598 1026 3651 sed
1080 3599 1223 3667 quod
1287 3600 1478 3653 rabida
1549 3601 1718 3670 ipsius
1766 3618 1831 3657 ac
1887 3603 2092 3660 furiosa

514 3704 667 3742 mens
698 3689 998 3742 confinxit:
1029 3705 1195 3744 voces
1234 3692 1455 3759 quidem
1486 3691 1695 3761 piorum
1734 3695 2091 3761 admittendo,

515 3795 602 3836 res
630 3797 758 3837 vero
789 3784 938 3850 ipsas
973 3782 1292 3838 allatrando.
1319 3784 1396 3839 De
1432 3784 1546 3839 sole
1588 3797 1853 3853 przeterea
1888 3798 1942 3843 et
1968 3789 2094 3844 luna

514 3876 633 3929 sine
671 3877 876 3942 pudore
916 3872 1089 3930 veluti
1141 3876 1209 3931 de
1270 3878 1375 3932 diis
1435 3880 1677 3944 disserit,
1743 3881 2096 3954 ejusdemque

514 3983 637 4022 cum
686 3968 799 4023 Deo
834 3984 958 4025 esse
1005 3978 1219 4024 naturae
1267 3972 1570 4041 praedicat:
1603 3987 1775 4043 neque
1806 3991 1968 4031 sensu
2006 3978 2097 4030 ho-

515 4076 633 4113 rum
666 4060 837 4115 lucem
876 4062 1104 4130 percipi,
1146 4063 1239 4117 sed
1283 4063 1395 4118 sola
1441 4077 1621 4119 mente
1650 4082 1808 4135 posse
1844 4068 2094 4140 intelligi,

518 4152 781 4230 menti-tur
810 4155 973 4206 homo
1002 4170 1160 4208 sensu
1194 4171 1390 4211 carens
1414 4160 1708 4212 communi.
1738 4159 1881 4216 Hinc
1907 4174 1963 4216 et
2016 4163 2097 4215 in-

514 4259 774 4313 corporea
836 4244 1130 4314 formchue
1188 4263 1251 4302 ac
1310 4250 1508 4305 coloris
1574 4255 1818 4321 expertia
1881 4256 2098 4325 hymnis

515 4337 819 4399 celebrans,
870 4338 1076 4391 cultum
1156 4339 1263 4395 illis
1322 4341 1768 4414 majeStatemque
1829 4348 2095 4401 attribuit.

514 4429 916 4486 Ahstinentiam
956 4447 1083 4486 vero
1129 4449 1158 4487 a
1207 4436 1467 4491 carnibus
1506 4447 1670 4506 atque
1711 4454 1740 4492 a
1792 4454 1852 4493 re
1881 4441 2096 4507 uxoria,

2181 1956 2408 2024 ἄσχετον
2432 1950 2529 2004 καὶ
2558 1949 2795 2019 πόλεμον
2819 1943 3083 1999 ἄσπονδον
3113 1941 3290 2012 ἔχοντι
3319 1937 3461 1993 κατά
3491 1936 3591 2005 τῆς
3626 1936 3755 1989 Ἀει-

2184 2046 2461 2116 παρθένου
2510 2042 2731 2111 Μαρίας
2780 2038 2878 2093 καὶ
2929 2038 3137 2109 μητρὸς
3191 2031 3434 2105 Χριστοῦ
3495 2030 3587 2085 τοῦ
3632 2027 3755 2083 Θεοῦ

2184 2138 2341 2209 ἡμῶν
2393 2137 2476 2169 ³⁵⁸
2538 2137 2688 2204 ὅμως
2740 2132 3151 2201 συμπλάττεται
3192 2124 3344 2197 αὐτῷ
3404 2123 3502 2177 καὶ
3554 2122 3759 2192 Μαρίας

2184 2231 2375 2302 ὄνομα,
2410 2228 2506 2282 καὶ
2536 2225 2751 2297 μητέρα
2770 2221 3013 2295 Χριστοῦ
3045 2219 3431 2291 τερατολογεῖν
3459 2214 3589 2271 αὐτὸ
3612 2215 3653 2245 ³⁵
3673 2213 3759 2266 οὐκ

2185 2323 2302 2376 ἐστι
2332 2321 2494 2389 φόϐος
2522 2317 2684 2383 Θεοῦ,
2719 2317 2843 2370 οὐδέ
2873 2333 2954 2379 τις
2994 2314 3133 2376 ὅλως
3159 2312 3422 2382 αἰσχύνη.
3446 2310 3536 2362 Διὸ
3562 2308 3654 2361 καὶ
3677 2307 3760 2361 τὸν

2186 2410 2508 2483 τίμιον.καὶ
2539 2410 2806 2479 σωτήριον
2828 2406 2922 2460 τοῦ
2971 2403 3211 2474 Χριστοῦ
3256 2401 3502 2472 σταυρὸν
3561 2398 3762 2469 μυρίαις

2188 2506 2377 2576 ὕϐρεσι
2406 2503 2637 2573 βάλλων,
2665 2500 2761 2553 καὶ
2784 2497 3118 2569 ἀμυντήριον
3156 2492 3443 2547 Ἰουδαίων
3459 2490 3758 2559 δυσφημῶν,

2186 2600 2335 2668 ὅμως
2383 2593 2733 2663 ἀναισχυντεῖ
2784 2588 2960 2658 λέγων
3016 2586 3180 2656 τιμῆς
3230 2581 3428 2647 ἀξιοῦν
3477 2580 3573 2634 καὶ
3617 2577 3761 2631 σεϐα-

2190 2688 2481 2759 σμιὸτητος
2523 2684 2615 2738 τὸν
2669 2681 2903 2753 σταυρὸν
2930 2678 3024 2733 τοῦ
3055 2677 3293 2749 Χριστοῦ
3324 2677 3400 2739 ³⁸,
3438 2675 3572 2728 ἄλλα
3602 2673 3760 2741 πράγ-

2192 2798 2339 2852 ματα
2392 2779 2603 2849 ἑτέροις
2636 2777 2868 2846 ὀνόμασι
2901 2771 3230 2841 κακούργως
3267 2767 3581 2837 ὑποδηλῶν.
3627 2765 3762 2818 Οῦτω

2190 2876 2283 2929 καὶ
2317 2873 2479 2943 σῶμα
2512 2871 2608 2924 καὶ
2640 2863 2781 2938 αἷμα
2808 2863 3048 2938 Χριστοῦ
3083 2864 3183 2933 ούχ
3216 2862 3243 2915 ὃ
3279 2864 3451 2931 ἴσμεν
3485 2863 3534 2913 οἱ
3565 2860 3609 2891 ³⁷
3645 2859 3763 2928 Χρι-

2192 2968 2418 3027 στιανοὶ,
2447 2964 2558 3019 ἀλλ’
2585 2962 2613 3015 ὃ
2635 2963 2667 3032 ή
2708 2958 2988 3028 λυσσώδης
3014 2955 3180 3011 αὐτοῦ
3204 2955 3299 3008 καὶ
3332 2953 3547 3024 μανικὴ
3577 2953 3763 3006 διάνοια

2190 3057 2554 3119 ἀνεπλάσατο,
2587 3053 2896 3125 μυθολογεῖ,
2928 3050 3028 3112 τάς
3057 3049 3156 3120 μὲν
3185 3048 3294 3101 τῶν
3327 3044 3575 3099 εὐσεϐῶν
3606 3044 3765 3109 λέξεις

2193 3148 2595 3220 συνομολογῶν,
2631 3146 2776 3200 κατὰ
2806 3146 2864 3198 δὲ
2911 3142 3095 3199 αὐτῶν
3132 3140 3242 3194 τῶν
3268 3140 3621 3212 πραγμάτων
3652 3137 3765 3190 ὑλα-

2191 3244 2358 3297 κτῶν.
2383 3241 2572 3295 ’Ἥλιον
2586 3240 2642 3292 δὲ
2659 3238 2754 3291 καὶ
2773 3238 3004 3308 σελήνην
3029 3234 3414 3304 ἀναισχύντως
3436 3232 3667 3298 θεολογεῖ
3684 3229 3767 3283 καὶ

2189 3335 2453 3406 ὀμοούσια
2479 3332 2740 3404 κηρύττει
2768 3330 2907 3400 Θεῷ,
2939 3329 3039 3383 ούκ
3065 3326 3327 3399 αἰσθητὸν
3360 3324 3627 3381 αὐτῶντὸ
3646 3323 3765 3393 φῶς,

2192 3425 2321 3497 [210
2344 3423 2441 3496 IL]
2482 3423 2618 3477 ἀλλὰ
2655 3422 2844 3484 νοητὸν
2872 3422 2901 3475 ὁ
2927 3418 3256 3490 ἀναίσθητος
3310 3417 3731 3489 τερατευόμενος
3751 3427 3767 3444 ⁶

2191 3518 2273 3571 διὸ
2303 3519 2397 3571 καὶ
2421 3516 2691 3585 ἀσώματα
2718 3514 2815 3565 καὶ
2846 3511 3239 3582 ἀσχημάτιστα
3267 3510 3363 3563 καὶ
3394 3508 3769 3580 ἀχρωμάτιστα

2193 3610 2333 3663 αὐτὰ
2366 3606 2633 3678 ὲξυμνῶν,
2662 3604 2724 3657 τὸ
2744 3603 2912 3666 σέϐας
2929 3603 3111 3665 αὐτοῖς
3140 3602 3406 3657 ἀνάπτει.
3438 3600 3700 3673 Νηστείαν
3721 3597 3771 3651 δὲ

2195 3700 2373 3772 κρεῶν
2408 3699 2503 3753 καὶ
2534 3699 2730 3767 γάμων
2768 3695 2983 3766 ἀποχὴν
3015 3694 3091 3757 ὡς
3128 3694 3411 3765 βδελυρῶν
3448 3697 3477 3748 ὁ
3522 3689 3771 3764 βδελυράν

2193 3811 2355 3854 τατος
2395 3792 2773 3864 ὑποκρίνεται,
2802 3790 2899 3843 καὶ
2929 3789 3019 3841 τὸν
3043 3785 3186 3841 οἶνον
3213 3787 3271 3840 δὲ
3304 3783 3401 3840 οἷα
3426 3787 3489 3858 δὴ
3531 3787 3772 3855 μεθυστι-

2195 3885 2290 3939 κὸν
2330 3884 2763 3955 ἀποστρέφεται,
2795 3883 2855 3934 ού
2889 3880 3132 3952 συνορῶν
3173 3880 3248 3943 ὡς
3279 3880 3384 3949 οὐχ
3417 3882 3445 3933 ὁ
3492 3874 3629 3940 οἶνός
3668 3878 3773 3928 ἐστι

2200 3978 2549 4049 μεθυστικὸς,
2594 3976 2709 4029 ἀλλ’
2758 3977 2792 4043 ή
2844 3974 3086 4045 ἄμετρος
3128 3972 3223 4025 καὶ
3277 3973 3439 4041 παρά
3482 3972 3543 4024 τὸ
3586 3971 3774 4041 πρέπον

2199 4073 2342 4142 χρῆσ
2350 4089 2396 4135 ις
2404 4111 2419 4137 9
2450 4070 2640 4138 ὥσπερ
2663 4068 2758 4122 καὶ
2780 4068 2986 4139 τροφῆς
3005 4066 3224 4137 ἁπάσης
3253 4068 3348 4119 καὶ
3372 4066 3570 4129 ὓδατος
3588 4069 3618 4135 ἡ
3639 4062 3775 4133 παρά

2197 4163 2258 4215 τὸ
2289 4162 2488 4233 μέτρον
2516 4160 2716 4231 χρῆσις
2753 4157 3039 4229 βλαϐερόν.
3096 4157 3226 4230 [405
3259 4155 3352 4229 R.]
3399 4157 3650 4223 Θεολογεῖ
3675 4154 3725 4207 δὲ
3750 4155 3776 4205 ὁ

2198 4255 2459 4324 δύστηνος
2490 4256 2586 4305 καὶ
2628 4252 2720 4304 τὸν
2753 4251 2915 4322 ἀέρα,
2950 4250 3106 4303 κίονα
3156 4247 3320 4302 αὐτὸν
3359 4248 3461 4301 καὶ⁹
3508 4246 3777 4317 ἄνθρωπον

2201 4346 2470 4418 ὲξυμνῶν.
2509 4346 2583 4398 Τὸ
2614 4343 2728 4414 πῦρ
2757 4343 2813 4395 δὲ
2859 4342 3198 4412 μυσάττεται
3243 4340 3338 4392 καὶ
3375 4340 3480 4409 τὴν
3530 4341 3653 4409 γῆν,
3705 4338 3777 4398 είς

2200 4444 2298 4512 τὴν
2350 4439 2573 4511 χείρονα
2606 4440 2800 4509 μοῖραν
2858 4435 3173 4488 συντάττων
3225 4433 3384 4489 αὐτά.
3437 4433 3548 4485 Καὶ
3599 4429 3776 4491 ἄλλους

514 4532 774 4591 tanquam
820 4540 848 4576 a
900 4524 1060 4579 rebus
1100 4526 1458 4593 detestandis,
1512 4530 1751 4586 maxime
1797 4532 1912 4601 ipse
1950 4535 2087 4589 dete‘

2204 4533 2402 4604 λήρους
2431 4531 2523 4584 καὶ
2567 4526 2882 4597 φληνάφους
2927 4525 3155 4588 πολλοὺς
3210 4525 3273 4576 ὲκ
3307 4524 3411 4592 τῆς
3478 4518 3775 4589 Ἑλληνικῆς

515 4617 760 4681 standus,
816 4616 1061 4672 simulat.
1119 4618 1318 4673 Vinum
1360 4634 1577 4690 quoque
1633 4623 1781 4677 velut
1817 4625 2101 4681 ebrietatis

515 4725 736 4765 causam
782 4723 1087 4775 aversatur,
1131 4727 1239 4766 non
1281 4714 1633 4768 considerans
1674 4716 1798 4770 vino
1832 4717 1884 4770 id
1910 4719 2097 4770 vitium

516 4803 761 4866 minime,
791 4804 883 4859 sed
912 4805 1270 4858 immoderato
1299 4805 1684 4875 indecentique
1707 4810 1827 4863 usui
1860 4811 2101 4863 tribuen-

514 4894 666 4957 dutn,
720 4902 779 4946 ut
808 4903 862 4947 et
916 4894 1162 4948 ciborum
1198 4896 1463 4961 omnium,
1496 4898 1605 4951 imo
1654 4910 1709 4953 et
1749 4900 1917 4970 ipsius
1947 4917 2102 4970 aqua;

517 4982 839 5037 immodicus
885 4997 1015 5036 usus
1063 4989 1240 5038 uocet.
1296 4982 1371 5038 De
1434 4999 1560 5039 aere
1602 4987 1729 5040 item
1780 4988 1961 5041 infelix
2015 4987 2103 5041 ille

520 5088 778 5146 tanquam
830 5076 896 5128 de
945 5078 1044 5128 deo
1087 5076 1344 5145 quopiam
1383 5078 1646 5146 disputat,
1700 5089 1758 5133 ut
1794 5081 2100 5134 columnam

516 5184 640 5222 eum
692 5178 747 5222 et
793 5170 1066 5224 hominem
1104 5170 1320 5240 hymnis
1365 5171 1666 5224 celebrans.
1712 5170 1892 5241 Ignem
1922 5183 2100 5226 tamen

518 5269 842 5329 aspernatur
891 5270 1226 5328 terramque,
1281 5270 1337 5314 et
1370 5260 1539 5328 pejori
1587 5261 1702 5315 haec
1748 5273 1902 5331 parte
1931 5263 2102 5317 collo-

518 5363 624 5406 cat.
660 5352 751 5406 Sic
779 5353 899 5406 aliis
938 5368 1152 5421 quoque
1185 5352 1558 5406 deliramentis
1592 5355 1857 5423 nugisquc
1894 5357 2101 5419 multis,

518 5457 642 5495 cum
678 5460 708 5496 ε
755 5442 1067 5497 Graecorum
1117 5443 1508 5510 superstitione
1559 5446 1938 5509 eutendicalis,
1995 5456 2103 5498 tum

2209 4623 2603 4695 ὲρανισάμενος
2628 4616 3049 4687 δεισιδαιμονίας
3088 4615 3181 4670 καὶ
3220 4618 3285 4667 ὲκ
3330 4616 3431 4684 τῆς
3475 4615 3609 4677 ἰδίας
3657 4613 3775 4664 ἀνα-

2210 4715 2558 4785 πλασάμενος
2582 4709 2891 4780 τερατείας,
2918 4708 3152 4780 φορυτόν
3186 4708 3373 4761 κακῶν
3396 4708 3492 4760 καὶ
3538 4704 3776 4763 ἀσεϐείας

2210 4808 2439 4877 ἔσχατον
2467 4804 2527 4857 τὸ
2571 4804 2773 4855 οἰκεῖον
2808 4800 3110 4871 παρίστησι
3142 4800 3339 4869 δόγμα.
3404 4795 3777 4867 Ἀποσπαράσ-

2211 4916 2319 4952 σων
2366 4897 2425 4950 δὲ
2454 4895 2595 4967 ῥητά
2625 4909 2747 4946 τινα
2774 4890 2869 4945 τοῦ
2898 4890 3044 4945 θείου
3081 4891 3127 4923 ³⁸
3170 4890 3510 4959 Εὐαγγελίου
3544 4888 3633 4941 καὶ
3679 4886 3777 4938 τῶν

2209 4988 2513 5044 ἐπιστολῶν
2560 4986 2656 5040 τοῦ
2698 4986 2990 5039 θεσπεσίου
3046 4985 3283 5049 Παύλου,
3333 4987 3592 5057 πειρᾶται
3636 4998 3779 5052 στρε-

2213 5081 2375 5135 ϐλοῦν
2420 5079 2561 5134 αὐτά
2590 5081 2683 5131 καὶ
2710 5078 2843 5150 πρὸς
2870 5078 2968 5147 τὴν
2997 5078 3203 5131 οἰκείαν
3254 5080 3297 5111 ³⁹
3331 5079 3651 5132 δυσσέϐειαν
3704 5074 3779 5127 ἓλ-

2213 5193 2333 5229 κειν
2362 5190 2375 5202 ’
2423 5173 2519 5227 καὶ
2558 5173 2679 5234 ταῖς
2720 5171 3044 5241 λεγομέναις
3072 5171 3131 5223 δὲ
3160 5171 3397 5240 Πράξεσι
3430 5173 3539 5225 τῶν
3585 5168 3778 5222 δώδεκα

2211 5265 2549 5323 ἀποστόλων,
2607 5265 2702 5315 καὶ
2741 5264 2975 5333 μάλιστα
3010 5264 3265 5334 Ἀνδρέου
3313 5263 3591 5327 πεποιθὼς
3613 5264 3655 5293 ⁸ο
3680 5260 3776 5314 δεί-

2218 5372 2429 5415 κνυται,
2467 5355 2722 5406 κάκεῖθεν
2748 5352 2888 5421 ἔχων
2917 5354 2976 5405 τὸ
3006 5354 3264 5424 φρόνημα
3284 5356 3544 5425 ἠρμένον.
3575 5350 3779 5420 Κρατύ-

2217 5463 2299 5497 νει
2348 5446 2406 5497 δὲ
2461 5445 2556 5497 καὶ
2598 5446 2696 5505 τὰς
2730 5442 3205 5513 μετεμψυχὼσεις,
3231 5445 3358 5508 τοὺς
3392 5445 3488 5513 μὲν
3513 5445 3589 5505 εἰς
3624 5441 3778 5507 ἄκρον

1844 5559 2083 5615 VARIIE
2109 5560 2517 5616 LECTIONES.

594 5653 659 5685 ³³·
689 5653 746 5725 δὲ
776 5668 887 5725 om.
914 5652 980 5725 A.
1058 5653 1103 5685 ³⁵
1133 5662 1254 5725 post
1286 5652 1597 5725 ﬁutBKCtllll
1628 5653 1672 5705 Α
1705 5654 1888 5725 omisi,
1918 5670 2039 5722 quae
2067 5657 2229 5723 vulgo
2254 5655 2557 5721 adduntur,
2592 5658 2875 5725 συνεργεῖν
2908 5653 3059 5724 αὐτῷ
3087 5652 3476 5725 τὸνδιᾴϐολον.
3505 5724 3509 5725 ί
3553 5649 3597 5682 ³⁵
3628 5640 3778 5725 αὑτοῦ

524 5739 587 5787 ς.
634 5724 706 5795 Ῐδ
739 5725 831 5776 τοῦ
849 5724 985 5776 Θεοῦ
1015 5719 1253 5795 Χριάτοῦ
1289 5739 1351 5785 ς.
1428 5723 1470 5755 ³⁷
1504 5725 1551 5776 οἱ
1579 5736 1631 5777 et
1660 5724 1751 5795 Erl,
1779 5724 1836 5775 δὲ
1857 5719 1981 5779 add.
2009 5731 2075 5777 Α.
2152 5719 2197 5757 ³³³
2229 5726 2521 5779 θεσπεσίου
2545 5719 2593 5779 Ἀ
2625 5747 2635 5781 :
2673 5719 2819 5779 θείου
2850 5744 2909 5790 ς.
2987 5719 3287 5795 ³⁹ὀίκείαν]
3320 5724 3461 5777 ίδίαν
3489 5724 3552 5774 Α.
3621 5719 3667 5747 ⁴⁰
3697 5730 3781 5765 πε·

528 5792 732 5855 ποιθὼς
761 5822 824 5831 -
861 5795 999 5864 ἔχων
1032 5792 1078 5847 Λ
1110 5812 1120 5822 ·
1151 5794 1211 5845 οῦ
1248 5795 1407 5861 μόνον
1433 5794 1493 5846 ού
1525 5793 1858 5861 συντίθεται,
1891 5795 2027 5849 ἀλλὰ
2052 5796 2307 5852 κάκεῖθεν
2336 5797 2453 5867 ἔχει
2488 5815 2549 5861 ς.
