4062 6506
298 394 314 456 ;
357 344 471 406 525

1431 339 1962 402 ΒΙΒΙᾸΟΤΗΕΕΑ.
1993 364 2064 375 -
2101 339 2266 399 COD.
2296 340 2570 399 CLXXX.

3529 343 3636 406 526

358 449 579 520 ἀρετῆς
633 445 970 517 ἐληλακότας
1025 445 1108 508 είς
1140 445 1274 499 Θεὸν
1298 446 1571 511 ἀναλύων,
1629 449 1757 510 τοὺς
1792 449 1836 499 δ’
1883 449 1961 510 είς

2076 448 2376 518 prodigiose
2406 464 2436 504 e
2468 465 2565 503 suo
2595 449 2839 503 conﬁctis
2877 449 3121 513 cerebro,
3175 451 3436 506 malorum
3467 453 3637 508 collu-

300 519 314 553 ³
351 519 592 610 ἔσχατον
640 541 686 570 ⁴¹
743 537 940 600 κακίας
967 539 1102 607 πυρὶ
1143 537 1319 599 διδοὺς
1352 540 1445 591 καὶ
1476 537 1676 608 σκότῳ,
1707 538 1835 601 τοὺς
1886 537 1945 590 δὲ

355 633 546 700 μέσως
566 648 689 693 πως
708 629 1207 698 πολιτευσαμένους
1236 629 1402 682 πάλιν
1433 630 1512 692 είς
1546 630 1777 700 σώματα
1817 647 1949 682 κατ-

353 723 534 790 άγων.
561 723 851 791 Κέχρηται
880 720 936 772 δὲ
964 720 1233 793 μάρτυσιν
1267 721 1807 793 ἀπηρυθριασμὲνως
1857 722 1954 774 καὶ

351 817 468 874 τοῖς
495 813 599 882 τὴν
625 811 869 881 Ἕλληνα
905 811 1206 883 θρησκείαν
1226 812 1567 882 ἠγαπηκόσι,
1613 811 1848 882 μάλιστα
1891 810 1951 863 δὲ

354 905 633 963 Πλάτωνι,
665 905 802 974 πρὸς
834 903 1095 956 σύστασιν
1115 904 1213 973 τῆς
1253 902 1387 966 ἰδίας
1414 903 1735 973 θεομαχίας,
1772 902 1951 965 θείους

358 997 565 1060 αὐτοὺς
593 998 687 1050 καὶ
714 996 921 1066 ἱεροὺς,
953 995 1144 1066 ὥσπερ
1173 996 1267 1048 καὶ
1304 995 1396 1048 τὸν
1430 997 1562 1067 παρ’
1622 995 1771 1066 αὐτῷ
1818 997 1952 1065 Χρι-

367 1090 500 1143 στὸν
521 1089 616 1142 καὶ
643 1089 895 1157 Σωτῆρα,
934 1087 1246 1141 ἀποκαλῶν.
1292 1088 1402 1140 Καὶ
1450 1087 1586 1142 ἄλλα
1638 1087 1696 1141 δὲ
1751 1085 1954 1157 πολλῆς

370 1184 569 1244 ἀνοίας
597 1182 680 1234 καὶ
740 1180 896 1232 δόλου
963 1181 1057 1234 καὶ
1138 1180 1429 1250 ἀθεότητος
1483 1179 1717 1250 ἔμπλεα.
1771 1179 1956 1250 Μάχε-

378 1276 511 1328 σθαι
553 1275 606 1327 δὲ
632 1273 776 1326 δοκεῖ
807 1273 944 1343 πρὸς
967 1273 1068 1341 τὴν
1100 1271 1368 1343 Εὐνομίου
1414 1273 1759 1336 κακοδοξίαν,
1800 1266 1960 1335 αὐτὸς

375 1367 641 1420 οὐδ’ἐστιν
670 1368 846 1418 εἰπεῖν
868 1366 992 1418 ὅσον
1017 1366 1226 1418 ἐκείνου
1258 1365 1563 1436 ἀθεώτερον
1598 1364 1956 1436 βλασφημῶν.

2054 543 2216 604 viem,
2272 556 2434 612 atque
2474 543 2768 613 impietatis
2818 544 3048 612 apicem,
3089 560 3240 600 suam
3308 547 3514 600 stabilit
3552 563 3640 602 se-

2061 645 2226 688 ctam.
2287 635 2500 689 Divellit
2546 644 2600 689 et
2662 636 2802 690 dicta
2845 638 3087 705 quaedam
3139 637 3333 708 125a
3387 653 3415 691 a
3479 654 3640 693 sacro

2064 725 2379 794 Evangelio,
2426 725 2777 793 epistolisque
2818 725 2878 782 Β.
2933 725 3107 792 Pauli,
3144 744 3264 796 quae
3297 737 3354 782 et
3397 729 3510 797 ipsa
3540 735 3637 782 de-

2065 827 2320 886 torquere
2363 817 2605 882 molitur,
2658 829 2820 885 atque
2849 818 2916 872 ad
2961 835 3116 873 suum
3161 821 3378 874 trahere
3415 820 3638 890 impium

2061 908 2276 974 dogma.
2328 907 2478 960 Actis
2529 908 2654 960 item
2703 908 2827 971 illis,
2897 923 3018 977 quae
3064 909 3348 963 duodecim
3416 921 3641 978 aposto-

2060 997 2234 1053 lorum
2270 997 2381 1068 (22)
2403 1007 2684 1063 vocantur,
2715 1007 2768 1051 et
2790 1000 3018 1053 Andreae
3035 1001 3296 1064 maxime,
3328 1016 3431 1054 non
3465 1001 3638 1054 solum

2062 1091 2380 1152 assentitur,
2411 1090 2685 1143 sedetiam
2732 1090 2857 1144 inde
2891 1091 3141 1159 superbia
3173 1093 3470 1147 extollitur.
3506 1093 3644 1146 Pro-

2067 1182 2157 1235 bat
2184 1181 2408 1250 insuper
2451 1182 2758 1236 animarum
2797 1185 3152 1250 ntigrationes
3180 1203 3195 1240 :
3231 1186 3368 1240 alios
3402 1187 3644 1254 quidem,

2068 1274 2157 1342 qui
2206 1275 2270 1328 ad
2315 1289 2587 1327 summmn
2635 1277 2855 1330 virtutis
2901 1277 3116 1330 culmen
3170 1288 3556 1346 pervenerunt,
3591 1280 3644 1334 in

2069 1363 2238 1419 Deum
2276 1365 2594 1419 resolvendo
2623 1384 2635 1420 :
2668 1366 2802 1419 alios
2839 1382 2988 1434 vero,
3019 1368 3108 1436 qni
3141 1383 3410 1422 summum
3445 1370 3648 1439 impro-

370 1458 552 1511 bitatis
578 1460 902 1526 attigerunt,
949 1456 1060 1525 igni
1097 1459 1362 1512 tradendo
1402 1472 1468 1511 ac
1502 1457 1786 1522 tenebris;
1814 1456 1952 1510 alios
1997 1456 2252 1524 denique,
2295 1455 2386 1524 qui
2420 1457 2597 1510 medio
2646 1459 2883 1527 quodam
2923 1459 3086 1514 modo
3155 1461 3320 1513 vitam
3392 1461 3646 1516 institue-

368 1565 522 1616 runt,
568 1555 623 1608 in
652 1567 883 1624 corpora
932 1553 1128 1608 iterum
1167 1554 1491 1608 revocando.
1527 1553 1780 1610 Testibus
1833 1561 2095 1624 praeterea
2149 1552 2268 1606 sine
2306 1552 2653 1618 verecundia,
2706 1553 2870 1607 etiam
2930 1554 2995 1607 iis
3044 1557 3110 1608 ad
3147 1569 3301 1608 suam
3363 1554 3648 1609 stabilien-

361 1647 492 1701 dam
539 1645 877 1715 impietatem
931 1646 1124 1711 utitur,
1201 1645 1292 1714 qui
1339 1644 1580 1710 gentium
1635 1645 1951 1715 religionem
1985 1643 2204 1698 fuerunt
2239 1643 2515 1711 amplexi,
2557 1644 2901 1708 maximeque
2942 1643 3199 1712 Platone,
3257 1647 3473 1701 divinos
3531 1645 3652 1701 illos

358 1755 425 1793 ac
444 1753 642 1794 sacros
673 1737 894 1809 (quibus
922 1752 1074 1806 teque
1104 1737 1416 1791 nominibus
1444 1736 1722 1792 Christum
1755 1733 2106 1790 Servatorem
2165 1733 2350 1804 allicit)
2402 1734 2706 1804 appellans.
2771 1736 2888 1789 Alia
2961 1752 3176 1806 quoque
3248 1738 3408 1794 affert
3462 1741 3655 1807 ingen—

359 1834 433 1887 tis
480 1835 762 1896 amentia,
795 1831 1030 1894 fraudis,
1069 1839 1232 1899 atque
1285 1831 1582 1900 impietatis
1618 1827 1956 1900 plenissima.
1994 1829 2052 1883 In
2081 1828 2328 1883 Eunomii
2364 1827 2492 1882 item
2544 1841 2788 1882 errorem
2830 1829 3011 1884 invehi
3073 1830 3305 1896 videtur,
3359 1847 3480 1885 cum
3541 1834 3655 1902 ipse

368 1936 645 1996 quantum
680 1925 770 1978 vix
821 1923 966 1977 credi
1022 1931 1220 1990 potest,
1269 1921 1433 1990 impie
1455 1921 1624 1989 magis
1665 1935 1827 1989 quam
1873 1919 1962 1974 ille
1992 1919 2351 1988 blasphemet.

437 2018 601 2069 Ἐστι
643 2015 701 2068 δὲ
747 2015 847 2084 τὴν
886 2014 1031 2078 λέξιν
1071 2013 1166 2068 καὶ¹
1197 2013 1395 2084 φράσιν
1440 2011 1653 2083 ἐνιαχοῦ
1714 2014 1814 2083 μὲν
1856 2013 1957 2066 οὐκ

2135 2013 2308 2068 Dictio
2330 2011 2447 2080 ejus
2479 2021 2534 2068 et
2570 2012 2783 2082 phrasis
2813 2012 3083 2066 interdum
3119 2014 3335 2083 quidem
3373 2031 3478 2070 non
3519 2031 3655 2070 con-

357 2110 650 2178 ἀδόκιμος,
686 2107 783 2160 καὶ
821 2106 1058 2178 μάλιστα
1101 2104 1374 2176 ἕκφρασίν
1411 2122 1557 2168 τινος
1586 2104 1769 2158 εἵπου
1808 2107 1966 2176 μελε-

357 2201 504 2272 τῴη,
542 2205 601 2254 ἐν
630 2200 688 2254 δέ
722 2216 864 2253 τισιν
898 2198 1132 2267 εὐτελὴς
1162 2198 1256 2250 καὶ
1297 2197 1450 2249 οὐδὲν
1488 2195 1814 2267 διενηνοχὼς
1857 2197 1965 2250 τῶν

361 2296 436 2346 ἐκ
478 2292 718 2364 τριόδου.
766 2292 998 2359 Μετεῖχε
1046 2289 1104 2342 δὲ
1150 2289 1246 2341 καὶ
1269 2289 1314 2320 ⁸³
1366 2288 1673 2357 φιλοσόφων
1727 2287 1889 2340 τινῶν
1939 2289 1968 2340 ὀ

363 2387 560 2449 ἄθλιος
613 2384 973 2454 μαθημάτων,
1012 2380 1123 2434 οὐδ’
1165 2381 1398 2444 ἐκείνοις
1436 2381 1497 2433 τὸ
1542 2380 1828 2433 ἀνόθευτον
1871 2378 1968 2432 καὶ

365 2479 606 2547 γνήσιον
648 2473 953 2538 διασὼζων,
998 2473 1137 2548 ,ἀλλά
1181 2473 1359 2526 πάντα
1395 2472 1582 2526 κυκῶν
1617 2474 1713 2526 καὶ
1753 2471 1967 2540 συμφύ-

371 2586 513 2640 ρων.
551 2569 662 2620 Καὶ
689 2567 1072 2638 κακουργῆσαι
1116 2566 1216 2636 μὲν
1250 2565 1485 2636 τάληθὲς
1517 2565 1612 2618 καλ⁸
1637 2565 1795 2628 εὑθές
1828 2565 1873 2596 ⁸³
1904 2566 1965 2617 οὐ

370 2662 574 2732 πόρρω
601 2659 694 2712 τοῦ
722 2657 1052 2729 δραστηρίου
1083 2659 1175 2710 καὶ
1205 2657 1510 2720 δεινότατος
1540 2656 1612 2719 ⁵⁸,
1646 2657 1888 2727 ἐξευρεῖν
1912 2657 1969 2710 δὲ

374 2755 478 2805 καὶ
507 2750 843 2820 κατανοῆσαι
880 2749 1161 2811 παντελῶς
1194 2748 1395 2818 εὐήθης
1430 2750 1525 2802 καὶ
1557 2748 1786 2819 ἠλίθιος.
1823 2749 1972 2818 Χρη-

375 2843 600 2913 σιμεύει
633 2844 694 2897 δὲ
740 2843 800 2896 τὸ
839 2842 1150 2897 ἀθεώτατον
1196 2842 1364 2897 αὐτοῦ
1420 2843 1518 2897 καὶ
1567 2843 1971 2912 ἀχρηστότατον

376 2940 673 3007 σύνταγμα
714 2939 797 3000 εἰς
848 2936 1069 3006 ἔλεγχον
1117 2936 1280 3003 μόνον
1327 2935 1421 2989 καὶ
1469 2935 1732 3006 αἰσχύνην
1762 2935 1872 2987 τῶν
1905 2937 1970 3006 τῇ

373 3030 792 3100 δυσσεϐεστάτη
843 3030 940 3082 καὶ
977 3029 1125 3100 ἀθέῳ
1169 3028 1300 3100 δόξῃ
1355 3027 1466 3081 τῶν
1510 3028 1831 3099 Μανιχαίων
1879 3027 1976 3080 καὶ

377 3119 538 3194 αὖτῷ
571 3123 764 3190 ἐκείνῳ
799 3123 1342 3194 προσανακειμένων.

1083 3302 1212 3354 ΡῐΡ.

2068 2106 2354 2160 temnenda
2381 2147 2397 2171 ,
2427 2105 2732 2174 praesertim
2786 2105 2830 2158 si
2865 2105 2994 2173 quid
3049 2114 3142 2158 aut
3188 2107 3521 2170 describere,
3565 2117 3659 2162 aut

2067 2193 2339 2264 explicare
2375 2196 2610 2266 satagit;
2648 2195 2700 2247 in
2732 2194 3060 2264 quihusdam
3093 2209 3280 2248 rursus
3321 2195 3466 2263 vilis,
3486 2196 3655 2251 uinil-

2067 2299 2172 2352 que
2207 2300 2234 2336 a
2271 2285 2578 2339 trivialibus
2621 2284 2896 2339 differens.
2928 2285 3160 2354 Attingit
3194 2295 3246 2340 et
3279 2285 3654 2356 philosophica

2069 2377 2314 2445 quaedam
2356 2379 2606 2444 dogmata
2636 2379 2801 2430 miser
2836 2377 2948 2440 ille,
2987 2379 3038 2430 in
3087 2379 3284 2446 quibus
3325 2376 3506 2435 tamen
3539 2394 3662 2451 ger-

2071 2483 2290 2522 manum
2329 2468 2462 2522 nihil
2489 2479 2581 2520 aut
2608 2471 2901 2536 genuinum
2938 2471 3153 2536 retinet,
3185 2474 3278 2525 sed
3302 2474 3482 2526 omnia
3524 2476 3659 2526 mis-

2071 2572 2159 2616 cet
2232 2571 2393 2630 atque
2440 2547 2774 2614 confundit.
2832 2563 2913 2616 Ad
2971 2563 3379 2630 depravandum
3455 2567 3659 2621 etenim

2071 2668 2258 2706 verum
2307 2661 2621 2723 rectumque
2672 2668 2777 2707 non
2820 2668 3007 2720 parum
3057 2655 3107 2708 in
3147 2657 3356 2723 agendo
3384 2666 3659 2724 strenuus,

2073 2741 2157 2796 vel
2198 2741 2249 2794 in
2287 2741 2515 2796 dicendo
2566 2742 2759 2807 solers,
2791 2744 2858 2796 ad
2899 2744 3282 2800 inveniendum
3306 2757 3469 2815 atque
3494 2764 3662 2803 exco-

2073 2830 2352 2900 gitandum
2374 2831 2601 2902 simplex
2631 2834 2854 2887 omnino
2874 2850 2938 2888 ac
2962 2835 3188 2890 stolidus
3210 2837 3662 2905 deprehenditur.

2074 2923 2304 2978 Prodest
2347 2932 2525 2977 autem
2568 2925 2791 2993 impium
2847 2925 2991 2980 illius
3047 2936 3213 2995 atque
3259 2927 3661 2997 ineptissimum

2073 3019 2226 3082 opus'
2260 3014 2327 3069 ad
2378 3017 2886 3085 reprehendendum
2939 3019 3240 3082 duntaxat,
3297 3021 3670 3090 pudoremque

2076 3103 2472 3172 incutiendum,
2507 3123 2630 3161 cum
2665 3107 3084 3164 Manichaeorum
3119 3111 3502 3180 impiissimam
3537 3114 3670 3168 doc-

2081 3202 2303 3267 trinam,
2333 3209 2443 3254 tum
2480 3201 2622 3256 hunc
2653 3201 2830 3272 ipsum
2858 3203 3214 3259 sectantibus.

2737 3292 2998 3348 CLXXX.

385 3395 687 3452 Ἰωάννου
733 3395 1102 3463 Λαυρεντίου
1143 3392 1562 3462 Φιλαδελφέως
1609 3391 1717 3446 τοῦ
1772 3390 1968 3446 Λυδοῦ

2076 3380 2304 3436 Joannis
2322 3382 2599 3438 Laurentii
2615 3382 3074 3454 Philadelphensis
3092 3385 3230 3458 Lydi
3253 3397 3516 3444 tractatus
3537 3398 3662 3446 tres.

939 3464 1330 3532 πραγματεῖαι
1352 3471 1426 3533 γ’.

464 3553 914 3623 ’Δνεγνὼσθησαν
958 3552 1208 3605 Ἰωάννου
1239 3550 1570 3621 Λαυρεντίου
1597 3546 1972 3614 Φιλαδελφέως

369 3645 482 3700 τοῦ
525 3644 700 3698 Λυδοῦ
745 3644 1127 3714 πραγματεῖαι
1173 3643 1348 3710 τρεῖς,
1407 3643 1541 3706 περὶ
1587 3636 1972 3706 διοσημειῶν,

373 3737 520 3803 περὶ
547 3733 779 3805 μηνῶν,
821 3733 954 3801 περὶ
995 3731 1197 3802 ἀρχῶν
1225 3728 1572 3785 πολιτικῶν.
1636 3729 1776 3782 Ἀλλ’
1808 3731 1841 3800 ἡ
1876 3730 1974 3798 μὲν

377 3829 516 3898 περὶ
548 3826 901 3897 διοσημειῶν,
939 3825 1040 3878 ὅσα
1071 3841 1136 3892 γε
1171 3824 1296 3877 κατ’
1329 3822 1469 3893 ἐμὴν
1512 3822 1694 3893 κρίσιν
1729 3821 1822 3874 καὶ
1852 3823 1972 3873 πεῖ-

390 3937 508 3988 ραν,
543 3917 701 3971 οὐδὲν
739 3917 773 3988 ἢ
807 3918 893 3970 ἐπ’
924 3915 1103 3984 ὀλίγον
1131 3915 1403 3984 διενήνοχε
1455 3912 1661 3984 μύθων·
1693 3914 1727 3982 ἡ
1759 3913 1815 3964 δὲ
1846 3911 1976 3980 περὶ

389 4009 603 4078 μηνῶν,
631 4009 680 4060 εἰ
719 4008 814 4061 καὶ
843 4005 978 4060 πολὺ
1005 4006 1067 4058 τὸ
1100 4005 1372 4075 ἄχρηστον
1403 4003 1539 4072 ἔχει,
1575 4003 1692 4056 ἀλλ’
1721 3999 1813 4056 οὖν
1839 4001 1974 4072 πρδς

381 4101 486 4170 τὴν
528 4100 630 4170 τῆς
675 4099 1034 4168 ἀρχαιότητος
1083 4096 1321 4166 μάθησιν
1361 4095 1588 4168 ἐπίχαρί
1614 4112 1677 4147 τε
1719 4095 1813 4146 καὶ
1855 4093 1976 4146 λίαν

379 4189 669 4262 χρειῶδες·
714 4192 746 4259 ἡ
782 4190 838 4242 δὲ
879 4191 1007 4258 περὶ
1057 4187 1355 4241 πολιτικῶν
1387 4187 1572 4256 ἀρχῶν
1607 4188 1718 4238 τοῖ;
1751 4185 1881 4254 περὶ
1908 4182 1977 4235 τὰ

379 4279 618 4334 τοιαῦτα
643 4278 880 4348 μάλιστα
899 4276 1373 4347 φιλοτιμουμένοις
1395 4277 1496 4329 οὐκ
1531 4274 1650 4347 [211
1686 4271 1779 4345 Η.]
1804 4273 1979 4344 ἄκομ-

377 4371 491 4439 ψον
520 4369 820 4438 παρέχεται
847 4365 891 4398 ⁸⁸
919 4364 1019 4436 τὴν
1053 4364 1318 4436 ἱστορίαν.

457 4461 744 4530 Κέχρηται
781 4457 825 4511 δ’
855 4450 1009 4520 οὗτος
1039 4459 1068 4509 ὁ
1100 4454 1455 4526 συγγραφεὺς
1481 4456 1716 4526 τροπαῖς
1745 4453 1979 4508 κατακό-

387 4569 524 4623 ρως,
551 4553 645 4603 καὶ
669 4548 939 4619 πολλαχοῦ
971 4547 1071 4619 μὲν
1093 4546 1318 4617 ψυχρῶς
1342 4547 1482 4614 ἄγαν
1509 4549 1604 4600 καὶ
1629 4545 1978 4616 παραϐόλως,

384 4645 508 4695 ἔστι
540 4641 585 4694 δ’
617 4640 744 4693 ἔνθα
775 4639 990 4702 οἰκείως
1027 4640 1123 4691 καὶ
1167 4638 1567 4708 ἐπαφροδίτως.
1615 4639 1736 4690 Κάν
1776 4637 1823 4668 ⁵⁸
1867 4639 1980 4698 τοῖς

2145 3532 2274 3603 Legi
2306 3531 2536 3588 Joannis
2561 3533 2838 3589 Laurentii
2865 3535 3332 3606 Philadelphensis
3359 3540 3492 3610 Lydi
3523 3549 3668 3594 trac-

2077 3634 2222 3679 tatus
2257 3636 2401 3680 tres:
2430 3627 2506 3681 De
2527 3630 2821 3698 prodigiis;
2854 3631 2916 3682 de
2944 3633 3230 3696 mensibus,
3255 3641 3308 3687 et
3338 3636 3404 3686 de
3432 3632 3668 3701 politici:

2075 3717 2502 3785 magistratibus.
2528 3721 2598 3772 At
2631 3721 2720 3774 ille
2749 3720 2827 3775 De
2850 3724 3130 3793 prodigiis,
3155 3740 3270 3780 mea
3299 3727 3518 3795 quidem
3545 3743 3670 3781 sen-

2079 3808 2242 3860 tentia
2307 3821 2471 3879 atque
2519 3809 2761 3878 judicio,
2817 3829 3008 3882 parum
3057 3824 3151 3868 aut
3203 3817 3336 3871 nihil
3393 3833 3423 3872 a
3467 3817 3668 3872 fabulis

2077 3896 2276 3952 diﬂ‘ert.
2317 3900 2469 3956 Alter
2502 3916 2631 3956 vero
2663 3901 2740 3956 De
2777 3905 3064 3969 mensibus,
3098 3907 3201 3961 etsi
3237 3908 3449 3962 inutilia
3501 3911 3670 3965 multa

2077 3992 2344 4056 continet,
2370 3992 2435 4046 ad
2469 3993 2813 4064 antiquitatis
2842 4005 3022 4052 tamen
3055 4008 3264 4069 gratam
3293 4012 3454 4071 atque
3473 4002 3672 4070 jucun-

2078 4081 2203 4136 dam
2234 4083 2604 4152 cognitionem
2641 4087 2998 4144 vehementer
3038 4093 3296 4159 prodesse
3336 4103 3535 4160 potest.
3569 4094 3675 4150 De-

2081 4171 2244 4242 nique
2265 4172 2339 4227 De
2363 4177 2764 4245 magistratibus
2783 4180 3015 4248 politicis
3039 4181 3198 4248 liber,
3220 4182 3288 4238 iis
3303 4184 3671 4252 potissimum,

2079 4267 2171 4332 qui
2204 4265 2469 4335 ejusmodi
2495 4269 2760 4336 ambiunt,
2788 4286 2896 4326 non
2923 4273 3282 4342 inelegantem
3315 4274 3474 4331 all‘ert
3502 4277 3675 4334 histo-

2083 4372 2246 4410 nam.

2158 4445 2341 4502 Utitur
2376 4457 2558 4505 autem
2603 4450 2694 4506 hic
2739 4452 2975 4523 scriptor
3009 4455 3295 4509 verborum
3338 4457 3677 4514 immutatio-

2089 4543 2249 4598 nibus
2300 4546 2368 4599 ad
2427 4545 2842 4610 satietatem,et
2892 4547 3208 4616 plerumque
3258 4547 3455 4620 frigide
3509 4551 3677 4608 nimis

2084 4645 2246 4703 atque
2272 4634 2572 4699 audacter,
2623 4637 2725 4689 etsi
2774 4636 3042 4689 interdum
3082 4651 3300 4705 quoque
3347 4642 3569 4708 proprie
3609 4659 3676 4696 ac

385 4733 576 4795 ἄλλοις
594 4731 648 4783 δὲ
683 4729 888 4800 πολλὴν
908 4731 1055 4783 νοσεῖ
1074 4728 1174 4799 τὴν
1195 4728 1534 4798 ἀνωμαλίαν,
1564 4728 1879 4798 ὑπερόπτης
1925 4729 1968 4781 ἐι

2095 4737 2338 4780 venuste.
2378 4727 2570 4796 125b
2606 4726 2662 4780 In
2699 4728 2824 4782 aliis
2869 4729 2999 4782 item
3036 4728 3406 4798 inaequalitate
3437 4733 3674 4796 laborat,

384 4821 472 4887 οἷς
494 4825 555 4876 οὐ
580 4823 680 4888 δεῖ,
706 4823 800 4876 καὶ
828 4819 1190 4891 κατεπτηχὼς
1217 4821 1377 4874 πάλιν
1407 4822 1464 4873 ἐν
1485 4814 1566 4882 οἷς
1598 4820 1673 4890 μὴ
1694 4819 1795 4882 δεῖ,
1818 4819 1983 4885 κόλαξ

383 4934 449 4969 τε
462 4916 575 4968 τῶν
592 4915 891 4985 περιόντων
907 4913 1335 4984 ἀπροφάσιστος,
1352 4911 1480 4983 [408
1493 4910 1584 4981 8.]
1599 4909 1810 4963 καὶτῶν
1826 4911 1981 4963 ἀποι-

386 5009 663 5079 χομένων,
687 5007 782 5060 καὶ
810 5004 942 5077 παρ’
964 4999 1039 5059 ὧν
1067 5005 1127 5056 οὐ
1153 5003 1363 5070 νομίζει
1387 5003 1543 5072 δίκην
1568 5001 1780 5073 ὕϐρεως
1804 5001 1979 5071 πράτ-

387 5099 606 5162 τεσθαι,
641 5101 721 5161 εἰς
743 5098 804 5150 τὸ
830 5095 1236 5168 φορτικώτατον
1265 5096 1392 5158 τοὺς
1419 5094 1647 5162 μώμους
1672 5096 1979 5164 καταχέων.

390 5191 510 5246 Καὶ
535 5190 681 5254 λέξει
719 5189 819 5260 μὲν
846 5188 992 5241 ἔστιν
1030 5182 1093 5240 οὗ
1123 5187 1392 5256 κέχρηται
1416 5183 1603 5253 λογάδι
1632 5202 1692 5238 τε
1723 5185 1818 5238 καὶ
1845 5187 1904 5248 ἐς
1922 5185 1984 5238 τὸ

389 5279 783 5351 ἠττικισμὲνον
824 5278 1130 5350 ἀνηγμένη,
1167 5276 1282 5329 ἐστι
1319 5275 1363 5328 δ’
1389 5275 1524 5328 ὅπου
1558 5279 1896 5346 χαμαιπετεῖ
1925 5294 1986 5330 τε

2092 4815 2221 4870 dum
2274 4816 2575 4870 fastnosum
2619 4818 2751 4886 agit,
2799 4819 2889 4872 ubi
2942 4835 3048 4873 non
3087 4831 3328 4889 Oportet;
3380 4832 3436 4876 et
3484 4834 3677 4878 contra

2091 4907 2336 4974 abjectus
2387 4917 2492 4969 est,
2529 4907 2618 4961 ubi
2661 4918 2716 4962 et
2765 4911 2868 4963 hoc
2916 4910 3141 4966 minime
3187 4912 3364 4967 decet.
3411 4914 3678 4970 Adulator
3747 4947 3752 4952 -

2092 4998 2277 5053 adhtec
2303 5000 2658 5068 superstitum
2685 5001 3086 5068 inexcusabilis,
3111 5004 3163 5058 in
3187 5016 3523 5061 mortuorum
3549 5022 3677 5063 vero

2092 5105 2146 5150 et
2171 5111 2199 5147 a
2234 5095 2433 5164 quibus
2463 5096 2755 5150 vindictam
2788 5112 2894 5150 non
2920 5097 3160 5161 timeret,
3194 5100 3671 5166 reprehensiones,

2095 5188 2383 5242 immodice
2428 5185 2655 5243 eﬂ'usus.
2693 5187 2938 5244 Dictione
2983 5199 3248 5260 praeterea
3291 5192 3464 5245 utitur
3507 5192 3679 5246 inter-

2096 5280 2221 5333 dum
2247 5279 2467 5349 quidem
2487 5278 2707 5345 selecta,
2729 5291 2893 5351 atque
2913 5281 3214 5338 Atticorum
3242 5297 3393 5341 more
3415 5282 3635 5340 sublimi
3657 5300 3674 5340 :

1721 5413 1964 5471 VARIIE
1995 5416 2406 5474 LECTIONES.

461 5508 506 5538 "
543 5512 781 5588 ἔσχατον
803 5514 845 5565 Λ
870 5531 883 5567 :
911 5513 1080 5588 ἄκρον
1104 5529 1176 5588 ς.
1244 5510 1575 5588 "aatadd.
1616 5511 1713 5588 A._
1761 5510 1808 5542 "
1840 5511 2000 5577 εὐθές
2029 5513 2160 5568 AC:
2195 5513 2522 5588 ltothomag.
2559 5515 2710 5572 εὐθύ.
2789 5516 2834 5550 ⁸⁸
2867 5517 3172 5582 δεινότατος
3207 5531 3354 5574 corr.
3380 5517 3466 5574 A:
3501 5517 3677 5574 δεινό-

385 5599 558 5656 τητος
590 5582 654 5648 ς.
731 5583 782 5615 ⁸⁵
811 5585 1127 5654 περιέχεται
1152 5585 1217 5639 Α.
1295 5583 1341 5614 ’⁸⁸
1375 5582 1476 5635 κάν
1504 5583 1545 5636 Α
1581 5599 1595 5636 :
1628 5582 1720 5636 καῖ
1751 5596 1814 5644 ς’.

1914 5695 2148 5755 ΝΟΤᾸΕ.

1914 5697 1958 5750 Ν
2013 5697 2054 5752 Τ
2134 5740 2148 5755 .

469 5788 590 5860 (22)
627 5789 703 5844 De
739 5789 938 5858 quibus
971 5789 1201 5859 copiose
1237 5788 1299 5843 D.
1339 5786 1536 5844 Baron.
1577 5799 1614 5845 t.
1649 5789 1690 5857 l,
1725 5789 1790 5846 ad
1823 5697 2264 5863 ιιηηυῗηέίπῖεῑ.
2308 5791 2394 5848 44.
