4022 6456
368 422 479 483 59.9

1406 415 1934 498 BIBLIOTIIECA,
1957 440 2027 449 --
2056 414 2221 475 COD.
2260 416 2566 475 GLXXX-I.

3516 419 3618 481 530

363 534 449 591 είς
499 528 675 598 ἄκρον
717 523 997 594 δυσσεϐὴς,
1044 522 1246 577 καινῶν
1268 524 1314 555 ⁸⁵
1344 523 1402 577 δὲ
1440 526 1535 578 καὶ
1581 522 1946 594 γραοπρεπῶν

2054 526 2267 578 tametsi
2320 525 2531 590 timide,
2590 534 2837 595 tectaque
2885 528 3305 594 malevolentia,-
3341 547 3447 585 non
3498 548 3621 589 raro

366 621 664 692 μυθαρίων
692 620 853 671 αὐτόν
881 634 939 670 τε
971 618 1062 669 τὸν
1087 619 1212 669 νοῦν
1239 616 1333 668 καὶ
1357 616 1483 680 τοὺς
1513 616 1705 684 λόγους
1735 615 1946 685 πεπλησ-

365 713 639 783 ρωμένος·
689 711 770 764 διὸ
805 710 901 763 καλ⁵
932 711 1031 778 τῆς
1060 711 1208 780 ἱερᾶς
1251 709 1429 780 ήμῶν,
1476 710 1525 760 εἰ
1564 709 1660 761 καὶ
1696 706 1948 777 δειλιώσῃ

362 809 458 859 καὶ
499 803 871 873 λαθραιοτέρα
912 802 1317 872 κακοφροσύνῃ,
1368 802 1519 871 ὅμως
1563 801 1663 852 οὐκ
1702 800 1951 867 ὀλιγάκις

364 898 620 965 φαίνεται
644 895 694 925 ⁸⁸
729 893 1086 947 καθυλακτῶν
1114 892 1415 955 εὐσεϐείας.
1452 891 1577 963 [409
1602 890 1694 963 IL]
1726 893 1949 944 Πάντων

363 988 408 1040 δ’
433 989 592 1049 ὅσους
621 982 829 1051 ἐξαίρει
860 984 972 1044 τοῖς
998 982 1199 1049 λόγοις,
1218 984 1311 1034 καὶ
1340 980 1624 1051 κρείττους
1646 978 1679 1047 ἢ
1708 978 1829 1032 κατ’
1855 979 1947 1032 ἀν-

373 1079 614 1149 θρώπων
642 1074 802 1144 φύσιν
836 1073 1043 1138 θειάςει
1076 1071 1361 1140 γεγονέναι
1384 1073 1502 1135 ταῖς
1524 1088 1581 1123 τε
1614 1070 1659 1102 ⁸⁷
1684 1069 1794 1123 τῶν
1826 1071 1948 1121 ἐπι-

382 1188 487 1239 ατη
496 1169 607 1240 μῶν
623 1166 975 1228 τελεωτάταις
994 1164 1275 1234 θεωρίαις,
1294 1164 1389 1217 κα)⁵
1411 1162 1491 1233 τῷ
1521 1163 1678 1232 τάχει
1701 1161 1800 1230 τῆς
1830 1160 1943 1213 διαο

384 1262 550 1323 νοίας,
579 1259 775 1312 τούτων
808 1259 1041 1311 ἑκάστου
1063 1258 1257 1327 κριτὴν
1288 1256 1481 1308 ἑαυτὸν
1516 1252 1881 1307 ἐπικαθιστῶν
1904 1249 1949 1282 ⁵⁸

382 1354 480 1406 οὐκ
504 1354 644 1404 ἐστιν
663 1352 788 1406 ὅτου
814 1352 890 1421 μὴ
919 1351 1224 1419 καθήψατο,
1250 1349 1334 1419 ἐφ’
1350 1350 1582 1402 ἑκάστου
1602 1348 1711 1400 τῶν
1736 1347 1949 1415 θαυμα-

379 1445 619 1513 ζομένων
643 1445 719 1513 μὴ
744 1444 1083 1512 ἐνδεέστερον
1113 1443 1275 1511 ἔχειν,
1311 1442 1405 1495 τοῦ
1433 1442 1530 1511 μὲν
1560 1444 1641 1503 είς
1668 1439 1951 1509 ἀγχίνοιαν

374 1534 675 1603 ἐξηρμένου
694 1533 759 1598 ⁵³,
790 1534 872 1585 ὅτι
915 1532 991 1603 μὴ
1017 1533 1193 1585 πάντα
1216 1532 1493 1601 ἀγχίνους,
1523 1530 1618 1583 τοῦ
1647 1529 1691 1582 δ’
1720 1532 1798 1592 είς
1829 1531 1950 1580 ἐπι-

371 1626 589 1694 στήμας
620 1623 1032 1696 άπαραὸλήτου,
1059 1626 1140 1677 ὅτι
1176 1625 1251 1693 μὴ
1278 1624 1458 1677 πάντα
1487 1626 1828 1694 ἐπιστήμων,
1860 1622 1954 1675 καὶ

364 1716 429 1785 δὴ
463 1717 564 1767 καὶ
605 1715 701 1769 τοῦ
741 1718 820 1779 εἰς
854 1718 1053 1786 ἀρετὴν
1083 1715 1393 1784 ἐγγίζοντος
1432 1714 1573 1785 Θεῷ,
1619 1716 1702 1768 ὅτι
1742 1715 1951 1768 πολλῶν

364 1808 579 1873 ἐνδεής.
638 1806 826 1870 Οὕτως
874 1807 1099 1859 ἐκείνων
1149 1807 1403 1871 ἕκαστον,
1463 1806 1557 1869 οὓς
1608 1806 1720 1859 ἂνω
1769 1807 1951 1876 φέρων

363 1899 559 1968 ἐξῆρε,
591 1900 920 1969 κατασύρων
944 1900 1036 1951 καὶ
1064 1898 1270 1969 ῥίπτων
1297 1899 1494 1969 χαμαὶ,
1513 1899 1574 1951 τὸ
1602 1900 1801 1970 κράτος
1828 1901 1952 1952 ἑαυ-

362 1989 447 2057 τῷ
481 1990 626 2041 κατὰ
662 1989 877 2041 πάντων
923 1990 1015 2041 καὶ
1057 1990 1148 2041 ἐπὶ
1189 1989 1324 2041 πᾶσι
1375 1988 1675 2059 λεληθότως
1718 1991 1949 2061 ἀναρτᾷ.

365 2082 462 2133 Διὸ
500 2083 597 2133 καὶ
627 2081 896 2152 Ἰσίδωρον
930 2081 1027 2151 οὐχ
1055 2076 1219 2153 ἦττον
1252 2081 1494 2135 ἐπαινῶν
1519 2081 1552 2153 ἢ
1581 2081 1769 2151 ψόγοις
1797 2098 1953 2150 περι-

365 2174 586 2227 ϐάλλων
622 2174 871 2246 διατελεῖ.
902 2176 1097 2228 Καίτοι
1118 2191 1180 2243 γε
1210 2172 1269 2239 ἐξ
1294 2167 1370 2227 ὧν
1398 2173 1685 2245 ἀλλοτρίας
1714 2190 1774 2225 τε
1807 2173 1954 2241 λογι-

365 2269 476 2330 stic;
514 2268 749 2337 ἀπορίας
792 2269 886 2321 καὶ
926 2268 1108 2331 λύσεις
1146 2268 1221 2331 ὡς
1254 2267 1319 2338 δὴ
1364 2267 1701 2336 θαυμασίους
1749 2282 1952 2336 προκο-

371 2361 548 2429 μίζει,
596 2361 688 2413 καὶ
737 2360 802 2424 ἃς
854 2360 1015 2425 αὐτὸς
1063 2360 1156 2413 ἐπὶ
1201 2363 1357 2431 τάχει
1407 2361 1499 2414 νοῦ
1548 2360 1644 2413 καὶ
1696 2359 1953 2431 ἀκριϐείᾳ

368 2457 685 2527 ἐπιστήμης
715 2456 859 2526 μέγα
885 2458 1097 2527 φρονῶν
1144 2458 1224 2520 εἰς
1267 2458 1432 2525 μέσον
1458 2455 1715 2526 προάγει,
1748 2454 1871 2508 οὔτε
1901 2473 1953 2509 τι

366 2548 485 2601 τῶν
515 2550 643 2618 περὶ
677 2548 999 2616 φιλοσοφίαν
1048 2547 1294 2618 συνήθων
1325 2547 1657 2619 ὑψηλότερον
1686 2548 1832 2601 ἐστιν
1861 2549 1952 2601 εὑ-

372 2641 492 2710 ρεῖν
525 2638 617 2691 τὸν
654 2639 941 2711 ἄνθρωπον
969 2638 1392 2709 κατωρθωκότα,
1422 2638 1686 2712 οὕτεμὴν
1723 2642 1803 2704 είς
1839 2640 1950 2693 δει-

368 2734 577 2801 νότητα
605 2732 699 2784 καὶ¹
729 2732 1093 2801 ἀγχίστροφον
1130 2731 1370 2793 διανοίας
1409 2732 1594 2802 τάχος,
1627 2733 1725 2802 ὅση
1763 2748 1826 2800 γε
1856 2734 1951 2786 ἀν-

370 2823 647 2893 θρωπίνη,
706 2823 781 2893 μὴ
832 2826 915 2877 ὅτι
945 2824 989 2855 ⁶⁰
1036 2840 1102 2891 γε
1140 2823 1414 2893 δαιμονία,
1468 2825 1795 2895 ἀνηγμένον,
1836 2826 1953 2878 ἀλλ’

368 2917 497 2969 οὐδέ
522 2933 643 2968 τινα
674 2916 784 2969 τῶν
835 2916 1070 2986 μετρίως
1118 2933 1235 2979 πως
1269 2918 1398 2984 περὶ
1450 2916 1771 2987 φιλοσοφίαν
1800 2918 1953 2989 ἐχόν-

368 3028 504 3073 των,
542 3011 615 3080 μή
655 3010 709 3061 τί
740 3026 804 3077 γε
841 3008 909 3063 δι’
938 3009 1228 3078 ἀκριϐείας
1267 3009 1514 3075 ἐντελοῦς
1551 3012 1825 3081 ὴγμένων,
1872 3009 1952 3077 οἷς

368 3103 583 3164 ἐκεῖνος
608 3100 1069 3172 ἐλλαμπρύνεται,
1112 3103 1531 3173 σεμνυνόμενον.

444 3192 560 3263 Τὴν
600 3193 781 3263 μέντοι
828 3194 1025 3264 φράσιν
1069 3195 1097 3248 ὁ
1138 3195 1277 3266 ἀνὴρ
1309 3197 1449 3249 κατά
1482 3214 1545 3266 γε
1589 3197 1649 3249 τὸ
1700 3198 1952 3251 πλεῖστον

368 3284 543 3337 αὑτοῦ
591 3285 699 3338 τῶν
751 3284 949 3351 λέξεων
1003 3287 1063 3337 οὐ
1118 3287 1308 3358 πόρρω
1356 3290 1521 3341 τείνει
1569 3288 1664 3342 τοῦ
1724 3289 1950 3359 σαφοῦς.

371 3375 532 3441 Ἔχει
564 3373 619 3425 δέ
651 3390 703 3426 τι
746 3374 842 3427 καὶ
871 3374 982 3427 τῶν
1011 3374 1186 3428 ἄλλων
1228 3374 1403 3440 ίδεῶν,
1448 3376 1566 3429 ὅσαι
1616 3377 1953 3446 χαρακτηρί-

365 3465 563 3528 ζονται
591 3466 788 3532 λέξεσι,
816 3468 913 3536 τήν
941 3483 1000 3518 τε
1028 3466 1283 3537 τραχεῖάν
1310 3485 1476 3539 φημι,
1503 3468 1570 3520 δι’
1596 3463 1664 3540 ἧς
1686 3466 1953 3538 τραχύνε-

363 3575 463 3609 ται
491 3560 523 3627 ή
556 3557 695 3627 ἠχὼ,
728 3558 822 3610 καὶ
856 3558 920 3627 δὴ
954 3559 1047 3610 καὶ
1085 3560 1185 3628 ὅση
1218 3559 1477 3612 πλατύνει
1510 3560 1609 3630 τὴν
1636 3562 1840 3630 φωνὴν,
1860 3560 1953 3613 καὶ

364 3653 473 3718 τὴν
502 3651 586 3711 εἰς
616 3649 677 3701 τὸ
702 3648 1153 3721 ποιητικώτερον,
1184 3653 1232 3704 εἰ
1265 3651 1361 3704 καὶ
1392 3652 1705 3718 σπανιάκις,
1742 3653 1956 3705 ἐλευθε-

366 3740 695 3812 ριάζουσαν.
736 3744 847 3795 Καὶ
886 3744 940 3795 αἱ
979 3744 1239 3813 τροπικαὶ
1266 3744 1324 3797 δὲ
1363 3742 1756 3814 διαμορφοῦσιν
1788 3743 1952 3797 αὐτοῦ

363 3834 499 3895 τοὺς
540 3832 752 3901 λόγους,
783 3834 885 3887 οὐκ
909 3835 988 3896 είς
1016 3835 1255 3904 ἄμουσον
1283 3835 1651 3906 ψυχρολογίαν
1681 3838 1713 3907 ἢ
1747 3839 1953 3908 τροπάς

373 3925 687 3993 ἀποτόμους
715 3926 1104 3996 ἐκφερόμεναι,
1136 3926 1253 3980 ἀλλ’
1280 3927 1342 3980 ἔκ
1371 3946 1434 3995 γε
1462 3929 1557 3981 τοῦ
1585 3931 1677 3982 ἐπὶ
1703 3930 1953 3985 πλεῖστον

367 4020 428 4069 τὸ
458 4017 633 4086 γλυκύ
655 4034 715 4070 τε
745 4019 837 4071 καὶ
862 4018 1051 4088 χαρίεν
1077 4020 1136 4070 τὸ
1163 4019 1286 4072 καθ’
1321 4020 1522 4083 ἑαυτὰς
1551 4022 1946 4091 παρεχόμεναι.

378 4110 548 4162 Ἀλλά
588 4109 763 4178 σαφὴς
793 4108 867 4160 ὢν
914 4108 992 4180 τῷ
1030 4108 1266 4180 πλείστῳ
1311 4111 1469 4181 μέρει
1506 4111 1615 4163 τῶν
1651 4112 1853 4176 λέξεων
1878 4113 1947 4178 ⁸⁸,

364 4198 559 4252 οὐκέτι
587 4198 679 4250 καὶ
707 4200 773 4267 τῇ
792 4197 890 4270 ὅλῃ
919 4198 1012 4251 τοῦ
1045 4198 1204 4266 λόγου
1234 4200 1519 4271 οἰκονομίᾳ
1540 4202 1781 4265 τοιοῦτος
1813 4201 1949 4255 καθ-

364 4291 627 4359 έστηκενο
665 4290 700 4360 ἦ
743 4306 803 4342 τε
843 4291 953 4360 γὰρ
985 4292 1228 4362 συνθήκη
1274 4293 1337 4345 οὐ
1381 4294 1621 4365 συνθήκη
1691 4294 1950 4366 μᾶλλονῆ

365 4380 792 4450 καινοπρέπεια,
827 4382 920 4435 καὶ
946 4384 980 4453 ή
1022 4382 1283 4455 περιϐολὴ
1324 4383 1484 4454 κόρον
1514 4385 1822 4453 ἐμποιοῦσα
1860 4402 1953 4438 συο

364 4476 499 4544 χνὸν
527 4474 588 4526 τό
615 4491 674 4526 τε
702 4476 784 4538 είς
818 4477 1115 4546 σαφήνειαν
1143 4476 1478 4544 ἐπηλυγάζει
1517 4478 1951 4547 προφαινόμενον

2052 626 2229 670 tamen
2271 617 2503 671 allatrat.
2540 617 2817 687 Quotquot
2848 632 3029 673 autem
3066 622 3247 675 verbis
3289 620 3529 693 extollit,
3566 636 3622 680 et

2050 724 2155 775 qua
2177 710 2245 763 ob
2273 709 2537 765 doctrina:
2564 710 2961 776 excellentiam,
2990 729 3094 780 qua
3121 714 3190 768 ob
3221 715 3416 781 ingenii
3448 717 3622 771 soler-

2052 800 2179 851 tiam
2208 813 2371 867 supra
2412 800 2700 853 humanam
2743 803 3130 867 conditionem,
3159 817 3217 857 ut
3243 805 3455 858 divinos
3484 791 3623 860 celei

2051 890 2195 953 brat,
2231 892 2421 945 horum
2452 891 2965 962 cujusquejudicem
2998 896 3234 964 seipsum
3264 898 3621 964 constituens,

2049 983 2257 1038 nullum
2286 1000 2389 1039 non
2425 987 2755 1057 perstringit,
2797 988 2848 1041 in
2887 988 3115 1059 singulis
3139 989 3301 1044 etiam
3336 1004 3473 1059 quos
3508 991 3625 1043 lau-

2050 1075 2227 1140 darat,
2257 1076 2460 1145 aliquid
2500 1078 2811 1133 desiderans
2838 1098 2851 1134 :
2883 1082 2936 1134 in
2965 1083 3079 1136 acri
3120 1083 3336 1151 ingenio
3372 1086 3622 1153 praedito,

2050 1169 2192 1235 quod
2213 1185 2315 1223 nou
2336 1186 2430 1239 per
2448 1173 2624 1224 omnia
2650 1188 2800 1240 aeque
2819 1174 2992 1228 solers
3015 1175 3117 1229 sit:
3141 1176 3191 1228 in
3222 1191 3287 1229 eo
3302 1177 3392 1245 qui
3420 1178 3625 1231 incom-

2049 1264 2275 1332 parabili
2305 1273 2388 1317 est
2421 1266 2668 1329 scientia,
2698 1268 2841 1333 quod
2867 1283 2972 1321 non
3001 1270 3181 1323 omnia
3218 1271 3388 1336 sciat;
3434 1272 3542 1324 imo
3571 1281 3627 1325 et

2052 1351 2105 1405 in
2136 1365 2219 1413 eo,
2250 1352 2341 1419 qui
2365 1351 2563 1405 virtute
2579 1350 2688 1407 Deo
2706 1355 2984 1422 proximus
3004 1356 3265 1422 videatur,
3283 1359 3424 1426 quod
3451 1359 3627 1413 adhuc

2052 1439 2219 1493 multa
2248 1441 2297 1494 ei
2322 1441 2519 1496 desint.
2552 1441 2627 1495 lta
2655 1445 2896 1513 singulos
2935 1459 3145 1507 eorum,
3176 1463 3314 1516 quos
3340 1448 3392 1501 in
3427 1448 3626 1503 caelum

2052 1543 2207 1585 antea
2237 1533 2553 1601 sustulerat,
2598 1551 2808 1589 rursum
2841 1537 3175 1593 detrahendo
3203 1541 3474 1609 humoque
3503 1541 3624 1594 alli-

2052 1625 2249 1692 dendo,
2288 1626 2574 1695 imperium
2603 1629 2703 1682 sibi
2742 1630 2793 1682 iu
2840 1644 3029 1685 omnes
3068 1640 3123 1685 et
3156 1632 3223 1687 de
3264 1634 3517 1689 omnibus
3546 1635 3627 1687 la-

2055 1721 2231 1771 tenter
2253 1730 2495 1789 arrOgat.
2514 1720 2878 1786 Quamobrem
2894 1721 3156 1777 lsidorum
3177 1740 3391 1795 quoque
3412 1728 3629 1783 assidue

2056 1826 2159 1865 non
2206 1811 2379 1880 magis
2429 1812 2633 1875 laudat,
2663 1828 2825 1882 quam
2866 1815 3146 1883 vituperiis
3183 1829 3395 1873 onerat.
3443 1817 3630 1889 Neque

2057 1918 2183 1956 vero
2215 1919 2280 1958 ex
2313 1905 2501 1976 logicis
2525 1922 2645 1958 cum
2672 1908 3081 1975 qumstionibus,
3100 1918 3212 1962 tum
3244 1911 3625 1978 solutionibus,

2054 2010 2190 2065 quas
2216 1996 2299 2051 vel
2329 2011 2393 2050 ex
2420 1997 2540 2053 aliis
2568 1999 2655 2053 ille
2682 2014 2780 2067 pro
2802 2001 3155 2064 admirandis,
3181 2003 3265 2055 vel
3292 2004 3358 2057 de
3386 2018 3482 2057 suo
3506 2018 3631 2072 pec-

2057 2094 2174 2140 tore
2194 2086 2285 2156 (eb
2312 2088 2540 2142 celerem
2566 2090 2762 2144 mentis
2787 2091 3135 2160 agitationem
3163 2102 3217 2147 et
3236 2094 3627 2149 accuratiorem

2055 2179 2341 2233 scientiam
2375 2191 2693 2251 arroganter
2725 2198 2845 2237 sese
2874 2182 3127 2255 efferens)
3151 2186 3203 2238 in
3229 2187 3466 2241 medium
3500 2202 3629 2256 pro-

2056 2267 2225 2330 ducit,
2249 2268 2543 2337 quidquam
2577 2284 2741 2338 supra
2776 2286 2893 2334 eus,
2919 2274 3009 2341 qui
3046 2274 3096 2325 in
3132 2274 3475 2344 philosophia
3506 2292 3629 2332 ver—

2055 2358 2166 2412 sari
2198 2360 2355 2430 vulgo
2388 2362 2585 2425 solent,
2616 2362 2683 2415 ab
2712 2363 2813 2417 hoc
2835 2363 3053 2419 homine
3079 2368 3240 2434 paulo
3267 2366 3479 2423 felicius
3502 2384 3632 2423 con-

2055 2450 2254 2505 fectum
2302 2454 2574 2524 reperias;
2613 2465 2707 2508 aut
2752 2472 2964 2511 rursum
3009 2459 3076 2512 ad
3117 2474 3344 2514 acumen
3389 2475 3545 2528 eum,
3576 2473 3632 2518 et

2055 2544 2344 2599 volubilem
2408 2549 2605 2602 mentis
2664 2549 3057 2616 agitationem,
3114 2561 3376 2620 quantum
3436 2554 3629 2610 saltem

2053 2635 2261 2691 homini
2307 2638 2389 2692 fas
2438 2649 2542 2706 est,
2584 2642 2777 2695 nedum
2827 2653 3088 2710 quantum
3132 2643 3262 2712 Deo,
3292 2648 3629 2714 pervenisse,

2056 2728 2151 2782 sed
2181 2744 2356 2798 neque
2376 2730 2479 2784 alia
2501 2740 2797 2798 ostentare,
2819 2750 2938 2802 qua:
2962 2734 3044 2788 vel
3069 2736 3361 2789 mediocria
3389 2738 3441 2791 in
3464 2739 3631 2794 rebus

2053 2820 2443 2892 philosophicis
2476 2824 2607 2878 sint.
2640 2823 2795 2879 Mitto
2830 2840 2950 2894 quae
2979 2840 3075 2895 per
3104 2841 3373 2881 summam
3408 2843 3630 2884 accura-

2056 2914 2256 2968 tionem
2307 2913 2666 2975 deducantur,
2711 2916 2909 2986 quibus
2957 2924 3140 2972 tamen
3187 2916 3279 2972 ille
3323 2918 3633 2976 nominibus

2054 3006 2236 3061 clarus
2268 3007 2602 3078 illustrisque
2636 3008 2889 3065 habetur.

2127 3186 2208 3239 Ad
2242 3187 2438 3259 stylum
2474 3188 2617 3256 quod
2659 3188 2874 3253 attinet,
2907 3187 3164 3259 pleraque
3191 3189 3308 3259 ejus
3337 3192 3499 3246 verba
3528 3208 3632 3247 non

2058 3280 2242 3349 procul
2271 3296 2300 3333 a
2331 3282 2719 3351 perspicuitate
2752 3281 3056 3336 discedunt.
3087 3281 3407 3338 Habetitem
3431 3285 3633 3355 aliquid

2061 3374 2220 3444 126
2238 3373 2264 3424 Ι)
2284 3374 2513 3427 aliarum
2541 3373 2870 3439 formarum,
2894 3388 3013 3442 qua:
3034 3375 3215 3427 verbis
3241 3376 3631 3443 designantur:

2054 3466 2425 3533 asperitatem,
2454 3467 2697 3534 inquam,
2733 3481 2837 3535 qua
2875 3468 3245 3535 pronuntiatio
3270 3470 3537 3537 asperior,
3571 3484 3637 3526 ac

2053 3573 2155 3611 vox
2188 3559 2343 3626 quasi
2364 3557 2573 3625 planior
2594 3558 2865 3622 redditur;
2894 3568 2947 3611 et
2972 3558 3022 3611 in
3058 3559 3332 3627 poeticum
3366 3570 3632 3628 praeterea

2054 3665 2236 3709 usum,
2270 3664 2445 3701 raram
2478 3649 2716 3717 quidem,
2739 3650 2832 3702 scd
2878 3650 3188 3702 liberiorem
3233 3652 3631 3721 evagationem.

2056 3742 2219 3810 Tropi
2252 3756 2378 3795 vero
2412 3742 2484 3794 ita
2517 3741 2633 3810 ejus
2676 3740 2963 3795 eﬂ'urmaut
3002 3744 3304 3796 orationem
3335 3754 3394 3795 ut
3434 3742 3487 3796 in
3525 3745 3635 3797 im-

2053 3835 2281 3901 peritam
2328 3836 2619 3901 quamdam
2677 3848 2740 3885 ac
2794 3832 3042 3901 frigidam
3114 3832 3498 3900 elocutionem,
3543 3844 3638 3888 aut

2056 3922 2329 3976 duriorem
2369 3923 2604 3991 aliquam
2648 3923 3079 3975 immutationem
3111 3939 3452 3993 nequaquam
3486 3925 3638 3980 defe-

2056 4021 2270 4076 rantur,
2321 4012 2416 4067 sed
2467 4012 2790 4066 suavitatem
2843 4021 2901 4066 ut
2945 4012 3240 4081 plurimum
3295 4024 3351 4068 et
3402 4015 3635 4085 gratiam

2055 4120 2124 4161 ex
2165 4104 2358 4173 seipsis
2413 4104 2604 4160 saltem
2636 4104 2947 4159 concilient.
2986 4103 3187 4159 Verum
3228 4118 3286 4159 ut
3318 4110 3638 4178 perSpicuus

2056 4198 2148 4261 sit,
2182 4198 2475 4250 maximam
2512 4211 2705 4250 vocum
2744 4206 2979 4266 partem,
3006 4197 3256 4251 universa
3291 4206 3472 4253 tamen
3507 4214 3638 4254 ora-

2054 4290 2220 4345 tionis
2247 4291 2410 4353 serie,
2450 4305 2555 4344 non
2588 4290 2739 4346 item.
2768 4288 2903 4344 Nam
2935 4299 2991 4344 et
3017 4292 3339 4360 compositio
3368 4292 3488 4362 ejus
3528 4308 3638 4348 non

2058 4395 2167 4440 tam
2216 4383 2561 4451 compositio,
2609 4396 2770 4452 quam
2806 4382 3088 4437 innovatio
3129 4383 3376 4453 quaedam
3419 4394 3542 4439 est:
3582 4395 3639 4440 et

2056 4478 2173 4547 ipsa
2222 4492 2384 4547 porro
2414 4476 2813 4531 circumductio
2854 4477 3128 4530 assiduam
3159 4477 3391 4532 atl‘ereus
3411 4479 3637 4533 satieta-

365 4567 470 4618 καὶ
492 4565 590 4633 τὴν
624 4564 791 4635 ἀλλην
830 4565 1049 4617 ἃπασαν
1088 4565 1181 4618 τοῦ
1225 4565 1384 4634 λόγου
1426 4567 1685 4636 σπουδήν.
1730 4568 1822 4620 Διὸ
1856 4569 1949 4621 καὶ

2058 4580 2188 4630 tem,
2225 4583 2332 4623 non
2364 4568 2771 4637 perspicuitatis
2800 4566 2958 4620 modo
2986 4565 3195 4621 factam
3233 4583 3407 4637 spem,
3446 4584 3635 4625 verum

366 4658 583 4729 χαρίεις
612 4657 675 4710 ἂν
697 4657 873 4721 ἄλλως
905 4660 935 4710 ὁ
962 4655 1119 4723 λόγος
1150 4654 1290 4710 εῖναι
1326 4657 1643 4728 δυνάμενος,
1688 4659 1786 4730 τὴν
1818 4660 1949 4732 ὅσην

365 4750 438 4801 ἂν
483 4748 706 4811 δυνατὸς
733 4744 801 4820 ἦν
842 4749 1262 4818 κεκολασμένων
1318 4748 1524 4802 τούτων
1567 4750 1727 4820 χάριν
1764 4768 1950 4822 παραυ

369 4844 523 4910 σχεῖν
554 4845 664 4905 τοῖς
692 4843 1005 4913 εἰρημένοις
1030 4841 1330 4915 ἀφῄρηται.
1364 4844 1473 4896 Καὶ
1503 4844 1559 4895 αἱ
1588 4844 1870 4913 περιϐολαὶ
1891 4844 1948 4897 δὲ

367 4936 491 4989 οὔτι
520 4952 581 5003 γε
608 4935 859 5004 δριμείας
878 4935 1137 4999 διανοίας,
1163 4933 1289 5006 [215
1311 4933 1403 5005 Η.]
1432 4935 1541 4987 οὐδ’
1574 4937 1946 5005 ἐπαφρόδιτοι,

366 5028 498 5081 οὐδὲ
527 5027 585 5081 τὸ
616 5028 812 5099 γοργὸν
845 5028 1265 5098 ὑποτρέχουσαι,
1307 5021 1397 5090 αἷς
1429 5027 1494 5080 ἄν
1520 5046 1605 5091 τις
1642 5030 1784 5082 κατά
1821 5030 1948 5100 τρό-

367 5139 475 5174 πον
508 5124 603 5174 καὶ
629 5122 1054 5185 καλλωπίσαιτο,
1096 5120 1233 5175 ἀλλὰ
1267 5120 1473 5173 τούτων
1510 5121 1573 5191 δὴ
1602 5122 1711 5174 τῶν
1754 5123 1949 5176 κοινῶν

368 5214 470 5268 καὶ
501 5214 837 5267 ἐπιπολαίων
864 5215 958 5267 καλ⁸
981 5214 1101 5266 οὐδὲ
1128 5213 1188 5265 τὸ
1212 5215 1510 5281 ἀναγκαῖον
1531 5217 1597 5284 τῇ
1628 5216 1825 5285 χρήσει
1857 5217 1949 5269 καὶ

365 5310 491 5369 ταῖς
524 5305 910 5376 περιστάσεσιν
934 5305 1346 5373 ἀναφαινόντων
1370 5306 1414 5335 ⁸⁸
1446 5305 1824 5377 βλαστήματα.
1868 5307 1951 5361 Τά

364 5403 427 5455 δε
468 5403 725 5471 σχήματα
758 5402 807 5453 εί
846 5400 921 5471 μὴ
948 5400 1087 5454 κατὰ
1123 5400 1184 5454 τὸ
1224 5401 1519 5465 πλεονάζον
1556 5403 1651 5454 ἐπὶ
1685 5404 1949 5471 μήκιστον

364 5494 492 5555 ταῖς
540 5491 812 5559 περιόδοις
854 5490 1170 5557 ἐξετείνετο,
1212 5489 1325 5543 οὔτ’
1364 5491 1431 5543 ἂν
1476 5491 1617 5543 αὺτά
1654 5493 1715 5605 τὶ»
1904 5495 1949 5525 ⁸³

2055 4662 2220 4717 etiam
2265 4676 2429 4717 omne
2471 4662 2692 4715 omnino
2738 4661 2791 4713 in
2822 4662 3074 4715 oratione
3118 4663 3353 4729 positum
3397 4664 3636 4718 studium

2055 4754 2333 4808 obscurat.
2369 4753 2550 4821 Quare
2592 4768 2715 4807 cum
2759 4751 2995 4821 jucunda
3039 4762 3228 4819 posset
3270 4754 3409 4809 alias
3460 4757 3641 4811 oratio

2055 4861 2199 4909 esse,
2244 4846 2391 4900 omni
2432 4845 2518 4898 illa
2551 4845 2743 4912 gratia,
2787 4858 2951 4912 quam
3006 4844 3090 4898 his
3142 4847 3394 4914 expolitis
3439 4847 3640 4902 habere

2055 4945 2290 5007 poterat,
2324 4950 2420 5004 per
2458 4949 2519 4986 ea
2552 4948 2672 5003 quae
2713 4935 2947 4987 diximus
2986 4934 3217 5003 spoliata
3254 4948 3355 4991 est.
3388 4936 3638 4991 Circum-

2057 5027 2338 5081 ductiones
2370 5026 2578 5089 adhazc,
2614 5040 2790 5093 neque
2826 5027 3091 5080 acriorem
3132 5042 3350 5082 sensum
3383 5028 3636 5097 aliquem,

2058 5134 2235 5187 neque
2278 5128 2641 5182 venustatem,
2703 5132 2876 5185 neque
2929 5118 3274 5173 velocitatem
3330 5121 3412 5173 vel
3463 5122 3640 5175 obiter

2054 5210 2358 5279 attingunt;
2385 5207 2580 5277 quibus
2614 5216 2793 5260 tamen
2820 5208 2981 5261 rebus
3014 5222 3118 5261 non
3152 5208 3331 5276 inepte
3364 5207 3638 5277 quispiam

2053 5301 2320 5371 glorietur
2346 5317 2359 5353 :
2390 5314 2577 5353 verum
2609 5300 2977 5353 communium
3026 5299 3215 5352 horum
3253 5308 3415 5367 atque
3442 5299 3639 5353 levium

2053 5401 2499 5449 ornamentorum
2535 5407 2600 5446 ne
2627 5406 2689 5446 ea
2714 5391 2927 5460 quidem
2958 5391 3043 5445 hic
3083 5403 3348 5460 apparent
3370 5391 3639 5459 germina,

2051 5501 2173 5555 qua:
2194 5488 2260 5539 ad
2287 5484 2652 5539 necessarium
2677 5500 2831 5538 usum
2857 5492 3020 5552 atque
3052 5483 3492 5537 circumstantias
3514 5499 3637 5552 pero

1652 5647 1893 5703 V'ARUE
1930 5645 2337 5705 LECTIONES.

439 5768 487 5798 ⁵⁵
527 5768 753 5839 καινῶν]
791 5770 973 5835 aptius
1016 5770 1234 5823 videtur
1266 5770 1462 5824 κενῶν.

1558 5770 1606 5800 ⁸⁸
1630 5768 1880 5838 φαίνεται
1910 5769 2036 5822 add.
2067 5772 2132 5824 A.

2258 5767 2303 5799 ⁸⁷
2332 5783 2391 5819 τε
2417 5765 2541 5821 add.
2581 5767 2643 5820 Α.
2754 5766 2801 5798 ⁵⁸
2826 5761 3215 5818 ἀποκαθιστῶν
3260 5781 3323 5827 ς.
3399 5765 3446 5797 ⁸9
3479 5761 3641 5831 ἐξηρ-

368 5838 537 5907 μένου
570 5848 625 5889 et
664 5833 755 5911 28,
787 5833 978 5909 ἐξῆρεν
1002 5840 1244 5909 Scaliger
1278 5859 1291 5894 :
1329 5842 1454 5894 libri
1490 5833 1825 5911 ἐξῃρημένου
1853 5869 1923 5881 -
1952 5839 2157 5909 ἐξῄρει.
2238 5838 2282 5869 ⁸ο
2310 5838 2386 5909 μὴ
2415 5836 2525 5907 ὅτι]
2554 5838 2662 5891 imo
2696 5838 2769 5907 μή
2803 5836 2874 5890 τί.
2952 5835 2995 5866 ⁶¹
3019 5833 3128 5889 τῶν
3158 5834 3356 5899 λέξεων
3389 5836 3545 5905 μέρει
3575 5850 3637 5897 ς.

366 5912 414 5939 ι’
444 5910 854 5977 ἀποφαινόντων
882 5916 925 5963 Α
960 5930 970 5965 ;
1011 5911 1396 5980 ἀποφαίνονται
1424 5928 1483 5975 ς’.

1564 5913 1606 5943 οδ
1641 5912 1712 5981 μὴ
1735 5921 1858 5966 ante
1890 5913 2029 5964 κατὰ
2058 5927 2168 5967 cm.
2188 5911 2251 5963 A.
