4022 6444
412 418 508 483 531

1554 424 1817 485 PHOTII
1858 427 2366 488 l’ATRIARCH/E
2404 428 2513 487 CP.

3570 420 3680 485 532

416 525 790 583 tiueant.Jam
841 528 1046 599 figurae,
1089 530 1191 586 nisi
1241 531 1558 603 longissime
1610 550 1732 588 cum
1783 534 1990 591 redun-

2094 536 2234 590 κατὰ
2269 537 2331 589 τὸ
2370 536 2573 606 μᾶλλον
2615 536 3008 605 μεγεθύνεσθαι
3038 535 3159 589 οὔτε
3191 536 3251 589 τὸ
3287 536 3360 607 μὴ
3392 536 3455 589 τὸ
3494 538 3679 587 ποικί-

413 622 600 674 dantia
646 635 745 689 per
790 623 1024 677 ambitus
1076 623 1525 691 extenderentur,
1571 642 1849 696 nunquam
1897 643 1992 684 eas

410 714 557 766 vires
599 713 886 781 haberent,
922 715 1117 784 quibus
1165 730 1195 769 a
1242 717 1418 771 medio
1460 718 1827 787 decorumque
1871 734 1990 773 ser-

412 815 575 860 vante
617 816 1047 877 temperamento
1089 810 1443 865 abducerent.
1484 809 1830 866 Vehementia
1861 814 1989 867 item

412 908 576 965 atque
620 900 901 954 amarities
935 901 1145 956 abunde
1199 902 1284 955 his
1330 903 1468 956 inest
1512 903 1731 973 scriptis
1769 921 1783 958 :
1816 920 1991 974 quan-

412 1004 575 1057 quam
606 999 659 1043 et
689 990 774 1043 illa
823 1006 1196 1060 saepenumero
1238 993 1565 1063 languescit,
1600 1010 1703 1048 non
1739 996 1993 1051 mistioue

413 1096 476 1133 ac
513 1091 940 1150 temperamento
965 1083 1232 1153 idearum,
1254 1088 1395 1156 quod
1430 1086 1571 1141 foret
1590 1088 1875 1157 optimmn,
1897 1090 1992 1143 sed

412 1173 717 1227 defectione
760 1174 1055 1229 dictionum
1102 1185 1157 1230 et
1213 1193 1398 1232 earum
1445 1180 1673 1247 partium
1720 1195 1840 1249 quae
1871 1195 1988 1235 eam

410 1264 521 1315 vim
575 1264 797 1330 habent,
857 1276 914 1341 ut
966 1268 1204 1336 phrasim
1254 1269 1607 1324 valentiorem
1655 1270 1887 1326 reddant
1925 1287 1992 1326 ac

413 1353 803 1420 turgidiorem;
841 1357 983 1423 quod
1021 1357 1205 1411 multis
1237 1357 1478 1426 quidem,
1508 1357 1774 1427 ejusmodi
1824 1374 1987 1428 pecu-

410 1443 601 1499 liarem
657 1447 892 1514 aliquam
941 1448 1195 1517 loquendi
1248 1448 1478 1503 formam
1526 1451 1989 1516 consectantibus,

410 1537 678 1606 contingit
726 1555 740 1591 :
789 1554 894 1591 non
951 1549 1128 1593 tamen
1166 1542 1268 1594 hoc
1318 1556 1439 1594 cum
1492 1540 1649 1594 laude
1689 1542 1756 1596 iis
1795 1541 1988 1596 saltem

411 1630 614 1693 evenit,
655 1629 746 1698 qui
794 1630 1062 1685 sustinere
1106 1647 1271 1699 supra
1304 1631 1453 1687 vires
1499 1642 1805 1701 susceptum
1850 1648 1990 1689 onus

412 1734 520 1773 non
547 1727 857 1789 potuerunt.
880 1718 993 1774 Hoc
1025 1722 1190 1791 igitur
1209 1731 1349 1786 esto,
1372 1734 1431 1776 ut
1452 1722 1772 1792 simpliciter
1792 1709 1987 1788 dicam,

411 1812 478 1866 de
504 1813 623 1881 ejus
658 1813 894 1867 dictione
927 1812 1191 1881 judicium
1227 1830 1241 1866 :
1279 1829 1402 1867 nam
1453 1814 1505 1867 in
1560 1830 1661 1878 eo,
1695 1814 1785 1882 qui
1824 1814 1989 1868 vitam

2094 625 2184 677 λον
2209 625 2256 656 ⁸⁸
2298 625 2709 693 ἀπενέγκασθαι
2764 626 2863 677 οὐκ
2913 626 2979 679 ἂν
3028 627 3167 679 αὐτά
3212 626 3313 695 τῆς
3356 625 3681 696 συμμέτρου

2093 715 2349 786 κράσεως
2394 716 2491 768 καὶ
2536 715 2599 767 τὸ
2642 716 2853 785 πρέπον
2908 715 3140 786 ἐχούσης
3185 717 3337 785 ἰσχὺν
3378 710 3524 785 εἶχεν
3567 718 3681 767 ἀπ-

2093 808 2271 874 άγειν.
2316 807 2389 859 Τὸ
2416 807 2596 877 μέντοι
2628 805 2844 860 εὔτονον
2871 807 2917 839 ⁸⁸
2950 808 3046 860 καὶ
3070 807 3271 879 πικρὸν
3318 806 3564 877 περίεστι
3599 805 3681 875 τῷ

2092 898 2255 970 λόγῳ·
2288 898 2423 951 ἀλλὰ
2469 898 2562 951 καὶ
2600 898 2759 951 τοῦτο
2802 897 3067 962 πολλάκις
3115 897 3392 961 ἐκλύεται,
3431 898 3488 951 ού
3533 897 3681 968 μίξει

2093 992 2187 1043 καὶ
2218 992 2409 1061 κράσει
2436 991 2546 1043 τῶν
2592 990 2768 1054 ίδεῶν,
2816 992 2954 1061 ὅπερ
2985 990 3231 1060 ἄριστον,
3263 990 3380 1043 ἀλλ’
3412 988 3681 1059 ἐπιλείψει.

2092 1082 2562 1152 καταϐιαζόμενον
2597 1083 2642 1114 ⁸⁸
2697 1085 2805 1136 τῶν
2843 1084 3127 1136 τεινόντων
3172 1082 3270 1153 τὴν
3335 1084 3537 1155 φράσιν
3582 1082 3681 1135 καὶ

2091 1170 2451 1240 διογκούντων
2489 1170 2693 1237 λέξεὼν
2734 1188 2795 1223 τε
2836 1171 2932 1224 καὶ
2971 1170 3078 1222 τῶν
3126 1170 3301 1224 ἄλλων
3353 1169 3539 1240 μερῶν
3578 1169 3683 1237 τῆς

2091 1264 2346 1335 τοιαύτης
2382 1264 2583 1333 ίσχύος’
2627 1262 2755 1335 [412
2785 1261 2882 1335 Β.]
2912 1262 2940 1314 ὃ
2969 1262 3184 1325 πολλοῖς
3220 1261 3322 1332 μὲν
3342 1263 3452 1314 τῶν
3481 1278 3544 1329 γε
3578 1259 3682 1331 τὴν

2090 1354 2349 1425 τοιαύτην
2407 1356 2737 1426 ἰδιοτροπίαν
2789 1354 3287 1426 ἐπιτετηδευκότων
3344 1354 3567 1424 συνέϐη,
3614 1354 3679 1406 ού

2096 1447 2200 1519 μὴν
2234 1448 2369 1517 πρὸς
2410 1448 2637 1501 ἐπαίνου
2681 1463 2744 1514 γε
2765 1449 2879 1510 τοῖς
2920 1446 2994 1517 μὴ
3020 1445 3379 1499 διασεσωκόσι
3420 1445 3511 1498 τὸν
3535 1446 3681 1515 ὑπὲρ

2096 1540 2250 1610 ἰσχὺν
2274 1542 2512 1611 ἠρμένον
2556 1542 2755 1611 φόρτον
2794 1539 3104 1592 ἀποϐαίνει.
3163 1538 3326 1591 Ἀλλὰ
3363 1536 3533 1590 ταῦτα
3577 1540 3679 1607 μὲν

2091 1633 2274 1703 κρίσις
2293 1635 2361 1697 ⁸⁷,
2384 1634 2459 1697 ὡς
2485 1635 2660 1687 εἰπεῖν
2687 1634 2873 1696 ἁπλῶς
2900 1649 2963 1701 γε
2989 1632 3169 1700 λόγου·
3198 1630 3293 1683 τοῦ
3320 1629 3376 1682 δὲ
3409 1629 3520 1699 βίον
3545 1630 3679 1699 γρᾶο

2094 1742 2286 1795 φοντος
2318 1726 2459 1797 τάχα
2497 1727 2565 1781 ἂν
2607 1726 2693 1795 είη
2739 1727 2835 1780 καὶ
2868 1725 3033 1796 ἕτερα
3068 1723 3311 1777 πλείονα.
3341 1723 3407 1776 Τί
3439 1722 3547 1793 γὰρ
3580 1722 3681 1774 αὐ-

2092 1815 2171 1887 τῷ
2208 1816 2391 1887 δεήσει
2429 1819 2611 1889 μορφὴ
2660 1817 2749 1871 διὰ
2787 1817 3052 1888 μεγέθους
3092 1817 3333 1886 ἤκουσα;
3380 1815 3677 1884 νομοθέτου

409 1903 733 1969 conscribit,
780 1903 983 1958 fuerint
1046 1915 1101 1959 et
1155 1905 1261 1959 alia
1322 1907 1551 1961 fortasse
1598 1908 1746 1976 plura
1800 1909 1990 1962 adver-

2095 1909 2203 1979 γὰρ
2233 1910 2331 1963 καὶ
2364 1911 2794 1981 προστάττοντος
2823 1910 2981 1963 τοῦτο
3007 1909 3187 1975 λόγου.
3218 1909 3283 1961 Τί
3313 1909 3368 1961 δὲ
3403 1909 3552 1971 τόνος
3583 1908 3680 1961 καὶ

410 1994 598 2048 tenda.
641 1994 780 2059 Quid
831 1995 974 2049 enim
1023 2010 1158 2064 opus
1208 1997 1309 2065 ipsi
1365 2006 1482 2051 erat
1533 1999 1857 2066 granditatis
1911 2001 1986 2053 uti

409 2085 629 2139 forma?
658 2085 986 2155 legislatoris
1032 2087 1178 2142 enim
1222 2103 1285 2142 ac
1322 2090 1720 2157 praescribentis
1754 2092 1986 2147 orationi

2097 2002 2360 2073 περιϐολὴ
2383 2004 2622 2073 τοσαύτη
2653 2004 2746 2057 καὶ
2776 2005 2874 2074 τῆς
2898 2002 3172 2074 συνθήκης
3196 2001 3256 2054 τὸ
3282 2000 3475 2072 ἄηθεςς
3515 2001 3681 2056 Ἀλλὰ

2096 2094 2272 2148 ταῦτα
2305 2096 2403 2166 μὲν
2434 2098 2526 2149 ἐπὶ
2557 2097 2830 2150 τοσοῦτον.
2916 2152 2921 2159 ,

412 2184 518 2238 hoc
561 2183 858 2253 proprium.
906 2184 1044 2252 Quid
1092 2184 1215 2239 dein
1268 2185 1582 2257 contentio,|
1620 2196 1881 2256 tantaque
1947 2187 2379 2258 circumductio,
2429 2202 2484 2246 et
2533 2190 2951 2261 compositionis
3004 2191 3260 2245 inusitata
3350 2189 3529 2243 ratio?
3570 2187 3679 2244 Sed

411 2276 528 2330 hare
558 2278 839 2330 hactenus.

486 2368 801 2423 Damascius
826 2378 1004 2423 autem
1040 2370 1092 2423 in
1124 2369 1339 2425 dicendi
1369 2380 1483 2425 arte
1511 2380 1618 2425 tres
1649 2372 1792 2441 ipsos
1823 2388 1994 2427 annos

411 2458 619 2514 Theoui
647 2475 866 2527 operam
900 2460 1067 2527 dedit,
1102 2461 1427 2531 pratfuitqne
1465 2462 1746 2518 rhetoricis
1777 2466 1990 2520 exerci-

410 2550 713 2605 tationibus
752 2564 923 2604 annos
967 2549 1080 2604 fere
1120 2566 1337 2605 novem.
1370 2551 1694 2606 Geometria:
1726 2563 1780 2607 et
1817 2554 1992 2609 arith-

418 2644 631 2696 metica:
688 2641 882 2711 127a
946 2649 1384 2711 cmterarumque
1446 2645 1646 2697 artium
1710 2646 1989 2701 doctorem

413 2735 602 2789 habuit
646 2734 911 2788 Marinum
945 2734 1057 2804 (27)
1090 2734 1318 2788 Athenis
1366 2734 1540 2790 Procli
1590 2751 1988 2794 successorem.

409 2828 469 2881 ln
500 2826 890 2896 philosOphicis
921 2826 1243 2896 disciplinis,
1286 2827 1569 2884 Zenodnro
1603 2830 1830 2884 Athenis
1863 2846 1993 2887 usus

409 2929 495 2976 est
524 2920 807 2991 magistro,
837 2920 1005 2989 quiet
1036 2921 1152 2989 ipse
1187 2931 1313 2990 post
1347 2922 1611 2976 Marinum
1646 2921 1834 2977 Proclo
1868 2939 1984 2979 suc-

409 3014 607 3079 cessit;
664 3013 955 3068 Aunnonio
1011 3028 1140 3068 vero
1195 3013 1426 3069 llermiae
1460 3015 1571 3069 lilio
1606 3016 1717 3085 (‘28)
1760 3017 1994 3069 Alexan-

409 3112 562 3177 driae,
595 3127 756 3181 quem
787 3128 892 3165 non
930 3128 1116 3181 parum
1150 3112 1363 3167 cazteris
1389 3128 1499 3167 sua:
1531 3114 1708 3167 :ctatis
1758 3114 1994 3182 philoso-

2176 2375 2235 2428 '0
2265 2375 2319 2428 δὲ
2354 2376 2669 2446 Δαμάσκιος
2694 2376 2794 2446 τήν
2826 2390 2887 2428 τε
2913 2373 3311 2446 ρητορεύουσαν
3338 2373 3535 2443 τέχνην
3570 2372 3679 2423 ὑπὸ

2091 2468 2260 2521 Θέωνι
2299 2468 2425 2540 τρία
2458 2467 2551 2539 ἔτη
2584 2468 2682 2520 ὅλα
2716 2467 3031 2538 διεπόνησε,
3061 2467 3154 2520 καὶ
3188 2465 3432 2539 προῦστη
3463 2465 3677 2533 διατριο-

2091 2560 2201 2612 ϐῶν
2234 2559 2538 2630 ῥητορικῶν
2568 2561 2661 2613 ἐπὶ
2691 2559 2789 2629 ἔτη
2833 2560 2899 2623 θ’,
2932 2560 3277 2631 γεωμετρίας
3317 2556 3371 2613 δὲ
3413 2558 3507 2613 καὶ
3551 2557 3677 2629 ἀριη

2091 2650 2364 2721 θμητικῆς
2402 2637 2495 2704 καὶ
2536 2651 2645 2704 τῶν
2692 2650 2869 2705 ἄλλων
2920 2651 3259 2721 μαθημάτων
3300 2653 3539 2721 Μαρίνον
3582 2651 3675 2702 τὸν

2094 2744 2336 2813 διάδοχον
2366 2743 2612 2814 Πρόκλου
2641 2744 2700 2796 ὲν
2747 2742 3001 2813 Ἀθήναις
3037 2742 3163 2813 ἔσχε
3191 2743 3527 2799 διδάσκαλον.
3560 2744 3679 2813 Τῆς

2094 2835 2151 2888 δὲ
2177 2834 2467 2903 φιλοσόφου
2499 2834 2733 2899 θεωρίας
2764 2834 2792 2887 ὅ
2828 2851 2889 2887 τε
2930 2834 3223 2901 Ζηνόδοτος
3259 2834 3410 2905 αὐτῷ
3437 2835 3677 2905 καθηγε-

2100 2927 2217 2998 μὼν
2263 2927 2523 2998 Ἀθήνῃσι
2565 2928 2660 2980 καὶ
2696 2926 2859 2990 αὐτὸς
2904 2928 3145 2995 ἐγεγόνει
3186 2927 3451 2997 (διάδοχος
3480 2927 3536 2980 δὲ
3578 2928 3680 2981 καὶ⁵

2096 3015 2249 3084 οὗτος
2304 3020 2573 3090 Πρόκλου,
2622 3019 2689 3071 τὰ
2732 3018 2960 3088 δεύτερα
3008 3020 3257 3091 Μαρίνου
3311 3019 3538 3089 φέρων),
3580 3022 3677 3072 καὶ

2111 3110 2419 3183 Ἀμμώνιος
2453 3113 2511 3165 ὲν
2552 3111 2931 3183 Ἀλεξανδρείᾳ
2958 3114 2986 3165 ό
3017 3112 3298 3183 Ἑρμείου,
3322 3112 3382 3164 ὃν
3403 3112 3464 3165 ού
3493 3111 3677 3182 μικρῷ

406 3203 533 3271 phis
552 3204 880 3259 antecellere
905 3205 1117 3271 scribit,
1140 3215 1196 3258 et
1220 3205 1451 3259 maxime
1481 3206 1534 3258 in
1566 3205 1986 3260 mathematicis.

2097 3204 2281 3275 μέτρῳ
2301 3202 2408 3256 τῶν
2434 3202 2556 3255 καθ’
2578 3203 2770 3256 ἑαυτὸν
2788 3203 2881 3256 ἐπὶ
2905 3202 3195 3274 φιλοσοφίᾳ
3219 3202 3352 3272 φησὶ
3372 3202 3673 3273 διαφέρειν,

410 3295 581 3363 Hujus
617 3296 668 3350 in
699 3295 990 3351 Platonicis
1027 3312 1085 3351 se
1123 3296 1427 3351 auditorem
1468 3297 1638 3351 fuisse
1673 3296 1992 3350 Damascins

407 3387 617 3451 scribit,
673 3398 731 3441 ut
784 3397 839 3442 et
896 3385 1174 3442 Ptolemzei
1232 3404 1444 3458 magna:
1495 3389 1991 3443 astronomicorum

408 3490 719 3553 syntaxeos.
761 3480 1061 3535 Dialecticae
1104 3489 1283 3534 tamen
1330 3480 1740 3534 exercitationis
1760 3479 1992 3548 vim'iusu

411 3588 474 3629 se
520 3587 585 3628 ac
631 3571 1001 3627 familiaritate
1044 3570 1234 3627 lsidori
1281 3580 1635 3626 consecutum
1688 3570 1989 3635 contendit,

408 3681 568 3736 quem
614 3674 669 3720 et
724 3665 775 3718 in
821 3666 921 3719 hac
976 3666 1089 3732 ipsa
1142 3664 1441 3719 disserendi
1496 3661 1755 3717 facultate
1800 3676 1993 3716 omnes

409 3766 674 3828 quotquot
697 3756 825 3811 illud
855 3757 1111 3810 saeculum
1143 3755 1288 3821 tulit,
1310 3756 1500 3811 doctos
1526 3757 1776 3811 homines
1796 3754 1991 3810 obscu-

406 3863 563 3903 rasse
592 3857 999 3903 commemorat.

1043 4023 1349 4079 CLXXXII.

414 4115 481 4172 B.
521 4106 757 4186 Eulogii,
803 4116 1113 4185 archiepisc.
1148 4116 1531 4182 Alexandrini,
1567 4115 1766 4172 Contra
1804 4118 1991 4175 Nava-

1024 4198 1136 4239 tum
1159 4187 1280 4239 libri
1305 4203 1380 4239 vt.

1049 4204 1136 4240 um
1159 4203 1280 4239 mm
1305 4203 1380 4241 Vl.

478 4284 635 4340 Lecti
682 4292 808 4339 sunt
853 4282 915 4338 B.
948 4283 1159 4353 Eulogii
1205 4282 1559 4338 Alexandrini
1592 4285 1990 4357 archiepiscopi

409 4373 607 4432 Contra
636 4374 903 4430 Navalum
928 4376 1115 4445 (‘29)ct
1148 4374 1226 4429 De
1259 4375 1717 4432 administratione
1749 4378 1862 4449 (50)
1885 4378 1994 4451 [ec-

409 4465 726 4539 clesiastica]
775 4467 896 4521 libri
949 4467 1193 4537 quinque
1246 4467 1385 4537 (31).
1423 4466 1673 4523 Hominis
1715 4470 1881 4525 dictio
1922 4471 1989 4524 ad

2095 3298 2191 3351 καὶ
2216 3297 2454 3365 μάλιστα
2485 3297 2599 3359 τοῖς
2629 3297 2938 3367 μαθήμασι.
2972 3295 3174 3349 Τοῦτον
3205 3296 3426 3348 καὶτῶν
3448 3296 3675 3348 Πλατω-

2093 3389 2261 3442 νικῶν
2284 3388 2562 3460 ἐξηγητὴν
2588 3387 2735 3458 αὑτῷ
2756 3388 3085 3457 γεγενῆσθαι
3106 3388 3416 3458 Δαμάσκιος
3437 3388 3677 3457 ἀναγρά-

2095 3500 2207 3551 φει,
2250 3483 2347 3536 καὶ
2393 3485 2493 3553 τῆς
2537 3481 2845 3546 συντάξεως
2891 3480 3001 3534 τῶν
3034 3481 3446 3551 ἀστρονομικῶν
3476 3481 3677 3532 Πτολε-

2096 3571 2256 3640 μαίου
2302 3568 2543 3640 βιϐλίων.
2587 3570 2698 3637 Τῆς
2751 3570 2934 3638 μέντοι
2965 3568 3315 3639 διαλεκτικῆς
3361 3569 3554 3638 τριϐῆς
3576 3570 3677 3631 τὰς

2106 3660 2379 3732 ’ῐσιδώρου
2405 3661 2695 3726 συνουσίας
2724 3660 2823 3733 τὴν
2849 3662 3003 3731 ίσχὺν
3030 3660 3179 3731 αὐτῷ
3209 3660 3537 3715 διατείνεται
3566 3677 3676 3712 πα-

2097 3759 2338 3827 ρασχεῖν,
2381 3757 2440 3810 ὃν
2472 3758 2567 3811 καὶ
2602 3759 2695 3811 ἐπὶ
2737 3760 2803 3827 τῇ
2845 3757 3068 3828 τοιαύτῃ
3111 3757 3219 3809 τῶν
3248 3755 3420 3824 λόγων
3448 3754 3676 3824 δυνάμει

2094 3846 2304 3909 πάντας
2332 3846 2679 3916 ἀνθρώπους,
2710 3848 2869 3907 ὅσους
2893 3849 2922 3900 ὁ
2950 3846 3071 3900 κατ’
3104 3847 3323 3917 ἐκείνην
3352 3846 3453 3917 τὴν
3481 3846 3677 3915 γενεὰν

2091 3940 2292 4011 ἤνεγκε
2330 3941 2541 4011 χρόνος,
2574 3939 2999 4009 ἀποκρύψασθαι
3026 3955 3213 4010 φησιν.

2730 4032 2819 4083 ΡΠ
2828 4031 2901 4085 B'.

2094 4124 2418 4195 Εὑλογίου,
2458 4122 2938 4195 ἀρχιεπισκόπου
2988 4122 3472 4195 Ἀλεξανδρείας,
3526 4123 3681 4178 κατὰ

2590 4193 2868 4247 Ναυὰτου
2900 4196 3069 4264 λόγοι
3108 4194 3182 4258 ς’.

2176 4284 2515 4355 Ἀνεγνὼσθη
2539 4285 2795 4354 Εύλογίου
2825 4285 2921 4338 τοῦ
2953 4287 3011 4338 ὲν
3040 4285 3216 4353 ἁγίοις
3241 4284 3677 4357 ἀρχιεπισκόπου

2104 4377 2511 4448 Ἀλεξανδρείας
2540 4377 2695 4431 κατὰ
2727 4377 3004 4430 Ναυάτου
3037 4378 3130 4430 καὶ
3163 4376 3295 4445 περὶ
3333 4379 3678 4448 οἰκονομίας

2092 4472 2260 4540 λόγοι
2298 4475 2359 4523 ε’.
2393 4470 2548 4522 Ἔστι
2572 4469 2672 4540 τὴν
2694 4469 2897 4540 φράσιν
2927 4471 2955 4522 ό
2985 4469 3145 4539 ἀνὴρ,
3180 4472 3283 4523 ὅσα
3315 4470 3412 4539 μὲν
3444 4473 3525 4533 είς
3582 4470 3677 4523 λέ-

406 4559 571 4613 verba
606 4560 749 4629 quod
781 4560 1009 4623 attinet,
1043 4558 1157 4614 fere
1200 4560 1554 4614 mediocriter
1580 4572 1665 4617 est
1688 4572 1985 4617 accurata:

2094 4562 2175 4627 ξιν
2212 4562 2355 4633 ἥκει,
2392 4560 2488 4615 τοῦ
2527 4562 2751 4633 μετρίου
2779 4578 2899 4625 πως
2954 4561 3041 4614 ἐπ’
3094 4562 3313 4615 ἔλαττον
3370 4562 3679 4633 ἠκριϐωμέ-

406 4667 594 4706 verum
629 4654 1035 4708 constructione
1075 4668 1181 4707 non
1222 4653 1409 4723 procul
1439 4668 1582 4724 sape
1612 4670 1640 4708 a
1675 4656 1987 4712 soloecismo

407 4742 668 4797 abscedit.
708 4742 1023 4797 Divinarum
1058 4743 1247 4798 adhaec
1293 4742 1692 4812 Scripturarum
1748 4761 1851 4801 non
1899 4759 1988 4803 est

407 4833 713 4904 imperitus,
749 4849 980 4904 quarum
1014 4836 1323 4892 testimonia
1349 4835 1582 4893 feliciter
1617 4847 1780 4908 atque
1820 4855 1987 4910 appo-

2095 4672 2206 4719 νος,
2237 4657 2337 4708 ὅσα
2362 4655 2418 4708 δὲ
2456 4655 2536 4718 είς
2560 4652 2863 4719 συντάξεις,
2883 4654 3051 4723 ἐγγὺς
3081 4654 3342 4718 πολλάκις
3371 4654 3479 4708 τῶν
3506 4655 3678 4708 σολοι-

2096 4746 2360 4810 κιζόντων
2394 4745 2723 4817 ἀφιγμένος,
2769 4746 2879 4799 τῶν
2913 4746 2971 4800 δὲ
3004 4746 3166 4800 θείων
3193 4748 3292 4799 οὐκ
3342 4746 3677 4817 ἀμελέτητος

2093 4838 2350 4909 Γραφῶν,
2382 4838 2518 4892 ἀλλὰ
2563 4837 2657 4892 καὶ
2687 4836 2961 4908 εὐστόχως
2989 4838 3183 4902 αὐταῖς
3212 4839 3354 4893 κατά
3380 4857 3439 4892 τε
3461 4838 3505 4869 ⁸⁸
3527 4838 3683 4892 Neu--

1682 4955 1917 5011 VARI/ii}
1955 4954 2363 5012 LECTIONES.

474 5044 525 5079 “
548 5043 830 5101 ποικίλλον
857 5045 923 5102 Α.
1000 5043 1048 5077 ⁸³
1081 5044 1292 5099 ἔντονον
1320 5064 1380 5110 ς.
1414 5045 1522 5099 τῶν
1547 5045 1722 5112 λόγων
1759 5064 1820 5111 ς.

1918 5047 1964 5078 ⁸⁸
1986 5048 2126 5100 κατὰ
2158 5047 2219 5099 τὸ
2262 5045 2581 5116 βιαζόμενον
2610 5062 2674 5109 ς.

2771 5043 2817 5077 ⁸⁷
2844 5043 3023 5114 κρίσιν
3050 5044 3117 5097 A.
3195 5042 3239 5074 ⁸⁸
3268 5058 3327 5095 τε
3360 5040 3485 5096 add.
3514 5039 3577 5095 A.

1925 5162 2157 5219 NOTAE.

476 5260 589 5331 (27)
627 5257 791 5327 Cujus
835 5259 1081 5331 libellus
1104 5258 1185 5331 ‘De
1230 5254 1407 5310 Procli
1460 5256 1723 5311 Diadochi
1782 5258 1889 5314 vita
1929 5260 1983 5313 iu

405 5328 658 5385 manibus
689 5340 802 5395 est;
835 5329 954 5399 lege
988 5328 1143 5383 Suid.

475 5401 591 5471 (9.8)
620 5402 698 5455 Ad
728 5397 1138 5471 distinctionem
1178 5398 1341 5471 hujus
1373 5401 1439 5453 ab
1474 5397 1647 5452 altero
1679 5399 1988 5469 antiquiore

405 5470 697 5525 Anunonio
718 5470 909 5533 Sacca,
947 5472 1012 5525 de
1044 5485 1152 5538 quo
1186 5470 1403 5524 Suidas.

481 5540 591 5609 (‘29)
634 5540 992 5594 Novatianum
1036 5536 1181 5593 hunc
1211 5539 1403 5603 fuisse,
1435 5539 1528 5593 sed
1556 5554 1584 5592 a
1612 5536 1820 5594 Novato
1851 5556 1988 5608 quo-

406 5610 527 5664 dam
590 5611 652 5667 B.
696 5611 953 5680 Cypriani
1014 5610 1194 5679 preslt.
1271 5611 1551 5665 seductum
1600 5610 1740 5677 (qua:
1784 5610 1988 5665 Graecis

407 5680 549 5733 forte
593 5696 725 5735 ansa
761 5680 1122 5734 confundendi
1156 5681 1348 5735 horum
1400 5680 1663 5745 nomina),
1700 5681 1878 5735 disces
1922 5696 1989 5734 ex

406 5749 511 5801 ΠΒ.
545 5748 804 5819 Cornelii.
850 5750 1013 5819 Cypr.
1056 5750 1277 5805 Hieron.
1309 5761 1361 5805 et
1398 5751 1625 5804 aliorum
1668 5750 1987 5805 Latinorum

410 5767 511 5801 nu.
545 5767 804 5811 eornetn.
850 5767 890 5805 υ
932 5767 1013 5819 pr.
1056 5767 1277 5805 meron.
1309 5767 1361 5805 et
1398 5767 1625 5804 anornm
1668 5767 1985 5805 Latinorum

407 5820 649 5888 scriptis.
705 5817 844 5873 Vide
885 5767 1243 5889 lgpiphanium
1296 5822 1486 5875 hmresi
1534 5820 1651 5885 59;
1712 5818 1985 5875 Theudor.

411 5886 613 5946 erel.
654 5888 766 5958 fab.
810 5889 903 5945 lib.
935 5905 1019 5958 ιιι,
1053 5899 1109 5947 et
1134 5891 1327 5947 Annal.
1364 5908 1402 5948 ιι
1446 5891 1643 5949 Baron.
1688 5891 1864 5958 card.,
1899 5890 1985 5949 Ni-

598 5929 613 5945 ο
654 5921 766 5958 μιν.
810 5921 903 5945 ιιυο
935 5921 1019 5960 ΙΙΙ,
1053 5921 1109 5947 σι
1134 5921 1327 5947 anuus.
1364 5921 1402 5948 II
1446 5921 1643 5949 uutvu.
1688 5921 1864 5959 υαιυορ
1900 5921 1989 5949 δἸι⁹

2093 5259 2412 5327 cephorum,
2442 5260 2570 5314 item
2603 5258 2812 5313 Callist.
2840 5268 2896 5310 et
2918 5255 3070 5311 Suid.

2164 5318 2278 5402 (50)
2311 5318 2446 5402 Περὶ
2482 5330 2831 5402 οἰκονομίας..
2854 5327 3099 5402 Intelligo
3127 5330 3448 5402 potestatein
3484 5318 3677 5402 Eccle_-

2094 5391 2189 5452 site
2232 5391 2284 5453 iu
2333 5391 2679 5469 recipiendis
2702 5399 2886 5468 lapsis.
2938 5398 3014 5452 De
3039 5391 3342 5462 ὀἰκονομία
3381 5391 3523 5445 idem
3575 5391 3674 5444 inf.

2096 5484 2313 5538 quoque
2356 5472 2477 5524 cod.
2513 5469 2640 5523 227.

2171 5529 2282 5611 (3i)
2316 5539 2392 5595 De
2419 5540 2615 5608 quibus
2639 5540 2857 5602 iterum,
2889 5536 2983 5591 sed
3012 5534 3252 5611 brevius,
3285 5532 3384 5611 inf.
3404 5531 3526 5585 cod.
3546 5529 3675 5584 2l8.

2097 5604 2301 5663 Eorum
2356 5604 2521 5679 porro
2557 5616 2836 5679 excerpta.
2874 5622 2993 5676 quae
3029 5605 3253 5679 quidem
3287 5604 3362 5679 ad
3396 5618 3678 5679 sacrarum

2099 5671 2504 5750 Scripturarum
2556 5671 2964 5750 expositionem
3020 5671 3296 5750 [ποι-διες..
3348 5673 3533 5750 habes
3577 5671 3675 5750 inf.

2096 5743 2793 5825 eod._'250.Sextus_autem
2818 5748 2909 5825 qui
2938 5747 3095 5825 fictas
3122 5745 3190 5799 de
3216 5743 3423 5797 Navato
3464 5743 3679 5825 fabulas

2096 5823 2364 5888 confutat,
2390 5828 2580 5878 contra
2597 5822 2742 5892 ipsos
2768 5817 2950 5890 potius
2978 5818 3097 5890 ejus
3122 5825 3419 5874 sectatores
3438 5817 3676 5884 scriptus

2095 5891 2326 5947 videtur.
