4022 6492
384 417 496 481 533

1360 423 1892 484 BIBLIOTHECA.
1932 449 2003 462 —
2035 424 2199 486 COD.
2241 427 2584 488 CLXXXII.

3551 395 3654 487 sat

376 526 624 580 ατιανῶν
657 525 754 578 καὶ
783 525 870 578 ἐπ’
904 526 1081 580 ἄλλων
1107 526 1269 580 τινῶν
1329 531 1689 600 κεχρημένος,
1742 530 1966 594 πιθανὸς

2091 533 2172 590 tite
2197 551 2320 589 cum
2346 537 2614 592 adversus
2648 536 2994 602 Navatianos,
3033 547 3142 590 tum
3191 536 3243 590 in
3276 536 3397 591 aliis
3427 537 3655 606 quibus-

373 620 434 672 δὲ
460 619 540 682 ὡς
571 621 632 672 ἐν
659 619 886 691 τοιαύτῃ
923 622 1145 690 φράσει,
1175 621 1554 686 διδασκαλικός
1609 641 1668 677 τε
1719 627 1813 678 καὶ
1859 625 1968 678 οὐδ’

375 713 606 781 ἄχαρις.

446 803 619 872 Λέγει
648 803 706 856 δὲ
735 802 828 857 τὸν
874 804 1126 860 Ναυάτον
1150 806 1255 860 ὑπὸ
1293 807 1592 878 Κορνηλίου
1636 825 1797 862 παπα
1834 807 1968 861 Ῥώ-

381 913 493 967 μης
523 896 910 966 ἀρχιδιάκονον
943 897 1045 966 τῆς
1080 899 1368 967 Ῥωμαίων
1396 898 1974 968 καθεστάναιἘκκλη-

380 989 536 1051 σίας,
567 989 644 1050 τίς
671 986 730 1040 ὃν
756 988 786 1040 ὁ
825 987 1085 1060 τηνικάδε
1137 993 1307 1052 τύπος
1332 989 1552 1060 κρατῶν
1611 991 1974 1055 τελευτῶντος

383 1081 491 1134 τοῦ
545 1083 702 1135 πάπα
727 1079 820 1132 τὸν
854 1081 1244 1152 ἀρχιερατικὸν
1273 1082 1475 1153 κλῆρον
1511 1083 1674 1154 ἔφερε
1700 1101 1714 1116 ο
1751 1084 1843 1137 τὸν
1865 1086 1976 1156 γὰρ

391 1173 765 1243 ἀρχιδιάκονον
819 1173 1140 1241 ἐνενόμιστο
1165 1173 1294 1245 [214
1323 1173 1393 1246 Η]
1420 1175 1664 1245 διάδοχον
1721 1177 1815 1229 τοῦ
1869 1179 1973 1248 ἀρ-

398 1264 805 1333 χιερατεύοντος
861 1262 1246 1319 καθίστασθαι.
1297 1266 1457 1319 Ἀλλὰ
1480 1266 1647 1335 τῦφον
1681 1267 1726 1299 ⁶⁹
1785 1286 1845 1321 τε
1893 1287 1978 1322 νο-

403 1356 598 1408 σὸὗντα
627 1355 923 1426 Κορνήλιος
955 1357 1136 1426 (φησὶ)
1166 1360 1260 1412 καὶ
1295 1358 1371 1430 τῷ
1397 1359 1584 1430 οίκείῳ
1612 1362 1975 1431 ἐφεδρεύοντα

399 1448 610 1516 θανάτῳ
641 1448 851 1516 μαθὼν,
890 1450 1264 1520 πρεσϐύτερον
1319 1457 1636 1524 χειροτονεῖ,
1671 1457 1852 1518 πάσας
1878 1457 1978 1521 τὰς

391 1543 473 1602 εἰς
530 1541 622 1592 τὸν
653 1541 704 1572 ⁷⁸
733 1542 1122 1611 ἁρχιερατικὸν
1154 1543 1340 1612 θρόνον
1371 1547 1646 1618 φερούσας
1687 1548 1851 1601 αὑτοῦ
1883 1567 1981 1601 πε-

390 1631 623 1699 ρικόψας
655 1632 894 1695 ἐλπίδας.
949 1634 1006 1686 ’0
1049 1635 1105 1687 δὲ
1133 1636 1575 1706 καιροφυλακῶν,
1603 1640 1725 1692 ἐπεὶ
1770 1641 1982 1711 Κορνή-

383 1722 500 1785 λιος
531 1723 628 1775 ἐπὶ
655 1723 938 1795 διαφόροις
976 1727 1285 1796 πταίσμασί
1337 1745 1486 1791 τινας
1546 1729 1841 1800 δεξάμενος
1902 1735 1983 1795 εἰς

386 1815 692 1882 μετάνοιαν
728 1817 824 1869 καὶ
855 1819 969 1880 τοῖς
1013 1819 1310 1889 ἀνήκουσιν
1345 1823 1641 1891 ἐπιτιμίοις
1692 1823 1982 1887 ὑποϐαλὼν

380 1907 490 1976 τῆς
554 1908 665 1960 τῶν
699 1909 986 1979 ἁχράντων
1051 1915 1371 1986 μυστηρίων
1416 1916 1704 1978 κοινωνίας
1761 1916 1980 1986 ἠξίωσε,

377 1999 551 2053 τοῦτο
582 2001 861 2071 πρόφασιν
892 1984 1282 2074 ἁρπασάμενος
1315 2007 1582 2076 ῥήγνυταί
1617 2024 1677 2060 τε
1715 1984 1814 2076 τῆς
1855 2008 1981 2060 Ἐκ-

380 2091 645 2164 κ).ησίας,
683 2095 960 2148 ἐπικαλῶν
992 2097 1277 2168 Κορνηλίῳ
1303 2097 1404 2168 τὴν
1442 2099 1550 2152 τῶν
1578 2101 1984 2171 ἡμαρτηκότων

383 2185 731 2255 παραδοχὴν,
766 2189 859 2240 καὶ
890 2187 1026 2251 ίδίας
1054 2189 1323 2260 αίρέσεως
1349 2191 1592 2263 ἀρχηγὸν
1609 2193 1985 2246 ἀναδείκνυσιν

381 2276 605 2342 ἑαυτὸν,
637 2279 946 2348 Καθαροὺς
979 2281 1080 2351 μὲν
1110 2283 1239 2346 τοὺς
1269 2285 1680 2347 συναποστάτας
1713 2286 1984 2356 ἐπονομά-

355 2383 522 2433 οσας,
579 2372 1035 2440 Κορνηλιανοὺς
1066 2373 1124 2427 δέ
1155 2377 1217 2427 τὸ
1255 2375 1479 2446 σύμπαν
1508 2377 1610 2441 τῆς
1655 2377 1985 2448 Ἐκκλησίας

385 2460 503 2530 πλη
514 2478 593 2530 ρω
599 2459 674 2530 μα
682 2503 695 2515 .

469 2551 690 2625 [ιιιδιι]
730 2556 819 2608 Ἐν
849 2555 948 2624 μὲν
977 2550 1071 2610 οὗν
1125 2559 1240 2621 τοῖς
1294 2559 1558 2630 τέσσαρσι
1612 2559 1792 2629 λόγοις
1846 2564 1986 2616 κατὰ

383 2648 494 2714 τῆς
527 2647 797 2717 αἱρέσεως
829 2649 1022 2711 κοινῶς
1050 2649 1092 2680 τί
1119 2648 1213 2701 τοῦ
1258 2649 1515 2703 Ναυάτου
1572 2650 1904 2719 ἀγωνίζεται
1957 2653 1986 2704 ὁ

388 2741 778 2808 συγγραφεὺς,
829 2743 1124 2810 γραφικοῖς
1151 2740 1314 2794 αὑτὸν
1345 2742 1692 2812 αἰκιζόμενος
1723 2744 1983 2813 ῥήμασιν.

401 2831 498 2883 Ἐν
528 2831 586 2884 δὲ
615 2831 693 2902 τῷ
723 2835 960 2902 πέμπτῳ
1002 2833 1151 2896 ἰδίως
1207 2835 1339 2905 περὶ
1401 2835 1492 2887 τοῦ
1529 2835 1638 2887 δεῖν
1693 2837 1860 2907 τιμᾷν
1919 2837 1988 2890 τὰ

385 2918 506 2972 τῶν
540 2919 836 2991 μαρτύρων
865 2921 1096 2990 λείψανα
1134 2921 1562 2990 ἐπαγωνίζεται,
1599 2924 1627 2976 ὃ
1657 2924 1733 2995 μὴ
1794 2925 1988 2996 ἀνέχε-

390 3011 524 3064 σθαι
559 3013 824 3083 πράττειν
857 3013 992 3084 φησὶ
1014 3013 1143 3076 τοὺς
1169 3013 1272 3066 ἀνὰ
1292 3012 1390 3084 τὴν
1434 3014 1843 3085 Ἀλεξάνδρειαν
1875 3017 1990 3070 δια-

388 3102 708 3172 σπαρέντας
753 3104 1152 3168 Ναυατιανοὺς,
1214 3104 1326 3156 εἴτε
1365 3105 1570 3159 τούτων
1623 3107 1799 3176 μόνων
1823 3109 1866 3139 τ’
1897 3109 1990 3161 καὶ

2073 627 2195 680 dam
2225 631 2388 683 rebus
2412 630 2653 684 adhibet.
2685 629 2982 684 Persuadet
3009 630 3156 695 item,
3196 639 3252 683 ut
3297 629 3411 697 ejus
3444 631 3655 686 dicendi

2074 721 2264 788 genius
2291 731 2396 784 est,
2420 721 2690 789 docetque
2720 736 2782 776 ac
2807 722 3003 790 placet.

2149 811 2338 865 Refert
2372 825 2555 866 autem
2599 812 2862 866 Navatum
2909 811 3042 880 (32),
3080 812 3335 866 Cornelio
3376 812 3659 882 pontifice,

2077 902 2335 956 Romanae
2371 919 2492 958 esse
2521 903 2776 958 Ecclesia:
2818 905 3266 958 archidiaconum
3301 914 3568 968 creatum,
3595 906 3662 958 ad

2077 1010 2236 1063 quem
2276 997 2454 1065 ipsum
2491 997 2858 1064 pontificium,
2895 1013 2992 1065 pro
3032 997 3151 1065 ejus
3191 997 3450 1064 temporis
3486 1011 3657 1057 more,

2078 1085 2374 1141 decedente
2424 1103 2454 1142 e
2487 1088 2593 1141 vita
2635 1088 2909 1156 pontiﬁce,
2953 1087 3324 1141 deferebatur.
3369 1088 3660 1142 Archidia-

2079 1193 2273 1232 conum
2322 1179 2466 1231 enim
2505 1179 2795 1233 succedere
2826 1194 3038 1231 smnmo
3089 1180 3354 1232 sacerdoti
3399 1189 3660 1232 statutum

2080 1279 2220 1325 erat.
2253 1268 2454 1323 Verum
2493 1273 2634 1325 lmnc
2664 1270 2761 1340 (ait
2793 1270 3075 1341 Eulogius)
3112 1271 3364 1340 superbia
3412 1271 3662 1325 laborau-

2082 1373 2190 1415 tem
2236 1361 2542 1420 Cornelius.
2591 1373 2644 1415 ct
2698 1365 2748 1417 in
2803 1379 2956 1417 suam
3007 1374 3234 1418 mortem
3291 1363 3659 1418 imminentem

2083 1469 2205 1508 cum
2246 1457 2619 1523 cognovisset,
2655 1461 3030 1527 presbyterum
3067 1457 3318 1518 ordinat,
3356 1471 3548 1509 omnes
3583 1456 3663 1508 sic

2085 1545 2159 1599 illi
2191 1547 2256 1599 ad
2293 1561 2602 1614 supremam
2638 1547 2949 1601 cathedram
2985 1546 3333 1615 perveniendi
3370 1562 3491 1616 spes
3523 1560 3661 1615 prae-

2085 1637 2294 1692 cidens.
2323 1637 2418 1690 Ille
2479 1652 2608 1692 vero
2638 1637 2882 1693 intentus
2908 1639 2959 1691 in
2983 1637 3349 1700 occasionem,
3373 1648 3660 1708 postquam

2086 1728 2372 1783 Cornelius
2393 1745 2423 1784 e
2452 1731 2615 1783 variis
2636 1712 2889 1798 peccatis.
2904 1729 2970 1784 ad
2993 1731 3371 1799 paenitentiam
3399 1729 3663 1798 quosdam

2091 1823 2317 1892 recepit,
2347 1832 2402 1876 et
2430 1836 2534 1890 qua
2566 1835 2666 1890 par
2695 1829 2813 1874 erat
2842 1835 3001 1890 poena
3028 1820 3284 1874 multatos
3313 1821 3378 1872 ad
3403 1819 3664 1871 immacu-

2087 1916 2321 1970 latorum
2356 1914 2735 1984 mysteriorum
2764 1913 3206 1967 communionem
3243 1911 3500 1976 admisit;
3561 1909 3665 1962 hac

2087 2021 2218 2061 ausa
2245 2004 2456 2077 [miser]
2485 2014 2721 2073 arrepta,
2745 2004 2952 2058 divisus
2981 2012 3062 2057 est
3090 2003 3157 2056 ab
3179 2001 3446 2066 Ecclesia,
3471 2015 3664 2068 expro-

2087 2100 2254 2153 brans
2297 2096 2550 2152 Cornelio
2591 2097 2733 2166 quod
2777 2103 3123 2164 peccatorum
3159 2103 3305 2150 esset
3334 2103 3663 2161 receptator,

2087 2204 2258 2259 seque
2287 2189 2463 2257 ipsum
2497 2186 2724 2242 haeresis
2747 2185 2978 2255 propriae
3009 2185 3307 2239 declaravit
3333 2193 3609 2237 auctorem
3648 2200 3663 2236 :

2088 2281 2351 2337 Catharos
2385 2280 2602 2350 quidem
2652 2288 2815 2334 sectas
2863 2279 3040 2334 socios
3095 2278 3414 2342 nominans,
3468 2274 3668 2328 Corne-

2088 2375 2260 2429 tianos
2301 2385 2479 2429 autem
2510 2372 2779 2426 universae
2807 2379 3006 2426 caelum
3036 2368 3313 2424 Ecclesia).

2160 2549 2217 2604 In
2263 2550 2348 2602 bis
2388 2548 2554 2617 igitur
2599 2545 2752 2600 libris
2790 2552 3024 2615 quatuor
3060 2543 3250 2612 127!)
3300 2557 3424 2596 cum
3475 2539 3670 2596 Navati

2091 2651 2239 2698 secta
2317 2641 2370 2695 in
2444 2653 2646 2709 genere
2713 2638 2947 2706 scriptor
3012 2637 3099 2690 hic
3165 2651 3440 2705 pugnans,
3501 2649 3672 2689 sacra:

2092 2734 2390 2802 Scriptura:
2420 2733 2557 2786 locis
2586 2731 2763 2799 ipsum
2795 2731 2991 2783 misere
3017 2725 3248 2795 ﬂagellat
3283 2747 3296 2781 ς
3327 2727 3452 2779 dum
3481 2726 3673 2795 quinto

2091 2825 2402 2894 singulatim
2458 2822 2598 2876 libro
2654 2830 2956 2891 martyrum
3017 2834 3138 2874 esse
3189 2817 3450 2887 reliquias
3510 2831 3675 2872 vene-

2091 2917 2294 2972 randas
2321 2915 2621 2979 contendit,
2652 2913 2797 2982 quod
2828 2912 3133 2966 detrectare
3163 2925 3257 2980 per
3287 2909 3671 2964 Alexandriam

2091 3012 2364 3080 dispersos
2412 3007 2742 3061 Navatianos
2784 3004 2860 3058 ait
2896 3019 2912 3057 :
2947 3004 3062 3057 sive
3115 3003 3168 3056 hi
3218 3002 3319 3058 soli
3369 3017 3434 3057 eo
3485 3002 3675 3055 morbo

2091 3106 2428 3168 laborarint,
2490 3103 2605 3155 sive
2671 3098 3034 3153 communiter
3093 3097 3222 3152 illud
3284 3095 3508 3150 hzeresis
3563 3106 3672 3149 tota

383 3194 494 3261 τὴν
519 3193 778 3264 τοιαύτην
808 3195 964 3250 νόσον
982 3195 1523 3265 προσνενοσηκότων,
1553 3195 1664 3248 είτε
1683 3196 1878 3260 κοινῶς
1895 3199 1983 3266 τῆς

2096 3197 2460 3267 proﬁteretur.
2504 3193 2574 3246 At
2613 3191 2666 3245 in
2714 3200 2869 3245 sexto
2901 3187 3118 3253 evertit,
3145 3188 3235 3257 qui
3282 3188 3348 3242 de
3374 3184 3673 3240 Navatiana

384 3284 664 3353 αἱρέσεως
691 3284 850 3338 τοῦτο
883 3285 1408 3356 διαπρεσϐευούσης.
1456 3286 1544 3339 Ἐν
1572 3287 1630 3339 δὲ
1667 3287 1812 3358 ἕκτῳ
1848 3289 1983 3341 ἁνα-

380 3375 590 3446 τρέπει
613 3376 682 3429 τὰ
721 3375 875 3447 παρὰ
900 3380 1014 3440 τοῖς
1047 3378 1414 3442 Ναυατιανοίς
1430 3378 1704 3448 λεγόμενα
1733 3379 1986 3452 ὑπομνή·

387 3485 548 3536 ματα
579 3469 670 3521 καὶ
698 3468 795 3539 τὴν
822 3469 1271 3540 ψευδεπίγραφον
1298 3471 1528 3542 ἄθλησιν
1556 3472 1815 3526 Ναυάτου
1858 3475 1984 3526 ἐπι-

385 3559 646 3612 σκόπου*
683 3561 984 3614 ἐπίσκοπον
1040 3562 1148 3634 γὰρ
1197 3563 1418 3633 Ῥώμης
1480 3563 1572 3616 τὸν
1625 3565 1986 3636 αίρεσιάρχην

385 3651 890 3722 ἀποσεμνύνουσιν.
930 3653 1086 3716 Ἔστι
1111 3655 1169 3707 δὲ
1199 3656 1268 3708 τὰ
1302 3657 1674 3728 ὑπομνήματα
1706 3658 1880 3711 ταῦτα
1904 3660 1988 3721 είς

385 3743 627 3814 ἔσχατον
658 3745 1009 3813 χυδαιότητος
1042 3745 1187 3810 λέξει
1207 3764 1266 3799 τε
1297 3749 1394 3802 καὶ
1423 3749 1632 3822 διανοίᾳ
1659 3751 1756 3803 καὶ
1790 3750 1988 3820 συνθή-

385 3853 465 3906 κῃ
497 3835 595 3888 καὶ
618 3838 752 3889 πᾶσι
781 3838 897 3900 τοῖς
929 3839 1061 3908 περὶ
1092 3839 1184 3891 τὸν
1209 3839 1368 3907 λόγον
1399 3839 1796 3912 θεωρουμένοις
1826 3841 1987 3895 ἐλαύ-

391 3946 580 3981 νοντα.
618 3928 908 3982 ’Υπόθεσιν
937 3929 981 3982 δ’
1003 3930 1136 4000 ἔχει,
1167 3931 1250 3984 ὅτι
1277 3931 1659 4002 βασιλεύοντος
1699 3935 1988 4005 Ῥωμαίων

386 4017 588 4070 Δεκίου
619 4019 714 4071 καὶ
763 4019 1134 4090 Οὑαλεριανοῦ
1189 4021 1478 4091 Περέννιος
1501 4023 1548 4054 ⁷³
1605 4023 1985 4096 δουκηνάριος,

386 4111 733 4180 πρόσταγμα
795 4109 978 4164 λαϐὼν
1028 4111 1158 4183 παρ’
1197 4113 1400 4176 αὐτῶν,
1461 4114 1670 4178 πάντας
1712 4118 1837 4180 τοὺς
1883 4119 1988 4173 ἀνὰ

386 4203 496 4267 τὴν
546 4198 766 4269 Ῥώμην
800 4202 893 4252 καὶ
946 4199 1044 4262 τὰς
1088 4199 1248 4269 πέριξ
1303 4201 1575 4272 ἐπαρχίας
1623 4204 1988 4274 Χριστιανοὺς

391 4292 736 4362 βαρυτάταις
780 4291 1038 4361 βασάνοις
1072 4293 1168 4344 καὶ
1213 4295 1444 4363 πικραῖς
1471 4296 1769 4366 τιμωρίαις
1830 4297 1987 4352 είδω-
2020 4317 2027 4323 ·

387 4379 680 4450 λολατρεῖν
719 4378 994 4443 ἐϐιάζετο.
1032 4382 1142 4433 Καὶ
1179 4381 1364 4434 πολλοὶ
1414 4384 1516 4453 μὲν
1547 4385 1642 4437 καὶ
1693 4385 1844 4439 ἄλλοι
1895 4388 1986 4441 ὲν-

390 4472 602 4525 εδίδουν
633 4474 699 4542 τῇ
767 4472 880 4540 βίᾳ,
919 4472 1013 4524 καὶ
1053 4471 1116 4541 δὴ
1149 4474 1245 4526 καὶ
1294 4474 1629 4540 Μακεδόνιος
1683 4478 1984 4543 ἐπίσκοπος

2090 3298 2241 3345 secta
2291 3287 2538 3340 feruntur
2581 3280 3035 3344 cormnentarios,
3079 3289 3132 3334 et
3172 3278 3306 3332 falso
3354 3277 3672 3345 Inscriptum

2094 3379 2290 3435 Navali
2337 3375 2562 3444 episcopi
2618 3385 2920 3436 certamen;
2983 3370 3298 3438 episcopum
3359 3367 3472 3438 (55)
3526 3365 3673 3419 enim

2091 3473 2241 3529 urbis
2270 3470 2455 3524 Romte
2496 3467 2662 3521 fuisse
2702 3462 3125 3520 haaresiarchatn
3168 3461 3312 3513 hunc
3353 3467 3676 3528 arroganter

2086 3567 2361 3638 jactitant.
2419 3562 2560 3616 Sunt
2617 3567 2797 3612 autem
2862 3557 2916 3610 bi
2973 3552 3352 3610 commentarii
3417 3561 3677 3606 extrema;

2091 3656 2362 3718 utilitatis,
2414 3662 2529 3706 tum
2585 3647 2915 3704 dictionibus
2978 3663 3042 3701 ac
3095 3661 3282 3710 sensu,
3338 3655 3450 3698 tum
3506 3643 3674 3697 etiant

2092 3747 2508 3816 compositione.
2557 3741 2918 3807 omnibusque
2968 3742 3104 3793 adeo
3151 3753 3272 3807 quae
3316 3737 3370 3790 in
3422 3750 3676 3791 sermone

2091 3847 2426 3910 spectantur.
2472 3835 2672 3889 Eorum
2722 3832 2850 3886 illud
2894 3842 2978 3887 est
3023 3838 3403 3901 argumentum
3447 3828 3676 3898 :lmpe-

2093 3931 2339 3988 rantibus
2369 3929 2552 3982 Romae
2605 3925 2768 3980 Decio
2795 3933 2849 3978 et
2879 3924 3187 3986 Valeriano,
3218 3920 3546 3976 Pereunium
3576 3920 3680 3973 du-

2092 4019 2535 4089 cenarium(54),
2589 4026 2814 4086 accepto
2867 4016 2936 4069 ab
2988 4015 3120 4081 ipsis
3162 4014 3677 4076 mandato,omnes

2092 4115 2352 4170 Rmnanaa
2387 4110 2560 4174 urbis,
2611 4117 2664 4162 et
2714 4104 3070 4160 circumcirca
3127 4103 3350 4156 ditionis
3402 4101 3679 4155 Christia-

2095 4224 2216 4270 nos,
2264 4204 2558 4274 exquisitis
2626 4200 2958 4255 cruciatibus
3009 4198 3296 4266 pomisque
3343 4196 3558 4251 acerbis
3609 4197 3677 4249 ad

2093 4301 2362 4356 idolorum
2415 4294 2619 4350 cultum
2672 4307 2767 4361 per
2816 4291 2922 4343 vim
2968 4288 3295 4358 compulisse
3331 4305 3343 4342 :
3377 4296 3431 4342 et
3480 4287 3678 4340 multos

2095 4391 2311 4461 quidem
2363 4387 2498 4440 alios
2533 4384 2817 4443 tormentis
2863 4381 3122 4446 cessisse;
3171 4380 3221 4433 in
3277 4379 3359 4434 his
3401 4387 3580 4431 autem
3622 4388 3679 4432 et

2094 4475 2469 4535 Macedonium
2504 4471 2641 4542 (55),
2682 4471 2775 4540 qui
2823 4479 2932 4523 tum
2969 4469 3120 4522 urbis
3166 4465 3350 4520 Roma:
3390 4467 3678 4534 episcopus

388 4564 472 4617 ὢν
502 4565 759 4634 τηνικάδε
800 4563 1041 4634 Ῥώμης,
1069 4565 1208 4636 ἔχων
1240 4567 1329 4637 ὑφ’
1357 4568 1550 4622 ἑαυτὸν
1581 4570 1983 4643 πρεσϐυτέρους

2097 4587 2289 4628 novem
2339 4567 2440 4622 sibi
2489 4564 2736 4619 subditos
2783 4561 3130 4630 presbyteros
3176 4557 3290 4628 ('56)
3337 4556 3592 4619 habebat,
3622 4557 3676 4608 iu

393 4656 465 4721 θ’,
496 4650 572 4710 ὧν
602 4652 683 4720 εἷς
713 4657 966 4721 Ναυάτος
1005 4653 1073 4728 ἦν
1101 4675 1114 4688 °
1154 4660 1269 4713 ἀλλ’
1299 4661 1327 4714 ὅ
1382 4679 1446 4730 γε
1495 4665 1834 4730 Μακεδόνιος
1891 4670 1983 4723 σὺν

2091 4664 2292 4734 quibus
2322 4657 2562 4712 Navatns
2603 4670 2742 4709 unus
2781 4660 2920 4707 erat.
2954 4649 3326 4705 Macedoniam
3366 4663 3496 4716 ergo
3534 4649 3678 4702 hunc

392 4749 515 4810 τοῖς
555 4745 603 4819 η’
649 4747 964 4812 ἐπι-τέθυκε,
1001 4749 1165 4817 μόνου
1196 4751 1452 4805 Ναυάτου
1492 4753 1584 4807 τὸν
1633 4755 1862 4828 ὄλεθρον
1899 4759 1983 4811 τὸν

2091 4772 2212 4811 cum
2244 4752 2350 4808 illis
2383 4761 2508 4806 octo
2540 4747 2904 4811 sacriﬁcasse,
2934 4759 3042 4797 uno
3071 4741 3278 4797 Navato
3308 4743 3503 4796 animae
3531 4756 3678 4795 mor—

391 4837 626 4908 ψυχικὸν
674 4837 1049 4908 διαφυγόντος.
1111 4840 1193 4892 Τὰ
1250 4841 1351 4910 μὲν
1395 4843 1767 4916 ὑπομνήματα
1828 4849 1983 4903 τοῦτο

2091 4859 2200 4904 tem
2265 4845 2575 4914 eﬂ’ugiente.
2637 4837 2763 4894 llaec
2827 4832 3218 4893 commentarii
3267 4835 3344 4891 illi
3409 4834 3676 4902 referunt,

1715 4983 1954 5040 VARIAS
1982 4981 2394 5042 LECTIONES.

396 5155 438 5202 ς
471 5065 518 5097 ⁵⁸
543 5065 1034 5206 ξ³ἀὲτίνρξωρ⁷λτὸν
1054 5071 1178 5124 add.
1207 5072 1271 5124 A.
1351 5072 1393 5102 ⁷¹
1425 5072 1619 5136 κοινῶς
1649 5073 1741 5126 τοῦ
1777 5074 2034 5128 Ναυάτου
2057 5074 2103 5128 Α
2129 5091 2144 5128 :
2176 5073 2433 5126 Ναυάτου
2465 5066 2661 5132 κοινῶς
2692 5085 2752 5132 ς.

447 5178 462 5192 .
667 5166 690 5187 ς.
735 5166 758 5188 ,ι
853 5177 874 5200 ,
955 5173 970 5189 .

1934 5208 2170 5266 NOTAE.

2094 5309 2236 5379 apud
2270 5307 2459 5378 Veget.
2481 5307 2592 5379 Alib.
2628 5323 2689 5370 ιι,
2724 5321 2846 5376 cap.
2871 5306 2931 5379 ~8.

2165 5380 2278 5450 (55)
2305 5374 2376 5432 At
2405 5377 2582 5432 nullus
2609 5379 2712 5431 hoc
2739 5374 2959 5450 nomine
2997 5391 3230 5450 unquam
3254 5374 3412 5450 Rom.
3425 5375 3678 5450 _episc0p.

2094 5444 2276 5516 Quare
2341 5449 2652 5513 susliicetur
2710 5447 2982 5514 quispiam
3045 5445 3345 5499 Macedonii
3414 5444 3684 5500 Constan-

2095 5525 2265 5586 tinop.
2300 5520 2489 5572 odiose
2535 5518 2623 5573 hic
2667 5519 2734 5570 ab
2771 5518 3023 5585 imperito
3071 5517 3681 5587 mendaciorumﬂtigulo

2095 5585 2293 5643 nomen
2340 5604 2462 5644 esse
2508 5596 2852 5653 usurpatum,
2899 5588 3042 5654 quod
3067 5585 3414 5639 crudelitatis
3450 5585 3590 5640 illius
3625 5589 3677 5642 iu

2095 5660 2430 5714 Navatianos
2464 5659 2737 5712 recentior
2761 5671 2902 5712 esset
2931 5656 3212 5708 memoria.

2168 5731 2282 5801 (56)
2325 5729 2407 5783 Al.
2450 5728 2762 5801 Episcopos,
2804 5737 3128 5801 nou_recle._
3155 5724 3360 5780 Doccut
3409 5741 3528 5796 qua:
3567 5725 3680 5794 iam

2092 5795 2212 5872 pag.
2250 5801 2346 5855 ult.
2381 5810 2436 5855 et
2467 5795 2579 5868 ipsa
2609 5799 2768 5866 hujus
2802 5797 2993 5851 tabulae
3025 5795 3220 5850 series.

2834 5067 2879 5098 "
2904 5066 3064 5137 μόνον
3078 5096 3148 5105 —
3167 5069 3679 5139 προσνενοσηκότων

475 5300 590 5371 (52)
621 5303 754 5359 Vide
781 5304 880 5360 inf.
917 5306 1038 5360 cod.
1077 5304 1205 5359 280.

474 5372 590 5440 (55)
631 5373 734 5427 Per
779 5377 1042 5438 schisma,
1079 5376 1240 5444 cujus
1291 5374 1482 5437 hicin
1539 5375 1698 5432 Rom.
1745 5378 1989 5434 Ecclesia

393 5446 613 5524 prunus
629 5454 842 5524 auctor
885 5449 1148 5501 adversus
1177 5446 1489 5501 Cornelium
1538 5445 1860 5504 Pontiﬁcem
1908 5451 1989 5504 in-

397 5523 667 5570 ευιτεικιι.

472 5581 591 5651 (54)
630 5586 707 5637 ita
735 5584 890 5658 dicti,
927 5585 1160 5658 instituti
1194 5587 1262 5639 ab
1291 5588 1536 5655 Augusto
1566 5587 1780 5657 judices
1807 5587 1985 5658 (Suet.

397 5657 541 5726 ἕως.
575 5655 850 5726 (ἔφηὸτι),
885 5657 1291 5726 quod_ducena
1318 5655 1579 5712 sestertia
1623 5655 1982 5726 possiderent.

396 5723 538 5775 Vide
568 5721 653 5776 Cl.
697 5725 762 5778 V.
785 5721 992 5779 ἵλεονιηί
1029 5724 1298 5781 Torrentii
1333 5721 1636 5782 Comment:
1668 5729 1724 5782 in
1760 5726 1977 5784 Suelon.

398 5792 611 5869 Ct_au_d._
635 5811 752 5860 cap.
797 5796 889 5857 ‘24,
920 5807 982 5869 et
1013 5795 1132 5869 Jac.
1173 5799 1375 5854 Pamel.
1425 5800 1475 5851 in
1513 5798 1573 5851 B.
1609 5799 1773 5869 Cypr.
1815 5801 1976 5867 epist.

399 5865 492 5918 U8.
525 5862 764 5920 Brisson.
803 5869 930 5920 item
973 5867 1024 5921 in
1059 5865 1275 5924 Lexico.
1304 5870 1397 5924 Est
1430 5879 1484 5925 et
1533 5862 1738 5924 militiis
1784 5862 1977 5924 nomen
