4022 6494
458 363 563 426 535

1539 375 1804 435 ΡΗΟΤΠ
1838 378 2342 442 ΡΑΤΒΙΑΡιΕΗιλΕ
2371 385 2484 446 CP.

3635 383 3736 449 5‘36

456 494 807 551 pugnamque
849 480 1038 540 Navali
1074 501 1173 557 per
1206 486 1418 558 ineptas
1449 487 1705 545 Pcrennii
1737 493 2024 564 interroga-

2145 500 2316 569 λέγει,
2345 502 2441 553 καὶ
2468 498 2567 569 τὴν
2599 498 2830 568 ἄθλησιν
2864 496 3122 553 Ναυάτου
3159 498 3216 551 ἐν
3239 495 3569 559 ἁλλόκοτοις
3596 497 3734 567 ἐρω-

461 574 672 637 tioues,
721 575 1109 647 stultioresque
1161 578 1351 634 Navali
1403 587 1785 652 responsiones
1834 586 2040 642 descri-

458 663 612 718 bunt.
653 668 871 722 Addunt
916 686 1037 724 cum
1086 671 1293 727 Navato
1339 674 1673 740 Marcellum,
1707 687 1761 733 et
1800 679 2039 733 Alexan-

456 757 614 808 drum
652 759 913 825 Aquileiaz
958 764 1263 833 episcopos,
1306 768 1772 836 Agamemnonem
1825 786 2039 841 quoque

458 848 671 930 Tiberis
707 846 1020 923 episCOpum
1068 858 1205 929 (57),
1240 873 1669 930 caeterorumque
1698 862 2039 919 Christiano-

457 925 576 994 rum
612 947 901 1010 quosdam,
934 948 1039 1004 fide
1071 950 1326 1007 inviolata
1356 965 1589 1019 servata,
1620 973 1723 1010 una
1766 958 2040 1015 habitasse

456 1035 738 1089 aediculam
775 1039 842 1091 ab
877 1039 1006 1107 ipsis
1037 1054 1403 1113 exstructam;
1438 1049 1578 1117 quod
1623 1048 1712 1115 iis,
1756 1052 1845 1118 qui
1876 1051 2038 1106 idolis

457 1124 852 1191 immolassent,
892 1131 969 1183 uti
1019 1133 1286 1203 simulque
1331 1140 1504 1192 sacris
1548 1139 1764 1206 operari
1812 1156 2038 1197 recusa-

456 1225 599 1270 reut.
650 1218 903 1275 Refertur
947 1232 1002 1277 et
1039 1225 1436 1283 Alexandrinus
1484 1231 1765 1298 episcopos
1812 1232 1925 1302 ('58)
1971 1248 2036 1289 ea

459 1320 779 1379 tempestate
808 1332 1081 1372 summum
1130 1322 1281 1376 urbis
1325 1322 1509 1379 Roma:
1546 1325 1893 1393 prmsulatum
1928 1327 2038 1383 Na-

457 1414 579 1459 vato
627 1407 963 1464 attribuisse.
1014 1413 1190 1481 Atque
1240 1416 1292 1469 id
1338 1416 1556 1485 quidem
1610 1425 2033 1476 commentario-

455 1510 572 1548 rum
613 1499 679 1551 de
712 1505 1012 1557 certamine
1043 1503 1234 1559 Navali
1264 1517 1347 1561 est
1376 1520 1775 1577 argumentum.
1816 1513 2035 1569 Refellit

453 1598 631 1642 autem
666 1592 781 1645 hare
824 1593 960 1648 libro
992 1597 1183 1665 quinto
1222 1598 1480 1669 Eulogius
1512 1601 1647 1674 (39),
1682 1613 1737 1657 ut
1767 1605 2028 1671 diximus,

453 1681 731 1734 mendacia
771 1698 893 1739 esse
934 1691 1123 1743 eadem
1170 1690 1257 1744 illa
1304 1692 1551 1762 falsoque
1583 1697 1836 1763 conﬁcta,
1870 1706 2031 1767 atque

451 1766 789 1825 incredibilia
820 1788 887 1829 ex
920 1775 1166 1845 ipsismet
1204 1796 1321 1851 quae
1356 1783 1558 1853 scripta
1600 1796 1806 1854 essent,
1844 1766 2029 1844 osten-

447 1866 598 1919 deus.

515 1956 799 2016 Librorum
838 1962 1002 2032 igitur
1036 1967 1277 2039 quinque
1324 1968 1471 2026 beati
1516 1973 1725 2045 Eulogii
1766 1976 1855 2033 hic
1890 1993 2027 2033 sco-

442 2065 543 2117 pus
584 2062 688 2106 est.
742 2054 843 2119 Qui
892 2056 948 2109 in
1001 2058 1329 2115 confutanda
1382 2063 1475 2117 illa
1526 2076 1674 2120 secta
1721 2083 1818 2137 per
1858 2084 2027 2126 sacra:

443 2142 740 2210 Scriptura:
778 2146 893 2200 loca
930 2164 1272 2217 progressus,
1307 2154 1714 2223 explanationes
1762 2160 2024 2228 quasdam

442 2236 703 2300 perutiles
755 2240 970 2304 attexit,
1006 2256 1314 2311 quanquam
1377 2261 1551 2316 neque
1599 2261 1795 2305 caatera
1854 2253 2024 2321 ipsius

442 2344 565 2381 cum
616 2330 844 2384 aliorum
895 2333 979 2401 pia
1033 2337 1302 2390 sententia
1364 2348 1625 2407 pugnent,
1681 2342 1877 2412 128a
1930 2346 2024 2399 sed

441 2423 848 2479 accommodate
873 2425 940 2480 ad
964 2435 1126 2482 sectae
1157 2426 1304 2483 illius
1326 2427 1708 2487 refutationem
1744 2447 2022 2505 assumpta

441 2520 568 2564 ειηι.

1066 2607 1394 2665 CLXXXIII.

443 2691 698 2750 Eudociw
746 2697 997 2768 Augusta:
1056 2698 1412 2822 Dtleta’plurasis
1472 2704 1689 2757 metrica
1749 2706 1805 2759 in
1860 2705 2022 2761 Octa-

1100 2786 1191 2822 euc
1232 2788 1338 2822 um.

1100 2786 1338 2823 eucnum.

512 2855 678 2913 Lecta
720 2867 808 2913 est
857 2858 1212 2930 Metaphrasis
1267 2862 1597 2929 Octateuchi,
1637 2866 1856 2923 heroico
1899 2885 2021 2924 car-

442 2947 586 3003 mine
619 2950 837 3004 condita
878 2951 1031 3005 libris
1063 2964 1211 3014 octo,
1244 2967 1344 3020 pro
1384 2955 1769 3011 translatorum
1814 2957 2022 3013 scilicet

442 3055 669 3095 numero
723 3056 790 3097 ac
835 3044 1103 3100 divisione
1161 3047 1447 3102 librorum.
1500 3049 1783 3118 Inscriptio
1836 3060 2018 3105 autem

438 3134 643 3189 codicis
695 3137 763 3191 ab
818 3135 1058 3193 Eudocia
1106 3140 1344 3209 Augusta
1384 3142 1497 3213 (40)
1536 3144 1868 3198 elaboratum
1912 3144 2018 3199 hoc

440 3240 659 3279 carmen
713 3226 1036 3294 afﬁrmabat,
1092 3231 1258 3299 quod,
1312 3241 1420 3286 tum
1472 3234 1596 3302 quia
1653 3235 1918 3300 mulieris,
1964 3246 2019 3290 et

437 3320 655 3388 quidem
708 3322 763 3376 in
823 3324 1051 3392 imperio
1101 3324 1311 3378 deliciis
1362 3324 1668 3392 effluentis,
1724 3337 1835 3381 tum
1887 3329 2015 3398 quia

438 3413 756 3480 praeclarum
792 3416 927 3469 adeo
957 3427 1060 3482 est,
1095 3418 1457 3473 admiratione
1500 3435 1635 3473 sane
1674 3420 1893 3489 dignum
1922 3420 2016 3488 ju-

438 3502 671 3557 dicatur.
721 3502 936 3559 Etenim
984 3506 1208 3561 illustris
1256 3516 1342 3562 est
1388 3508 1475 3563 hic
1522 3508 1695 3575 labor,
1733 3520 1790 3563 ut
1832 3511 1885 3563 in
1921 3511 2016 3565 he-

436 3594 587 3650 roico
619 3597 882 3661 carmine,
920 3598 964 3652 si
996 3600 1117 3667 quis
1148 3615 1384 3669 unquam
1425 3602 1581 3656 alius.
1615 3602 1688 3656 At
1715 3603 1840 3656 dum
1876 3602 2014 3658 artis

438 3684 647 3754 legibus
676 3687 838 3742 altius
868 3688 1231 3761 immergitur,
1266 3691 1317 3745 in
1362 3691 1464 3745 hoc
1495 3707 1601 3747 uno
1639 3694 1900 3763 (maximo
1928 3704 2016 3748 ta-

437 3791 558 3829 men
594 3777 687 3831 illo
715 3778 779 3831 ad
815 3794 1002 3834 eorum
1038 3781 1277 3845 laudem,
1310 3783 1400 3851 qui
1437 3784 1657 3853 propius
1692 3784 1861 3839 libros
1891 3800 2017 3840 ver-

439 3867 625 3923 tendos
663 3870 905 3940 censent)
948 3871 1015 3924 ab
1061 3880 1178 3925 arte
1217 3873 1421 3937 deficit,
1467 3877 1611 3943 quod
1668 3891 1843 3944 neque
1884 3891 2015 3945 poe-

439 3957 558 4011 ticre
601 3958 873 4027 libertate,
917 3964 1201 4017 veritatem
1250 3965 1303 4019 in
1358 3963 1571 4020 fabulas
1607 3969 2011 4032 commutando,

435 4050 840 4107 adolescentum
918 4069 1079 4110 aures
1143 4056 1455 4111 demulcere
1526 4060 1776 4124 studeat,
1836 4075 2015 4128 neque

433 4158 649 4197 rursum
699 4143 1130 4215 digressionibus
1183 4149 1485 4204 auditorem
1539 4165 1570 4205 a
1628 4165 1687 4205 re
1736 4151 2014 4221 proposita

434 4233 691 4297 abducat,
715 4235 809 4291 sed
840 4237 907 4291 ad
935 4240 1159 4292 verbum
1194 4238 1329 4293 adeo
1361 4239 1634 4295 veteribus
1662 4240 1767 4297 illis
1795 4241 2014 4308 scriptis

432 4338 591 4378 sumu
622 4337 855 4382 metrum
891 4330 1129 4399 adaptet,
1162 4341 1219 4385 ut
1250 4332 1318 4388 iis
1349 4332 1508 4395 nihil.
1536 4333 1627 4401 qui
1668 4334 1781 4387 haec
1806 4341 2010 4397 verset,

434 4412 674 4485 indigere
727 4418 996 4474 videatur.
1046 4419 1183 4475 Nam
1231 4432 1286 4478 et
1336 4439 1632 4488 sensuum,
1680 4423 1817 4477 nihil
1856 4423 2014 4492 quid-

432 4521 593 4573 quam
624 4517 719 4562 aut
758 4510 1132 4580 dilfundendo,
1164 4524 1255 4569 aut
1285 4515 1678 4577 contrahendo,
1710 4516 2013 4585 proprieta-

2054 1850 2105 1910 B

2140 594 2334 662 τήσεσι
2361 591 2654 661 Περεννίου
2678 591 2774 644 καὶ
2802 590 3147 661 μωροτέραις
3179 588 3525 658 ἀποκρίσεσι
3553 588 3739 643 Naua-

2139 699 2234 735 του
2259 682 2609 751 περιγράφει.
2650 681 2788 751 Φησὶ
2827 681 2885 734 δὲ
2938 681 3019 733 ὅτι
3054 679 3151 732 σὺν
3188 679 3442 748 Ναυάτῳ
3483 678 3738 748 Μάρκελ-

2140 773 2231 836 λός
2276 789 2336 825 τε
2374 773 2469 825 καὶ
2533 771 2880 841 Ἀλέξανδρος
2934 769 3225 821 ἐπίσκοποι
3288 765 3596 835 ’Λκυληῐας
3642 768 3736 819 καὶ

2152 863 2517 933 Ἀγαμέμνων
2545 865 2841 926 ἐπίσκοπος
2867 861 3144 933 Τιϐέρεως
3176 860 3219 891 ⁷⁸
3242 859 3346 913 καὶ
3380 857 3568 928 ἕτεροί
3597 875 3736 923 τινες

2138 957 2247 1011 τῶν
2270 956 2635 1028 Χριστιανῶν,
2668 956 2959 1027 ἀπρόδοτον
2982 953 3083 1025 τὴν
3123 951 3314 1006 πίστιν
3379 951 3735 1022 διασωσάμεο

2138 1070 2219 1106 νοι
2251 1053 2366 1121 ἅμα
2405 1049 2701 1121 συνῴκουν,
2735 1047 2974 1101 οἰκίσκον
3010 1047 3134 1100 τινὰ
3182 1046 3411 1108 ἑαυτοῖς
3463 1045 3734 1115 δειμάμε-

2138 1162 2220 1199 νοι
2249 1146 2296 1176 ⁷³
2324 1162 2340 1177 ·
2374 1144 2424 1197 οἳ
2469 1143 2563 1196 καὶ
2604 1144 2718 1205 τοῖς
2761 1139 3108 1194 ἐπιτεθυκόσι
3154 1138 3407 1193 συνιέναι
3462 1138 3563 1191 καὶ
3613 1155 3732 1190 συν-

2143 1237 2388 1309 ιερᾶσθαι
2417 1238 2516 1290 οὐκ
2544 1236 2854 1306 ἠνέσχοντο.
2886 1232 3025 1297 Τοὺς
3053 1232 3110 1286 δὲ
3152 1233 3282 1301 περὶ
3317 1229 3733 1300 Ἀλεξάνδρειαν

2137 1330 2465 1392 ἐπισκόπους
2487 1327 2789 1399 τηνικαῦτά
2807 1343 2941 1396 φησι
2961 1325 3055 1379 καὶ
3068 1324 3167 1392 τὴν
3190 1320 3622 1396 ἀρχιερωσύνην
3640 1323 3733 1393 τῆς

2148 1424 2437 1495 Ῥωμαίων
2457 1422 2783 1494 Ἐκκλησίας
2812 1419 3047 1489 Ναυάτῳ
3076 1416 3421 1487 περιθεῖναι.
3462 1415 3530 1468 Ἠ
3564 1416 3613 1447 ⁷⁸
3639 1416 3734 1483 μὲν

2135 1514 2244 1568 τῶν
2274 1514 2681 1584 ὑπομνημάτων
2715 1511 2970 1573 ὑπόθεσις
3015 1509 3117 1578 τῆς
3150 1507 3448 1576 ἀθλήσεως
3481 1504 3728 1559 Ναυάτου

2133 1605 2393 1677 τοιαύτη·
2426 1606 2638 1675 ἐλέγχει
2688 1604 2745 1656 δέ
2775 1603 2953 1655 ταῦτα
2988 1602 3034 1632 ⁷⁷
3075 1602 3133 1652 ἐν
3191 1598 3273 1668 τῷ
3328 1597 3606 1667 πέμπτῳ,
3658 1596 3729 1659 ὡς

2132 1699 2370 1772 εἴρηται,
2398 1698 2562 1767 λόγῳ,
2596 1696 2955 1750 κακόπλαστα
2986 1695 3081 1748 καὶ
3124 1691 3304 1762 ψευδῆ
3358 1689 3462 1743 καὶ
3491 1688 3726 1742 ἀπίθανα

2132 1792 2191 1860 ἐξ
2219 1791 2397 1846 αὐτῶν
2443 1790 2701 1845 δεικνύων
2725 1787 2831 1843 τῶν
2868 1786 3291 1858 γεγραμμένων.

2216 1969 2274 2023 Ὀ
2308 1967 2408 2037 μέν
2436 1966 2544 2019 τῶν
2572 1966 2613 2018 ε’
2647 1965 2819 2033 λόγων
2871 1963 2964 2016 τοῦ
2992 1963 3050 2016 ἐν
3074 1962 3253 2030 ἁγίοις
3302 1957 3579 2026 Εὑλογίου
3611 1973 3727 2011 σκο-

2131 2061 2232 2124 πὸς
2261 2056 2415 2122 οὗτος
2442 2075 2456 2089 ο
2508 2060 2565 2110 ἐν
2586 2058 2643 2110 δέ
2669 2059 2780 2120 τοῖς
2825 2057 2962 2127 πρὸς
2992 2055 3092 2124 τὴν
3120 2053 3342 2123 αἵρεσιν
3366 2050 3623 2119 ἐλέγχοις
3642 2049 3723 2105 διὰ

2128 2153 2238 2205 τῶν
2272 2150 2400 2223 [215
2424 2149 2514 2221 ιι]
2542 2147 2835 2219 Γραφικῶν
2867 2146 3046 2218 ῥητῶν
3069 2144 3277 2216 προῖὼν
3298 2144 3400 2195 καὶ
3430 2143 3724 2212 ἑρμηνείας

2128 2234 2312 2301 αὐτοῖς
2348 2237 2688 2305 συνυφαίνει,
2732 2236 2881 2298 ἐνίας
2935 2233 3115 2288 αὐτῶν
3176 2233 3317 2287 πολὺ
3365 2232 3432 2285 τὸ
3474 2231 3722 2302 χρειῶδες

2128 2329 2531 2400 παρεχομένας,
2566 2328 2687 2382 οὐδὲ
2713 2327 2821 2381 τῶν
2884 2326 3060 2382 ἄλλων
3090 2329 3156 2397 τῇ
3189 2324 3418 2378 εὐσεϐεῖ
3454 2324 3583 2395 δόξῃ
3627 2342 3739 2394 μα-.

2126 2422 2393 2492 χομένων,
2430 2420 2567 2473 ἀλλὰ
2614 2420 2707 2473 καὶ
2734 2420 2779 2450 ⁷⁸
2800 2418 3129 2490 προσφόρως
3156 2418 3300 2487 πρὸς
3333 2416 3429 2470 τὸν
3458 2417 3719 2487 αἱρέσεως

2125 2513 2346 2582 ἔλεγχον
2379 2510 2870 2582 παρειλημμένων.

2797 2600 2965 2655 ΡΠΓ.

2123 2678 2423 2763 Εὺδοκίάς
2445 2696 2556 2753 τλῆτ’
2573 2695 2904 2782 ,βασιλίδος
2939 2691 3323 2763 μετάφρασις
3370 2690 3486 2761 τῆς
3525 2693 3717 2746 Ὀκτα-

2798 2781 3039 2834 τευχου.

2205 2859 2547 2930 Ἀνεγνώσθη
2630 2858 3018 2927 Μετάςρρασις
3089 2855 3201 2925 τῆς
3270 2854 3711 2924 Ὀκτατεύχου·

2119 2953 2302 3024 ἡρῷον
2356 2952 2401 3005 δ’
2456 2953 2500 2985 ’⁷⁸
2548 2952 2717 3020 αὐτὴν
2747 2950 2947 3020 μέτρον
2978 2948 3279 3019 μετεποίει.
3316 2950 3486 3016 Λόγοι
3518 2947 3561 3000 δ’
3585 2943 3714 3019 ἦσαν

2120 3043 2172 3113 η’
2201 3042 2343 3095 κατὰ
2370 3041 2603 3112 ἀριθμὸν
2650 3042 2745 3095 καὶ
2791 3041 2962 3111 τομὴν
2988 3041 3098 3093 τῶν
3152 3042 3562 3112 ἁμειφθέντων,
3617 3041 3712 3093 Εὐ-

2119 3135 2306 3197 δοκίας
2330 3134 2389 3186 δέ
2445 3133 2546 3204 τῆς
2575 3133 2844 3203 βασιλίδος
2867 3134 2924 3185 ἐν
2963 3133 3302 3204 ἐπιγραφαῖς
3340 3134 3507 3187 πόνον
3532 3132 3709 3199 ἔλεγεν

2044 3221 2089 3280 C
2123 3231 2155 3300 ἠ
2187 3228 2368 3298 βίϐλος
2397 3227 2457 3281 τὸ
2505 3227 2725 3298 μέτρον.
2788 3227 2969 3297 Ὅπερ
3019 3227 3102 3279 ὅτι
3157 3227 3252 3279 καὶ
3316 3225 3580 3295 γυναικὸς
3625 3225 3709 3278 καὶ

2126 3320 2371 3391 βασιλείᾳ
2391 3318 2687 3388 τρυφώσης
2717 3318 2812 3371 καὶ
2841 3316 2985 3371 οὕτω
3018 3317 3199 3381 καλὸν,
3228 3316 3384 3381 ἄξιον
3414 3316 3708 3384 Θαυμάσαι.

2124 3411 2309 3481 Σαφὴς
2360 3411 2457 3482 μὲν
2484 3411 2592 3480 γὰρ
2620 3412 2648 3462 ὁ
2701 3410 2863 3472 πόνος
2890 3409 2966 3471 ὡς
2996 3411 3054 3461 ἐν
3086 3408 3250 3482 ἡρῴῳ
3287 3409 3498 3478 μέτρῳ,
3536 3408 3588 3459 εί
3611 3405 3705 3480 πού

2122 3520 2209 3566 τις
2232 3503 2388 3566 ἄλλος
2421 3502 2548 3575 [416
2575 3500 2689 3575 Β.],
2719 3502 2814 3555 καὶ
2853 3502 3041 3570 νόμοις
3069 3502 3125 3554 δέ
3147 3505 3245 3572 τῆς
3278 3501 3327 3533 ³ο
3360 3502 3557 3571 τέχνης
3622 3498 3707 3569 βα-

2126 3594 2365 3657 θύνεται,
2398 3595 2575 3646 ἐκεῖνο
2607 3594 2771 3663 μόνον
2808 3592 3013 3664 ταύτης
3045 3594 3336 3660 ἐλλείπων,
3367 3595 3397 3648 ὃ
3460 3593 3705 3664 μέγιστόν

2124 3687 2274 3741 ἐστιν
2305 3688 2387 3749 είς
2419 3685 2641 3738 ἔπαινον
2667 3683 2777 3737 τῶν
2799 3685 2968 3754 ἐγγὺς
2988 3685 3242 3756 ἀμείϐειν
3272 3685 3471 3754 λόγους
3504 3683 3705 3751 ἀξιούνο

2123 3798 2233 3833 των
2264 3796 2276 3811 ο
2312 3778 2438 3832 οὔτε
2469 3779 2579 3849 γὰρ
2625 3779 2849 3849 ἐξουσίᾳ
2897 3780 3158 3849 ποιητικῇ
3196 3776 3392 3847 μύθοις
3426 3776 3522 3846 τὴν
3579 3774 3703 3842 ἀλήο

2125 3871 2277 3924 θειαν
2302 3869 2519 3939 τρέπων
2558 3869 2774 3938 ἡδύνειν
2822 3867 3116 3931 σπουδάζει
3150 3866 3456 3937 μειρακίων
3489 3867 3531 3897 ⁸¹
3574 3859 3699 3926 ὦτα,

2122 3962 2248 4017 οὕτε
2279 3965 2399 4025 ταῖς
2424 3961 2675 4024 ἐκϐολαῖς
2703 3962 2795 4014 τὸν
2824 3961 3103 4032 ἀκροατὴν
3136 3960 3412 4030 διαπλανᾷ
3448 3958 3541 4012 τοῦ
3574 3973 3699 4027 προ-

2122 4056 2401 4126 κειμένου,
2433 4055 2550 4108 ἀλλ⁹
2581 4054 2724 4107 οὕτω
2751 4055 2882 4123 περὶ
2914 4055 3052 4107 πόδα
3074 4053 3135 4105 τὸ
3180 4054 3385 4123 μέτρον
3417 4052 3569 4104 ἔθετο
3594 4051 3701 4112 τοῖς

2121 4145 2373 4217 ἀρχαίοις
2398 4145 2471 4209 ὼς
2523 4145 2691 4216 μηδὲν
2718 4145 2944 4198 ἐκείνων
2985 4143 3195 4197 δεῖσθαι
3245 4142 3339 4195 τὸν
3370 4140 3581 4202 τούτοις
3616 4140 3697 4191 ἐν·

2123 4238 2443 4308 ομιλοῦντα.
2476 4238 2590 4302 Τὰς
2628 4239 2727 4307 μὲν
2763 4238 2876 4310 γὰρ
2900 4237 3139 4300 διανοίας
3185 4234 3313 4289 οὔτε
3365 4232 3697 4305 παρατείνων

2121 4330 2246 4384 οὔτε
2279 4331 2582 4385 συστέλλων
2610 4331 2697 4383 ἀεὶ
2730 4331 2995 4400 φυλάσσει
3024 4328 3221 4399 κυρίας
3249 4343 3264 4357 °
3291 4328 3387 4380 καὶ
3436 4329 3556 4388 ταῖς
3612 4323 3693 4375 λέο

2122 4420 2237 4486 ξεσι
2266 4421 2344 4488 δέ,
2374 4423 2507 4474 ὅπου
2535 4420 2783 4482 δυνατὸν,
2822 4419 2923 4488 τὴν
2975 4417 3252 4489 ἐγγύτητα
3286 4417 3382 4471 καὶ
3414 4414 3694 4486 ὁμοιότητα

2122 4512 2601 4579 συνδιαφυλᾰωσει.
2639 4508 2734 4574 Οἷς
2760 4511 2806 4564 δ’
2836 4510 3024 4579 ἔλεγεν
3051 4512 3084 4580 ἡ
3148 4509 3332 4579 βίϐλος
3368 4509 3468 4576 τὴν
3493 4507 3559 4559 τὰ
3609 4504 3695 4572 μὲι

433 4608 537 4652 tem
583 4612 765 4656 servat
811 4604 1070 4667 assidue;
1105 4616 1159 4661 et
1199 4606 1254 4661 in
1296 4606 1498 4672 verbis,
1531 4606 1710 4677 quoad
1740 4606 1857 4673 ejus
1898 4607 2017 4660 fieri

2129 4623 2228 4675 τρα
2262 4608 2379 4667 τοῖς
2404 4604 2584 4672 λόγοις
2608 4602 3050 4673 τεχνησαμένην,
3081 4601 3268 4670 ἔλεγεν
3298 4596 3421 4655 ὧδε·

432 4702 629 4760 potest,
660 4696 907 4764 proxima
932 4714 1161 4768 quaeque
1188 4708 1351 4767 atque
1381 4700 1655 4755 simillima
1692 4699 2002 4755 confirmat.
2033 4698 2263 4765 Quando
2303 4711 2466 4768 porro
2508 4696 2645 4752 liber
2680 4695 2767 4750 hic
2798 4709 2942 4759 eam,
2993 4709 3115 4765 qua:
3166 4708 3233 4749 ex
3291 4705 3408 4749 arte
3460 4689 3691 4746 versibus

427 4786 730 4842 orationem
787 4791 1108 4857 struxisset,
1170 4793 1481 4859 iudicabat,
1534 4793 1614 4847 sic
1658 4791 1773 4846 fere
1821 4789 2177 4858 loquebatur:

1693 4950 1932 5009 VARIIE
1964 4948 2375 5007 LECTIONES.

498 5070 545 5104 ⁷⁸
571 5070 882 5138 Τιϐούρεως
912 5070 1176 5137 Scaliger.
1254 5071 1300 5102 "
1329 5070 1650 5141 δειμάμενοι
1681 5068 1726 5121 A
1759 5088 1772 5123 :
1802 5068 2173 5139 δομησάμενοι
2206 5083 2267 5130 ς’.

500 5143 551 5197 d.
576 5143 640 5197 A.
720 5143 764 5174 ⁷⁸
788 5140 856 5212 δ’]
890 5143 1013 5197 libri
1043 5140 1131 5195 δι’.
1211 5140 1258 5171 ⁸⁰
1296 5142 1398 5212 τῆς
1425 5144 1547 5197 add.
1575 5144 1641 5196 A.
1719 5141 1761 5172 ⁸¹
1802 5140 2069 5211 μειράκια
2111 5156 2171 5202 ς.

428 5142 551 5198 add.
576 5143 640 5197 A.
720 5143 764 5174 τ’
788 5140 856 5214 δ’]
890 5143 1013 5197 libri
1043 5140 1131 5195 δι’.

2346 5064 2391 5095 ⁷⁸
2418 5060 2481 5135 ἡ]
2512 5059 2605 5117 καὶ
2628 5062 2669 5133 ἶὴ
2704 5079 2769 5126 ς.
2843 5062 2889 5095 ⁷⁷
2918 5062 2974 5115 δὲ
3005 5063 3146 5133 μετὰ
3203 5064 3376 5119 ταῦτα
3402 5082 3463 5129 ς.
3535 5060 3577 5092 ⁷⁸
3598 5059 3681 5112 καί

1964 5277 2195 5333 NOTAE.

495 5396 612 5477 (ζῇ)
650 5397 830 5477 Minus
863 5408 1013 5455 recte
1037 5401 1144 5477 pro
1175 5398 1409 5477 Tibyris.
1581 5473 1594 5477 _
1728 5464 1741 5477 Ι

494 5468 606 5540 (58)
655 5468 759 5523 lnf.
820 5485 944 5540 pag.
997 5468 1096 5524 ull.
1142 5468 1394 5526 tres'bic
1452 5468 1759 5528 nominatos
1818 5487 2009 5526 manus

420 5538 628 5611 Navato
677 5538 1030 5609 illlposttisse,
1081 5543 1388 5609 summique
1435 5542 1634 5596 Pontif.
1689 5544 2005 5611 dignitatem

424 5610 476 5660 iu
512 5624 638 5680 eum,
675 5611 993 5673 contulisse,
1040 5611 1206 5665 refert
1241 5611 1399 5668 let.
1442 5612 1509 5664 Et
1549 5610 2004 5680 exstat'Diouys.

425 5687 552 5751 tunc
582 5678 876 5751 Alexandr.
919 5682 1243 5750 art‘ltiepisc.
1293 5680 1559 5736 Navatum
1599 5678 2005 5751 reprehenden-

424 5750 494 5802 lis
522 5750 682 5819 epist.
719 5752 856 5817 apud
892 5750 1088 5805 Euseb.
1126 5753 1220 5806 lib.
1256 5766 1334 5813 Vt,
1370 5768 1493 5819 cap.
1530 5753 1620 5819 57,
1650 5766 1705 5807 et
1736 5755 1895 5809 alios.

498 5817 612 5889 (39)
653 5819 764 5873 lmo
796 5832 972 5876 sexto.
1004 5822 1079 5874 Ex
1120 5817 1451 5893 praecedenti
1500 5817 1747 5892 prositut:
1795 5838 2009 5881 cnumc-

2118 5402 2330 5457 ratioue
2363 5411 2419 5457 et
2451 5401 2893 5457 manifestissime
2928 5412 2991 5451 ex
3024 5412 3149 5467 pag.
3187 5397 3286 5451 ult.

2194 5473 2305 5543 (40)
2344 5472 2418 5525 De
2446 5474 2749 5543 quartnulta
2788 5470 3015 5543 Niceph.
3051 5467 3264 5522 Callisl.
3302 5467 3541 5543 libeIv,
3566 5474 3673 5541 cap.

2116 5534 2209 5605 25"
2255 5534 2309 5596 et
2356 5534 2505 5597 alibi,
2551 5542 2795 5596 Zonaras
2847 5534 3009 5594 etiam
3063 5552 3327 5592 centones
3382 5534 3674 5605 lioruericos

2117 5603 2339 5667 l’atricii
2400 5614 2684 5684 cujusdam
2736 5606 3339 5684 opus”imperfectum,
3388 5606 3452 5659 al)
3498 5603 3665 5684 eadem

2117 5684 2422 5736 absolutum
2452 5678 2680 5739 scribit:
2709 5678 2953 5735 et’bodie
2978 5679 3167 5731 Graece
3195 5678 3432 5745 plerique
3455 5678 3665 5745 esst-11H.

2115 5764 2174 5806 ιιι
2209 5764 2264 5807 et
2305 5737 2503 5810 Latine
2537 5753 2753 5821 redditi,
2795 5761 2927 5808 tom.
2966 5746 3078 5803 Vllt
3114 5737 3449 5803 Βέιιίοιιιξτεω
3488 5741 3543 5797 s.
3572 5737 3669 5791 Pa-

2116 5836 2275 5878 trum.
