4022 6454
210 394 316 458 Kl?

960 400 1483 463 BIBLIOTHECA.
1528 426 1599 437 —
1634 400 1852 462 CODD.
1891 396 2261 475 CLXXXIII,
2298 403 2658 465 CLXXXIV.

3389 413 3492 474 538

315 506 647 574 Δευτερίην
682 506 730 537 ⁸⁸
758 507 856 561 καί
907 509 1087 576 τήνδε
1143 514 1291 567 Θεοῦ
1348 511 1794 590 θέμιδοςᾼμσειξμε

1966 512 2188 583 Scripsit
2227 516 2407 569 divina
2439 518 2722 571 deductum
2755 520 2853 573 hoc
2883 519 2994 590 lege
3022 520 3263 577 volumen

316 645 590 712 Εὐδοκίη
611 645 904 710 ,ϐασίλεια
925 653 1209 719 Λεοντιὰς
1252 585 1796 723 εὐπατέρεέἶῗίϐλον

208 738 318 791 Καὶ
365 735 465 789 τοῦ
502 735 682 806 Ἰησοῦ
711 737 769 790 δὲ
796 737 891 791 τοῦ
946 740 1102 813 Ναυῆ
1148 745 1242 797 καὶ
1302 744 1410 797 τῶν
1468 746 1687 817 Κριτῶν
1742 748 1800 801 αἱ

204 829 529 901 ἐπιγραφαὶ
577 830 1151 904 συνεπιμαρτύρονται
1179 838 1292 901 τοῖς
1321 838 1659 910 εἰρημένοις.

853 1006 1023 1061 ΡΠΔ’.

209 1094 351 1169 Τῆς
373 1095 575 1164 αὐτῆς
604 1094 967 1169 μεᾳὶςρρασις
1004 1099 1112 1155 τοῦ
1143 1116 1209 1155 τε
1249 1100 1582 1157 θεσπεσίου
1610 1103 1805 1169 Ζαχα-

282 1168 436 1243 ρίου
469 1170 575 1243 καί
616 1165 712 1220 τοῦ
726 1167 1080 1243 ῌπροςοήτου
1130 1172 1360 1240 Δανιὴλ
1380 1188 1394 1202 ·
1430 1172 1532 1225 καί
1563 1165 1735 1243 λόγοι
1755 1170 1803 1241 γ’

295 1239 394 1303 εὶς
417 1236 529 1291 τὸν
539 1237 696 1306 ᾶγιον
716 1240 1087 1306 Κυπριανόν.

312 1330 648 1400 Ἀνεγνώσθη
671 1329 748 1400 τῷ
781 1330 932 1402 αύτῷ
968 1332 1151 1403 μέτρῳ
1180 1333 1399 1403 καὶτῆς
1425 1334 1594 1405 αὐτῆς
1626 1332 1807 1402 γλώσ-

227 1439 333 1491 σης
363 1424 746 1491 Μετάςερασις
771 1426 1127 1495 προφητικῶν
1153 1426 1350 1495 λόγων,
1386 1426 1480 1480 τοῦ
1504 1444 1565 1480 τε
1592 1431 1807 1483 θεσπε-

223 1514 367 1566 σίου
393 1514 694 1582 Ζαχαρίου
724 1515 824 1568 καὶ
853 1515 960 1569 τοῦ
1005 1517 1252 1571 κλεινοῦ
1302 1519 1547 1588 Δανιήλ·
1597 1521 1630 1589 ἠ
1665 1519 1805 1590 αὑτὴ

220 1605 275 1657 δὲ
301 1605 459 1673 χάρις
492 1604 590 1656 τοῦ
630 1605 875 1674 τεχνίτου
915 1605 1178 1676 διέπρεπε
1214 1608 1319 1661 κάν
1350 1609 1585 1673 τούτοις.

296 1698 749 1767 Ἐμπεριείχοντο
777 1698 833 1751 δὲ
866 1697 947 1768 τῷ
968 1699 1175 1770 τεύχει,
1203 1700 1280 1771 τῷ
1311 1703 1456 1774 αύτῷ
1479 1703 1572 1757 τοῦ
1602 1704 1804 1776 μέτρου

210 1792 551 1862 χαρακτῆρι,
593 1792 818 1861 λόγοιγ¹
861 1795 944 1857 είς
998 1794 1256 1868 μάρτυρα
1304 1798 1397 1851 τὸν
1446 1800 1800 1870 Κυπριανόν·

1976 641 2231 709 Eudocia,
2262 645 2460 699 illustri
2489 648 2669 717 regina
2701 666 2730 704 e
2755 653 2917 719 stirpe
2948 650 3155 707 Leonti.

1973 733 2040 789 Et
2071 750 2200 791 vero
2239 736 2367 793 .lesu
2409 736 2582 806 Nave,
2616 739 2976 812 Judicumque
3019 744 3142 798 libri
3184 745 3491 817 inscriptio-

1904 842 2001 881 nes
2040 828 2143 894 iis,
2192 844 2313 899 quae
2354 829 2467 898 jam
2524 832 2669 886 dicta
2720 843 2882 898 sunt,
2934 836 3304 892 testimonium
3352 855 3493 910 pra:-

1902 919 2051 974 bent.

2520 1016 2851 1074 CLXXXIV.

1905 1102 2163 1175 Ejusdem
2216 1105 2471 1164 Eudociw
2510 1110 2866 1176 Metaphrasis
2913 1113 3155 1176 metrica,
3188 1114 3245 1167 in
3280 1116 3492 1168 Ζατίιας-

1975 1178 2111 1229 riam
2153 1188 2200 1230 et
2237 1178 2509 1254 Danielem
2542 1183 2819 1249 prophetas
2841 1223 2855 1247 ,
2893 1193 2939 1235 et
2972 1184 3027 1237 in
3070 1183 3138 1239 Β.
3170 1184 3493 1254 Cyprianum

1973 1256 2261 1316 martyrem
2293 1250 2414 1302 libri
2446 1266 2531 1304 ιιι.

1976 1336 2105 1408 Legi
2163 1338 2353 1393 eodem
2414 1342 2673 1397 carminis
2730 1357 2932 1411 genere
2987 1354 3152 1415 atque
3210 1346 3486 1411 idiomate,

1906 1426 2287 1497 Metaphrasim
2319 1434 2763 1502 pr0pheticorum
2805 1436 3067 1489 librorum
3107 1438 3246 1491 beati
3284 1437 3492 1491 Zacha-

1906 1523 2000 1575 τίω
2042 1532 2091 1576 et
2122 1524 2305 1593 inclyti
2341 1524 2599 1580 Danielis.
2660 1526 2861 1581 Eadem
2906 1539 3086 1582 autem
3135 1532 3352 1585 artilicii
3402 1546 3493 1583 vc-

1906 1624 2099 1669 nustas
2124 1617 2242 1671 haec
2266 1632 2484 1688 quoque
2509 1618 2829 1674 exornabat.

1979 1705 2095 1761 Hoc
2146 1709 2264 1777 ipso
2318 1710 2447 1765 item
2499 1712 2773 1766 volumine
2828 1714 3271 1777 continebantur,
3326 1713 3489 1767 simili

1910 1811 2163 1852 versuum
2218 1800 2392 1856 forma
2448 1804 2781 1872 conscripti,
2830 1804 2952 1858 libri
3014 1815 3124 1860 tres
3175 1808 3227 1859 in
3275 1805 3490 1859 laudem

205 1859 401 1955 ἐδήλου
518 1886 631 1956 ἄρα
654 1859 722 1940 τά
753 1859 1160 1958 σπουδάσματα,
1186 1859 1281 1954 ’ὡς
1334 1892 1526 1956 παῖδες
1562 1859 1796 1965 μητέρα,

1924 1889 1968 1943 3.
2026 1889 2282 1961 Cypriani
2336 1896 2592 1967 martyris
2644 1859 2824 1966 (:H)’:
2874 1897 3342 1966 ostendebantque
3406 1899 3491 1951 vel

202 1977 315 2029 τῶν
343 1977 449 2047 τῆς
480 1978 755 2047 βασιλίδος
785 1979 882 2032 καὶ
912 1980 1087 2033 ταῦτα
1124 1981 1329 2035 ὠδίνων
1381 1982 1580 2052 ἔκγονα
1634 1979 1796 2041 εἶναι.

205 2064 308 2121 Ὧν
335 2072 365 2123 ὁ
394 2071 498 2138 μὲν
535 2072 752 2141 πρῶτος
780 2070 937 2139 λόγος
984 2072 1054 2126 τά
1100 2091 1160 2127 τε
1192 2077 1323 2145 περὶ
1364 2077 1464 2146 τῆς
1521 2078 1800 2149 μάρτυρος

205 2161 466 2226 διέξεισιν
508 2164 824 2233 Ἰουστίνης,
857 2165 1011 2228 ὅπως
1050 2182 1109 2218 τε
1139 2167 1279 2237 αὑτὴ
1323 2169 1403 2230 εἰς
1438 2169 1801 2237 Χριστιανοὺς

210 2256 573 2324 μετετάξατο,
607 2257 701 2310 καὶ
723 2257 772 2309 οἱ
794 2256 1047 2320 τεκόντες
1083 2257 1150 2311 δι’
1174 2259 1347 2329 αὐτῆς
1377 2260 1679 2329 ἠλλάξαντο
1700 2264 1793 2314 εὐ-

208 2347 433 2402 σέϐειαν
488 2348 907 2420 εἰδωλολατρίας
933 2368 947 2382 ·
989 2350 1138 2405 ὅπως
1163 2351 1225 2403 τὲ
1269 2369 1352 2414 τις
1384 2352 1622 2423 ἐραστὴς
1677 2369 1799 2407 πει-

212 2439 384 2507 ράσας
437 2442 536 2493 καὶ
575 2440 761 2501 κακῶς
800 2440 1137 2505 ἀπαλλάξας,
1210 2442 1493 2508 Ἀγλαϊδας
1528 2445 1701 2514 ὅνομα
1727 2447 1794 2513 ⁸³,

206 2532 579 2603 προσέρχεται
640 2533 943 2603 Κυπριανῴ
1006 2534 1180 2604 μάγον
1233 2535 1432 2606 τέχνην
1485 2537 1795 2608 ἠσκηκότι,

204 2624 417 2692 ἀμῦναί
444 2641 505 2677 τε
554 2623 726 2677 δεῖται
781 2624 1087 2697 δυσερῶντι
1131 2628 1225 2681 καὶ
1281 2628 1381 2698 τὴν
1426 2630 1595 2702 κόρην
1647 2632 1797 2702 αὐτῷ

202 2714 494 2785 πειθήνιον
522 2716 975 2785 παρασκευάσαι·
1034 2719 1129 2772 καὶ
1165 2718 1240 2782 ὡς
1263 2721 1581 2791 Κυπριανὸς
1616 2722 1795 2787 πάσας

199 2822 262 2857 τε
292 2804 341 2835 ⁸³
376 2804 638 2875 μεθόδους
671 2805 854 2874 μάγου
879 2804 1077 2876 τέχνης
1103 2810 1355 2878 κινήσας,
1379 2809 1505 2874 τούς
1529 2828 1588 2863 τε
1615 2811 1792 2881 βιαιο-

197 2897 406 2960 τάτους
469 2897 564 2950 καὶ
610 2898 1032 2967 χαλεπωτάτους
1095 2900 1205 2954 τῶν
1251 2900 1524 2972 δαιμόνων
1569 2905 1796 2975 πέμψας

1911 1982 2026 2050 ipsa
2055 1984 2318 2050 carmina,
2344 1995 2403 2039 ut
2426 1987 2580 2042 liberi
2610 1996 2841 2042 matrem
2872 1988 3071 2051 solent,
3102 1989 3246 2043 hunc
3275 2004 3494 2057 quoque

1910 2074 2167 2143 Augustae
2216 2088 2428 2143 partum
2478 2092 2599 2131 esse
2652 2079 2976 2147 legitimum.
3024 2078 3240 2134 Primus
3296 2082 3491 2135 horum

1907 2168 2044 2224 liber
2090 2181 2178 2222 res
2223 2169 2396 2223 beata:
2444 2166 2669 2223 Justinae
2714 2172 2969 2243 martyris
3017 2172 3383 2241 persequitur,
3433 2182 3493 2227 ut

1910 2260 1968 2315 in
1996 2258 2433 2313 Christianorum
2467 2259 2557 2312 illa
2596 2275 2881 2313 numerum
2920 2261 3198 2331 adoptata,
3240 2270 3493 2331 parentes

1910 2366 2125 2420 quoque
2154 2366 2281 2407 suos
2314 2351 2382 2405 ab
2410 2351 2673 2405 idolorum
2707 2353 2772 2405 ad
2807 2353 2919 2406 veri
2962 2352 3057 2407 Dei
3097 2354 3299 2407 cultum
3345 2364 3492 2408 tran-

1910 2444 2125 2498 stulerit
2176 2460 2190 2496 :
2252 2451 2422 2513 utque
2464 2458 2651 2497 amore
2692 2445 2909 2512 quidam
2958 2445 3076 2515 ejus
3131 2456 3343 2512 captus,
3374 2446 3490 2500 fro-

1905 2547 2018 2592 Stra
2069 2536 2157 2590 illa
2209 2536 2518 2600 sollicitata,
2565 2534 2633 2588 ad
2677 2534 3011 2605 Cyprianum
3067 2536 3294 2605 magicis
3343 2537 3493 2590 dedi-

1907 2638 2020 2684 tum
2064 2627 2273 2683 artibus
2317 2642 2377 2683 se
2424 2626 2740 2693 contulerit,
2778 2642 2975 2697 rogans
3027 2627 3240 2696 perdite
3284 2626 3488 2679 amanti

1909 2729 2217 2783 succurrat,
2265 2734 2332 2774 ac
2382 2719 2617 2788 puellam
2670 2720 2772 2775 sibi
2828 2718 3219 2786 obsequentem
3276 2718 3487 2772 reddat.

1908 2814 2074 2868 Addit
2106 2813 2296 2882 1281:
2330 2812 2663 2883 Cyprianum
2708 2825 2902 2866 omnes
2951 2811 3176 2879 inegit-te
3218 2812 3353 2863 artis
3401 2827 3489 2863 ra-

1913 2906 2088 2961 tiones
2121 2907 2392 2961 incassum
2428 2913 2751 2969 tentantem,
2784 2902 3215 2956 violentissimos
3246 2917 3491 2971 quosque

200 2990 298 3040 ὲπὶ
340 2986 446 3059 τὴν
489 2988 777 3059 παρθένον,
810 2990 902 3043 καὶ
934 2992 1321 3063 ᾐσχυμμένους
1364 2996 1461 3049 καὶ
1502 2999 1796 3067 νενικημέ-

1924 3014 1972 3055 ic
1998 2999 2509 3070 ‘perniciosissimos
2539 2999 2810 3053 daemones
2856 2994 3227 3065 oppugnandae
3268 2994 3493 3063 virginis

199 3097 328 3141 νους
370 3078 469 3131 τοῦ
506 3080 743 3151 σταυροῦ
791 3082 871 3151 τῷ
895 3083 1049 3153 τύπῳ
1082 3084 1140 3150 ἐξ
1178 3085 1359 3138 αὐτῶν
1387 3087 1616 3141 ἐκείνων
1659 3091 1795 3143 ἀνα-

1924 3094 2149 3151 :astitati
2205 3092 2499 3147 immisisse
2555 3112 2566 3145 :
2615 3090 2715 3144 hos
2766 3104 2899 3143 vero
2952 3088 3156 3157 pudore
3221 3086 3492 3150 sutlusos,

201 3173 422 3241 μαθὼν,
450 3173 750 3242 ἀφίσταται
778 3192 839 3228 τε
863 3176 967 3246 τῆς
998 3176 1134 3248 πρὸς
1166 3178 1411 3244 ἐκείνους
1440 3181 1674 3248 εὐνοίας,
1697 3187 1791 3239 καὶ

1932 3191 2177 3256 ictusque
2202 3190 2574 3240 sacrosancta:
2598 3182 2779 3237 crucis
2831 3181 3006 3250 signo,
3042 3179 3271 3247 rejectos
3304 3179 3493 3243 fuisse,

197 3266 301 3328 τὰς
326 3265 579 3334 μαγικὰς
618 3266 839 3329 ἁπάσας
870 3266 1088 3335 βίϐλους
1144 3271 1453 3338 κατακαίει,
1514 3276 1609 3327 καὶ
1642 3276 1799 3339 τέλος

1924 3294 1966 3338 ιι
2009 3297 2076 3337 ex
2122 3280 2229 3334 illis
2279 3278 2414 3348 ipsis
2453 3276 2725 3347 cognorit.
2754 3273 2936 3341 Quare
2972 3288 3301 3342 propensum
3334 3288 3492 3327 suum

197 3358 266 3410 τά
294 3358 653 3429 Χριστιανῶν
700 3364 915 3431 μυεῖται
976 3362 1071 3417 καὶ
1106 3363 1451 3434 βαπτίζεται,
1501 3370 1598 3420 και⁹
1626 3368 1797 3440 θύρας

1928 3392 1959 3427 ιι
2016 3371 2296 3441 improbos
2360 3368 2482 3423 illos
2546 3366 2773 3436 spiritus
2845 3365 3086 3418 animum
3157 3363 3491 3430 deposuisse,

196 3453 295 3520 τῆς
326 3450 637 3521 ἐκκλησίας
659 3453 996 3516 πιστεύεται,
1030 3457 1125 3508 καὶ
1154 3457 1408 3523 ἀξιωθεὶς
1436 3462 1795 3531 χαρισμάτων

1924 3478 2203 3531 imnesque
2235 3464 2371 3516 adeo
2415 3458 2659 3528 magicos
2703 3457 2871 3511 libros
2906 3455 3143 3509 ﬂammis
3181 3455 3491 3510 tradidisse.

197 3543 438 3607 πολλοὺς
472 3544 575 3613 μὲν
609 3546 813 3611 νόσων,
853 3548 1082 3611 πολλοὺς
1136 3548 1194 3601 δὲ
1231 3550 1502 3619 δαιμόνων
1529 3553 1792 3624 ἐκάθηρε,

1924 3556 2213 3611 Ihristiana
2246 3552 2479 3620 denique
2509 3550 2613 3603 lide
2647 3550 2934 3612 imbutum,
2962 3562 3084 3600 mox
3132 3548 3294 3601 etiam
3321 3546 3495 3613 bapti-

195 3638 290 3691 καὶ
326 3636 529 3689 λοιπὸν
561 3638 653 3690 καὶ
679 3637 775 3690 τοῦ
806 3637 934 3710 [216
973 3638 1067 3710 IL]
1100 3641 1490 3711 ἀρχιερατικοῦ
1543 3643 1795 3715 ἀξιώμα-

1924 3657 2087 3703 tatum
2117 3660 2262 3708 esse,
2307 3658 2371 3697 ac
2413 3641 2595 3710 templi
2644 3639 2940 3708 janitorem
2972 3638 3084 3709 (42)
3115 3637 3491 3692 consumtum.

190 3746 284 3790 τος
307 3728 588 3793 ἀξιοῦται.
644 3728 702 3783 '0
734 3729 833 3799 μὲν
865 3725 958 3785 οὖν
991 3731 1206 3800 πρῶτος
1230 3732 1385 3799 λόγος
1408 3732 1654 3787 τοιαῦτα.

1924 3739 2049 3806 Quin
2078 3746 2133 3792 et
2163 3736 2555 3791 charismatum
2599 3733 2738 3786 dona
2772 3746 2801 3783 a
2832 3729 2944 3785 Deo
2986 3732 3281 3799 accepisse,
3315 3730 3495 3797 itaque

197 3824 413 3878 morbis
453 3823 621 3884 alios,
651 3820 784 3876 alios
807 3822 1145 3879 daemonibus
1198 3824 1479 3890 liberasse,
1515 3826 1689 3881 donec
1713 3829 1929 3885 tandem
1962 3828 2361 3899 archiepiscopi
2398 3839 2618 3896 quoque
2646 3823 2927 3893 dignitate
2948 3832 3256 3875 ornaretur.
3284 3820 3349 3874 Ει
3380 3823 3495 3875 INBC

204 3918 425 3988 quidem
456 3917 602 3973 liber
639 3918 801 3973 habet
834 3921 1064 3988 primus.

287 4009 348 4063 '0
376 4010 431 4062 δὲ
460 4009 719 4077 δεύτερος
759 4012 1068 4081 ἀπάρχεται
1101 4014 1201 4082 μὲν
1237 4015 1336 4085 τὴν
1390 4017 1456 4069 ἐκ
1508 4017 1639 4080 νέας
1672 4019 1793 4089 ἡλι-
1977 4012 2262 4071 Secundus
2288 4009 2511 4072 deinde,
2542 4009 2670 4063 dum
2717 4020 2749 4059 a
2791 4009 2972 4072 capite
3013 4009 3172 4069 paulo
3208 4009 3373 4103 altius
3409 4020 3460 4103 re

190 4101 322 4165 κίεις
356 4102 688 4174 Κυπριανοῦ
724 4104 853 4175 περί
884 4122 945 4157 τε
972 4105 1041 4159 τά
1078 4104 1272 4159 εἴδωλα
1304 4108 1541 4180 σπουδὴν
1575 4112 1671 4164 καὶ
1696 4111 1795 4182 τὴν

1924 4106 2157 4178 Iypriani
2233 4103 2487 4167 arcessit,
2556 4101 2849 4170 ipsummet
2899 4108 3215 4151 narrantem
3284 4096 3495 4151 inducit

186 4193 301 4248 τῶν
334 4194 621 4263 δαιμόνων
652 4194 953 4265 θεραπείαν
982 4198 1311 4267 διηγεῖσθαι,
1329 4198 1421 4253 τόν
1446 4217 1506 4253 τε
1542 4202 1672 4272 περὶ
1696 4204 1795 4266 τάς

1929 4214 2054 4254 uum
2079 4197 2192 4265 jam
2224 4195 2349 4249 inde
2376 4208 2407 4247 a
2436 4191 2670 4263 pueritia
2702 4192 2758 4244 in
2792 4188 2932 4244 idola
2961 4189 3227 4254 studium,
3258 4189 3493 4244 cultum-

188 4287 441 4357 μαγείας
472 4285 639 4339 πόθον
674 4286 769 4340 κα)⁸
797 4288 897 4356 τὴν
944 4287 1200 4359 μελέτην,
1236 4288 1399 4341 αὐτὸν
1439 4291 1649 4343 ἐκεῖνον
1676 4293 1793 4345 elo-

1924 4305 2004 4361 lue
2030 4290 2358 4352 daemonum,
2388 4296 2444 4341 et
2484 4283 2755 4340 discendae
2786 4282 3008 4350 magica:
3047 4283 3182 4336 artis
3210 4282 3482 4350 cupidita-

186 4381 346 4446 ἀγων
389 4377 707 4449 ἐξηγητήνο
773 4377 871 4431 καὶ
902 4378 1004 4432 ὅσα
1037 4378 1174 4432 ἄλλα
1209 4378 1373 4448 μάθοι
1418 4380 1548 4450 περί
1580 4398 1641 4432 τε
1698 4380 1789 4450 βο-

1925 4399 2010 4438 em
2057 4392 2219 4450 atque
2262 4390 2543 4435 conatum.
2578 4377 2837 4442 Quasnam
2881 4376 3079 4431 dehinc
3113 4375 3217 4430 alia
3256 4377 3321 4430 de
3363 4376 3492 4430 ber-

186 4473 373 4525 τανῶν
403 4473 504 4525 καὶ
534 4470 717 4540 φυτῶν
748 4471 844 4523 καὶ
908 4467 1063 4533 ζώων
1120 4469 1338 4538 φύσεως
1386 4469 1751 4523 παντοδαπῶν
1776 4488 1790 4501 ·

1924 4490 2100 4528 tarum
2188 4472 2505 4534 variarum,
2586 4470 2886 4538 stirpium,
2972 4478 3134 4536 atque
3238 4469 3486 4522 animan-

186 4565 284 4617 καὶ
308 4566 397 4617 ὅτι
415 4562 679 4617 ποικίλων
704 4562 1000 4634 δαιμονίων
1018 4562 1539 4635 φασμάτωνθεατὴς
1563 4562 1792 4628 γένοιτο·

1924 4569 2053 4622 tium
2136 4575 2336 4620 natura
2412 4562 2688 4628 didicerit,
2755 4571 2921 4630 utque
2980 4561 3130 4614 varia
3174 4560 3341 4615 etiam
3377 4561 3485 4614 dae-

1977 4012 2262 4071 Secundus
2288 4007 2511 4072 deinde,
2542 4008 2670 4063 dum
2717 4020 2749 4059 a
2791 4003 2972 4072 capite
3013 4002 3172 4069 paulo
3208 4004 3371 4057 altius
3409 4020 3494 4058 res

190 4656 287 4709 καὶ
316 4657 475 4717 ὅπως
493 4652 552 4719 ἐξ
588 4654 836 4725 Ἀθηνῶν
859 4656 916 4717 ἐς
938 4655 1163 4724 Ἄργος,
1189 4655 1446 4708 κάκεῖθεν
1474 4658 1531 4718 ἐς
1551 4657 1793 4727 Φρυγίαν

1924 4674 2118 4713 nonum
2176 4656 2409 4712 ludibria
2470 4654 2686 4709 viderit.
2727 4651 3012 4719 Quomodo
3067 4650 3195 4704 item
3257 4652 3492 4706 Athenis

190 4752 433 4819 ἀφίκετο
459 4750 532 4812 ⁸³,
570 4748 858 4820 ἱερουργός
884 4765 944 4800 τε
976 4747 1087 4800 τῶν
1124 4747 1422 4817 δαιμονίων
1472 4748 1791 4819 ἁπανταχοῦ

1924 4762 2091 4821 trgos,
2121 4749 2356 4818 indeque
2391 4747 2444 4801 in
2486 4745 2780 4817 Phrygiam
2814 4743 3117 4813 prolectus,
3145 4742 3486 4798 daemonibus

189 4840 607 4910 καθιστάμενος
638 4838 765 4911 [417
794 4838 884 4911 IL]
922 4841 1019 4893 καὶ
1072 4838 1275 4910 πολλὴν
1308 4840 1643 4910 συνάσκησιν
1692 4841 1795 4911 τῆς

1924 4844 2098 4912 ibique
2158 4841 2442 4897 sacriticus
2501 4838 2831 4892 constitutus
2885 4834 3087 4903 fuerit,
3141 4851 3205 4890 ac
3261 4836 3486 4890 multam

193 4932 452 5004 μαγικῆς
484 4932 871 5003 ἀθροιζόμενος
895 4948 910 4964 ο
944 4930 1065 4984 εἶτα
1114 4928 1319 5001 προῖὼν
1374 4931 1450 4994 ὡς
1510 4932 1791 5000 Αἰγύπτου

1924 4935 2124 5001 nagica:
2193 4934 2330 4988 artis
2397 4929 2853 4986 exercitationem
2931 4929 3233 4997 collegerit.
3306 4928 3493 4998 Pergit

190 5040 255 5078 τε
297 5024 401 5078 ἐπὶ
424 5025 537 5087 τοῖς
576 5024 764 5087 αὐτοῖς
791 5021 963 5093 ἐπέϐη
993 5023 1088 5075 καὶ⁵
1126 5020 1324 5083 Ἰνδοὺς
1374 5019 1629 5089 ἐπῆλθεν,
1687 5023 1787 5076 ὅσα

1924 5026 2088 5081 idbaac
2133 5040 2381 5091 narrare,
2420 5033 2482 5077 ut
2532 5022 2588 5076 in
2634 5019 2930 5095 Egyptum
2973 5024 3290 5080 eorumdem
3329 5036 3495 5077 causa

1548 5179 1782 5235 VARUE
1815 5180 2228 5241 LEtZTlONES.

265 5308 314 5339 ⁸³
358 5303 1040 5377 δευτερίηνᾼϐειβειυὺοηιιε
1073 5319 1088 5357 :
1119 5302 1243 5355 libri
1272 5302 1553 5373 δευτέρην.
1638 5300 1688 5335 ⁸³
1726 5305 2017 5374 Ἀγλαῖδας
2042 5307 2213 5377 ὄνομα
2269 5306 2395 5364 add.
2425 5306 2493 5359 A.
2569 5303 2617 5337 ⁸³
2638 5323 2699 5359 π.
2726 5319 2788 5355 τε
2830 5303 2923 5355 καὶ
2981 5301 3191 5373 μεθ.ς·.
3267 5298 3315 5329 ⁸⁵
3357 5297 3485 5365 ἀφί-

199 5394 376 5443 κοιτο,
438 5373 724 5448 ἱερουργὺς
763 5373 819 5427 δέ
845 5392 903 5439 ς.

1723 5508 1934 5565 NOTAE

247 5628 459 5702 (Η)οε
474 5628 719 5695 utrisque
739 5628 822 5684 his
839 5626 1163 5698 martyribus
1181 5624 1524 5696 Martyrolog.
1544 5621 1779 5677 [20:12.26
1890 5641 1989 5682 xm
2023 5629 2160 5750 Περὶ
2192 5630 2415 5698 στεφάν.
2453 5644 2519 5684 ac
2548 5630 2961 5712 Metaphrastes.
3146 5697 3156 5707 .
3385 5694 3398 5704 ν

247 5701 488 5750 entemb.
521 5711 577 5750 et
606 5697 1051 5750 Grtemllenolua.
1074 5699 1110 5750 ‘2
1139 5698 1329 5750 Octob.
1357 5696 1484 5748 Item
1507 5694 1779 5750 D.Gre:tu-
1961 5698 2071 5750 (42)
2122 5701 2162 5750 3.
2193 5700 2420 5750 Grcam.
2446 5699 2578 5750 Naz.
2610 5700 2761 5750 Orat.
2804 5718 2860 5750 ιη
2905 5699 2968 5750 Β.
2997 5696 3319 5750 ϐιιυινοηιι-ιι
3356 5695 3396 5747 Ν

198 5694 488 5772 septemb.
521 5711 577 5753 et
606 5694 1051 5772 erc.ﬂleiiglog.
1074 5699 1110 5750 ‘2
1139 5694 1484 5772 Octob.‘_|tem
1507 5694 1779 5772 D.‘(I}reg_u-
1943 5698 2071 5772 μὶ)
2097 5694 2420 5772 -Βηϐτοεοικ
2446 5699 2578 5757 Ntll.
2610 5694 2761 5756 om.
2804 5701 2860 5754 in
2905 5699 2968 5753 Β.
2997 5696 3319 5768 Cypriane-it
3356 5694 3486 5747 Νεο-

201 5766 316 5827 ritis
348 5770 613 5825 Nazianz.
644 5768 798 5823 Orat.
822 5771 875 5823 in
898 5770 964 5824 Β.
991 5768 1242 5839 Cyprian.
1271 5766 1362 5836 qui
1392 5766 1531 5819 duos
1560 5766 1781 5891 (Ilypria-
1893 5769 2053 5838 κόρον
2088 5769 2239 5826 facit.

202 5858 303 5891 nos
350 5841 688 5891 confundere
736 5841 971 5891 videtur.
1016 5850 1070 5891 ut
1118 5851 1172 5891 et
1217 5836 1547 5891 Prudentius
1607 5835 1778 5891 lttmn.

202 5858 303 5899 nos
350 5841 688 5897 confundere
736 5841 971 5908 videtur,
1016 5835 1070 5895 tit
1118 5851 1172 5893 et
1217 5835 1547 5893 Prudcntius
1584 5835 1778 5905 Hymn.
