4022 6436
582 367 689 431 539

1683 377 1916 439 ΡΗΟΤΙ
1924 380 1949 438 Ι
1992 379 2159 441 ΡΑΤΙ

2263 382 2500 444 meum
2539 387 2649 448 cp.
3717 416 3804 484 540

578 481 821 541 venerit.
866 493 1031 553 atque
1080 486 1147 540 ad
1200 487 1357 542 Indos
1414 492 1741 556 accesserit,
1804 509 2035 565 quaeque
2088 494 2159 549 ibi

2264 497 2312 550 τ’
2340 499 2458 552 ἐκεῖ
2484 499 2763 572 παράδοξα
2783 502 2877 555 καὶ
2895 503 3084 569 δεινῶς
3102 505 3275 559 ἀτοπα
3293 508 3422 565 ἀλλα
3439 531 3494 567 τε
3528 522 3613 573 καὶ
3638 525 3808 587 εἴδωλα

579 572 857 642 inopinata
918 584 974 629 et
1017 577 1172 632 valde
1216 578 1474 647 absurda,
1505 597 1629 635 cum
1681 584 1813 648 alia,
1852 594 1963 639 tum
1998 585 2170 639 simu-

580 664 728 718 lacra
771 665 968 720 viderit
1016 679 1183 739 atque
1226 670 1551 728 observarit.
1583 675 1747 729 Addit
1787 690 1868 743 se,
1903 691 2025 729 cum
2073 676 2170 730 tri-

580 757 841 811 cesimum
868 758 979 827 jam
1012 762 1183 816 aetatis
1214 778 1414 819 annum
1444 768 1762 836 attingeret,
1789 768 1854 822 ad
1886 767 2168 823 Chaldaeos

579 849 818 912 venisse,
854 864 1155 920 eorumque
1194 853 1391 910 litteris
1434 857 1766 922 institutum,
1810 859 2166 930 astrologiam

578 949 835 994 accurate
878 944 1254 1011 perdidicisse,
1306 964 1536 1018 quaeque
1584 951 1687 1003 alia
1739 952 1957 1020 cognitu
2004 954 2165 1021 digna

577 1034 717 1100 apud
764 1033 884 1087 illos
922 1035 1265 1095 viderentur.
1313 1037 1503 1094 Omnia
1557 1044 1769 1096 tandem
1813 1045 1925 1096 haec
1966 1043 2166 1098 vidisse

577 1121 837 1188 refutata,
873 1127 1092 1193 quando
1143 1130 1311 1184 stulto
1362 1147 1457 1185 seu
1509 1134 1690 1201 potius
1740 1135 1938 1189 animis
1984 1137 2166 1203 perni-

577 1214 726 1269 cioso
758 1216 945 1272 labore
975 1219 1124 1274 hisce
1156 1223 1365 1278 artibus
1401 1225 1668 1295 impenso,
1705 1242 1735 1281 a
1767 1228 1980 1283 Justina
2020 1244 2163 1283 mar-

580 1316 697 1376 tyre
731 1311 983 1378 repulsus
1016 1324 1121 1369 est.
1161 1316 1564 1372 Connuemorat
1598 1321 1727 1374 item
1760 1321 1851 1377 hic
1878 1324 2162 1388 nonnulla,

576 1400 772 1464 quibus
828 1401 994 1456 alium
1048 1420 1109 1461 se
1166 1408 1281 1476 ipse
1340 1411 1612 1465 interdum
1672 1416 1899 1483 magicis
1955 1418 2166 1471 artibus

576 1493 852 1560 exhibuit,
884 1496 1134 1567 aliosque
1184 1500 1454 1557 interdum
1508 1505 1917 1561 transformavit
1948 1525 1962 1561 :
1998 1520 2164 1578 utque

576 1598 606 1637 a
646 1586 948 1639 daemonum
988 1588 1138 1642 cultu
1189 1592 1496 1661 discedens,
1536 1598 1971 1653 cacodaemonem
2008 1601 2166 1654 mini-

576 1686 815 1745 tantem,
867 1687 922 1733 et
978 1681 1046 1736 ad
1100 1683 1535 1753 desperationem
1593 1704 1764 1759 usque
1823 1693 2161 1748 terrltantem

574 1772 835 1836 senserit,
873 1787 937 1826 ac
983 1777 1256 1842 quomodo
1309 1778 1501 1832 horum
1557 1781 1627 1835 sit
1682 1793 1830 1837 metu
1879 1784 2161 1851 liberatus,

573 1878 699 1916 cum
737 1863 790 1917 in
834 1864 980 1934 pium
1032 1867 1205 1921 virum
1254 1869 1556 1937 incidisset,
1592 1874 1679 1929 cui
1732 1874 2019 1931 Timotheo
2068 1894 2163 1933 no-
2197 1855 2237 1908 Β

572 1970 725 2011 tuen.
762 1956 1047 2024 Quomodo
1088 1968 1349 2029 praeterea
1387 1963 1692 2021 Antiochiae
1732 1969 1871 2036 apud
1905 1968 2161 2039 frequens

573 2049 908 2103 auditorium
960 2053 1292 2119 narraverit,
1344 2054 1572 2109 nefanda
1614 2058 1785 2114 multa
1825 2075 1885 2114 se
1928 2076 1991 2117 ac
2030 2079 2159 2133 pro-

570 2139 782 2208 digiosa
834 2140 1102 2209 effecisse,
1149 2146 1349 2214 quibus
1404 2146 1657 2203 homines
1706 2152 1778 2205 ita
1829 2154 2158 2224 decipiebat,

572 2239 631 2284 ut
670 2245 770 2299 pro
815 2233 918 2287 deo
976 2233 1149 2302 ipsum
1204 2236 1486 2293 haberent.
1534 2238 1814 2312 Lacrymis
1867 2245 2051 2314 itaque
2097 2263 2162 2303 ac

572 2323 723 2378 luctu
785 2340 953 2395 genas
1006 2327 1077 2382 ob
1127 2328 1244 2384 hate
1304 2331 1729 2401 bumectantem,
1771 2351 1838 2390 ex
1896 2341 2158 2395 memoria

572 2416 947 2485 improborum
1002 2418 1308 2476 facinorum
1367 2423 1419 2477 in
1477 2424 1670 2479 salutis
1724 2428 2159 2495 desperationem

570 2507 770 2563 iterum
818 2510 1166 2581 delapsurum
1224 2512 1417 2581 fuisse,
1459 2517 1561 2571 uisi
1611 2517 1887 2577 Eusebius
1939 2522 2157 2591 quidam

568 2602 811 2669 optimus
858 2604 925 2657 ad
982 2603 1236 2671 pietatem
1291 2615 1345 2660 et
1398 2608 1772 2675 paenitentiam
1815 2613 1942 2678 dux,
1988 2629 2160 2669 sacrte

569 2693 868 2764 Scriptura:
918 2695 1196 2766 alloquiis,
1243 2702 1529 2770 sacrisque
1583 2705 2013 2773 narrationibus,
2059 2709 2158 2761 de-

566 2788 901 2854 sperationis
954 2789 1201 2844 nebulam
1257 2792 1554 2862 dissipans,
1595 2796 1789 2867 129a
1830 2799 1990 2853 clarae
2042 2802 2157 2869 Spei

567 2876 739 2931 radiis
794 2892 919 2932 eum
974 2879 1326 2947 illustrasset,
1360 2894 1417 2938 et
1468 2884 1521 2937 in
1580 2886 1798 2941 domum
1855 2903 2007 2943 suam
2064 2893 2160 2946 de-

568 2973 792 3024 ductum
835 2971 1019 3026 cibum
1061 2987 1259 3041 capere
1293 2974 1565 3042 iussisset,
1603 2979 1766 3032 trium
1802 2981 2008 3034 dierum
2044 2982 2157 3036 ine-

568 3060 657 3114 dia
688 3061 800 3131 jam
834 3075 1193 3119 maceratum.
1226 3064 1415 3121 Refert
1450 3069 1603 3134 item,
1638 3080 1696 3122 ut
1738 3070 1792 3125 in
1829 3086 2043 3127 sacrum
2090 3077 2159 3128 ah

566 3151 661 3208 illo
719 3154 979 3219 templum
1038 3156 1203 3213 fuerit
1262 3160 1551 3224 adductus,
1587 3171 1642 3215 et
1694 3177 1789 3216 sua
1837 3163 1954 3233 ipse
1997 3180 2156 3219 manu

568 3261 755 3301 coram
789 3246 1135 3305 multitudine
1166 3252 1390 3320 magicae
1422 3252 1558 3307 artis
1596 3268 1708 3307 suae
1744 3255 1910 3309 libros
1956 3255 2151 3311 allatos

569 3337 802 3393 ﬂammis
843 3340 1150 3407 tradiderit,
1192 3357 1255 3401 ac
1304 3345 1444 3398 bona
1488 3345 1714 3415 insuper
1758 3362 1853 3403 sua
1899 3353 2152 3419 pauperi-

565 3432 670 3486 bus
701 3433 1062 3499 distribuerit,
1097 3444 1259 3504 atque
1291 3437 1358 3489 ad
1389 3437 1824 3493 Christianorum
1867 3440 1993 3495 inde
2032 3455 2146 3495 etB-

564 3531 678 3575 tum
714 3532 1039 3593 aggregatus
1070 3525 1186 3580 sit:
1228 3527 1493 3582 Eusebius
1535 3540 1716 3583 autem
1771 3531 1878 3593 hic,
1916 3531 2015 3596 ait,
2058 3549 2149 3587 sa-

563 3614 793 3670 cerdotii
825 3616 1088 3686 dignitate
1116 3629 1418 3675 exornatus
1446 3628 1587 3677 erat.
1615 3623 1846 3677 Accedit
1875 3624 2148 3692 quomodo
2182 3625 2440 3694 Aglaidas
2460 3661 2477 3686 ,
2532 3622 2717 3691 gravis
2772 3620 2862 3675 ille
2915 3619 3141 3675 Justina:
3218 3637 3423 3691 procus
3446 3662 3461 3685 .

2272 584 2382 643 εῑδέ
2407 608 2466 643 τε
2504 593 2598 644 καὶ
2629 592 2864 663 ἐξέμαθε
2891 611 2905 624 ·
2937 597 3033 648 καὶ
3070 599 3150 659 εἰς
3205 611 3637 667 τριακονταετίαν
3680 584 3809 693 αὐτῷ

2268 683 2370 753 τῆς
2399 683 2618 754 ἡλικίας
2660 684 2922 757 τελούσης
2949 688 3042 740 ἐπὶ
3094 689 3394 757 Χαλδαίους
3434 692 3578 767 ἦλθε,
3626 709 3713 761 καὶ
3754 683 3811 769 ei

2270 775 2496 829 ἐκείνων
2529 776 2709 831 πάντα
2746 779 2978 849 μυηθεὶς
3006 781 3363 851 ἀστρολογίαν
3393 803 3451 839 τε
3472 790 3807 871 ἠκριϐὡσατο,

2270 870 2365 921 καὶ
2395 868 2447 920 ετ
2477 886 2531 921 τι
2555 869 2682 923 ἀλλο
2708 871 2870 941 σοφὸν
2896 871 2942 903 ⁸⁸
2974 872 3254 940 νομίζεται
3285 875 3416 946 παρ’
3480 882 3672 950 αὐτοῖς.
3722 868 3813 948 Καὶ
3914 922 3917 927 λ

2268 958 2350 1011 ὅτι
2376 958 2549 1012 ταῦτα
2578 962 2756 1014 πάντα
2773 958 2913 1016 εἶδεν
2940 963 3277 1035 ἐληλεγμένα
3307 968 3402 1020 καὶ
3436 970 3673 1043 μάταιον,
3700 984 3812 1049 μᾶλ.

2266 1050 2357 1103 λον
2378 1050 2436 1103 δὲ
2469 1051 2512 1082 ⁸⁷
2547 1051 2901 1124 ψυχώλεθρον
2924 1055 3107 1120 πόνον,
3128 1057 3454 1126 προσϐαλὼν
3481 1066 3597 1127 ταῖς
3623 1068 3814 1140 τέχναις

2266 1141 2332 1208 τῇ
2366 1142 2606 1212 μάρτυρι
2646 1143 2908 1214 ’1ουστίνῃ
2940 1145 3008 1202 ⁸⁸.
3037 1146 3270 1210 Διέξεισι
3301 1147 3437 1202 δὲέν
3465 1153 3667 1219 τούτοις
3717 1160 3811 1217 ἔνια

2265 1222 2341 1283 ὧν
2371 1231 2534 1293 αὐτός
2557 1249 2617 1284 τε
2644 1234 2837 1287 ἐαυτὸν
2869 1238 2988 1299 ταῖς
3019 1239 3276 1305 μαγείαις
3307 1240 3485 1304 ἀλλοις
3508 1243 3657 1298 ἀλλον
3679 1250 3813 1318 ἐφάν.

2265 1339 2427 1375 τασεν
2457 1323 2666 1389 ἄλλοτε,
2712 1327 2805 1379 καὶ
2833 1318 2908 1379 ὧν
2961 1328 3182 1395 ἐτέρους
3212 1331 3235 1380 ἐ
3246 1330 3532 1401 μόρφωσεν
3554 1352 3568 1366 ’
3608 1338 3739 1405 ὅπως
3764 1363 3811 1399 τε

2265 1414 2365 1484 τῆς
2416 1415 2709 1483 δαιμονίων
2736 1418 2947 1490 πλάνης
2978 1421 3223 1484 ἀποστὰς
3270 1423 3362 1474 τὸν
3418 1429 3644 1498 πονηρὸν
3686 1434 3813 1490 ἀπει.

2256 1504 2463 1577 ,λοῦντα
2519 1508 2642 1577 ἔσχε
2678 1510 2772 1562 καὶ¹
2806 1513 2887 1574 είς
2919 1512 3233 1581 ἀπόγνωσιν
3264 1513 3685 1585 ἐκδειμαίνοντα,
3734 1530 3812 1582 καὶ

2265 1594 2343 1655 ὡς
2388 1594 2551 1666 ἐλύθη
2584 1596 2792 1650 τούτων
2834 1598 2932 1669 τῆς
2958 1600 3163 1665 δειλίας
3190 1604 3429 1673 ἐντυχὼν
3479 1608 3628 1678 ἀνδρὶ
3657 1612 3811 1670 θεοσε-

2266 1685 2354 1738 ϐεῖ
2378 1726 2392 1751 ,
2438 1687 2610 1759 ὄνομα
2640 1690 2915 1763 Τιμοθέῳ.
2969 1694 3088 1746 Ἐπ’
3156 1696 3492 1767 Ἀντιοχείας
3528 1719 3589 1755 τε
3627 1706 3699 1767 είς
3736 1708 3813 1761 ἐπ-

2266 1780 2432 1849 ήκοον
2458 1780 2503 1810 ⁸⁸
2552 1781 2766 1836 πολλῶν
2791 1784 2868 1848 ὡς
2901 1785 3220 1856 ἐξήγγειλεν
3249 1788 3390 1859 ἔργα
3434 1792 3601 1847 πολλὰ
3648 1797 3814 1869 ἀθέμι-

2266 1886 2336 1922 τα
2362 1872 2409 1903 ⁹⁰
2433 1873 2527 1924 καὶ
2564 1874 2828 1943 τεράστια
2852 1877 3276 1948 διαπράξασθαι,
3335 1878 3418 1945 οἷς
3460 1884 3722 1941 ἐϐουκόλει
3768 1893 3813 1944 τὸ

2268 1959 2612 2031 ἀνθρώπινον
2641 1964 2737 2017 καλ⁸
2782 1965 2904 2018 θεὸν
2934 1967 3097 2019 αὐτὸν
3141 1968 3429 2023 τίθεσθαι·
3468 1974 3612 2037 ὅπως
3652 1994 3703 2029 τε
3743 1978 3813 2032 δά-

2268 2066 2434 2117 κρυσι
2498 2053 2593 2104 καὶ
2654 2052 2875 2123 θρήνοις
2927 2055 3234 2126 ἐρῤαίνετο,
3304 2060 3398 2111 καλ⁵
3436 2061 3470 2131 ἡ
3523 2064 3697 2134 μνήμη
3730 2068 3813 2119 τῶν

2267 2141 2547 2212 ἀθεμίτων
2598 2141 2779 2213 ἔργων
2818 2147 2899 2208 είς
2948 2145 3309 2200 ἀνελπιστίαν
3364 2150 3636 2221 σωτηρίας
3684 2156 3813 2209 αὐτὸν

2267 2234 2430 2287 πάλιν
2479 2235 2760 2305 ἔρριπτεν,
2794 2239 2843 2290 εί
2882 2240 2955 2309 μή
2989 2256 3074 2302 τις
3101 2240 3392 2305 Εὐσέϐιος,
3439 2243 3708 2308 εὐσεϐείας
3728 2248 3814 2318 ἀρι-

2269 2344 2394 2390 στος
2416 2329 2511 2380 καὶ
2530 2330 2821 2398 μετανοίας
2850 2331 3159 2403 ὑφηγητὴς,
3186 2336 3303 2396 τοῖς
3324 2351 3385 2386 τε
3413 2333 3574 2398 θείοις
3592 2336 3763 2405 λογίοις
3776 2340 3807 2372 ¹¹

2269 2420 2366 2473 καὶ
2407 2422 2528 2483 ταῖς
2562 2423 2735 2490 ἱεραῖς
2770 2422 3033 2492 ἱστορίαις
3062 2423 3234 2489 λύσας
3264 2426 3332 2478 τὸ
3362 2426 3461 2496 τῆς
3495 2429 3809 2496 ἀπογνώσεως

2267 2512 2449 2582 νέφος,
2482 2512 2693 2582 ηῦγασε
2721 2514 2993 2585 λαμπρῶν
3016 2516 3245 2570 ἐλπίδων
3278 2519 3487 2586 ἀκτῖσι,
3530 2522 3620 2573 καὶ
3649 2524 3806 2593 τροφῆς

2267 2604 2453 2658 ἔπεισε
2489 2608 2806 2675 μετασχεῖν,
2849 2609 2930 2670 είς
2955 2603 3104 2660 οἷκον
3136 2608 3367 2677 ἀγαγὼν
3395 2611 3525 2673 ὅλας
3546 2616 3684 2683 τρεῖς
3705 2617 3799 2684 ήμέ-

2268 2714 2370 2767 ρας
2409 2697 2671 2750 ἀπόςιτον
2719 2697 3112 2766 διαγεγονότα·
3147 2700 3299 2762 ὃπως
3351 2718 3411 2753 τε
3458 2703 3537 2764 εἰς
3568 2703 3655 2755 τὸν
3704 2704 3801 2756 θεῖον

2266 2788 2391 2857 ἄγει
2415 2788 2572 2852 νεὼν,
2610 2788 2705 2842 καὶ
2745 2788 2896 2852 ὅπως
2919 2790 3086 2853 αὐτὸς
3121 2791 3150 2843 6
3181 2792 3444 2862 τεχνίτης
3490 2793 3588 2856 τάς
3647 2793 3806 2865 μάγους

2266 2880 2500 2934 ἐνώπιον
2530 2880 2743 2934 πολλῶν
2773 2880 2989 2950 βίϐλους
3024 2883 3159 2952 πυρὶ
3184 2883 3377 2937 δίδωσι
3410 2883 3612 2953 φέρων,
3642 2886 3722 2938 τόν
3767 2902 3809 2937 τε

2266 2972 2499 3026 πλοῦτον
2534 2972 2733 3043 πένησι
2760 2974 2937 3043 νέμει,
2980 2974 3075 3026 καὶ
3106 2973 3207 3042 τῆς
3238 2974 3588 3046 Χριστιανῶν
3648 2976 3812 3045 ἀγέλης

2266 3064 2513 3129 ἀξιοῦται
2549 3080 2563 3094 ⁸
2596 3064 2901 3134 ἱερωσύνης
2931 3065 2975 3118 δ’
3023 3066 3053 3117 6
3109 3067 3378 3131 Εὐσέϐιος
3435 3068 3644 3138 ἀξίωμα
3684 3085 3811 3137 περι-

2268 3158 2466 3215 έκειτο.
2506 3157 2617 3210 Καὶ
2641 3156 2718 3221 ὡς
2757 3157 3044 3225 Ἀγλαῖδας
3098 3158 3127 3210 ὁ
3182 3158 3285 3226 τῆς
3354 3157 3640 3229 Ἰουστίνης
3678 3159 3817 3221 δεινὸς

2265 3251 2525 3321 ἐραστὴς,
2556 3247 2847 3320 ἀποτυχὼν
2877 3243 2953 3303 ὧν
2984 3250 3317 3315 ἐσπούδαζε,
3359 3253 3482 3305 τότε
3528 3253 3590 3324 δὴ
3626 3254 3709 3306 καὶ
3742 3252 3818 3305 αὐο

2258 3344 2350 3407 τὸς
2386 3344 2478 3396 τόν
2509 3359 2570 3394 τε
2608 3343 2653 3373 θ’
2683 3341 2915 3395 πλοῦτον
2947 3343 3157 3409 πένησι
3186 3344 3463 3414 διανέμει,
3496 3347 3587 3399 καὶ
3614 3345 3711 3398 τῶν
3724 3346 3817 3397 δαι-

2261 3440 2438 3510 μόνων
2464 3438 2541 3502 ὡς
2570 3436 2868 3509 ἀπατηλῶν
2900 3438 3178 3508 ἀλογήσας
3206 3440 3275 3492 τά
3335 3441 3673 3511 Χριστιανῶν
3709 3441 3816 3493 ἀντ-

2256 3531 2545 3603 ηλλάξατο.
2584 3528 2743 3583 Οὕτω
2787 3528 2883 3581 καὶ
2915 3531 2943 3581 6
2976 3529 3234 3599 δεύτερος
3257 3530 3445 3599 λόγος.

3545 3637 3661 3675 cum
3731 3622 3816 3673 voti

564 3725 789 3781 compos
839 3711 1015 3768 factus
1072 3730 1176 3769 non
1230 3726 1401 3780 esset,
1465 3717 1607 3772 bona
1658 3733 1875 3790 quoque
1922 3719 2154 3775 fortuna:
2217 3720 2547 3791 pauperibus
2596 3718 2779 3772 omnia
2851 3718 3180 3787 erogaverit,
3241 3728 3295 3771 et
3352 3720 3681 3773 daemonibus
3724 3726 3819 3769 tan-

565 3818 733 3872 quam
800 3802 1182 3873 deceptoribus
1240 3808 1433 3863 nuntio
1498 3810 1764 3877 remisso,
1828 3811 2155 3868 Christianis
2190 3828 2309 3867 sese
2354 3812 2530 3866 sacris
2588 3808 2857 3864 addixerit
2897 3826 2912 3862 :
2956 3808 3009 3861 in
3082 3824 3190 3879 quo
3267 3811 3501 3865 secundi
3552 3810 3670 3865 libri
3714 3807 3815 3862 ﬁnis

562 3904 669 3952 est.

628 3989 847 4046 Tertius
869 3991 1104 4062 denique
1121 3997 1441 4065 martyrium
1468 3998 1849 4068 complectitur
1879 4001 2020 4057 beati
2042 4000 2151 4074 Cy-

561 4081 837 4151 priani,et
864 4083 1027 4138 clarae
1054 4084 1284 4153 virginis
1316 4084 1570 4150 Justinae,
1601 4089 1689 4155 qui
1732 4088 2066 4143 Diocletiano
2097 4099 2153 4144 et

563 4172 861 4227 Maximino
893 4173 1079 4229 Romae
1111 4176 1527 4244 imperantibus,
1556 4190 1731 4233 morte
1784 4182 2148 4235 testimonium

563 4265 829 4319 dixerunt
864 4265 1010 4320 ﬁdei.
1046 4265 1320 4322 Unaenim
1344 4271 1411 4323 ad
1438 4272 1688 4340 martyrii
1722 4270 1961 4323 lauream
1994 4270 2151 4325 abre-

562 4361 639 4429 pti
674 4369 800 4414 sunt
831 4376 845 4424 ;
886 4359 1193 4431 Cyprianus
1215 4361 1435 4431 quidem
1476 4378 1542 4416 ex
1581 4363 1758 4432 patria
1788 4373 1843 4417 et
1883 4364 2015 4417 urbe
2040 4363 2151 4417 Au-

564 4454 788 4516 tiocltia,
830 4452 984 4522 cuius
1016 4453 1181 4508 etiam
1231 4456 1759 4524 archiepiscopatum
1812 4465 1933 4525 post
1964 4456 2160 4508 Anthi-

2250 4020 2260 4037 ι
2345 3994 2406 4048 '0
2440 3993 2499 4047 δὲ
2544 3993 2727 4065 τρίτος
2765 3991 2828 4045 τὸ
2863 3990 3163 4062 μαρτύριον
3196 3989 3291 4043 τοῦ
3328 3990 3487 4059 ἁγίου
3535 3984 3816 4059 Κυπριανοῦ

2258 4090 2354 4143 καὶ
2391 4088 2687 4155 ἰουστίνης
2708 4084 2808 4153 τῆς
2831 4083 3269 4153 καλλιπαρθένου
3293 4085 3516 4152 μετρεῖ,
3540 4082 3587 4133 οἳ
3614 4075 3818 4149 ἐμαρτύ-

2257 4199 2435 4253 ρησαν
2470 4177 2858 4248 Διοκλητιανοῦ
2898 4177 2993 4229 καὶ
3038 4174 3403 4244 Μαξιμιανοῦ.
3430 4174 3529 4244 τὴν
3566 4170 3816 4240 Ῥωμαίων

2257 4275 2435 4343 ἀρχὴν
2470 4271 2725 4342 ἐχόντων.
2768 4267 3192 4338 Συνελήφθησαν
3237 4267 3282 4319 δ’
3316 4267 3415 4319 ἐπὶ
3453 4266 3514 4318 τὸ
3549 4262 3813 4335 μαρτύριον

2261 4367 2290 4418 6
2325 4367 2422 4434 μέν
2445 4364 2502 4429 ἐξ
2542 4360 2896 4431 Ἀντιοχείας,
2932 4355 3001 4431 ἧς
3031 4360 3126 4413 καὶ
3159 4358 3298 4429 μετά
3337 4358 3599 4426 ’Λνοιμον
3630 4357 3711 4407 τὸν
3735 4354 3814 4421 ἀρ-

2266 4454 2579 4528 χιερατικὸν
2626 4453 2775 4506 ἴθυνε
2829 4451 3068 4519 θεσμὸν,
3109 4452 3209 4518 τὴν
3258 4449 3434 4519 αὐτὴν
3473 4448 3565 4500 καὶ
3612 4440 3814 4511 πατρίδα

562 4562 712 4601 mum
768 4547 1227 4613 administrarat;
1290 4547 1504 4603 Justina
1558 4563 1687 4602 vero
1729 4550 1993 4602 Damasco
2027 4565 2041 4614 ;
2077 4547 2149 4601 ibi

2263 4549 2457 4620 λαχὼν,
2491 4549 2524 4618 ἡ
2564 4546 2621 4599 δέ
2653 4548 2717 4598 ἐκ
2742 4543 3037 4615 Δαμασκοῦ
3063 4560 3077 4573 °
3111 4544 3229 4596 ἐκεῖ
3272 4544 3386 4613 γὰρ
3432 4540 3533 4608 τῆς
3576 4535 3811 4603 Ἀντιόχου

561 4638 709 4692 enim
755 4637 865 4705 illa,
917 4646 1202 4707 postquam
1260 4637 1558 4693 Antiochia
1612 4638 1879 4708 migrarat
1904 4636 2044 4707 (qua:
2092 4648 2151 4691 et

564 4726 681 4796 ipsa
718 4725 947 4796 virginis
979 4728 1155 4795 patria
1204 4728 1347 4797 erat)
1392 4727 1568 4796 palam
1594 4727 1875 4782 Christum
1907 4726 2150 4795 professa

562 4829 667 4875 est.
691 4819 786 4873 His
811 4820 885 4874 ita
916 4820 1111 4890 captis,
1148 4836 1269 4874 cum
1295 4820 1445 4888 impii
1489 4820 1576 4875 ille
1602 4820 1841 4875 hominis
1880 4821 2152 4875 sermoni-

560 4913 665 4967 bus
699 4912 832 4966 nihil
879 4922 1212 4979 moveretur,
1243 4913 1481 4967 vinculis
1508 4914 1560 4965 in
1606 4912 1838 4967 sublime
1895 4913 2034 4981 rapti
2071 4912 2150 4966 la-

564 5015 679 5060 tera
714 5005 994 5069 raduntur,
1048 5006 1163 5065 haec
1209 5016 1392 5062 autem
1447 5005 1609 5059 boum
1669 5006 1851 5060 nervis
1902 5006 2150 5061 carditur.

562 5098 765 5154 Verum
797 5101 886 5154 ubi
918 5100 1050 5154 nihil
1080 5100 1155 5155 illi
1187 5100 1254 5155 de
1275 5100 1579 5155 constantia
1616 5100 1895 5152 remittere
1926 5110 2155 5169 tyranno

563 5194 841 5259 videntur,
875 5195 926 5249 in
960 5193 1261 5250 custodiam
1303 5209 1397 5248 eos
1432 5207 1679 5248 seorsum
1720 5196 1973 5248 reductos
2000 5206 2154 5246 com-

566 5286 764 5356 pingit.
795 5285 952 5343 Unde
988 5297 1114 5358 post
1140 5297 1417 5351 evocatos,
1448 5302 1571 5340 cum
1603 5286 1787 5340 verbis
1809 5285 2014 5339 frustra
2046 5295 2158 5338 ten-

577 5388 768 5447 tasset,
803 5381 856 5435 in
908 5396 1106 5435 teream
1156 5380 1485 5450 sartaginem
1515 5380 1679 5448 (pice,
1714 5380 1891 5448 adipe,
1937 5392 2002 5431 ac
2033 5390 2158 5431 cera

2263 5376 2427 5429 πάλιν
2455 5372 2857 5442 ἀπετύγχανεν,
2891 5372 2950 5423 ἐν
2980 5371 3166 5442 χαλκῷ
3194 5371 3420 5441 τηγάνῳ
3449 5367 3646 5433 πίσσης

564 5470 619 5526 in
657 5474 847 5528 eadem
906 5473 1067 5528 simul
1122 5473 1320 5537 ruistis,
1386 5471 1664 5541 multoque
1722 5474 1843 5541 igne
1897 5470 2153 5539 accenso)

2260 4642 2576 4713 μεταστᾶσα
2613 4638 2774 4710 (αὕτη
2805 4638 2864 4690 δέ
2888 4638 2983 4691 καὶ
3006 4639 3071 4707 τῇ
3107 4635 3365 4706 παρθένῳ
3397 4632 3524 4705 [217
3555 4630 3645 4728 ιι]
3678 4630 3812 4728 ἐχρη-

2260 4733 2458 4805 μάτιζε
2511 4730 2756 4802 πατρὶς)
2802 4728 2895 4781 τὸν
2947 4727 3182 4797 Χριστὸν
3234 4726 3512 4795 ἐκήρυσσε
3555 4724 3811 4789 λαμπρῶς.

2258 4825 2665 4896 Συλληφθέντες
2694 4823 2773 4886 δὲ,
2804 4823 2833 4873 ὁ
2860 4820 2962 4890 μὲν
2994 4820 3068 4890 μὴ
3100 4818 3427 4888 πειθόμενος
3454 4818 3564 4878 τοῖς
3592 4811 3682 4866 τοῦ
3709 4809 3811 4860 δυσ-

2261 4917 2547 4978 σεϐοῦντος
2576 4915 2758 4983 λόγοις
2800 4912 3077 4983 μετέωρος
3108 4910 3331 4979 δεσμοῖς
3362 4909 3579 4979 αἴρεται
3610 4904 3698 4959 καὶ
3733 4898 3813 4958 τὰς

2257 5006 2504 5076 πλευρὰς
2534 5005 2719 5069 ξύεται
2748 5004 2816 5070 ³³,
2843 5004 2876 5073 ἡ
2907 5002 2964 5055 δὲ
2996 5001 3308 5072 βουνεύροις
3332 5000 3619 5053 τύπτεται.
3665 4993 3742 5053 Ὠς
3766 4986 3812 5039 δὲ

2255 5099 2483 5169 οὐδεμία
2534 5097 2741 5159 ἔνδοσις
2788 5097 2847 5148 ἐν
2897 5095 3081 5156 αὐτοῖς
3137 5093 3244 5147 ὑπὸ
3294 5092 3392 5146 τοῦ
3458 5084 3814 5161 τυραννοῦντος

2254 5191 2523 5261 ἐνωρᾶτο,
2552 5189 2823 5257 φυλακαῖς
2857 5187 2955 5257 μὲν
2987 5187 3108 5239 τότε
3143 5185 3586 5256 κεχωρισμένους
3622 5174 3811 5272 καθειρ-

2259 5283 2449 5352 γνύει,
2484 5279 2602 5333 εἶτα
2649 5278 3166 5350 μετακαλεσάμενος
3190 5318 3204 5343 ,
3246 5278 3374 5330 ἐπεὶ
3419 5275 3598 5342 λόγοις
3636 5277 3813 5335 πειρων

2262 5376 2427 5404 mn...
2459 5372 2834 5404 a-.-.-.,,..-...,.
2892 5372 2950 5404 ξ..
2980 5371 3165 5404 ..κλωπ
3194 5371 3420 5404 ..-νέμω
3449 5367 3646 5404 ..νικητη-
3668 5360 3710 5391 9⁸
3738 5353 3816 5404 καὶ

3738 5370 3796 5407 κα

2267 5469 2492 5530 στέατος
2544 5466 2639 5519 καὶ
2678 5463 2852 5535 κηροῦ
2910 5463 3218 5534 βληθέντων
3261 5464 3360 5515 καὶ
3395 5459 3598 5527 πολλῆς
3645 5446 3813 5521 φλογὸς

1914 5626 2149 5683 ἾΑΠΙᾸΞ
2184 5625 2311 5680 LEC
2322 5624 2484 5680 ΤΙοΝ
2492 5622 2591 5677 ES.

637 5744 684 5775 ⁸⁸
734 5743 960 5812 σοφόνΑ
996 5764 1008 5801 :
1036 5746 1326 5813 φιλόσοφον
1354 5764 1412 5810 ς’.
1528 5747 1573 5778 ⁸⁷
1603 5746 1660 5800 δέ
1698 5747 1737 5799 Δ
1770 5766 1784 5800 :
1815 5745 1907 5799 καί
1942 5763 2000 5810 ς’.

2103 5743 2148 5776 ⁸⁸
2179 5752 2299 5812 post
2339 5740 2603 5812 ’ῐουστίνῃ
2659 5738 2847 5812 cum
2888 5739 3045 5812 omisi
3073 5735 3455 5812 ἀπεκρούσθη..
3482 5733 3538 5786 δέ
3563 5729 3603 5783 Α
3635 5742 3649 5779 :
3680 5720 3728 5775 τέ
3761 5732 3810 5780 ς·

563 5811 607 5845 ⁸³
641 5805 878 5886 ὑπήκοον
893 5820 955 5869 Δ.
1042 5805 1088 5851 δο
1117 5805 1383 5886 ἀθέμιστα
1416 5820 1479 5872 A.
1559 5819 1600 5849 ⁹¹
1629 5816 1806 5885 λόγοις
1838 5834 1895 5880 ς·-
1940 5805 1985 5849 9"
2018 5833 2078 5870 τε
2104 5805 2228 5869 θύα·
2264 5814 2326 5869 Α·
2388 5813 2434 5845 ⁸³
2468 5805 2642 5873 ξέετίάι
2682 5825 2721 5871 ἴ
2796 5809 2841 5840 ﬂ
2868 5810 3071 5879 πίσσης
3096 5812 3139 5864 Α
3174 5827 3187 5864 ε
3214 5805 3354 5879 μετὰ
3383 5805 3579 5873 πίσσης
3612 5813 3667 5861 ς’
