4022 6448
154 5482 225 5524 Li:

199 396 300 461 5-11

1191 407 1723 472 BIBLIOTHECA.
1752 437 1817 447 -
1838 412 2002 473 COD.
2030 413 2351 473 CLXXXV.

3380 411 3485 474 542

202 511 553 583 ἀναφθείσης
596 512 861 583 ἐμϐάλλει
894 513 1021 577 τοὺς
1054 514 1341 585 μάρτυρας
1388 518 1618 585 Κυρίου,
1676 521 1800 588 Ἐγ-

1917 532 2171 592 martyres
2201 521 2293 577 Dei
2328 522 2579 591 conjecit.
2615 522 2689 577 lbi
2738 539 2859 576 cum
2894 523 3111 577 athlctm
3160 523 3234 577 illi
3271 524 3485 580 fortiter

203 603 635 675 καρτερούντων
658 604 715 658 δὲ
738 604 846 657 τῶν
866 604 1116 677 ἀθλητῶν
1149 610 1215 679 τῇ
1248 608 1487 679 βασάνῳ,
1525 612 1725 681 μᾶλλον
1748 614 1795 666 δ’

206 698 279 761 ὡς
325 699 387 749 ὲν
430 698 617 768 δρόσῳ
658 698 899 767 φαιδρῶς
943 698 1077 752 Θεὸν
1128 701 1269 772 ὑπὲρ
1317 696 1393 756 ὧν
1421 704 1467 735 ³⁸
1510 704 1801 775 κρείσσους

203 790 409 845 ὀδυνῶν
438 791 688 857 ἐγίνοντο
713 789 1063 856 δοξαζόντων,
1101 792 1225 865 [420
1251 794 1344 866 R.]
1387 796 1701 862 Ἀθανάσιός
1718 816 1802 863 τις

202 879 392 943 ἄθλιος
443 879 724 948 δαιμόνων
784 880 964 949 ἱερεὺς
1021 882 1115 934 καὶ
1174 884 1265 936 τοῦ
1329 885 1477 937 θείου
1533 887 1801 960 πρότερον

206 973 459 1043 συνήθης
518 973 871 1043 Κπριανοῦ,
920 974 1172 1045 σύνεδρός
1214 992 1276 1029 τε
1299 977 1347 1009 ’⁸
1402 980 1658 1048 τηνικάδε
1706 978 1803 1033 τοῦ

206 1066 556 1131 κολάζοντος
602 1064 951 1137 χρηματίζων
977 1108 991 1132 ,
1046 1067 1277 1140 ἀπονοίᾳ
1321 1068 1549 1142 ληφθεὶς
1598 1072 1805 1141 ἐτόλμα

214 1158 446 1227 βαίνειν
480 1160 573 1213 ἐπὶ
598 1158 683 1211 τοῦ
712 1158 919 1229 πυρὸς,
946 1160 1073 1221 τοὺς
1110 1161 1343 1225 οἰκείους
1374 1162 1805 1231 ἐπικαλούμενος

98 1250 109 1253 ’
220 1249 393 1312 θεοὺς
420 1252 487 1310 ³⁷,
525 1248 835 1319 σμικρύνειν
871 1249 933 1302 τὸ
976 1250 1161 1320 θαῦμα
1186 1254 1245 1303 ὲν
1276 1252 1354 1323 τῷ
1399 1253 1522 1323 μηδ’
1553 1254 1715 1308 αὐτόν
1752 1273 1805 1308 τι

228 1341 433 1394 παθεῖν
472 1339 879 1408 διατεινόμενος.
921 1340 995 1392 Τὸ
1032 1340 1090 1393 δὲ
1136 1340 1299 1395 πλέον
1334 1341 1566 1411 ηὔξετο·
1609 1343 1808 1398 αὐτίκα

231 1435 346 1505 γὰρ
375 1425 523 1498 οὗτος
556 1431 727 1503 πυρὸς
747 1432 960 1502 δαπάνη
992 1432 1087 1485 καὶ⁹
1115 1432 1292 1504 τέφρα
1334 1435 1628 1493 ἐδείκνυτο.
1692 1436 1810 1500 Ἐξ-

231 1528 518 1596 απορήσας
545 1524 601 1576 δὲ
625 1525 654 1577 ό
682 1523 933 1588 κολάζων
950 1524 1304 1595 ἀναπέμπειν
1335 1526 1478 1594 έγνω
1497 1530 1624 1590 τοὺς
1666 1528 1806 1599 μάρ-

228 1633 398 1683 τυρας
428 1614 572 1684 πρὸς
609 1614 1016 1683 Διοκλητιανὸν,
1046 1615 1265 1684 γράψας
1298 1617 1391 1669 καὶ
1425 1616 1460 1670 ἆ
1484 1633 1545 1668 τε
1581 1616 1809 1670 πάθοιεν

224 1709 316 1761 καὶ
363 1708 441 1768 ὡς
488 1706 778 1772 κρείττους
830 1707 1024 1760 πασῶν
1057 1707 1103 1739 ’³
1151 1710 1259 1761 εἰσι
1312 1709 1582 1778 βασάνων.
1651 1709 1710 1762 '0
1752 1709 1810 1762 δὲ

220 1798 393 1851 ταῦτα
428 1800 490 1851 έν
521 1803 589 1870 τῇ
633 1800 983 1872 Νικομήδους
1012 1800 1263 1870 διαγνοὺς
1299 1802 1634 1872 προστάσσει
1672 1800 1812 1873 πρὸς

1899 615 1950 668 in
1985 614 2316 669 cruciatibus
2363 617 2741 684 perdurarent,
2767 629 2831 668 ac
2872 617 3049 683 potius
3078 615 3220 669 velut
3254 618 3305 670 in
3362 633 3486 671 rore

1900 708 2090 772 Deum,
2121 709 2263 774 quod
2322 707 2609 763 tormentis
2662 709 2969 777 superiores
3019 710 3344 776 evasissent,
3378 711 3484 765 laeti

1900 800 2209 863 laudarent,
2238 800 2569 855 Athanasius
2593 799 2816 869 quidam
2854 803 3042 865 miser,
3061 802 3363 856 dmumnum
3395 819 3489 858 sa-

1900 893 2277 956 cerdos,beato
2295 894 2727 962 Cypriauoantea
2752 893 3149 961 perfamiliaris,
3170 904 3222 948 et
3245 910 3491 950 assessor

1905 995 2017 1039 tum
2049 984 2405 1053 fortejudicis
2436 996 2702 1041 tormenta
2730 985 3032 1047 inferentis,
3078 986 3274 1040 mentis
3323 987 3485 1041 caeci-

1905 1086 2014 1132 tate
2032 1087 2334 1146 correptus,
2360 1093 2525 1132 ausus
2548 1087 2651 1143 est,
2683 1079 2812 1134 deos
2848 1093 2973 1133 suos
3006 1079 3303 1132 familiares
3340 1080 3491 1132 invo-

1904 1169 2129 1232 cans,in
2164 1169 2348 1240 ignem
2384 1184 2599 1237 quoque
2634 1170 2869 1239 ingredi,
2895 1172 2990 1225 sed
3016 1172 3140 1224 dum
3171 1170 3490 1224 miraculum

1905 1272 2204 1317 extenuare
2236 1262 2448 1326 nititur,
2472 1264 2517 1316 si
2546 1272 2600 1317 et
2634 1263 2747 1331 ipse
2781 1263 2899 1317 sine
2932 1278 3073 1317 noxa
3112 1262 3306 1317 ibidem
3357 1278 3492 1330 per-

1908 1354 2150 1419 duraret,
2198 1354 2369 1423 magis
2394 1353 2522 1407 illud
2555 1355 2724 1409 auxit.
2759 1354 3057 1409 Confestim
3093 1354 3236 1408 enim
3285 1353 3493 1422 abigne

1908 1449 2231 1515 absumptus
2280 1448 2331 1500 in
2367 1446 2603 1501 cinerem
2658 1462 2848 1501 versus
2896 1458 2997 1501 est.
3054 1445 3316 1500 Haasitans
3363 1460 3494 1515 ergo

1905 1538 2091 1608 judex,
2126 1540 2369 1593 decrevit
2409 1547 2677 1610 martyres
2712 1540 2779 1593 ad
2824 1538 3217 1593 Diocletianum
3254 1537 3491 1599 mittere,

1911 1640 1961 1685 ct
1979 1632 2044 1683 ad
2061 1646 2207 1695 eum,
2230 1642 2339 1684 tum
2364 1647 2480 1697 quae
2500 1631 2845 1701 pertulissent
2863 1640 3151 1694 tormenta,
3174 1638 3285 1683 tum
3305 1645 3497 1698 quemo

1911 1724 2201 1778 admodum
2240 1725 2416 1792 ptenis
2460 1733 2642 1778 essent
2692 1725 2942 1777 omnibus
2986 1724 3327 1793 superiores,
3370 1737 3494 1793 per-

1913 1814 2173 1867 scribere.
2205 1812 2335 1879 Quaz
2362 1829 2483 1866 cum
2521 1814 2817 1884 imperator
2842 1812 3171 1868 Nicomedia:
3202 1814 3495 1868 intellexis-

217 1892 295 1961 τῷ
330 1893 741 1964 παρακειμένῳ
774 1897 840 1964 τῇ
876 1895 1028 1947 πόλει
1065 1895 1296 1967 ποταμῷ
1332 1896 1350 1966 (
1376 1896 1576 1959 Γάλλος
1603 1896 1648 1948 δ’
1683 1895 1813 1949 ὠνό-

1917 1912 2020 1969 set,
2047 1906 2305 1973 praecepit
2340 1915 2612 1977 martyres
2668 1907 2735 1961 ad
2791 1906 3032 1960 vicinum
3089 1905 3211 1959 urbi
3270 1904 3493 1971 (lumen,

220 1984 441 2052 μαστο)
484 1983 589 2044 τάς
625 1983 873 2051 κεφαλὰς
914 1986 1040 2048 τοὺς
1076 1985 1359 2055 μάρτυρας
1398 1986 1804 2057 ἀποτμηθῆναι.

216 2075 323 2127 Σὺν
376 2067 463 2137 οἷς
520 2074 617 2127 καὶ
671 2074 990 2139 Θεόκτιστος
1050 2076 1301 2147 αὑθωρὸν
1356 2075 1511 2145 ὤφθη
1573 2078 1804 2146 μάρτυς,

219 2166 450 2235 ἔλεγχον
496 2164 677 2235 εὑρὼν
726 2166 827 2235 τῆς
880 2166 1165 2231 εὐσεϐείας
1202 2168 1263 2220 τὸ
1321 2168 1807 2239 προσφθέγξασθαι

215 2257 296 2327 τῷ
332 2258 584 2329 μάρτυρι
615 2258 842 2327 Κυρίου.
875 2259 956 2311 Τά
981 2258 1038 2311 δὲ
1068 2260 1295 2329 λείψανα
1332 2261 1441 2313 τῶν
1470 2260 1643 2325 ἁγίων
1671 2260 1807 2313 ναῦ-

220 2349 310 2402 ταί
339 2366 493 2412 τινες
537 2350 647 2403 ἀπὸ
690 2349 911 2421 Ῥώμης
951 2351 1414 2421 ἐπιδεδήμηκότες
1444 2353 1592 2423 ἄρτι,
1625 2346 1701 2407 ὧν
1737 2348 1809 2423 ἦν

225 2444 443 2512 ἑταῖρος
468 2443 566 2495 κει)¹
588 2444 616 2495 ὁ
642 2442 849 2512 μάρτυς
870 2441 1215 2509 Θεόκτιστος,
1240 2438 1387 2498 οὗτοι
1408 2443 1663 2510 λαθόντες
1684 2448 1809 2511 τοὺς

224 2535 478 2603 φύλακας
506 2534 782 2588 ἀνείλοντο
817 2534 914 2586 καὶ
954 2534 1036 2597 είς
1087 2533 1307 2607 Ῥώμην
1342 2537 1725 2607 ἀπεκόμισαν,
1751 2540 1810 2592 ὲν

222 2622 258 2699 ᾖ
290 2627 390 2680 καὶ
420 2624 551 2687 ναὸς
578 2626 761 2688 αὐτοῖς
788 2626 1151 2697 περικαλλὴς,
1180 2628 1415 2696 ὲγγίζων
1441 2630 1518 2700 τῷ
1545 2630 1810 2683 Κλαυδίου

221 2720 401 2789 φόρῳ,
440 2717 716 2789 ἀνηγέρθη
741 2758 756 2781 ,
787 2717 949 2788 ἔργον
989 2718 1275 2791 Ῥουφίνης
1305 2722 1715 2795 εὐσεϐόφρονος,
1742 2718 1814 2795 ἧς

219 2815 287 2867 τὸ
314 2814 478 2879 γένος
506 2814 587 2873 εἰς
614 2812 672 2864 τὸ
706 2811 976 2867 Κλαυδίου
1005 2812 1274 2873 διέϐαινεν
1306 2810 1465 2887 αἷμα.
1497 2817 1684 2873 Ταῦτα
1719 2821 1815 2874 καὶ

218 2910 251 2962 ὁ
273 2910 321 2941 θ’
348 2906 541 2977 τρίτος
572 2905 752 2975 λόγος.

941 3000 1107 3057 ΡΘΕ’.

292 3093 625 3148 Διονυσίου
648 3094 872 3163 Αίτέως
901 3095 1248 3150 Δικτυακῶν
1296 3095 1594 3165 κεφάλαια
1606 3105 1684 3167 ρ’.

327 3185 675 3251 ’Δνεγνώσθη
715 3187 731 3217 ί
825 3187 1155 3257 βιϐλιδάριον
1224 3190 1501 3243 Διονυσίου
1569 3191 1816 3261 Λίγέως,

218 3278 577 3332 Δικτυακῶν
604 3279 919 3350 ἐπιγραφὴν
949 3280 1091 3350 ἕχον,
1129 3282 1186 3334 ὲν
1222 3276 1266 3349 ᾧ
1296 3282 1569 3349 κεφάλαια
1602 3286 1814 3356 περιεί-

218 3370 403 3439 ληπτο
431 3371 526 3423 τὸν
560 3372 797 3443 ἀριθμὸν
843 3379 908 3442 ρ’.
943 3375 1170 3441 Πρῶτον
1207 3377 1288 3428 ὃτι
1334 3377 1392 3443 ἐξ
1420 3376 1748 3449 ἀμφοτέρων
1779 3381 1813 3450 ἡ

219 3463 315 3516 τοῦ
351 3464 677 3535 σπέρματος
710 3466 987 3536 καταϐολὴ
1014 3468 1106 3520 καὶ
1135 3466 1419 3536 ζωογονία,
1450 3470 1705 3542 δεύτερον
1734 3474 1817 3526 ὅτι

221 3556 323 3608 οὐκ
348 3554 417 3619 ὲξ
442 3555 798 3627 ἀμφοτέρων·
827 3558 1011 3628 τρίτον
1038 3560 1121 3611 ὅτι
1150 3560 1245 3628 ἀφ’
1274 3560 1397 3613 ὅλου
1426 3562 1519 3614 τοῦ
1567 3560 1817 3632 σώματος

218 3650 253 3718 ἠ
279 3648 379 3702 τοῦ
421 3649 740 3719 σπέρματος
765 3649 1015 3722 ἔκκρισις
1042 3651 1275 3719 γίνεται,
1316 3652 1575 3722 τέταρτον
1606 3654 1689 3706 ὅτι
1717 3652 1819 3706 οὐκ

217 3741 313 3808 ἀφ’
360 3740 515 3804 ὅλου,
571 3740 688 3794 ἀλλ’
735 3741 846 3795 ἀπὸ
892 3741 1003 3795 τῶν
1055 3742 1314 3813 διδύμων·
1344 3741 1385 3795 ε’
1438 3745 1521 3797 ὅτι
1567 3745 1600 3814 ή
1653 3745 1819 3815 πέψις

226 3832 507 3905 θερμασίᾳ
550 3833 784 3900 γίνεται,
826 3840 880 3899 ς’
923 3836 1006 3888 ὅτι
1058 3838 1198 3889 καὶ²
1230 3838 1263 3905 ἡ
1312 3836 1478 3905 πέψις
1518 3836 1579 3888 οὐ
1610 3837 1821 3905 γίνεται

232 3924 529 3996 θερμασίᾳ·
554 3922 598 3988 ζ’
627 3926 709 3978 ὅτι
738 3926 921 3996 τρίψει
947 3928 989 3998 ὴ.
1014 3927 1201 3995 πέψις,
1227 3926 1278 3997 η’
1309 3928 1404 3981 καὶ
1432 3928 1513 3982 ὅτι
1547 3929 1608 3982 οὐ
1638 3929 1820 4000 τρίψει

228 4015 263 4085 ἡ
290 4015 469 4083 πέψις·
505 4013 552 4067 θ’
582 4016 666 4070 ὅτι
696 4017 917 4087 ἰδιότητι
939 4019 1254 4088 πνεύματος
1283 4020 1316 4089 ἡ
1345 4019 1532 4089 πέψις,
1563 4028 1593 4073 ι’
1621 4023 1714 4073 καὶ
1739 4022 1823 4076 ὅτι

216 4104 323 4159 οὐκ
348 4106 584 4177 ἰδιότητι
610 4109 926 4177 πνεύματος
959 4112 993 4179 ὴ
1032 4111 1220 4180 πέψις·
1258 4118 1325 4164 ια’
1353 4112 1437 4165 ὅτι
1465 4114 1627 4182 σήψει
1653 4115 1685 4183 ἡ
1726 4114 1825 4167 πέο

214 4198 337 4267 ψις,
378 4198 450 4270 ιβ’
479 4200 577 4253 καὶ
610 4201 693 4254 ὅτι
723 4203 785 4256 οὐ
816 4202 980 4273 σήψει
1007 4204 1040 4273 ὴ
1078 4204 1270 4274 πέψις·
1303 4210 1371 4273 ιγ’
1404 4206 1489 4258 ὄτι
1520 4207 1825 4277 θερμασίας

218 4294 458 4363 ἰδιότητι
490 4296 527 4361 ἡ
556 4294 738 4363 πέψις,
773 4296 834 4349 ιδ’
862 4295 957 4350 καὶ
987 4297 1070 4350 ὅτι
1101 4298 1161 4349 οὐ
1187 4298 1381 4368 χυμῶν
1415 4298 1638 4369 ἰδιότητι
1669 4301 1700 4368 ἡ
1728 4299 1827 4352 πέ-

212 4385 333 4453 ψις·
380 4391 445 4437 ιε’
476 4385 563 4438 ὅτι
601 4385 848 4456 διαφέρει
877 4387 939 4440 τὸ
970 4388 1174 4459 θερμὸν
1215 4389 1489 4460 ποιότητι,
1532 4397 1607 4456 ις’
1634 4391 1717 4444 ότι
1761 4391 1824 4445 οὐ

216 4474 476 4545 διαφέρει
526 4476 588 4529 τὸ
632 4478 835 4548 θερμὸν
884 4480 1175 4549 ποιότητι·
1226 4481 1292 4545 ιζ’
1331 4483 1413 4535 ὃτι
1469 4481 1744 4553 θερμασίᾳ
1790 4485 1826 4554 ἡ

1910 1999 1996 2051 cui
2029 1995 2220 2067 129b
2272 1996 2425 2052 Gallo
2452 2014 2669 2063 nomen,
2708 1999 2883 2068 capite
2932 1998 3194 2052 truncari.
3221 1998 3354 2053 Cum
3386 1997 3495 2061 his,

1907 2100 1965 2144 et
2017 2092 2205 2145 eadem
2238 2091 2351 2157 ipsa
2387 2091 2519 2144 hora
2554 2089 2900 2144 Theoctistus
2940 2089 3053 2159 (45)
3088 2089 3332 2160 martyrii
3382 2088 3497 2157 pal-

1913 2198 2056 2235 mam
2086 2182 2315 2250 accepit,
2369 2182 2585 2249 pietatis
2616 2197 2726 2236 sum
2783 2183 2885 2236 hoc
2940 2182 3060 2237 solo
3098 2182 3224 2235 dato
3277 2180 3497 2244 indicio,

1915 2274 2057 2343 quod
2085 2283 2384 2343 martyrem
2403 2273 2613 2327 Christi
2643 2272 2952 2327 salutasset.
2972 2271 3250 2341 Reliquias
3270 2271 3497 2323 istorum

1913 2374 2228 2421 sanctorum
2271 2374 2446 2417 nauta:
2485 2363 2703 2432 quidam
2754 2363 2923 2417 Roma
2968 2378 3034 2418 eo
3103 2378 3274 2432 nuper
3309 2362 3497 2418 delatis

1913 2456 2111 2527 quibus
2131 2466 2186 2510 et
2218 2454 2563 2510 Theoctistus
2616 2464 2825 2524 martyr
2854 2469 2984 2509 usus
3031 2451 3211 2508 fuerat
3267 2453 3501 2507 familia-

1915 2550 2076 2613 riter,
2111 2548 2251 2602 clam
2292 2546 2610 2602 custodibus
2639 2545 3004 2611 abstulerunt,
3042 2543 3381 2613 Romamque
3409 2558 3503 2599 ve-

1914 2646 2133 2700 xerunt,
2206 2637 2295 2691 ubi
2327 2647 2382 2690 et
2438 2635 2725 2706 pulchrum
2775 2634 2907 2703 ipsis
2967 2633 3226 2703 templum
3281 2633 3497 2687 Claudii

1918 2729 2038 2785 foro
2082 2729 2395 2799 proximum
2435 2729 2754 2794 excitatum,
2803 2742 2969 2796 opera
3006 2724 3212 2779 Ruﬁnae
3250 2726 3350 2794 piae
3389 2740 3501 2777 ma-

1923 2832 2114 2884 tronae,
2153 2836 2272 2891 qua:
2304 2824 2522 2892 generis
2557 2822 2781 2890 stirpem
2815 2835 2847 2873 a
2897 2818 3123 2873 Claudio
3173 2819 3503 2889 imperatore

1920 2916 2220 2984 repetebat.
2260 2914 2326 2967 Et
2363 2913 2477 2967 haec
2514 2914 2734 2981 quidem
2774 2913 2913 2965 lihro
2940 2912 3119 2965 tertio.

2553 3002 2864 3061 CLXXXV.

2345 3096 2593 3166 Dionysii
2610 3095 2769 3166 ιε’ρεὶ
2801 3095 3079 3166 Dictyaca.

1992 3187 2121 3259 Legi
2152 3187 2350 3242 bellum
2388 3188 2627 3257 Dionysii
2670 3186 2850 3255 IEgei,
2923 3188 3009 3241 cui
3049 3186 3307 3255 Diclyaca
3361 3186 3508 3241 titu-

1922 3280 2007 3336 lus
2037 3290 2141 3343 est,
2170 3282 2344 3348 capita
2376 3280 2485 3350 (44)
2520 3290 2736 3334 centum
2780 3280 3359 3347 comprehendentem.
3384 3279 3506 3332 Pri-

1918 3390 2068 3428 mutu
2098 3382 2183 3429 est
2221 3374 2295 3429 ab
2324 3378 2557 3442 utroque
2591 3382 2818 3442 parente
2861 3387 3047 3427 semen
3102 3373 3300 3436 emitti,
3334 3373 3509 3442 gigni-

1916 3484 2023 3540 que
2052 3470 2272 3523 animal.
2301 3469 2358 3527 2.
2396 3466 2727 3534 Secundum,
2775 3467 2827 3521 id
2860 3482 2969 3521 non
3008 3468 3074 3520 ab
3108 3475 3338 3534 utroque
3364 3466 3504 3520 ﬁeri.

1918 3563 1972 3616 5.
2025 3562 2065 3616 E
2123 3573 2235 3616 toto
2283 3576 2512 3631 corpore
2572 3560 2798 3615 seminis
2856 3559 2972 3613 ﬁeri
3022 3559 3409 3613 exeretionem.
3454 3558 3509 3611 4·

1920 3653 2037 3709 Non
2071 3669 2102 3710 e
2146 3662 2261 3708 toto
2293 3669 2545 3724 corpore,
2588 3653 2680 3707 sed
2719 3667 2750 3706 e
2797 3650 3050 3707 testibus.
3092 3652 3145 3705 5.
3182 3648 3508 3704 Concoctio-

1922 3764 2049 3803 nem
2092 3762 2189 3818 per
2230 3747 2468 3802 calorem
2524 3747 2664 3803 lieri.
2699 3746 2752 3801 6.
2800 3744 3223 3799 Concoctionem
3255 3758 3361 3797 non
3394 3742 3510 3797 ﬁeri

1923 3855 2020 3910 per
2038 3840 2299 3896 calorem.
2333 3840 2387 3893 7.
2421 3839 2522 3894 Per
2549 3840 2794 3893 attritum
2834 3839 2950 3892 sive
2991 3836 3361 3891 subactionem
3393 3833 3514 3906 [ali-

1925 3933 2119 4007 menti]
2154 3933 2562 3988 concoctionem
2594 3932 2732 3986 ﬁeri.
2767 3931 2823 3986 8.
2881 3929 2997 3984 Non
3035 3929 3172 3983 ﬁeri.
3205 3929 3259 3985 9.
3287 3927 3513 3997 Proprio

1925 4027 2149 4094 spiritus
2196 4024 2429 4097 [calore]
2461 4025 2750 4080 concoctio
2820 4027 2899 4079 ﬁt.
2952 4024 3042 4078 10.
3090 4025 3148 4077 1d
3209 4034 3385 4091 negat.
3422 4022 3512 4075 11.

1927 4118 2336 4174 Putrefactione
2390 4119 2809 4174 concoctionem
2870 4118 3012 4172 ﬁeri.
3063 4115 3150 4169 12.
3185 4114 3354 4184 Negat
3389 4115 3513 4168 hoc.

1927 4212 2017 4265 15.
2052 4211 2264 4265 Caloris
2324 4211 2439 4281 (45)
2506 4210 2841 4280 proprietate
2896 4207 3305 4263 concoctionem
3370 4219 3513 4260 esse.

1927 4300 2017 4354 14.
2051 4298 2168 4354 Non
2206 4315 2495 4354 succorum
2532 4302 2870 4368 proprietate
2896 4296 3306 4352 concoctionem
3373 4294 3513 4347 ﬁeri.

1929 4395 2019 4450 15.
2040 4394 2287 4450 Calorem
2315 4394 2560 4448 nativum
2617 4393 2682 4446 ad
2743 4391 3063 4462 qualitatem
3091 4390 3385 4459 pertinere.
3424 4386 3512 4441 16.

1929 4488 2176 4543 Calorem
2207 4488 2356 4541 illum
2391 4488 2459 4540 ad
2485 4487 2625 4541 hanc
2689 4500 2793 4539 non
2850 4485 3147 4553 pertinere.
3180 4480 3267 4533 17.
3302 4480 3405 4533 Per
3429 4494 3519 4533 ca-
3618 4512 3624 4517 ς

218 4568 508 4631 ἀνάδοσις,
550 4576 620 4638 ιη’
649 4572 743 4624 καὶ
775 4572 858 4624 ὅτι
884 4572 946 4625 οὺ
977 4573 1276 4644 θερμασίᾳ·
1305 4574 1369 4628 ιθ¹
1395 4575 1479 4629 ὅτι
1510 4577 1543 4647 ή
1575 4577 1813 4642 ἀνάδοσις

1933 4583 2107 4637 lorem
2154 4582 2269 4635 fieri
2336 4580 2583 4635 ciborqu
2612 4579 3003 4647 digestiouem.
3033 4573 3120 4628 18.
3149 4573 3295 4628 ldem
3332 4581 3513 4641 negat.

222 4658 285 4712 τὸ
311 4660 419 4731 τὴν
452 4659 759 4730 θερμασίαν
789 4660 916 4732 [218
944 4661 1039 4735 Η.]
1072 4665 1157 4732 ἐφ’
1191 4665 1391 4734 ἑαυτὴν
1424 4664 1626 4727 ἕλκειν,
1659 4664 1707 4720 κ’
1732 4668 1813 4719 κα)

1936 4672 2026 4727 19.
2056 4672 2423 4741 Digestionem
2464 4686 2529 4724 ex
2570 4685 2634 4723 eo
2670 4669 2783 4723 lieri
2816 4667 2953 4738 (46),
2994 4666 3139 4736 quod
3172 4663 3323 4719 calor
3350 4662 3417 4715 ad
3459 4676 3519 4716 se

225 4751 312 4803 ὅτι
350 4752 456 4803 οὐκ
491 4752 784 4822 ἐφέλκεται
826 4754 886 4807 τὸ
931 4755 1156 4824 θερμόν·
1196 4754 1282 4809 κα¹
1313 4757 1396 4810 ὅτι
1434 4757 1515 4826 τῷ
1552 4758 1824 4828 πνεύματι

219 4844 256 4912 ὴ
283 4843 574 4905 ἀνάδοσις,
614 4844 698 4913 κβ¹
734 4845 830 4898 καὶ
864 4846 946 4898 ὃτι
975 4846 1035 4898 οὑ
1065 4845 1147 4916 τῷ
1182 4846 1456 4918 πνεύματι
1486 4850 1519 4918 ἡ
1551 4849 1821 4911 ἀνάδοσις·

220 4944 311 5003 κγ’
334 4939 425 4990 ὅτι
453 4939 522 5007 τῇ
552 4937 665 4991 τῶν
694 4938 980 5009 ἀρτηριῶν
1022 4940 1327 5011 παραθέσει
1361 4942 1394 5009 ή
1425 4941 1697 5007 ἀνάδοσις,
1744 4942 1823 4995 κδ’

222 5031 320 5083 καὶ
349 5030 439 5083 ὅτι
470 5031 532 5083 οὺ
560 5034 629 5103 τῇ
664 5031 773 5085 τῶν
804 5033 1084 5105 ἀρτηριῶν
1139 5032 1442 5104 παραθέσει
1471 5036 1504 5103 ἡ
1539 5034 1819 5095 ἀνάδοσις·

1937 4766 2137 4818 trahat.
2175 4764 2269 4820 20.
2295 4762 2411 4817 Non
2435 4763 2715 4816 attrahere
2744 4761 3012 4815 calorem.
3044 4758 3135 4811 21.
3169 4756 3373 4826 Spiritu
3403 4754 3518 4809 ﬁeri

1932 4857 2320 4926 digestiouem.
2350 4852 2443 4907 22.
2492 4855 2640 4908 Idem
2703 4860 2882 4923 negat.
2912 4852 3003 4905 25.
3033 4851 3371 4904 Arteriarum
3424 4862 3519 4913 ap-

1930 4947 2222 5017 plicatione
2254 4948 2614 5017 digestionem
2650 4945 2788 4999 ﬁeri.
2812 4946 2903 4999 24.
2940 4943 2997 4997 Id
3038 4955 3217 5011 negat.
3249 4941 3339 4995 25.
3368 4940 3523 5006 Quod

1935 5054 2031 5108 per
2064 5040 2355 5105 defectum,
2394 5041 2482 5109 qui
2514 5056 2636 5093 cum
2677 5038 2955 5093 vacuitate
2987 5046 3090 5103 est,
3118 5034 3346 5103 digestio
3404 5033 3515 5097 liat.

1565 5147 1807 5204 VARUE
1847 5150 2149 5208 LECTION
2154 5152 2255 5207 ES.

296 5243 346 5275 ⁸⁸
381 5237 460 5299 ὧν
492 5243 574 5299 At
610 5235 672 5299 οὗ
708 5262 769 5308 ς.
842 5245 891 5278 ⁹⁶
918 5242 1000 5314 τε]

1050 5243 1231 5298 malim
1265 5244 1344 5298 δέ.
1421 5244 1466 5276 ’⁷
1507 5244 1664 5310 θεούς
1692 5248 1736 5302 Α
1768 5266 1781 5277 ·
1812 5247 1969 5314 θεοὺς
2002 5250 2095 5303 καί
2133 5268 2195 5314 ς.

2279 5251 2326 5281 ³⁸
2356 5248 2573 5319 πασῶν]
2596 5249 2852 5301 ἁπάντων
3019 5246 3065 5278 ’θ
3103 5242 3284 5319 dadd.
3364 5242 3381 5272 ¹
3400 5240 3522 5319 Ἀντ

232 5315 487 5398 εγικὶισθη
517 5346 589 5357 -
626 5315 797 5377 1501),
843 5315 934 5370 25.
984 5313 1277 5370 ἀνεύθυνον
1307 5330 1419 5371 om.
1465 5315 1530 5370 A.
1556 5320 1753 5388 quippe
1819 5313 1960 5389 quas
1985 5313 2316 5390 infrai(cod.
2350 5320 2477 5391 211)
2516 5313 2820 5375 recurrant.
2900 5317 3024 5371 ’ὅτι
3054 5314 3174 5386 καί]
3224 5313 3390 5367 immo
3428 5313 3524 5365 καὶ

230 5403 336 5439 οτι.

300 5571 416 5643 (45,
455 5571 622 5641 Cujus
655 5585 834 5640 neque
873 5569 933 5643 in
967 5571 1145 5643 Roma
1178 5570 1463 5643 Martyrol.
1498 5578 1592 5624 aut
1643 5570 1828 5627 Gra’co

228 5641 501 5709 Ménolog.
532 5658 707 5707 neque
740 5644 879 5709 apud
921 5642 979 5696 D.
1017 5641 1277 5695 Nazianz.
1312 5642 1420 5693 ulla
1466 5645 1690 5698 mentio.
1722 5644 1830 5698 Eu-

228 5715 445 5767 dociatu
480 5722 659 5766 tamen
701 5723 921 5766 secutus
942 5723 1025 5766 est
1064 5712 1203 5765 Sim.
1226 5711 1579 5779 Metaphrast.

299 5779 633 5851 (“)0mnia
663 5784 776 5836 haec
798 5785 973 5852 capita
1005 5782 1225 5835 totidem
1248 5776 1383 5852 pene
1405 5781 1607 5844 verbis,
1641 5776 1821 5852 addita

233 5847 506 5909 duntaxat
578 5868 807 5911 censura
866 5847 1263 5913 'brevissimaf
1310 5860 1627 5922 repetuntur
1690 5847 1819 5901 iuir.

1765 5479 2003 5536 NOTAE.

1937 5574 2276 5716 co((1.5)2Ci).d.
2308 5646 2435 5703 211.
2461 5645 2558 5699 inl'.
2600 5646 2889 5714 utriusque
2920 5642 3111 5696 horum
3155 5639 3392 5709 capitqu
3419 5640 3519 5694 ad-

1939 5729 2098 5771 versa
2142 5718 2439 5785 disputatio
2470 5717 2761 5770 indicatur.

2006 5786 2119 5857 (16)
2152 5782 2239 5842 Ex'
2266 5788 2381 5844 cod.
2417 5787 2544 5852 211,
2568 5787 2687 5856 lego
2717 5786 2802 5840 hic
2831 5784 2978 5852 τῷ...
3006 5782 3205 5836 ἕλκειν.
