4022 6472
229 365 347 427 5ἰὸ

1288 364 1817 424 BIBLIOTIIECA.
1849 388 1919 397 —
1945 364 2106 423 COD.
2130 365 2484 425 CLXXXVI.

3414 370 3516 434 hib'

224 480 320 532 διὰ
358 479 472 530 τῶν
509 477 723 547 νεύρων
759 478 1011 549 αἴσθησις
1066 481 1161 534 καὶ
1210 480 1427 550 κίνησις
1470 479 1829 540 ἐπιτελεῖται,

1940 481 2210 550 meuinga.
2238 482 2327 536 89.
2353 482 2525 550 Negat
2549 482 2670 535 hoc.
2703 481 2791 535 90.
2824 482 3162 536 Arteriarum
3191 483 3515 553 principium

227 579 326 624 πι¹
350 572 446 623 καὶ
469 572 557 624 ὅτι
587 571 651 624 οὐ
684 571 774 623 διὰ
795 571 903 623 τῶν
928 572 1136 641 νεύρων
1157 574 1190 642 ἡ
1217 573 1471 644 αἴσθησις
1502 572 1594 624 κα)⁸
1619 572 1831 640 κίνησις

230 664 601 718 ἐπιτελεῖταιο
636 662 730 733 πβ¹
754 666 833 716 ὅτι
858 665 1001 734 ἁρχὴ
1035 665 1244 732 φλεϐῶν
1290 666 1324 735 ἠ
1364 662 1581 733 καρδία,
1621 668 1711 731 πγ¹
1736 663 1830 714 καὶ

226 756 315 809 ὃτι
344 758 450 808 οὐκ
490 756 642 827 ἁρχὴ
682 756 895 826 φλεϐῶν
938 758 971 827 ἡ
1014 758 1230 827 καρδίαο
1261 756 1345 809 πεδ’
1392 758 1474 809 ὅτι
1503 751 1657 826 ἧπαρ
1684 756 1829 825 ἁρχὴ

228 850 478 917 φλεϐῶν,
514 848 598 902 πε’
627 851 723 902 καὶ
750 851 834 903 ὅτι
863 849 960 919 οὐχ
992 845 1145 921 ἧπαρ
1176 851 1321 921 ἀρχὴ
1352 848 1587 919 φλεϐῶν·
1625 855 1720 912 πς⁹
1746 848 1828 901 ὅτι

228 939 427 991 κοιλία
460 940 684 1008 φλεϐῶν
710 940 854 1009 ἁρχὴ
874 981 890 1003 ,
917 939 1006 1005 σις’
1034 942 1126 993 καὶ
1148 942 1231 993 ὅτι
1260 942 1362 993 οὐκ
1387 940 1531 1011 ἁρχὴ
1557 938 1769 1009 φλεϐῶν
1795 939 1828 1007 ή

231 1031 450 1084 κοιλία·
493 1041 587 1101 mf
633 1033 711 1084 ὅτι
758 1034 977 1085 πάντων
1016 1033 1126 1086 τῶν
1159 1033 1396 1101 ἀγγείων
1430 1033 1572 1102 ἀρχὴ
1611 1029 1831 1103 μῆνῑγξ,

235 1126 338 1177 πθ’
374 1127 482 1179 καὶ
513 1127 596 1179 ὅτι
622 1128 711 1178 οὒκ
734 1124 881 1196 ἀρχὴ
915 1126 1132 1179 πάντων
1156 1127 1264 1180 τῶν
1289 1126 1525 1195 ἀγγείων
1554 1127 1587 1194 ἠ
1616 1122 1832 1195 μῆνιγξ“

242 1220 301 1285 ις’
329 1219 427 1271 ὅτι
454 1220 697 1288 πνεύμων
719 1217 999 1288 ἀρτηριῶν
1025 1218 1188 1290 ἀρχὴ,
1214 1223 1300 1286 ιμ’
1327 1218 1423 1271 καὶ
1443 1219 1525 1270 ὅτι
1553 1218 1654 1269 οὐκ
1689 1216 1837 1267 ἐστιν

251 1311 549 1381 ἀρτηριῶν
574 1314 598 1363 ὁ
625 1310 877 1379 πνεύμων
909 1313 1049 1381 ἀρχή
1076 1326 1090 1341 ⁸
1130 1311 1217 1380 νβ’
1249 1313 1330 1363 ὅτι
1361 1312 1396 1380 ή
1425 1310 1576 1377 παρὰ
1603 1308 1703 1377 τὴν
1734 1307 1832 1377 ρά-

256 1419 353 1469 χιν
373 1404 603 1473 ἀρτηρία
626 1403 904 1474 ἀρτηριῶν
935 1404 1100 1474 ἁρχὴ,
1128 1403 1216 1472 ια’
1237 1403 1332 1456 καὶ
1352 1403 1434 1455 ὅτι
1458 1402 1556 1470 οὐχ
1579 1402 1613 1470 ἡ
1640 1400 1792 1469 παρὰ
1811 1400 1835 1430 ⁸

256 1493 362 1562 τὴν
394 1496 551 1564 ῥάχιν
588 1496 823 1566 ἀρτηρία
878 1495 1159 1566 ἀρτηριῶν
1196 1496 1362 1566 ἀρχή*
1405 1494 1483 1560 ἱπδ⁹
1512 1494 1593 1545 ὅτι
1636 1491 1835 1561 καρδία

1936 585 2060 625 esse
2115 572 2448 640 pulmonem.
2501 574 2591 628 9i.
2630 573 2876 644 Sequens
2927 591 3051 628 mox
3094 584 3255 644 caput
3299 578 3351 629 id
3394 577 3518 629 inii-

1932 662 2131 715 ciatur.
2160 663 2249 717 92.
2283 664 2554 719 Arteriam
2589 666 2761 729 illam,
2786 680 2907 734 qua;
2937 666 3089 734 juxta
3125 666 3271 721 dorsi
3305 667 3517 734 spinam

1933 761 2036 815 est,
2067 756 2391 807 arteriarum
2426 769 2548 809 esse
2580 755 2868 826 originem.
2903 756 2992 810 95.
3026 755 3223 810 Statim
3274 756 3324 809 id
3353 755 3520 810 refel-

1933 844 2015 901 lit.
2042 844 2132 900 94.
2154 845 2261 901 Cor
2278 847 2603 901 arteriarum
2626 863 2745 902 esse
2763 849 3109 918 principium.
3138 850 3226 905 95.
3252 850 3306 902 ld
3337 858 3516 919 negat.

1936 936 2023 991 96.
2056 936 2169 991 Non
2201 954 2297 993 cor
2324 953 2443 994 esse
2486 940 2812 1010 principium
2872 956 3184 1007 nervorum,
3230 941 3323 993 sed
3352 954 3520 991 mem-

1942 1030 2249 1096 branulam,
2296 1045 2403 1101 qua
2454 1033 2738 1086 cerebrum
2773 1034 3101 1087 continetur.
3129 1032 3219 1087 97.
3245 1031 3519 1085 Membra-

1944 1123 2126 1175 nulam
2156 1123 2303 1178 illam
2340 1140 2446 1179 non
2498 1138 2618 1179 esse
2667 1126 2991 1195 principium
3057 1139 3370 1178 nervorum.
3423 1123 3516 1177 98.

1936 1208 2053 1263 Non
2078 1212 2128 1263 in
2149 1215 2331 1276 corde,
2366 1214 2460 1268 sed
2493 1214 2672 1283 capite
2697 1213 3025 1281 intelligendi
3050 1216 3155 1266 vim
3183 1215 3343 1267 sitam
3376 1228 3517 1268 esse.

1939 1300 2030 1356 99.
2078 1301 2375 1371 lnsequens
2425 1320 2556 1359 vero
2616 1317 2829 1369 contra,
2869 1322 2972 1360 non
3030 1308 3204 1374 capite
3257 1321 3375 1372 nos,
3422 1308 3520 1359 sed

1941 1395 2104 1448 corde
2133 1395 2439 1465 intelligere
2474 1398 2606 1452 vult.
2639 1400 2761 1456 100.
2799 1399 3138 1469 lntelligendi
3164 1400 3271 1453 vim
3323 1400 3378 1453 in
3427 1413 3518 1452 ce-

1943 1487 2086 1540 rebri
2114 1489 2417 1543 ventriculo
2452 1493 2632 1544 sedem
2666 1493 2888 1547 habere.

250 1586 534 1653 ἀρτηριῶν
558 1586 724 1655 ἀρχὴ,
753 1590 832 1652 ίιέ
857 1586 948 1638 καὶ
972 1587 1053 1638 ὅτι
1079 1586 1177 1637 οὐκ
1200 1586 1351 1637 ἔστιν
1374 1583 1518 1653 ἀρχὴ
1560 1578 1842 1652 ἀρτηριῶν
1881 1577 1913 1646 ἡ
1944 1575 2072 1647 [424
2098 1575 2187 1649 8.]
2221 1579 2436 1649 καρδία·
2484 1584 2578 1647 Lg,"
2605 1582 2686 1633 ὅτι
2716 1582 2815 1651 οὐχ
2839 1583 2872 1653 ἡ
2898 1582 3092 1654 καρδία
3116 1583 3259 1654 ἀρχὴ
3283 1582 3511 1652 νεύρων,

246 1678 366 1730 ἀλλ’
393 1681 425 1748 ἡ
448 1678 785 1749 περιέχουσα
809 1679 901 1730 τὸν
932 1679 1233 1747 ἐγκέφαλον
1262 1677 1480 1749 μῆνιγξ,
1509 1673 1591 1741 ιιζσ
1632 1675 1726 1726 καὶ
1764 1672 1845 1725 ὃτι
1876 1670 1972 1739 οὐχ
2001 1670 2035 1739 ἡ
2061 1670 2394 1740 περιέχουσα
2431 1674 2523 1727 τὸν
2556 1674 2861 1744 ἐγκέφαλον
2893 1678 3091 1748 μῆνιγξ
3121 1678 3263 1748 ἀρχὴ
3284 1679 3513 1747 νεύρων·

248 1772 337 1840 ιη’
374 1773 460 1824 ὅτι
528 1773 592 1824 ού
662 1773 791 1844 περὶ
853 1773 1082 1844 καρδίαν
1132 1772 1194 1826 τὸ
1262 1770 1632 1841 διανοητικὸν,
1683 1767 1819 1821 ἀλλὰ
1884 1764 2013 1835 περὶ
2051 1766 2334 1835 κεφαλὴν,
2375 1768 2459 1834 ιιθθ
2506 1769 2600 1821 καὶ
2645 1770 2726 1823 ὅτι
2775 1770 2836 1823 ού
2884 1772 3016 1842 περὶ
3065 1772 3331 1843 κεφαλὴν,
3378 1772 3516 1827 ἀλλὰ

236 1864 372 1933 περὶ
402 1865 640 1935 καρδίαν
673 1864 732 1917 τὸ
776 1864 1132 1934 διανοητικόν·
1183 1871 1226 1935 ρ’
1255 1865 1336 1917 ὅτι
1396 1865 1456 1917 τὸ
1501 1859 1838 1931 διανοητικόν
1863 1858 1978 1910 ἐστι
2008 1857 2136 1927 περὶ
2167 1858 2376 1913 κοιλίαν
2398 1861 2722 1930 ἐγκεφάλου.

304 1954 502 2007 Ταῦτα
535 1956 636 2025 μὲν
670 1956 731 2008 τὸ
776 1954 1107 2026 βιϐλιδάριον
1131 1956 1240 2008 τῶν
1273 1954 1551 2007 Διονυσίου
1590 1956 1832 2005 Δικτυα-

2011 1944 2139 2002 llzec
2165 1950 2385 2017 quidem
2441 1954 2621 2005 omnia
2659 1953 2950 2024 Dionysius
3004 1954 3187 2009 libello
3227 1955 3518 2025 Diclyaco-

232 2043 363 2098 κῶν
390 2046 691 2115 διελέγετο.
728 2048 843 2100 Οὐκ
877 2048 1146 2117 ἄχρηστον
1174 2047 1230 2100 δὲ
1259 2046 1394 2117 πρός
1423 2062 1483 2097 τε
1527 2043 1834 2113 γυμνασίαν

233 2138 595 2209 διαλεκτικὴν
635 2139 728 2191 κα).
750 2138 917 2205 δοξῶν
949 2139 1158 2210 εἴδησιν
1186 2139 1346 2191 ὲνίων
1385 2139 1602 2207 ἰατρικῇ
1630 2134 1835 2207 θεωρίᾳ

233 2232 483 2285 οἰκείων.
535 2234 694 2284 Δοκεῖ
722 2233 777 2285 δὲ
822 2232 919 2285 καὶ
969 2232 1209 2297 δοξάζειν
1236 2234 1256 2264 ⁵
1303 2234 1421 2294 ταῖς
1451 2231 1654 2296 δόξαις,
1694 2229 1833 2299 πλὴν

236 2326 339 2378 οὐκ
393 2328 456 2377 ὲν
508 2327 749 2391 ἁπάσαις
798 2325 1095 2397 ἐκφέρεται
1148 2324 1279 2395 πρὸς
1328 2325 1390 2377 τὸ
1453 2324 1692 2393 πάγιον⁶
1740 2324 1835 2376 καὶ

238 2418 565 2473 ἀνεύθυνον.

930 2599 1117 2666 an'.

241 2696 529 2760 Κόνωνος
564 2693 879 2763 διηγήσεις
912 2699 985 2756 γ’,
1040 2692 1138 2747 καὶ
1179 2691 1625 2763 Ἀπολλοδώρου
1648 2705 1831 2759 γραμ-

514 2762 769 2833 ματικοῦ
804 2767 842 2833 ἠ
863 2764 1156 2832 λεγομένη
1188 2762 1567 2829 Βιϐλιοθήκη.

328 2850 680 2929 ’Δνεγνώσθη
743 2857 1110 2928 βιϐλιδάριον,
1150 2859 1425 2921 Κόνωνος
1490 2854 1829 2924 Διηγήσεις.

244 2953 580 3023 Προσφωνεί
607 2953 705 3022 μὲν
733 2953 791 3004 τὸ
820 2950 1156 3021 πονημάτιον
1196 2949 1473 3019 Ἀρχελάῳ
1506 2949 1831 3019 Φιλοπάτορι

245 3045 488 3113 βασιλεί,
525 3045 839 3115 περιέχεται
868 3044 913 3096 δ’
940 3042 1090 3113 αύτῷ
1111 3044 1176 3096 ὲκ
1198 3040 1409 3094 πολλῶν
1434 3042 1680 3111 ἀρχαίων
1709 3057 1833 3093 συν-

240 3140 397 3207 ειλεγ
406 3140 547 3209 μένα
577 3146 619 3191 ν’
647 3139 978 3209 διηγήματα.

314 3225 421 3286 Ὧν
457 3233 679 3305 πρῶτον
717 3232 788 3284 τὰ
825 3233 957 3302 περὶ
989 3231 1136 3286 Μίδα
1174 3231 1271 3284 καὶ
1302 3229 1540 3300 Βριγῶν,
1575 3230 1723 3291 ὅπως
1772 3244 1833 3280 τε

1937 2054 2055 2093 rum
2083 2041 2339 2096 disseruit
2365 2060 2378 2097 :
2416 2058 2595 2112 neque
2634 2044 2679 2097 is
2706 2061 2837 2100 sane
2864 2047 3235 2101 infructuosus
3262 2058 3345 2102 est
3369 2051 3519 2102 labor

1938 2129 2235 2185 dialectica:
2275 2135 2678 2200 exercitationi,
2709 2152 2881 2207 neque
2908 2141 2972 2191 ad
3024 2138 3337 2207 Opinionum
3384 2154 3519 2209 qua-

1938 2221 2184 2274 rumdam
2237 2224 2678 2293 intelligentiam,
2708 2244 2828 2297 qua:
2855 2231 3077 2284 medicae
3110 2242 3235 2285 sunt
3268 2232 3514 2302 specula-

1940 2311 2103 2365 tionis
2157 2316 2408 2385 prepriaa.
2442 2315 2670 2371 Videtur
2711 2328 2890 2374 autem
2949 2331 3003 2376 et
3035 2321 3297 2391 judicium
3338 2323 3402 2375 de
3436 2323 3520 2376 his

1936 2404 2279 2470 Opinioniblls
2330 2406 2496 2474 ferre,
2541 2427 2645 2465 non
2705 2428 2803 2482 per
2855 2415 3036 2468 omnia
3093 2425 3269 2470 tamen
3333 2428 3521 2471 saneto

1937 2494 2365 2568 incorrupteque
2387 2501 2613 2570 judicat.

2555 2595 2884 2654 CLXXXVI.

1938 2678 2167 2738 Cononis
2214 2686 3115 2815 NarrationesBcslet[Apollodori
3168 2692 3519 2750 Grammatici

2630 2778 2647 2814 ι
2709 2775 2914 2815 wueca

2630 2775 2914 2816 ιυιιοιιιεεα

2004 2848 2202 2906 Lectus
2255 2861 2338 2906 est
2394 2851 2613 2909 libellus
2649 2855 3043 2910 Narrationum
3080 2857 3333 2922 Cononis,
3377 2858 3523 2930 quod

1936 2943 2153 3010 quidem
2180 2944 2504 3012 Opusculum
2530 2946 2799 3001 Archelao
2821 2945 3155 3019 PliilOpatori
3184 2952 3294 3020 regi
3323 2954 3521 3007 inscri-

1936 3041 2106 3100 ptum,
2138 3048 2168 3088 e
2218 3036 2386 3091 variis
2421 3044 2671 3091 veterum
2713 3039 2936 3109 scriptis
2973 3042 3234 3098 collectas
3275 3047 3521 3102 continet

1934 3130 2280 3185 narrationes
2306 3132 2725 3203 quinquaginta.

2006 3222 2188 3276 Prima
2218 3234 2305 3279 est
2334 3226 2401 3280 de
2427 3225 2567 3281 Mida
2619 3236 2674 3281 et
2712 3206 2990 3300 Brigihus,
3015 3238 3075 3285 ut
3106 3232 3156 3286 in
3204 3231 3522 3289 thesaurum

240 3323 516 3394 Θησαυρῷ
567 3321 876 3394 περιτυχὼν
929 3322 1124 3394 ἀθρόον
1170 3341 1230 3376 τε
1281 3325 1360 3385 είς
1401 3322 1633 3375 πλοῦτον
1665 3322 1831 3394 ηρθη,

1940 3312 2029 3367 ille
2066 3314 2334 3380 incidens,
2390 3318 2642 3385 ingentes
2679 3322 2860 3375 subito
2912 3325 2988 3376 sit
3039 3335 3236 3380 nactus
3266 3340 3417 3395 opes,
3464 3336 3525 3381 ut

240 3421 339 3471 καὶ
388 3418 639 3486 Ὀρφέως
670 3417 809 3470 κατὰ
847 3416 1102 3487 Πιέρειαν
1137 3416 1200 3469 τὸ
1231 3416 1358 3486 ὅρος
1385 3416 1659 3486 ἀκροατὴς
1683 3416 1837 3483 γενό-

242 3528 414 3579 μενος
462 3510 692 3571 πολλαῖς
739 3510 957 3580 τέχναις
1003 3509 1219 3580 Βριγῶν
1272 3509 1566 3579 βασιλεύει.
1612 3510 1719 3561 Καὶ
1760 3509 1836 3572 ὼς

240 3603 510 3674 Σειληνὸς
538 3603 668 3670 περὶ
693 3603 714 3634 ”¹
742 3602 803 3655 τὸ
832 3601 1068 3672 Βρέμιον
1098 3603 1222 3671 ὄρος
1252 3602 1421 3656 Μίδου
1457 3600 1835 3671 βασιλεύοντος

236 3698 430 3766 ὤφθη,
477 3697 571 3764 ὑφ’
602 3689 647 3763 ᾧ
680 3696 775 3748 καὶ
806 3696 867 3747 τὸ
908 3695 1061 3758 ἔθνος
1106 3694 1242 3765 ᾤκει
1273 3695 1832 3764 πολυανθρωπότατον

238 3792 334 3842 δυ’
388 3789 491 3842 καὶ
525 3788 600 3850 ὠς
648 3787 789 3859 ἢχθη
839 3787 900 3840 τὺ
933 3786 1070 3850 ζῶον
1117 3786 1516 3856 ἐξηλλαγμένον
1552 3788 1652 3856 τὴν
1690 3786 1834 3839 ίδέαν

245 3881 324 3944 ὡς
372 3883 431 3933 ὲν
484 3879 776 3951 ἀνθρώπου
833 3879 1016 3949 φύσει.
1058 3881 1169 3932 Καὶ
1220 3882 1367 3941 ὅπως
1429 3878 1578 3949 αὐτῷ
1632 3878 1833 3948 χρυσὸς

248 3973 458 4041 ἐγίνετο
487 3973 587 4024 καὶ
620 3973 689 4023 τὰ
709 3972 731 4003 ⁸
763 3974 845 4033 είς
882 3972 1089 4042 τροφὴν
1128 3970 1545 4041 παρατιθέμενα
1588 3970 1828 4025 ἅπανταο

242 4064 340 4115 καὶ
368 4063 446 4126 ὡς
474 4064 567 4115 διὰ
617 4062 775 4115 τοῦτο
805 4063 999 4126 πείσας
1046 4062 1106 4115 τὸ
1157 4064 1396 4133 ὑπήκοον
1430 4062 1526 4115 ἀπ’
1558 4063 1832 4132 Εὐρώπης

234 4156 501 4226 διαϐῆναι
544 4156 637 4207 τὸν
693 4156 1084 4227 Ἑλλήσποντον
1139 4156 1277 4224 ὑπὲρ
1323 4155 1539 4208 Μυσίαν
1590 4155 1759 4226 ᾤκισε
1784 4158 1829 4219 ⁸,

232 4248 469 4319 Φρύγας
517 4249 639 4301 ἀντὶ
684 4248 902 4317 Βριγῶν
945 4245 1117 4318 βραχύ
1152 4264 1205 4301 τι
1255 4248 1700 4319 παραλλαγείσης
1730 4249 1833 4317 τῆς

235 4340 450 4406 λέξεως
504 4341 1033 4412 μετονομασθέντας.
1088 4345 1264 4405 Μίδας
1312 4342 1368 4394 δὲ
1415 4342 1644 4406 πολλοὺς
1693 4342 1832 4413 ἔχων

235 4433 697 4501 ἀπαγγέλλοντας
719 4433 870 4503 αύτῷ
888 4433 959 4486 τὰ
979 4435 1080 4488 ὅσα
1100 4436 1318 4504 ἐλέγετό
1338 4451 1395 4488 τε
1414 4436 1510 4488 κα)¹
1532 4435 1834 4506 ἐπράττετο

236 4529 359 4588 τοῖς
394 4527 683 4595 ὑπηκόοις,
733 4527 830 4580 καὶ
858 4526 947 4579 διὰ
978 4526 1137 4580 τοῦτο
1179 4529 1239 4579 ὲν
1282 4526 1361 4597 τῷ
1393 4527 1833 4597 ἀνεπιϐουλεύτῳ

235 4620 338 4692 την
365 4619 652 4689 βασιλείαν
682 4620 821 4689 ἔχων
844 4619 942 4672 καὶ
965 4620 1044 4680 είς
1070 4623 1247 4689 γῆρας
1273 4619 1465 4683 ἐλθὼν,
1504 4622 1691 4690 μακρὰ
1715 4616 1831 4675 ῶτα

233 4710 389 4779 ἔχειν
426 4711 645 4780 ἐλέχθη,
681 4713 778 4763 καὶ
810 4713 932 4765 κατ’
970 4711 1148 4778 ὀλίγον
1182 4715 1215 4783 ἡ
1255 4714 1415 4783 φήμη
1467 4714 1590 4767 ὄνου
1621 4708 1734 4768 ὦτα
1762 4715 1833 4768 τὰ

237 4805 435 4871 μακρὰ
482 4805 782 4869 μετεποίει,
819 4804 913 4857 καὶ
946 4804 1053 4856 ἀπὸ
1079 4803 1174 4857 τοῦ
1223 4805 1438 4875 σκῶψαι
1470 4806 1567 4878 τὴν
1601 4808 1775 4879 ἀρχὴν
1801 4810 1830 4861 ὁ

234 4894 401 4964 λόγος
437 4895 601 4965 ἔργον
628 4893 767 4949 εἶναι
801 4896 1117 4968 ἐπιστεύθη.

1937 3415 2059 3475 post
2085 3406 2361 3478 Orpheum
2413 3410 2466 3464 in
2500 3409 2676 3465 Pieria
2714 3424 2898 3468 monte
2940 3414 3209 3481 auditum,
3238 3419 3405 3471 variis
3431 3434 3525 3471 ar-

1938 3499 2083 3553 tibus
2137 3499 2390 3570 Brigibus
2429 3502 2738 3571 imperarit.
2789 3505 3076 3570 Quomodo
3119 3507 3250 3563 item
3300 3508 3520 3564 Silenus

1930 3594 2087 3663 juxta
2116 3593 2382 3648 Brimium
2419 3606 2659 3649 montem
2711 3595 2854 3651 Mida
2888 3609 3170 3668 regnante,
3230 3602 3302 3655 sit
3349 3602 3517 3668 visus,

1936 3688 2002 3739 ad
2042 3701 2203 3755 quem
2237 3696 2478 3741 montem
2528 3702 2664 3758 gens
2710 3689 2800 3742 illa
2848 3688 3168 3760 frequenter
3212 3692 3520 3759 habitabat,

1933 3790 1988 3831 et
2014 3780 2289 3848 quomodo
2318 3779 2429 3850 (48)
2457 3782 2746 3836 adductum
2778 3783 2850 3838 sit
2891 3784 3022 3839 illud
3066 3786 3316 3843 animans
3364 3804 3524 3857 pere-

1935 3874 2087 3937 grina
2114 3878 2168 3923 et
2200 3871 2680 3937 iuusitataforma,
2716 3889 2840 3929 cum
2890 3885 3066 3930 tamen
3112 3877 3401 3934 humanam
3433 3896 3525 3935 na-

1937 3970 2116 4015 turam
2148 3973 2312 4033 atque
2333 3965 2569 4020 indolem
2602 3966 2853 4022 referret.
2879 3966 3160 4033 Quomodo
3188 3972 3353 4026 etiam
3405 3990 3524 4027 om-

1935 4054 2044 4119 nia,
2076 4070 2198 4124 quze
2227 4071 2327 4124 pro
2355 4057 2494 4111 cibis
2511 4058 2946 4128 apponebautur,
2983 4061 3035 4114 in
3078 4076 3271 4116 aurum
3302 4063 3376 4117 illi
3411 4065 3525 4120 sint

1933 4162 2199 4203 conversa
2230 4149 2366 4220 (49),
2401 4158 2567 4219 utque
2624 4165 2722 4221 per
2749 4152 2854 4206 hoc
2881 4154 3159 4221 persuasis
3195 4156 3428 4211 subditis
3454 4174 3521 4213 ex

1935 4239 2152 4310 Europa
2185 4242 2241 4295 in
2297 4242 2709 4311 Hellespontum
2768 4245 3039 4313 trajicere,
3104 4246 3245 4302 ultra
3294 4247 3521 4320 Mysiam

1935 4333 2246 4401 incoluerit,
2286 4334 2593 4405 Phrygibus
2620 4350 2719 4405 pro
2749 4336 3004 4407 Brigihus
3027 4339 3143 4409 (50)
3174 4356 3337 4408 parva
3374 4344 3524 4397 vocis

1935 4426 2316 4481 immutatione
2364 4428 2479 4483 suis
2523 4429 2829 4498 appellatis.
2893 4428 3064 4486 Porro
3126 4430 3322 4497 Midas,
3375 4436 3522 4503 quod

1934 4516 2134 4571 multos
2165 4518 2278 4590 (51)
2309 4520 2537 4575 haberet
2590 4523 2957 4577 internuntios
2989 4539 3178 4578 eorum
3202 4540 3321 4594 quas
3343 4534 3399 4581 et
3439 4527 3523 4580 di-

1943 4623 2213 4668 cerentur
2235 4628 2266 4667 τι
2291 4615 2523 4669 subditis
2550 4625 2605 4667 et
2630 4626 2973 4685 gererentur,
2994 4626 3158 4686 atque
3188 4619 3261 4670 ita
3281 4628 3427 4673 tutus
3453 4623 3523 4673 ab

1940 4706 2152 4760 insidiis
2217 4721 2389 4775 usque
2445 4706 2500 4761 in
2551 4717 2855 4762 extremam
2939 4718 3157 4763 aetatem
3221 4711 3513 4779 imperium

1940 4798 2380 4865 administraret,
2405 4797 2596 4865 longas
2624 4800 2740 4871 (52)
2777 4801 2976 4855 habere
3004 4817 3165 4857 aures
3207 4802 3401 4874 131a
3436 4804 3521 4858 di-

1939 4902 2065 4946 ctus
2107 4905 2239 4947 est:
2291 4908 2427 4962 quas
2478 4894 2641 4949 etiam
2689 4893 2951 4962 paulatim
2996 4893 3139 4948 fama
3168 4896 3223 4949 in
3282 4897 3524 4951 asininas

1934 4983 2316 5038 commutavit.
2348 4983 2425 5036 lta
2462 4983 2635 5053 ejoco
2688 4984 2845 5038 initio
2892 4996 3131 5055 sumpto,
3181 5001 3367 5041 verum
3400 5000 3523 5042 esse

1936 5081 2343 5153 tandem,quod
2375 5080 2687 5144 dicebatur,
2713 5079 2976 5134 creditum
3008 5088 3112 5135 est.

1589 5178 1832 5237 VARUE
1864 5178 2279 5238 LECTIONES.

311 5267 337 5300 δ
365 5264 544 5337 παρὰ]
577 5263 870 5341 Ιὶὺιίί-περί.
911 5265 932 5295 ⁸
952 5264 1193 5341 δικάζειν
1212 5264 1274 5318 Co
1343 5269 1638 5341 ‘_rrd7t0vC
1664 5291 1676 5326 :
1707 5274 1977 5341 πανάγιον
1996 5290 2057 5337 ς.
2119 5268 2377 5339 ’Σιληνὸς
2397 5266 2549 5341 παρα
2569 5284 2630 5332 ς’.
2664 5265 2887 5339 βρέμιον
2907 5269 2944 5320 Λ
2966 5267 3221 5339 εΒριμίου
3254 5285 3314 5331 ς.
3382 5268 3403 5301 ⁸
3428 5269 3522 5323 καὶ

236 5339 309 5393 τὰ
342 5367 417 5378 —
450 5334 866 5407 παρατιθέμενα
897 5340 938 5387 Α
968 5357 980 5389 :
1017 5338 1085 5390 τὰ
1110 5366 1181 5376 —-
1202 5334 1563 5409 παραθέμενα
1598 5359 1657 5405 ς.
1736 5344 1757 5374 θ
1782 5334 1950 5415 ῷκὶσε
1981 5334 2229 5396 Kannius
2258 5334 2283 5394 ε’
2335 5342 2458 5395 libri

2495 5339 2704 5411 ᾤκησε.

1742 5431 1982 5488 NOTAE.

311 5522 428 5593 (48)
472 5521 806 5594 colloquium
856 5524 1120 5594 quoddam
1148 5523 1315 5594 Sileni
1353 5539 1472 5578 cum
1507 5524 1667 5589 Mida,
1695 5540 1828 5578 con-

235 5596 422 5648 ﬁctum
455 5607 485 5646 a
525 5593 887 5662 Theoiiornpo
929 5596 1218 5661 exscripsit
1241 5593 1444 5648 Elian.
1472 5595 1563 5649 lib.
1592 5612 1652 5649 ιιι
1693 5594 1822 5655 Var.

230 5663 375 5719 Hist.
406 5679 527 5732 cap.
559 5665 647 5718 18.
669 5664 825 5733 Capti
848 5663 1014 5718 Sileni
1044 5666 1290 5719 meminit
1314 5675 1369 5719 et
1397 5665 1610 5719 Tuscul.
1644 5682 1682 5730 t,
1709 5676 1822 5721 ext.

298 5734 414 5805 (49)
440 5737 581 5788 Max.
614 5734 812 5805 Tyrius
838 5744 979 5788 orat.
1018 5735 1105 5788 51.
1130 5734 1366 5805 γΙλιιςὶοιι.
1396 5738 1450 5790 in
1487 5735 1657 5791 Votis.
1700 5734 1827 5788 Phi-

232 5805 447 5860 lostrat.
478 5807 571 5864 lib.
603 5822 618 5859 1
651 5804 823 5875 lmag.
852 5806 1083 5873 ndaqia;
1116 5804 1272 5861 Ovid.
1303 5806 1585 5862 Μέτοικον.
1632 5807 1725 5861 lib.
1761 5820 1820 5860 ιι.

2012 5524 2124 5595 (50)
2156 5523 2355 5595 Herod.
2422 5522 2519 5577 lib.
2562 5539 2634 5577 vn
2667 5541 2681 5589 ;
2719 5522 2937 5588 Strabo,
2969 5522 3065 5577 lib.
3119 5538 3299 5578 Lxxvn
3333 5541 3348 5587 ;
3398 5525 3513 5579 Cic-

1937 5594 2027 5649 οε
2054 5602 2192 5648 orat.
2230 5594 2491 5661 Stephan.

2007 5666 2120 5735 (51)
2142 5664 2273 5735 Vide
2293 5663 2593 5717 Suid.voce
2616 5662 2815 5729 Midas,
2852 5674 2903 5718 et
2941 5663 3013 5718 ibi
3034 5662 3228 5719 multas
3268 5664 3427 5734 hujus
3451 5668 3519 5721 de

1938 5733 2161 5790 auribus
2188 5733 2349 5787 fama:
2374 5735 2679 5802 opiniones.

2002 5806 2117 5876 (52)
2151 5803 2374 5860 Lucian.
2398 5806 2473 5861 De
2506 5821 2611 5859 non
2642 5806 2783 5861 cred.
2813 5802 3044 5860 caluum.
