4022 6488
546 368 647 433 54¹1

1674 355 1933 417 ΡΟΟΤΙσΙ
1962 353 2464 415 ΡΛΤΒΙΑΒΕθᾹΞ
2504 354 2612 414 CP.

3714 355 3813 417 548

611 481 798 535 Altera
830 475 1074 531 narratio
1102 475 1168 528 de
1219 470 1445 543 Byblide
1480 468 1806 524 instituitur.
1841 466 1973 520 Filia
2007 466 2120 536 (55)

2296 467 2557 536 Aedtepov
2584 468 2661 533 ,τὰ
2708 469 2837 539 περὶ
2884 467 3158 533 Βυϐλίδος,
3184 467 3262 532 ὡς
3299 469 3437 529 παῖς
3464 463 3537 537 ῆν
3571 468 3812 540 Μιλήτῳ,

544 576 655 627 haec
674 571 773 625 fuit
798 570 984 633 Mileti,
1012 568 1235 622 fratrem
1266 566 1470 619 habens
1498 562 1761 617 Caunum.
1791 560 2114 614 Habitarunt

540 678 671 717 vero
706 662 946 715 Miletum
981 659 1093 728 (54)
1123 658 1265 711 Asia:
1288 654 1422 725 (55),
1449 668 1611 723 quam
1637 662 1760 721 post
1790 652 2005 719 quidem
2024 648 2112 704 Ιοο

542 769 639 808 nes
673 754 770 817 illi,
812 752 906 822 qui
932 748 1166 804 Athenis
1188 764 1310 801 cum
1344 744 1506 799 Neleo
1535 744 1647 812 (56)
1678 741 1901 811 profecti
1932 752 2109 805 erant,

542 854 858 907 tenuerunt,
905 854 1034 896 tunc
1078 852 1254 893 autem
1285 839 1451 893 Cares
1478 836 1590 907 (57)
1628 851 1745 890 eam
1779 833 2111 895 incolebant,

541 940 773 1009 populus
803 938 1077 1003 frequens,
1113 948 1177 987 ac
1212 932 1430 985 vicatim
1461 930 1733 984 habitans.
1761 927 1978 981 Caunus
2000 926 2113 997 (58)

543 1029 633 1083 hic
652 1026 932 1095 impotenti
954 1034 1233 1091 correptus
1259 1036 1443 1074 amore
1477 1018 1717 1089 Byblidis
1739 1022 1965 1081 sororis,
1991 1031 2113 1069 cum

541 1135 604 1175 ea
632 1118 794 1188 potiri
829 1132 934 1170 non
977 1126 1182 1184 posset,
1226 1113 1389 1164 multa
1421 1110 1551 1164 licet
1598 1109 1876 1170 movisset,
1913 1117 2113 1159 terram

542 1211 691 1265 illam
748 1206 1012 1263 deseruit.
1048 1206 1149 1270 Qui
1206 1204 1294 1257 ubi
1328 1218 1431 1255 non
1485 1200 1811 1269 comparuit,
1837 1198 2114 1253 doloribus

542 1301 793 1373 plurimis
828 1298 1019 1353 affecta
1068 1296 1273 1366 Byblis,
1303 1304 1581 1362 paternam
1615 1302 1669 1345 et
1702 1292 1870 1360 ipsam
1896 1292 2113 1345 domum

547 1394 792 1463 reliquit,
825 1400 881 1446 et
900 1406 995 1458 per
1012 1390 1226 1441 deserta
1261 1387 1350 1438 diu
1387 1386 1667 1445 oberrans,
1698 1393 1857 1451 atque
1894 1383 1961 1435 ob
2004 1380 2116 1433 fru-

541 1499 744 1545 stratos
769 1499 983 1539 amores
1008 1484 1188 1535 animo
1225 1481 1417 1540 fracta,
1458 1494 1595 1531 nexo
1626 1478 1689 1530 de
1727 1491 1858 1530 zona
1896 1476 2114 1543 laqueo,

539 1596 608 1636 ex
640 1592 779 1634 nuce
806 1577 1037 1646 seipsam
1063 1573 1363 1643 suspendit.
1391 1572 1517 1626 Inde
1560 1571 1721 1625 [lente
1747 1570 1831 1622 illa
1864 1569 2118 1638 lacrymaa

539 1671 837 1732 ﬂuxerunt,
866 1667 1093 1735 fonsque
1124 1666 1252 1721 hinc
1288 1675 1501 1726 enatus,
1535 1678 1694 1733 quem
1729 1661 1951 1733 Byblida
1976 1660 2117 1713 indi-

541 1779 694 1835 genae
740 1762 1041 1817 nominant.
1074 1758 1294 1813 Caunus
1343 1758 1457 1825 ipse
1489 1772 1655 1827 vagus
1687 1757 1902 1811 interim
1962 1756 2119 1810 ober-

2220 562 2476 631 έχουσα¹⁰
2505 562 2563 625 ἐξ
2603 561 2773 631 αὐτῆς
2805 561 3033 628 ἀδελφὸν
3066 561 3529 631 Καῦνον.”ῼκουν
3560 562 3618 613 δε
3652 565 3817 633 Μίλη-

2220 670 2311 705 τον
2335 653 2433 717 τῆς
2469 651 2656 713 Ἀσίας
2675 693 2690 716 ,
2728 652 2792 722 ἢν
2827 649 3052 720 ὕστερον
3089 650 3186 719 μὲν
3211 652 3409 710 Ἴωνες
3448 650 3549 701 καὶ
3570 649 3611 680 ¹¹
3638 650 3688 702 οί
3719 650 3818 702 ἀπ’

2231 746 2474 816 Ἀθηνῶν
2522 747 2662 815 μετά
2705 746 2929 816 Νηλέως
2974 744 3312 817 ὁρμηθέντες
3346 744 3603 814 ᾤκησαν,
3638 745 3759 798 τότε
3779 748 3817 780 ⁸⁸

2219 838 2264 892 δ’
2294 839 2550 907 ἐνέμοντο
2599 838 2800 907 Κᾶρες,
2836 836 2987 898 ἔθνος
3038 835 3164 907 [220
3201 834 3302 905 H.)
3358 834 3539 904 μέγα,
3573 836 3816 905 κωμηδὸν

2220 930 2511 991 οἰκοῦντες.
2556 930 2757 1000 Καύνῳ
2802 929 2845 981 δ’
2868 928 3003 999 ἔρως
3056 928 3336 999 ἐγείρεται
3391 926 3683 996 ἀμήχανος
3723 930 3813 998 τῆς

2220 1021 2455 1091 ἀδελφῆς
2487 1020 2741 1082 Βυϐλίδος
2765 1038 2778 1051 ·
2810 1020 2886 1083 ὡς
2913 1021 2957 1073 δ’
2982 1019 3335 1089 ἀπετύγχανε
3369 1017 3549 1070 πολλὰ
3574 1020 3811 1089 κινήσας,

2220 1112 2387 1177 ἔξεισι
2441 1113 2540 1182 τῆς
2590 1115 2691 1182 γῆς
2741 1113 2978 1181 ἐκείνης.
3030 1114 3139 1167 Καὶ¹
3185 1111 3618 1182 ἀφανισθέντος,
3649 1116 3814 1185 μυρίῳ

2219 1211 2341 1279 ἄχει
2387 1207 2730 1278 κατεχομένη
2775 1207 2808 1275 ή
2862 1205 3057 1267 Βυὸλὶς
3090 1205 3343 1259 ἐκλείπει
3396 1204 3497 1257 καὶ
3545 1204 3684 1271 αὐτὴ
3726 1209 3815 1275 τὴν

2222 1302 2478 1372 πατρῴαν
2528 1300 2728 1363 οἰκίαν,
2758 1297 2853 1351 καὶ
2905 1295 3108 1367 πολλὴν
3155 1297 3409 1368 ἐρημίαν
3466 1296 3812 1364 πλανηθεῖσα,

2221 1398 2317 1452 καὶ
2345 1396 2482 1467 πρὸς
2506 1395 2631 1457 τοὺς
2664 1390 2871 1451 ἀτελεῖς
2905 1388 3127 1458 ίμέρους
3150 1386 3612 1457 ἀπαγορεύουσα,
3635 1388 3811 1459 βρόχον

2222 1491 2322 1560 τὴν
2352 1488 2529 1553 ζώνην
2572 1484 2716 1548 τινος
2755 1483 2968 1555 καρύας
3002 1481 3303 1549 καθάψασα
3334 1478 3549 1551 ἑαυτὴν
3584 1479 3807 1550 ἀνήρτη-

2224 1596 2352 1634 σεν·
2400 1579 2527 1632 ἔνθα
2568 1577 2697 1648 δὴ¹³
2746 1576 3038 1645 κλαιούσης
3084 1572 3252 1642 αὐτῆς
3297 1570 3483 1643 ὲρῤύη
3516 1570 3588 1623 τὰ
3616 1571 3808 1642 δάκρυα

2225 1670 2319 1722 καὶ
2352 1670 2559 1740 κρήνην
2604 1668 2795 1736 ἀνῆκε,
2824 1666 3057 1719 Βυϐλίδα
3106 1666 3219 1726 τοῖς
3269 1662 3606 1732 ἐπιχωρίοις
3631 1661 3804 1732 ὄνομα.

2225 1761 2440 1822 Καῦνος
2485 1759 2606 1813 δὲ¹⁸
2652 1758 3004 1825 πλανώμενος
3050 1758 3130 1818 είς
3182 1755 3393 1808 Λυκίαν
3446 1753 3682 1822 φθάνει,
3726 1757 3807 1807 καὶ

543 1872 693 1919 rans,
714 1856 765 1908 in
791 1854 1012 1924 Lyciam
1043 1853 1256 1906 tandem
1300 1850 1568 1918 pervenit.
1602 1849 1734 1902 Huic
1766 1848 1865 1918 ipsi
1887 1847 2119 1912 Pronoe,

2227 1852 2398 1922 τούτῳ
2431 1852 2638 1923 Προνόη
2675 1850 2834 1921 (Ναῒς
2867 1850 2911 1902 δ’
2938 1845 3005 1919 ῆν
3037 1846 3206 1917 αῦτη)
3244 1844 3502 1901 ἀναδῦσα
3535 1843 3630 1899 τοῦ
3660 1862 3805 1900 ποτα-

541 1962 648 2002 una
699 1956 754 2000 et
795 1945 1114 2010 Naiadibus,
1166 1942 1388 1997 ﬂumine
1442 1956 1745 2011 emergens,
1779 1937 2119 2010 qmeByblidi

542 2034 879 2087 accidissent
918 2040 1124 2095 narrat,
1181 2040 1346 2098 utque
1386 2044 1571 2083 arnore
1637 2028 1707 2081 sit
1734 2036 1920 2082 coacta
1962 2027 2120 2081 mori.

543 2124 751 2181 Suadet
781 2125 1002 2193 insuper
1034 2123 1134 2177 sibi
1169 2131 1229 2175 ut
1254 2123 1527 2177 connubio
1551 2122 1830 2191 jungatur,
1872 2136 1978 2190 quo
2003 2119 2121 2186 ejus

542 2231 655 2270 ora:
690 2229 917 2284 regnum
978 2220 1227 2282 occupet,
1259 2211 1404 2281 quod
1471 2211 1524 2264 in
1556 2213 1686 2279 {eam
1717 2211 1829 2279 jam
1868 2208 2120 2263 collatum

544 2305 745 2359 fuerat.
782 2305 858 2359 lta
903 2304 1120 2359 Caunus
1150 2318 1181 2357 e
1222 2301 1433 2356 l’ronoe
1470 2300 1743 2372 Egialurn
1768 2301 2003 2363 sustulit,
2029 2302 2123 2369 qui

542 2404 600 2453 et.
628 2398 743 2468 ipse
766 2412 1018 2466 regnum,
1055 2404 1209 2464 patre
1242 2393 1522 2459 defuncto,
1556 2394 1729 2447 tenuit
1756 2392 2124 2460 :collectoque

545 2489 744 2560 popqu
774 2489 1007 2558 sparsim
1040 2488 1344 2554 habitante,
1389 2487 1578 2539 urbem
1638 2483 1845 2538 ﬂumini
1898 2483 2125 2553 imposi-

546 2593 655 2635 tam
689 2580 1051 2635 exaediﬁcavit
1089 2594 1338 2649 magnam
1379 2588 1539 2646 atque
1585 2576 1916 2646 opulentam,
1961 2591 2122 2646 quam

544 2675 612 2728 de
636 2674 805 2742 patris
846 2674 1060 2725 nomine
1091 2669 1338 2724 Caunum
1372 2669 1484 2737 (59)
1518 2670 1829 2739 appellavit.

616 2764 799 2819 Tertia
832 2782 845 2818 :
881 2765 960 2817 Ad
990 2762 1197 2816 Ionium
1235 2777 1382 2815 mare
1411 2763 1634 2816 Seheria
1663 2762 1834 2816 insula
1866 2777 1971 2814 non
2000 2774 2128 2829 pro-

544 2858 632 2911 cul
687 2858 756 2910 ab
802 2854 963 2924 Epiro
1010 2864 1063 2907 et
1111 2852 1402 2907 Cerauniis
1453 2854 1727 2907 montibus
1771 2853 1875 2907 sita
1906 2852 2124 2906 dicitur.

549 2949 672 3003 ιιιυο
705 2948 958 3001 ΡΙιειιιιοαε
985 2947 1193 3001 incolas
1225 2946 1413 3004 tenuit.
1437 2946 1527 3013 qui
1560 2945 1713 2998 initio
1740 2945 1957 3011 quidem
1990 2944 2129 2997 indi-

545 3056 695 3111 gena:
717 3039 955 3101 fuerunt,
975 3038 1225 3107 imposito
1240 3038 1365 3092 huic
1382 3036 1586 3090 nationi
1606 3038 1823 3089 nomine
1841 3050 1870 3089 a
1893 3035 2124 3104 quodam

545 3130 667 3200 ejus
718 3130 957 3199 regionis
1015 3143 1163 3195 rege,
1198 3129 1368 3183 donec
1413 3138 1536 3197 post
1573 3127 1974 3181 Corinthiorum
2015 3124 2127 3195 (60)

547 3238 673 3293 pars
687 3237 752 3279 eo
767 3221 1142 3292 commigravit
1158 3235 1465 3289 nomenque
1486 3219 1681 3274 exinde
1700 3217 2056 3274 commutavit
2074 3226 2134 3271 ut

548 3317 785 3388 Corcyra
820 3315 932 3385 (6|)
953 3315 1247 3379 diceretur,
1281 3312 1525 3383 quaa(62)
1554 3321 1610 3365 et
1636 3312 1801 3365 maris
1821 3313 2018 3366 ibidem
2038 3312 2138 3366 im-

546 3411 753 3479 perium
786 3408 1004 3463 ‘habuit.
1041 3406 1266 3462 Phaeace
1296 3418 1475 3462 autem
1520 3407 1707 3462 insulae
1743 3422 1867 3479 rege
1900 3417 2133 3470 mortuo,

545 3500 703 3555 liberi
736 3498 854 3569 ejus
885 3498 1143 3553 Alcinous
1169 3508 1223 3553 et
1270 3497 1476 3553 Locrus
1502 3499 1645 3553 inter
1691 3514 1750 3554 se
1792 3500 2133 3567 dissidentes,

548 3593 624 3648 ita
657 3593 869 3646 tandem
902 3602 1287 3654 convenerunt,
1317 3601 1376 3643 ut
1403 3589 1665 3646 Alcinous
1691 3592 1905 3660 quidem
1925 3591 2135 3645 'thea-

548 3685 653 3741 cidi
692 3684 1008 3752 imperaret,
1053 3682 1261 3737 Locrus
1298 3697 1430 3736 vero
1464 3684 1734 3751 pretiosas
1780 3698 1910 3751 opes
1963 3684 2138 3738 mobi-

550 3792 658 3850 les,
703 3782 1024 3843 partemque
1055 3771 1238 3840 populi
1277 3771 1550 3835 auferens,
1578 3772 1797 3839 regione
1824 3773 2129 3827 excederet.-

550 3864 607 3920 In
642 3864 847 3917 Italiam
881 3863 1045 3931 igitur
1076 3860 1167 3915 hic
1195 3860 1548 3929 adnavigans,
1590 3874 1619 3912 a
1649 3859 1846 3915 Latino
1880 3861 2135 3916 Italorum

556 3970 685 4022 rege
708 3953 942 4022 hospitio
978 3960 1231 4020 acceptus
1268 3960 1374 4015 est,
1408 3952 1497 4021 qui
1532 3951 1697 4003 ﬁliam
1733 3966 1948 4021 quoque
1980 3967 2132 4006 suam

553 4045 842 4101 Laurinam
898 4044 1073 4098 eidem
1132 4043 1317 4109 nuptui
1370 4042 1536 4097 dedit.
1564 4042 1751 4112 131b
1800 4042 1914 4109 Qua
1967 4044 2132 4097 etiam

553 4153 620 4192 ex
650 4151 812 4191 causa
841 4135 1093 4189 Phaeaces
1153 4132 1365 4188 Italicos
1412 4134 1574 4187 hosce
1617 4133 1917 4188 Locrenses
1948 4133 2001 4187 in
2037 4148 2133 4187 co-

554 4238 749 4300 gnatos
775 4226 1105 4281 asciverunt.
1132 4225 1341 4278 Accidit
1372 4225 1563 4280 deinde
1585 4236 1643 4279 ut
1668 4224 1923 4279 Hercules
1943 4226 2131 4279 eadem

556 4328 876 4388 tempestate
921 4318 1200 4387 elegantes
1243 4314 1506 4387 Geryonis
1564 4316 1728 4371 boves
1789 4331 1855 4371 ex
1910 4317 2131 4388 Erythia

553 4412 799 4481 abigens,
831 4409 884 4463 in
921 4409 1126 4463 Italiam
1157 4407 1456 4473 adveniret,
1484 4416 1647 4476 atque
1672 4424 1701 4462 a
1732 4407 1906 4465 Locro
1940 4409 2133 4463 huma-

2225 1944 2327 2015 μοῦ
2355 1944 2425 1998 τά
2460 1959 2520 1996 τε
2549 1942 2936 2011 συνενεχθέντα
2962 1943 3030 2010 τῇ
3062 1938 3281 1991 Βυϐλίδι
3315 1938 3510 2003 λέγει,
3540 1938 3617 2000 ὡς
3659 1938 3805 2007 ἐχρή-

2225 2054 2353 2090 σατο
2388 2036 2429 2067 ¹⁸
2477 2035 2636 2105 έρωτι
2685 2035 2935 2102 δικαστῇ,
2982 2031 3074 2085 καὶ
3119 2028 3298 2083 πείθει
3348 2028 3521 2081 αὐτὸν
3571 2029 3699 2099 αὐτῇ
3723 2032 3803 2093 ἐπὶ

2223 2130 2359 2201 τῷ¹⁶
2387 2129 2485 2199 τῆς
2515 2127 2700 2198 χώρας
2726 2127 2912 2179 λαϐεῖν
2957 2125 3056 2194 τὴν
3102 2122 3392 2192 βασιλείαν
3426 2122 3550 2193 (καὶ
3594 2123 3698 2193 γὰρ
3736 2127 3803 2189 είς

2224 2222 2391 2292 αὐτὴν
2417 2221 2643 2289 ἀνῆπτο)
2682 2220 3016 2285 συνοικῆσαι.
3046 2215 3174 2288 (425
3211 2216 3313 2287 R.]
3345 2216 3409 2269 '0
3438 2214 3497 2267 δὲ
3533 2214 3735 2278 Καῦνος
3752 2218 3802 2270 ἐκ

2224 2315 2325 2383 τῆς
2356 2313 2596 2383 Προνόης
2624 2311 2800 2364 τίκτει
2828 2310 3107 2379 Αἰγιαλὸν,
3138 2311 3199 2375 ὃς
3228 2309 3335 2363 καὶ
3371 2306 3703 2378 παραλαὸὼν
3720 2308 3801 2377 τὴν

2227 2403 2524 2474 βασιλείαν,
2553 2402 2675 2455 ἐπεὶ
2703 2402 2731 2453 ὁ
2764 2399 2945 2470 πατὴρ
2975 2400 3360 2471 ἐτελεύτησεν,
3395 2397 3623 2471 ῆθροισέ
3654 2415 3706 2449 τε
3727 2398 3800 2450 τὸν

2224 2493 2352 2547 λαὸν
2401 2493 2675 2562 σποράδην
2720 2491 2975 2544 οἰκοῦντα
3008 2492 3103 2543 καὶ
3136 2491 3300 2543 πόλιν
3349 2489 3570 2542 ἔκτισεν
3612 2489 3699 2540 ἐπὶ
3736 2489 3796 2557 τῷ

2226 2585 2456 2656 ποταμῷ
2486 2584 2728 2655 μεγάλην
2755 2583 2850 2636 καὶ
2878 2581 3192 2652 εὐδαίμονα,
3222 2581 3449 2635 Καῦνον
3476 2581 3588 2635 άπὸ
3613 2580 3698 2633 τοῦ
3715 2598 3789 2633 πα-

2236 2676 2353 2745 τρὸς
2382 2674 2741 2744 ἐπονομάσας.

2298 2765 2494 2835 Τρίτον
2516 2766 2579 2826 ¹⁷,
2601 2767 2635 2836 ἡ
2662 2765 2813 2835 παρὰ
2841 2765 2932 2819 τὸν
2967 2765 3151 2819 Ἰόνιον
3180 2764 3393 2819 πόντον
3419 2763 3621 2834 Σχερία
3644 2763 3785 2832 νῆσος,

2227 2858 2325 2925 οὐχ
2371 2856 2503 2919 ἑκὰς
2551 2853 2684 2910 οῦσα
2728 2858 2827 2927 τῆς
2871 2857 3100 2927 ἠπείρου
3148 2856 3244 2910 καλ⁵
3292 2856 3416 2909 τῶν
3447 2854 3789 2927 Κεραυνίων¹⁸

2228 2950 2391 3021 ὁρῶν.
2429 2948 2575 3018 Λῦτη
2624 2948 2866 3010 Φαίακας
2898 2947 3055 3017 ἔσχεν
3101 2948 3409 3017 οἰκήτορας
3446 2945 3509 2999 τδ
3542 2945 3791 3016 πρότερον,

2229 3040 2577 3110 αὐτόχθονας,
2610 3039 2762 3101 ἔθνος
2806 3039 2969 3109 λαχὸν
3019 3040 3119 3109 τὴν
3162 3038 3499 3109 ἐπωνυμίαν
3538 3037 3642 3091 ἀπό
3677 3053 3793 3097 τινος

2233 3134 2341 3187 τῶν
2383 3134 2693 3203 ἐπιχωρίων
2744 3132 3045 3203 βασιλέως·
3096 3133 3335 3203 ὕστερον
3385 3133 3431 3186 δ’
3478 3130 3794 3201 ἐπῴκησεν¹⁹

2236 3226 2406 3297 αὐτὴν
2434 3228 2598 3297 μοῖρα
2625 3226 2949 3297 Κορινθίων,
2984 3226 3078 3280 καὶ
3106 3226 3168 3279 τό
3196 3243 3255 3279 τε
3280 3226 3468 3295 ὄνομα
3497 3226 3573 3288 είς
3606 3224 3793 3293 Κέρκυ-

2239 3335 2339 3391 ραν
2387 3318 2649 3389 μετέὸαλε
2695 3320 2787 3371 καὶ
2834 3320 2935 3388 τῆς
2984 3318 3115 3389 περὶ
3143 3320 3339 3371 ἐκεῖνοι
3361 3317 3638 3385 θαλάσσης
3661 3310 3793 3383 ἦρξε.

2236 3412 2470 3475 Φαίακος
2502 3412 2557 3465 δὲ
2594 3410 2688 3464 τοῦ
2720 3412 2819 3481 τῆς
2848 3413 3013 3481 νήσου
3049 3411 3439 3482 βασιλεύοντος
3464 3411 3794 3479 τελευτήσαν-

2235 3522 2328 3569 τος
2358 3507 2405 3557 οί
2432 3506 2566 3565 υίεϊς
2601 3504 2878 3566 Ἀλκίνους
2902 3504 2995 3556 καὶ
3020 3504 3229 3574 Λοκρδς
3258 3504 3657 3564 στασιάσαντες
3692 3517 3795 3552 συν-

2237 3590 2441 3660 έὸησαν
2470 3592 2633 3645 πάλιν
2678 3592 2763 3660 ἐφ’
2793 3583 2838 3659 ᾧ
2873 3591 3178 3661 βασιλεύειν
3209 3593 3308 3662 μὲν
3364 3591 3688 3645 Ἀλκίνουν¹⁰
3712 3591 3793 3658 τῆς

2234 3683 2553 3749 Φαιακίδος,
2598 3684 2805 3754 Λοκρὸν
2833 3686 2887 3738 δὲ
2922 3682 3182 3754 κειμήλια
3210 3685 3305 3737 καὶ
3355 3687 3551 3755 μοῖραν
3590 3681 3793 3733 λαϐόντα

2235 3773 2329 3827 τοῦ
2359 3775 2542 3838 ἔθνους
2570 3775 2951 3839 ὰποικίζεσθαι
2976 3778 3074 3845 τῆς
3100 3774 3283 3846 χώρας
3301 3789 3315 3804 ⁸
3357 3774 3415 3836 ὃς
3452 3775 3545 3828 καὶ⁵
3574 3774 3659 3825 ἐπὶ
3681 3772 3793 3824 Ἰταο

2234 3865 2357 3929 λίας
2405 3866 2641 3929 πλεύσας
2673 3866 2937 3931 ξενίζεται
2969 3866 3121 3934 παρὰ
3152 3866 3437 3937 Λατίνῳ¹¹
3461 3864 3672 3918 Ἰταλῶν
3712 3861 3793 3929 βα-

2237 3956 2391 4020 σιλεῖ,
2422 3956 2565 4008 δόντι
2612 3956 2749 4025 πρὸς
2789 3956 2968 4026 γάμον
3007 3955 3106 4024 τὴν
3123 3955 3167 3986 ¹¹
3204 3955 3486 4025 θυγατέρα
3518 3952 3787 4022 Λαυρίνην.

2234 4050 2333 4101 Διά
2357 4047 2530 4100 ταῦτα
2559 4048 2635 4110 ὼς
2678 4048 2956 4116 συγγενεῖς
2974 4045 3019 4077 ’³
3047 4048 3281 4109 Φαίακες
3319 4046 3573 4117 Λοκροὺς
3602 4044 3715 4102 τοὺς
3742 4043 3788 4091 ἐν

2234 4138 2437 4209 Ἰταλίᾳ
2490 4140 2931 4210 προσεποιοῦντο.
2963 4140 3022 4194 ’0
3064 4139 3123 4193 δὲ
3160 4139 3444 4209 Ἡρακλῆς
3493 4138 3611 4191 κατ’
3636 4135 3787 4186 ἐκεῖνο

2233 4231 2426 4304 καιροῦ
2473 4235 2571 4294 τάς
2616 4233 2710 4285 τοῦ
2757 4231 3032 4303 Γηρυόνου
3092 4233 3437 4302 περικαλλεῖς
3482 4233 3600 4285 ὅσαι
3628 4222 3785 4297 βόες’⁸

2232 4321 2398 4386 οὔσας
2432 4322 2491 4388 ἐξ
2518 4323 2797 4394 Ἐρυθείας
2832 4323 3071 4377 ἐλαύνων
3108 4326 3186 4386 είς
3205 4327 3250 4358 ⁸⁵
3288 4324 3526 4377 Ἰταλίαν
3566 4318 3784 4388 ἀφικνεῖ-

2231 4430 2343 4479 ται,
2372 4414 2464 4466 καὶ
2490 4414 2748 4480 ξενίζεται
2777 4415 3115 4485 φιλοφρόνως
3146 4414 3299 4485 παρὰ
3330 4415 3412 4485 τῷ
3442 4413 3631 4483 Λοκρῷ
3649 4426 3665 4441 ο
3692 4412 3716 4461 ό
3734 4408 3778 4460 δὲ

555 4504 698 4559 niter
717 4502 951 4577 hqspitio
976 4499 1340 4570 exciperetur.
1364 4499 1475 4555 Has
1498 4500 1683 4570 itaque
1706 4499 1935 4554 Latinus
1964 4502 2123 4557 boves

2233 4506 2459 4569 Λατῖνος
2515 4506 2652 4576 πρὸς
2697 4506 2796 4577 τὴν
2850 4506 3127 4578 θυγατέρα
3180 4507 3351 4561 ἐλθὼν
3402 4508 3495 4561 καὶ
3536 4504 3630 4567 τὰς
3672 4499 3778 4572 βοῦς

1863 4614 2098 4669 VARUE
2123 4615 2533 4674 LECTIONES.

696 4704 743 4740 ³ο
770 4703 973 4775 ἔχουσα
1020 4719 1164 4759 corr.
1198 4704 1245 4757 A
1289 4721 1326 4775 :7
1352 4702 1493 4774 ἔχων
1554 4720 1617 4769 ς’.
1696 4704 1737 4736 ¹¹
1775 4705 1871 4758 καὶ
1913 4706 2040 4760 add.
2075 4712 2141 4760 Α.

558 4778 729 4839 καίς.
806 4778 849 4808 ¹⁸
877 4778 952 4836 ὼς
977 4778 1250 4845 ἐχρήσατο
1304 4778 1467 4845 έρωτι
1496 4778 1542 4827 A
1573 4791 1589 4828 :
1614 4778 1709 4828 καὶ
1741 4778 1815 4838 ὡς
1845 4778 2012 4846 ἐχρήσ

557 4845 695 4917 κατά
727 4844 982 4917 lleynius,
1017 4845 1087 4917 ct'.
1113 4846 1311 4917 νήσους
1334 4846 1432 4907 τὰς
1461 4846 1588 4917 περὶ
1609 4845 1668 4917 τὸ
1692 4846 1915 4917 Αἰγαῖον
1938 4864 2012 4917 _p.

553 4914 771 4985 ᾤκησεν
799 4913 879 4985 pr.
907 4917 950 4966 Α
985 4913 1404 4985 εέπῴκησανίς.
1511 4915 1557 4985 ¹ν⁰
1592 4914 1844 4968 ἁλκὶνουν
1883 4913 1981 4985 μέν
2008 4934 2068 4980 ς.

806 4774 849 4808 ’⁸
877 4775 952 4836 ὡς
977 4775 1250 4845 ἐχρήσατο
1304 4774 1467 4845 έρωτι
1496 4775 1542 4827 Α
1573 4791 1589 4828 :
1614 4775 1709 4828 καὶ
1741 4775 1815 4838 ὡς
1845 4778 2117 4846 ἐχρήσατο
2160 4778 2239 4847 τῷ
2272 4780 2436 4848 ἔρωτι
2456 4800 2513 4846 ς.

806 4845 982 4900 vnius.
1017 4845 1087 4897 ct'.
1117 4846 1311 4900 νήσους
1334 4846 1432 4900 τὰς
1461 4846 1588 4900 περὶ
1609 4845 1668 4897 τὸ
1692 4846 1915 4900 Αἰγαῖον
1962 4864 2012 4900 ι).
2047 4847 2112 4900 R.
2141 4850 2265 4900 457.
2294 4851 2347 4900 2.
2451 4854 2497 4883 ¹⁸

2097 4887 2112 4902 .
2141 4850 2265 4911 457,
2294 4851 2347 4903 2.
2451 4854 2497 4883 ¹⁸
2529 4856 2605 4907 Κε
2618 4850 2879 4924 ραυνείων
2903 4855 3044 4923 ὀρῶν
3067 4850 3284 4919 λέγεται

2097 4987 2117 4997 λ,
2149 4921 2223 4997 ﬂ“
2247 4922 2483 4997 ΛεξιξιίνιρΔ
2509 4925 2751 4997 Qukerus
2778 4927 2840 4977 ad
2871 4926 3114 4997 Thiucyd.
3139 4928 3192 4983 '5.
3218 4926 3307 4997 7t).

2245 4711 2295 4787 “_
2340 4711 2460 4764 τότε
2486 4727 2633 4787 corr.
2670 4712 2852 4787 Affzé
2884 4733 2943 4779 ς,
3055 4716 3099 4749 ¹³
3128 4715 3191 4787 δὴ
3218 4715 3343 4787 add.
3386 4715 3451 4767 A.
3554 4709 3673 4787 _“5é
3700 4705 3774 4787 A‘E

2597 4784 2639 4816 ¹⁶
2664 4784 2740 4852 τῷ
2764 4785 2804 4837 Α
2841 4802 2857 4838 :
2886 4772 2946 4838 τό
2968 4803 3027 4849 ς.
3109 4788 3148 4818 ¹⁷
3174 4772 3358 4854 τρίτον
3397 4798 3507 4836 om.
3541 4781 3603 4833 A.
3623 4772 3774 4854 παρὰ]

2451 4854 2497 4883 ¹⁸
2529 4847 2879 4924 Κεραύνείων
2903 4847 3044 4923 όρῶν
3067 4847 3284 4919 λέγεται
3316 4854 3455 4922 αὕτη
3487 4869 3545 4924 ς.
3596 4849 3659 4924 _"
3690 4847 3776 4924 ὲπτ

3389 4913 3560 4991 ’ὑπῆν
3582 4920 3621 4971 Λ
3656 4913 3774 4991 ε-καὶ

555 4984 745 5073 favis:-
768 5072 773 5073 γ
798 4984 1343 5073 ξ’ζῗὼςρσηυηξενεζς(
1367 4986 1473 5073 μὲν
1496 4984 1589 5073 *ᾡς
1631 4984 1909 5073 curvavit»:
1936 4988 2025 5073 Α..
2080 4987 2266 5073 ’δῆσαι
2290 4984 2587 5073 ράτεςγροῡς
2640 5010 2781 5048 corr.
2810 4997 2877 5050 A.
2901 4996 2973 5051 ct.
3004 4984 3057 5067 ις.
3081 4998 3146 5050 lt.
3179 4996 3303 5060 968,
3330 4994 3419 5048 42.
3452 4984 3650 5050 πάντας
3677 4986 3775 5037 ὅσοι

555 5055 811 5125 τύραννοι
840 5054 1241 5124 ὑπερϐαλέσθαι
1270 5054 1603 5135 ἱστόρηνται.
1680 5055 1726 5088 ³⁸
1754 5058 1834 5121 εἰς
1853 5087 1922 5098 σ-ο
1948 5054 2310 5131 φιλοφρόνως]
2334 5054 2435 5131 ἧκε
2462 5054 2530 5117 Ἀ.

2047 5146 2277 5203 NOTAE.

623 5239 1092 5381 (ἓωβὲιᾶἓιιοῳιο
1139 5243 1327 5313 Steph.
1378 5243 1607 5313 Byzant.
1668 5240 1751 5298 De
1791 5244 2031 5308 urbibus,
2068 5245 2121 5298 in

556 5323 687 5363 voce
739 5323 953 5375 p06).o;.

621 5379 749 5449 (54)
774 5381 850 5434 De
872 5398 978 5449 quo
1017 5384 1201 5437 Strab.
1236 5382 1331 5437 lib.
1360 5397 1471 5444 xrv,
1501 5382 1675 5436 initio.

622 5450 735 5519 (55)
772 5451 903 5504 Nam
928 5464 983 5506 et
1014 5456 1115 5509 alia
1146 5453 1357 5508 Cretica
1396 5453 1513 5515 fuit,
1546 5467 1576 5506 e
1601 5467 1704 5519 qua
1732 5452 1785 5506 in
1811 5451 1950 5508 hanc
1993 5468 2117 5511 cum

557 5520 767 5575 colonis
789 5522 1093 5579 traductum
1124 5538 1345 5577 nomen.
1368 5522 1585 5583 Strabo,
1618 5522 1747 5576 ibid.

641 5589 755 5661 (56)
789 5591 923 5647 Vide
944 5593 1143 5646 Elian.
1174 5594 1265 5646 lib.
1303 5608 1418 5656 vtn,
1452 5608 1569 5661 cap.
1592 5592 1645 5647 5.

630 5660 743 5729 (57)
781 5662 925 5729 Lago
960 5665 1047 5719 hic
1066 5664 1185 5717 τότε
1201 5662 1280 5716 δέ.

621 5730 733 5799 (58)
762 5733 890 5785 Vide
921 5733 1157 5788 Caunius
1185 5748 1355 5793 amor,
1383 5731 1521 5800 apud
1560 5729 1712 5787 Suid.
1741 5742 1795 5789 et
1857 5735 1909 5787 in
1954 5731 2120 5799 Δάας.

560 5797 818 5857 Ρατιιιεη.
850 5817 1063 5873 quoque
1100 5803 1380 5874 ἐρωτικῶν
1411 5797 1526 5871 cap.
1553 5818 1613 5857 ιι.

2306 5247 2425 5321 (59).
2464 5247 2541 5304 ιω
2579 5265 2794 5320 quoque
2824 5252 3130 5321 Stephanus
3170 5255 3235 5308 de
3262 5253 3378 5306 urb.
3416 5235 3771 5321 sirnnlqtteoh:

2228 5312 2490 5391 serva-ibi
2520 5312 2621 5374 dici
2660 5312 3012 5390 refugientem
3044 5323 3285 5376 Cantium
3316 5340 3342 5375 a
3378 5318 3590 5391 Byblide
3624 5312 3767 5362 fuiSse

2227 5386 2563 5444 adamatum.
2601 5391 2755 5454 Quod
2783 5386 2839 5447 et
2863 5394 3088 5449 Ovidius
3115 5394 3303 5447 testari
3340 5386 3564 5446 videtur.

2300 5457 2413 5525 (60)
2440 5458 2585 5528 Lege
2610 5462 2796 5515 Strab.
2836 5464 2927 5517 lib.
2960 5479 3034 5517 vr.

2298 5525 2735 5653 (ϐίὲοῇἱξὶηἳεορὶ
2779 5532 2887 5586 [ilia
2918 5533 3075 5602 hujus
3100 5531 3340 5599 ejusdem
3374 5528 3613 5586 nominis.
3640 5525 3763 5580 Pall-

2226 5613 2345 5653 san.
2389 5612 2630 5654 corium.

2298 5668 2411 5739 (θῖ)
2457 5669 2532 5722 lla
2569 5686 2784 5742 quoque
2810 5673 3054 5731 Thucvd.
3084 5676 3176 5730 lib.
3221 5690 3256 5739 ι,
3282 5685 3336 5731 et
3363 5675 3417 5730 in
3441 5672 3671 5737 Evcerpt.
3706 5671 3760 5714 ex

2224 5738 2316 5794 lib.
2365 5754 2437 5794 vtt
2472 5741 2652 5795 Strab.
