4022 6454
266 333 380 397 549

1321 325 1853 386 BIBLIOTIIECA.
1877 347 1948 359 —
1991 324 2013 381 i
2020 322 2154 385 10D.
2182 325 2539 387 CLXXXVI.

3470 326 3575 388 550

266 444 395 498 ἰδὼν
423 441 644 513 ἠράσθη
680 458 741 495 τε
772 440 868 494 καὶ
895 439 1332 511 ἡλαυνεν.”οπερ
1366 438 1664 508 ἁναμαθὼν
1699 438 1869 508 Ἠρα-

1980 452 2097 491 cum
2136 439 2299 493 ﬁliam
2338 440 2575 493 invisens
2611 438 2752 493 forte
2780 440 3103 509 aspexisset,
3146 442 3445 510 cupiditate
3472 444 3575 496 du-

261 538 401 608 κλῆς
450 538 667 589 ἐκεῖνον
692 534 832 605 τόξῳ
863 534 1042 603 βαλὼν
1070 532 1270 597 ἀνεῖλε,
1300 533 1400 596 τὰς
1427 533 1483 585 δὲ
1519 531 1648 601 βοῦς
1675 531 1867 585 ἀνεκόο-

266 646 416 699 μισε.
456 626 675 698 Λοκρὸς
700 626 759 680 δὲ
786 624 974 689 δεδιὼς
1004 626 1133 696 περὶ
1164 624 1243 695 τῷ
1275 624 1556 696 Ἠρακλεῖ,
1581 626 1655 695 μή
1682 642 1737 677 τι
1760 624 1869 677 δει-

260 723 353 776 νὸν
393 721 503 775 ὑπὸ
531 719 776 775 Λατίνου
803 719 952 789 πάθῃ
982 713 1071 790 (ἦν
1100 718 1209 787 γὰρ
1238 718 1468 781 Λατῖνος
1502 718 1716 786 σώματι
1747 733 1871 783 γεν-

258 815 412 874 ναῖος
443 812 541 863 καὶ
566 808 767 879 ψυχῇ),
796 807 1072 875 ἐξελαύνει
1102 809 1196 860 ἐπὶ
1229 806 1450 878 βοηθείᾳ
1475 805 1569 860 τοῦ
1602 806 1872 873 ξενισθέν-

259 920 375 965 τος,
413 901 797 971 ἀμειψάμενος
820 900 916 953 καὶ
946 898 1163 969 στολήν.
1182 898 1458 969 Ἡρακλῆς
1487 898 1532 950 δ’
1561 898 1685 952 ἰδὼν
1708 899 1873 952 αὑτὸν

259 993 492 1059 θέοντα,
524 994 619 1046 καὶ
651 991 887 1061 νομίσας
938 990 1062 1044 τινὰ
1107 986 1248 1045 εἶναι
1294 992 1453 1045 ἄλλον
1482 994 1622 1061 πρὸς
1650 994 1872 1046 ἐπικου-

269 1085 406 1154 ρίαν
465 1083 754 1137 σπεύδοντα
814 1080 1073 1145 Λατίνου,
1102 1080 1279 1150 βαλὼν
1328 1082 1600 1153 ἄτρακτον
1646 1084 1870 1136 κτείνει.

273 1177 563 1247 ’Υστερον
596 1177 649 1228 δὲ
680 1172 866 1243 μαθὼν
895 1174 1294 1245 ἀπωλοφύρατο
1345 1176 1443 1245 μὲν
1491 1176 1585 1229 καὶ
1632 1176 1702 1230 τὰ
1750 1176 1874 1229 ὅσια

277 1271 445 1341 αὑτῷ
503 1268 812 1321 ἐπετέλεσε’
876 1268 973 1320 καὶ
1028 1267 1304 1336 μεταστὰς
1363 1267 1407 1320 δ’
1456 1268 1515 1333 ἐξ
1569 1268 1874 1339 ἀνθρώπων

284 1366 507 1435 ἔχρησε,
536 1361 724 1430 φάσμα
743 1377 796 1413 τι
838 1360 1030 1429 φανεὶς
1058 1359 1135 1430 τῷ
1165 1360 1298 1430 λαῷ,
1331 1360 1488 1413 πόλιν
1517 1359 1746 1424 οἰκίζειν
1775 1361 1875 1413 ἐπ’

295 1454 540 1514 Ἰταλίας,
577 1455 633 1505 ἐν
668 1446 712 1519 ᾧ
740 1447 809 1521 ἦν
838 1451 899 1504 τὸ
933 1451 1084 1519 σῆμα
1116 1449 1212 1502 τοῦ
1244 1449 1477 1520 Λοκροῦ.
1525 1452 1637 1504 Καὶ
1682 1450 1875 1519 διαμέ-

278 1562 360 1598 νει
393 1548 456 1614 τῇ
488 1543 641 1596 πόλει
668 1542 927 1612 τοῦνομα,
961 1540 1176 1612 τιμώσῃ
1205 1545 1270 1611 τῇ
1303 1542 1495 1613 κλήσει
1524 1542 1615 1594 τὸν
1642 1542 1872 1613 Λοκρόν.

276 1633 434 1686 Οὕτω
460 1633 565 1703 μὲν
586 1634 713 1705 [εει
744 1631 837 1703 Η.]
867 1632 960 1684 καὶ
984 1633 1018 1702 ή
1038 1633 1197 1702 τρίτη
1222 1632 1493 1703 διήγησις.
1513 1633 1675 1687 Ἀλλὰ
1702 1633 1753 1686 τί
1783 1651 1875 1703 μοι

1976 541 2097 583 ctus
2141 540 2195 584 et
2223 532 2335 599 ipse
2378 532 2578 601 abegit.
2617 530 2732 598 Qua
2769 548 2826 586 re
2876 534 3133 601 cognita,
3174 531 3432 589 Hercules
3467 534 3579 589 telo

1976 625 2152 690 ipsum
2190 621 2477 689 trajectum
2528 625 2746 686 occidit,
2781 623 3055 693 bovesque
3095 625 3319 693 recepit.
3368 624 3577 679 Locrus

1976 713 2051 767 ibi
2108 713 2326 768 Herculi
2387 721 2659 780 metuens,
2709 729 2778 767 ne
2825 714 2954 783 quid
3005 715 3228 783 gravius
3283 714 3575 769 forsitana

1976 805 2171 859 Latino
2205 814 2489 873 pateretur
2521 806 2635 876 (qui
2662 806 2967 861 excellente
3012 817 3132 860 erat
3176 813 3232 859 et
3286 806 3470 858 animo
3522 816 3580 859 et

1976 900 2247 969 corpore),
2271 907 2471 952 mutata
2505 910 2657 952 veste
2688 901 2740 952 in
2773 898 3005 968 hospitis
3030 900 3290 952 auxilium
3322 911 3580 967 egressus

1977 1004 2081 1047 est.
2102 991 2365 1047 Hercules
2386 1008 2519 1048 vero
2554 1002 2866 1047 currentem
2889 994 3066 1059 ipsum
3101 992 3355 1055 intuitus,
3379 993 3575 1045 alium-

1977 1098 2085 1153 que.
2106 1098 2226 1139 esse
2257 1096 2435 1149 ratus,
2458 1084 2551 1155 qui
2589 1084 2890 1138 subsidium
2926 1082 3069 1138 l'erre
3103 1082 3297 1137 Latino
3329 1095 3579 1137 matura-

1979 1186 2086 1239 ret,
2134 1177 2299 1231 misso
2336 1178 2518 1246 jacnlo
2552 1177 2835 1231 interimit.
2880 1175 2982 1230 Ubi
3022 1188 3199 1230 tamen
3244 1186 3430 1245 postea
3463 1190 3578 1229 rem

1978 1269 2256 1336 cognovit.
2294 1270 2530 1323 amicum
2564 1269 2724 1333 luxit,
2755 1284 2817 1323 ac
2842 1269 2990 1340 jnsta
3022 1270 3097 1321 illi
3127 1268 3411 1336 persolvit,
3439 1268 3581 1322 vita-

1981 1375 2085 1425 que
2134 1376 2258 1415 cum
2311 1362 2662 1426 decessisset,
2716 1361 2913 1430 populo
2967 1375 3256 1429 apparens,
3296 1362 3482 1415 urbem
3524 1360 3578 1415 in

1981 1451 2137 1506 ltalia
2182 1453 2419 1507 condere
2472 1453 2660 1507 eodem
2706 1454 2830 1507 loco
2854 1452 3042 1520 jussit,
3077 1453 3165 1507 ubi
3197 1451 3357 1507 Locri
3392 1453 3577 1522 sepul-

1980 1545 2171 1599 chrum
2204 1545 2328 1598 l'nit.
2372 1544 2505 1599 llinc
2538 1562 2732 1599 nomen
2762 1547 2880 1599 urbi
2912 1555 3120 1612 manet,
3164 1562 3285 1615 qua:
3330 1546 3414 1599 vel
3461 1546 3579 1615 ipso

1979 1637 2064 1691 sui
2104 1638 2343 1692 nominis
2371 1638 2638 1691 vocabulo
2667 1637 2900 1691 Locrum
2938 1639 3188 1691 honorat.
3234 1638 3328 1693 Sic
3360 1639 3575 1706 quidem

270 1724 355 1776 δεῖ
405 1723 613 1793 μικροῦ
668 1723 1043 1794 μεταγράφειν
1073 1722 1310 1791 ταύταςῘ,
1335 1723 1454 1777 δέον
1492 1725 1673 1795 πολλῷ
1700 1742 1873 1794 κεφα-

1983 1731 2139 1783 tertia
2172 1731 2333 1783 refert
2360 1732 2625 1784 narratio.
2666 1731 2769 1784 Sed
2809 1731 2938 1800 quid
2983 1746 3082 1800 ego
3116 1730 3212 1785 has
3246 1732 3312 1784 ad
3349 1732 3574 1787 verbum

266 1816 565 1870 λαιωδέστε
575 1833 668 1888 ρον
697 1816 947 1870 ἐπελθεῖν
963 1833 979 1883 ;

350 1998 421 2051 Ἦ
453 2000 642 2053 τοίνυν
674 1999 715 2052 δ’
740 1999 990 2069 διήγησις
1010 1999 1080 2051 τὰ
1103 1999 1232 2070 περὶ
1259 1998 1512 2053 Ὀλύνθου
1540 1999 1642 2067 τῆς
1666 2000 1874 2065 πόλεως

265 2090 363 2143 καὶ
390 2090 710 2160 Στρυμόνος
735 2090 831 2142 τοῦ
857 2089 1091 2159 Θρᾳκῶν
1136 2088 1560 2159 βασιλεύσαντος
1587 2092 1873 2159 ἀπαγγέλ-

265 2184 384 2249 λει,
420 2176 486 2237 οὗ
524 2184 621 2237 καὶ
650 2185 679 2236 ό
706 2182 875 2237 πάλαι
903 2182 1149 2245 Ἠιονεὺς
1167 2182 1214 2214 ³⁸
1254 2181 1503 2252 ποταμὸς
1548 2182 1835 2254 ἐπώνυμος
1856 2201 1871 2214 ·

268 2279 367 2331 καὶ
398 2279 485 2331 ὅτι
519 2276 710 2338 παῖδες
759 2275 908 2345 αὐτῷ
946 2277 1097 2345 τρεῖς
1127 2275 1460 2342 γεγόνασι²⁷,
1497 2273 1751 2343 Βράγγας
1782 2276 1875 2329 καὶ

281 2371 524 2440 Ῥῆσσος
556 2369 655 2423 καὶ
682 2367 966 2430 Ὄλυνθος,
1000 2367 1096 2420 καὶ
1131 2365 1362 2436 Ῥῆσσος
1404 2367 1502 2437 μὲν
1545 2368 1636 2418 ἐπὶ
1673 2368 1876 2437 Τροίαν

272 2464 517 2534 Πριάμῳ
553 2460 965 2530 συστρατεύσας
1013 2460 1319 2529 ἀναιρεῖται
1365 2459 1509 2529 χειρὶ
1550 2459 1883 2533 Διομήδους,

276 2553 551 2616 Ὄλυνθος
582 2553 640 2605 δὲ
668 2552 844 2605 λέοντι
894 2550 1097 2613 συστὰς
1128 2548 1393 2612 ἑκουσίως
1415 2549 1460 2581 ’⁸
1488 2549 1545 2602 ἐν
1572 2567 1680 2603 τινι
1710 2568 1876 2622 κυνη-

270 2648 460 2717 γησίῳ
491 2648 712 2714 θνήσκει
737 2661 753 2675 ·
785 2643 883 2697 καὶ
928 2644 1188 2714 Βράγγας
1222 2645 1250 2695 ὁ
1280 2642 1510 2711 ἀδελφὸς
1537 2643 1711 2697 πολλὰ
1739 2662 1875 2699 κατ-

269 2742 448 2810 ολοιρυ
457 2741 687 2809 ρόμενος
715 2738 813 2807 τὴν
843 2753 907 2788 συ
918 2737 1157 2806 μφοράν,
1190 2734 1453 2788 Ὄλυνθον
1482 2729 1635 2807 ᾧπερ
1658 2737 1875 2791 ἐτελεύ-

269 2851 409 2903 τησε
444 2833 595 2901 τόπῳ
622 2832 838 2884 θάπτεν
872 2831 951 2892 εἰς
980 2828 1231 2881 Σιθονίαν
1259 2828 1315 2881 δὲ
1348 2828 1683 2898 ἀφικόμενος
1718 2831 1875 2883 πόλιν

268 2927 497 2978 ἔκτισεν
524 2923 822 2993 εὐδαίμονα
855 2922 951 2974 καὶΙ
993 2919 1528 2991 μεγάλην,“ολυνθον
1568 2921 1739 2992 αὐτὴν
1767 2924 1877 2976 ἀπὸ

269 3017 371 3070 τοῦ
405 3015 603 3078 παιδὸς
633 3014 930 3083 ὀνομάσας.

1979 1833 2115 1886 pene
2154 1820 2479 1885 transcribo,
2512 1836 2635 1875 cum
2667 1821 2834 1874 multo
2866 1820 2978 1875 sint
3022 1820 3127 1877 illae
3168 1822 3387 1877 brevius
3440 1824 3575 1878 mihi

1976 1910 2359 1977 percurrendte
2383 1910 2407 1963 ?

2050 1998 2248 2065 Quarta
2281 2010 2467 2054 narrat
2519 2001 2586 2054 de
2620 2001 2856 2073 Olyntho
2911 2002 3023 2073 (63)
3082 2004 3299 2072 oppido,
3337 2012 3391 2057 et
3422 2002 3577 2074 Stry-

1977 2106 2138 2146 mone
2170 2092 2443 2147 Thracum
2469 2109 2598 2162 rege
2629 2113 2641 2148 :
2682 2110 2792 2164 quo
2826 2095 2955 2150 item
2992 2099 3211 2151 nomine
3259 2095 3453 2152 ﬂuvius
3487 2098 3577 2151 ille

1977 2183 2299 2251 appellatus,
2349 2186 2438 2252 qui
2473 2189 2601 2239 olim
2650 2187 2863 2242 Eoneus
2918 2189 3223 2243 dicebatur.
3274 2188 3411 2243 Huic
3465 2198 3579 2243 tres

1978 2274 2292 2329 referuntur
2316 2278 2424 2330 nati
2460 2293 2583 2332 esse
2618 2278 2733 2343 lilii,
2764 2278 3037 2348 Brangas,
3067 2278 3302 2345 Rhesus,
3332 2290 3387 2335 et
3410 2280 3577 2350 Olyn-

1978 2370 2126 2423 thus.
2163 2370 2221 2424 ln
2256 2371 2340 2423 his
2370 2369 2607 2433 Rhesus,
2637 2386 2735 2441 pro
2772 2371 2989 2427 Priamo
3026 2373 3088 2425 ad
3125 2373 3276 2427 Ilium
3308 2374 3574 2438 militans,

1977 2465 2252 2520 Diomedis
2287 2482 2446 2519 manu
2478 2480 2652 2519 caesus
2678 2467 2955 2521 occubuit.
2994 2464 3260 2537 Olynthus
3284 2467 3426 2520 ultro
3448 2483 3571 2521 cum

1976 2555 2131 2610 leone
2162 2557 2215 2610 in
2249 2556 2540 2609 venatione
2574 2571 2901 2621 congressus
2934 2558 3111 2625 periit,
3145 2572 3303 2624 quem
3333 2557 3576 2627 Brangas

1978 2648 2149 2701 frater
2202 2646 2471 2701 infelicem
2522 2662 2709 2701 casum
2752 2649 3107 2701 vehementer
3142 2646 3456 2717 deplorans,
3480 2663 3578 2701 eo-

1977 2742 2122 2804 dem,
2158 2754 2268 2810 quo
2294 2740 2491 2794 cecidit
2535 2741 2652 2795 loco
2711 2740 3084 2809 sepeliendum
3126 2740 3358 2793 curavit.
3394 2742 3448 2793 in
3490 2741 3576 2795 Si-

1980 2831 2219 2887 thoniam
2253 2848 2382 2887 vero
2406 2833 2620 2888 delatus
2666 2833 2802 2903 ipse,
2842 2836 3031 2887 urbem
3056 2833 3127 2886 ibi
3161 2833 3423 2896 condidit,
3456 2832 3581 2887 feli-

1977 2937 2095 2977 cem
2147 2939 2279 2977 sane
2328 2938 2391 2977 ac
2435 2939 2681 2993 magnam
2742 2939 2905 2993 quam
2961 2923 3258 2993 Olynthum
3309 2924 3460 2993 pueri
3509 2927 3579 2980 de

1988 3018 2207 3072 nomine
2241 3018 2587 3086 nuncupavit.

358 3110 428 3163 Ἢ
458 3116 499 3162 ε’
527 3108 643 3181 [τὰ]
690 3109 818 3179 περὶ
852 3106 1104 3178 Ῥηγίνου
1127 3107 1172 3139 ²⁹
1205 3106 1301 3160 καὶ
1349 3105 1594 3177 Εὐνόμου
1638 3108 1734 3161 τοῦ
1767 3109 1873 3161 Λο-

2053 3110 2248 3176 Qninta
2281 3112 2347 3164 de
2396 3110 2644 3179 lihegino
2674 3108 2787 3180 (6i)
2818 3109 3078 3178 quodam,
3116 3117 3169 3163 et
3204 3109 3449 3165 Eunomo
3472 3109 3579 3164 Lo-

268 3200 415 3272 κροῦ
449 3200 557 3252 τῶν
588 3199 902 3269 κιθαρῳδῶν
945 3199 1050 3268 τὴν
1086 3200 1329 3269 ἱστορίαν
1362 3202 1622 3263 ποιεῖται,
1655 3200 1750 3253 καὶ
1799 3201 1875 3265 ὡς

270 3298 355 3359 εἰς
402 3293 647 3361 Δελφοὺς
676 3292 946 3360 ,ἀφίκοντο
965 3308 979 3324 ο
1012 3292 1108 3344 καὶ
1138 3292 1219 3345 ὃτι
1248 3290 1481 3362 ποταμῷ
1516 3292 1874 3363 διοριζόμενοι

284 3385 536 3457 Ῥηγῖνοί
570 3404 631 3439 τε
660 3386 755 3440 καὶ
779 3385 980 3456 Λοκροὶ
1004 3384 1201 3457 (Ἃληξ
1226 3385 1395 3455 ὄνομα
1422 3387 1501 3456 τῷ
1532 3388 1797 3456 ποταμῷ)
1823 3388 1874 3441 oi

274 3480 380 3549 μὲν
414 3480 692 3549 ἀφώνους,
719 3483 752 3549 ή
784 3479 840 3532 δὲ
875 3479 1076 3547 Λοκρὶς
1105 3478 1333 3549 ᾄδοντας
1366 3478 1479 3548 ἔχει
1523 3480 1650 3541 τοὺς
1698 3482 1874 3533 τέττι-

1988 3207 2165 3260 crensi
2203 3204 2543 3258 citharoedis.
2573 3201 2759 3257 Refert
2789 3201 2888 3255 hos
2923 3202 3137 3256 venisse
3169 3200 3524 3272 Delphos(65)
3560 3221 3574 3256 :

1984 3297 2259 3365 Rheginos
2326 3306 2504 3349 autem
2570 3305 2734 3364 atque
2796 3293 3103 3348 Locrenses
3178 3291 3445 3359 ﬂumine,
3487 3298 3579 3350 cui

1982 3405 2177 3445 nomen
2233 3390 2407 3453 Alex,
2446 3380 2688 3455 separari
2747 3404 2760 3440 :
2823 3396 2878 3441 et
2922 3386 3042 3441 illos
3094 3387 3315 3455 quidem
3375 3396 3577 3456 inulas,

1980 3480 2282 3535 Locrenses
2324 3493 2455 3533 vero
2488 3477 2706 3531 vocales
2748 3476 2952 3529 habere
2991 3476 3228 3530 cicadas.
3269 3474 3403 3530 Cum
3428 3475 3578 3531 Rhe-

268 3588 381 3639 γας
411 3590 427 3601 ·
486 3571 585 3623 καὶ
628 3570 703 3633 ὡς
753 3570 952 3641 ἐρίζων
984 3568 1226 3639 Εὔνομος
1252 3569 1331 3639 τῷ
1363 3571 1603 3641 Ῥηγίνῳ
1632 3571 1760 3643 [428
1785 3570 1873 3643 1%.]

1980 3573 2107 3642 gino
2138 3571 2265 3623 item
2292 3570 2716 3625 contendentem
2744 3567 3095 3633 Eunomium,
3124 3566 3327 3623 cicadae
3350 3580 3579 3623 cantan-

271 3663 530 3730 τέττιγος
558 3662 667 3732 ᾠδῇ
702 3664 895 3731 κρατεί
930 3661 1025 3714 τοῦ
1070 3662 1873 3732 ἀνταγωνιστοῦ.Έπταχόρδου

1981 3665 2052 3717 tis
2083 3662 2283 3717 auxilio
2329 3662 2530 3717 vlcisse
2565 3660 2964 3715 adversarium.
3014 3659 3150 3715 Cum
3184 3661 3328 3715 enim
3366 3672 3575 3731 septem

271 3754 388 3823 γὰρ
416 3753 545 3805 τότε
572 3755 675 3822 τῆς
705 3753 972 3823 ἁρμονίας
990 3751 1181 3821 οὔσης,
1206 3753 1300 3805 καὶ
1332 3754 1461 3821 μιᾶς
1490 3754 1749 3823 ῥαγείσης
1770 3753 1873 3807 τῶν

1980 3754 2180 3810 lidibus
2223 3754 2433 3808 cithara
2478 3763 2625 3808 esset
2658 3754 2943 3816 instructa,
2981 3768 3199 3821 unaque
3243 3755 3575 3809 chordarum

280 3843 515 3913 χορδῶν,
545 3842 725 3910 τέττιξ
746 3843 985 3907 ὲπιπτὰς
1010 3846 1078 3914 τῇ
1111 3842 1316 3914 κιθάρᾳ
1340 3843 1402 3895 τὸ
1433 3842 1619 3897 λεῖπον
1647 3846 1879 3916 ἀνεπλή-

285 3952 433 4006 ρωσε
454 3936 555 4005 τῆς
583 3933 747 4004 ᾠδῆς-

1977 3856 2132 3916 rupta
2161 3846 2514 3909 dissiluisset,
2541 3846 2768 3899 cithara:
2800 3845 3063 3901 advolans
3088 3845 3276 3901 cicada
3307 3846 3574 3916 reliquum

1975 3950 2170 3994 c:mtus
2199 3936 2471 4006 supplevit
2497 3936 2633 4008 (66).

1595 4029 1834 4084 VARle
1864 4030 2165 4087 LECTION
2173 4033 2274 4086 ES.

345 4119 399 4151 η
442 4119 660 4183 νιωνεὺς
695 4138 756 4185 ς,
834 4126 880 4159 ιτ
907 4121 1133 4190 γέγονεν
1163 4122 1230 4177 Α.
1310 4121 1357 4153 ⁸⁸
1386 4120 1636 4185 ἑκούσιος
1666 4139 1724 4186 ς.

1806 4123 1853 4153 ²⁰
1899 4122 2183 4195 Ῥηγίνου]
2233 4124 2563 4196 Ἀρίστωνος
2591 4120 2688 4176 τοῦ
2730 4121 2985 4193 Ῥηγίνου
3014 4121 3279 4195 Heynius.

1848 4211 2060 4268 NOTAE

348 4307 471 4378 (63)
494 4306 765 4378 Olynthus
783 4303 1353 4378 Thracizeurbsapud
1384 4302 1686 4378 Sitltottiam
1708 4302 1878 4378 Blaec-

277 4372 464 4449 doitite
491 4372 573 4449 ab
589 4376 824 4449 Olyntho
855 4377 1101 4449 Herculis
1132 4376 1241 4449 lilio
1263 4376 1506 4449 condita.
1529 4372 1872 4449 S‘teplnliyz.

1986 4304 2247 4370 ανελθὼν,
2289 4305 2384 4360 καὶ
2419 4305 2741 4376 συμφωνίαν
2772 4304 3002 4373 ἀρίστην
3040 4303 3347 4367 ἀναλαϐὼν,
3382 4304 3572 4374 ᾅσεταί

1984 4393 2038 4429 τι
2107 4377 2268 4445 μέλος
2322 4377 2689 4447 εὐδαιμονίας,
2749 4377 2893 4447 ἀντὶ,
2925 4377 3025 4443 τῆς
3077 4376 3171 4447 νῦν
3236 4376 3567 4447 τραγῳδίας,

354 4448 472 4517 (64)
491 4445 799 4501 Aristonem
826 4449 966 4501 hunc
994 4445 1675 4518 Hheginumcitharmdttni
1709 4445 1875 4518 fuisse
1909 4515 1938 4518 _
1983 4446 2082 4516 ἡδὺ
2131 4448 2225 4518 καί
2266 4445 2542 4518 τερπνόνξ
2577 4448 2687 4518 και
2715 4450 2827 4507 τοῖς
2872 4445 3063 4518 ἔπειτα
3100 4445 3208 4518 τῶν
3241 4446 3567 4518 ὰνθρώπῳν,

277 4514 811 4599 appellatttttt,leges
833 4533 968 4599 omni
988 4514 1292 4599 fabtilahae
1319 4518 1599 4599 t‘olaapud
1619 4514 1872 4599 Strabott.
1908 4515 1953 4569 D
1981 4514 2101 4599 oux}
2158 4514 2400 4599 Εὔνομος
2457 4516 2760 4599 uespera;
2796 4518 2905 4599 fit}
2939 4516 3134 4599 τέττιξ
3160 4587 3171 4599 1
3199 4514 3568 4599 possespbe

280 4584 380 4643 lib.
416 4604 488 4649 Vl,
520 4590 622 4643 sub
650 4584 809 4642 ﬁnem
852 4588 1041 4642 ltalite.
1070 4586 1293 4654 Etapnd
1320 4584 1649 4653 Antigonum
1678 4584 1873 4640 Mirab.

280 4669 495 4715 narrat.
532 4674 568 4715 ι.
613 4659 745 4714 Vide
780 4667 837 4711 et
879 4658 1053 4712 Clem.
1090 4658 1357 4711 Alexand.
1397 4656 1515 4719 ipso
1557 4670 1681 4709 mox
1726 4657 1879 4711 initio

279 4730 549 4798 Protrep.
578 4742 632 4785 et
670 4728 765 4782 lib.
842 4744 910 4789 tv,
950 4728 1133 4798 Epigr.
1186 4727 1360 4781 Graec.
1396 4723 1609 4779 Pausan
1643 4766 1657 4780 .
1707 4726 1876 4781 Eliac.

278 4812 493 4871 p05ter.
527 4811 690 4870 atque
718 4799 949 4868 Adagia.

359 4871 477 4941 (65)
522 4866 815 4926 Certamen
846 4866 997 4937 apud
1064 4868 1312 4941 Delphos
1354 4866 1673 4941 antiquitus
1712 4866 1879 4941 fuisse

279 4937 739 5005 citliartetloruttt,
798 4945 952 4995 testis
1002 4937 1221 5001 Strabo,
1264 4939 1353 4990 lib.
1399 4956 1476 5001 Ix,
1516 4941 1565 4991 in
1614 4937 1874 4991 Phocide.

358 5012 475 5083 (66)
515 5011 663 5083 Usus,
691 5021 777 5065 est
817 5013 917 5065 hac
953 5011 1131 5066 fabula
1163 5009 1388 5062 Photius
1428 5011 1477 5083 in
1508 5009 1742 5083 quadam:
1778 5024 1875 5083 sua

281 5076 517 5155 epistola
537 5084 604 5137 ad
638 5082 902 5137 Joannem
932 5082 1243 5155 patricium,
1282 5081 1559 5133 exercitus
1592 5077 1642 5155 in
1669 5076 1875 5131 Grtecia

281 5148 508 5216 ducem,
539 5168 702 5223 quam
743 5156 788 5223 si
825 5148 1051 5223 hic—tibi
1088 5165 1411 5223 apposuero,
1461 5164 1568 5203 non
1608 5148 1876 5223 ingratum

282 5226 407 5281 fore
452 5219 658 5294 putavi.
685 5222 928 5290 Εὔνομος
948 5220 1088 5294 ᾄδων
1126 5219 1473 5294 ἐσεμνύνετο,
1509 5219 1748 5294 (potat/,6
1776 5220 1878 5270 Λο-

281 5290 564 5367 κρός-’καὶ
584 5290 679 5367 ᾖδε
699 5296 807 5364 γὰρ
827 5290 1034 5361 θέλγιυν
1058 5296 1154 5367 καὶ
1180 5290 1660 5367 κηλούμενος-τοὺς
1674 5292 1877 5367 clupea.

281 5353 572 5430 τᾶςξΜιᾶς
584 5353 640 5420 δέ
654 5353 788 5419 πότέ
799 5353 1057 5435 ῥαγείσης
1073 5362 1224 5432 αὐτῴ
1240 5353 1653 5435 χορδῶνηέττιξ
1670 5353 1772 5435 sui:
1784 5361 1875 5410 τὸν

283 5429 472 5507 πῆχυν
496 5438 728 5507 καθίσας
745 5429 836 5489 τόν
866 5429 1110 5507 φθόγγον⁸
1142 5429 1453 5507 ἀνεπλήρου
1479 5433 1577 5507 τῆς
1612 5429 1877 5507 ῥαγείσης

282 5501 507 5587 χορδῆς3
540 5509 633 5560 καὶ
662 5504 746 5587 ᾖν.
760 5501 988 5587 βὺνόμιρ
1015 5501 1180 5587 πάλιν
1206 5503 1374 5587 ᾄῖδεινν,
1398 5501 1473 5564 ὡς
1496 5503 1558 5553 τὸ
1590 5502 1874 5587 πρότερον,

283 5571 579 5649 ἔμ’μελῶς·
626 5571 777 5630 εἶδέ
824 5571 1065 5649 γεἠμῖν
1132 5571 1677 5649 ἁιντὶὲήτέττιγοςκαὶ
1718 5571 1875 5649 ξένης

280 5641 456 5719 ᾦδῆς,
486 5649 587 5718 τῆς
628 5652 726 5721 σῆς
760 5641 1097 5721 φιλίαςξούκ
1127 5641 1223 5721 οἷδ’
1254 5644 1379 5721 ὅθεν
1417 5643 1874 5721 περιρῥαγείρης,

278 5712 959 5791 ’άποκαταστήσαςπάλιν
1007 5717 1266 5791 ὲνμτείνεις
1298 5714 1425 5791 τὴν.
1462 5712 1669 5791 νξεῐθμροιν⁸
1692 5751 1709 5775 ,
1746 5712 1875 5791 ἴσως

285 5790 358 5847 ἂν
398 5791 477 5854 εἰς
516 5781 929 5862 τῆν’προτέραν
960 5788 1119 5859 ἡμῶν
1168 5781 1495 5857 ὁλοκληρίαν
1547 5786 1578 5837 ὁ
1620 5781 1731 5851 βίος
1772 5784 1872 5834 ἐπ-

1988 4586 2160 4658 μύθου
2207 4589 2433 4657 πλάσμα
2478 4586 2732 4650 παλαιοῦ,
2783 4588 2898 4640 ἀλλ’
2928 4587 3221 4658 ἀρχιερεὺς
3262 4586 3435 4658 Θεοῦ,
3474 4588 3569 4639 καὶ

1984 4657 2137 4726 φίλος
2184 4659 2365 4721 ἔνθεος
2404 4658 2500 4710 καὶ
2546 4659 2731 4720 καλὸς.
2783 4659 2863 4719 εἰς
2913 4657 3268 4726 παράδειγμα
3316 4657 3410 4709 καὶ
3454 4673 3567 4710 πα-

1983 4725 2203 4799 ροιμίαν
2263 4730 2549 4797 ἐξαρκέσει
2598 4727 2877 4795 ἀληθινήν.
2952 4725 3247 4799 Eunomus,
3300 4739 3357 4799 ut
3394 4728 3565 4792 aiunt,

1983 4795 2202 4852 Loct'ius
2247 4804 2309 4851 de
2360 4795 2517 4852 cantu
2569 4800 2912 4864 gloriabatur.
2982 4795 3049 4849 Et
3120 4798 3382 4850 mulcebat
3439 4815 3568 4852 sane

1983 4869 2385 4939 oblectabatque
2413 4871 2732 4939 auditorem.
2764 4868 2971 4939 Accidit
2996 4880 3211 4939 autem,
3246 4878 3299 4919 ut
3334 4870 3567 4921 chorda-

1979 4956 2099 4993 rum
2131 4942 2245 5007 ejus
2293 4936 2400 4992 una
2433 4938 2593 5008 linter
2623 4936 2940 5008 cauendum]
2976 4938 3172 5005 fracta,
3213 4940 3396 4991 cicada
3443 4954 3567 4991 mox

1981 5010 2340 5079 cithara'jugo
2364 5010 2619 5071 insidens,
2642 5017 2808 5073 rupta;
2837 5010 3050 5061 chorda:
3071 5025 3257 5061 sonum
3279 5009 3563 5077 suppleret.

1983 5078 2163 5143 Quare
2197 5078 2381 5148 'polttil
2446 5079 2713 5133 Eunomus
2753 5079 2966 5142 iterum,
3007 5088 3063 5131 ut
3109 5088 3285 5144 antea,
3331 5082 3567 5132 suaviter

1981 5165 2186 5201 canere.
2217 5153 2281 5201 At
2303 5165 2420 5203 vero
2442 5161 2519 5213 tu,
2536 5150 2580 5201 si
2596 5148 2714 5216 jam
2738 5148 2884 5200 nobis
2902 5164 2996 5216 pro
3014 5151 3198 5201 cicada
3220 5159 3265 5199 et
3283 5150 3559 5217 peregrino

1980 5230 2161 5278 cantu.
2189 5224 2471 5283 abruptum
2494 5235 2597 5284 quo
2620 5219 2787 5271 nescio
2814 5231 2987 5287 pacto,
3034 5220 3281 5271 amicitia:
3311 5230 3415 5271 tua:
3440 5234 3565 5271 ner-

1981 5304 2100 5341 vum
2119 5289 2289 5342 denuo
2312 5300 2610 5342 restuutum
2624 5290 2927 5355 intenderis,
2947 5290 3188 5358 fortassis
3202 5290 3269 5340 ad
3281 5291 3563 5353 pristinam

1979 5359 2332 5426 integritatem
2365 5365 2468 5413 vita
2502 5368 2685 5411 nostra
2731 5373 2994 5419 revocata,
3029 5363 3322 5426 optimoque
3343 5374 3567 5410 concen-

1980 5438 2037 5480 tu
2066 5433 2301 5495 repetito,
2338 5447 2497 5487 mare
2523 5431 2736 5497 aliquod
2770 5440 2926 5499 atque
2964 5432 3265 5498 jucundum
3307 5430 3466 5479 melos
3497 5429 3565 5482 de

1979 5500 2078 5551 hac
2118 5504 2372 5569 tragoedia
2401 5503 2469 5567 lin
2498 5500 2801 5569 felicitatem
2829 5516 2995 5559 uersa,
3042 5502 3299 5553 concinet.
3339 5499 3479 5561 Quin
3512 5510 3562 5550 ct

1978 5586 2072 5636 pro
2097 5572 2385 5624 citharoedo
2408 5574 2645 5623 Eunomo
2675 5586 2793 5622 cum
2824 5572 3007 5622 cicada
3042 5570 3350 5624 cantatrice.
3380 5569 3563 5621 veteris

1980 5638 2178 5706 fabula:
2201 5641 2471 5709 figmento,
2514 5640 2609 5693 Dei
2643 5642 2967 5707 patriarcha,
2997 5640 3305 5707 diuinusque
3350 5637 3465 5706 ejus
3493 5654 3563 5709 ac

1979 5707 2285 5763 laudandus
2327 5714 2553 5777 anticus,
2625 5727 2873 5779 magnum
2918 5714 3047 5765 satis
3075 5711 3366 5778 exemplum
3427 5707 3565 5763 cele-

1981 5779 2170 5849 breque
2196 5782 2391 5836 dictum
2421 5782 2642 5851 posteris
2670 5781 2890 5836 dabunt.
