4022 6486
512 334 615 401 551
867 380 897 402 .-

584 445 744 518 132
766 461 798 499 α
835 444 998 499 Sexta
1017 443 1259 500 narratio
1279 442 1344 499 de
1374 439 1581 511 Mopso.
1612 438 1826 493 Mantus
1863 439 1978 507 (67)
2008 438 2095 492 hic
2124 444 2168 497 Α

510 546 676 601 atque
694 535 958 605 Apollinis
975 535 1115 589 lilius
1151 544 1325 589 matre
1352 534 1749 600 exstincta,pro
1781 540 1932 585 sorte
1948 530 2100 583 velut

511 628 855 683 haereditaria
928 627 1165 681 Clarium
1198 626 1467 695 Apollinis
1519 625 1802 680 oraculum
1870 623 2099 679 obtinet.

512 721 710 775 Eadem
783 727 965 773 autem
1039 726 1364 787 tempestate
1437 714 1672 771 Calchas
1731 714 2101 786 Colophonem

511 816 681 879 venit,
718 829 824 884 qua
871 811 1090 882 Mopsus
1117 813 1398 866 oraculum
1436 821 1628 865 tenens
1676 810 2100 873 vaticinabatur,

511 919 632 977 post
683 906 861 975 Troia:
892 906 1162 961 excidium
1192 906 1427 959 errando
1463 903 1723 971 jactatus.
1772 902 1905 957 Cum
1940 901 2105 970 igitur

510 1000 600 1053 diu
657 998 995 1066 multumque
1044 997 1189 1051 inter
1223 1011 1282 1052 se
1333 995 1753 1058 contenderent,
1785 995 2103 1062 Amphima-

509 1091 646 1145 chus
697 1088 914 1142 tandem
953 1087 1244 1159 Lyciorum
1276 1102 1373 1143 rex
1422 1088 1569 1141 litem
1613 1088 1850 1142 diremit.
1887 1085 2105 1154 Mopsus

510 1178 653 1232 enim
719 1180 786 1232 ad
841 1177 1042 1232 bellum
1088 1187 1375 1233 exeuntem
1420 1178 1719 1250 prohibuit,
1779 1178 1982 1233 victum
2037 1179 2103 1232 iri

511 1270 880 1337 denuntians;
911 1268 1141 1324 Calchas
1174 1282 1363 1325 contra
1396 1270 1683 1325 victoriam
1715 1271 1993 1339 pollicens,
2036 1271 2103 1324 ad

510 1360 820 1413 exeundum
872 1362 1217 1415 hortabatur.
1264 1363 1336 1416 At
1369 1362 1514 1416 victo
1555 1361 1754 1417 deinde
1781 1362 2100 1430 Amphima-

512 1452 638 1514 cho,
686 1452 904 1521 Mopsus
950 1453 1144 1523 majori
1186 1462 1271 1508 est
1322 1453 1533 1510 honore
1577 1453 1826 1519 allectus,
1874 1452 2106 1508 Calchas

512 1545 754 1614 seipsum
787 1545 1011 1599 occidit.

597 1636 843 1705 Septima
892 1635 1059 1691 refert
1104 1636 1537 1693 Philammonem
1580 1637 1885 1696 Philonidis
1915 1640 2100 1706 ﬁlium,

520 1728 638 1798 ejus
667 1745 786 1798 quae
816 1744 881 1782 ex
907 1728 1187 1800 Eosphoro
1206 1732 1529 1786 etCleohtea
1564 1732 1618 1785 in
1644 1734 1838 1787 Attica:
1871 1732 2106 1789 Thorico

1643 326 1908 388 PHOTlI
1949 323 2459 386 PATRIARCHAZ
2509 323 2620 382 ΟΡ.

3695 326 3793 389 552

2278 438 2344 491 ἰι
2382 435 2433 501 ς’
2463 437 2539 499 ὡς
2568 436 2756 506 Μόψος
2804 436 2833 488 ὁ
2873 434 3100 505 Μάντης
3119 435 3164 465 ³⁰
3196 436 3296 489 καὶ
3325 433 3670 497 Ἀπόλλωνος
3706 439 3798 508 τῆς

2208 532 2413 603 μητρὸς
2440 530 2848 599 τελευτησάσης
2881 528 3161 597 ἐκδέχεται
3191 526 3407 598 κλῆρον
3430 527 3495 580 τὸ
3513 528 3585 589 ,ἐν
3606 529 3803 602 Κλάρῳ

2205 623 2541 686 ’Λπόλλωνος
2574 624 2848 693 μαντεῖον.
2880 622 3017 674 Κατ’
3043 622 3221 673 ἐκεῖνο
3250 620 3311 672 δέ
3340 617 3545 690 καιροῦ
3565 620 3803 687 ἀφικνεῖ-

2204 734 2294 770 ται
2311 716 2535 785 Κάλχας
2568 717 2648 778 εἰς
2678 713 2978 782 Κολοφῶνα
2995 753 3009 777 ,
3035 714 3093 765 ἐν
3186 712 3384 782 Μόψος
3414 710 3560 781 ἔχων
3590 712 3723 782 ἔχρα
3746 733 3801 769 το

2210 811 2462 879 μαντεῖον
2481 808 2547 870 ³¹,
2570 807 2709 877 μετὰ
2732 807 2930 876 Τροίας
2954 806 3314 876 πλανώμενος
3339 805 3801 875 ἆλωσιν.”Ηριξον

2206 900 2304 955 οὖν
2351 900 2446 953 ἐπὶ
2495 900 2632 953 πολὺ
2676 899 2950 968 ἀλλήλοις,
2981 898 3077 951 καὶ
3106 898 3470 969 Ἀμφίμαχος
3519 900 3548 951 6
3595 899 3800 953 Λυκίων

2209 991 2463 1061 βασιλεὺς
2513 990 2628 1044 λύει
2678 990 2776 1060 τὴν
2824 990 2975 1057 ἐρινο
3009 988 3103 1041 ἐπὶ
3148 989 3395 1057 πόλεμον
3442 986 3556 1057 γὰρ
3607 988 3801 1052 ἐξιόντα

2205 1084 2394 1154 Μόψος
2444 1083 2543 1153 μὲν
2590 1083 2881 1136 ἐκώλυεν³¹
2912 1076 3085 1153 ἦτταν
3119 1079 3527 1151 προαγγέλλων
3547 1117 3562 1142 ,
3590 1081 3797 1151 Κάλχας

2205 1176 2263 1229 δὲ
2307 1175 2576 1245 ἐπέτρεπε
2601 1175 2760 1243 νίκην
2792 1174 3097 1244 σημαίνων,
3133 1174 3229 1226 καὶ¹
3261 1172 3507 1242 ἡττᾶται
3526 1214 3543 1238 ,
3575 1171 3668 1224 καὶ
3694 1174 3797 1225 Μό-

2205 1270 2307 1338 ψος
2354 1268 2454 1337 μὲν
2493 1269 2587 1320 ἐπὶ
2643 1267 2900 1338 μᾶλλον³³
2949 1265 3209 1338 ἐτιμήθη,
3266 1262 3506 1334 Κάλχας
3552 1263 3598 1316 δ’
3622 1264 3798 1319 ἑαυτὸν

2206 1360 2554 1431 διεχρήσατο.

2289 1634 2359 1687 Ἦ
2405 1631 2452 1698 ζ’
2477 1632 2746 1701 διηγεῖται
2795 1630 2872 1694 ὡς
2922 1628 3225 1700 Φιλάμμων
3262 1630 3404 1692 παῖς
3432 1626 3791 1702 Φύωνίδος⁹ῆ

2207 1723 2431 1792 γέγονεν
2458 1721 2516 1788 ἐξ
2553 1720 2863 1791 Ἑωσφόρου
2914 1720 3010 1772 καὶ
3059 1719 3365 1782 Κλεοϐοίας
3416 1720 3480 1770 ἐν
3530 1716 3738 1790 Θορικῴ
3756 1724 3791 1752 δι

516 1832 640 1873 nata
689 1830 795 1887 est,
839 1822 1129 1877 excellenti
1176 1827 1425 1893 corporis
1468 1825 1871 1894 pulchritudine
1912 1826 2099 1881 fuisse.

2214 1815 2303 1884 τῆς
2334 1813 2609 1883 Ἀττικῆς,
2637 1805 2793 1876 οὗτος
2824 1813 2852 1865 6
2873 1811 3175 1882 Φιλάμμων
3208 1811 3507 1881 ὑπερφυὴς
3535 1811 3597 1863 τὸ
3621 1813 3795 1877 κάλλος

514 1909 889 1981 Nympharum
942 1913 1126 1983 itaque
1170 1930 1332 1968 unam
1384 1916 1746 1971 adolescentis
1780 1932 1967 1972 amore
2006 1934 2100 1972 ca-

518 2017 664 2074 ptam
712 2003 850 2074 (68).
908 2014 1122 2059 uterqu
1152 2009 1318 2060 etiam
1363 2024 1429 2063 ex
1479 2009 1569 2063 illo
1596 2018 1857 2077 gestasse,
1886 2026 1952 2065 ac
1991 2028 2104 2081 prae

521 2098 844 2150 verecundia
894 2111 923 2148 e
972 2094 1353 2165 Peloponneso
1419 2099 1772 2169 digressam,
1822 2110 1878 2155 et
1936 2102 2103 2156 Iittul‘i

520 2185 801 2259 [adverso]
838 2188 1119 2257 appulsam
1146 2189 1447 2261 Thamyrin
1486 2191 1600 2261 (69)
1655 2194 1952 2262 peperisse.
2000 2193 2105 2261 Qui

520 2296 643 2331 cum
670 2295 738 2333 ex
772 2280 995 2347 ephebis
1038 2282 1298 2349 excessit,
1334 2298 1455 2337 eam
1494 2294 1579 2339 est
1614 2284 1809 2339 ﬁdibus
1862 2285 2106 2340 canendo

521 2376 735 2430 laudem
787 2387 1133 2443 consecutus,
1186 2389 1244 2433 ut
1293 2394 1474 2449 regem
1510 2397 1633 2435 eum
1701 2380 1827 2445 sibi,
1890 2384 2103 2436 tametsi

522 2469 841 2538 peregrinus
868 2481 1035 2535 esset,
1072 2469 1290 2542 Scythae
1321 2472 1583 2526 crearint.
1615 2472 1788 2527 Cantu
1824 2488 1951 2528 vero
1979 2488 2106 2528 cum

525 2562 659 2631 ipsis
695 2561 861 2617 Musis
905 2564 1260 2624 contendens,
1301 2565 1648 2635 praemiisque
1688 2565 1878 2619 victori
1908 2581 2109 2635 propo-

525 2654 665 2717 sitis,
700 2654 772 2706 illi
804 2655 1022 2723 quidem
1057 2653 1333 2708 Musarum
1368 2644 1682 2726 contingium
1713 2672 1728 2718 ;
1764 2656 1929 2711 Musis
1954 2672 2106 2722 vero,

526 2746 669 2814 quod
699 2745 816 2813 ejus
859 2762 1093 2809 cumque
1116 2747 1447 2818 delegissent
1475 2766 1489 2813 ;
1532 2750 1778 2804 canendo
1798 2761 2105 2819 superatus,

525 2835 805 2891 oculorum
852 2836 967 2908 (70)
1003 2837 1296 2892 luminibus
1330 2841 1555 2894 orbatus
1590 2850 1693 2894 est.

598 2924 803 2981 Octava
858 2929 925 2983 de
970 2927 1170 2983 Proteo
1230 2928 1490 3000 .r’Egyptio
1538 2940 1659 2985 vate
1700 2941 1917 2994 narrat,
1956 2930 2111 2999 cujus

2206 1910 2443 1976 ἐγένετο.
2485 1906 2602 1960 Μία
2648 1905 2705 1958 δὲ
2755 1904 2865 1957 τῶν
2893 1906 3121 1974 νυμφῶν
3166 1906 3271 1975 ἐρᾷ
3314 1902 3413 1957 τοῦ
3452 1903 3686 1970 νεανίου,
3715 1907 3793 1958 καὶ

2206 1999 2465 2070 ἐγκύμων
2513 1999 2744 2067 γίνεται.
2783 1998 3086 2069 Αίδουμένη
3132 1997 3179 2050 δ’
3207 1998 3445 2065 ἀπαίρει
3484 1996 3790 2068 Πελοποννή-

2208 2109 2326 2156 σου,
2359 2092 2455 2144 καὶ
2484 2094 2564 2154 είς
2590 2089 2689 2162 τὴν
2711 2091 2883 2160 ἀκτὴν
2933 2088 3369 2160 παραγενομένη
3402 2087 3582 2141 τίκτει
3615 2089 3789 2159 κοῦρον

2206 2183 2477 2253 Θάμυριν,
2513 2181 2572 2245 ὃς
2597 2182 2811 2251 ήϐήσας
2842 2181 2934 2233 ἐπὶ
2959 2181 3218 2234 τοσοῦτον
3238 2175 3352 2250 ἧκε
3375 2179 3705 2251 κιθαρῳδίας
3727 2182 3789 2244 ὡς

2205 2278 2304 2331 καὶ
2335 2276 2562 2347 βασιλέα
2590 2276 2762 2344 σφῶν,
2794 2275 2998 2345 καίπερ
3030 2274 3320 2345 ἐπηλύτην
3342 2275 3390 2307 ⁸⁸
3420 2273 3576 2335 ὄντα,
3608 2274 3791 2338 Σκύθας

2208 2369 2793 2439 ποιήσασθαι.Ἐρίσας
2810 2367 2866 2419 δὲ
2893 2367 2988 2420 καὶ
3006 2367 3051 2399 ³⁸
3072 2368 3191 2428 ταῖς
3205 2367 3469 2428 Μούσαις
3497 2366 3635 2436 ὑπὲρ
3653 2365 3788 2436 ᾠδῆς,

2208 2463 2301 2517 καὶ
2340 2463 2516 2517 ἄθλων
2548 2461 2625 2532 τῷ
2645 2463 2923 2531 νικήσαντι
2944 2459 3230 2521 τεθέντων,
3267 2458 3478 2528 ἐκείνῳ
3514 2457 3611 2528 μὲν
3632 2456 3783 2521 τοὺς⁸¹

2208 2555 2440 2609 Μουσῶν
2492 2554 2724 2623 γάμους,
2759 2552 3000 2615 ἐκείναις
3047 2551 3105 2603 δὲ
3155 2551 3184 2604 6
3233 2551 3456 2604 ἐλοιντο
3488 2549 3600 2603 τῶν
3629 2549 3782 2613 αὐτοῦ,

2210 2648 2445 2718 ἐξεκόπη
2472 2647 2600 2711 τοὺς
2628 2646 2945 2716 ὀφθαλμοὺς
2971 2643 3247 2717 ἡττηθείς.

2294 2938 2359 2990 Ἦ
2394 2942 2443 3006 η’
2459 2935 2501 2968 ³⁸
2522 2934 2793 3005 διηγεῖται
2822 2932 2890 2987 τά
2918 2932 3049 3003 περ).
3079 2930 3367 3004 Πρωτέως
3395 2929 3494 2982 τοῦ
3519 2925 3784 2995 Αἰγυπτίου

530 3020 637 3074 lilia
671 3019 928 3076 Theonoe
961 3021 1168 3076 Canobi
1204 3023 1270 3093 (is
1297 3023 1409 3094 (7i)
1448 3023 1673 3077 Menelai
1721 3024 1864 3078 illius
1894 3024 2110 3091 Trojani

2216 3028 2494 3099 μάντεως,
2525 3018 2586 3080 οὗ
2615 3028 2648 3097 ἠ
2681 3026 2929 3096 θυγάτηρ
2962 3024 3161 3093 Θεονόη
3213 3020 3523 3094 ἐρασθεῖσα
3555 3016 3784 3073 Κανώϐου

527 3112 819 3167 nauclerus
843 3114 982 3185 erat)
1016 3129 1201 3170 amore
1227 3126 1408 3185 capta,
1437 3125 1564 3170 voto
1596 3114 1914 3172 frustratur.
1946 3117 2110 3173 Addit

2218 3124 2305 3198 (ἦν
2333 3126 2377 3179 δ’
2400 3119 2557 3188 οὗτος
2583 3123 2923 3193 κυϐερνήτης
2952 3121 3227 3175 Μενελάου
3254 3117 3360 3171 τοῦ
3383 3114 3576 3186 Τρώου
3594 3113 3656 3183 ³⁹)
3673 3113 3785 3165 ἀπο-

528 3207 802 3274 quomodo
853 3204 1111 3262 Canobus
1160 3208 1433 3263 formosus
1477 3209 1815 3275 adolescens,
1860 3210 2108 3265 abeunti-

2219 3218 2475 3289 τυγχάνει
2497 3234 2512 3250 ο
2534 3218 2631 3270 καὶ
2652 3217 2730 3278 ὡς
2753 3216 2781 3267 6
2797 3212 3059 3276 Κάνωϐος
3085 3210 3251 3274 καλὸς
3279 3209 3387 3263 καὶ
3418 3207 3538 3270 νέος
3556 3204 3785 3275 ἀπαίρον-

529 3302 631 3353 bus
685 3314 747 3352 ex
783 3296 1038 3369 Egypto,
1081 3306 1172 3368 qui
1219 3300 1287 3354 ad
1319 3315 1438 3354 eam
1486 3300 1827 3369 appulerant,
1869 3300 2112 3357 Menelao

529 3399 691 3459 atque
721 3389 943 3455 llelena,
977 3406 1004 3444 a
1035 3392 1217 3461 vipera
1251 3408 1463 3447 morsus
1487 3393 1619 3464 (72),
1654 3394 1784 3449 tibia
1824 3395 2115 3462 labefacta,

528 3492 653 3550 post
686 3498 793 3537 non
826 3485 919 3536 diu
965 3485 1256 3550 interierit,
1280 3496 1336 3538 et
1365 3501 1397 3539 a
1424 3486 1667 3540 Menelao
1719 3497 1885 3556 atque
1914 3488 2115 3542 llelena

531 3575 584 3628 in
616 3574 851 3646 Egypto
880 3576 1128 3645 sepultus
1154 3577 1226 3630 sit
1258 3594 1273 3630 :
1309 3577 1398 3630 ubi
1427 3594 1570 3631 nunc
1597 3594 1814 3648 quoque
1840 3582 2118 3648 cognomi-

532 3668 618 3722 nis
671 3668 720 3721 ei
762 3668 952 3723 civitas
1010 3670 1229 3724 condita
1268 3682 1371 3725 est.
1433 3673 1574 3738 Quin
1629 3683 1684 3726 et
1725 3670 1974 3724 ultimum
2012 3670 2117 3725 Nili

531 3758 774 3815 ﬂuminis
796 3762 1062 3815 ostiorum
1082 3761 1353 3829 Canobus,
1384 3764 1468 3818 vel
1499 3764 1870 3817 Canobicuma
1902 3763 2120 3818 naucle-

538 3868 599 3906 ro
623 3851 712 3906 illo
741 3868 939 3906 nomen
966 3853 1156 3907 trahit.

601 3939 755 3996 Nona
816 3944 881 3995 de
927 3942 1289 3998 Semiramide
1343 3945 1455 4016 (75)
1525 3945 1766 3999 narratio
1812 3954 1917 4000 est.
1966 3944 2121 4001 Hanc

535 4048 643 4086 non
686 4049 935 4098 uxorem,
974 4043 1031 4088 ut
1065 4035 1154 4087 alii
1188 4036 1567 4104 prodiderunt,
1606 4040 1701 4091 sed
1754 4038 1918 4090 ﬁliam
1951 4037 2120 4091 fuisse

536 4124 658 4179 Nini
681 4126 880 4181 tradit:
903 4136 958 4181 et
979 4138 1036 4179 ut
1064 4128 1301 4183 breviter
1319 4128 1516 4193 dicam,
1536 4145 1878 4198 quaecunque
1900 4130 1990 4183 alii
2006 4128 2118 4199 (74)

538 4219 751 4272 Atossaa
816 4218 1056 4290 Assyria:
1126 4220 1453 4284 attribuunt,
1518 4222 1605 4276 hic
1666 4222 1733 4274 ad
1799 4221 2121 4277 Semiramio

541 4311 665 4364 dem
693 4311 875 4365 omnia
903 4312 1087 4366 retulit
1111 4327 1125 4364 :
1173 4313 1315 4366 haud
1342 4312 1476 4376 scio,
1514 4329 1580 4367 an
1608 4314 1734 4383 quia
1759 4313 1968 4369 duobus
2000 4328 2119 4368 eam

540 4405 849 4459 nominibus
902 4406 1227 4476 appellatam
1276 4408 1490 4462 censuit
1525 4425 1538 4460 :
1578 4424 1645 4461 an
1681 4424 1870 4462 eorum
1902 4423 2022 4477 quae
2056 4410 2122 4463 de

2216 3328 2308 3374 τος
2351 3309 2631 3364 Μενελάου
2673 3307 2803 3379 [222
2837 3303 2931 3377 H.]
2976 3306 3071 3359 ἀπ’
3104 3303 3398 3371 Αἰγύπτου
3452 3300 3547 3353 καὶ
3576 3296 3785 3364 Ἑλένης,

2220 3404 2313 3457 καὶ
2346 3386 2875 3472 προσορμισαμένων
2896 3397 2942 3429 ⁸ο
2970 3399 3039 3469 τῇ
3068 3399 3140 3468 γῇ
3161 3436 3177 3461 ,
3210 3396 3328 3449 ὑπὸ
3361 3394 3577 3464 ἐχίδνης
3603 3388 3787 3459 δηχθεὶς

2219 3497 2313 3547 καὶ
2347 3494 2538 3556 σαπεις
2561 3492 2622 3545 τὸ
2655 3490 2846 3552 σκέλος
2877 3488 2993 3559 μετ’
3022 3488 3084 3541 ού
3118 3486 3253 3540 πολὺ
3283 3485 3521 3555 θνήσκει
3543 3494 3557 3511 ·
3585 3481 3673 3534 καὶ
3692 3480 3786 3531 Με·

2218 3585 2406 3649 νέλαος
2440 3585 2535 3638 καὶ
2570 3582 2759 3652 Ἑλένη
2795 3581 3093 3635 θάπτουσιν
3122 3579 3289 3632 αὑτὸν
3318 3577 3414 3629 ἐπ’
3434 3560 3785 3643 Αἱγύπτου,οῧ

2219 3679 2313 3733 νῦν
2348 3676 2634 3747 ἐπώνυμος
2664 3675 2899 3745 ᾤκισται
2932 3672 3105 3733 πόλις.
3143 3671 3254 3724 Καὶ
3276 3669 3399 3722 τῶν
3433 3666 3526 3720 τοῦ
3547 3664 3587 3695 ⁸¹
3620 3661 3785 3715 Νείλου

2222 3770 2505 3840 στομάτων
2543 3768 2604 3821 τὸ
2636 3767 2944 3820 τελευταῖον
2973 3768 3002 3818 6
3036 3762 3297 3826 Κάνωϐος
3334 3760 3370 3833 ἢ
3403 3755 3711 3813 Κανωϐικὸν
3737 3753 3787 3804 ἐκ

2220 3862 2313 3915 τοῦ
2340 3860 2677 3932 κυϐερνήτου
2705 3861 2805 3928 τὴν
2835 3856 3134 3928 ὀνομασίαν
3161 3855 3341 3908 ἐλκει.

2304 3954 2370 4007 Ἠ
2400 3953 2443 4006 θ’
2478 3953 2547 4006 τὰ
2596 3951 2729 4022 περὶ
2761 3951 3121 4022 Σεμιράμεως
3168 3947 3349 4015 λέγει,
3385 3944 3482 3998 καὶ
3514 3939 3786 4010 Σεμίραμιν

2222 4044 2342 4114 οὐχ).
2368 4044 2602 4111 γυναῖκα
2632 4041 2777 4094 κατὰ
2801 4041 2927 4103 τοὺς
2953 4040 3146 4100 ἄλλους
3173 4037 3307 4107 φησι
3346 4034 3512 4089 Νίνου
3540 4028 3782 4100 γενέσθαι,

2222 4138 2358 4192 ἀλλὰ
2407 4135 2720 4204 θυγατέρα·
2759 4135 2853 4187 καὶ
2897 4134 3039 4202 λόγῳ
3088 4131 3202 4195 ἐνὶ,
3235 4130 3339 4183 ὅσα
3388 4129 3439 4181 οἱ
3490 4124 3636 4179 ἄλλοι
3679 4119 3784 4204 περὶ

2225 4200 2550 4298 Ἀτόσσης-δ’
2578 4200 2678 4295 τῆς
2697 4224 2740 4256 ⁸⁸
2771 4200 3063 4292 Ἀσσυρίου
3108 4220 3517 4290 ἀναγράφουσι,
3548 4209 3691 4265 ταῦθ’
3710 4200 3783 4258 oi:-

2223 4338 2315 4385 τος
2348 4321 2428 4381 εἰς
2468 4318 2778 4389 Σεμίραμιν
2808 4316 3093 4385 ἀναφέρει,
3121 4313 3219 4365 οὐκ
3267 4310 3382 4381 ἔχω
3397 4310 3443 4341 ⁸⁸
3483 4308 3657 4373 λέγειν
3692 4298 3781 4389 εἴτις

2225 4413 2375 4467 δυσὶν
2403 4412 2631 4482 ὀνόμασι
2677 4409 2775 4480 τὴν
2807 4408 2979 4478 αὐτὴν
3012 4405 3249 4475 νομίζων
3270 4403 3314 4434 ⁸⁵
3347 4399 3649 4459 καλεῖσθαι,
3675 4392 3704 4461 ἢ
3729 4388 3783 4440 τὰ

542 4498 903 4555 Semiramide
943 4510 1254 4566 narrantur,
1308 4502 1539 4572 peritior
1578 4516 1683 4555 non
1718 4500 1901 4556 fuerit.
1936 4501 2110 4554 lleferl

2228 4507 2358 4576 περὶ
2407 4506 2769 4575 Σεμιράμεως
2818 4502 2993 4566 ἄλλως
3039 4501 3141 4555 ούκ
3190 4497 3370 4564 εἰδώς.
3401 4497 3565 4565 Λέγει
3597 4491 3640 4544 δ’
3665 4488 3729 4548 ὡς
3750 4486 3777 4551 ἢ

1843 4594 2083 4652 VARIIE
2116 4598 2533 4657 LECTlONES.

619 4686 665 4718 ao
687 4687 918 4759 Μάντης
960 4687 1001 4740 Α
1044 4706 1057 4743 :
1095 4688 1287 4759 μάντις
1314 4707 1376 4754 ς.
1407 4687 1647 4758 Heynius
1692 4689 1966 4753 Μαντοῦς.

541 4758 589 4789 θ’
611 4758 885 4811 ἐκώλυσεν
908 4786 979 4799 -
1008 4758 1481 4828 προαπαγγέλλων
1507 4776 1567 4823 ς.

544 4828 689 4883 Bosii
724 4828 912 4897 Ellips.
954 4846 1009 4899 p.
1074 4830 1202 4884 557.
1310 4830 1356 4862 ”
1384 4830 1640 4899 Θωρικῶι
1669 4830 1737 4883 Α.

544 4971 725 5039 μένων
749 4970 815 5021 Α.
908 4970 951 5002 ὀι
974 4971 1070 5023 τοῦ
1122 4972 1244 5025 add.
1274 4973 1335 5023 τό
1366 4971 1411 5023 Α
1455 4987 1467 5023 :
1498 4970 1589 5023 τόν
1609 4989 1669 5035 ς.

542 5042 590 5071 ιδ
634 5050 758 5109 post
789 5041 897 5110 ἔχω
926 5056 1048 5097 cum
1082 5041 1128 5094 A
1165 5043 1321 5096 omisi
1345 5041 1421 5095 δέ.
1502 5043 1547 5073 ⁸⁸
1577 5041 1816 5111 νομίξειν
1843 5042 1911 5097 Α.

1692 4694 1966 4753 Μαντοῦς.
2071 4694 2113 4726 ³¹
2138 4695 2274 4766 ἔχρα
2326 4694 2387 4746 τὸ
2450 4694 2702 4760 μαντεῖον
2730 4694 2773 4743 Α
2800 4707 2813 4743 :
2837 4694 3087 4760 μαντεῖον
3113 4694 3331 4759 ἐχρᾶτο.
3363 4694 3434 4739 cl'.
3462 4697 3513 4749 p.
3539 4694 3637 4732 100
3662 4694 3686 4727 υ
3706 4694 3777 4726 θοι

1685 4759 1732 4836 f3
1762 4761 2108 4836 ἐπὶ-μάλλον]
2152 4768 2260 4819 vid.
2300 4762 2541 4836 Bocrkh.
2567 4763 2620 4815 in
2671 4762 2887 4836 Platon.
2950 4760 3080 4836 Min.
3129 4777 3180 4836 ν.
3216 4741 3777 4836 15Ξοιηὸοίι³ϐίθςιηίίξί

544 4831 689 4883 Bosii
724 4831 912 4897 Ellips.
954 4846 1009 4899 p.
1074 4831 1202 4884 557.
1310 4831 1356 4862 ”
1384 4831 1640 4899 Θωρικῶι
1669 4831 1737 4883 Α.
1846 4831 1890 4863 ³⁸
1924 4831 2193 4904 ἐπήλυτον
2221 4853 2283 4900 ς.
2390 4835 2435 4865 ³⁸
2460 4833 2555 4885 καὶ
2616 4842 2743 4885 ante
2781 4832 2902 4893 ταῖς
2955 4831 3080 4884 add.
3115 4831 3180 4882 A.
3288 4831 3331 4859 ³⁷
3355 4831 3449 4878 τοῦ
3488 4831 3523 4908 ,ί

544 4899 804 4973 Heyuius.
896 4900 940 4973 3}
971 4900 1003 4967 ἢ
1037 4901 1102 4973 fit.
1130 4902 1241 4973 Καὶ
1264 4902 1298 4971 ἡ
1327 4919 1391 4973 ς.
1431 4900 1475 4931 ³⁸
1502 4899 1695 4971 Τρὼου
1722 4900 1809 4973 A_:
1842 4902 2030 4973 Τρωός
2083 4923 2143 4970 ς.
2195 4907 2335 4959 unde
2394 4904 2491 4957 fuit
2539 4902 2629 4970 qui
2683 4902 2891 4973 faceret
2926 4901 3181 4973 Ἀτρέως·
3262 4897 3309 4929 ¹⁸⁰
3334 4898 3428 4973 κφῖ
3472 4910 3523 4972 “ﬂ

1779 4952 1823 5003 ‘7’
1853 4952 2908 5047 114633122"K'AHiIsusIMaaaagxe
2941 4952 3227 5039 λΑέτόᾶης
3248 4986 3310 5033 ς,
3383 4969 3430 5000 η
3465 4963 3561 5031 τῆς
3588 4952 3700 5010 add.
3723 4952 3777 5001 A-

2450 4693 2702 4760 μαντεῖον
2730 4690 2773 4743 Α
2800 4707 2813 4743 :
2837 4690 3087 4760 μαντεῖον
3113 4688 3331 4760 ἐχρᾷτο.
3363 4677 3637 4760 (δίζλρείὸθ
3662 4671 3777 4760 ίιῦὅῖ

3288 4828 3331 4859 :1
3355 4824 3449 4878 τοῦ
3511 4820 3579 4873 Μ,
3625 4815 3779 4884 γάμου

2390 4835 2435 4865 ³⁸
2460 4833 2555 4885 καὶ
2616 4842 2743 4885 ante
2781 4832 2902 4893 ταῖς
2955 4830 3080 4884 add.
3115 4830 3180 4882 A.
3288 4830 3331 4859 ³⁷
3355 4830 3449 4878 τοῦ
3511 4830 3579 4873 Μ.
3625 4830 3777 4884 γαμου

2394 4904 2491 4957 fuit
2539 4902 2629 4957 oui
2683 4902 2891 4955 faceret
2926 4901 3181 4957 Ἀτρέως.
3262 4897 3309 4929 ¹⁸⁰
3334 4898 3428 4950 καὶ
3472 4893 3546 4952 ὡς
3575 4888 3777 4957 ὁρμισιξιί

2089 5133 2328 5191 NOTAE.

619 5232 733 5303 (67)
775 5231 1017 5289 Emendo
1072 5233 1343 5299 Μάντους.
1377 5233 1563 5289 Strab.
1589 5234 1681 5289 lib.
1718 5250 1807 5288 xw
1833 5232 1989 5288 Cilic.
2018 5247 2126 5303 ex-

548 5302 710 5357 trem.
762 5304 896 5375 Yide
937 5320 1155 5375 quoque
1201 5306 1441 5375 ejusdem
1479 5305 1685 5358 Ioniam
1732 5315 1965 5359 extrem.
2014 5302 2114 5356 lib.

546 5390 669 5447 xm,
693 5386 752 5447 et
786 5373 1099 5432 Hesiodum.
1128 5373 1367 5447 Lyc'oph.
1402 5376 1662 5444 aliosque.

617 5444 734 5515 (68)
764 5447 1058 5515 Argiopam
1085 5443 1307 5514 quidam
1334 5447 1523 5501 dixere
1540 5443 1663 5516 cum
1685 5446 1929 5516 Apollon.
1954 5443 2051 5516 lib.
2084 5457 2121 5516 ι.

616 5513 730 5584 (69)
761 5513 892 5569 Vide
918 5513 1125 5571 Eustat.
1164 5518 1215 5571 in
1248 5522 1409 5576 Hom.
1435 5516 1492 5569 2.
1525 5513 1949 5587 B.Lil.Gyrald.
1988 5513 2122 5587 Dial.

547 5586 603 5641 Ξ.
629 5582 834 5663 ῥέξω.
871 5589 1060 5663 cernit.
1116 5587 1340 5663 Mythol.
1376 5587 1632 5663 etASicul.
1664 5582 1885 5663 lih__.'ttl_,
1910 5582 2123 5663 capu5.

627 5656 923 5727 (70)7Apud
960 5655 1208 5719 Eustatli.
1242 5665 1405 5718 etiam
1442 5659 1696 5727 loquendi
1730 5659 1986 5713 facultate
2017 5656 2130 5724 pri-

552 5740 706 5780 vatus
742 5726 954 5795 legitur.

619 5796 732 5865 (71)
763 5798 959 5853 Strabo
984 5798 1079 5856 lib.
1108 5814 1222 5853 xvn
1253 5800 1319 5859 tle
1351 5796 1607 5876 Aigypto.

2312 5231 2427 5299 (72)
2481 5230 2625 5300 Lege
2663 5228 2891 5283 Nicand.
2933 5228 3183 5283 Theriac.
3227 5223 3703 5300 inHtemprrhoo;
3751 5228 3775 5300 ιι

2236 5294 2344 5371 quo
2393 5294 2508 5371 ipse
2560 5294 2877 5372 percussum
2905 5300 3183 5372 canobum
3226 5298 3410 5372 refert.
3447 5294 3774 5372 Helenamque:

2237 5356 2524 5442 propterea
2562 5356 2709 5425 'huic
2741 5371 3251 5442 serpenti‘lutnbos
3274 5369 3516 5442 fregisse.
3547 5356 3772 5442 N‘it'alltlfi

2236 5423 2605 5496 itari‘al—iunem
2645 5423 2877 5495 ’θὶιιίυὲι
2933 5439 3138 5495 «Elian.
3200 5440 3294 5494 lib.
3342 5423 3429 5491 XulV
3478 5437 3540 5487 de
3564 5423 3771 5484 Animal.

2235 5514 2477 5567 can.15.

2306 5529 2719 5653 i)‘i51)o.iustinus,
2752 5580 2849 5634 lib.
2896 5595 2935 5645 I,
2973 5580 3129 5653 Diod.
3168 5578 3335 5635 Sicul.
3361 5579 3456 5633 lib.
3485 5591 3521 5629 ιι
3550 5590 3564 5637 ;
3598 5561 3771 5621 HerOd-

2237 5652 2496 5724 [Eliauus
2518 5652 2720 5724 aliique
2748 5654 2816 5724 de
2843 5666 2907 5704 eo
2947 5652 3211 5724 pluribus.
3450 5716 3460 5724 _
3492 5714 3502 5724 _
3626 5704 3670 5724 η

2311 5724 2425 5794 (74)
2456 5708 2760 5778 ilerodbtus
2793 5721 2932 5778 forte
2947 5708 3017 5778 'et
3052 5720 3322 5787 IElianus,
3351 5714 3603 5784 multique
3626 5708 3771 5762 histo-

2235 5810 2355 5849 I‘ICI.
