4022 6466
235 398 342 462 553

1259 393 1794 455 BIBLIOTHECA.
1833 417 1904 429 -
1928 393 2094 454 COD.
2133 393 2493 454 CLXXXVI.

3419 391 3525 456 554

233 509 550 580 Σεμίραμις
580 503 722 575 αὕτη
747 502 827 574 τῷ
851 501 952 573 υίῷ
972 501 1151 574 λάθρα
1173 503 1268 558 καὶ
1290 502 1559 570 ἀγνοοῦσα
1586 503 1831 572 μιγεῖσα,

1959 511 2064 555 tem
2098 499 2518 558 Semiramidem
2545 499 2685 555 clam
2738 500 2996 570 primum,
3036 509 3092 555 et
3129 501 3318 572 1326
3369 503 3524 575 ignao

234 600 364 674 [429
395 597 495 670 [1.]
521 593 647 650 εἶτα
671 594 897 664 γνοῦσα,
927 594 1097 663 ἄνδρα
1126 597 1184 646 ὲν
1212 593 1294 665 τῷ
1320 591 1542 662 φανερῷ
1569 591 1716 661 ἔσχε,
1742 591 1838 644 καὶ

233 695 291 760 ἐξ
319 691 564 755 ἐκείνου,
598 689 867 760 πρότερον
902 686 1190 756 βδελυκτὸν
1218 686 1298 752 ὃν,
1329 686 1538 754 Μήδοις
1574 683 1669 738 καὶ
1695 684 1838 754 Πέρ-

233 804 356 850 σαις
407 785 580 838 καλὸν
638 783 732 836 καὶ
785 780 1018 852 νόμιμον
1063 779 1210 844 ἔδοξε
1265 778 1507 849 μητράσι
1543 775 1594 808 ⁸⁸
1641 778 1840 847 μίγνυ-

235 881 384 934 σθαι.

326 1060 400 1112 Ἥ
436 1064 467 1111 ι’
501 1057 557 1110 δὲ
591 1054 664 1116 ὡς
706 1050 879 1106 Σίθων
895 1051 941 1083 ⁸⁷
976 1053 1004 1104 6
1037 1049 1375 1112 Ποσειδῶνος
1424 1049 1519 1102 καὶ
1554 1049 1782 1116 Ὄσσης,
1815 1048 1844 1100 6

249 1152 358 1222 τῆς
390 1149 631 1222 Θρᾳκίας
659 1145 1013 1216 Χερρονήσου
1049 1142 1326 1213 βασιλεὺς,
1359 1142 1524 1212 γεννᾷ
1565 1139 1847 1210 θυγατέρα

257 1247 549 1317 Παλλήνην
588 1245 648 1295 ὲκ
695 1240 1000 1309 Μενδηῖδος
1051 1239 1313 1310 νύμφης·
1361 1240 1430 1308 ἣν
1465 1237 1675 1291 πολλῶν
1713 1253 1847 1308 μνη-

267 1336 619 1404 στευομένων,
653 1327 817 1386 ἆθλον
856 1330 1036 1383 ἔκειτο
1081 1329 1159 1400 τῷ
1205 1330 1356 1401 μάχῃ
1392 1329 1731 1399 κρατήσαντι
1759 1329 1848 1381 Σί·

268 1431 431 1492 θωνος
458 1428 548 1480 καὶ
587 1425 687 1497 τὴν
719 1425 888 1494 κόρην
921 1423 1066 1493 ἔχειν
1101 1425 1194 1476 καὶ
1225 1423 1324 1493 τὴν
1357 1420 1849 1491 βασιλείαν.Ἀναι-

264 1524 430 1592 pain:
460 1519 552 1572 οὖν
576 1518 720 1586 ὑπὲρ
744 1517 840 1569 τοῦ
861 1515 1044 1584 γάμου
1073 1514 1308 1568 διαθλῶν
1327 1511 1371 1544 ⁸⁸
1403 1512 1598 1582 Μέροψ
1620 1515 1650 1565 ὁ
1666 1510 1849 1564 Ἀνθε-

261 1616 487 1685 pausia;
541 1611 792 1682 βασιλεὺς
837 1609 932 1662 καὶ
962 1609 1281 1679 Περιφήτης
1313 1609 1343 1660 6
1376 1604 1851 1673 Μυγδονίας.³Ἐπ-

255 1725 366 1760 ειτα
383 1705 563 1758 Σίθων
594 1702 767 1774 ὁρίζει
790 1703 864 1774 μὴ
891 1702 1030 1772 πρὸς
1052 1700 1237 1765 αὑτὸν,
1265 1699 1401 1753 ἀλλὰ
1427 1696 1566 1768 πρὸς
1588 1695 1852 1767 ἀλλήλους

251 1799 622 1867 διαμάχεσθαι
671 1795 799 1856 τοὺς
852 1793 1174 1864 μνηστῆρας
1193 1832 1208 1855 ,
1243 1791 1342 1844 καὶ¹
1371 1787 1447 1858 τῷ
1475 1788 1762 1854 νικήσαντι
1791 1785 1853 1840 τὸ

1941 611 2057 649 ram
2100 610 2223 648 cum
2256 594 2367 650 lilio
2396 610 2496 648 suo
2525 593 2886 648 concubuisse
2919 610 2933 646 :
2967 595 3060 647 sed
3085 595 3283 648 deinde
3310 598 3526 665 cognita

1942 703 2023 753 re,
2058 689 2160 742 viri
2187 689 2354 742 etiam
2378 687 2496 741 loco
2529 685 2744 756 publice
2802 686 3074 741 habuisse.
3109 685 3185 739 Ex
3221 701 3288 741 eo
3345 687 3530 757 itaque

1945 791 2210 850 tempore,
2241 780 2387 850 quod
2419 779 2572 849 prius
2621 778 3021 834 exsecrandum
3061 778 3387 842 habebatur,
3412 778 3531 833 Me-

1944 874 2027 927 dis
2051 887 2115 927 ac
2140 872 2322 928 Persis
2345 872 2434 942 jus
2467 871 2657 941 fasque
2691 871 3178 936 visum,matribus
3203 869 3349 942 (74*)
3377 886 3532 926 com-

1945 965 2197 1019 misceri.

2019 1054 2238 1109 Decima
2259 1054 2498 1107 narratio
2519 1071 2533 1106 :
2554 1051 2732 1107 OEtbo
2751 1053 2864 1124 (75)
2882 1051 3114 1122 Neptuni
3133 1061 3182 1107 et
3204 1051 3532 1118 Ossazlllins,

1945 1146 2270 1202 Cherronesi
2298 1145 2549 1200 Thracia:
2572 1161 2688 1211 rex,
2720 1146 2884 1200 ﬁliam
2901 1160 2968 1201 ex
2999 1145 3282 1201 Mendeide
3299 1149 3537 1218 nympha

1948 1240 2166 1294 sustulit
2190 1239 2443 1294 Pallenen
2475 1255 2490 1292 :
2522 1253 2682 1308 quam
2725 1253 2846 1292 cum
2888 1239 3041 1293 multi
3074 1239 3369 1305 ambirent,
3397 1254 3538 1308 prae-

1951 1331 2120 1385 mium
2172 1331 2222 1385 ei
2270 1331 2504 1399 positum
2569 1341 2690 1395 est,
2747 1329 2842 1399 qui
2905 1329 3208 1385 (Ethonem
3250 1331 3539 1400 pugnando

1951 1431 2281 1493 superasset,
2317 1431 2376 1476 nt
2399 1434 2455 1478 et
2486 1421 2594 1476 lilia
2639 1432 2696 1477 et
2731 1437 2894 1494 regno
2922 1425 3210 1492 potiretur.
3252 1423 3422 1495 Igitur
3449 1423 3538 1476 in-

1954 1514 2165 1570 terfecti
2200 1531 2295 1585 pro
2324 1515 2530 1584 nuptiis
2558 1515 2710 1570 hisce
2740 1525 3036 1581 certantes,
3089 1515 3303 1584 Merops
3337 1515 3543 1569 Anthe-

1955 1611 2163 1673 musiae,
2195 1619 2251 1665 et
2275 1609 2594 1679 Periphetes
2616 1610 2920 1682 Mygdoniae
2949 1627 3127 1681 reges.
3187 1611 3327 1667 Hinc
3357 1613 3543 1668 decre-

1955 1713 2069 1758 tum
2107 1705 2174 1759 ab
2200 1703 2472 1770 CEtbone,
2514 1720 2583 1758 ne
2625 1721 2808 1760 secum
2866 1705 3117 1773 amplius,
3173 1705 3269 1760 sed
3312 1705 3456 1760 inter
3484 1723 3544 1760 se

1956 1795 2105 1864 proci
2155 1795 2506 1860 dimicarent,
2545 1797 2799 1865 idemque
2849 1797 3040 1850 victori
3083 1797 3363 1863 prannium
3403 1795 3541 1852 fore.

249 1887 381 1940 αὐτὸ
432 1883 604 1940 ἆθλον
654 1880 815 1938 εἶναι.
866 1881 1262 1950 Διαγωνίζεται
1311 1879 1492 1932 τοίνυν
1535 1878 1714 1948 Δρύας
1757 1877 1850 1931 καὶ

1957 1858 2348 1957 Depugnarnnt
2367 1858 2500 1958 ergo
2517 1889 2688 1958 Dryas
2707 1858 2761 1943 et
2775 1889 2971 1953 Clitus,
2992 1858 3274 1958 casusque
3297 1889 3545 1946 Pallenes

249 1979 452 2042 Κλίτος
474 1979 543 2042 ⁸⁸,
572 1979 668 2030 καὶ
694 1977 883 2030 πίπτει
915 1974 1096 2046 Δρύας
1125 1974 1263 2043 δόλῳ
1293 1972 1601 2044 Παλλήνης.
1631 1963 1707 2024 Οὗ
1736 1971 1856 2024 δια-

251 2070 595 2139 γνωσθέντος
647 2070 868 2133 ΣίΘωνι,
897 2065 1093 2137 ἔμελλε
1137 2066 1297 2134 δίκην
1336 2064 1565 2117 θάνατον
1599 2063 1856 2133 Παλλήνη

250 2165 479 2229 διδόναι,
515 2166 563 2216 εἰ
604 2163 680 2234 μὴ
707 2161 1001 2234 Ἀφροδίτη
1051 2159 1248 2221 νυκτὸς
1277 2159 1683 2226 ἑπιφοιτήσασα
1720 2157 1860 2211 πᾶσι

251 2261 366 2320 τοῖς
397 2257 652 2318 πολίταις
702 2257 802 2325 τὴν
851 2255 1025 2325 κόρην
1074 2253 1296 2323 ἥρπασε
1341 2249 1600 2303 θανάτου.
1637 2249 1748 2304 Καὶ
1771 2266 1860 2301 τε-

252 2351 622 2419 λευτήσαντος
668 2347 764 2401 τοῦ
818 2347 1028 2417 πατρὸς
1083 2345 1337 2415 Παλλήνη
1381 2343 1477 2396 καὶ
1521 2343 1718 2404 Κλῖτος
1761 2342 1860 2412 τὴν

258 2437 544 2510 βασιλείαν
574 2436 972 2508 ἐκδέχονταιδθ,
1006 2435 1102 2489 καὶ
1131 2434 1227 2487 ἀπ’
1260 2432 1432 2503 αὐτῆς
1461 2433 1496 2503 ή
1531 2430 1688 2503 χώρα
1718 2432 1863 2485 Παλ-

255 2533 400 2606 λήνη
431 2532 624 2586 ἔλαϐεν
650 2531 843 2600 ὄνομα.

1958 1977 2151 2034 fraude
2181 1981 2370 2050 Dryas.
2414 1979 2469 2034 Id
2498 1979 2588 2034 ubi
2619 1980 3090 2044 rescivitUEtbon,
3111 1994 3303 2049 ptenas
3328 1981 3546 2036 Pallene

1960 2082 2137 2125 morte
2187 2071 2447 2134 dedisset,
2494 2071 2603 2126 nisi
2633 2069 2817 2125 Venus
2859 2082 3019 2127 nocte
3046 2075 3194 2127 cives
3236 2088 3425 2128 omnes
3454 2090 3550 2142 ap»

1961 2162 2192 2232 pellans,
2253 2163 2485 2231 puellam
2547 2164 2706 2218 morti
2770 2164 3083 2233 eripuisset.
3142 2163 3376 2220 Parente
3421 2182 3551 2221 veru

1962 2253 2090 2309 fatis
2121 2255 2419 2320 exstincto,
2446 2255 2666 2311 Pallene
2691 2265 2746 2312 et
2771 2254 2942 2312 Clitus
2975 2274 3195 2327 regnum
3229 2259 3429 2330 adepti,
3453 2272 3505 2314 et
3523 2280 3552 2315 ιι

1961 2347 2183 2403 Pallene
2215 2347 2332 2420 (76)
2369 2349 2518 2418 regio
2546 2363 2747 2405 nomen
2775 2359 2859 2405 est
2891 2362 3159 2408 mutuata.

340 2626 411 2678 Ἡ
443 2631 512 2678 ια’
535 2624 605 2677 τὰ
633 2625 761 2693 περὶ
793 2622 896 2692 τῆς
928 2619 1290 2692 Ἡρακλέος⁶¹
1323 2618 1538 2682 Θυσίας,
1564 2617 1632 2690 ἥν
1661 2616 1850 2670 Λίνδιοι

2035 2619 2334 2676 Undecima
2353 2621 2420 2678 de
2435 2621 2686 2679 Herculis
2704 2625 2977 2681 sacriﬁcio
2993 2627 3558 2696 commemorat,quod

261 2719 410 2790 μετὰ
433 2719 576 2789 ἀρᾶς
603 2715 824 2770 θύουσιν
853 2714 1026 2784 αύτῷ,
1057 2713 1304 2779 διέξεισι,
1338 2711 1433 2765 καὶ
1459 2710 1538 2773 ὡς
1565 2710 1667 2781 τὴν
1690 2710 1850 2780 ἀρχὴι

1967 2711 2146 2768 Lindii
2181 2713 2298 2786 (77)
2325 2730 2448 2770 cum
2483 2719 2867 2773 exsecratione
2893 2718 2995 2786 ipsi
3039 2719 3344 2782 immolant,
3391 2727 3561 2789 utque

257 2813 429 2882 ἔσχεν
470 2811 580 2864 ἀπό
611 2826 757 2873 τινος
789 2808 1058 2879 ἀροτῆρος
1087 2805 1339 2871 Λινδίου,
1375 2804 1456 2868 6;,
1493 2804 1620 2856 ἐπεὶ
1659 2803 1850 2872 τροφὰς

1967 2807 2237 2876 originem
2285 2807 2388 2862 hoc
2431 2808 2500 2863 ab
2548 2818 2766 2865 aratore
2796 2811 3028 2878 quodam
3064 2808 3258 2864 Lindio
3305 2811 3558 2864 duxerit:

258 2904 384 2977 ᾔτει
413 2902 692 2974 Ἡρακλῆς
737 2901 878 2970 ὑπὲρ
907 2899 1108 2952 ’Ύλλου
1159 2897 1255 2951 τοῦ
1306 2897 1496 2959 παιδὸς
1517 2939 1532 2963 ,
1563 2896 1624 2949 δν
1665 2894 1850 2964 κομιδῇ

1970 2901 2085 2971 qui,
2113 2915 2236 2954 cum
2271 2898 2535 2956 Hercules
2567 2901 2826 2956 alimenta
2857 2917 2956 2972 pro
2991 2901 3151 2973 Hyllo
3181 2917 3352 2973 puero
3374 2912 3566 2971 postu-

261 3000 386 3052 νέον
412 2997 554 3050 κατὰ
573 2994 673 3065 τὴν
690 2993 810 3048 ὁδὸν
832 2994 1200 3062 συνεπήγετο,
1226 2992 1350 3045 ἀντὶ
1373 2990 1469 3043 τοῦ
1485 2990 1530 3022 ⁵³
1562 2991 1850 3060 παρασχεῖε

1971 2993 2109 3046 laret
2144 2992 2328 3060 (quem
2366 2991 2657 3047 admodum
2699 2993 2879 3047 adhuc
2915 2992 3173 3060 juvenem
3229 2992 3281 3046 in
3337 2992 3428 3048 via
3456 2992 3564 3047 sibi

261 3090 362 3144 καὶ
410 3087 801 3160 προσύϐρισεν.
821 3085 1098 3156 Ἡρακλῆς
1148 3083 1206 3137 δὲ
1256 3083 1590 3154 χαλεπήνας,
1621 3082 1720 3134 ἕνα
1759 3081 1850 3134 τῶι

1975 3081 2346 3154 adiunxerat),
2389 3097 2493 3136 non
2522 3091 2729 3137 tantum
2766 3084 2946 3138 cibum
2985 3099 3092 3137 non
3126 3083 3441 3152 praebuerit,
3467 3083 3566 3138 sed

264 3179 412 3252 βοῶν
461 3174 840 3246 κατασφάξας,
877 3175 1039 3238 αὐτὸς
1080 3192 1142 3227 τε
1191 3173 1436 3227 θοινᾶται
1481 3171 1684 3242 καὶτῷ
1717 3171 1850 3224 παιδ

1975 3175 2139 3230 etiam
2182 3174 2449 3229 conviciis
2481 3174 2792 3228 incesserit.
2819 3173 2935 3241 Qua
2973 3173 3233 3230 Hercules
3255 3174 3564 3244 indignatus

262 3268 510 3322 δίδωσιν.
528 3266 732 3340 Ἡρᾶτο
765 3267 824 3320 δὲ
857 3265 1144 3337 πόρρωθεν
1175 3265 1204 3316 6
1229 3265 1460 3336 ἀροτὴρ.
1493 3264 1606 3317 Καὶ
1636 3265 1664 3317 6
1697 3263 1850 3332 Ἡρα-

1973 3282 2054 3336 re,
2080 3266 2312 3322 alterum
2346 3267 2507 3322 boum
2533 3265 2654 3337 ejus
2685 3277 2952 3330 mactans,
3002 3267 3167 3337 (cepit
3201 3269 3317 3336 ipse
3333 3268 3564 3338 epulari,

261 3361 409 3432 κλῆς
439 3361 640 3430 γέλωτι
672 3360 849 3423 διδοὺς
880 3360 982 3423 τὰς
1007 3358 1170 3430 ἀρὰς,
1200 3357 1459 3411 οὐδέποτε
1489 3356 1850 3425 ἀπεφθέγξατι

1973 3372 2032 3415 et
2059 3375 2230 3431 puero
2264 3359 2546 3429 porrigere
2575 3376 2588 3412 :
2624 3359 2858 3430 agricola
2877 3359 3100 3432 interim
3128 3361 3342 3414 eminus
3374 3361 3422 3413 ei
3466 3359 3568 3413 im-

263 3429 460 3525 θοίνης
491 3452 706 3523 ἡδίονος
733 3429 1107 3521 ἁπολαῦσαιίῆ
1140 3451 1240 3522 τῆς
1267 3450 1407 3522 μετὰ
1439 3449 1549 3503 τῶν
1576 3448 1750 3519 ἀρῶν.

1981 3461 2264 3522 precante.
2309 3452 2510 3508 Verum
2553 3450 2812 3506 Hercules
2864 3429 3282 3520 iinprecationes
3310 3452 3566 3520 irridens,

1977 3558 2252 3614 nunquam
2301 3559 2362 3600 se
2411 3545 2693 3599 suaviores
2746 3542 3052 3599 affirmabat
3080 3553 3332 3615 gustasse
3355 3544 3566 3616 epulas,

1976 3651 2140 3706 qnam
2168 3650 2289 3706 quae
2309 3636 2796 3706 imprecationibus
2817 3637 3048 3692 condita:
3071 3637 3324 3692 fuissent.

345 3723 427 3776 Ἦ
458 3719 614 3791 ιβ’τά
645 3719 774 3786 περὶ
804 3717 993 3789 Τρωὸς
1041 3717 1134 3772 τοῦ
1171 3717 1504 3789 Ἐριχθονίου
1534 3718 1630 3772 τοῦ
1664 3721 1850 3791 Δαρδάι

2044 3728 2369 3784 Duodecima
2386 3729 2633 3798 quaedam
2658 3728 2900 3784 continet
2913 3729 2978 3784 de
2995 3731 3139 3785 Troe
3157 3729 3572 3802 (78)Ericbtho-

265 3834 367 3872 νου
412 3811 803 3882 διαλαμϐάνει,
846 3810 904 3873 ὃς
935 3809 1258 3864 ἐϐασίλευσε
1291 3810 1402 3864 τῶν
1428 3812 1557 3881 περὶ
1598 3813 1697 3882 τὴν
1729 3813 1850 3881 Ἴδη·

1979 3823 2054 3878 nii
2077 3821 2187 3877 filio
2213 3833 2269 3877 et
2291 3821 2526 3877 Dardani
2556 3834 2773 3892 nepote,
2791 3823 2882 3893 qui
2904 3823 2956 3876 in
2979 3825 3198 3892 regione
3224 3824 3330 3878 Idae
3354 3821 3572 3896 [monti]

276 3907 519 3978 χωρίων,
552 3905 648 3959 καὶ
673 3904 840 3974 γεννᾷ
866 3905 930 3956 ὲκ
958 3901 1362 3973 Καλλιρῥόης⁵³
1390 3903 1490 3973 τῆς
1520 3902 1850 3974 Σκαμάνδρογ

1977 3915 2157 3970 vicina
2187 3917 2435 3984 regnavit
2466 3933 2481 3970 :
2515 3915 2812 3986 genuitque
2837 3930 2901 3970 ex
2921 3915 3225 3971 Callirrhoe
3251 3913 3574 3970 Scamandri

277 3997 424 4054 Ἶλον
450 3997 538 4069 (ἐξ
567 3990 630 4051 οὗ
654 3998 716 4049 τὸ
751 3996 938 4064 Ἴλιον)
970 3997 1068 4048 καὶ
1085 3995 1398 4065 Ἀσὰρακον
1418 3995 1514 4047 καὶ
1530 3995 1850 4067 Γανυμήδην

1980 4006 2088 4060 lilia
2139 4003 2276 4060 llum
2311 4005 2367 4077 (a
2403 4021 2510 4077 quo
2545 4005 2700 4060 Ilium
2735 4004 3096 4076 nominatum)
3141 4015 3196 4061 et
3221 4007 3574 4070 Assaracum,

269 4092 336 4146 ὃν
368 4092 595 4162 ἥρπασε
623 4088 778 4151 Ζεύς.
796 4088 1104 4158 Ἀσάρακος
1133 4087 1190 4139 δὲ
1210 4085 1257 4118 ⁵⁸
1287 4087 1386 4140 σὺν
1410 4086 1489 4156 τῷ
1525 4087 1695 4158 πατρὶ
1739 4091 1850 4160 Δαρ

1980 4109 2036 4152 et
2063 4096 2467 4170 Ganymedem,
2515 4115 2680 4169 quem
2733 4096 2948 4168 Jupiter
3007 4099 3202 4169 rapuit.
3273 4101 3578 4154 Assaracus

266 4185 474 4248 δανίας
527 4181 882 4247 ἐϐασίλευσε,
945 4181 1040 4234 καὶ
1092 4179 1240 4251 [221
1280 4177 1403 4251 Η.]
1449 4175 1518 4250 ἦν
1568 4180 1728 4234 τοῦτο
1771 4181 1848 4234 τῶ

1981 4190 2072 4246 hic
2097 4206 2200 4245 una
2246 4206 2368 4245 cum
2398 4203 2552 4261 patre
2587 4191 2870 4246 Dardaniae
2922 4191 3231 4260 imperavit,
3281 4206 3403 4261 quae
3457 4205 3581 4246 erat

267 4276 488 4348 Τρώων
521 4270 967 4346 βασίλειον.Ἶλος
993 4274 1072 4336 δὲ,
1095 4273 1155 4338 ὃς
1173 4275 1218 4305 ⁵⁸
1249 4272 1424 4336 κτίζει
1451 4273 1512 4326 τὸ
1534 4273 1718 4334 Ἴλιον,
1741 4290 1850 4345 κρα

1983 4280 2188 4338 Troum
2233 4284 2402 4354 regia.
2475 4284 2585 4338 ilus
2631 4291 2814 4338 autem
2848 4283 3005 4338 Ilium
3058 4283 3435 4349 exzedilicavit,
3492 4285 3579 4338 vi-

263 4371 360 4422 τεί
396 4369 548 4438 μάχῃ
584 4364 884 4437 Βεϐρύκων
913 4362 1182 4434 βασιλέως
1212 4361 1388 4426 Βύζου
1421 4363 1616 4435 ὄνομα,
1658 4365 1754 4419 καὶ
1790 4366 1850 4418 ἐπ

1985 4376 2170 4446 citque
2193 4392 2374 4448 pugna
2399 4392 2580 4448 regem
2607 4375 2936 4448 Bebrycum,
2985 4378 3072 4433 cui
3095 4376 3250 4451 Byzae
3279 4392 3496 4444 nomen,
3524 4389 3583 4433 et

269 4467 428 4537 μέγα
466 4464 529 4517 τὸ
566 4461 728 4516 Ἴλιον
766 4459 938 4529 αἴρει.
972 4459 974 4462 ’

1986 4466 2144 4523 Ilium
2180 4469 2236 4524 in
2274 4471 2602 4526 immensum
2630 4472 2803 4526 auxit.

1567 4593 1808 4652 νΑΙιιλΕ
1844 4598 2262 4660 LECTIONES.

345 4722 399 4753 “
440 4715 710 4790 μητράσι]
751 4717 836 4769 ὅτι
891 4715 953 4767 ού
998 4713 1098 4776 τὰς
1141 4712 1396 4837 μητέρας
1445 4714 1741 4784 γαμοῦσιν,
1787 4719 1927 4775 ἀλλὰ
1980 4728 2102 4786 ταῖς
2155 4729 2449 4796 μητρυιαῖς
2505 4727 2797 4796 μίγνυνται
2827 4727 2875 4778 οἱ
2915 4723 3124 4793 Πέρσαι
3174 4719 3282 4782 ’ἐως
3320 4719 3415 4773 τοῦ
3461 4720 3581 4783 νῦν,

345 4793 592 4837 τένονται
613 4787 672 4837 δὲ
699 4787 812 4837 τῶν
844 4802 1135 4837 γεννῆσαι).
1171 4801 1300 4837 νων.
1335 4784 1412 4837 ὡς
1443 4784 1664 4837 λέγεται
1687 4793 1841 4837 παρὰ
1872 4795 1983 4837 τῶν
2005 4795 2234 4837 εἱδὸτων
2258 4796 2326 4837 τὰ
2358 4795 2482 4837 νοντ’
2507 4797 2706 4837 ηὴιτηιςρ-
2738 4812 2841 4837 ma.
2878 4797 2936 4837 Α,
3016 4794 3059 4826 ιτ
3092 4791 3268 4837 mva
3299 4789 3534 4837 l-levning
3565 4810 3579 4837 ξ

272 4784 592 4869 απὲχόντᾳὶ
613 4787 672 4841 δὲ
693 4784 812 4869 7:633
844 4784 1300 4869 γενῃῃσριμένων.
1335 4784 1412 4869 ὡς
1443 4784 1664 4869 λέγξῖᾳε
1685 4793 1841 4869 παρὰ
1872 4795 1983 4846 τῶν
2005 4784 2328 4869 ειδοτὶυῤ-εξά
2358 4784 2482 4848 κατ’
2505 4784 2706 4869 αύτούς
2738 4812 2844 4869 mg.
2872 4797 2960 4869 A._
2997 4784 3059 4826 ἰτ
3081 4791 3268 4869 Pilis-3v
3299 4789 3537 4869 l-leynins
3565 4810 3580 4844 :

268 4855 703 4937 ιῖῦΐῖξοζθωνο,
759 4856 816 4937 ⁸⁸,
848 4855 1152 4937 διαθλεῦωΥ
1195 4855 1456 4937 corr-Ag.
1509 4855 1556 4888 "
1591 4855 1791 4937 Κλίτρξ
1819 4880 1883 4937 ς,
1939 4874 2162 4937 praestat
2216 4866 2463 4930 Κλεῖτος.
2543 4868 2590 4899 ⁸ο
2637 4855 3000 4937 ἐκδέχεταιΑ.
3080 4865 3123 4937 Ψ
3167 4855 3483 4937 ’Πρακλέως
3511 4865 3576 4917 Λ.

267 4937 320 4968 ﬂ
353 4931 455 5007 ςτοῇ
495 4933 541 5007 ᾼ
569 4947 582 4983 :
609 4925 704 5007 τοῦ
751 4927 826 4997 μή
852 4943 930 5007 ς,
946 4935 1002 4980 et
1034 4935 1223 5007 tuetur
1278 4925 1622 5007 negationem
1677 4925 2010 5000 Sclnefertis,
2056 4936 2304 4994 Corinth.
2345 4955 2398 5007 p.
2423 4925 2567 4992 '10‘2.
2646 4937 2692 4971 ⁵³
2722 4925 3032 5007 Κὰλλιρόης
3069 4936 3133 4990 Α.

3210 4937 3257 4965 ³⁸
3277 4932 3336 4986 δὲ
3365 4950 3474 4987 om.
3511 4939 3576 4987 A.

269 5007 322 5038 ⁸³
348 5002 438 5075 6;]
492 5000 569 5063 ὡς
596 5001 664 5054 Α.
709 4994 932 5071 κρατεῖ]
961 4996 1057 5050 καὶ
1102 4997 1299 5065 κρατεῖ
1318 4994 1384 5049 Α.

1845 5109 2078 5169 NOTIE.

348 5235 503 5310 (Ἰν)
542 5232 669 5310 Non
690 5243 911 5310 matres
931 5232 1150 5310 quidem
1208 5247 1406 5286 uxores
1436 5234 1638 5310 ducunt
1669 5235 1871 5310 Persae,
1904 5241 1954 5299 D
1978 5238 2238 5292 Parthen.
2274 5238 2466 5310 Σθὸνα,
2488 5253 2607 5306 cap.
2627 5234 3010 5308 ϐἘρωτικῶν,
3043 5237 3132 5290 ubi
3149 5237 3290 5291 banc
3307 5235 3472 5292 fabul.
3494 5239 3580 5292 fu-

272 5305 376 5365 sed
411 5324 442 5362 a
475 5305 833 5378 genitricibus
863 5305 1220 5378 abstinentes,
1246 5319 1366 5356 cum
1396 5306 1645 5378 novercis
1671 5307 1869 5378 etiam-
1987 5311 2100 5365 sius
2123 5311 2284 5378 paulo
2318 5309 2506 5363 refert.

274 5395 411 5435 num
439 5373 890 5449 censuetudinem
913 5376 1151 5449 habent,
1177 5384 1237 5449 ut
1268 5385 1494 5449 narrant
1529 5373 1872 5449 Persicarum
2053 5373 2168 5449 (76)
2209 5378 2286 5432 De
2332 5396 2438 5448 qua
2487 5379 2540 5432 in
2569 5378 2827 5449 Excerpt.
2869 5394 2936 5432 ex
2999 5379 3104 5434 fine
3145 5378 3237 5432 lib.
3269 5393 3344 5431 vn
3388 5376 3574 5435 Strab.

274 5465 464 5504 rerum
499 5447 706 5520 periti.
730 5447 908 5520 _Cod.
972 5461 1109 5520 ms.__
1138 5445 1235 5520 hic
1274 5446 1342 5520 ad
1392 5461 1563 5520 marg.
1590 5519 1597 5520 ί
1627 5446 1881 5503 Clemens
2060 5445 2174 5520 (77')
2215 5445 2450 5504 Consule
2477 5449 2687 5520 Girald.
2722 5445 2932 5520 syntag.
2964 5453 3031 5506 10
3062 5450 3203 5503 Hist.
3229 5450 3468 5520 deorum,
3494 5456 3579 5506 vel

273 5531 465 5594 tamen
496 5514 591 5572 lib.
619 5532 687 5594 tit
721 5514 980 5594 Stromat.
1021 5515 1293 5594 e_Xantho
1332 5515 1383 5594 in
1410 5514 1653 5594 Magicis,
1695 5535 1882 5584 magos
1990 5514 2171 5594 potius
2202 5514 2907 5594 Lactantiiiib.tlm'titul:
2961 5533 3217 5594 extrem.,
3258 5518 3414 5594 cuius
3447 5531 3504 5575 et
3528 5524 3580 5574 in

275 5590 582 5664 matribus,
615 5587 850 5664 filiabus,
877 5588 1155 5641 sororibus
1181 5587 1526 5642 commisceri
1555 5589 1742 5642 solitos
1760 5603 1885 5644 esse
1985 5587 2204 5664 Adagiis
2248 5591 2417 5647 habes
2464 5592 2736 5661 descripta
2765 5593 2924 5645 verba
2944 5594 3010 5646 ad
3044 5592 3176 5645 illud
3209 5587 3456 5644 ιΛίνδιον
3480 5593 3583 5664 τὴν

275 5661 454 5716 refert
485 5658 686 5715 Catull.
757 5658 890 5712 Nam
932 5672 1118 5725 magus
1171 5673 1237 5710 ex
1289 5667 1462 5711 matre
1493 5667 1546 5712 et
1570 5670 1736 5725 gnato
1786 5675 1882 5711 na-
1990 5658 2204 5718 θυσίαν.

276 5743 474 5803 scatur
491 5729 858 5803 oportet._Sic
887 5741 1012 5803 vera
1047 5738 1129 5803 est
1147 5725 1443 5803 Persarum
1473 5729 1643 5803 impia
1671 5730 1879 5800 religio.
2063 5735 2152 5803 (78

273 5802 446 5858 Plura
481 5797 689 5870 colligit
716 5798 913 5870 Catiiius
936 5797 1297 5870 Rhodiginus,
1320 5814 1444 5870 cap.
1474 5797 1565 5859 18,
1590 5800 1706 5870 lib.
1735 5797 1788 5854 κζ

351 5872 468 5942 ’75)
503 5865 767 5940 Stephani.
799 5867 1001 5940 Byzan.
1051 5882 1184 5921 voce
1228 5865 1449 5926 Pallene
1489 5869 1676 5926 Σοῶνα
1701 5880 1880 5938 vocat,

604 5966 878 6028 PATROL.
924 5962 1040 6024 GR.
1087 5961 1240 6025 Clll.
3115 5962 3192 6022 18

2156 5734 2175 5801 )
2231 5731 2361 5786 Vide
2413 5731 2632 5786 Diodori
2695 5731 2862 5788 Siculi

2939 5747 3058 5804 cap.
3115 5733 3182 5787 f9.
3240 5731 3333 5788 lib.
3391 5748 3481 5800 tv;
3528 5743 3585 5790 et

1987 5802 2236 5878 Apollod.
2262 5804 2356 5860 lib.
2385 5818 2446 5858 Ill
2483 5802 2739 5858 Biblioth.
