4022 6468
256 384 363 447 557

1293 371 1823 432 BIBLIOTHECA.
1867 394 1936 403 -
1978 368 2141 429 COD.
2176 368 2534 430 CLXXXVI.

3434 369 3538 430 558

256 501 364 552 Καὶ
392 492 468 570 ἦν
506 499 537 549 ὁ
577 498 676 566 μὲν
698 495 928 558 δίκαιος,
958 490 1053 545 καὶ
1081 491 1157 554 ὡς
1199 489 1536 558 ὠνομάζετο,
1568 486 1713 541 οὓτω
1745 485 1843 538 καὶ

1955 484 2097 538 bant.
2141 482 2198 536 In
2222 483 2308 536 his
2333 483 2541 537 Dicreus
2569 481 2681 553 (90)
2711 482 2927 551 quidem
2978 492 3117 545 erat,
3164 482 3306 552 quod
3338 499 3535 537 nomen

246 589 350 661 ἦν’
409 590 585 644 Συλέα
643 589 701 643 δὲ
762 587 1024 656 ὑϐριστὴν
1081 584 1209 637 ὄντα
1277 583 1557 654 Ἡρακλῆς
1609 581 1846 649 ἀναιρεῖ,

247 681 537 745 Ξενίζεται
560 682 605 733 δ’
640 679 747 733 ὑπὸ
779 677 1026 743 Δικαίου,
1053 677 1144 729 καὶ
1179 676 1281 746 ἐρᾷ
1309 675 1408 744 τῆς
1439 672 1649 734 Σολέως
1674 671 1846 739 θυγα-

244 774 401 844 τρὸς,
437 772 565 825 ίδὼν
586 771 761 842 αὐτὴν
788 771 919 838 παρ’
944 768 1091 838 αὐτῷ
1112 765 1480 838 τρεφομένην,
1516 765 1610 817 καὶ
1655 764 1850 830 ἄγεται

245 869 327 929 εἰς
392 868 658 934 γυναῖκα.
705 864 773 916 Ἠ
822 863 881 915 δὲ
920 861 1375 931 ἀποδημήσαντος
1441 856 1775 929 Ἡρακλέους
1802 856 1849 886 ⁸⁸

243 960 327 1028 τῷ
354 960 488 1027 περὶ
518 956 686 1010 αὑτὸν
717 954 883 1026 ἔρωτι
924 954 1020 1007 καὶ
1054 953 1204 1024 πόθῳ
1236 950 1541 1023 βαλλομένη
1587 950 1845 1019 θνήσκει·

251 1053 358 1105 καὶ
397 1052 495 1103 ἐπὶ
542 1048 841 1120 προσφάτῳ
910 1049 977 1117 τῇ
1025 1047 1217 1117 κηδείᾳ
1270 1042 1507 1098 ἐπανιὼν
1564 1042 1687 1114 [222
1756 1039 1849 1112 11.]

266 1142 561 1213 Ἡρακλῆς
595 1138 815 1209 ἔμελλεν
854 1139 1019 1191 αὑτὸν
1066 1139 1133 1208 τῇ
1179 1138 1339 1208 πυρᾷ
1397 1134 1848 1204 συγκατακαίειν,

263 1237 318 1289 εἰ
365 1236 447 1306 μὴ
500 1238 546 1287 oi
582 1233 847 1302 παρόντες
879 1232 1062 1300 λόγοις
1094 1230 1480 1301 παρηγοροῦσι
1529 1230 1680 1298 μόλις
1715 1230 1851 1279 ἐκώ-

265 1327 462 1379 λυσαν.
502 1324 605 1377 Καὶ
642 1324 977 1388 ἀπελθόντος
1019 1322 1354 1394 Ἡρακλέους
1381 1322 1427 1353 ⁸⁷
1470 1321 1533 1374 τὸ
1564 1323 1714 1390 σῆμα
1752 1320 1854 1388 τῆς

270 1418 439 1487 κόρης
470 1417 518 1469 οξ
560 1416 843 1486 πρόσοικοι
876 1416 1324 1486 περιεδείμαντο,
1357 1413 1454 1467 καὶ
1483 1413 1606 1467 ἀντὶ
1632 1413 1853 1483 μνήμαο

264 1526 358 1572 τος
387 1508 531 1578 ἱερὸν
574 1507 914 1578 Ἡρακλέους
938 1506 1250 1577 ἀπέφηναν.

338 1684 407 1737 Ἦ
452 1691 549 1754 ιη’,
604 1685 807 1756 Λοκροὶ
862 1684 1183 1755 μαχόμενοι,
1214 1684 1340 1738 ἐπεὶ
1374 1683 1643 1752 συγγενὴς
1670 1683 1850 1746 αὐτοῖς

248 1776 387 1841 Δίας
434 1773 616 1849 ἦν,ὲν
665 1779 733 1847 τῇ
777 1776 1084 1848 παρατάξει
1132 1774 1318 1847 χώραν
1363 1775 1525 1847 κενὴν
1565 1775 1750 1840 ἐῶσιν,
1776 1774 1849 1837 ὠς

247 1870 418 1939 δῆθεν
472 1870 613 1933 Ara;
664 1870 723 1921 ὲν
857 1869 1281 1939 παρατάττοιτο.
1341 1867 1849 1938 Παρατεταγμένων

248 1960 347 2015 οὖν
386 1963 449 2014 ὲν
492 1965 563 2033 τῇ
590 1960 729 2031 πρὸς
767 1962 1157 2030 Κροτωνιάτας
1192 1961 1361 2033 μάχῃ,
1388 1959 1672 2012 Λύτολέων
1700 1960 1851 2028 Κρο-

246 2053 533 2123 τωνιάτης
580 2051 860 2123 ἠϐουλήθη
916 2052 1006 2105 διά
1060 2052 1155 2105 τοῦ
1213 2051 1582 2114 διαλείποντος
1633 2050 1853 2103 διεκπε-

252 2141 432 2195 σείν⁶⁸
470 2143 675 2213 μέρους
739 2144 835 2196 καὶ
885 2143 1274 2196 κυκλώσασθαι
1343 2144 1471 2206 τοὺς
1533 2141 1879 2211 πολεμίους,

249 2234 507 2305 Τρωθεὶς
555 2235 602 2287 δ’
646 2235 752 2288 ὑπὸ
797 2236 1086 2303 φάσματος
1114 2237 1205 2288 τὸν
1250 2236 1423 2306 μηρὸν
1466 2234 1762 2304 ἀπετράπη
1781 2234 1851 2294 θ’.

252 2328 351 2379 καὶ
384 2327 778 2395 ἐσφακέλιζεν,
812 2328 917 2390 ἕως
949 2328 1017 2381 ἂν
1050 2328 1192 2381 κατὰ
1228 2326 1477 2398 χρησμὸν
1524 2328 1604 2390 εἰς
1648 2326 1749 2396 τὴν
1795 2327 1852 2377 ἐν

256 2416 453 2487 Πόντῳ
482 2418 778 2488 Ἀχίλλειον
807 2421 971 2487 νῆσον
995 2418 1133 2487 (ἔστι
1158 2419 1201 2472 δ’
1229 2418 1368 2488 αὕτη
1404 2418 1854 2488 παραπλεύσαντι

255 2511 352 2563 τὸν
388 2511 606 2581 Ἴστρον
650 2512 791 2583 ὑπὲρ
825 2514 926 2581 τῆς
969 2511 1273 2580 Ταυρικῆς)
1318 2512 1499 2562 ἐκεῖσε
1536 2525 1853 2580 παραγεγο-

257 2600 391 2667 νὼς,
418 2603 516 2654 καὶ
547 2600 675 2665 τούς
701 2620 760 2653 τε
793 2601 991 2665 ἄλλους
1016 2603 1206 2673 ἥρωας
1246 2600 1719 2671 ἐπιμειλιξάμενος,
1751 2600 1855 2668 μά-

257 2695 423 2747 λιστα
463 2694 522 2747 δὲ
563 2693 663 2764 τὴν
696 2694 927 2756 Αἴαντος
953 2692 1046 2746 τοῦ
1074 2693 1288 2764 Λοκροῦ
1318 2693 1518 2763 ψυχὴν,
1554 2692 1700 2763 ἰάθη.
1734 2693 1853 2745 Κά-

259 2785 444 2837 κεῖθεν
470 2785 747 2848 ὲξιόντα⁷⁰
771 2783 1139 2853 ἀπαγγέλλειν
1166 2784 1329 2837 αὐτὸν
1358 2785 1674 2854 Στησιχόρῳ
1708 2782 1855 2835 Ἑλέ-

259 2896 325 2948 νη
375 2876 595 2929 κελεύει
634 2877 736 2946 τὴν
775 2879 856 2941 εἰς
896 2877 1067 2945 αὐτὴν
1093 2876 1261 2948 ᾅδειν,
1292 2878 1340 2929 εί
1381 2877 1526 2945 φιλεῖ
1553 2878 1652 2935 τὰς
1679 2876 1852 2946 δψεις,

258 2970 623 3041 παλινῳδίαν.
664 2970 998 3040 Στησίχορος
1049 2969 1095 3022 δ’
1128 2969 1327 3022 αὐτίκα
1382 2968 1582 3039 ὕμνους
1636 2969 1855 3038 Ἑλένης

258 3063 553 3116 συντάττει
580 3064 677 3115 καὶ
704 3063 804 3133 τὴν
839 3062 960 3131 ὄψιν
994 3061 1407 3132 ἀνακομίζεται.

342 3244 411 3297 Ἡ
455 3243 519 3296 ιθ’
542 3245 616 3307 ὡς
650 3242 891 3313 Ψαμάθη
923 3244 956 3314 η
1002 3240 1302 3312 Κροτώπου
1319 3241 1363 3271 ⁷¹
1416 3242 1476 3308 ἐξ
1514 3239 1852 3304 ’Λπόλλωνος

251 3335 407 3401 κύει,
442 3336 541 3388 καὶ
573 3336 831 3398 τεκοῦσα,
872 3335 996 3387 ἐπεὶ
1018 3335 1110 3388 τὸν
1142 3336 1358 3404 πατέρα
1387 3334 1673 3399 ἐδεδοίκει,
1705 3333 1854 3387 ἐκτί-

252 3431 440 3492 θεται,
471 3429 631 3481 Λίνον
667 3428 1004 3497 ὀνομάσασα.
1055 3427 1167 3481 Καὶ
1212 3428 1241 3479 ὁ
1294 3426 1588 3496 δεξάμενος
1647 3427 1853 3496 ποιμὴν

248 3521 332 3581 ὡς
367 3520 508 3572 ἴδιον
540 3518 827 3589 ἀνέτρεφε,
858 3518 952 3571 καί
986 3536 1118 3571 ποτε
1167 3519 1216 3571 oi
1266 3520 1366 3589 τῆς
1404 3519 1646 3589 ποίμνης
1691 3518 1853 3581 κύνες

247 3612 569 3665 διέσπασαν
605 3612 789 3666 αὐτόν.
835 3611 901 3665 Ἦ
934 3612 990 3665 δὲ
1028 3612 1473 3682 ὑπερπαθήσασα
1525 3611 1854 3682 κατάφωρος

246 3704 630 3773 γίνεταιτῷ⁷²
656 3707 843 3775 πατρὶ,
872 3705 968 3758 καὶ
989 3704 1203 3768 δικάζει
1220 3706 1357 3775 αὐτῇ
1379 3705 1630 3770 θάνατον,
1650 3722 1855 3776 πεπορ-

252 3795 488 3848 νεῦσθαι
539 3796 635 3848 καὶ
686 3796 1121 3866 καταψεύδεσθαι
1168 3797 1337 3868 αὐτὴν
1374 3796 1708 3860 ’Λπόλλωνος
1738 3798 1855 3867 οἰη-

265 3888 401 3949 θείς.
446 3888 728 3941 Ἀπόλλων
766 3888 825 3941 δὲ
870 3889 950 3960 τῷ
980 3890 1079 3959 τῆς
1103 3890 1388 3959 ἐρωμένης
1419 3890 1565 3959 φόνῳ
1594 3888 1854 3959 χολωθεὶς

266 3978 398 4052 [155
426 3981 519 4051 11.]
550 3981 723 4052 λοιμῷ
750 3982 973 4046 κολάζει
1026 3983 1156 4044 τοὺς
1193 3981 1495 4051 Ἀργείους.
1548 3982 1658 4035 Καὶ
1708 3998 1852 4051 χρω-

258 4076 454 4144 μένοις
504 4076 647 4147 ὑπὲρ
690 4075 1009 4144 ἀπαλλαγῆς
1051 4075 1329 4145 Ψαμάθην
1372 4075 1550 4128 ἀνεῖλε
1580 4075 1676 4129 καὶ
1696 4075 1855 4128 Λίνον

255 4168 611 4223 ἱλάσκεσθαι.
648 4171 709 4221 Οἱ
740 4169 796 4222 δὲ
824 4169 893 4222 τά
919 4185 978 4220 τε
1023 4169 1160 4222 ἄλλα
1205 4170 1473 4239 ἐτίμησαν
1502 4169 1720 4232 αὐτοὺς,
1761 4170 1857 4221 καὶ

254 4259 468 4329 γύναια
497 4261 615 4329 ἅμα
655 4261 845 4331 κόραις
893 4260 1144 4328 ἔπεμπον
1203 4260 1422 4330 θρηνεῖν
1474 4260 1665 4314 Λίνονο
1699 4260 1757 4314 αἱ
1799 4259 1856 4312 δὲ

256 4356 504 4427 θρήνους
543 4354 876 4418 ἀντιϐολίαις
916 4355 1178 4423 μιγνῦσαι
1230 4354 1327 4416 τάς
1373 4371 1429 4405 τε
1480 4353 1707 4406 ἐκείνων
1761 4354 1857 4405 καὶ

250 4445 360 4509 τὰς
394 4449 668 4516 σφετέρας
706 4446 991 4499 ἀνέκλαιον
1020 4445 1210 4515 τύχας.
1253 4446 1363 4498 Καὶ
1414 4444 1588 4508 οὕτως
1637 4440 1707 4515 ἦν
1762 4446 1855 4497 ὲκ-

1952 587 2168 641 quoque
2199 570 2439 641 praefert,
2486 571 2667 639 justus
2704 589 2717 625 :
2754 573 2973 643 Syleum
3024 572 3215 643 1330
3268 589 3399 627 vero
3449 575 3538 628 in—

1948 664 2147 733 juriam
2198 665 2311 736 (9|)
2364 666 2486 721 aliis
2540 665 2865 719 inferentem
2929 666 3190 720 Hercules
3242 666 3535 721 interfecit.

1953 764 1996 817 Α
2029 762 2208 816 Dicaeo
2231 761 2429 816 deinde
2458 761 2699 832 hospitio
2740 771 3024 830 exceptus,
3077 771 3132 814 et
3186 776 3373 816 amore
3417 761 3539 815 filim

1955 854 2097 925 Sylei
2119 855 2252 927 (92),
2277 870 2439 925 quam
2458 856 2601 923 apud
2636 856 2782 909 illum
2818 855 3037 909 educari
3071 854 3301 920 viderat,
3327 864 3539 923 captus,

1953 964 2179 1003 uxorem
2235 963 2354 1002 eam
2385 949 2560 1002 duxit.
2639 948 2733 1002 1113
2792 948 3008 1001 interim
3059 961 3282 1017 peregre
3329 948 3543 1017 agentis

1954 1039 2204 1097 Herculis
2250 1041 2521 1096 desiderio
2564 1055 2861 1110 amoreque
2913 1040 3119 1107 saucia,
3185 1041 3413 1097 interiit.
3462 1038 3540 1095 lbi

1957 1133 2219 1188 Hercules
2253 1148 2376 1187 cum
2425 1148 2620 1188 recens
2654 1142 2882 1186 mortuae
2937 1131 3111 1186 funeri
3148 1130 3291 1187 forte
3324 1132 3542 1187 rediens

1957 1225 2363 1287 intervenisset,
2398 1226 2452 1278 in
2478 1225 2656 1295 ignem
2685 1241 2787 1278 una
2812 1226 3159 1279 cremandum
3182 1239 3240 1278 se
3275 1223 3544 1296 conjecis-

1955 1325 2058 1381 set,
2116 1316 2218 1371 nisi
2246 1316 2336 1384 qui
2361 1317 2591 1371 aderant
2648 1316 2943 1384 exsequiis,
2993 1331 3137 1386 aegre
3177 1318 3396 1372 tandem
3428 1317 3543 1371 dis-

1955 1409 2252 1472 suadendo,
2313 1408 2742 1477 prohibuissent.
2822 1406 2999 1462 Vicini
3062 1423 3245 1476 porro,
3306 1408 3542 1465 Hercule

1950 1499 2062 1571 jam
2087 1500 2354 1570 profecto,
2397 1501 2587 1570 puellre
2630 1501 2937 1570 sepulcrum
2966 1500 3196 1555 aedilicio
3228 1502 3539 1569 cinxerunt,

1955 1608 2020 1648 ac
2042 1609 2139 1662 pro
2172 1601 2524 1649 monumento
2558 1594 2741 1649 fanum
2776 1593 3025 1649 Herculis
3063 1593 3380 1650 effecerunt.

2018 1685 2221 1742 Octava
2270 1688 2478 1742 decima
2519 1703 2536 1742 :
2574 1685 2734 1741 Locri
2790 1695 3113 1755 pugnantes,
3160 1689 3305 1756 quod
3367 1685 3545 1755 gentis

1956 1780 2195 1850 ejusdem
2227 1780 2363 1848 Ajax
2394 1780 2578 1845 fuerit,
2622 1780 2676 1834 in
2727 1781 2844 1834 acie
2896 1780 3161 1833 instructa
3206 1793 3437 1833 vacuum
3462 1778 3540 1833 illi

1958 1872 2134 1925 locum
2164 1871 2478 1940 relinquere
2498 1871 2695 1935 solent,
2736 1871 2960 1938 perinde
2984 1884 3047 1923 ac
3074 1868 3119 1924 si
3160 1869 3214 1923 in
3249 1883 3313 1923 eo
3350 1869 3540 1923 ordine

1953 1964 2310 2018 constitisset.
2367 1962 2443 2016 Ita
2493 1977 2624 2032 ergo
2664 1977 2790 2016 cum
2832 1962 3064 2015 ordinati
3110 1969 3321 2015 starent
3373 1959 3426 2014 in
3473 1974 3539 2014 eo

1952 2055 2148 2125 prcelio
2170 2055 2313 2124 quod
2342 2054 2475 2124 ipsis
2499 2069 2622 2109 cum
2654 2053 2988 2108 Crotoniatis
3016 2053 3141 2117 fuit,
3169 2052 3340 2106 voluit
3366 2053 3515 2106 Auto

1952 2150 2073 2203 leon
2096 2149 2438 2204 Crotoniates
2460 2162 2557 2216 per
2575 2162 2801 2201 vacuam
2825 2146 2969 2200 illam
2997 2155 3204 2214 partem
3232 2159 3535 2213 erumpere,

1955 2241 2252 2310 hostesque
2297 2241 2536 2309 cingere.
2607 2238 2805 2292 Verum
2830 2254 2858 2291 a
2886 2249 3103 2307 spectro
3135 2238 3448 2294 vulneratus
3481 2239 3535 2293 in

1954 2335 2185 2401 femore,
2235 2333 2371 2404 fugit
2406 2344 2567 2403 atque
2593 2332 2979 2388 contabescere
3026 2334 3212 2402 coepit,
3269 2333 3442 2389 donec
3469 2349 3535 2389 ex

1956 2428 2177 2482 oraculo
2219 2427 2271 2481 in
2309 2426 2539 2483 insulam
2586 2426 2745 2481 Ponti
2802 2426 3104 2482 Achilleum
3150 2424 3292 2497 (qute
3342 2425 3536 2481 Istrum

1954 2521 2438 2591 prieternaviganti
2484 2536 2643 2590 supra
2680 2519 2967 2575 Tauricam
2999 2520 3104 2575 sita
3142 2520 3270 2591 est),
3303 2519 3535 2587 delatus,

1955 2630 2077 2669 cum
2133 2614 2269 2669 alios
2328 2613 2399 2667 ibi
2464 2613 2677 2678 heroas,
2744 2621 2854 2665 tum
2888 2625 3018 2665 vero
3072 2611 3306 2665 maxime
3358 2609 3538 2675 Aiacis

1956 2706 2246 2761 Locrensis
2301 2719 2487 2758 manes
2522 2704 2804 2772 placando,
2837 2713 3058 2758 sanatus
3085 2714 3184 2760 est.
3244 2704 3535 2759 Decedenti

1954 2804 2135 2847 autem
2172 2793 2296 2847 inde
2330 2790 2529 2847 Helena
2564 2792 2838 2862 negotium
2867 2792 3035 2856 dedit,
3066 2792 3375 2848 Stesichoro
3423 2794 3537 2863 (93)

1954 2896 2013 2940 ιιι
2047 2878 2336 2951 nuntiaret,
2384 2886 2430 2939 si
2461 2886 2650 2939 oculos
2694 2894 3080 2954 aspectumque
3105 2898 3335 2952 amaret,
3363 2888 3539 2957 paliné

1955 2980 2135 3033 odiam
2204 2994 2394 3033 eorum
2448 2988 2705 3044 caneret,
2759 2993 2879 3047 qua:
2926 2979 2983 3034 in
3032 2995 3092 3036 se
3146 2984 3535 3050 conspexisset.

1960 3069 2309 3126 Stesichorus
2342 3072 2509 3138 igitur
2535 3073 2821 3127 confestim
2849 3074 3077 3144 hymnos
3108 3073 3159 3127 in
3183 3072 3399 3129 Helena:
3426 3075 3542 3129 lau-

1878 3183 1923 3245 C
1958 3165 2082 3219 dem
2114 3165 2436 3233 composuit,
2469 3164 2859 3234 oculorumque
2893 3165 3074 3219 lumen
3107 3169 3465 3236 recuperavit.

2020 3254 2173 3311 Nona
2200 3257 2405 3311 decima
2435 3256 2891 3328 :Psamathe(94)
2906 3259 3122 3330 Crotopi
3156 3259 3263 3312 filia
3298 3275 3362 3314 ex
3380 3259 3541 3329 Apol-

1950 3347 2061 3403 line
2108 3350 2329 3419 gravida
2385 3352 2616 3418 peperit,
2673 3350 2994 3419 patremque
3054 3351 3224 3404 verita
3276 3351 3537 3405 infantem

1951 3440 2224 3509 exposuit,
2266 3439 2386 3494 Lini
2443 3440 2872 3495 nomineindito.
2909 3439 3101 3496 Pastor
3132 3450 3402 3510 repertum
3441 3456 3540 3511 pro

1952 3545 2054 3585 suo
2099 3532 2387 3595 educavit,
2440 3533 2534 3586 sed
2578 3531 2759 3601 gregis
2795 3544 2957 3585 canes
3000 3530 3262 3585 infantem
3293 3532 3432 3585 forte
3460 3532 3538 3584 la-

1953 3632 2235 3677 cerarunt.
2285 3623 2381 3675 llla
2430 3638 2559 3678 vero
2610 3638 2732 3677 cum
2778 3623 2964 3676 dolore
3009 3639 3076 3676 ex
3111 3639 3176 3678 eo
3210 3623 3365 3678 valde
3386 3639 3540 3678 com-

1952 3724 2285 3781 moveretur,
2332 3716 2760 3784 deprehenditur
2794 3732 2821 3771 a
2858 3728 3032 3786 patre,
3085 3718 3177 3785 qui
3228 3728 3539 3785 corruptam

1952 3822 2096 3870 eam,
2148 3816 2204 3862 et
2258 3806 2396 3861 falso
2428 3808 2481 3861 in
2512 3807 2814 3876 Apollinem
2848 3808 3035 3861 vitium
3068 3807 3273 3862 referre
3303 3809 3539 3861 arbitra-

1956 3904 2061 3957 tus.
2082 3896 2276 3966 capitis
2303 3896 2550 3950 damnat.
2581 3895 2759 3963 Quare
2775 3896 2985 3965 Apollo,
3009 3897 3081 3950 oh
3113 3905 3306 3949 amatae
3336 3897 3537 3950 caedem

1955 3988 2036 4042 ira
2063 3996 2388 4053 commotus,
2419 3996 2577 4057 peste
2614 3988 2843 4056 Argivos
2892 3989 3124 4054 vexavit,
3152 3988 3542 4056 consultusque

1955 4083 2023 4134 de
2052 4083 2469 4135 averruncando
2524 4080 2688 4147 malo,
2734 4080 3059 4135 Psamathen
3118 4091 3171 4135 et
3201 4080 3393 4135 Linum
3425 4082 3542 4152 pla-

1957 4175 2164 4228 candos
2196 4175 2496 4243 respondit.
2559 4174 2638 4228 llli
2667 4189 2797 4228 vero
2826 4184 3020 4243 prmter
3051 4183 3277 4228 caeteros
3308 4174 3543 4228 honores

1956 4262 2064 4316 illis
2094 4262 2389 4326 exhibitos,
2461 4262 2693 4317 feminas
2739 4264 2904 4318 etiam
2959 4278 3081 4317 cum
3129 4262 3427 4331 virginibus
3472 4264 3543 4316 ad

1956 4353 2151 4407 Linum
2206 4355 2598 4423 deplorandum
2643 4356 2911 4410 miserunt
2944 4373 2957 4408 :
2987 4370 3107 4423 quae
3139 4370 3261 4410 cum
3294 4355 3544 4425 deplora-

1960 4446 2133 4499 tiones
2153 4447 2605 4502 obtestationibus
2631 4448 2950 4511 miscerent,
2973 4463 3080 4502 non
3105 4448 3319 4502 illorum
3338 4449 3542 4509 solum,

256 4537 490 4608 πρεπὴς
523 4538 552 4589 ό
576 4537 670 4590 ἐπὶ
697 4537 844 4607 Λίνῳ
878 4537 1094 4606 θρῆνος,
1120 4537 1196 4599 ὡς
1247 4536 1345 4590 ἀπ’
1370 4536 1595 4589 ἐκείνων
1623 4535 1718 4588 καὶ
1746 4535 1852 4597 τοῖς

1965 4538 2058 4593 sed
2081 4552 2178 4593 sua
2205 4539 2370 4593 etiam
2408 4538 2707 4594 infortunia
2751 4539 3127 4608 dep!orabant.
3164 4541 3313 4595 Adeo
3357 4548 3538 4594 autem

256 4630 461 4681 ἔπειτα
510 4631 765 4698 ποιηταῖς
810 4633 1012 4692 παντὸς
1057 4628 1267 4690 πάθους
1318 4626 1640 4697 παρενθήκη
1697 4626 1855 4690 Λίνος

1965 4629 2219 4683 decenter
2234 4628 2425 4685 Linum
2461 4630 2565 4685 illa;
2590 4631 2868 4697 luxerunt,
2894 4641 2953 4684 ut
2977 4644 3043 4685 ex
3061 4645 3128 4685 eo
3155 4647 3185 4685 a
3210 4631 3382 4700 poetis
3402 4630 3541 4699 (95),

1584 4804 1827 4859 VARIIE
1865 4803 2274 4859 LECTIONES.

354 4950 402 4983 ο·
452 4946 768 5019 Ἠρακλέφς
791 4947 837 5000 Α
871 4943 1227 5019 εᾟροξκλέος
1259 4960 1318 5019 ες
1345 4940 1432 5019 ___"
1465 4943 1764 5019 Ἡρακλέες
1788 4961 1849 5007 €-

1927 4942 2249 5021 ⁸ίιι-ὶκπεσείν
2276 4961 2352 5021 ς..
2421 4946 2758 5021 ⁶⁹⁴ἀτεεσγάπη
2811 4949 3060 5006 Pierson.
3117 4951 3288 5010 Moer.
3316 4956 3440 5012 add.
3488 4964 3545 5010 et

354 4960 402 4983 δ’
452 4960 768 5019 Ἡρακλεως
791 4960 837 5000 Α
871 4964 882 4998 ἒ
934 4960 990 4996 ⁷η
1033 4960 1227 5006 ακΑεος
1259 4960 1318 5005 ς.
1389 4960 1427 4973 ¹³¹
1472 4960 1526 4995 ⁷η
1607 4960 1764 5005 κΛεος
1788 4961 1849 5007 ς.
1927 4960 1973 4974 "'
1997 4960 2249 4997 εκπεσειν
2276 4961 2336 5007 ς.
2421 4960 2466 4980 ’³⁸
2496 4960 2758 5021 ἀπεσάπη

256 5024 468 5091 corrig.
497 5020 565 5075 ad
593 5034 645 5088 p.
672 5017 798 5072 διε.
874 5017 919 5047 το
951 4961 1195 5078 agnam.
1272 5013 1315 5044 τι
1345 4960 1603 5083 Tomi):
1640 5015 1991 5084 ὴΚροτόπου
2040 5016 2103 5068 Α.
2181 5016 2226 5045 τ’
2253 5014 2354 5088 τῷ]
2397 5019 2489 5071 καὶ
2518 5018 2596 5088 τῷ
2621 5020 2687 5072 Α.
2794 5074 2795 5077 γ

1776 5148 1992 5205 NOTIE.

339 5278 474 5351 (90)_
496 5276 732 5351 Dic-agam
759 5272 992 5351 Thracia
1047 5268 1238 5322 urbem
1281 5262 1351 5317 ab
1384 5263 1486 5317 hoc
1509 5277 1702 5316 nomen
1738 5273 1849 5318 tra-

262 5342 415 5406 xis‘se
440 5347 632 5414 Steph.
665 5344 831 5399 tradit
858 5342 910 5395 iu
937 5354 1000 5414 ea
1030 5352 1184 5414 voce.

323 5403 377 5487 ξθ
390 5403 441 5491 1)
478 5403 802 5491 Peregrinos
833 5406 1326 5491 pernAulidemIiter
1346 5403 1850 5491 ﬁgentem-terram

262 5474 455 5547 fodere
486 5474 1305 5555 compulisse'refert_Apollod.
1364 5474 1459 5528 lib.
1492 5489 1532 5528 ιι
1589 5474 1849 5530 Biblioth.

323 5560 443 5629 (92)
474 5546 790 5629 Xenodicen
819 5563 996 5629 tamen
1030 5546 1175 5619 Sylei
1207 5546 1375 5601 ﬁliam
1403 5560 1509 5599 una
1543 5559 1665 5600 cum
1698 5558 1853 5616 patre

262 5622 509 5688 oecisam
546 5627 741 5681 scribit
766 5622 1011 5691 Apollod.
1046 5633 1194 5687 supr.

333 5701 448 5770 (93)
486 5699 624 5770 Vide
670 5684 922 5770 Isocratis
948 5684 1239 5770 Encomion
1268 5685 1481 5770 Helena:
1508 5704 1563 5770 ξ.
1592 5684 1757 5770 Sqid_._
1795 5695 1852 5739 et

264 5757 492 5843 (ἧι-3111.
518 5768 661 5823 Hist.
676 5776 831 5843 Apoet.
852 5764 1006 5816 Dion.
1025 5762 1482 5843 (.Jhrysostxorat.
1506 5757 1593 5843 11,
1616 5767 1675 5843 ξι
1690 5757 1846 5843 alios.

270 5827 433 5899 Falso
464 5850 648 5897 autem
676 5827 815 5894 hanc
844 5827 1214 5889 narrationem
1247 5827 1452 5884 referre
1476 5829 1591 5887 vult
1614 5828 1844 5884 Ptolem.

1960 5264 2233 5331 Hephmst.
2264 5265 2357 5319 inf.
2394 5267 2516 5320 cod.
2551 5267 2672 5321 190.

2029 5338 2141 5405 (94)
2178 5337 2554 5418 Narratione":
2612 5340 2747 5392 hanc
2789 5355 2919 5418 cum
2975 5342 3206 5399 Pausan.
3267 5347 3319 5399 in
3372 5348 3541 5407 Αιιίε.

1962 5420 2281 5472 comparare
2314 5413 2543 5471 pretium
2578 5425 2756 5475 opera:
2786 5413 2967 5465 fuerit.

2029 5476 2143 5546 (95)
2174 5477 2326 5543 Quod
2357 5487 2553 5545 praeter
2578 5478 2872 5533 Homerum
2896 5487 3059 5537 etiam
3090 5484 3359 5541 Hesiodus
3380 5487 3542 5544 docet

1956 5549 2095 5629 apud
2124 5548 2374 5629 Eustath.
2407 5546 2804 5629 ad_vers._570,
2840 5551 3004 5629 Iliad.
3040 5555 3096 5609 Σ.
3134 5554 3234 5629 Ubi
3272 5557 3423 5629 plura
3472 5558 3557 5613 de'

1953 5616 2114 5681 Lino,
2149 5620 2322 5692 deque
2344 5616 2613 5692 appellato
2632 5620 2699 5692 ab
2722 5636 2786 5675 eo
2809 5638 2867 5675 ca
2879 5626 3234 5692 rmine,’quod
3253 5616 3536 5682 ἑιΑῐλινον

1954 5696 2038 5741 est
2068 5689 2427 5769 nominatum.
2454 5686 2760 5769 Hesychius
2779 5708 2991 5769 quoque
3010 5686 3169 5769 Λίνον
3195 5696 3338 5767 ᾠδῆς
3364 5697 3537 5769 ὄνομα

1954 5758 2097 5836 κατὰ
2155 5758 2264 5836 μέν
2306 5774 2462 5820 τινας
2502 5750 2622 5836 ’ἀπὸ
2657 5762 2764 5836 δοῦ
2796 5750 3065 5836 ’κλωστοῦ
3093 5750 3261 5836 λίνου,
3293 5750 3532 5826 ἰῖοιεινῖι.

1958 5827 2089 5884 Vide
2116 5839 2171 5884 ct
2205 5826 2467 5884 Thesaur.
2500 5829 2627 5900 ling.
2649 5829 2848 5889 Graecae
2882 5832 2948 5887 11.
2990 5837 3071 5891 St.
