4022 6446
546 379 658 438 ῧῖιε)
1705 375 1973 436 ΡΠΟΤΙΙ
2002 376 2132 435 ΡΛΊ

2241 376 2509 435 ARCIL’E
2548 377 2654 435 (ΖΡ.
3681 386 3768 449 560

552 496 641 560 qui
697 493 951 562 deinceps
998 493 1166 546 secuti
1192 503 1338 558 sunt,
1388 492 1437 546 in
1485 492 1628 546 omni
1662 506 1813 560 ptene
1864 494 2125 545 lamenta-

2241 492 2439 564 ᾅδεται.
2473 493 2634 562 Μῆνά
2662 509 2717 544 τε
2740 492 3031 563 ὠνόμασαν
3057 494 3293 564 ἀρνεῖον,
3320 494 3401 547 δτι
3424 497 3607 566 άρνὰσι
3634 504 3771 567 Λίνος

551 582 758 633 tionum
785 594 983 649 genere
1009 581 1178 635 Linus
1204 569 1523 636 decantatus
1561 583 1851 635 inseratur.
1895 584 2035 648 Quin
2070 595 2125 637 et

2241 587 2605 656 σονανετρὰφη
2628 603 2640 614 ·
2675 586 2769 638 καὶ
2805 588 2994 639 θυσίαν
3033 586 3227 653 ἄγουσι
3258 590 3353 641 καὶ
3378 590 3563 660 ἑορτὴν
3584 593 3769 662 ἁρνίδα,

551 684 790 724 mensem
813 671 1013 741 134α
1044 672 1409 743 Arneum(96)
1436 674 1793 742 appellarunt,
1820 676 1961 742 quod
1987 676 2125 730 inter

2241 680 2532 741 κτείνοντες
2560 680 2681 730 ὲν⁷³
2708 680 2891 750 ἐκείνῃ
2922 682 2988 749 τῇ
3007 680 3191 750 ἡμέρᾳ
3209 681 3305 732 καὶ
3336 682 3508 734 κυνῶν
3538 684 3685 748 δσους
3719 689 3775 741 ἂν

551 777 719 827 agnos
736 760 900 820 Linus
926 765 1187 817 educatus
1205 765 1415 819 fuisset.
1452 765 1561 819 lmo
1576 766 1907 821 sacrificium
1925 768 2121 831 eidem,

2241 771 2453 842 εὕρωσι.
2516 772 2623 823 Καὶ
2652 771 2759 823 οὐδ’
2795 771 2967 833 οὕτως
2998 770 3183 839 ἐλώφα
3213 772 3274 823 τὸ
3305 772 3492 835 κακὸν,
3521 775 3618 837 ἓως
3651 778 3771 845 Κρό-

551 850 856 922 Ϊεειυιιιιτιιθ
886 855 1050 919 diem,
1098 856 1297 909 Arnida
1330 869 1618 925 utrumque
1650 859 2003 924 nominatum,
2045 861 2127 912 itt-

2241 880 2409 927 εωπος
2444 863 2587 916 κατά
2618 864 2869 933 χρησμὸν
2916 864 3067 916 ἔλιπε
3116 868 3177 915 τὸ
3211 865 3433 933 Ἄργος,
3487 866 3574 917 καὶ
3608 867 3776 931 κτίσας

550 944 863 1007 stituerunt,
905 956 1204 999 tuactautes
1232 964 1294 999 eo
1326 948 1429 1013 die,
1480 959 1747 1018 quotquot
1796 949 2007 1017 uspiam
2042 965 2127 1002 re-

2241 956 2390 1008 πόλιν
2418 958 2475 1006 ἐν
2525 957 2589 1025 τῇ
2647 954 2915 1024 Μεγαρίδι
2948 957 3041 1007 καὶ
3066 953 3450 1025 Τριποδίσκιον
3476 953 3778 1017 ἐπικαλέσας

544 1036 727 1103 perire
754 1052 918 1091 canes
960 1039 1286 1106 potuissent.
1324 1039 1393 1090 At
1444 1055 1510 1094 ne
1542 1040 1618 1092 sic
1651 1040 1865 1106 quidem
1892 1042 2129 1094 cessavit
2233 1046 2578 1116 κατῴκησεν.

546 1129 770 1193 malum,
802 1132 974 1184 donec
1003 1129 1270 1197 Crotopus
1305 1132 1415 1201 (97)
1460 1132 1573 1201 ipse
1605 1134 1781 1200 Argos
1810 1149 1875 1187 ex
1908 1134 2127 1189 oraculo
2161 1138 2399 1208 reliquit,
2451 1140 2831 1207 conditamque
2862 1139 3049 1193 urbem
3102 1138 3155 1191 in
3199 1136 3473 1206 Megaride
3525 1136 3775 1205 Tripodis-

547 1226 690 1281 cium
725 1227 942 1281 nomine
962 1228 1306 1280 inltahitavit.

621 1319 887 1374 Vicesima
915 1338 926 1372 :
954 1319 1221 1373 Theoclus
1246 1319 1617 1373 Chalcidensis
1638 1330 1828 1387 captus
1855 1336 1883 1374 a
1904 1320 2120 1376 Bisaltis

2303 1323 2367 1375 ἸΙ
2427 1330 2474 1375 κ’
2530 1322 2605 1383 ὼς
2652 1320 2935 1381 Θέοκλοςὸ
2963 1317 3267 1379 Χαλκιδεὺς
3319 1315 3657 1385 αἰχμάλωτος
3696 1318 3783 1370 ὑπὸ

550 1413 819 1484 (Thracia:
842 1413 894 1465 hi
916 1412 1095 1479 populi
1114 1419 1338 1476 sunt,ex
1361 1412 1646 1467 adversum
1670 1413 2124 1467 Palleneshahen-

2241 1415 2505 1467 Βισαλτῶν
2532 1413 2771 1481 γεγονὼς
2800 1412 2870 1480 (oi
2898 1412 2957 1464 δέ
2993 1408 3248 1462 Βισάλται
3306 1407 3582 1477 Θρᾳκικὸν
3632 1408 3778 1472 ἔθνος,

554 1505 679 1574 tes)
713 1505 1096 1560 Chalcidenses
1130 1504 1244 1574 (98)
1291 1504 1501 1558 occulte
1547 1519 1855 1571 accersens,
1895 1505 2125 1559 Bisaltas

2241 1507 2493 1577 ὶντίπερα
2546 1505 2835 1574 Παλλήνης
2866 1501 3185 1564 οἰκοῦντες).
3212 1494 3368 1561 οὗτος
3397 1498 3677 1562 Χαλκιδεῖς
3700 1501 3779 1554 λά-

549 1598 814 1666 prodidit.
842 1596 1153 1650 Turbarunt
1179 1598 1361 1664 itaque
1384 1598 1614 1665 primum
1640 1598 1713 1650 illi
1741 1598 1914 1651 subita
1934 1614 2028 1653 sua
2054 1600 2127 1651 ir-

2241 1596 2408 1665 9ρα⁷⁸
2464 1594 2966 1665 μεταπεμψάμενος
3013 1591 3304 1663 προδίδωσι
3367 1589 3661 1652 Βισάλτας·
3705 1593 3779 1644 καί

548 1689 800 1757 ruptione
838 1687 1089 1751 Bisaltas,
1143 1698 1265 1757 post
1314 1690 1475 1742 etiam
1535 1689 1676 1742 intra
1738 1692 1935 1744 muenia
1981 1707 2119 1744 com-

2241 1689 2389 1741 αὐτοὶ
2418 1687 2635 1759 πρῶτον
2665 1688 2762 1755 μὲν
2792 1687 2870 1755 τῷ
2900 1685 3154 1754 αἰφνιδίῳ
3205 1683 3477 1753 ἐτάραξαν
3524 1682 3777 1748 Βισάλτας,

547 1780 751 1851 pulsos,
776 1790 829 1835 et
859 1780 1045 1833 Bucoli
1073 1795 1135 1833 ac
1158 1779 1273 1833 Doli
1306 1782 1445 1847 apud
1475 1797 1567 1835 eos
1596 1784 1929 1847 Captivorum
1964 1797 2125 1851 Opera

2241 1778 2353 1835 εἶτα
2383 1783 2659 1851 τειχήρεις
2702 1784 3028 1850 ποιήσαντες
3063 1778 3319 1848 βουκόλου
3365 1777 3502 1848 δόλῳ
3536 1776 3783 1847 αἰχμαλώ-

548 1875 740 1927 urbem
770 1872 1047 1939 capientes
1071 1911 1085 1936 ,
1123 1870 1351 1926 Bisaltas
1382 1872 1624 1939 ejiciuut.
1659 1873 1914 1927 Bucolum
1946 1882 2122 1927 tamen

550 1964 878 2031 proditorem
907 1970 1059 2031 rupta
1086 1963 1189 2015 fide
1210 1961 1317 2027 jam
1349 1961 1469 2015 data
1508 1978 1630 2015 cum
1662 1963 2009 2026 occidissent,
2043 1963 2127 2015 di-

551 2054 679 2109 vina
722 2065 1005 2123 propterea
1054 2053 1104 2105 in
1138 2067 1231 2106 eos
1280 2052 1357 2105 ira
1408 2053 1583 2119 irruit,
1616 2053 1786 2107 donec
1814 2070 1877 2107 ex
1908 2056 2127 2108 oraculo

551 2144 835 2215 pulchrum
889 2144 1086 2198 Bucolo
1143 2144 1218 2197 illi
1269 2156 1679 2197 monumentum
1741 2157 2021 2214 ponentes,
2074 2154 2129 2201 et

555 2246 811 2303 tanquam
873 2233 1024 2288 heroi
1062 2234 1461 2299 sacrificantes,
1493 2234 1693 2288 malum
1725 2238 1939 2289 tandem
1971 2252 2129 2292 aver-

553 2336 754 2381 terunt.

2235 1876 2391 1928 τουπ
2425 1875 2557 1945 παρ’
2580 1874 2757 1928 αὐτῶν
2806 1874 3178 1944 γεγενημένου
3228 1870 3449 1943 αἱροῦσι
3494 1869 3592 1942 τὴν
3634 1871 3782 1935 πόλιν,

2234 1963 2589 2030 ἐκδιώξαντες
2622 1966 2751 2025 τοὺς
2789 1963 3079 2025 Βισάλτας.
3113 1962 3217 2014 Τὸν
3272 1961 3333 2014 δὲ
3382 1960 3643 2031 προδότην
3682 1960 3783 2029 βουα

2235 2058 2413 2121 κόλον,
2478 2056 2823 2127 παραϐάντες
2860 2057 2958 2119 τὰς
3010 2055 3307 2124 συνθήκας,
3369 2052 3654 2107 κτείνουσι.
3696 2055 3783 2108 Καὶ

2239 2152 2400 2219 μῆνις
2434 2150 2617 2211 αὐτοῖς
2653 2149 2739 2202 διά
2768 2146 2927 2201 τοῦτο
2956 2146 3141 2200 θεόθεν
3164 2145 3291 2217 [Ξῖδ
3322 2146 3416 2216 Η.1
3454 2144 3706 2215 ἐνέσκηψε
3728 2147 3782 2199 ⁷⁸.

2236 2242 2345 2294 Καὶ
2382 2240 2523 2293 κατὰ
2553 2240 2805 2309 χρησμὸν
2842 2240 3014 2307 τάφον
3064 2236 3372 2308 περικαλλῆ
3419 2234 3681 2307 χώσαντες
3723 2236 3784 2306 τῷ

2238 2332 2478 2403 βουκόλῳ
2511 2333 2605 2385 καὶ
2638 2331 2712 2393 ὡς
2744 2330 2887 2399 ἥρωϊ
2924 2328 3146 2392 θύοντες
3173 2328 3269 2382 τοῦ
3301 2328 3477 2381 κακοῦ
3508 2328 3787 2400 ἀπηλλάγη·

2238 2442 2358 2479 σαν.

2316 2516 2384 2568 Ἦ
2418 2522 2523 2580 καν,
2555 2515 2824 2585 Δάρδανος
2851 2514 2946 2567 καὶ
2985 2512 3175 2567 Ἰάσων
3197 2512 3239 2543 ⁷⁷
3280 2510 3474 2574 παῖδες
3497 2510 3662 2579 ῆστην
3687 2508 3784 2571 Διὸς

2236 2604 2295 2671 ἐξ
2334 2604 2637 2675 Ἠλέκτρας
2695 2604 2796 2672 τῆς
2847 2602 3208 2665 ’Δτλαντίδος,
3248 2602 3353 2653 καὶ
3408 2599 3582 2671 ᾤκουν
3638 2598 3784 2669 Σαμο-

2238 2698 2450 2768 θρᾴκην
2477 2695 2577 2767 τὴν
2609 2695 2792 2765 νῆσον.
2848 2694 2989 2747 Ἀλλ’
3029 2694 3058 2746 ὁ
3093 2695 3190 2764 μὲν
3238 2693 3436 2747 Ἰάσων
3474 2692 3657 2760 φάσμα
3703 2690 3785 2760 Δή-

2240 2806 2445 2860 μητρος
2495 2788 2744 2859 αἰσχῦναι
2790 2786 3096 2858 βουληθεὶς,
3131 2783 3516 2855 ἐκεραυνώθη,
3550 2783 3785 2853 Δάρδανος

622 2506 891 2561 Vicesiuia
935 2507 1107 2576 prima
1148 2524 1161 2559 :
1210 2506 1492 2561 Dardanus
1522 2515 1578 2561 et
1613 2507 1776 2560 Jason
1801 2506 1951 2561 Jovis
1968 2516 2127 2561 erant

550 2601 652 2656 ﬁlii
698 2616 766 2655 ex
823 2598 1037 2653 Electra
1078 2599 1317 2653 Atlantis
1378 2600 1510 2665 ﬁlia,
1555 2600 1979 2668 habitabantque
2022 2600 2127 2656 Sa-

552 2697 906 2751 mothraciam
967 2695 1217 2748 insulam.
1272 2694 1469 2750 Verum
1500 2694 1665 2751 Jason
1719 2694 1831 2766 (99)
1862 2710 2129 2764 apparens

546 2787 768 2844 Cereris
801 2796 1074 2857 spectrum
1104 2786 1317 2842 foedare
1377 2798 1567 2855 stupro
1616 2797 1868 2851 conatus,
1904 2787 2130 2844 fulmine

553 2880 694 2934 ictus
724 2879 953 2933 interiit.
979 2878 1265 2933 Dardanus
1295 2888 1472 2933 autem
1508 2878 1692 2933 fratris
1720 2880 1965 2949 exemplo
1994 2896 2129 2935 con-

557 2970 777 3026 territus
802 2971 853 3024 in
885 2971 1187 3039 oppositam
1228 2979 1448 3035 terram,
1476 2971 1562 3024 ubi
1590 2972 1704 3039 agri
1735 2971 1911 3035 nmlti,
1942 2987 2128 3026 mons-

2241 2968 2269 3049 ᾖ
2316 2974 2411 3027 καὶ⁵
2468 2973 2655 3036 πεδιὰς
2710 2972 2878 3043 πολλὴ
2928 2972 3118 3024 καὶτὸ
3166 2971 3293 3040 ὄρος
3348 2972 3380 3040 ή
3418 2968 3547 3038 Ἴδη,
3586 2966 3785 3037 σχεδίαις

542 3076 661 3133 que
685 3061 773 3115 Ida
803 3060 924 3125 fuit,
958 3062 1166 3115 ratibus
1188 3062 1447 3130 (nondum
1478 3063 1621 3116 enim
1640 3062 1977 3132 navigiorum
2001 3079 2130 3119 usus

2241 3066 2462 3131 (πλοίων
2505 3067 2613 3135 γάρ
2666 3065 2860 3133 χρῆσις
2905 3063 3116 3116 οὐδέπω
3147 3058 3235 3133 ἦν)
3272 3061 3565 3115 διαϐαίνει.
3601 3056 3711 3128 Εἶχε
3744 3058 3787 3111 δὲ

553 3150 695 3223 erat)
743 3151 1018 3220 profectus
1047 3164 1151 3207 est.
1188 3152 1263 3205 Ea
1312 3166 1443 3206 vero
1490 3162 1815 3222 tempestate
1858 3155 2130 3223 regionem

2241 3127 2297 3211 τὸ
2334 3127 2535 3227 κράτος
2560 3127 2820 3224 έάτζτῆς
2856 3153 3039 3225 χώρας
3068 3156 3097 3205 ό
3128 3127 3495 3223 Σκαμάνδρου
3524 3150 3611 3204 τοῦ
3650 3127 3788 3202 ποτα-

554 3244 702 3301 illatn
735 3244 951 3299 tenebat
980 3242 1210 3311 Teucer,
1256 3243 1572 3298 Scamandri
1617 3244 1854 3300 fluminis
1885 3256 1941 3301 et
1975 3261 2132 3317 nym-

2243 3251 2346 3323 μοῦ
2381 3252 2474 3303 καὶ
2501 3249 2722 3319 νύμφης
2756 3248 3020 3319 Τεῦκρος,
3066 3247 3124 3314 ἐξ
3163 3240 3223 3299 οὗ
3252 3246 3323 3299 Τε
3337 3245 3496 3317 ὖκροί
3525 3261 3581 3298 τε
3604 3243 3789 3310 οίοξκή·

2239 3357 2399 3413 τορες
2431 3340 2525 3392 καὶ
2567 3338 2811 3408 Τευκρία
2840 3339 2873 3407 ἡ
2903 3338 3002 3406 γῆ·
3037 3330 3081 3404 ᾧ
3114 3336 3257 3389 κατὰ
3316 3336 3521 3402 λόγους
3561 3331 3790 3384 συνελθὼν

2240 3434 2510 3505 Δάρδανος
2562 3430 2830 3501 λαμϐάνει
2884 3430 2984 3499 τὴν
3039 3429 3318 3499 ἡμίσειαν,
3373 3427 3465 3479 καὶ
3495 3426 3659 3488 πόλιν,
3686 3417 3792 3489 ἐνῷ

2236 2882 2293 2934 δέ
2320 2882 2412 2934 ἐπὶ
2449 2880 2697 2949 τάδελφῷ
2734 2879 3027 2949 συγχυθεὶς
3067 2880 3147 2941 εἰς
3170 2877 3269 2949 τὴν
3301 2878 3579 2946 ἀντίπερα
3606 2874 3719 2944 γῆν,
3741 2874 3785 2926 ἐν

556 3336 678 3406 phze
708 3334 885 3406 [idm
918 3333 1032 3406 (1)]
1067 3334 1209 3389 filius
1245 3352 1259 3388 :
1301 3351 1329 3389 a
1362 3350 1468 3404 quo
1522 3335 1716 3391 Teucri
1761 3336 1949 3391 incolae
1977 3338 2130 3403 dicti,

544 3438 615 3482 et
639 3426 867 3483 Teucria
902 3429 1072 3497 regio.
1100 3427 1235 3482 Cum
1280 3428 1371 3483 illo
1424 3429 1705 3483 Dardanus
1754 3444 2006 3484 sermone
2041 3429 2136 3482 ha-

557 3521 673 3575 hito
704 3520 981 3574 dimidiam
1010 3520 1246 3589 regionis
1287 3531 1493 3589 partem
1539 3522 1776 3589 accipit:
1816 3522 2132 3590 urbemque,

560 3612 650 3666 ubi
666 3614 869 3667 ratibus
884 3612 1136 3682 appulsus
1158 3613 1532 3677 exscenderat,
1549 3613 1874 3667 Dardaniam
1895 3614 2131 3676 nomine,

548 3703 867 3757 aedificavit.
912 3703 1123 3757 Teucro
1148 3704 1341 3758 deinde
1361 3704 1469 3757 vita
1496 3704 1703 3771 functo,
1746 3704 1926 3759 omnis
1951 3719 2016 3759 ea
2038 3720 2133 3759 ora

560 3796 613 3850 itt
645 3793 878 3848 Dardani
912 3796 1169 3849 ditionem
1212 3797 1494 3850 concessit.

633 3887 904 3942 Vicesima
963 3889 1200 3941 secunda
1233 3886 1310 3959 (2)
1346 3889 1627 3944 :Cretensi
1680 3905 1848 3960 puero
1878 3900 2134 3961 tanquam

563 3993 663 4048 pro
692 3978 897 4031 amasio
932 3979 1090 4032 datus
1121 3988 1209 4032 est
1245 3980 1499 4036 draconis
1556 3980 1721 4037 fetus.
1757 3982 1913 4037 Hunc
1942 3998 2007 4037 eo
2042 4000 2136 4039 us-

560 4086 667 4138 que
690 4071 941 4124 educavit
971 4069 1081 4137 ille,
1133 4071 1490 4143 studioseque
1533 4076 1765 4141 curavit,
1811 4076 1939 4130 dum
1973 4092 2138 4145 gran-

552 4163 681 4217 dior
705 4160 882 4216 factus
905 4173 1104 4215 metum
1130 4165 1291 4217 etiam
1322 4166 1510 4221 incolis
1539 4166 1808 4237 injiceret.
1833 4168 2141 4237 Coegerunt

561 4254 746 4322 itaque
792 4268 1020 4322 puerum
1057 4254 1108 4307 iit
1141 4255 1486 4311 solitudinem
1558 4260 1851 4315 draconem
1904 4260 2136 4315 deferre.

2242 3530 2342 3598 τῆς
2387 3525 2602 3596 σχεδίας
2658 3524 2862 3594 ἀπέϐη,
2893 3523 3067 3585 κτίζει
3103 3521 3439 3592 Δαρδανίαν.
3474 3520 3722 3590 ’Ὕστερον
3748 3517 3792 3569 δὲ

2242 3621 2666 3690 τελευτήσαντος
2693 3616 2939 3687 Τεύκρου
2978 3618 3013 3688 ἠ
3056 3616 3207 3668 πᾶσα
3250 3613 3362 3685 τῆς
3406 3612 3587 3685 χώρας
3623 3614 3695 3674 είς
3721 3609 3795 3663 αὖα

2242 3714 2333 3768 τὸν
2361 3713 2506 3784 ἀρχὴ
2535 3708 2851 3783 περιῆλθεν.

2325 3896 2390 3949 Ἦ
2418 3895 2499 3964 κβ⁸
2541 3892 2812 3963 μειρακίῳ
2846 3890 3023 3960 Κρητὶ
3074 3889 3319 3960 γέννημα
3386 3888 3666 3962 δράκοντος
3694 3886 3796 3955 Epa-

2248 3990 2378 4058 στὴς
2442 3989 2724 4055 δωρεῖται.
2774 3985 2837 4037 Ὀ
2873 3984 2930 4036 δὲ
2978 3984 3175 4055 έτρεφέ
3212 4001 3272 4035 τε
3331 3985 3434 4037 καὶ
3485 3979 3792 4051 ἐπεμελεῖτο,

2247 4082 2351 4145 ἕως
2372 4082 2586 4151 ηὐξήθη
2620 4080 2715 4134 καὶ
2746 4078 2911 4148 φόϐον
2937 4077 3170 4130 ἐνεποίει
3193 4076 3240 4108 ⁷⁸
3272 4077 3300 4129 ό
3319 4076 3539 4148 δράκων
3572 4076 3672 4133 τοῖς
3688 4073 3788 4123 ἐπι-

2248 4174 2470 4245 χωρίοις
2488 4192 2501 4203 ·
2536 4168 2683 4225 οὗτοι
2706 4172 2813 4243 γὰρ
2841 4171 2962 4223 τότε
2987 4170 3309 4238 ἠνάγκασαν
3340 4169 3401 4220 τὸ
3426 4166 3697 4237 μειράκιον
3717 4164 3791 4214 ἐκ·

2250 4263 2422 4315 θεῖναι
2446 4260 2506 4312 τὸ
2524 4259 2713 4329 θηρίον
2731 4261 2824 4310 ἐπὶ
2850 4258 2951 4327 τῆς
2980 4258 3237 4328 ἐρημίας,
3258 4256 3536 4310 καὶπολλὰ
3556 4254 3739 4309 κλαίων
3755 4251 3790 4281 τ’

556 4346 627 4400 Et
652 4348 832 4415 paruit
871 4347 978 4411 ille,
1028 4347 1252 4401 multum
1304 4349 1542 4418 plorans.
1576 4351 1814 4409 Tandem
1859 4370 1988 4411 vero
2018 4371 2132 4409 cum

2251 4353 2485 4418 ἐξέθετο.
2514 4352 2783 4422 ’Ὕστερον
2820 4350 2866 4403 δ’
2891 4351 2984 4403 ἐπὶ
3027 4349 3199 4420 θήραν
3238 4349 3548 4416 ἐξελθόντος
3580 4345 3666 4400 τοῦ
3697 4362 3793 4415 μει-

552 4438 627 4492 ad
659 4438 999 4493 venationem
1024 4438 1314 4508 aliquando
1356 4442 1669 4499 adolescens
1692 4460 1945 4516 egressus
1971 4445 2022 4499 in
2061 4446 2139 4498 la-

556 4534 744 4581 trones
810 4527 1113 4595 incidisset,
1167 4545 1432 4601 opemque
1481 4535 1833 4590 inclatnasset
1883 4554 1896 4589 :
1954 4536 2136 4604 agnita

563 4630 696 4671 voce
728 4618 917 4688 draco,
944 4632 999 4677 et
1024 4628 1347 4694 corporibus
1370 4641 1490 4682 sese
1519 4628 1827 4696 implicans,
1860 4629 2140 4696 praedones

564 4708 783 4776 occidit,
819 4723 983 4782 atque
1013 4717 1445 4786 adolescentem,
1482 4722 1682 4775 veteris
1719 4721 1871 4790 signa
1904 4720 2139 4774 necessi-

566 4802 771 4859 tudinis
792 4808 1109 4876 ostendens,
1140 4812 1377 4877 periculo
1407 4813 1625 4883 eripuit.

2252 4445 2445 4515 ρακίου
2475 4444 2570 4497 καὶ
2606 4443 2827 4513 λῃσταῖς
2866 4441 3259 4513 περιπεσόντος
3275 4441 3347 4507 ⁸⁸,
3384 4437 3792 4505 ἀνακαλουμένου

2248 4540 2374 4601 τοὺς
2442 4522 2818 4607 βοηθήσοντας
2840 4534 2909 4599 δί,
2943 4533 3329 4603 άναγνωρίσας
3378 4534 3407 4585 ὁ
3472 4532 3679 4602 δράκων
3715 4527 3794 4594 τὴν

2251 4630 2433 4700 φωνὴν
2468 4632 2594 4691 τοὺς
2632 4628 2731 4698 μὲν
2763 4626 2967 4700 λῃστὰς
2998 4626 3327 4696 διέφθειρεν,
3374 4626 3589 4694 ἑκάστῳ
3618 4636 3796 4692 περιει·

2248 4721 2458 4793 ληθεὶς,
2490 4723 2694 4790 σημεῖα
2724 4719 2782 4772 δέ
2815 4718 2894 4789 τῷ
2926 4719 3076 4771 παιδὶ
3115 4719 3352 4782 παλαιᾶς
3401 4718 3695 4788 αἰσθήσεως
3723 4715 3795 4765 ἐν·

2246 4814 2564 4883 δειξάμενος
2594 4811 2933 4866 ἀπαλλάσσει
2964 4813 3061 4883 τῆς
3084 4812 3396 4882 ἐπιϐουλῆς.

1850 4946 2086 5001 νΑιιιιΕ
2121 4944 2541 5000 LECTIONES.

631 5031 679 5064 ⁷³
712 5033 771 5107 ἐν
820 5035 941 5090 add.
977 5039 1041 5094 A.
1117 5043 1161 5074 ⁷⁵
1193 5042 1468 5107 Χαλκίδης
1524 5039 2032 5107 μεταπεμψάμενος
2086 5038 2261 5107 λάθρα
2294 5056 2353 5103 ς.

1402 5060 1468 5111 ης
1524 5056 2032 5109 μεταπεμψάμενος
2089 5056 2261 5108 Λαυρα
2294 5056 2353 5103 ς.
2443 5056 2484 5067 ὐ
2523 5056 2642 5089 nurt
2694 5056 2936 5106 ΡουκοΛῳ
2970 5056 3066 5088 και
3118 5056 3255 5104 οοΛῳ
3284 5056 3694 5111 αιχμαλωτῳ-ς·
3724 5056 3799 5096 τι·

1402 5115 1542 5165 itiius
1566 5122 1619 5166 et
1658 5111 1913 5178 lleyttius.
1996 5111 2040 5140 ⁷⁵
2081 5110 2366 5178 ἐπέσκηψε
2392 5126 2453 5172 ς.
2515 5106 2559 5137 ⁷⁷
2592 5103 2802 5178 Ἰασίων
2838 5105 3076 5178 Heyniits
3103 5107 3209 5178 :_cl'.
3244 5106 3368 5159 Car.
3405 5103 3573 5178 _O_tfr._
3613 5100 3799 5178 Muller2

563 5104 873 5180 γενημένῳ.
906 5121 1263 5167 correxerunt
1292 5104 1542 5165 Kaniiius
1566 5122 1619 5166 et
1658 5104 1913 5180 lleynins.

2439 5038 2484 5067 ⁷⁸
2523 5035 2642 5106 libri
2694 5036 2936 5106 βουκόλῳ
2970 5036 3066 5088 καὶ
3118 5035 3255 5104 δόλῳ
3284 5032 3800 5106 αἰχμαλιῦτῳτέηγε-

562 5167 887 5249 Qrcliomén.
924 5192 977 5245 p.
1002 5180 1129 5239 263.
1200 5186 1245 5216 ⁷⁸
1279 5184 1452 5236 ἐποίει
1476 5183 1542 5235 Α.
1612 5183 1657 5213 τ’
1680 5170 1867 5233 κλαῖον
1900 5198 1959 5243 ς.
2035 5180 2080 5210 ⁸ο
2112 5167 2371 5249 περιπεσ.
2402 5167 2499 5230 καὶ
2522 5176 2753 5230 ἀνακαλ.
2790 5194 2849 5240 ς.
2918 5167 2967 5209 ῖί
2999 5175 3364 5245 βοηθήσοντας
3405 5172 3669 5243 Ileynius:
3695 5167 3800 5221 libri

566 5243 868 5314 βοηθήσαντ
878 5243 963 5310 ας.

2094 5347 2324 5405 NOTAE.

659 5447 750 5515 96)
781 5446 1032 5502 Eustath.
1065 5462 1280 5515 quoque
1312 5454 1466 5499 teste.

572 5574 575 5577 _
635 5514 751 5577 (973
784 5519 1015 5571 Pausan.
1053 5518 1285 5571 Coroeho
1320 5519 1431 5569 haec
1465 5514 1672 5567 tribuit.

636 5590 753 5657 (98)
793 5587 933 5657 Lege
961 5588 1268 5650 Χαλκιδεῖς.

2256 5459 2309 5499 et
2335 5445 2518 5519 Iasion
2555 5449 2656 5518 legi
2687 5450 3086 5505 observandum
3120 5460 3268 5519 puto.

2327 5518 2403 5587 (1)
2440 5517 2493 5572 ltl
2539 5517 2789 5588 nympha}
2834 5536 3051 5586 nomen,
3087 5517 3226 5587 quod
3270 5521 3394 5574 hinc
3424 5520 3560 5574 forte
3590 5518 3796 5587 fugerat,

2254 5601 2320 5639 ex
2398 5590 2726 5657 Apollodoro
2786 5603 2840 5645 et
2886 5592 3043 5645 Diod.
3105 5590 3286 5646 Siculo
3336 5591 3429 5643 lib.
3478 5606 3525 5643 tv
3568 5602 3799 5643 revocare

636 5654 749 5729 (99)
780 5654 921 5729 Lege
955 5658 1144 5729 Steph.
1178 5674 1309 5711 voce
1363 5655 1609 5729 Dardani.
1640 5664 1693 5710 el
1727 5654 1911 5712 Strab.
1947 5659 2041 5712 lib.
2073 5676 2145 5714 th
2253 5654 2454 5711 visunt.

568 5737 815 5779 extremo

901 5745 926 5780 e
956 5728 1334 5791 Sumat/trace;
1368 5728 1615 5796 Apollod.
1666 5741 1881 5795 quoque
1930 5729 2025 5783 lib.
2084 5746 2145 5784 ttt

2324 5730 2401 5799 (Ξ)
2441 5729 2628 5784 Refert
2690 5732 2830 5789 hanc
2878 5732 3038 5789 etiam
3092 5731 3340 5789 ASliauus
3384 5731 3585 5786 Variar.
3617 5727 3796 5782 llistor.

567 5810 639 5849 ex
662 5812 769 5865 quo
800 5798 910 5851 ha:c
933 5815 1084 5866 paene
1114 5801 1177 5853 ad
1205 5801 1424 5854 verbum
1449 5797 1717 5864 descripta
1752 5802 2023 5867 narratio;
2056 5802 2146 5857 ubi
2254 5797 2349 5855 lib.
2382 5814 2504 5865 χιιι,
2530 5815 2648 5869 cap.
2684 5801 2777 5857 46.
