4022 6448
229 377 339 442 561

1257 379 1783 441 BIBLIOTHECA.
1821 401 1893 417 -··
1923 378 2086 438 COD.
2122 379 2480 442 CLXXXVI.

3397 379 3516 446 569-

323 498 394 550 Ἢ
423 495 512 564 κγ’
539 496 616 559 ὼς
655 495 1001 566 Ἀλεξάνδρου
1046 494 1140 549 τοῦ
1188 497 1418 567 Πάριδος
1442 498 1486 528 ⁸²
1518 495 1609 548 καὶ
1656 495 1824 547 Οἰνώ-

2001 494 2189 567 ιδωι
2217 495 2483 551 Vicesima
2528 496 2721 550 tertia:
2760 495 3048 552 Alexandri
3084 512 3176 552 seu
3209 498 3420 553 Paridis
3449 509 3502 554 et

236 605 364 659 νης,
397 589 469 659 ῆν
502 590 755 658 ἐγήματο
781 588 912 656 πρὶν
939 588 972 656 ἣ
993 587 1091 658 τὴν
1138 588 1358 658 Ἑλένην
1393 589 1662 660 ἁρπάσαι,
1693 589 1822 650 παῖς

239 682 496 751 Κόρυθος
542 679 780 747 γίνεται,
809 678 996 732 κάλλει
1029 679 1194 732 νικῶν
1225 679 1318 732 τὸν
1361 680 1589 748 πατέρα.
1625 677 1826 730 Τοῦτον

238 773 272 840 ἡ
311 772 502 842 μήτηρ
545 770 737 843 Ἑλένῃ
781 771 1163 841 προσέπεμπε,
1195 770 1525 841 ζηλοτυπίαν
1562 788 1618 822 τε
1650 769 1829 822 κινοῦ-

243 882 317 917 σα
367 863 712 935 Ἀλεξάνδρῳ
742 866 837 918 καὶ
877 864 1046 917 κακόν
1076 881 1126 916 τι
1172 863 1635 934 διαμηχανωμένη
1684 863 1832 917 Ἑλέο

243 971 339 1028 νῃ.
369 954 466 1019 Ὣς
497 956 554 1008 δὲ
589 955 832 1026 συνήθης
853 957 900 988 ⁸³
929 958 957 1010 ὁ
1002 956 1252 1027 Κόρυθος
1287 958 1425 1027 πρὸς
1464 957 1682 1027 Ἑλένην
1707 957 1831 1024 ἐγέ-

251 1065 408 1112 νετο,
447 1047 790 1117 Ἀλέξανδρός
832 1065 962 1100 ποτε
1015 1048 1301 1120 παρελθὼν
1350 1049 1429 1110 είς
1465 1047 1558 1101 τὸν
1589 1048 1831 1118 θάλαμον

259 1139 401 1212 [£36
455 1139 548 1212 ἢ]
581 1141 664 1192 καὶ
728 1139 1062 1210 θεασάμενος
1100 1141 1190 1195 τὸν
1241 1140 1485 1211 Κόρυθον
1533 1143 1600 1212 τῇ
1644 1141 1831 1211 Ἑλένῃ

266 1231 637 1302 παρεξόμενον
685 1236 779 1285 καὶ
841 1233 1202 1303 ἀναφλεχθεὶς
1265 1233 1324 1298 ἐξ
1378 1233 1615 1302 ὑποψίας
1671 1233 1834 1296 εὐθὺς

270 1325 501 1393 ἀναιρεῖ.
531 1324 635 1376 Καὶ
665 1323 875 1395 Οἰνώνη
922 1325 1023 1394 τῆς
1054 1344 1110 1378 τε
1143 1328 1222 1388 είς
1269 1325 1439 1396 αὐτὴν
1486 1326 1698 1396 ὕϐρεως
1741 1329 1836 1380 καὶ

267 1415 371 1483 τῆς
395 1417 487 1468 τοῦ
515 1417 706 1480 παιδὸς
735 1419 1070 1487 ἀναιρέσεως
1113 1420 1282 1474 πολλὰ
1323 1419 1671 1490 Ἀλέξανδρον
1697 1421 1838 1490 ἀρα-

268 1509 498 1576 σαμένη,
529 1509 622 1560 καὶ
653 1509 954 1562 ἐπειποῦσα
986 1510 1102 1580 (καὶ
1148 1511 1258 1580 γάρ
1302 1506 1371 1582 ἦν
1397 1511 1664 1573 ἐπίπνους
1697 1528 1836 1581 μαν-

258 1597 406 1658 τείας
436 1597 532 1649 καὶ
569 1599 741 1668 τομῆς
783 1601 1090 1670 φαρμάκων
1133 1601 1473 1671 ἐπιστήμων)
1503 1601 1578 1664 ὡς
1606 1601 1837 1672 τρωθείς

256 1705 387 1740 ποτε
421 1689 518 1740 ὑπ’
561 1689 795 1758 Ἀχαιῶν
823 1691 914 1744 καὶ
952 1691 1024 1761 μὴ
1059 1694 1345 1761 τυγχάνων
1372 1693 1673 1763 θεραπείας
1707 1693 1835 1762 δεή-

1925 586 2268 658 αἰηοηοεβ)
2290 587 2472 659 (quam
2495 585 2715 641 uxorem
2741 589 3050 658 priusquam
3077 589 3327 643 Helenam
3353 607 3504 659 rape-

1927 689 2032 742 ret,
2061 681 2279 734 domum
2321 680 2568 747 duxerat)
2618 679 2759 734 ﬁlius
2800 680 2898 734 fuit
2941 679 3236 750 Corythus,
3269 681 3504 748 pulchri-

1928 774 2113 827 tudine
2161 779 2370 840 patrem
2411 785 2694 841 superans.
2732 771 2884 825 Hunc
2921 782 3093 825 mater
3149 773 3211 826 ad
3246 772 3502 827 Helenam

1930 864 2098 930 misit,
2133 879 2254 918 cum
2289 872 2346 915 ut
2383 861 2747 916 Alexandrum
2787 863 2852 916 ad
2883 864 3210 933 zelmypiam
3245 878 3504 932 provoca-

1932 964 2037 1020 ret,
2071 963 2182 1006 tum
2213 962 2270 1006 ut
2298 952 2514 1007 Helena:
2555 953 2751 1008 malum
2814 958 3239 1010 machinaretur.
3277 955 3350 1010 Ut
3381 971 3532 1025 ergo-

1931 1044 2200 1114 Corythus
2230 1041 2448 1096 Helenae
2487 1042 2808 1098 familiarior
2852 1059 2972 1098 esse
3017 1045 3203 1112 coepit,
3255 1059 3509 1112 superve-

1935 1136 2087 1190 niens
2132 1134 2424 1204 aliquando
2456 1134 2508 1188 iu
2549 1134 2840 1188 thalamum
2893 1136 3254 1198 Alexander,
3283 1144 3337 1189 et
3385 1150 3507 1189 cum

1933 1223 2133 1279 Helena
2167 1223 2334 1278 ﬁlium
2361 1225 2642 1279 sedentem
2693 1226 3058 1294 conspicatus,
3103 1227 3180 1280 ira
3233 1228 3508 1290 incensus,

1933 1327 2242 1386 suspectum
2269 1325 2489 1384 gnatum
2522 1318 2741 1371 occidit.
2784 1317 3026 1382 OEuone,
3066 1325 3122 1372 et
3149 1319 3218 1371 ob
3251 1319 3390 1372 hanc
3431 1317 3514 1371 in-

1929 1407 2151 1476 juriam,
2180 1417 2234 1461 et
2265 1409 2332 1462 oh
2362 1408 2454 1462 lilii
2503 1409 2815 1473 interitum,
2852 1411 3018 1464 multa
3052 1409 3359 1465 Alexandro
3407 1410 3512 1462 im-

1935 1513 2174 1571 precata,
2223 1501 2324 1555 hoc
2365 1500 2588 1570 insuper
2633 1502 2833 1571 adjecit
2893 1501 2974 1569 (ut
3010 1511 3132 1556 erat
3184 1502 3538 1556 vaticinandi.

1936 1595 2107 1662 perita
2140 1592 2238 1664 (4),
2267 1593 2722 1662 legendarumque
2747 1593 3035 1648 herbarum
3077 1593 3152 1664 (5)
3177 1592 3367 1663 gnara)
3394 1593 3512 1645 vul-

1936 1696 2182 1739 neratum
2209 1701 2332 1740 eum
2359 1686 2651 1753 aliquando
2680 1687 2746 1740 ab
2771 1685 3020 1752 Achivis,
3043 1699 3221 1754 neque
3249 1683 3514 1738 medelam

255 1796 410 1832 σεται
441 1781 640 1851 αὐτῆς,
671 1782 854 1836 οἴκαδε
888 1782 996 1853 ᾔει.
1028 1782 1293 1857 ’Ύστερον
1309 1783 1352 1836 δ’
1399 1783 1741 1854 Ἀλέξανδρος
1776 1787 1836 1834 ἐν

1943 1779 2324 1847 reperientem,
2363 1793 2423 1831 se
2449 1777 2612 1832 etiam
2643 1777 3093 1844 obsecraturum;
3126 1786 3290 1846 atque
3319 1777 3392 1831 ita
3419 1777 3520 1830 de-

246 1874 312 1939 τῇ
358 1872 505 1940 πρὸς
552 1845 804 1942 ’Ᾰχαιοὺς
847 1845 988 1943 ὑπὲρ
1043 1845 1242 1944 Τροίας
1287 1875 1434 1946 μάχῃ
1473 1845 1837 1947 τῲθελςῗύπὸ

1945 1845 2087 1924 mum
2136 1871 2405 1926 discessit.
2448 1869 2580 1925 Post
2615 1871 2778 1940 igitur
2809 1871 2960 1924 Paris
3005 1869 3080 1940 (6)
3120 1873 3173 1924 in
3205 1845 3386 1940 pugna
3419 1885 3520 1938 pro

247 1962 591 2033 Φιλοκτήτου
622 1966 718 2016 καὶ
770 1965 958 2029 δεινῶς
1003 1965 1144 2036 ἔχων
1195 1967 1262 2019 δι’
1295 1969 1510 2037 ἀπήνης
1551 1966 1838 2036 ἐκομίζετο

247 2052 390 2122 πρὸς
433 2054 536 2124 τὴν
569 2055 738 2123 Ἴδην,
795 2056 888 2108 καὶ
951 2056 1347 2126 προεκπέμψας
1400 2057 1618 2126 κήρυκα
1667 2057 1839 2110 ἐδεῖτο

248 2146 527 2218 Οἰνώνης·
568 2150 601 2219 ἡ
639 2149 696 2202 δέ
726 2148 1056 2219 ὑϐριστικῶς
1090 2149 1237 2219 μάλα
1267 2149 1356 2202 τὸν
1395 2151 1612 2220 κήρυκα
1635 2149 1836 2202 διωσα-

251 2239 396 2309 μένη
431 2241 577 2308 πρὸς
613 2240 835 2312 Ἑλένην
868 2241 1004 2294 ἰέναι
1046 2239 1394 2312 Ἀλέξανδρον
1437 2241 1744 2305 ἐξωνείδιζε
1766 2241 1834 2294 ⁸⁸.

252 2333 370 2385 Καὶ
410 2332 760 2401 Ἀλέξανδρος
801 2334 898 2402 μὲν
935 2333 1077 2387 κατὰ
1112 2333 1213 2402 τὴν
1242 2334 1358 2388 ὁδὸν
1392 2334 1496 2387 ὑπὸ
1543 2333 1638 2386 τοῦ
1665 2334 1837 2405 τραύ-

252 2443 429 2493 ματος
461 2425 710 2497 τελευτᾷ,
732 2425 829 2497 τὴν
855 2426 910 2479 δὲ
946 2428 1113 2499 μήπω
1136 2427 1496 2497 πεπυσμένην
1529 2427 1628 2499 τὴν
1655 2428 1838 2481 τελευ-

249 2513 354 2584 τὴν
394 2515 697 2586 μετάμελος
749 2517 900 2587 ὅμως
923 2517 1095 2580 δεινὸς
1121 2518 1166 2550 ⁸⁸
1204 2513 1340 2588 εἶχε,
1389 2520 1484 2570 καὶ
1520 2518 1838 2589 δρεψαμένη

250 2606 356 2675 τῆς
387 2606 526 2670 πόας
553 2607 666 2660 ἔθει
697 2607 899 2677 φθάσαι
922 2611 1274 2681 ἐπειγομένη.
1313 2611 1396 2673 Ὡς
1417 2611 1461 2663 δ’
1489 2610 1658 2681 ἔμαθε
1686 2612 1839 2682 παρά

251 2697 347 2750 τοῦ
384 2699 627 2769 κήρυκος
673 2701 756 2754 ὃτι
791 2701 1046 2773 τεθνήκοι
1078 2705 1170 2756 καὶ
1201 2704 1282 2757 ὅτι
1313 2705 1451 2776 αὑτὴ
1499 2705 1661 2760 αὑτὸν
1704 2706 1836 2777 ἀνῄ-

254 2809 452 2862 ρηκεν,
478 2795 684 2846 ἐκεῖνον
717 2794 816 2864 μὲν
853 2794 982 2866 [224
1011 2795 1106 2868 Η.]
1136 2799 1236 2866 τῆς
1255 2797 1300 2828 ⁸⁸
1330 2796 1561 2868 ὕϐρεως,
1588 2798 1720 2870 λίθῳ
1740 2800 1838 2871 τὴν

253 2885 506 2955 κεφαλὴν
537 2883 850 2950 πατάξασα,
890 2888 1128 2958 ἀναιρεῖ,
1161 2888 1240 2958 τῷ
1269 2889 1314 2942 δ’
1357 2889 1709 2962 Ἀλεξάνδρου
1750 2909 1838 2945 νε-

250 2977 382 3048 κρῷ
417 2976 801 3049 περιχυθεῖσα,
830 2979 925 3030 καὶ
954 2977 1130 3032 πολλὰ
1167 2980 1259 3032 τὸν
1286 2981 1471 3033 κοινὸν.
1501 2981 1708 3052 ἀμφοῖν
1735 2999 1838 3036 κα-

249 3068 668 3138 ταμεμψαμένη
704 3067 954 3139 δαίμονα,
985 3070 1192 3142 ἑαυτὴν
1214 3072 1495 3144 ἀνήρτησε
1539 3076 1606 3144 τῇ
1633 3072 1800 3146 ζώνῃ.

337 3248 408 3302 Ἦ
448 3247 550 3318 κδ’,
579 3251 637 3304 ἐν
671 3251 914 3326 Θεσπείᾳ
970 3255 1070 3325 τῆς
1101 3253 1366 3318 Βοιωτίας
1391 3253 1530 3323 (ἐστί
1553 3256 1596 3309 δ’
1624 3257 1658 3326 ἡ
1691 3256 1846 3320 πόλις

245 3343 352 3413 οὐχ
390 3342 526 3407 ἑκὰς
550 3345 676 3408 τοὺς
717 3344 1030 3416 Ἑλικῶνος)
1062 3348 1190 3410 παῖς
1218 3345 1320 3416 ἔφυ
1354 3347 1668 3418 Νάρκισσος
1701 3348 1845 3402 πάνυ

247 3435 423 3499 καλὸς
455 3438 553 3490 καὶ
591 3437 908 3508 ὑπερόπτης
941 3437 1183 3508 Ἔρωτός
1221 3456 1281 3493 τε
1313 3441 1408 3494 καὶ
1441 3440 1709 3509 ἐραστῶν.
1737 3441 1846 3495 Καὶ.

244 3530 296 3580 οἱ
340 3528 446 3596 μὲν
493 3526 641 3582 ἄλλοι
678 3528 788 3581 τῶν
838 3528 1087 3599 ἐραστῶν
1133 3529 1372 3600 ἐρῶντες
1419 3531 1845 3601 ἀπηγόρευσαν,

258 3623 555 3689 Ἀμεινίας
582 3619 628 3652 ⁸⁷
649 3621 705 3677 δὲ
728 3621 893 3685 πολὺς
917 3617 986 3694 ἦν
1018 3625 1293 3693 ἐπιμένων
1336 3623 1431 3677 καὶ
1461 3623 1714 3694 δεόμενος
1733 3639 1746 3652 ·
1772 3623 1848 3686 ὡς

246 3712 294 3763 δ’
328 3711 394 3763 οὐ
443 3710 706 3782 προσίετο
728 3712 864 3766 ἀλλά
892 3713 986 3766 καὶ
1018 3713 1172 3782 ξίφος
1205 3713 1621 3786 προσέπεμψεν,
1651 3713 1847 3767 ἐαυτὸν

252 3804 366 3873 πρὸ
415 3803 534 3854 τῶν
586 3802 766 3875 θυρῶν
821 3804 1141 3873 Ναρκίσσου
1219 3803 1634 3873 διαχειρίζεται,
1679 3803 1849 3858 πολλὰ

260 3892 665 3957 καθικετεύσας
712 3895 954 3965 τιμωρόν
983 3895 1032 3948 oi.
1075 3895 1332 3965 γενέσθαι
1362 3896 1456 3950 τὸν
1505 3898 1646 3953 θεόν.
1704 3897 1762 3951 Ὁ
1790 3898 1848 3952 δὲ

260 3987 578 4054 Νάρκισσος
616 3985 739 4041 ἰδὼν
765 3986 932 4041 αὑτοῦ
965 3987 1068 4058 τὴν
1096 3987 1220 4059 ὄψιν
1253 3989 1350 4043 καὶ
1377 3989 1478 4060 τὴν
1508 3990 1724 4063 μορφὴν
1754 3992 1848 4044 ἐπὶ

264 4081 484 4149 κρήνης
521 4079 904 4150 ίνδαλλομένην
929 4079 1008 4151 τῷ
1048 4079 1220 4144 ὕδατι,
1253 4081 1350 4133 καὶ
1382 4083 1543 4149 μόνος
1567 4083 1664 4135 καὶ
1691 4082 1847 4153 πρῶ-

249 4189 348 4234 τος
384 4171 586 4226 ἐαυτοῦ
634 4172 846 4241 γίνεται
898 4172 1100 4238 ἄτοπος
1154 4174 1411 4243 ἐραστής,
1473 4174 1638 4237 Τέλος
1698 4177 1846 4246 ἀμη-

251 4267 464 4336 χανῶν,
501 4266 598 4320 καὶ
629 4265 816 4320 δίκαια
868 4267 1101 4338 πάσχειν
1140 4266 1347 4338 οἰηθεὶς
1392 4266 1508 4320 ἀνθ’
1539 4260 1615 4321 ὧν
1662 4268 1849 4339 Ἀμει-

250 4357 378 4410 νίου
409 4357 662 4429 ἐξύϐρισε
716 4358 847 4422 τοὺς
888 4358 1120 4429 ἔρωτας,
1152 4358 1346 4411 ἑαυτὸν
1387 4359 1700 4430 διαχρᾶται.
1736 4361 1850 4412 Καὶ

1941 1961 2102 2033 Troja
2163 1964 2423 2018 adversus
2461 1963 2696 2017 Achivos
2762 1977 2791 2014 a
2854 1963 3150 2017 Philoctete
3184 1963 3519 2023 vulneratus,

1940 2057 2284 2126 graviterque
2350 2056 2589 2120 saucius,
2647 2056 2712 2109 ad
2761 2055 2907 2109 Idam
2971 2071 3134 2109 curru
3199 2056 3517 2119 vehebatur,

1939 2150 2326 2217 praemissoque
2403 2148 2634 2213 nuntio,
2691 2145 2974 2202 (Euonem
3049 2149 3371 2216 deprecatus
3417 2154 3518 2198 est.

1940 2241 2068 2295 Haec
2091 2239 2476 2294 contumeliose
2506 2239 2662 2293 valde
2690 2239 2879 2293 nuntio
2904 2236 3126 2306 rejecto,
3163 2238 3229 2290 ad
3264 2237 3522 2291 Helenam

1941 2332 2021 2386 ire
2045 2329 2296 2384 Paridem
2323 2345 2417 2399 per
2462 2329 2769 2384 convicium
2807 2328 2991 2397 jussit.
3022 2327 3112 2382 Ille
3159 2329 3376 2383 interim
3426 2343 3524 2395 per

1939 2422 2083 2476 viam
2105 2435 2172 2475 ex
2206 2419 2431 2475 vulnere
2459 2419 2602 2476 diem
2628 2419 2824 2473 clausit
2853 2428 3180 2473 extremum.
3212 2424 3518 2488 Antequam

1941 2529 2119 2576 tamen
2161 2524 2227 2573 de
2251 2515 2638 2572 illiusinteritu
2675 2515 2972 2584 quidquam
3023 2512 3247 2568 OEuone
3283 2512 3523 2567 inaudis-

1940 2623 2043 2678 set,
2066 2610 2382 2680 pmnitentia
2404 2609 2556 2677 gravi
2578 2608 2739 2662 ducta
2763 2617 2864 2668 est,
2892 2605 3180 2675 herbisque
3205 2605 3380 2668 lectis,
3405 2618 3524 2657 cur-

1942 2704 2115 2759 ricnlo
2144 2701 2438 2758 festinabat
2483 2711 2834 2769 prazvertere.
2864 2701 2932 2752 At
2964 2699 3052 2752 ubi
3087 2706 3357 2750 mortuum
3401 2711 3524 2750 esse

1936 2797 2070 2866 jam,
2107 2806 2163 2851 et
2200 2794 2416 2865 quidem
2484 2795 2551 2846 ab
2583 2807 2646 2848 ea
2687 2803 2940 2846 necatum
2967 2831 2982 2851 .
3044 2790 3266 2844 nuntius
3321 2790 3521 2853 retulit,

1943 2891 2086 2945 hunc
2112 2889 2369 2959 primum,
2402 2886 2581 2954 lapide
2625 2885 2679 2939 in
2720 2893 2882 2953 caput
2926 2885 3186 2951 impacto,
3227 2883 3297 2938 ob
3325 2884 3544 2936 illatart

1946 2977 2377 3054 [exprobrando]
2411 2976 2666 3045 iujuriam
2695 2974 2917 3037 occidit,
2955 2973 3188 3028 cadaver
3214 2987 3343 3027 vero
3369 2972 3527 3026 Pari-

1944 3073 2028 3126 dis
2065 3069 2335 3138 amplexa,
2365 3077 2420 3122 et
2445 3080 2790 3122 communem
2819 3067 3107 3136 utriusque
3133 3063 3411 3120 fortunam
3433 3064 3527 3119 diu

1873 3179 1918 3238 ρ
1949 3170 2164 3232 questa,
2200 3174 2337 3213 zona
2367 3160 2602 3226 seipsam
2637 3156 3016 3227 strangulavit.

2019 3251 2290 3308 Vicesima
2345 3261 2536 3319 quarta
2571 3267 2586 3303 :
2619 3247 2676 3302 ln
2727 3248 2948 3304 Boeotiae
2999 3249 3222 3303 civitate
3261 3248 3527 3314 Thespeia

1948 3360 2072 3415 quae
2094 3358 2200 3398 non
2228 3343 2387 3411 longe
2407 3344 2476 3396 ab
2500 3340 2761 3395 Helicone
2787 3340 2892 3394 sita
2919 3349 3022 3404 est,
3055 3355 3188 3408 puer
3212 3349 3371 3392 natus
3392 3338 3531 3391 Nar-

1949 3440 2145 3504 cissus,
2187 3435 2416 3506 pulcher
2448 3434 2760 3496 admodum,
2820 3433 2915 3487 sed
2944 3433 3147 3486 amoris
3190 3441 3530 3485 amatorum-

1948 3545 2054 3600 que
2094 3537 2460 3594 contemptor.
2495 3526 2677 3591 Qua-re
2718 3524 2806 3578 alii
2839 3524 3055 3593 quidem
3090 3524 3425 3592 despondere
3451 3524 3548 3593 (7)-

1948 3621 2191 3675 animum
2238 3628 2484 3673 amantes
2532 3626 2818 3686 cmperunt
2861 3635 2877 3672 :
2924 3617 3278 3686 Aminiasque
3319 3625 3529 3670 tantum

1948 3715 2202 3771 assiduus
2246 3721 2369 3766 erat
2405 3720 2460 3767 et
2493 3713 2743 3781 pertinax
2774 3720 3046 3780 precator.
3083 3710 3152 3764 At
3188 3726 3311 3764 cum
3356 3725 3533 3780 neque

1955 3810 2100 3868 hunc
2128 3807 2343 3863 audiret
2383 3805 2494 3869 ille,
2536 3805 2629 3859 sed
2661 3803 2896 3873 gladium
2932 3803 3153 3872 insuper
3185 3804 3446 3864 mitteret,
3475 3817 3535 3854 se

1951 3902 2068 3970 ipse
2094 3913 2196 3968 pro
2227 3895 2470 3952 Narcissi
2507 3895 2718 3948 foribus
2740 3893 2960 3954 occidit,
2999 3893 3157 3946 deum
3185 3891 3535 3946 vehementer

1947 3997 2224 4062 precatus,
2281 3987 2428 4041 ultor
2460 3984 2558 4040 sibi
2617 3994 2676 4038 ut
2728 3982 2905 4038 ﬂeret.
2941 3981 3228 4037 Narcissus
3257 3981 3334 4051 (8)
3371 3983 3534 4050 igitur

1950 4083 2156 4138 vultum
2209 4078 2501 4148 aliquando
2545 4092 2702 4132 suum
2757 4074 3191 4143 contemplatus,
3241 4072 3538 4143 formaeque

1951 4173 2306 4230 simulacrum
2336 4171 2389 4224 in
2418 4183 2556 4237 aqua
2605 4165 2775 4222 fontis
2823 4181 3112 4235 apparens.
3169 4176 3226 4220 et
3281 4167 3428 4221 solus
3481 4178 3538 4220 et

1952 4264 2159 4334 primus
2185 4259 2372 4327 incipit
2404 4272 2550 4312 caeco
2597 4256 2679 4311 sui
2711 4269 2900 4308 amore
2938 4255 3191 4324 ﬂagrare.
3225 4256 3367 4326 Ergo
3398 4271 3538 4310 con-

1949 4357 2055 4412 silii
2093 4353 2307 4408 tau-dem
2333 4351 2510 4417 inops,
2542 4358 2597 4402 et
2627 4348 2802 4416 justas
2841 4361 2962 4402 sese
2991 4349 3120 4402 dare
3159 4361 3347 4415 poenas
3385 4347 3534 4401 arbi-

254 4452 318 4517 ἐξ
369 4451 583 4506 ἐκείνου
626 4451 881 4514 Θεσπιεῖς
900 4452 946 4484 ⁸⁸
971 4452 1170 4522 μᾶλλον
1209 4452 1378 4522 τιμᾷν
1423 4453 1518 4505 καὶ
1562 4453 1838 4524 γεραίρειν

1954 4459 2150 4514 tratus,
2202 4444 2350 4515 quod
2392 4442 2666 4496 Aminiam
2697 4449 2996 4494 amatorem
3028 4439 3224 4508 injuria
3282 4441 3532 4506 laesisset,

253 4545 353 4596 τὸν
387 4543 608 4614 Ἔρωτα
652 4544 747 4596 καὶ
774 4545 913 4616 πρὸς
932 4543 979 4574 ⁸⁸
1004 4545 1124 4606 ταῖς
1162 4544 1370 4606 κοιναῖς
1407 4522 1838 4614 θεραπείαιςτκαὶ

1955 4551 2182 4597 mortem
2214 4537 2319 4593 sibi
2353 4535 2643 4590 conscivit.
2697 4533 2774 4588 Et
2823 4548 2926 4598 eo,
2969 4548 3232 4602 responso
3281 4536 3426 4598 dato,
3480 4543 3540 4590 ut

258 4636 375 4706 ἰδίᾳ
404 4635 558 4689 θύειν
587 4633 854 4703 ἔγνωσαν.
885 4634 1112 4688 Δοκοῦσι
1139 4635 1248 4688 δὀἱ
1275 4635 1561 4707 ἐπιχώριοι
1585 4639 1676 4689 τὸν
1706 4636 1836 4706 νάρ-

254 4744 478 4790 κισσονε
501 4727 564 4781 τὸ
609 4727 768 4790 ἄνθος
817 4727 877 4793 ἐξ
913 4726 1132 4796 ἐκείνης
1176 4728 1392 4798 πρῶτον
1429 4725 1530 4796 τῆς
1559 4727 1665 4797 γῆς
1711 4728 1847 4780 ἀνα-

259 4825 438 4894 σχεῖν,
463 4823 545 4886 εις
572 4822 639 4893 ἢν
667 4822 899 4895 ἐξεχύθη
923 4825 986 4878 τὸ
1013 4825 1108 4878 τοῦ
1144 4825 1459 4899 Ναρκίσσου
1491 4821 1660 4897 αἷμα.

1956 4649 2108 4689 amor
2139 4631 2313 4699 magis
2353 4629 2714 4682 honoraretur
2732 4626 3132 4696 colereturque,
3164 4637 3362 4697 praater
3386 4643 3536 4682 eom—

1959 4738 2176 4780 munem
2231 4719 2423 4791 135a
2468 4719 2671 4774 cultum
2699 4758 2714 4783 ,
2761 4717 3014 4788 privatim
3059 4734 3275 4788 quoque
3324 4721 3537 4774 sacriﬁ-

1956 4832 2082 4874 care
2103 4819 2479 4870 decreverunt.
2512 4810 2587 4864 Ea
2618 4819 2798 4864 autem
2819 4809 3116 4864 incolarum
3134 4811 3317 4880 epiuio
3334 4819 3417 4866 est
3433 4813 3534 4881 (9),

1959 4908 2191 4978 primum
2222 4917 2286 4956 ex
2328 4900 2417 4953 illa
2457 4910 2599 4953 terra
2631 4898 2908 4952 exstitisse
2959 4900 3264 4954 narcissum
3313 4898 3527 4964 ﬂorem,

1962 4999 2014 5050 in
2050 5008 2210 5062 quam
2248 4990 2452 5045 effusus
2476 4989 2716 5044 Narcissi
2749 4989 2973 5058 sanguis
2998 4988 3208 5044 fuisset.

1553 5090 1787 5147 VARle
1819 5086 2229 5148 LECTIONES.

367 5179 415 5210 ⁸⁸
438 5176 710 5258 ῌάριδοςὶ
731 5178 826 5232 καὶ
881 5179 1404 5258 ῐξάριδος-ὃροζίεετ.
1423 5254 1448 5258 _
1470 5185 1518 5216 ⁸³
1553 5185 1815 5258 συνήθης]
1872 5183 2100 5258 μυηθείς
2155 5182 2222 5235 Α.
2277 5180 2342 5258 ,ξι
2372 5176 2680 5258 ἐξωνείδιζε
2710 5175 2814 5258 .An:
2841 5175 3135 5258 διῳνείδιζε
3161 5194 3252 5258 g.“
3286 5175 3334 5258 :5
3356 5175 3529 5258 δεινός

257 5265 406 5327 corr:
446 5249 491 5300 A
563 5245 751 5312 δεινῶς
779 5249 945 5327 ς.“⁸⁸
969 5245 1083 5327 ’τῆς
1113 5253 1158 5303 Α
1190 5269 1203 5305 :
1238 5245 1362 5327 ἀντὶ
1385 5254 1485 5322 τῆς
1517 5273 1577 5321 ς,
1633 5245 1684 5288 ⁸⁷’
1708 5245 2167 5327 ἀπηγορεῦθησαν
2199 5249 2528 5319 ς.Ἀμινίας
2550 5251 2689 5309 A,et
2710 5245 2849 5300 infra
2885 5247 3152 5316 Ἀμινίου.
3209 5247 3252 5277 ⁸³
3284 5245 3531 5309 θεσπιεῖς

1803 5394 2034 5452 NOTAE.

261 5325 307 5374 Λ
338 5341 352 5373 ;
378 5319 648 5382 θεσπίσας
698 5339 759 5384 ς’.
837 5321 887 5352 ⁸9
915 5322 1011 5374 καὶ
1042 5319 1179 5375 ante
1230 5323 1369 5393 πρὸς
1390 5319 1619 5380 ειίιΙξΑ.

337 5476 416 5555 (ϐ)
457 5475 1204 5555 Ιιθεε-Ρθηιιοη..Ἐρωτικῶν
1235 5495 1360 5550 cap.
1394 5481 1428 5536 4
1449 5493 1503 5536 et
1531 5483 1621 5547 54,
1655 5497 1710 5538 et
1739 5482 1845 5555 Ly-

263 5552 410 5614 cuph
423 5563 517 5601 ron
533 5617 554 5618 η
583 5548 813 5618 Cassan.
839 5548 1064 5616 ejusque
1091 5548 1317 5618 interpr.

341 5619 418 5686 (4)
449 5619 495 5670 Α
529 5617 678 5690 Rhea
705 5618 918 5683 educta,
955 5630 1014 5672 ut
1051 5620 1161 5672 vult
1198 5617 1448 5690 Apollod.
1490 5624 1584 5678 lib.
1622 5639 1704 5686 tu,
1756 5624 1846 5679 ubi

262 5700 322 5743 et
347 5691 503 5755 plura
536 5692 602 5740 de
630 5689 732 5742 his.

344 5759 431 5833 (ὃ),
459 5759 607 5810 Dono
633 5757 919 5833 Apollinis,
950 5765 1013 5833 ut
1050 5760 1168 5829 ipsa
1199 5776 1297 5816 sua
1320 5766 1478 5819 docet
1502 5764 1728 5833 cpistola
1777 5766 1841 5818 ad

266 5829 521 5886 Paridem
555 5830 695 5894 apud
720 5828 876 5882 Ovid.
909 5829 958 5881 iu
985 5828 1079 5884 lin.

346 5899 424 5970 με)
454 5897 578 5953 υίΒο
600 5899 663 5966 Ω.
703 5899 932 5954 Calaber
977 5901 1276 5970 posteriore
1311 5916 1465 5976 parte
1509 5905 1629 5963 libri
1676 5906 1758 5961 sui
1785 5922 1844 5971 κ,

1953 5483 2111 5552 paulo
2174 5482 2331 5536 aliter
2379 5479 2684 5552 describit;
2719 5473 2882 5552 Vult“
2909 5477 3052 5552 enim
3093 5476 3206 5552 fato
3252 5481 3529 5530 decretum

1953 5544 2122 5608 fuisse
2151 5564 2208 5606 ut
2235 5568 2338 5605 non
2371 5551 2475 5603 nisi
2510 5552 2575 5603 ah
2605 5547 2827 5625 (Euippe
2849 5544 2998 5625 [faris
3026 5549 3203 5599 curari
3236 5557 3438 5616 posset,
3478 5562 3533 5602 ct

1954 5627 2123 5693 ipsam
2163 5639 2219 5676 se
2252 5623 2304 5674 in
2337 5636 2526 5693 rogum
2558 5618 2733 5693 mariti
2761 5616 3082 5682 conjecisse,
3111 5628 3220 5671 cte.

2027 5695 2102 5762 (7)
2135 5693 2345 5758 Sequor
2371 5691 2866 5762 τὶςγὰτιῖηγόρευσανἷ

2024 5755 2099 5835 (8)
2131 5755 2362 5817 Pausan.
2405 5755 2624 5814 Bwolic.
2649 5755 2931 5830 legendus
2954 5795 2969 5821 ,
3017 5765 3072 5812 cl
3107 5757 3267 5814 Ovid.
3308 5755 3528 5813 Metam.

2025 5904 2104 5974 (9)
2136 5905 2242 5961 Sed
2270 5920 2425 5972 vana,
2463 5913 2518 5958 ut
2543 5902 2696 5959 docet
2726 5901 2961 5960 I’ausan.
2992 5901 3206 5957 Bwotic.
