4022 6476
534 381 645 443 563

540 588 755 647 Cretam
774 607 868 646 rex
885 593 1075 657 tenuit,
1094 592 1303 645 Dmdalu
1314 592 1503 661 mque(
1512 592 1596 661 10)
1614 594 1841 660 ᾳυαξείιυ
1852 594 2123 651 rusclasse

540 686 806 740 instructa
840 686 1111 754 navigavit
1152 687 1203 739 in
1238 685 1517 740 Sicaniam
1554 687 1696 755 (quae
1725 688 1885 741 hodie
1930 685 2120 743 Sicilia

543 777 788 843 dicitur),
810 777 898 830 ubi
936 792 965 829 a
997 776 1179 832 Cocali
1212 794 1322 831 ora:
1350 778 1492 832 illius
1523 778 1663 845 regis
1692 776 1905 834 ﬁliabus
1928 792 2013 833 est
2041 782 2122 834 in-

547 869 824 924 terfectus.
850 868 1008 923 Natio
1052 871 1177 925 hinc
1208 871 1578 937 Cretensium,
1614 871 1758 941 regis
1803 873 1884 925 sui
1918 874 2122 927 caedem

544 966 747 1030 ultura,
785 964 981 1017 bellum
1011 965 1273 1019 adversus
1300 963 1514 1019 Siculos
1546 967 1809 1035 suscepit.
1844 965 1951 1020 Sed
1994 967 2121 1021 victi

545 1057 737 1113 Cretes
777 1073 899 1111 cum
934 1057 1152 1111 domum
1181 1057 1433 1122 redeunt,
1476 1057 1545 1112 ad
1576 1058 1803 1128 lapygas
1854 1058 1970 1129 (11)
1998 1068 2124 1115 sunt

549 1159 871 1220 tempestate
891 1150 1053 1204 delati
1078 1167 1092 1203 :
1114 1150 1295 1219 ibique
1319 1161 1431 1203 tum
1448 1151 1603 1206 sedes
1623 1153 1884 1217 ﬁxerunt,
1900 1154 2123 1223 Iapyges

552 1260 654 1312 pro
670 1242 1028 1298 Cretensibus
1052 1241 1202 1297 facti.
1234 1241 1363 1298 Post
1390 1243 1579 1298 horum
1612 1260 1740 1314 pars
1760 1246 2004 1314 quaedam
2031 1262 2125 1314 per

548 1336 867 1391 seditionem
924 1336 1047 1390 inde
1080 1335 1300 1403 expulsa
1328 1375 1345 1400 ,
1389 1337 1591 1391 oraculi
1638 1353 1956 1407 responsum
1994 1339 2124 1393 illud
2156 1384 2160 1393 .

550 1428 894 1481 consulentes
941 1438 1293 1492 acceperunt,
1342 1429 1431 1482 ubi
1474 1429 1599 1497 quis
1651 1430 1784 1497 ipsis
1836 1439 2036 1485 terram
2074 1440 2128 1485 et

550 1532 746 1587 aquam
783 1518 1068 1587 praeberet,
1112 1519 1182 1572 ibi
1217 1528 1273 1572 ut
1300 1519 1627 1574 habitarent.
1667 1521 1845 1591 Atque
1895 1524 1969 1576 ita
2004 1524 2128 1575 Bot-

552 1609 798 1661 tiaaorum
831 1617 1029 1661 terram
1070 1606 1431 1661 incoluerunt.
1473 1606 1549 1661 lbi
1579 1609 1722 1663 enim
1767 1610 1943 1678 pueri,
1973 1610 2131 1677 panis

553 1710 984 1769 ceterorumque
1035 1699 1507 1754 condimentorum
1564 1701 1711 1755 varia
1770 1718 1969 1770 genera
2034 1718 2132 1771 per

549 1792 734 1846 ludum
760 1801 815 1846 et
855 1791 1035 1859 jocum
1064 1806 1128 1846 ex
1164 1792 1276 1846 luto
1321 1792 1609 1860 ﬁngentes,
1658 1794 1967 1861 petentibus
1999 1795 2130 1862 ipsis

1646 344 1649 345 ί
1696 382 1963 443 PHOTII
1987 384 2139 444 PATJ

2240 387 2498 446 \RCH/E
2538 387 2646 447 ΟΡ.
3696 388 3787 449 564

617 500 880 555 Vicesima
910 499 1121 568 quinta.
1164 497 1337 555 Minos
1388 496 1537 553 Jovis
1590 508 1647 551 et
1699 497 1927 569 Europa:
1967 500 2109 555 ﬁlius
2142 502 2188 562 Α

2302 501 2366 553 Ἠ
2397 501 2474 553 κε’
2501 502 2576 563 ὼς
2622 501 2807 563 Μίνως
2849 500 2961 563 υἱὸς
2995 499 3113 561 Διὸς
3142 499 3235 552 καὶ
3283 498 3574 570 Εὐρώπης,
3598 502 3627 553 ὁ
3651 503 3788 573 βασι-

2227 594 2398 647 λεύων
2428 595 2673 664 Κρήτης,
2696 595 2839 647 κατὰ
2873 594 3101 664 ζήτησιν
3147 593 3409 647 Δαιδάλου
3441 594 3611 665 στόλῳ
3643 598 3790 652 πλεύ-

2228 704 2324 750 σας
2353 688 2433 749 είς
2454 686 2714 739 Σικανίαν
2756 687 2914 758 (αῦτη
2941 686 2986 739 δ’
3025 686 3175 739 ἐστὶν
3209 688 3243 756 ή
3287 684 3387 739 νῦν
3429 687 3667 757 Σικελία)
3699 691 3791 744 om

2224 780 2334 831 τῶν
2369 778 2635 833 Κωκάλου
2676 779 2992 847 θυγατέρων
3027 778 3338 848 (ἐϐασίλευε
3381 776 3427 831 δ’
3457 772 3611 842 οὗτος
3650 781 3793 834 Σικε-

2225 872 2335 925 λῶν
2362 869 2429 942 9°)
2460 872 2786 942 ἀναιρεῖται.
2823 871 2931 924 Καὶ
2970 870 3033 923 τὸ
3068 871 3349 941 Κρητικὸν
3394 870 3623 940 πολεμεῖ
3653 873 3791 927 Σικε-

2226 967 2339 1029 λοῖς
2368 966 2509 1037 ὑπὲρ
2538 966 2632 1020 τοῦ
2662 964 2949 1035 βασιλέως,
2989 967 3082 1018 καὶ
3109 966 3369 1034 ἡττᾶται.
3404 965 3517 1016 Kal.
3566 967 3794 1020 ἐπανιόν-

2226 1076 2319 1124 τες
2348 1060 2452 1112 ὑπὸ
2477 1061 2745 1130 χειμῶνος
2769 1059 3027 1124 ἐξέπεσον
3054 1060 3135 1120 είς
3171 1058 3455 1123 Ἰάπυγας,
3496 1057 3591 1109 καὶ
3626 1057 3795 1113 αὐτόθι

2225 1154 2347 1205 τότε
2404 1153 2709 1221 ἱδρύσαντο,
2750 1152 2874 1207 ἀντὶ
2916 1151 3153 1223 Κρητῶν
3203 1151 3501 1220 γεγονότες
3537 1152 3793 1220 Ἰάπυγες.

2228 1245 2421 1316 Χρόνῳ
2442 1245 2499 1297 δὲ
2524 1245 2748 1315 ὕστερον
2782 1245 2948 1315 μοῖρά
2974 1262 3059 1309 τις
3083 1244 3222 1297 κατὰ
3258 1244 3454 1298 στάσιν
3488 1245 3795 1311 ἐκπεσόντες

2228 1340 2327 1409 τῆς
2354 1338 2537 1410 χώρας
2554 1339 2801 1409 χρησμὸν
2827 1336 3037 1400 ἔλαϐον,
3060 1335 3189 1389 ἔνθα
3208 1335 3274 1389 ἄν
3286 1354 3374 1398 τις
3385 1336 3573 1398 αὐτοῖς
3591 1336 3691 1406 γῆν
3713 1341 3794 1391 καὶ

2230 1432 2373 1502 ὓδωρ
2396 1431 2561 1503 ὀρέξῃ
2589 1431 2658 1497 ⁸⁸,
2688 1430 2925 1484 ἐνταῦθα
2969 1428 3289 1494 οἰκίζεσθαι.
3329 1427 3447 1482 Καὶ
3499 1429 3719 1499 ᾣκησαν
3756 1433 3794 1463 ’⁸

2228 1525 2327 1593 τὴν
2359 1523 2680 1578 Βοττιαίων·
2714 1524 2831 1575 ἐκεῖ
2864 1522 2972 1591 γὰρ
2999 1522 3184 1583 παῖδες
3224 1521 3410 1591 ἄρτων
3450 1518 3569 1590 εἴδη
3600 1522 3691 1574 καὶ
3716 1522 3793 1576 άλ-

2231 1618 2337 1669 λων
2363 1616 2511 1686 ὄψων
2543 1615 2831 1681 παίζοντες
2872 1615 2982 1669 ἀπὸ
3011 1614 3183 1686 πηλοῦ
3218 1615 3314 1666 καὶ
3346 1612 3695 1677 πλάττοντες,
3722 1615 3790 1666 αἰ-

2230 1710 2516 1781 τουμένοις
2552 1710 2833 1762 ὲπέδωκαν
2881 1708 3066 1769 αὐτοῖς
3102 1707 3224 1759 ἀντὶ
3263 1705 3454 1773 ἄρτων
3499 1705 3627 1768 τοὺς
3658 1706 3791 1775 πηλί-

2231 1822 2356 1865 νους
2404 1803 2637 1875 ἄρτουςο
2685 1802 2781 1853 καὶ
2831 1801 2885 1853 οῖ
2925 1817 2989 1868 γε
3050 1799 3141 1851 τὸν
3187 1796 3445 1869 χρησμὸν
3507 1795 3789 1850 τετελέσθαι

549 1885 707 1953 panis
738 1883 858 1937 loco
889 1883 1286 1937 distribuerunt
1336 1883 1509 1937 luteos
1560 1899 1727 1951 panes
1760 1903 1773 1938 :
1813 1895 1867 1939 et
1898 1884 1973 1937 illi
2026 1885 2125 1937 im-

2240 1892 2554 1961 νομίσαντες
2599 1894 2873 1962 ᾐτήσαντο
2900 1891 2992 1944 τὸν
3041 1890 3266 1961 βασιλέα
3313 1887 3665 1951 Μακεδόνων,
3714 1891 3787 1941 καὶ

549 1975 755 2044 pletum
792 1989 914 2029 esse
945 1974 1222 2028 oraculum
1255 1976 1617 2042 interpretati,
1663 1977 1844 2029 sedem
1877 1992 1907 2029 a
1954 1975 2133 2031 Mace-

550 2067 751 2120 donum
786 2081 914 2135 rege
939 2066 1290 2135 postulantes,
1328 2065 1678 2121 Bottiaeurum
1701 2083 1851 2122 oram
1884 2069 2131 2123 habitan-

552 2161 675 2214 dam
716 2171 1061 2228 acceperunt,
1092 2170 1147 2214 et
1188 2160 1529 2215 Cretensium
1591 2177 1785 2216 nomen
1818 2162 1929 2232 jam
1974 2164 2133 2218 tertio

550 2268 673 2305 cum
722 2251 1068 2307 Bottiaaorum
1099 2264 1516 2321 commutantes,
1578 2254 1755 2322 portio
1802 2271 1946 2311 nunc
2005 2268 2133 2310 sunt

552 2345 929 2401 Macedonum.

628 2437 897 2493 Vicesima
943 2446 1092 2492 sexta
1138 2449 1326 2493 narrat
1383 2439 1650 2509 Apollinis
1689 2450 1995 2511 spectrum,
2046 2442 2132 2496 cui

549 2532 729 2587 Carne
757 2530 870 2602 (12)
926 2547 1144 2595 nomen,
1204 2532 1497 2586 Dorienses
1546 2533 1699 2601 sequi
1761 2533 2002 2599 solitum,
2066 2536 2133 2587 ab

550 2624 782 2694 llippota
812 2624 925 2694 (15)
956 2625 1193 2692 quodam
1244 2640 1274 2678 e
1341 2625 1509 2691 stirpe
1568 2623 1816 2679 Herculis
1857 2636 1967 2679 tum
2015 2640 2134 2681 esse

551 2716 927 2780 interfectum,
952 2731 1073 2769 eum
1104 2717 1155 2769 in
1188 2715 1616 2784 Peloponnesum
1656 2715 1955 2771 Heraclida:
1993 2721 2135 2772 redi-

555 2818 694 2864 rent.
728 2808 864 2862 Cum
890 2823 1018 2877 ergo
1042 2819 1327 2877 propterea
1359 2819 1507 2877 peste
1532 2810 1771 2875 graviter
1796 2810 2134 2876 laborarent,

553 2901 781 2956 oraculo
842 2912 1064 2971 accepto
1116 2917 1147 2955 e
1196 2903 1393 2956 castris
1450 2903 1713 2971 ilippotcn
1788 2906 2131 2969 expulerunt.

564 2996 689 3049 Erat
722 3007 903 3049 autem
938 3006 1214 3064 spectrum
1274 2998 1375 3050 hoc
1430 2995 1784 3051 Doriensibus
1814 2998 1951 3051 vatis
1993 2998 2134 3053 loco.

560 3090 630 3144 Et
667 3089 963 3144 Heraclida:
1026 3090 1244 3159 quidem
1284 3098 1399 3143 tum
1453 3091 1505 3143 in
1548 3089 1980 3159 Peloponnesum
2026 3107 2136 3147 tra-

552 3183 806 3253 jecerunt
838 3200 852 3235 :
892 3181 1151 3250 llippotes
1174 3196 1301 3235 vero
1324 3182 1413 3234 ille
1433 3181 1718 3245 oberrans,
1748 3183 1916 3237 lilium
1950 3187 2137 3254 genuit

556 3275 644 3329 cui
708 3290 773 3328 ex
830 3290 888 3327 re
938 3274 1105 3328 Aleta:
1152 3274 1264 3344 (Ui)
1308 3290 1502 3327 nomen
1566 3275 1736 3328 dedit.
1776 3275 1872 3329 Hic
1916 3253 2004 3332 ubi
2071 3279 2135 3331 ad
2165 3253 2209 3310 c

556 3372 775 3418 tetatem
853 3362 1063 3415 virilem
1136 3364 1427 3431 pervenit,
1495 3362 1674 3416 Dorici
1733 3366 1912 3433 pepuli
1986 3377 2140 3435 parte

556 3455 809 3517 collecta,
863 3454 1145 3523 pulsisque
1200 3454 1534 3524 Sisyphidis,
1596 3457 1690 3526 qui
1741 3466 1851 3511 tum
1889 3458 2139 3513 Corinthi

558 3559 719 3615 reges
747 3556 926 3606 erant,
955 3560 1077 3599 cum
1108 3544 1350 3613 ipsorum
1382 3546 1548 3601 sociis
1576 3547 1820 3611 lenibus,
1861 3549 2049 3602 urbem
2082 3550 2143 3603 il-

558 3638 667 3692 lam
733 3638 911 3691 denuo
952 3636 1144 3690 incolis
1210 3637 1402 3706 replet,
1467 3640 1834 3708 pergebatque
1882 3643 2144 3697 adversus

561 3732 823 3791 Atticam,
856 3746 977 3783 cum
1008 3728 1215 3781 oraculi
1246 3742 1565 3797 responsum
1599 3731 1773 3785 eidem
1797 3733 1980 3787 datum
2005 3772 2021 3797 ,
2066 3735 2146 3787 vi-

561 3837 767 3880 ctorem
792 3823 927 3885 fore,
949 3822 991 3874 si
1012 3821 1080 3874 ab
1098 3821 1513 3874 Atheniensium
1534 3837 1656 3894 rege
1679 3826 1979 3881 abstineret
2003 3828 2142 3896 (15).

560 3916 679 3971 lloc
705 3914 928 3969 oraculo
955 3914 1020 3965 ab
1062 3912 1489 3968 Atheniensibus
1523 3917 1765 3985 cognito,
1807 3917 1986 3973 Codro
2029 3936 2146 3989 sep-

564 4008 888 4079 tuagenario
919 4004 1267 4075 persuadent,
1319 4004 1495 4060 libens
1541 4022 1598 4061 se
1628 4024 1725 4076 pro
1758 4011 1931 4078 patria
1962 4021 2021 4065 ut
2056 4013 2148 4066 de-

564 4113 777 4155 voveat.
821 4101 913 4156 Ille
962 4112 1111 4157 veste
1161 4110 1391 4164 mutata,
1433 4101 1590 4168 quasi
1642 4101 1968 4169 lignatorum
2008 4119 2146 4157 unus

566 4205 736 4258 esset,
771 4210 800 4248 a
844 4195 1089 4249 Doriensi
1124 4196 1357 4263 quodam
1390 4194 1735 4247 interﬁcitur.
1770 4192 2057 4249 Dorienses
2092 4210 2149 4249 re

569 4299 754 4355 postea
791 4290 1028 4356 cognita,
1058 4290 1125 4343 de
1154 4288 1380 4342 victoria
1407 4290 1779 4356 deSperantes,
1815 4304 1936 4341 cum
1982 4289 2150 4343 Athe-

568 4381 851 4436 niensibus
893 4382 1042 4450 pacis
1070 4382 1272 4435 fmdera
1310 4382 1569 4435 inierunt.

654 4473 914 4527 Vicesima
962 4474 1193 4543 septima
1229 4472 1399 4526 refert
1440 4474 1505 4525 de
1572 4475 1731 4525 rebus
1778 4472 2141 4538 Deucalionis,

566 4566 660 4636 qui
692 4566 745 4619 in
767 4566 1083 4621 Phthiotide
1114 4567 1379 4635 regnavit,
1436 4566 1613 4633 deque
1652 4563 1876 4618 Gre-cia:
1921 4567 2150 4619 inunda-

568 4661 719 4714 tione
766 4659 889 4730 ejus
940 4660 1274 4729 temporibus
1320 4677 1333 4713 :

576 4750 765 4821 l35b
803 4751 1044 4821 (quidam
1072 4748 1222 4803 Jovis
1246 4765 1366 4803 esse
1399 4748 1607 4809 dicunt)
1631 4748 1719 4814 qui
1741 4759 1791 4800 et
1828 4748 2153 4801 Deucalione

574 4854 813 4908 mortuo,
854 4845 907 4895 in
940 4857 1105 4910 regno
1139 4841 1423 4905 successit,
1461 4840 1760 4906 habuitque
1826 4840 1963 4892 ﬁlios
2024 4850 2153 4893 tres.

1379 4674 1445 4713 ae
1501 4660 1567 4712 de
1613 4658 1831 4711 llcllene
1881 4659 1994 4714 ﬁlio
2037 4661 2154 4728 ejus

2233 1987 2423 2039 ἔλαϐον
2478 1988 2647 2040 οἰκεῖν
2688 1988 2787 2056 τὴν
2843 1986 3164 2046 Βοττιαίων,
3217 1984 3349 2055 [457
3407 1982 3500 2053 IL]
3543 1983 3633 2035 καὶ
3686 1983 3789 2035 Βοτ-

2231 2081 2397 2132 τιαῖοι
2444 2079 2542 2149 μὲν
2589 2079 2773 2149 τρίτον
2818 2079 2976 2147 γένος
3029 2079 3136 2131 ἀπὸ
3188 2076 3433 2148 Κρητῶν
3485 2076 3787 2146 ἀμείψαντες

2238 2175 2401 2245 μοῖρα
2438 2172 2533 2226 νῦν
2562 2174 2669 2225 εἰσὶ
2693 2173 3043 2227 Μακεδόνων.

2323 2444 2385 2497 Ἡ
2415 2449 2507 2508 κς¹
2558 2442 2811 2506 διέξεισιν
2865 2441 2940 2503 ὡς
2990 2438 3183 2510 φάσμα
3231 2438 3602 2500 Ἀπόλλωνος,
3649 2436 3791 2506 ὄνομα

2237 2535 2477 2605 Κάρνος,
2509 2532 2806 2602 Δωριεῦσιν
2832 2532 3121 2599 ἑπόμενον,
3166 2530 3438 2596 Ἱππότης
3470 2545 3556 2591 τις
3591 2525 3690 2580 τῶν
3719 2527 3793 2594 ἀφ’

2249 2627 2584 2697 Ἡρακλέους
2612 2626 2845 2695 ἀναιρεῖ,
2869 2625 2959 2676 ὅτε
2989 2622 3266 2693 κατῄεσαν
3310 2624 3392 2685 εἰς
3423 2621 3792 2690 Πελοπόννησον

2248 2719 2625 2791 Ἡρακλεῖδαι.
2649 2718 2759 2770 Καὶ
2788 2716 2980 2786 λοιμοῦ
3005 2716 3219 2778 τούτοις
3245 2714 3671 2783 προσπεσόντος,
3693 2729 3795 2780 χρη-

2240 2813 2376 2882 σμὸν
2404 2812 2452 2844 ⁸³
2486 2811 2743 2873 λαϐόντες
2780 2810 2988 2880 ἤλασαν
3033 2808 3126 2861 τὸν
3169 2807 3440 2873 Ἱππότην
3468 2803 3561 2859 τοῦ
3601 2820 3793 2875 στρατο-

2240 2907 2424 2960 πέδου.
2457 2907 2668 2967 Μάντις
2712 2906 2757 2956 δ’
2782 2900 2850 2974 ἦν
2897 2905 2960 2956 τὸ
3009 2903 3201 2971 φάσμα
3235 2903 3283 2933 θ’
3342 2902 3453 2961 τοῖς
3504 2897 3789 2967 Δωριεῦσιν,

2253 2998 2636 3071 Ἡρακλείδαις
2695 2997 2791 3067 μὲν
2841 2995 3069 3056 κάθοδος
3125 2995 3203 3055 εἰς
3264 2992 3671 3060 Πελοπόννησον
3696 2987 3791 3056 ἐγέ-

2242 3110 2395 3146 νετοο
2448 3094 2475 3144 ό
2518 3091 2563 3143 δ’
2610 3091 2868 3155 Ἱππότης
2920 3088 3204 3157 ἀλώμενος
3229 3086 3274 3117 ³⁵
3305 3084 3490 3137 τίκτει
3541 3083 3711 3144 παῖδα,
3744 3082 3795 3132 ὲκ

2242 3185 2334 3238 τοῦ
2371 3185 2697 3254 πράγματος
2741 3183 2972 3252 Ἀλήτην
3014 3179 3272 3242 καλέσας,
3303 3178 3373 3240 ὃς
3416 3175 3696 3247 ἀνδρωθεὶς
3720 3173 3795 3225 καὶ

2246 3280 2440 3348 μοῖραν
2483 3276 2577 3328 τοῦ
2605 3272 2852 3343 Δωρικοῦ
2891 3271 3173 3337 συλλέξας,
3207 3270 3301 3324 καὶ
3344 3269 3627 3339 Σισυφίδπις
3658 3266 3795 3319 ἐκϐα-

2243 3372 2351 3424 λὼν
2402 3368 2669 3439 Κορίνθου
2713 3365 2971 3436 βασιλέας
3007 3364 3169 3425 ὄντας
3217 3365 3321 3417 καὶ
3356 3365 3485 3426 τοὺς
3517 3363 3609 3415 σὺν
3646 3362 3796 3419 αὐτοῖς

2248 3466 2463 3525 Ἴωνας,
2496 3462 2758 3526 ἁνοικίζει
2802 3461 2901 3531 τὴν
2933 3460 3089 3512 πόλιν
3110 3460 3203 3511 καὶ
3232 3459 3401 3529 ἐπῄει
3430 3458 3568 3510 κατὰ
3587 3456 3676 3524 τῆς
3699 3452 3795 3504 Ἀτ-

2246 3557 2424 3626 τικῆς,
2460 3554 2589 3627 [225
2629 3552 2719 3627 ΙΙ.]
2751 3554 2839 3607 ὅτε
2866 3553 2962 3606 καὶ
2991 3550 3238 3621 χρησμὸν
3262 3549 3538 3620 λαμϐάνει
3566 3546 3793 3615 νικήσειν,

2247 3653 2296 3702 εἰ
2350 3650 2675 3718 ἀπόσχοιντο
2720 3646 2814 3699 τοῦ
2878 3643 3144 3713 βασιλέως
3197 3641 3529 3713 Ἀθηναίων.
3589 3638 3690 3691 Καὶ
3723 3634 3795 3688 τοῦ

2247 3740 2498 3811 χρησμοῦ
2549 3737 2885 3807 γνωσθέντος
2936 3734 3280 3805 Ἀθηναίοις,
3345 3733 3587 3786 πείθουσι
3628 3727 3797 3796 Κόδρον

2248 3830 2754 3902 ὲϐδομηκοντούτην
2804 3828 2936 3881 ὄντα
2986 3827 3182 3880 ἑκόντα
3231 3824 3426 3879 δοῦναι
3465 3820 3648 3876 ἑαυτὸν
3687 3818 3797 3902 ὑπὲρ

2247 3926 2347 3994 τῆς
2386 3923 2668 3993 πατρίδος.
2704 3922 2816 3974 Καὶ
2856 3919 3231 3989 ἀμειψάμενος
3260 3917 3367 3988 τὴν
3414 3914 3620 3983 στολὴν,
3651 3912 3717 3972 ὡς
3738 3901 3799 3969 εἷς

2249 4016 2358 4070 τῶν
2394 4016 2702 4086 ξυλοφόρων
2752 4015 2840 4082 ὑφ’
2895 4013 3011 4076 ἑνὸς
3065 4014 3172 4066 τῶν
3209 4011 3469 4082 Δωριέων
3514 4005 3794 4075 ἀναιρεῖται.

2252 4109 2362 4162 Καὶ
2402 4109 2623 4177 γνόντες
2668 4107 2894 4175 ὕστερον
2926 4106 3172 4173 Δωριεῖς,
3213 4105 3308 4156 καὶ
3356 4098 3676 4168 ἀπογνόντες
3717 4091 3795 4159 τὴν

2254 4199 2433 4267 νίκην,
2457 4196 2782 4249 ἐσπείσαντο
2820 4194 3149 4264 Ἀθηναίοις.

2338 4468 2405 4519 Ἥ
2432 4466 2512 4531 κζ’
2550 4466 2619 4519 τὰ
2646 4464 2776 4536 περὶ
2809 4463 3178 4525 Δευκαλίωνος
3214 4458 3571 4528 ἀπαγγέλλει,
3608 4453 3661 4515 ὃς
3698 4445 3795 4500 ἐϐα-

2262 4560 2440 4614 σίλευε
2485 4560 2532 4590 ⁹⁰
2576 4558 2678 4626 τῆς
2721 4556 3030 4622 Φθιώτιδος,
3067 4558 3163 4609 καὶ
3209 4555 3303 4608 τοῦ
3346 4553 3465 4608 κατ’
3524 4548 3675 4603 αὐτὸν
3719 4541 3795 4606 τῆς

2272 4654 2521 4715 Ἑλλάδος
2546 4651 2935 4721 κατακλυσμοῦ
2958 4667 2971 4679 ·
3008 4651 3103 4703 καὶ
3140 4650 3268 4720 περὶ
3300 4648 3560 4714 ’Ἕλληνος
3585 4638 3671 4693 τοῦ
3702 4652 3796 4687 παι-

2258 4748 2346 4811 δὸς
2379 4746 2569 4807 αὑτοῦ,
2616 4745 2675 4798 ὃν
2718 4744 2850 4797 ἔνιοι
2878 4743 2975 4795 τοῦ
3017 4744 3137 4806 Διὸς
3176 4743 3342 4795 παῖδα
3391 4737 3526 4793 εἷναί
3565 4747 3728 4804 φασιν,
3755 4725 3797 4785 ὃς

2260 4840 2356 4893 καὶ
2383 4839 2653 4904 διεδέξατο
2698 4837 2799 4906 τὴν
2845 4836 3125 4906 βασιλείαν
3170 4834 3590 4903 τελευτήσαντος
3633 4826 3801 4875 Δευκα-

573 4934 655 4989 Ex
698 4934 783 4987 his
811 4933 1028 4987 Aiulum
1085 4942 1210 4984 natu
1255 4930 1579 4992 maximum,
1610 4929 1804 4982 merito
1841 4928 2010 4982 voluit
2040 4928 2139 4995 ejus

2260 4932 2472 4996 λίωνος,
2504 4932 2597 4983 καὶ
2643 4930 2819 4983 τίκτει
2871 4928 3067 4990 παῖδας
3094 4927 3140 4958 ⁹⁷
3180 4928 3349 4999 τρεῖς.
3372 4920 3474 4975 ’Ὧν
3522 4916 3697 4973 Αἴολον
3723 4907 3800 4978 μὲν

579 5025 817 5095 regionis
854 5035 1126 5093 sceptrum
1160 5035 1364 5088 tenere,
1396 5023 1482 5078 cui
1520 5023 1747 5089 ipsemet
1773 5031 1931 5074 antea
1984 5021 2156 5089 impe-

2261 5024 2351 5076 τὸν
2392 5024 2609 5093 πρῶτον
2678 5020 2981 5092 βασιλεύειν
3035 5019 3350 5071 ἐδικαίωσεν
3407 5012 3473 5087 ἧς
3525 5010 3652 5083 ἦρχε
3699 5003 3803 5071 γῆςν

1880 5159 2118 5215 VARUE
2159 5161 2543 5217 LECTIONES
2563 5204 2577 5217 .

648 5268 693 5301 9°
715 5264 956 5319 Σικελῶν
984 5279 1094 5331 mg.
1124 5280 1137 5315 :
1168 5261 1290 5314 libri
1316 5258 1544 5331 Etxet'bv.
1584 5258 1663 5331 ΝΜ
1703 5256 1881 5331 ὀρέξει
1909 5277 1970 5322 ς.
2018 5259 2334 5331 ,θίίῴκισαν
2369 5279 2429 5325 ς’.
2480 5262 2526 5293 ⁸³
2550 5260 2827 5331 χρησμόν]
2867 5259 2962 5312 καὶ
2986 5256 3237 5331 χρησμόν
3258 5257 3326 5309 Α,
3385 5253 3431 5286 9⁸
3459 5252 3727 5321 φάντασμα
3748 5251 3792 5298 ς.

582 5340 626 5372 ⁸⁸
650 5334 953 5407 ἀλώμενος]
989 5329 1060 5389 εἰῇ
1090 5331 1380 5385 Ruhnken.
1402 5332 1470 5384 ad
1504 5329 1691 5397 Vellej.
1736 5346 1786 5398 p.
1818 5329 1904 5382 1‘2.
1983 5330 2029 5361 ³⁸
2053 5330 2373 5384 ἐϐασίλευσε
2404 5350 2466 5395 ς’.

2559 5333 2603 5363 ⁸⁷
2665 5330 2863 5393 παῖδας
2900 5346 3014 5384 uin.
3045 5330 3111 5383 A.

2105 5447 2339 5507 NOTIE.

653 5553 768 5626 (10)
795 5555 937 5623 Lege
959 5549 1441 5626 Iians;1n._f_icltaic.
1476 5551 1596 5603 init.

658 5620 773 5692 ili)
813 5620 943 5678 Vide
977 5623 1158 5676 Strab.
1202 5620 1399 5692 lib.vr.

657 5688 782 5775 (ω).
806 5694 1011 5775 llaacde
1029 5692 1211 5755 Carne
1238 5688 1396 5745 aliter
1422 5691 1702 5759 aliquanto
1733 5688 1897 5743 refert
1927 5688 2156 5741 l’ansan.

666 5772 717 5817 in
753 5766 1000 5820 Laconia.

662 5835 771 5906 (15)
801 5837 969 5903 Quem
1004 5836 1273 5907 Phylantii
1327 5836 1490 5891 ﬁlium
1549 5831 1679 5887 facit
1735 5829 1965 5885 Pansan.
2034 5844 2153 5883 cum

2268 5548 2522 5617 Apollod.
2542 5550 2637 5604 lib.
2666 5566 2702 5604 ιι
2722 5548 2999 5615 Bibliotlt.,
3029 5546 3117 5615 qui
3139 5547 3278 5601 hanc
3294 5544 3358 5599 ad
3386 5539 3694 5606 Naupactum
3718 5533 3795 5590 Pa’

2272 5632 2469 5675 tratam
2506 5623 2708 5675 caedem
2738 5620 2921 5672 tradit.
3496 5678 3499 5679 ν
3624 5668 3649 5679 ,,

2490 5671 2655 5757 Quasi
2689 5671 2952 5760 Erro’nem,
2987 5704 3014 5742 a
3048 5687 3293 5756 parentis
3320 5678 3582 5742 erroribus
3606 5671 3789 5724 dixeris-

2344 5763 2455 5831 (15)
2487 5762 2724 5817 Pausan.
2764 5760 2885 5813 init.
2917 5759 3247 5813 Corinthiac.
