4022 6448
275 385 386 449 565

1312 378 1839 440 BIBLIOTIIECA.
1880 401 1951 413 —
1979 375 2142 436 COD.
2168 372 2524 434 CLXXXVI.

3456 375 3564 438 5(ῖὸ

274 493 522 566 Ἀσωπῷ
550 494 649 548 καὶ
678 496 888 548 Ἐνιπεῖ
908 495 1026 548 δυσὶ
1067 496 1333 564 ποταμοῖς
1362 495 1460 566 τὴν
1498 491 1673 563 ἀρχὴν
1702 491 1870 560 διορι-

1982 495 2214 547 raverat,
2272 500 2548 555 quamque
2589 486 2771 554 Asopo
2817 491 2868 538 et
2910 482 3114 556 Enipeo
3144 484 3321 541 ﬂuviis
3371 489 3565 543 disten-

279 591 542 660 σάμενος,
566 589 629 654 ἐξ
667 582 728 642 οῦ
766 587 827 640 τὸ
862 587 1110 641 Αἰολικὸν
1138 587 1439 655 κατάγεται
1467 587 1622 655 γένος
1646 601 1662 617 ·
1687 585 1871 656 Δῶρος

278 683 323 736 δ’
342 683 374 735 ό
394 680 660 752 δεύτερος
692 683 888 750 μοῖραν
915 679 1009 733 τοῦ
1059 681 1190 734 λαοῦ
1219 680 1402 735 λαϐὼν
1442 681 1593 752 παρὰ
1632 679 1727 733 τοῦ
1764 698 1872 734 πα-

277 775 404 844 τρὸς
443 773 824 839 ἀποικίζεται,
864 775 959 827 καὶ
1005 774 1109 826 ὑπὸ
1154 774 1245 827 τὸν
1274 775 1599 845 Παρνασσὸν
1650 774 1710 826 τὸ
1747 773 1873 845 ὅρος

225 893 234 898 ·-
275 867 456 931 κτίζει
504 866 720 932 πόλεις,
773 866 948 930 Βοιὸν,
991 850 1246 921 Κυτίνιον
1284 867 1353 929 9⁸,
1405 866 1663 938 Ἐρινέον,
1714 866 1774 931 ἐξ
1811 860 1873 922 οὗ

277 959 546 1027 Δωριεῖς·
609 958 641 1008 ὁ
690 955 750 1009 δὲ
801 955 1068 1020 νεώτατος
1131 957 1394 1028 Ἀθήναζε
1431 958 1478 990 ⁹⁹
1543 957 1873 1028 ἀφικόμενος

283 1051 472 1115 κτίζει
526 1050 848 1121 τετράπολιν
904 1050 1250 1121 καλουμένην
1301 1051 1400 1120 τῆς
1456 1050 1728 1120 Ἀττικῆς,
1779 1050 1874 1102 καὶ⁴

287 1145 472 1212 γαμεῖ
497 1144 764 1216 Κρέουσαν
795 1141 896 1212 τὴν
938 1142 1257 1214 Ἐρεχθέως,
1292 1143 1386 1196 καὶ
1411 1144 1582 1197 τίκτει
1613 1143 1671 1207 ἐξ
1705 1142 1875 1212 αὐτῆς

307 1233 533 1304 ’Λχαιὸν
563 1236 647 1286 καὶ
679 1235 865 1286 Ἴωνα.
901 1235 1011 1287 Καὶ
1041 1235 1068 1287 ὀ
1115 1235 1212 1304 μὲν
1248 1234 1461 1304 Ἀχαιὸς
1490 1234 1746 1288 ἀκούσιον
1775 1235 1872 1301 φό-

299 1344 395 1380 νον
422 1327 788 1396 ἐργασάμενος
816 1326 1012 1397 ἠλάθη,
1035 1327 1132 1380 καὶ
1151 1329 1231 1391 εἰς
1261 1327 1671 1398 Πελοπόννησον
1703 1326 1874 1380 ἐλθὼν

317 1419 532 1487 Ἀχαΐαν
553 1418 726 1481 κτίζει
767 1417 1117 1488 τετράπολιν,
1149 1419 1208 1483 ἐξ
1246 1413 1306 1474 οὗ
1348 1419 1554 1490 Ἀχαιοί
1577 1437 1592 1450 ⁸
1627 1421 1754 1472 Ἴων
1791 1419 1871 1482 δὲ,

294 1511 539 1571 θανόντος
582 1510 680 1563 τοῦ
732 1511 1171 1581 μητροπάτορος,
1211 1510 1300 1566 διά
1339 1530 1397 1564 τε
1423 1511 1518 1582 τὴν
1556 1512 1758 1582 ἀρετὴν
1780 1512 1874 1564 καὶ

287 1593 383 1672 τ’ἦν
406 1603 576 1674 ἄλλην
615 1603 844 1668 ἀξίωσιν
876 1603 1120 1674 αἱρεθεὶς
1157 1604 1779 1676 βασιλεύειἋθηναίων,
1815 1603 1876 1668 ea

280 1689 342 1746 οὗ
384 1695 577 1758 Ἴωνες
617 1695 754 1748 οἵτε
794 1695 1071 1767 Ἀθηναῖοι
1111 1695 1347 1767 ἧρξαντο
1377 1696 1661 1750 καλεῖσθαι
1686 1695 1780 1748 καὶ
1814 1694 1875 1748 τὸ

277 1781 407 1834 ἄλλο
433 1783 550 1837 πᾶν
585 1783 850 1839 Ἰωνικόν.

359 2048 432 2104 Ἦ
456 2057 546 2120 κη’
567 2052 646 2115 ὡς
667 2053 872 2124 Τέννης
892 2054 986 2107 καὶ
1019 2054 1253 2124 Ἠμιθέα
1275 2056 1464 2120 παῖδες
1488 2059 1659 2130 ἦστην
1679 2060 1880 2132 Κύκνῳ

281 2143 505 2214 βασιλεῖ
540 2146 818 2216 Τρῳάδος,
865 2147 958 2199 καὶ
999 2147 1213 2208 Κύκνος
1241 2150 1256 2179 ¹
1313 2150 1693 2223 ἀποθανούσης
1731 2153 1880 2224 αὐτῷ

276 2237 383 2305 τῆς
414 2238 681 2305 γυναικὸς
711 2239 907 2310 ἑτέραν
952 2242 1310 2310 ὲπεισάγεται
1333 2258 1345 2271 ⁸
1388 2243 1420 2312 ή
1472 2242 1519 2296 δ’
1549 2246 1880 2314 ἐπιμανεῖσα

279 2330 464 2403 Τέννῃ
494 2334 590 2384 καὶ
625 2333 699 2402 μὴ
726 2334 1072 2403 τυγχάνουσα
1121 2336 1521 2404 καταψεύδεται
1545 2337 1640 2390 τοῦ
1691 2340 1881 2404 παιδὸς

282 2424 352 2477 τὰ
381 2425 587 2493 ἑαυτῆς
607 2441 620 2454 ⁸
652 2425 748 2478 καὶ
774 2425 804 2477 ὁ
833 2427 1018 2496 πατὴρ
1046 2428 1287 2498 ἀκρίτως
1316 2430 1395 2492 εἰς
1427 2430 1678 2501 λάρνακα
1702 2432 1723 2461 ³
1747 2432 1880 2484 Τέν-

282 2533 388 2587 νην
427 2517 766 2581 κατακλείει,
805 2517 942 2571 ἀλλά
973 2519 1071 2572 καὶ
1097 2519 1194 2590 τὴν
1233 2519 1500 2590 Ἡμιθέαν
1549 2523 1880 2592 περιαλγοῦ-

286 2626 389 2662 σαν
445 2608 714 2678 τάδελφοῦ
742 2609 784 2674 ³,
815 2609 911 2661 καὶ
953 2610 1146 2678 ἀφίησι
1200 2613 1266 2680 τῇ
1314 2610 1581 2684 θαλάσσῃ.
1626 2613 1691 2664 Ἡ
1718 2612 1762 2664 δ’
1798 2614 1881 2675 είς

282 2703 452 2772 νῆσον
478 2702 791 2773 ἐκφέρεται,
825 2703 922 2756 καὶ
944 2705 995 2755 οἱ
1034 2704 1320 2775 ἐπιχώριοι
1348 2705 1448 2775 τὴν
1473 2706 1719 2775 λάρνακα
1745 2707 1878 2760 ἀνα-

284 2791 628 2863 κομίζονται,
663 2792 840 2846 καὶτὸ
863 2793 1065 2863 κράτος
1094 2792 1194 2862 τῆς
1230 2793 1338 2864 γῆς
1371 2794 1588 2864 ἐκείνης
1621 2796 1831 2865 ἴσχουσι
1856 2796 1880 2828 δ

284 2887 496 2956 Τέννης
527 2886 623 2939 καὶ
660 2885 916 2956 Ἦμιθέα,
943 2887 1039 2940 καὶ
1071 2889 1104 2957 ἡ
1135 2887 1300 2956 νῆσος
1331 2887 1554 2950 Τένεδος
1584 2889 1707 2942 ἀντὶ
1742 2890 1881 2943 Λευ-

283 2979 532 3048 κόφρυος
570 2977 889 3047 ὠνομάσθη.
936 2978 995 3031 Ὁ
1039 2978 1096 3030 δὲ
1149 2978 1366 3042 Κύκνος
1425 2981 1730 3050 μεταγνοὺς
1783 2981 1879 3034 καὶ

280 3072 662 3144 ὁρμισάμενος
691 3072 829 3141 πρὸς
855 3071 954 3142 τὴν
987 3072 1172 3142 νῆσον,
1208 3073 1380 3126 ἐδεῖτο
1409 3072 1510 3127 τοῦ
1556 3075 1744 3139 παιδὸς
1769 3075 1878 3128 ἀπὸ

1976 578 2302 632 minaverat.
2333 579 2510 646 Atque
2544 576 2671 630 hinc
2719 576 2992 632 IEolicnm
3045 592 3216 647 genus
3265 579 3561 635 derivatur.

1974 673 2126 729 Alter
2160 673 2357 728 deinde
2384 672 2579 740 Dorus,
2599 681 2819 740 accepta
2848 688 2878 726 a
2913 682 3139 741 parente
3167 675 3346 745 pepuli
3379 686 3569 746 parte,

1977 767 2248 822 coloniam
2271 765 2378 820 alio
2403 765 2665 832 traduxit,
2699 765 3052 834 condiditque
3085 769 3183 822 has
3207 770 3273 822 ad
3307 767 3564 825 Parnassi

1977 860 2175 915 montis
2199 859 2436 914 radicem
2459 857 2645 923 urbes,
2662 857 3162 929 Baeum,Cytinium
3189 871 3240 915 et
3275 858 3558 918 Erineum.

1976 952 2062 1009 Ab
2104 952 2206 1006 hoc
2238 951 2408 1006 Dores
2459 951 2612 1005 dicti.
2658 947 2798 1004 Natu
2832 949 3068 1025 denique
3133 951 3390 1008 minimus
3439 968 3564 1026 cum

1977 1046 2218 1100 Athenas
2253 1043 2499 1112 pervenit
2526 1042 2662 1115 (f6),
2693 1044 2887 1099 Attica:
2933 1060 3097 1116 quam
3146 1053 3342 1100 vocant
3395 1055 3567 1100 tetra-

1982 1136 2148 1204 polim
2183 1135 2298 1206 (l7)
2328 1136 2614 1191 aediﬁcavit
2644 1175 2660 1200 ,
2693 1136 2954 1206 duxitque
3008 1149 3233 1190 uxorem
3307 1135 3566 1192 Creusam

1977 1225 2269 1280 Erechthei
2321 1223 2509 1292 tiliam,
2547 1239 2578 1280 c
2623 1239 2729 1294 qua
2757 1225 3015 1280 Achaeum
3064 1233 3119 1280 et
3154 1223 3277 1279 Iona
3306 1226 3414 1295 (18)
3443 1240 3567 1280 sns-

1979 1317 2120 1372 tulit.
2146 1316 2377 1371 Achaaus
2404 1316 2513 1383 hic,
2533 1331 2654 1372 cum
2683 1319 2882 1372 cmdem
2915 1317 3239 1386 imprudens
3270 1327 3568 1387 patrasset,

1978 1411 2185 1482 pulsus,
2209 1411 2262 1464 in
2283 1407 2714 1478 Peloponnesum
2741 1409 2908 1474 venit,
2931 1407 3283 1477 condiditque
3303 1407 3565 1462 Achaiam

1981 1503 2310 1572 tetrapolim.
2352 1503 2396 1556 A
2444 1517 2554 1572 quo
2580 1502 2744 1556 etiam
2797 1500 2979 1556 Achaei
3030 1500 3297 1570 originem
3336 1503 3564 1556 ducunt.

1978 1594 2069 1648 Ion
2097 1611 2249 1659 vero,
2279 1603 2495 1650 mortuo
2520 1610 2618 1648 avo
2647 1604 2894 1650 materno
2954 1594 3284 1660 Erechtheo,
3309 1609 3430 1649 cum
3456 1596 3570 1647 vir-

1979 1688 2129 1752 tutis,
2167 1697 2278 1740 tum
2309 1687 2531 1757 reliquae
2556 1687 2835 1756 dignitatis
2867 1702 2996 1757 ergo
3017 1697 3234 1742 creatus
3257 1703 3373 1752 rex,
3401 1686 3570 1740 Athe-

1981 1780 2260 1833 niensibus
2289 1777 2596 1846 imperavit.
2635 1776 2786 1833 Unde
2839 1786 2894 1833 ct
2952 1782 3105 1834 Iones
3164 1777 3421 1848 appellari
3456 1791 3570 1830 emo-

1911 1850 1951 1904 Β
1985 1880 2179 1941 perunt
2229 1872 2628 1935 Athenienses,
2688 1872 2984 1941 omnisque
3037 1872 3170 1925 adeo
3223 1870 3373 1940 regio
3421 1868 3572 1924 lonia

1984 1964 2147 2018 dicta.

2059 2053 2328 2111 Vicesima
2351 2065 2541 2110 octava
2565 2055 2812 2126 :,Tennes
2841 2067 2895 2111 et
2923 2055 3208 2111 Hemithea
3229 2055 3386 2110 liberi
3409 2063 3565 2108 erant

1986 2147 2153 2219 Cycni
2215 2148 2360 2217 regis
2403 2147 2635 2203 Troadis
2666 2148 2797 2218 (19).
2844 2149 3062 2219 Cycnus
3124 2158 3302 2202 autem
3357 2155 3573 2200 mortua

1982 2240 2212 2309 conjuge
2244 2240 2392 2293 duxit
2418 2239 2644 2294 alteram
2680 2239 2817 2312 (20),
2853 2256 2973 2308 qum
3009 2242 3199 2295 insano
3227 2239 3429 2294 Tennae
3457 2238 3574 2308 pri-

1983 2333 2126 2403 vigni
2163 2347 2350 2388 amore
2378 2342 2560 2402 capta,
2584 2349 2704 2388 cum
2728 2336 2887 2402 potiri
2921 2351 3026 2388 non
3052 2342 3256 2403 posset,
3284 2348 3440 2387 suum
3472 2332 3583 2385 cri«

1984 2440 2105 2479 men
2164 2425 2303 2479 falso
2353 2425 2430 2478 illi
2483 2425 2765 2496 imponens
2814 2427 3114 2482 accusavit.
3163 2425 3370 2481 Parens
3412 2424 3574 2492 igitur

1981 2517 2183 2570 indicta
2211 2534 2373 2571 causa
2405 2517 2647 2572 Tennem
2693 2519 2861 2573 [ilium
2901 2521 3098 2573 arcnhe
3155 2519 3396 2585 inclusit,
3438 2516 3574 2587 quin

1981 2621 2036 2664 et
2063 2627 2167 2663 una
2200 2609 2563 2677 llemitheam,
2608 2611 2793 2666 fratris
2821 2611 3119 2666 infortunio
3165 2611 3453 2665 immodice
3479 2609 3571 2663 do-

1983 2702 2203 2765 lentem,
2242 2713 2405 2769 atqne
2461 2701 2534 2756 ita
2588 2705 2722 2756 tnari
2766 2703 3064 2758 commisit.
3117 2703 3242 2758 Ilazc
3281 2701 3467 2758 arcula
3520 2703 3580 2754 in-

1980 2793 2212 2848 insulam
2267 2793 2556 2862 quamdam
2627 2796 2829 2860 delata,
2867 2805 3031 2865 atque
3092 2796 3160 2851 ab
3197 2795 3395 2851 incolis
3442 2796 3578 2850 sub-

1983 2889 2091 2942 lata
2129 2896 2236 2949 est,
2269 2883 2324 2940 e't
2354 2886 2521 2941 totius
2579 2888 2822 2956 regionis
2853 2887 3084 2958 imperio
3114 2887 3394 2958 potiuntur
3431 2885 3576 2940 Ten-

1983 2995 2079 3035 nes
2139 2990 2307 3049 atque
2359 2978 2693 3035 Hemithea:
2734 2981 2847 3049 ipsa
2915 2995 3043 3034 vero
3108 2979 3282 3035 insula
3329 2978 3580 3034 Tenedos

1982 3088 2079 3141 pro
2109 3071 2434 3142 LeucOphry
2473 3071 2577 3125 dici
2604 3081 2804 3140 empta.
2836 3070 3054 3142 Cycnus
3085 3081 3271 3140 postea
3301 3069 3430 3125 facti
3465 3084 3580 3140 pa:-

279 3166 384 3232 τῆς
413 3162 548 3226 νεὼς
575 3163 882 3234 ἀμνηστίαν
907 3163 1074 3234 ἔχειν.
1106 3166 1166 3218 '0
1193 3165 1269 3229 δὲ,
1302 3165 1380 3229 ὡς
1416 3166 1490 3236 μὴ
1519 3167 1748 3235 ἐπιϐαίη
1774 3167 1876 3236 τῆς

1985 3167 2188 3228 nitens,
2219 3173 2273 3218 et
2304 3165 2369 3215 ad
2418 3161 2650 3216 insulam
2699 3160 3000 3232 profectus,
3035 3162 3202 3215 ﬁlium
3243 3161 3581 3230 precabatur

277 3257 476 3326 νήσου,
529 3255 764 3309 πέλεκυν
811 3257 1086 3327 ἀράμενος
1140 3257 1210 3310 τὰ
1262 3257 1545 3328 πείσματα
1587 3259 1690 3328 τῆς
1741 3260 1878 3324 νεὼς

274 3348 570 3404 διακόπτει
593 3367 609 3380 ο
649 3348 775 3422 [440
807 3348 897 3421 8.]
931 3351 1023 3402 καὶ
1056 3351 1151 3402 ἀπ’
1184 3351 1349 3404 αὐτοῦ
1398 3353 1446 3403 οἱ
1481 3351 1760 3423 ἄνθρωποι
1785 3352 1881 3405 ἐπὶ

276 3440 491 3504 παντὸς
541 3441 820 3511 ἀποτόμου
879 3441 1209 3512 πράγματος
1255 3443 1346 3495 τὸν
1386 3444 1586 3496 Τέννου
1645 3443 1880 3497 πέλεκυν

273 3531 651 3601 ἐπιλέγουσιν.

359 3716 432 3767 Ἡ
462 3713 547 3767 κθ¹
582 3714 657 3778 ὡς
686 3716 982 3788 Μάγνητες
1010 3719 1058 3770 οξ
1111 3719 1440 3788 Μαγνησίαν
1480 3720 1578 3790 τὴν
1613 3721 1671 3772 ὲν
1725 3719 1881 3789 Ἀσία

276 3809 377 3862 νῦν
402 3807 688 3873 οἰκοῦντες
708 3810 768 3863 τὸ
796 3810 1064 3881 πρότερον
1086 3812 1216 3882 περὶ
1246 3812 1477 3883 Πηνειὸν
1509 3811 1758 3882 ποταμὸν
1785 3813 1882 3865 καὶ

285 3900 349 3951 τὸ
398 3901 606 3971 Πήλιον
659 3901 784 3971 ὅρος
848 3900 1109 3973 ᾤκησαν,
1168 3905 1264 3956 καὶ
1332 3905 1804 3976 συνεστράτευσαν
1860 3905 1882 3934 ⁵

300 3993 538 4066 Ἀχαιοῖς
591 3993 734 4046 κατά
766 3995 968 4066 Τροίας
1018 3995 1326 4065 ἡγουμένου
1379 3995 1561 4048 αὐτῶν
1614 3997 1882 4067 Προθόου,

277 4087 380 4138 καὶ
409 4084 711 4140 ἐκαλοῦντο
757 4087 1072 4158 Μάγνητες.
1117 4083 1253 4141 Εἶτα
1281 4088 1482 4159 δεκάτη
1514 4089 1536 4119 ⁸
1571 4092 1884 4161 Μαγνήτων

274 4180 776 4250 ἀνακομιζομένων
815 4180 997 4236 αὐτῶν
1027 4180 1136 4234 ἀπὸ
1180 4181 1382 4252 Τροίας
1412 4180 1610 4245 οἰκίζει
1641 4185 1760 4236 κατ’
1794 4184 1884 4237 εὐ-

273 4270 383 4341 χὰς
434 4273 519 4334 εἰς
551 4269 812 4339 Δελφούς.
863 4269 1019 4325 Μετά
1066 4269 1258 4340 χρόνον
1309 4269 1367 4323 δὲ
1407 4270 1742 4335 ἀναστάντες
1787 4269 1882 4325 τοῦ

279 4364 438 4436 ἱεροῦ
471 4365 568 4418 καὶ
597 4364 881 4428 κατιόντες
906 4366 1000 4418 ἐπὶ
1039 4365 1316 4419 θάλασσαν
1349 4365 1771 4438 ἐπεραιώθησαν
1804 4367 1884 4428 εἰς

277 4458 518 4528 Κρήτην
545 4457 586 4511 ⁷.
623 4457 893 4526 ’Υστερον
926 4457 1054 4528 [2‘26
1080 4456 1172 4529 IL]
1197 4457 1253 4510 δὲ
1291 4458 1606 4528 βιασθέντες
1650 4458 1880 4528 ἀνέστη-

1983 3271 2014 3310 c
2052 3256 2202 3318 navi,
2236 3251 2644 3321 praeteritarum
2693 3266 2874 3305 rermn
2918 3261 2976 3304 ut
3004 3250 3440 3304 oblivisceretur.
3485 3247 3582 3303 ille

1985 3358 2195 3415 autem,
2221 3363 2287 3401 ne
2317 3345 2384 3400 ad
2441 3343 2673 3399 insulam
2727 3345 3026 3414 appelleret
3078 3359 3300 3412 parens,
3344 3342 3578 3396 securim

1985 3439 2262 3508 arripiens
2287 3439 2442 3492 navis
2473 3436 2773 3491 retinacula
2819 3436 3107 3491 dissecuit.
3142 3433 3302 3490 Unde
3326 3434 3428 3488 dici
3464 3446 3578 3488 cm-

1987 3540 2138 3600 ptum
2169 3530 2221 3584 in
2259 3531 2406 3584 omni
2439 3530 2674 3596 abrupto
2706 3537 2868 3597 atque
2900 3528 3129 3598 praeciso
3160 3528 3400 3597 negotio,
3431 3526 3580 3583 Ten-

1986 3637 2068 3677 naa
2093 3621 2208 3693 (21)
2238 3623 2528 3692 bipennem
2565 3623 2731 3677 fuisse
2755 3623 3076 3675 adhibitam.
3547 3625 3550 3628 λ

2060 3715 2325 3770 Vicesima
2371 3729 2512 3768 nona
2547 3732 2562 3769 :
2605 3714 2903 3784 Magnetes.
2945 3714 3033 3782 qui
3068 3711 3404 3781 Magnesiam
3436 3710 3580 3765 Asia».

1986 3824 2133 3862 nunc
2159 3807 2419 3873 incolunt,
2448 3818 2606 3862 antea
2629 3809 2696 3862 ad
2723 3808 2959 3862 Peneum
3007 3805 3204 3860 ﬂumen
3231 3811 3581 3873 montemque

1985 3899 2194 3955 Pelium
2230 3899 2567 3964 habitarunt,
2599 3910 2654 3955 et
2706 3900 2968 3955 adversus
3019 3897 3238 3966 Trojam
3285 3897 3448 3952 ductu
3499 3904 3582 3948 at-

1989 4009 2096 4064 que
2143 3992 2405 4062 auspiciis
2437 3991 2664 4047 Prothoi
2723 3991 3021 4046 militantes
3049 4031 3066 4055 ,
3121 3989 3399 4058 Magnetes
3447 3989 3580 4040 item

1987 4085 2115 4141 dicti
2155 4095 2300 4139 sunt.
2342 4083 2640 4154 lllepostea
2693 4084 2812 4150 hos,
2867 4084 3132 4138 decimam
3184 4078 3346 4148 Troja
3387 4093 3581 4149 repor-

1989 4187 2191 4242 tantes,
2223 4177 2444 4248 Delphis
2492 4194 2560 4234 ex
2586 4188 2716 4232 voto
2765 4175 3075 4232 collocavit.
3114 4173 3243 4228 Post
3273 4184 3453 4226 tamen
3485 4187 3578 4226 re-

1988 4272 2117 4328 licto
2143 4273 2286 4338 fano,
2314 4272 2655 4340 navibusque
2685 4267 3022 4330 conscensis,
3057 4267 3109 4319 in
3145 4266 3361 4320 Cretam
3405 4275 3584 4318 trans-

1988 4364 2279 4419 miserunt.
2313 4362 2674 4431 lndequoqne
2706 4360 2756 4414 vi
2785 4358 2996 4428 repulsi
3021 4357 3240 4412 Cretam
3294 4355 3579 4414 deserunt,

1989 4467 2043 4514 et
2072 4457 2128 4511 in
2165 4442 2371 4528 1360
2417 4455 2603 4509 Asiam
2637 4453 3051 4522 adnavigantes,
3114 4449 3271 4504 malis
3322 4447 3582 4502 alilictant

279 4566 388 4602 σαν
417 4551 485 4602 ὲκ
515 4550 762 4622 Κρήτης,
805 4552 903 4604 καὶ
943 4550 1276 4615 πλεύσαντες
1320 4553 1400 4615 εὶς
1429 4551 1530 4621 τὴν
1577 4551 1764 4606 Ἀσίαν
1793 4553 1878 4623 ep-

1991 4564 2164 4619 nuper
2209 4547 2483 4602 conditam
2534 4546 2738 4600 Ioniam
2802 4554 2966 4613 atque
3003 4542 3276 4597 Eolidem
3324 4539 3580 4600 liberant.

280 4638 483 4709 ρύοντο
516 4639 704 4694 κακῶν
731 4641 1042 4694 νεόκτιστον
1088 4636 1256 4694 οὖσαν
1293 4641 1392 4714 τὴν
1419 4639 1628 4693 Ἰωνίαν
1655 4639 1750 4693 καὶ
1781 4641 1881 4711 τὴν

277 4731 528 4800 Αἰολίδα,
566 4731 982 4804 συμμαχοῦντες
1010 4733 1192 4796 αὐτοῖς
1223 4732 1364 4787 κατὰ
1403 4733 1514 4787 τῶν
1555 4731 1879 4802 ἐπιτιθεμέ-

1992 4651 2296 4712 pugnantes
2326 4654 2430 4694 una
2467 4653 2589 4692 cum
2623 4637 2708 4691 his
2743 4636 3006 4692 adversus
3044 4650 3162 4697 eos,
3199 4633 3290 4703 qui
3324 4631 3466 4685 mala
3491 4630 3582 4684 illa

1992 4733 2321 4789 inferebant.
2379 4730 2518 4786 Hinc
2566 4730 2802 4799 denique
2856 4729 3047 4784 eodem
3105 4742 3213 4795 quo
3262 4740 3423 4780 nunc-
3459 4738 3586 4780 sunt

1576 4921 1819 4979 VARIIE
1855 4919 2262 4976 LECTIONES.

390 5044 438 5076 ’³
496 5041 716 5115 Κτίνιον
748 5059 810 5106 ς.
873 5042 921 5076 θ’
958 5042 1257 5115 Ἀθήνα-ξεν
1292 5062 1350 5108 ς.

278 5114 390 5184 φοῦ
440 5132 502 5178 ς.
574 5114 596 5143 ⁸
622 5112 906 5184 ἀνίσχουσι
941 5113 1010 5172 A.‘

282 5189 355 5241 ad
393 5184 586 5240 Vellei.
613 5199 668 5251 p.
695 5184 783 5238 15.

1427 5045 1443 5075 ²
1478 5044 1574 5097 καὶ
1602 5043 1816 5103 Κύκνος
1846 5044 1889 5093 A
1917 5059 1930 5094 :
1965 5040 2178 5102 Κύκνος
2201 5038 2258 5094 δέ
2281 5053 2341 5098 ς.
2400 5039 2420 5066 ¹
2449 5037 2529 5097 είς
2561 5034 2813 5104 λάρνακα
2843 5034 2887 5086 Α
2932 5051 2944 5086 :
2980 5033 3215 5104 λάρνακι
3243 5049 3303 5104 ςτ

1119 5116 1140 5145 ⁵
1182 5117 1275 5168 καὶ
1316 5131 1570 5185 συνεστρ.
1602 5113 1648 5168 Α
1682 5131 1696 5167 :
1728 5129 1981 5183 συνεστρ.
2012 5110 2068 5164 δέ
2100 5127 2160 5173 ς’.

3376 5029 3399 5062 ³
3424 5031 3594 5086 ἀδελ-ιΔ

2260 5112 2281 5141 θ
2311 5106 2546 5176 δεκάτην
2577 5100 2650 5169 ς’(
2717 5106 2735 5136 ⁷
2765 5107 2846 5168 εἰς
2880 5100 3134 5176 Κρήτην]
3179 5105 3251 5161 cf.
3293 5100 3584 5158 Ruhnken.

1834 5309 2079 5371 ΝΟΤίΕ.

355 5413 473 5485 (16)
507 5413 706 5469 Strabo
744 5413 835 5485 lib.
870 5429 1008 5485 vttt,_
1039 5412 1199 5485 initio
1233 5410 1451 5465 Achaia:
1486 5406 1726 5460 Xuthum
1780 5421 1878 5459 no-

282 5482 484 5551 minat,
521 5486 610 5538 ubi
649 5487 789 5539 hanc
816 5484 962 5553 leges
994 5482 1304 5553 historiam.

360 5545 483 5625 (1³η
509 5554 761 5618 OEnoen,
791 5545 1225 5625 Probalinthum,
1256 5549 1654 5625 Tricorilhum,
1679 5556 1735 5603 et
1768 5545 1880 5600 Ma-

283 5623 546 5699 rathona,
573 5625 1043 5699 utgrefertSteph.
1076 5633 1130 5699 et
1165 5623 1364 5699 Strabo
1386 5636 1536 5688 supr.
1562 5692 1574 5699 _
1622 5690 1633 5699 _
1731 5688 1742 5699 ο

360 5697 480 5766 (18)
513 5697 703 5765 Steph.
764 5697 818 5750 in
877 5690 1035 5766 Ionia
1077 5694 1215 5766 facit
1261 5709 1384 5748 eum
1424 5706 1491 5747 ex
1548 5690 1870 5745 Alheniens.

285 5765 552 5839 opinione
580 5767 847 5836 Apollinis
879 5775 933 5820 et
964 5765 1196 5839 Grcissm
1221 5766 1409 5839 lilium.
1725 5829 1746 5839 Α
1813 5832 1819 5838 ι

364 5839 479 5910 μθ)
514 5829 714 5896 Strabo
747 5839 838 5896 lib.
866 5851 966 5892 xm
994 5836 1320 5894 Colonarum
1345 5836 1486 5890 hunc
1518 5847 1695 5904 regem
1721 5829 1869 5897 facit,

1989 5409 2040 5462 in
2069 5405 2286 5463 Troade
2338 5417 2542 5463 tamen.
2593 5407 2732 5464 Vide
2772 5407 3052 5479 ,Lycophr.
3088 5407 3287 5479 interp.
3337 5412 3392 5457 et
3446 5401 3580 5457 Ser-

1985 5479 2155 5542 vium,
2234 5494 2299 5534 ac
2350 5479 2588 5532 Pansan.
2653 5480 2709 5532 in
2758 5477 3021 5532 Phocida.
3087 5477 3306 5531 Diodor.
3365 5488 3585 5546 quoque

1985 5549 2156 5603 Sienl.
2187 5559 2436 5604 extremo
2459 5550 2551 5603 lib.
2591 5565 2645 5603 v.

2057 5619 2173 5690 (20)
2204 5619 2561 5674 Philonomen
2591 5628 2749 5675 vocat
2785 5619 2974 5686 Steph.
3008 5619 3058 5671 in
3105 5616 3337 5672 Tenedos
3363 5627 3383 5668 :
3414 5629 3578 5684 quem

1986 5691 2164 5747 fusius
2196 5693 2311 5744 hate
2334 5700 2660 5746 tractantem
2700 5691 2834 5754 leg»,
2861 5699 2913 5743 et
2936 5691 3107 5757 Adag.
3148 5704 3306 5758 opus.

2058 5761 2170 5828 (2|)
2201 5761 2396 5816 Suidas
2425 5765 2588 5816 etiam
2645 5761 2895 5822 Τενέδιος
2930 5756 3214 5830 ἅνθρωπος
3252 5769 3303 5816 et
3336 5756 3580 5821 Τινέδιος

1983 5831 2287 5903 ξυνήγορος
2319 5831 2707 5906 παροιμιωδῶς
2743 5832 2845 5888 dici
2874 5831 3063 5887 refert.
