4022 6438
533 330 640 395 567

529 532 596 587 :le
620 533 840 586 nomine
873 532 1063 587 uatrize
1093 531 1423 600 Magnesiam
1455 532 1584 585 item
1623 541 2023 600 nuncuparunt.

601 711 903 768 Tricesima
937 712 1002 766 de
1033 711 1283 767 Pithenio
1313 711 1426 780 (2‘2)
1452 711 1812 782 Apolloniate,
1847 714 1962 782 qui,
1987 728 2116 770 oves

531 806 642 863 Soli
676 821 860 863 sacras
907 821 1158 874 pascens,
1190 821 1312 860 cum
1357 822 1454 861 sua
1487 806 1698 860 incuria
1732 809 2012 874 sexaginta
2049 807 2117 862 de

529 917 692 970 grege
717 915 845 955 oves
883 899 992 970 lupi
1044 900 1486 968 discerpsissent,
1533 899 1705 956 oculis
1736 915 1763 953 a
1796 901 2007 955 civibus
2035 912 2120 956 est

528 995 772 1058 orbatus,
797 1007 965 1062 quare
998 991 1178 1056 tellus,
1209 993 1349 1046 irato
1380 991 1514 1058 Deo,
1569 993 1781 1047 fructus
1813 992 2120 1062 Apollonia-

529 1086 600 1139 tis
631 1099 738 1137 non
768 1083 1010 1153 protulit,
1051 1083 1224 1138 donec
1268 1095 1388 1138 astu
1444 1094 1499 1138 et
1545 1083 1874 1138 suburbanis
1903 1085 2119 1154 praediis

529 1177 739 1232 duobus
771 1176 1080 1232 Pithenium
1113 1176 1395 1246 placantes
1442 1185 1498 1230 et
1540 1191 1644 1230 una
1676 1177 1900 1244 insuper
1935 1178 2117 1240 domo,

529 1284 692 1336 quam
746 1268 979 1337 ipsemet
1036 1267 1316 1338 elegisset,
1382 1269 1730 1323 sterilitatem
1786 1268 2115 1338 effugerunt.

530 1360 664 1414 Erat
688 1369 868 1413 autem
902 1358 1185 1413 Pithenius
1215 1358 1444 1414 illustris
1473 1374 1697 1430 genere,
1721 1361 1861 1414 sicut
1887 1369 1942 1415 et
1965 1371 2122 1429 quot-

531 1460 660 1520 quot
692 1451 780 1504 alii
812 1452 930 1520 ejus
980 1465 1331 1507 successores
1373 1465 1656 1506 sacrarum
1712 1467 1902 1506 curam
1937 1454 2118 1507 ovium

531 1551 842 1612 gesserunt.
892 1542 1013 1613 Ipsa
1048 1558 1178 1598 vero
1227 1544 1512 1614 Apollonia
1552 1544 1668 1616 ('25)
1705 1544 1892 1601 Graeca
1927 1547 2122 1600 civitas

531 1645 616 1690 cst
658 1635 711 1688 in
757 1632 969 1706 Illyrica
1025 1636 1247 1707 regione
1293 1638 1427 1691 mari
1467 1637 1746 1706 adjacens,
1777 1654 1939 1706 quam
1979 1638 2123 1692 Lous

532 1727 731 1784 ﬂuvius
759 1729 898 1800 (24),
925 1729 1016 1798 qui
1064 1729 1118 1783 in
1157 1727 1366 1793 Ionium
1417 1745 1566 1786 mare
1596 1731 1732 1797 exit,
1765 1732 2000 1784 mediani
2037 1733 2118 1785 di-

531 1821 691 1874 vidit.

607 1911 909 1969 Tricesima
944 1915 1114 1981 prima
1138 1933 1153 1970 :
1175 1913 1382 1971 Tereus
1412 1916 1551 1988 (25),
1581 1915 1850 1970 Thracum
1881 1932 1997 1982 rex,
2028 1933 2121 1972 eo-

535 2023 656 2061 rum
698 2007 789 2077 qui
837 2007 904 2062 ad
956 2005 1200 2060 Dauliam
1251 2018 1614 2079 caeteramque
1663 2007 1898 2063 Phocida
1955 2009 2126 2078 perti-

537 2111 690 2167 nent,
722 2116 948 2156 uxorem
981 2101 1134 2155 duxit
1162 2101 1437 2159 Procnen.
1475 2100 1767 2158 Pandionis
1789 2104 2123 2157 Athenarum

537 2191 685 2263 regis
717 2193 909 2247 ﬁliam.
958 2192 1056 2248 llic
1103 2204 1388 2264 postquam
1445 2195 1639 2249 insano
1689 2206 1890 2265 captus.
1915 2209 2123 2260 amore,

537 2295 637 2350 per
675 2282 781 2334 vim
809 2284 1191 2351 constupravit
1227 2284 1452 2337 invitam
1479 2283 1853 2352 Philomelam,
1886 2283 2125 2340 Procnes

537 2387 811 2439 sororem,
850 2373 1086 2443 linguam
1107 2389 1324 2444 quoque
1357 2375 1475 2446 ejus
1501 2377 1767 2440 exsecuit,
1802 2377 2009 2432 veritus
2047 2377 2126 2430 ni-

541 2467 738 2520 mirum
773 2483 841 2522 ne
869 2468 1068 2521 factum
1102 2468 1380 2537 proderet.
1413 2470 1484 2522 At
1536 2469 1624 2522 illa
1670 2469 1885 2540 peplum
1915 2478 2124 2532 texens,

540 2559 780 2613 dolerem
807 2559 856 2613 ei
895 2575 1052 2614 suum
1079 2560 1183 2614 ﬁlis
1213 2560 1510 2630 inscripsit.
1538 2560 1772 2622 Procne,
1799 2577 1858 2616 re
1885 2563 2126 2632 cognita,

539 2661 595 2704 et
653 2647 866 2706 facinus
918 2651 1105 2707 ulcisci
1155 2653 1416 2723 cupiens,
1477 2653 1644 2707 ﬁlium
1705 2652 1870 2728 [Ityn]
1929 2655 2127 2710 marito

539 2760 700 2798 suum
747 2743 1074 2812 epulandum
1117 2745 1169 2798 iu
1197 2759 1357 2799 creua
1400 2746 1666 2815 apposuit
1708 2745 1845 2800 Tum
1896 2746 2126 2812 Tereus,

545 2835 636 2889 ubi
674 2835 756 2890 vel
787 2853 850 2890 ex
889 2837 1000 2905 ipsa
1047 2835 1258 2892 Procne
1283 2837 1674 2893 exsecrandum
1709 2839 2017 2893 convivium
2049 2839 2128 2893 di-

541 2928 696 2990 dicit,
748 2937 802 2982 et
857 2928 998 2984 hanc
1047 2938 1102 2984 et
1146 2945 1392 2985 sororem
1455 2930 1620 2985 veluti
1671 2931 1802 2985 facti
1852 2931 2126 2986 consciam

548 3019 728 3088 gladio
757 3035 1116 3088 percussurus
1147 3022 1472 3090 insequitur.
1524 3021 1635 3076 Illis
1673 3037 1804 3076 vero
1834 3037 1932 3090 per
1976 3021 2130 3072 fabu-

542 3111 652 3165 lam
683 3113 807 3166 inde
841 3113 1094 3179 sublatis,
1120 3112 1332 3168 Procne
1358 3113 1573 3182 quidem
1605 3114 1658 3167 in
1683 3112 1966 3168 lusciniam
1993 3113 2126 3182 (26),

1694 330 1959 392 ΡΠΟΤΙΙ
1985 331 2496 392 ΡΑΤΒΙΑΒΟΗΕ
2535 332 2646 392 CP.
3673 354 3761 421 ωδ

527 449 653 497 loco
693 441 1040 512 perveniunt,
1071 440 1373 508 urbemque
1420 437 1684 500 condunt,
1723 453 1884 507 quam
1941 437 2110 491 veteri

2230 456 2346 491 νων.
2382 438 2626 490 Ἐκεῖθεν
2653 439 3006 509 ἀφικνοῦνται
3030 441 3086 492 ὲν
3109 431 3153 506 ᾧ
3176 438 3270 492 νῦν
3298 444 3422 512 εἶσιν
3440 451 3528 504 καὶ
3545 457 3657 521 mi:

2229 479 2346 491 ......
2403 479 2623 490 mm--.
2653 479 3006 509 ,τηηνυηη
3030 479 3082 492 ε.
3109 479 3152 506 Ψ
3187 479 3267 492 ..η
3298 479 3422 512 μω,
3444 479 3763 521 “nugo”,

2219 530 2397 598 πόλιν,
2424 530 2534 584 ἀπὸ
2555 533 2655 599 τῆς
2683 530 2824 584 κατὰ
2849 531 2909 583 τὸ
2935 532 3164 601 ἀρχαῖον
3190 533 3444 604 πατρίδος
3471 541 3766 620 Μαγνησίαν

2219 622 2389 688 αὐτὴν
2429 620 2874 681 ἐπικαλέσαντες.

2305 714 2369 767 Ἦ
2409 711 2451 764 λ’
2479 713 2546 765 τὰ
2582 713 2711 782 περὶ
2765 711 3050 786 Πειθηνίου
3101 711 3194 765 τοῦ
3239 713 3671 792 Ἀπολλωνιάτου,
3719 734 3768 798 ὃς

2218 808 2288 861 τὰ
2323 808 2443 878 ίερά
2486 807 2666 861 Ἡλίου
2692 808 2713 839 ⁸
2737 809 2918 876 νέμων
2969 806 3238 877 πρόϐατα,
3285 810 3407 862 ἐπε)⁷
3462 815 3628 870 αὐτῶν
3660 820 3767 892 ἐξή-

2221 919 2388 956 κοντα
2434 902 2586 955 λύκοι
2637 902 3032 969 διεσπάραξαν,
3067 898 3462 969 ἀμελήσαντος,
3502 907 3595 971 τὰς
3639 910 3768 981 δψεις

2221 995 2328 1048 ὑπὸ
2378 996 2486 1048 τῶν
2536 994 2771 1047 πολιτῶν
2827 994 3177 1046 ἐκκόπτεται.
3234 993 3344 1045 Καὶ
3393 996 3425 1064 ή
3480 997 3544 1066 γῆ
3585 1008 3770 1073 mpo

2219 1087 2682 1148 Ἀπολλωνιάταις
2713 1085 3042 1156 μηνίσαντος
3081 1084 3267 1144 αὐτοῖς
3298 1083 3391 1136 τοῦ
3423 1086 3544 1139 θεοῦ
3567 1091 3658 1144 οὐκ
3684 1096 3772 1148 eas.

2221 1182 2338 1245 δου,
2395 1182 2500 1244 ἓως
2547 1180 2714 1252 τέχνῃ
2754 1180 2848 1232 καὶ
2897 1177 3244 1248 προαστείοις
3289 1177 3438 1230 δυσὶν
3489 1182 3774 1255 ἱλασάμενοι

2223 1276 2510 1347 Πειθήνιον
2561 1275 2655 1328 καὶ
2700 1273 2849 1343 οἰκίᾳ
2899 1274 3020 1344 μιᾷ,
3069 1265 3145 1326 ὧν
3174 1275 3194 1304 ⁹
3237 1274 3397 1337 αὐτὸς
3425 1277 3467 1306 ¹⁰
3494 1277 3773 1349 ᾑρετίσατο,

2222 1369 2324 1434 τὴν
2353 1367 2631 1434 ἀκαρπίαν
2665 1366 2942 1433 διέφυγον.
2975 1364 3096 1417 Τῶν
3137 1365 3419 1434 ἐπιφανῶν
3448 1366 3490 1418 δ’
3517 1363 3581 1438 ἦν
3619 1371 3644 1421 ὁ
3670 1373 3774 1424 Πει-

2225 1457 2428 1529 θὴνιος,
2465 1459 2562 1510 καὶ
2587 1459 2702 1512 ὅσοι
2747 1457 2898 1512 ἄλλοι
2931 1458 2995 1509 ἐκ
3021 1455 3272 1527 διαδοχῆς
3320 1458 3429 1510 τῶν
3473 1460 3629 1530 ἱερῶν
3657 1457 3776 1532 εἶχον

2225 1550 2518 1620 προϐάτων
2554 1551 2652 1622 τὴν
2687 1550 3028 1619 ἐπιμέλειαν.
3073 1550 3242 1620 Καὶή
3289 1548 3623 1604 Ἀπολλωνία
3650 1555 3776 1619 πόλις

2237 1642 2429 1706 Ἑλλάς
2460 1644 2609 1696 ἐστιν
2650 1643 2708 1694 ἐν
2737 1644 2803 1713 τῇ
2835 1640 3112 1711 Ἰλλυριῶν
3158 1643 3252 1712 γῇ,
3291 1644 3468 1695 κεῖται
3507 1644 3552 1695 δ’
3586 1646 3670 1697 ἐπὶ
3699 1647 3775 1714 τῆς

2226 1734 2524 1805 Θαλάσσης,
2569 1735 2663 1787 καὶ
2715 1734 2962 1803 ποταμὸς
2991 1734 3143 1796 Λῶος
3187 1735 3227 1764 ¹¹
3275 1732 3364 1786 διὰ
3419 1734 3588 1806 μέσης
3635 1737 3780 1807 αὐτῆς

2227 1826 2366 1895 ῥέων
2404 1827 2485 1889 είς
2513 1824 2574 1878 τδ
2602 1824 2790 1878 Ἰόνιον
2824 1824 3082 1878 ἐκϐάλλει
3113 1823 3350 1892 πέλαγος
3384 1826 3448 1879 η.

2307 1917 2374 1969 Ἥ
2400 1917 2480 1968 λα’
2539 1914 2616 1978 ὡς
2660 1916 2899 1985 Τηρεὺς,
2954 1915 3206 1985 βασιλεὺς
3251 1913 3485 1986 Θρᾳκῶν
3529 1914 3633 1966 τῶν
3675 1918 3781 1986 περὶ

2226 2008 2459 2062 Δαυλίαν
2488 2009 2583 2062 καὶ
2609 2007 2709 2077 τὴν
2739 2007 2911 2076 ἄλλην
2939 2007 3176 2070 Φωκίδα,
3206 2005 3402 2074 ἄγεται
3439 2006 3677 2076 Πρόκνην
3703 2024 3783 2076 γυ-

2226 2103 2389 2155 ναῖκα
2417 2100 2518 2172 τὴν
2553 2099 2843 2163 Πανδίονος
2887 2098 3268 2170 βασιλεύοντος
3310 2098 3572 2168 Ἀθηνῶν,
3601 2100 3686 2152 καὶ
3721 2100 3782 2163 ὡς

2227 2193 2478 2265 ἐπεμάνη
2527 2195 2623 2247 καὶ
2672 2194 2842 2264 ἐμίγη
2905 2193 3116 2264 ἀκούσῃ
3164 2192 3448 2263 Φιλομήλᾳ
3493 2195 3557 2263 τῇ
3608 2193 3781 2265 ἀδελφῇ

2228 2284 2502 2356 Πρόκνης,
2545 2285 2640 2339 καὶ
2677 2285 2862 2355 τέμνει
2892 2285 2935 2316 ³⁸
2966 2284 3067 2354 τὴν
3106 2283 3278 2353 αὐτῆς
3301 2283 3578 2351 γλῶσσαν,
3625 2283 3783 2348 δεδιὼς

2227 2380 2320 2432 τὸν
2367 2382 2432 2433 ἐκ
2485 2379 2660 2447 λόγων
2701 2379 2994 2449 θρίαμϐον.
3055 2378 3118 2431 Ἥ
3165 2378 3222 2431 δὲ
3272 2377 3480 2430 πέπλον
3515 2377 3784 2444 ὑφαίνουσα

2226 2473 2431 2544 γράφει
2465 2474 2533 2527 τὰ
2580 2473 2729 2544 πάθη
2778 2475 2894 2532 τοῖς
2949 2473 3176 2539 νήμασι.
3215 2471 3334 2522 Καὶ
3367 2471 3402 2540 ή
3445 2470 3654 2540 Πρόκνη
3696 2486 3782 2536 μα-

2229 2566 2398 2620 θοῦσα
2433 2567 2527 2619 καὶ
2562 2565 2879 2635 ἀμυνομένη
2918 2563 3290 2635 παρατίθησιν
3344 2561 3492 2630 αὑτῷ
3519 2559 3786 2613 δεῖπνοντά

2229 2659 2396 2713 αὖτοῦ
2435 2659 2772 2729 γεννήματα.
2812 2657 2868 2707 '0
2897 2656 2952 2708 δὲ
2989 2656 3225 2725 Τηρεὺς,
3267 2650 3572 2724 μαθὼντοῦ
3599 2651 3785 2704 δείπνου

2229 2753 2290 2805 τὸ
2327 2751 2499 2822 μύσος
2533 2754 2624 2806 ὑπ’
2658 2751 2829 2819 αὐτῆς
2857 2749 3129 2818 Πρόκνης,
3177 2747 3410 2801 ἐδίωκεν
3444 2746 3608 2813 αὐτήν
3633 2761 3684 2796 τε
3709 2743 3787 2796 καὶ

2229 2843 2330 2911 τὴν
2366 2840 2599 2910 ἀδελφὴν
2626 2841 2702 2904 ὡς
2743 2841 3004 2910 συνεργὸν
3039 2839 3181 2907 ξίφει
3217 2839 3460 2892 ἀνελεῖν.
3488 2837 3596 2900 Τὰς
3624 2836 3675 2889 δὲ
3703 2834 3788 2906 μῦ-

2232 2933 2324 2996 θος
2353 2933 2396 2964 ¹¹⁵
2426 2933 2605 2985 λαϐὼν
2657 2931 2908 2985 ἐντεῦθεν
2952 2932 3203 3001 Πρόκνην
3253 2931 3360 3000 μὲν
3410 2929 3608 2999 ἀηδόνα
3651 2930 3788 2987 ποιεῖ,

2231 3027 2541 3097 Φιλομήλαν
2582 3025 2639 3078 δὲ
2675 3025 2924 3095 χελιδόνα
2951 3041 2963 3053 '
2991 3025 3086 3078 καὶ
3140 3024 3338 3095 ᾄδουσι
3379 3022 3467 3074 διὰ
3501 3021 3685 3082 παντὸς
3712 3021 3790 3080 τὰς

2231 3119 2354 3172 τότε
2407 3117 2714 3188 συμφοράς.
2750 3116 2912 3169 Ἀλλά
2946 3116 3038 3168 καὶ
3087 3117 3115 3168 ὁ
3160 3116 3383 3185 Τηρεὺς
3442 3115 3522 3176 εἰς
3574 3109 3791 3164 imm"

545 3205 848 3260 Philomela
889 3222 1018 3260 vero
1047 3207 1098 3260 in
1124 3206 1474 3261 hirundinem
1521 3207 1778 3272 vertitur,
1823 3216 2127 3276 canuntque

2237 3211 2374 3278 ἔπτη
2409 3209 2486 3280 τῷ
2522 3209 2699 3279 μύθῳ.
2752 3209 2863 3263 Καὶ
2885 3208 2995 3261 οὐδ’
3030 3209 3086 3260 ἐν
3131 3206 3350 3275 ὄρνισιν
3399 3205 3593 3264 αὐτούς
3623 3204 3660 3234 ¹⁶
3688 3219 3794 3272 φασι

542 3310 807 3368 perpetuo
853 3314 982 3354 suas
1035 3298 1157 3354 illas
1210 3299 1569 3354 calamitates.
1597 3298 1703 3354 Sed
1745 3309 1801 3354 et
1834 3298 2043 3354 Tereus
2078 3299 2130 3352 in

543 3406 780 3460 upupam
815 3407 995 3458 avem,
1026 3403 1084 3447 ut
1109 3391 1308 3447 fabulae
1347 3393 1614 3460 referunt,
1650 3393 2132 3448 mutatuszaiunt-

2239 3301 2551 3355 πεπαῦσθαι
2583 3302 2684 3371 τῆς
2705 3301 2899 3371 ὀργῆς,
2956 3300 3072 3354 ἀλλ’
3107 3299 3309 3364 ἐποπες
3346 3299 3435 3352 ἀεὶ
3475 3298 3692 3368 ἀηδόνας
3721 3293 3795 3348 καὶ

2238 3394 2515 3464 χελιδόνας
2549 3395 2591 3425 ¹⁷
2617 3393 2927 3447 διώκουσιν.

542 3506 651 3558 que
701 3492 824 3556 hos,
867 3505 936 3545 ne
987 3505 1115 3546 aves
1156 3489 1375 3560 quidem
1417 3489 1614 3556 factos,
1663 3491 1799 3546 iram
1849 3491 2199 3561 deposuisse,
2241 3493 2458 3560 quando
2521 3505 2712 3560 upupa:
2767 3499 3028 3559 perpetuo
3079 3488 3412 3542 hirundines
3471 3495 3626 3550 atque
3660 3476 3796 3531 lusdc

546 3588 668 3640 nias
702 3587 1060 3642 insectantur.

625 3677 927 3734 Tricesima
954 3679 1189 3735 secunda
1218 3698 1231 3734 :
1261 3680 1334 3734 De
1353 3679 1691 3750 Europam?)
1717 3680 1992 3736 thnicis
2016 3681 2132 3750 (‘28)

548 3771 661 3827 ﬁlia
690 3786 720 3825 e
745 3781 1036 3841 conspectu
1082 3773 1317 3838 sublata,
1365 3782 1534 3843 utque
1585 3773 1725 3830 ﬁlios
1763 3785 1919 3844 pater
1947 3776 2013 3828 ad
2044 3790 2133 3830 so-

551 3878 734 3920 rorem
771 3864 1202 3934 investigaudam
1237 3863 1528 3918 dimiserit.
1581 3865 1636 3920 ln
1671 3866 1758 3920 his
1785 3866 1951 3920 etiam
1987 3865 2133 3920 Cad-

550 3967 675 4007 mus
719 3951 841 4014 fuit,
883 3953 1103 4021 quicum
1137 3968 1244 4006 una
1286 3963 1337 4007 et
1370 3952 1621 4018 Proteus,
1649 3953 1915 4010 Busiridis
1950 3966 2134 4026 tyran-

552 4045 735 4099 nidem
771 4045 997 4109 veritus,
1027 4061 1090 4098 ex
1124 4044 1362 4116 Egypto
1397 4045 1620 4116 trajicit.
1649 4047 1813 4102 Addit
1861 4047 2136 4116 quomodo

552 4147 682 4208 post
711 4139 890 4192 varios
922 4154 1141 4194 errores
1180 4138 1314 4192 nihil
1364 4139 1736 4205 invenientes,
1773 4141 1828 4194 in
1859 4138 2133 4193 Pallenam

553 4231 832 4296 venerint,
863 4241 1032 4301 utque
1087 4230 1335 4296 Proteus,
1400 4229 1760 4299 hospitalibus
1815 4232 2138 4286 muneribus

554 4323 698 4378 Clito
739 4322 972 4386 oblatis,
1006 4323 1354 4392 amicitiaque
1399 4323 1529 4378 inita
1575 4323 1765 4395 13Gb
1811 4323 2141 4395 (eratClitus

552 4415 647 4470 hic
691 4429 786 4469 rex
827 4415 1063 4484 prudens
1092 4425 1146 4470 et
1172 4415 1352 4486 justus
1378 4415 1667 4471 Sithonum
1702 4415 1950 4471 Thraciae
1975 4431 2143 4485 popu-

555 4508 758 4576 lorum)
822 4506 989 4562 ﬁliam
1043 4508 1161 4578 ejus
1216 4506 1572 4579 Chrysonoen
1630 4524 1856 4563 uxorem
1903 4509 2141 4563 duxerit.

558 4595 778 4650 Bisaltis
806 4597 999 4652 deinde
1029 4597 1201 4666 patria
1234 4613 1330 4651 sua
1367 4613 1432 4653 eo
1459 4598 1596 4652 bello
1621 4598 1813 4667 pulsis,
1847 4598 1989 4669 qttod
2015 4599 2144 4668 ipsis

559 4704 592 4741 a
622 4686 765 4742 Clito
791 4696 846 4742 et
871 4687 1062 4744 Proteo
1088 4689 1294 4743 illatum
1318 4699 1421 4757 est,
1449 4691 1751 4762 regionijilli
1785 4690 2012 4746 Preteus
2043 4692 2144 4746 im-

560 4779 796 4850 peravit,
847 4781 1139 4852 genuitque
1188 4783 1360 4851 patris
1408 4783 1566 4853 longe
1595 4783 1889 4839 dissimiles
1921 4782 2142 4847 liberos,

2329 3673 2392 3726 Ἦ
2420 3671 2500 3743 λβ’
2531 3671 2600 3724 τά
2647 3672 2778 3740 περί
2825 3669 3096 3740 Εὐρώπης
3132 3670 3234 3738 τῆς
3269 3667 3522 3728 Φοίνικος
3569 3655 3798 3729 θυγατρὸς

2239 3765 2481 3836 ἀφανοῦς
2523 3761 2925 3833 γεγενημένης,
2965 3761 3059 3813 καὶ
3088 3759 3164 3822 ὼς
3209 3757 3453 3827 πέμψειε
3484 3755 3606 3817 τοὺς
3643 3747 3798 3810 υἱεῖςὸ

2239 3859 2424 3930 πατὴρ
2451 3857 2593 3910 κατὰ
2635 3857 2862 3926 ζήτησιν
2898 3854 2997 3922 τῆς
3045 3854 3304 3923 ἀδελφῆς,
3332 3846 3412 3904 ὧν
3445 3847 3512 3920 ἦν
3556 3848 3644 3900 καὶ
3682 3841 3798 3898 Κάδ-

2242 3971 2362 4024 μος.
2381 3951 2500 4020 μεθ’
2520 3945 2580 4003 οὒ
2599 3947 3032 4016 συναπαίρεικαὶ
3054 3947 3312 4016 Πρωτεὺς
3334 3945 3398 4012 ἐξ
3423 3936 3801 4008 Αἰγύπτου,τὴν

2243 4044 2555 4115 Βουσίριδος
2579 4039 2767 4103 δεδιὼς
2815 4040 3117 4110 βασιλείαν.
3148 4037 3259 4090 Καὶ
3315 4037 3398 4100 ὼς
3445 4036 3583 4104 μετὰ
3634 4026 3801 4093 πολλὴν

2244 4136 2453 4206 πλάνην
2469 4134 2638 4206 μηδὲν
2653 4133 2908 4203 εὑρόντες
2921 4131 3184 4200 κατέσχον
3201 4131 3282 4192 είς
3303 4130 3346 4182 II
3355 4127 3610 4197 αλλήνην,
3637 4121 3721 4175 καὶ

2244 4227 2504 4299 Πρωτεὺς
2535 4227 2686 4293 ξένια
2715 4226 2838 4288 δοὺς
2870 4225 3054 4294 Κλίτῳ
3095 4225 3187 4276 καὶ
3221 4219 3404 4274 λαϐὼν
3442 4219 3624 4288 φιλίαν
3657 4213 3799 4283 (βασι-

2245 4323 2370 4384 λεὺς
2399 4322 2442 4374 δ’
2484 4316 2552 4390 ἦν
2581 4321 2610 4372 ὁ
2661 4319 2859 4381 Κλίτος
2901 4317 3138 4386 σώφρων
3188 4316 3284 4367 καὶ
3333 4314 3544 4374 δίκαιος
3587 4305 3798 4362 Σιθώ-κυν

2247 4416 2488 4488 Θρᾳκίου
2523 4413 2730 4484 ἔθνους)
2763 4413 2957 4480 ἄγεται
2985 4410 3243 4480 Πρωτεὺς
3273 4410 3514 4476 γυναῖκα
3538 4403 3632 4467 τὴν
3661 4400 3796 4488 Ovis:

2247 4481 2383 4581 τέρα
2435 4481 2773 4578 Χρυσονὸην.
2809 4505 2930 4578 [ιιι
2971 4503 3063 4576 Β]
3114 4503 3222 4556 Καὶ
3264 4497 3548 4553 Βισαλτῶν
3588 4481 3798 4566 [22711.]

2189 4653 2193 4662 ,
2250 4603 2636 4658 ἀπελαθέντων
2685 4601 2786 4668 τῆς
2817 4599 3024 4661 οἰκείας
3069 4597 3172 4664 γῆς
3213 4594 3292 4663 τῷ
3345 4595 3486 4664 πρὸς
3517 4586 3703 4646 αὐτοὺς
3732 4595 3806 4631 πο-

2249 4697 2422 4766 λέμῳ,
2454 4695 2512 4747 ὃν
2553 4693 2863 4760 ἐπολέμησε
2897 4689 3093 4752 Κλῖτος
3121 4688 3216 4740 καὶ
3250 4684 3532 4756 Πρωτεὺς,
3570 4670 3808 4766 βασιλεύει

2249 4790 2346 4858 τῆς
2380 4786 2564 4858 χώρας
2593 4785 2874 4855 Πρωτεὺς,
2907 4783 3005 4836 καὶ
3045 4781 3221 4834 τίκτει
3251 4778 3453 4840 παῖδας
3479 4775 3578 4844 οὐχ
3619 4764 3809 4839 ὁμοίους

1865 4898 2098 4955 VARIA'J
2145 4897 2555 4954 LECTIONES.

681 5014 835 5088 ᾑλίου
866 5014 910 5068 A
942 5013 1072 5088 ττοῦ
1101 5015 1252 5084 ἡλίου
1284 5037 1344 5082 ς.
1371 5015 1549 5088 αὐτῶν
1573 5014 1676 5088 (vel
1711 5016 1900 5084 αὐτοῦ)
1931 5017 2085 5085 ἐξήκ.
2112 5019 2166 5071 λ.
2192 5017 2371 5070 διεσπ.
2397 5013 2558 5082 ἁμελ.
2591 5015 2674 5088 Αλς
2701 5011 3081 5088 ἀμελςμτούτου
3112 5007 3470 5088 αὐτῶνέξήκη.
3499 5004 3550 5056 λ.
3582 5001 3812 5088 ο

565 5081 712 5157 οῶν]
739 5087 806 5157 ἦν
845 5102 993 5139 corr.
1039 5081 1132 5140 Α(
1177 5088 1218 5118 ¹⁰
1250 5081 1439 5157 αὐτὸς)
1479 5081 1899 5157 ulliiruelitterm
1928 5081 2188 5142 correcta:
2223 5088 2276 5139 in
2318 5089 2383 5140 Α.
2435 5081 2591 5157 ἐπιφ.
2630 5084 2674 5137 δ’
2703 5087 2746 5136 Α
2789 5102 2802 5137 :
2841 5083 2883 5157 δ’
2931 5086 3084 5150 ἐπιφ.
3136 5099 3199 5146 ς.

568 5160 612 5199 ι’
639 5154 719 5219 είς
748 5154 809 5207 τὸ
846 5157 1034 5209 Ἰόνιον
1064 5158 1184 5211 ἐκεῖ.
1223 5159 1347 5212 πέλ.
1379 5154 1460 5212 Α’;
1495 5161 1586 5211 καὶ
1633 5155 1787 5220 οὗτος
1820 5157 1938 5210 ἐκϐ.
1985 5158 2066 5219 εἰς
2125 5157 2186 5209 τὸ
2249 5157 2450 5209 Ἰώνιον
2510 5154 2629 5208 πέλ.
2678 5171 2740 5219 ς.

3279 5081 3318 5110 ¹¹
3355 5066 3536 5136 ”Ᾱό›ος
3584 5066 3814 5125 Kannius.

3269 5151 3311 5181 “
3342 5149 3401 5201 δὲ
3455 5146 3531 5208 ὡς
3580 5137 3735 5212 μῦθος
3764 5147 3813 5194 ςο

2821 5155 2864 5186 ¹³
2893 5157 3082 5224 τέμνοι
3117 5171 3178 5216 ς.

570 5229 613 5261 ⁵⁵
645 5229 726 5292 είς
761 5226 964 5299 ἔποπα]
1008 5230 1116 5282 vid.
1170 5229 1556 5299 Wyttenbach.
1607 5227 1817 5298 Euuap.
1868 5228 1925 5293 2,
1949 5243 2002 5298 p.
2039 5227 2160 5282 186.
2229 5229 2273 5258 ¹⁶
2303 5228 2471 5290 αὐτάς
2507 5244 2566 5292 ς.
2641 5227 2682 5258 ¹⁷
2721 5221 2998 5296 χελιδόνας
3037 5226 3134 5277 καὶ
3158 5221 3390 5292 ἀηδόνας
3425 5235 3489 5282 ς.

2071 5337 2306 5397 NOTAE.

649 5442 762 5511 (9.2)
787 5443 1048 5498 Eveniunt
1093 5443 1337 5497 nominat
1357 5441 1614 5495 llerodot.
1647 5437 1906 5510 Calliope,
1929 5439 2029 5495 sub
2053 5439 2146 5492 ﬁn.

577 5513 667 5568 ubi
703 5515 908 5580 integra
939 5515 1052 5570 haec
1078 5513 1323 5568 narratio
1351 5514 1561 5583 legitur.

647 5583 762 5655 (Ξὸ)
790 5583 867 5638 De
901 5601 1008 5654 quo
1049 5583 1393 5655 Strabo,_lib.
1433 5599 1506 5637 vn
1537 5585 1590 5638 in
1626 5583 1871 5655 Illyride.

654 5654 741 5717 (‘25
770 5651 942 5710 Abus.
975 5658 1158 5710 Strab.
1199 5666 1253 5709 et
1286 5651 1402 5708 Liv.

642 5724 758 5792 (‘25)
794 5725 1025 5780 Pausan.
1085 5729 1140 5781 in
1193 5727 1402 5787 Atticis,
1461 5735 1517 5779 et
1586 5725 1880 5796 mythologi
1941 5735 2151 5796 omnes.

587 5790 722 5849 Vide
741 5790 960 5865 quoque
987 5797 1188 5852 Elian.
1233 5797 1442 5854 Variar.
1480 5798 1604 5854 hist.
1636 5790 1727 5855 ι’ἀιτ.
1761 5790 1859 5863 xu,
1895 5812 2016 5866 cap.
2061 5792 2153 5848 20.

2333 5435 2447 5506 (96)
2471 5435 2606 5506 Cum
2636 5435 2738 5506 hoc
2759 5435 2924 5486 sentit
2957 5431 3240 5506 Aristoph.
3275 5428 3538 5483 inAmbus
3561 5413 3815 5492 ςΛροΗοάς

2259 5503 2355 5561 lih.
2397 5503 2526 5558 x'xxt
2570 5504 2828 5558 Biblioth.
2865 5517 2917 5557 t-t
2947 5505 3036 5556 alii
3075 5503 3276 5572 plures.

2331 5577 2443 5646 (9.7)
2486 5578 2616 5630 Vide
2647 5573 2783 5630 Nat.
2809 5574 3000 5629 Comit.
3033 5567 3086 5629 et
3111 5587 3343 5646 peteres
3375 5567 3791 5646 mytltologos._:

2331 5639 2444 5717 ('28)
2473 5647 2834 5716 Apollodorus
2873 5647 2965 5700 lib.
2995 5661 3058 5717 ill
3099 5644 3356 5698 Bibliotlz.
3412 5639 3534 5717 init.
3583 5639 3818 5717 Agenor}?

2264 5699 2660 5773 Γιιὶξεὲίιιςῖνιιιι
2691 5735 2705 5771 ;
2742 5717 2830 5772 ubi
2871 5699 2934 5773 et
2957 5716 3063 5771 alia
3103 5719 3348 5786 quaedam
3382 5711 3542 5768 aliter
3571 5699 3722 5778 quam
3747 5699 3819 5753 hic

2266 5797 2484 5846 narrata
2520 5789 2690 5858 legas.
