4022 6450
256 369 367 432 569

255 481 431 548 αὐτῳ,
464 474 582 529 ἀλλ’
611 471 797 542 ὠμοὺς
844 467 939 523 καὶ
995 473 1370 536 παρανόμους,
1425 463 1519 527 οὓς
1569 459 1846 531 Ἡρακλῆς
1875 459 1921 514 A

259 567 642 642 μισοπόνηρος
670 562 746 616 ὢν
775 562 1005 630 ἀναιρεῖ.
1045 559 1154 611 Καὶ
1181 557 1362 619 αὐτοῖς
1402 556 1500 624 μὲν
1528 555 1569 585 ¹⁸
1605 555 1632 605 ὁ
1664 550 1846 620 πατὴρ

256 663 422 734 χῶμα
449 659 681 729 ἔχωσεν,
727 654 996 726 Ἠρακλέα
1029 652 1082 704 δὲ
1108 647 1194 721 (ἦν
1224 650 1334 720 γὰρ
1376 647 1602 716 ἐναγὴς)
1639 646 1848 715 καθῆρε

257 755 355 810 τοῦ
397 755 590 822 φόνου.

340 847 410 901 Ἤ
437 846 521 913 λγ¹
555 846 636 899 ὡς
695 839 974 908 Δήμοκλος
1003 839 1031 891 6
1073 835 1276 904 Δελφὸς
1319 832 1487 902 γεννᾷ
1535 831 1699 884 παῖδα
1753 832 1846 883 ὲκ-

261 942 455 1011 πρεπῆ
483 939 727 1006 Σμῖκρον
760 934 802 963 "
833 930 1002 1000 ὄνομα
1022 947 1034 960 ο
1063 929 1160 980 καὶ
1181 928 1255 990 ὡς
1284 926 1408 978 πλεῖ
1438 923 1579 976 κατὰ
1607 921 1851 993 χρησμὸν

270 1033 373 1086 ἐπὶ
420 1031 688 1099 Μιλήτου,
727 1025 865 1096 ἔχων
918 1025 1033 1092 μεθ’
1085 1019 1277 1074 ἑαυτοῦ
1321 1020 1416 1072 καὶ
1461 1017 1552 1069 τὸν
1602 1014 1767 1067 παῖδα
1796 1014 1853 1064 ὲν

280 1125 516 1196 ἡλικίαι
564 1121 648 1174 καί
684 1119 762 1180 ὡς
814 1116 1212 1186 καταλιμπάνει
1264 1111 1454 1164 τοῦτον
1510 1108 1713 1179 σπουδῇ
1761 1105 1854 1159 τοῦ

289 1217 585 1271 ἐκπλεῦσαι
613 1212 702 1266 καὶ
738 1209 953 1279 ἀγνοίᾳ,
983 1204 1428 1276 τρισκαιδέκατον
1460 1200 1654 1271 ἔχοντα
1699 1198 1817 1259 ἔτος
1839 1213 1852 1225 ⁶

295 1310 393 1362 καὶ
421 1309 495 1368 ὡς
537 1306 660 1366 παῖς
683 1300 1011 1372 Ἐριθάρσου
1054 1295 1276 1357 αἰπόλος
1328 1291 1736 1360 καταλαμϐάνει
1766 1286 1858 1340 τὸν

296 1402 526 1467 Σμίκρον
556 1392 894 1464 ἀθυμοῦντα,
929 1389 1024 1444 καὶ
1053 1389 1175 1456 ἄγει
1201 1386 1338 1456 πρὸς
1368 1386 1459 1438 τὸν
1498 1383 1740 1453 πατέρα’
1766 1381 1861 1434 καὶ

291 1489 662 1558 ὀἘριΘάρσης
711 1487 812 1538 οὐκ
851 1484 1072 1537 ἔλαττον
1099 1480 1193 1532 τοῦ
1246 1479 1374 1531 ἰδίου
1427 1476 1637 1538 παιδὸς,
1678 1473 1863 1545 μαθὼν

285 1585 382 1640 τὰς
412 1580 584 1649 τύχας
625 1577 720 1630 καὶ
748 1577 810 1628 τὸ
834 1577 880 1607 ¹⁰
915 1574 1070 1642 γένος
1099 1570 1195 1624 τοῦ
1231 1570 1495 1640 Σμίκρου,
1543 1565 1734 1619 τοῦτον
1764 1581 1864 1616 πε-

284 1675 480 1744 ριεῖπε,
515 1671 626 1724 Καὶ
649 1670 778 1740 περὶ
802 1665 894 1720 τοῦ
926 1664 1141 1718 Κύκνου
1162 1664 1256 1716 τοῦ
1283 1660 1675 1729 πλληφθέντος
1700 1658 1866 1727 ἄμφω

279 1770 388 1827 τοῖς
419 1766 604 1830 παισὶ,
637 1765 732 1816 καὶ
765 1763 860 1830 τῆς
909 1759 1106 1830 ἔριδος,
1146 1755 1242 1809 καὶ
1279 1753 1371 1807 τοῦ
1415 1753 1515 1823 τῆς
1559 1749 1866 1811 Λευκοθέας

276 1860 595 1928 φάσματος,
631 1855 709 1918 ὡς
734 1855 778 1884 ’ί
810 1853 954 1905 εἴποι
983 1868 1042 1903 τε
1068 1850 1180 1910 τοῖς
1215 1846 1372 1899 παισὶ
1402 1846 1538 1916 πρὸς
1567 1840 1864 1911 Μιλησίους

277 1950 448 2016 φάναι
479 1948 649 2016 τιμᾷν
687 1943 858 2012 αὐτὴν
900 1941 994 1994 καὶ
1029 1939 1237 1992 παίδων
1265 1937 1453 2004 ἀγῶνα
1477 1935 1746 2003 γυμνικὸν
1773 1949 1866 1984 τε-

275 2041 393 2092 λεῖν
425 2039 566 2108 αὐτῇ
591 2054 606 2068 ο
639 2036 877 2107 ἡσθῆναι
909 2034 1016 2102 γὰρ
1047 2032 1219 2101 αὐτὴν
1245 2032 1311 2099 τῇ
1340 2026 1476 2100 ἔριδι
1503 2026 1611 2079 τῶν
1637 2025 1863 2079 παίδων.

277 2132 397 2186 Καὶ
425 2130 504 2194 ὼς
535 2132 565 2183 ὁ
606 2127 844 2198 Σμῖκρός
900 2141 1044 2186 τινος
1072 2123 1180 2176 τῶν
1210 2123 1269 2174 ὲν
1311 2120 1600 2191 Μιλησίοις
1643 2117 1868 2180 ἐνδόξων

281 2221 565 2291 θυγατέρα
610 2221 799 2286 γαμεῖ,
841 2216 938 2270 καὶ
984 2214 1123 2283 αὕτη
1175 2213 1438 2265 τίκτουσα
1479 2211 1582 2281 ὁρᾷ
1615 2208 1736 2277 ὄψιν
1779 2207 1869 2259 τὸν

277 2308 435 2378 ἥλιον
492 2309 630 2377 αὐτῇ
662 2308 708 2336 ²²
745 2305 832 2358 διὰ
883 2303 977 2357 τοῦ
1033 2304 1300 2372 στόματος
1349 2299 1598 2352 εἰσδύντα
1653 2297 1740 2350 διὰ
1772 2297 1870 2365 τῆς

280 2399 528 2470 γαστρὸς
561 2400 608 2430 ’³
637 2397 733 2450 καὶ
783 2397 891 2449 τῶν
947 2394 1162 2448 αἰδοίων
1196 2391 1516 2456 διεξελθεῖν·
1552 2388 1648 2441 καὶ
1704 2383 1772 2457 ἦν
1809 2385 1870 2438 τὸ

281 2493 469 2563 ὅραμα,
496 2493 609 2552 τοῖς
636 2491 896 2560 μάντεσιν
925 2485 1147 2554 ἀγαθόν.
1170 2484 1282 2537 Καὶ
1303 2483 1456 2536 ἔτεκε
1483 2481 1664 2551 κόρον,
1694 2480 1873 2550 Βράγ-

283 2601 381 2652 χον
414 2581 526 2634 ἀπὸ
557 2579 649 2632 τοῦ
678 2579 889 2652 ὀνείρου
914 2577 1216 2639 καλέσασα,
1244 2575 1324 2626 δτι
1357 2573 1385 2624 6
1414 2573 1564 2641 ἥλιος
1592 2570 1763 2636 αὐτῆς
1784 2567 1874 2621 διὰ

284 2674 384 2730 τοῦ
432 2674 673 2744 βράγχου
719 2668 965 2738 διεξῆλθε
999 2668 1065 2720 ’⁸.
1106 2667 1217 2719 Καὶ
1243 2660 1311 2736 ἦν
1346 2665 1374 2716 6
1406 2665 1539 2725 παῖς
1589 2660 1874 2722 κάλλιστος

286 2767 618 2837 ἀνθρώπων,
654 2764 748 2818 καὶ
783 2762 946 2817 αὐτὸν
993 2760 1251 2828 ἐφίλησεν
1285 2756 1538 2827 ἐρασθεὶς
1572 2753 1872 2814 Ἀπόλλων,

287 2855 470 2928 εὑρὼν
501 2853 880 2923 ποιμαίνοντα,
913 2848 1041 2902 ἔνθα
1091 2847 1274 2916 βωμὸς
1309 2845 1648 2907 Ἀπόλλωνος
1699 2843 1874 2912 φιλίου

288 2951 528 3020 ἵδρυται.
568 2947 627 2998 '0
650 2945 704 2997 δὲ
727 2943 976 3013 Βράγχος
1001 2939 1060 3004 ἐξ
1087 2937 1422 2998 ’Λπόλλωνος
1453 2937 1715 2998 ἐπίπνους
1743 2951 1875 3004 μαν-

285 3039 454 3107 τικῆς
479 3034 718 3104 γεγονὼς
750 3037 804 3087 ἐν
834 3033 1089 3101 Διδύμοις
1120 3029 1198 3099 τῷ
1235 3030 1421 3099 χωρίῳ
1451 3029 1608 3098 ἔχρα.
1637 3029 1746 3081 Καὶ
1782 3027 1878 3096 μέ-

1287 350 1816 415 ΒΙΒΙιΙΟΤΙΙΕϐΛ.
1855 371 1924 385 ·-
1940 344 2107 406 COD.
2125 339 2482 403 CLXXXVI.

3421 318 3522 386 5ῖο

1949 455 2190 510 crudeles
2227 451 2514 507 admodum
2542 456 2704 515 atque
2733 443 2988 513 iniustos,
3015 437 3106 507 qui
3144 443 3265 506 post
3293 435 3358 487 ali
3393 433 3525 486 Iler-

1952 545 2090 608 cule,
2117 545 2258 610 quod
2287 538 2562 607 improbos
2591 535 2748 588 valde
2789 532 3015 592 odisset,
3047 525 3212 582 occisi
3268 532 3411 577 sunt.
3462 522 3526 573 Et

1953 649 2149 704 parens
2191 634 2303 699 ipse
2377 626 2641 683 tumulum
2698 622 2810 678 suis
2856 620 3077 684 eﬁ‘odit,
3136 615 3529 680 Herculemque

1954 729 2099 782 crede
2133 725 2394 794 pollutum
2425 717 2684 787 expiavit.

2023 790 2315 867 Tricesima
2351 808 2506 863 tertia
2541 825 2553 860 :
2590 800 2876 857 Democlns
2899 797 3132 865 Delpltus
3156 794 3322 847 ﬁlium
3348 790 3532 858 genuit

1953 906 2151 976 insigni
2190 905 2385 965 forma,
2415 901 2500 956 cui
2532 897 2738 952 Smicro
2759 892 2871 963 (‘29)
2909 904 3124 954 nomen,
3151 883 3532 954 navigavitque

1955 1003 2190 1058 Miletum
2217 999 2284 1052 ad
2307 993 2691 1051 consulendum
2715 984 3014 1042 oraculum,
3039 981 3199 1033 ducto
3220 990 3402 1028 secum
3425 971 3534 1023 lilio

1956 1109 2220 1151 annorum
2247 1087 2503 1145 tredecim
2536 1096 2751 1150 :qnem,
2780 1076 2940 1130 nimis
2985 1071 3239 1125 festinato
3275 1064 3536 1131 navigan-

1959 1191 2010 1243 di
2042 1187 2248 1247 studio,
2292 1191 2453 1250 alque
2497 1171 2833 1242 imprudens.
2866 1167 2935 1220 ibi
2972 1164 3214 1232 reliquit.
3253 1158 3536 1212 Inventum

1961 1282 2144 1349 itaque
2184 1248 2390 1331 tristem
2450 1269 2745 1326 Smicrum.
2814 1259 3100 1329 caprarins
3138 1253 3380 1322 quidam,
3415 1248 3537 1302 Eri—

1964 1348 2130 1426 tharsi
2185 1366 2354 1426 ﬁlius,
2387 1361 2451 1415 ad
2480 1371 2683 1428 patrem
2715 1355 2930 1408 adducit
2959 1368 2972 1402 :
3000 1348 3090 1417 qui
3126 1360 3228 1398 non
3259 1357 3416 1398 secus
3451 1348 3535 1391 at-

1966 1478 2070 1532 que
2092 1473 2245 1513 suum
2278 1455 2474 1518 ﬁlium,
2499 1448 2711 1516 cognita
2743 1444 2892 1514 pueri
2915 1450 2969 1494 et
2996 1437 3304 1493 conditione
3330 1443 3384 1488 et
3412 1433 3540 1485 stir-

1969 1525 2055 1623 pe,
2088 1553 2308 1605 honeste
2336 1561 2457 1597 enm
2478 1544 2616 1610 apud
2643 1554 2700 1594 se
2727 1535 2937 1592 habuit.
2965 1531 3162 1585 Narrat
3189 1537 3243 1582 et
3267 1527 3332 1579 de
3354 1525 3538 1594 Cycno

1969 1663 2092 1701 cum
2151 1645 2357 1698 duobus
2388 1637 2511 1691 ﬁliis
2542 1642 2697 1702 capto
2717 1669 2732 1692 ,
2758 1630 2933 1694 deque
2967 1621 3349 1680 contentione,
3385 1630 3448 1668 ac
3475 1614 3542 1666 de

1971 1736 2290 1792 Leucothea:
2346 1739 2582 1800 spectro.
2620 1721 2899 1791 Quomodo
2926 1721 3038 1772 lucc
3075 1713 3256 1784 pueris
3307 1708 3539 1768 dixerit,

1969 1828 2204 1884 Milesios
2228 1831 2286 1877 ut
2311 1823 2662 1877 admonerent
2686 1855 2700 1879 ,
2729 1815 2902 1881 ipsam
2930 1805 3318 1868 honorandam,
3344 1809 3397 1852 et
3416 1812 3546 1868 pue-

1969 1936 2151 1975 rerum
2179 1925 2454 1972 certamen
2483 1905 2790 1980 gymnicum
2825 1903 2925 1970 ipsi
2944 1898 3304 1954 exhibendum
3333 1910 3344 1944 :
3372 1887 3542 1944 laetari

1969 2013 2112 2066 enim
2144 2024 2202 2063 se
2233 1997 2906 2076 puerorumcontentione.
2932 1988 3292 2049 Additetiam,
3321 1993 3379 2036 ut
3400 1979 3544 2035 Suti-

1970 2119 2129 2166 crus,
2163 2099 2295 2155 clari
2325 2095 2602 2164 cujusdam
2645 2089 2782 2159 apud
2809 2085 3044 2140 Milesios
3069 2079 3170 2132 viri
3216 2077 3380 2130 ﬁliam
3407 2085 3544 2125 uxo-

1973 2211 2085 2250 rem
2115 2191 2362 2252 duxerit,
2389 2202 2510 2257 quae
2533 2183 2749 2253 pariens
2780 2177 3078 2235 secundum
3097 2169 3333 2240 quietem
3361 2164 3548 2217 videre

1973 2289 2084 2341 visa
2113 2287 2184 2339 sit
2209 2324 2222 2347 ,
2251 2282 2421 2336 solem
2445 2294 2540 2348 per
2565 2292 2628 2330 os
2660 2275 2831 2344 ipsam
2850 2267 3030 2323 subire
3049 2307 3063 2327 ,
3091 2273 3141 2315 et
3179 2274 3270 2328 per
3304 2265 3547 2310 ventrem

1973 2390 2135 2446 atque
2166 2374 2400 2430 verenda
2427 2369 2629 2439 egredi.
2651 2363 2801 2432 Quod
2824 2362 2997 2414 visum
3023 2358 3217 2409 bonum
3247 2362 3364 2402 esse
3391 2360 3550 2400 omen

1972 2481 2123 2525 vates
2154 2463 2513 2534 interpretati,
2547 2457 2754 2529 peperit
2783 2453 2870 2507 illa
2905 2450 3070 2504 lilium
3099 2486 3114 2506 ,
3140 2441 3555 2504 Branchumque

1975 2580 2004 2619 a
2030 2562 2242 2616 somnio
2272 2554 2599 2614 nominavit,
2633 2565 2696 2602 eo
2725 2545 2864 2615 quod
2888 2557 2981 2610 per
3007 2540 3194 2592 fauces
3225 2548 3292 2586 ex
3330 2531 3442 2596 ipsa
3465 2527 3547 2580 sol

1975 2667 2226 2724 egressus
2238 2659 2380 2702 esset
2393 2645 2527 2716 (50).
2541 2625 3388 2694 llicmortaliumformosissimus
3402 2631 3555 2688 puer,

1977 2752 2046 2806 ab
2068 2747 2309 2818 Apolline
2324 2751 2407 2796 est
2431 2741 2712 2793 adamatus
2732 2771 2746 2792 ,
2774 2745 2895 2784 cutn
2916 2740 3044 2780 oves
3069 2727 3381 2791 pascentem
3403 2727 3553 2779 repe-

1979 2845 2158 2898 risset.
2186 2836 2287 2892 Ubi
2321 2845 2377 2889 et
2398 2848 2488 2886 ara
2512 2826 2776 2897 Apollinis
2799 2819 3031 2875 amantis
3050 2820 3381 2870 consecrata.
3401 2805 3560 2858 Bran-

1977 2939 2112 2991 clms
2141 2948 2270 2988 vero
2291 2973 2307 2996 ,
2338 2925 2602 2999 Apollinis
2631 2922 2772 2976 dono
2798 2909 3127 2968 vaticinandi
3158 2915 3274 2960 arte
3308 2905 3562 2960 donatus,

1982 3028 2228 3098 Didymis
2286 2989 2508 3076 oracula
2557 3013 2821 3073 reddidit,
2857 3006 3162 3069 hodieque,
3198 3000 3342 3052 inter
3385 2989 3564 3046 omnia

288 3151 389 3203 χρι
419 3132 464 3162 ’⁸
490 3131 585 3182 νῦν
635 3125 988 3198 χρηστηρίων
1030 3121 1358 3190 Ἑλληνικῶν
1391 3114 1466 3174 ὧν
1523 3120 1700 3189 ἴσμεν,
1741 3119 1879 3189 μετὰ

1984 3136 2101 3192 qua:
2136 3117 2414 3178 novimus,
2446 3111 2632 3166 Graeca
2671 3101 2888 3157 oracnla
2914 3139 2928 3163 ,
2963 3091 3392 3149 Branchidarum
3437 3097 3568 3136 ora-

2517 3201 2534 3203 ;
2591 3199 2600 3203 ’
2644 3197 2694 3203 ’⁵
3005 3187 3015 3198 ⁸
3059 3198 3166 3203 κ--φ-
3213 3178 3538 3203 ...ιι-..Ιῗηιιιηιι

288 3223 540 3289 Δελφοὺς
566 3221 857 3289 κράτιστον
892 3215 1240 3286 ὁμολογεῖται
1287 3212 1349 3265 τὸ
1383 3210 1492 3264 τῶν
1540 3210 1880 3280 Βραγχιδῶν.

379 3316 446 3366 Ἢ
476 3314 549 3366 λδ¹
579 3313 654 3375 ὡς
693 3310 831 3382 μετὰ
850 3307 1108 3378 τελευτὴν
1139 3305 1492 3375 Ἀλεξάνδρου
1522 3304 1614 3356 τοῦ
1652 3303 1887 3372 Πάριδος

288 3410 343 3462 οἱ
374 3408 631 3477 Πριάμου
655 3405 844 3465 παῖδες
869 3402 1093 3462 Ἕλενος
1120 3400 1214 3453 καὶ
1234 3397 1502 3468 Δηΐφοϐος
1526 3395 1716 3467 ἤριζον
1743 3394 1887 3464 ὑπὲρ

289 3502 411 3553 τῶν
451 3499 673 3568 Ἑλένης
703 3497 919 3565 γάμων,
963 3493 1058 3545 καὶ
1098 3492 1296 3562 κρατεῖ
1325 3488 1417 3558 βίᾳ⁵
1471 3489 1568 3539 καὶ
1620 3484 1890 3557 θεραπείᾳ

291 3592 412 3646 τῶν
445 3590 689 3643 δυνατῶν
721 3585 1005 3658 Δηΐφοϐος,
1040 3582 1305 3653 νεώτερος
1338 3580 1415 3633 ὢν
1458 3578 1698 3634 Ἑλένου.
1735 3576 1892 3628 Ἕλε-

293 3704 395 3746 νος
426 3684 510 3747 δὲ,
543 3685 642 3753 τὴν
671 3681 826 3749 ὓϐριν
854 3679 914 3732 οὺ
957 3677 1158 3748 φέρων,
1193 3677 1272 3737 εἰς
1296 3673 1396 3744 τὴν
1429 3671 1572 3742 Ἴδην
1597 3669 1890 3740 ἀποχωρή-

299 3797 407 3841 σας
444 3776 710 3846 ἡσύχαζε.
742 3773 854 3826 Kal.
886 3770 1028 3823 κατὰ
1081 3766 1392 3840 συμίξουλάς
1417 3765 1462 3795 ’⁸
1501 3763 1816 3834 Κάλχαντος
1843 3762 1893 3814 οἱ

305 3869 731 3941 πολιορκοῦντες
781 3863 984 3935 Τροίαν
1042 3860 1304 3928 ’Έλληνες
1355 3858 1500 3926 λόχῳ
1548 3855 1638 3908 τὸν
1673 3855 1895 3908 Ἕλενον

310 3962 780 4033 συλλαμδάνουσιο
810 3958 904 4010 καὶ
935 3954 1004 4008 τὰ
1042 3955 1142 4024 μὲν
1191 3950 1442 4012 ἀπειλαῖς
1488 3948 1557 4001 τά
1589 3948 1645 3999 δὲ
1678 3947 1893 4019 δώροις,

299 4059 473 4111 πλέον
505 4055 562 4107 δὲ
595 4055 661 4123 τῇ
707 4050 842 4121 πρὸς
876 4049 919 4100 Τ
929 4046 1071 4116 ρῶας
1098 4045 1260 4114 ὀργῇ,
1303 4041 1681 4096 ἀποκαλύπτει
1713 4041 1897 4101 αὐτοῖς

303 4152 537 4210 Ἕλενος
571 4146 647 4208 ὡς
703 4143 897 4211 ξυλίνῳ
932 4141 1085 4207 ἵππῳ
1137 4134 1504 4205 πεπρωμένον
1556 4133 1706 4183 ἐστὶν
1739 4131 1898 4183 Ἴλιον

299 4243 540 4304 ἁὶῶναι,
588 4237 678 4290 καὶ
725 4233 788 4286 τὸ
822 4231 1155 4291 τελευταῖον,
1193 4226 1414 4278 ἐπειδὰν
1459 4224 1664 4293 Ἀχαιοὶ
1691 4221 1898 4274 λάϐωσι

298 4336 373 4388 1:6
401 4332 651 4391 διοπετὲς
680 4327 912 4396 Ἀθηνᾶς
976 4320 1295 4384 Παλλάδιον,
1350 4318 1563 4370 πολλῶν
1615 4315 1787 4368 ὄντων
1841 4315 1901 4368 τὸ

308 4420 708 4492 σμικρότατον.
738 4414 1055 4467 Στέλλονται
1088 4405 1181 4463 οὖν
1213 4409 1306 4460 ἐπὶ
1327 4412 1393 4478 τῇ
1427 4407 1600 4476 κλοπῇ
1633 4405 1726 4457 τοῦ
1755 4404 1900 4457 Παλ-

1989 3213 2170 3269 culum
2195 3207 2306 3278 (51)
2345 3213 2466 3274 post
2513 3197 2824 3266 Delphicum
2876 3187 3170 3244 maximum
3213 3178 3557 3250 praedicatur.

2060 3300 2358 3357 Tricesilna
2377 3303 2590 3363 quarta.
2621 3288 2814 3343 Paride
2843 3289 3075 3339 mortuo,
3109 3272 3340 3327 llelenus
3367 3276 3419 3323 et
3450 3262 3572 3316 Dei-

1991 3395 2197 3465 phobus
2228 3384 2555 3465 Priamikﬁlii
2588 3395 2748 3448 super
2775 3375 2992 3430 Helenae
3035 3366 3234 3437 nuptiis
3271 3358 3570 3416 contende-

1992 3495 2140 3545 runt,
2170 3482 2408 3548 vicitque
2429 3457 2526 3544 per
2546 3475 2652 3526 vim
2669 3479 2725 3525 et
2745 3465 3213 3537 potentiumopem
3243 3450 3572 3517 Deiphobus,

1992 3587 2152 3632 aetate
2179 3575 2305 3628 licet
2337 3573 2533 3624 minor.
2568 3564 2800 3618 llelenns
2830 3571 2979 3624 ergo,
3017 3550 3225 3620 injuria:
3263 3535 3572 3611 impatiens,

1995 3673 2047 3724 in
2081 3671 2222 3724 Idam
2255 3663 2449 3734 137a
2477 3657 2740 3713 secedens
2766 3650 2934 3703 otium
2971 3645 3119 3714 egit:
3148 3639 3237 3693 ubi
3259 3631 3578 3690 Calchantis

1996 3778 2157 3817 suasu
2177 3802 2192 3824 ,
2219 3760 2308 3828 qui
2333 3753 2549 3819 Trojam
2563 3745 2882 3802 obsidebant
2919 3736 3092 3792 Grzeci
3117 3749 3183 3786 ex
3219 3726 3427 3784 insidiis
3452 3738 3576 3776 eum

1997 3855 2217 3925 capiunt
2244 3869 2257 3904 :
2286 3848 2377 3902 ille
2408 3842 2602 3915 partim
2627 3837 2788 3892 minis
2813 3874 2828 3898 ,
2850 3832 3046 3901 partim
3071 3826 3228 3880 donis
3248 3865 3264 3890 ,
3288 3822 3368 3874 vel
3399 3820 3580 3888 potius

1997 3949 2120 4002 odio
2159 3939 2353 4010 Trojat,
2411 3936 2613 3994 Graecis
2639 3931 2918 3990 indicavit,
2952 3925 3129 3993 ligneo
3183 3931 3322 3988 equo
3358 3911 3578 3979 Troiam

2000 4038 2349 4109 capiendam,
2377 4031 2488 4085 fato
2532 4041 2652 4083 esse
2680 4023 3045 4092 designatum.
3073 4011 3186 4065 lmo
3217 4019 3267 4063 et
3304 4009 3402 4061 hoc
3431 4003 3582 4056 deui-

2001 4149 2129 4202 que,
2153 4146 2272 4185 cum
2300 4123 2486 4180 Achivi
2515 4119 2788 4188 cepissent
2818 4111 2959 4167 caelo
2999 4107 3273 4173 delapsum
3318 4098 3426 4168 (5:1)
3454 4095 3581 4148 illttd

2004 4228 2254 4282 “neme
2273 4217 2568 4272 Palladium
2593 4209 2732 4283 (5⁸5),
2755 4205 2898 4275 quod
2932 4205 3072 4255 inter
3095 4197 3261 4249 multa
3284 4201 3402 4244 erat
3433 4185 3588 4240 mini-

2006 4333 2175 4373 mum.
2211 4313 2377 4382 Igitur
2404 4307 2556 4362 missi
2587 4307 2653 4357 ad
2689 4297 2985 4354 Palladium
3018 4291 3165 4345 furto
3194 4281 3584 4341 auferendum,

2009 4408 2290 4464 Diomedes
2312 4413 2366 4457 et
2390 4399 2614 4470 Ulysses
2640 4410 2654 4448 :
2683 4391 2975 4456 evaditque
3002 4385 3051 4437 in
3073 4393 3282 4434 murum
3307 4388 3402 4443 per
3424 4369 3588 4440 Ulys-

310 4468 705 4492 'r‘"'r""""
1367 4468 1393 4478 η
1576 4468 1600 4476 η

301 4517 497 4570 λαδίου
533 4511 803 4580 Διομήδης
852 4509 946 4560 καὶ
974 4503 1287 4567 Ὀδυσσεὺς,
1321 4503 1416 4554 καὶ
1469 4499 1754 4553 ἀναϐαίνει
1806 4497 1879 4550 ἐπ

2008 4499 2083 4554 sis
2139 4496 2396 4548 humeros
2431 4468 2801 4540 conscendens
2838 4472 3148 4532 Diomedes,
3177 4478 3353 4532 neque
3405 4468 3588 4513 tamen

2658 4573 2668 4580 ‘
2830 4578 2858 4580 -ν
2973 4567 3005 4580 ἰ
3077 4561 3164 4580 --γι
3195 4557 3257 4580 --,Ι
3289 4553 3586 4580 η..11ι..ῑέ.ι.ιι

301 4611 375 4664 τὸ
402 4611 582 4677 τεῖχος
617 4606 658 4636 ²⁷
685 4601 980 4672 Διομήδης,
1009 4596 1207 4658 ἐπιϐάς
1235 4594 1342 4648 τῶν
1368 4593 1537 4662 ὤμων
1565 4590 1900 4652 Ὀδυσσέως·

303 4705 339 4757 ὁ
370 4702 428 4754 δὲ
458 4701 560 4752 οὐκ
589 4695 890 4751 ἀνελκύσας
915 4690 1199 4751 Ὀδυσσέα,
1227 4687 1404 4739 καίτοι
1437 4689 1536 4747 τὰς
1568 4688 1757 4753 χεῖρας
1781 4682 1905 4752 ὀρέ-

305 4810 507 4864 γοντα,
555 4791 644 4862 ᾔει
685 4787 784 4857 τὴν
831 4785 926 4837 ἐπὶ
961 4783 1020 4835 τδ
1054 4779 1379 4840 Παλλάδιον,
1427 4776 1524 4830 καὶ
1574 4775 1906 4844 ἀφελόμενος

311 4887 454 4940 αὐτὸ
486 4885 625 4956 πρὸς
673 4879 937 4934 Ὀδυσσέα
969 4877 1108 4946 ἔχων
1152 4872 1482 4941 ὑπέστρεφε.
1531 4870 1645 4922 Καὶ
1689 4867 1778 4920 διὰ
1810 4865 1904 4918 τοῦ

312 4975 510 5030 πεδίου
534 4953 843 5026 κατιόντων
864 4962 1252 5033 πυνθανομένῳ
1280 4960 1408 5032 [228
1451 4957 1546 5028 H.]
1579 4958 1789 5010 ἕκαστα
1826 4953 1904 5024 τῷ

311 5067 573 5122 Ὀδυσσεῖ
604 5062 896 5132 Διομήδης,
944 5057 1006 5110 τὸ
1043 5056 1215 5109 δόλιον
1252 5051 1481 5122 τάνδρὸς
1514 5049 1558 5082 ⁸⁸
1588 5048 1763 5114 εἰδὼς,
1799 5049 1900 5117 οὐχ

2014 4601 2206 4643 manus
2230 4582 2534 4638 tendentem
2561 4573 2766 4627 socium
2791 4567 3047 4627 attraxit,
3073 4561 3166 4615 sed
3193 4557 3258 4622 ad
3287 4553 3588 4608 Palladium

2012 4681 2166 4744 abiit,
2187 4689 2358 4746 eoque
2389 4672 2590 4733 ablato,
2616 4666 2682 4720 ad
2713 4661 2960 4732 Ulyssem
2983 4652 3222 4709 revertit.
3253 4649 3328 4703 Ita
3358 4662 3480 4700 cum
3498 4657 3596 4710 per

2013 4771 2167 4838 plana
2202 4768 2461 4826 redirent,
2500 4751 2857 4824 interroganti
2890 4745 3203 4817 singulatim
3227 4739 3410 4794 omnia
3428 4733 3594 4806 Ulys-

2013 4863 2098 4924 si,
2128 4857 2365 4913 heminis
2391 4852 2645 4908 astutiam
2684 4862 2788 4900 non
2832 4845 3109 4913 ignorans,
3147 4831 3456 4902 respondit,
3487 4841 3595 4881 non

2013 4918 2152 5024 quod
2183 4950 2418 5004 Helenus
2448 4943 2748 4999 Palladium
2779 4938 3075 4993 indicasset
3091 4944 3150 4984 se
3179 4925 3474 4993 accepisse,
3501 4918 3596 4973 sed

2011 5062 2106 5116 pro
2131 5060 2194 5099 eo
2232 5042 2375 5097 aliud
2418 5038 2714 5110 quoddam.
2776 5035 2971 5087 Verum
3013 5036 3156 5080 moto
3207 5022 3345 5075 forte
3383 5015 3599 5071 fortuna

1603 5165 1845 5221 VARle
1883 5161 2298 5219 LECTIONES.

433 5279 480 5312 ⁸⁸
510 5279 610 5350 μὲν
659 5285 781 5350 add.
825 5277 892 5350 Α.

316 5353 372 5387 ’³
1036 5324 1293 5431 ’δ’ὲξῆλθε
1478 5335 1525 5368 ³³
1561 5334 1725 5403 μέχρι
1784 5331 1884 5384 τοῦ
1915 5324 2098 5394 νῦνς.
2191 5327 2236 5359 ’⁸
2270 5324 2579 5396 συμϐουλήν
2620 5338 2680 5385 ς’.

320 5415 459 5498 χούς
490 5415 557 5473 ΑΖ
632 5421 676 5451 ³⁸
697 5417 794 5470 τοῦ
827 5415 1018 5486 ἀνδρός
1059 5430 1119 5476 ς.

975 5274 1016 5306 ³ο
1048 5268 1290 5338 Σμικρός
1334 5284 1395 5330 ς.
1449 5263 1581 5338 ’ξτδ
1616 5279 1725 5338 om.
1764 5263 1828 5314 A.
1856 5261 1915 5338 _“
1942 5257 2042 5338 ᾡς]
2074 5260 2168 5311 καὶ
2191 5257 2273 5338 ως
2314 5254 2547 5338 ς.ξῖποι
2575 5250 2620 5303 Α
2650 5269 2664 5304 :
2692 5245 2856 5338 alget
2881 5261 2941 5330 ς.

3007 5240 3053 5270 ²¹
3086 5236 3222 5304 αὑτῇ
3245 5229 3336 5304 τὸν
3357 5227 3512 5304 ἥλιον
3535 5239 3596 5304 ς.

2757 5293 2919 5368 “sui
2969 5310 3031 5364 τδ
3070 5293 3272 5374 τεῖχὸς]
3338 5293 3433 5350 τοῦ
3486 5293 3601 5346 τεί-

1790 5492 2032 5549 ΝΟΤΔΕ.

398 5607 512 5667 (29)
539 5606 809 5660 Simerum
843 5608 1000 5655 vocat
1037 5595 1350 5667 Lactantius
1391 5590 1456 5643 ad
1478 5603 1619 5667 vers.
1665 5587 1899 5646 t98,liir.

326 5657 720 5736 vni—Thebaid.
763 5674 902 5727 Stat.
935 5671 1119 5736 Papia.
1153 5665 1254 5722 Ubi
1289 5664 1444 5736 plura
1472 5675 1536 5712 ex
1571 5657 1832 5712 Varrone.

404 5749 517 5812 (50)
551 5744 778 5814 Εἰσῆλθε
814 5743 990 5814 potius
1012 5733 1289 5814 legendum
1323 5733 1550 5785 videtur.

546 5798 621 5874 De
645 5798 752 5887 quo
769 5798 962 5869 Sit-alio
991 5821 1045 5867 et
1064 5798 1305 5864 ‘Pausan.
1338 5819 1446 5867 nou
1481 5798 1665 5856 semel.

2084 5582 2193 5653 (δῖ)
2224 5578 2514 5653 Διοπετές.Δ
2534 5575 2611 5632 De
2638 5551 2745 5653 qua
2771 5567 3039 5653 νοω-ξομ
3063 5560 3308 5653 S.uidlatn'.

2221 5618 3316 5724 interprfviragz'Apollod.
3343 5625 3470 5680 item
3497 5618 3598 5675 lib.

2017 5697 2710 5787 11173761602:,ﬂachllictyu
2757 5697 3134 5766 Cretensi'lib.
3167 5716 3200 5754 v
3232 5697 3354 5754 init.
