4022 6506
523 422 623 486 571

1669 423 1926 482 ΡΗΟΤΙΙ
1958 423 2459 482 PATRIARCH/E
2493 423 2601 482 CP.

3677 427 3774 489 572

514 533 769 596 Palladio,
800 529 1017 600 agnovit
1041 529 1257 612 Dlysses
1279 528 1410 582 illud
1458 527 1631 596 ipsum
1659 543 1799 583 esse.
1835 527 2012 594 Quare
2041 543 2072 580 a

2183 529 2309 595 ὅπερ
2341 527 2542 596 ἔφησεν
2576 525 2796 588 Ἕλενος
2827 525 3125 579 Παλλάδιον
3173 527 3370 581 λαϐεῖν
3425 528 3618 592 αὐτὸν,
3661 528 3775 586 ἀλλ’

512 637 662 695 tergo
695 640 752 678 se
775 631 1016 678 statuens
1045 621 1337 683 Diomedis,
1362 621 1742 674 interfecturus
1773 620 1940 684 illum,
1966 621 2078 688 gla—

511 720 656 771 dium
687 714 930 777 strinxit,
963 726 1069 781 quo
1091 712 1316 781 ipsemet
1332 712 1550 767 Achivis
1577 710 1866 764 Palladium
1919 712 2078 766 affer-

514 816 614 860 ret.
645 807 709 860 At
742 807 865 860 dum
894 804 1105 873 plagam
1141 802 1437 856 intlicturus
1492 811 1670 867 esset,
1707 803 1839 856 vidit
1868 800 2080 856 Diome-

512 900 641 962 des,
673 898 991 966 splendente
1021 905 1134 949 tum
1163 895 1300 950 forte
1323 895 1469 959 luna,
1501 895 1646 948 ensis
1664 894 1854 947 vibrati
1881 893 2076 949 lucem.

510 989 584 1043 lta
615 988 832 1060 Ulysses
860 1001 890 1040 a
921 988 1068 1042 caede
1092 987 1368 1047 abstinuit,
1401 987 1696 1054 stringente
1719 985 1952 1039 vicissim
1971 986 2079 1054 gla-

512 1079 657 1130 dium
695 1078 971 1143 Diomede,
1012 1077 1102 1146 qui
1147 1087 1200 1131 et
1232 1076 1571 1130 timiditatem
1611 1074 1684 1128 illi
1723 1074 2076 1144 exprobrans,

512 1178 568 1224 et
597 1168 754 1236 gladii
787 1167 982 1220 lamina
1003 1206 1016 1230 ,
1058 1167 1196 1234 quod
1250 1167 1568 1221 antecedere
1592 1165 1794 1230 nollet,
1826 1167 2078 1220 humeros

513 1261 836 1324 verberans,
867 1262 1112 1314 eumdem
1148 1267 1271 1312 ante
1303 1273 1360 1312 se
1390 1259 1520 1327 egit.
1553 1255 1708 1312 Unde
1735 1257 2076 1325 proverbium

513 1352 646 1423 (55‘)
681 1361 862 1404 natum
893 1369 907 1406 :
939 1350 1243 1404 Diomedeia
1268 1351 1564 1414 necessitas,
1585 1348 1828 1403 adhiberi
1863 1346 2075 1403 solitum

513 1445 566 1500 in
600 1460 697 1510 eo,
729 1443 822 1514 qui
846 1443 1047 1512 aliquid
1074 1441 1234 1495 faciat
1263 1441 1477 1495 invitus.

581 1707 876 1763 Tricesima
920 1709 1104 1778 quinta
1160 1710 1292 1763 duos
1337 1709 1534 1762 inducit
1576 1719 1819 1776 pastores
1851 1711 1915 1765 ad
1952 1709 2080 1781 Lys-

507 1813 625 1851 sum
649 1798 901 1867 Ephesini
925 1799 1037 1868 agri
1060 1810 1295 1852 montem
1319 1809 1597 1866 pascentes
1620 1816 1632 1851 :
1669 1800 1930 1868 quiapum
1953 1815 2081 1854 exa-

2183 620 2298 671 ἁντ’
2327 617 2532 669 ἐκείνου
2566 618 2774 686 ⁶ιέτερον,
2809 618 3184 687 ἀποκρίνεται.
3219 619 3571 688 Κινηθέντος
3600 622 3657 674 δέ
3684 625 3777 678 τοῦ

2185 709 2478 764 Παλλαδίου
2507 710 2647 761 κατά
2680 725 2801 762 τινα
2821 707 3083 778 δαίμονα,
3118 711 3282 776 γνοὺς
3314 709 3623 774 Ὀδυσσεὺς
3648 713 3777 768 αὐτὸ

2184 801 2359 852 ἐκεῖνο
2405 795 2545 852 εἶναι
2577 799 2671 852 καὶ
2716 799 2945 852 κατόπιν
2973 799 3212 866 γεγονὼς
3241 801 3464 853 σπᾶται
3509 802 3572 854 τὸ
3603 803 3776 872 ξίφος,

2183 892 2390 944 ἐκεῖνον
2447 890 2546 960 μὲν
2596 889 2804 942 ἀνελεῖν
2861 887 3165 959 βουληθεὶς,
3205 888 3343 960 [444
3372 888 3474 960 Β.]
3523 891 3689 956 αὐτὸς
3734 895 3777 948 δ’

2182 983 2422 1052 Ἀχαιοῖς
2443 981 2505 1033 τὺ
2530 979 2826 1033 Παλλάδιον
2852 978 3120 1049 κομίζειν.
3145 980 3254 1032 Καὶ
3278 980 3461 1033 αὐτοῦ
3492 981 3777 1049 μέλλοντος

2184 1074 2399 1144 πληγὴν
2424 1071 2678 1142 ἐμϐαλεῖν
2705 1067 2793 1142 (ἦν
2820 1070 2930 1140 γὰρ
2961 1070 3325 1143 σελήνη),ὁρᾷ
3358 1073 3647 1142 Διομήδης
3681 1075 3777 1146 τὴν

2182 1163 2358 1232 αὐγὴν
2384 1161 2478 1214 τοῦ
2527 1162 2729 1230 ξίφους.
2773 1161 3060 1224 Ὀδυσσεὺς
3087 1161 3132 1214 δ’
3180 1163 3443 1231 ἀναιρεῖν
3517 1162 3621 1230 μὲν
3670 1165 3774 1216 ἀπ·
3867 1174 3871 1178 ’

2184 1256 2374 1324 ἐσχετο
2419 1251 2892 1321 άντισπασαμένου
2919 1252 3173 1305 κάκείνου
3223 1253 3416 1322 ξίφος,
3477 1252 3689 1306 δειλίαν
3732 1255 3776 1308 δ’

2182 1346 2446 1409 ὀνειδίσας
2497 1345 2690 1396 πλατεῖ
2739 1343 2818 1412 τῷ
2861 1344 3007 1411 ξίφει
3059 1344 3158 1396 οὐκ
3198 1343 3472 1396 ἐθέλοντα
3528 1346 3774 1411 προϊέναι

2182 1439 2400 1491 τύπτων
2443 1437 2512 1490 τὰ
2553 1437 2696 1488 νῶτα
2745 1436 2994 1506 ἤλαυνεν.
3020 1436 3109 1501 Ἐξ
3151 1429 3212 1490 οῦ
3253 1439 3288 1506 ἡ
3350 1437 3640 1505 παροιμία
3691 1440 3771 1508 «ἡ

2183 1529 2490 1598 Διομήδειος
2517 1529 2560 1559 ’³
2593 1527 2827 1595 ἀνάγκη,
2872 1546 2892 1578 ι
2932 1528 3024 1579 ἐπὶ
3072 1529 3272 1590 παντὸς
3315 1526 3594 1579 ἀκουσίου
3623 1525 3771 1594 λεγο-

2187 1621 2344 1689 μένη.

2268 1713 2332 1765 Ἠ
2382 1713 2454 1764 λε’
2493 1714 2586 1766 δύο
2641 1713 2904 1782 ποιμένας
2957 1713 3062 1764 ὑπὸ
3110 1711 3326 1765 Λυσσὺν
3381 1710 3447 1763 τὸ
3489 1709 3622 1778 ὅρος
3678 1711 3768 1779 τῆς

2198 1805 2448 1873 Ἐφεσίας
2490 1806 2592 1874 γῆς
2627 1806 2835 1872 εἰσάγει
2859 1805 3142 1873 νέμοντας,
3206 1803 3255 1855 οἳ
3293 1801 3587 1872 μελισσῶν
3614 1801 3770 1868 ἐσμὸν

511 1904 632 1942 men
670 1890 722 1941 in
758 1889 1021 1956 profundo
1063 1889 1295 1957 quodam
1338 1900 1499 1958 atque
1549 1891 1614 1942 ad
1646 1891 2078 1945 descendendum

2190 1897 2245 1950 ἐν
2266 1914 2370 1950 τινι
2405 1897 2558 1966 βαθεῖ
2580 1897 2670 1949 καὶ
2702 1896 3012 1964 δυσκαθόδῳ
3044 1894 3385 1962 θεασάμενοι
3420 1893 3702 1962 σπηλαίῳ,
3743 1897 3768 1946 6

510 1978 806 2050 perdifﬁcili
843 1989 1002 2032 antro
1031 1994 1151 2033 cum
1186 1980 1481 2043 vidissent,
1511 1982 1650 2036 alter
1696 1981 1991 2051 sportulam
2023 1984 2086 2034 ad

511 2066 945 2121 descendendum
983 2065 1256 2134 ingressus
1289 2074 1406 2128 est,
1441 2065 1576 2120 alter
1603 2083 1718 2119 eam
1751 2083 1782 2121 e
1809 2067 1933 2121 fune
1965 2085 2085 2122 sus-

510 2175 730 2230 pensam
776 2157 1112 2212 demittebat.
1149 2155 1281 2210 Cum
1321 2167 1498 2209 autem
1556 2159 1645 2225 qui
1698 2159 2083 2220 descenderat,

512 2253 690 2307 mellis
720 2262 881 2319 atque
902 2251 1014 2301 auri
1045 2249 1313 2317 ingentem
1341 2249 1552 2316 copiam
1586 2249 1894 2317 reperisset,
1916 2250 2084 2318 impo-

510 2345 674 2399 situm
714 2341 968 2411 sportulae
1005 2355 1140 2394 onus
1173 2340 1330 2394 tertio
1363 2339 1641 2393 attrahere
1667 2356 1879 2394 sursum
1905 2341 2080 2407 jussit.

507 2435 656 2489 Auro
687 2435 806 2488 dein
831 2433 1126 2495 deficiente,
1142 2432 1216 2485 sei
1224 2446 1375 2499 psum
1395 2431 1643 2498 deinceps
1663 2443 1896 2499 sportam
1915 2434 2085 2502 ingre-

513 2530 562 2582 di
590 2525 929 2582 acclamavit.
961 2525 1031 2577 At
1060 2533 1342 2591 postquam
1378 2523 1693 2576 insidiarum
1719 2525 1815 2592 ipsi
1848 2527 2082 2593 suspicio

506 2633 630 2674 cum
666 2617 830 2672 verbo
879 2616 968 2669 illo
1022 2616 1074 2668 iu
1107 2623 1338 2667 mentem
1384 2613 1564 2679 venit,
1612 2613 1842 2683 lapidem
1895 2631 1992 2684 pro
2026 2633 2082 2670 se

511 2717 709 2780 sporta!
741 2709 1030 2775 imposuit,
1056 2705 1326 2775 jussitque
1360 2707 1653 2760 attrahere.
1683 2705 1832 2760 Alter
1861 2706 2074 2776 itaque,

513 2803 696 2870 utjam
731 2813 878 2867 ptrue
909 2798 974 2851 ad
1011 2813 1158 2850 oram
1192 2813 1358 2864 uSque
1377 2797 1641 2864 spelunca:
1667 2812 1806 2852 onus
1837 2800 2077 2863 attraxit,

509 2901 659 2943 ratus
690 2903 746 2942 se
768 2888 971 2942 socium
1005 2886 1272 2948 occidere,
1299 2884 1576 2939 confestim
1609 2901 1702 2952 per
1725 2887 2079 2954 praecipitium

510 2977 775 3048 quoddam
808 2987 1042 3044 sportatn
1070 2974 1441 3044 praecipitavit,
1467 2989 1704 3042 auroque
1731 2975 1876 3028 humi
1900 2975 2078 3030 defos-

509 3083 571 3121 so
590 3107 608 3133 ,
639 3067 957 3120 verisimiles
989 3066 1054 3118 de
1077 3076 1292 3133 pastore
1315 3066 1404 3135 qui
1429 3065 1832 3120 desiderabatur
1851 3106 1866 3131 ,
1891 3082 2080 3120 causas

506 3156 964 3226 interrogantibus
995 3166 1331 3209 commentus
1357 3164 1459 3208 εει.
1503 3155 1639 3209 llinc
1669 3170 1790 3209 cum
1823 3156 1960 3210 alter
1989 3156 2076 3210 ille

507 3249 562 3302 in
597 3249 851 3317 spelunca
883 3246 1070 3317 1376
1092 3259 1276 3316 paSIOI‘
1304 3247 1502 3300 nullam
1538 3248 1729 3301 salutis
1759 3249 1898 3301 viam
1935 3263 2082 3316 repe-

507 3340 640 3394 riret
661 3380 676 3404 ,
703 3338 892 3408 Apollo
941 3341 992 3391 in
1025 3338 1226 3392 somnis
1252 3337 1407 3404 jussit
1435 3377 1450 3401 ,
1493 3347 1550 3390 ut
1583 3347 1741 3392 acuto
1771 3338 1949 3406 lapide
1977 3338 2080 3392 sibi

506 3446 734 3500 corpore
751 3430 1007 3496 lacerato,
1026 3430 1475 3498 quietusjaceret.
1498 3431 1685 3486 Paruit
1709 3430 1797 3484 ille
1819 3433 2080 3498 monenti,

504 3529 556 3574 et
595 3520 832 3574 vultures
859 3529 1114 3588 tauquam
1138 3522 1203 3574 ad
1230 3521 1462 3574 cadaver
1489 3520 1828 3584 advolantes,
1852 3535 2083 3590 ungues-

506 3626 613 3680 que
645 3601 742 3664 alii'
768 3625 962 3675 comae,
997 3610 1086 3664 alii
1124 3612 1363 3666 vestibus
1412 3613 1730 3680 iungentes,
1766 3611 1818 3664 in
1853 3611 2083 3666 sublime

509 3703 779 3756 hominem
811 3702 1162 3766 sustulerunt,
1191 3713 1590 3771 avexeruutque
1621 3705 1845 3757 illzesum
1881 3703 1934 3757 in
1957 3703 2085 3757 sub-

500 3793 699 3863 jectam
763 3784 974 3846 valle'm.
1041 3791 1169 3846 Inde
1221 3793 1493 3861 profectus
1521 3794 1570 3846 in
1607 3793 1807 3846 curiam
1838 3832 1852 3858 ,
1889 3800 2080 3846 cuncta

510 3884 844 3951 magistratui
885 3886 1149 3951 crposuit.
1211 3884 1386 3949 Quare
1443 3883 1657 3952 Ephesii
1708 3886 2080 3945 insidiatorem

509 3975 657 4029 illum
701 3977 1000 4028 convictum
1026 4017 1041 4039 ,
1085 3991 1380 4049 aurumque
1416 3977 1690 4031 defossum
1732 3979 1815 4033 vel
1855 3980 2081 4034 invitum

507 4065 791 4119 ostendere
823 4073 1070 4120 coactum
1099 4065 1217 4136 [pro
1243 4067 1476 4139 meritis]
1508 4069 1802 4123 multarunt
1834 4088 1849 4124 :
1886 4071 2082 4140 injuria

509 4171 638 4210 vero
689 4155 878 4212 affecto
918 4161 1035 4213 auri
1087 4161 1365 4214 dimidium
1430 4162 1821 4226 attribuentes,
1855 4164 2082 4218 alterum

509 4249 787 4304 dimidium
804 4251 1034 4320 Apollini
1051 4267 1114 4305 ac
1132 4251 1314 4306 Bianze
1333 4252 1661 4307 obtulerunt.
1689 4254 1942 4310 Servatus
1958 4271 2084 4324 ergo

515 4353 696 4412 pastor
735 4341 855 4408 ille,
893 4357 1132 4410 auroque
1179 4345 1434 4409 donatus,
1464 4347 1530 4399 ad
1575 4361 1813 4401 summas
1842 4348 2085 4416 pervenit

509 4433 724 4487 divitias
745 4474 762 4501 ,
793 4442 847 4489 et
875 4449 1026 4487 aram
1053 4438 1103 4487 in
1137 4449 1345 4489 summo
1388 4436 1586 4490 montis
1615 4437 1813 4492 vertice
1830 4439 2082 4506 Apollini,

2191 1987 2289 2058 μὲν
2313 1989 2355 2020 ³⁸
2389 1991 2469 2052 είς
2501 1988 2736 2058 φορμίδα
2771 1986 3012 2040 κατιέναι
3040 1985 3220 2053 ἐνέϐη,
3255 1986 3284 2037 ὁ
3319 1984 3381 2036 δὲ
3414 1983 3607 2036 καθίει
3628 1984 3768 2056 κάλῳ

2187 2082 2582 2152 άρτησάμενος,
2648 2081 2706 2133 '0
2759 2078 3039 2132 κατελθὼν
3072 2079 3127 2130 δὲ
3188 2079 3283 2130 καὶ
3309 2077 3374 2129 τὸ
3399 2077 3443 2107 ³¹
3508 2077 3633 2145 μέλι
3678 2077 3763 2130 καὶ

2187 2170 2386 2241 χρυσὸν
2412 2171 2577 2223 πολὺν
2629 2168 2806 2238 εὑρὼν
2848 2169 2939 2222 καὶ
2965 2171 3028 2238 τῇ
3064 2168 3286 2236 φορμίδι
3338 2167 3452 2230 ἕως
3505 2167 3629 2236 τρὶς
3675 2169 3764 2237 ἐμο

2191 2262 2368 2316 ϐαλὼν
2391 2263 2437 2294 ³³
2467 2263 2664 2332 άνιμᾷν
2693 2261 2996 2324 ἐκέλευσεν,
3041 2259 3431 2328 ἐπιλείψαντος
3488 2258 3544 2310 δὲ
3579 2258 3624 2289 ³⁸
3676 2258 3757 2310 τοῦ

2184 2354 2382 2424 χρυσοῦ
2426 2355 2615 2406 ἑαυτὸν
2665 2351 2945 2422 ἐμϐαίνειν
2989 2352 3176 2404 λοιπὸν
3225 2351 3615 2420 προσϐοήσας,
3649 2351 3759 2402 ἐπεὶ

2182 2442 2476 2512 ἐπιϐουλῆς
2527 2443 2705 2494 ἔννοια
2753 2442 2902 2510 αὐτῷ
2951 2440 3068 2511 ἅμα
3095 2440 3171 2509 τῷ
3203 2442 3423 2510 ῥήματι
3454 2440 3751 2510 συνεισῄει,

2181 2535 2327 2588 λίθον
2347 2535 2461 2587 ἀνθ’
2495 2533 2658 2586 αὐτοῦ
2691 2535 2757 2602 τῇ
2789 2533 3010 2603 φορμίδι
3036 2531 3215 2603 βαλὼν
3249 2532 3551 2584 ἐκέλευσεν
3575 2530 3617 2562 ³⁵
3652 2533 3757 2585 ἀνι-

2186 2627 2312 2696 μᾷν.
2354 2625 2439 2688 Ὡς
2464 2623 2508 2676 δ’
2531 2625 2696 2692 ἐγγὺς
2721 2625 2816 2694 τῆς
2849 2623 3116 2693 στεφάνης
3145 2625 3174 2675 ὁ
3214 2623 3437 2691 άνιμῶν
3497 2623 3754 2694 άπῃωρή-

2184 2737 2335 2783 σατο,
2361 2717 2559 2770 αὐτίκα
2577 2718 2651 2778 ὼς
2699 2716 3008 2784 διαφθερῶν
3026 2717 3068 2747 ³⁵
3117 2715 3208 2767 τὸν
3241 2715 3444 2784 ἕτερον
3474 2715 3519 2745 ³⁸
3569 2715 3751 2783 ἀφίησι

2181 2809 2324 2863 κατά
2350 2825 2494 2870 τινος
2517 2807 2820 2876 φάραγγος,
2860 2809 2951 2858 καὶ
2976 2807 3038 2858 τὸ
3063 2807 3298 2875 χρυσίον
3323 2805 3639 2874 κατορύξας
3668 2823 3748 2856 πι-

2181 2899 2346 2963 θανάς
2370 2899 2510 2970 ὑπὲρ
2559 2899 2652 2951 τοῦ
2683 2899 2923 2966 ἀφανοῦς
2980 2899 3234 2966 ποιμένος
3291 2897 3598 2950 ἐπλάττετο
3648 2899 3749 2958 τοῖς

2181 2991 2610 3061 πυνθανομένοις
2662 2991 2761 3052 τάς
2802 2990 3124 3057 προφάσεις.
3202 2989 3275 3050 Ως
3335 2987 3385 3040 δ’
3451 2983 3523 3058 ἦν
3581 2987 3748 3056 ἄπορα

2182 3082 2518 3152 πανταχόθεν
2549 3081 2627 3151 τῷ
2651 3083 2708 3133 ἐν
2732 3079 2809 3149 τῷ
2836 3080 3087 3150 σπηλαίῳ
3132 3081 3362 3148 ποιμένι
3397 3079 3469 3132 τά
3502 3080 3603 3149 τῆς
3656 3097 3745 3130 σω-

2183 3173 2406 3241 τηρίας,
2476 3171 2750 3225 Ἀπόλλων
2774 3172 2907 3240 ὄναρ
2941 3170 3151 3222 κελεύει
3179 3170 3294 3234 ὀξεῖ
3341 3168 3481 3238 λίθῳ
3509 3169 3571 3221 τὸ
3603 3169 3745 3238 σῶμα

2185 3264 2474 3333 ἀμύξαντα
2541 3261 2759 3314 κεῖσθαι
2805 3261 3010 3330 ἡρέμα.
3069 3259 3173 3311 Τοῦ
3242 3258 3302 3310 δέ
3339 3258 3648 3328 πράξαντος
3694 3259 3745 3309 τὸ

2184 3355 2519 3426 προσταχθὲν
2543 3353 2716 3421 γῦπες
2753 3351 2829 3415 ὡς
2855 3351 2950 3403 ἐπὶ
2989 3351 3180 3421 νεκρὸν
3229 3351 3623 3419 ἐφιπτάμενοι,
3667 3351 3746 3400 καὶ

2183 3451 2306 3510 τοὺς
2357 3447 2554 3515 ὄνυχας
2605 3444 2782 3515 οἱμὲν
2841 3445 2919 3505 είς
2967 3441 3065 3512 τὴν
3097 3441 3318 3511 χαίτην,
3362 3443 3412 3494 οἱ
3467 3441 3514 3493 δ’
3559 3443 3634 3502 είς
3659 3440 3744 3508 τὴν

2182 3539 2386 3608 ἐσθῆτα
2444 3537 2766 3607 πηξάμενοι,
2808 3534 3093 3602 ἐκούφιζον
3142 3535 3237 3586 καὶ
3261 3533 3742 3602 κατέφεροναύτὸν

2184 3629 2372 3682 κακῶν
2401 3629 2585 3697 ἀπαθῆ
2635 3629 2728 3680 ἐπὶ
2761 3626 2853 3679 τὸν
2884 3625 3244 3692 ὑποκείμενον
3267 3624 3516 3677 αὐλῶνα.
3560 3621 3742 3674 Ἐλθὼν

2183 3718 2226 3770 δ’
2265 3719 2356 3771 ἐπὶ
2399 3719 2460 3770 τὸ
2489 3719 2704 3787 ἀρχεῖον
2729 3717 2950 3768 ἅπαντα
2975 3716 3198 3785 φράζει.
3251 3715 3368 3767 Καὶ
3394 3714 3486 3766 τὸν
3517 3713 3611 3782 μὲν
3636 3713 3744 3761 ἐπι-

2185 3808 2550 3863 ϐουλεύσαντα
2571 3809 2619 3860 οἱ
2658 3807 2920 3875 Ἐφέσιοι,
2955 3805 3279 3875 ἐλεγχθέντα
3310 3805 3410 3858 καὶ
3438 3804 3529 3856 τὸν
3559 3800 3741 3872 χρυσὸν

2186 3897 2672 3969 κατορωρυγμένον
2692 3898 2786 3950 καὶ
2816 3897 3017 3950 ἄκοντα
3039 3895 3410 3961 ἐπιδείξαντα,
3445 3913 3497 3946 τι
3507 3891 3740 3964 μωροῦν-

2184 4008 2295 4052 ται,
2322 3988 2399 4058 τῷ
2433 3989 2478 4041 δ’
2502 3988 2814 4058 ἠδικημένῳ
2839 3988 2936 4057 τὴν
2964 3987 3222 4057 ἡμίσειαν
3250 3983 3351 4037 τοῦ
3386 3983 3590 4054 χρυσοῦ
3639 3979 3734 4034 νείο

2189 4099 2415 4152 μαντες,
2451 4081 2548 4150 τὴν
2574 4081 2767 4149 ἑτέραν
2791 4081 3050 4150 ἡμίσειαν
3085 4079 3234 4146 ἱεράν
3261 4073 3732 4148 ἁπέφηνανἈρτέ-

2187 4173 2298 4242 μιδι
2327 4173 2422 4226 καὶ
2469 4171 2780 4224 Ἀπόλλωνι.
2819 4172 2876 4223 Ὀ
2895 4171 2950 4224 δέ
2980 4170 3268 4232 διασωθεὶς
3289 4171 3390 4224 καὶ
3443 4168 3520 4237 τῷ
3548 4164 3730 4237 χρυσίῳ

2183 4261 2432 4333 τιμηθεὶς
2459 4261 2660 4331 ποιμὴν
2683 4261 2790 4313 τῶν
2822 4277 2884 4313 τε
2914 4263 3055 4314 πάνυ
3101 4259 3373 4312 πλουσίων
3403 4259 3621 4327 ἐγένετο
3647 4255 3724 4308 καὶ

2189 4353 2368 4423 βωμὸν
2391 4353 2478 4404 ἐπ’
2498 4353 2674 4421 ἄκρας
2703 4353 2804 4422 τῆς
2862 4352 3104 4423 κορυφῆς
3130 4351 3223 4404 τοῦ
3266 4352 3432 4419 ὅρους
3479 4347 3722 4402 Ἀπόλλω-

2186 4464 2273 4508 νος
2294 4445 2545 4508 cicaro“,
2572 4444 2948 4507 Γυπαιέωςείς
2979 4447 3243 4514 μνημεῖον
3271 4444 3379 4498 τῶν
3403 4438 3723 4510 συνενεχθέν-

517 4525 739 4580 Vulturii
768 4527 1003 4593 nomine,
1048 4528 1099 4580 in
1135 4529 1207 4581 rei
1233 4538 1396 4597 gesta:
1443 4530 1758 4584 memoriam
1791 4531 2079 4599 sempiter-

2185 4556 2294 4591 των
2322 4537 2612 4608 ὀνομάσας.

516 4631 655 4678 nam,
683 4617 967 4673 dedicavit.

583 4706 875 4763 Tricesima
899 4720 1072 4763 sexta.
1097 4709 1446 4765 Philonomus
1474 4710 1909 4766 Laccdzemonius
1940 4712 2078 4782 (54),

514 4798 708 4866 Sparta
735 4799 1084 4855 Doriensibus
1117 4803 1354 4870 prodita,
1392 4803 1643 4872 Amyclas
1670 4806 1929 4860 mercedis
1961 4804 2078 4860 loco

515 4890 757 4958 accepit,
796 4891 846 4943 in
874 4904 1099 4960 eamque
1139 4908 1208 4947 ex
1238 4894 1414 4948 Imbro
1444 4903 1605 4961 atque
1641 4893 1842 4950 Lemno
1873 4896 2079 4951 incolas

513 4979 706 5047 coegit.
743 4977 840 5044 Qui
878 4995 997 5032 cum
1027 4981 1180 5034 tertia
1216 4983 1336 5036 dein
1360 4993 1518 5037 tetate
1550 4984 1862 5040 seditionem
1886 4987 2078 5040 adver-

515 5085 609 5124 sus
669 5067 956 5125 Dorienses
1018 5074 1377 5140 excitassent,
1428 5075 1668 5146 Amyclis
1716 5078 1854 5147 pulsi
1927 5090 2074 5132 sunt.

515 5160 818 5228 Assumptis
875 5163 1054 5229 itaque
1100 5179 1338 5218 secume
1388 5164 1675 5232 Spartiatis
1721 5169 2074 5235 quibusdam,

516 5251 844 5320 ducibusque
885 5251 967 5306 usi
1006 5252 1190 5308 Polide
1218 5265 1271 5308 et
1302 5253 1532 5322 Delpho,
1566 5255 1618 5309 in
1660 5255 1872 5310 Cretam
1912 5260 2077 5310 adna-

2263 4712 2326 4763 'H
2352 4712 2440 4776 λς’
2458 4712 2532 4774 ὼς
2555 4711 2842 4781 Φιλόνομος
2863 4711 2890 4762 ὁ
2932 4711 3280 4780 Σπαρτιάτης
3305 4709 3351 4742 ³⁸
3377 4706 3601 4775 προδοὺς
3625 4703 3720 4754 Λα-

2183 4803 2475 4872 κεδαίμονα
2501 4802 2762 4874 Δωριεῦσι
2800 4802 2974 4870 δῶρον
3011 4802 3124 4871 ἔχει
3165 4801 3464 4870 Ἀμύκλας,
3491 4797 3580 4850 καὶ
3609 4809 3718 4844 συν-

2181 4894 2373 4957 οικίςει
2425 4893 2626 4964 ταύτην
2650 4892 2709 4956 ἐξ
2741 4893 2968 4962 Ἴμϐρου
3027 4893 3120 4946 καὶ
3148 4892 3388 4961 Λήμνου.
3450 4885 3612 4958 Τρίτῃ
3669 4879 3716 4931 δὲ

2181 4987 2341 5055 γενεᾷ
2381 4985 2784 5048 στασιάσαντες
2841 4987 2978 5055 πρδς
3028 4984 3267 5054 Δωριέας
3326 4980 3716 5051 μετανίστανται

2177 5071 2417 5147 [22911.]
2453 5074 2756 5145 Ἀμυκλῶν,
2804 5072 3329 5144 συμπαραλαϐόντες
3362 5073 3418 5124 δὲ
3447 5068 3533 5120 καί
3584 5077 3716 5119 τινας

2177 5167 2555 5235 Σπαρτιατῶν,
2583 5165 2901 5234 ἡγουμένων
2931 5167 3112 5226 αὐτοῖς
3140 5163 3359 5223 Πόλιδος
3390 5162 3480 5212 καὶ
3507 5149 3709 5219 Δελφοῦ,

2176 5260 2366 5312 ἔπλεον
2397 5260 2490 5314 ἐπὶ
2519 5259 2621 5328 τῆς
2643 5261 2886 5331 Κρήτης.
2922 5259 3009 5311 Ἐν
3033 5257 3112 5326 τῷ
3136 5254 3406 5326 παράπλῳ
3434 5251 3489 5303 δὲ
3513 5245 3652 5299 τοῦδε
3672 5242 3709 5272 ³9

1772 5387 2011 5443 VARUE
2051 5387 2456 5444 LECTIONES.

585 5475 1001 5564 ’21ﬂ‘Atop.lt‘f.
1043 5477 1466 5564 Sgltpl.nplaton.

519 5547 576 5622 ξξ
599 5545 658 5596 δέ
770 5563 784 5598 :
819 5544 910 5599 καί
941 5565 1000 5611 ς’.
1047 5549 1124 5622 *³⁵
1149 5549 1397 5622 ἐκέλευεν
1564 5551 1607 5582 ³³
1638 5551 1960 5622 διαφθείρων

1495 5497 1547 5550 p.
1570 5498 1654 5552 rm.
1693 5481 1848 5552 408.7
1892 5483 1939 5514 ³ο
1973 5483 2000 5533 ὁ
2031 5483 2125 5552 μὲν

2175 5483 2321 5550 ὅμως
2352 5485 2379 5534 6
2420 5483 2517 5550 μέν
2561 5483 2625 5536 Α.
2703 5483 2747 5514 ³¹
2785 5483 2878 5532 καὶ
2902 5481 2962 5534 τὸ
2991 5480 3116 5534 add.
3161 5481 3220 5533 Λ.
3300 5480 3342 5511 ³³
3365 5463 3700 5550 ἐμϐάλλωνΑ-

2162 5553 2180 5583 ⁶
2209 5555 2421 5622 ἑταῖρον
2472 5567 2616 5605 corr.
2675 5553 2739 5604 A.
2777 5551 2944 5622 τινος]
2993 5551 3092 5619 τῆς
3122 5549 3382 5603 Kattnius.
3454 5542 3493 5573 ³⁷
3525 5527 3700 5597 εισατο]

3454 5542 3493 5573 ³⁷
3525 5527 3700 5597 εἴσατο]

523 5615 840 5684 ἐδωμήσατο
870 5619 1096 5673 corr.A.
1173 5619 1218 5650 ³⁸
1244 5619 1314 5674 cf.
1339 5618 1547 5674 Miiller.
1583 5613 1865 5675 Urchtim.‘
1891 5637 1940 5690 p.
1999 5613 2121 5675 316.
2199 5613 2241 5654 ³9
2273 5613 2422 5674 τοῦδε
2479 5623 2602 5675 add.
2640 5624 2704 5674 A.

2021 5734 2249 5791 NOTAE.

605 5819 739 5890 (55‘)
768 5821 921 5887 Quod
953 5825 1122 5892 ipsum
1151 5827 1251 5879 alia
1285 5827 1443 5881 etiam
1471 5829 1673 5882 ratione
1697 5829 1846 5883 affert
1873 5829 2082 5883 Suidas.

2289 5829 2398 5899 (⁵4)
2438 5829 2686 5887 Meminit
2724 5829 2918 5884 Strabo
2952 5829 3045 5882 lib.
3089 5843 3182 5882 Vill
3208 5868 3221 5894 ,
3257 5825 3404 5880 initio
3441 5811 3692 5872 Laconia.
