4022 6478
312 399 420 463 573

1375 400 1911 464 BIBLIOTHECA.
1937 432 2006 442 -
2035 405 2199 466 COD.
2231 405 2587 467 CLXXXVI.

3498 404 3600 470 574

308 507 404 560 τοῦ
448 505 649 558 στόλου
692 504 879 575 Μῆλον
919 507 1260 578 Ἀπόδασμος
1305 511 1520 577 οἰκίζει,
1553 515 1647 568 καὶ
1697 514 1762 567 τὸ
1789 514 1900 566 τῶν

2015 517 2274 586 vigaruut.
2305 517 2410 572 Sed
2434 519 2557 572 dum
2590 518 2780 575 classis
2803 520 3237 590 praeternavigat,
3264 521 3600 588 Apodasmus

310 598 570 670 Μηλιέων
604 599 654 629 ⁸ο
680 598 844 664 γένος
870 599 1082 653 ἐνθένδε
1104 602 1408 658 οἰκειοῦται
1445 606 1796 677 Σπαρτιάτας
1829 608 1896 662 ⁸⁸.

309 691 376 746 Οἱ
408 690 466 742 δὲ
497 689 687 742 λοιποὶ
730 689 973 755 ἅπαντες
1020 692 1298 765 Γόρτυναν
1351 697 1578 766 μηδενὸς
1624 696 1903 767 εἴργοντος

306 781 592 846 λαϐόντες,
647 782 863 855 ταύτην
931 783 1048 855 ἅμα
1097 784 1206 838 τῶν
1257 789 1553 858 περιοίκων
1573 789 1621 820 ⁴²
1667 790 1904 860 Κρητῶν

306 875 745 940 συνοικίζουσιν.

389 968 461 1022 Ἡ
484 967 564 1032 λζ’
594 967 672 1030 ώς
701 968 810 1021 ἀπὸ
834 968 1013 1021 Θάσου
1037 968 1131 1022 τοῦ
1163 970 1390 1040 Κάδμου
1414 974 1645 1043 ἀδελφοῦ
1675 975 1851 1041 Θάσος
1868 977 1904 1050 ἡ

307 1063 485 1132 νῆσος
516 1060 829 1130 ὠνομάσθη·
864 1063 983 1115 ἐκεῖ
1007 1062 1116 1131 γὰρ
1139 1065 1302 1118 αὐτὸν
1320 1067 1349 1118 ὁ
1380 1067 1629 1136 ἀδελφὸς,
1659 1069 1782 1134 δοὺς
1811 1071 1905 1124 τοῦ

318 1152 571 1224 στρατοῦ
599 1155 803 1222 μοῖραν,
830 1152 1139 1209 ἀπολείπει.
1175 1156 1287 1210 Kal.
1336 1157 1412 1220 ὡς
1434 1159 1656 1231 Κάδμος
1685 1161 1790 1216 ὑπὸ
1809 1161 1904 1216 τοῦ

323 1246 596 1298 Φοινίκων
622 1245 909 1314 βασιλέως,
947 1247 1090 1316 μέγα
1114 1247 1207 1300 καὶ
1229 1248 1394 1312 αὐτὸς
1427 1249 1727 1319 δυνάμενος
1755 1255 1906 1324 παρὰ

329 1339 582 1405 Φοίνιξιν,
609 1339 702 1392 ἐπὶ
727 1339 828 1410 τὴν
851 1340 1125 1410 Εὐρώπην
1163 1340 1409 1414 στελείη.
1471 1344 1533 1397 Oi
1575 1345 1635 1398 δὲ
1661 1347 1908 1411 Φοίνικες

329 1432 450 1483 τότε
468 1429 594 1501 [445
617 1430 709 1501 R.]
744 1431 889 1502 μέγα
917 1449 978 1484 τε
1011 1432 1108 1501 (ὡς
1140 1431 1321 1503 λόγος)
1349 1432 1554 1504 ἴσχυον,
1584 1437 1677 1490 καὶ
1705 1439 1907 1510 πολλὴν

327 1524 425 1591 τῆς
466 1523 654 1587 Ἀσίας
681 1525 1192 1596 καταστρεψάμενοι
1217 1527 1278 1578 τὸ
1302 1527 1572 1596 βασίλειον
1615 1533 1673 1583 ἐν
1698 1531 1907 1604 Θήϐαις

324 1617 445 1677 ταῖς
469 1616 810 1683 Αἰγυπτίαις
852 1613 1020 1688 εἰχον.
1061 1619 1331 1688 Σταλῆναι
1360 1621 1417 1673 δὲ
1443 1623 1666 1692 Κάδμον
1705 1624 1802 1694 οὐχ
1831 1624 1907 1686 ὠς

321 1707 586 1776 Ἔλληνές
629 1725 800 1778 φασι,
848 1712 990 1764 κατὰ
1031 1709 1260 1781 ζήτησιν
1297 1713 1600 1783 Εὐρώπης,
1641 1715 1710 1784 ἢν
1738 1717 1907 1768 παῖδα

313 1799 570 1864 Φοίνικος
619 1797 787 1854 οὖσαν
831 1803 1050 1873 ἥρπασε
1100 1805 1237 1865 Ζεὺς
1283 1804 1343 1857 ὲν
1392 1807 1632 1876 σχήματι
1677 1807 1903 1878 ταύρου,

2008 608 2204 664 Melum
2239 610 2375 680 (35),
2408 611 2810 666 habitatoribus
2849 612 3108 678 instruit,
3145 612 3374 680 indeque
3421 612 3599 666 Pelic-

2006 718 2163 758 orum
2197 719 2368 773 genus
2391 703 2690 772 Spartanos
2717 703 2818 757 sibi
2859 697 3348 757 conciliat.C:eteri
3382 719 3597 765 omnes,

2006 795 2324 867 Gortynam,
2376 807 2712 867 repugnante
2772 798 3022 859 nemine,
3082 807 3432 864 occupantes,
3493 811 3597 848 una

2008 900 2129 942 cum
2168 887 2506 942 Cretensium
2542 886 2742 942 accolis
2764 902 2884 940 eam
2913 887 3274 941 incoluerunt.

2079 977 2375 1034 Tricesima
2413 979 2663 1047 septima.
2694 977 2940 1033 AThaso
2993 978 3118 1045 (56)
3172 978 3362 1033 Cadmi
3427 978 3597 1031 fratre

2009 1069 2250 1124 Thasum
2294 1070 2524 1124 insulam
2573 1069 2893 1139 appellatam
2931 1069 3116 1124 refert.
3149 1069 3225 1123 lbi
3265 1070 3406 1124 enim
3448 1069 3594 1122 illum

2009 1159 2179 1214 frater
2203 1201 2218 1224 ,
2263 1163 2386 1216 data
2407 1163 2684 1216 exercitus
2712 1174 2899 1231 parte,
2931 1162 3168 1230 reliquit.
3197 1162 3433 1216 Cadmus
3483 1161 3593 1231 (37)

2011 1257 2101 1311 hic
2140 1273 2167 1310 a
2196 1254 2510 1310 Phoenicum
2536 1272 2659 1326 rege
2681 1296 2697 1320 ,
2729 1272 2938 1326 magnae
2960 1257 3196 1326 alioquin
3228 1267 3283 1312 et
3310 1257 3429 1325 ipse
3453 1258 3594 1325 apud

2009 1343 2297 1401 Phtenicas
2355 1348 2712 1413 auctoritatis,
2785 1348 2838 1401 in
2898 1348 3168 1416 Europam
3221 1349 3420 1403 missus
3475 1359 3580 1403 est.

2011 1440 2218 1509 Quippe
2293 1440 2583 1495 Phoenices
2662 1455 2728 1495 eo
2814 1451 3056 1510 tempore
3139 1442 3346 1496 viribus
3421 1443 3592 1511 pluri«

2011 1550 2160 1589 mum
2214 1547 2279 1587 ac
2327 1538 2599 1603 potentia,
2647 1542 2706 1586 ut
2769 1532 2971 1598 ferunt,
3005 1533 3309 1598 valebant,
3372 1549 3596 1602 magna-

2011 1641 2117 1694 que
2181 1625 2323 1679 Asiae
2371 1635 2526 1694 parte
2580 1627 2632 1678 iu
2704 1634 3025 1694 potestatem
3081 1626 3294 1678 redacta
3331 1663 3346 1687 ,
3394 1624 3592 1691 regiam

2011 1719 2190 1772 sedem
2228 1715 2431 1770 Thebis
2468 1715 2738 1785 AZgyptiis
2777 1718 3197 1769 constituerunt.
3245 1715 3442 1768 Missus
3467 1730 3596 1784 ergo

2010 1807 2283 1872 Cadmus,
2305 1824 2412 1861 non
2445 1807 2526 1876 (ut
2560 1806 2734 1862 Graeci
2775 1806 3120 1875 fabulantur)
3151 1807 3420 1874 Europam
3445 1821 3594 1873 qua:-

312 1893 430 1946 ἀλλ’
473 1894 661 1965 ἀρχὴν
717 1896 817 1964 μὲν
868 1896 1005 1949 ἰδίαν
1056 1897 1114 1948 ἐν
1145 1895 1388 1968 Εὐρώπῃ
1441 1877 1835 1966 μηχανώμενον
1859 1900 1904 1931 ιε

2015 1902 2410 1969 siturus,quam
2428 1897 2701 1953 PiKBlllCiS
2724 1895 2907 1960 filiam,
2934 1897 3071 1950 tauri
3093 1896 3349 1950 mentitus
3364 1896 3594 1950 formam

312 1985 660 2040 πλάττεσθαι
689 1986 926 2055 ἀδελφῆς
955 1987 1317 2057 ἡρπασμένης
1354 1986 1625 2042 ποιεῖσθαι
1656 1989 1906 2060 ζήτησιν,

312 2078 376 2142 ἐξ
399 2073 461 2132 οὗ
489 2080 590 2132 καὶ
615 2079 647 2131 6
679 2081 778 2148 τῆς
819 2077 1094 2148 Εὐρώπης
1129 2077 1298 2147 μῦθος
1339 2072 1475 2150 ἧκεν
1504 2082 1583 2142 είς
1616 2081 1904 2152 Ἕλληνας.

315 2169 652 2238 Περιπλέων
676 2169 733 2222 δὲ
762 2169 861 2239 τὴν
895 2167 1168 2239 Εὐρώπην
1199 2167 1294 2220 τὸν
1323 2168 1423 2238 μὲν
1445 2169 1678 2240 ἀδελφὸν
1710 2172 1913 2238 Θάσον,

311 2258 394 2322 ώς
422 2259 648 2330 εἴρηται
671 2300 686 2324 ,
735 2263 803 2332 τῇ
851 2261 1000 2328 νήσῳ
1027 2259 1226 2323 λείπει,
1260 2258 1424 2321 αὐτὸς
1459 2259 1504 2312 δ’
1537 2263 1616 2325 εἰς
1647 2262 1910 2317 Βοιωτίαν

315 2349 572 2414 πλεύσας
612 2352 789 2405 ἄνεισι
820 2351 959 2423 πρὸς
975 2352 1022 2385 ⁸⁵
1047 2352 1144 2416 τὰς
1174 2351 1270 2406 νῦν
1323 2351 1665 2422 καλουμένας
1699 2354 1906 2425 Θήϐας,

317 2445 420 2496 καὶ
453 2444 552 2496 σὺν
611 2445 680 2513 τῇ
737 2443 967 2514 δυνάμει
997 2449 1373 2519 περιτειχίσας
1406 2448 1469 2501 τὸ
1493 2447 1693 2518 χωρίον
1727 2447 1912 2515 Θήϐας

319 2534 434 2588 ἀπὸ
465 2535 564 2602 τῆς
595 2534 806 2594 οἰκείας
834 2537 1162 2606 ἐπωνόμασε
1193 2540 1477 2608 πατρίδος.
1501 2538 1624 2591 Τῶν
1657 2539 1714 2592 δὲ
1743 2540 1910 2592 Βοιω-

319 2626 435 2679 τῶν
474 2627 557 2690 είς
596 2628 778 2697 μάχην
811 2629 998 2693 αὐτοῖς
1031 2631 1462 2700 συμπλακέντων
1496 2631 1763 2702 ἡττῶνται
1787 2631 1910 2684 Φοί-

321 2735 499 2781 νικες,
542 2713 662 2772 εἶτα
689 2721 984 2789 κρατοῦσιν
1015 2723 1260 2792 ἐνέδραις
1285 2725 1381 2777 καὶ
1403 2725 1788 2794 προλοχισμοῖς
1815 2725 1912 2778 καὶ

319 2811 389 2879 τῇ
425 2809 586 2879 ἀήθει
617 2811 728 2862 τῶν
753 2811 936 2866 ὅπλων
965 2813 1088 2881 ὄψει
1117 2829 1132 2844 ·
1161 2817 1361 2884 κράνος
1413 2816 1522 2885 γὰρ
1540 2815 1587 2848 ⁸⁸
1619 2818 1714 2868 καὶ
1745 2817 1911 2882 ἀσπὶς

321 2899 481 2954 οὔπω
505 2904 620 2966 τοῖς
639 2902 894 2974 Ἕλλησιν
917 2903 1180 2972 ἔγνωστο.
1213 2907 1321 2958 Καὶ
1355 2909 1547 2978 κρατεῖ
1568 2908 1788 2977 Κάδμος
1812 2909 1912 2977 τῆς

323 2991 578 3044 Βοιωτῶν
624 2996 728 3064 γῆς
752 3032 768 3058 ,
805 2994 898 3048 καὶ
933 2995 1214 3064 φυγόντων
1259 2996 1367 3050 τῶν
1410 2998 1784 3051 διασωθέντων
1817 2999 1912 3052 ἐπὶ

320 3083 424 3147 τὰς
453 3085 662 3147 οἰκείας
712 3087 898 3150 πόλεις
927 3087 1122 3152 οἰκίζει
1155 3090 1410 3153 Φοίνικας
1439 3092 1497 3143 ὲν
1521 3091 1762 3162 Θήϐαις,
1817 3092 1912 3145 καί¹

318 3173 424 3245 τὴν
473 3176 689 3244 Ἀρεως
724 3176 772 3207 ⁸⁸
823 3177 918 3230 καὶ
977 3177 1306 3248 Ἀφροδίτης
1364 3179 1657 3248 Ἀρμονίαν
1718 3181 1905 3247 γαμεῖ.

2007 1994 2218 2064 Jupiter
2258 1993 2548 2062 rapuisset,
2596 1992 2690 2045 sed
2727 1990 3002 2060 proprium
3030 1988 3132 2041 sibi
3162 1987 3216 2041 in
3246 1987 3458 2055 Eumpa
3487 1988 3593 2040 im-

2010 2087 2219 2157 perium
2261 2086 2594 2140 constituere
2629 2083 2873 2144 molitus,
2910 2089 3076 2148 rapta:
3123 2079 3329 2132 sororis
3375 2078 3597 2131 investi—

2010 2179 2281 2248 gationem
2332 2174 2640 2244 praetexuit.
2671 2174 2848 2241 Atque
2901 2171 3028 2224 hinc
3054 2169 3142 2223 illa
3180 2171 3246 2222 de
3274 2169 3489 2238 Eumpa
3521 2170 3598 2222 fa-

2009 2271 2136 2325 bula
2165 2269 2232 2324 ad
2262 2267 2482 2323 Grmcos
2527 2265 2744 2334 prodiit.
2781 2264 3052 2332 EurOpam
3089 2261 3252 2331 igitur
3279 2261 3593 2314 circumua-

2009 2363 2203 2434 vigans
2262 2361 2372 2424 ille,
2436 2360 2677 2414 Thasum
2727 2356 2973 2418 fratrem,
3031 2363 3090 2408 ut
3141 2355 3398 2416 diximus,
3441 2353 3494 2405 in
3535 2370 3595 2405 ea

2011 2455 2182 2511 insula
2234 2453 2471 2522 reliquit,
2505 2453 2618 2520 ipse
2664 2451 2715 2504 in
2771 2449 3034 2504 Bteotiam
3112 2447 3360 2508 tendens,
3395 2444 3590 2513 1380

2010 2546 2227 2600 Thebas
2283 2544 2423 2607 illas,
2475 2557 2596 2612 quat
2647 2557 2791 2595 nunc
2853 2539 3220 2609 appellantur,
3285 2537 3594 2596 aediﬁcavit,

2011 2649 2274 2704 muroque
2321 2633 2580 2688 comitum
2619 2647 2783 2701 Opera
2816 2631 3054 2685 cinctum
3100 2629 3278 2682 locum
3323 2643 3353 2680 a
3408 2627 3599 2695 patriis

2012 2731 2084 2784 ita
2118 2728 2320 2783 Thebis
2347 2726 2656 2796 appellavit.
2692 2724 2905 2778 Bmotis
2935 2733 3114 2778 autem
3164 2737 3336 2790 pugna
3361 2735 3597 2775 concur-

2015 2821 2287 2885 rentibus,
2317 2819 2445 2872 victi
2471 2818 2702 2887 primum
2726 2815 3038 2877 thnices,
3071 2828 3167 2882 per
3208 2812 3428 2866 insidias
3451 2825 3598 2871 mox,

2013 2924 2076 2962 ac
2106 2916 2517 2977 stratagemata,
2549 2915 2604 2960 et
2637 2907 2953 2960 inusitatum
2990 2918 3264 2958 armorum
3293 2911 3596 2971 aspectum,

2014 3000 2324 3068 superiores
2365 3008 2694 3054 evaserunt:
2742 3012 2922 3066 neque
2949 2997 3092 3050 enim
3122 2994 3273 3064 galea
3300 3007 3356 3049 et
3384 3005 3598 3048 scutum

2013 3090 2234 3144 fuerunt
2287 3106 2524 3160 unquam
2569 3089 2773 3145 Graecis
2818 3091 2882 3144 ad
2913 3103 3033 3142 eam
3060 3088 3221 3142 'diem
3255 3087 3492 3155 cognita.
3522 3084 3601 3139 lta

2013 3182 2269 3247 Cadmus,
2305 3182 2616 3237 Boeotorum
2645 3182 2850 3250 potitus
2883 3179 3123 3248 regione,
3156 3179 3481 3247 fugientibus
3508 3178 3602 3247 qui

323 3268 588 3333 Βοιωτοῖς
633 3270 691 3323 δὲ
721 3269 861 3340 πρὸς
890 3271 990 3341 τὴν
1024 3271 1288 3339 ἔκπληξιν
1314 3271 1424 3323 τῶν
1455 3271 1639 3324 ὃπλων
1675 3271 1768 3325 καὶ
1799 3271 1908 3324 τῶν

2019 3273 2160 3328 cladi
2214 3283 2534 3342 supererant
2593 3274 2646 3325 iu
2685 3286 2813 3325 suas
2859 3273 3090 3340 quisque
3147 3271 3345 3335 urbes,
3398 3268 3601 3324 Thebis

316 3362 715 3434 προλοχισμῶν
748 3364 842 3416 καί
873 3365 970 3428 τῆς
1020 3365 1244 3435 ἐνέδρας
1273 3365 1402 3431 δόξα
1442 3365 1694 3435 παρέστη
1726 3366 1908 3428 αὐτοῖς

2021 3367 2332 3430 Ρίιωιιίριιε,
2355 3365 2447 3435 qui
2472 3365 2794 3429 incolerent,
2817 3363 3069 3427 collocat,
3099 3363 3212 3432 ipse
3245 3361 3599 3416 Harmoniam

313 3455 508 3518 ὅπλοις
541 3455 750 3509 ἀνεῖναι
772 3458 871 3524 τῆς
900 3456 1006 3526 γῆς
1021 3457 1065 3487 ⁸⁷
1099 3457 1224 3519 τοὺς
1249 3455 1470 3526 ἄνδρας,
1498 3457 1594 3510 καὶ
1623 3455 1908 3525 Σπαρτοὺς

2015 3457 2199 3512 Martis
2234 3473 2298 3511 ac
2328 3455 2555 3512 Veneris
2604 3455 2767 3509 filiam
2801 3469 3026 3509 uxorem
3083 3454 3252 3508 ducit.
3293 3452 3602 3506 Boeotorum

311 3548 396 3612 ὡς
442 3551 510 3602 ἐκ
563 3548 656 3602 τοῦ
703 3550 908 3618 χωρίου
954 3548 1159 3616 φύντας
1193 3551 1395 3612 αὐτοὺς
1438 3549 1728 3605 ἐκάλεσαν.
1780 3549 1908 3619 Περί

2015 3552 2226 3606 interim
2265 3551 2500 3615 animis,
2531 3549 2600 3602 ob
2626 3563 2904 3602 armorum
2957 3546 3106 3600 illum
3155 3555 3318 3613 atque
3380 3543 3608 3597 insidia-

317 3642 424 3712 μὲν
439 3641 488 3673 ⁸⁸
521 3640 746 3709 Κάδμου
770 3644 866 3694 καί
901 3641 1096 3712 Θηϐῶν
1122 3643 1373 3704 οἰκίσεως
1387 3643 1432 3674 ⁸⁸
1461 3637 1618 3704 οὗτος
1647 3644 1676 3696 ὁ
1709 3642 1908 3712 ἀληθὴς

2015 3660 2130 3699 rum
2148 3654 2369 3708 metum,
2387 3643 2503 3696 haec
2531 3642 2713 3710 opinio
2731 3639 2948 3703 insedit,
2969 3654 3092 3694 cum
3110 3639 3278 3692 armis
3297 3637 3430 3706 ipsis
3447 3635 3592 3687 viros

310 3735 506 3802 λόγος,
537 3734 598 3787 τὸ
624 3735 669 3789 δ’
694 3735 823 3789 ἄλλο
855 3734 1025 3806 μῦθος
1052 3737 1144 3789 καὶ
1170 3739 1395 3807 γοητεία
1418 3738 1610 3804 ἀκοῆς.

2015 3735 2184 3788 illose
2211 3744 2354 3786 terra
2386 3733 2678 3796 exstitisse,
2714 3741 2772 3783 ut
2802 3730 2925 3784 inde
2956 3728 3120 3783 etiam
3156 3729 3384 3798 Spartas
3447 3725 3564 3798 (38)
3589 3789 3605 3808 ’

321 3829 474 3883 velut
507 3845 573 3881 ex
609 3844 675 3883 eo
717 3829 834 3897 ipso
890 3831 1010 3884 loco
1063 3841 1231 3896 satos,
1289 3830 1642 3884 nominarint.
1684 3828 1851 3896 Igitur
1907 3827 1973 3881 de
2007 3826 2216 3882 Cadmo
2297 3826 2715 3893 Thebarumque
2743 3821 3136 3877 inhabitatione
3176 3836 3300 3876 vera
3327 3821 3440 3874 haec
3481 3835 3630 3877 nar-_

325 3924 460 3975 ratio
481 3931 568 3977 est
597 3940 612 3976 :
638 3922 803 3977 altera
829 3923 916 3976 illa
935 3964 950 3985 ,
981 3923 1162 3978 fabula
1198 3924 1522 3989 auriumque
1545 3921 1846 3992 praestigia.

405 4013 468 4066 Ἡ
493 4013 578 4081 λη’
606 4011 681 4076 ώς
704 4013 974 4081 Μιλήσιός
1007 4031 1093 4074 τις
1120 4014 1258 4083 ἀνὴρ
1279 4053 1293 4077 ,
1330 4013 1434 4081 τῆς
1465 4012 1729 4082 πατρίδος
1759 4009 1908 4080 αὐτῷ

2086 4011 2384 4065 Tricesima
2435 4019 2624 4064 octava
2655 4027 2667 4063 :
2697 4007 2938 4062 Milesius
2986 4005 3232 4075 quidam,
3263 4003 3610 4073 periclitante

317 4104 430 4157 ὑπὸ
461 4104 746 4173 Ἀρπάγου
784 4104 886 4156 τοῦ
912 4105 1098 4176 Κύρου
1131 4107 1188 4158 ἐν
1231 4104 1464 4175 κινδύνῳ
1497 4101 1665 4172 οὔσης
1695 4144 1708 4165 ,
1745 4105 1826 4165 εἰς
1849 4103 1912 4154 τὸ

316 4198 382 4250 ἐν
406 4196 632 4266 Σικελίᾳ
661 4197 1039 4266 Ταυρομένιον
1068 4196 1293 4267 ἀπαίρει
1313 4198 1380 4260 δί’,
1429 4198 1592 4250 κάκεῖ
1633 4195 1772 4267 φίλῳ
1806 4194 1914 4248 ’.τινί¹

316 4288 634 4359 τραπεζίτῃ
686 4287 1068 4358 παραθέμενος
1108 4289 1170 4340 τὸ
1233 4289 1456 4358 χρυσίον
1504 4289 1675 4342 οἴκαδ’
1733 4289 1909 4344 ἔπλει.

320 4376 465 4433 Εἶτα
511 4379 805 4432 δεδούλωτο
854 4378 951 4448 μὲν
993 4379 1234 4449 Μίλητος
1264 4379 1454 4452 Κύρῳ,
1483 4381 1655 4434 δεινὸν
1683 4380 1729 4433 δ’
1758 4380 1914 4433 οὐδὲν

322 4469 461 4526 ἄλλο
482 4463 558 4522 ὧν
591 4471 880 4540 ὑφεωρᾶτο
898 4471 940 4502 ⁶¹
971 4471 1297 4525 ἐπεπόνθει·
1323 4473 1421 4525 καὶ
1449 4475 1477 4526 ὁ
1497 4473 1762 4543 Μιλήσιος
1781 4468 1916 4543 ἧκεν

319 4563 410 4626 εἰς
443 4564 819 4634 Ταυρομένιον
871 4565 1337 4636 ἀνακομισάμενος
1361 4568 1406 4598 ⁸³
1457 4567 1556 4636 τὴν
1593 4584 1918 4637 παρακατα-

2015 4103 2115 4159 sub
2154 4102 2402 4173 Harpago
2456 4101 2582 4172 Cyri
2618 4101 2727 4154 ﬁlio
2761 4101 2959 4170 patria,
3016 4095 3466 4157 Tauromenium,
3524 4093 3608 4148 Si-

2017 4196 2154 4250 cilia:
2193 4195 2380 4248 urbem
2431 4193 2818 4262 adnavigavit,
2877 4192 3187 4258 ibidemque
3230 4187 3371 4257 apud
3421 4197 3607 4239 notum

2015 4288 2299 4357 quemdam
2331 4286 2647 4356 trapezitam
2679 4300 2814 4338 auro
2843 4283 3112 4352 deposito,
3158 4280 3375 4335 domum
3426 4277 3608 4331 rediit.

2019 4381 2194 4452 Cyrus
2244 4387 2369 4449 post
2426 4380 2540 4435 haec
2594 4377 2837 4432 Miletum
2893 4376 2946 4428 in
3002 4381 3327 4444 potestatem
3379 4369 3607 4438 redegit,

2019 4474 2264 4543 nihilque
2312 4474 2363 4527 in
2409 4488 2528 4528 eam
2566 4472 2806 4542 gravius,
2859 4479 2918 4522 ut
2962 4475 3273 4521 metuerant
3305 4463 3609 4518 constituit.

2021 4563 2206 4617 Rediit
2239 4563 2420 4632 itaque
2443 4561 2685 4616 Milesius
2722 4557 3168 4620 Tauromenium,
3202 4565 3262 4609 ut
3304 4553 3610 4622 depositum

326 4657 532 4726 θήκην.
567 4657 624 4709 ὐ
659 4655 718 4708 δὲ
747 4656 928 4710 λαϐὼν
957 4658 1218 4727 ὁμολογεῖ
1250 4657 1351 4727 μὲν
1380 4657 1590 4723 λαϐεῖν,
1622 4659 1908 4712 διετείνετο

2017 4654 2147 4707 illud
2202 4669 2358 4709 suum
2409 4653 2692 4721 reciperet.
2736 4650 2810 4705 lbi
2842 4648 3144 4702 mensarius
3188 4643 3409 4714 quidem
3445 4643 3613 4713 depo-

325 4749 379 4802 δ⁹
407 4749 838 4804 ἀποδεδωκέναι.
887 4750 976 4813 Ὣς
1005 4750 1062 4803 δὲ
1091 4749 1231 4818 μετὰ
1262 4751 1463 4821 πολλὴν
1493 4751 1609 4821 ἔριν
1643 4751 1738 4805 καί
1765 4749 1918 4818 λογο-

330 4845 542 4911 μαχίαν
573 4845 601 4893 ὁ
630 4841 898 4910 Μιλήσιος
924 4844 1006 4904 είς
1035 4842 1199 4912 ὅρκον
1226 4843 1318 4895 τὸν
1344 4841 1636 4896 ἀδικοῦντα
1672 4841 1798 4913 [250
1825 4839 1917 4911 IL]

328 4934 717 5004 προύκαλεῖτο,
746 4935 774 4987 ὁ
799 4934 1137 5006 τραπεζίτης
1169 4937 1481 5006 μηχανᾶται
1515 4935 1744 4988 τοιόνδε·
1769 4933 1919 5007 Νάρ-

333 5027 484 5097 θηκα
539 5029 802 5090 κοιλάνας
855 5027 1106 5098 καθάπερ
1153 5027 1317 5082 αὐλὸν
1374 5028 1471 5080 καὶ
1507 5029 1772 5095 συντήξας
1820 5029 1920 5097 τὴν

328 5115 728 5187 παραθήκην⁸³
760 5116 837 5186 τῷ
871 5117 1108 5188 νάρθηκι
1167 5118 1322 5187 ἐγχεῖ
1371 5118 1466 5172 καὶ
1513 5117 1914 5187 ἁσφαλίζεται’

2030 4748 2194 4804 situm
2259 4746 2540 4814 accepisse
2588 4759 2694 4796 non
2748 4740 3084 4810 abnegabat,
3145 4738 3240 4792 sed
3311 4735 3612 4790 reddidisse

2029 4837 2413 4895 contendebat.
2441 4836 2661 4891 Utvero
2703 4833 2964 4894 Milesius,
3011 4839 3129 4900 post
3161 4828 3358 4882 multas
3393 4828 3610 4882 tandem

2031 4935 2183 4989 rixas
2209 4943 2374 5001 atque
2401 4928 2805 4990 contentiones,
2834 4926 2900 4979 ad
2922 4921 3304 4996 jusjurandum
3336 4920 3610 4975 hominem

2029 5025 2231 5094 adegit,
2257 5022 2514 5090 trapezita
2544 5019 2648 5074 tale
2675 5019 2804 5088 quid
2831 5017 3178 5072 machinatus
3207 5025 3325 5068 est:
3358 5010 3609 5066 Ferulam

2031 5118 2174 5172 tibiaa
2224 5118 2398 5172 instar
2453 5128 2745 5179 exeavans,
2791 5112 2843 5164 iu
2894 5123 3067 5180 eaque
3113 5106 3414 5177 depositum
3441 5104 3614 5174 lique-

1619 5228 1848 5284 VARl/E
1882 5226 2289 5283 LECTIONES.

404 5321 456 5354 “
486 5319 741 5394 Ιιηλιέων
795 5339 879 5394 ςτγ
909 5323 1120 5376 ἐνθένδε
1179 5323 1418 5394 ileyuius
1447 5342 1460 5378 :
1500 5322 1623 5376 libri
1655 5323 1860 5376 ἐνθάδε.

1938 5323 1982 5353 ⁸¹
2017 5322 2360 5389 Σπαρτιᾶται
2386 5337 2446 5384 ς.
2522 5317 2568 5349 δ’
2595 5320 2720 5389 τοῖς.
2742 5317 3052 5389 περιοίκοις,
3079 5315 3205 5389 KRV.

3211 5313 3263 5365 σί
3288 5329 3350 5376 ς.
3429 5308 3475 5341 ⁸³
3504 5327 3613 5379 μη·

331 5379 675 5464 χανρύξιὲνον
705 5409 766 5464 ς.
803 5379 891 5424 ’δ”
924 5395 1062 5464 πρός
1092 5396 1134 5446 Α
1166 5413 1179 5447 :
1238 5379 1330 5447 καί
1357 5412 1447 5464 ςη
1496 5395 1543 5426 ⁵³
1571 5394 1679 5464 γὰρ
1732 5395 1776 5446 Α
1813 5411 1826 5446 :
1864 5393 1921 5446 δέ
1959 5411 2017 5456 ς.
2075 5379 2186 5454 τοῖς
2236 5379 2495 5464 Ἕλλησιν
2529 5390 2572 5441 Α
2605 5406 2633 5464 _:
2664 5379 2849 5450 αὐτοῖς
2885 5403 2945 5464 ς..
2997 5386 3070 5442 cf.
3102 5379 3316 5464 Miiller.
3353 5379 3610 5464 Qrchom.

423 5462 555 5536 21⁸1.
632 5461 680 5494 ⁸⁸
707 5463 904 5536 Ἄρεος
936 5461 998 5528 gf.
1068 5466 1117 5536 7"
1138 5465 1235 5535 τὴν
1268 5465 1372 5533 γῆν
1404 5461 1666 5536 Heynius,
1690 5465 1988 5536 recte,rnisi
2014 5463 2294 5536 legendum
2326 5462 2554 5524 ἀνιέναι,
2691 5476 2740 5512 e.

333 5533 380 5565 δ’
407 5534 682 5605 οἰκήσεως
731 5533 798 5589 Α.

2789 5447 3024 5526 prodire.
3099 5454 3146 5485 ⁸⁸
3180 5453 3278 5524 μὲν
3323 5447 3416 5526 οὐν
3550 5467 3610 5513 ς.

873 5520 920 5566 ⁵ο
944 5520 1136 5607 ’ἀπῄει
1279 5520 1291 5533 ’
1321 5520 1366 5567 ⁵³
1412 5520 1669 5606 ὑφωρᾶτὸ
1731 5551 1793 5598 ς.
1848 5520 1916 5566 ’⁸³
1952 5520 2429 5602 ἀνακομισάμενος
2467 5520 2550 5594 ς(
2604 5529 2652 5562 ⁵³
2698 5520 3192 5599 παρακαταθήκην
3227 5540 3289 5587 ς.
3313 5520 3417 5592 τῷ]
3440 5523 3508 5591 τῇ
3545 5526 3610 5572 Λ.

1871 5631 2102 5687 NOT/E.

1730 5647 1738 5656 .
1871 5632 1917 5686 Ν
2090 5674 2102 5687 .

409 5723 528 5792 (35)
559 5722 854 5794 Cycladum
889 5740 993 5780 una
1024 5724 1214 5796 Steph.
1253 5741 1378 5782 cum
1429 5726 1673 5796 ejusdem
1707 5632 2171 5790 ιιοιιιίιιίἓτίῇιὶι,
2201 5722 2462 5796 Stephan.
2505 5722 2735 5796 Thgssus
2765 5731 3041 5796 gemmato
3069 5713 3480 5796 sibilo'profert.

338 5796 495 5863 urbe-

414 5863 528 5937 (56)
559 5864 1058 5937 Apollod.Tliasum
1083 5865 1315 5938 Neptuni
1353 5867 1520 5926 lilium
1555 5867 1718 5938 facit,
1751 5867 1844 5925 lib.
1879 5884 1939 5924 ιιι

2123 5787 2232 5865 (37)
2257 5787 2330 5848 De
2358 5795 2562 5850 Cadmo
2585 5787 2818 5865 Pausau.
2849 5791 3125 5865 legendus
3146 5790 3196 5865 i_u
3225 5787 3442 5842 Βωοιξε.

2127 5859 2498 5938 (358)1‘ausan.
2538 5867 2655 5922 iuit.
2693 5859 2925 5918 Bmotic.’
2952 5874 3008 5918 et
3041 5859 3188 5915 alibi.
