4022 6486
491 395 603 456 575

1651 381 1921 444 ΡΗΟΤΙΙ
1945 375 2454 441 ΡΑΤΒΙΛΒΕΗᾸΞ
2477 374 2588 434 CP.

3649 363 3744 424 516

487 504 692 560 factum
730 497 1044 562 infundens,
1094 497 1261 568 probe
1306 498 1556 553 obturat.
1597 495 1876 552 Accedens
1911 494 2074 564 igitur

2186 489 2269 542 lari.
2300 488 2357 542 δὲ
2385 487 2482 541 τὸν
2503 487 2667 556 ὅρκον
2696 481 2872 544 ίὼν¹¹¹⁵,
2904 477 3151 548 κατέχων
3181 477 3258 539 ὡς
3291 472 3591 545 βακτηρίαν
3623 492 3747 544 προ-

488 595 558 648 ad
577 593 890 658 iurandum,
925 591 1218 657 ferensque
1248 604 1344 658 pro
1366 588 1610 655 scipione
1637 586 1888 650 ferulam,
1921 585 2075 656 quasi

488 686 720 755 pedibus
739 700 881 753 aeger
911 699 975 738 ea
1006 681 1354 736 fulciebatur.
1388 680 1694 748 Antequam
1725 690 1901 734 tamen
1925 678 2078 744 jura-

493 788 599 840 ret,
620 775 830 830 Milesio
853 775 954 828 sibi
975 775 1199 836 astanti,
1225 772 1390 826 veluti
1412 788 1536 825 mox
1565 771 1893 841 repetiturus
1911 785 2078 824 arun-

495 870 675 922 dinem
698 867 940 922 tradidit.
961 866 1034 919 lta
1065 867 1191 918 dum
1220 865 1472 920 manibus
1495 862 1720 916 sublatis
1762 861 1994 930 dejerat,
2019 874 2079 914 se

496 961 798 1028 depositum
813 959 1048 1022 eidem,a
1063 971 1169 1026 quo
1185 952 2076 1024 accepisset,reddidisse,Milesius

499 1051 785 1120 indignans
810 1049 1130 1102 arundinem
1158 1045 1405 1114 projecit,
1430 1044 1590 1098 simul
1612 1044 1774 1098 etiam
1803 1043 2078 1097 hominum

499 1144 659 1196 ﬁdem
691 1141 956 1196 defecisse
979 1140 1240 1194 clamans.
1269 1139 1404 1193 Tum
1421 1136 1591 1191 fracta
1617 1135 1883 1190 arundine
1905 1133 2081 1190 oculis

499 1237 662 1288 etiam
695 1235 868 1304 patuit
896 1233 1252 1302 compositum
1283 1231 1410 1284 illud
1435 1231 1552 1284 auri
1575 1244 1736 1283 causa
1756 1226 2077 1296 perjurium.

499 1326 741 1380 Milesius
768 1328 950 1395 itaque
975 1340 1166 1378 aurum
1208 1324 1308 1379 sibi
1343 1337 1502 1376 suum
1528 1321 1821 1386 vindicavit
1855 1337 1870 1374 :
1901 1329 2082 1388 trape-

501 1418 608 1471 zita
638 1431 766 1472 vero
801 1433 909 1486 prae
932 1416 1282 1479 verecundia,
1317 1425 1374 1467 et
1410 1412 1552 1483 quod
1585 1412 1864 1481 improbus
1896 1426 2079 1467 coram

502 1507 752 1561 omnibus
768 1507 1288 1575 deprehenderetur,
1309 1505 1500 1574 laqueo
1525 1504 1689 1558 vitam
1715 1503 1818 1559 sibi
1846 1501 2080 1571 abrupit.

573 1685 872 1740 Tricesima
897 1698 1060 1738 nona.
1101 1682 1404 1737 Melanthus
1440 1697 1507 1736 ex
1538 1696 1736 1752 genere
1773 1679 1874 1734 fuit
1905 1679 2084 1735 Elida-

503 1793 644 1842 rutn,
693 1777 884 1847 13εὸ
926 1778 1020 1844 qui
1057 1775 1188 1846 Pylo
1219 1785 1274 1830 et
1307 1774 1570 1830 Messanae
1611 1773 1722 1842 jam
1754 1774 1880 1826 inde
1915 1789 1944 1826 a
1975 1771 2083 1825 Ne-

2181 581 2344 648 φάσει
2380 577 2557 631 ποδῶν
2573 577 2621 608 ⁵⁵
2667 571 2953 633 ἀσθενείας
2981 612 2995 635 ,
3025 569 3104 638 τῷ
3135 567 3378 636 νάρθηκι
3408 565 3745 635 έπηρείδετο·

2185 672 2393 744 μέλλων
2437 671 2483 723 δ’
2525 667 2750 736 ὀμνύειν
2781 663 3010 734 πλησίον
3043 661 3244 714 ἑστῶτι
3277 658 3356 727 τῷ
3388 658 3654 730 Μιλησίῳ,
3683 660 3752 723 ὼς

2181 763 2380 817 αὐτίκα
2410 759 2574 812 πάλιν
2627 754 3034 824 ἀναληψόμενος
3059 791 3074 815 ,
3107 751 3199 804 τὸν
3233 748 3489 817 νάρθηκα
3516 749 3750 802 ὲπιδίίω-

2183 871 2290 906 σιν.
2339 853 2428 914 Ὠς
2479 851 2537 904 δὲ
2584 849 2683 910 τὰς
2733 848 2923 916 χεῖρας
2973 842 3230 912 ἀνασχὼν
3287 839 3612 909 κατώμνυτο
3663 843 3752 914 τὴν

2181 941 2656 1013 παρακαταθήκην
2689 934 2980 990 ἀποδοῦναι
3005 932 3082 1003 τῷ
3127 929 3502 1000 παραθεμένῳ
3517 930 3585 993 ⁵⁸,
3607 947 3752 1000 περι-

2184 1035 2439 1105 παθήσας
2465 1033 2494 1083 6
2523 1030 2790 1100 Μιλήσιος
2818 1026 2998 1098 ῥίπτει
3026 1025 3120 1078 τὸν
3150 1020 3625 1093 νάρθηκα,έρῤειν
3649 1021 3754 1090 ἅμα

2184 1126 2515 1198 ἀνακραγὼν
2543 1124 2642 1194 τὴν
2669 1124 2727 1175 ὲν
2776 1118 3086 1190 ἀνθρώποις
3118 1116 3328 1169 πίστιν.
3367 1111 3482 1166 Καὶ
3512 1113 3541 1164 6
3565 1111 3757 1182 νάρθηξ

2184 1221 2511 1293 ἐρρήγνυτο,
2561 1216 2656 1268 καὶ
2700 1211 3002 1282 περιφανὲς
3054 1204 3123 1278 ἦν
3173 1206 3316 1276 πρὸς
3358 1203 3463 1273 τὴν
3509 1201 3629 1266 ὄψιν
3674 1202 3757 1256 τοῦ

2185 1313 2410 1386 χρυσίου
2445 1311 2507 1362 τὸ
2535 1308 2777 1376 σόφισμα
2805 1305 2906 1373 τῆς
2946 1299 3299 1372 ψευδορκίας.
3334 1296 3450 1350 Καὶ¹
3476 1295 3506 1347 6
3541 1293 3637 1364 μὲν
3665 1297 3758 1349 Μι-

2186 1407 2369 1478 λήσιος
2390 1403 2452 1456 τὸ
2483 1401 2613 1455 ῐδιον
2642 1395 2810 1468 εἶχεν,
2835 1396 2864 1448 6
2891 1393 2948 1446 δὲ
2977 1388 3321 1462 τραπεζίτης
3348 1386 3440 1440 ὑπ’
3472 1386 3652 1449 αἰδοῦς
3676 1386 3758 1440 καὶ

2185 1496 2280 1552 τοῦ
2325 1493 2652 1559 κακίζεσθαι
2692 1489 2828 1559 πρὸς
2862 1485 3120 1541 ἁπάντων
3165 1481 3355 1553 βρόχῳ
3387 1480 3486 1534 τοῦ
3519 1481 3616 1550 ζῇν
3645 1481 3759 1534 ἑαυ.

2183 1591 2278 1645 τὸν
2313 1591 2520 1656 ἐξάγει.

2268 1681 2334 1735 Ἦ
2367 1679 2442 1740 λθ¹
2471 1679 2546 1743 ὼς
2563 1680 2607 1714 ⁵⁷
2635 1675 2915 1738 Μέλανθος
2935 1673 3092 1743 γένος
3119 1672 3218 1744 μὲν
3241 1665 3313 1741 ἦν
3339 1667 3450 1722 τῶν
3473 1665 3754 1735 Νηλειδῶν,

2188 1777 2238 1830 οἳ
2266 1774 2441 1828 Πύλου
2471 1774 2568 1826 καὶ
2596 1774 2889 1842 Μεσσήνης
2919 1767 3027 1824 ἀπὸ
3058 1763 3402 1825 Ποσειδῶνος
3435 1758 3754 1812 ἐϐασίλευον.

503 1880 672 1936 ptuno
695 1868 1052 1936 imperarunt.
1083 1864 1238 1918 Hunc
1259 1881 1380 1918 cum
1411 1864 1710 1919 Heraclidae
1728 1864 2080 1932 expulissent,

2187 1865 2389 1921 Τοῦτον
2423 1837 3223 1933 ἀναστήσαντεςτἮρακλεῖδαι
3264 1853 3497 1922 πολέμῳ
3535 1849 3632 1919 τὴν
3667 1850 3755 1919 γῆν

505 1958 672 2011 armis
726 1957 947 2020 regione
995 1956 1149 2024 potiti
1202 1964 1350 2009 sunt.
1384 1954 1478 2007 llle
1505 1955 1746 2008 Athenas
1792 1969 1982 2007 versus
2014 1967 2083 2007 ex

503 2049 724 2104 oraculo
753 2049 1024 2109 discessit,
1063 2047 1395 2116 civitateque
1431 2047 1683 2110 donatus,
1706 2045 1900 2100 claruit
1927 2046 1998 2100 ibi
2029 2047 2081 2100 in

503 2141 708 2209 paucis.
751 2140 963 2194 Accidit
997 2150 1178 2193 autem
1214 2150 1274 2192 ut
1305 2127 1665 2192 Athenienses
1710 2155 1832 2192 cum
1877 2139 2084 2194 Boeotis

503 2246 668 2300 super
699 2230 887 2285 (Enoe
928 2231 1038 2302 (59)
1082 2229 1280 2285 bellum
1316 2238 1586 2301 gererent,
1632 2231 1940 2299 placuitque
1969 2231 2083 2284 sin—

503 2320 673 2389 gulari
721 2336 904 2389 regum
946 2320 1245 2374 certamine
1294 2319 1440 2374 litem
1473 2322 1674 2375 dirimi.
1718 2321 1792 2376 lbi
1828 2322 2084 2393 Thynia;-

506 2423 586 2468 tes
637 2413 773 2482 (40),
812 2413 900 2481 qui
940 2423 1052 2466 tum
1104 2413 1332 2468 Athenis
1373 2415 1655 2482 regnabat,
1699 2416 1932 2470 duellum
1971 2415 2083 2472 for-

504 2505 748 2572 midans,
806 2519 972 2574 regno
1024 2505 1185 2560 etiam
1246 2506 1414 2560 cessit
1457 2506 1529 2572 ei,
1593 2509 1898 2576 quicunque
1957 2525 2078 2563 cum

501 2595 719 2649 Xantho
767 2594 1078 2650 Bteotorum
1114 2611 1240 2665 rege
1271 2596 1533 2651 dimicare
1565 2597 1748 2651 vellet.
1773 2599 2082 2655 Melanthus

503 2689 681 2757 itaque
699 2688 846 2758 regni
867 2687 1092 2755 praemio
1116 2687 1394 2751 invitatus,
1419 2689 1689 2756 pugnandi
1712 2689 2081 2746 conditionem

501 2781 720 2847 accipit,
773 2791 828 2834 et
883 2789 1040 2847 pacta
1073 2779 1456 2834 conficiuntur.
1498 2778 1597 2834 Ubi
1633 2781 1697 2834 ad
1728 2797 1922 2836 manus
1955 2798 2083 2836 ven-

503 2880 612 2922 tum
633 2881 738 2936 est,
757 2872 886 2924 vidit
904 2869 1209 2926 Melanthus
1229 2872 1399 2925 visum
1419 2872 1688 2941 quoddam
1710 2871 1967 2927 imberbis
1982 2873 2083 2927 viri

500 2964 684 3031 specie
711 2962 987 3017 Xanthum
1017 2965 1194 3033 sequi.
1231 2961 1305 3017 Ut
1327 2979 1453 3016 vero
1485 2963 1686 3032 injuste
1720 2964 1834 3018 ﬁeri
1871 2963 1960 3018 ille
1985 2980 2083 3019 ex-

501 3054 783 3118 clamavit,
814 3056 960 3125 quod
995 3068 1188 3110 contra
1228 3065 1385 3125 pacta
1421 3055 1798 3112 auxiliatorem
1829 3058 2085 3112 adduxis—

501 3151 608 3209 set,
670 3141 922 3200 Xanthus
980 3144 1117 3200 falso
1175 3161 1429 3201 sermone
1458 3149 1727 3213 turbatus,
1759 3148 1921 3202 vertit
1975 3164 2080 3205 se:

502 3245 669 3304 atque
709 3236 783 3289 ita
815 3236 959 3292 illico
987 3237 1292 3293 Melanthus
1349 3239 1537 3293 lancea
1579 3241 1862 3307 trajectum
1907 3251 2085 3298 trans-

503 3325 659 3379 fodit.
697 3324 790 3381 Sic
841 3344 948 3383 uno
1006 3329 1305 3383 certamine
1364 3329 1587 3384 (Enoen
1644 3332 2085 3399 Atheniensibus,

502 3419 608 3474 sibi
640 3434 860 3489 regnum
905 3423 1214 3493 acquisivit.
1245 3421 1406 3475 Certe
1445 3421 1894 3478 Erechthidarum
1918 3441 2089 3495 genus

502 3515 570 3566 ad
607 3513 994 3580 Melautbidas,
1025 3531 1135 3585 quo
1183 3515 1235 3568 in
1265 3529 1490 3570 numero
1519 3524 1572 3569 et
1594 3514 1804 3570 Codrus
1852 3527 1991 3580 erat,
2019 3518 2089 3572 ab

503 3606 610 3661 hoe
645 3607 951 3660 traductum
976 3619 1081 3662 est.
1114 3607 1474 3661 Athenienses
1499 3621 1627 3661 vero
1657 3617 1842 3676 postea
1873 3606 2088 3664 Baccho

503 3697 850 3754 Melanthida:
883 3699 995 3769 (41)
1038 3714 1103 3753 ετ
1147 3699 1371 3754 oraculo
1426 3698 1611 3752 fanum
1651 3699 2003 3765 dedicarunt,
2035 3711 2091 3758 et

505 3790 795 3856 quotannis
830 3806 943 3845 rem
983 3791 1222 3844 divinam
1258 3789 1506 3844 fecerunt
1535 3807 1549 3843 :
1577 3788 1698 3845 Jovi
1739 3792 1968 3861 insuper
1996 3797 2089 3850 de-

504 3882 714 3949 eeptori
745 3896 932 3936 sacras
960 3881 1183 3936 litantes
1201 3881 1475 3946 victimas,
1504 3883 1651 3951 quod
1671 3883 1724 3937 in
1750 3898 1931 3954 pugna
1965 3885 2088 3941 dolo

506 3971 741 4025 fuissent
781 3970 895 4025 usi.

577 4059 1004 4132 Quadragesima
1048 4061 1276 4116 historia
1307 4062 1421 4132 (42)
1454 4063 1521 4117 de
1556 4065 1900 4122 Andromeda
1931 4083 2088 4124 secus

507 4161 716 4218 narrat,
747 4169 909 4222 quam
937 4153 1110 4208 Graeci
1154 4151 1485 4210 fabulantur.
1515 4156 1659 4212 Duos
1690 4156 1888 4213 fratres
1923 4159 2090 4216 fuisse

509 4243 697 4310 refert,
740 4245 954 4316 Cephea
986 4255 1040 4300 et
1079 4244 1282 4300 Phinea
1319 4265 1333 4303 :
1379 4263 1444 4303 ac
1477 4248 1680 4318 Cephei
1728 4252 1950 4320 quidem
2004 4270 2089 4308 re-

507 4352 692 4407 gnum,
728 4338 1020 4393 Pbmnices
1055 4349 1242 4408 postea
1283 4355 1477 4395 nomen
1515 4342 1756 4400 induisse
1779 4385 1794 4411 ,
1847 4361 1973 4401 cum
2020 4347 2088 4400 ad

505 4445 626 4483 cum
669 4430 811 4485 diem
856 4429 1028 4501 Joppe
1064 4432 1182 4501 (43)
1210 4447 1238 4485 a
1286 4434 1558 4488 maritima
1595 4437 1815 4494 civitate
1846 4439 2086 4509 appella-

2183 1961 2373 2031 έσχον·
2431 1961 2460 2012 6
2500 1959 2558 2012 δὲ
2603 1957 2746 2010 κατὰ
2778 1953 3061 2026 χρησμοὺς
3110 1947 3388 2019 Ἀθήναζε
3433 1947 3752 2014 ἀφικνεῖται,

2183 2053 2278 2106 καὶ
2308 2049 2534 2120 πολίτης
2560 2047 2792 2116 γίνεται,
2838 2044 2933 2097 καὶ
2959 2038 3027 2112 ἦν
3070 2040 3178 2094 τῶν
3208 2037 3566 2107 τιμωμένων.
3611 2033 3752 2102 Ἀθη-

2182 2143 2352 2206 ναίοις
2397 2141 2454 2194 δὲ
2504 2141 2600 2194 καὶ
2646 2137 2899 2198 Βοιωτοῖς
2948 2134 3185 2202 πόλεμος
3223 2130 3370 2199 ὑπὲρ
3419 2127 3614 2197 Οἰνόης
3646 2143 3753 2178 συνο

2186 2236 2399 2298 ίστατο,
2439 2231 2591 2304 [448
2635 2229 2724 2302 IL]
2772 2229 2868 2282 καῖ⁹
2917 2227 3092 2279 ἐδόκει
3143 2226 3201 2277 ὲν
3249 2226 3320 2294 τῇ
3355 2221 3468 2273 τῶν
3503 2219 3751 2290 βασιλέων

2186 2324 2494 2398 μονομαχίᾳ
2521 2323 2621 2394 τὴν
2650 2322 2830 2394 κρίσιν
2854 2317 3014 2372 εἶναι.
3049 2315 3334 2386 Θυμοίτης
3368 2312 3470 2384 μὲν
3497 2311 3589 2364 οὖν
3617 2311 3752 2380 βασι-

2183 2419 2355 2472 λεύων
2394 2415 2697 2486 ’Λθηναίων
2727 2412 2984 2466 ἐδεδοίκει
3015 2410 3106 2462 τὸν
3137 2407 3357 2476 ἀγῶνα,
3396 2406 3492 2460 καὶ
3517 2405 3750 2471 ἐξίστατο

2182 2511 2283 2579 τῆς
2331 2509 2612 2578 βασιλείας
2654 2506 2732 2576 τῷ
2782 2504 3090 2575 βουλομένῳ
3149 2498 3595 2556 διακινδυνεῦσαι
3633 2497 3751 2567 πρὸς

2183 2603 2406 2669 Ξάνθον,
2432 2601 2492 2663 ὃς
2547 2599 2867 2654 ἐϐασίλευσε
2894 2594 3166 2649 Βοιωτῶν.
3216 2592 3332 2646 Καὶ
3363 2591 3644 2653 Μέλανθος
3675 2588 3750 2642 ἐπ’

2183 2695 2331 2764 ἄθλῳ
2378 2695 2478 2764 τῆς
2533 2691 2812 2763 βασιλείας
2829 2690 2875 2723 ⁵⁸
2921 2688 3224 2758 ὑπέρχεται
3277 2685 3371 2737 τὸν
3417 2684 3623 2751 ἀγῶνα,
3669 2683 3750 2735 καὶ

2185 2786 2570 2858 προϐαίνουσιν
2622 2785 2678 2837 αί
2731 2782 3018 2852 συνθῆκαι.
3083 2778 3238 2833 Ἐπεὶ
3284 2778 3330 2831 δ’
3363 2778 3410 2810 ⁸⁹
3463 2778 3543 2839 εἰς
3593 2776 3751 2844 μάχην

2183 2871 2342 2948 ἧκον,
2373 2875 2583 2946 καθορᾷ
2608 2877 2636 2927 6
2661 2871 2942 2934 Μέλανθος
2964 2870 3159 2939 φάσμα
3192 2887 3246 2923 τι
3277 2867 3362 2938 τῷ
3389 2865 3580 2936 Ξάνθῳ
3603 2865 3754 2934 ἄνδρα

2186 2968 2453 3038 ἑπόμενον
2479 2967 2746 3036 ἀγένειον.
2787 2964 2876 3027 Ὠς
2900 2965 2944 3017 δ’
2975 2962 3242 3032 ἀνεϐόησε
3271 2959 3359 3030 μὴ
3388 2959 3574 3011 δίκαια
3602 2959 3756 3009 ποιεῖν

2187 3061 2339 3131 παρὰ
2393 3058 2492 3122 τὰς
2545 3057 2820 3127 συνθήκας
2881 3055 3224 3125 ἐπαγόμενον
3243 3055 3297 3085 ⁸ο
3367 3050 3584 3122 βοηθὸν,
3643 3066 3755 3120 μετ-

2189 3152 2433 3224 εστράφη
2469 3151 2498 3202 6
2525 3149 2728 3213 Ξάνθος
2753 3188 2766 3210 ,
2805 3149 2944 3217 πρὸς
2975 3148 3037 3200 τὸ
3094 3147 3336 3200 ἄπιστον
3368 3145 3465 3198 τοῦ
3492 3145 3646 3212 λόγου
3680 3145 3758 3196 έκ-

2190 3241 2453 3310 πλαγείς·
2498 3243 2594 3295 κα)⁵
2639 3241 2804 3294 αὑτὸν
2843 3239 3007 3304 εὐθὺς
3051 3241 3081 3293 ό
3131 3239 3422 3301 Μέλανθος
3470 3237 3546 3308 τῷ
3594 3238 3755 3305 δόρατι

2191 3335 2369 3407 βαλὼν
2420 3333 2643 3399 κτείνει,
2692 3333 2787 3386 καὶ⁵
2829 3333 2928 3402 τήν
2975 3349 3035 3384 τε
3084 3331 3279 3401 Οἰνόην
3326 3330 3630 3398 Ἀθηναίοις
3681 3329 3758 3380 καὶ

2189 3427 2371 3498 ἑαυτῷ
2401 3425 2500 3497 τὴν
2537 3424 2814 3496 βασιλείαν
2842 3425 2922 3477 ἐν).
2945 3425 3385 3494 περιεποιήσατο
3414 3423 3754 3491 ἀγωνίσματι.

2190 3521 2264 3572 Τὸ
2306 3517 2404 3586 μὲν
2446 3518 2511 3585 δὴ
2553 3517 2662 3570 τῶν
2704 3515 3062 3587 Ἐρεχθειδῶν
3082 3516 3128 3547 ⁶¹
3179 3517 3349 3584 γένος
3384 3515 3464 3578 είς
3507 3514 3630 3576 τοὺς
3661 3514 3758 3566 Με-

2189 3611 2460 3675 λανθίδας,
2506 3604 2582 3663 ὧν
2613 3605 2682 3681 ἦν
2712 3609 2809 3662 καὶ
2853 3608 3061 3679 Κόδρος
3081 3648 3095 3672 ,
3127 3609 3236 3663 ἀπὸ
3261 3608 3465 3662 τούτου
3503 3607 3751 3676 μετέστη·

2202 3703 2478 3772 Ἀθηναῖοι
2529 3700 2575 3754 δ’
2627 3698 2856 3771 ὕστερον
2909 3697 3152 3770 Διονύσῳ
3198 3699 3518 3769 Μελανθίδῃ
3536 3701 3580 3731 θ’
3634 3695 3758 3750 κατὰ

2190 3791 2440 3864 χρησμὸν
2474 3791 2618 3861 ἱερὸν
2643 3789 2990 3861 ἱδρυσάμενοι
3014 3788 3235 3843 θύουσιν
3259 3790 3370 3843 ἀνά
3398 3791 3506 3843 πᾶν
3530 3789 3660 3851 έτος,
3677 3788 3757 3840 καὶ

2189 3885 2267 3956 τῷ
2293 3885 2612 3954 άπατουρίῳ
2650 3884 2734 3937 Διὶ
2768 3884 2888 3954 ἱερά
2936 3884 3271 3948 ἁνάπτοντες
3295 3923 3311 3950 ,
3363 3885 3447 3938 ὃτι
3495 3884 3669 3943 αὐτοῖς
3703 3883 3755 3932 ἐκ

2196 3979 2288 4050 τῆς
2315 3978 2536 4048 ἀπάτης
2565 3975 2857 4044 ἀγώνισμα
2894 3975 3134 4043 ἐγένετο.

2267 4069 2338 4122 ΓΗ
2375 4067 2428 4139 μ’
2464 4069 2674 4139 ἱστορία
2722 4067 2792 4119 τὰ
2824 4068 2954 4136 περὶ
2996 4067 3360 4138 Ἀνδρομέδας
3409 4068 3610 4136 ἱστορεῖ
3650 4063 3750 4116 έτέ-

2191 4181 2302 4233 pro;
2350 4161 2447 4231 ἦθ’
2484 4161 2560 4224 ὡς
2607 4163 2635 4212 6
2673 4161 2944 4232 Ἑλλήνων
2981 4160 3175 4230 μῦθος.
3217 4161 3514 4231 Ἀδελφούς
3544 4157 3749 4229 μὲνγὰρ

2188 4257 2282 4310 δύο
2318 4254 2596 4324 γενέσθαι,
2635 4254 2835 4323 Κηφέα
2866 4254 2960 4306 καὶ
2999 4253 3184 4320 Φινέα,
3234 4255 3328 4308 καὶ
3377 4251 3518 4308 εἶναι
3551 4253 3642 4322 τὴν
3671 4248 3746 4302 τοῦ

2187 4350 2428 4420 Κηφέως
2483 4347 2763 4417 βασιλείαν
2814 4348 2936 4400 τότε
2965 4349 3023 4400 έν
3051 4350 3116 4418 τῇ
3171 4347 3637 4418 μετονομασθείσῃ
3667 4343 3745 4412 μὲν

2192 4440 2423 4511 ὕστερον
2461 4440 2684 4512 Φοινίκῃ
2708 4477 2722 4502 ,
2751 4440 3056 4508 τηνικαῦτα
3081 4441 3128 4492 δ’
3169 4441 3380 4511 Ἰώππᾳ
3396 4441 3444 4472 6‘
3466 4439 3572 4492 ἀπὸ
3613 4435 3743 4489 Ἰώπ-

509 4530 620 4574 ιιιιη
667 4519 886 4587 luisset,
925 4523 1291 4591 habuisseque
1326 4525 1537 4594 imperii
1570 4530 1832 4585 terminos
1870 4547 1900 4582 a
1946 4531 2082 4584 tnari

2194 4545 2301 4600 πης
2332 4529 2433 4597 τῆς
2463 4527 2900 4580 ἐπιθαλασσιδίου
2937 4528 3149 4592 πόλεως
3180 4527 3422 4598 τοῦνομα
3449 4523 3742 4594 λαϐούσῃ⁶⁵·

504 4623 694 4667 nostro
722 4615 789 4670 ad
817 4627 937 4669 eam
963 4631 1131 4684 usque
1153 4617 1436 4684 Arabiam,
1465 4635 1584 4688 qua:
1620 4623 1684 4676 ad
1742 4622 2083 4693 Erythrarum

503 4720 654 4761 mare
679 4707 937 4776 pertinet.
968 4707 1162 4765 Fuisse
1192 4711 1319 4766 item
1359 4712 1574 4782 Cepheo
1612 4713 1809 4784 insigni
1841 4717 2084 4785 pulchri-

2193 4622 2290 4676 καὶ
2331 4616 2400 4691 ἦν
2449 4619 2518 4672 τὰ
2565 4619 2664 4687 τῆς
2691 4619 2870 4688 ἀρχῆς
2900 4621 3024 4690 ὅρια
3071 4619 3178 4673 ἀπὸ
3207 4620 3306 4690 τῆς
3354 4619 3642 4689 καθ’ήμᾶς
3669 4616 3748 4668 θα·

2191 4714 2397 4784 λάσσης
2427 4710 2852 4782 μέχριἈράϐων
2872 4711 2915 4743 ⁸⁸
2941 4711 3050 4765 τῶν
3076 4711 3216 4783 πρὸς
3241 4716 3342 4782 τὴν
3368 4710 3632 4783 Ἐρυθρὰν
3667 4706 3742 4759 θά-

1791 4850 2029 4907 νΑΙῖῐίΕ
2061 4848 2472 4908 LECTIONES.

574 4932 623 4965 “
655 4931 873 5015 ῑὼγηκᾳὶ
907 4953 1035 5015 κεκε-
1083 4956 1143 5003 ς.
1303 4959 1469 5015 προφ.
1497 4943 1597 5012 τῆς
1642 4946 1750 5001 τῶν
1808 4946 1990 4999 ποδῶν
2021 4963 2083 5009 ς.
2161 4947 2207 4978 ⁸⁸
2231 4943 2577 5015 περιθεμένη)
2605 4959 2670 5015 ς,
2742 4943 2787 4973 ³⁷
2815 4941 2890 5005 ὡς
2917 4957 3054 5015 om.“
3079 4948 3144 5015 A.
3187 4943 3467 5015 Νηλειδῶν
3517 4936 3742 5015 Lei_r_lIiIIS

501 5020 684 5086 plus:
727 5003 848 5059 libri
902 5007 1119 5086 ﬁgll'ﬁ-tfly‘,
1199 5003 1876 5086 tttalinrrﬁﬁactleiqt.

1979 5017 2025 5047 δν
2066 5016 2252 5082 ἐπειδή
2430 5009 2474 5045 ⁸ο
2499 5009 2838 5080 ἐπαγόμενος
2873 5016 2934 5066 Α.
3015 5013 3059 5043 ⁸³
3092 5009 3418 5082 Ἐρεχθίδων
3464 5014 3508 5068 Α
3543 5009 3741 5082 είἚρε-

501 5071 771 5161 χθούντων
926 5071 1298 5161 ἠιΜελανθίδι
1411 5152 1424 5161 _
1463 5085 1512 5161 f3
1685 5089 1777 5161 καί
1802 5073 1872 5161 A.
1917 5094 2038 5161 post
2066 5071 2466 5161 γενέσθαι-ςυστ
2490 5085 2533 5136 A
2557 5071 2712 5138 omisi
2740 5071 2891 5152 φασί.
2970 5082 3015 5114 ⁸⁸
3051 5083 3096 5136 δ’
3129 5071 3322 5156 ’ίόππᾳ
3354 5086 3400 5138 A
3430 5104 3445 5139 :
3474 5083 3540 5138 δι’
3561 5071 3736 5138 ὅπας.

499 5147 742 5215 lleyuius
783 5147 828 5199 δ’
864 5147 1051 5221 ἰοπίᾳ.
1089 5151 1218 5224 ἀπὺ]
1255 5152 1283 5204 ὃ
1315 5152 1425 5205 άπό
1447 5153 1515 5208 Α.
1563 5147 1928 5227 ’³⁸⁵’λαὸούσηέ
1947 5159 2014 5210 A.
2076 5147 2133 5188 ’⁸⁸
2169 5155 2450 5227 Ἀρράὸων
2476 5172 2537 5217 ς.

1985 5255 2218 5312 NOTJE.

721 5341 859 5416 ῌερὶ
881 5341 1162 5416 Κελαινῶν
1194 5343 1346 5416 suid.
1372 5354 1428 5400 et
1454 5346 1689 5416 Polyaen.

570 5413 683 5483 (40)
717 5410 970 5484 Οίιὶιιιίιω
996 5413 1140 5484 ﬁlius
1171 5414 1260 5484 qui
1294 5410 1600 5484 postremus
1626 5419 1690 5472 de
1712 5415 1964 5472 Thesidis
2002 5435 2085 5470 re-

501 5481 706 5552 gnavit.
762 5481 1267 5555 Pausan.’Corinth.
1295 5481 1541 5555 'Attingit
1571 5503 1784 5555 quoque
1817 5490 1956 5541 hanc
1999 5489 2082 5541 hi-

501 5555 724 5606 storiam
759 5554 958 5607 Strabo
989 5553 1080 5607 lib.
1110 5569 1164 5607 Ix
1198 5555 1316 5609 init.
1347 5565 1401 5608 et
1449 5553 1682 5612 maxime
1703 5553 1863 5612 ’Suid.
1912 5559 2083 5610 Ἀπα-

499 5623 718 5711 Eppia:
753 5621 952 5711 lgferp.
987 5624 1267 5711 Aristoph.
1296 5625 1534 5696 Polyaan.
1579 5630 1653 5682 lib
1682 5644 1721 5694 ι,
1753 5629 2080 5698 Stratagem.

501 5690 745 5762 Frontin.
775 5691 868 5762 lib.
902 5690 971 5756 ιι,
1016 5709 1137 5762 cap.
1175 5693 1226 5748 5.

576 5761 688 5840 (41)
713 5761 910 5815 Suidas
927 5779 1061 5818 voce
1077 5761 1716 5840 άπατ-ουρίαΑῡίοηγείυιη
1740 5771 1886 5825 hunc
1910 5771 2080 5840 μελα-

502 5831 718 5899 ναίγιδα
743 5840 902 5886 vocat
928 5848 997 5889 ex
1012 5849 1076 5891 eo
1088 5838 1231 5906 quod
1247 5831 1456 5910 τραγῆν
1481 5831 1783 5912 ἐνημμένος
1814 5831 2072 5911 μέλαιναν

2181 5347 2328 5400 visus
2355 5344 2466 5402 ille
2517 5351 2640 5411 post
2668 5342 2944 5397 Xanthum
2991 5344 3326 5411 apparuerit.
3367 5342 3537 5410 Hujus
3578 5349 3736 5411 tamen

2181 5417 2375 5470 Bacchi
2398 5409 2565 5469 aedem
2589 5412 2824 5468 Pausan.
2851 5415 2902 5467 in
2923 5409 3248 5469 Corinthiac.
3278 5419 3417 5486 apud
3448 5409 3734 5468 Trwzcnios

2179 5486 2390 5542 statuit.

2249 5557 2363 5625 (42)
2400 5555 2533 5610 Vide
2579 5552 2850 5625 Hyginum
2890 5554 3296 5620 Apollodorum,
3374 5565 3423 5609 et
3455 5555 3727 5625 interpret.

2179 5615 2430 5695 Apollon.
2453 5615 2811 5695 Aratiﬁt'tque
2832 5615 3097 5694 Lycbphr.
3141 5615 3300 5680 Ovid.
3351 5642 3382 5678 v
3407 5615 3728 5695 Metqmbrp/b

2247 5696 2360 5766 (45)
2396 5695 2762 5766 Βιτθὺογὴσηο
2802 5693 2930 5748 item
2956 5699 3280 5750 sententiam
3314 5695 3466 5751 affert
3497 5693 3582 5766 lib.
3625 5702 3658 5766 ι,
3684 5693 3728 5734 ει

2178 5760 2372 5823 itertnn
2415 5781 2544 5833 xvt;
2593 5765 2798 5821 Plinius
2856 5780 3092 5835 quoque,
3131 5766 3365 5824 Pausan.
3418 5782 3477 5821 ac
3517 5760 3728 5834 plerique

2180 5852 2388 5896 omnes.
