4022 6444
267 378 374 442 577
1312 369 1840 432 BIBLIOTHECA.
1879 367 2130 427 —COD.
2169 365 2527 426 CLXXXVI.
3448 358 3554 421 578

267 489 483 542 λασσαν
511 485 558 556 ᾠ
569 483 852 555 κημένων.
885 477 1040 536 Εἶναι
1075 479 1132 534 δὲ
1155 478 1235 550 τῷ
1262 480 1446 550 Κηφεῖ
1472 480 1567 532 mi.
1595 478 1855 550 θυγατέρα

1979 478 2166 532 tudine
2199 476 2364 530 ﬁliam
2417 472 2842 534 Andromedam,
2883 487 3047 540 quam
3078 471 3228 540 proci
3257 469 3550 533 ambirent,

268 581 414 635 πάνυ
438 578 620 650 καλὴν
648 576 1034 647 Ἀνδρομέδαν,
1066 573 1161 629 καὶ
1189 574 1358 642 αὐτὴν
1389 571 1627 642 μνᾶσθαι
1646 572 1856 626 Φοίνικά

1974 570 2204 626 Phoenix
2274 568 2540 638 quidam,
2611 578 2666 620 et
2731 566 2845 632 ipse
2914 563 3113 633 Cephei
3197 563 3364 618 frater
3432 563 3557 616 Phi-

268 690 329 726 τε
359 670 460 724 καὶ
493 671 591 723 τὸν
617 669 848 738 ἀδελφὺν
890 667 1128 738 Κηφέως
1152 665 1337 719 Φινέα.
1369 666 1597 734 Κηφεὺς
1635 664 1691 717 δὲ
1733 664 1856 734 μετέ

1975 677 2133 716 neus.
2190 660 2262 714 At
2311 659 2586 728 Cepheum
2653 667 2934 726 postquam
3012 655 3163 708 varia
3201 654 3270 709 de
3329 663 3558 721 utroque

270 762 507 826 πολλοὺς
534 764 668 825 τοὺς
703 760 788 829 ἐφ’
824 759 1074 828 ἑκατέρῳ
1102 755 1222 829 [2⁵51
1256 755 1347 828 ll.]
1397 755 1694 826 λογισμοὺς
1732 756 1858 823 έγνιι

1977 768 2158 808 secum
2185 753 2303 821 ipse
2329 751 2754 814 considerasset,
2795 746 3038 802 Plitenici
3076 747 3292 801 tandem
3326 747 3560 813 despon-

269 855 463 908 δοῦναι
515 854 619 924 μὲν
650 853 883 918 Φοίνικι,
937 851 1160 921 ἁρπαγῇ
1203 848 1259 901 δὲ
1305 845 1402 900 τοῦ
1460 849 1772 918 μνηστῆρος
1813 849 1857 900 τε

1978 849 2104 900 dere
2126 843 2287 898 ﬁliam
2313 843 2592 905 statuisse,
2617 856 2680 894 ac
2709 855 2805 910 per
2831 839 2952 894 ﬁlia:
2976 848 3188 908 raptum
3217 838 3562 892 consentien-

274 947 450 1002 αὑτοῦ
499 946 753 1000 ἑκούσιον
801 942 1222 1014 ἀποκρύπτειν·
1264 940 1358 995 καὶ
1411 940 1719 1008 ἁρπάζεται
1766 941 1862 994 ἀπε

1981 946 2087 990 tem
2135 949 2288 988 suam
2356 932 2685 986 voluntatem
2734 931 3012 996 obtegere.
3063 928 3354 998 Abreptam
3397 925 3563 996 igitur

277 1059 434 1103 τινος
464 1041 675 1110 νησῖδος
702 1040 915 1109 ἐρήμου
939 1039 974 1106 ή
1011 1035 1358 1106 Ἀνδρομέδα,
1387 1037 1446 1089 ἐν
1475 1028 1520 1102 ᾧ
1549 1035 1731 1088 εἰώθει
1770 1037 1865 1087 ἁπ-

1980 1027 2150 1080 fuisse
2182 1041 2248 1080 ex
2281 1024 2492 1078 deserta
2531 1023 2763 1092 quadam
2808 1021 2984 1076 insula
3021 1018 3448 1080 Andromedam,
3507 1017 3560 1069 in

291 1135 461 1188 ιοῦσα
487 1133 672 1193 θυσίας
697 1132 766 1200 τῇ
813 1130 1108 1200 Ἀφροδίτῃ
1144 1126 1314 1180 θύειν.
1345 1127 1593 1190 Φοίνικος
1623 1127 1669 1181 δ’
1702 1127 1879 1196 ἁρπά-

1981 1135 2142 1189 quam
2189 1118 2389 1172 soleret
2440 1115 2635 1170 Veneri
2690 1114 2957 1170 sacriﬁcia
2986 1114 3234 1167 oblatura
3285 1111 3558 1166 secedere.

301 1244 507 1290 σαντος
544 1224 628 1294 νηῒ
667 1224 894 1293 (Κῆτος
943 1222 986 1274 δ’
1033 1221 1174 1291 αὕτη
1215 1219 1466 1273 ἐκαλεῖτο
1491 1262 1506 1285 ,
1561 1221 1594 1290 ἢ
1648 1221 1880 1290 μίμησιν

1981 1209 2057 1264 lta
2098 1223 2222 1263 cum
2266 1207 2547 1262 Phoenicis
2584 1207 2745 1276 hujus
2779 1205 3040 1273 rapientis
3071 1205 3196 1256 navi
3235 1205 3378 1273 (qua:
3402 1201 3567 1258 Cetus

304 1321 503 1389 ἔχουσα
530 1316 618 1370 τοῦ
646 1315 790 1380 ζὼου
817 1315 850 1386 ἢ
874 1315 970 1368 καὶ
985 1315 1029 1347 ⁸⁷
1060 1315 1203 1368 κατὰ
1234 1313 1428 1384 τύχην)
1459 1316 1493 1385 ή
1524 1313 1878 1384 Ἀνδρομέδα,

1983 1302 2126 1356 dicta
2153 1312 2254 1366 est,
2293 1301 2407 1353 sive
2431 1313 2461 1353 a
2501 1298 2664 1366 piscis
2695 1297 2836 1350 illius
2879 1296 3249 1360 similitudine,
3285 1295 3400 1349 sive
3437 1310 3565 1347 casu

303 1412 380 1477 ὡς
412 1411 546 1464 κατὰ
574 1409 804 1477 ἄγνοιαν
852 1407 945 1462 τοῦ
995 1408 1201 1478 πατρὸς
1237 1407 1597 1480 ἁρπαζομένη
1628 1447 1644 1473 ,
1675 1407 1879 1461 ἀνωλο-

1984 1392 2195 1478 aliquo).
2253 1392 2603 1446 Andromeda
2709 1389 2903 1460 139a
2978 1399 3233 1456 tanquam
3300 1389 3568 1442 insciente

300 1505 507 1575 φύρατό
533 1519 594 1556 τε
629 1503 722 1556 καὶ
758 1500 876 1572 μετ’
921 1501 1174 1570 οἰμωγῆς
1222 1501 1350 1563 τοὺς
1383 1499 1752 1572 βοηθήσοντας
1793 1503 1884 1554 ἀν-

1984 1498 2141 1558 patre
2190 1487 2538 1549 avelleretur,
2590 1485 2792 1539 misere
2839 1498 2956 1536 eam
3009 1482 3264 1552 ejulasse,
3305 1496 3569 1551 Opemque

295 1574 563 1650 εκαλεῖτο.
607 1598 860 1666 Περσεὺς
890 1595 935 1648 δ’
963 1595 992 1646 ὁ
1022 1594 1237 1664 Δανάης
1271 1594 1415 1648 κατὰ
1447 1594 1678 1665 δαίμονα
1704 1611 1883 1664 παρα-

1986 1595 2110 1635 cum
2135 1579 2388 1650 lacrymis
2416 1579 2717 1634 invocasse.
2740 1577 2819 1631 Ad
2847 1593 2908 1631 ea
2930 1577 3188 1631 Perseum
3213 1576 3328 1646 (44)
3361 1574 3571 1628 Danaes

290 1691 470 1743 πλέων
502 1690 760 1758 κατίσχει
783 1728 796 1754 ,
830 1689 925 1742 καὶ
954 1687 1092 1759 πρὸς
1118 1687 1217 1758 τὴν
1253 1687 1478 1758 πρώτην
1502 1687 1625 1757 ὄψιν
1653 1688 1751 1758 τῆς
1789 1688 1878 1740 κό-

1985 1671 2157 1726 ﬁlium
2228 1673 2368 1726 forte
2415 1669 2632 1724 fortuna
2692 1670 3276 1740 prmternavigantem,
3346 1683 3567 1723 cursum

289 1801 389 1855 ρης
419 1783 595 1853 οῐκτῳ
623 1783 718 1836 καὶ
743 1781 910 1852 ἔρωτι
944 1780 1223 1851 συσχεθεὶς
1253 1783 1313 1833 τό
1339 1798 1399 1834 τε
1429 1781 1636 1844 πλοῖον,
1660 1781 1726 1833 τὸ
1757 1781 1877 1850 Κῆ-

1989 1763 2295 1818 inhibuisse
2327 1781 2340 1817 :
2382 1763 2666 1833 primoque
2705 1777 2831 1816 mox
2879 1762 3068 1850 puellas
3097 1773 3342 1830 aspectu,
3372 1762 3571 1829 pietate

282 1831 400 1938 τος,
428 1831 914 1945 διαφθείρειῖκώ
947 1831 1080 1934 τοὺς
1104 1831 1440 1942 ὲμτίλέοντας
1456 1872 1501 1903 ⁸⁸
1533 1831 1639 1924 sua;
1667 1831 1870 1942 ἐκπλή-

1987 1856 2167 1918 simul,
2204 1866 2259 1911 et
2304 1871 2488 1910 amore
2519 1865 2732 1936 captum
2765 1872 2780 1909 :
2815 1835 3239 1922 tum'navigium
3284 1854 3415 1908 illud
3453 1852 3571 1906 Ceti

285 1969 429 2032 ξεως
482 1968 651 2036 μόνον
693 1965 815 2035 οὐχὶ
882 1964 1212 2027 λιθωθέντας
1267 1966 1503 2035 ἀναιρεῖ.
1563 1963 1672 2017 Καὶ
1724 1963 1873 2016 τοῦτ(

1987 1950 2207 2004 nomine
2255 1965 2635 2021 expugnasse,
2685 1957 2742 2004 et
2797 1958 3045 2003 vectores
3102 1958 3309 2002 tantum
3358 1963 3465 2001 non
3521 1945 3573 2000 in

287 2057 529 2128 Ἕλλησι
549 2057 615 2109 τὸ
644 2057 740 2110 τοῦ
777 2055 946 2126 μύθου
977 2056 1159 2124 Κῆτος
1193 2056 1289 2108 καὶ
1321 2057 1369 2109 οἱ
1399 2055 1667 2124 παγέντες
1691 2055 1772 2118 εἰς
1801 2055 1875 2108 λί⁴

1987 2043 2193 2111 lapides
2235 2058 2346 2111 prae
2396 2054 2539 2097 metu
2587 2056 2770 2096 versos
2800 2081 2815 2108 ,
2882 2041 3170 2096 occidisse.
3215 2043 3392 2109 Atque
3434 2040 3575 2093 hunc

291 2147 426 2211 θους
456 2149 746 2219 ἄνθρωποι
777 2147 875 2217 τῆς
889 2147 932 2178 ⁶⁹
967 2145 1233 2216 Γοργόνος
1262 2149 1331 2217 τῇ
1376 2146 1613 2216 κεφαλῇ.
1658 2147 1879 2214 ’Ἀγεται

1991 2135 2141 2189 ἰΙΙυιιι
2191 2149 2314 2188 esse
2371 2134 2575 2188 Graeca:
2624 2133 2818 2188 fabulae
2871 2132 3085 2195 Cetum,
3154 2133 3254 2187 hos
3308 2132 3577 2196 homines,

288 2238 334 2290 δ“
369 2233 470 2290 οὖν
514 2239 756 2306 γυναῖκα
793 2235 892 2306 τὴν
931 2235 1313 2304 Ἀνδρομέδαν,
1363 2234 1458 2286 καὶ
1506 2233 1712 2302 οἴχεται
1752 2229 1876 2283 αὕτη)

1991 2226 2259 2295 Gorgonis
2299 2225 2415 2296 (45)
2446 2225 2560 2280 viso
2575 2225 2770 2295 capite,
2798 2225 2849 2279 in
2882 2240 3013 2280 saxa
3042 2234 3295 2280 mutatos.
3320 2225 3577 2279 Perseum

297 2330 666 2400 συμπλέουσα
705 2330 784 2392 είς
814 2328 910 2399 τὴν
957 2327 1184 2380 Ἐλλάδα
1212 2325 1290 2398 τῷ
1319 2327 1524 2397 Περσεῖ
1554 2365 1570 2391 ,
1605 2326 1698 2379 καὶ
1740 2325 1885 2396 βασι-

1993 2319 2160 2388 igitur
2181 2318 2588 2374 Andromedam
2614 2333 2838 2375 uxorem
2867 2319 3170 2389 accepisse,
3203 2331 3497 2387 secumque
3527 2318 3578 2370 in

296 2426 559 2488 λεύοντος
585 2426 646 2478 τὸ
679 2424 884 2495 Ἀργος
909 2424 1166 2475 οἰκεῖται.

1997 2408 2263 2464 Graeciam
2298 2411 2510 2480 navigio
2528 2411 2765 2476 vexisse,
2796 2419 2962 2480 atque
2984 2413 3156 2479 Argos
3183 2411 3283 2465 sub
3313 2409 3456 2464 illius
3492 2410 3585 2463 im-

1996 2503 2148 2572 perio
2181 2502 2415 2557 habitari
2438 2512 2699 2572 coeptum.

380 2599 449 2652 Ἥ
479 2604 570 2669 μα’
595 2598 672 2661 ὡς
705 2597 1031 2667 Ἄντανδρον
1078 2595 1307 2667 ᾤκησαν
1352 2595 1646 2664 Πελασγοὶ,
1677 2595 1794 2649 ἀλλ’
1819 2593 1894 2658 ὡς

2069 2593 2496 2664 Quadragesima
2547 2595 2723 2665 prima
2793 2611 2806 2648 :
2871 2593 3208 2648 Antandrum
3271 2592 3590 2647 habitarunt

303 2690 408 2762 μὲν
431 2690 572 2752 ἔνιοί,
608 2707 776 2758 φασι,
809 2689 989 2752 δόντος
1028 2691 1212 2752 αὐτοῖς
1234 2688 1526 2742 Ἀσκανίου
1551 2687 1751 2758 λύθρον
1779 2687 1891 2741 ἀνθ¹

2001 2688 2236 2761 Pelasgi.
2259 2689 2788 2761 Verum(utquidam
2817 2691 3066 2760 narrant)
3085 2706 3150 2745 ex
3175 2704 3264 2752 eo,
3288 2691 3431 2757 quod
3449 2689 3589 2741 hanc

299 2781 497 2846 αὑτοῦ,
551 2781 676 2834 ἐπεὶ
709 2780 904 2851 ἐνέδρᾳ
937 2779 1248 2850 συνελήφθη
1282 2780 1375 2833 ὑπ’
1400 2779 1603 2844 αὐτῶν,
1645 2781 1744 2834 καὶ
1767 2781 1887 2833 ἀπο-

2005 2784 2140 2852 ipsis
2165 2784 2430 2838 Ascanius
2452 2799 2550 2854 pro
2571 2784 2961 2852 redemptionis
2985 2798 3096 2837 suae
3123 2783 3295 2853 pretio
3315 2784 3591 2842 donasset,

300 2873 589 2933 λυθέντος’
641 2869 720 2926 διὸ
751 2872 845 2923 καὶ
887 2870 1233 2939 Ἄντανδρος,
1261 2870 1344 2922 ὅτι
1390 2870 1510 2924 ἀντὶ
1551 2871 1670 2934 ἑνὸς
1709 2870 1888 2941 ἀνδρὸς

2005 2891 2127 2930 cum
2157 2891 2226 2931 ex
2272 2877 2484 2931 insidiis
2511 2885 2701 2945 captus
2755 2876 2821 2929 ab
2853 2877 2936 2930 bis
2965 2877 3330 2946 dimissusque
3353 2875 3544 2929 fuisset
3577 2892 3592 2931 :

303 2966 503 3018 ἔλαϐον
538 2963 714 3019 adiuv.
733 2963 791 3017 '0
813 2964 858 3002 ἰο
892 2962 935 3015 δ’
967 2962 1251 3024 Ἀσκάνιος
1281 2962 1398 3026 υίὸς
1433 2963 1532 3032 μὲν
1562 2958 1630 3033 ἦν
1662 2964 1891 3029 Αἰνείου1

2009 2968 2140 3023 hinc
2162 2967 2308 3023 enim
2329 2967 2598 3023 Antandri
2617 2967 2832 3022 nomine
2853 2968 3456 3037 urbemdixisse,quam
3474 2966 3597 3019 ἀντὶ

306 3059 455 3129 μετὰ
482 3059 542 3111 δὲ
569 3057 767 3127 Τροίας
806 3055 1007 3110 ἅλωσιν
1037 3055 1387 3136 ἐϐασίλερσεν
1413 3055 1578 3126 Ἴδης.
1615 3058 1678 3110 Ol
1705 3057 1760 3111 δέ
1800 3075 1894 3126 φα.

2012 3058 2134 3123 ἐνὸς
2171 3061 2366 3132 ἀνδρὸς
2414 3059 2536 3133 [pro
2582 3076 2689 3114 uno
2723 3058 2861 3131 viro]
2913 3061 3274 3130 accepissent.
3331 3059 3597 3114 Ascanius

306 3168 397 3203 σιν
433 3147 687 3202 ἐντεῦθεν
713 3148 932 3216 οἰκῆσαι
949 3147 989 3177 ’⁷³
1017 3146 1332 3214 Πελασγοὺς
1354 3147 1698 3216 Ἄντανδρον.
1717 3149 1894 3200 Ἀπόλ·

2021 3163 2203 3206 autem
2240 3154 2324 3208 hic
2350 3153 2537 3209 IE‘neae
2565 3153 2731 3215 ﬁlius,
2758 3153 2879 3218 fuit,
2908 3155 3002 3224 qui
3031 3164 3187 3221 capta
3205 3152 3315 3222 jam
3349 3151 3510 3221 Troja
3545 3153 3597 3204 in

304 3243 483 3305 λωνος
538 3241 634 3295 καὶ
691 3240 978 3311 Κρεούσης
1007 3240 1190 3302 ’Ἀνιος
1225 3238 1438 3307 γίνεται
1481 3243 1610 3303 παῖς
1637 3241 1701 3308 ⁷²,
1737 3240 1834 3294 τοῦ
1856 3242 1892 3295 δί

2015 3245 2108 3302 lda
2155 3248 2435 3316 regnavit.
2484 3247 2588 3301 Alii
2645 3247 2770 3301 hinc
2808 3248 2988 3313 potius
3043 3245 3285 3301 referunt
3344 3244 3601 3315 Pelasgos

308 3335 570 3406 Ἀνδρος,
601 3333 658 3396 ὃς
690 3334 820 3404 μίαν
849 3335 1079 3402 οἰκήσας
1101 3333 1212 3385 τῶν
1241 3333 1423 3403 νήσων
1445 3332 1506 3385 τὸ
1539 3334 1713 3402 ὄνομα
1735 3334 1890 3387 λείπε

2017 3339 2358 3394 Antandrum
2416 3338 2731 3394 incoluisse.
2767 3339 2847 3393 Ex
2892 3340 3162 3409 Apolline,
3213 3340 3384 3407 aiunt,
3440 3351 3605 3408 atque

305 3431 377 3499 τῇ
405 3429 576 3498 νήσῳ,
641 3425 769 3498 [449
800 3424 891 3497 Β.)
921 3425 1064 3479 κατὰ
1093 3426 1283 3479 στάσιν
1312 3426 1357 3479 δ’
1387 3426 1603 3480 ἐκεῖθεν
1643 3427 1891 3481 ἐκπεσὼν

2017 3431 2222 3508 (Ξτθυερ
2245 3432 2485 3502 gignitur
2511 3431 2706 3499 Anius,
2741 3442 2796 3487 et
2825 3448 2888 3487 ex
2923 3434 3025 3487 hoc
3053 3431 3294 3499 Audrus,
3320 3433 3410 3502 qui
3440 3449 3602 3488 unam

307 3522 412 3573 καὶ
453 3517 656 3588 χωρίον
678 3519 725 3549 ⁷³
757 3516 880 3570 ίδὼν
931 3518 1035 3570 ὑπὸ
1063 3519 1162 3588 τὴν
1202 3518 1351 3588 Ἴδην
1381 3519 1764 3589 παραπλήσιον
1788 3521 1895 3574 Ἀνε

2021 3525 2322 3578 insularum
2382 3524 2719 3589 inhabitans,
2767 3540 2963 3579 nomen
3009 3526 3122 3596 (46)
3174 3543 3394 3597 quoque
3445 3543 3603 3582 suum

306 3615 449 3682 ὅρῳ,
513 3612 723 3675 πολίζει
757 3611 817 3663 τὸ
847 3611 1047 3682 χωρίον
1093 3611 1190 3665 καὶ
1251 3613 1582 3682 ’Ἄντανδρον
1627 3613 1765 3684 πρὸς
1820 3612 1894 3684 τὴι

2021 3616 2218 3670 insula;
2274 3616 2525 3686 reliquit.
2574 3617 2680 3672 Sed
2739 3621 2947 3673 exortis
3002 3620 3198 3675 deinde
3248 3622 3607 3676 seditionibus

307 3710 625 3780 ὁμοιότητα
679 3709 959 3779 ὀνομάζει.
995 3708 1106 3780 Τὴν
1136 3708 1183 3762 δ’
1219 3708 1449 3778 Ἀνδρον
1499 3708 1707 3778 ἔρημον
1754 3704 1895 3758 οὖσα·

2023 3711 2152 3766 hinc
2205 3723 2453 3778 exactus,
2503 3714 2678 3768 locum
2731 3716 3019 3784 quemdam
3077 3717 3474 3784 contemplatus
3524 3728 3610 3772 est

310 3802 448 3865 λαὸς
477 3799 778 3868 Πελασγῶν
803 3801 1108 3872 ἐσῳκίσατο
1125 3800 1194 3856 ⁷⁸.
1246 3801 1358 3854 Καὶ
1389 3802 1423 3870 ή
1450 3799 1690 3862 Κύζικος
1722 3798 1780 3850 δὲ
1809 3800 1898 3852 Πε·

2024 3805 2126 3858 sub
2169 3803 2280 3868 lda,
2330 3805 2517 3858 Andro
2548 3805 2808 3871 vicinum,
2837 3806 2888 3859 in
2921 3823 3027 3874 quo
3062 3809 3248 3860 urbem
3295 3808 3607 3872 aediﬁcavit,

319 3894 565 3962 λασγοὺς
596 3891 754 3962 ἔσχεν
779 3893 1072 3963 οἰκήτορας
1097 3909 1111 3922 ·
1138 3893 1232 3945 καὶ
1258 3891 1368 3962 γὰρ
1390 3890 1629 3956 Κύζικος
1653 3891 1683 3943 ὁ
1726 3891 1907 3944 Ἀπόλ-

2025 3914 2187 3967 quam
2207 3900 2277 3953 ob
2321 3899 2733 3954 similitudinem
2768 3899 3106 3955 Antandrum
3149 3901 3465 3955 nominavit.
3499 3901 3611 3954 An-

324 3987 520 4050 λωνος,
577 3986 878 4054 Πελασγῶν
924 3985 1034 4038 τῶν
1065 3987 1125 4038 ἐν
1161 3984 1435 4055 Θεσσαλίᾳ
1463 3983 1786 4054 βασιλεύων,
1817 3983 1912 4037 ὐπέ

2027 3992 2184 4042 drum
2228 3990 2444 4044 interim
2472 3991 2751 4044 desertum
2781 3989 3131 4060 Pelasgorum
3158 4008 3288 4060 gens
3343 3993 3614 4046 inhabita-

315 4080 569 4135 Αἰολέων
613 4079 754 4150 μετὰ
779 4078 1079 4147 Πελασγῶν
1134 4076 1386 4131 ἐκπεσὼν
1435 4077 1534 4149 τὴν
1594 4077 1903 4149 χερῤόνησο·

2028 4082 2126 4136 vit.
2175 4080 2249 4136 Ita
2294 4084 2528 4152 Cyzicus
2564 4097 2777 4152 quoque
2832 4065 3038 4138 incolas
3087 4085 3279 4140 habuit
3335 4085 3612 4156 Pelasgos.

314 4174 424 4244 τῆς
468 4171 660 4234 Ἀσίας
710 4170 942 4236 πολίζει,
988 4171 1112 4233 δοὺς
1172 4171 1309 4241 αὑτῇ
1354 4171 1450 4224 καὶ
1499 4169 1763 4241 τοῦνομα.
1815 4173 1901 4225 Κα

2029 4160 2240 4228 Eienim
2305 4174 2532 4245 Cyzicus
2567 4175 2830 4244 Apollinis
2886 4177 3044 4235 ﬁlius.
3105 4177 3366 4248 Pelasgis,
3415 4181 3505 4248 qui
3562 4183 3613 4233 in

317 4263 544 4335 ηὐξήθη
571 4264 637 4315 ὲκ
663 4263 926 4331 ταπεινῆς
982 4261 1208 4328 Κυζίκῳ
1273 4265 1353 4325 είς
1403 4263 1546 4331 μέγα
1573 4263 1606 4333 ή
1641 4261 1806 4334 ἁρχὴ,
1833 4264 1905 4331 ἀφ

2033 4263 2312 4318 Thessalia
2349 4274 2527 4327 erant,
2558 4265 2854 4334 imperans,
2885 4267 2952 4320 ab
2976 4267 3324 4322 Aiolensibus
3352 4284 3473 4321 cum
3502 4269 3616 4323 suis

318 4351 394 4411 οἶδ
425 4355 664 4424 Κλείτην
714 4355 816 4422 τὴν
862 4353 1136 4423 Μέροπος,
1167 4353 1225 4416 ὃς
1259 4353 1370 4407 τῶν
1435 4356 1565 4425 περὶ
1634 4353 1906 4408 Ῥυνδακὸε

2033 4356 2277 4427 Pelasgis
2323 4359 2549 4427 eiectus,
2607 4361 2659 4412 in
2719 4358 3063 4415 Cherroneso
3094 4361 3238 4414 Asiae
3281 4361 3391 4431 (47)
3427 4362 3615 4416 urbem

323 4448 550 4519 χωρίων
595 4447 902 4507 ἐϐασίλευε,
959 4447 1199 4514 γυναῖκα
1240 4447 1500 4516 ἠγάγετο.
1539 4447 1602 4498 Ui
1636 4446 1691 4498 δὲ
1723 4445 1911 4516 μετὰ⁷¹

2035 4454 2100 4507 de
2128 4468 2228 4508 suo
2262 4455 2478 4507 nomine
2500 4455 2788 4518 exstruxit,
2823 4453 3004 4516 ibique
3056 4469 3120 4507 ex
3153 4454 3338 4506 humili
3366 4471 3614 4522 magnam

338 4541 581 4604 Ἰάσονος
629 4540 725 4593 ἐπὶ
749 4538 810 4591 τὸ
839 4538 1002 4609 δέρας
1055 4540 1225 4602 ἰόντες
1275 4539 1594 4610 κατίσχουσι
1639 4541 1776 4609 πρὸς
1829 4541 1926 4610 τὴν

2037 4545 2086 4598 in
2127 4545 2426 4614 potentiam
2474 4547 2667 4612 crevit,
2715 4555 2996 4615 postquam
3032 4547 3203 4600 Cliteu
3251 4546 3414 4598 ﬁliam
3450 4546 3625 4600 Mero-

324 4632 579 4697 Κύζικον
609 4634 678 4703 τῇ
724 4631 934 4701 Ἀργοῖ,
971 4631 1067 4684 καὶ
1116 4631 1380 4700 μαθόντες
1408 4635 1455 4685 οἱ
1489 4631 1761 4700 Πελασγοὶ
1787 4632 1912 4686 Θεσ-

2035 4636 2142 4706 pis,
2175 4638 2266 4706 qui
2315 4638 2492 4692 vicina
2525 4639 2783 4707 Byndaco
2831 4637 2945 4708 (48)
2980 4637 3094 4692 loca
3138 4653 3229 4692 rex
3263 4638 3455 4702 tenuit,
3489 4655 3621 4693 con-

328 4726 529 4780 σαλίδα
555 4725 656 4796 τὴν
694 4723 849 4791 ναῦν,
893 4722 1039 4777 κατὰ
1097 4724 1259 4793 μῆνιν
1310 4725 1408 4795 τῆς
1456 4724 1688 4795 ἐκϐολῆς
1734 4725 1916 4788 νυκτὸς

2036 4727 2203 4781 nubio
2236 4727 2338 4782 sibi
2384 4729 2587 4798 junxit.
2614 4727 2830 4784 Jasonis
2861 4727 2973 4799 (49)
3022 4739 3208 4798 postea
3239 4709 3487 4793 comites,
3527 4730 3620 4798 qui

329 4817 608 4888 ἐμάχοντο
630 4818 699 4884 τῇ
738 4815 946 4886 Ἀργοῖ.
1001 4812 1241 4878 Κύζικον
1278 4814 1335 4866 δὲ
1382 4813 1541 4868 λῦσαι
1593 4815 1695 4886 τὴν
1745 4816 1917 4888 μάχην

2037 4833 2157 4871 cum
2214 4819 2304 4872 illo
2336 4821 2402 4874 ad
2434 4820 2604 4874 vellus
2629 4835 2856 4874 aureum
2905 4820 3387 4888 proﬁciscebantur
3408 4859 3424 4885 ,
3473 4822 3625 4886 Argo

1621 4931 1860 4990 VARIE
1900 4933 2303 4991 LECTIONES.

407 5047 455 5082 ⁵⁷
492 5050 605 5122 καὶ,
625 5065 736 5106 om.
775 5053 842 5106 A.
911 5052 955 5084 ⁸⁸
976 5051 1314 5122 ἐμπλέοντας
1343 5054 1387 5104 A
1420 5068 1434 5106 :
1467 5052 1808 5122 ἐμπεσόντας
1834 5071 1895 5117 ς.
1970 5054 2014 5086 θ’
2047 5055 2146 5122 τῆς
2177 5056 2301 5109 add.
2353 5057 2417 5108 A.
2494 5057 2540 5088 7°
2578 5056 2605 5108 ὃ
2630 5056 2674 5110 Α
2713 5075 2726 5109 :
2753 5056 2827 5118 ὡς
2857 5074 2917 5120 ς.
2995 5055 3039 5087 ⁷¹
3061 5053 3263 5108 οἰκίσαι
3285 5055 3352 5108 A.
3427 5055 3471 5086 ⁷⁸
3497 5057 3626 5115 παῖς

332 5120 427 5174 A:
461 5121 618 5193 παρά
649 5139 712 5186 ς.
797 5122 844 5154 ⁷³
875 5123 971 5177 καλ⁸
1003 5120 1064 5176 τὸ
1097 5122 1298 5194 χωρίον
1323 5122 1390 5176 A.
1468 5120 1513 5153 7‘
1567 5124 1877 5177 ἐσοικίσατο
1915 5124 1962 5176 Α
1999 5142 2013 5178 :
2050 5120 2391 5197 εἰσῳκήσατο
2417 5145 2476 5190 ς.
2551 5127 2596 5158 ⁷⁵
2640 5127 2776 5197 μετὰ
2793 5129 2917 5181 add.
2956 5128 3022 5180 A.

1854 5245 2088 5302 NOTAE.

412 5331 914 5405 (“)Perseihujus
942 5331 1236 5402 imaginem
1264 5333 1472 5401 inspice
1503 5337 1644 5404 apud
1673 5335 1930 5391 Philostr.
2042 5339 2181 5392 Plin.
2243 5339 2359 5392 vult
2402 5338 2529 5394 olim
2581 5339 2812 5394 insulam
2871 5341 2938 5397 ab
2967 5341 3279 5396 Alexandro
3327 5334 3628 5396 continenti

341 5403 1050 5487 lib._t‘_'_1c'on.ante‘penult.
1126 5484 1135 5487 _
1329 5445 1434 5487 .‘m
1595 5477 1645 5487 __
2035 5409 2311 5487 jiinetatiL.

418 5475 536 5553 (45)
584 5474 800 5541 Strabo,
837 5471 932 5529 lib.
981 5491 1014 5529 x
1050 5484 1282 5530 extrem.
1333 5471 1471 5529 Vide
1509 5473 1668 5531 Ovid.
1724 5487 1780 5532 et
1815 5494 1934 5549 my-
2035 5471 2072 5553 ξ
2115 5479 2226 5553 (48)
2266 5480 2579 5553 Ryndacns,
2630 5481 2812 5553 Strab.
2879 5482 2971 5536 lib.
3024 5498 3099 5535 xu
3144 5490 3283 5553 extr.
3321 5483 3372 5534 in
3405 5479 3624 5553 Cyzico,

346 5547 552 5631 lholggo
606 5613 622 5631 Δ
684 5624 722 5631 μ
797 5615 808 5631 _
889 5630 896 5631 ί
990 5615 1002 5627 ,
1125 5616 1160 5631 ,Δ
1207 5613 1260 5631 η·
1339 5617 1350 5631 1
1559 5618 1572 5631 1
1668 5617 1684 5631 Δ
1748 5627 1758 5631 _
1859 5547 1886 5631 ς
2041 5547 2442 5631 ﬁtI_Viti§_estin
2483 5550 3110 5631 Propontidem_exiens.
3150 5547 3623 5619 Stcpliano‘ctiam

442 5613 536 5698 4:6)
587 5613 928 5698 Antandros,
990 5615 1166 5686 inquit
1205 5613 1466 5684 Stephan.
1524 5618 1594 5673 ab
1656 5617 1937 5673 Antandro
2044 5613 2668 5698 urlisAPhrygianiinter
2698 5634 2767 5698 et.
2801 5623 3224 5698 Hellespontum.

348 5686 982 5765 Eolensiuni_stra_tego.
1305 5759 1332 5765 Δ
1410 5761 1421 5765 _
1598 5757 1614 5765 _
1683 5759 1693 5765 _
1784 5758 1795 5765 _
2047 5761 2059 5765 _
2119 5691 2236 5765 (ὄρ)
2275 5686 2591 5762 Βὶξίιιιὶυυε
2615 5693 2862 5765 Apollon.
2912 5686 3003 5748 lib.
3043 5691 3388 5762 tArgouaut.
3444 5687 3627 5745 οινο-

421 5758 538 5828 (47)
571 5756 889 5830 Strabo__lib.
924 5772 1000 5811 xu
1033 5765 1266 5814 extrem.
1295 5759 1549 5830 Cyzicum
1592 5757 1721 5813 facit
1784 5758 1936 5812 insu-
2047 5756 2145 5818 ιω.
2180 5761 2360 5818 Flacc.

348 5825 482 5896 lam,
536 5836 596 5884 ut
635 5828 891 5899 Apollon.
939 5830 1284 5899 Argonautic.
1324 5825 1362 5885 ιζ
1400 5831 1535 5886 Vide
1585 5830 1932 5888 scholiastas.
