4022 6466
531 391 637 454 579

1689 388 1952 450 ΡΗΟΤΙΙ
1982 390 2314 450 PATRIAR
2324 389 2493 449 CHIE
2522 388 2631 448 (ΣΡ.

3667 391 3758 455 580

455 541 459 548 ι
535 507 656 560 navi
713 505 778 556 ad
825 502 1082 574 Cyzicum
1138 503 1510 572 appulerunt,
1569 517 1728 573 quam
1786 512 1843 556 ιιι
1893 501 2102 570 Pelasgi

2224 503 2504 556 ιπιστάντα
2564 497 2779 568 ἀγνοῶν
2849 497 3038 550 Ἰάσων
3099 494 3320 560 κτείνει,
3373 497 3631 553 πεσόντων
3675 507 3759 559 καὶ

536 597 906 652 Thessalicam
951 609 1072 650 esse
1111 595 1292 649 navim
1325 595 1648 660 didicerunt,
1688 608 1754 648 ex
1794 595 1962 648 veteri
2019 594 2110 649 illo

534 688 683 750 odio,
709 687 850 754 quod
880 685 949 739 ab
977 685 1062 738 his
1086 683 1212 739 olim
1252 684 1458 754 expulsi
1495 684 1742 747 fuissent,
1774 694 1934 739 noctu
1965 685 2110 751 Argo

536 785 869 847 Oppugnant.
922 775 1183 846 Cyzicum
1233 775 1304 829 ibi
1345 791 1578 845 pugnam
1607 775 1862 829 dirimere
1903 789 2108 828 conan-

537 880 644 924 tem
675 868 836 922 .Iason
864 869 1062 921 occidit
1099 868 1436 936 imprudens,
1471 869 1625 921 caesis
1641 882 1761 922 cum
1794 867 1882 920 illo
1910 876 1964 921 et
1986 867 2108 920 aliis

536 961 742 1030 aliquot
778 959 1020 1031 Pelasgis
1059 978 1071 1013 :
1122 961 1235 1029 ipsa
1266 973 1394 1014 vero
1428 961 1575 1028 Argo
1607 960 1658 1013 in
1689 959 1945 1014 Colchida
1988 958 2106 1013 vela

538 1048 687 1102 fecit.
722 1049 908 1116 Itaque
947 1049 1156 1119 Pelasgi
1182 1050 1248 1103 de
1283 1050 1423 1117 regis
1448 1050 1529 1103 sui
1563 1049 1781 1104 interitu
1818 1051 2106 1104 admodum

538 1141 742 1205 mmsti,
781 1151 908 1194 tunc
941 1142 1157 1211 quidem
1188 1141 1538 1211 optimatibus
1591 1141 1723 1206 suis,
1756 1143 1898 1210 quod
1951 1141 2108 1212 Cyzi-

539 1247 637 1286 cus
701 1232 970 1286 hzcredem
1021 1233 1224 1286 nullum
1303 1232 1644 1302 reliquisset,
1718 1234 2102 1304 rempublicam

2216 595 2390 650 ἄλλων
2424 592 2738 660 Πελασγῶν.
2781 592 2891 644 Καὶ
2918 591 2952 658 ἡ
2979 591 3079 658 μέν
3111 588 3293 658 Ἀργὼ
3353 587 3499 643 ἔπλει
3533 593 3618 644 ἐπὶ
3642 597 3762 650 Κόλ.

2215 703 2373 758 χους-
2403 687 2453 738 oi
2483 685 2539 738 δέ
2569 685 2690 737 τότε
2752 683 2850 752 μὲν
2893 679 3383 750 ὑπερηχθέσθησαν
3435 681 3526 733 ἐπὶ
3568 685 3631 755 τῇ
3679 687 3762 740 τοῦ

2218 779 2480 850 βασιλέως
2541 777 2792 847 τελευτῇ,
2845 775 2940 828 καὶ
2964 775 3077 838 τοῖς
3099 773 3233 844 παρ’
3258 774 3441 835 αὐτοῖς
3461 773 3686 841 δυνατοῖς
3708 782 3766 834 τὰ

2213 871 2312 940 τῆς
2360 869 2568 931 πόλεως
2621 867 2957 938 ἐνεχείρισαν
2992 865 3134 933 (οὺδέ
3183 864 3294 935 γὰρ
3323 861 3392 936 ἦν
3416 868 3540 930 παῖς
3561 868 3766 940 Κυζίκῳ

2212 960 2497 1030 διάδοχος),
2521 960 2744 1030 ὕστερον
2771 959 2829 1012 δὲ
2851 959 2956 1012 ὑπὸ
2985 958 3288 1030 Τυρρηνῶν
3316 955 3555 1020 Κυζίκου
3591 976 3767 1028 μετανο

2215 1053 2470 1122 έστησαν,
2497 1053 2590 1105 καὶ
2618 1052 2892 1122 Τυῤῥηνοὶ
2920 1051 3020 1120 τὴν
3069 1051 3420 1122 Χερρόνησον
3448 1049 3619 1119 ἔσχον.
3667 1055 3764 1109 Καὶ

2215 1143 2436 1206 τούτους
2485 1143 2762 1212 Μιλησίων
2840 1143 3005 1212 μοῖρα
3058 1141 3208 1212 μάχῃ
3263 1140 3589 1209 νικήσαντες
3636 1142 3770 1197 αὑτοὶ

2213 1235 2450 1300 Κύζικον
2469 1233 2714 1304 ᾤκησαν.

540 1325 977 1378 commiserunt:
1025 1325 1193 1377 donec
1236 1325 1577 1391 postmodum
1629 1323 1824 1396 Cyzico
1885 1325 2021 1395 pulsi
2076 1341 2105 1380 a
2145 1325 2464 1396 Tyrrhenis,
2495 1325 2610 1394 qui,
2649 1323 2992 1379 Cherroneso
3040 1319 3232 1390 139b
3266 1329 3552 1388 occupata,
3605 1327 3656 1375 et
3703 1325 3772 1378 his

541 1419 630 1489 qui
662 1418 988 1470 Milesiorum
1035 1431 1160 1484 pars
1189 1425 1366 1478 erant,
1392 1433 1565 1486 pugna
1593 1419 1881 1487 superatis,
1903 1419 2121 1489 ipsimet
2146 1418 2400 1491 Cyzicum
2424 1419 2780 1474 incoluerunt.

615 1509 1032 1578 Quadragesima
1060 1509 1317 1562 secunda.
1343 1508 1510 1562 Gelon
1539 1509 1754 1564 Siculus
1779 1512 2117 1579 tyrannidem

543 1605 799 1658 invadere
829 1601 1077 1663 studens,
1121 1599 1510 1655 Hinierazorum
1549 1602 1662 1672 (50)
1689 1603 1938 1672 populum
1969 1603 2115 1658 cole-

542 1699 658 1762 bat,
683 1711 746 1751 ac
772 1709 868 1765 pro
888 1709 953 1749 eo
981 1693 1239 1748 adversus
1268 1693 1604 1762 potentiores
1637 1694 1929 1764 pugnabat.
1963 1693 2117 1751 Unde

543 1793 715 1863 ipsum
765 1791 914 1860 plebs
964 1788 1102 1842 adeo
1153 1788 1464 1851 adamabat,
1512 1797 1572 1841 ut
1620 1789 1822 1857 petenti
1859 1788 1960 1844 sibi
1998 1789 2114 1844 dari

541 1883 788 1951 corporis
806 1882 1077 1943 custodes,
1095 1879 1497 1948 promptissime
1519 1894 1613 1931 eos
1630 1879 1956 1933 concesserit
1979 1879 2113 1948 (5-1).

545 1973 888 2028 Stesichorus
944 1978 1125 2023 tamen
1197 1967 1500 2023 Himeraeus
1572 1981 1763 2038 poeta,
1813 1971 2120 2040 suspicatus

549 2079 772 2135 regnum
795 2061 1049 2116 affectare
1075 2061 1223 2114 illum
1247 2060 1402 2122 velle,
1433 2058 1718 2129 apologum
1743 2061 1887 2114 hunc
1925 2061 2120 2130 pepulo

548 2155 819 2218 recitavit,
874 2153 1163 2222 imaginem
1213 2151 1437 2216 eorum',
1478 2166 1597 2220 qua:
1647 2160 1766 2219 post
1815 2151 2123 2206 acciderent

550 2247 832 2300 malorum.
871 2243 1054 2311 Equus
1086 2241 1222 2310 (52),
1256 2241 1450 2309 inquit,
1487 2240 1624 2293 forte
1652 2254 1876 2308 pascens
1911 2241 1974 2292 ad
1999 2239 2120 2295 fon-

549 2350 656 2393 tem
702 2337 968 2391 hihitnrus
1012 2334 1329 2396 accedebat,
1380 2348 1500 2386 cum
1557 2347 1717 2387 cerva
1757 2332 1973 2386 interim
2025 2347 2121 2401 per

547 2444 734 2499 agrum
783 2427 927 2481 illum
984 2426 1272 2490 transiens,
1310 2433 1364 2478 et
1397 2424 1617 2478 herbam
1667 2425 2035 2492 proculcavit,
2067 2433 2122 2478 et

549 2535 741 2589 aquam
794 2518 1049 2572 turbavit.
1088 2516 1270 2585 Equus
1321 2517 1500 2584 itaque
1534 2515 1786 2568 vindictae
1833 2516 2118 2569 admodum

545 2605 791 2675 cupidus,
845 2604 939 2658 sed
989 2605 1179 2671 pedum
1229 2602 1510 2658 celeritate
1559 2603 1802 2669 inferior,
1851 2604 2122 2658 venatoris

545 2711 706 2765 opem
742 2695 1074 2764 imploravit.
1124 2694 1238 2757 Ille,
1271 2697 1315 2747 si
1351 2693 1561 2748 frenum
1608 2709 1703 2748 ore
1743 2695 2030 2762 acciperet,
2068 2704 2123 2749 et

548 2799 700 2858 tergo
750 2791 937 2840 sedere
971 2793 1264 2854 pateretur,
1307 2784 1561 2839 facillime
1590 2801 1649 2840 se
1678 2784 1833 2852 hujus
1872 2786 2119 2854 iniuriam

548 2880 784 2933 ulturutn
821 2878 1124 2946 pollicetur.
1157 2874 1308 2942 Quod
1343 2878 1434 2929 ubi
1471 2877 1548 2932 sic
1582 2878 1783 2931 factum
1826 2888 1930 2944 est,
1962 2894 2120 2932 cerva

546 2967 766 3038 quidem
824 2966 944 3020 telis
992 2965 1243 3020 confossa
1289 2965 1479 3035 jacuit,
1531 2968 1622 3021 sed
1667 2983 1838 3036 equus
1897 2969 2060 3022 etiam
2091 2985 2119 3021 a

547 3071 808 3114 venatore
851 3059 1192 3127 subiugatum
1246 3074 1307 3114 se
1345 3062 1536 3115 sensit.
1579 3061 1744 3125 Idem,
1785 3061 1976 3129 inquit,
2021 3077 2122 3130 ego

551 3167 759 3217 vereor,
792 3167 825 3206 ο
866 3151 1138 3218 Himerzei,
1177 3167 1244 3207 ne
1279 3167 1420 3206 nunc
1445 3167 1565 3206 cum
1599 3154 1648 3205 in
1681 3154 1927 3222 populari
1977 3165 2120 3208 statu

2304 1511 2369 1564 Ἦ
2407 1511 2495 1581 μβ¹
2525 1512 2602 1573 ὡς
2655 1510 2833 1563 Γέλων
2857 1511 2886 1562 ὁ
2914 1499 3243 1577 Σικελιιὶἱτης
3290 1506 3565 1576 τυραννίδι
3613 1508 3770 1563 ἐπιθέ-

2223 1596 2346 1652 σθαι
2373 1597 2753 1668 διανοούμενος
2802 1597 3088 1667 Ἱμεραίων
3141 1596 3444 1666 ἐθεράπευε
3485 1596 3576 1648 τὸν
3606 1596 3766 1667 δῆμον,

2221 1690 2316 1742 καὶ
2343 1690 2481 1743 κατά
2506 1690 2615 1744 τῶν
2645 1689 2888 1744 δυνατῶν
2909 1689 3273 1760 ὑπερεμάχει,
3296 1689 3392 1742 καὶ⁵
3422 1689 3580 1742 αὐτὸν
3608 1691 3769 1759 ἠγάπα

2220 1779 2281 1833 τὸ
2312 1780 2533 1850 πλῆθος,
2565 1781 2659 1835 καὶ
2692 1780 2936 1851 φυλακὴν
2964 1779 3059 1833 τοῦ
3101 1778 3353 1849 σώματος
3409 1778 3638 1832 αἰτοῦντι
3681 1779 3769 1851 ὼρ-

2225 1871 2422 1940 μᾶτοτδ
2477 1869 2703 1924 διδόναι.
2751 1869 3082 1939 Στησίχορος
3111 1867 3155 1922 δ’
3183 1870 3212 1921 ὁ
3253 1868 3524 1938 Ἱμεραῖος
3549 1867 3764 1939 ποιητὴς,

2223 1965 2569 2032 ὑποτοπήσας
2601 1964 2901 2033 ἐπιχειρεῖν
2927 1961 3091 2014 αὑτὸν
3121 1959 3422 2031 τυραννίδι,
3475 1959 3602 2021 στάς
3652 1957 3769 2013 αἶνον

2225 2055 2351 2128 [252
2373 2055 2464 2127 Η.]
2495 2055 2677 2122 ἔλεξεν
2697 2057 2777 2119 είς
2806 2055 2870 2109 τὸ
2898 2054 3122 2125 πλῆθος,
3171 2053 3360 2107 εἰκόνα
3386 2052 3481 2105 τοῦ
3523 2051 3766 2122 μέλλοντος

2223 2147 2450 2212 πάθους.
2483 2149 2704 2212 Ἵππος,
2751 2149 2906 2218 φησι,
2934 2147 3232 2217 νεμόμενος
3266 2144 3456 2214 ἐφοίτα
3489 2143 3771 2213 ποιούμενος

2221 2238 2312 2290 ἐπὶ
2332 2238 2560 2308 κρήνην,
2593 2238 2651 2291 ἐλ
2667 2255 2804 2306 αφος
2825 2237 2882 2291 δέ
2903 2237 2965 2290 τὸ
2997 2237 3176 2290 πεδίον
3202 2236 3491 2289 διαθέουσα
3511 2236 3554 2267 ⁷⁷
3595 2235 3687 2304 τήν
3723 2253 3768 2287 τε

2221 2329 2358 2381 πόαν
2384 2330 2699 2383 κατέστειϐε
2730 2331 2827 2384 καὶ
2855 2331 2916 2384 τὸ
2939 2331 3086 2401 νᾶμα
3120 2330 3410 2398 ἐτάραττε.
3450 2326 3561 2380 Καὶ
3579 2327 3607 2378 ὁ
3633 2326 3769 2388 ἵππος

2221 2419 2403 2473 ποθῶν
2442 2421 2541 2492 τὴν
2585 2421 2877 2476 ἀδικοῦσαν
2926 2423 3264 2492 τιμωρῆσαι,
3319 2420 3474 2489 τάχει
3528 2419 3583 2471 δέ
3624 2417 3769 2470 ποδῶν

2220 2516 2560 2586 λειπόμενος,
2591 2517 2758 2588 ἄνδρα
2793 2517 3158 2587 κυνηγέτην⁷⁸
3205 2515 3400 2586 βοηθὸν
3427 2513 3637 2566 ἐκάλει·
3658 2511 3682 2563 ὁ
3705 2511 3767 2566 δὲ.

2221 2608 2270 2660 εί
2295 2608 2512 2677 χαλινὸν
2540 2608 2742 2671 δέξοιτο
2761 2610 2854 2661 καὶ
2879 2609 3176 2678 ἀναϐάτην,
3205 2609 3383 2678 ῥᾷστα
3405 2605 3626 2675 ἀμύνειν
3649 2603 3770 2672 αὐτῷ

2223 2700 2554 2769 ὑπισχνεῖτο.
2611 2701 2720 2754 Καὶ
2771 2701 2986 2769 ἐγένετο
3052 2700 3246 2761 οὕτως.
3282 2699 3447 2767 KGH)
3485 2698 3580 2766 μέν
3607 2696 3773 2764 ἔλαφος

2222 2793 2492 2856 ἀκοντίοις
2542 2793 2721 2847 ἔκειτο
2751 2794 3028 2864 βληθεῖσα,
3060 2795 3089 2846 ὁ
3114 2793 3158 2847 δ’
3187 2794 3362 2854 ἵππος
3411 2791 3602 2862 ᾔσθετο
3626 2790 3774 2842 δεδου-

2221 2886 2460 2954 λωμένος
2490 2885 2566 2956 τῷ
2595 2890 2890 2958 κυνηγέτῃ.
2927 2887 3105 2952 Τοῦτ’,
3142 2885 3271 2956 ἔφη,
3305 2884 3517 2937 δέδοικα
3545 2882 3773 2936 καὶτθαύ-

2221 2976 2332 3041 τὸς,
2364 2974 2408 3030 ὧ
2448 2979 2731 3048 Ἱμεραῖοι,
2764 2980 2839 3048 μὴ
2892 2979 2986 3031 νῦν
3039 2978 3210 3049 δῆμος
3255 2977 3415 3040 ὄντες
3455 2975 3560 3028 τῶν
3597 2973 3775 3044 ἐχθρῶν

2227 3069 2325 3138 μὲν
2351 3070 2438 3123 διὰ
2466 3071 2702 3133 Γέλωνος
2732 3071 3117 3142 περιγένησθε,
3139 3071 3300 3124 αὐτοὶ
3318 3071 3365 3124 δ’
3394 3069 3609 3137 ὕστερον
3635 3067 3775 3119 Γέλω-

2223 3179 2276 3214 νι
2309 3161 2632 3233 δουλεύσητε
2653 3179 2668 3192 ο
2695 3164 2869 3231 φιλεῖν
2887 3164 2932 3196 ὀ
2959 3166 3068 3234 γὰρ
3098 3165 3327 3220 ἃπασαν
3355 3164 3453 3234 τὴν
3478 3163 3688 3231 δύναμιν
3709 3159 3770 3228 τῷ

547 3245 688 3307 sitis,
723 3244 966 3298 hostibus
993 3245 1210 3312 quidem
1244 3259 1340 3312 per
1374 3243 1632 3300 Gelonem
1670 3247 1978 3313 superiores
2007 3247 2118 3300 red-

2224 3252 2436 3306 λαὸόντι
2469 3253 2562 3306 ἐπὶ
2583 3254 2673 3306 τὸν
2701 3255 2864 3309 δόντα
2893 3251 3052 3322 εἶναι,
3075 3259 3204 3311 ὅταν
3224 3257 3421 3328 ὥσπερ
3443 3255 3615 3308 δοῦναι
3638 3249 3776 3320 αὐτὴν

549 3335 777 3399 domini,
806 3335 899 3390 Sed
939 3335 1151 3389 tandem
1181 3337 1360 3391 adhuc
1396 3337 1569 3390 cidem
1613 3337 1806 3391 Geloni
1851 3339 2118 3393 servietis.

2231 3346 2428 3414 μηκέτι
2459 3348 2523 3399 ἐκ
2549 3346 2643 3400 τοῦ
2675 3347 2861 3416 ὁμοίου
2892 3348 3220 3418 κομίσασθαι
3252 3350 3359 3421 ἔχῃ
3376 3350 3442 3404 ⁸¹.

547 3433 717 3486 Grata
771 3430 915 3486 enim
965 3431 1144 3489 omnis
1175 3433 1441 3502 polentia,
1485 3434 1742 3488 adversus
1769 3449 1893 3489 eum
1934 3437 2026 3505 qui
2055 3435 2282 3508 dederit,
2314 3441 2602 3512 accipienti
2642 3453 2745 3508 est,
2798 3444 3012 3513 quando
3067 3444 3208 3499 hanc
3258 3446 3354 3500 ille
3411 3459 3516 3498 non
3585 3439 3778 3512 amplius

552 3535 658 3576 tam
689 3521 846 3576 facile
872 3521 1086 3576 auferre
1122 3532 1319 3590 potest,
1354 3537 1516 3591 quam
1548 3535 1703 3577 antea
1737 3525 1986 3581 contulit.

619 3617 1037 3686 Quadragesima
1079 3618 1256 3670 tertia.
1310 3617 1453 3687 Ignis
1497 3618 1696 3671 Aﬂtnzci
1746 3631 1983 3676 crateres
2017 3622 2129 3693 (55)

551 3721 729 3765 tantas
771 3709 1083 3778 aliquando,
1120 3709 1354 3763 fluminis
1385 3709 1577 3774 instar,
1608 3710 1850 3764 flammas
1879 3727 1976 3781 per
2008 3728 2128 3766 eam

552 3801 825 3872 regionem
843 3801 1168 3865 eII'uderunt,
1194 3809 1252 3853 ut
1272 3800 1538 3854 Catanazis
1559 3801 1711 3870 (urbs
1738 3815 1914 3858 autem
1939 3804 2129 3858 Graeca

551 3893 751 3947 Siciliae
787 3891 991 3945 Catana
1027 3899 1131 3960 est)
1167 3900 1467 3946 extremum
1511 3895 1659 3947 urbis
1691 3895 1964 3948 interitum
2007 3912 2128 3950 cer-

551 3986 762 4040 tissimo
820 3984 1060 4037 allatura:
1112 3984 1445 4039 viderentur.
1500 3986 1576 4038 Ex
1636 4002 1695 4040 ca
1762 3987 1924 4056 igitur
1983 3989 2129 4043 cives

550 4094 712 4146 quam
743 4077 1008 4131 citissime
1037 4075 1324 4146 fugientes,
1349 4094 1537 4131 aurum
1566 4079 1679 4142 alii,
1729 4081 1818 4133 alii
1845 4093 2126 4151 argentum

550 4169 869 4235 efferebant,
906 4169 995 4221 alii
1029 4184 1158 4222 vero
1190 4184 1521 4238 quzecuuque
1554 4171 1850 4226 subsidium
1901 4175 1954 4227 in
1983 4176 2126 4230 exsi-

549 4261 623 4314 lio
681 4259 908 4313 allatura
957 4261 1298 4314 videbantur.
1362 4261 1598 4330 Anapias
1650 4263 1763 4334 (54)
1819 4275 2026 4319 tantum
2075 4275 2129 4321 et

547 4352 961 4420 Amphinomns,
987 4367 1096 4420 pra:
1118 4352 1366 4404 omnibus
1391 4365 1642 4422 parentes
1659 4357 1808 4410 senio
1829 4357 2123 4423 confectos,

550 4442 792 4496 humeris
849 4442 1131 4511 impositos
1190 4442 1458 4511 fugientes
1505 4447 1836 4502 extulerunt.
1887 4449 2125 4505 Casteros

2319 3624 2386 3677 'H
2419 3630 2528 3694 μγ¹,
2549 3627 2597 3678 οἱ
2624 3627 2722 3694 τῆς
2751 3624 2948 3698 Αἴτνης
2972 3625 3067 3680 τοῦ
3085 3627 3256 3699 πυρὸς
3283 3629 3556 3698 κρατῆρες
3586 3627 3775 3680 ἀνέϐλυ-

2239 3720 2336 3771 σὰν
2392 3735 2525 3770 ποτε
2577 3718 2823 3788 ποταμοῦ
2879 3718 3037 3787 δίκην
3092 3719 3267 3788 φλόγα
3302 3719 3445 3773 κατὰ
3485 3720 3581 3787 τῆς
3602 3717 3776 3789 χώρας,

2236 3811 2332 3862 καλ⁸
2385 3809 2716 3872 Καταναίοις
2759 3809 2937 3880 (πόλις
2963 3809 3009 3862 δ’
3046 3810 3236 3874 Ἑλλὰς
3268 3814 3331 3864 ὲν
3380 3810 3595 3881 Σικελίᾳ
3625 3811 3654 3876 ή
3680 3810 3776 3863 Κα-

2235 3902 2391 3972 τάνη)
2429 3901 2576 3966 ἔδοξε
2613 3902 2881 3972 παντελὴς
2936 3901 3184 3955 ἔσεσθαι·
3211 3902 3390 3975 φθορά
3432 3905 3528 3974 τῆς
3580 3902 3771 3961 πόλεως.

2236 3994 2330 4046 καὶ
2363 3993 2624 4064 ταύτηςδί
2665 3993 2958 4062 φεύγοντες
2989 3993 3063 4057 ὡς
3084 3989 3228 4063 εἶχον
3249 3995 3450 4064 τάχους
3481 3995 3528 4046 ot
3555 3992 3645 4062 μὲν
3671 4007 3774 4061 χρυ-

2236 4086 2347 4148 σὺν,
2373 4088 2422 4138 oi
2452 4086 2508 4138 δέ
2539 4087 2780 4157 ἄργυρον
2811 4087 3026 4158 ἔφερον,
3059 4090 3106 4140 οἱ
3135 4088 3190 4140 δὲ
3223 4089 3251 4140 ὅ
3274 4107 3326 4141 τι
3356 4089 3420 4141 ἄν
3451 4106 3532 4150 τις
3566 4084 3771 4156 βούλοιτο

2234 4183 2583 4253 ἐπικούρημα
2612 4184 2713 4252 τῆς
2731 4184 2930 4253 φυγῆς.
2971 4185 3233 4247 Ἀναπίας
3265 4186 3321 4238 δέ
3347 4187 3441 4238 καὶ
3479 4179 3768 4253 Ἀμφίνομος

2232 4276 2355 4328 ἀντὶ
2389 4277 2607 4328 πάντων
2658 4275 2785 4338 τοὺς
2833 4278 3010 4343 γονεῖς
3039 4278 3307 4344 γηραιοὺς
3325 4277 3483 4339 ὄντας
3529 4275 3615 4327 ἐπὶ
3670 4271 3768 4330 τοὺς

2232 4368 2414 4439 ὤμους
2465 4368 2788 4438 ἀναθέμενοι
2833 4368 3086 4438 ἔφευγον.
3121 4370 3232 4422 Καὶ
3259 4371 3385 4431 τοὺς
3415 4368 3511 4440 μέν
3546 4361 3759 4426 ἄλλουςῆ

2233 4459 2363 4529 φλὸξ
2408 4459 2882 4514 ἐπικαταλαϐοῦσα
2908 4458 3180 4529 ἔφθειρεν,
3221 4461 3416 4524 αὐτοὺς
3445 4459 3499 4511 δὲ
3528 4451 3762 4528 περιεσχίσ

549 4533 766 4588 interim
812 4532 1030 4588 ﬂamma
1070 4535 1304 4589 adurens
1342 4536 1620 4602 exstinxit,
1664 4554 1781 4607 quae
1831 4542 1881 4594 in
1927 4541 2118 4595 horum

2226 4551 2328 4622 σθη
2349 4551 2412 4604 τὸ
2432 4551 2562 4622 πῦρ,
2592 4551 2684 4604 καὶ
2705 4549 2892 4623 ὥσπερ
2922 4550 3084 4619 νῆσος
3116 4551 3174 4604 ἐν
3209 4554 3278 4622 τῇ
3306 4551 3464 4620 φλογί¹
3489 4549 3593 4606 πᾶς
3615 4546 3640 4598 ὁ
3664 4539 3766 4610 περὶ

548 4626 779 4679 circuitu
827 4625 901 4679 ita
954 4624 1152 4680 ditlindi
1208 4627 1321 4681 visa
1348 4637 1450 4692 est,
1484 4638 1542 4681 ut
1569 4629 1757 4685 insula:
1800 4631 1852 4684 in
1902 4634 2119 4688 modum

549 4716 900 4772 circumcirca
940 4717 1088 4773 locus
1140 4718 1265 4788 igne
1313 4719 1451 4774 liber
1479 4721 1654 4776 fieret.
1713 4721 1892 4789 Quare
1951 4724 2116 4779 Siculi

2228 4645 2426 4707 αὐτοὺς
2481 4643 2659 4715 χῶρος
2697 4644 2935 4712 ἐγένετο.
2970 4643 3069 4696 Διά
3100 4643 3276 4697 ταῦτα
3302 4645 3351 4697 oi
3375 4637 3679 4695 Σικελιῶται
3695 4631 3766 4685 τόν

2225 4749 2284 4785 τε
2301 4733 2478 4804 χῶρον
2500 4735 2706 4787 ἐκεῖνον
2728 4733 2980 4787 Εὐσεὸῶν
2994 4732 3177 4805 χώραν
3193 4734 3240 4766 ⁸³
3268 4733 3545 4794 ἐκάλεσαν,
3564 4727 3680 4801 [452
3692 4718 3764 4788 Βο]

1829 4843 2064 4897 VARle
2094 4845 2506 4904 LECTIONES.

619 4932 665 5016 ’ξς
697 4929 1102 5016 ὥρμηταῼεοττ.
1135 4932 1201 4987 Α.
1223 5003 1236 5016 .
1277 4934 1320 4966 ⁷⁷
1342 4934 1624 5016 διελθοῦσα
1657 4954 1738 5016 ς..
1775 4939 1842 5016 ’τῇ
1878 4943 2281 5016 κ-υναγέτην-ᾼ.
2339 4946 2402 5016 ,⁷ο
2425 4947 2520 5016 καῖ
2571 4947 2694 4999 add.
2725 4948 2790 5000 A.
2867 4948 2912 4979 ⁸ο
2938 4946 3112 5016 φιλεῖν
3156 4944 3402 5016 Kannius
3430 4964 3444 4999 :
3479 4935 3764 5016 Iibriyllnjh

539 5003 595 5056 .⁹¹
628 5001 857 5086 ἔχεεΑ.
878 5002 958 5086 .-⁸³
987 5013 1112 5056 ante
1135 5003 1494 5086 ταύτῃςηειῃιι
1527 5006 1571 5058 A
1593 5008 1788 5086 “omisi
1811 5010 1940 5086 agas.
2093 5001 2152 5081 p.'
2168 5013 2244 5086 βε
2273 5017 2301 5067 b
2331 5014 2402 5069 23
2421 5015 2612 5086 φεύγει
2644 5017 2746 5086 τῆς
2765 5001 2972 5086 πόλεως
3006 5027 3060 5086 ει
3088 5031 3144 5085 p.
3178 5016 3280 5069 128
3317 5018 3346 5070 b
3371 5015 3441 5070 20
3465 5001 3645 5085 ιρυγιεῖὶι
3687 5003 3768 5070 τῆς

550 5071 833 5145 πατρίδος.
875 5073 1005 5125 item
1043 5088 1096 5141 p.
1135 5073 1201 5127 R.
1243 5071 1403 5138 1169,
1427 5075 1517 5128 23.
1593 5077 1640 5108 ⁸³
1665 5075 1872 5150 χώραν]
1911 5071 2107 5134 malim.
2124 5083 2301 5153 χῶρον
2335 5071 2460 5138 cum
2495 5071 2790 5158 Lycurgo§
2826 5087 2896 5141 96
2926 5071 3012 5142 ed.
3049 5071 3279 5140 Berolin.

2064 5169 2300 5228 NOTAE.

623 5251 747 5327 (50)
777 5251 1014 5325 Polymn.
1044 5253 1139 5327 lib.
1162 5269 1196 5306 Χ
1223 5253 1456 5327 Strateg.
1483 5254 1809 5327 Syracusan.
1841 5264 2127 5327 tyrannum

550 5322 694 5379 hunc
724 5322 926 5376 factum
961 5324 1173 5388 scribit,
1221 5322 1436 5391 aliaque
1471 5322 1623 5379 usum
1654 5322 1868 5381 fraude.

617 5392 731 5463 (51)
766 5393 996 5447 Aristot.
1026 5408 1064 5446 ιι
1097 5393 1309 5447 Rhetor.
1361 5392 1528 5448 refert
1587 5397 1702 5450 ιιιεο
1745 5397 2117 5452 Stesichorum

547 5465 602 5518 in
637 5462 979 5517 Phalaridem
1015 5465 1298 5518 recitasse.

619 5531 732 5603 (52)
764 5531 969 5603 Eadem
1022 5548 1153 5603 usus
1182 5533 1360 5587 fabula
1395 5531 1586 5589 Horat.
1622 5535 1714 5589 lib.
1749 5551 1791 5600 ι,
1844 5539 2001 5603 epist.
2033 5538 2123 5593 IO.

616 5601 730 5669 (55)
761 5601 837 5654 Ita
861 5614 1059 5656 vocant
1102 5602 1282 5657 [Etnae
1317 5605 1514 5658 montis
1563 5606 1744 5660 fauces
1790 5601 1908 5662 illas
1945 5620 2001 5662 et
2028 5625 2122 5663 ora

553 5671 632 5738 (ut
679 5673 839 5744 vertit
875 5671 1096 5744 Lucret.
1133 5675 1230 5744 lib.
1265 5675 1373 5744 τι),
1411 5689 1507 5741 per
1532 5691 1651 5743 qua:
1689 5675 1828 5744 ignis
1877 5680 2123 5742 cinisque

552 5741 837 5810 evomitur.
875 5741 1006 5794 Vide
1051 5743 1218 5797 Arist.
1250 5742 1326 5796 De
1352 5741 1567 5810 mundo,
1614 5741 1846 5800 Pausan.
1884 5750 1936 5801 iu
1971 5741 2120 5802 Plio-

557 5808 704 5872 ciu‘s,
733 5807 870 5863 Plin.
900 5811 990 5867 lib.
1040 5827 1124 5876 ιιι,
1152 5829 1271 5882 cap.
1305 5815 1337 5869 8
1379 5831 1395 5882 ;
1439 5807 1619 5871 Strab.
1663 5830 1716 5868 vt
1769 5815 1919 5873 Sicil.
1977 5831 2119 5875 extr.

2237 5261 2544 5337 γει-Μαι
2573 5267 2667 5323 lib.
2716 5284 2769 5333 ν,
2811 5283 2932 5337 cap.
2961 5271 2995 5324 4
3027 5287 3044 5336 ;
3075 5270 3346 5326 IElianum
3382 5268 3630 5326 Solinum,
3657 5270 3760 5336 c?P-_

2234 5333 2324 5410 μς
2354 5334 2728 5410 Claudiannm,
2762 5333 3004 5410 aliosque
3030 5333 3048 5406 ξ
3083 5346 3222 5410 apud
3259 5356 3395 5410 quos
3424 5339 3575 5410 etiam
3598 5333 3761 5410 variari

2234 5391 2426 5478 hiirum
2449 5474 2461 5478 _
2492 5391 2728 5478 fratrum
2768 5391 3005 5463 ἠόὼῖὴὲ
3035 5391 3048 5406 ’
3071 5391 3462 5478 deprehendes.
3520 5402 3672 5456 Porro

2229 5471 2410 5544 Ᾰῐιιιιιε
2449 5474 2720 5542 incendio,
2758 5480 3087 5544 craterihus,
3122 5470 3256 5544 situ,
3308 5491 3361 5535 et
3401 5478 3602 5544 aliiseo
3628 5470 3763 5544 Pﬁ'l‘i’

2231 5529 2660 5616 nenti_btts,i_legve
2697 5529 3088 5614 planeadmira
3098 5529 3228 5603 n'da—
3241 5529 3295 5604 in
3312 5529 3495 5602 libello
3511 5529 3639 5616 Ant.

2227 5611 2404 5688 loth_e_i_
2422 5615 2487 5688 de
2503 5607 2811 5688 Iloiilodeis,
2835 5619 2975 5688 inter
2997 5620 3289 5688 scriptores
3311 5607 3759 5688 Italiaejllmlralﬁ;

2300 5682 2412 5750 (54)
2835 5666 3676 5751 ἦ’ἑίὲεὶῖἳέιῖιῖιῖᾆιὶὲξεεηεοει.

2230 5745 2444 5825 bigae/ib.
2476 5757 2567 5808 ιιι».
2602 5745 2684 5819 ιιι,
2721 5772 2841 5825 cap.
2875 5756 2942 5809 27
2971 5773 2984 5819 ;
3017 5757 3206 5825 Silius,
3256 5759 3347 5815 lib.
3389 5745 3496 5819 xiv,
3527 5757 3578 5805 et
3606 5745 3761 5797 auctor

2231 5819 2414 5876 zEma:
2444 5826 2498 5880 in
2530 5819 3004 5898 CatalectCVirgil.
