4022 6450
217 397 320 461 581

1280 383 1806 450 BiBLIOTIIECA.
1843 412 1912 424 -
1948 387 2113 446 COD.
2157 388 2515 450 CLXXXVI.

3418 395 3522 457 582

222 512 320 563 καὶ
375 506 596 570 λιθίνας
621 504 836 568 εἰκόνας
864 504 924 556 ἐν
952 499 1102 571 αύτῷ
1149 500 1261 552 τῶν
1292 498 1528 568 ἀνδρῶν,
1586 499 1830 568 μνημεῖα

1949 498 2151 566 Ρίοιιυιη
2179 501 2450 570 regionem
2477 502 2649 555 locum
2673 515 2797 554 cum
2825 503 3185 573 appellarunt,
3207 515 3261 560 et
3281 506 3520 575 lapideas-

223 603 384 655 θείων
420 615 487 652 τε
534 597 658 670 ἃμα
720 599 816 651 καὶ
858 592 1219 665 ἀνθρωπίνων
1239 591 1288 624 ⁸⁸
1350 591 1528 663 ἔργων
1560 629 1577 656 ,
1639 587 1828 644 ἀνέθε-

226 711 341 746 σαν.

307 872 375 925 Ἦ
414 871 500 942 μδ⁹
541 869 762 939 ἱστορία
817 867 982 936 φησὶν
1036 865 1115 928 ὡς
1147 863 1448 932 Λεωδάμας
1475 861 1572 914 καὶ⁸
1625 859 1831 931 Φίτρης

221 968 428 1036 ἤρισαν
462 965 604 1034 ὑπὲρ
636 962 740 1030 τῆς
790 960 1074 1030 Μιλησίων
1097 956 1400 1026 βασιλείας,
1433 954 1624 1022 γένους
1663 953 1832 1022 άμφω

225 1059 388 1119 ὅντες
418 1053 715 1126 βασιλείου.
746 1051 822 1103 Τὸ
853 1049 1032 1104 κοινὸν
1063 1049 1120 1101 δὲ
1150 1051 1217 1118 τῇ
1242 1046 1464 1100 ἐκείνων
1498 1044 1830 1113 κακούμενοι

236 1151 440 1204 στάσει
469 1147 566 1216 τῆς
588 1146 675 1215 μὲν
705 1141 1041 1212 φιλονεικίας
1059 1141 1196 1210 μετὰ
1219 1137 1393 1196 πολλὰ
1411 1137 1560 1206 πάθη
1590 1133 1833 1199 ἐξίσταν-

240 1261 331 1308 το,
354 1243 566 1310 ἔκρινον
587 1238 629 1289 δ’
647 1239 856 1288 ἐκεῖνον
899 1233 1227 1303 βασιλεύειν,
1248 1231 1306 1293 ὃς
1335 1228 1633 1296 Μιλησίους
1659 1227 1834 1279 πλείω

247 1334 434 1401 ἀγαθά
479 1331 782 1400 ἐργάσοιτο.
831 1322 1014 1380 τΗσαν
1045 1325 1091 1378 δ’
1119 1325 1306 1387 αὐτοῖς
1339 1323 1461 1376 τότε
1483 1321 1576 1375 δύο
1604 1319 1833 1390 πόλεμοι

248 1425 575 1496 Καρυστίοις
602 1423 697 1475 καὶ
724 1418 1013 1489 Μηλιεῦσι.
1041 1418 1152 1470 Καὶ
1181 1419 1319 1487 πρὸς
1342 1416 1439 1486 μὲν
1459 1415 1646 1484 Μῆλον
1664 1411 1834 1482 (αὐτῷ

248 1521 352 1589 γὰρ
381 1521 408 1571 ὁ
436 1515 640 1586 κλῆρος
693 1513 884 1565 τοῦτον
949 1511 1122 1564 ἐδίδου
1181 1509 1272 1561 τὸν
1329 1507 1586 1576 πόλεμον)
1629 1505 1834 1574 Φίτρης

243 1606 580 1679 στρατεύσας
632 1605 930 1675 ἄπρακτος
985 1601 1318 1671 ἀναστρέφει
1359 1614 1373 1628 ⁸
1423 1598 1724 1666 Λεωδάμας
1777 1593 1836 1648 δὲ

236 1696 506 1769 λαμπρῶς
601 1695 750 1750 κατὰ
820 1691 1144 1762 Χαρυστίων
1211 1690 1666 1759 ἀνδραγαθήσας,
1737 1683 1836 1738 καὶ

235 1794 587 1862 κατακράτος
656 1789 795 1842 ἐλὼν
871 1788 972 1856 τὴν
1049 1785 1203 1838 πόλιν
1282 1783 1378 1836 καὶ
1436 1777 1835 1851 ἀνδραποδισά-

233 1901 415 1953 μενος,
501 1882 752 1952 Μιλήτου
846 1875 1087 1932 ἐπανιὼν
1146 1875 1291 1928 κατά
1350 1874 1420 1927 τὰ
1495 1871 1832 1941 συγκείμενα

231 1970 538 2041 βασιλεύει.
599 1967 958 2038 Αἱχμάλωτον
983 1966 1040 2019 δὲ
1053 1965 1097 1996 ⁸⁸
1146 1964 1288 2018 κατά
1318 1962 1565 2033 χρησμὸν
1598 1963 1834 2028 γυναῖκα

230 2064 560 2136 Καρυστίαν
591 2107 608 2128 ,
663 2062 830 2115 παῖδα
884 2060 1156 2130 φέρουσαν
1191 2055 1597 2127 ὐπομάσθιονδθ
1623 2097 1638 2120 ,
1696 2053 1833 2125 μετά

232 2158 449 2211 πολλῶν
504 2157 606 2210 καὶ
643 2155 819 2210 ἄλλων
862 2151 1256 2222 ἀναθημάτων,
1281 2149 1319 2204 ἃ,
1348 2148 1554 2217 δεκάτη
1596 2147 1705 2200 τῶν
1735 2147 1833 2198 λα-

233 2249 423 2321 φύρων
454 2248 778 2317 ἐτύγχανον,
806 2245 1123 2313 ἀνέπεμψεν
1149 2243 1208 2295 ἐν
1253 2240 1609 2312 Βραγχίδαις.
1663 2238 1836 2300 Αὐτὸς

231 2345 286 2398 δὲ
335 2343 461 2396 τότε
484 2342 739 2413 Βράγχος
772 2338 1115 2410 προύστήκει
1163 2334 1258 2388 τοῦ
1306 2351 1366 2388 τε
1402 2332 1550 2404 ἱεροῦ
1591 2332 1687 2384 καὶ
1740 2327 1836 2382 τοῦ

238 2433 500 2505 μαντείου
527 2472 543 2494 ,
588 2431 647 2494 ὃς
686 2432 783 2501 τήν
825 2445 884 2481 τε
927 2427 1274 2498 αἰχμάλωτον
1321 2426 1558 2493 γυναῖκα
1617 2421 1837 2491 ἐνόμισε

237 2528 332 2581 καὶ
359 2527 456 2579 τὸν
479 2527 650 2576 παῖδα
690 2522 862 2590 αὐτῆς
892 2520 1066 2573 ἔθετο.
1101 2517 1314 2582 Ηῠξανε
1341 2515 1386 2568 δ’
1414 2517 1443 2568 ὁ
1468 2517 1598 2574 παῖς
1616 2514 1674 2567 οὐ
1697 2511 1840 2566 κατά

237 2620 418 2685 λόγον,
475 2614 617 2667 ἀλλά
678 2612 800 2683 θείᾳ
843 2611 950 2662 τινὶ
989 2607 1148 2680 τύχῃ,
1179 2607 1274 2661 κα)⁸
1327 2605 1488 2660 πλέον
1517 2604 1550 2674 ἦ
1575 2602 1710 2673 πρὸς
1741 2599 1839 2672 τὴν

237 2709 464 2779 ἡλικίαν
513 2708 728 2776 ἀπήντα
773 2703 835 2755 τὸ
876 2701 1186 2756 εὐσύνετόν.
1233 2701 1476 2752 Ποιεῖται
1517 2696 1562 2749 δ’
1617 2692 1782 2746 αὐτὸν
1809 2690 1839 2742 ό

240 2803 496 2874 Βράγχος
519 2798 614 2851 καὶ
659 2795 892 2865 ἄγγελον
929 2793 1037 2847 τῶν
1077 2791 1496 2863 μαντευμάτων,
1531 2784 1839 2854 Εὐάγγελον

238 2893 542 2964 ὀνομάσας.
576 2890 705 2962 [255
725 2887 815 2960 Η.]
866 2878 1036 2950 Οὗτος
1081 2884 1290 2955 ἡϐήσας
1311 2880 1371 2934 τὸ
1413 2879 1665 2951 Βράγχου
1715 2893 1843 2946 μαν-

237 2990 387 3041 τεῖον
417 2983 718 3050 ἐξεδέξατο,
743 2981 836 3033 κα)⁵
852 2978 995 3050 ἀρχὴ
1028 2977 1222 3045 γένους
1254 2969 1639 3042 Εὐαγγελιδῶν
1692 2966 1845 3038 παρά

238 3078 539 3147 Μιλησίοις
571 3075 808 3142 ἐγένετο.

324 3174 396 3226 Ἦ
439 3176 524 3240 με’
567 3169 642 3231 ὼς
702 3165 974 3235 Ὀρφεὺς,
1009 3163 1038 3213 ὁ
1093 3161 1333 3230 Οἰάγρου
1381 3157 1474 3209 καὶ
1524 3152 1845 3222 Καλλιόπης
1873 3198 1918 3260 C

244 3269 381 3339 μιᾶς
419 3263 532 3317 τῶν
569 3259 805 3316 Μουσῶν
831 3298 846 3319 ,
887 3254 1171 3309 ὲὸασίλευε
1227 3251 1557 3307 Μακεδόνων
1605 3247 1700 3301 καὶ
1743 3247 1845 3316 τῆς

251 3355 593 3428 Ὀδρυσίδος,
619 3351 915 3420 ἐπετήδευε
945 3348 1001 3402 δέ
1033 3344 1320 3417 μουσικὴν,
1355 3343 1449 3396 καὶ
1499 3340 1737 3412 μάλιστα
1769 3355 1848 3428 κιῖ-

239 3420 546 3520 θαριρδίαν.
603 3443 715 3498 Καὶ
773 3439 1125 3512 (φιλόμουσον
1182 3437 1290 3507 γὰρ
1341 3436 1403 3488 τὸ
1459 3435 1696 3506 Θρᾳκῶν
1748 3420 1848 3487 καὶ

238 3540 586 3598 Μακεδόνων
627 3533 804 3607 γένος)
851 3536 1090 3606 ἤρεσκεν
1121 3533 1178 3585 ἐν
1211 3530 1425 3593 τούτοις
1481 3528 1850 3599 διαφερόντως

237 3637 320 3704 τῷ
349 3633 576 3704 πλήθει.
626 3630 874 3698 Κατέσχε
904 3627 962 3680 δὲ
995 3624 1123 3691 δόξα
1175 3624 1252 3686 ὡς
1274 3623 1355 3685 εἰς
1417 3621 1581 3690 ’ᾼδου
1623 3619 1850 3672 κατάϐοι

240 3729 415 3800 ἔρωτι
442 3725 546 3793 τῆς
573 3720 833 3792 γυναικὸς
853 3716 1185 3788 Εὐρυδίκης,
1213 3713 1308 3767 καὶ
1335 3713 1408 3774 ὡς
1438 3711 1530 3763 τὸν
1557 3709 1850 3763 Πλούτωνα

245 3823 344 3875 καὶ
411 3819 518 3890 τὴν
577 3815 762 3886 Κόρην
820 3812 984 3882 ᾠδαῖς
1022 3807 1328 3880 γοητεύσας
1357 3804 1531 3874 δῶρον
1559 3802 1715 3856 λαϐοῖ
1744 3801 1847 3870 τὴν

259 3916 495 3983 γυναῖκα
519 3927 534 3941 ⁸
581 3907 698 3963 ἀλλ’
731 3906 792 3960 οὐ
823 3905 932 3975 γὰρ
960 3901 1184 3956 ὄνασθαι
1213 3899 1314 3968 τῆς
1352 3900 1575 3970 χάριτος
1612 3894 1849 3948 ἀναϐίω-

256 4006 556 4076 σκομένης,
588 3999 888 4068 λαϐόμενον
918 3995 1026 4048 τῶν
1049 3992 1178 4062 περ)⁵
1201 3991 1367 4060 αὐτῆς
1396 3987 1646 4042 ἐντολῶν.
1691 3984 1851 4040 Οὕτω

247 4101 310 4154 δὲ
334 4099 558 4165 θέλγειν
613 4094 710 4146 καὶ
735 4087 1067 4158 κατακηλεῖν
1096 4085 1258 4137 αὑτὸν
1302 4082 1464 4153 ᾠδαῖς
1486 4077 1625 4134 εἶναι
1661 4078 1846 4148 σοφὸν,

243 4195 327 4257 ὡς
356 4192 458 4245 καὶ
491 4186 654 4257 θηρία
671 4185 766 4236 καὶ
791 4180 1014 4243 οἰωνοὺς
1045 4178 1140 4231 καὶ
1167 4176 1232 4246 δὴ
1258 4175 1352 4228 κα)¹
1381 4173 1515 4240 ξύλα
1543 4174 1638 4225 καὶ
1663 4172 1848 4234 λίθους

247 4283 717 4358 συμπερινοστεῖν
733 4276 1042 4346 ὑφ’ἡδονῆς.
1059 4270 1299 4340 Τελευτᾷ
1319 4270 1376 4322 δὲ
1391 4268 1593 4320 διασπα
1601 4265 1851 4336 σαμένων

244 4357 424 4435 αὑτὸν
472 4375 583 4428 τῶν
625 4369 878 4443 Θρᾳκίων
914 4366 1009 4420 καὶ
1049 4362 1380 4418 Μακεδόνων
1426 4359 1727 4428 γυναικῶν,
1768 4357 1851 4410 ὅτι

155 4443 164 4454 ι
246 4475 314 4526 οὐ
335 4472 385 4504 ⁸⁷
413 4467 690 4540 μετεδίδου
714 4462 906 4522 αὐταῖς
931 4456 1040 4510 τῶν
1067 4453 1290 4526 ὀργίων,
1309 4453 1450 4522 τάχα
1480 4450 1580 4522 μὲν
1612 4449 1705 4502 καὶ
1729 4447 1851 4502 κατ’

1931 591 1986 645 ίη
2019 593 2211 646 horum
2262 594 2506 647 virorum
2556 605 2909 650 monumento
2950 607 3180 662 statuas,
3216 599 3518 654 divinormn

1931 683 2093 738 simul
2145 684 2358 739 illorum
2408 696 2571 754 atque
2613 685 2973 741 humanorum
3016 688 3286 742 factorum
3334 700 3517 756 testes,

1931 779 2132 832 colloca
2143 789 2286 834 runt.

2005 871 2428 942 Quadragesima
2481 881 2670 940 quarta
2728 873 2956 928 historia
3020 875 3190 930 refert
3252 879 3524 947 quomodo

1935 963 2238 1018 Leodamas
2267 973 2322 1017 et
2357 965 2570 1020 Phitres
2609 967 2675 1018 de
2709 964 3044 1022 Milesiorum
3103 984 3267 1034 regno
3297 981 3522 1024 conten-

1933 1056 2136 1119 derint,
2170 1058 2313 1124 regia
2336 1065 2567 1125 uterque
2592 1057 2761 1124 stirpe
2801 1058 3035 1111 oriundi.
3068 1057 3226 1114 Plebs
3247 1076 3375 1128 ergo
3400 1079 3523 1116 cum

1933 1162 2033 1216 per
2081 1147 2270 1201 horum
2336 1150 2741 1202 contentionem
2808 1149 2964 1204 malis
3023 1162 3348 1215 vexaretur,
3409 1165 3530 1220 post

1937 1239 2108 1293 multa
2131 1239 2344 1294 tandem
2365 1239 2702 1293 incommoda
2721 1241 2881 1295 finem
2899 1244 3028 1296 rixa!
3046 1243 3321 1313 imposuit,
3335 1247 3527 1318 14οα

1935 1331 2081 1386 facto
2112 1333 2352 1396 decreto,
2404 1341 2465 1387 ut
2493 1333 2583 1402 qui
2616 1334 2681 1386 de
2713 1333 2936 1389 Milesiis
2968 1337 3158 1390 melius
3203 1351 3523 1406 mcrerelur,

1938 1424 1985 1478 is
2037 1427 2250 1478 demum
2304 1433 2577 1494 regnaret.
2633 1427 2802 1480 Erant
2847 1428 2977 1497 ipsis
3011 1431 3116 1482 duo
3161 1440 3288 1486 tunc
3346 1433 3529 1488 hostes

1939 1516 2170 1586 Carystii
2221 1525 2276 1570 et
2328 1515 2636 1572 Melienses.
2694 1520 2968 1574 Adversus
3025 1520 3245 1587 Melum,
3313 1524 3529 1580 Phitres

1938 1609 2086 1680 (huic
2104 1610 2246 1664 enim
2270 1620 2418 1664 sorte
2448 1611 2645 1665 bellum
2676 1613 2804 1666 illud
2831 1615 3149 1684 obvenerat)
3178 1618 3528 1685 expeditione

1940 1711 2214 1770 suscepta,
2245 1717 2305 1756 re
2351 1702 2548 1757 infecta
2585 1706 2764 1758 rediit.
2800 1705 3102 1761 Leodamas
3131 1724 3278 1772 vero,
3310 1723 3367 1762 re
3393 1725 3527 1763 con-

1941 1801 2022 1846 ira
2075 1795 2354 1864 Carystios
2407 1796 2614 1848 naviter
2662 1811 2726 1849 ac
2760 1798 3018 1864 praeclare
3060 1811 3234 1868 gesta,
3287 1802 3528 1868 urbeque

1939 1901 2126 1939 eorum
2175 1889 2224 1940 vi
2259 1896 2584 1956 expugnata,
2622 1897 2784 1957 atque
2821 1890 2871 1943 in
2913 1892 3225 1946 servitutem
3283 1895 3523 1960 redacta,

1936 1978 2184 2032 Miletum
2226 1979 2399 2032 victor
2431 1994 2703 2042 reversus,
2741 1983 3037 2035 secundum
3073 1991 3226 2051 pacta
3261 1996 3525 2039 conventa

1938 2069 2211 2140 regnavit.
2268 2071 2448 2135 Quare
2499 2085 2565 2125 ex
2614 2071 2821 2125 oraculi
2855 2074 3172 2142 praescripto
3218 2074 3524 2144 Carystiam

1939 2159 2198 2214 feminam
2255 2162 2525 2226 captivam
2580 2161 2841 2215 infantem
2897 2163 3156 2217 uberibus
3203 2164 3527 2228 iactantem,

1940 2267 2063 2307 cum
2110 2253 2230 2307 aliis
2268 2253 2517 2320 plurimis
2550 2252 2819 2318 donariis,
2871 2255 3248 2309 manubiarum
3281 2257 3531 2322 decimis,

1939 2344 2006 2399 ad
2041 2344 2377 2399 Branchidas
2415 2346 2583 2400 misit.
2618 2345 2734 2414 ipse
2772 2360 2902 2400 vero
2928 2356 3055 2401 tunc
3082 2346 3364 2402 Branchus
3411 2348 3529 2418 (55)

1941 2448 1996 2492 et
2028 2439 2228 2507 templo
2255 2449 2310 2493 et
2342 2439 2565 2492 oraculo
2614 2447 2865 2508 prmerat,
2900 2441 2989 2508 qui
3030 2443 3298 2509 captivam
3337 2442 3530 2495 mulie-

1942 2547 2060 2586 rem
2096 2546 2290 2600 magna
2314 2546 2441 2586 cura
2474 2531 2697 2586 nutrivit
2728 2519 2863 2598 (ὅθ),
2903 2533 3130 2601 ejusque
3174 2533 3339 2586 lilium
3396 2535 3532 2589 ado-

1943 2624 2134 2693 ptavit.
2179 2622 2322 2677 Puer
2368 2623 2483 2691 ipse
2517 2638 2622 2676 non
2659 2635 2768 2676 tam
2801 2624 3079 2678 hominum
3118 2626 3317 2679 usitato
3350 2629 3528 2694 modo,

1945 2731 2107 2786 quam
2141 2716 2322 2769 divina
2361 2717 2591 2783 quadam
2621 2715 2838 2769 fortuna
2887 2716 3079 2780 crevit,
3106 2726 3160 2770 et
3201 2732 3366 2786 supra
3399 2729 3533 2772 tcta-

1948 2819 2054 2864 tem
2084 2808 2319 2876 prudens
2347 2807 2535 2861 evasit.
2562 2807 2649 2860 Fit
2681 2807 2844 2876 igitur
2862 2823 2890 2860 a
2909 2807 3160 2863 Brancho
3185 2809 3533 2864 oraculorum

1949 2901 2195 2963 nuntius,
2227 2897 2529 2968 Evangelus
2556 2897 2878 2967 appellatus.
2910 2897 3142 2968 iiicjam
3167 2899 3344 2953 adulta
3376 2910 3537 2957 actate

1949 2993 2004 3048 in
2052 2991 2272 3047 oraculo
2303 2991 2554 3046 Brancho
2605 2993 2892 3057 successit,
2937 2995 3376 3065 principiumque
3431 2997 3538 3051 fuit

1949 3095 2004 3140 et
2033 3095 2196 3152 caput
2229 3084 2681 3155 Evangelia-arum
2714 3086 2854 3152 apud
2901 3085 3158 3140 Milesios.

2017 3177 2437 3247 Quadragesima
2472 3177 2696 3244 {quinta.
2728 3176 2979 3244 Orpheus
3008 3177 3205 3247 ()Eagri
3236 3178 3351 3247 (57)
3390 3179 3536 3235 ﬁlius

1953 3277 2117 3339 atque
2139 3268 2431 3336 Calliopes,
2462 3283 2584 3336 qua:
2611 3283 2717 3321 una
2761 3269 2814 3321 in
2850 3283 3042 3322 novem
3075 3269 3240 3324 Musis
3277 3287 3538 3324 numera-

1952 3369 2066 3423 tur,
2098 3361 2451 3415 Macedonum
2491 3375 2583 3414 rex
2618 3359 2717 3413 fuit
2767 3369 2822 3414 et
2870 3358 3153 3431 Odrysidis
3185 3361 3319 3431 (58).
3361 3362 3536 3418 Musi-

1953 3470 2070 3509 cam
2117 3454 2206 3507 hic
2237 3463 2407 3507 artem
2435 3453 2704 3516 exercuit,
2748 3453 3098 3520 maximeque
3143 3453 3534 3508 citharisticam

1954 3547 2173 3619 (etenim
2194 3546 2467 3600 Thracum
2497 3545 2627 3599 illud
2649 3553 2703 3598 et
2735 3544 3086 3600 Macedonum
3111 3560 3282 3612 genus
3316 3549 3537 3602 musicae

1951 3638 2254 3696 studiosum
2309 3647 2392 3693 est
2433 3637 2516 3692 vel
2556 3638 2866 3706 imprimis),
2917 3636 3056 3705 plebi
3091 3652 3186 3706 per
3220 3653 3339 3690 eam
3369 3653 3536 3708 supra

1953 3732 2171 3787 modum
2199 3726 2604 3800 gratus.‘Fama
2648 3739 2830 3783 autem
2876 3728 3001 3793 fuit,
3032 3729 3099 3782 ad
3127 3727 3330 3783 inferos
3360 3729 3536 3797 ipsum

1954 3839 2138 3879 amore
2185 3822 2477 3892 Eurydices
2507 3821 2752 3890 conjugis
2805 3821 3118 3887 adductum,
3153 3822 3535 3888 descendisse,

1954 3915 2135 3984 ibique
2183 3913 2465 3967 Plutonem
2508 3926 2573 3966 ac
2605 3908 2988 3979 Proserpinam
3021 3920 3184 3963 cantu
3225 3911 3303 3964 sic
3346 3913 3538 3966 conci-

1952 4005 2138 4068 liasse,
2195 4014 2254 4057 ut
2285 4003 2425 4057 dono
2457 4016 2679 4057 uxorem
2705 4009 2944 4069 caperet.
2985 3997 3186 4053 Verqu
3238 4001 3339 4054 hac
3363 4002 3537 4070 gratia

1954 4094 2079 4158 frui,
2107 4109 2212 4164 qua
2238 4094 2302 4148 ad
2327 4094 2489 4146 vitam
2519 4092 2605 4146 illa
2631 4100 2885 4147 revocata
2911 4101 3015 4155 est,
3035 4107 3140 4143 non
3165 4093 3358 4160 potuit,
3390 4093 3540 4161 quod

1954 4204 2074 4258 qua:
2128 4188 2194 4241 de
2235 4187 2350 4255 ipsa
2400 4189 2654 4240 mandata
2699 4197 2904 4252 essent,
2938 4201 3042 4239 non
3097 4197 3368 4240 servasset
3399 4186 3538 4256 (59).

1953 4281 2101 4335 Adeo
2119 4289 2298 4332 autem
2318 4277 2593 4333 oblectare
2637 4278 2994 4347 cantibusque
3011 4277 3317 4332 demulcere
3334 4280 3541 4347 peritus

1955 4380 2093 4433 erat,
2125 4377 2256 4423 utet
2287 4368 2418 4422 fera:
2458 4377 2513 4422 et
2540 4383 2689 4434 aves,
2715 4377 2878 4436 atque
2904 4371 3038 4423 adeo
3059 4369 3201 4439 ligna
3233 4369 3540 4437 aclapides,

1955 4475 2076 4514 cum
2119 4459 2236 4528 ipso
2269 4474 2371 4512 una
2422 4473 2531 4526 pra:
2571 4457 2911 4525 iucunditate
2944 4459 3284 4512 oberrarent.
3311 4455 3543 4512 Interfe-

249 4563 432 4624 ἄλλας
478 4556 802 4628 προφάσεις,
865 4547 999 4617 φασὶ
1023 4546 1068 4598 δ’
1093 4541 1186 4598 οὖν
1232 4542 1396 4598 αὑτὸν
1438 4540 1843 4610 δυστυχήσαντα

1955 4557 2078 4604 ctus
2121 4558 2301 4603 autem
2341 4559 2425 4602 est
2450 4548 3024 4616 lacerantibus-ipsum
3058 4546 3308 4602 Thressis
3333 4561 3396 4600 ac
3435 4545 3544 4600 Ma-

251 4653 397 4726 περ).
441 4651 679 4719 γυναῖκα
739 4644 850 4697 πᾶν
903 4638 1134 4709 ἐχθῆραι
1162 4635 1224 4688 τὸ
1247 4635 1441 4726 γένος.Δ
1467 4631 1714 4726 ὴᾚφοίτα
1751 4629 1851 4726 μέν

252 4722 355 4801 οὖν
370 4744 602 4803 τακταῖς
628 4737 721 4792 καὶ
749 4733 984 4806 ἡμέραις
1017 4727 1361 4798 ὡπλισμένον
1389 4723 1592 4793 πλῆθος
1619 4722 1853 4794 Θρᾳκῶν

255 4839 361 4893 καὶ
388 4831 720 4891 Μακεδόνων
746 4828 803 4880 ἐν
832 4820 1148 4892 Λιϐήθροις,
1173 4820 1253 4882 εἰς
1277 4817 1483 4886 οἴκημα
1511 4813 1569 4867 ἓν
1597 4814 1645 4845 ⁸⁸
1660 4830 1854 4884 συνερ-

254 4934 496 5003 χόμενον
550 4923 696 4993 μέγα
711 4936 772 4972 τε
799 4915 896 4970 καὶ
933 4913 1070 4983 πρὸς
1113 4907 1336 5003 τελετάς
1356 4902 1415 4960 εὖ
1447 4903 1817 5003 πεποιημένον
1836 4918 1851 4933 ⁸

455 5018 499 5073 δ’
529 5014 811 5088 ὀργιάζειν
841 5010 1066 5074 εἰσίασι,
1095 5003 1202 5075 πρὸ
1221 5001 1330 5054 τῶν
1372 4999 1558 5054 πυλῶν
1601 4996 1858 5052 ἀπετίθε-

262 5134 371 5172 σαν
390 5114 460 5167 τά
487 5109 653 5166 ὅπλα.
683 5107 750 5159 0
789 5105 843 5158 ai
875 5101 1133 5172 γυναῖκες
1170 5093 1595 5164 ἐπιτηρήσασαι,
1645 5088 1743 5142 καὶ
1789 5088 1858 5141 τὰ

1960 4641 2235 4696 cedonicis
2264 4640 2501 4704 feminis,
2533 4641 2675 4709 quod
2701 4640 2852 4711 orgia
2887 4654 3007 4692 cum
3040 4638 3143 4692 illis
3167 4653 3271 4691 non
3294 4653 3544 4692 commu-

1959 4734 2169 4788 nicaret
2215 4749 2229 4786 :
2267 4747 2330 4786 ac
2383 4732 2606 4787 forsitan
2657 4731 2822 4786 etiam
2868 4729 2990 4784 aliis
3025 4730 3092 4784 de
3143 4729 3345 4784 causis.
3379 4729 3547 4784 Aiunt

1961 4826 2105 4881 enim
2140 4824 2288 4879 illum
2323 4825 2390 4878 de
2419 4839 2590 4879 uxore
2625 4822 2920 4887 infelicem,
2973 4821 3289 4876 muliebrem
3325 4835 3545 4873 omnem

1963 4925 2150 4965 sexum
2195 4911 2398 4966 odisse.
2450 4911 2620 4981 Igitur
2657 4926 2778 4964 cunt
2831 4909 2989 4964 statis
3036 4910 3225 4964 diebus
3273 4907 3546 4962 Thracum

1962 5014 2028 5054 ac
2099 4999 2456 5054 Macedonum
2517 5001 2706 5070 vulgus
2766 5001 2935 5053 armis
3009 5006 3210 5054 teetum
3274 4996 3549 5051 Libethris

1962 5091 2278 5147 conveniret
2303 5092 2356 5146 in
2409 5095 2625 5146 domum
2662 5091 2946 5160 magnifice
2983 5099 3341 5153 exstructam,
3385 5097 3441 5144 et
3479 5087 3550 5141 ad

1557 5245 1640 5300 VA
1654 5243 1795 5299 RIAE‘.
1831 5243 2236 5306 LECTIONES.

338 5363 391 5396 εδ
420 5358 634 5432 ἀνδρῶν
665 5354 743 5426 τῷ
776 5349 1024 5424 μνημείῳ
1055 5364 1120 5411 ς.
1192 5343 1238 5377 ⁸⁵
1265 5341 1323 5394 δὲ
1354 5354 1464 5394 οῐηο
1504 5339 1570 5393 Α·
1651 5337 1700 5370 ⁸⁵
1721 5338 2029 5408 ὑπομάςιον
2066 5360 2126 5406 ς.
2203 5345 2328 5398 "ob
2369 5359 2479 5399 om.
2533 5358 2615 5413 pr.
2651 5343 2719 5396 A.
2795 5341 2841 5372 ⁸⁸
2871 5341 2928 5394 ἓν
2985 5339 3112 5396 add.
3158 5338 3226 5394 A.

1760 5449 1993 5510 NOTZE.

342 5575 462 5646 (55)
497 5572 573 5646 De
594 5584 700 5646 quo
733 5578 896 5646 supra
923 5564 1129 5614 narrat.
1157 5553 1248 5608 5'5.

347 5641 465 5717 (56)
498 5643 643 5717 Lego
671 5641 977 5717 ἐκόμισε-μ
1034 5714 1077 5717 Δ
1128 5695 1295 5717 ,η’-,η
1348 5697 1546 5717 "mm
1578 5685 1624 5717 ,μ

498 5685 640 5766 vi")?
665 5685 882 5777 cipiat.
935 5700 1083 5771 leges
1128 5695 1297 5786 nt‘ulta
1338 5697 1546 5786 .prmter
1578 5685 1706 5786 haec“
1721 5685 1859 5786 akpuid

272 5790 516 5845 Pausan.

273 5867 425 5915 datu.

565 5757 618 5838 iit
669 5757 887 5834 ῐςῶόὶεσ.
937 5757 1018 5826 (ιιυ
1050 5768 1188 5838 apud
1244 5757 1607 5831 tnyt’ltologos,
1644 5772 1708 5809 ac
1738 5757 1862 5809 Sui-

2052 5550 2166 5637 (EiS)
2199 5554 2373 5637 Quam
2407 5549 2472 5604 ad
2502 5549 2807 5620 {Thraciam
2846 5544 3088 5601 referunt
3125 5543 3341 5608 Strabo,
3373 5551 3429 5595 ct
3484 5558 3551 5595 ex

1972 5637 2038 5676 eo
2075 5627 2335 5690 Str-plum.

2046 5695 2159 5762 (59)
2205 5692 2388 5760 Virgil.
2423 5707 2475 5746 tv
2532 5689 2751 5759 Ccorg.;
2804 5686 3116 5757 Apollodor.
3164 5683 3260 5739 lih.
3319 5699 3335 5738 ι
3395 5682 3550 5748 iuit.;

1977 5763 2127 5818 Diod.
2167 5763 2358 5827 Sicul.,
2399 5763 2488 5816 lib.
2526 5777 2598 5815 Iv.
