4022 6464
549 389 658 455 583

1715 385 1986 448 ΡΗΟΤΙΙ
2016 386 2135 447 PA']

2239 386 2528 447 :ARCHIE
2561 387 2667 447 CP.
3720 393 3811 457 584

547 515 665 555 rem
696 497 936 552 divinam
963 506 1357 566 comparatam,
1406 494 1590 566 ibique
1627 496 1778 565 orgia
1804 496 2130 553 celebraturi

2239 498 2380 551 ὅπλα
2414 498 2828 568 ἁρπασάμεναι,
2879 498 2974 551 ὑπ’
3001 496 3172 568 ὀργῆς
3217 497 3323 569 τῆς
3361 496 3454 551 διά
3480 497 3578 568 τὴν
3604 502 3813 573 ἀτιμίαν

546 595 765 648 domum
806 590 1033 660 ingressi
1054 590 1119 642 ad
1150 597 1361 656 portam
1385 602 1536 643 arma
1565 588 1916 656 deponerent.
1953 588 2141 643 obser-

544 700 710 739 vasse
756 684 858 737 hoc
884 681 1165 743 mulieres,
1192 678 1570 749 correptisque
1610 681 1779 733 armis
1813 680 1921 735 illis
1947 696 2140 751 magna

546 776 631 830 ira
657 772 1040 838 inflammatas,
1065 771 1208 840 quod
1233 778 1733 829 contemnerentur.
1761 786 1882 822 cum
1910 781 2138 827 cmteros

545 868 623 921 ibi
658 866 1072 935 procumbentes
1122 862 1461 917 interfecisse
1488 903 1503 926 ,
1549 872 1660 915 tum
1698 859 1888 932 14,οὑ
1921 861 2138 931 Orphea

544 964 724 1027 ipsum
773 958 1112 1013 membratim
1144 957 1462 1020 dissectum,
1500 956 1555 1008 in
1600 970 1749 1008 mare
1777 956 1977 1025 passim
2010 970 2139 1025 pro-

544 1054 765 1122 jecisse.
801 1051 1116 1106 Pestilentia
1151 1050 1345 1103 deinde
1372 1049 1648 1116 regionem
1690 1047 1835 1101 illam
1864 1058 2135 1113 vastante,

548 1163 614 1201 eo
640 1148 781 1214 quod
816 1146 881 1199 de
924 1143 1136 1197 feminis
1171 1142 1392 1195 minime
1439 1149 1710 1208 sumptum
1756 1150 1902 1195 esset
1932 1142 2137 1211 suppli-

549 1242 715 1303 cium,
764 1247 1018 1308 rogantes
1062 1236 1269 1289 incolas
1316 1235 1457 1287 luom
1493 1232 1707 1299 depelli,
1759 1249 2075 1304 responsum
2103 1248 2136 1289 e

552 1334 763 1403 tripode
812 1332 1097 1400 accepisse
1135 1347 1149 1383 :
1189 1327 1245 1382 Si
1282 1328 1479 1396 Orphei
1512 1324 1624 1395 (60)
1656 1337 1817 1394 caput
1860 1337 2134 1394 repertum

545 1426 699 1482 humi
729 1425 1043 1485 conderent,
1076 1421 1192 1476 fore
1226 1431 1286 1475 ut
1323 1423 1575 1491 contagio
1605 1421 1896 1476 desineret.
1937 1420 2016 1475 lta
2045 1421 2135 1475 vix

544 1521 763 1578 tandem
816 1518 948 1571 illud
976 1516 1043 1570 ad
1092 1516 1233 1569 ostia
1275 1514 1480 1567 Meletis
1525 1513 1763 1567 ﬂiiininis
1794 1526 1821 1566 a
1864 1512 2137 1582 piscatore

546 1613 781 1682 quodam
810 1624 930 1664 esse
965 1609 1268 1669 inventum,
1294 1606 1455 1658 etiam
1484 1615 1610 1659 tunc
1638 1620 1861 1669 canens,
1893 1606 2136 1673 nihilque

546 1722 577 1759 a
639 1703 865 1757 marinis
924 1698 1178 1752 fluctibus
1233 1696 1629 1760 deformatum,
1676 1712 1775 1752 nec
1836 1698 2133 1766 quidquam

545 1816 735 1855 eorum
788 1811 1033 1867 passum,
1066 1809 1186 1864 quae
1231 1790 1392 1846 solita
1426 1793 1537 1845 sint
1568 1805 1665 1859 per
1702 1790 1932 1844 mortale
1960 1789 2130 1843 fatum

544 1892 601 1947 in
634 1889 915 1946 hominum
944 1882 1303 1940 cadaveribus
1330 1879 1473 1936 foeda
1504 1879 1704 1934 exoriri
1737 1895 1751 1931 :
1786 1879 1882 1933 sed
1914 1878 2133 1949 elegans

543 1984 728 2054 potius
779 1981 981 2049 ipsum,
1034 1974 1325 2040 nativoque
1373 1972 1635 2040 sanguine
1676 1970 1938 2024 imbutum
1986 1980 2136 2026 tanto

544 2080 671 2142 post
728 2077 974 2136 tempore
1005 2064 1265 2133 viguisse.
1298 2059 1474 2129 Caput
1519 2074 1651 2126 ergo
1678 2059 1818 2114 istud
1857 2069 2136 2129 acceptum

2240 588 2369 651 τούς
2393 605 2452 641 τε
2469 588 2915 658 προσπίπτοντας
2944 588 3405 658 κατειργάσαντο,
3453 590 3550 642 καὶ
3582 592 3669 643 τὸν
3700 595 3813 665 Ὀρ-

2242 680 2349 748 φέα
2378 679 2520 733 κατὰ
2554 678 2691 749 μέλη
2717 679 2947 751 ἔρριψαν
2978 681 3058 742 εἰς
3086 680 3184 749 τὴν
3212 680 3499 733 θάλασσαν
3540 683 3814 757 σποράδην.

2240 772 2430 843 Λοιμῷ
2458 773 2514 825 δὲ
2542 776 2641 842 τῆς
2677 771 2881 842 χώρας,
2936 772 3017 825 ὅτι
3050 773 3126 844 μὴ
3160 772 3531 844 ἀπῃτήθησαν
3582 776 3731 847 δίκην
3768 783 3816 833 αἱ

2240 867 2519 932 γυναῖκες,
2587 866 2957 936 κακουμένης,
3003 865 3249 935 δεόμενοι
3278 865 3537 937 λωφῆσαι
3559 869 3619 922 τὸ
3640 870 3813 936 δεινὸν,

2242 958 2434 1011 ἐλαϐον
2485 958 2755 1028 χρησμὸν,
2804 959 2903 1029 τὴν
2957 958 3204 1029 κεφαλὴν
3255 961 3363 1029 τὴν
3383 960 3432 992 ⁸³
3489 961 3721 1030 Ὀρφέως
3760 968 3816 1020 ἂν

2240 1048 2567 1118 ἀνευρόντες
2626 1047 2861 1118 θάψωσι,
2919 1051 3103 1118 τυχεῖν
3136 1049 3490 1119 ἀπαλλαγῆς.
3526 1052 3635 1104 Καὶ
3680 1055 3817 1123 μόλις

2241 1141 2412 1209 αὐτὴν
2462 1142 2592 1211 περὶ
2646 1142 2744 1201 τὰς
2804 1141 3035 1205 ἐκϐολάς
3099 1142 3194 1195 τοῦ
3238 1143 3499 1213 Μέλητος
3559 1145 3623 1197 δι’
3644 1146 3819 1213 ἁλιέως

2245 1230 2473 1301 ἀνεῦρον
2506 1233 2773 1302 ποταμοῦ,
2828 1234 2925 1286 καὶ
2961 1234 3082 1287 τότε
3132 1234 3394 1305 ᾄδουσαν,
3429 1233 3563 1305 [455
3590 1233 3679 1307 IL]
3740 1243 3819 1293 καὶ

2244 1322 2414 1396 μηδὲν
2453 1324 2737 1378 παθοῦσαν
2790 1326 2895 1378 ὑπὸ
2951 1326 3051 1395 τῆς
3107 1326 3413 1396 θαλάσσης,
3462 1327 3601 1397 μηδέ
3626 1346 3680 1381 τι
3708 1330 3818 1384 ἄλλο

2238 1418 2347 1471 τῶν
2374 1417 2475 1469 ὅσα
2504 1418 2674 1488 κῆρες
2724 1417 3064 1489 ἀνθρώπιναι
3112 1419 3326 1488 νεκρῶν
3356 1419 3529 1489 αἴσχη
3559 1421 3813 1489 φέρουσιν,

2238 1511 2356 1564 ἀλλ’
2412 1510 2839 1581 ἐπακμάζουσαν
2864 1512 3036 1583 αὐτὴν
3065 1513 3161 1567 καὶ
3190 1513 3379 1583 ζωῖκῷ
3411 1512 3507 1565 καὶ
3536 1515 3657 1566 τότε
3671 1514 3715 1546 ⁹⁰
3742 1518 3814 1568 αῖ-

2242 1621 2373 1673 ματι
2439 1604 2580 1674 μετά
2638 1605 2807 1657 πολὺν
2838 1606 3030 1676 χρόνον
3056 1604 3430 1658 ἐπανθοῦσαν.
3452 1604 3721 1667 Λαϐόντες
3737 1603 3814 1659 οὖν

2239 1697 2347 1750 ὑπὸ
2395 1699 2599 1767 σήματι
2656 1699 2878 1769 μεγάλῳ
2911 1698 3197 1763 θάπτουσι,
3229 1698 3469 1766 τέμενος
3498 1697 3650 1768 αὐτῷ
3680 1716 3810 1766 περι-

2238 1788 2535 1860 είρξαντες,
2566 1791 2595 1844 ὃ
2613 1793 2752 1854 τέως
2804 1792 2902 1861 μὲν
2924 1790 3104 1863 ήρῷον
3125 1788 3217 1861 ἦν,
3261 1790 3497 1861 ὕστερον
3529 1791 3573 1843 δ’
3596 1793 3812 1859 ἐξενίκη·

2241 1899 2333 1936 σεν
2367 1883 2510 1953 ἱερὸν
2547 1879 2689 1937 εἶναι
2710 1899 2723 1912 ο
2758 1884 2970 1947 θυσίαις
3003 1901 3061 1937 τε
3088 1884 3198 1954 γὰρ
3243 1885 3343 1937 καὶ
3389 1886 3541 1947 ὅσοις
3598 1884 3805 1947 ἄλλοις¹¹

2242 1972 2355 2027 θεοὶ
2378 1976 2664 2046 τιμῶνται,
2706 1978 3051 2049 γεραίρεται.
3086 1979 3245 2031 Ἐστι
3277 1978 3339 2031 δὲ
3374 1977 3597 2047 γυναιξὶ
3642 1996 3810 2031 παντε-

2242 2064 2350 2128 λῶς
2370 2066 2592 2121 ἄϐατον.

550 2165 757 2236 ingenti
813 2161 1020 2217 tumulo
1080 2158 1411 2218 mandasse,
1482 2164 2004 2225 monumentumque
2050 2158 2151 2225 ipsi
2192 2160 2471 2215 heroicum
2532 2165 2600 2217 ab
2648 2164 2804 2219 initio
2838 2165 3291 2228 circumdedisse,
3356 2164 3536 2219 donec
3585 2164 3636 2218 id
3691 2176 3813 2233 post-

548 2264 767 2319 modum
822 2255 1095 2320 obtinuit,
1154 2261 1209 2307 ut
1266 2266 1365 2321 pro
1414 2249 1601 2304 divino
1655 2248 1783 2302 fano
1838 2250 2151 2306 haberetur.
2216 2252 2514 2313 Sacriliciis
2564 2260 2732 2325 enim,
2790 2259 3019 2328 aliisque
3055 2261 3216 2313 rebus
3288 2261 3703 2329 quibuscunque
3751 2262 3807 2315 dii

550 2352 809 2414 honorari
834 2349 1032 2415 solent,
1063 2347 1225 2402 etiam
1258 2346 1374 2412 ipse
1397 2343 1614 2397 colitur.
1646 2341 1889 2397 Feminis
1918 2345 2137 2400 interim
2170 2348 2393 2405 omnino
2430 2351 2772 2407 inaccessum
2808 2354 3067 2422 templum
3104 2353 3233 2406 illud
3280 2362 3387 2406 est.

622 2442 1051 2514 Quadragesima
1088 2445 1282 2493 sexta:
1324 2437 1457 2489 Dum
1490 2432 1654 2503 Troja
1702 2444 2132 2504 expugnaretur,

550 2541 735 2597 emisit
791 2538 1042 2594 Priamus
1096 2533 1149 2585 in
1206 2530 1431 2600 Lydiam
1491 2528 1630 2583 duos
1674 2527 1924 2583 llectoris
1969 2528 2134 2595 ﬁlios,

550 2633 823 2705 Oxynium
854 2638 909 2685 et
938 2623 1359 2683 Scamandrum.
1395 2620 1565 2689 Capto
1591 2621 1713 2676 dein
1756 2619 1874 2685 Ilio,
1905 2620 2133 2686 Aineas,

549 2725 805 2782 Anchisa:
842 2736 906 2775 ac
938 2716 1167 2773 Veneris
1199 2714 1363 2779 filius,
1410 2712 1628 2768 Graecos
1693 2711 1931 2782 fugiens,
1989 2713 2134 2768 Idam

548 2824 732 2889 primo
756 2813 985 2870 incoluit
1017 2830 1028 2865 :
1058 2810 1151 2865 sed
1182 2824 1305 2863 cum
1333 2806 1535 2861 reversi
1555 2821 1584 2860 e
1610 2804 1781 2875 Lydia
1811 2804 2058 2875 Oxynius
2080 2814 2136 2859 et

549 2911 889 2969 Scamander
934 2904 1118 2959 omnia
1175 2903 1383 2975 circum
1435 2898 1590 2952 Ilium
1627 2901 1745 2952 loca
1784 2913 1848 2951 ex
1909 2910 2132 2967 paterna

547 2998 1036 3059 veluthwreditate
1063 2994 1273 3057 relicta,
1302 2992 1405 3048 sibi
1434 2992 1774 3046 vindicarent
1804 3009 1820 3049 ;
1854 3002 2135 3061 assumpto

550 3096 758 3153 Encas
799 3102 954 3161 patre
1008 3088 1271 3150 Anchise,
1322 3097 1378 3139 et
1405 3094 1675 3154 quotquot
1721 3084 1893 3152 potuit
1947 3099 1979 3138 e
2010 3100 2138 3151 pro-

2324 2438 2389 2489 ‘H
2445 2441 2541 2511 μς’
2588 2442 2665 2507 ὡς
2720 2444 2921 2511 Τροίας
2974 2443 3357 2514 πορθουμένης
3389 2446 3435 2477 θ’
3492 2445 3809 2503 ὑπεκτίθεται

2239 2534 2489 2605 Πρίαμος
2539 2536 2618 2597 είς
2670 2535 2871 2589 Λυδίαν
2896 2536 2989 2589 δύο
3035 2538 3233 2599 παῖδας
3266 2539 3563 2608 Ἕκτορος,
3601 2540 3809 2605 Ὀξύνιον

2238 2627 2335 2679 καὶ
2389 2626 2762 2698 Σκάμανδρον.
2811 2629 2967 2683 Ἐπεὶ
2992 2629 3049 2682 δὲ
3079 2628 3140 2682 τό
3166 2630 3335 2682 Ἴλιον
3371 2631 3510 2701 ἥλω,
3564 2634 3807 2693 Αίνείαςό

2250 2718 2510 2787 Ἀγχίσου
2544 2720 2639 2771 καὶ
2678 2719 3022 2790 Ἀφροδίτης,
3067 2720 3351 2790 διαφυγὼν
3394 2723 3522 2784 τοὺς
3567 2724 3805 2792 Ἀχαιοὺς,

2236 2813 2296 2863 τὸ
2329 2812 2426 2882 μὲν
2453 2812 2673 2880 πρῶτον
2706 2811 2839 2883 ᾤκει
2861 2813 2961 2884 τὴν
2986 2814 3153 2884 Ἴδην
3204 2815 3455 2881 Ὀξυνίου
3486 2816 3544 2869 δὲ
3576 2818 3662 2869 καὶ
3691 2819 3801 2870 Σκαο

2241 2900 2476 2968 μάνδρου
2495 2900 2904 2955 ἐπανελθόντων
2924 2904 2969 2935 ⁸³
2993 2904 3102 2956 ἀπὸ
3128 2904 3336 2969 Λυδίας
3362 2908 3459 2958 καὶ
3480 2907 3555 2969 ὡς
3574 2908 3805 2978 πατρῴας

2236 2991 2443 3062 λήξεως
2476 2994 2964 3064 μεταποιουμένων
2992 2994 3102 3049 τῶν
3157 2998 3288 3067 περὶ
3325 2997 3388 3050 τὸ
3429 2998 3591 3052 Ἴλιον
3630 3000 3801 3061 τόπων,

2242 3084 2528 3139 ἀναλαϐὼν
2569 3088 2831 3157 Ἀγχίσην
2896 3090 2988 3141 τὸν
3040 3082 3253 3161 πατέρα
3294 3092 3395 3144 καὶ
3437 3093 3595 3153 ὅσους
3620 3091 3803 3145 δύναιτο

552 3188 697 3257 fugis
724 3185 891 3239 solem
928 3196 1118 3236 versus
1143 3180 1410 3233 orientem
1448 3180 1560 3248 ((il)
1591 3184 1658 3235 de
1682 3180 1913 3234 Veneris
1944 3183 2135 3236 matris

2242 3177 2351 3230 τῶν
2409 3179 2802 3249 συμφυγάδων,
2830 3180 2969 3251 πρὸς
2995 3181 3146 3251 ἥλιον
3176 3182 3474 3252 ἀνίσχοντα
3497 3183 3665 3253 ᾤχετο
3684 3180 3799 3237 κατὰ

552 3281 812 3337 mandato
839 3277 1086 3332 tetendit.
1112 3273 1365 3342 Trajecto
1400 3274 1564 3343 igitur
1590 3273 1961 3343 Hellesponto,
1990 3275 2137 3329 venit

550 3377 619 3430 ad
655 3376 859 3437 sinum,
891 3371 984 3440 qui
1020 3370 1291 3422 Thermus
1312 3377 1398 3421 est
1430 3369 1767 3431 iwminatus,
1811 3369 1901 3423 ubi
1933 3368 2137 3421 Anchi-

548 3484 649 3523 sen
682 3468 795 3519 vita
818 3464 1066 3517 functum
1102 3460 1314 3529 sepelit,
1338 3462 1560 3529 ipseque
1589 3460 1829 3513 oblatum
1862 3461 2137 3515 abincolis

520 3608 523 3613 ,
551 3575 780 3625 regnum
813 3566 1053 3610 recusat.
1087 3554 1225 3607 Hinc
1264 3552 1316 3604 in
1344 3551 1669 3606 Brusiadem
1706 3552 1819 3623 (62)
1858 3554 2133 3622 regionem

550 3651 832 3723 profectus
859 3659 964 3712 est,
998 3649 1087 3703 ubi
1122 3648 1395 3709 onmibus,
1425 3646 1839 3715 quibuscunque
1870 3658 2133 3712 uteretur,

550 3746 830 3816 expetitus
865 3752 1158 3812 gratusque
1218 3738 1343 3803 fuit,
1381 3740 1451 3793 ob
1510 3754 1723 3792 morum
1783 3739 2042 3793 nimirum
2103 3754 2136 3794 a

550 3836 769 3891 Venere
818 3834 1049 3888 inditam
1106 3832 1456 3885 suavitatem.
1502 3830 1579 3885 lbi
1641 3832 1939 3901 mugiente,
2015 3846 2138 3900 quae

554 3932 729 3999 ipsum
764 3943 831 3980 ex
862 3926 952 3979 Ida
1010 3923 1361 3993 sequebatur,
1404 3923 1542 3977 bove
1604 3923 1708 3994 (sic
1760 3923 1903 3977 enim
1956 3922 2135 3979 Venus

556 4032 715 4075 antea
745 4017 1081 4081 mandarat),
1113 4013 1229 4081 ejus
1247 4029 1357 4068 orae
1386 4013 1671 4083 imperium
1692 4016 2020 4071 donantibus
2052 4017 2136 4070 in-

552 4113 693 4167 colis
738 4108 999 4177 suscepit,
1037 4107 1344 4176 bovemque
1379 4105 1539 4159 matri
1584 4108 1863 4161 mactavit.
1908 4109 1989 4162 Ad
2021 4109 2137 4163 hac

556 4202 747 4256 urbem
803 4198 1065 4260 condidit,
1120 4212 1241 4264 qua:
1308 4204 1435 4250 tunc
1485 4197 1706 4265 quidem
1763 4213 1791 4250 a
1853 4200 2137 4253 conditore

553 4293 877 4362 IEnea(63),
912 4300 1032 4361 post
1060 4288 1261 4343 inﬂexo
1293 4288 1540 4341 nonnihil
1580 4290 1800 4343 nomine
1824 4289 2133 4362 EnusUM)

553 4392 717 4444 dicta.
751 4387 874 4440 llaec
908 4385 1068 4451 igitur
1092 4399 1197 4437 una
1242 4382 1503 4445 narratio,
1552 4392 1753 4452 praeter
1788 4384 1891 4437 alia
1944 4387 2132 4449 multa,

553 4476 793 4531 refertur
821 4490 848 4527 a
879 4474 1104 4529 Grrccis.
1154 4472 1341 4525 Altera
1368 4481 1543 4525 tamen
1585 4473 1695 4537 illa,
1729 4490 1849 4543 quae
1872 4474 2130 4531 Romana:

2250 3269 2569 3339 Ἀφροδίτης
2630 3272 2950 3341 ἐπίσκηψιν.
3006 3274 3211 3336 Διαϐὰς
3259 3272 3359 3328 οὖν
3410 3274 3539 3347 [234
3596 3274 3678 3347 ΙΙ,]
3710 3276 3798 3327 ,τὸν

2251 3362 2651 3433 Ἑλλήσποντον
2670 3404 2685 3430 ,
2719 3366 2814 3417 καὶ
2843 3366 3175 3435 ἀφικόμενος
3198 3366 3245 3398 ⁸⁵
3274 3370 3361 3431 εἰς
3390 3368 3602 3438 Θερμὸν
3631 3356 3800 3420 καλού-

2240 3472 2400 3527 μενον
2449 3457 2652 3511 κόλπον
2678 3498 2692 3524 ,
2748 3458 3008 3529 Ἀγχίσην
3070 3460 3168 3529 μὲν
3220 3461 3567 3514 ἀποθανόντα
3613 3460 3796 3524 θάπτει,

2236 3548 2401 3611 αὐτὸς
2443 3548 2498 3601 δὲ
2536 3549 2646 3602 τῶν
2694 3550 3010 3621 ἐπιχωρίων
3051 3552 3328 3621 δεομένων
3350 3554 3493 3606 ὥστε
3531 3552 3798 3624 βασιλεύειν

2237 3642 2418 3694 αὐτῶν
2459 3643 2560 3695 οὐκ
2601 3643 2836 3708 ἐδέξατο.
2899 3640 3035 3697 Εἶτα
3091 3647 3171 3708 εἰς
3228 3646 3333 3715 τὴν
3372 3647 3665 3716 Βρουσιάδα
3715 3648 3797 3714 γῆν

2237 3734 2457 3805 ἔρχεται
2480 3752 2493 3765 ο
2530 3737 2665 3789 πᾶσι
2691 3738 2734 3788 δ’
2760 3732 2830 3807 ἧν
2870 3737 3152 3806 ἐφίμερος,
3206 3737 3288 3803 οἷς
3338 3742 3639 3809 ἐτυγχάνοι,
3678 3738 3796 3790 κατὰ

2238 3828 2398 3897 χάριν
2429 3829 2530 3898 τῆς
2564 3829 2903 3900 Ἀφροδίτης.
2965 3831 3227 3885 Ἐνταῦθα
3278 3834 3669 3903 μυκησαμένης
3714 3832 3796 3897 τῆς

2240 3921 2621 3991 συνεπομένης
2647 3922 2797 3992 αὐτῷ
2847 3924 2969 3991 βοὸς
2993 3924 3051 3990 ἐξ
3082 3925 3227 3995 Ἴδης
3272 3925 3455 3994 (τοῦτο
3480 3925 3587 3996 γὰρ
3629 3925 3792 3992 Ἀφρο-

2236 4014 2355 4085 δίτη
2384 4016 2685 4086 ἐπέσκηψε)
2721 4017 2989 4087 λαμϐάνει
3013 4018 3073 4071 τὸ
3103 4021 3300 4090 κράτος
3332 4022 3434 4092 τῆς
3452 4023 3552 4091 γῆς
3577 4021 3791 4074 διδόντων

2236 4107 2345 4160 τῶν
2398 4109 2729 4178 ἐπιχωρίων,
2788 4110 2884 4163 καὶ
2949 4113 3046 4181 τὴν
3077 4112 3203 4182 βοῦν
3228 4113 3347 4167 θύει
3392 4114 3688 4186 Ἀφροδίτῃ,
3714 4111 3787 4163 καὶ

2238 4199 2410 4263 κτίζει
2466 4202 2640 4266 πόλιν,
2674 4202 2707 4274 ἢ
2737 4202 2858 4255 τότε
2921 4204 3021 4272 μὲν
3039 4205 3083 4236 ⁸⁵
3109 4205 3291 4258 Αίνεια
3346 4206 3456 4260 ἀπὸ
3482 4206 3571 4259 τοῦ
3602 4206 3784 4259 κτίσαν-

2237 4308 2348 4358 τος,
2402 4294 2628 4363 ῦστερον
2654 4295 2711 4348 δέ
2745 4298 3177 4367 παρενεγκόντος
3231 4298 3326 4351 τοῦ
3376 4301 3634 4370 ὀνόματος
3658 4294 3781 4356 Αἶνος

2238 4384 2462 4455 ἐκλήθη.
2522 4385 2696 4453 Λόγος
2735 4388 2834 4456 μὲν
2861 4386 2954 4440 οῦν
2977 4382 3057 4452 εἷς
3092 4382 3247 4454 οὗτος
3285 4392 3389 4444 ὑπὸ
3429 4390 3689 4461 Ἑλλήνων
3710 4386 3778 4439 ἐπὶ

2238 4476 2455 4539 πολλοῖς
2500 4476 2681 4539 ἄλλοις
2737 4478 2954 4546 λέγεται
2977 4495 2992 4509 ο
3024 4482 3052 4533 ὀ
3080 4480 3136 4532 δὲ
3165 4481 3226 4534 τὸ
3261 4482 3530 4552 Ῥωμαῖον
3563 4484 3702 4547 γένος
3721 4478 3780 4537 εἰς

553 4570 728 4640 gentis
764 4569 1027 4637 originem
1060 4566 1129 4621 ab
1152 4566 1269 4634 ipso
1304 4567 1522 4634 repetit,
1557 4575 1611 4619 et
1631 4566 1781 4620 Alba:
1797 4568 2132 4623 conditorem

2239 4572 2402 4627 αὑτὸν
2448 4573 2736 4644 ἀναφέρων
2778 4575 2872 4627 καὶ
2919 4577 3164 4647 οἰκιστὴν
3216 4550 3386 4631 ποιῶν
3444 4577 3657 4639 Ἀλϐας,
3706 4573 3780 4623 καὶ

553 4659 709 4724 facit,
743 4659 904 4712 simul
925 4658 1086 4711 etiam
1112 4655 1416 4722 oraculum,
1436 4670 1539 4725 qua
1563 4657 1799 4711 incolere
1821 4658 2133 4725 jubebatur,

557 4751 648 4806 ubi
690 4752 803 4818 ipse
837 4765 957 4803 cum
1011 4748 1176 4803 sociis
1205 4749 1379 4802 sacris
1428 4762 1711 4817 operatus,
1743 4766 1983 4805 mensam
2021 4752 2133 4825 (65)

2234 4661 2298 4714 τὸ
2376 4664 2711 4734 χρηστήριον
2773 4662 2802 4716 ὃ
2870 4668 3146 4718 κατοικεῖν
3221 4667 3523 4737 ἐπέτρεπεν
3555 4666 3600 4698 ’⁸
3660 4659 3779 4715 ὁπότ’

2236 4754 2305 4809 ἂν
2332 4755 2495 4819 αὐτὸς
2543 4754 2660 4825 ἅμα
2690 4756 2798 4809 τῶν
2819 4758 2864 4790 ⁹⁷
2896 4759 2992 4812 σὺν
3018 4758 3166 4828 αὐτῷ
3194 4758 3361 4823 θύσας
3427 4757 3561 4828 μετά
3594 4754 3690 4809 τῶν
3714 4769 3777 4803 σι-

552 4861 771 4915 quoque
804 4844 1222 4912 absumpsisset,
1249 4844 1386 4909 haec,
1418 4845 1664 4915 inquam,
1705 4848 1951 4902 narratio
1981 4850 2135 4904 valde

2239 4847 2365 4901 τίων
2422 4849 2731 4918 καταφάγοι
2782 4850 3000 4916 καὶτὰς
3042 4851 3342 4923 τραπέζας,
3379 4848 3531 4915 οὗτος
3561 4845 3778 4916 κατημά·

548 4939 662 5009 jam
693 4939 821 4992 trita
849 4947 953 4991 est.

2234 4941 2440 5008 ξευται.

1863 5076 2098 5132 VARUE
2139 5076 2437 5134 LECTION
2447 5079 2547 5133 ES.

624 5165 670 5198 ⁸⁹
702 5182 827 5230 κεφ.
886 5162 980 5216 τοῦ
1016 5165 1077 5219 0.

554 5236 830 5305 κουμένης
885 5235 1061 5288 malis.
1096 5235 1167 5288 cf.

554 5308 599 5339 ³⁸
651 5304 863 5377 ἔπρεπε
890 5322 950 5370 ς’.
1027 5305 1069 5337 ⁸⁷
1106 5304 1239 5377 τῶν]
1305 5306 1385 5374 τῷ
1434 5306 1523 5360 A:
1570 5310 1681 5371 τοῖς
1728 5327 1790 5372 ς’.

1126 5164 1193 5235 ἦν
1228 5166 1313 5235 ἂν
1347 5165 1600 5234 εὑρόντες
1626 5184 1686 5229 ς.
1762 5169 1809 5201 ⁹⁰
1839 5170 1933 5222 καὶ
1972 5170 2093 5221 τότε
2129 5172 2251 5223 add.
2285 5172 2349 5223 Α.
2425 5174 2468 5203 ⁹¹
2505 5171 2699 5233 ἄλλους
2750 5187 2860 5224 om.
2922 5187 3005 5235 pr.
3062 5172 3128 5226 Α.

1206 5250 1258 5307 ρ.
1300 5234 1371 5307 R.
1404 5237 1533 5300 988,
1584 5239 1653 5290 45
1681 5248 1735 5292 et.
1767 5239 1893 5305 989,
1928 5239 2020 5296 22.
2097 5242 2142 5271 ⁸³
2169 5240 2434 5307 ἐλθόντων
2454 5244 2520 5296 Λ.

3214 5174 3259 5204 θ’
3292 5174 3345 5227 ni
3406 5172 3537 5225 forte
3582 5165 3769 5227 πολιορ-

2613 5241 2658 5273 ”
2677 5241 3045 5311 ἁφικούμενος
3097 5261 3157 5307 ς.
3236 5245 3280 5275 ⁸⁸
3308 5242 3402 5296 τοῦ
3454 5241 3548 5312 μὲν
3598 5253 3676 5289 κτ.
3717 5247 3767 5293 ςι

2035 5402 2267 5458 ΝΟΤΛιΕ.

629 5490 740 5557 (60)
776 5488 1001 5543 Lucian.
1036 5490 1293 5545 Adversus
1327 5492 1520 5546 indoct.

628 5560 739 5633 (θῇ)
758 5560 1076 5633 ’Λνίσχοντα
1090 5576 1286 5633 _errore
1310 5563 1670 5630 geographica
1687 5580 1785 5633 pro
1802 5566 2108 5619 καταδύντα

623 5629 737 5700 (62)
773 5629 851 5705 _An
871 5630 1222 5705 Erusisforte
1249 5629 1477 5705 ﬁliiﬁlii),
1496 5634 1582 5684 illa
1614 5629 1943 5691 Macedonia:
1966 5636 2134 5705 pars?

559 5699 692 5753 Eam
746 5699 814 5753 ab
870 5699 1102 5754 Emathii
1135 5701 1245 5757 lilio
1281 5700 1456 5757 Bruso
1491 5718 1686 5760 nomen
1728 5706 1927 5761 habere
1966 5699 2134 5762 'docet

560 5768 749 5835 Steph.
778 5769 1002 5837 Byzaut.

627 5837 739 5907 (63)
778 5838 932 5907 Apud
959 5841 1148 5912 Steph.
1177 5843 1338 5898 etiam
1365 5842 1608 5901 {Eneada
1649 5846 1849 5902 dictam
1883 5848 2130 5916 observo,

2239 5498 2413 5563 ibique
2454 5498 3050 5569 sepultuqunchisen.
3098 5498 3241 5569 Lege
3297 5499 3438 5567 Virg.
3488 5510 3541 5548 Ill
3577 5480 3762 5545 Λῖηείιίσ

2241 5568 2363 5621 init.
2408 5576 2465 5638 et
2499 5569 2569 5621 ibi
2595 5568 2844 5621 Servium
2881 5568 3217 5638 cmterosqne
3254 5572 3577 5636 interpretes.

2303 5638 2418 5707 (64)
2450 5637 2526 5691 lta
2546 5638 2819 5710 Plini_nset
2843 5639 3032 5706 Pomp.
3060 5637 3218 5699 Mela,
3249 5640 3340 5694 lib.
3368 5656 3425 5699 ιι,
3449 5649 3558 5688 eam
3582 5637 3762 5710 quoqtte

2241 5709 2511 5774 appellant
2540 5726 2553 5762 :
2586 5717 2636 5760 et
2670 5708 2901 5763 Pausan.
2936 5710 3159 5763 Eliacis.
3185 5712 3312 5765 Aur.
3358 5710 3531 5764 Victor
3549 5707 3689 5758 etiam
3714 5707 3757 5746 1η

2246 5777 2395 5841 Orig.
2421 5789 2561 5846 gent.
2594 5777 2745 5831 Rom.

2317 5850 2429 5919 ((35)
2457 5852 2589 5904 Aur.
2613 5847 2821 5919 Victor,
2841 5848 2912 5905 De
2942 5851 3077 5921 orig.
3096 5861 3234 5921 gent.
3266 5850 3414 5905 Rom.
