4022 6450
275 376 388 439 585

1335 370 1859 431 BIBLIOTHECA.
1876 393 1945 404 -
1971 368 2133 428 COD.
2163 368 2516 429 CLXXXVI.

3433 378 3537 441 586

356 490 420 541 'll
454 488 547 558 μζθ
582 488 659 550 ὡς
697 488 1072 559 Ἀλθαιμένης,
1123 486 1215 541 τοῦ
1253 486 1621 557 Ἡρακλειδῶν
1670 486 1856 552 γένους

2032 483 2455 553 Quadragesima
2495 483 2722 551 septima
2756 500 2767 535 :
2812 485 3168 539 Althremencs
3197 487 3329 553 (66),
3368 486 3535 539 llera-

270 582 429 651 τρέτη
463 579 632 646 γενεὰ
664 579 774 633 ἀπὸ
824 580 1094 649 Τεμένους
1114 579 1179 644 9⁸,
1227 579 1506 642 στασιάζει
1550 577 1684 647 πρὸς
1736 577 1861 639 τοὺς

274 672 542 740 ἀδελφοὺς
594 669 888 739 (νεώτατος
908 670 954 723 δ’
979 666 1069 740 ἦν)
1096 672 1191 724 καὶ
1254 670 1641 740 μετανίσταται
1693 668 1860 721 Πελο-

271 764 569 832 ποννήσου,
635 763 868 833 στρατὸν
895 763 1146 832 Δωριέων
1177 762 1315 831 ἔχων
1354 761 1446 814 καί
1501 779 1652 823 τινας
1684 760 1861 815 Πελα-

271 853 440 919 σγῶν.
468 854 765 906 Ἕστελλον
792 853 851 905 δὲ
879 856 972 906 καὶ
1033 853 1304 924 Ἀθηναῖοι
1332 854 1451 906 τότε
1475 853 1572 922 τὴν
1612 853 1709 904 σὺν
1730 853 1829 904 Nat.
1852 879 1860 887 -

266 945 439 1014 λέῳ”
472 962 535 997 τε
564 945 662 997 καὶ
717 948 833 1007 τοῖς
890 946 1178 1015 Κοδρίδαις
1238 946 1528 999 ἀποικίαν’
1575 945 1773 1014 ὁμοίως
1804 943 1861 996 δὲ

271 1038 401 1090 καθ’
432 1040 652 1101 tamab;
701 1039 798 1090 καὶ
830 1038 1243 1107 Λακεδαιμόνιοι
1294 1038 1387 1091 τὸν
1411 1037 1704 1107 Φιλονόμου
1736 1038 1860 1090 λαὸν

274 1128 589 1198 ἀπῴκιζον,
617 1122 682 1182 ὧν
703 1129 893 1197 ἡγεῖτο
949 1128 1146 1195 Δελφὸς
1172 1129 1339 1197 ὖνομα
1358 1130 1453 1181 καὶ
1483 1127 1663 1189 Πόλις.
1700 1126 1859 1181 Ἐκά-

279 1225 481 1289 τεροι⁸
512 1217 599 1273 οὖν
660 1220 1005 1289 παρεκάλουν
1075 1220 1429 1289 Ἀλθαιμένην
1497 1218 1859 1288 συμμετέχειν

287 1312 473 1373 αὐτοῖς
517 1311 604 1362 τοῦ
657 1310 847 1381 ἔργου,
880 1311 933 1363 οἵ
977 1329 1036 1363 τε
1066 1313 1288 1380 Δωριεῖς
1332 1309 1427 1363 τοῦ
1489 1311 1579 1361 ἐπὶ
1636 1310 1858 1379 Κρήτην

290 1404 442 1461 πλοῦ.
488 1403 579 1454 ἅτε
627 1404 719 1453 καὶ
773 1402 934 1454 αὐτὸν
967 1403 1179 1471 Δωριέα
1200 1403 1349 1464 ὄντα,
1383 1401 1437 1452 οἵ
1466 1417 1525 1453 τε
1570 1400 1749 1462 Ἰωνες
1779 1400 1859 1460 είς

283 1494 377 1561 τὴν
409 1493 588 1543 Ἀσίαν
616 1492 757 1560 μετὰ
789 1492 935 1559 σφῶν
961 1472 1355 1560 περαιωθῆναι.
1381 1489 1470 1558 Τῷ
1491 1489 1536 1540 δ’
1559 1488 1857 1557 οὐδετέροις

274 1590 445 1640 ἐδόκει
502 1588 778 1656 συμπλεῖν
805 1628 821 1653 ,
879 1586 1015 1640 ἀλλὰ
1082 1586 1223 1639 κατὰ
1280 1586 1371 1638 τὸν
1426 1584 1647 1637 δοθέντα
1707 1581 1857 1651 αὐτῷ

270 1680 519 1749 χρησμὸν
576 1682 673 1732 ἐπὶ
725 1680 823 1732 Δία
881 1681 973 1732 καὶ
1004 1679 1193 1732 ’Ἥλιον
1218 1677 1563 1749 κομίζεσθαι,
1608 1677 1701 1730 καὶ
1726 1676 1855 1747 παρ’

265 1771 442 1821 αὐτῶν
475 1773 656 1823 αἰτεῖν
711 1774 792 1833 εἰς
822 1771 1143 1841 κατοίκησιν
1168 1770 1273 1838 γῆν
1301 1789 1314 1799 ·
1344 1766 1487 1823 εἶναι
1512 1769 1569 1822 δὲ
1600 1769 1722 1832 Διὸς
1754 1768 1853 1838 μὲν

263 1864 720 1932 Κρήτην,⁹11λίου
736 1864 793 1916 δὲ
822 1863 1017 1916 Ῥόδον.
1082 1863 1443 1931 Ἀναγόμενος
1508 1857 1602 1915 οὖν
1653 1862 1718 1914 ἐκ
1744 1863 1852 1914 Πε-

259 1954 600 2025 λοποννήσου
636 1954 918 2024 προσίσχει
958 1954 1096 2025 πρὸς
1133 1936 1234 2023 την
1268 1955 1515 2024 Κρήτην,
1554 1952 1650 2006 καὶ
1683 1952 1847 2021 μέρος

258 2047 353 2099 τοῦ
378 2047 520 2101 λαοῦ
546 2050 671 2111 τοὺς
700 2047 1057 2117 βουλομένους
1078 2046 1265 2100 αὐτόθι
1295 2049 1461 2100 οἰκεῖν
1495 2044 1817 2099 καταλείπει
1839 2062 1854 2076 ο

260 2138 422 2199 αὐτὸς
446 2138 506 2190 δὲ
532 2139 661 2200 τοὺς
687 2138 905 2201 πλείους
934 2136 1073 2207 ἔχων
1097 2135 1339 2207 Δωρικὸν
1370 2136 1522 2189 ἔπλει
1545 2137 1637 2188 ἐπὶ
1653 2135 1856 2192 Ῥόδον.

262 2232 375 2301 Τὴν
406 2232 467 2284 δὲ
514 2232 697 2285 Ῥόδον
725 2231 784 2284 τὸ
817 2231 917 2300 μέν
966 2233 1193 2301 ἀρχαῖον
1223 2230 1350 2293 λαὸς
1408 2229 1691 2299 αὐτόχθων
1743 2229 1858 2282 ἐνέ-

268 2340 453 2391 μοντο,
484 2316 562 2376 ὧν
592 2319 729 2393 ἦρχε
782 2323 841 2375 τὸ
886 2323 1183 2377 Ἠλιαδῶν¹
1231 2321 1407 2389 γένος,
1465 2320 1558 2384 οὒς
1614 2320 1857 2383 Φοίνικες

264 2415 577 2483 ἀνέστησαν
627 2416 718 2466 καί
744 2415 841 2483 τὴν
873 2414 1034 2483 νῆσον
1087 2413 1243 2482 ἔσχον
1264 2428 1277 2442 ⁸
1312 2411 1440 2483 [456
1473 2411 1566 2483 1L]
1596 2412 1857 2465 Φοινίκων

263 2505 308 2557 δ’
334 2506 689 2558 ἐκπεσόντων
748 2504 931 2574 Κᾶρες
984 2503 1161 2573 ἔσχον,
1191 2504 1281 2557 ὅτε
1326 2503 1423 2555 καὶ
1447 2502 1546 2565 τὰς
1575 2502 1741 2565 ἄλλας
1766 2503 1859 2570 νή-

270 2616 396 2661 σους
416 2601 520 2662 τὰς
545 2598 677 2667 περὶ
704 2598 764 2650 τὸ
782 2600 1005 2666 Αἰγαῖον
1035 2597 1056 2627 ³
1090 2597 1335 2667 ᾤκησαν.
1369 2589 1464 2658 Οἷς
1494 2593 1855 2647 ἐπιπλεύσαν-

264 2709 358 2755 τες
380 2695 431 2746 οἱ
454 2694 704 2763 Δωριεῖς,
726 2689 951 2761 πολέμῳ
978 2689 1039 2743 τὸ
1060 2688 1307 2759 Καρικὸν
1324 2685 1854 2756 καταστρεψάμενοι,

267 2789 420 2856 τρεῖς
452 2786 637 2847 πόλεις
670 2784 913 2848 ἔκτισαν,
944 2783 1153 2847 Λίνδον,
1191 2780 1429 2853 Ἰήλυσον
1493 2780 1589 2833 καὶ
1640 2777 1857 2844 Κάμει-

270 2896 366 2949 ρον
387 2879 431 2933 δ.
470 2880 535 2930 Oi
572 2880 669 2947 μὲν
693 2872 799 2929 ιοῦν
839 2877 1063 2945 Δωριεῖς
1096 2874 1202 2926 ἀπὸ
1247 2870 1635 2941 Ἀλθαιμένους
1688 2869 1858 2939 ἀρξά-

271 2987 430 3040 μενοι
470 2969 634 3040 μέχρι
671 2972 767 3023 καὶ
803 2968 964 3037 δεῦρο
1001 2965 1479 3034 καταϐεϐήκασιψ
1526 2963 1583 3015 αἱ
1614 2961 1671 3015 δέ
1706 2964 1857 3031 τρεῖς

268 3061 459 3123 πόλεις
510 3061 593 3122 είς
640 3057 768 3129 μίαν
831 3056 1259 3110 ἀποκλεισθεῖσα
1324 3051 1567 3123 μεγάλην
1617 3050 1714 3103 καὶ
1776 3051 1859 3101 εὐ-

1883 1819 1930 1878 Β

1966 578 2233 633 clidarum
2291 578 2506 647 generis
2560 578 2777 632 soboles
2834 578 2948 648 (67)
2982 577 3173 648 151a
3216 595 3244 629 a
3295 578 3533 633 Tcntene

1967 669 2147 733 tertia,
2180 670 2439 723 fratribus
2502 670 2829 723 dissentiens
2892 670 3337 723 ttttmtltuabatur.
3366 669 3531 724 'Natu

1964 778 2094 832 ergo
2130 763 2386 816 minimus
2442 778 2565 816 cum
2622 773 2785 826 esset,
2849 762 3221 830 Peloponneso
3278 764 3529 827 discedit,

1965 854 2310 909 Doriensium
2346 870 2531 908 secum
2565 857 2771 922 copias,
2799 864 2853 907 et
2894 854 3240 923 Pelasgorum
3269 857 3532 924 quosdam

1962 947 2185 1000 ducens.
2212 944 2477 999 Miserunt
2502 954 2611 997 tum
2641 960 2857 1013 quoque
2878 945 3239 1000 Athenienses
3265 946 3533 999 coloniam

1962 1053 2083 1091 cum
2116 1037 2280 1091 Neleo
2323 1036 2467 1107 (68),
2526 1046 2581 1091 et
2601 1034 2762 1090 Codri
2788 1036 3040 1103 posteris.
3082 1036 3351 1090 Similiter
3400 1051 3530 1090 vero

1961 1140 2017 1185 et
2037 1129 2429 1183 Lacedaemonii
2451 1129 2652 1196 eoipso
2684 1137 2923 1195 tempore
2957 1126 3257 1181 Philonomi
3286 1128 3401 1198 (69)
3440 1142 3535 1195 po.

1960 1220 2141 1289 pulum
2160 1220 2267 1275 alio
2296 1220 2598 1274 habitatum
2625 1220 2917 1283 miserunt,
2940 1234 3101 1287 quem
3122 1220 3275 1273 duxit
3294 1220 3530 1288 Delphns

1961 1314 2179 1381 quidam
2214 1313 2452 1377 nomine,
2494 1323 2549 1366 et
2582 1310 2746 1365 Polis.
2785 1309 3016 1379 Utrique
3060 1311 3449 1365 Althzemenem
3480 1313 3531 1366 in

1962 1405 2148 1473 operis
2184 1405 2500 1460 societatem
2549 1414 2834 1459 vocarunt.
2890 1407 3058 1459 Dores
3091 1405 3334 1473 quidem,
3380 1414 3440 1458 ut
3480 1406 3532 1458 itt

1959 1493 2176 1549 Cretam
2222 1509 2325 1547 una
2369 1494 2685 1562 navigaret,
2736 1493 2879 1563 quod
2944 1503 2998 1547 et
3078 1493 3196 1561 ipse
3254 1493 3535 1549 Doriensis

1957 1594 2122 1639 esset.
2155 1584 2309 1639 lones
2343 1600 2489 1649 vero,
2546 1593 2603 1637 ut
2658 1585 2708 1637 in
2758 1584 2940 1638 Asiam
2990 1598 3173 1637 secum
3230 1584 3529 1649 trajiceret,

1958 1681 2281 1735 invitabant.
2339 1679 2537 1733 Verum
2600 1678 2918 1732 Althtemeni
2982 1692 3103 1731 cmn
3159 1676 3367 1731 neutris
3413 1692 3534 1731 sese

1958 1770 2283 1841 conjungere
2306 1770 2525 1839 placuit,
2560 1771 2854 1838 maluitque
2892 1784 2959 1821 ex
3010 1768 3212 1822 oraculi
3272 1783 3532 1835 responso

1957 1865 2099 1934 quod
2127 1873 2431 1932 acceperat,
2464 1862 2531 1915 ad
2562 1861 2747 1916 Jovem
2772 1870 2827 1914 et
2857 1860 3035 1914 Solem
3056 1859 3349 1927 proficisci,
3372 1868 3533 1925 atque

1958 1957 2027 2011 ab
2056 1956 2142 2010 his
2188 1954 2465 2010 habitandi
2499 1954 2673 2008 locum
2726 1952 3024 2022 postulare.
3057 1950 3274 2004 Cretam
3345 1958 3527 2001 autem

1958 2063 2080 2105 esse
2113 2047 2283 2114 lovis,
2315 2046 2457 2103 Solis
2491 2047 2757 2100 Rhodum.
2798 2046 3029 2099 Evectus
3081 2045 3245 2113 igitur
3300 2057 3331 2096 e
3377 2040 3532 2095 Pelo-

1957 2156 2218 2212 ponneso,
2246 2142 2298 2194 in
2327 2140 2544 2194 Cretam
2576 2138 2803 2207 appulit,
2834 2136 3124 2205 populique
3158 2144 3389 2203 partem,
3411 2147 3533 2201 quas

1958 2236 2199 2289 residere
2223 2234 2295 2287 ibi
2350 2234 2532 2294 vellet,
2574 2231 2811 2298 reliquit.
2844 2228 2969 2298 Ipse
3024 2228 3287 2295 plurimos
3348 2241 3531 2280 secum

1960 2328 2167 2381 habens
2199 2326 2486 2380 Dorienses
2534 2325 2588 2378 in
2646 2322 2897 2375 Rhodum
2951 2320 3335 2387 adnavigavit:
3368 2331 3529 2385 quam

1958 2417 2177 2487 quidem
2234 2415 2463 2470 insulam
2496 2414 2797 2481 antiquitus
2831 2410 3020 2466 incolae
3066 2410 3267 2464 ibidem
3309 2409 3422 2463 nati
3450 2417 3532 2462 te-

1958 2517 2211 2569 nuerant,
2240 2504 2469 2559 Iliadum
2501 2504 2633 2572 ipsis
2654 2514 2812 2573 gente
2846 2500 3156 2570 praeposita,
3186 2514 3324 2569 quos
3352 2509 3531 2552 tamen

1957 2597 2244 2652 Phoenices
2269 2607 2388 2664 post
2432 2604 2762 2659 everterant,
2797 2604 2850 2648 et
2883 2592 3113 2646 insulam
3173 2602 3531 2659 occuparant,

1959 2683 2305 2738 Pluenicibus
2345 2695 2559 2750 quoque
2613 2681 2903 2747 aliquando
2953 2680 3166 2747 ejectis,
3190 2678 3360 2733 Cares
3399 2693 3529 2733 suc-

1958 2782 2240 2829 cesserant
2300 2787 2451 2840 :qua
2501 2780 2820 2839 tempestate
2860 2780 2917 2826 et
2970 2771 3105 2825 alias
3154 2770 3323 2824 maris
3364 2768 3532 2839 {Ega‘i

1960 2865 2164 2921 insulas
2223 2864 2588 2920 incoluerunt.
2685 2865 2766 2917 Ad
2811 2865 2914 2917 hos
2965 2876 3094 2931 ergo
3150 2861 3535 2931 adnavigantes

1961 2958 2275 3021 Dorienses,
2322 2958 2488 3012 armis
2508 2956 2675 3012 Cares
2716 2956 3058 3024 pepulerunt.
3106 2965 3325 3023 tresque
3371 2956 3537 3009 urbes

1961 3052 2343 3115 condiderunt,
2370 3049 2621 3115 Lindum,
2665 3050 2895 3119 lelysum
2951 3059 3006 3102 et
3037 3048 3337 3101 Camirum.
3371 3044 3540 3115 Igitur

268 3154 529 3221 δαίμονα,
566 3152 761 3205 ταύτὸν
810 3149 981 3219 ὄνομα
1016 3150 1083 3219 τῇ
1110 3147 1259 3218 νήσῳ
1314 3144 1503 3198 Ῥόδον
1532 3142 1721 3196 ἔδοσαν
1756 3160 1854 3195 κα-

1966 3141 2281 3207 Dorienses,
2307 3144 2468 3196 ducta
2501 3142 2569 3197 ab
2622 3141 2959 3196 Althzemene
3014 3140 3250 3209 origine,
3294 3138 3359 3192 ad
3395 3141 3539 3193 hanc

268 3246 507 3299 λείσθαι.

355 3515 425 3567 Ἦ
461 3520 555 3584 μη¹
589 3513 658 3566 τὰ
685 3512 813 3583 περὶ
861 3510 1073 3581 Ῥώμου
1116 3510 1210 3562 καὶ
1247 3507 1526 3578 Ῥωμύλου
1555 3507 1856 3577 διηγεῖται,

266 3604 740 3674 παραλλάσσουσα
789 3601 925 3671 πρὸς
964 3602 1089 3662 τοὺς
1121 3598 1317 3661 ἄλλους
1367 3599 1423 3651 ἐν
1463 3615 1596 3651 τισι.
1631 3597 1770 3668 Φησὶ
1802 3598 1858 3650 δέ

264 3699 346 3761 ὡς
406 3695 661 3767 Ἀμόλιος
704 3693 1095 3755 ἐπιϐουλεύσας
1141 3691 1472 3762 Νεμέτορα⁸
1506 3691 1596 3744 τὸν
1633 3690 1858 3759 ἀδελφὸν

268 3791 515 3852 κτεξνει,
569 3791 666 3841 καὶ
709 3786 806 3857 τὴν
858 3786 1021 3839 αὐτοῦ
1080 3784 1358 3857 θυγατέρα
1418 3783 1611 3849 Ἰλίαν,
1650 3784 1737 3836 ἵνα
1783 3783 1856 3853 μὴ

276 3884 425 3935 τέκοι
449 3879 578 3951 μηδ’
614 3877 936 3948 ἁνδρωθείη,
965 3876 1065 3945 τῆς
1100 3875 1317 3938 Ἑστίας
1350 3874 1552 3943 ἱέρειαν
1586 3876 1852 3944 ἀπέφηνε.

278 3974 464 4045 Ταύτῃ
524 3970 737 4041 μιχθεὶς
784 3962 993 4038 Ἀρης,
1047 3965 1419 4036 ἀπολυόμενος
1462 3966 1560 4035 τῆς
1591 3964 1716 4037 [255
1762 3964 1856 4035 Η.]

266 4064 499 4135 ὁμιλίας
522 4102 537 4126 ,
568 4064 714 4123 ὅστις
747 4077 806 4113 τε
846 4055 914 4130 ἦν
959 4057 1195 4127 ἐδήλωσε
1218 4097 1236 4121 ,
1268 4058 1364 4109 καὶ
1403 4057 1486 4109 ὅτι
1526 4056 1620 4109 δύο
1663 4056 1856 4126 κόρους

263 4158 495 4224 τέξεται
538 4156 599 4219 ἐξ
629 4153 792 4207 αὐτοῦ
820 4152 917 4205 καὶ
958 4151 1065 4222 χρὴ
1097 4150 1340 4221 θαρρεῖν.
1395 4149 1555 4204 Ἀλλὰ
1592 4150 1857 4203 τεκοῦσαν

262 4252 448 4320 αὐτὴν
487 4248 587 4318 μὲν
630 4246 876 4316 Ἀμόλιος
911 4244 991 4305 εἰς
1019 4242 1395 4311 δεσμωτήριον
1429 4241 1623 4309 ἔτρυχε
1656 4239 1853 4309 βαλὼν,

263 4346 380 4398 τινί
404 4345 464 4396 δὲ
498 4341 718 4409 ποιμένι
757 4338 865 4390 τῶν
893 4335 1043 4405 αὐτῷ
1082 4333 1288 4386 πιστῶν
1315 4333 1386 4384 τὰ
1416 4332 1673 4402 τεχθέντα
1693 4332 1713 4362 ⁸
1742 4333 1856 4385 δια-

264 4439 505 4508 φθεῖραι
536 4436 770 4487 δίδωσιν.
824 4430 881 4483 '0
904 4430 964 4482 δὲ
995 4426 1175 4481 λαϐὼν
1202 4426 1263 4478 τὸ
1298 4426 1399 4495 μὲν
1435 4427 1649 4495 μίασμα
1672 4425 1857 4495 χερσὶν

269 4534 439 4594 ἰδίαις
478 4530 683 4599 πρᾶξαι
716 4526 777 4578 οὐ
824 4522 1117 4594 προσίετο,
1160 4521 1240 4582 εἰς
1291 4518 1505 4587 σκάφην
1546 4518 1602 4569 δὲ
1648 4516 1856 4586 μεθῆκε

267 4626 419 4679 κατὰ
451 4621 548 4675 τοῦ
582 4617 875 4688 Θὺὄρεως⁷
909 4611 1193 4685 φέρεσθαι.
1224 4610 1371 4680 Αὐτη
1398 4610 1455 4662 δὲ
1484 4612 1621 4678 μετὰ
1654 4609 1856 4678 πολλὴν

270 4716 452 4787 φοράν
492 4713 623 4783 περὶ
649 4708 993 4779 προύχουσαν
1020 4703 1154 4774 ᾐόνα
1175 4702 1492 4770 κατίσχεται
1530 4701 1707 4771 ῥίζαις
1736 4700 1852 4769 ὲρι-

268 4808 423 4871 νεοῦ,
439 4806 501 4866 ὃς
528 4805 697 4875 μέγας
711 4803 890 4853 ἐκεῖσε
913 4794 1179 4864 ἐπεφύκει
1196 4793 1238 4846 ⁸.
1263 4794 1373 4846 Καὶ
1397 4794 1430 4861 ἡ
1449 4793 1631 4862 σκάφη
1647 4790 1855 4845 ἐκεῖθεν

267 4904 340 4955 τὰ
379 4898 573 4952 παιδία
606 4895 743 4964 πρὸς
778 4891 876 4960 τὴν
904 4887 1037 4958 ᾐόνα
1071 4883 1325 4950 ἐκϐάλλει
1354 4884 1447 4935 ἐπὶ
1481 4883 1730 4953 μαλακῆς
1760 4884 1855 4936 καὶ

268 4988 616 5063 ψαμμώδους
644 4984 771 5054 γῆς.
808 4980 988 5041 Λύκος
1010 4977 1067 5031 δέ
1092 4976 1338 5038 νεοτόκος
1366 4975 1716 5045 ἐπιτυγχάνει
1742 4977 1854 5039 τοῖς

1889 4565 1933 4619 D

1966 3248 2141 3303 usque
2180 3243 2395 3287 aetatem
2445 3232 2858 3285 descenderunt.
2887 3230 3014 3283 Tria
3054 3246 3184 3284 vero
3225 3230 3313 3285 illa
3344 3232 3537 3299 oppida

1965 3328 2017 3379 in
2048 3340 2208 3378 unam
2239 3339 2509 3393 magnam,
2552 3322 2851 3392 opibusque
2882 3330 3155 3389 potentem
3200 3322 3387 3375 urbem
3420 3337 3543 3376 coa-

1961 3420 2196 3482 luerunt,
2231 3417 2315 3471 cui
2346 3426 2402 3471 et
2444 3416 2632 3470 insulae
2661 3415 2835 3469 Rhodi
2880 3429 3074 3469 nomen
3102 3414 3432 3469 indiderunt.

2031 3509 2455 3577 Quadragesima
2488 3519 2676 3563 octava
2741 3508 2809 3562 de
2856 3506 3027 3561 Romo
3056 3507 3166 3577 (70)
3213 3515 3266 3561 et
3309 3503 3540 3559 Romulo

1963 3610 2166 3665 narrat,
2203 3600 2445 3655 nonnihil
2497 3614 2528 3653 a
2582 3600 2808 3669 reliquis
2839 3599 3074 3653 diversa.
3125 3598 3395 3664 Amulius,
3460 3599 3542 3650 in-

1961 3696 2100 3760 quit,
2168 3689 2437 3745 Numitori
2471 3691 2628 3745 fratri
2688 3707 2877 3745 necem
2928 3705 2993 3744 ex
3059 3690 3271 3744 insidiis
3330 3688 3536 3753 intulit,
3636 3730 3639 3731 ν

1963 3788 2236 3854 liliumque
2281 3786 2401 3853 ejus
2430 3784 2605 3849 Iliam,
2645 3799 2712 3838 ne
2761 3793 3001 3851 pareret,
3052 3798 3187 3837 neve
3243 3798 3365 3836 cum
3416 3782 3536 3836 viro

1960 3884 2365 3938 consuescerct,
2409 3875 2587 3929 Vestae
2647 3874 2980 3928 sacerdotem
3025 3871 3170 3927 fecit.
3204 3870 3329 3926 Haec
3358 3881 3539 3926 tamen

1961 3986 1989 4024 a
2022 3968 2191 4022 Marte
2242 3982 2551 4035 compressa
2598 3978 2702 4029 est,
2761 3966 2851 4034 qui
2903 3974 3026 4031 post
3072 3979 3437 4029 congressum,
3485 3973 3541 4017 et

1961 4064 2083 4129 quis
2125 4069 2272 4115 esset
2319 4060 2635 4123 declaravit,
2664 4068 2719 4112 et
2773 4057 3019 4125 geminos
3066 4056 3359 4124 parituram
3398 4069 3537 4123 prae-

1962 4156 2118 4220 dixit,
2170 4154 2314 4208 bono
2346 4168 2464 4207 eam
2500 4151 2686 4205 animo
2732 4165 2854 4204 esse
2884 4148 3101 4216 jubens.
3130 4145 3329 4201 Verum
3379 4156 3537 4215 partu

1960 4247 2242 4301 liberatam
2272 4244 2519 4299 Amulius
2540 4253 2769 4311 patruus
2820 4242 2871 4295 in
2898 4239 3113 4295 vincula
3135 4240 3358 4293 missam
3389 4252 3539 4291 com—

1961 4341 2140 4409 pegit:
2178 4338 2348 4393 fetum
2396 4346 2575 4391 autem
2610 4335 2715 4390 ﬁdo
2745 4334 2961 4388 cuidam
2989 4331 3194 4402 pastori
3232 4330 3535 4385 necandum

1961 4432 2202 4487 tradidit.
2238 4431 2409 4496 Quem
2449 4438 2509 4483 ut
2532 4429 2759 4496 accepit,
2796 4436 3013 4494 patrare
3038 4423 3127 4478 ille
3144 4424 3254 4479 suis
3288 4422 3536 4477 manibus

1962 4525 2141 4580 scelus
2161 4523 2355 4583 noluit.
2390 4522 2485 4574 sed
2535 4521 2687 4573 alveo
2722 4534 2817 4589 per
2875 4516 3115 4570 Tiberim
3170 4514 3535 4582 deportandos

1963 4615 2237 4686 imposuit.
2282 4612 2478 4685 1510
2510 4612 2709 4665 Alveus
2734 4618 2914 4663 autem
2967 4616 3090 4674 post
3116 4604 3335 4660 multam
3366 4604 3537 4671 jacta-

1960 4709 2164 4762 tionem
2199 4707 2410 4759 tandem
2442 4704 2587 4758 circa
2634 4702 3031 4770 prominentem
3068 4698 3238 4765 ripam
3290 4695 3534 4765 capriﬁci

1961 4800 2268 4870 cujusdam,
2323 4812 2445 4866 qum
2496 4796 2691 4864 ingens
2751 4794 2821 4847 ibi
2873 4799 3211 4854 excreverat,
3263 4788 3537 4843 radicibus

1962 4890 2199 4951 inhaesit,
2228 4898 2388 4956 atque
2426 4886 2554 4940 inde
2581 4898 2792 4954 pueros
2822 4883 2876 4936 in
2922 4882 3120 4951 ripam,
3152 4880 3298 4935 molli
3322 4890 3378 4935 et
3410 4894 3533 4932 are-

1960 4993 2095 5033 noso
2125 4976 2263 5041 solo,
2298 4975 2477 5044 ejecit.
2509 4973 2584 5029 lbi
2636 4973 2782 5041 lupa.
2834 4988 2953 5042 qua:
2996 4986 3185 5025 recens
3227 4979 3529 5039 pepererat,

1574 5118 1809 5174 VARl/E
1848 5119 2263 5176 LECTIONES.

346 5252 393 5283 ἐ
436 5247 689 5316 Τημένου
724 5240 989 5316 Kennitts-
1199 5232 1483 5316 ιὲηλέφβ-
1529 5236 1837 5316 ,ἱέὶεάτερο

1844 5253 1861 5285 ι
1887 5232 1979 5285 οὖν
2011 5234 2054 5286 Α
2087 5252 2099 5286 :
2141 5233 2233 5285 καὶ
2267 5230 2516 5301 ἐκάτεροι
2550 5247 2610 5294 ς.

2695 5232 2715 5261 ²
2760 5224 3025 5280 Ἡλιαδῶν
3085 5220 3339 5274 Jacksnn.
3394 5219 3533 5285 apud

276 5290 1049 5375 [Cauni-uili:vlibri—‘iliittitwoiuv.
1130 5290 1451 5375 ‘aly'eov'A:
1528 5304 1549 5334 ⁸
1583 5290 1807 5373 ἱήλυσαν
1852 5305 1946 5356 καὶ
1982 5305 2183 5374 ἀμιρον
2231 5304 2295 5356 Α.
2374 5303 2393 5333 ⁸
2428 5290 2747 5370 Νουμέτορα
2818 5314 2879 5360 ς.
2958 5294 2978 5325 ⁸
3015 5290 3084 5343 τὰ
3120 5290 3376 5359 τεχθέντα
3408 5290 3530 5341 add.

419 5393 483 5443 A.
560 5387 581 5418 ⁷
615 5384 899 5453 θύμὸρεως
923 5396 986 5441 ς.
1058 5378 1079 5409 ⁸
1101 5373 1336 5441 πεφύκει
1376 5388 1438 5434 ς.

1791 5456 2015 5512 NOTAE.

338 5598 453 5662 (66)
488 5592 733 5648 Meminit
787 5589 976 5662 Steph.
1018 5588 1245 5662 Byzant.
1291 5595 1421 5635 voce
1466 5576 1755 5647 κρητηνξα,
1795 5586 1852 5628 et

278 5657 501 5725 Strabo,
524 5664 616 5716 lib.
650 5676 760 5722 xw,
792 5661 844 5712 in
883 5657 1091 5710 Rhodo.

354 5738 469 5802 (δῖ)
492 5738 564 5788 ne
586 5730 879 5802 quotntllta
901 5729 1138 5802 Pansa".
1333 5794 1360 5802 __
1434 5791 1469 5802 _,

355 5786 466 5859 Ῑθέί
495 5786 638 5857 ‘Vid'e
666 5799 866 5853 ASliau.
900 5799 992 5850 lib.
1029 5811 1121 5850 vui
1147 5834 1161 5855 .
1187 5810 1306 5864 cap.
1331 5794 1385 5855 3,
1434 5791 1556 5845 Var.
1608 5786 1748 5839 Hist.

618 5897 881 5959 Parnm"
923 5892 1037 5949 Gn.
1088 5889 1245 5951 Clll.

2037 5576 2149 5644 (69)
2189 5575 2322 5631 Vide
2351 5592 2501 5643 supr.
2540 5586 2742 5629 narrat.
2769 5576 2859 5629 56.

2038 5636 2152 5715 (70)
2182 5646 2275 5701 Sic
2305 5636 2520 5715 quoque
2542 5648 2821 5712 Appianus
2854 5659 3000 5711 supr.
3031 5641 3152 5696 cod.
3184 5638 3250 5691 57
3276 5636 3416 5688 hunc
3449 5648 3536 5683 ιιο⁴

1970 5714 2159 5780 miunt,
2187 5714 2345 5785 quem
2373 5714 2551 5771 Latini
2580 5716 2829 5770 Remum.

3113 5865 3186 5922 19
