4022 6464
575 393 678 455 587
1737 382 2007 444 ΡΗΟΤΙΙ
2046 381 2552 442 ΡΑΤΒΙΑΒΕΗᾸΞ
2591 381 2700 440 CP.

577 508 630 557 in
663 501 917 574 puerulos
949 501 1091 556 forte
1123 500 1332 566 incidit,
1367 507 1422 553 et
1473 498 1897 567 circumgressa,
1927 496 2150 565 vagien-

2269 495 2509 559 παιδίοις,
2539 512 2634 548 και
2671 493 2961 564 ἀμφιϐἄσα
2995 489 3539 570 κλαυθμυριξιιμέ-,νοις
3569 516 3653 567 καὶ

579 598 739 660 libus,
773 609 1074 662 manusque
1101 592 1444 646 tendentibus
1483 606 1748 644 mammas
1783 591 2034 659 praebuit.
2067 591 2150 645 Ita

578 684 652 737 Illi
708 683 994 737 alebantur
1027 681 1144 735 solo
1199 696 1300 735 suo
1348 695 1479 735 casu
1531 679 1902 748 indignantem
1966 678 2149 748 lupam

578 783 1005 844 compescentes.
1034 773 1145 827 lloe
1175 773 1264 826 ubi
1298 771 1430 825 vidit
1481 770 1771 825 Faustulus
1825 780 2028 839 pastor,
2067 771 2151 825 di-

579 867 759 919 vinum
806 865 933 933 quid
963 863 1130 918 latere
1175 874 1350 925 ratus,
1395 876 1592 932 pueros
1622 860 1780 926 tollit,
1812 871 1867 916 et
1910 877 2010 930 pro
2039 859 2153 915 suis

578 959 792 1010 educat.
829 956 1016 1023 Longo
1050 964 1167 1022 post
1189 964 1435 1023 tempore
1458 953 1511 1006 in
1541 969 1666 1007 eum
1693 952 1834 1007 forte
1862 952 2153 1007 Faustulus

581 1059 850 1111 pastorem
909 1046 1119 1110 incidit,
1174 1046 1264 1114 qui
1301 1053 1650 1114 exposuerat,
1705 1059 1871 1112 reque
1911 1045 2055 1096 omni
2089 1045 2154 1097 de

582 1138 764 1206 pueris
784 1137 1024 1202 cognita,
1065 1145 1248 1189 narrat
1269 1135 1381 1204 jam
1428 1133 1653 1198 adultis,
1688 1136 1840 1205 regio
1875 1134 1998 1188 illos
2029 1148 2153 1188 esse

581 1239 868 1283 stemmate
915 1236 1094 1292 natos,
1133 1228 1426 1295 Martisque
1474 1226 1736 1292 sobolem,
1771 1241 2000 1294 quaeque
2030 1240 2153 1279 cum

583 1321 764 1384 matri,
795 1329 906 1374 tum
933 1335 1033 1373 avo
1064 1331 1308 1372 materno
1359 1317 1692 1371 acciderant.
1745 1316 1918 1370 Erant
1968 1327 2148 1370 autem

2269 1326 2349 1376 ml.
2403 1325 2564 1393 ὄσαή
2607 1324 2789 1394 μήτηρ
2837 1323 2935 1377 καὶ
2971 1324 3001 1376 ό
3038 1323 3411 1394 μητροπάτωρ
3457 1327 3631 1382 πάθοι.
3660 1332 3715 1384 Ol
3746 1335 3790 1388 δὲ

582 1413 799 1481 egregia
833 1411 1026 1476 forma,
1056 1420 1110 1464 et
1156 1410 1399 1479 corporis
1443 1410 1635 1462 robore
1666 1409 1878 1472 invicti,
1932 1406 2159 1476 insigni-

2269 1419 2465 1487 [ἤστην
2500 1417 2610 1488 γὰρ
2651 1418 2694 1448 ⁸⁸
2727 1417 2882 1470 καλοί
2915 1433 2976 1469 τε
3005 1416 3126 1485 ὕψει
3161 1416 3256 1469 καὶ
3293 1415 3483 1488 ῥώμην
3509 1421 3693 1492 ἄμαχοι
3719 1427 3790 1478 καὶ

585 1515 745 1573 taque
780 1503 1026 1554 audacia.
1068 1500 1350 1570 Extemplo
1393 1499 1559 1568 igitur
1590 1501 1862 1569 pugiones
1912 1509 2159 1565 arreptos

2269 1511 2432 1582 τόλμῃ
2461 1510 2733 1579 γενναῖοι)
2783 1508 2982 1563 αὐτίκα.
3028 1508 3334 1576 ἐγχειρίδια
3362 1510 3727 1582 ἀναλαϐόμενοι
3757 1519 3787 1548 ¹¹

585 1595 826 1648 vestibus
873 1603 1081 1662 tegunt,
1143 1591 1447 1660 Albamque
1487 1592 1770 1643 accedunt.
1849 1588 1949 1642 Hic
2013 1590 2158 1656 quod

2269 1601 2356 1654 καὶ
2392 1600 2702 1671 κρύψαντες
2731 1601 2824 1652 ἐπὶ
2858 1600 2958 1670 τὴν
2995 1599 3201 1650 Ἀλόαν
3229 1597 3490 1667 ἐχώρουν,
3532 1603 3619 1655 καὶ
3645 1607 3790 1657 ὲπιτυο

585 1685 1014 1752 inexspectatum
1065 1691 1213 1736 esset
1264 1697 1454 1736 eorum
1509 1681 1828 1750 inemptum,
1881 1681 2155 1733 Amulium

2269 1695 2450 1765 χόντες
2491 1693 2729 1764 Ἀμολίῳ
2754 1694 2796 1723 ¹²
2826 1691 2914 1744 διὰ
2941 1691 3000 1744 τὸ
3031 1690 3440 1760 ἀπροσδόκητον
3477 1693 3572 1759 τῆς
3617 1696 3788 1750 ἐπιδου-

582 1777 701 1830 sine
727 1775 971 1844 corporis
1009 1775 1322 1828 custodibus
1375 1774 1669 1842 reperiunt,
1705 1787 2002 1841 poenasque
2049 1771 2158 1826 exi-

2269 1784 2362 1853 λῆς
2391 1784 2690 1854 ἀφυλάκτῳ
2721 1783 2984 1850 ἐπάγουσι
3031 1779 3132 1848 τὴν
3162 1780 3455 1849 τιμωρίαν,
3503 1781 3695 1850 ξίφεσιν
3719 1788 3788 1838 ἀν-

582 1880 770 1941 gentes
802 1870 947 1925 l‘erro
977 1869 1312 1932 confodiunt,
1343 1881 1398 1922 et
1429 1877 1656 1922 matrem
1682 1884 1713 1922 e
1755 1869 1998 1922 custodia
2026 1868 2159 1921 edu~

2269 1876 2474 1937 ελόντες
2498 1915 2512 1939 ,
2544 1876 2640 1928 καὶ
2677 1876 2776 1944 τὴν
2821 1871 3034 1943 μητέρα
3062 1869 3250 1923 λύουσι
3278 1869 3390 1923 τῶν
3415 1871 3644 1939 δεσμῶν,
3675 1877 3723 1926 τό

585 1973 732 2019 cunt.
755 1963 908 2018 Plebs
936 1977 1146 2030 quoque
1165 1963 1385 2016 dextras
1403 1961 1598 2031 jungit,
1627 1971 1960 2032 regnantque
1989 1961 2158 2026 Albus,

2269 1967 2469 2037 πλῆθος
2513 1965 2816 2033 δεξιοῦνται
2843 1967 2916 2028 ¹³,
2955 1965 3049 2018 καὶ
3086 1963 3464 2033 βασιλεύουσιν
3499 1964 3690 2028 Ἀλὸας
3723 1972 3785 2020 καὶ

584 2068 640 2110 et
669 2056 918 2109 ﬁnitimis
940 2055 992 2107 in
1029 2055 1186 2108 locis.
1226 2055 1430 2121 Ingenti
1453 2054 1646 2107 deinde
1676 2054 1958 2107 hominum
1987 2051 2163 2104 ιιιιιιιί·

2269 2060 2374 2112 τῶν
2404 2059 2536 2128 περὶ
2562 2059 2752 2128 αὐτήν.
2778 2057 2981 2109 Πολλοῦ
3008 2056 3063 2108 δὲ
3085 2057 3271 2119 αὐτοῖς
3295 2058 3740 2126 προσερῤυηκότος
3760 2061 3789 2091 ιδ

590 2149 774 2202 tudine
798 2150 864 2201 ad
908 2163 1001 2201 eos
1032 2148 1360 2208 conﬂuente,
1419 2147 1606 2201 relicta
1659 2146 1816 2212 Alba,
1847 2145 2036 2198 urbem
2067 2160 2163 2197 no-

2269 2149 2508 2218 πλήθους
2541 2148 2908 2218 μεταστάντες
2940 2146 3147 2209 Ἀλὸας
3178 2147 3426 2211 κτίζουσι
3471 2148 3645 2212 πόλιν,
3693 2148 3792 2201 Ῥώ-

591 2256 708 2294 vam
744 2239 1033 2300 aediﬁcant,
1069 2237 1409 2306 Romamque
1437 2238 1730 2306 appellant,
1770 2252 1889 2305 qua:
1916 2251 2076 2299 nunc,
2107 2242 2164 2288 ut

2269 2257 2378 2309 μην
2419 2241 2860 2308 ἐπονομάσαντες
2883 2281 2897 2302 ,
2934 2240 2967 2308 ἣ
2999 2239 3099 2291 νῦν
3135 2238 3209 2301 ὼς
3249 2240 3424 2290 εἰπεῖν
3453 2239 3512 2291 τὸ
3542 2237 3794 2308 ἀνθρώπων

589 2333 667 2386 sic
701 2332 902 2396 dicam,
945 2330 1257 2383 mortalium
1305 2338 1454 2383 tenet
1504 2329 1812 2396 imperium.
1865 2329 1919 2382 In
1972 2343 2160 2382 eorum

2269 2333 2382 2402 ἔχει
2405 2333 2626 2402 κράτος,
2661 2332 2946 2384 Δείκνυται
2970 2331 3028 2384 δὲ
3057 2330 3336 2401 μαρτυρία
3361 2331 3404 2360 ¹⁵
3426 2328 3531 2382 τῶν
3551 2331 3659 2382 τότε
3681 2349 3796 2400 παρα

592 2441 782 2494 porro,
823 2440 941 2494 quae
977 2435 1103 2478 tunc
1139 2424 1479 2485 acciderunt,
1527 2424 1687 2477 ﬁdem
1751 2423 2057 2477 ostenditur
2111 2424 2162 2476 in

2279 2426 2568 2494 Ῥωμαίοις
2597 2425 2690 2478 ἐπὶ
2721 2425 2819 2493 τῆς
2851 2424 3059 2493 ἀγορᾶς
3085 2424 3296 2493 ἐρινεὸς
3328 2423 3468 2492 ἱερὰ,
3495 2423 3585 2475 τοῦ
3620 2423 3797 2490 βουλευ-

591 2519 840 2573 Romano
868 2518 988 2572 l‘oro
1034 2533 1188 2572 sacra
1243 2517 1555 2586 capriﬁcus.
1612 2517 1777 2570 amcis
1822 2517 1986 2568 curia:
2037 2531 2165 2568 cano

2269 2518 2458 2586 τηρίου
2485 2517 2726 2583 κιγκλίσι
2756 2517 2985 2586 χαλκαῖς
3014 2515 3446 2585 περιειργομένη
3469 2557 3482 2577 ,
3515 2514 3603 2566 καὶ
3628 2516 3798 2584 καλύὸη

590 2612 742 2666 cellis
770 2610 1130 2664 circumdata.
1175 2609 1472 2678 Tugurinm
1511 2609 1634 2661 item
1681 2608 1732 2660 in
1790 2606 2166 2674 Jovistemplo

2269 2627 2350 2673 τις
2401 2611 2458 2662 ἐν
2497 2609 2574 2678 τῷ
2613 2609 2704 2662 τοῦ
2745 2609 2867 2673 Διὸς
2903 2609 3034 2680 ἱερῷ
3073 2607 3368 2680 γνώρισμα
3416 2608 3511 2674 τῆς
3547 2609 3798 2660 Φαιστύλον

589 2701 994 2769 (argumentum
1029 2698 1175 2752 illius
1206 2699 1418 2752 vivendi
1455 2698 1664 2763 fortine,
1686 2713 1850 2766 quam
1880 2697 2166 2752 Faustulus

2269 2701 2480 2769 διαίτης
2505 2702 2570 2764 ¹⁰,
2606 2703 2671 2771 ἣν
2711 2702 2775 2753 ἐκ
2807 2701 3058 2768 φορυτῶν
3090 2701 3184 2752 καὶ
3219 2700 3362 2752 νέων
3403 2698 3678 2769 φρυγάνων
3704 2715 3801 2751 συν-

591 2789 782 2858 tenuit)
808 2807 837 2843 e
876 2789 1184 2858 quisquiliis
1225 2798 1281 2842 et
1335 2789 1698 2844 tenerioribus
1737 2789 1985 2857 virgultis
2021 2799 2166 2844 stru-

2271 2795 2526 2860 ιστώντες
2555 2794 2936 2858 διασώζουσιν.

589 2893 761 2945 ctnnt,
801 2893 1149 2936 conserVant.

664 2973 1091 3042 Quadragesima
1127 2987 1262 3025 nona
1299 2991 1311 3025 :
1341 2971 1394 3025 ln
1433 2972 1656 3040 Anaphe
1681 2971 1797 3041 (7|)
1820 2971 2016 3035 insula,
2049 2986 2166 3041 quae

2353 2973 2421 3025 Ἥ
2462 2972 2572 3043 μθ⁹,
2600 2973 2676 3036 ὡς
2722 2973 2781 3026 ἐν
2851 2972 3060 3045 Ἀνάφῃ
3097 2974 3163 3043 τῇ
3215 2973 3374 3042 νήσῳ
3405 2971 3573 3042 (αὕτη
3610 2971 3650 3024 δ’
3688 2971 3805 3023 ἐστὶν

595 3082 755 3134 supra
788 3063 1022 3117 Theram
1047 3065 1190 3131 jacet
1231 3080 1335 3116 non
1363 3065 1546 3133 procul
1575 3062 1982 3128 Lacedannone,
2031 3075 2166 3117 tem-

2275 3065 2417 3135 ὑπὲρ
2463 3069 2628 3134 νήσου
2671 3065 2886 3136 Θήρας,
2925 3066 3022 3134 οὐχ
3054 3066 3187 3128 ἑκὰς
3223 3066 3332 3133 τῆς
3374 3064 3803 3133 Λακεδαιμονίων)

597 3158 742 3225 plum
788 3166 908 3211 erat
954 3157 1194 3226 Apollini
1247 3155 1477 3225 AZgletaa
1525 3173 1742 3211 sacrum
1808 3157 1946 3227 (Ἱῖ).
1979 3156 2166 3228 inquo

2278 3157 2419 3227 ἱερὸν
2489 3157 2824 3220 Ἀπόλλωνος
2887 3157 3148 3226 αἰγλήτου
3181 3207 3183 3209 ,
3221 3158 3467 3227 ἵδρυται,
3523 3161 3578 3210 ὲν
3733 3158 3806 3206 σὺν

596 3250 981 3303 sacriﬁcabant
1045 3249 1276 3303 insulani
1325 3264 1449 3303 cum
1511 3250 1785 3308 irrisione.
1823 3250 1915 3303 tali
1949 3250 2065 3305 fere
2100 3251 2166 3304 de

2271 3248 2546 3318 τωθασμῴ
2599 3249 2648 3300 οἱ
2692 3247 2978 3318 ἐπιχώριοι
3025 3249 3215 3302 θύουσι
3244 3251 3320 3302 δι’
3355 3249 3531 3301 αἰτίαν
3563 3247 3804 3316 τοιαύτην*

595 3360 758 3398 causa
791 3360 804 3395 :
833 3341 1114 3405 Jasonem,
1163 3359 1192 3396 e
1224 3341 1483 3396 Colchide
1515 3350 1665 3409 rapta
1722 3339 1907 3394 Medea
1949 3341 2166 3394 domum

2273 3341 2403 3392 Ὅτε
2450 3340 2640 3392 Ἰάσων
2687 3340 2752 3391 ὲκ
2798 3339 3022 3410 Κόλχων
3081 3340 3334 3410 Μήδειαν
3373 3339 3622 3407 ἁρπάσας
3668 3334 3805 3389 οἴκαδ’

599 3438 938 3495 redeuntem,
976 3434 1150 3486 valida
1179 3433 1452 3502 Oppressit
1481 3440 1796 3500 tempestas,
1833 3446 2003 3500 reque
2022 3431 2166 3484 omni

2274 3431 2445 3495 ἔπλει,
2473 3429 2679 3500 χειμὼν
2708 3431 2905 3492 αὐτοὺς
2927 3430 3136 3498 ἄφατος
3165 3432 3426 3501 περιέσχε
3457 3431 3548 3483 καὶ
3574 3426 3807 3497 ἀμηχανία

595 3533 901 3598 desperata,
932 3526 1116 3595 Argivi
1163 3526 1214 3578 in
1270 3526 1395 3577 navl
1423 3525 1488 3576 ad
1540 3538 1728 3592 preces
1781 3533 2012 3592 votaque
2036 3539 2166 3577 con-

2275 3524 2460 3576 πᾶσα·
2498 3521 2808 3592 εὐχομένων
2841 3521 2900 3573 δὲ
2959 3522 3054 3574 καὶ
3106 3522 3279 3574 πολλὰ
3318 3523 3427 3574 τῶν
3468 3523 3525 3573 ὲν
3549 3523 3611 3590 τῇ
3662 3519 3808 3586 Ἀργοῖ

598 3621 835 3692 fugiunt.
865 3618 1056 3687 Apollo
1088 3617 1256 3686 igitur
1295 3627 1482 3669 arcum
1515 3616 1646 3684 ipsis
1681 3616 2004 3683 obtendens,
2031 3618 2166 3671 mala

2272 3614 2565 3680 δεομένων,
2609 3615 2907 3676 Ἀπόλλων,
2939 3614 3094 3680 τόξον
3118 3615 3298 3667 αὐτῶν
3350 3611 3734 3684 ὑπερανασχὼν,
3759 3609 3806 3660 τὰ

593 3714 778 3768 omnia
806 3711 1021 3766 avertit.
1043 3719 1096 3762 et
1120 3709 1331 3776 fulgure
1355 3725 1385 3760 e
1411 3707 1551 3761 caelo
1570 3719 1909 3776 erumpente,
1940 3709 2166 3762 insulant

2272 3707 2423 3758 δεινὰ
2467 3707 2709 3759 διέλυσεν
2766 3705 3006 3768 ἅπαντα,
3071 3704 3198 3777 [457
3244 3705 3342 3777 IL]
3399 3707 3493 3758 καὶ
3532 3703 3729 3764 σὲλατος
3767 3700 3804 3762 ἐξ

583 3806 778 3858 subito
797 3811 948 3857 terra
989 3816 1054 3856 ex
1088 3798 1200 3851 imo
1238 3799 1405 3851 maris
1445 3798 1658 3866 gurgite
1681 3800 1885 3864 emisit,
1930 3800 2166 3867 inquam

2274 3798 2504 3868 οὐρανοῦ
2559 3797 2888 3860 διαῖσσοντος
2945 3798 3112 3867 νῆσον
3161 3799 3392 3868 ἀνέσχεν
3443 3800 3475 3867 ἡ
3531 3797 3603 3864 γῆ
3647 3797 3701 3848 ἐκ
3739 3789 3804 3842 τοΞ

3689 409 3773 473 ιιι

3686 529 3778 588 χεῖ-

2257 609 2358 661 ρας
2403 591 2656 660 ὀρέγουσι
2699 591 2929 658 παρεῖχε
2978 588 3082 649 τὰς
3115 588 3317 656 θηλάς·
3363 593 3428 648 τὰ
3469 597 3514 650 δ’
3559 604 3779 676 ἐτρέφετο

2255 684 2634 755 βαρυνομένην
2667 681 3022 735 ἀναπαύοντα
3051 682 3114 733 ἐκ
3139 683 3241 750 τῆς
3279 691 3560 758 συντυχίας
3587 700 3677 766 τὴν
3701 703 3784 756 λὺ-

2253 793 2369 829 κον.
2406 774 2704 836 Φαιστύλος
2746 772 2803 825 δέ
2850 789 2932 834 τις
2974 770 3308 840 ποιμαίνων⁹
3360 777 3513 834 τοῦτο
3558 785 3667 840 ἰδὼν
3705 800 3783 849 καὶ

2253 866 2397 920 θεῖον
2425 865 2655 934 νομίσας
2676 905 2692 928 ,
2724 860 3170 931 ἀναλαμϐάνεται
3195 862 3288 913 καὶ
3312 862 3386 927 ὡς
3415 868 3596 924 ἑαυτοῦ
3625 880 3784 947 τρέφει

2251 959 2322 1013 τὰ
2359 958 2566 1012 παιδία.
2598 955 2791 1027 Χρόνῳ
2819 952 2864 1006 δ’
2901 951 3130 1023 ὕστερον
3156 959 3537 1026 περιτυγχάνει
3561 965 3633 1034 τῷ
3657 970 3785 1025 ﬁxes.

2259 1052 2407 1123 μένῳ
2445 1048 2703 1119 ποιμένι,
2745 1047 2839 1101 καὶ
2891 1047 3107 1100 ᾶπαντα
3147 1048 3276 1116 παρ’
3329 1050 3492 1103 αὑτοῦ
3541 1057 3708 1122 μαθὼν
3733 1065 3788 1116 τὰ

2255 1145 2381 1214 περὶ
2415 1143 2522 1196 τῶν
2553 1140 2782 1202 παίδων,
2820 1137 3157 1207 ἀπαγγέλλει
3191 1137 3402 1203 τούτοις
3431 1142 3680 1212 ἡϐήσασιν
3705 1152 3786 1226 ἢδη

2253 1236 2329 1297 ὡς
2376 1235 2569 1302 εῖησαν
2605 1231 2877 1301 βασιλείου
2919 1247 2982 1282 τε
3031 1229 3225 1298 γένους
3260 1233 3357 1282 καὶ
3390 1234 3596 1303 Ἄρεως
3633 1247 3787 1309 γοναὶ.

599 3896 935 3956 desilientes,
959 3892 1103 3961 quod
1142 3891 1373 3958 primum
1413 3905 1532 3944 eam
1565 3891 1647 3946 sol
1685 3901 1812 3945 tunc
1845 3891 2170 3959 aspexisset,

600 3987 860 4056 Anaphen
888 3986 956 4038 ab
977 3993 1175 4037 eventu
1203 3983 1574 4048 nominarunt,
1601 3994 1655 4037 et
1685 3992 1937 4051 tanquam
1963 3999 2172 4038 sacram

585 4077 766 4130 autem
786 4071 1020 4143 Apollini
1063 4069 1289 4137 {Egletae
1315 4079 1645 4135 statuerunt,
1692 4069 1996 4138 festumque
2029 4071 2170 4124 diem

600 4167 778 4221 lnlare
807 4173 1040 4234 egerunt
1068 4178 1192 4216 cum
1219 4161 1414 4230 epulis,
1445 4178 1510 4216 eo
1535 4165 1678 4232 quod
1709 4162 2027 4216 incredibile
2051 4161 2177 4217 etfu-

601 4260 811 4326 gissent
855 4255 1076 4308 malum.
1129 4252 1312 4307 Medea
1366 4255 1592 4308 interim
1644 4270 1766 4308 cum
1795 4255 1909 4307 suis
1936 4255 2171 4318 ancillis,

602 4364 743 4417 quas
803 4348 867 4400 ad
933 4355 1245 4400 contractas
1295 4344 1492 4416 152a
1543 4361 1666 4399 cum
1707 4342 1911 4397 Jasone
1959 4347 2175 4411 nuptias

601 4442 748 4494 dono
783 4436 892 4507 (75)
918 4444 1225 4506 acceperat,
1261 4447 1382 4504 post
1407 4435 1512 4488 vini
1547 4443 1730 4503 potum
1766 4433 1975 4499 ludens,
1999 4448 2176 4486 scom-

2278 3890 2460 3960 βυθοῦ,
2492 3891 2573 3954 είς
2605 3891 2672 3960 ἢν
2699 3891 3082 3959 ὁρμισάμενοι,
3119 3890 3193 3954 ὡς
3229 3894 3450 3962 πρῶτον
3479 3888 3718 3956 ὀφθεῖσαν
3741 3885 3808 3950 ὑφ’

2276 3984 2428 4053 ἡλίου
2475 3983 2618 4046 τότε,
2676 3983 2914 4053 Ἀνάφην
2953 3983 3061 4036 ἀπὸ
3107 3983 3206 4053 τῆς
3241 3984 3534 4052 συντυχίας
3570 3981 3806 4034 ἐκάλεσαν.

2277 4074 2374 4127 καὶ
2418 4074 2562 4141 ἱερὸν
2593 4073 2637 4105 ¹⁷
2681 4073 3018 4135 ’Λπόλλωνος
3070 4074 3341 4144 Αίγλήτου
3405 4074 3705 4144 ἱδρύσαντο,
3739 4070 3807 4118 καὶ

2279 4164 2632 4233 εὐφραίνοντο
2662 4164 2761 4233 τῆς
2802 4163 3128 4216 ἀνελπίστου
3159 4164 3268 4217 τῶν
3312 4165 3504 4218 κακῶν
3539 4158 3807 4225 ἀπαλλαγῆς

2280 4260 2372 4311 καὶ
2398 4257 2443 4290 ¹⁸
2473 4259 2590 4319 ταῖς
2616 4255 2804 4317 ἄλλαις
2826 4255 3098 4325 εὐωχίαις.
3122 4256 3336 4327 Μήδεια
3366 4257 3422 4310 δὲ
3452 4257 3546 4309 σὺν
3568 4256 3678 4314 ταῖς
3701 4248 3801 4318 ἀμφ’

2279 4350 2448 4420 αὐτὴν
2473 4348 2740 4417 γυναιξὶν,
2784 4348 2840 4401 αἳ
2865 4349 3039 4418 δῶρον
3068 4344 3208 4418 ἦσαν
3237 4350 3434 4419 γάμων
3458 4347 3565 4401 τῶν
3603 4345 3798 4400 Ἰάσονος,

2281 4440 2573 4505 παίζουσαι
2605 4439 2744 4509 μετά
2781 4437 2952 4509 μέθην
3000 4439 3280 4492 ἔσκωπτον
3307 4441 3435 4502 τοὺς
3477 4439 3656 4508 ἥρωας
3690 4435 3801 4495 ὲντῇ

610 4533 770 4586 matis
815 4529 1014 4584 heroas
1048 4528 1327 4597 pervigilio
1356 4526 1684 4594 excipiebat.
1737 4525 1814 4578 Illi
1863 4539 1993 4578 vero
2041 4539 2166 4578 con-

2283 4531 2603 4600 παννυχίδι·
2651 4531 2700 4581 οἱ
2749 4529 2807 4580 δὲ
2855 4529 3232 4594 ἀντετώθαςον
3282 4532 3382 4595 τὰς
3415 4533 3689 4598 γυναῖκας.
3735 4520 3809 4574 Ἐκ

609 4625 745 4677 vicia
777 4621 1018 4675 vicissim
1074 4619 1392 4674 mulieribus
1447 4618 1791 4688 regerebanl.
1846 4615 1998 4670 Unde
2053 4625 2178 4667 nata

608 4713 962 4776 consuetudo,
1024 4721 1081 4766 ut
1145 4714 1381 4766 insulani
1429 4711 1517 4766 isti
1562 4710 1829 4781 (habitata
1875 4707 2018 4760 enim
2061 4713 2183 4774 post

609 4805 831 4874 Anaphe
861 4805 966 4872 est)
1005 4804 1382 4858 anniversario
1415 4802 1522 4856 ritu
1563 4801 1800 4871 Apollini
1845 4797 2186 4865 JEgIetaein-

613 4898 782 4950 vicem
810 4895 1200 4958 conviciantes,
1237 4896 1432 4950 festum
1459 4897 1600 4950 diem
1627 4893 1692 4947 ad
1734 4893 1948 4949 illorum
1999 4891 2182 4944 imita-

612 4993 811 5044 tionem
833 4986 1186 5043 celebrarent.

2285 4622 2477 4675 τούτου
2504 4619 2793 4689 τοιγαροῦν
2820 4621 2914 4673 καὶ
2941 4622 3232 4691 Ἀνάφηςιθ
3250 4622 3378 4694 [2'56
3405 4621 3493 4693 IL]
3513 4624 3540 4674 ὁ
3566 4619 3682 4679 λαὸς
3698 4611 3811 4683 (ᾠκί-

2288 4715 2391 4784 σθη
2429 4714 2598 4782 γὰρὴ
2630 4714 2812 4782 νῆσος)
2854 4712 2959 4765 ἀνὰ
2995 4715 3103 4766 πᾶν
3137 4714 3256 4778 ἔτος
3298 4715 3593 4768 Ἀπόλλωνι
3625 4705 3814 4776 αἰγὶ-ἡτῃ

2288 4799 2684 4873 κερτομοῦντες
2711 4800 2993 4871 ἀλλήλους,
3012 4802 3204 4872 ἑορτὴν
3228 4803 3273 4836 ’θ
3303 4804 3441 4856 κατὰ
3468 4803 3681 4873 μίμησιν
3701 4792 3814 4846 Exsi—

2289 4912 2396 4948 νων
2423 4894 2668 4961 ἄγουσιν.

1911 5120 2145 5176 VARI/1'3
2181 5120 2584 5177 LECTIONES.

681 5227 702 5257 ⁰
729 5225 1000 5295 ποιμένων
1026 5225 1074 5276 A
1109 5241 1122 5275 :
1159 5221 1268 5295 τῶν
1322 5219 1595 5295 ποιμένων
1631 5235 1691 5280 ς.

612 5287 1098 5366 λαμϐανόμενοι-Δ.
1165 5292 1318 5366 _‘_‘A’A
1332 5291 1532 5366 μουλίῳ

612 5366 719 5436 πρὸ
779 5364 871 5419 τοῦ
912 5364 1059 5434 βουλ.

615 5428 718 5506 lex.
752 5428 1101 5503 Ἀναφάίωνῖ
1175 5433 1218 5462 ²⁰
1254 5432 1368 5483 ἀλλ.
1402 5431 1495 5483 καὶ
1529 5428 1720 5498 ἑορτὴν
1754 5445 1815 5489 ς.

1714 5287 1756 5318 ³³
1784 5287 2048 5351 δεξιοῦται
2089 5303 2148 5348 ς.

1794 5217 1836 5247 ¹⁰
1876 5217 1984 5285 γὰρ
2035 5216 2158 5269 add.
2211 5217 2252 5267 A
2291 5233 2304 5268 :
2350 5216 2509 5268 idem.
2551 5232 2662 5270 om.
2700 5235 2778 5270 τε.
2858 5217 2898 5248 ⁸³
2933 5217 3136 5284 τόλμαν
3169 5231 3316 5281 γενν.
3350 5214 3443 5266 καὶ
3471 5211 3587 5264 αὐτ.
3629 5223 3684 5285 ςζ.
3715 5202 3821 5253 ἀνα·

2226 5288 2270 5331 Ψ
2309 5287 2671 5354 προσρυέντος
2705 5305 2765 5350 ς.

1162 5363 1206 5392 ¹⁶
1235 5355 1528 5423 διαῖξοντος
1558 5362 1620 5412 Α.
1699 5358 1739 5387 ¹⁷
1773 5360 1865 5410 καὶ
1903 5357 1977 5418 ὡς
2019 5355 2159 5422 ἱερὴν
2190 5373 2248 5418 ς.

2870 5289 2913 5319 ¹⁵
2954 5276 3229 5356 μαρτυρία
3265 5285 3501 5355 ileynius
3533 5297 3556 5356 :_
3587 5276 3682 5356 qui.
3721 5283 3820 5356 ιιιυξ

2331 5344 2371 5386 ¹ί⁴
2409 5344 2538 5426 καὶ]
2571 5344 2780 5420 θυσίαις
2820 5359 2914 5410 καὶ
2954 5344 3215 5427 lle'ynius.
3323 5344 3362 5386 ⁸⁵
3389 5351 3631 5419 ἀναφέως
3658 5344 3712 5396 Α·
3768 5352 3822 5388 ἱιιι

2166 5540 2394 5597 ΝΟΤιίΕ.

671 5663 789 5733 (7|)
813 5664 885 5716 De
900 5679 1002 5731 qua
1019 5661 1208 5733 Steph.
1230 5658 1450 5728 Byzant.
1469 5656 1659 5709 Totam
1679 5671 1842 5733 porro
1858 5653 2089 5733 fabulam
2105 5652 2183 5704 le-

614 5728 707 5802 ges
728 5728 1063 5802 apud‘Apoll.
1096 5732 1358 5802 llhodnnn
1398 5739 1640 5802 estremo
1678 5729 1770 5779 lib.
1812 5741 1866 5802 tv_
1891 5728 2186 5802 Argentum.

680 5794 793 5862 (Ἡ)
831 5794 1037 5869 Αἰθίωο
1067 5801 1250 5858 scribit
1283 5797 1531 5867 Apuliod.
1569 5798 1660 5850 lib.
1697 5811 1738 5862 t,
1781 5796 1868 5865 qui
1897 5797 1988 5849 tibi
2027 5794 2198 5861 legen-

2296 5656 2392 5708 dus
2425 5656 2531 5709 hic.

2311 5745 2324 5759 -
2373 5726 2484 5795 (73)
2522 5728 2603 5779 Ab
2633 5726 2795 5782 Aretc
2820 5725 3027 5780 Alcinoi
3055 5725 3467 5795 thaeensinm
3497 5718 3632 5795 regis
3665 5717 3824 5766 uxore,

2306 5789 2588 5851 dubdéeim
2621 5812 2868 5863 institere,
2920 5806 2974 5851 ut
3013 5807 3200 5852 narrat
3243 5791 3489 5866 Apollod.
3521 5789 3607 5842 lib.
3639 5799 3674 5836 ι.
