4022 6472
294 380 410 443 589

1348 383 1872 447 BIBLIOTHECA.
1907 413 1974 426 --
2000 388 2163 448 COD.
2205 388 2555 449 CLXXXVI.

3469 394 3571 455 590

389 491 453 544 Ἣ
477 491 521 543 ν’
548 490 627 554 ὡς
662 490 1006 560 Ἀλέξανδρον
1033 490 1124 543 τὸν
1154 491 1416 562 τύραννον
1437 495 1587 563 Θήϐη
1614 497 1826 567 ἀναιρεῖ
1850 498 1883 567 ἡ

2056 480 2511 567 Quinquagesima
2532 496 2801 551 narratio:
2825 497 3131 551 Alexander
3161 498 3271 569 (Η)
3308 507 3571 569 tyrannus

295 583 469 636 αὑτοῦ
507 584 674 652 γυνή.
706 581 856 650 Αὕτη
887 582 933 634 δ’
976 576 1043 651 ’ἦν
1093 581 1324 647 Ἰάσονος
1356 585 1457 655 μὲν
1495 584 1759 656 Θυγάτηρ,
1792 587 1885 639 τοῦ

299 674 432 726 ποτὲ
478 672 787 735 Θεσσαλίας
814 672 857 701 ’ί
899 673 1341 743 τυραννήσαντος
1360 713 1375 737 ,
1405 674 1664 743 ἀδελφοὺς
1684 676 1729 728 δ’
1774 673 1887 746 εἶχε

295 766 480 834 τρεῖς,
514 762 815 832 Τισίφονον
847 763 941 815 καὶ
990 763 1317 832 Λυκόφρονα
1354 764 1448 817 καὶ
1492 766 1771 820 Πυθόλαοιι
1806 771 1849 800 η
1871 784 1884 796 ·

294 859 634 928 ὁμομήτριοι
666 850 713 909 δ’
744 851 904 926 ἦσαν,
941 856 1125 926 πατὴρ
1160 857 1204 909 δ’
1239 858 1419 911 αὐτῶν
1450 859 1703 929 Εὐάλκης
1722 861 1768 891 ’³
1797 856 1888 931 ἦν.

294 948 544 1011 Τούτους
582 946 942 1017 Ἀλέξανδρος
971 941 1125 1009 οὗτος
1147 949 1173 1000 ὁ
1199 948 1382 1016 Φερῶν
1397 950 1466 1000 δι’
1491 950 1724 1019 ὑποψίας
1753 950 1890 1020 ἔχων

260 1082 263 1083 ν
297 1041 550 1109 ἐμελέτα
589 1039 793 1093 ἀνελεῖν
818 1053 833 1066 °
882 1036 1037 1101 εἰδὼς
1085 1039 1129 1091 δ’
1157 1040 1231 1102 ὡς
1263 1040 1363 1092 οὐκ
1405 1041 1694 1111 ἀνάσχοιτο
1736 1042 1888 1112 Θήϐη

304 1135 585 1203 περιιδεῖν
615 1132 729 1193 τοὺς
752 1130 1125 1200 ὁμομητρίους
1151 1130 1577 1201 ἀναιρουμένους
1602 1133 1887 1201 ἀδελφοὺς,

305 1225 418 1278 καὶ
444 1224 615 1294 αὐτὴν
632 1222 836 1275 ἐπενόει
864 1222 1194 1276 συνανελεῖν.
1218 1223 1328 1276 Καὶ
1355 1224 1540 1292 νήφων
1572 1224 1672 1293 μὲν
1693 1223 1890 1295 έκρυῦε

313 1317 382 1368 τδ
408 1314 689 1385 βούλευμα,
729 1310 946 1380 μεθύων
971 1310 1028 1363 δὲ
1064 1306 1164 1381 (ἦν
1198 1310 1306 1380 γὰρ
1323 1312 1503 1381 ἥττων
1535 1311 1712 1374 οἴνου)
1748 1327 1891 1381 παρ-

316 1410 553 1475 εγύμνου
602 1420 659 1455 τε
688 1402 789 1455 καὶ
828 1402 1206 1456 ἀπεκάλυπτε.
1242 1403 1392 1473 Θήϐη
1436 1403 1581 1457 δὲτὸ
1621 1403 1893 1477 βούλευμα

314 1493 577 1563 μαθοῦσα,
612 1493 729 1553 τοῖς
770 1492 869 1560 μὲν
894 1491 1146 1561 ἀδελφοῖς
1180 1493 1483 1563 ἐγχειρίδια
1511 1494 1676 1546 δοῦσα
1714 1510 1893 1563 παρα·

306 1583 673 1647 σκευάζεσθαι
726 1582 863 1653 πρὸς
902 1584 1002 1653 τὴν
1054 1584 1270 1656 σφαγὴν
1308 1586 1634 1655 παρεκάλει,
1676 1584 1804 1655 οἴνῳ
1834 1586 1891 1638 δὲ

300 1674 483 1743 πολλῴ
557 1674 910 1746 Ἀλέξανδρον
979 1675 1292 1744 βαπτίσασα
1355 1678 1450 1729 καὶ
1513 1677 1893 1730 κατευνάσασα

296 1766 584 1836 ἐκπέμπει
626 1769 755 1828 τοὺς
783 1766 875 1821 τοῦ
910 1766 1154 1838 θαλάμου
1195 1768 1469 1837 φύλακας,
1514 1769 1788 1839 προφάσει
1817 1768 1893 1830 ὼς

1994 605 2024 644 a
2076 589 2263 644 Thebe
2316 591 2545 659 conjuge
2611 590 2931 644 interfectus
3006 601 3111 645 est.
3168 591 3292 645 llaec
3359 591 3574 646 Ja'sonis

1998 693 2142 746 eius,
2173 676 2268 747 qui
2299 676 2351 730 in
2384 675 2662 730 Thessalia
2696 677 2968 745 quondam
3006 688 3280 746 regnarat,
3318 679 3426 731 tilia
3446 680 3570 742 fuit,

1994 770 2299 837 fratresque
2329 769 2569 822 uterinos
2605 779 2735 831 tres,
2768 775 2920 838 patre
2955 768 3158 823 Enlabe
3190 769 3305 839 (75)
3338 772 3574 839 genitos,

1995 860 2199 922 habuit,
2228 857 2602 927 Tisiphonum,
2631 858 2985 927 chopbrona
3010 868 3061 912 et
3094 857 3436 928 Pytholanm.
3468 858 3577 912 llos

1990 950 2298 1003 Alexander
2373 949 2462 1003 ille
2523 947 2875 1003 Pheraaorum
2930 960 3215 1018 suspectos
3271 949 3497 1016 habens,
3537 966 3570 1005 ο

1995 1041 2175 1096 medio
2241 1040 2430 1095 tollere
2487 1040 2762 1095 studebat.
2816 1039 3046 1107 Cognito
3109 1048 3290 1094 autem
3351 1038 3573 1096 Theben

1993 1146 2333 1201 nequaquam
2365 1146 2520 1200 atquo
2552 1131 2783 1184 laturam
2811 1134 2993 1185 animo
3048 1132 3383 1185 nteriuorum
3440 1148 3567 1187 suo-

1994 1240 2110 1276 rum
2146 1222 2377 1277 fratrum
2421 1224 2645 1285 easdem,
2679 1222 2849 1291 ipsam
2881 1237 3098 1292 quoque
3140 1222 3455 1277 interimere
3484 1225 3579 1278 de-

1992 1316 2187 1370 crevit.
2239 1315 2467 1370 Sobrius
2525 1316 2692 1385 igitur
2750 1314 2907 1369 facile
2971 1314 3257 1369 consilium
3322 1316 3575 1380 tegebat:

1995 1415 2049 1459 at
2080 1407 2204 1461 vino
2232 1416 2419 1473 captus
2444 1408 2728 1476 (ebriosus
2756 1407 2905 1460 enim
2940 1404 3095 1474 erat)
3125 1419 3236 1458 rem
3270 1405 3568 1473 aperiebat.

1996 1500 2066 1554 Ut
2110 1515 2240 1567 ergo
2304 1497 2490 1551 Thebe
2559 1499 2846 1551 consilium
2917 1497 3045 1550 illud
3105 1496 3389 1560 intellexit,
3452 1500 3579 1551 dato

1994 1591 2224 1659 singulis
2274 1589 2540 1644 fratribus
2587 1590 2819 1659 pugione
2845 1632 2858 1655 ,
2898 1590 2960 1641 ad
2994 1588 3195 1643 ctcdem
3246 1588 3571 1649 faciendam.

1995 1693 2053 1735 ut
2087 1697 2147 1736 se
2180 1688 2524 1749 comparent,
2556 1680 2824 1733 hortatur.
2874 1677 2991 1747 Ipsa
3024 1677 3394 1732 Alexandrum
3427 1694 3577 1733 mero

1996 1773 2221 1841 implens
2254 1782 2309 1826 et
2334 1772 2577 1841 sopiens,
2611 1771 2853 1825 dimissis
2885 1786 2914 1823 e
2955 1769 3198 1822 conclavi
3235 1769 3573 1834 custodibus,

293 1858 550 1928 λου-,τροις
578 1861 923 1930 χρησομένη,
955 1860 1050 1913 καὶ
1078 1860 1202 1922 τοὺς
1233 1859 1499 1928 ἀδελφοὺς
1524 1860 1615 1911 ἐπὶ
1643 1859 1703 1912 τὸ
1731 1858 1886 1930 ἔργον

1996 1864 2226 1930 (ιωρείιο
2284 1861 2489 1925 colore,
2551 1860 2707 1928 quasi
2774 1861 2826 1913 in
2894 1860 3084 1913 balneo
3155 1857 3338 1910 lavare
3396 1857 3576 1923 vellet,

292 1947 513 2001 ἐκάλει.
544 1950 609 2002 Οἱ
638 1949 694 2002 δὲ
734 1949 1076 2014 ἀπεδειλίων,
1106 1950 1204 2002 καὶ
1236 1951 1472 2020 μάλιστα
1501 1950 1680 2004 αὐτῶν
1702 1953 1731 2004 ὁ
1758 1948 1891 2003 νεώ-

288 2057 458 2101 τατος
482 2041 556 2095 ³⁵.
595 2041 661 2093 'Il
692 2041 749 2093 δὲ
783 2041 919 2094 ἄλλα
951 2058 1010 2093 τε
1043 2042 1533 2113 διαπειλησαμένη,
1560 2042 1656 2095 καὶ
1692 2040 1764 2104 ὼς
1799 2040 1889 2093 τὸν

303 2132 664 2203 Ἀλέξανδρον
714 2133 915 2187 αὐτίκα
942 2135 986 2166 ’⁸
1036 2135 1289 2205 ἀνεγερεῖ
1339 2133 1434 2186 καὶ
1493 2132 1888 2203 καταγορεύσει

292 2223 484 2275 αὐτῶν
533 2223 625 2276 τὸν
677 2223 857 2291 φόνον,
918 2221 1143 2293 θαρρεῖν
1198 2223 1394 2285 αὐτοὺς
1448 2222 1740 2276 ἐϐιάσατοο
1792 2222 1887 2275 καὶ

292 2316 577 2369 κτείνουσι
606 2314 953 2386 κοιμώμενον
978 2316 1070 2369 τὸν
1107 2313 1476 2383 Ἀλέξανδρον.
1505 2315 1657 2384 Θήϐη
1682 2315 1740 2367 δὲ
1762 2315 1888 2377 τοὺς

292 2408 583 2477 ἡγεμόνας
620 2407 728 2460 τῶν
758 2407 1016 2477 φυλάκων
1050 2407 1509 2477 εἰσκαλεσαμένη,
1553 2408 1648 2459 καὶ
1686 2407 1756 2459 τὰ
1792 2407 1890 2476 μὲν

298 2501 561 2563 ἀπειλαῖς
613 2500 683 2553 τά
732 2499 779 2552 δ’
828 2500 1183 2568 ἐπαγγελίαις
1242 2498 1550 2552 ὑπελθοῦσα
1574 2500 1653 2561 ³⁸,
1710 2499 1890 2551 πείθει

300 2590 847 2659 συγκατασκευάζειν
886 2594 1022 2663 αὐτῇ
1073 2592 1170 2662 τὴν
1202 2591 1513 2662 τυραννίδα.
1549 2592 1661 2644 Καὶ
1702 2592 1753 2643 οἱ
1792 2591 1890 2660 μὲν

302 2682 635 2749 ἐπέτρεπον.
664 2683 773 2734 Καὶ
800 2682 937 2754 αὐτὴ
958 2683 1057 2751 τὴν
1084 2684 1181 2752 μὲν
1207 2684 1358 2753 ίσχὺν
1383 2682 1623 2751 δέχεται,
1647 2681 1889 2751 τοῦνομα

294 2773 355 2824 δὲ
391 2774 491 2824 καὶ
531 2773 629 2841 τὴν
657 2771 817 2836 δόξαν
852 2772 955 2841 τῆς
981 2773 1297 2843 τυραννίδος
1339 2772 1614 2843 Τισιφόνῳ
1637 2772 1717 2844 τῷ
1750 2789 1889 2843 πρε-

300 2865 557 2936 σϐυτάτῳ
578 2866 622 2897 ’⁷
651 2866 758 2918 τῶν
789 2865 1036 2934 ἀδελφῶν
1067 2866 1271 2921 δίδωσι.

371 3042 568 3096 Ταῦτα
607 3044 706 3113 μὲν
737 3044 846 3097 τῶν
882 3044 1130 3107 Κόνωνος
1185 3050 1227 3097 ν’
1258 3044 1587 3115 διηγήσεων.
1647 3044 1890 3107 Ἀττικὸς

292 3134 354 3187 δὲ
393 3136 495 3206 τὴν
530 3136 731 3207 φράσιν
772 3138 908 3201 ἐστὶ,
941 3139 1062 3199 ταῖς
1099 3154 1158 3188 τε
1193 3136 1491 3207 συνθήκαις
1518 3137 1613 3190 καὶ
1646 3139 1765 3199 ταῖς
1804 3135 1888 3188 λέ-

2002 1952 2201 2007 fratres
2245 1967 2370 2005 mox
2430 1950 2495 2003 ad
2572 1948 2780 2003 facinus
2834 1949 3046 2002 incitat.
3106 1945 3205 2011 Qui
3259 1960 3381 1999 cum
3436 1948 3579 2000 tinti-

1996 2043 2119 2097 dins
2180 2052 2423 2113 agerent,
2481 2050 2538 2096 et
2606 2041 2838 2093 maxime
2895 2048 3026 2092 natu
3090 2037 3369 2102 minimus,
3440 2038 3581 2091 inter

1998 2133 2100 2186 alia
2152 2134 2481 2187 comminata
2531 2140 2634 2192 est,
2665 2146 2723 2184 se
2753 2141 2806 2183 et
2844 2128 3215 2181 Alexandrum
3277 2124 3570 2182 confestim

1996 2224 2370 2288 excitaturam,
2392 2233 2447 2279 et
2469 2233 2526 2278 ut
2545 2224 2707 2279 czcdis
2736 2237 2855 2277 reos
2871 2228 3275 2280 accnsaturam.
3309 2220 3400 2278 Sic
3426 2219 3477 2273 vi
3500 2220 3578 2274 illi

1999 2319 2065 2369 ad
2121 2317 2428 2371 audendum
2501 2316 2704 2377 adacti,
2778 2314 3141 2371 dormientem
3205 2314 3580 2371 Alexandrum

1993 2410 2263 2479 jugulant.
2297 2408 2410 2463 Nec
2472 2424 2623 2463 mora
2690 2407 2896 2469 Thebe,
2970 2408 3218 2477 corporis
3290 2409 3576 2462 custodum

1999 2498 2268 2568 praefectis
2327 2498 2391 2551 ad
2440 2512 2499 2551 se
2553 2497 2857 2554 accersitis.
2912 2505 2967 2549 et
3032 2512 3142 2571 qua
3210 2496 3394 2569 minis,
3467 2513 3583 2572 qua

1999 2590 2487 2660 pollicitationibus
2554 2605 2675 2655 usa,
2743 2592 3056 2659 persuadet,
3122 2593 3223 2647 sibi
3275 2603 3334 2645 ut
3387 2592 3439 2646 in
3482 2608 3578 2645 ae-

1997 2679 2261 2750 quirendo
2311 2694 2477 2749 regno
2534 2681 2733 2733 adsint.
2783 2678 2859 2733 llli
2914 2681 3183 2749 postulata
3253 2682 3578 2741 concedunt,

1998 2784 2160 2841 atque
2191 2773 2306 2842 ipsa
2352 2771 2637 2839 imperium
2684 2771 2903 2839 quidem
2939 2772 3043 2824 sibi
3093 2772 3345 2840 sumpsit,
3383 2786 3577 2826 nomen

1998 2881 2127 2919 vero
2196 2862 2519 2931 titulumque
2582 2865 2731 2932 regni
2791 2860 3090 2932 Tisiphone
3151 2862 3382 2916 fratrum
3445 2874 3573 2916 natu

2000 2958 2238 3012 maximo
2276 2957 2567 3011 concessit.

2071 3049 2342 3104 Hactenus
2373 3063 2438 3101 cx
2482 3047 2871 3118 quinquaginta
2934 3046 3040 3101 illis
3092 3047 3330 3101 Cononis
3389 3063 3581 3102 narra-

2000 3144 2254 3199 tionibus.
2337 3142 2516 3194 Attico
2596 3140 2770 3193 utitur
2829 3154 3116 3205 sermone;
3188 3141 3580 3207 compositione

292 3228 421 3292 ξεσι
469 3229 683 3296 χαρίεις
728 3245 791 3280 τε
838 3228 933 3280 καὶ
982 3228 1371 3297 ἐπαφρόδιτος,
1405 3226 1545 3298 ἔχων
1575 3245 1627 3280 τι
1662 3228 1757 3280 καὶ
1792 3226 1886 3280 τοῦ

1996 3248 2124 3288 vero
2171 3247 2237 3286 ac
2276 3231 2497 3284 vocibus
2558 3228 2832 3297 gratiosus
2873 3236 2955 3280 est
2997 3236 3052 3281 et
3128 3238 3420 3282 venustus:
3484 3229 3576 3281 ha-

299 3322 791 3393 συνεστραμμένου
813 3323 909 3376 καὶ
929 3320 1419 3395 ἀνακεχωρηκότας
1443 3324 1555 3384 τοῖς
1578 3322 1812 3384 πολλοῖς.

382 3502 475 3555 Ἐν
506 3500 587 3571 τῷ
611 3502 760 3571 αύτῷ
781 3502 838 3555 δὲ
866 3502 1049 3573 τεύχει
1080 3503 1176 3556 καὶ
1202 3502 1605 3574 Ἀπολλοδώρου
1632 3504 1877 3573 γραμμα-

291 3595 458 3647 τικοῦ
484 3594 817 3664 βιϐλιδάριον
839 3593 1154 3664 ἀνεγνώσθη
1188 3612 1313 3663 μοι·
1348 3593 1708 3663 Βιϐλιοθήκη
1742 3595 1889 3666 αὐτῷ

293 3690 328 3758 ἡ
357 3687 669 3757 ἐπιγραφή.
701 3687 949 3756 Περιείχε
981 3685 1100 3738 δὲ³⁸
1129 3687 1198 3739 τὰ
1224 3686 1529 3740 παλαίτατα
1552 3687 1661 3740 τῶν
1699 3687 1891 3757 Ἐλλή-

294 3796 431 3840 πιω-ι,
470 3778 576 3829 ὅσα
611 3794 670 3828 τε
714 3776 845 3847 περὶ
897 3775 1037 3828 θεῶν
1067 3778 1159 3830 καὶ
1193 3777 1389 3847 ἡρώων
1430 3778 1458 3829 ὀ
1486 3777 1677 3848 χρόνος
1703 3778 1888 3840 αὐτοῖς

296 3870 551 3934 δοξάζειν
577 3868 778 3921 ἔδωκεν
798 3908 811 3931 ,
848 3868 1142 3938 ὀνομασίας
1174 3885 1232 3921 τε
1263 3868 1530 3937 ποταμῶν
1565 3870 1660 3922 καὶ
1692 3869 1887 3939 χωρῶν

307 3963 400 4013 καὶ
424 3959 603 4013 ἐθνῶν
631 3961 723 4012 καὶ
758 3958 987 4022 πόλεων,
1023 3958 1168 4020 ὅθεν,
1201 3960 1295 4013 καὶ
1324 3960 1392 4012 τά
1434 3958 1575 4013 ἄλλα
1589 3962 1636 3992 ’θ
1676 3961 1775 4012 ὅσα
1808 3962 1887 4022 εἰς

298 4055 361 4106 τὸ
390 4056 623 4123 ἀρχαῖον
662 4052 974 4123 ἀνατρέχει,
1008 4054 1106 4106 καὶ
1129 4052 1341 4106 κάτεισι
1386 4053 1550 4125 μέχρι
1573 4054 1683 4107 τῶν
1712 4055 1888 4123 Τρωϊ-

290 4145 439 4207 κῶν,
475 4144 574 4198 καὶ
620 4144 831 4214 ἀνδρῶν
880 4162 1041 4198 τινων
1082 4143 1220 4215 πρὸς
1251 4146 1517 4215 ἀλλήλους
1570 4148 1748 4217 μάχας
1794 4148 1889 4200 καὶ

294 4237 442 4308 ἔργα
483 4237 789 4307 ἐπιτρέχων
832 4236 929 4289 καὶ
968 4238 1079 4289 τῶν
1106 4237 1216 4290 ἀπὸ
1246 4238 1447 4306 Τροίας
1483 4239 1691 4301 πλάνας
1714 4240 1885 4304 τινάς,

296 4329 548 4396 μάλιστα
582 4328 627 4381 δ’
670 4328 995 4394 Ὀδυσσέως,
1025 4329 1104 4390 εἰς
1128 4328 1187 4381 ὃν
1227 4328 1378 4399 αὐτῷ
1407 4329 1567 4398 καὶή
1600 4329 1889 4400 ἀρχαιολο-

290 4419 398 4488 γξα
426 4419 748 4489 καταλήγει.
777 4418 1008 4488 Σύνοψις
1027 4420 1072 4471 δ’
1098 4420 1218 4472 ἐστί
1242 4419 1309 4472 τά
1334 4419 1508 4473 πολλά
1535 4420 1630 4472 τοῦ
1657 4420 1884 4490 βιόλίου,

292 4510 400 4563 καὶ
434 4511 536 4563 ούκ
574 4511 845 4583 ἄχρηστος
882 4514 994 4574 τοῖς
1017 4511 1086 4564 τά
1116 4513 1321 4567 παλαιά
1354 4514 1447 4566 ἐπὶ
1483 4514 1705 4583 μνήμης
1741 4512 1888 4582 ἔχειν

291 4602 460 4668 ὶόγον
493 4600 539 4631 ³⁵
581 4602 948 4671 ποιουμένοις.
1014 4602 1167 4672 Ἔχει
1213 4604 1270 4657 δὲ
1317 4603 1411 4657 καὶ
1456 4602 1790 4675 ἐπίγραμμα
1828 4605 1886 4657 τὸ

292 4693 637 4764 βιϐλιδόῳιον
668 4696 769 4748 ούκ
795 4693 1044 4765 ἄκομψον
1073 4694 1193 4749 τόδε
1212 4734 1228 4759 ,

368 4871 504 4943 [460
536 4872 626 4943 8.]
657 4871 877 4938 Λὶῶνος
907 4871 1213 4941 σπείρημιι
1246 4871 1286 4901 ³¹
1321 4868 1758 4949 ἀφυσσάμενος
1782 4870 1883 4949 ἀπ’

444 5012 720 5081 Παιδείης
738 5054 753 5078 ,
775 5014 1007 5083 μύθους
1036 5010 1215 5082 γνῶθι
1245 4942 1775 5081 παλαιγένέαὲιειο
1794 4944 1808 5012 1

1994 3325 2084 3379 bet
2146 3332 2324 3377 tamen
2389 3320 2585 3374 alicubi
2620 3327 2927 3373 contortum
2962 3320 3113 3387 quid,
3170 3330 3332 3389 atque
3362 3336 3393 3374 a
3424 3320 3570 3389 vulgi

1994 3416 2305 3485 cognitiOne
2336 3424 2629 3468 remotum.

2063 3506 2119 3560 ln
2155 3506 2345 3560 eodem
2383 3505 2508 3559 item
2536 3502 2809 3555 volumine
2861 3501 2963 3570 legi
3013 3502 3325 3570 Apollodori
3388 3517 3573 3572 gram-

1992 3598 2177 3654 matici
2238 3597 2482 3651 libellum
2532 3595 2617 3649 cui
2673 3593 3016 3648 Bibliotheca
3053 3594 3163 3663 (76)
3199 3594 3384 3647 titulus
3428 3603 3571 3647 erat.

1988 3691 2313 3748 Continebat
2361 3688 2766 3759 antiquissimas
2809 3702 3050 3755 quasque
3094 3687 3405 3741 Graecorum
3484 3687 3571 3739 hi-

1991 3786 2211 3848 storias,
2244 3793 2297 3837 et
2342 3798 2460 3852 qua:
2488 3785 2599 3837 sive
2640 3783 2709 3835 de
2749 3782 2873 3844 diis,
2909 3782 3026 3835 sive
3055 3780 3119 3833 de
3156 3780 3408 3833 heroibus
3438 3787 3575 3833 tem-

1993 3874 2141 3939 poris
2200 3871 2338 3924 ratio
2397 3870 2548 3923 dedit
2610 3870 3056 3938 opinanda,cnm
3119 3868 3573 3937 appellationibus

1990 3966 2266 4019 ﬂuminum
2294 4003 2309 4029 ,
2366 3962 2557 4035 1421)
2598 3963 2894 4033 regionum,
2950 3962 3189 4031 gentium
3239 3972 3295 4016 et
3336 3962 3573 4017 urbium.

1994 4056 2129 4110 Ilinc
2168 4066 2222 4109 et
2247 4055 2508 4125 pleraque
2564 4055 2811 4122 antiqua,
2860 4054 2925 4106 ad
2959 4054 3076 4120 ipsa
3122 4067 3294 4122 usque
3336 4051 3571 4121 Trojanu

1993 4158 2232 4213 tempora
2281 4145 2620 4201 descendens
2661 4145 2847 4200 refert.
2901 4145 3151 4198 Virorum
3180 4157 3397 4213 quoque
3436 4159 3575 4198 nou-

1990 4238 2262 4291 nullornm
2317 4239 2460 4292 inter
2504 4252 2563 4291 se
2604 4253 2833 4307 pugnas,
2876 4250 3069 4312 resque
3118 4246 3305 4304 gestas
3336 4249 3561 4291 comme-

1993 4339 2189 4394 morat,
2241 4338 2297 4384 et
2358 4337 2515 4397 capta
2554 4328 2667 4397 jam
2722 4326 2909 4393 Troja,
2943 4341 3161 4381 errores
3190 4327 3573 4396 quorumdam,

1990 4423 2257 4490 praecipue
2288 4419 2519 4491 Ulyssis,
2567 4420 2622 4473 in
2668 4434 2827 4487 quem
2871 4418 2989 4486 ejus
3037 4420 3340 4487 priscarum
3388 4432 3572 4473 rerum

1992 4513 2235 4567 narratio
2280 4512 2633 4567 terminatur.
2672 4506 3070 4581 Comphndiosa
3122 4510 3372 4578 quaadam
3440 4524 3574 4563 nar—

1922 4585 1964 4638 D
1998 4600 2135 4653 ratio
2177 4608 2262 4653 est
2319 4599 2555 4652 maxima
2604 4596 2765 4665 hujus
2809 4597 2974 4652 libelli
3031 4612 3178 4663 pars,
3212 4596 3278 4650 iis
3331 4611 3438 4650 non
3492 4596 3577 4649 in-

1988 4692 2159 4757 utilis,
2190 4690 2280 4760 qui
2309 4699 2491 4744 vetera
2539 4688 2825 4757 complecti
2860 4689 3117 4741 memoria
3145 4687 3348 4741 volunt.
3384 4688 3574 4742 Ascri-

1993 4795 2143 4850 ptum
2184 4784 2310 4835 item
2344 4788 2465 4834 erat
2514 4778 2751 4848 lepidum
2785 4780 2928 4832 istud
2967 4778 3301 4847 epigramma
3339 4796 3352 4830 :

2097 4872 2389 4927 Smclorum
2427 4871 2617 4925 seriem
2644 4878 2829 4924 nostra
2866 4871 2914 4923 si
2955 4870 3141 4939 legeris
3174 4878 3309 4932 arte,

2193 5009 2421 5076 Antiqua
2455 5006 2578 5059 hinc
2598 5005 2687 5073 ﬁet
2722 5005 2903 5074 fabula
2938 5014 3059 5057 uota
3108 5005 3223 5057 tibi.

1581 5150 1812 5205 VAlllA‘J
1857 5148 2259 5203 LECTIONES.

372 5271 416 5300 "
443 5268 744 5321 Θεσσαλίαν
780 5286 840 5335 ς.

295 5345 344 5374 ’⁸
387 5350 503 5409 post
537 5339 734 5392 αὐτίκα
782 5354 904 5391 cum
934 5341 975 5391 Α
1015 5340 1173 5393 omisi
1219 5337 1624 5409 te._ﬁvsyeipu
1674 5338 1740 5389 Λ.

293 5415 422 5466 add.
466 5412 530 5463 A.
609 5411 653 5441 ³³
684 5410 817 5463 ἄλλα
845 5413 890 5463 Α
926 5427 941 5465 :
974 5409 1145 5462 πολλὰ
1169 5426 1229 5473 ς.

946 5266 1298 5365 1'93???"
1352 5264 1740 5365 llfffl‘ﬁ'.‘"s.‘
1777 5264 1892 5365 “bii?
1919 5264 2268 5365 9??"3‘32’.:-.~.1
2280 5262 2963 5365 Εέαλξῗςὲᾑαθὶῗέῗξὴῇ
2996 5279 3034 5324 ς

1351 5337 1624 5407 ἀνεγείρει
1674 5338 1740 5389 Λ.
1846 5336 1891 5365 ²⁶
1938 5336 2271 5403 μετελθοῦσα
2306 5337 2370 5388 Α.

1318 5407 1362 5438 ³⁵
1387 5407 1560 5475 λόγων
1598 5406 2084 5475 μεταποιουμένοις
2116 5423 2176 5469 ς.
2287 5407 2329 5438 ³⁸
2360 5423 2370 5457 τ

3136 5259 3183 5290 ’⁸
3220 5258 3483 5328 νεώτερος
3509 5276 3572 5322 ς’.

2448 5329 2498 5366 ’τ
2531 5329 2992 5404 πρεσϐυτέρῳἈ.
3069 5330 3115 5362 ’³
3153 5329 3209 5381 δὲ
3259 5340 3312 5383 et
3354 5345 3479 5384 mox
3512 5346 3573 5381 τε

2287 5407 2329 5438 ³⁸
2360 5405 2613 5476 πείρημα
2653 5407 2713 5457 Α.

1836 5515 2066 5574 NOTAE.

372 5615 492 5684 (τά)
524 5612 800 5684 Videudus
850 5612 1045 5684 {Licere
1076 5610 1232 5684 ΟΙῙῑε1
1261 5627 1321 5675 ll,
1357 5610 1473 5684 init.
1497 5626 1511 5675 ;
1537 5607 1720 5663 Valer.
1754 5609 1900 5664 Max.

295 5680 397 5743 lib.
435 5703 511 5749 ix,
547 5700 669 5750 cap.
705 5683 807 5749 15;
850 5680 1157 5746 Plutarch.,
1196 5680 1481 5751 Pewpida,
1521 5689 1789 5733 extremo.

375 5756 492 5823 (ιδ)
523 5756 607 5809 Al.
645 5752 855 5807 Evalce.

378 5820 496 5901 (7U)
541 5824 671 5894 Ejus
714 5833 921 5892 portent
957 5823 1006 5877 in
1058 5832 1168 5878 tres
1207 5822 1436 5879 divisam
1472 5820 1639 5877 libros
1690 5821 1890 5876 Bcnco.

2010 5609 2224 5681 JEgins,
2274 5607 2623 5681 Grauis—Lat.
2670 5606 3033 5681 etl._‘R_om:c_.
3087 5602 3175 5681 ubi
3218 5611 3286 5681 et
3304 5602 3370 5655 de
3410 5601 3578 5681 variis

2000 5672 2315 5747 Apollodori
2363 5679 2656 5731 disseritur
2710 5694 2737 5727 a
2779 5676 2957 5747 Scip.‘
2991 5672 3196 5747 Tertio.
3238 5672 3420 5747 __Por_ro
3478 5674 3571 5727 tib.

2004 5742 2129 5803 xm
2171 5748 2413 5817 Apollod.
2451 5748 2612 5817 hujus
2666 5747 2795 5817 mp".
2848 5743 2998 5799 Θεῶν
3036 5744 3168 5798 citat
3211 5742 3307 5797 tibi
3346 5743 3577 5811 Sopater

2005 5836 2153 5890 Snpr.
2187 5821 2311 5875 cod.
2346 5818 2440 5873 161
2481 5819 2535 5872 in
2564 5818 2736 5887 princ.
