4022 6470
559 397 657 464 591

557 514 841 570 Μίεωιὶιίω
867 530 926 564 ne
954 513 1095 566 volve
1136 509 1427 570 volumina,
1463 523 1582 560 neve
1627 506 1870 575 elegiam,

628 647 710 701 Ne
751 649 1011 708 traqimm
1057 644 1289 703 Musam,
1327 660 1388 694 ne
1421 643 1632 694 melicos
1666 656 1931 692 numeros.

552 719 872 773 Multisonos
906 715 1176 785 Cyclicum
1218 730 1396 767 versus
1436 729 1495 764 ne
1535 727 1750 780 qurere:
1783 712 1921 778 quod
1968 711 2024 761 in
2057 724 2139 759 me

624 857 869 911 Invenias
897 853 1154 923 quidquid
1179 852 1443 904 maximus
1490 849 1631 902 orbis
1673 849 1850 902 habet.

1166 940 1526 995 CLXXXVII.

558 1040 870 1095 Nicomachi
915 1035 1168 1090 (ἰέναιεηὶ
1207 1033 1674 1156 Αιζῗιιμιειίεονιιιη
1737 1029 2143 1098 theologicorum

1267 1121 1281 1156 t
1324 1121 1368 1156 ri
1406 1118 1469 1156 ιι.

1267 1118 1368 1156 ιονι
1406 1118 1469 1156 ιι.

628 1199 759 1269 Legi
790 1197 1106 1252 Nicomarhi
1142 1195 1405 1250 Geraseui
1478 1192 1554 1245 De
1583 1191 1921 1244 arithmetica
1971 1190 2039 1242 ad
2065 1204 2144 1242 res

559 1293 770 1348 divinas
825 1291 1094 1359 applicata
1148 1289 1316 1342 libros
1370 1290 1524 1340 duos.
1581 1284 1712 1350 Quae
1775 1283 1994 1351 quidem
2060 1281 2146 1334 in-

559 1385 781 1454 scriptio
847 1395 1096 1449 magnam
1169 1377 1604 1436 admirationem,
1665 1376 2148 1439 vehementemque

560 1489 800 1529 amorem
849 1472 1130 1526 concitare
1161 1479 1363 1538 queat:
1398 1483 1518 1520 cum
1577 1482 1716 1533 opus
1753 1475 1930 1518 tamen
1974 1464 2146 1532 ipsum

561 1568 653 1637 (ne
681 1567 732 1618 id
798 1563 1247 1617 ratiocinationes
1291 1575 1481 1622 vanas,
1532 1557 1843 1626 perditique
1901 1556 1997 1609 otii
2060 1569 2150 1608 oc-

560 1659 904 1726 cupationem
932 1669 1054 1708 esse
1103 1651 1478 1718 dicam)longe
1517 1667 1546 1702 a
1582 1649 1736 1702 titulo
1773 1664 1870 1701 suo
1910 1661 2150 1700 recesse-

562 1749 656 1803 rit.
702 1747 889 1814 Neque
941 1745 1086 1799 enim
1137 1744 1222 1796 hic
1249 1741 1316 1795 de
1351 1741 1596 1794 numeris
1627 1742 1694 1792 ab
1737 1739 1946 1792 unitate
1976 1751 2148 1804 usque

564 1841 632 1893 ad
687 1839 968 1893 denarium
1027 1836 1310 1890 disserens
1360 1832 1609 1902 (quodin
1665 1830 2009 1884 arithmetica
2037 1827 2148 1898 (77)

563 1949 682 1993 sua.
731 1932 890 1999 eique
924 1927 1201 1998 prauuissa
1249 1926 1465 1994 isagoge
1507 1923 1786 1994 pra-stitit)
1814 1921 1899 1974 illa
1945 1934 2155 1989 pertra-

564 2035 698 2088 ctat,
725 2038 845 2092 quae
873 2019 1116 2074 numeris
1159 2027 1348 2086 suapte
1398 2025 1590 2069 natura
1619 2015 1826 2077 insunt,
1857 2012 2155 2078 utilemque

563 2118 768 2172 habent
811 2110 1327 2180 contemplationem
1370 2127 1385 2162 :
1425 2107 1518 2162 sed
1558 2122 1622 2162 ea
1654 2106 1966 2175 plurimum,
2030 2118 2156 2172 quze

567 2207 713 2262 noxii
768 2214 894 2259 sunt
951 2201 1152 2273 ingenii
1204 2201 1491 2268 ﬁgmenta;
1537 2207 1594 2250 et
1648 2196 1768 2264 ejus
1797 2195 2015 2264 quidem
2063 2195 2152 2245 in-

567 2300 734 2371 genii,
791 2296 931 2366 quod
978 2310 1064 2348 res
1120 2297 1264 2364 ipsas
1296 2293 1360 2345 ad
1393 2308 1544 2346 suam
1587 2289 1774 2359 potius.
1821 2285 2152 2355 speculatio-

570 2406 693 2446 nem
759 2387 1100 2443 contcntiose
1149 2394 1335 2452 aptare
1373 2383 1608 2442 studeat,
1659 2395 1819 2448 quam
1881 2377 2024 2446 quod
2085 2376 2152 2428 ad

572 2496 751 2537 rerum
803 2489 1051 2532 naturam
1094 2476 1290 2529 mentis
1325 2488 1435 2527 suae
1481 2473 1718 2541 cogitata
1770 2470 2009 2538 dirigere
2057 2483 2153 2521 co-

570 2582 750 2626 netur.
811 2568 1080 2624 Cancrum
1147 2565 1288 2633 quod
1338 2565 1420 2615 vir
1451 2562 1540 2616 ille
1578 2577 1782 2621 rerum,
1817 2574 1937 2628 quae
1981 2559 2157 2612 subsi-

570 2672 742 2721 stunt,
783 2668 1033 2712 naturam
1075 2656 1141 2709 ad
1189 2668 1540 2708 numerorum
1593 2650 1884 2706 essentiam
1928 2649 2152 2712 referre,

569 2763 624 2807 et
651 2752 776 2807 huic
806 2751 1008 2819 pariter
1045 2746 1321 2801 includere
1353 2757 1646 2814 aggressus
1685 2743 1779 2805 sit,
1827 2741 2153 2804 resecando,

575 2845 850 2907 addendo,
937 2839 1316 2910 permutando,
1371 2852 1437 2891 ac
1505 2834 1829 2898 divellendo,
1885 2833 2155 2887 interdum

571 2937 789 3005 quidem
843 2949 933 2988 res
973 2935 1139 3002 ipsas,
1195 2944 1581 2998 nonnunquam
1637 2928 1801 2982 etiam
1855 2926 1976 2982 illos
2019 2927 2158 2978 ami-

573 3044 669 3084 cos
709 3027 844 3082 adeo
888 3026 990 3081 sibi
1046 3039 1302 3078 numeros
1354 3038 1419 3075 ac
1468 3021 1617 3083 deos,
1679 3019 1843 3087 idque
1897 3017 1983 3071 vel
2020 3017 2157 3070 alte-

583 3136 697 3173 ram
771 3117 1149 3172 tantummodo
1215 3126 1444 3183 partem,
1515 3113 1598 3166 vel
1657 3119 1804 3165 certe
1869 3122 2157 3178 utramque

1677 388 1941 450 ΡΗΟΤΙΙ
1973 381 2481 447 PATRIARCE‘E
2522 381 2632 440 ΕΡ.

2177 513 2220 562 Α
2250 500 2400 567 Μηδ⁹
2448 501 2512 565 ἐς
2576 497 2885 566 Ὁμηρείην
2926 494 3117 549 σελι’δ’
3179 492 3463 564 ἕμϐλεπε,
3497 497 3629 565 μηδ’
3679 502 3792 555 up-

3701 391 3786 452 592

2319 639 2414 707 Μὴ
2442 637 2729 707 τραγικὴν
2765 637 3054 694 Μοῦσαν,
3084 634 3240 703 μηδὲ
3273 571 3704 705 μελογραῗίῗπῃ,

2245 710 2345 777 Μὴ
2403 706 2672 763 κυκλίων
2705 707 2858 771 ζήτει
2898 706 3243 771 πολύθρουν
3286 706 3796 812 σᾎχὲζέῧέῐεᾶμὲ

2333 773 2341 777 ’
3345 773 3399 826 δ’
3431 773 3735 853 ἀθρῶνθη]

2315 851 2622 920 Εὐρήσεις
2661 849 2731 901 ἐν
2758 849 2887 917 ἐμοὶ
2924 846 3098 901 πάνθ’
3134 845 3254 900 ὅσα
3292 845 3521 913 κόσμος
3552 849 3688 915 ἔχει.

2984 940 3158 993 ΡΠΖ’.

2245 1027 2590 1098 Νικομάχου
2611 1027 2969 1094 Γερασηνοῦ
2989 1027 3421 1098 ,Ἀριθμητικῶν
3450 1030 3800 1097 θεολογουμέ-

2811 1115 2934 1150 νων
2954 1097 3168 1161 βιϐλία
3191 1099 3273 1162 β’.

2323 1190 2450 1263 [237
2486 1191 2582 1261 IL]
2631 1189 2973 1260 Ἀνεγνώσθη
3003 1190 3324 1260 Νικομάχου
3350 1189 3653 1259 Γερασηνοῦ
3684 1192 3802 1260 Ἀρι.

2249 1282 2554 1354 θμητικῶν
2583 1281 3071 1352 θεολογουμένων
3092 1283 3272 1352 βιϐλία
3302 1283 3367 1351 β’.
3399 1281 3464 1334 Ἦ
3491 1281 3587 1352 μὲν
3602 1279 3686 1335 οὖν
3705 1286 3801 1336 ἐπι-

2249 1376 2438 1447 γραφὴ
2498 1374 2642 1428 οὕτω
2692 1374 2970 1444 θαυμάσαι
3011 1375 3106 1428 καὶ
3145 1375 3346 1446 δριμὺν
3396 1373 3574 1444 ἔρωτα
3619 1376 3801 1443 κινῆσαι

2251 1469 2401 1535 ἀξία,
2438 1469 2466 1521 ὁ
2517 1468 2574 1520 δὲ
2606 1468 2789 1530 πόνος,
2839 1467 2926 1520 ἵνα
2961 1467 3036 1537 μὴ
3079 1467 3222 1534 λέγω
3255 1465 3540 1534 λογισμῶν
3567 1467 3800 1534 κενεμϐα-

2250 1559 2487 1614 τούντων
2518 1561 2613 1612 καὶ
2651 1559 3062 1628 ματαιοσχόὶωι)
3109 1558 3291 1628 ἔργον,
3345 1557 3538 1629 πόρρω
3564 1557 3658 1623 τῆς
3702 1558 3800 1610 ἑπι-

2251 1652 2478 1724 γραφῆς
2523 1651 2932 1723 διερριμμένος.
2978 1651 3352 1720 Διαλαμϐάνει
3404 1651 3503 1719 μὲν
3553 1648 3655 1718 γάρ
3701 1653 3797 1719 περὶ

2254 1746 2366 1798 τῶν
2391 1745 2500 1797 ἀπὸ
2528 1745 2756 1814 μονάδος
2781 1744 2943 1813 μέχρι
2974 1743 3196 1805 δεκάδος
3225 1741 3352 1812 άριθ
3363 1742 3501 1810 μῶν,
3533 1741 3628 1809 οὐχ
3649 1741 3796 1811 ῶσπερ

2185 1857 2225 1911 Β
2259 1838 2316 1888 ἐν
2349 1839 2415 1906 τῇ
2445 1836 2787 1907 ἀριθμητικῇ
2838 1834 3002 1887 αὑτοῦ
3034 1835 3128 1886 καὶ
3161 1833 3268 1904 πρὸ
3297 1833 3506 1901 ταύτης
3533 1834 3791 1904 εἰσαγωγῇ,

2255 1927 2354 1980 ὅσα
2379 1927 2492 1988 τοίς
2515 1925 2770 1995 ἀριθμοῖς
2796 1923 2957 1993 φύσει
2988 1923 3252 1994 πρόσεστι
3279 1923 3376 1976 καὶ
3399 1922 3629 1991 θεωρίας
3653 1923 3789 1992 ἔχεται

2259 2015 2596 2080 σπουδαίας,
2644 2014 2889 2082 διεξιὼν,
2939 2016 3076 2070 ἀλλά
3119 2016 3188 2068 τά
3237 2015 3472 2068 πλεῖστα
3517 2013 3734 2078 διανοίας
3753 2016 3794 2067 οὺ

2256 2105 2672 2178 καθαρευούσης
2718 2107 2921 2177 βλάσης
2960 2106 3394 2176 ἀναπλάσματα,
3425 2106 3521 2158 καὶ
3544 2105 3656 2171 οὐχὶ
3695 2104 3796 2174 πρὸς

2256 2203 2356 2269 τὴν
2390 2199 2496 2254 τῶν
2528 2200 2874 2270 πραγμάτων
2910 2197 3073 2264 φύσιν
3117 2197 3244 2258 τοὺς
3293 2195 3589 2265 λογισμοὺς
3621 2193 3799 2248 ἰθυνού-

2259 2310 2360 2360 σης
2382 2331 2396 2352 ,
2431 2293 2500 2346 τά
2525 2292 2582 2345 δὲ
2613 2291 2912 2362 πράγματα
2936 2289 3073 2360 πρὸς
3097 2288 3195 2350 τὰς
3222 2289 3360 2351 ἰδίας
3383 2286 3673 2356 φαντασίας
3699 2303 3799 2355 p51-

2257 2383 2510 2452 αμείὸειν
2560 2381 2990 2451 φιλονεικούσης.
3038 2379 3178 2433 Ἀλλ’
3219 2380 3321 2432 ὅσα
3361 2379 3462 2447 μὲν
3503 2379 3531 2431 ὁ
3575 2377 3701 2446 ἀνὴρ
3727 2376 3800 2445 τὴν

2256 2475 2365 2527 τῶν
2397 2474 2566 2526 ὄντων
2603 2474 2768 2542 φύσιν
2819 2475 2899 2536 εἰς
2941 2472 3041 2542 τὴν
3086 2471 3194 2525 τῶν
3238 2470 3496 2540 ἀριθμῶν
3549 2469 3799 2521 ὑπόστασιν

2257 2566 2554 2636 ἀναφέρειν
2603 2583 2664 2618 τε
2710 2565 2806 2618 καὶ
2857 2565 3314 2634 συγκατακλείειν
3353 2563 3631 2630 διανέστη,
3674 2577 3802 2631 περι-

2258 2657 2498 2722 κόπτων,
2522 2657 2844 2727 περιτιθεὶς,
2879 2656 3146 2726 ἀμείὸων,
3173 2655 3426 2710 διασπῶν
3465 2653 3594 2708 ποτὲ
3624 2653 3712 2724 μὲν
3747 2651 3800 2704 τὰ

2257 2747 2565 2818 πράγματα
2597 2747 2729 2800 ποτὲ
2761 2747 2818 2801 δὲ
2853 2748 2981 2810 τοὺς
3011 2749 3200 2816 φίλους
3238 2746 3512 2816 ἀριθμοὺς
3543 2746 3631 2798 καὶ
3655 2744 3800 2808 θεοὺς,

2257 2841 2352 2892 καὶ
2383 2839 2540 2891 τοῦτο
2569 2841 2601 2908 ἢ
2643 2840 2850 2909 napi"
2886 2839 3050 2910 μέρος
3088 2839 3406 2908 έκάτερονῆ
3437 2839 3529 2890 καὶ
3552 2837 3613 2890 δι’
3639 2836 3803 2905 ἀμφοῖν

2262 2931 2355 2984 ἰὼν
2379 2972 2394 2995 ,
2431 2932 2610 2984 καίτοι
2644 2933 2890 3002 μεγάλας
2923 2933 3144 3002 ὑπέχων
3191 2931 3430 2992 εὐθύνας
3450 2971 3463 2992 ,
3494 2932 3636 3000 ὅμως
3661 2927 3804 2982 ἑάσθω

2257 3023 2435 3080 τοῦτο.
2478 3025 2617 3077 Ἀλλ’
2647 3027 2730 3078 ὅτι
2759 3026 2914 3088 θεούς
2952 3043 3012 3078 τε
3046 3026 3140 3078 καὶ
3169 3024 3297 3088 θεὰς
3338 3023 3672 3092 ἐπιθυμήσας
3702 3022 3802 3072 ἰδεῖν

2258 3119 2385 3180 τοὺς
2426 3118 2730 3187 ἀριθμοὺς,
2768 3118 2864 3170 καὶ
2899 3117 3059 3170 τοῦτο
3099 3117 3276 3178 διδοὺς
3340 3116 3522 3178 αὐτοῖς
3549 3114 3630 3166 διὰ
3670 3115 3804 3181 μόνην

572 3213 860 3268 obeundo:
895 3211 997 3265 etsi
1034 3210 1190 3276 hujus
1221 3210 1295 3262 rei
1325 3207 1507 3261 multa:
1534 3213 1720 3260 essent
1743 3203 1842 3272 ipsi
1875 3202 2153 3256 reddendae

2260 3209 2358 3276 τὴν
2392 3209 2701 3272 ἰδιάζουσαν
2729 3210 2823 3262 καὶ
2851 3209 3164 3279 ὡρισμένην
3195 3209 3437 3263 ἑκάστου
3464 3209 3735 3274 ποσότητα,
3758 3203 3802 3255 οὐ

575 3307 838 3367 rationes,
889 3302 944 3356 in
993 3301 1170 3356 medio
1221 3310 1399 3352 tamen
1463 3297 1514 3351 id
1549 3297 1908 3367 relinquatur.
1967 3294 2042 3347 De
2090 3308 2156 3346 eo

575 3409 783 3453 tantum
824 3392 1089 3466 [loquor]
1117 3392 1258 3461 quod
1291 3393 1419 3445 deos
1450 3399 1506 3444 et
1531 3390 1662 3442 deas
1718 3387 1907 3440 videre
1964 3400 2155 3439 nume-

573 3503 668 3544 ros
716 3497 1005 3556 exaptaus,
1047 3485 1208 3553 idque
1259 3483 1390 3552 ipsis
1445 3482 1622 3535 solum
1679 3478 2006 3542 attribuens,
2066 3492 2155 3529 se-

573 3581 810 3636 cundum
861 3576 1138 3650 propriam
1218 3574 1482 3641 cujusque
1534 3570 1923 3637 deiinitamque
1977 3584 2156 3637 quan-

575 3673 818 3725 titatem:
866 3671 1007 3723 hanc
1048 3677 1226 3722 tamen
1280 3665 1452 3733 ipsam
1500 3679 1606 3717 non
1649 3671 1832 3716 servet
1867 3661 2153 3730 integrann,

573 3761 702 3814 dum
737 3759 790 3812 in
844 3759 1068 3811 deorum
1111 3755 1359 3808 ordinem
1418 3766 1677 3807 numeros
1734 3748 1922 3817 refert,
1954 3749 2158 3818 sed(ut

575 3860 735 3904 antea
763 3849 875 3917 jam
908 3845 1176 3915 diximus)
1203 3844 1458 3906 secando,
1487 3843 1760 3910 augendo,
1806 3840 1890 3896 vel
1937 3841 2158 3894 omnino

575 3943 741 3996 etiam
796 3938 1131 4006 dissipando,
1185 3937 1271 3990 sio
1307 3934 1525 3988 tandem
1583 3935 1728 4002 ipsos
1755 3940 1813 3985 ut
1863 3932 2156 4000 plurimum

577 4045 678 4102 pro
704 4033 809 4086 diis
851 4031 1072 4096 adoret;
1127 4030 1416 4082 destruens
1473 4025 1691 4080 interim
1739 4039 1860 4079 eam
1921 4039 2040 4092 qua:
2088 4023 2157 4076 ab

580 4123 738 4178 initio
792 4126 982 4175 aderat
1055 4120 1443 4189 quantitatem,
1499 4128 1560 4172 ut
1643 4133 1740 4187 per
1809 4117 1952 4170 hanc
2012 4115 2154 4169 Deus

576 4209 855 4287 [aliquis]
881 4214 992 4277 iiut,
1039 4210 1234 4283 ιωα
1269 4218 1324 4262 et
1353 4211 1457 4264 hac
1507 4208 1660 4280 [ipsa
1717 4206 1968 4279 rursum}
2007 4223 2160 4262 emu-

580 4309 705 4362 dem
763 4305 910 4358 illum
961 4305 1220 4372 spoliatis.
1278 4301 1463 4370 Neque
1512 4316 1639 4354 vero
1683 4311 1776 4354 aut
1839 4298 2155 4362 iuclTabilis,

579 4408 675 4452 aut
703 4407 888 4465 operta
929 4395 1238 4465 huiusmodi
1276 4393 1542 4463 theologia
1575 4401 1678 4448 est.
1721 4392 1824 4447 Sed
1877 4394 1991 4445 haec
2043 4389 2160 4457 ejus

573 4490 897 4558 sapientior,
962 4499 1017 4541 et
1067 4488 1238 4542 amari
1286 4487 1504 4557 dignior
1549 4499 1676 4555 pars
1721 4485 1954 4549 videtur,
2013 4483 2155 4550 quod

571 4591 827 4652 oporteat
876 4586 1247 4651 ingressurum
1279 4580 1333 4634 iu
1377 4584 1518 4634 hanc
1574 4577 1954 4632 admirabilem
2008 4579 2162 4632 theo-

575 4676 802 4744 logiam,
857 4675 1124 4742 altiusque
1182 4674 1232 4726 in
1283 4672 1600 4727 abscondita
1666 4671 1786 4740 ejus
1847 4681 2161 4740 penetratu-

580 4785 725 4832 rum,
776 4768 1086 4838 geometria:
1139 4766 1406 4835 imprimis
1455 4765 1640 4819 rudem
1707 4780 1812 4817 non
1856 4779 2001 4827 esse,
2065 4762 2159 4816 sed

580 4855 897 4909 numerandi
938 4869 1156 4924 quoque
1203 4854 1466 4907 rationem
1521 4863 1776 4906 accurate
1815 4863 2031 4906 tenere:
2070 4866 2163 4904 ne-

581 4962 687 5014 que
721 4947 848 4998 item
875 4957 1146 4999 astrorum
1199 4946 1586 5012 iuspectionem
1648 4945 1824 4996 obiter
1882 4943 2159 5005 didicisse,

581 5041 712 5108 quin
764 5039 940 5106 potius
967 5047 1020 5090 et
1074 5038 1124 5089 in
1183 5037 1404 5090 musicis
1463 5035 1944 5104 Speculationibus,
1994 5047 2159 5103 atque

580 5132 714 5183 adeo
749 5130 892 5185 illius
924 5114 1302 5182 inStrutueutis
1332 5142 1451 5180 esse
1489 5129 1869 5181 exercitatum.
1912 5126 1978 5181 Ut
2013 5116 2156 5180 enim

576 5238 610 5275 e
643 5223 884 5276 numeris
935 5223 1064 5276 deos
1106 5219 1324 5282 el‘liciat,
1359 5221 1689 5288 eosdemque
1754 5220 1932 5273 omnis
1970 5232 2150 5271 esseu-

2265 3301 2522 3370 φυλάττει
2556 3301 2760 3370 ταύτην
2795 3302 3054 3372 ἀκέραιον
3102 3301 3402 3372 ἀναφέρων
3427 3300 3470 3330 ³⁸
3503 3301 3580 3362 εἰς
3613 3297 3667 3349 τὸ
3700 3296 3806 3347 Θεῶν

2264 3395 2421 3462 γένος
2475 3395 2706 3456 αὐτοὺς,
2757 3392 2872 3446 ἀλλ’
2906 3392 2981 3454 ὡς
3027 3395 3123 3445 καὶ
3165 3393 3548 3463 προείπομεν,
3600 3389 3804 3458 τέμνων,

2263 3485 2474 3552 αθξων,
2517 3486 2789 3549 παντοίως
2828 3485 3138 3554 κεραΐζων,
3174 3485 3356 3548 οὕτως
3400 3484 3594 3546 αὐτοὺς
3640 3483 3696 3533 ἐκ
3731 3477 3804 3531 τοῦ

2266 3579 2361 3631 ἐπὶ
2404 3578 2658 3632 πλεῖστον
2703 3578 2860 3641 θεοὺς
2911 3581 3235 3648 προσκυνεῖ,
3283 3579 3392 3647 τὴν
3440 3576 3538 3646 μὲν
3577 3572 3630 3636 ἐξ
3671 3571 3806 3643 ἀρχῆς

2266 3671 2505 3739 φθείρων
2560 3671 2864 3739 ποσότητα,
2910 3671 2997 3723 ἵνα
3029 3667 3208 3742 θεδςῇ
3241 3669 3336 3722 διὰ
3381 3669 3610 3735 ταύτην,
3643 3665 3804 3730 ταύτης

2265 3763 2308 3816 δ’
2339 3763 2502 3816 αὑτὸν
2531 3762 2853 3834 ἀποστερῶν
2877 3778 2892 3792 ο
2916 3763 2978 3815 οὐ
3007 3761 3114 3832 γὰρ
3141 3763 3460 3831 ἀπόρρητος
3488 3762 3580 3812 καὶ
3611 3754 3801 3824 σεπτὴ³⁴

2267 3855 2650 3925 ή·τη).ικαύτη
2691 3855 2963 3922 θεολογία.
3011 3855 3084 3908 Τὸ
3122 3856 3179 3908 δὲ
3210 3856 3526 3925 σοφώτερον
3563 3852 3652 3906 καὶ
3686 3848 3806 3917 στέρ-

2266 3949 2460 4016 γεσθαι
2491 3947 2716 4010 δίκαιον,
2747 3947 2826 4000 δεῖ
2853 3947 2931 4017 τῷ
2986 3947 3232 4016 μέλλοντι
3261 3949 3325 4015 τῇ
3367 3945 3639 4015 θαυμασία
3668 3939 3804 4006 ταύτῃ

2267 4038 2573 4109 ἐμϐαθῦναι
2605 4038 2855 4109 θεολογία
2884 4039 2978 4091 καὶ
3008 4039 3103 4106 τῆς
3143 4039 3508 4108 κρυφιότητος
3529 4037 3650 4088 εἵσω
3672 4034 3802 4083 διεισ-

2265 4129 2420 4182 δῢναι
2451 4130 2795 4201 γεωμετρίας
2845 4131 2943 4199 μὲν
2980 4131 3079 4182 οὐκ
3106 4129 3340 4198 ἀμαθῶς
3372 4129 3538 4199 ἔχειν,
3573 4120 3800 4178 trama:

2266 4225 2360 4275 καὶ
2393 4221 2529 4292 πρὸς
2549 4221 2919 4292 ἀριθμητικὴν
2940 4221 3350 4291 ἀκριϐολογίαν,
3385 4222 3503 4273 οὐδὲ
3527 4223 3618 4290 τῆς
3642 4220 3800 4285 ἀστροο

2267 4315 2526 4380 θεάμονος
2564 4314 2754 4381 σοφίας
2804 4317 2862 4366 ὲν
2893 4314 2971 4385 τῷ
3019 4313 3284 4384 παρέργῳ
3324 4313 3422 4382 τὴν
3463 4311 3686 4382 μάθησιν
3726 4320 3799 4356 πε-

2267 4405 2551 4473 ποιῆσθαι,
2591 4405 2688 4458 καὶ
2721 4403 2826 4474 μὴν
2851 4405 2894 4436 ³⁵
2937 4407 3030 4456 καὶ
3058 4407 3169 4466 τοῖς
3206 4405 3486 4473 μουσικοῖς
3524 4400 3795 4469 θεωρήμασι

2269 4498 2363 4549 καὶ
2396 4496 2459 4567 δὴ
2498 4497 2595 4549 καὶ
2625 4498 2877 4566 ὀργάνοις
2921 4494 3386 4565 ὲγγεγυμνάσθαι.
3428 4497 3544 4548 Ἵνα
3575 4494 3674 4561 γάρ
3704 4488 3796 4547 τοὺς

2266 4587 2534 4655 ἀριθμοὺς
2589 4587 2885 4658 θεοποιήσῃ
2914 4587 3011 4640 καὶ
3051 4585 3159 4638 τῶν
3199 4585 3369 4638 ὄντων
3413 4587 3509 4655 τῆς
3534 4582 3798 4637 οὑσιώσεως

2265 4678 2471 4740 αἰτίους
2503 4679 2547 4709 ³⁸
2581 4678 2908 4750 άναπλάσῃ,
2945 4678 3038 4745 ἀφ’
3089 4677 3328 4748 ἑκάστης
3376 4677 3486 4730 τῶν
3537 4671 3801 4744 εἰρημένων

2266 4769 2592 4837 ἐπιστημῶν
2629 4769 2746 4823 ἔνιά
2799 4787 2920 4822 τινα
2958 4768 3066 4821 τῶν
3123 4769 3497 4839 θεωρημάτων
3542 4769 3602 4835 τῇ
3642 4763 3751 4832 περὶ
3769 4757 3800 4788 ³⁷

2264 4862 2391 4922 τοὺς
2446 4861 2712 4930 ἀριθμοὺς
2747 4863 3022 4930 ὲνυφαίνει
3073 4859 3403 4932 θεοπλαστίᾳ
3425 4903 3438 4925 ,
3477 4853 3548 4912 ὧν
3578 4862 3607 4927 ἡ
3643 4857 3804 4921 ἀγνοα

2265 4949 2519 5017 ἐμποδὼν
2551 4951 2616 5003 ἂν
2648 4950 2808 5019 σταίη
2843 4949 2980 5019 πρὸς
3005 4949 3102 5019 τὴν
3149 4949 3256 5001 τῶν
3305 4947 3629 5018 τηλικούτων
3666 4956 3805 5009 μυστ·

2269 5039 2538 5105 αγωγίαν.
2573 5039 2666 5090 καὶ
2698 5040 2874 5109 μάτην
2921 5039 2980 5090 τὸ
3033 5039 3315 5109 πρόθυμον
3373 5037 3684 5101 ἐπιδείξεται
3706 5029 3743 5059 ³⁸
3783 5027 3804 5075 ὁ

2265 5133 2388 5191 ταῖς
2434 5131 2756 5200 είρημέναις
2807 5130 2880 5200 μὴ
2922 5131 3302 5197 προτελεσθεὶς
3336 5130 3677 5196 ἐπιστήμαις.
3716 5116 3804 5170 Καὶ

2266 5220 2345 5270 δεῖ
2387 5221 2516 5286 ἄρα,
2572 5219 2646 5282 ὡς
2689 5219 2854 5284 ἔοικε,
2897 5220 3008 5289 βίον
3040 5221 3329 5290 ἀνθρώπου
3375 5216 3689 5288 κατατρῖψαι
3732 5207 3806 5260 καὶ

2197 4555 2238 4609 D

1883 5351 2114 5405 VARUE
2157 5351 2568 5408 LEC'I‘IONES.

651 5477 733 5510 ³¹⁴
765 5477 820 5541 ἔς
869 5494 935 5545 με
967 5476 1078 5545 γὰρ
1103 5475 1285 5543 ἀθρῶν
1320 5492 1376 5537 ς.
1451 5476 1493 5507 ³¹
1514 5475 1662 5545 παρὰ
1685 5474 1724 5526 Λ
1753 5492 1764 5527 :
1791 5475 1920 5542 περὶ
2081 5475 2127 5504 ³³
2154 5474 2443 5543 ἀναφέρων
2467 5482 2586 5539 post
2628 5475 2783 5541 γένος
2805 5475 2949 5544 ponit
2973 5493 3033 5540 ς.

651 5548 672 5598 ἰ
701 5549 746 5598 A
791 5568 802 5598 :
852 5549 956 5598 μὴν
983 5550 1038 5597 ἐν
1077 5563 1135 5598 ς’.
1215 5547 1258 5575 ³⁸
1297 5544 1475 5598 αἰτίας
1509 5563 1566 5598 ς.
1646 5546 1688 5575 ³⁷
1721 5546 1849 5598 περὶ
1883 5547 1925 5598 Α
1962 5563 1976 5597 :
2006 5545 2141 5598 ποὺς
2171 5562 2232 5598 ς.
2308 5545 2352 5576 ³⁸
2381 5546 2683 5598 ἐπιδέξεται
2715 5563 2773 5598 ς.

1721 5562 1849 5615 περι
1883 5562 1925 5598 Α
1962 5563 1976 5597 :
2006 5562 2141 5614 προς
2171 5562 2232 5607 ς.

1395 5544 1406 5558 1

496 5559 511 5591 I
580 5548 672 5602 καὶ
701 5549 746 5602 Α
791 5568 802 5602 :
851 5549 956 5618 μὴν
983 5550 1038 5597 ἐν
1077 5563 1135 5610 ς’.
1215 5547 1258 5575 ³⁸
1297 5547 1475 5607 αἰτίας
1509 5563 1566 5608 ς.

3165 5477 3208 5516 ³⁸
3254 5475 3456 5544 σκεπτὴ
3499 5490 3556 5537 ς.
3651 5461 3800 5534 "tl-51V

2308 5545 2352 5576 ³⁸
2381 5547 2404 5594 ἑ
2417 5546 2683 5610 πιὸέξεται
2715 5563 2773 5609 ς.

2099 5654 2332 5709 NCT/17..

561 5767 564 5770 ’
649 5780 762 5849 (77.)
793 5779 958 5834 Cuius
1018 5780 1138 5834 tum
1201 5779 1303 5834 duo
1340 5777 1529 5831 ϐιαιως)
1565 5775 1699 5832 editi
1763 5763 2133 5833 Parisiis'au.

2197 5755 2355 5832 1558.
