4022 6474
206 394 317 455 59ῗῖΔ

1232 396 1752 457 BIBLIOTHECA.
1789 423 1856 434 -
1878 400 2041 461 COD.
2076 396 2458 463 CLXXXVII.

3381 388 3482 467 594

206 501 597 573 προαναλῶσαι
646 503 743 571 τῆς
808 503 1057 571 θεολόγου
1108 503 1313 572 ταύτης
1374 503 1481 556 τῶν
1536 504 1818 573 ἀριθμῶν,

1922 507 1981 560 ire
2022 523 2200 563 rerum
2238 511 2647 564 subsistentium
2684 521 2932 565 auctores
2978 526 3042 564 ac
3085 526 3281 565 causas
3330 514 3482 566 enin-

206 596 520 664 τερατείας,
561 597 658 647 καὶ
690 595 1051 665 φιλοσοφῆσαι
1079 599 1190 655 τοῖς
1217 596 1262 627 ³⁰
1304 593 1591 664 μαθήμασι
1628 611 1795 648 σπου-

208 688 389 749 δλίως,
428 687 496 738 ἶν’
531 688 631 755 ἐξῇ
679 688 770 739 καὶ
802 686 1230 755 ματαιολογῆσαι
1270 686 1513 749 τελείως.
1575 687 1662 749 Ὠς
1697 688 1797 757 μὲν

208 774 295 829 οὖν
338 778 396 828 ὲν
454 778 773 846 κεφαλαίῳ,
814 778 1018 846 μᾶλλον
1059 778 1112 830 δὲ
1157 779 1291 849 πρὸς
1332 780 1432 849 τὴν
1484 778 1798 848 ἐπιγραφὴν

208 870 407 936 φάναι,
454 870 703 922 τοιοῦτον
750 872 783 940 ή
824 870 916 923 τοῦ
964 871 1002 922 Γ
1006 871 1274 941 ερασηνοῦ
1324 872 1643 941 Νικομάχου
1675 872 1797 924 θεο-

208 958 393 1027 λογία.

1899 610 2009 669 gat,
2071 616 2103 654 e
2133 602 2362 671 singulis
2402 603 2516 672 jam
2571 602 2863 655 nominatis
2921 601 3223 670 disciplinis
3267 602 3481 655 theore-

1899 700 2044 744 mata
2103 694 2348 760 quadam
2417 695 2544 747 huic
2615 693 2840 748 deorum
2907 692 3161 747 eliietioni
3242 694 3477 758 intexit;

1902 796 2128 848 quorum
2178 783 2391 836 scilicet
2453 783 2724 851 ignoratio
2785 791 2935 836 tanto
2971 784 3042 836 sit
3073 785 3137 835 ad
3170 782 3480 849 huiusmodi

1905 875 2290 942 ntystagogiam
2340 875 2726 943 impedimento
2765 872 2968 937 futura,
3005 884 3060 924 ιιι
3090 872 3292 927 l’rnstra
3318 889 3477 925 suam

1908 966 1972 1017 ad
2010 965 2327 1019 discendum
2389 968 2723 1020 alacritatem
2772 983 2881 1034 pra:
2927 981 2984 1019 se
3034 967 3170 1018 ferat
3211 966 3320 1029 ille,
3366 966 3485 1033 qni-

213 1072 443 1125 cunque
478 1056 805 1125 supradictis
851 1057 1152 1124 disciplinis
1191 1058 1302 1127 jam
1343 1069 1503 1113 antea
1566 1059 1802 1113 imbutus
1864 1073 1968 1109 non
2026 1057 2210 1111 fuerit.
2280 1060 2459 1125 Quare
2520 1067 2789 1127 oporteat,
2847 1068 2907 1109 nt
2967 1066 3213 1125 apparet,
3271 1066 3484 1108 aetatem

220 1165 544 1203 universam
607 1151 665 1202 iis
725 1150 1031 1218 disciplinis
1088 1153 1375 1222 diligenter
1438 1153 1801 1207 incnmhendo
1839 1155 2185 1215 eontrivisse,
2220 1164 2381 1222 atque
2421 1153 2846 1221 «totisumpsisse,
2905 1159 3196 1220 antequam
3245 1152 3311 1203 ad
3372 1151 3484 1203 Iure

227 1242 535 1311 theologica
572 1242 708 1293 circa
738 1256 1017 1307 numeros,
1044 1254 1099 1296 et
1142 1244 1448 1313 prodigiosa
1483 1254 1786 1296 commenta
1823 1243 2085 1304 veniatur,
2145 1261 2251 1308 quo
2307 1246 2538 1299 delirare
2618 1246 2836 1298 tandem
2907 1246 3119 1314 penitus
3190 1246 3283 1299 tibi
3357 1262 3486 1301 con-

237 1336 482 1387 cedatur.
565 1326 695 1381 Tale
751 1331 881 1396 quid
941 1331 1105 1400 igitur
1165 1334 1519 1392 smmnatim.
1580 1332 1664 1385 vel
1722 1331 1788 1384 de
1843 1332 1959 1382 solo
2024 1335 2199 1401 potius
2274 1336 2426 1387 titulo
2484 1336 2772 1404 loquendo,
2841 1334 3158 1390 Nicomachi
3223 1337 3485 1393 Geraseni

234 1426 492 1491 theologia
520 1432 623 1475 est.

299 1514 413 1585 μϐ]
454 1512 544 1584 3.]
589 1514 754 1581 Λέγει
779 1514 835 1568 δὲ
859 1513 957 1584 τὴν
991 1514 1195 1583 μονάδα
1226 1515 1359 1569 άλλα
1389 1535 1449 1569 τε
1500 1518 1601 1569 οὐκ
1646 1517 1802 1584 ὀλίγα

225 1609 330 1659 τῶν
385 1605 723 1674 πλασμάτων
768 1608 835 1675 τῇ
879 1607 1006 1675 περὶ
1050 1608 1220 1676 αὐτὴν
1264 1608 1491 1679 ἀληθείᾳ
1544 1609 1639 1660 καὶ
1690 1610 1803 1670 τοῖς

220 1695 481 1767 famae-3m
516 1697 558 1726 ⁸⁸³
596 1699 846 1763 φυσικοῖς
880 1696 1133 1765 ἰδιώμασι
1188 1700 1553 1767 καταμιγνὺς,
1604 1700 1696 1750 καὶ
1726 1699 1801 1759 ὡς

215 1786 333 1847 νοῦς
368 1784 503 1856 [238
536 1784 631 1856 11.]
675 1803 733 1836 τε
779 1785 885 1854 εἴη,
944 1783 1063 1837 εἶτα
1122 1786 1216 1837 καὶ
1270 1787 1657 1855 άρσενόθηλυς,
1707 1786 1802 1837 καὶ

210 1881 363 1941 Θεὸς,
404 1878 504 1930 καὶ
530 1878 631 1949 ὕλη
677 1878 733 1931 δέ
791 1896 928 1941 πως,
972 1879 1151 1931 πάντα
1194 1880 1450 1950 χρήματα
1510 1880 1703 1947 μιγνὺς
1730 1878 1805 1939 ὡς

215 1971 453 2039 ἀληθῶς,
523 1972 617 2024 καὶ
668 1971 968 2039 πανδοκεὺς
1019 1970 1206 2022 λοιπὸν
1260 1969 1354 2022 καὶ
1397 1969 1677 2039 χωρητικὴ
1712 1969 1806 2020 καὶ

214 2066 380 2134 χάος,
438 2065 747 2132 σύγχυσις,
800 2063 1123 2133 σύγκρασις,
1178 2062 1450 2132 άλαμπία,
1516 2061 1804 2125 σκοτωδία,

209 2158 425 2227 χάσμα,
485 2157 788 2227 Τάρταρος.
846 2155 958 2208 Καὶ
1021 2155 1199 2223 Στύγα
1234 2155 1289 2206 δὲ
1320 2155 1489 2223 αὐτὴν
1519 2153 1805 2222 τερατολο-

212 2246 400 2314 γοῦσι,
460 2247 556 2299 καὶ
616 2247 918 2316 φρικωδίαν
986 2246 1083 2299 καὶ
1144 2245 1369 2316 ἀμιξίαν
1408 2246 1502 2298 καὶ¹
1537 2245 1811 2316 βάραθρον

218 2338 571 2405 ὑποχθόνιον,
611 2338 706 2391 καὶ
736 2337 941 2405 Λήθην,
981 2338 1075 2389 καὶ
1118 2336 1352 2406 στιφρὰν
1381 2336 1674 2406 παρθένον,
1717 2337 1810 2388 καὶ

220 2431 497 2483 Ἄτλαντα
516 2445 531 2458 °
562 2428 705 2492 ἄξων
726 2429 785 2481 τέ
808 2431 955 2482 ἐστιν
986 2431 1169 2490 αὐτοῖς
1193 2428 1288 2480 καὶ
1318 2428 1469 2498 ἥλιος
1507 2429 1602 2480 καὶ
1633 2428 1811 2496 πυρά-

218 2522 353 2586 λιος,
416 2522 513 2573 καὶ
567 2517 761 2589 μορφὼ
817 2518 874 2571 δὲ
914 2520 1009 2572 καὶ
1057 2519 1225 2578 Ζανὸς
1254 2518 1486 2588 πύργος,
1520 2518 1616 2571 καὶ
1644 2535 1814 2585 σπερ-

222 2614 460 2683 ματίτης
498 2612 677 2678 λόγος,
720 2610 991 2664 Ἀπόλλων
1035 2627 1093 2662 τε
1126 2610 1217 2662 καὶ
1271 2611 1558 2680 προφήτης
1592 2610 1686 2662 καὶ
1722 2609 1810 2660 λό-

218 2720 361 2770 γιος.
399 2703 465 2754 Ἦ
496 2702 553 2754 δὲ
588 2703 695 2756 τῶν
728 2702 1008 2771 ὀνομάτων
1036 2702 1185 2754 αἰτία
1223 2701 1256 2769 ἡ
1287 2700 1385 2769 μὲν
1416 2701 1613 2769 φρενὸς
1644 2700 1813 2753 ἀστά-

221 2812 315 2847 του
359 2794 459 2846 καὶ
492 2793 1019 2863 δεισιδαιμονούσης,
1068 2797 1100 2863 ἡ
1140 2794 1196 2847 δὲ
1224 2794 1344 2847 οὐδὲ
1379 2794 1479 2860 τῆς
1509 2788 1813 2859 παιδαριώ-

220 2887 347 2949 δους
377 2886 784 2948 ἁνατυπώσεως
814 2886 1233 2955 ἁπηλλαγμένη.
1276 2885 1416 2938 Ἀλλ’
1448 2887 1480 2953 ή
1517 2884 1614 2953 μὲν
1648 2881 1814 2952 μονὰς

220 2980 369 3033 οὕτω
404 2981 711 3049 Νικομάχῳ
748 2982 840 3033 καὶ
870 2982 983 3041 τοῖς
1038 2979 1206 3033 αὑτοῦ
1262 2977 1608 3039 διδασκάλοις
1636 2974 1816 3028 θεολο-

223 3073 411 3141 γείταί
439 3090 496 3125 τε
537 3072 654 3143 ἅμα
689 3074 784 3126 καὶ
814 3072 1067 3142 βάλλεται
1103 3070 1281 3140 ὕϐρει.

314 3362 381 3414 Ἦ
417 3361 621 3424 δὲδυὰς
653 3358 829 3429 τόλμα
886 3357 948 3412 τέ
992 3359 1140 3411 ἐστιν
1185 3356 1389 3421 αὐτοῖς,
1436 3357 1532 3409 καὶ
1563 3355 1685 3427 ὕλη,
1727 3356 1823 3410 καὶ

218 3457 339 3513 τῶν
396 3454 675 3523 ἀνομοίων
731 3451 896 3517 αἰτία,
936 3451 1033 3505 καὶ
1094 3450 1417 3520 μεταίχμιον
1462 3449 1701 3519 πλήθους
1732 3452 1823 3502 καὶ

225 3549 492 3621 μονάδος.
543 3546 636 3597 Ἐκ
677 3542 978 3605 συνθέσεως
1011 3560 1071 3595 τε
1116 3542 1212 3594 καὶ
1266 3542 1661 3610 κατακράσεως
1686 3539 1822 3609 μόνη

230 3644 354 3696 tam
383 3640 557 3700 ποιεῖ,
577 3638 657 3691 διὸ
683 3637 779 3690 καὶ
806 3637 919 3707 ἴση.
968 3635 1131 3689 Ἀλλὰ
1165 3635 1255 3687 καὶ
1283 3634 1485 3697 ἄνισος,
1536 3634 1629 3685 καὶ
1658 3632 1827 3685 ἔλλει-

223 3732 345 3800 ψις,
390 3728 492 3781 καὶ
519 3724 878 3794 πλεονασμὸς,
928 3725 1025 3777 καὶ
1082 3726 1220 3794 μόνη
1275 3722 1682 3793 ἀσχημάτιστος
1732 3722 1828 3775 καὶ

232 3826 495 3894 ἀόριστος
516 3821 616 3873 καὶ
645 3819 892 3888 ἄπειρος,
918 3818 1059 3889 ἀρχή
1102 3834 1162 3869 τε
1194 3816 1382 3887 ἀρτίου
1418 3816 1575 3885 μόνη,
1604 3815 1702 3868 καὶ
1729 3815 1829 3867 οὐκ

243 3914 453 3984 ἄρτιος,
490 3912 556 3964 οὐ
588 3913 694 3981 μὴν
720 3910 829 3963 οὐδ’
860 3910 1114 3979 ἀρτιάκις
1155 3908 1340 3978 ἀρτία,
1375 3907 1496 3959 οὐδὲ
1531 3907 1830 3977 περισσάρ-

236 4022 376 4067 τιος,
396 4002 513 4056 οὐδ’
550 4000 981 4072 ἀρτιοπέριττος.
1019 3997 1179 4050 Ἀλλὰ
1208 3997 1415 4050 τούτων
1442 3997 1542 4062 μὲν
1570 3997 1639 4049 τὰ
1663 3995 1831 4048 πλείω

231 4096 409 4164 ἐγγύς
464 4096 583 4145 ἐστι
643 4095 709 4162 τῇ
762 4091 949 4153 δυάδος
1003 4090 1205 4161 φυσικῇ
1268 4089 1535 4158 ἰδιότητιο
1577 4087 1699 4141 άδὲ
1732 4089 1833 4157 τῆς

224 4186 554 4259 τερατείας,
580 4183 732 4253 πηγή
769 4184 884 4234 ἐστι
903 4180 1083 4250 πάσης
1112 4179 1449 4250 συμφωνίας,
1477 4178 1575 4231 καὶ
1596 4178 1833 4231 Μουσῶν

229 4285 265 4351 ἡ
345 4277 590 4350 Ἐρατὼ,
654 4277 748 4328 καὶ⁵
814 4274 1050 4344 ἁρμονία
1101 4274 1171 4337 εί,
1213 4272 1309 4325 καὶ
1353 4269 1693 4341 τλημοσύνη,
1739 4272 1835 4323 καὶ

232 4375 392 4445 ῥίζα,
432 4372 494 4424 οὐ
533 4369 654 4423 κατ’
671 4369 953 4439 ὲνὲργειάν
979 4383 1087 4431 πω,
1121 4366 1213 4419 καὶ
1260 4364 1511 4433 δύναμις,
1549 4363 1645 4416 καὶ
1675 4362 1837 4426 πόδες

231 4463 625 4519 πολυπιδάκου
650 4460 697 4492 ⁴²
729 4460 895 4528 Ἴδης,
927 4457 1021 4511 καὶ
1040 4456 1303 4528 κορυφαὶ,
1339 4456 1433 4508 καὶ
1453 4453 1653 4525 Φάνης.
1674 4453 1837 4507 Ἀλλὰ

1983 1514 2055 1568 De
2082 1515 2292 1567 unitate
2322 1529 2452 1583 ergo
2473 1516 2693 1583 (prteter
2725 1515 2827 1567 alia
2860 1515 3113 1583 ﬁgmenta
3160 1531 3267 1569 non
3294 1532 3487 1586 pauca,

1908 1622 2029 1673 qua:
2070 1605 2230 1659 rebus
2261 1607 2325 1659 de
2370 1620 2433 1658 ea
2486 1605 2645 1669 veris,
2676 1606 3129 1673 naturalibusque
3180 1608 3487 1675 proprieta-

1913 1700 2054 1750 tibus
2097 1698 2150 1750 in
2189 1713 2307 1750 eam
2356 1698 2756 1767 quadrantibus
2799 1699 3083 1765 admiscet)
3131 1700 3297 1752 etiam
3357 1699 3488 1753 illud

1911 1792 2075 1844 relert
2110 1808 2124 1843 :
2159 1790 2391 1844 Mentem
2447 1792 2584 1844 hanc
2636 1806 2775 1854 esse,
2820 1791 3014 1844 deinde
3063 1799 3118 1845 et
3149 1791 3267 1845 viro
3329 1790 3488 1845 ferm-

1909 1897 2031 1933 nam
2085 1881 2221 1951 (78),
2275 1897 2339 1935 ac
2388 1881 2578 1947 Deum,
2624 1894 2678 1937 et
2730 1885 3012 1936 materiam
3066 1884 3488 1952 quodammodo.

1910 1972 2167 2027 Eamdem
2220 1990 2307 2029 res
2345 1990 2534 2028 omnes
2581 1989 2767 2028 revera
2823 1975 3073 2036 miscere,
3126 1986 3181 2028 et
3231 1975 3491 2042 deinceps

1910 2064 2154 2116 omnium
2206 2065 2562 2132 receptricem
2612 2080 2732 2117 esse
2786 2073 2949 2131 atque
2990 2078 3270 2133 capacem,
3303 2065 3487 2128 chaos,

1912 2153 2329 2221 confusionem,
2394 2157 2951 2223 contemperationem
2977 2196 2994 2221 ,
3053 2157 3448 2210 obscuritatem
3475 2196 3492 2219 ,

1914 2248 2185 2310 tenebras,
2222 2249 2447 2311 biatmn,
2504 2246 2796 2302 Tartarum
2862 2248 3083 2318 insuper
3144 2250 3323 2314 hanc,
3382 2248 3493 2301 into

1914 2340 2077 2408 Styga
2126 2354 2245 2393 esse
2299 2350 2588 2409 nngantur,
2629 2350 2683 2394 et
2736 2341 3046 2400 horrorem.
3084 2349 3252 2406 atque
3289 2341 3492 2407 imper-

1916 2434 2226 2484 nnstionem
2280 2450 2293 2485 :
2354 2430 2669 2484 barathrum
2736 2445 2953 2498 quoque
3032 2432 3489 2490 subterraneum,

1913 2521 2142 2583 Lethen,
2176 2522 2401 2591 rigidam
2458 2522 2719 2591 virginem
2760 2521 2892 2593 (79),
2932 2532 2987 2576 et
3041 2522 3335 2575 Atlantem.
3362 2521 3494 2573 Axis

1918 2624 2180 2680 praeterea
2207 2614 2340 2681 ipsis
2368 2624 2474 2678 est,
2500 2624 2555 2666 et
2587 2613 2700 2678 Sol,
2726 2621 2780 2666 et
2807 2612 3077 2683 Pyralios,
3104 2611 3331 2678 Morpho
3354 2610 3493 2681 (80),

1914 2704 2063 2759 Jovis
2103 2722 2224 2771 arx,
2269 2721 2334 2759 ac
2374 2704 2652 2759 seminalis
2713 2705 2877 2759 ratio.
2910 2703 3105 2772 Apollo
3158 2706 3225 2756 ad
3275 2704 3392 2755 haec
3441 2712 3497 2754 et

1919 2798 2206 2867 propheta,
2235 2810 2289 2851 et
2315 2796 2593 2851 fatidicus.
2624 2795 2915 2849 Nominum
2953 2811 3082 2848 vero
3108 2796 3300 2848 horum
3333 2793 3495 2855 ratio,

1920 2892 2115 2959 partim
2143 2908 2171 2943 a
2199 2901 2379 2944 mente
2400 2899 2484 2944 est
2512 2889 2773 2949 instabili,
2798 2903 2862 2941 ac
2884 2887 3283 2955 superstitiosa,
3304 2885 3500 2952 partim

1921 2994 1987 3033 ne
2013 2996 2042 3031 a
2075 2978 2267 3048 puerili
2296 2979 2512 3046 quidem
2542 2976 2771 3030 recessit
2797 2974 3209 3044 imaginatione.
3233 2972 3500 3028 Czeterum

1922 3073 2105 3127 unitas
2142 3074 2244 3126 hoc
2287 3082 2444 3141 pacto
2473 3086 2501 3122 a
2540 3069 2894 3133 Nicomacho,
2927 3068 3152 3137 ejusque
3203 3076 3503 3135 praecepto-

1846 3181 1889 3239 C
1924 3164 2074 3219 ribus
2116 3164 2277 3217 simul
2330 3164 2383 3216 in
2423 3163 2554 3216 deos
2594 3158 2849 3224 refertur,
2899 3169 2955 3213 et
3003 3158 3333 3214 contumelia
3382 3156 3500 3209 alli—

1924 3254 2088 3311 citur.

1997 3348 2140 3418 Dyas
2168 3346 2383 3409 deinde,
2430 3361 2525 3398 seu
2555 3345 2800 3399 binarins
2826 3384 2842 3407 ,
2876 3343 3104 3397 audacia
3140 3342 3272 3410 ipsis
3312 3350 3397 3395 est
3443 3355 3507 3393 ac

1927 3442 2177 3505 materia,
2214 3438 2675 3506 dissimilimnque
2710 3452 2896 3502 causa,
2948 3448 3005 3489 et
3053 3437 3316 3488 unitatem
3366 3434 3510 3485 inter

1927 3548 1991 3585 ac
2054 3532 2461 3585 multitudinem
2530 3530 2909 3584 interstitium.
2973 3526 3051 3579 Ex
3116 3524 3510 3592 compositione

1928 3634 2093 3692 atque
2139 3624 2493 3691 permistione
2542 3621 2692 3676 solus
2743 3620 2832 3674 hic
2880 3618 3243 3687 aequalitatem
3296 3614 3505 3668 eﬂicit:

1929 3732 2101 3786 quare
2134 3717 2298 3770 etiam
2332 3714 2558 3784 aequalis
2585 3724 2690 3777 est,
2725 3715 2816 3767 sed
2861 3722 2915 3766 et
2956 3709 3242 3779 inrequalis
3276 3718 3379 3770 est,
3420 3709 3513 3761 de-

1931 3812 2211 3878 rectusque
2259 3817 2315 3861 et
2352 3806 2542 3878 lhab
2588 3804 2919 3861 abundantia
2950 3821 2963 3857 :
3003 3803 3148 3858 solus
3176 3802 3305 3853 item
3336 3797 3513 3852 infor-

1933 3902 2061 3965 mis,
2086 3912 2141 3953 et
2168 3899 2501 3962 indelinitus,
2525 3908 2830 3963 carensque
2865 3892 3121 3947 termino.
3161 3888 3322 3941 Solus
3354 3887 3517 3956 pari-

1935 3994 2062 4047 tatis
2110 3990 2482 4059 principium:
2531 4002 2633 4040 nec
2676 3995 2855 4039 tamen
2912 3998 3031 4051 par,
3072 3995 3251 4048 neque
3296 3993 3513 4032 rursum

1934 4086 2143 4156 pariter
2192 4098 2310 4150 par,
2362 4096 2537 4149 neque
2588 4079 2872 4147 impariter
2925 4090 3045 4145 par,
3099 4087 3278 4141 neque
3314 4069 3518 4139 pariter

1937 4178 2130 4244 impar.
2168 4172 2371 4227 Verum
2410 4174 2605 4225 horum
2640 4170 2874 4238 plurima
2902 4164 3081 4219 allinia
3116 4174 3244 4217 sunt
3286 4158 3518 4214 naturali

1937 4270 2135 4324 hinarii
2177 4266 2349 4335 ipsius
2379 4262 2729 4334 proprietati.
2775 4260 2909 4325 Qua!
2943 4272 3072 4311 vero
3107 4255 3172 4309 ad
3211 4253 3518 4324 prodigiosa

1939 4368 2243 4415 counnenta
2270 4359 2565 4426 pertinent,
2598 4355 2713 4407 haec
2739 4351 2858 4406 fere
2884 4360 3032 4404 sunt.
3055 4347 3201 4401 Fons
3227 4356 3314 4399 est
3341 4343 3520 4397 omnis

1942 4460 2262 4510 concentus,
2314 4459 2370 4501 et
2424 4446 2566 4499 inter
2616 4443 2797 4498 Musas
2830 4442 3021 4504 Erato,
3078 4439 3321 4505 itemque
3379 4432 3520 4486 Har-

235 4559 342 4609 καὶ
380 4557 498 4607 ἴσον
528 4554 626 4605 Δία
651 4552 696 4584 ⁸⁸
717 4552 814 4621 τὴν
869 4549 1037 4603 δυάδα
1064 4551 1097 4618 ή
1141 4547 1521 4618 μυθοπλαστία
1564 4545 1818 4615 θεολογεί1

1944 4542 2145 4597 monia.
2180 4538 2491 4593 Tolerantia
2527 4538 2734 4601 adhaac,
2763 4535 3026 4620 radirtque
3048 4572 3065 4596 ,
3127 4531 3227 4583 etsi
3264 4543 3368 4579 non
3398 4534 3521 4578 actu

236 4648 342 4701 καὶ
370 4647 532 4716 δίκην
560 4646 625 4709 ⁸⁸,
681 4644 776 4696 καὶ
794 4638 956 4705 Ἶσιν,
1002 4641 1096 4692 καὶ
1156 4638 1340 4707 φύσιν,
1390 4638 1484 4691 καὶ
1516 4637 1711 4699 ”Ρέαν,
1739 4638 1837 4690 καὶ

237 4740 576 4808 διομάτερα,
607 4735 703 4789 καὶ
749 4734 931 4804 πηγὴν
956 4733 1221 4801 διανομῆς
1248 4744 1262 4759 ’
1294 4730 1410 4783 ἔστι
1457 4730 1503 4783 δ’
1539 4730 1725 4793 αὐτοῖς
1760 4730 1837 4794 ὡς

252 4830 391 4883 Ῥέα
416 4829 511 4881 καὶ
538 4824 745 4897 Φρυγία
777 4825 872 4877 κοιλ¹
913 4822 1081 4877 Λυδία
1108 4823 1203 4874 καὶ
1228 4821 1561 4891 Δινδυμήνη,
1598 4822 1695 4876 καὶ
1735 4823 1838 4892 Δή-

247 4937 447 4991 μήτρα
471 4918 568 4972 καὶ
609 4915 934 4979 Ἐλευσινία,
989 4915 1085 4968 καὶ
1135 4914 1421 4984 Ἀρτεμις,
1467 4914 1562 4966 καὶ
1596 4914 1836 4986 Ἵμερος,

246 5015 351 5065 καὶ
378 5009 668 5073 Δίκτυννα,
697 5007 792 5061 καὶ
832 5005 1036 5074 Ἀερία,
1075 5004 1171 5058 καὶ
1212 5001 1486 5075 Ἀστερία,
1540 5004 1637 5058 καὶ
1679 5006 1841 5061 Δίσα-

1940 4632 2356 4705 quodammodo,
2409 4640 2649 4700 potestas
2699 4617 2983 4698 praeterea,
3039 4633 3095 4675 et
3144 4619 3310 4690 pedes
3356 4617 3525 4671 fonti-

1942 4731 2045 4784 bus
2064 4728 2177 4800 (Sl)
2195 4724 2523 4780 abundantis
2548 4723 2673 4787 Idae,
2698 4736 2764 4773 ac
2793 4719 3046 4777 vertices,
3074 4723 3131 4769 et
3154 4714 3369 4767 Phanes
3386 4710 3525 4779 (82).

1943 4808 2082 4888 Quin
2131 4830 2186 4873 et
2224 4835 2254 4871 a
2288 4818 2502 4872 binario
2526 4828 2759 4883 aequum
2795 4825 2917 4865 esse
2966 4808 3180 4868 levem,
3218 4804 3524 4859 fabularum

1944 4917 2059 4969 haec
2122 4910 2303 4980 ﬁglina
2351 4908 2649 4976 theologice
2675 4905 2913 4973 disputat
2946 4919 2961 4955 :
2998 4899 3274 4955 Justitiam
3302 4896 3505 4966 (83)ad

1951 5011 2064 5062 hac
2096 5021 2215 5060 esse
2264 5002 2465 5072 Dyada,
2499 5008 2553 5053 et
2596 4997 2728 5062 Isin,
2773 4994 3055 5057 Naturam,
3100 5005 3166 5044 ac
3201 4987 3435 5049 Rheam,
3473 4990 3527 5035 et

1540 5122 1774 5180 VARIAE
1814 5124 2221 5184 LECTIONES.

333 5250 377 5281 ³³
400 5246 535 5318 τοῖς]
577 5246 705 5318 περὶ
733 5249 845 5309 τοῖς

260 5320 310 5350 ⁸³
350 5320 454 5371 Δία
480 5313 569 5371 διὰ
604 5313 702 5389 τήν
728 5335 789 5381 ς.
864 5317 911 5347 ⁸⁵
939 5315 1060 5385 ἴσην
1110 5330 1194 5383 pr.
1233 5313 1302 5365 A.

1040 5245 1087 5277 ⁶⁰
1116 5237 1398 5317 “Fosi-053‘
1438 5257 1499 5301 ς·-
1580 5240 1624 5271 ⁸⁸
1661 5241 1920 5315 ἁρμονία]
1952 5241 2189 5315 ἁρμονία
2205 5240 2351 5309 ωδυη
2382 5232 2493 5289 οἷον
2526 5230 2773 5317 ὑπομονὴ
2803 5233 2864 5281 A.

2981 5225 3023 5254 "
3052 5217 3421 5274 πολυπίδακος
3461 5230 3524 5276 ς.

1806 5374 2041 5431 NOTAE.

338 5480 456 5545 (78)
502 5476 913 5545 Ἀρσενόοηλυς.
951 5474 1104 5541 Quod
1169 5473 1237 5527 de
1293 5462 1841 5546 MinervpuOrphens

264 5534 727 5624 qnoqn‘ieihvtnno
781 5534 1348 5624 ὲεεῖιιξῖ¹¹ΛρσηνΛμὲν
1378 5535 1668 5624 magis;
1716 5534 1838 5624 Ego.

337 5605 743 5693 (79)_}.‘.€tcppdw
774 5605 1177 5693 παρθένον.’1ι;ἰ
1214 5605 1443 5676 Seneca,
1473 5605 1681 5669 Medea,
1715 5605 1841 5658 Dia-

267 5686 395 5751 nam
436 5686 571 5744 dixit
602 5686 841 5753 (raperem
869 5686 1144 5754 virginem.

346 5762 465 5829 (80)
498 5751 722 5829 Veneris
767 5758 818 5810 id
866 5751 1005 5829 apud
1051 5751 1486 5829 Lacedaemonios
1512 5760 1840 5818 cognomen-

268 5824 411 5897 tum,
435 5824 500 5887 de
534 5846 639 5900 qua
665 5828 898 5882 l’ausan.
936 5824 1183 5882 Laconia,

2025 5466 2138 5535 (Si)
2167 5463 2401 5517 Homero
2434 5474 2651 5535 quoque
2691 5450 3332 5535 nota-@auniaagnflﬁ;
3383 5518 3394 5535 ε

2017 5516 2135 5608 (Ἠέί
2162 5516 2253 5608 Sol
2276 5516 2374 5608 ihi_c
2398 5516 2744 5608 quihusdam;
2753 5527 2886 5608 aliis
2918 5516 3524 5608 Amor..Videistt‘i‘dani

1951 5593 2033 5661 et‘
2062 5593 2283 5677 GZvrald.
2309 5593 2430 5677 _De_'
2460 5601 2644 5677 Pitane
2702 5596 2939 5651 Thebteo
2993 5593 3225 5663 quodam
3283 5593 3530 5642 meminit

1950 5671 2183 5733 Pausan.
2213 5676 2264 5727 in
2296 5671 2625 5728 Carintlu'ac.

2023 5748 2137 5819 (8'5)
2178 5745 2313 5817 Δίκη
2344 5746 2412 5799 de
2432 5758 2537 5814 qua
2566 5737 2880 5811 tnythologi.
