4022 6444
588 385 693 449 595

1745 387 2010 449 ΡΗΟΤΙΙ
2046 389 2163 448 ΡᾹἾ

2266 384 2549 447 rancus:
2590 384 2695 446 CP.
3690 407 3776 471 596

586 499 735 549 Jovis
758 506 1007 561 matrem,
1040 496 1350 567 fontemque
1376 498 1792 553 distributionis.
1816 500 1912 555 Est
1938 501 2155 567 insuper

2266 517 2358 569 μσς
2386 501 2479 552 καὶ
2526 496 2717 559 Ἐστὼ,
2767 497 2859 549 καὶ
2908 496 3015 566 μὴν
3061 497 3152 549 καὶ
3193 498 3464 570 ’Λφροδίτη
3496 506 3583 559 καὶ
3612 512 3777 587 Διώνη,

586 588 717 654 ipsis
745 598 994 654 tanquam
1026 587 1174 640 lthea
1204 596 1313 641 tam
1338 587 1596 659 Phrygia,
1619 604 1781 657 quam
1809 588 1975 659 Lydia
1997 598 2158 657 atque

587 677 921 748 Dindymene
968 678 1103 746 (84).
1137 679 1386 733 Demetra
1434 680 1546 750 (85)
1582 695 1796 750 quoque
1843 689 1895 735 et
1947 680 2159 733 Eleusi-

588 772 699 834 nia,
720 769 911 833 Diana,
938 770 1244 838 Appetitus,
1267 770 1527 840 Dictynna
1552 771 1690 841 (86),
1714 774 1898 835 Aeria,
1918 772 2155 837 Asteria,-

591 862 862 925 Disamus,
912 871 964 915 et
1011 863 1169 916 Vesta
1208 863 1342 931 (87).
1375 864 1517 929 Quin
1572 866 1737 918 etiam
1772 862 1974 929 Venus,
2032 865 2154 917 Dio-

2262 594 2355 645 xa‘t
2377 591 2598 659 Μυχαία
2621 590 2716 643 καὶ
2742 589 3031 659 Κυθέρεια,
3076 591 3171 641 καὶ
3191 589 3375 657 ἄγνοια
3404 595 3489 646 καὶ
3519 598 3776 673 ἀγνωττία,

2262 682 2357 734 καὶ
2379 680 2570 749 ψεῦδος
2605 681 2700 732 καὶ
2752 679 3070 748 ἀδιοριστία,
3106 679 3199 731 καὶ
3239 680 3481 752 ἑτερότης
3501 689 3585 738 καὶ
3614 695 3782 759 νεῖκος,

2266 773 2363 824 καὶ
2416 770 2749 840 διχοστασία,
2802 768 2899 820 καὶ
2957 768 3120 838 μόρος
3182 768 3278 821 καὶ
3326 770 3558 836 θάνατος.
3587 778 3785 836 Τοιαῦτα

2269 863 2366 931 μὲν
2393 861 2574 922 αὐτοῖς
2605 862 2700 913 καὶ
2724 862 2757 929 ἠ
2782 860 2911 923 δυὰς
2937 858 3288 925 Θεολογεῖται.

586 967 655 1009 ne
695 950 832 1018 (88),
862 950 1080 1003 Michaea
1127 950 1262 1021 (89),
1299 952 1607 1020 Cythereia.
1665 952 1973 1023 Ignorantia
2036 954 2161 1005 item
2192 958 2353 1017 atque
2377 951 2757 1017 imprudentia,
2786 948 3005 1011 falsum,
3059 952 3340 1016 permistio
3388 953 3516 1024 (90).
3562 958 3789 1031 simultas,

586 1045 901 1105 contentio,
962 1042 1242 1095 dissidium
1269 1083 1285 1108 ,
1324 1043 1490 1096 fatum
1536 1045 1765 1113 denique
1806 1053 1860 1097 et
1900 1060 2066 1097 mors.
2104 1041 2195 1095 Sic
2233 1042 2342 1095 lere
2393 1041 2460 1094 de
2496 1042 2704 1095 binario
2732 1040 2799 1093 ab
2831 1042 2959 1110 ipsis
3013 1052 3097 1094 est
3144 1042 3432 1112 theologice
3487 1048 3790 1116 disputatum.

657 1135 952 1190 Ternarius
991 1152 1120 1191 vero
1160 1139 1364 1206 primus
1394 1138 1639 1193 omnium
1675 1150 1797 1194 actu
1843 1142 2016 1207 impar
2050 1149 2156 1200 est,

592 1229 907 1298 primusque
940 1229 1209 1297 perlectus
1236 1246 1512 1295 numerus,
1544 1241 1600 1285 et
1631 1232 1917 1295 medietas,
1946 1247 2009 1284 ac
2031 1246 2156 1298 pro-

585 1321 803 1386 portio:
846 1321 935 1389 qui
966 1321 1186 1375 unitatis
1221 1322 1325 1374 vim
1362 1322 1414 1373 in
1446 1333 1627 1376 aetum
1683 1332 1846 1390 atque
1906 1335 2167 1388 exporre-

587 1412 819 1465 ctionem
852 1413 1143 1479 procedere
1170 1409 1317 1467 facit.
1353 1411 1494 1467 Idem
1518 1414 1689 1481 prima
1718 1424 1801 1467 est
1826 1414 2089 1477 omnium,
2114 1420 2169 1465 et

587 1502 802 1569 quidem
834 1501 1045 1569 propria
1072 1502 1334 1555 unitatum
1361 1503 1776 1569 coagmentatio.
1829 1501 1967 1556 llinc
2008 1517 2169 1569 porro

589 1594 655 1645 ad
691 1594 1079 1664 physiologiam
1127 1609 1410 1648 numerum
1477 1596 1618 1649 hunc
1660 1596 1963 1648 traducunt.
1996 1593 2171 1647 Causa

590 1689 734 1741 enim
795 1698 881 1742 est
933 1689 1011 1742 rei
1069 1688 1351 1757 tripliciter
1380 1688 1717 1756 separabilis,
1749 1698 1804 1743 et
1852 1687 2170 1741 inﬁnitatem

2348 1137 2411 1188 ἸΙ
2436 1136 2491 1188 δὲ
2520 1136 2677 1206 τριὰς
2708 1136 2823 1188 ἐστι
2854 1137 2952 1204 μὲν
2984 1136 3220 1207 πρῶτος,
3262 1140 3515 1208 περισσὸς
3540 1146 3649 1195 κατ’
3674 1148 3797 1218 ὲνέρ-

2267 1244 2442 1293 γειαν,
2462 1229 2556 1280 καὶ
2581 1229 2782 1289 τέλειος
2801 1230 3015 1299 πρῶτος
3031 1228 3126 1283 καὶ
3159 1230 3412 1299 μεσότης,
3436 1234 3528 1285 καὶ
3544 1236 3793 1306 ἀναλογία·

2265 1320 2366 1388 τήν
2406 1336 2464 1371 τε
2494 1322 2592 1388 τῆς
2626 1319 2850 1389 μονάδος
2877 1320 3106 1390 δύναμιν
3158 1322 3236 1384 είς
3262 1322 3533 1390 ἐνέργειαν
3559 1329 3647 1380 καὶ
3664 1331 3799 1384 ὲπέκο

2266 1426 2423 1463 τασιν
2461 1415 2765 1481 προχωρεῖν
2808 1414 2971 1467 ποιεῖ.
3026 1410 3190 1465 Ἀλλὰ
3236 1412 3329 1465 καὶ
3371 1416 3671 1487 πρωτίστη,
3722 1424 3799 1475 καὶ

2276 1503 2481 1574 κυρίως
2552 1503 2795 1573 μονάδων
2860 1504 3134 1575 σύστημα.
3187 1502 3333 1561 Εἶτα.
3371 1506 3552 1560 λοιπὸν
3591 1509 3799 1569 ἐντεῦθεν

2275 1593 2459 1655 αὐτοῖς
2506 1594 2643 1662 πρὸς
2696 1594 2757 1644 τὸ
2803 1592 3182 1661 φυσιολογικὸν
3232 1596 3443 1664 αἴρεται
3494 1597 3523 1648 ὁ
3571 1599 3796 1669 ἀριθμὸςο

2272 1684 2421 1737 αίτία
2451 1700 2509 1734 τε
2548 1683 2656 1751 γὰρ
2685 1683 2780 1735 τοῦ
2810 1683 2971 1753 τριχῆ
3014 1684 3321 1748 διαστατοῦ,
3363 1688 3456 1739 καὶ
3495 1695 3799 1763 περατωτικὴ

590 1793 939 1833 numerorum
988 1777 1252 1832 definiens
1291 1796 1303 1830 :
1334 1778 1511 1831 simile
1551 1791 1801 1846 quoque,
1832 1786 1888 1829 et
1926 1776 2089 1839 idem,
2119 1784 2163 1828 et

2272 1774 2373 1842 τῆς
2401 1774 2654 1844 ἀπειρίας
2675 1774 2774 1842 τῆς
2792 1776 2849 1825 ὲν
2880 1774 3117 1846 ἀριθμῷ,
3143 1776 3237 1829 καὶ
3265 1778 3471 1847 ὅμοιον,
3504 1782 3596 1832 καὶ
3621 1784 3795 1850 ταύτὸν,

589 1871 826 1938 ejusdem
902 1870 1305 1939 proportionis,
1364 1884 1428 1922 ac
1489 1869 1926 1923 determinatam.
1973 1864 2173 1920 Verum

2274 1867 2368 1919 καὶ
2413 1866 2696 1935 ὁμόλογον,
2754 1867 2847 1917 καὶ
2895 1865 3219 1936 ὡρισμένον.
3278 1867 3419 1921 Ἀλλ’
3468 1869 3615 1925 οὓπω
3667 1874 3794 1929 ταῦτα

590 1964 705 2016 hace
730 1961 967 2016 nondum
996 1961 1127 2014 adeo
1152 1960 1368 2025 stolida,
1388 1961 1585 2028 quibus
1616 1960 1807 2014 istlttec
1832 1973 2163 2027 nequaquam

2274 1956 2531 2026 φορτικά.
2580 1954 2662 2008 Τὰ
2681 1955 2726 2008 δ’
2767 1956 2865 2024 οὐχ
2917 1956 3092 2024 ὃμοια.
3161 1957 3271 2009 Καὶ
3323 1957 3447 2021 νοῦς
3476 1977 3559 2022 τις
3602 1964 3796 2033 ἠτριξιςν

588 2052 809 2109 similia.
852 2051 1001 2106 Mens
1044 2054 1288 2119 quaedam
1334 2052 1606 2105 ternarius
1644 2061 1769 2113 est,
1804 2062 1859 2105 et
1888 2052 2168 2119 sapientia:

588 2152 751 2211 atque
802 2144 1168 2212 intelligentia:
1200 2158 1361 2196 causa
1391 2162 1403 2196 :
1434 2143 1671 2211 cognitio
1724 2143 1791 2196 ad
1860 2144 1995 2208 haec,
2045 2158 2168 2213 qua:

588 2234 800 2289 numeri
839 2244 921 2289 est
965 2250 1089 2303 pars
1120 2236 1356 2288 maxime
1399 2235 1643 2303 propria,
1689 2236 1910 2289 musica:
1951 2250 2165 2304 quoque

589 2328 857 2382 universa:
891 2335 1148 2396 potestas,
1182 2343 1245 2380 ac
1284 2328 1605 2397 compositio
1640 2347 1652 2383 :
1691 2338 1745 2381 et
1776 2343 1905 2382 vero
1949 2342 2165 2395 geome-

590 2421 709 2475 triae
742 2421 826 2476 vel
857 2421 1114 2497 maxime.
1147 2420 1286 2486 Quin
1336 2421 1499 2474 etiam
1533 2421 1619 2475 hic
1661 2436 1841 2475 rerum
1878 2421 1943 2475 ad
1988 2430 2161 2475 astro-

588 2512 848 2577 nomiam,
878 2513 991 2567 sive
1030 2513 1096 2566 ad
1144 2512 1445 2567 caelestium
1480 2522 1731 2567 naturam
1765 2530 1830 2568 ac
1878 2515 2161 2568 scientiam

587 2604 976 2673 pertinentium
1001 2592 1106 2657 vim
1133 2618 1347 2657 omnem
1373 2604 1538 2657 habet
1566 2620 1630 2659 ac
1650 2606 1910 2669 continet,
1935 2622 2163 2675 eamque

591 2696 660 2751 ad
686 2697 1003 2749 substantia:
1038 2694 1447 2763 productionem
1478 2696 1726 2764 impellit.
1756 2697 1997 2751 Virtutes
2027 2714 2167 2767 quo-7

588 2803 697 2857 que
727 2802 918 2841 omnes
948 2786 1016 2841 ab
1056 2787 1157 2841 hoc
1188 2802 1415 2842 numero
1450 2790 1779 2859 dependent,
1810 2800 1971 2860 atque
2004 2793 2071 2844 ab
2098 2807 2162 2845 eo

589 2881 1027 2947 proﬁciscuntur.
1074 2878 1336 2947 Deinceps
1368 2894 1487 2948 quae
1535 2881 1603 2934 ad
1662 2881 1873 2936 fabulas
1916 2892 2163 2953 spectant

590 2970 779 3026 refert.
839 2969 977 3024 iliuc
1030 2972 1162 3024 trias
1217 2972 1349 3039 ipsis
1396 2958 1651 3026 Saturnia
1700 2983 1804 3038 est,
1833 2984 1887 3029 et
1931 2975 2159 3039 Latona,

589 3062 907 3116 Amaltheia:
932 3077 1122 3115 cornu.
1169 3058 1434 3132 Ophionia
1461 3064 1574 3134 (9|)
1609 3065 1733 3118 item
1760 3081 1877 3118 eam
1907 3081 2025 3118 esse
2061 3083 2159 3117 nu—

586 3165 787 3223 gantur
818 3170 883 3209 ac
927 3154 1142 3219 Thetin,
1176 3164 1230 3209 et
1261 3154 1582 3211 Harmonia.
1635 3155 1870 3209 Hecaten
1920 3172 2157 3224 quoilue,

2270 2052 2363 2104 καὶ
2400 2049 2684 2112 εὐϐουλίας
2710 2050 2803 2102 καὶ
2825 2050 3089 2113 συνέσεως
3117 2052 3285 2113 αἰτία,
3320 2053 3414 2105 καὶ
3464 2054 3677 2120 γνῶσις,
3714 2058 3803 2125 ἀρι-

2269 2142 2407 2212 θμοῦ
2434 2143 2497 2194 τὸ
2528 2141 2888 2211 κυριώτατον,
2926 2144 3190 2212 μουσικῆς
3222 2160 3280 2194 τε
3316 2144 3498 2214 πάσης
3529 2146 3683 2213 κυρία
3733 2151 3804 2200 καὶ

2268 2235 2545 2297 σύστασις,
2572 2236 2667 2287 καί
2701 2250 2763 2302 γε
2798 2237 2893 2287 καὶ
2946 2237 3289 2305 γεωμετρίας
3330 2237 3413 2289 ὅτι
3451 2238 3694 2305 μάλιστα.
3721 2241 3808 2292 Καὶ

2268 2326 2375 2395 μὴν
2404 2326 2497 2378 καὶ
2527 2326 2635 2378 τῶν
2664 2325 2805 2379 κατὰ
2838 2326 3201 2395 ἀστρονομίαν
3220 2328 3317 2379 καὶ
3351 2327 3630 2396 οὐρανίων
3675 2328 3806 2397 φύσιν

2264 2434 2322 2469 τε
2355 2418 2447 2470 καὶ
2470 2418 2670 2484 γνῶσιν
2716 2417 2852 2487 αὕτη
2885 2417 2946 2469 τὸ
2974 2419 3175 2488 κράτος
3211 2417 3327 2486 ἔχει
3377 2418 3473 2470 καὶ
3506 2418 3707 2487 συνέχει
3736 2420 3810 2471 καὶ

2264 2512 2343 2571 είς
2373 2508 2628 2561 οὑσίωσιν
2660 2509 2803 2575 ἄγει.
2848 2509 2956 2562 Καὶ
2990 2510 3022 2577 ἠ
3067 2509 3238 2577 ἁρετὴ
3261 2509 3321 2561 δὲ
3347 2510 3502 2560 πᾶσα
3523 2509 3715 2577 ταύτης
3739 2510 3808 2573 ἐξ·

2261 2604 2432 2673 ἧπται
2467 2603 2560 2655 καὶ
2582 2604 2647 2654 ὲκ
2684 2601 2886 2671 ταύτης
2917 2600 3187 2671 πρόεισιν.
3226 2599 3358 2671 [259
3378 2597 3473 2669 Η.)
3506 2596 3631 2652 Εἶτα
3659 2600 3813 2652 λοιπὸν

2262 2696 2331 2749 τὰ
2357 2693 2600 2764 μυθώδη.
2639 2692 2766 2765 [464
2793 2691 2884 2763 IL]
2912 2693 3010 2745 Διὰ
3032 2692 3208 2746 ταῦτα
3253 2693 3445 2755 αὐτοῖς
3466 2694 3499 2763 ὴ
3522 2692 3673 2762 τριὰς
3694 2694 3815 2761 Κρο⁴

2262 2788 2349 2840 νία
2374 2789 2467 2840 καὶ
2494 2786 2656 2840 Λατὼ
2685 2787 2782 2839 καὶ
2818 2785 3146 2855 Ἀμαλθείας
3176 2785 3372 2855 κέρας,
3413 2784 3631 2852 Ὀφίονά
3664 2800 3717 2835 τε
3740 2781 3816 2835 αὖε

2260 2877 2357 2947 τὴν
2371 2874 2780 2944 τερατολογοῦσι
2806 2875 2899 2928 καὶ
2927 2874 3083 2927 Θέτιν
3121 2875 3217 2928 κα)⁸
3254 2873 3579 2944 Ἁρμονίαν,
3608 2872 3815 2925 Ἑκάταν

2260 2986 2320 3020 τε
2355 2970 2449 3022 καὶ
2484 2968 2716 3039 Ἐράναν
2738 2968 2832 3020 καὶ
2862 2966 3127 3036 Χαριτίαν
3147 2966 3241 3020 καὶ
3260 2965 3504 3020 Μουσῶν
3526 2964 3815 3034 Πολύμνιαν,

2274 3059 2451 3113 ’Δῖδαν
2480 3078 2538 3112 τε
2566 3059 2657 3113 καὶ
2686 3059 3396 3129 Λοξίαν,Ἀρκτον,⁶¹Ελικα,
3427 3058 3524 3111 καὶ
3552 3059 3668 3109 ποτὶ
3690 3055 3822 3126 βυθὸν

2260 3150 2321 3202 οὐ
2348 3151 2633 3219 δυομέναν,
2659 3151 3033 3220 Δαματράμην
3058 3167 3117 3203 τε
3140 3152 3231 3203 καὶ
3253 3150 3600 3219 Διοσκορίαν,
3625 3150 3711 3201 καὶ
3726 3147 3821 3213 Μῆ-

590 3257 647 3301 et
688 3247 919 3300 Eranam
977 3247 1090 3316 (92)
1140 3256 1197 3301 et
1235 3247 1528 3300 Cbaritiam
1556 3287 1571 3312 ,
1607 3256 1770 3315 atque
1813 3263 1844 3302 e
1885 3247 2155 3301 Musarum

2266 3259 2365 3304 τιν,
2394 3243 2485 3293 καὶ
2506 3241 2804 3312 Τριδύμην,
2836 3240 3106 3311 Τρίτωνα,
3152 3240 3564 3309 Ταλασσοῦχον,
3598 3236 3822 3307 Τριτογέ-

585 3337 755 3391 choro
784 3336 1136 3406 Polymniant,
1172 3334 1562 3402 Plutonemque
1594 3346 1647 3389 et
1684 3335 1928 3399 Loxiam,
1964 3332 2155 3388 Ursam

2266 3349 2434 3395 νειαν,
2453 3330 2735 3401 Ἀχελῷον,
2754 3332 2937 3384 νάστιν
2964 3332 3034 3396 ⁸⁵,
3058 3333 3152 3385 καὶ
3165 3330 3507 3400 ἀγυιόπεζαν
3525 3328 3821 3399 Κουρητίδα,

589 3437 872 3497 praeterea,
900 3439 950 3480 et
999 3426 1241 3489 Helicen,
1274 3434 1438 3494 atque
1471 3440 1590 3478 eam
1631 3426 1767 3494 (95),
1798 3442 1915 3493 qua:
1944 3439 2159 3494 a-quore

587 3535 696 3575 non
734 3520 1014 3588 mergitur,
1052 3518 1455 3583 Damatramen,
1490 3517 1826 3571 Dioscoriam
1865 3516 1999 3585 (94),
2042 3515 2156 3568 Meo

586 3613 665 3663 tin
716 3608 854 3680 (95),
902 3608 1301 3677 Trigeminam,
1348 3606 1602 3674 Tritona,
1648 3606 1811 3663 Maris
1835 3608 2153 3677 praesidem,

2266 3424 2567 3494 Κραταΐδα,
2612 3423 2921 3493 Ἀρμονίαν,
2955 3424 3288 3493 Συμὸηνίαν,
3318 3425 3527 3493 Γάμον,
3547 3419 3825 3490 Γοργονίαν,

2262 3516 2517 3584 Φορκίαν,
2547 3514 2825 3585 Τρίσαμον
2848 3516 2939 3567 καὶ
2960 3515 3172 3568 Λύδιον.
3201 3515 3364 3568 Οὕτω
3381 3516 3427 3547 ⁶⁶
3444 3516 3544 3585 μὲν
3571 3514 3737 3574 αὐτοῖς
3752 3510 3827 3563 καὶ

2262 3609 2295 3677 ὴ
2319 3607 2475 3675 τριὰς
2504 3608 2597 3660 καὶ
2633 3609 2712 3669 είς
2738 3608 3026 3670 τοσούτους
3040 3608 3219 3662 αὐτῶν
3244 3608 3410 3671 θεοὺς
3432 3606 3824 3661 ἁναπλάττετιι.

588 3700 1020 3770 Tritogeneiam,
1082 3700 1408 3766 Acheloam,
1470 3699 1893 3765 llabitatricem,
1936 3699 2329 3770 Truncipedem
2361 3700 2614 3755 Curetida
2645 3700 2783 3770 (9S),
2846 3701 3108 3756 Cratzeida
3173 3702 3313 3771 (97),
3377 3700 3575 3773 luo
3631 3699 3820 3752 Ηειι-ιιιυο

587 3797 757 3858 niam,
806 3796 1175 3866 Symbeuiam,
1232 3794 1486 3861 Gamum,
1545 3794 1895 3867 Gergouiam,
1924 3793 2233 3862 Pborciam,
2280 3795 2610 3861 Trisatuum,
2644 3804 2697 3849 et
2730 3795 2957 3865 Lydium
3023 3795 3158 3865 (98).
3199 3794 3353 3850 Talis
3418 3796 3553 3865 ipsis
3596 3792 3823 3847 ternarias

585 3901 690 3955 est,-
724 3901 887 3961 atque
912 3891 965 3944 in
992 3899 1098 3945 tam
1121 3890 1320 3945 inultos
1348 3906 1537 3947 eorum
1569 3892 1699 3947 deos
1722 3892 2023 3961 retlngitur.

658 3984 1056 4050 Quaternarius
1124 3986 1249 4051 item
1310 4002 1503 4055 magno
1551 3986 1683 4056 ipsis
1732 3986 1996 4041 miraculo
2054 3996 2159 4051 est,

590 4091 762 4131 novus
794 4078 949 4139 deus,
976 4088 1030 4131 et
1058 4078 1273 4141 quidem
1324 4079 1623 4146 multiplex,
1673 4080 1756 4133 vel
1795 4080 1972 4148 potius
1997 4081 2169 4133 omni-

590 4168 746 4221 deus.
783 4164 927 4220 Fons
969 4167 1114 4219 enim
1162 4167 1296 4235 ipsis
1341 4177 1424 4222 est
1478 4168 1797 4227 naturalium
1844 4167 2159 4233 eﬂectuum,

591 4262 755 4320 atque
802 4265 1009 4309 natura:
1037 4255 1292 4324 claviger.
1324 4258 1431 4312 Sed
1461 4268 1515 4313 et
1556 4275 1709 4313 suam
1741 4261 1830 4314 hic
1855 4260 2161 4330 disciplinis

590 4345 1029 4400 constitutionem
1060 4362 1121 4402 ac
1152 4351 1585 4417 permansionem
1613 4349 1788 4416 aliert,
1821 4362 1984 4420 atque
2027 4368 2161 4407 con-
2182 4340 2205 4363 ⁶

591 4432 772 4497 ciliat;
802 4432 911 4488 imo
945 4442 1139 4487 natura
1166 4435 1279 4503 ipsa
1310 4446 1392 4491 est
1412 4447 1466 4491 et
1493 4438 1749 4492 varietas.
1775 4439 1919 4493 litem
1943 4453 2159 4507 quoque

2354 3983 2421 4036 Ἦ
2458 3980 2516 4033 δὲ
2553 3978 2749 4049 τετρὰς
2772 3977 2935 4031 πάλιν
2969 3972 3152 4041 ἆύτοῖς
3183 3977 3373 4047 Θαῠμα
3419 3978 3696 4048 μέγιστον,
3720 3973 3829 4040 ἄλλη

2264 4078 2383 4141 θεὸς
2417 4074 2699 4140 πολύθεος,
2741 4072 2941 4143 μᾶλλον
2970 4072 3025 4125 δὲ
3056 4072 3284 4133 πάνοεος
3308 4087 3325 4103 ο
3382 4071 3502 4123 ἔστι
3530 4071 3639 4139 γὰρ
3676 4067 3831 4126 αὐτοῖς

2263 4170 2374 4221 τῶν
2396 4184 2457 4219 τε
2484 4164 2729 4234 φυσικῶν
2752 4162 3205 4231 ἀποτελεσμάτων
3236 4162 3396 4230 πηγὴ
3420 4160 3519 4214 καὶ
3549 4156 3829 4225 κλειδοῦχος

2263 4259 2365 4328 τῆς
2393 4257 2627 4326 φύσεως.
2670 4254 2832 4308 Ἀλλὰ
2866 4254 2961 4307 καὶ
2996 4254 3096 4324 τῆς
3140 4255 3281 4306 κατὰ
3329 4253 3405 4305 τὰ
3435 4251 3727 4322 μαθήματα
3752 4262 3829 4296 συ·

2268 4345 2509 4409 στάσεώς
2534 4362 2594 4398 τε
2625 4347 2719 4399 καὶ
2748 4344 3007 4413 διαμονῆς
3028 4342 3166 4412 αὕτη
3200 4342 3544 4413 προαγωγὸς
3568 4340 3664 4393 καὶ
3685 4335 3829 4390 αἰτία.

2287 4436 2446 4489 Ἀλλὰ
2497 4436 2593 4489 καὶ
2641 4434 2781 4503 αὐτὴ
2839 4433 3000 4502 φύσις
3052 4434 3145 4486 καὶ
3170 4433 3327 4485 αἰόλα
3379 4433 3536 4484 ἐστὶν
3561 4426 3830 4488 αὐτοῖςκαὶ

1871 4570 2104 4626 VARIE
2142 4568 2435 4625 LECTION
2445 4568 2547 4623 ES.

664 4657 924 4726 "ydtcttv
960 4659 1004 4712 Α
1045 4675 1059 4713 :
1098 4663 1277 4713 ναέτιν
1309 4672 1367 4725 ς.
1398 4664 1714 4733 κραταινίδα
1751 4681 1812 4728 ς.
1887 4664 1931 4695 ⁸⁵
1954 4662 2153 4718 οὖτωΑ
2190 4681 2204 4717 :
2240 4665 2349 4733 ὅσῳ
2382 4678 2445 4724 ς.

2115 4778 2351 4834 NOTA‘J.‘

2115 4779 2158 4834 Ν
2212 4779 2351 4834 ΤᾹῦἐ

669 4869 779 4937 (84)
810 4869 885 4924 De
929 4862 1260 4940 Dindymene
1322 4884 1494 4929 matre
1541 4873 1776 4930 Pausan.
1809 4886 1864 4928 et
1938 4779 2235 4945 Gyrald.OD
2266 4870 2667 4945 aptnl_l’at_tsan.
2697 4870 2748 4923 in
2776 4862 3002 4945 Messen.

595 4940 875 5008 Syntagm.
917 4957 989 4994 tv.

666 5011 780 5079 (85)
812 5009 973 5081 Strida
1009 5026 1221 5081 quoque
1250 5012 1421 5081 ὄνομα
1462 5015 1612 5078 θεᾶς.

668 5080 781 5150 (86)
827 5079 1236 5155 Vitle_PauSan.
1271 5079 1597 5154 et‘Gyraltl.
1649 5084 1929 5155 Syntagm.
1966 5099 2067 5148 xtl,
2108 5093 2164 5137 et

596 5155 833 5215 reliquos
861 5150 1155 5219 mytltolog.

664 5221 776 5291 (87)
807 5220 1005 5291 ’Eaau’a3
1034 5219 1149 5273 Nisi
1182 5221 1267 5275 hic
1316 5223 1538 5277 Εὐεστὼ
1567 5225 1845 5281 legendum
1878 5225 2053 5277 malis.
2089 5224 2163 5277 De

594 5288 699 5361 qua
725 5288 1155 5361 Diogen_._Laert.
1178 5292 1228 5343 itt
1254 5291 1563 5359 Democrit.,
1596 5293 1851 5350 Clemens
1872 5294 2161 5357 Alexand.,

594 5359 633 5419 ti
665 5364 888 5423 Strom.,
920 5359 1149 5429 llesyclt.
1178 5371 1232 5413 et
1261 5362 1412 5416 Suid.

670 5431 783 5519 (88)
813 5429 1071 5493 Διωναία,
1101 5432 1272 5499 inquit
1291 5432 1465 5497 Suid.,
1488 5436 1523 5498 ὴ
1546 5434 1859 5503 Ἀφροδίτη,
1876 5434 1968 5486 καὶ
1990 5432 2164 5505 Διώνη

656 5520 816 5555 αυτη.

597 5506 629 5572 ἡ
656 5520 1043 5711 ἷέὄζὶίιαυχεία,
1063 5572 1096 5640 ἡ
1120 5570 1429 5640 ’Λφροδίτη.
1456 5573 1654 5639 Suitla),
1679 5591 1705 5627 a
1730 5575 1886 5645 μὺχῳ
1920 5575 2164 5630 forsitan.

606 5700 637 5711 ,ί
695 5644 785 5707 99)
822 5642 1147 5711 Ἀδιοριστία
1166 5685 1179 5705 ,
1206 5642 1526 5711 ἁδιὸριστον,
1558 5643 1740 5710 Suida,
1764 5645 2164 5711 ἁδιοιχώριστον1

695 5644 791 5717 θυ)Δ
822 5642 1147 5717 Ἀδιρρισῖία
1166 5685 1179 5705 ,
1206 5642 1526 5717 ᾁξιὸριστον,
1558 5642 1742 5710 δυωδ,
1764 5642 2176 5717 ἀδιαχώριστον,

602 5700 834 5779 Πέδγυιι.
862 5700 1031 5781 ⁸(ειιιέιιι
1063 5700 1287 5781 ἀναμίξ.

671 5778 783 5851 (91)
841 5778 1599 5848 Ομιιίοιιυιιε’Μρδεριιίυτιιιιι
1660 5795 1808 5841 Vates
1867 5787 2171 5842 celebratur

2336 4942 2448 5011 (92)
2488 4938 2758 5012 Erganant
2788 4940 2931 4994 forte
2981 4940 3289 5012 legendum.
3317 4932 3401 4993 De
3439 4938 3709 5012 ltaccnim
3758 4931 3838 5011 Mi-

2266 5008 2437 5065 nerva
2489 5011 2654 5063 multa
2706 5010 2940 5066 Pausan.
3004 5008 3060 5066 ei
3100 5012 3242 5065 illius
3284 5012 3456 5063 etiam
3511 5008 3602 5061 hic
3656 5008 3838 5059 mentio

2266 5100 2357 5137 δυο
2373 5124 2383 5134 .
2419 5100 2469 5137 D.

2327 5097 2541 5219 (ἒ9513Ῥ.
2579 5167 2718 5203 vers.
2757 5148 2947 5216 major,
2981 5154 3046 5205 de
3068 5166 3166 5219 qna
3198 5148 3567 5219 lloutalliad.
3602 5146 3663 5197 Σ.
3692 5137 3783 5195 Οῐα
3804 5139 3842 5191 δ’

2273 5218 2513 5291 ἔμμορός
2541 5225 2655 5274 ὲστι
2685 5220 2919 5288 λοετρῶν
2944 5218 3220 5274 ὠκεανοῖο.
3353 5218 3420 5270 ΙΙ.

2346 5289 2458 5358 (94)
2489 5292 2733 5345 Minerva
2772 5292 2945 5358 poetis
2967 5293 3165 5346 dicitur
3197 5290 3313 5350 Διὸς
3338 5289 3546 5358 κούρη.

2346 5355 2458 5432 (95)
2491 5355 3022 5432 Minervm'tnatrettt
3059 5376 3178 5432 eam
3227 5360 3354 5412 facit
3404 5355 3630 5412 lies’iod.
3667 5355 3843 5417 Theog.

2275 5432 2408 5486 Vide
2440 5428 2492 5484 et
2526 5428 2777 5498 Apollotl.
2802 5441 2855 5481 et
2884 5431 3108 5499 Gyraltl.
3144 5431 3442 5498 Syntagnt.
3478 5443 3559 5499 xt.

2355 5502 2462 5569 (96)
2518 5493 2822 5569 Et'npusam
2896 5493 3122 5554 forsitan
3193 5493 3466 5566 intelligit.
3550 5497 3745 5569 Porro_
3787 5493 3844 5541 de

2272 5564 2556 5629 Cui-tatibus
2581 5564 2970 5638 θεολογούμενα
3004 5569 3164 5622 multa
3193 5564 3415 5638 Strabo,
3444 5569 3539 5620 lib.
3577 5584 3604 5619 Χ
3635 5576 3694 5638 ιιιΔ
3714 5564 3839 5638 Pan.-

2286 5658 2404 5699 san.
2450 5642 2590 5709 Lege
2620 5635 2905 5709 etGyrald.
2934 5642 3161 5708 Syntag.
3194 5656 3272 5697 ιιι,
3304 5637 3371 5689 de
3409 5638 3629 5691 .lttuune
3657 5635 3846 5690 Cain-ti.

2345 5712 2456 5781 (97)
2489 5708 2730 5779 Κραταῒς
2762 5708 2964 5781 Scyllcs
2997 5722 3166 5762 mater
3192 5710 3497 5781 iitesyisltio.

2353 5779 2464 5850 (98)
2508 5786 2625 5846 uno
2654 5780 2867 5833 nomine
2898 5779 3165 5833 Bacchum
3192 5779 3417 5831 Nonnus
3449 5786 3632 5831 ornat.
