4022 6486
494 376 597 441 599

1651 374 1915 439 PHOTII
1957 376 2463 438 PATRIARCHE
2502 379 2607 437 CP.

3617 343 3710 449 600

494 492 743 544 senarius
774 488 1065 547 Harmonia
1098 502 1259 563 atque
1286 494 1538 550 universa
1567 506 1779 560 natura,
1805 507 1859 551 et
1888 496 2061 564 magis

2176 494 2290 565 r465
2318 493 2409 566 R.]
2441 497 2535 547 ml.
2558 494 2877 563 οὐλομέλεια
2909 492 2976 553 ⁸⁸,
3001 493 3095 545 καὶ
3126 492 3330 564 κυρίως
3363 492 3496 564 αῦτη
3515 496 3556 530 ⁵³
3589 501 3711 566 μᾶλ-

497 583 713 651 proprie
747 583 974 650 ipsumet
1018 583 1215 649 Venus,
1257 600 1378 640 cum
1423 587 1571 656 luga,
1619 595 1729 640 tum
1786 587 2061 655 nuptialis,

494 684 548 727 et
591 676 940 742 androgynea
986 676 1288 746 theologice
1336 678 1404 731 ab
1436 692 1501 732 eo
1549 677 1919 731 constituitur.
1965 677 2063 731 ,ιιι-

493 764 627 834 galis
662 765 849 818 adhaec
895 776 949 819 et
992 766 1244 820 illecebra
1287 772 1450 837 :Epax
1504 783 1739 837 quoque,
1793 769 2061 832 amicitia,

495 857 720 921 sanitas,
753 867 808 909 et
835 858 1035 911 Acmon
1073 856 1228 928 (10'),
1256 874 1320 913 ac
1343 860 1565 915 veritas.
1601 860 1816 913 Hexada
1846 862 2066 928 insuper

495 950 681 1003 volunt
719 951 771 1003 hi
804 950 1005 1005 Pareas
1037 952 1178 1005 inter
1210 952 1474 1008 Lachesin
1525 969 1667 1018 esse,
1706 955 2067 1023 principium-

496 1058 599 1110 que
627 1058 690 1096 ac
726 1044 1007 1096 dimidium
1047 1045 1233 1110 totius,
1270 1053 1323 1098 et
1363 1046 1521 1113 longe
1550 1045 1879 1114 iaculantem
1922 1047 2057 1114 (11),

496 1150 559 1189 ac
583 1135 850 1199 Triviam,
887 1135 1233 1190 Dichroniam
1262 1138 1417 1209 (ll‘),
1448 1138 1725 1194 Perseiam
1761 1141 1903 1209 (12),
1938 1140 2066 1194 Tri-

498 1230 745 1291 formem,
776 1229 1161 1294 Amphitriten,
1209 1230 1510 1284 Anchidica
1559 1231 1698 1301 (15),
1735 1243 1789 1287 et
1839 1234 1904 1287 de
1948 1232 2067 1286 Μιι-

496 1336 680 1373 sarnm
717 1336 942 1373 numero
972 1317 1275 1387 Thaleiam,
1303 1338 1367 1377 ac
1399 1320 1743 1380 Panaceiam.
1782 1325 1858 1379 lla
1896 1342 2069 1394 neque

496 1412 741 1465 senarius
782 1412 848 1464 ab
879 1412 1007 1479 ipsis
1040 1413 1344 1479 przeteritus
1375 1423 1481 1477 est,
1520 1416 1648 1484 quin
1687 1417 1842 1468 deum
1884 1416 2067 1470 deam-

495 1517 599 1569 que
623 1517 743 1556 esse
773 1504 916 1557 omni
954 1504 1131 1557 studio
1166 1505 1505 1573 probaretur.

566 1588 682 1644 Jam
729 1592 1025 1646 hebdomas
1075 1595 1224 1663 (quid
1266 1596 1473 1661 dicas?)
1523 1597 1813 1653 confestim
1860 1598 1919 1653 llt
1957 1600 2069 1667 (H)

498 1682 722 1744 σεπτὰςο
751 1682 837 1735 ubi
858 1683 902 1737 si
936 1686 1267 1739 consuetudo
1293 1684 1405 1755 (15)
1432 1688 1471 1737 Σ
1490 1686 1627 1741 forte
1644 1698 1874 1755 exterat,
1905 1691 2071 1745 trahit

498 1776 599 1828 hoc
633 1773 793 1829 facile
839 1788 905 1827 ex
940 1776 1141 1843 duplici
1190 1774 1367 1830 littera
1409 1776 1468 1841 Ξ,
1502 1795 1665 1847 quam
1715 1781 1830 1849 ipsa
1879 1791 2067 1836 natura

2166 591 2256 643 λον
2302 588 2589 659 Ἀφροδίτη
2624 588 2785 656 ζυγία
2806 604 2867 639 τε
2902 587 2997 639 καὶ
3058 587 3303 655 γαμηλία
3350 587 3442 640 καὶ
3479 590 3714 660 ἀνδρογυ-

2165 683 2252 735 νία
2285 682 2332 713 ⁵⁸
2366 681 2718 749 θεολογεῖται.
2760 679 2919 733 Ἀλλὰ
2956 676 3050 731 καὶ
3093 680 3303 746 ζυγίτις
3326 680 3419 731 καὶ
3455 680 3715 752 φιλοτησία

2166 776 2465 845 καὶείρήνη
2502 773 2597 827 καὶ
2625 772 2776 842 φιλία
2810 773 2904 825 κα)¹
2951 771 3366 841 ὑγεία,¹Ἀκμων
3395 789 3452 823 τε
3485 775 3573 825 καὶ
3598 775 3716 846 ἀλή-

2168 864 2310 919 θεια.
2336 867 2446 919 Καὶ
2479 865 2683 936 μοιρῶν
2704 864 2761 917 δὲ
2786 864 3022 932 Λάχεσιν
3045 861 3214 933 αὐτὴν
3261 861 3494 920 ποιοῦσι.
3522 864 3610 916 καὶ
3634 866 3720 935 ἀρ-

2166 958 2268 1028 χὴν
2282 957 2377 1009 καὶ
2392 958 2425 1026 ἦ
2435 973 2563 1026 μισυ
2578 955 2895 1018 παντὸς,καὶ
2917 953 3323 1023 ἐκατηδελέτιν,
3348 954 3441 1006 καὶ
3455 954 3719 1023 Τριοδίτιν,

2167 1050 2265 1101 καὶ
2279 1048 2579 1118 Διχρονίαν,
2608 1048 2703 1099 καὶ
2725 1046 3012 1117 Περσείαν,
3027 1047 3123 1099 καὶ
3143 1045 3583 1115 Τρίμορφον,κα“ι
3604 1044 3722 1117 Ἀμ-

2171 1139 2446 1209 φιτρίτην,
2479 1138 2576 1191 καὶ
2598 1138 2934 1208 Ἀγχιόίκαν,
2970 1138 3065 1190 καὶ
3096 1135 3330 1189 Μουσῶν
3370 1136 3615 1199 Θάλειαν,
3641 1142 3723 1192 καὶ

2171 1230 2501 1283 Πανάκειαν.
2534 1228 2689 1281 Οῦτω
2736 1228 2834 1298 μὲν
2862 1228 2971 1281 οὐδ’
2997 1230 3030 1298 ἡ
3062 1227 3188 1292 ἑξὰς
3228 1228 3419 1289 αὐτοῖς
3463 1227 3576 1290 θεὸς
3606 1224 3725 1282 εἶναι

2172 1324 2269 1375 καὶ
2292 1322 2434 1385 θεοῖς
2458 1323 2502 1354 ⁸⁷
2528 1321 2749 1389 διέφυγε
2773 1319 3199 1389 φιλοτιμεῖσθαι.

2254 1591 2320 1643 Ἦ
2368 1589 2425 1643 δὲ
2480 1586 2767 1657 ἑϐδομὰς,
2808 1585 2859 1636 τί
2905 1584 2971 1638 ἄν
3042 1601 3125 1647 τις
3180 1585 3275 1636 καὶ
3345 1584 3530 1649 είποι;
3588 1586 3727 1652 εὐθὺς

2177 1684 2277 1753 μὲν
2320 1683 2416 1752 ίάρ
2450 1684 2566 1734 ὲστι
2594 1678 2797 1738 eamdi;
2821 1696 2835 1708 ·
2868 1677 2969 1729 κᾶν
2989 1676 3049 1728 τὸ
3080 1682 3126 1728 σ¹
3161 1675 3373 1745 φθείροι
3396 1677 3429 1745 ἡ
3473 1677 3725 1745 συνήθεια,

2174 1776 2225 1828 ἒ)
2239 1792 2323 1828 κει
2347 1773 2504 1825 τοῦτο
2530 1773 2702 1842 ῥᾷστα
2720 1772 2781 1822 ὲκ
2818 1768 3006 1821 διπλοῦ
3032 1768 3123 1821 τοῦ
3155 1768 3224 1833 ξ’,
3258 1768 3399 1836 ὅπερ
3423 1769 3501 1837 τῷ
3522 1769 3620 1837 πρὸ
3650 1771 3731 1821 αὖ-

500 1867 563 1919 ad
598 1868 953 1935 praecedentis
983 1869 1094 1937 (16)
1127 1870 1334 1922 numeri
1366 1869 1525 1923 linem
1554 1874 1715 1926 veluti
1745 1884 1892 1927 sorte
1924 1875 2073 1926 attri-

2176 1867 2268 1921 τοῦ
2292 1865 2511 1938 ἀριθμῷ
2538 1867 2570 1934 ή
2610 1864 2768 1933 φύσις
2801 1863 2937 1934 πρὸς
2964 1861 3041 1929 τῷ
3068 1862 3214 1914 τέλει
3239 1861 3649 1931 ἀπεκλήρωσεν,
3676 1863 3729 1915 ἶν’

498 1961 632 2023 huit,
678 1968 737 2012 ut
790 1960 903 2013 haec
942 1961 1275 2013 adminiculo
1330 1962 1592 2016 adversus
1644 1964 1786 2032 vulgi
1848 1964 2072 2019 insidias

496 2062 724 2121 augusto
766 2052 840 2105 illi
880 2068 1106 2106 numero
1156 2062 1319 2107 esset.
1362 2054 1539 2123 Atque
1588 2055 1703 2110 ha3c
1752 2057 2069 2110 admiranda

496 2144 587 2196 illa
647 2143 1037 2197 demonstratio
1098 2154 1215 2205 est,
1279 2160 1386 2214 qua
1460 2148 1528 2199 ita
1590 2148 1852 2203 exsistere
1917 2150 2074 2203 docet

496 2231 734 2306 [vocem]
771 2236 994 2298 σεπτάς,
1038 2246 1088 2289 et
1126 2235 1267 2288 cultu
1318 2237 1536 2303 dignum
1587 2254 1873 2293 numerum
1910 2240 2069 2293 ἑπτὰ.

495 2326 563 2376 At
603 2340 817 2377 rursum
864 2325 1027 2378 etiam
1082 2325 1194 2394 (l7)
1248 2326 1335 2379 hic
1370 2328 1593 2380 unitatis
1643 2337 1727 2382 est
1775 2344 1838 2382 ac
1868 2332 2071 2384 denarii

497 2414 783 2468 medietas.
841 2413 1084 2469 Fortuna
1149 2418 1314 2481 item,
1372 2428 1425 2471 et
1472 2415 1737 2483 Oceasio,
1792 2419 2072 2483 Minerva,

497 2505 662 2570 Mars,
686 2506 956 2570 Acreotis,
979 2506 1166 2576 Agelia
1202 2507 1337 2576 (13),
1371 2506 1660 2577 Atrytone,
1686 2517 1738 2560 et
1761 2506 1928 2577 Capta
1961 2510 2073 2579 (19)

495 2598 794 2667 eademque
851 2598 1034 2653 valido
1090 2598 1203 2669 (20)
1265 2609 1416 2668 patre
1474 2609 1637 2665 nata,
1688 2598 2074 2669 Tritogeneia,

496 2690 687 2745 caesius
736 2691 941 2745 habens
979 2691 1187 2753 oculos,
1220 2691 1620 2745 Alalcomcneia
1667 2691 1802 2761 (21),
1839 2691 2074 2747 Panteu-

499 2782 618 2834 chia
652 2780 795 2851 (22),
831 2781 1040 2850 Ergana
1082 2781 1196 2851 (25)
1227 2791 1280 2836 et
1322 2782 1502 2837 multis
1526 2784 1778 2851 precibus
1819 2787 2076 2852 expetita,

497 2872 783 2943 integritas
818 2884 1047 2936 naturre,
1086 2874 1408 2928 Amaltheiae
1447 2875 1638 2944 stirps,
1673 2874 1848 2945 z’Egis,
1880 2876 2073 2943 Osiris,

499 2977 745 3032 somnus,
778 2981 904 3029 vox,
941 2981 1130 3029 sonus,
1164 2975 1219 3019 et
1258 2971 1324 3021 de
1368 2966 1642 3020 Musarum
1680 2983 1907 3023 numero
1934 2970 2074 3025 Clio.

499 3056 554 3138 βῆ
592 3057 743 3124 libet,
774 3059 936 3113 etiam
964 3058 1250 3129 judicium,
1280 3069 1333 3113 et
1365 3061 1675 3124 Adrasteia,
1708 3072 1762 3115 et
1809 3061 2075 3131 ejusmodi

2174 1958 2207 2033 ᾖ
2241 1961 2398 2013 τοῦτο
2428 1957 2777 2029 ἐπικούρημα
2810 1956 2887 2024 τῷ
2941 1953 3187 2023 σεϐαστῷ
3234 1954 3460 2025 ἀριθμῷ
3494 1955 3625 2023 πρὸς
3652 1956 3731 2025 τὴν

2177 2052 2469 2121 ἐπιϐουλὴν
2495 2050 2594 2120 τὴν
2623 2051 2730 2102 άπὸ
2759 2049 2867 2101 τῶν
2906 2047 3137 2101 πολλῶν.
3170 2047 3413 2114 Τοιαύτη
3450 2046 3594 2117 μὲνὴ
3616 2048 3733 2100 ἀπό-

2174 2144 2339 2208 δειξις
2368 2139 2677 2209 θαυμαστὴ,
2733 2138 2808 2199 ὡς
2878 2136 2990 2189 ἐστι
3046 2139 3264 2199 πάντως
3300 2137 3367 2169 ⁸⁷·
3412 2137 3613 2199 σεπτὰς
3655 2139 3734 2190 καὶ

2179 2232 2452 2302 σεϐασμοῦ
2483 2230 2631 2294 ἄξιος
2670 2231 2697 2281 ὁ
2732 2229 2891 2283 ἑπτά.
2943 2227 3112 2281 Πάλιν
3142 2227 3197 2279 δὲ
3223 2227 3324 2280 καὶ
3348 2226 3488 2297 αὐτὴ
3527 2227 3735 2297 μεσότης

2182 2326 2406 2397 μονάδος
2435 2326 2531 2378 καὶ
2564 2323 2807 2388 δεκάδος,
2863 2320 3003 2391 τύχη
3046 2322 3144 2373 καὶ
3184 2320 3409 2391 καιρὸς,
3444 2320 3640 2390 Ἀθηνᾶ
3659 2323 3737 2373 καὶ

2182 2419 2248 2470 Ἀ
2258 2434 2375 2489 ρης,
2402 2418 2497 2470 καὶ
2513 2415 2827 2485 Ἀκρεῶτις,
2845 2413 2939 2466 καὶ
2960 2412 3208 2481 ’Λγελεία
3225 2413 3296 2477 ⁸⁸,
3316 2414 3410 2465 καὶ
3429 2411 3735 2483 Ἀτρυτώνη,

2179 2510 2488 2577 φυλακῖτις,
2544 2506 2949 2578 ὀϐριμοπάτρα,
3002 2506 3380 2575 Τριτογένεια,
3418 2504 3734 2573 γλαυκῶπις,

2190 2600 2635 2670 ’Λλαλκομένεια,
2668 2597 3259 2667 Παντευχία,Ἑργάνη,
3304 2597 3637 2667 πολυαρήτη,
3660 2597 3736 2649 οὐ-

2178 2694 2430 2764 λομέλεια
2453 2734 2468 2758 ,
2504 2690 2833 2760 Ἀμαλθείας
2856 2692 3032 2757 γένος,
3053 2690 3231 2756 Λίγὶς,
3264 2691 3499 2759 Ὄσιρις,
3533 2688 3737 2758 δνειρος,

2180 2789 2355 2857 φωνὴ,
2384 2786 2541 2855 αὐδὴ,
2573 2786 2667 2837 καὶ
2699 2783 2933 2837 Μουσῶν
2963 2786 2996 2852 ἠ
3027 2782 3228 2846 Κλειὼ,
3266 2783 3316 2833 εἰ
3348 2781 3526 2852 βούλει
3554 2781 3625 2846 δὲ,
3658 2779 3739 2833 ml

2179 2879 2359 2950 κρίσις
2384 2878 2478 2931 καὶ
2519 2877 2839 2947 Ἀδράστεια
2874 2875 2967 2928 καὶ
3029 2874 3199 2937 πολὺς
3229 2874 3477 2944 φλύαρος
3514 2873 3557 2906 ⁸⁸
3584 2870 3739 2925 τοιοῦ-

2179 2989 2289 3034 τος.
2354 2970 2511 3023 υῦτω
2574 2970 2672 3038 μὲν
2727 2970 2761 3039 ἡ
2817 2967 3127 3027 πάνσεπτος
3187 2966 3376 3027 αὐτοῖς
3428 2965 3594 3023 ὲπτὰς
3648 2981 3741 3033 μα-

2181 3064 2424 3135 κροτέρῳ
2453 3063 2602 3132 πόνῳ
2633 3061 2807 3129 μέγας
2840 3061 2932 3112 καὶ
2966 3059 3134 3120 πολὺς
3166 3057 3291 3119 θεὸς
3318 3059 3645 3126 ἁνυμνεῖται.

498 3141 715 3216 lineptia:
747 3149 947 3202 multm.
1010 3146 1101 3204 Sic
1156 3150 1314 3219 plane
1356 3151 1446 3204 ille
1490 3150 1798 3207 adorandus
1856 3160 2218 3227 septenarius,
2269 3157 2473 3227 ingenti
2528 3155 2797 3222 longoque
2870 3151 3077 3214 labore,
3145 3157 3203 3203 ut
3269 3164 3502 3219 magnus
3578 3144 3741 3202 multi-

496 3247 730 3313 plexque
758 3246 893 3298 deus
923 3246 989 3300 ab
1023 3247 1153 3315 ipsis
1183 3246 1433 3301 laudibus
1467 3248 1795 3302 celebratur.

569 3339 903 3395 Octonarius
935 3341 1155 3406 deinde,
1183 3343 1285 3395 etsi
1328 3357 1669 3411 nequaquam
1704 3353 1909 3398 tantam
1962 3346 2077 3399 lau-
2104 3351 2151 3413 ο

498 3433 619 3488 dem
657 3432 749 3504 (ne
779 3444 970 3487 octava
1000 3434 1216 3501 quidem
1248 3450 1311 3489 ex
1344 3434 1521 3505 parte)
1549 3435 1782 3489 obtinuit
1816 3456 1829 3491 :
1864 3440 2079 3505 quando

501 3537 682 3581 tamen
716 3542 813 3597 pro
853 3529 953 3580 deo
986 3528 1152 3580 etiam
1190 3528 1278 3582 hic
1312 3528 1443 3597 ipsis
1485 3538 1591 3593 est,
1626 3544 1655 3583 e
1685 3530 1812 3584 sede
1841 3547 1935 3584 sua
1972 3546 2076 3586 non

498 3618 724 3672 excidit.
760 3619 1002 3672 Adorant
1021 3620 1165 3671 enim
1209 3619 1383 3688 ipsum
1432 3621 1585 3689 quasi
1624 3635 1889 3674 summam
1945 3622 2081 3678 Har-

501 3709 735 3761 moniam
788 3718 842 3762 et
887 3707 1199 3762 Cadmeiam
1258 3708 1369 3779 (24)
1428 3720 1693 3773 matrem,
1752 3725 1815 3764 ac
1872 3711 2079 3765 Rheam

501 3798 875 3853 nunlierilicam
929 3800 1065 3868 (25),
1117 3800 1391 3869 Cybelen,
1442 3800 1696 3872 Cybeben
1748 3803 2076 3872 Dindymen,

503 3891 761 3961 urbisque
791 3895 1093 3955 custodem,
1122 3894 1269 3947 velut
1298 3908 1538 3947 amorem
1574 3895 1728 3958 item,
1753 3905 1915 3964 atque
1946 3897 2080 3949 ami-

500 3982 707 4046 citiam,
758 3981 1118 4048 prudentiam,
1177 3984 1613 4051 intelligentiam,
1663 3984 1880 4039 Oreiam
1936 3986 2078 4055 (26),

503 4072 732 4127 Themin
790 4074 943 4144 (27),
1003 4076 1211 4144 legem,
1266 4086 1447 4130 natum
1506 4077 1616 4147 (28)
1681 4089 1806 4133 ante
1860 4088 2082 4131 exactos

505 4181 738 4232 menses,
765 4176 820 4219 et
844 4167 1117 4220 Musarum
1148 4167 1441 4237 Euterpen.

573 4255 913 4311 Noveuarius
965 4258 1092 4312 item
1144 4262 1518 4327 posrhabetur,
1561 4272 1616 4315 et
1661 4263 1714 4314 in
1756 4261 1974 4325 deitate,
2026 4270 2080 4313 et

2262 3346 2330 3399 Ἥ
2361 3344 2417 3397 δὲ
2451 3341 2639 3405 ὁκτὰς,
2668 3341 2716 3392 εἰ
2740 3337 2833 3392 καὶ
2868 3336 2942 3408 μὴ
2990 3339 3103 3398 τοῖς
3132 3336 3271 3397 ἴσοις
3320 3335 3447 3405 μηδ’
3478 3333 3639 3404 ὀγδόῳ
3660 3332 3742 3403 μέ-

2186 3456 2289 3509 ρει,
2324 3429 2558 3491 ἁλλόῦν
2591 3431 2668 3502 τῷ
2720 3430 2842 3492 θεὸς
2893 3429 3080 3490 αὐτοῖς
3128 3423 3267 3479 εἶναι
3336 3427 3446 3479 οὐδ’
3504 3425 3634 3496 αὐτὴ
3663 3420 3742 3477 τοῦ

2182 3530 2373 3603 θρόνου
2427 3524 2709 3595 ἀπερρίφη
2734 3537 2749 3550 ·
2811 3518 3197 3589 Παναρμονίαν
3244 3519 3358 3587 γὰρ
3390 3518 3560 3585 αὐτὴν
3595 3532 3745 3586 προσ-

2182 3618 2426 3681 κυνοῦσι,
2455 3619 2550 3671 καὶ
2572 3613 2856 3685 Καδμείαν
2890 3612 2935 3643 ⁶⁰
2963 3611 3177 3682 μητέρα
3222 3628 3284 3663 τε
3335 3613 3429 3664 καὶ
3471 3610 3619 3662 Ῥέαν
3661 3608 3744 3660 καὶ

2183 3712 2474 3785 θηλυποιὸν
2500 3711 2596 3764 καὶ
2647 3707 2921 3776 Κυϐέλην,
2955 3704 3219 3774 Κυϐήὸην
3249 3720 3312 3756 τε
3370 3702 3465 3755 καὶ
3492 3700 3744 3769 Δινδύμην

2182 3807 2279 3861 καὶ
2301 3803 2605 3872 πολιοῦχον,
2639 3799 2822 3871 ἔρωτά
2845 3814 2905 3850 τε
2932 3795 3026 3849 καὶ
3060 3794 3262 3863 φιλίαν,
3288 3794 3475 3865 μῆτιν,
3498 3792 3743 3853 ἐπίνοιαν,

2183 3898 2420 3970 Ὀρείαν,
2452 3894 2644 3963 Θέμιν,
2672 3892 2853 3961 νόμον,
2884 3888 3239 3960 ὴλιτομήναν,
3276 3887 3375 3939 καὶ
3402 3885 3508 3939 τῶν
3532 3882 3742 3938 Μουσῶν

2182 3990 2283 4061 τὴν
2308 3987 2614 4058 Εὐτέρπην.

2259 4251 2369 4304 Καὶ
2400 4252 2434 4319 ἠ
2467 4248 2623 4311 ὲννὰς
2652 4246 2709 4298 δὲ
2744 4247 2961 4315 ὑστερεί
2995 4243 3092 4311 μὲν
3114 4244 3207 4295 καὶ
3233 4241 3335 4310 τῆς
3367 4240 3633 4307 θειότητος
3660 4233 3743 4286 καὶ

504 4351 560 4405 in
607 4351 765 4421 longa
828 4353 1221 4422 descriptione,
1258 4369 1360 4421 qua
1408 4355 1749 4424 septenarius
1803 4354 1858 4406 in
1909 4354 2073 4407 altum

2185 4348 2284 4413 τῆς
2319 4341 2538 4412 μακρᾶς
2573 4336 2921 4407 συγγραφῆς,
2953 4330 3034 4396 οἷς
3063 4336 3102 4365 ⁶¹
3136 4336 3169 4403 ἡ
3205 4332 3438 4402 ἑϐδομὰς
3466 4330 3739 4400 ὑπερῆρτο·

1797 4465 2032 4520 νΑῐῖιᾸΞ
2072 4455 2487 4518 LECTlONES.

576 4559 622 4591 ⁵⁵
640 4560 928 4634 οὐλομελία
981 4564 1047 4634 A.
1123 4564 1168 4593 ⁵⁸
1209 4564 1346 4633 αὐτὴ
1418 4582 1480 4626 ς’.
1557 4564 1602 4596 ⁸⁸
1638 4563 2000 4634 ἁνδρογυναία
2026 4579 2096 4634 ς,
2121 4557 2379 4634 καιροει
2414 4550 2629 4634 ξυγῖτιέξ,
2661 4522 2939 4634 id";
2974 4544 3020 4634 ’ἶ
3062 4541 3251 4634 θξέξξί

504 4611 1070 4704 ρῦτωξξτῖεᾶἡεῧλει
1142 4611 1272 4687 1in
1291 4611 1591 4704 ’ἂκρῖέὶυσις
1630 4611 2389 4697 ξξνῗτδδνᾷέαιτῖολυφλύαρος
2425 4611 2505 4683 ’ςέ
2586 4618 2629 4648 ⁶⁹
2662 4616 2941 4685 Καδμείας
2986 4631 3049 4677 ς.
3089 4629 3148 4665 τε
3170 4611 3384 4667 add-A-

502 4693 571 4771 ἧς
608 4710 658 4762 ς.

3352 4542 3419 4572 ⁸⁷·
3441 4535 3702 4612 mea
3728 4529 3740 4612 Ξ

3486 4613 3526 4642 ⁶¹
3557 4604 3632 4671 οἷς
3662 4604 3741 4660 Α³

2032 4780 2266 4838 NOTAE.

764 4881 1048 4964 Eustathio
1074 4878 1343 4943 Oceanus,
1380 4889 1434 4935 et
1468 4879 1688 4933 Saturni
1716 4891 1893 4948 pater.
1918 4877 2084 4932 Cons.

641 4969 781 5001 anni
818 4951 1074 5001 Lexleon.

509 4965 563 5010 et
595 4951 781 5006 Varini
818 4951 1074 5005 Lexieon.

581 5024 694 5093 (11)
719 5020 1100 5093 ὲπατηϐελέτιν
1137 5019 1319 5093 Dianae
1346 5020 1516 5093 epith.

583 5090 721 5161 (ll‘)
758 5092 1141 5159 Bitempoream
1168 5090 1357 5161 Latina
1393 5090 1566 5143 forma
1589 5092 1760 5144 dicas.

582 5157 696 5233 (12)
738 5157 967 5216 Hecates
999 5157 1480 5233 apatreJPerseo,
1513 5161 1680 5233 epith.
1716 5162 1857 5230 apud
1898 5159 2081 5213 Valer.

582 5177 696 5233 (1'2)
738 5177 967 5216 Hecates
999 5178 1025 5213 a
1063 5177 1218 5225 patre
1259 5177 1480 5221 rerseo,
1513 5177 1680 5282 εδιιιι.
1716 5177 1771 5230 οι

513 5235 661 5288 Flae.
698 5234 791 5285 lib.
820 5247 895 5291 νι,
929 5246 993 5284 ex
1025 5230 1181 5296 Apol.
1216 5230 1307 5281 lib.
1335 5244 1419 5293 ιιι,
1450 5238 1506 5281 et
1586 5233 1771 5298 rplmo.

585 5304 698 5373 (15)
725 5301 887 5373 Quasi
922 5302 1091 5373 vicina
1138 5300 1371 5373 justitia,
1399 5308 1453 5352 et
1477 5314 1597 5373 qua:
1642 5303 1708 5373 ad
1738 5316 1955 5353 manum
1990 5299 2080 5373 sit.

584 5370 698 5441 (M)
740 5372 980 5439 Septenio
1030 5370 1221 5441 Latina
1273 5370 1753 5441 lormationeLDe
1772 5372 2085 5439 septenario

514 5439 697 5497 autem
729 5445 898 5495 multa
923 5455 1137 5508 quoque
1170 5439 1322 5491 Philo
1354 5439 1574 5507 scripsit
1602 5439 1695 5492 lib.
1726 5440 1801 5493 De
1827 5441 2092 5492 creatione

516 5513 724 5574 mundi,
750 5511 1018 5579 inquibus
1046 5511 1223 5577 aliqua
1251 5509 1332 5560 his
1363 5522 1465 5559 non
1490 5511 1756 5563 absimilia
1778 5510 2087 5579 M.Varron.

527 5578 923 5636 Hebdomadum
958 5580 1085 5650 libri
1124 5579 1534 5650 interciderunt,
1563 5580 1751 5648 quales
1783 5596 1954 5650 nuper
1984 5578 2089 5632 Fa-

522 5652 639 5705 llius
674 5652 929 5703 Paulinus
958 5646 1202 5702 Venetiis
1245 5647 1416 5701 dedit.

592 5721 704 5788 (15)
741 5721 881 5772 ἑπτὰ
910 5722 1053 5772 enim
1087 5720 1243 5787 vulgo
1273 5719 1520 5773 dicimus.

593 5790 705 5860 (16)
745 5790 805 5842 τὸ
828 5790 887 5854 ἐξ
921 5790 1185 5858 intelligit.

2271 4872 2383 4941 (l7)
2430 4869 2498 4923 Ut
2527 4886 2688 4937 supra
2724 4870 3026 4941 quinarius.

2265 4934 2377 5011 (18)
2418 4943 2558 5008 Lege
2593 4934 2881 5011 Eustat.iu
2911 4938 3069 5011 Hom.
3102 4950 3158 4991 et
3183 4936 3405 5006 Gyrald.
3438 4934 3651 5003 Synlag.
3678 4947 3743 4993 si,

2198 5027 2321 5066 voce
2355 5011 2757 5080 ἁλαλκομενηίς
2802 5010 3022 5080 Ἀθηνᾶ.

2270 5082 2381 5153 (19)
2419 5076 2730 5153 Φυλαλίτες.
2762 5076 2929 5153 Ovid;
2950 5077 3337 5153 inspiciendus,
3370 5091 3511 5153 {xxv
3543 5076 3682 5153 East.

2267 5147 2380 5222 (20)
2420 5152 2805 5222 ὀϐριμοπάτρα
2830 5152 3093 5202 rationem
3122 5148 3353 5200 nominis
3374 5147 3530 5202 docet
3556 5148 3743 5200 EuSIat.

2265 5224 2379 5292 (21)
2421 5222 2645 5292 Gyrald.
2681 5237 2832 5287 supr.

2265 5286 2377 5361 (22)
2414 5286 2565 5357 Quod
2593 5286 3048 5361 omnifarmorum
3081 5302 3283 5356 genere
3314 5286 3569 5341 instructa
3595 5293 3741 5339 esset.

2268 5360 2380 5429 (25)
2424 5362 2604 5415 Multis
2637 5379 2664 5410 ιι
2697 5360 2935 5412 Pausan.
2969 5362 3265 5412 celebrata.

2272 5434 2384 5501 (21)
2426 5432 2697 5493 Semelen,
2733 5442 2881 5498 puto,
2918 5433 3049 5481 vult.

2271 5498 2386 5572 (25)
2427 5501 2742 5572 θηλυποιόν,
2774 5501 2845 5553 01)
2881 5498 3241 5554 emasculalos
3271 5501 3456 5571 gallos.

2271 5574 2386 5645 (26)
2428 5574 2581 5645 ξιιιιι.
2618 5575 2675 5623 ὲν
2703 5571 2855 5639 ὄρεσι
2884 5572 3423 5645 ἀέναστρεφομενηνη
3483 5640 3514 5645 __
3609 5635 3619 5644 _

2275 5640 2387 5715 (27)
2429 5643 2505 5697 De
2533 5656 2639 5711 qua
2669 5645 2886 5709 copiose
2912 5640 3340 5709 StephJ’ighius
3374 5640 3550 5698 libello
3578 5640 3743 5704 singu-

2199 5720 2387 5855 lar(g8)
2437 5784 2789 5853 Ἦλιτόμηνα.
2825 5781 3092 5835 Bacchum
3127 5757 3353 5847 accipio.
