4022 6464
251 387 347 451 om
1280 386 1805 448 BIBLIOTHECA.
1826 412 1900 427 —
1922 389 2085 449 con.
2127 388 2516 450 CLXXXVII.
2638 362 2644 371 ’
3412 392 3519 454 602

254 508 391 573 πλὴν
420 503 525 572 τῆς
560 502 783 565 όκτάδος
814 502 978 570 ἐγγὺς
1019 500 1372 570 θεολογεῖται.
1418 501 1674 565 Ὠκεανὸς
1714 500 1823 583 γάρ

1930 500 2155 555 nimium
2205 512 2466 572 quantum
2533 510 2753 555 evectus
2815 500 3047 557 fuerat:
3100 511 3158 557 at
3210 504 3518 572 proximum

252 600 435 659 αὐτοῖς
466 595 609 663 αὕτη
639 597 984 665 περιρῤεῖται
1015 595 1083 658 ⁸⁸,
1124 594 1219 647 καὶ
1242 593 1439 663 ὁρίζων
1469 593 1786 663 ἁνυμνεῖται
1814 611 1830 627 ο

1938 593 2120 647 saltem
2174 597 2226 648 in
2276 595 2560 647 divinitate
2604 596 2829 663 gradum
2870 610 2995 649 cum
3058 596 3343 650 oetonario
3385 598 3526 652 obti-

252 689 552 760 Προμηθέα
574 706 633 741 τε
669 686 839 759 αὐτὴν
866 688 961 740 καὶ
985 687 1239 756 ὁμόνοιαν
1265 685 1359 738 καὶ
1384 687 1427 737 Π
1434 702 1455 736 ε
1467 687 1651 756 ρσείαν
1676 686 1719 717 ⁸³
1739 685 1833 739 καὶ

1935 695 2044 740 net.
2076 685 2551 741 Circumfunditur
2585 686 2730 739 enim
2778 689 2845 741 ab
2893 688 3023 756 ipsis
3056 697 3316 758 tanquam
3348 687 3523 743 Ocea-

255 782 435 835 Ἀλιον
466 780 859 852 ἱερολογοῦσιν,
890 778 1157 843 ἀνεικίαν,
1186 777 1464 847 ὁμοίωσιν,
1504 777 1831 844 Ἷιφαιστον,

1937 794 2058 842 nus,
2109 787 2272 846 atque
2322 786 2380 831 ut
2434 780 2609 833 visum
2667 779 2862 835 [iniens
2910 781 3151 837 circulus
3202 780 3525 853 [llorizonta

254 874 455 944 Ἥραν,
480 873 607 935 Διὸς
620 870 855 940 ἀδελφὴν
879 871 973 923 καὶ
994 870 1268 932 σύνευνον,
1291 867 1578 937 ἑκάεργον,
1599 869 1832 932 Παιᾶνα,

1940 868 2104 924 Graeci
2180 868 2419 942 vocant]
2500 869 2834 927 celebratur.
2905 870 3237 928 Promethea
3309 887 3528 943 quoque

253 964 560 1035 Νυσσηῖδα,
593 961 834 1029 Ἀγυιέα,
901 959 1195 1023 Ἐνυάλιον,
1226 958 1523 1022 Ἀγελείαν,
1563 958 1835 1027 Τριτογέ-

1943 962 2117 1030 ipsum
2173 962 2401 1028 faciunt,
2438 972 2494 1016 et
2532 963 2913 1019 Concordiam.
2967 963 3282 1029 Perseiam,
3328 974 3385 1020 et
3426 964 3530 1020 So—

268 1074 448 1122 νειαν,
486 1056 788 1124 Ὁμόνοιαν,
823 1052 1023 1113 Πειθὼ,
1050 1051 1361 1121 Κουρήτιδά
1389 1068 1448 1102 τε
1495 1051 1592 1103 καὶ
1629 1050 1833 1120 Κόρην,

1943 1053 2048 1107 lem
2087 1054 2391 1125 indigitant.
2440 1053 2692 1120 Quietem
2746 1069 2963 1124 quoque
3013 1071 3042 1108 a
3092 1056 3245 1119 rixis,
3279 1064 3335 1109 et
3369 1056 3528 1110 simi-

277 1148 579 1219 Ὑπερίονα
600 1147 658 1209 ⁸⁸,
689 1146 785 1199 καί¹
816 1144 1052 1199 Μουσῶν
1076 1143 1437 1214 Τερψιχόρην.

1946 1143 2246 1207 litudinem,
2278 1143 2605 1209 Vulcanum,
2638 1143 2931 1210 lunonem,
2960 1145 3109 1201 Jovis
3150 1147 3343 1218 ιῇεα
3378 1162 3530 1202 soro—

274 1256 396 1293 rem
437 1250 487 1292 et
528 1236 827 1305 eonjugem,
860 1235 1071 1289 eminus
1102 1244 1416 1301 operantem
1462 1231 1575 1301 (9.9)
1609 1230 1829 1294 Pzeana,
1871 1230 2159 1304 Nysseida,
2211 1235 2420 1305 Agyrea
2496 1220 2631 1306 (30),
2704 1236 2988 1307 Enyalium
3042 1239 3179 1307 (5|),
3262 1239 3529 1309 Ageliam,

279 1330 653 1400 Tritogeniam,
690 1328 1081 1392 Concordiam,
1114 1326 1378 1391 Suadam,
1431 1327 1758 1391 Curetidem,
1820 1325 2229 1395 Proserpinam,
2295 1340 2347 1384 et
2389 1329 2773 1400 llyperiouem,
2806 1330 3082 1387 Musarum
3123 1333 3354 1403 denique
3401 1335 3533 1388 'l‘er-

278 1428 576 1497 psichoren.

349 1523 412 1574 'H
443 1522 623 1590 μέντοι
652 1521 816 1583 δεκὰς
855 1520 994 1592 αὕτη
1040 1523 1186 1575 ἐστὶν
1214 1523 1396 1585 αὐτοῖς
1423 1522 1484 1574 τὸ
1522 1522 1630 1574 πᾶν
1651 1561 1667 1587 ,
1703 1518 1836 1583 Θεὸς

2014 1518 2276 1575 Denarius
2301 1519 2535 1589 denique
2562 1519 2695 1588 ipsis
2715 1528 2800 1574 est
2836 1520 3173 1581 universum,
3213 1518 3357 1574 Deus
3389 1535 3531 1573 sum-

270 1615 525 1683 tim'pﬂso;
574 1615 673 1667 καὶ
707 1613 838 1676 Θεὸς
866 1614 1000 1666 θεῶν
1020 1653 1035 1679 ,
1065 1615 1146 1667 ὅτι
1174 1614 1305 1668 δέκα
1353 1614 1550 1685 χειρῶν
1584 1615 1678 1666 καὶ
1707 1613 1838 1665 δέκα

1944 1627 2086 1678 mus,
2131 1620 2186 1665 et
2235 1613 2456 1667 deorum
2487 1612 2673 1679 Deus,
2724 1612 2867 1681 quod
2922 1628 3181 1666 manuum
3227 1613 3532 1681 pedumque

268 1706 435 1757 ποδῶν
462 1705 757 1769 δάκτυλοι,
783 1707 875 1759 καὶ
896 1705 1025 1758 δέκα
1051 1705 1407 1776 κατηγορίαι,
1434 1706 1528 1758 καὶ
1557 1705 1650 1757 τοῦ
1678 1703 1838 1771 λόγου

1947 1706 2135 1760 decem
2164 1706 2273 1761 sint
2300 1706 2476 1774 digiti,
2507 1707 2804 1773 decemque
2839 1704 2921 1775 [ut
2953 1705 3109 1774 logiei
3147 1705 3362 1777 vocant]
3398 1721 3535 1774 pra:-

262 1799 386 1851 δέκα
417 1798 570 1868 μέρη
589 1814 604 1828 ·
650 1798 735 1851 ἵνα
760 1800 868 1868 γὰρ
964 1799 1145 1859 αὐτοῖς
1177 1799 1405 1868 πάνταὴ
1432 1797 1599 1859 δεκὰς
1619 1839 1633 1861 ,
1670 1812 1840 1866 προσ-

1949 1795 2278 1858 dicatnenta,
2314 1806 2366 1849 et
2403 1796 2672 1849 orationis
2702 1805 2887 1863 partes
2918 1795 3131 1848 decem.
3165 1792 3357 1849 Omnia
3388 1797 3532 1851 enim

258 1890 469 1942 τιθέασι
502 1888 614 1951 τοῖς
636 1889 731 1943 τοῦ
752 1890 909 1957 λόγου
935 1888 1064 1960 [2H
1109 1887 1216 1961 IL]
1248 1890 1437 1960 μέρεσι
1474 1888 1845 1961 προσηγορίαν

1951 1886 2082 1955 ipsis
2119 1889 2281 1941 deeas
2325 1898 2383 1940 ut
2426 1887 2519 1951 sit,
2557 1887 2945 1941 allocutionem
3002 1890 3218 1942 caeteris
3272 1889 3537 1941 orationis

260 1982 350 2034 καὶ
384 1981 844 2052 παραπλήρωμα.
894 1980 958 2033 Τί
981 1982 1061 2033 δεῖ
1091 1980 1270 2048 λέγειν
1320 1979 1395 2042 ὡς
1428 1982 1485 2031 ὲν
1516 1980 1654 2045 αὐτῇ
1692 1996 1847 2048 περι-

1950 1978 2196 2048 partibus
2239 1988 2517 2047 apponunt
2553 1988 2609 2031 et
2643 1978 3107 2048 supplementum.
3151 1980 3291 2045 Quid
3340 1978 3538 2031 attinet

259 2070 604 2141 λαμϐάνουσι
637 2075 706 2125 τά
734 2090 793 2123 τε
816 2072 863 2103 ⁸³
894 2071 1090 2141 στερεά
1115 2070 1213 2123 καὶ
1238 2068 1308 2122 τὰ
1346 2069 1579 2121 ἐπίπεδα
1602 2109 1617 2131 ,
1649 2068 1813 2138 ἄρτια
1833 2109 1847 2133 ,

1952 2072 2156 2133 dicere,
2215 2071 2505 2140 complecti
2569 2071 2688 2126 illos
2746 2070 2834 2125 hic
2889 2071 3087 2134 solida,
3136 2071 3318 2139 plana,
3362 2070 3538 2137 paria.

258 2164 515 2232 περισσὰ,
534 2162 950 2232 ἀρτιοπέρισσα,
971 2161 1221 2221 τέλειαθθ,
1241 2159 1428 2229 πρῶτα
1446 2160 1540 2210 καὶ
1559 2158 1846 2221 ἀσύνθετα,

1953 2162 2202 2229 imparia,
2231 2163 2435 2230 pariter
2456 2162 2707 2230 imparia,
2737 2162 2995 2231 perfecta,
3030 2164 3205 2229 prima
3242 2167 3295 2214 et
3328 2159 3538 2228 simpli-

262 2254 485 2322 ἰσότητα
501 2254 599 2305 καὶ
616 2253 928 2320 ἀνισότητα,
949 2252 1047 2315 τὰς
1065 2253 1195 2305 δέκα
1219 2252 1451 2321 σχέσεις,
1472 2252 1541 2304 τὰ
1561 2252 1849 2320 σφαιρικὰ,

1953 2254 2059 2317 eia,
2093 2254 2347 2322 mqualia,
2393 2253 2703 2321 inaequalia,
2739 2254 2925 2307 decem
2975 2252 3122 2319 ipsas
3169 2251 3537 2312 habitudines.

259 2342 323 2394 τὰ
340 2341 605 2403 κυκλικὶι,
622 2339 1232 2411 γεννητικὰ,τελεστικὰ
1254 2381 1268 2402 ,
1306 2339 1623 2409 ὲναρμόνια,
1643 2340 1711 2390 τά
1734 2356 1847 2390 τοι·

1954 2345 2250 2412 sphaeriea,
2299 2344 2624 2408 eireularia,
2680 2345 2749 2398 ad
2799 2345 3083 2413 genituras
3145 2354 3311 2411 atque
3357 2342 3539 2396 imita-

264 2431 433 2495 αὖτα;
468 2432 588 2484 ἀλλ’
620 2434 766 2493 ὅπως
794 2433 979 2492 αὐτοῖς
1008 2432 1211 2500 κόσμος
1235 2432 1268 2500 ἡ
1291 2430 1452 2491 δεκὰς
1487 2432 1579 2482 καὶ
1602 2430 1851 2499 οὐρανὸς,

1957 2436 2133 2490 tiones
2165 2437 2494 2505 spectantia,
2525 2447 2580 2491 et
2624 2438 2707 2491 his
2757 2437 3187 2491 consentientis.
3235 2436 3303 2490 Ut
3352 2435 3538 2489 itidem

263 2520 574 2590 εἱμαρμένη
596 2560 611 2583 ,
630 2518 762 2572 αἰὼν
783 2558 797 2581 ,
824 2520 1045 2588 κράτος,
1079 2520 1260 2576 πίστις
1280 2557 1295 2581 ,
1320 2520 1534 2587 ἀνάγκη
1551 2560 1565 2582 ,
1598 2516 1728 2588 [468
1754 2516 1849 2588 Β.)

1956 2525 2090 2594 ipsis
2125 2527 2288 2580 decas
2326 2526 2398 2579 sit
2427 2529 2679 2593 mundus,
2716 2528 2937 2593 caalum,
2982 2528 3173 2592 fatum,
3208 2542 3405 2590 :evum,
3442 2541 3540 2594 po-

267 2610 468 2670 ’Ἄτλας
488 2646 501 2668 ,
527 2608 747 2677 ἀκάμας
766 2606 885 2669 θεὸς
904 2647 919 2670 ,
940 2607 1140 2676 Φάνης,
1163 2605 1373 2667 Ἥλιος,
1406 2606 1646 2675 Οὐρανία
1669 2649 1682 2670 ,
1705 2606 1855 2675 Μνή-

1959 2617 2149 2681 tentia,
2177 2617 2329 2680 ﬁdes,
2356 2618 2679 2683 necessitas,
2708 2619 2879 2684 Atlas,
2910 2617 3217 2673 indefessus
3240 2619 3375 2673 deus
3401 2615 3539 2688 (3‘2),

268 2717 366 2769 μη,
385 2697 725 2768 Μνημοσύνη
749 2716 765 2763 ;
787 2699 879 2750 καὶ
909 2698 1088 2751 πάντα
1107 2695 1174 2749 ἂν
1203 2690 1361 2763 οἶμαι
1388 2696 1455 2748 τὰ
1478 2697 1856 2767 προειρημένα

1956 2706 2193 2771 Phanes,
2238 2706 2352 2772 Sol,
2406 2707 2647 2773 Urania,
2694 2708 2989 2774 Memoria,
3047 2708 3420 2779 Mnemosyne.
3477 2708 3544 2762 Et

263 2788 375 2841 τῶν
397 2787 539 2839 θεῶν
572 2785 753 2839 αὐτῶν
788 2785 1027 2855 ὀνόματα
1068 2788 1133 2854 τῇ
1154 2784 1336 2837 δεκάδι
1367 2784 1644 2853 ἀνήψαντο
1670 2784 1736 2837 ἂν
1759 2824 1773 2848 ,
1804 2786 1851 2837 εί

1963 2815 2094 2853 vero
2122 2802 2328 2864 omnia,
2362 2802 2577 2870 Opinor,
2612 2803 2872 2869 praedicta
2914 2802 3138 2855 deorum
3184 2801 3406 2854 nomina
3452 2801 3547 2854 de-

268 2879 344 2949 μὴ
376 2876 747 2948 προλαϐόντες
769 2876 812 2907 ⁸⁷
865 2877 1063 2927 ἐκεῖνοι
1086 2874 1261 2928 ταῦτα
1312 2874 1712 2945 ίδιοποιήσαντο
1761 2875 1856 2927 καὶ

1964 2891 2083 2946 cadi
2133 2893 2559 2948 attribuissent:
2604 2894 2707 2947 nisi
2748 2893 2836 2947 his
2870 2893 3004 2962 ipsis
3043 2903 3200 2947 antea
3241 2892 3548 2962 occupatis,

266 2969 511 3038 συνεχῶς
538 2968 609 3021 τά
635 2967 775 3020 αὐτὰ
796 2966 937 3019 κατὰ
969 2966 1189 3019 πάντων
1220 2965 1397 3032 λέγειν
1419 2959 1566 3019 οὗτοι
1591 2964 1854 3035 ἀπώκνη-

1962 2986 2181 3056 propria
2210 2986 2322 3056 jam
2366 2987 2454 3040 illa
2496 2987 2624 3041 aliis
2666 2984 2949 3050 fecissent,
2983 2996 3040 3040 et
3074 2984 3423 3040 continenter
3451 2998 3550 3038 ea-

268 3076 391 3124 σαν,
420 3058 553 3110 ἐπεὶ
580 3056 845 3126 ὑπέρθεός
870 3071 935 3122 γε
969 3055 1152 3117 αὐτοῖς
1171 3055 1205 3124 ἡ
1233 3053 1426 3117 δεκὰς,
1450 3054 1544 3106 καὶ
1573 3054 1633 3106 τὸ
1659 3055 1856 3125 κράτος

1961 3053 2082 3131 deni
2135 3053 2225 3131 de'
2259 3079 2489 3146 singulis
2540 3079 2722 3132 dicere
2778 3078 3065 3147 piguisset.
3121 3076 3349 3143 Quando
3401 3076 3548 3130 enim

263 3152 365 3218 τῆς
410 3152 471 3203 ἐν
525 3148 785 3219 ἀριθμοῖς
814 3147 1016 3217 ἔχουσα
1042 3146 1321 3217 θεότητος.
1358 3148 1457 3200 Διὰ
1488 3145 1649 3199 τοῦτο
1690 3144 1851 3199 Νικο-

1964 3168 2263 3236 superdeus
2297 3144 2409 3238 (33)
2456 3167 2624 3237 ipsius
2660 3144 2923 3221 denarius
2955 3176 3062 3232 est,
3098 3167 3190 3236 qui
3229 3166 3394 3221 etiam
3435 3180 3552 3219 om-

266 3245 431 3313 μάχῳ
472 3244 570 3296 καὶ
602 3241 924 3311 πολύστιχος
954 3241 983 3292 ό
1012 3241 1143 3311 περὶ
1180 3240 1353 3310 αὐτὴν
1390 3240 1573 3303 πόνος.
1632 3241 1698 3293 El
1748 3239 1854 3309 γὰρ

1965 3274 2088 3313 nem
2134 3260 2252 3329 ejus
2292 3260 2594 3314 divinitatis
2635 3260 2765 3326 vim,
2804 3275 2923 3328 quae
2971 3259 3023 3313 in
3068 3260 3309 3313 numeris
3342 3257 3553 3311 inveni-

262 3338 361 3390 καὶ
395 3334 639 3405 τιτολλῷθ8
674 3332 1187 3404 μακροστιχὼτερος
1213 3332 1243 3383 ὃ
1269 3347 1331 3383 τε
1369 3333 1472 3401 τῆς
1509 3330 1737 3399 μονάδος
1762 3332 1850 3385 καὶ

1965 3354 2073 3411 tur,
2108 3346 2353 3400 obtineat
2387 3365 2400 3400 :
2436 3358 2726 3416 propterea
2772 3363 2991 3415 quoque
3030 3347 3183 3401 fusus
3221 3349 3357 3402 adeo
3387 3345 3550 3399 Nico-

260 3428 606 3497 ἑϐδομάδος,
657 3424 772 3478 ἀλλ’
819 3427 848 3477 ὁ
903 3426 1001 3495 μὲν
1030 3424 1131 3493 τῆς
1167 3423 1428 3493 μονάδος,
1460 3423 1541 3475 ὅτι
1590 3423 1685 3475 καὶ
1728 3423 1848 3494 περ)

1963 3438 2190 3493 machus
2244 3440 2295 3493 in
2332 3441 2434 3494 hoc
2466 3440 2824 3495 deseribendo
2855 3455 2977 3495 esse
3018 3440 3204 3505 voluit,
3241 3440 3550 3508 quanquam

257 3521 374 3573 τῶν
406 3521 540 3589 ἑξῆς
580 3516 830 3587 ἀριθμῶν
860 3516 962 3569 οὐκ
990 3515 1147 3583 ὀλίγα
1172 3514 1515 3585 διεξέρχεται
1548 3516 1644 3570 καὶ
1671 3533 1845 3585 προοικ

1967 3528 2140 3582 multo
2174 3530 2353 3584 adhuc
2393 3530 2602 3601 longior
2657 3532 2727 3584 sit
2758 3531 2810 3584 in
2843 3533 3072 3584 moaade
3103 3539 3266 3599 atque
3300 3541 3553 3597 septena-

261 3612 417 3682 μίοις
453 3608 805 3663 πλατύνεται.
832 3607 979 3677 Πλὴν
1012 3608 1070 3660 ὲν
1091 3606 1134 3638 ⁸⁸
1168 3606 1372 3676 ἀμφοῖν
1403 3607 1573 3659 πολλα
1605 3608 1701 3660 καὶ
1734 3606 1849 3678 περ)

1964 3620 2068 3674 rio.
2105 3621 2301 3675 Verum
2334 3623 2388 3676 id
2422 3624 2494 3676 ita
2529 3624 2579 3677 in
2614 3625 2844 3676 mouade
2873 3623 3094 3687 accidit,
3136 3624 3275 3690 quod
3319 3621 3386 3675 de
3428 3620 3552 3674 reli-

255 3702 363 3769 τῆς
386 3699 618 3761 δεκάδος
640 3698 1033 3768 ὲμφιλοχωρεῖ,
1061 3693 1250 3765 ὥσπερ
1285 3697 1379 3748 καὶ
1404 3698 1462 3747 ὲν
1499 3696 1577 3764 τῷ
1607 3698 1739 3767 περὶ
1761 3697 1843 3766 τῆς

1967 3710 2092 3779 quis
2119 3709 2246 3764 item
2275 3713 2516 3767 numeris
2548 3727 2652 3765 non
2687 3712 2899 3764 modica
2934 3709 3005 3763 ibi
3038 3711 3297 3778 disputat,
3326 3715 3380 3760 et
3415 3721 3553 3775 prte-

258 3791 536 3853 πεντάδος
567 3789 710 3857 λόγῳ
743 3786 940 3858 μικροῦ
972 3786 1111 3857 πρὸς
1142 3787 1233 3839 τὸν
1265 3788 1363 3857 τῆς
1394 3787 1688 3856 ἑϐδομάδος
1717 3805 1846 3857 παρ-

1966 3801 2491 3872 fationibusinsuper
2528 3805 2861 3859 extenditur.
2900 3801 2999 3856 Ubi
3034 3811 3089 3855 et
3146 3803 3246 3855 hoc
3278 3801 3510 3855 observo
3536 3836 3552 3859 ,

272 3903 387 3938 ισου
395 3886 549 3954 μένῳ
579 3882 720 3936 κατὰ
753 3882 947 3951 μῆκος.

1970 3889 2230 3947 libentius
2262 3910 2385 3948 eum
2422 3897 2659 3949 sermoni
2698 3896 2764 3949 de
2805 3896 3027 3958 deeade,
3058 3896 3181 3947 dum
3225 3894 3293 3947 de
3326 3902 3555 3953 utroque

264 3982 362 4036 illo
399 3993 632 4033 numero
657 3977 912 4044 disputat,
948 3976 1216 4029 inluerere
1255 3990 1270 4027 :
1303 3973 1445 4041 quod
1480 3974 1619 4027 idem
1660 3976 1711 4027 in
1771 3980 2027 4046 quinario
2072 3985 2226 4054 facit,
2264 3989 2331 4044 de
2406 4005 2515 4059 quo
2568 4007 2722 4060 aeque
2798 4004 2934 4058 pene
3006 3989 3191 4043 multis
3254 3999 3418 4056 atque
3487 3985 3557 4045 de

266 4070 603 4139 septenario
639 4068 881 4122 disserit.
3430 4128 3435 4131 Δ

345 4164 520 4216 Ἀλλά
545 4161 655 4231 γὰρ
676 4158 814 4227 αὕτη
842 4176 924 4211 σοι
942 4195 958 4221 ,
983 4151 1028 4209 ὧ
1054 4156 1279 4225 φίλτατε
1308 4157 1582 4224 ἀδελφῶν,
1617 4160 1711 4212 καὶ
1738 4159 1850 4213 τῶν

2036 4168 2114 4221 Eu
2170 4168 2291 4232 tibi,
2338 4168 2663 4223 eharissime
2714 4165 2907 4231 frater,
2957 4179 3055 4233 per
3116 4180 3326 4219 summa
3377 4164 3554 4233 capita

255 4252 595 4324 Νικομάχου
620 4249 868 4319 ἀριθμῶν
891 4247 965 4310 ὡς
992 4248 1050 4299 ἐν
1077 4246 1357 4317 κεφαλαίῳ
1381 4249 1415 4317 ή
1450 4248 1843 4319 πολυθρύλητος

1964 4260 2290 4315 recensitam
2359 4259 2677 4314 Nicomachi
2736 4260 2883 4313 illam
2937 4260 3204 4313 celebrem
3239 4297 3255 4323 ,
3306 4266 3552 4326 repertu—

260 4349 365 4400 καὶ
398 4344 724 4414 δυσεύρετος
763 4340 1045 4407 θεολογία,
1079 4341 1138 4394 οὐ
1174 4339 1283 4411 (μά
1314 4341 1413 4409 τὴν
1439 4340 1482 4370 ⁷⁰
1519 4341 1674 4410 ὑμῶν
1706 4343 1848 4412 ἀγχί.

1966 4368 2066 4421 que
2112 4353 2388 4406 diliieilem
2431 4354 2483 4406 in
2532 4353 2783 4407 numeris
2827 4353 3175 4421 theologiam,
3208 4365 3328 4418 qua:
3379 4360 3554 4401 tamen

261 4454 426 4491 νοιαν
452 4435 550 4488 καὶ
580 4431 934 4503 φιλοπονίαν)
967 4432 1054 4484 διὰ
1085 4432 1146 4484 τὸ
1173 4434 1232 4483 ἐν
1264 4432 1402 4500 αὐτῇ
1429 4431 1769 4501 δυσέμϐατόν
1801 4450 1849 4485 τε

1968 4446 2147 4501 hercle
2198 4447 2269 4501 ob
2331 4447 2615 4500 inaccessa
2654 4460 2793 4514 pene
2846 4461 2964 4508 sua,
3001 4453 3382 4513 praeeeptuque
3419 4438 3556 4492 ditii-

261 4530 368 4584 καὶ
400 4526 853 4596 δυσκατάληπτον
888 4524 1085 4595 μικροῦ
1104 4524 1211 4577 τῶν
1241 4524 1544 4594 ἀνθρώπων
1575 4526 1849 4597 ἀνακεχω-

1973 4537 2099 4591 cilia
2141 4553 2323 4602 sensa,
2369 4554 2715 4608 nequaquam
2769 4539 3056 4607 perspicax
3108 4546 3351 4590 vestrum
3407 4535 3559 4603 inge-

267 4624 482 4693 ρηκυῖα
502 4660 517 4679 .
539 4622 662 4672 ἐπεὶ
690 4617 785 4670 νῦν
811 4619 881 4671 τά
911 4634 971 4669 τε
1002 4616 1359 4687 γεωμετρικά
1394 4618 1489 4669 κα)⁵
1522 4618 1855 4688 ἀριθμητικὰ

1975 4630 2120 4682 nium
2156 4640 2320 4698 atque
2349 4630 2684 4699 diligentiam
2730 4641 2885 4683 extra
2932 4631 3221 4683 humanam
3270 4641 3559 4695 propemo-

266 4716 375 4768 καὶ
397 4713 569 4769 τᾶλλα
592 4713 700 4765 τῶν
725 4710 1085 4781 μαθημάτων,
1111 4710 1185 4772 ὡς
1210 4712 1305 4762 καὶ
1332 4712 1398 4763 σὺ
1434 4710 1854 4777 συνεπίστασιιι¹

1970 4721 2092 4771 dum
2126 4720 2496 4773 conditionem
2529 4733 2810 4773 removere
2844 4718 3023 4789 potuit
3061 4736 3074 4771 :
3114 4716 3558 4786 quandoquidem

271 4807 473 4859 πολλοὶ
521 4806 631 4857 τῶν
661 4805 810 4874 ἡμᾶς
842 4802 1160 4871 ἐγνωκότων
1183 4802 1284 4854 οὐκ
1316 4801 1537 4855 ἔλαττον
1569 4798 1725 4871 οἶμαι
1770 4802 1859 4855 τοῦ

1971 4806 2080 4876 jam
2130 4808 2486 4879 geometrica,
2532 4808 2902 4870 arithmetica,
2954 4818 3291 4875 czeterasque
3349 4806 3559 4858 mathe-

270 4902 475 4964 παιδὸς
542 4898 799 4969 Ἑρμείου
829 4894 1082 4969 (οἶδαςἨ
1110 4896 1326 4957 πάντως
1367 4897 1469 4964 τὴς
1518 4897 1648 4966 περ).
1691 4896 1858 4949 ταῦτα

1975 4900 2204 4954 tuatieas
2246 4900 2564 4967 disciplinas
2602 4899 2685 4969 (ut
2731 4908 2787 4953 et
2837 4909 2895 4953 tu
2947 4899 3077 4967 seis)
3121 4898 3371 4969 plerique
3405 4896 3561 4951 nobis

267 4994 563 5063 δεξιότητα
594 4991 689 5045 τοῦ
726 4989 1083 5060 Ἀμμωνίου)
1135 4986 1513 5059 διακριϐοῦσι,
1566 4989 1663 5042 καὶ
1713 4989 1855 5042 οὐδὲι

1978 5006 2083 5043 non
2141 4990 2311 5060 ignoti
2372 4990 2542 5044 nihilo
2596 4990 2984 5061 negligentius,
3036 4990 3255 5061 Opinor,
3299 4997 3558 5049 tractant,

1590 5099 1824 5155 VARUE
1854 5100 2264 5160 LECTIONES.

348 5202 397 5231 ⁸⁸
426 5199 735 5268 περιρεὴαι
844 5212 859 5250 :
903 5196 1275 5269 neptsppeicqt
1304 5212 1363 5269 g_.
1403 5195 1657 5269 Fortasse
1696 5195 1978 5269 legendum
2015 5201 2269 5269 περιρρεῖ
2290 5218 2369 5256 τε.
2444 5200 2489 5231 ⁸³
2515 5199 2757 5269 Περσίαν
2786 5199 2871 5269 A.
2930 5199 2976 5230 “
3018 5198 3311 5268 Ὑπερίονα
3332 5199 3392 5269 ,Α
3425 5217 3440 5253 :
3467 5199 3562 5251 καὶ

286 5266 677 5341 ἰ’περίοναις.
755 5267 799 5298 ⁸⁸
824 5282 881 5341 τε
910 5267 1034 5341 add.
1078 5270 1143 5341 A_.
1194 5266 1265 5341 A“
1283 5266 1626 5341 téka_g._xai_
1665 5279 1790 5341 ante
1809 5267 1952 5341 divad.
1986 5279 2052 5341 et
2075 5266 2197 5322 mox
2224 5272 2294 5322 τὰ
2334 5271 2457 5323 add.
2495 5273 2560 5341 Α.
2600 5266 2677 5341 ί⁶⁷
2701 5268 3099 5341 προὸάντες-ς.
3161 5266 3219 5341 λετ
3256 5268 3467 5323 πολλῶν
3493 5272 3561 5323 Α.

277 5345 306 5395 ὃ
337 5359 400 5394 τε
428 5334 472 5395 Si
498 5359 513 5393 ;
544 5338 669 5392 οὔτε
699 5356 760 5403 ς.
835 5339 878 5369 ⁶⁹
906 5337 964 5389 ὲν
992 5339 1074 5389 ΑΞ
1103 5334 1161 5388 ἒν
1190 5336 1248 5388 ὲν
1273 5352 1334 5399 ς’.
1408 5335 1453 5367 ⁷⁰
1475 5336 1534 5388 οὐ
1566 5336 1641 5404 μὰ
1667 5336 1786 5408 τὴν]
1814 5339 1846 5405 ἡ
1891 5337 1968 5407 μὰ
2004 5338 2105 5409 τὴν
2165 5355 2310 5394 corr.
2351 5346 2415 5393 A.
2456 5339 2515 5392 ού
2565 5334 2832 5409 μάτηνς.
2908 5340 2951 5371 ⁷³
2992 5335 3139 5403 οἶδας
3160 5338 3268 5407 γὰρ
3302 5357 3363 5392 π.
3395 5355 3456 5402 ς.

352 5554 466 5627 (29)
518 5551 838 5627 Ἑκάεργον,
873 5550 1061 5627 idest,
1093 5549 1416 5627 Apollinem.
1471 5616 1483 5627 _
1769 5619 1801 5627 __
1970 5553 2272 5627 noursemel
2304 5555 2444 5627 dixit
2468 5555 2761 5627 Homerus.

351 5616 469 5696 (30)
504 5616 771 5696 Apollinis
803 5622 1078 5696 epitheton
1116 5622 1255 5696 apud
1291 5616 1524 5696 μορε-οι).
1559 5618 1651 5671 lib.
1694 5635 1708 5673 ι
1768 5619 1866 5674 Sa-
2042 5626 2154 5696 (5'5)
2212 5624 2528 5696 :Ynépeeog.
2555 5623 3018 5696 Quemadmodum
3052 5620 3145 5696 ὑφ’
3188 5620 3559 5696 Evlegendum

284 5689 1260 5764 turnal._)lide‘l’at_lsau:qetGyrald.
1297 5691 1520 5764 Syn‘tag.
1556 5705 1650 5743 vn.
1970 5689 2159 5752 censet
2206 5689 2430 5753 Servius
2488 5689 2620 5752 illud
2674 5692 2822 5764 Virg.
2877 5689 3245 5763 semperdetu,
3312 5689 3557 5763 aliasque

355 5765 470 5831 (5|)
507 5761 638 5815 Vide
669 5760 735 5812 ll.
765 5761 847 5831 St:
884 5756 1136 5831 Thesayr.
1167 5756 1359 5827 lingua"
1394 5756 1566 5831 Gram.
1734 5830 1765 5831 η
1971 5764 2084 5820 alii.

357 5827 473 5905 (52)
522 5832 769 5899 Ἀκάμας
817 5828 969 5893 Θεός.
1039 5827 1321 5895 Quomodo
1386 5829 1675 5898 ἀκάμαντα
1718 5830 1866 5902 ἥλιον
