4022 6446
546 348 654 410 603
1711 348 1976 409 ΡΗΟΤΙΙ
2033 348 2143 408 PA'.

2250 348 2533 409 lARClI/E
2571 349 2668 408 cp.
2721 323 2736 342 ’
3678 363 3771 426 aut

545 479 709 533 quam
746 461 1011 516 Ilermeizc
1041 460 1357 533 [quondam]
1387 460 1526 516 (ilius
1558 429 1754 532 (neque
1785 464 1931 516 enim
1963 463 2122 531 igno-

2250 461 2420 524 ιὺτοὺς
2447 461 2597 514 λάθοι
2628 460 2694 513 ἂν
2722 461 2828 513 τῶν
2881 461 3272 532 θεωρημάτων,
3295 462 3330 517 ἃ
3362 477 3773 533 συνεπεισκυκλεῐ

548 567 639 606 ras
661 552 932 605 Ammonii
969 551 1019 603 in
1053 552 1136 604 his
1173 551 1383 604 artibus
1415 551 1855 620 dexteritatem);
1884 552 2044 620 plane
2074 561 2132 604 ut

2250 553 2546 623 \‘txopaxoc
2595 553 2672 622 τῷ
2724 555 2856 624 περὶ
2889 555 3136 623 ἀριθμῶν
3176 556 3347 627 πόνῳ.
3393 560 3546 613 Ἀλλὰ
3593 567 3772 636 πόθενς

549 643 753 698 nullum
808 646 955 710 ipsos
1015 643 1185 696 latere
1239 643 1412 712 possit
1465 658 1653 695 eorum
1711 644 2129 708 lheorematum,

549 747 669 799 quae
699 746 1046 784 numerorum
1083 731 1206 784 huic
1248 732 1428 785 studio
1459 729 1820 784 Nicomachus
1864 730 2131 784 innexuit.

554 822 746 894 1451)
813 823 1011 877 Verum
1069 823 1213 877 unde
1275 825 1388 877 hare
1455 822 1819 877 defecerunt?
1875 822 2132 892 Tempus,

2246 644 2569 698 Ἰείσπάνισεν
2598 645 2626 694 ό
2665 644 2856 714 χρόνος
2879 685 2895 708 ,
2929 642 3115 713 οἶμαι,
3151 647 3246 700 καὶ⁹
3287 649 3350 701 τδ
3401 651 3474 721 μὴ
3523 655 3773 722 φείδεσθαι

2231 731 2340 792 τῶν
2392 732 2679 803 χρησίμων
2711 737 2774 786 ἐκ
2798 734 2893 786 τοῦ
2948 737 3121 805 ῥᾷστα
3156 738 3221 791 τά
3272 739 3517 809 ἄχρηστα
3561 745 3776 814 φθείρειν

2234 823 2354 887 ἔθος
2391 824 2549 878 ἔλαϐε
2589 827 2729 896 μέγα
2757 827 2850 880 καὶ
2877 827 3086 897 ἄμαχον
3127 831 3360 898 κράτος,
3399 834 3492 884 καὶ
3517 834 3778 904 ἐκέρδανεν

549 918 767 983 opinor,
801 924 854 967 et
884 915 1026 983 quod
1071 931 1136 968 ne
1179 914 1402 969 utilibus
1436 915 1651 983 quidem
1693 925 1970 984 parcatur,
2002 916 2128 967 dum

2250 917 2300 970 iw
2327 919 2421 972 καὶ
2448 919 2480 988 ἡ
2509 919 2824 989 Νικομάχου
2857 919 3058 990 σπουδὴ
3091 919 3151 972 τὸ
3198 922 3336 989 μετὰ
3382 923 3585 976 πολλῶν
3615 933 3784 998 χρησίυ

551 1007 762 1061 inutilia
817 1023 1044 1076 quaeque
1108 1006 1366 1060 facillime
1416 1007 1833 1070 labefactentur,
1891 1006 2124 1058 validam

2237 1026 2354 1079 μων
2401 1010 2599 1080 μικροῦ
2628 1011 2942 1080 νομίζεσθαι
2974 1012 3315 1094 διεφθάρθαι.
3363 1014 3502 1066 Ἀλλ’
3541 1016 3648 1069 ἔστι
3699 1023 3779 1075 καὶ

552 1099 761 1154 invexit
789 1099 1236 1153 consuetudinem
1280 1099 1648 1164 invictamque
1679 1099 1809 1161 vim,
1842 1113 1938 1166 per
1968 1111 2128 1164 quam

2250 1101 2568 1170 πράττεται,
2603 1104 2702 1156 οὐκ
2727 1104 2915 1173 ὀλίγην
2948 1104 3136 1171 δόξαν,
3157 1105 3232 1168 ὡς
3261 1107 3395 1176 ὁρᾷς
3419 1107 3512 1160 καὶ
3541 1104 3650 1162 οἶδα
3676 1111 3780 1181 ὄψει

552 1193 720 1246 etiam
771 1193 821 1245 id
871 1192 1140 1246 commodi
1185 1191 1454 1259 acceperit
1491 1189 1620 1243 illud
1669 1188 1982 1243 Nicomachi
2015 1201 2133 1242 stu-

2245 1190 2579 1264 σαφέστερον
2607 1233 2622 1256 ,
2653 1194 3089 1266 ἀποκειραμένη,

552 1284 722 1348 dium,
782 1285 927 1354 quod
978 1299 1116 1352 pene
1167 1298 1289 1337 cum
1347 1281 1530 1334 multis
1577 1281 1800 1335 utilibus
1857 1290 2176 1335 censeretur
2237 1283 2491 1348 periisse.
2549 1283 2872 1352 Quanquam
2947 1289 3219 1357 hodieque
3291 1297 3570 1343 attonsum
3641 1301 3787 1362 atque

555 1376 794 1429 accisam
851 1385 912 1430 ut
957 1386 1058 1442 est,
1098 1392 1203 1430 non
1257 1375 1509 1443 exiguam
1559 1375 2036 1443 (quemadmodum
2085 1382 2140 1426 et
2171 1375 2330 1429 modo
2373 1376 2546 1439 vides,
2578 1389 2634 1432 et
2687 1389 2810 1449 post
2857 1380 3044 1447 etiam,
3100 1383 3236 1448 scio,
3304 1381 3513 1436 clarius
3577 1384 3785 1450 videbis)

555 1467 780 1534 gloriam
815 1467 979 1537 parit.

1147 1564 1523 1622 CLXXXVIII.

557 1654 846 1709 Alexandri
902 1655 1308 1710 Admirabilium
1369 1658 1655 1722 Collectio,
1717 1665 1766 1710 et
1828 1652 2142 1724 Protagorae

849 1725 1156 1781 Geometriw
1182 1729 1416 1782 universi
1446 1731 1589 1783 orbis
1622 1728 1743 1782 libri
1772 1743 1848 1782 Vt.

628 1813 791 1871 Lecta
835 1827 919 1872 est
957 1819 1364 1874 Admirabilium
1389 1821 1682 1874 Alexandri
1710 1819 1824 1889 ('54)
1869 1816 2138 1872 Collectio.

561 1905 663 1972 Qui
702 1907 870 1961 multa
919 1912 1135 1978 quidem
1172 1913 1478 1980 prodigiosa
1529 1913 1633 1967 hoc
1668 1911 1940 1965 volumine
1980 1921 2142 1977 atque

561 1995 904 2050 incredibilia
943 2011 1357 2065 commemorat,
1388 2005 1480 2056 sed
1521 2002 1657 2056 alios
1697 2019 1801 2056 non
1842 2001 2142 2055 incelebres

563 2087 748 2142 laudat
779 2100 1052 2153 auctores,
1086 2093 1175 2159 qui
1208 2095 1396 2146 eadem
1430 2095 1582 2162 prius
1611 2095 1908 2147 narrarint.
1939 2092 2158 2147 Scribit‘

562 2191 742 2234 autem
798 2183 863 2236 tle
912 2183 1260 2249 animalibus,
1309 2185 1376 2239 de
1423 2185 1646 2253 plantis,
1699 2187 1768 2239 de
1827 2185 2140 2254 regionibus

562 2272 856 2339 nonnullis,
885 2274 950 2327 de
967 2273 1298 2340 llunninibus,
1321 2276 1384 2329 de
1411 2276 1648 2331 fontibus
1673 2285 1728 2352 et
1757 2276 1956 2335 herbis.
1979 2285 2140 2341 atque

563 2365 615 2418 id
647 2379 815 2433 genus
846 2365 984 2421 aliis.
1016 2365 1177 2421 Clara
1205 2367 1324 2435 ejus
1370 2378 1456 2424 est
1500 2369 1688 2431 dictio,
1717 2367 2141 2436 sutntnatimque

562 2471 685 2510 cum
719 2467 924 2520 narret,
954 2474 1057 2511 non
1090 2460 1313 2512 omnino
1339 2459 1696 2529 iucunditatis
1725 2474 1920 2526 expers
1948 2468 2052 2512 est.

633 2547 692 2601 In
731 2549 834 2603 hoc
869 2551 1058 2602 eodem
1103 2549 1382 2603 volumine
1424 2549 1739 2619 Protagorae
1767 2563 1981 2618 quoque
2009 2546 2144 2601 Geo-

562 2641 783 2703 metrica,
816 2655 938 2710 quae
967 2639 1208 2694 Universi
1239 2640 1380 2693 orbis
1407 2641 1621 2694 titulum
1653 2656 1763 2710 prae
1805 2656 1864 2695 se
1909 2640 2138 2704 ferebat,

565 2731 686 2783 libri
720 2746 814 2785 sex
856 2733 1300 2786 continebantur.
1336 2729 1542 2785 Ilorutn
1585 2733 1849 2802 quinque,
1883 2734 1983 2787 etsi
2033 2749 2138 2790 non

563 2822 901 2885 studiosam,
953 2838 1130 2892 neque
1178 2823 1262 2894 (ut
1313 2835 1502 2891 postea
1565 2824 1715 2891 let-it)
1786 2836 2136 2891 accuratam,

561 2915 706 2968 Asite
737 2926 938 2980 tamen,
961 2925 1016 2968 ct
1041 2915 1258 2980 Africze,
1281 2917 1409 2983 quin
1435 2927 1490 2970 et
1515 2915 1749 2985 Europae
1779 2919 1920 2970 situs
1943 2917 2142 2972 descri-

565 3007 804 3074 ptionem
848 3009 1303 3076 complectuntur.
1338 3009 1537 3064 Sextus
1567 3024 1696 3064 vero
1734 3009 1872 3063 liber
1899 3010 2138 3063 Alexan-

564 3098 647 3152 dri
701 3100 1102 3166 quodamtnodo
1135 3100 1452 3155 Collectioni
1506 3101 1820 3170 respondet.
1870 3101 2144 3156 Describit

563 3193 731 3260 enim,
763 3209 884 3262 qua:
931 3195 984 3248 in
1031 3197 1231 3250 mundo
1279 3197 1536 3252 universo
1583 3197 1857 3266 paradoxa
1902 3199 2144 3251 referun-

565 3296 653 3338 tur
705 3301 720 3339 :
765 3301 994 3353 quorum
1049 3287 1307 3356 pleraque
1367 3289 1644 3345 veteribus
1699 3299 1921 3356 accepta
1977 3290 2145 3342 rel‘crt

566 3375 927 3443 scriptoribus
959 3393 972 3429 :
1009 3376 1239 3445 plurima
1290 3379 1456 3431 etiam
1487 3395 1514 3430 a
1551 3393 1610 3432 se
1648 3379 1763 3433 visa
1803 3389 2005 3440 narrat,
2039 3395 2142 3432 non

570 3464 747 3517 minus
774 3467 1015 3518 omnium
1048 3467 1382 3536 opinionem,
1421 3483 1581 3536 quam
1612 3471 1890 3537 superiora
1932 3470 2022 3523 illa
2053 3485 2148 3523 ex-

567 3557 898 3624 superantia.
942 3557 1234 3628 Perspicua
1280 3571 1334 3614 et
1359 3561 1516 3630 hujus
1553 3561 1718 3616 dictio
1740 3570 1843 3627 est,
1873 3577 1935 3617 ac.
1967 3563 2148 3617 brevis

569 3648 832 3711 narratio,
863 3647 965 3702 hoc
995 3657 1150 3704 sexto
1179 3649 1317 3703 libro
1348 3651 1608 3705 maxime.

1183 3740 1518 3796 CLXXXIX.

570 3829 752 3886 Sotion
796 3832 868 3902 De
900 3833 1224 3900 ﬂuminibus,
1272 3833 1530 3902 fontibus,
1567 3851 1628 3888 ac
1676 3835 1911 3891 lacubus.
1942 3865 2012 3877 —-
2047 3833 2151 3890 Ni-

640 3902 778 3954 colai
799 3901 1106 3954 Damasceui
1141 3901 1346 3956 Murum
1377 3906 1766 3958 incredibilium
1791 3906 2147 3960 Col/ectanea.

637 4001 694 4010 -
734 3973 1056 4026 Acestoridw
1087 3972 1424 4047 Mythologio:
1449 3976 1678 4044 politiae:
1704 3976 1827 4029 libri
1863 3993 1936 4033 Iv.

646 4127 772 4194 Legi
806 4143 925 4196 qua:
946 4128 1132 4182 Sotion
1159 4127 1271 4200 (35)
1301 4131 1534 4198 sparsim
1566 4131 1840 4202 inopinata
1866 4134 1931 4189 de
1953 4133 2150 4200 ﬂuviis,

2951 1566 3131 1620 PIIH'.

2242 1652 2636 1730 Ἀλεξάνδρου
2667 1657 3024 1730 Θαυμασίων
3069 1658 3430 1730 Συναγωγή,
3463 1661 3561 1714 καί
3587 1667 3792 1730 Πρωτα-

2311 1726 2491 1792 γόρου
2510 1727 2878 1794 Γεωμετρίας
2903 1726 3014 1795 τῆς
3041 1726 3410 1799 οἰκουμένης
3424 1733 3594 1801 λόγοι
3628 1726 3710 1798 ἒξ.

2325 1835 2667 1906 Ἀνεγνώσθη
2685 1837 3036 1909 Ἀλεξάνδρου
3073 1842 3436 1909 Θαυμασίων
3471 1847 3779 1914 Συναγωγή.

2243 1928 2406 1996 Λέγει
2438 1929 2537 1998 μὲν
2559 1930 2616 1981 ὲν
2637 1929 2715 2000 τῷ
2739 1929 2927 2000 βιϐλίῳ
2955 1931 3125 1984 πολλὰ
3152 1933 3432 2004 τερατώδη
3465 1935 3558 1988 καὶ
3589 1937 3780 2004 ἄπιστα,

2243 2019 2383 2090 πλὴν
2433 2019 2624 2084 ἄλλους
2652 2021 2760 2074 τῶν
2794 2021 2894 2074 οὐκ
2930 2022 3151 2091 ἀφανῶν
3195 2024 3410 2091 είσάγει
3458 2025 3629 2080 ταῦτα
3681 2046 3785 2099 προ-

2241 2113 2657 2183 ῖστορήσαντας.
2684 2113 2849 2181 Λέγει
2882 2114 2938 2166 δὲ
2967 2114 3095 2181 περί
3127 2131 3185 2166 τε
3211 2115 3366 2178 ζώων
3397 2119 3492 2170 καὶ
3519 2117 3692 2184 φυτῶν
3712 2122 3788 2172 καὶ

2243 2206 2434 2275 χωρῶν
2466 2223 2626 2258 τινων
2658 2206 2748 2258 καὶ
2769 2207 2813 2236 τ’
2842 2223 2976 2259 ποτα
2988 2206 3237 2276 μῶν,κα“ι
3278 2208 3520 2276 κρηνῶν,
3541 2209 3631 2261 καὶ
3662 2209 3788 2279 βοτα-

2242 2297 2370 2361 νῶν,
2399 2299 2490 2350 καὶ
2532 2297 2639 2351 τῶν
2693 2297 2968 2352 τοιούτων.
3028 2299 3212 2368 Σαφὴς
3268 2299 3326 2352 δὲ
3358 2300 3459 2370 τὴν
3499 2301 3688 2370 φράσιν
3714 2304 3792 2356 καὶ

2244 2385 2626 2458 κεφαλαιώδης
2669 2388 2822 2454 ἐστὶ,
2871 2389 2964 2441 καὶ
3003 2388 3124 2452 οὐδὲ
3161 2388 3256 2442 τοῦ
3300 2389 3455 2460 ἡδέος
3512 2391 3790 2463 ἀπεστερη’

2247 2479 2427 2548 μένος.

2326 2572 2416 2626 Ἐν
2465 2573 2647 2645 ταὺτῷ
2687 2575 2745 2628 δὲ
2782 2573 2877 2629 καὶ
2907 2575 3272 2645 Πρωταγόρου
3307 2575 3668 2643 Γεωμετρίας
3701 2574 3792 2644 τῆς

2247 2663 2616 2734 Οἰκουμένης
2634 2665 2976 2734 ἐπιποαερὴν
2999 2665 3144 2735 ἔχον,
3178 2665 3329 2733 λόγοι
3359 2672 3433 2730 ς’,
3453 2661 3526 2718 ὧν
3549 2666 3613 2718 τὰ
3632 2666 3718 2735 μὲν
3739 2671 3792 2730 ε’,

2244 2760 2292 2809 εί
2327 2758 2420 2810 καὶ
2454 2757 2530 2828 μὴ
2557 2757 2865 2821 σπουδαίως
2893 2758 2990 2810 καὶ
3031 2758 3106 2820 ὡς
3133 2759 3182 2811 oi
3202 2758 3249 2789 7"
3285 2757 3516 2826 ὕστερον
3543 2757 3790 2827 ἀκριϐῶς.

2246 2849 2359 2901 ἀλλ’
2391 2845 2484 2902 οὖν
2520 2849 2619 2918 τὴν
2643 2849 2748 2918 τῆς
2790 2849 2974 2912 Ἀσίας
3004 2849 3100 2902 καὶ
3131 2849 3343 2918 Λιϐύης
3363 2889 3379 2914 ,
3427 2848 3561 2902 ἀλλὰ
3593 2849 3681 2900 καὶ
3709 2847 3793 2900 Εὐ-

2251 2939 2440 3011 ρώπης
2474 2941 2804 3010 περιήγησιν
2832 2943 3090 2994 ποιεῖται.
3125 2941 3198 2994 Τὸ
3223 2941 3281 2993 δὲ
3307 2941 3470 2994 ’ἐκτον
3501 2939 3793 3009 σύστοιχόν⁷⁵

2250 3033 2367 3096 πώς
2405 3035 2521 3086 ἐστι
2550 3035 2616 3103 τῇ
2659 3032 3012 3110 ξΑλεξάνδρου
3045 3034 3348 3104 Συναγωγῇ
3373 3049 3388 3064 ο
3415 3031 3526 3086 τῶν
3553 3031 3654 3101 γὰρ
3678 3029 3796 3082 κατὰ

2249 3127 2346 3196 τὴν
2371 3125 2695 3196 οἰκουμένην
2727 3126 3350 3196 παραδοξολογουμένων
3393 3124 3690 3195 ἀναγράφει
3717 3121 3796 3190 τὴν

2253 3217 2534 3288 ἱστορίαν,
2588 3212 2664 3269 ὧν
2715 3217 2783 3270 τά
2816 3217 2914 3285 μὲν
2970 3218 3051 3280 είς
3101 3217 3496 3286 ἀρχαιοτέρους
3544 3212 3797 3280 ἀναφέρει,

2253 3309 2423 3362 πολλὰ
2443 3311 2500 3362 δὲ
2521 3311 2616 3364 καὶ
2640 3310 2720 3372 είς
2746 3309 3012 3379 αὐτοψίαν
3033 3308 3161 3382 [242
3180 3308 3272 3380 IL]
3293 3309 3472 3372 ἕλκει,
3495 3307 3593 3360 οὐκ
3613 3305 3797 3357 ἔλαττον

2250 3407 2360 3459 τῶν
2388 3406 2563 3460 ἄλλων
2611 3405 3028 3475 προϐαλλόμενα
3077 3403 3137 3455 τὸ
3195 3400 3523 3473 παράδοξον.
3574 3397 3736 3466 Σαφὴς
3755 3394 3800 3446 δὲ

2254 3501 2346 3554 καὶ
2377 3497 2530 3564 οὗτος
2575 3501 2670 3554 καὶ
2697 3498 3076 3570 κεφαλαιώδης
3101 3498 3243 3552 κατὰ
3273 3497 3342 3551 τὸ
3372 3498 3532 3551 ’ἐκτον
3557 3493 3652 3564 τὴν
3683 3488 3798 3561 φρά-

2257 3610 2341 3648 σιν
2384 3593 2640 3664 μάλιστα.

2257 3863 2565 3927 Σωτίωνος
2599 3861 2722 3916 Τῶν
2751 3861 3070 3930 σποράδην
3103 3859 3242 3928 Περὶ
3261 3857 3550 3928 ποταμῶν
3574 3853 3798 3930 καὶκαὶ·

2330 3933 2448 3986 νῶν
2471 3923 2569 3985 καί
2598 3931 2828 4000 λιμνῶν
2870 3923 3591 4000 ἓταράδοξοξλογουμξένων,
3618 3955 3680 3964 ——
3719 3923 3797 3975 Νι·

2328 4003 2555 4057 κολάου
2581 3996 2939 4070 Παραδόξων
2957 3996 3110 4055 ἐθῶν
3132 3996 3798 4070 Συναγωγή.-ξΑκεστοο

2322 4073 2496 4141 ρίδου
2533 4067 2843 4126 Τῶνᾙατὰ
2865 4075 3049 4126 πόλιν
3068 4067 3342 4140 μυθικῶν
3361 4067 3528 4140 λόγοι
3552 4067 3619 4120 δ’.

2331 4161 2456 4232 [469
2479 4159 2573 4231 3.]
2638 4160 2976 4231 Ἀνεγνώσθη
3037 4162 3315 4224 Σωτίωνος
3368 4158 3492 4214 Τῶν
3523 4149 3798 4222 σποράδην

574 4222 816 4275 fontibus
842 4236 906 4273 ac
937 4219 1158 4275 lacubus
1214 4221 1403 4276 referri
1434 4223 1675 4290 scripsit.
1735 4224 2050 4295 Respondet
2094 4239 2143 4282 et

2253 4219 2386 4323 περὶ
2406 4219 2689 4323 ποταᾷιῶν
2719 4219 2817 4309 καὶ
2847 4219 3094 4323 κρηνῶν
3117 4256 3214 4309 καὶ
3242 4219 3476 4324 λιῖμνῶν
3500 4243 3795 4318 παραδοξο·

576 4314 664 4369 hic
688 4313 919 4376 libellus,
971 4313 1334 4380 convenitque
1365 4329 1488 4368 cum
1521 4313 1834 4384 Protagorae
1865 4327 2042 4384 sexto,
2096 4330 2150 4373 et

572 4405 862 4458 Alexandri
922 4403 1312 4469 Collectancis,
1349 4406 1450 4460 nisi
1494 4409 1636 4476 quod
1691 4410 1778 4464 hic
1817 4411 1884 4464 de
1917 4410 2143 4467 fontibus

2257 4439 2400 4509 ἕκτῳ
2432 4456 2490 4490 τε
2519 4439 2626 4490 τῶν
2655 4439 2782 4508 Πρω

575 4508 782 4551 tantutn
828 4508 882 4552 ct
913 4498 1136 4552 lacubus
1174 4499 1511 4554 incredibilia
1557 4516 1974 4568 commemoret,
2031 4519 2153 4557 cum

575 4590 651 4643 illi
711 4589 973 4657 ejusmodi
1033 4590 1100 4645 de
1157 4590 1280 4644 aliis
1336 4592 1502 4645 etiam
1564 4592 1816 4661 plurimis
1885 4595 2151 4650 scribant.

575 4682 768 4737 Sermo
822 4694 999 4736 autem
1047 4699 1153 4736 non
1200 4683 1358 4752 longe
1418 4685 1485 4739 ab
1541 4685 1754 4740 illorum
1797 4688 2033 4743 dictione
2075 4704 2160 4743 re-

574 4774 763 4828 cessit.

646 4861 700 4916 In
763 4865 864 4919 boc
915 4866 1041 4921 item
1094 4865 1371 4923 volumine
1421 4869 1594 4924 lectus
1633 4881 1718 4924 est
1745 4869 1951 4926 Nicolai
1997 4873 2156 4943 liber,

575 4953 773 5010 Ilerodi
812 4957 925 5026 (36)
956 4955 1263 5012 Iudaeorum
1300 4960 1411 5030 regi
1445 4961 1757 5031 inscriptus,
1789 4979 1900 5033 quo
1924 4962 2161 5018 Incredi-

573 5049 756 5102 bilium
806 5067 1014 5104 morum
1062 5051 1315 5106 Collectio
1370 5054 1780 5110 continebatur.
1838 5055 2028 5110 Incidit
2061 5077 2158 5112 an-

2255 4348 2660 4418 λογουμένων.
2686 4349 2972 4418 Σύστοιχον
3000 4349 3092 4402 καὶ
3121 4347 3278 4401 τοῦτο
3305 4349 3364 4401 τὺ
3398 4344 3714 4418 βιϐλιδάριον
3738 4333 3793 4402 τῷ

2784 4439 3017 4506 ταγόρου
3042 4440 3136 4492 καὶ
3174 4442 3239 4509 τῇ
3281 4436 3628 4505 Ἀλεξάνδρου
3664 4431 3796 4482 Συνα-

2260 4532 2440 4599 γωγῇ,
2458 4529 2596 4599 πλὴν
2625 4529 2707 4582 ὃτι
2737 4529 2970 4582 ἐνταῦθα
2985 4530 3054 4582 τὰ
3071 4530 3201 4599 περὶ
3232 4530 3450 4600 κρηνῶν
3476 4527 3630 4597 μόνον
3655 4522 3698 4551 ⁷⁸
3727 4514 3798 4568 καὶ

2260 4621 2464 4691 λιμνῶν
2494 4620 3068 4692 παραδοξολογούμενα
3105 4621 3424 4690 ἱστορεῖται,
3449 4623 3508 4675 ἐν
3528 4613 3737 4672 ἐκείνοις
3757 4605 3798 4658 δὲ

2265 4716 2361 4768 καὶ
2411 4711 2672 4766 πλειόνων
2727 4713 2923 4767 ἄλλων.
2985 4713 3050 4766 Ἠ
3107 4713 3164 4766 δὲ
3201 4715 3402 4782 φράσις
3466 4701 3802 4778 παραπλήσιοῖ

2266 4807 2516 4870 ἐκείνοις.

2347 4878 2435 4929 Ἐν
2457 4876 2639 4946 ταὺτῷ
2659 4877 2715 4929 δὲ
2756 4876 3172 4947 συνανεγνώσθη
3192 4878 3238 4908 ⁷⁷
3271 4877 3364 4930 καὶ
3391 4869 3650 4930 Νικολάου
3676 4860 3803 4924 λόγος

2279 4968 2490 5038 Ἡρώδῃ
2514 4966 2593 5038 τῷ
2633 4967 2902 5020 Ἰουδαίων
2929 4968 3138 5036 βασιλεί
3164 4946 3699 5038 ίπροσπεφωνημένος
3721 4988 3734 5012 ν
3757 4946 3804 5038 ἐγ

2267 5057 2310 5130 ᾧ
2341 5035 2706 5128 Παραδόξων
2743 5061 2896 5115 ἐθῶν
2925 5035 3042 5115 ἔστι
3094 5035 3442 5132 Συναγωγή.
3490 5035 3802 5121 Συμόαίνει⁷⁸

1846 5150 2081 5206 VAIiUE
2121 5154 2535 5210 LECTIONES.

641 5239 686 5321 ’ἦ
714 5239 810 5321 καὶ
835 5250 991 5321 ,ηηιθ
1020 5240 1281 5321 ποταμῶν
1311 5254 1421 5321 om.
1601 5243 1648 5276 ⁷³
1687 5244 1744 5321 δὲ
1785 5245 1869 5300 A:
1908 5249 2014 5318 γάρ
2031 5251 2087 5304 δὲ
2109 5269 2168 5316 ς,
2203 5253 2560 5321 γεωγραφίας
2602 5251 2976 5307 Casaubonus.
3053 5253 3102 5284 τι
3137 5253 3183 5304 οἱ
3221 5253 3348 5306 add.
3383 5252 3423 5304 A
3457 5256 3618 5321 :_cum
3644 5231 3800 5321 εοᾴξῇξιξ

571 5319 688 5387 post
731 5309 912 5387 :Aolat;
939 5311 1105 5387 ⁸οιιιίσί
1143 5309 1230 5387 τε..
1338 5311 1719 5387 ⁷⁵-σιῇστοιχ-ον]
1786 5309 2048 5387 στοιγξεῖον
2085 5309 2150 5376 Ᾰ.

575 5379 674 5448 μὲν
697 5382 778 5443 εἰς
799 5380 993 5434 ταύτὸν
1019 5381 1066 5433 Α
1108 5401 1121 5436 :
1148 5383 1242 5434 καὶ
1268 5381 1560 5453 συμϐαίνει
1589 5379 1689 5454 μὲν
1709 5379 1784 5449 ’ς.

2251 5325 2299 5355 ⁷⁸
2330 5300 2506 5393 μῖνῶν
2675 5324 2722 5354 ’⁷
2749 5323 3058 5390 συνανέγνω
3077 5323 3315 5390 -λόγον
3345 5327 3408 5376 A.
3484 5317 3529 5348 ⁷⁸
3553 5300 3802 5379 εῖυμδίλίν“ει

2077 5482 2307 5542 NOTAE.

647 5564 760 5639 ςδι)
794 5563 1149 5635 Polyhistoris
1178 5565 1322 5622 illius
1376 5567 1609 5634 Milesii,
1643 5570 1711 5624 de
1743 5585 1853 5639 quo
1888 5571 2043 5627 Suid.
2107 5583 2164 5629 et

577 5633 887 5688 Athenarus.

653 5705 766 5783 (.55)
805 5706 896 5783 An_
919 5705 1011 5783 hic
1058 5705 1413 5783 ille‘lorsitan
1464 5708 1882 5780 Alexandrinus,
1941 5715 2035 5783 qui
2087 5715 2156 5772 ab

592 5773 852 5828 Athcnzro
883 5773 1178 5830 laudatur?

2338 5574 2450 5646 (56)
2470 5573 2642 5642 Hujus
2665 5573 2819 5646 enim
2841 5573 3157 5646 bnoypacpia
3186 5571 3355 5646 fuisse
3385 5544 3799 5646 Νἱοοιξιηιιιὲιξξὶξθςξξ

2267 5613 3496 5714 in87633115”diﬁEiaiiiitiu‘E’rBnitiﬁgen.
3544 5622 3707 5686 libello
3739 5613 3802 5683 De.

2268 5715 2605 5771 Tltematibus
2641 5713 2846 5773 Orient.
