4022 6448
354 396 465 459 635

1106 401 1625 464 BIBLIOTIIECA.
1666 433 1737 444 —
1774 408 1986 471 CODD.
2030 413 2446 494 CLXXXVIII,
2479 423 2836 485 CLXXXIX.

3504 438 3607 501 606

359 508 463 573 μὲν
490 505 573 567 είς
620 506 817 559 ταύτὸν
866 509 1026 573 ἐνίοις
1057 511 1165 564 τῶν
1211 514 1315 565 ὑπὸ
1368 515 1714 589 Ἀλεξάνδρου
1756 537 1929 589 παρα-

2038 535 2143 579 tcm
2175 526 2447 582 interdum
2482 533 2535 585 in
2562 537 2744 589 eadem
2785 538 3078 605 inopinata,
3113 556 3233 609 qua:
3261 545 3328 598 ab
3364 544 3607 601 Alexan-

352 595 527 661 δόξων
558 597 1019 667 συνειλεγμένων,
1062 603 1151 655 καὶ
1181 605 1309 673 περὶ
1357 601 1433 658 ὧν
1476 607 1533 658 δὲ
1581 609 1768 661 Κόνων
1803 627 1927 664 συν-

355 688 593 755 έταξεν,
650 690 753 743 οὐκ
802 692 957 760 όλίγα
1013 694 1363 766 προσέγραψε
1391 700 1436 729 ⁷⁸
1468 715 1484 730 ο
1528 701 1665 771 πλὴν
1711 702 1769 756 έν
1821 721 1932 756 τισι

352 779 737 848 παραλλάσσει
765 784 886 844 ταῖς
923 784 1187 852 ἱστορίαις
1208 827 1225 852 ,
1266 788 1639 858 ἐτεροτρόπως
1683 792 1820 843 αὐτᾶ
1854 793 1933 844 δι·-

352 870 536 934 εξιών.
589 874 703 943 Τὴν
752 873 809 925 δὲ
856 877 1055 945 φράσιν
1086 878 1265 931 έστ¹ι⁸⁰
1296 881 1394 949 μὲν
1436 883 1528 933 xal.
1574 884 1737 945 αὐτὸς
1764 902 1935 953 κεφα-

358 962 624 1030 λαιώδης,
655 963 720 1014 οὐ
752 963 858 1033 μὴν
907 965 1027 1017 οὐδὲ
1071 966 1162 1019 τοῦ
1203 968 1407 1036 σαφοῦς
1455 971 1928 1041 ἀνακεχωρηκὼς,

366 1054 609 1122 μετέχων
631 1053 683 1105 δέ
717 1071 834 1115 πως
880 1058 974 1107 καὶ
1011 1057 1120 1109 τῶν
1148 1060 1560 1130 προειρημένων
1593 1061 1790 1130 μᾶὶθλον
1836 1080 1934 1116 συ-

370 1146 612 1215 στροφῆς
648 1162 787 1207 τινος
810 1146 854 1177 ⁸⁸
894 1148 989 1199 καὶ
1025 1148 1346 1218 δεινότητος.
1392 1153 1552 1219 Λέγει
1590 1153 1636 1204 δ’
1674 1153 1789 1206 ἔνια
1834 1154 1932 1223 μὲν

373 1238 587 1298 πολλοῖς
608 1277 620 1297 ,
653 1238 699 1288 εί
730 1237 825 1289 καὶ
853 1238 1125 1305 ξενίζοντα
1154 1242 1237 1312 εἴη
1264 1282 1277 1306 ,
1315 1243 1463 1312 ὅμως
1490 1244 1895 1313 ὁμολογούμενα
1913 1286 1929 1310 ,

374 1328 491 1379 τινὰ
518 1328 561 1378 δ’
584 1328 922 1396 ἀγνοούμενα
970 1330 1107 1398 μὲν,
1162 1333 1223 1384 οὐ
1277 1333 1383 1403 μὴν
1427 1334 1490 1385 ὲκ
1513 1332 1606 1385 τοῦ
1655 1334 1931 1402 ἐμφανοῦς

524 1422 706 1488 μάχην
728 1421 804 1489 τῷ
833 1422 1046 1492 πιθανῷ
1070 1424 1443 1493 καθιστάμενα
1461 1442 1476 1456 ’
1501 1426 1596 1497 ἔθη
1627 1429 1733 1497 γὰρ
1762 1426 1931 1479 έθνῶν

366 1511 634 1581 ὶδιότροπα
651 1513 721 1564 τὰ
753 1512 921 1566 πολλὰ
956 1517 1372 1584 περιαγγέλλειο
1406 1520 1588 1591 εὑρεῖν
1622 1520 1667 1572 δ’
1696 1520 1845 1572 ἔστιν
1872 1523 1929 1574 ὲν

356 1600 537 1663 αὐτοῖς
572 1602 669 1654 καὶ
713 1602 773 1655 τὸ
805 1604 1067 1658 ἀπίθανον
1105 1610 1495 1679 προῖσχόμενα.
1540 1610 1597 1663 ’0
1648 1614 1710 1664 ὲκ
1743 1616 1929 1681 Δαμα-

351 1689 480 1741 σκοῦ
508 1690 555 1744 δ’
588 1692 739 1745 ἐστιν
764 1688 936 1760 οὗτος,
963 1692 1136 1766 οἶμαι,
1163 1700 1428 1764 Νικόλαος
1446 1741 1461 1765 ,
1493 1703 1521 1754 ὁ
1549 1704 1639 1754 ἐπὶ
1679 1703 1787 1755 τῶν
1818 1704 1929 1757 Αὐ-

345 1781 585 1847 γούστου
610 1785 819 1854 χρόνων
843 1788 1099 1856 ἀκμάσας
1116 1791 1213 1842 καὶ
1232 1790 1382 1858 φίλος
1400 1792 1546 1863 αὑτῷ
1564 1812 1665 1865 χρη
1675 1795 1926 1864 ματίσαςο

2036 618 2133 670 dro
2154 619 2378 675 collecta
2413 622 2648 691 fuerunt,
2703 631 2955 697 ascriptis
2998 633 3161 685 etiam
3188 650 3293 688 non
3331 640 3514 705 paucis
3538 656 3604 694 ex

2035 708 2273 764 Cononis
2306 712 2416 783 (57)
2453 719 2871 775 narrationibus.
2916 723 3170 778 Attamen
3206 725 3255 778 iu
3286 727 3606 796 quibusdam

2037 802 2280 855 historiis
2310 845 2324 869 ,
2353 806 2508 860 aliter
2540 808 2782 862 instituta
2815 815 3140 877 narratione,
3169 816 3438 871 dissentit.
3497 818 3609 871 Hn-

2033 892 2121 961 jus
2156 910 2369 964 quoque
2401 900 2575 951 oratio
2622 900 2814 972 146a
2855 907 3080 959 summis
3131 910 3287 976 quasi
3341 912 3607 980 capitibus

2037 984 2352 1048 absolvitur,
2415 1004 2512 1043 nec
2562 1007 2589 1043 a
2640 994 3027 1060 perspicuitate
3057 1014 3301 1068 Unquam
3334 1003 3604 1060 discedit:

2035 1076 2269 1130 adhibita
2300 1079 2516 1133 interim
2548 1081 3115 1156 frequentiore,quam
3147 1092 3608 1159 pra2tlicti,inver-

2035 1168 2185 1223 sione
2212 1185 2275 1224 ac
2300 1173 2582 1240 gravitate.
2644 1175 2832 1231 Refert
2866 1180 2991 1233 item
3020 1184 3299 1245 nonnulla,
3330 1201 3448 1253 quae
3480 1186 3606 1241 licet

2036 1272 2131 1311 sua
2170 1261 2408 1316 novitate
2469 1265 2709 1331 turbent,
2777 1269 2959 1322 multis
3014 1281 3191 1325 tamen
3252 1274 3303 1327 iu
3357 1275 3607 1329 confesso

2036 1358 2161 1401 sunt
2188 1366 2201 1402 :
2234 1359 2289 1403 et
2317 1367 2528 1405 rursum
2554 1355 2821 1423 incognita
2845 1360 3031 1421 multa,
3057 1362 3155 1414 sed
3180 1379 3299 1430 quia
3324 1365 3608 1419 manifesto

2038 1449 2363 1495 tamencum
2417 1445 2641 1499 veritate
2685 1463 2789 1500 non
2845 1460 3102 1519 pugnent.
3167 1452 3419 1508 Gentium
3460 1457 3603 1510 enim

2036 1547 2214 1587 mores
2246 1534 2534 1603 unicuique
2558 1540 2823 1606 proprios,
2858 1551 2911 1592 ut
2949 1542 3236 1608 plurimum
3275 1560 3607 1600 commento-

2034 1632 2137 1677 rat.
2179 1622 2496 1695 Quanquam
2525 1638 2577 1681 et
2608 1632 2657 1680 in
2688 1630 2770 1683 his
2797 1634 3056 1699 reperias,
3104 1651 3221 1703 qua:
3246 1652 3365 1689 mox
3402 1637 3602 1690 nullam

2034 1718 2229 1771 mereri
2257 1718 2411 1772 (idem
2445 1721 2700 1775 indicent.
2743 1723 3113 1779 Damascenus
3146 1737 3323 1781 autem
3366 1728 3472 1792 hic,
3526 1730 3603 1782 uti

2035 1823 2132 1877 ego
2168 1810 2438 1876 existimo,
2470 1810 2720 1868 Nicolans
2752 1815 2837 1869 ille
2868 1826 2993 1880 est,
3029 1818 3121 1885 qui
3144 1820 3364 1887 Augusti
3395 1831 3603 1888 tempo-

340 1870 406 1936 ἐξ
430 1868 497 1927 οὗ
524 1876 621 1927 καὶ
645 1877 994 1931 πλακούντων
1018 1897 1073 1933 τι
1098 1876 1235 1943 εἶδος
1254 1922 1269 1946 ,
1302 1881 1338 1935 δι
1367 1882 1636 1954 διέπεμπε
1670 1888 1926 1957 Καίσαρι,

2036 1868 2185 1951 ribus
2198 1900 2397 1963 ﬂoruit,
2421 1868 2590 1971 eoque
2606 1915 2687 1956 est
2708 1868 2835 1958 usus
2862 1868 3603 1978 fantilitiri(137%.i'l-qiio-(gé)

344 1967 429 2027 εἰς
484 1968 657 2038 τιμὴν
706 1969 799 2021 τοῦ
851 1969 1256 2042 δεξιουμένου⁸²
1306 1974 1586 2039 νικολάους
1632 1979 1659 2029 ὁ
1714 1979 1930 2048 Καῖσαρ

342 2057 631 2115 ἐκάλεσεν.
664 2055 829 2125 Οὗτος
858 2065 952 2116 καὶ
997 2065 1361 2135 Ἀσσυριακὴν
1375 2066 1423 2098 ⁸³
1465 2066 1729 2137 Ἱστορίαν
1753 2071 1810 2120 ἐν
1838 2087 1933 2121 πο-

341 2149 589 2222 λυστίχῳ
621 2153 813 2224 βιὸλίῳ
832 2196 845 2219 ,
867 2157 967 2210 ὅσα
998 2158 1234 2210 παλαιὰν
1266 2159 1487 2229 μνήμην
1504 2159 1551 2190 ⁸⁸
1572 2160 1932 2231 ἀναγνωσμά-

343 2257 457 2295 των
494 2242 695 2313 ἔχομεν
718 2285 734 2309 ,
776 2248 1186 2303 καταλέλοιπεν.

430 2511 526 2563 Ἐν
555 2510 738 2581 ταύτῷ
782 2509 839 2563 δὲ
885 2509 1066 2579 τεύχει
1116 2512 1530 2584 ωνανεγνὼσθη
1570 2515 1632 2567 ἐν
1663 2515 1838 2584 λόγοις
1886 2515 1931 2570 δ’

342 2603 728 2673 Ἀκεστορίδου
773 2602 895 2655 Τῶν
920 2604 1081 2656 Κατὰ
1119 2607 1300 2657 πόλιν
1338 2606 1617 2659 Μυθικῶν
1635 2607 1702 2661 ⁸⁸.
1742 2609 1928 2663 Ἕοικε

347 2696 449 2764 μὲν
478 2694 574 2748 οὖν
603 2689 757 2758 οὗτος
800 2696 831 2747 ὁ
870 2694 1009 2766 ἀνὴρ
1048 2696 1148 2748 οὐκ
1179 2697 1378 2764 ὀλίγων
1407 2696 1811 2772 εὐστοχώτερον
1857 2704 1924 2774 τῇ

344 2790 633 2858 ἐπιγραφῇ
665 2787 972 2858 κεχρῆσθαι
996 2802 1011 2817 ⁶
1039 2787 1075 2840 ἂ
1107 2787 1215 2858 γὰρ
1249 2788 1428 2857 ἕτεροι
1456 2790 1488 2859 ἢ
1526 2791 1579 2842 οἵ
1596 2808 1659 2858 γε
1694 2792 1930 2862 μετριώ-
1994 2804 1999 2811 ’

342 2895 498 2950 τεροι
539 2879 706 2949 μηδὲν
750 2879 1221 2949 ὲπισημηνάμενοι
1246 2919 1262 2941 ,
1299 2879 1331 2949 ἢ
1364 2878 1493 2932 ἔνιοι
1525 2881 1617 2934 καὶ
1647 2882 1724 2945 ὡς
1752 2883 1926 2953 ἀληθῆ

346 2971 937 3041 σπουδαιολογήσαντες
949 2973 998 3011 ⁸ο
1027 2971 1429 3040 ἁνεγρὰψαντο,
1460 2971 1615 3025 ταῦθ’
1652 2966 1805 3037 οὗτος
1830 2975 1928 3028 σὺν

339 3065 423 3135 τῷ
455 3064 741 3135 φιλαλὴθει
782 3064 983 3134 μύθους
1022 3066 1258 3128 καλέσας
1285 3066 1386 3137 τὴν
1412 3068 1543 3136 περὶ
1578 3068 1754 3120 αὐτῶν
1785 3069 1929 3120 ἱστο-

344 3160 473 3229 ρίαν
498 3158 532 3228 ἢ
569 3156 929 3226 μυθολογίαν,
951 3156 1026 3219 ὼς
1056 3158 1150 3209 κοιλ⁵
1180 3157 1340 3220 αὐτὸς
1367 3158 1547 3228 χαίρει
1574 3159 1748 3225 λέγων
1768 3201 1780 3223 ,
1806 3176 1927 3210 συν-

336 3248 597 3311 ετάξατο.
629 3248 805 3300 Πολλὰ
839 3249 937 3316 μὲν
968 3248 1058 3300 οὖν
1088 3248 1235 3302 ἔστιν
1259 3249 1319 3301 ὲν
1361 3248 1571 3313 τούτοις
1621 3251 1801 3320 εὑρεῖν
1824 3291 1838 3313 ,
1889 3251 1925 3303 ἃ

337 3357 401 3391 τε
434 3339 774 3392 συνείλεκται
795 3340 1026 3404 Κόνωνι,
1053 3342 1145 3392 καὶ
1164 3342 1560 3411 Ἀπολλόδωρος
1591 3344 1649 3394 ἐν
1673 3345 1740 3413 τῇ
1762 3342 1926 3394 αὑτοῦ

335 3427 463 3485 εἷπε
493 3432 823 3502 Βιϐλιοθήκῃ
859 3433 954 3485 καὶ
1002 3434 1346 3504 Ἀλέξανδρος
1385 3435 1606 3505 ἤθροισε
1648 3438 1741 3488 καὶ
1762 3434 1928 3487 Νικό-

334 3524 472 3586 λαος
529 3526 921 3593 προσεφώνησε
976 3527 1070 3578 καὶ
1110 3527 1479 3601 Πρωταγόρας
1534 3527 1925 3597 προδιέλαόεν·

333 3615 525 3667 ἔστιδ’
542 3616 887 3687 Ἀκεστορίδῃ
919 3616 1092 3687 τούτῳ
1110 3619 1393 3671 καὶπολλὰ
1421 3620 1520 3689 μὲν
1544 3619 1653 3672 τῶν
1687 3621 1921 3684 ἐκείνοις

332 3707 665 3778 ἀφειμένων
714 3709 1213 3781 ἀναγεγραμμένα,
1268 3711 1411 3782 πλὴν
1449 3712 1541 3765 καὶ
1570 3712 1630 3765 ὲν
1663 3712 1877 3775 πολλοῖς
1906 3754 1921 3779 ,

333 3802 474 3873 περὶ
506 3796 586 3855 ὧν
622 3793 775 3866 οὗτός
806 3820 868 3855 τε
913 3805 1153 3856 κάκεῖνοι
1176 3803 1536 3874 διεξέρχονται
1567 3845 1581 3869 ,
1611 3802 1927 3873 ἀσύμϐατον

336 3895 495 3947 ἐστιν
550 3894 735 3947 αὐτῶν
782 3894 1082 3949 θεάσασθαι
1129 3895 1230 3967 τὴν
1279 3896 1576 3967 ἀφήγησιν.
1616 3895 1790 3949 Πολλὰ
1827 3896 1928 3966 μὲν

338 3980 430 4039 οὖν
468 3985 503 4036 ὁ
541 3983 682 4055 ἀνὴρ
723 3985 819 4038 καὶ
876 3986 1141 4056 ἱστορίαις
1178 3985 1449 4050 ὲπιδόξοις
1503 3986 1927 4057 μαρτυρούμενα

334 4076 397 4127 ἐν
422 4078 545 4138 τοῖς
589 4075 752 4129 αὑτοῦ
784 4075 963 4144 λόγοις
993 4077 1328 4146 ἀναγράφει,
1382 4076 1495 4129 ἐστι
1532 4077 1579 4130 δ’
1610 4077 1645 4130 ἃ
1678 4078 1773 4131 καὶ¹
1806 4080 1930 4140 ταῖς

332 4166 660 4236 ἐναργείαις
688 4169 748 4221 τὺ
772 4169 964 4220 πιστὸν
978 4168 1022 4200 ⁸⁷
1047 4167 1419 4221 ἐνδείκνυσθαι
1443 4168 1796 4239 δεδυνημένα.
1818 4169 1928 4222 Καὶ

335 4259 490 4311 ἔοικε
528 4259 730 4328 μᾶλλον
773 4260 835 4311 τὸ
872 4259 1102 4329 μυθικὸν
1136 4260 1236 4312 οὐκ
1280 4260 1372 4311 ἐπὶ
1403 4259 1625 4330 διαϐολῇ
1655 4259 1765 4312 τῶν
1801 4276 1930 4312 συν-

333 4350 697 4420 τεταγμένων
730 4350 879 4420 αὐτῷ
913 4351 1237 4421 ὲπειρῆσθαι
1259 4392 1273 4414 ,
1326 4351 1465 4403 ἀλλὰ
1507 4352 1566 4403 τὸ
1612 4350 1801 4421 χαρίεν
1835 4350 1930 4403 καὶ

335 4442 677 4512 ψυχαγωγδν
699 4441 881 4494 αὐτῶν
903 4442 1142 4495 ὲνδεικνυ
1151 4443 1295 4513 μένῳ
1316 4485 1330 4507 ,
1363 4443 1491 4514 [472
1524 4443 1616 4517 Ιῖ.]
1648 4444 1787 4515 πλὴν
1810 4444 1927 4496 ἀλλ’

2031 1999 2086 2042 et
2123 1992 2488 2056 placentarum
2546 2008 2713 2060 genus
2754 1995 2990 2049 uicolaos
3031 1998 3212 2052 Caesar
3269 2004 3602 2067 nominabat,

2032 2095 2167 2148 quas
2194 2081 2312 2134 ideo
2343 2084 2406 2135 ad
2447 2083 2587 2138 hunc
2623 2085 2710 2139 ille
2753 2088 2975 2142 honoris
3016 2090 3184 2156 gratia
3220 2093 3433 2145 mittere
3462 2094 3606 2146 sole-

2031 2171 2143 2235 bat,
2186 2174 2327 2241 quod
2362 2189 2545 2241 parem
2575 2176 2674 2228 sibi
2716 2177 3084 2232 familiaritate
3134 2181 3471 2249 reddidisset.
3512 2183 3607 2237 llic

2034 2264 2171 2318 idem
2235 2268 2435 2336 ingenti
2497 2270 2763 2323 volumine
2809 2274 3086 2343 Assyriam
3118 2274 3231 2345 ('59)
3284 2274 3605 2341 Historiam,

2031 2366 2291 2423 quantum
2321 2362 2495 2426 potuit
2526 2376 2591 2415 ex
2623 2363 2843 2432 antiqua
2883 2366 3142 2419 memoria
3192 2365 3419 2433 legendo
3458 2382 3608 2422 asse-

2031 2449 2143 2516 qui,
2184 2450 2422 2518 reliquit.

2100 2538 2176 2592 Eo
2197 2539 2311 2608 ipso
2344 2540 2395 2594 in
2423 2541 2606 2596 codice
2648 2542 2873 2612 legimus
2903 2545 3232 2599 Acestoridze
3261 2547 3608 2599 Politicarum

2031 2627 2359 2684 It‘abutarum
2404 2633 2513 2704 (40)
2553 2635 2717 2688 libros
2749 2647 3005 2704 quatuor.
3043 2636 3263 2691 Videtur
3303 2650 3483 2694 autem
3522 2641 3610 2694 hic

2030 2721 2263 2790 scriptor
2289 2722 2493 2789 majore
2523 2724 2740 2776 solertia
2772 2726 2825 2777 in
2862 2725 2982 2778 libri
3005 2727 3087 2780 sui
3124 2728 3280 2781 titulo
3311 2743 3442 2782 usus
3465 2744 3605 2791 esse,

2029 2828 2187 2878 quam
2229 2812 2474 2881 plerique
2518 2813 2627 2866 alii.
2678 2812 2805 2879 Quae
2838 2817 2978 2869 enim
3015 2818 3193 2871 caeteri
3223 2820 3274 2871 in
3320 2820 3434 2872 suis
3476 2821 3613 2873 scri-

2030 2904 2153 2970 ptis,
2214 2904 2404 2972 partim
2439 2906 2833 2959 moderatiores
2866 2921 2988 2959 cum
3026 2916 3227 2974 essent,
3290 2924 3358 2962 ne
3394 2909 3607 2963 indica-

2030 2995 2416 3063 runtquidem,
2468 2997 2660 3064 partim
2698 3010 2793 3063 pro
2823 2998 2966 3052 veris
3012 2998 3176 3051 etiam
3211 3000 3494 3054 venditare
3518 3016 3613 3053 vo-

2028 3083 2259 3145 luerunt,
2289 3087 2477 3137 eadem
2511 3085 2596 3139 hic
2614 3086 2858 3140 veritatis
2891 3088 3069 3141 studio
3102 3086 3332 3143 Fabulas
3365 3091 3614 3144 nomina-

2030 3177 2127 3237 vit,
2184 3184 2238 3228 et
2286 3191 2469 3229 earum
2509 3191 2692 3228 rerum
2727 3177 3034 3241 historiam,
3093 3193 3186 3231 seu
3222 3178 3608 3247 mythologiam

2030 3267 2321 3336 (quomodo
2364 3268 2594 3321 libenter
2641 3271 2754 3335 ipse
2776 3270 3026 3339 appellat)
3068 3273 3390 3339 composuit.
3427 3274 3597 3325 Multa

2032 3360 2193 3427 igitur
2234 3361 2285 3412 in
2341 3361 2425 3414 his
2479 3361 2737 3427 reperias,
2791 3378 2909 3430 qua:
2952 3373 3007 3416 et
3032 3363 3215 3415 Conon
3267 3362 3506 3432 collegit,
3555 3373 3615 3417 et

2028 3447 2387 3516 Apollodorus
2418 3449 2471 3502 in
2493 3466 2659 3502 suam-
2675 3450 2857 3502 retulit
2875 3450 3287 3514 Bibliothecam,
3310 3456 3613 3521 congessit-

2028 3552 2134 3603 que
2163 3538 2491 3603 Alexander,
2533 3549 2586 3592 et
2616 3538 2870 3593 Nieolaus
2896 3540 3006 3609 (41)
3041 3542 3331 3607 dedicavit,
3373 3556 3611 3612 occupa-

2029 3629 2212 3697 vitque
2242 3628 2584 3700 Protagoras.
2623 3632 2971 3686 Acestorides
3010 3648 3173 3701 porro
3217 3634 3445 3703 plurima
3478 3649 3611 3702 quo-

2028 3736 2132 3789 que
2160 3722 2229 3775 ab
2274 3722 2377 3776 illis
2414 3724 2683 3790 praeterita
2733 3727 3011 3778 memoria:
3060 3727 3376 3792 mandavit;
3419 3728 3520 3782 etsi
3558 3728 3610 3781 in

2028 3811 2324 3881 plerisque,
2374 3828 2493 3880 quae
2517 3821 2572 3868 et
2603 3816 2689 3868 hic
2723 3828 2777 3869 et
2807 3816 2881 3869 illi
2922 3822 3169 3879 narrant,
3213 3818 3611 3885 discrepantem

2028 3901 2216 3956 videas
2250 3902 2489 3972 ipsorum
2528 3906 2837 3959 historiam.
2878 3903 3119 3960 Plurima
3152 3908 3316 3975 igitur
3357 3909 3444 3962 hic
3473 3910 3614 3962 scri-

2030 4002 2171 4062 ptor,
2229 3994 2395 4049 certis
2442 3997 2757 4050 confirmata
2825 3998 3093 4063 historiis,
3154 4014 3283 4053 suos
3337 4001 3387 4054 in
3444 4001 3614 4054 libros

2033 4088 2218 4141 retulit
2250 4106 2263 4142 :
2295 4099 2349 4143 et
2378 4103 2507 4143 vero
2540 4091 2820 4156 nonnulla,
2878 4106 2997 4159 quae
3024 4092 3307 4147 evidenter
3346 4104 3404 4146 ut
3440 4093 3614 4162 pluri-

2034 4195 2179 4232 nmm
2203 4179 2564 4234 demonstrari
2602 4192 2822 4249 queant,
2863 4194 2920 4237 ut
2944 4182 3246 4237 fabularum
3284 4185 3610 4239 vocabulum

2008 4286 2136 4325 'nou
2199 4281 2310 4325 tam
2366 4273 2434 4325 ad
2482 4272 2860 4327 calmnnianda
2913 4273 3029 4342 ejus
3074 4277 3295 4345 scripta,
3352 4292 3514 4344 quam
3546 4277 3614 4330 ad

2029 4377 2216 4416 eorum
2250 4362 2479 4431 gratiam
2521 4361 3027 4432 iucunditatemque
3077 4365 3419 4419 indicandam
3457 4365 3615 4419 addi-

2036 4464 2146 4507 tum
2172 4469 2292 4509 esse
2322 4454 2593 4508 videatur.
2626 4457 2696 4509 At
2735 4470 2881 4520 vero,
2914 4469 2998 4509 me
3037 4456 3219 4522 judice
3243 4495 3259 4519 ,
3306 4471 3492 4524 aequus
3526 4456 3617 4510 hic

336 4540 534 4607 ἔμοιγε
566 4539 727 4607 κριτῇ
759 4537 1101 4607 εὐγνώμονος
1134 4537 1201 4591 ἂν
1229 4539 1521 4607 ἀπενέγκοι
1556 4538 1682 4610 [245
1708 4537 1803 4609 Η.]
1831 4539 1920 4591 δό-

2033 4561 2207 4601 rerum
2238 4548 2535 4601 :estimator
2562 4548 2749 4601 haberi
2786 4556 3077 4609 mereatur,
3108 4547 3250 4616 quod
3279 4546 3409 4598 falsa
3439 4544 3613 4599 multa

338 4630 464 4694 ξαν,
484 4628 745 4683 ὃτιπολλὰ
765 4627 936 4698 ψευδῆ
955 4632 1068 4691 τοῖς
1087 4631 1470 4700 γεγενημένοις
1490 4631 1924 4700 συναναγράφειν

342 4723 560 4793 μέλλων
588 4720 877 4791 ἀμφιϐόλῳ
900 4724 1102 4791 ῥήματι
1131 4723 1231 4792 τῆς
1260 4726 1579 4795 ἐπιγραφῆς
1603 4723 1925 4791 ἀφοσιοῦται

336 4816 441 4886 τὴν
478 4814 705 4885 μέμψιν.
735 4815 1127 4888 Παραπλήσιος
1160 4816 1214 4868 δὲ
1238 4815 1335 4886 τὴν
1367 4817 1569 4886 φράσιν
1594 4815 1688 4870 καὶ
1714 4808 1888 4877 οὗτος.

2034 4639 2194 4694 rebus
2225 4653 2350 4693 vere
2392 4639 2558 4708 gestis
2606 4640 2907 4703 additurus,
2965 4638 3216 4704 ambiguo
3252 4648 3429 4691 tamen
3462 4639 3616 4692 titulo

2035 4729 2439 4796 reprehensioni
2500 4730 2848 4784 satisfecerit.
2910 4729 2990 4782 Ad
3036 4731 3236 4798 stylnm
3289 4744 3415 4782 vero
3470 4730 3616 4799 quod

2036 4821 2254 4887 attinet,
2278 4820 2443 4887 etiam
2477 4822 2568 4877 hic
2597 4821 2792 4875 similis
2822 4832 2904 4875 est
2934 4820 3382 4889 prtecedeutimn.

1627 4932 1862 4989 VARIAE
1901 4932 2304 4991 LECTIONES.

414 5054 461 5085 ⁷⁹
494 5054 914 5141 προσανέγραψε
940 5073 1001 5141 ς(ς
1076 5055 1256 5141 ficti.
1285 5052 1758 5141 a.t.ld‘:A.n°'.rtvb;
1794 5057 1883 5141 An:
1906 5074 1967 5141 τε
2002 5075 2063 5121 ς.

2138 5057 2184 5089 ⁸³
2218 5054 2568 5126 ὲξισουμένου
2602 5074 2664 5121 ς.
2729 5055 3136 5127 ⁸³Α³Ασυριακὴν
3168 5058 3232 5113 Α.
3310 5057 3357 5091 ⁵⁸
3381 5058 3619 5121 παλαιᾶς

342 5123 570 5195 μνήμης
605 5155 675 5165 -
704 5123 938 5197 ἐχόμενα
968 5126 1233 5197 Scaliger.
1302 5123 1349 5155 ⁸⁵
1382 5123 1664 5177 Σκυθικῶν
1698 5142 1759 5189 ς.
1834 5127 1883 5158 ⁸⁸
1904 5123 2417 5197 δικαιολογήσαντες
2439 5144 2500 5191 ς.
2570 5128 2617 5159 ⁸⁷
2645 5125 2836 5179 πιστὸν
2863 5127 2909 5179 Α
2941 5123 2960 5181 ξ
2987 5123 3238 5182 πλεῖστον
3269 5145 3330 5193 ς.

1877 5246 2111 5303 ΝΟΤΔΕ.

411 5336 528 5403 (57)
571 5335 649 5389 De
680 5351 786 5404 quo
813 5352 972 5405 supra
1000 5336 1132 5390 Cod.
1164 5336 1286 5391 187.

408 5406 547 5491 (ᾷῗ)
595 5405 838 5491 ξΕταῑρες
892 5406 1049 5491 habet
1078 5408 1370 5491 Aurelianus
1420 5406 1632 5491 lilhxtv
1683 5408 1929 5491 qni‘pal-

346 5476 506 5527 Inulae
529 5474 1048 5531 'misisse‘Ntcolaum
1076 5475 1240 5530 refert
1268 5495 1282 5531 :
1316 5486 1444 5530 utet
1468 5475 1745 5532 Plutarch.
1784 5474 1929 5532 Cano

344 5546 506 5599 vivat.
544 5546 636 5615 lib.
665 5561 784 5611 vnt,
823 5563 943 5615 cap.
977 5545 1033 5598 4.

414 5615 530 5687 (58)
574 5614 734 5687 Teste
762 5616 1028 5687 Hesychio
1056 5617 1252 5670 illustri
1283 5617 1336 5669 in
1371 5615 1618 5682 Nicolao,
1646 5627 1701 5673 et
1736 5618 1926 5683 Suida,

351 5686 547 5809 illllilde
590 5686 695 5805 hloc
732 5686 910 5740 multa
946 5690 1231 5753 tuetuinit;
1263 5688 1505 5757 ejusdem
1534 5705 1643 5742 nou
1676 5689 1843 5743 semel
1877 5701 1933 5744 et

369 5774 378 5789 ε
418 5794 433 5806 .
487 5770 674 5809 oseut.

369 5757 433 5808 fl.
455 5757 674 5813 .loseph.

420 5773 998 5900 iggjbeh‘iltiitetSuidas,
1057 5827 1256 5898 aliique
1300 5827 1540 5899 ἱστορίας
1605 5828 1699 5884 sed
1766 5828 1929 5881 καθοο

2033 5340 2213 5409 λικῆς,
2281 5339 2673 5409 octogesimum
2732 5338 2982 5405 explesse
3040 5337 3264 5392 librum.
3339 5335 3617 5406 Joecphus

2035 5408 2164 5463 vero
2186 5410 2352 5462 etiam
2378 5410 2443 5461 ad
2476 5408 2580 5462 124
2611 5425 2709 5463 nos
2736 5410 2973 5478 ablegat.

2098 5480 2212 5551 (40)
2248 5480 2353 5551 Pro
2374 5478 2657 5551 Σκυθικῶν
2687 5478 2793 5541 hic,
2825 5476 2947 5551 eum
2980 5492 3112 5551 mss:
3142 5477 3360 5551 aliquot_
3366 5476 3618 5551 μυθικῶν

2036 5550 2156 5619 lego
2185 5548 2202 5603 ἑ
2231 5558 2285 5603 et
2322 5549 2464 5619 intra
2506 5550 2631 5605 cod.
2668 5564 2785 5618 seq.
2843 5549 2939 5619 lib.
2970 5563 3021 5619 v_.
3077 5548 3309 5619 Ptolom.
3333 5548 3615 5619 Hephazst.

2034 5616 2287 5673 Antiochi
2320 5618 2603 5689 cujusdam
2652 5619 2721 5673 τὰ
2747 5616 2909 5672 “tam
2939 5617 3095 5671 πόλιν
3146 5616 3354 5688 μυθικὰ
3401 5617 3616 5671 laudata

2042 5691 2218 5744 video.

2105 5759 2219 5830 (41)
2263 5758 2461 5815 Herodi
2497 5774 2615 5814 suo.
