4022 6484
493 404 596 468 607

1214 518 1366 574 CXC.

500 607 778 664 Ptolemwi
804 607 1195 684 Hcphnfstionis
1238 610 1406 684 Nova!
1448 613 1516 665 ad
1547 614 1753 667 variam
1778 617 2073 684 parandam

851 680 1200 734 eruditionem
1235 683 1472 737 historice
1501 685 1621 737 libri
1645 701 1722 740 VI.

568 773 694 845 Legi
725 773 995 828 Ptolemaei
1026 772 1418 843 llephaesﬁonis
1444 773 1556 848 (42)
1592 775 1758 832 Nam
1783 778 1852 830 ad
1875 779 2076 830 variam

493 865 790 936 parandam
841 865 1187 919 eruditionem
1229 864 1417 936 1461)
1461 867 1698 921 Itistoria'
1764 868 1926 920 libros
1962 883 2073 922 sex.

495 958 688 1026 Operae
763 957 995 1024 pretium
1033 971 1165 1010 sane
1223 958 1325 1012 hoc
1383 971 1520 1026 opus
1566 958 1632 1012 iis
1684 958 1947 1022 attulerit,
1983 956 2075 1026 qui

497 1044 551 1097 itt
589 1042 880 1112 multijugae
929 1043 1161 1098 lectione
1197 1045 1438 1102 historia:
1477 1047 1640 1101 horas
1661 1047 1927 1102 collocare
1959 1055 2074 1101 sat-

499 1143 686 1201 agunt.
757 1134 917 1188 Brevi
984 1137 1128 1190 enim
1198 1146 1439 1205 tempore
1517 1139 1777 1205 ejusmodi
1849 1139 2074 1195 collecta

497 1224 659 1278 simul
692 1227 1070 1283 cetutuscenda
1107 1231 1437 1295 suppeditat,
1495 1244 1615 1297 quae
1659 1229 1872 1283 nonnisi
1920 1228 2077 1298 longo

502 1319 768 1386 temporis
827 1318 1110 1371 intervallo
1161 1319 1428 1385 quispiam
1490 1334 1587 1388 per
1646 1319 1814 1379 libros
1876 1321 2074 1388 passim

501 1409 744 1476 dispersa
800 1409 1064 1463 laboriose
1122 1421 1464 1478 comportare
1538 1411 1727 1480 possit.
1783 1410 2077 1465 Continent

501 1511 683 1554 autem
711 1500 1012 1568 prodigiosa
1048 1502 1235 1566 multa,
1262 1511 1316 1554 et
1347 1501 1481 1556 falso
1515 1505 1741 1556 conlicta
1775 1520 1791 1555 :
1825 1503 2076 1570 quodque

500 1591 792 1644 absurdum
824 1593 1012 1660 magis,
1038 1593 1393 1660 quarumdam
1417 1594 1578 1646 etiam
1603 1591 1920 1646 fabellarum
1948 1607 2077 1645 cau-

498 1698 612 1747 sas,
675 1684 744 1735 ob
795 1698 931 1750 quas
955 1699 1084 1736 vere
1112 1684 1358 1738 evenisse
1394 1685 1644 1753 putandze
1677 1685 1807 1746 sint,
1850 1682 2076 1738 reddere

499 1782 750 1828 conatur.
789 1773 906 1842 Ipse
941 1783 1119 1827 tamen
1152 1790 1338 1827 earum
1363 1775 1617 1828 colleclor
1647 1775 1929 1829 subinanis
1972 1784 2073 1838 est,

1647 408 1910 470 PHOTII
1947 404 2460 470 PATRIARCH/E
2488 405 2598 466 (ΣΡ.

3618 408 3708 472 608

2883 516 3000 580 PL}.

2181 611 2554 680 Πτολεμαίου
2585 607 2691 661 τοῦ
2727 605 3160 680 Ἠφαέστίωνος
3186 605 3341 680 Περὶ⁸
3370 604 3475 670 τῆς
3511 609 3592 668 εις
3623 624 3714 662 πο-

2387 681 2690 749 λυμαθίαν
2718 675 2930 742 καινῆς
2957 675 3228 742 ἱστορίας
3264 676 3431 742 ,ιότοι
3456 682 3526 739 ς’.

2256 769 2700 839 Ἀνεγνώσθησαν
2722 767 3056 836 Πτολεμαίου
3076 765 3168 818 τοῦ
3204 763 3582 832 Ἠφαιστίωνος
3599 771 3716 836 Περὶ

2177 865 2288 933 τῆς
2325 869 2410 930 εἷς
2446 863 2824 929 πολυμαθίαν
2843 861 2890 892 se
2932 857 3148 925 καινῆς
3195 859 3462 924 ιστορίας
3487 859 3625 928 λόγοι
3652 869 3717 927 ς’.

2177 958 2460 1029 Χρήσιμον
2482 955 2560 1017 ὡς
2586 954 2801 1023 ἀληθῶς
2840 953 2900 1005 τὸ
2934 951 3139 1019 βιϐλίον
3169 953 3279 1013 τοῖς
3315 951 3442 1020 περὶ
3478 953 3720 1021 τὴνὶστο-

2181 1055 2337 1125 ρικὴν
2393 1047 2732 1118 πολυμαθίαν
2792 1047 2975 1098 πονεῖν
3019 1043 3370 1113 ὡρμημένοις
3400 1059 3416 1073 ο
3476 1042 3582 1112 ἔχει
3629 1047 3722 1118 γὰρ

2176 1145 2359 1200 δοῦναι
2385 1139 2775 1209 συνειλεγμένα
2797 1137 2840 1170 ⁸⁹
2875 1137 3068 1206 βραχεῖ
3090 1135 3267 1205 χρόνῳ
3293 1134 3489 1186 εἰδέναι
3507 1173 3522 1196 ,
3547 1136 3580 1190 ἃ
3607 1153 3722 1192 σπο-

2182 1236 2348 1308 ράδην
2377 1251 2463 1296 τις
2490 1231 2604 1284 τῶν
2653 1229 2874 1299 βιϐλίων
2902 1226 3191 1294 ἀναλέγειν
3233 1228 3396 1280 πόνον
3433 1227 3724 1298 δεδεγμένος

2181 1326 2392 1398 μακρὸν
2421 1321 2745 1391 κατατρίψει
2781 1320 2972 1390 βίον⁹⁰.
3013 1318 3166 1387 Ἔχει
3198 1319 3254 1372 δὲ
3281 1318 3453 1371 πολλὰ
3472 1321 3562 1371 καὶ
3584 1337 3726 1389 τερα.

2178 1419 2321 1486 τὼδη
2355 1418 2448 1470 καὶ
2484 1414 2837 1470 κακὸπλαστα
2863 1452 2878 1476 ,
2913 1411 3011 1464 καὶ
3040 1412 3102 1464 τὸ
3144 1411 3483 1482 ἀλογώτερον
3505 1453 3519 1476 ,
3551 1414 3627 1464 ὅτι
3649 1415 3728 1466 καὶ

2178 1509 2336 1561 ἐνίων
2360 1505 2639 1576 μυθαρίων
2663 1502 2862 1564 αἰτίας,
2882 1501 2949 1553 δι’
2973 1499 3038 1563 ἂς
3065 1501 3378 1569 ὑπέστησαν
3402 1541 3417 1563 ,
3447 1500 3726 1554 ἀποδιδόναι

2181 1601 2460 1670 πειρᾶται.
2496 1598 2553 1651 Ὀ
2583 1597 2765 1666 μέντοι
2791 1594 2995 1648 τούτων
3016 1594 3371 1660 συναγωγεὺς
3401 1593 3654 1653 ὑπόκενὰῖ
3681 1594 3726 1646 τέ

2177 1695 2294 1747 ἐστι
2353 1691 2448 1744 καὶ
2508 1690 2643 1758 πρὸς
2702 1687 3017 1751 ἀλαζονείαν
3062 1686 3436 1755 ἐπτοημένος,
3488 1684 3581 1737 καὶ
3631 1686 3724 1738 οὐδ’

2177 1784 2388 1844 ἀστεῖος
2413 1779 2510 1850 τὴν
2536 1779 2704 1843 λέξιν.
2744 1778 3064 1848 Προσφωνεῐ
3107 1775 3164 1828 δὲ
3191 1775 3253 1828 τὸ
3293 1774 3584 1842 σύνταγμα
3611 1772 3728 1843 Τερ-

498 1866 626 1917 etin
652 1864 1018 1932 arrogantiam
1037 1865 1313 1932 proclivis,
1339 1879 1512 1932 neque
1542 1865 1676 1918 satis
1705 1865 1942 1918 urbanus
1961 1865 2075 1931 ejus

2184 1875 2343 1946 τύλλᾳ
2370 1875 2477 1926 τινὶ
2497 1913 2510 1935 ,
2538 1874 2602 1944 ἣν
2659 1872 2752 1924 καὶ
2801 1870 3088 1923 δέσποιναν
3119 1868 3347 1932 ἀνυμνεί
3387 1865 3480 1918 καὶ
3506 1865 3566 1917 τδ
3602 1865 3728 1934 φιλορ

498 1970 700 2009 sermo.
738 1956 959 2010 Dedicat
997 1972 1152 2008 suum
1191 1971 1327 2024 opus
1348 1955 1603 2009 Tertulla:
1634 1957 1879 2021 cuidam;
1911 1972 2070 2024 quam

498 2062 605 2100 non
632 2048 903 2101 dominam
933 2048 1106 2101 solum
1146 2049 1411 2109 nominat,
1466 2047 1559 2101 sed
1597 2062 1716 2100 eam
1743 2049 1964 2116 insuper
1986 2047 2074 2100 lit-

499 2138 632 2192 teris
662 2140 936 2206 varia-que
958 2139 1215 2192 doctrinae
1251 2139 1486 2192 deditam
1521 2139 1796 2206 praedicat.
1833 2136 2074 2190 Nonnul-

496 2228 579 2284 los
611 2229 822 2282 interim
857 2230 1204 2297 reprehendit
1225 2245 1437 2292 eorum,
1486 2231 1576 2299 qui
1630 2240 1756 2282 ante
1779 2244 1837 2283 se
1867 2232 1969 2283 hoc
1990 2245 2076 2282 ar-

495 2330 812 2389 gumentum
837 2336 939 2373 non
968 2333 1114 2374 recte
1153 2331 1502 2375 tractassem.
1571 2322 1681 2376 Etsi
1716 2323 1975 2391 pleraque
2005 2323 2073 2377 ab

496 2411 616 2478 ipso
645 2419 900 2463 enarrata
943 2410 1053 2480 (illa
1091 2412 1348 2474 maxime,
1389 2425 1509 2478 qua:
1547 2427 1646 2464 nec
1697 2411 2075 2478 improbabilia

494 2504 626 2567 sint,
658 2516 756 2555 nec
793 2505 895 2554 tide
917 2503 1158 2570 indigna)
1179 2503 1406 2567 variam,
1433 2514 1487 2556 et
1505 2504 1727 2570 cognitu
1761 2519 1865 2557 non
1891 2504 2072 2574 ingra-

497 2601 607 2644 tam
643 2591 923 2645 scientiam
956 2602 1270 2660 suggerunt.

564 2681 746 2734 Primo
787 2682 950 2750 igitur
991 2682 1151 2749 libro,
1208 2683 1494 2752 Sophoclis
1551 2693 1776 2737 mortem
1832 2696 2070 2750 enarrat,

495 2775 777 2840 pratetttissa
805 2775 970 2827 etiam
1009 2773 1313 2828 Protesilai.
1355 2777 1486 2829 Dein
1515 2793 1732 2844 quoque
1756 2779 1820 2830 de
1847 2777 2076 2832 Hercule

495 2862 714 2927 scribit,
747 2872 803 2914 ιιι
832 2864 953 2932 igne
983 2866 1145 2917 vitam
1194 2865 1294 2919 sibi
1341 2865 1650 2931 abstulerit,
1699 2875 1839 2936 quod
1888 2884 2075 2920 arcum

495 2967 652 3004 suum
685 2952 964 3006 intendere
998 2967 1103 3004 non
1131 2963 1331 3020 posset,
1385 2969 1556 3008 annos
1585 2954 1695 3022 jam
1733 2965 1890 3008 natus
1919 2957 2076 3024 quin-

495 3045 779 3113 quaginta.
840 3044 912 3096 De
939 3043 1129 3098 Croeso
1170 3055 1388 3099 servato
1445 3045 1496 3098 in
1550 3061 1676 3114 rogo
1706 3064 1719 3100 :
1748 3046 1815 3100 de
1852 3047 2076 3100 Achillis

497 3139 747 3201 interitu,
775 3137 841 3191 de
865 3136 1029 3190 Laide
1050 3138 1340 3191 meretrice
1362 3138 1503 3192 ossis
1524 3138 1635 3209 (45)
1670 3139 1825 3194 olivae
1882 3141 2076 3194 haustu

497 3229 786 3282 exstincta.
837 3226 965 3292 Quae
996 3227 1086 3280 ubi
1121 3227 1433 3297 singulatim
1469 3229 1676 3292 retulit,
1728 3235 1922 3284 eadem
1969 3245 2075 3282 non
2105 3226 2148 3282 C

497 3330 644 3378 recte
666 3321 734 3374 ab
766 3320 886 3373 aliis
917 3329 1076 3374 antea
1109 3319 1277 3374 fuisse
1305 3329 1537 3373 tractata
1567 3322 1750 3376 docet.
1811 3320 2080 3390 Deinceps

497 3427 630 3466 vero
659 3411 725 3466 de
753 3411 1061 3465 Alexandro
1111 3426 1235 3480 rege
1264 3422 1677 3473 commemorat,
1722 3413 1848 3466 dum
1881 3411 2079 3482 Ephesi

504 3507 852 3562 Palamedem
880 3504 991 3577 (44)
1021 3520 1117 3573 per
1145 3504 1325 3558 dolum
1351 3507 1592 3559 occisum
1632 3504 1684 3557 in
1721 3505 1900 3558 tabula
1954 3520 2079 3572 spe-

498 3608 693 3661 ctaret,
724 3598 996 3651 turbatum
1026 3596 1209 3649 animo
1243 3595 1429 3661 fuisse,
1447 3597 1589 3667 quod
1618 3597 1692 3650 illi
1721 3611 1814 3664 per
1836 3595 2079 3649 fraudem
2139 3619 2142 3624 -

501 3695 830 3760 interempto
881 3690 1074 3744 similis
1117 3699 1258 3744 esset
1293 3689 1671 3742 Aristoueicus
1705 3687 1992 3742 Alexandri
2027 3687 2080 3740 in

503 3787 626 3854 pila:
666 3785 783 3839 lusu
829 3783 1032 3839 socius.
1072 3780 1242 3836 Tanta
1300 3782 1558 3834 nimirum
1617 3790 1736 3834 erat
1789 3779 2081 3834 Alexandri

504 3876 670 3930 animi
701 3876 1075 3936 mansuetudo,
1130 3883 1444 3942 tantumque
1493 3873 1793 3925 amicorum
1819 3873 2080 3926 studium.

501 3967 640 4022 lllud
677 3967 868 4021 deinde
923 3969 1062 4035 apud
1092 3966 1493 4035 Euphorionem
1525 3964 1638 4036 (45)
1695 3965 1748 4019 in
1780 3963 2086 4036 l‘lyacintlto

505 4061 810 4133 ignoratum
839 4078 852 4112 :

593 4150 749 4205 Solus
782 4149 1006 4218 Cocytus
1041 4165 1136 4202 sua
1168 4149 1382 4200 vulnera
1411 4147 1536 4201 lavit
1577 4148 1803 4200 Adonim
1841 4146 1989 4218 (46);

508 4245 610 4298 hoc
638 4242 788 4316 [ait]
824 4242 1090 4313 signiﬁcat
1122 4259 1136 4296 :
1165 4241 1401 4311 Cocytus
1437 4240 1654 4309 quidam
1680 4240 1915 4305 nomine,
1953 4241 2085 4294 Chi-

509 4340 659 4392 ronis
696 4339 748 4391 in
781 4351 840 4391 re
868 4337 1074 4390 medica
1123 4335 1438 4402 discipulus,
1497 4333 1727 4386 Adonim
1771 4334 1984 4388 curavit
2020 4333 2087 4387 ab

510 4446 641 4498 apro
672 4431 992 4483 sanciatum.
1031 4427 1216 4482 Refert
1253 4430 1379 4482 item
1405 4430 1576 4488 illum,
1614 4428 1703 4495 qui
1740 4427 1879 4494 apud
1923 4428 2088 4480 llero-

510 4523 720 4586 dotum,
753 4522 891 4574 libro
924 4537 940 4574 ι
991 4519 1375 4585 Historiarum,
1414 4521 1481 4571 ab
1513 4517 1744 4571 Adrasto
1771 4515 1953 4570 Gordii
1981 4516 2088 4570 filio

510 4616 828 4670 interfectus
875 4615 1093 4678 dicitur,
1135 4615 1474 4685 Agathonem
1515 4612 1685 4665 fuisse
1735 4609 2088 4678 appellatum,

508 4719 560 4763 et
613 4710 678 4763 de
712 4710 990 4764 coturnice
1022 4710 1240 4778 quidem
1289 4705 1705 4762 contendentem
1742 4703 2086 4758 occubuisse.

510 4805 773 4858 Cadmum
798 4819 1011 4874 quoque
1031 4813 1084 4858 et
1111 4803 1460 4857 Harmoniam
1496 4801 1548 4855 in
1576 4800 1758 4855 leones
1775 4813 1896 4854 esse
1915 4807 2090 4852 trans-

512 4894 777 4953 formatos
807 4898 941 4967 (47).
993 4894 1264 4950 Tiresiam
1306 4894 1373 4948 ad
1404 4892 1521 4947 haec
1553 4890 1784 4946 formam
1818 4905 1968 4944 suam
2006 4906 2093 4944 se-

2175 1961 2332 2028 λόγον
2359 1961 2494 2028 αὑτῇ
2519 1963 2615 2012 καὶ
2641 1958 2956 2026 πολυμαθὲς
2978 1955 3324 2024 ἐπιφημίζει.
3349 1955 3728 2008 Διαὸἁλλειδ’⁹¹

2176 2049 2352 2111 ἐνίους
2379 2047 2474 2100 καὶ
2501 2047 2611 2099 τῶν
2647 2047 2753 2116 πρὸ
2781 2046 2947 2099 αὑτοῦ
2973 2045 3069 2114 οὐχ
3104 2044 3275 2112 ὑγιῶς
3304 2045 3656 2109 ἐπιϐαλόντας
3677 2048 3728 2115 τῇ

2176 2138 2456 2191 ὑποθέσει.
2486 2137 2570 2190 Τά
2595 2153 2659 2204 γε
2695 2135 2798 2205 μὴν
2832 2135 3058 2187 πλεῖστα
3085 2135 3194 2186 τῶν
3230 2134 3626 2204 ἱστορουμένων
3653 2135 3729 2188 ὑπ’

2175 2229 2340 2282 αὑτοῦ
2361 2270 2375 2290 ,
2400 2230 2490 2282 καὶ
2511 2230 2609 2280 ὅσα
2636 2229 2729 2279 τοῦ
2755 2227 3016 2280 ἀπιθάνου
3047 2229 3141 2279 καὶ
3169 2227 3403 2280 ἀπίστου
3428 2226 3729 2298 καθαρεύει,

2176 2321 2639 2390 παρηλλαγμένην
2659 2321 2807 2389 ὅμως
2832 2321 2926 2372 καὶ
2950 2320 3049 2372 οὐκ
3072 2318 3501 2390 ἄχαρινέίδέναι
3526 2321 3618 2388 τὴν
3642 2320 3732 2389 μά-

2177 2409 2334 2480 θησιν
2366 2411 2696 2480 ἐμπαρέχει.

2248 2701 2500 2771 Περιέχει
2536 2701 2632 2770 μὲν
2695 2694 2791 2753 οὖν
2824 2697 2886 2751 τὸ
2937 2703 2984 2750 α’
3018 2696 3221 2764 βιϐλίον
3257 2696 3388 2764 περὶ
3429 2694 3733 2762 Σοφοκλέους

2175 2795 2276 2864 τῆς
2304 2793 2590 2860 τελευτῆς,
2627 2792 2720 2845 καὶ
2751 2791 2858 2861 πρὸ
2887 2789 3052 2842 αὑτοῦ
3083 2791 3212 2859 περὶ
3237 2792 3338 2857 τῆς
3358 2787 3732 2857 Πρωτεσιλάου,

2177 2882 2299 2939 εἶτα
2330 2887 2425 2938 καὶ
2454 2884 2586 2953 περὶ
2630 2886 2731 2952 τῆς
2775 2883 3107 2953 Ἡρακλέους
3134 2927 3148 2949 ,
3181 2884 3256 2944 ὡς
3288 2883 3426 2950 πυρὶ
3475 2881 3629 2932 αὐτὸν
3658 2880 3737 2931 ἀν-

2179 2979 2288 3032 εῖλε
2341 2977 2416 3046 μὴ
2449 2977 2700 3046 δυνηθεὶς
2729 2979 2791 3028 τδ
2821 2979 3022 3030 οἰκεῖον
3074 2979 3310 3028 ἐντεῖναι
3359 2975 3514 3038 τόξον
3558 2990 3736 3042 πεντη·

2179 3065 2473 3136 κοντούτης
2513 3067 2803 3135 γενόμενος
2827 3107 2841 3128 ,
2883 3066 3018 3136 περί
3070 3083 3132 3117 τε
3182 3066 3284 3134 τῆς
3337 3064 3570 3134 Κροίσου
3606 3065 3656 3114 ἐν
3683 3063 3738 3132 τῇ

2181 3159 2332 3226 πυρᾷ
2361 3157 2636 3226 σωτηρίας
2664 3199 2678 3220 ,
2715 3157 2844 3226 περί
2875 3175 2935 3209 τε
3000 3157 3101 3226 τῆς
3141 3155 3436 3225 Ἀχιλλέως
3482 3153 3738 3221 τελευτῆς,

2183 3249 2278 3300 καὶ
2309 3249 2437 3318 περὶ
2463 3247 2658 3311 Λαΐδος
2690 3250 2789 3318 τῆς
2822 3248 3047 3315 ἑταίρας
3070 3290 3084 3310 ,
3122 3248 3198 3309 ὡς
3227 3247 3542 3315 τελευτήσοι
3578 3243 3742 3296 ὀστοῦν

2184 3337 2372 3401 ἐλαίας
2417 3335 2782 3390 καταπιοῦσα.
2819 3339 3038 3390 Τούτων
3084 3337 3318 3390 ἕκαστον
3370 3335 3576 3399 διεξιὼν
3627 3335 3742 3386 ἀπο-

2185 3427 2435 3496 φαίνεται
2457 3428 2583 3490 τοὺς
2616 3427 2724 3499 πρὸ
2746 3427 2912 3481 αὑτοῦ
2942 3427 3298 3498 ὲσφαλμένως
3320 3427 3392 3481 τά
3419 3426 3547 3496 περὶ
3566 3425 3745 3477 τούτων

2185 3517 2476 3572 ὑπολαϐεῖν
2501 3535 2563 3571 τε
2597 3519 2690 3571 κα)⁸
2713 3517 3054 3588 ἀναγράψαι.
3083 3519 3320 3587 Ἐφεξῆς
3342 3518 3401 3571 δὲ
3427 3518 3553 3586 περὶ
3588 3515 3746 3578 Ἀλεξ-

2187 3607 2382 3677 άνδρου
2426 3607 2520 3661 τοῦ
2573 3607 2836 3678 βασιλέως
2869 3608 3034 3678 φησὶν
3058 3648 3073 3671 ,
3115 3608 3192 3670 ὡς
3223 3611 3282 3661 ἐν
3318 3608 3531 3675 Ἐφέσῳ
3569 3605 3746 3658 Θεασά-

2193 3715 2352 3769 μενος
2380 3699 2717 3769 Παλαμήδην
2762 3697 3221 3767 δολοφονούμενον
3247 3697 3306 3750 ἐν
3341 3698 3533 3750 πίνακι
3578 3697 3747 3762 ἐθορυ-

2192 3789 2364 3860 ϐήθη,
2406 3791 2542 3844 διότι
2571 3789 2734 3860 ἐῴκει
2767 3789 2846 3860 τῷ
2875 3789 3324 3858 δολοφονουμένῳ
3375 3787 3748 3860 Ἀριστόνεικος

2187 3883 2216 3935 ὁ
2249 3882 2572 3951 σφαιριστὴς
2611 3881 2992 3951 Ἀλεξάνδρουο
3057 3878 3301 3941 τοιοῦτος
3325 3879 3436 3949 γὰρ
3473 3875 3540 3948 ἦν
3582 3875 3744 3939 Ἀλέξ-

2189 3974 2381 4044 ανδρος
2407 3975 2466 4026 τὸ
2495 3969 2626 4043 ἦθος
2648 4013 2662 4036 ,
2688 3973 2940 4042 ἐπιεικὴς
2980 3973 3074 4024 καὶ
3122 3971 3458 4040 φιλέταιρος.
3500 3964 3630 4021 Εἶτα
3681 3968 3746 4018 ὅτι

2189 4066 2250 4120 τὸ
2277 4067 2409 4136 παρ’
2451 4064 2756 4135 Εὐφορίωνι
2787 4066 2844 4117 ἐν
2885 4061 3158 4132 Ὑακίνθῳ
3183 4061 3559 4132 ἀπορούμενον
3582 4099 3597 4120 ,

2247 4157 2525 4222 Κωκυτὸς
2542 4158 2586 4189 ⁸³
2622 4156 2852 4226 μοῦνος
2870 4155 2972 4224 ἀφ’
3005 4155 3188 4208 ἕλκεα
3232 4141 3420 4224 rid-er-
3449 4152 3721 4207 Ἀδωνινο

2192 4248 2430 4302 τοιοῦτόν
2476 4250 2625 4300 ἐστι·
2659 4248 2920 4311 Κωκυτὸς
2967 4248 3138 4318 ὄνομα
3164 4287 3180 4310 ,
3223 4248 3499 4318 Χείρωνος
3560 4245 3646 4296 ἐπὶ
3687 4241 3742 4308 τῇ

2197 4343 2413 4412 ἰατρικῇ
2445 4340 2716 4411 μαθητὴς,
2749 4340 3088 4411 ἐθεράπευσε
3107 4341 3152 4372 ⁸³
3173 4339 3265 4392 τὸν
3298 4340 3524 4392 Ἄδωνιν
3551 4334 3652 4387 ὑπὸ
3671 4330 3746 4383 τοῦ

2197 4432 2322 4494 συὸς
2351 4431 2652 4502 τρωθέντα.
2677 4433 2840 4498 Λέγει
2896 4432 2941 4484 δ’
2983 4432 3066 4484 ὅτι
3090 4435 3118 4485 ὁ
3152 4431 3282 4500 παρ’
3325 4429 3593 4500 Ἡροδότῳ
3619 4429 3671 4478 ἐν
3691 4423 3746 4492 τῇ

2195 4521 2387 4593 πρώτη
2412 4523 2520 4576 τῶν
2559 4523 2855 4592 Ἱστοριῶν
2883 4523 2989 4576 ὑπὸ
3003 4523 3296 4594 Ἀδράστου
3327 4522 3423 4576 τοῦ
3446 4519 3652 4591 Γορδίου
3678 4515 3748 4566 ἀν-

2197 4616 2471 4686 ῃρημένος
2512 4616 2758 4684 Ἀγάθων
2789 4615 3042 4670 ἐκαλεῖτο
3067 4657 3081 4678 ,
3113 4617 3207 4669 καὶ
3237 4614 3590 4686 ἀναιρεθῆναι
3608 4605 3749 4661 αὐτὸν

2197 4710 2326 4775 ’περἱ
2374 4708 2603 4777 ὄρτυγος
2655 4709 3090 4777 φιλονεικοῦντα.
3153 4710 3263 4762 Καὶ
3313 4708 3389 4771 ὡς
3436 4705 3645 4772 Κάδμος
3674 4695 3751 4751 καὶ

2213 4799 2477 4870 ιΑρμονία
2506 4801 2587 4864 είς
2612 4800 2834 4864 λέοντας
2861 4799 3369 4871 μετεμορφώθησαν
3388 4838 3405 4864 ν
3440 4797 3532 4853 καὶ
3559 4793 3628 4854 ὡς
3648 4789 3750 4840 Τει.

2204 4891 2389 4962 ρεσίας
2417 4893 2646 4958 ἑπτάκις
2676 4894 3110 4965 μετεμορφώθη,
3134 4893 3222 4946 διὰ
3245 4893 3300 4944 τί
3330 4909 3389 4945 τε
3418 4888 3521 4944 ὑπὸ
3543 4879 3749 4955 Κρητῶν

1771 5006 2013 5062 VARl/E
2053 5006 2457 5063 LECTIONES.

578 5136 624 5169 ⁸⁸
672 5132 1040 5203 πολυμάθειαν
1059 5148 1127 5203 νς.
1159 5126 1247 5203 ’-δ’
1271 5125 1662 5203 συνειλεγμένα
1692 5125 2020 5203 μίξει-χρόνῳ
2052 5127 2219 5203 ponit
2233 5145 2310 5203 g._
2369 5129 2414 5203 "f
2437 5127 2552 5196 βίον
2584 5123 2895 5203 Α-τ-χρὸνον
2927 5141 2988 5188 ς.
3066 5125 3111 5203 θξ
3141 5124 3188 5176 δ’
3216 5138 3324 5203 om.
3361 5124 3427 5176 Α,
3494 5119 3538 5152 ⁸³
3569 5114 3744 5168 Κωκυ-

507 5207 622 5280 τὸς]
645 5194 907 5268 Κωκυτὸς
929 5221 1011 5256 τοι
1051 5194 1310 5267 Scaliger.
1338 5196 1578 5266 ἁφέλκεα
1592 5198 1658 5249 Α.
1701 5195 1772 5250 cf.
1809 5194 2062 5250 Meinek.’
2085 5197 2152 5250 de
2179 5194 2510 5267 Euphoridn.
2553 5214 2606 5267 p.
2630 5194 2756 5252 9‘2."
2797 5197 2844 5229 ”
2872 5195 3212 5268 θεραπεῦσαι
3253 5194 3318 5248 Α.

2033 5316 2261 5374 NOTAE.

582 5422 695 5494 (42)
733 5419 932 5494 Snidas
977 5415 1139 5494 etiam
1191 5412 1378 5494 χέννον
1441 5413 1848 5494 agnominatum
1905 5411 2091 5494 tradit.

513 5474 823 5565 Lnga—2.me
849 5505 972 5542 eutn
1009 5487 1160 5565 plura
1190 5474 1464 5538 :"observa
1477 5474 1596 5536 _hic
1627 5482 1952 5565 latissimum
1981 5484 2096 5544 τοῖς

511 5551 846 5635 φιλυομύθοις-
867 5551 1250 5635 ματαιοπονοις
1283 5566 1534 5635 cam-pum
1559 5551 1779 5622 aperiri,
1810 5551 1937 5604 dum
1962 5566 1991 5606 ο
2019 5563 2096 5606 tot

513 5621 665 5692 falsis
693 5621 1065 5685 tnendaciores
1095 5625 1285 5678 fabula:
1314 5621 1705 5690 procuduntur.

588 5688 702 5775 (45)
747 5702 817 5757 Ut
844 5699 1001 5775 aci_no
1029 5711 1144 5749 uva:
1175 5688 1348 5761 passae
1385 5691 1663 5746 Anacreon
1723 5700 1862 5745 teste
1892 5688 2090 5756 Plinio,

519 5765 966 5845 είδίιάυςεψοτ-
1063 5836 1076 5845 ,
1153 5835 1163 5845 .
1295 5831 1406 5845 λ...
1483 5841 1493 5845 _
1583 5831 1620 5845 ..
1726 5832 1733 5839 .
1822 5832 1910 5845 η.

595 5831 723 5917 (44)
759 5831 840 5895 [λε’
873 5851 980 5906 quo
1028 5835 1255 5907 plurima
1293 5831 1520 5889 Philust.
1577 5831 1784 5885 Heroic.
1822 5832 1974 5887 Snid.
2031 5847 2087 5887 et

2200 5414 2364 5467 Pans.
2412 5412 2625 5465 Pltocir.

2273 5484 2383 5550 (ιδ)
2427 5485 2507 5534 Ah
2532 5483 2790 5536 Athenaeo
2821 5480 2922 5533 iste
2953 5477 3218 5550 adductus
3240 5489 3352 5550 non
3366 5466 3548 5550 semel.

2427 5553 2516 5606 Sic
2550 5563 2605 5606 et
2651 5551 2899 5622 Pirupert.
2953 5549 3100 5617 Eleg.
3161 5546 3260 5598 ult.
3323 5543 3416 5595 lib.
3461 5554 3497 5603 ι,
3531 5536 3737 5585 morum!

2198 5621 2407 5677 interna
2439 5625 2655 5676 vulnera
2683 5621 2808 5674 lavit
2842 5636 3001 5686 aqua.

2268 5672 3052 5762 l'ii'{ti."5.'.gues'coniersos
3102 5686 3255 5756 tingit
3288 5681 3452 5740 Ovida
3493 5672 3738 5730 Metamor-

2197 5766 2345 5829 plwa.
2383 5779 2457 5816 tv.
