4022 6450
308 349 414 412 609

1474 354 2003 419 BIBLIOTHECA.
2027 384 2095 393 --
2128 360 2291 422 COD.
2332 363 2490 424 CXC.

3479 378 3583 444 610

303 458 465 525 οὗτος
506 461 816 532 Φόρϐαντος
844 461 979 534 κόρη
1012 463 1277 517 ἐκαλεῖτο.
1316 464 1438 517 ’Ότι
1484 466 1823 537 Ἐρύμανθος
1864 471 1883 520 ἐ

1992 472 2131 538 pties
2162 483 2400 529 mutasse
2424 475 2557 545 (48),
2580 485 2631 530 et
2657 492 2755 531 cur
2787 481 2929 549 apud
2960 479 3150 538 Cretas
3170 485 3282 555 ipse
3299 487 3579 543 Phorban-

302 557 436 617 παῖς
476 554 815 618 ’Λπόλλωνος
860 555 1179 625 ἐτυφλώθη,
1225 555 1357 610 διότι
1412 558 1510 610 ἴδοι
1565 558 1893 628 λουμένην⁹⁸

314 647 653 717 Ἀφροδίτην
697 646 806 699 ἀπὸ
834 647 930 715 τῆς
974 646 1256 711 Ἀδώνιδος
1290 647 1489 718 μίξεως
1511 689 1527 715 ,
1562 650 1658 702 καὶ
1704 651 1894 703 Ἀπόλ-

302 741 414 791 λων
448 739 693 807 μηνίσας
728 739 914 790 ἑαυτὸν
949 741 1028 800 εἰς
1059 739 1296 810 σύαγρον
1332 740 1759 809 μετεμόρφωσε,
1800 743 1895 795 xui.

306 832 419 893 τοῖς
452 828 639 880 ὀδοῦσι
665 828 873 897 πλήξας
905 828 1083 880 ἀνεῖλε
1115 829 1207 881 τὸν
1234 827 1485 882 Ἄδωνιν.
1519 829 1647 900 [475
1675 830 1767 903 IL]
1796 832 1894 885 Διὰ

296 924 351 975 τί
386 922 522 995 [2M
552 921 650 994 H.]
677 924 704 975 ό
736 923 967 992 ποιητὴς
997 923 1282 986 πελειάδας
1312 924 1536 991 ἐποίησε
1564 925 1663 994 τῆς
1687 927 1891 996 τροφῆς

301 1015 418 1068 τῶν
463 1014 600 1067 θεῶν
629 1014 912 1078 διακόνους
940 1055 956 1079 ,
994 1016 1087 1068 καὶ
1115 1016 1239 1070 τίνα
1290 1016 1642 1088 Ἀλέξανδρος
1668 1020 1695 1071 ὁ
1730 1019 1888 1087 βασι-

312 1104 450 1168 λεὺς
502 1106 594 1158 κα).
626 1104 1006 1175 Ἀριστοτέλης
1053 1108 1131 1168 εἰς
1188 1106 1344 1159 τοῦτο
1393 1102 1578 1169 εἷπον,
1619 1108 1714 1161 καὶ
1765 1110 1892 1179 περί

333 1196 579 1266 Ὀμήρου
602 1197 689 1248 καὶ
724 1198 1044 1251 πελειάδων.
1079 1199 1201 1250 Ὅτι
1234 1198 1575 1269 Ἐπίχαρμος
1602 1202 1629 1253 ό
1661 1202 1891 1271 ποιητὴς

317 1290 419 1341 ἀπ’
456 1288 729 1357 Ἀχιλλέως
756 1289 848 1340 τοῦ
887 1290 1106 1357 Πηλέως
1140 1287 1294 1343 εἷλκε
1328 1295 1389 1344 τὸ
1421 1292 1594 1360 γένος.
1625 1293 1745 1345 Ὅτι
1780 1294 1890 1346 Πά-

317 1381 531 1449 τροκλον
578 1380 783 1450 ἐξόχως
819 1382 1069 1451 ’Όμηρος
1124 1384 1295 1436 ἱππέα
1342 1386 1497 1437 καλεῖ
1544 1386 1618 1445 ὡς
1666 1386 1816 1455 παρὰ
1843 1386 1888 1418 ⁸⁸

312 1470 636 1533 Ποσειδῶνος
700 1473 932 1544 ἐραστοῦ
968 1474 1251 1540 γεγονότος
1284 1476 1522 1545 μαθόντα
1555 1478 1652 1545 τὴν
1679 1479 1881 1546 ἡνιοχι-

306 1565 427 1631 κήν.
454 1564 579 1614 Ὅτι
624 1564 919 1625 Ὀδυσσεὺς
937 1607 948 1629 ,
973 1564 1106 1617 διότι
1134 1559 1247 1619 ὄντα
1285 1568 1493 1636 μεγάλα
1521 1562 1665 1637 εἶχεν
1687 1608 1700 1629 ,
1728 1564 1889 1630 Οὖτις

302 1654 465 1723 πῴτε
476 1672 571 1722 ρον
599 1655 875 1707 ἐκαλεῖτο·
905 1656 1061 1708 ὑετοῦ
1090 1655 1147 1708 δέ
1172 1675 1304 1725 φησι
1328 1659 1613 1728 γινομένου
1642 1660 1718 1727 μὴ
1742 1661 1887 1711 ἀντι-

1998 560 2066 613 tis
2119 562 2189 615 sit
2242 563 2349 616 lilia
2393 566 2590 619 dictus.
2656 566 3044 638 Erymanthum
3102 574 3365 641 Apollinis
3409 578 3577 635 filium

1993 662 2344 715 exczecatum,
2402 656 2543 723 quod
2599 668 2723 725 post
2781 675 3137 731 congressum
3173 682 3295 719 cum
3334 668 3578 725 Adonide

1994 742 2266 800 lavantem
2324 746 2516 818 147α
2558 747 2821 806 Venerem
2867 754 3134 822 vidisset,
3173 766 3227 811 et
3276 759 3578 827 Apollinem

1995 836 2353 907 indignatum,
2411 843 2525 910 apri
2571 842 2743 897 forma
2788 845 3003 914 induta,
3054 850 3305 905 dentibus
3331 851 3580 905 vulnera-

1995 939 2105 981 tum
2152 944 2369 985 necasse
2414 934 2666 991 Adonim.
2722 937 2897 1001 Quare
2943 951 3097 1007 poeta
3137 942 3416 995 columbas
3466 944 3579 1014 (.l9i

1993 1019 2095 1073 cibi
2146 1023 2367 1077 deorum
2418 1018 2694 1083 ministras
2742 1030 2951 1097 fecerit,
3009 1044 3065 1088 et
3108 1034 3237 1103 quid
3275 1036 3580 1087 Alexander

1994 1124 2112 1175 rex,
2159 1125 2322 1183 atque
2347 1118 2481 1170 adeo
2510 1118 2831 1177 Aristotcles
2856 1140 3021 1193 super
3051 1126 3150 1180 hac
3186 1142 3241 1179 re
3266 1128 3575 1179 censuerit:

1992 1212 2047 1254 et
2092 1204 2157 1256 de
2184 1203 2415 1260 Homero
2458 1211 2573 1279 ipso
2623 1222 2787 1281 atque
2836 1218 3125 1273 columbis.
3187 1218 3574 1287 Epicharmqu

1993 1306 2203 1361 poetam
2237 1300 2303 1352 ab
2337 1301 2548 1357 Achille
2578 1304 2725 1359 Pelei
2771 1307 2880 1362 filio
2904 1325 3076 1377 genus
3112 1310 3329 1364 ducere.
3382 1312 3577 1365 Patro-

1992 1387 2132 1439 clum
2178 1405 2271 1455 per
2299 1396 2674 1449 excellentiam
2733 1398 2976 1467 Equitem
3021 1403 3087 1455 ab
3121 1401 3354 1455 Homero
3399 1406 3571 1455 nomi-

1992 1480 2105 1529 nari
2133 1478 2267 1549 (50),
2300 1486 2452 1550 quasi
2476 1502 2502 1537 a
2524 1486 2769 1557 Neptuno
2793 1493 3074 1557 aurigandi
3108 1504 3277 1548 artem
3299 1495 3569 1557 didicerit,

1989 1586 2111 1624 cum
2140 1575 2283 1627 illius
2310 1576 2397 1631 hic
2428 1590 2640 1635 amator
2670 1584 2791 1637 fuit.
2838 1586 3118 1655 Ulyssem,
3172 1590 3312 1656 quod
3351 1604 3575 1657 magnas

1990 1677 2148 1717 aures
2192 1666 2437 1736 haberet,
2501 1668 2660 1726 Ontin
2712 1676 2864 1729 initio
2917 1679 3266 1747 appellatum.
3327 1677 3397 1730 At
3438 1679 3564 1746 quia

297 1745 536 1814 σχοῦσαν
588 1746 689 1815 τὴν
739 1746 953 1817 μητέρα
1000 1747 1199 1813 ἔγκυον
1234 1742 1399 1801 οὖσαν
1448 1749 1591 1800 κατὰ
1639 1747 1736 1816 τὴν
1766 1747 1883 1800 ὁδὸν

1990 1754 2167 1820 pluvia
2207 1759 2498 1827 aliquando
2543 1775 2750 1830 exorta,
2806 1783 2927 1821 cum
2968 1772 3198 1836 amplius
3236 1782 3444 1838 partum
3478 1788 3574 1840 ge-

294 1840 479 1889 τεκεῖν
502 1876 518 1899 ,
548 1841 645 1889 καὶ
667 1838 756 1890 τὸν
799 1838 1058 1891 Ὀδυσσέα
1087 1840 1171 1894 διὰ
1194 1839 1353 1893 τοῦτο
1376 1838 1545 1902 οὕτως
1579 1838 1882 1907 ὀνομασθῆ-

1987 1853 2134 1898 stare
2162 1857 2336 1901 mater
2382 1852 2602 1920 gravida
2652 1870 2755 1908 non
2806 1868 3007 1924 posset,
3057 1859 3223 1911 invia
3256 1871 3559 1926 pepererat,

288 1945 400 1982 ναι.
456 1930 583 1983 Ὀτι
638 1932 999 2001 Περιτάνος⁹⁶
1054 1951 1138 1996 τις
1190 1933 1359 2001 ὄνομα
1404 1931 1609 2003 Ἀρκὰς
1664 1930 1884 2000 Ἑλένην

292 2021 567 2076 συνοῦσαν
631 2023 967 2092 Ἀλεξάνδρῳ
1021 2026 1080 2076 ὲν
1149 2024 1467 2094 Ἀρκαδὶᾳοτ
1523 2024 1881 2093 ἐμοίχευσεν,

301 2113 658 2181 Ἀλέξανδρος
688 2114 734 2166 δ’
760 2115 923 2168 αὑτὸν
957 2116 1151 2184 ποινὴν
1198 2115 1297 2185 τῆς
1347 2116 1594 2185 μοιχείας
1620 2117 1881 2185 εἰσπρατ-

287 2204 519 2273 τόμενος
551 2206 898 2276 ὲξευνούχισε
922 2209 991 2269 ⁹⁸,
1018 2209 1112 2261 καὶ
1133 2206 1192 2272 ἐξ
1217 2208 1427 2260 ἐκείνου
1471 2207 1733 2278 Ἀρκάδες
1756 2207 1883 2269 τοὺς

288 2295 585 2367 εὐνούχους
601 2299 647 2330 θ’
686 2297 1020 2367 περιτάνους
1057 2298 1329 2364 λέγουσιν.
1374 2300 1465 2362 Ὠς
1502 2299 1749 2369 Ἀχιλλέα
1785 2300 1882 2367 μὲν

299 2392 680 2460 Ἀριστόνικος
708 2394 737 2445 6
768 2393 1100 2460 Ταραντῖνος
1129 2393 1474 2467 διατρίϐοντα
1496 2397 1554 2447 ἐν
1586 2398 1706 2458 ταῖς
1740 2412 1883 2466 παρα

289 2482 467 2547 Θένοις
490 2485 645 2555 παρὰ
669 2487 981 2556 Λυκομήδει
1010 2488 1369 2559 Κερκυσέραν
1392 2489 1673 2543 καλεῖσθαι
1694 2507 1878 2560 φησιν,

290 2576 551 2630 ἐκαλεῖτο
601 2578 659 2631 δὲ
694 2580 788 2632 καὶ
847 2579 1027 2635 Ἰησσὰν
1060 2581 1154 2631 καὶ
1184 2580 1409 2652 Πυρῤἁν
1439 2582 1533 2634 καὶ
1579 2584 1880 2645 Ἄσπετοςι

289 2670 383 2719 καὶ
406 2669 757 2738 Προμηθεύς.
782 2670 904 2723 Ὀτι
926 2670 1164 2741 Βοτρύας
1190 2671 1467 2736 όΜύνδιος
1495 2674 1621 2737 τοὺς
1641 2677 1661 2705 ²
1678 2674 1882 2744 Νιόϐης

290 2760 492 2823 παῖδας
526 2762 738 2824 πάντας
791 2762 895 2814 ὑπὸ
954 2763 1292 2823 Ἀπόλλωνός
1340 2781 1504 2832 φησιν
1553 2766 1877 2835 ἀνῃρῆσθαι.

293 2853 416 2904 Ὅτι
470 2853 719 2906 Ὀδυσσεῖ
763 2854 995 2909 ἔπεσθαι
1038 2855 1254 2908 δίδωσιν
1298 2857 1326 2907 ὁ
1361 2858 1543 2928 πατὴρ
1594 2858 1880 2926 μνήμονα³

289 2943 543 2996 Μυῖσκον
590 2944 859 3013 τοῧνομα,
905 2945 1255 3015 Κεφαλλῆνα.
1290 2950 1486 3001 Εἵπετο
1520 2951 1612 3002 καὶ
1646 2949 1882 3019 Ἀχιλλεῖ

292 3036 531 3104 μνήμων
558 3034 799 3106 τοῦνομα
834 3039 1074 3107 Νοήμων
1099 3078 1114 3099 ,
1166 3041 1314 3108 γένει
1350 3042 1743 3110 Καρχηδόνιος,
1787 3044 1881 3097 καὶ

284 3127 595 3197 Πατρόκλῳ
634 3128 905 3199 Εὔδωρος.
943 3130 1300 3201 Ἀντίπατρος
1326 3132 1382 3184 δέ
1416 3150 1580 3203 φησιν
1623 3135 1651 3185 ὁ
1680 3132 1878 3187 Ἀκάν-

285 3217 402 3279 θιος
439 3219 695 3288 Δάρητα,
737 3220 843 3290 πρὸ
888 3220 1129 3290 Ὀμήρου
1160 3222 1454 3291 γράψαντα
1494 3224 1594 3294 τὴν
1637 3226 1874 3288 Ἰλιάδα,

284 3314 551 3382 μνήμονα
610 3314 870 3378 γενέσθαι
924 3314 1188 3384 ’Έκτορος
1226 3316 1368 3386 ὑπὲρ
1403 3317 1495 3369 τοῦ
1548 3319 1620 3389 μὴ
1672 3320 1883 3374 ἀνελεῖν

283 3405 515 3475 ἑταῖρον
549 3404 864 3474 Ἀχιλλέως.
919 3407 1027 3458 Καὶ
1058 3407 1437 3475 Πρωτεσιλάου
1483 3408 1540 3460 δέ
1578 3427 1710 3478 φησι
1740 3411 1885 3480 Δάρ-

276 3498 448 3551 δανον
490 3498 783 3564 γενέσθαι,
811 3498 971 3563 γένος
1015 3500 1307 3553 θεσσαλόν.
1349 3502 1457 3554 Καὶ
1493 3501 1784 3571 ’Λντιλόχῳ
1826 3501 1883 3553 δὲ

276 3584 567 3638 Χάλκωνα
619 3585 966 3653 ὑπασπιστὴν
1018 3589 1112 3639 καὶ
1169 3589 1420 3658 μνήμονα
1467 3590 1573 3641 ὑπὸ
1609 3591 1881 3658 Νέστορος

276 3674 654 3744 συνεζεῦχθαι
691 3675 781 3727 τοῦ
835 3677 1064 3747 πατρός.
1098 3679 1284 3733 Ταῦτα
1321 3682 1419 3750 μὲν
1451 3682 1508 3732 ἐν
1532 3686 1597 3751 τῇ
1634 3682 1683 3733 α’
1712 3681 1877 3752 βίϐλῳ

273 3767 348 3818 τὰ
378 3768 671 3835 κεφάλαια.

370 3858 436 3910 Ἣ
478 3858 535 3910 δὲ
642 3860 769 3929 περὶ
828 3860 1188 3928 Ἡρακλέους,
1217 3861 1291 3924 ὡς
1324 3862 1461 3931 μετὰ
1489 3862 1511 3890 ⁸
1548 3862 1647 3931 τὴν
1680 3864 1880 3931 μανίαν

278 3952 563 4020 ἐλλεϐόρῳ
616 3952 920 4023 καθαρθείη
954 3954 1060 4005 ὑπὸ
1103 3954 1463 4023 Ἀντικυρέως
1525 3954 1617 4007 τοῦ
1668 3955 1762 4008 καὶ
1820 3955 1882 4008 τὸ

274 4046 591 4114 φάρμακον
621 4044 872 4113 εὑρόντος
926 4044 987 4096 τὸ
1048 4047 1105 4097 ἐν
1156 4046 1449 4115 Ἀντικύρᾳ
1502 4048 1602 4116 τῆς
1643 4048 1882 4110 Φωκίδος

272 4137 609 4200 πλεονάζον,
645 4138 749 4189 κᾶν
779 4137 929 4189 ἄλλοι
959 4137 1134 4199 ἄλλως
1161 4137 1323 4189 αὐτόν
1355 4155 1488 4204 φασι
1510 4137 1876 4208 καθαρθῆναι.

274 4231 418 4282 Ὀτι
439 4229 695 4298 Νέστορά
723 4245 886 4295 φασιν
904 4229 923 4259 ⁸
948 4229 1224 4299 ἐρώμενον
1253 4228 1583 4299 Ἡρακλέους
1600 4230 1872 4298 γενέσθαι.

1985 1929 2221 2002 Odyssea
2259 1936 2382 1991 inde
2417 1955 2539 1993 esse
2568 1944 2926 1997 nominatum.
2972 1947 3138 1997 Arcas
3168 1946 3385 2011 quidam
3410 1942 3560 1999 Peri-

1983 2032 2142 2080 tanus
2185 2030 2400 2083 nomine
2428 2029 2683 2085 Helenam
2720 2034 2859 2101 apud
2910 2032 3161 2088 Paridem
3211 2036 3261 2088 in
3327 2036 3555 2087 Arcadia

1982 2131 2234 2187 agentem
2284 2123 2619 2179 adnlterarat
2647 2142 2661 2179 :
2692 2142 2858 2195 quare
2885 2125 3039 2183 Paris
3063 2127 3310 2179 adulterii
3351 2142 3565 2195 pwuam

1982 2211 2256 2281 irrogans,
2320 2216 2573 2283 genitalia
2622 2218 2696 2271 illi
2739 2219 3003 2271 exsecuit.
3043 2215 3196 2271 Unde
3248 2218 3476 2283 factum,
3512 2227 3571 2271 nt.

1981 2300 2222 2356 Arcades
2251 2304 2332 2357 sic
2366 2304 2591 2360 affectos
2626 2318 2787 2375 atque
2830 2319 3077 2363 exsectos
3114 2308 3442 2378 περιτάνους
3475 2322 3571 2361 νο·-

1981 2400 2128 2445 cent.
2165 2392 2431 2447 Achillem
2458 2396 2801 2451 Aristonicus
2850 2396 3186 2452 Tarentinns
3234 2413 3359 2450 cum
3401 2397 3570 2466 virgi-

1982 2483 2140 2537 nibus
2210 2484 2351 2552 apud
2410 2484 2770 2556 Lycomedem
2840 2500 3153 2542 versantem
3213 2489 3566 2560 Cercyseram

1982 2574 2309 2643 appellatmn
2377 2591 2501 2631 esse
2546 2578 2755 2633 scribit.
2834 2578 2981 2633 lssan
3028 2594 3245 2650 quoque
3303 2579 3566 2650 Pyrrham

1981 2666 2268 2734 Aspetum,
2304 2676 2469 2737 atque
2514 2669 2863 2724 Promethea.
2912 2669 3140 2741 Botryas
3172 2672 3302 2725 item
3325 2669 3570 2740 Myudius

1984 2757 2181 2813 Niobes
2209 2760 2407 2814 liberos
2428 2775 2617 2815 omnes
2639 2764 2705 2815 ab
2732 2762 2979 2831 Apolline
3003 2764 3361 2831 interemptos
3380 2761 3567 2816 tradit.

1986 2851 2161 2921 Ulyssi
2197 2850 2345 2923 [ait]
2414 2854 2738 2908 monitorem
2768 2854 2881 2925 (51)
2937 2870 3138 2924 parens
3191 2855 3399 2909 addidit
3429 2852 3569 2925 Myi-

1980 2958 2133 2997 scum
2172 2946 2411 3010 nomine,
2464 2961 2530 3000 ex
2560 2947 2736 3000 insula
2761 2946 3113 3017 Cephalenia.
3142 2948 3486 3019 Sequebatur
3516 2964 3573 3007 et

1986 3035 2253 3089 Achillem
2284 3038 2523 3092 monitor
2553 3038 2572 3109 ἶ
2597 3039 2822 3093 Ρὴωιιὶκ
2863 3040 3022 3114 (52)]
3053 3044 3566 3113 nomine,prndens,

1980 3126 2311 3197 Calydonius
2345 3129 2456 3195 (55)
2492 3146 2690 3197 genere
2723 3150 2735 3184 ι
2769 3144 2823 3186 Ill
2857 3144 2911 3187 et
2945 3134 3255 3191 Patroclum
3298 3141 3567 3196 Eudorus.

1981 3220 2250 3274 Cmterum
2280 3222 2566 3291 Antipater
2598 3223 2901 3280 Acanthius
2940 3227 3107 3280 refert
3138 3228 3387 3285 Daretcm
3415 3234 3529 3303 (54)
3549 3275 3567 3300 ,

1950 3313 2071 3381 ,ηιιὶ
2097 3323 2221 3367 ante
2248 3314 2539 3369 Homerum
2570 3314 2802 3369 Iliadem
2846 3320 3200 3387 conscripsit,
3242 3325 3567 3379 monitorem

1983 3403 2150 3459 fuisse
2172 3404 2444 3468 Hectoris,
2467 3418 2856 3476 auctoremque
2886 3427 2951 3463 ne
2995 3412 3222 3467 Achillis
3253 3416 3459 3468 socium
3489 3418 3570 3471 in-

1983 3494 2283 3550 terimeret.
2330 3496 2741 3551 SicProtesilao
2781 3500 2939 3551 docet
2982 3499 3288 3555 Dardanum
3325 3503 3565 3571 atl‘uisse,

1982 3586 2195 3653 origine
2253 3585 2572 3640 TheSsalum
2608 3602 2623 3639 :
2660 3596 2714 3639 et
2745 3587 3038 3643 Antilocho
3070 3590 3401 3649 Chalconem
3458 3598 3565 3652 Ar-

1985 3678 2246 3746 migernm
2276 3678 2456 3743 simul,
2489 3689 2542 3731 et
2566 3681 2929 3734 monitorema
2947 3681 3173 3739 Nestore
3196 3698 3346 3756 patre
3360 3689 3566 3744 datum.

1979 3766 2111 3819 Haec
2142 3768 2301 3834 primi
2339 3768 2456 3821 libri
2486 3773 2686 3838 capita.

2054 3856 2242 3909 Altero
2275 3858 2471 3913 deinde
2500 3860 2640 3912 libro
2673 3860 2737 3914 de
2770 3860 3001 3917 Hercule
3042 3865 3174 3935 agit,
3203 3876 3261 3920 ttt
3289 3884 3316 3921 a
3345 3869 3568 3924 demen-

1987 3949 2059 4003 tia
2085 3950 2327 4005 elleboro
2363 3953 2434 4005 sit
2477 3952 2740 4007 liheratns
2772 3958 2838 4008 ab
2870 3957 3183 4029 Anticyrco,
3220 3962 3310 4030 qui
3347 3963 3447 4017 hoc
3478 3980 3567 4018 re-

1987 4042 2220 4094 medium
2277 4042 2552 4112 Anticyra:
2596 4044 2711 4114 (55)
2762 4043 3016 4102 Phocidis
3088 4050 3240 4103 valde
3312 4052 3568 4120 frequens

1986 4134 2196 4202 primus
2231 4135 2479 4203 reperit:
2528 4137 2629 4190 etsi
2665 4138 2754 4190 alii
2790 4139 2947 4192 aliter
2973 4152 3255 4210 purgatum
3294 4146 3568 4199 memoriae

1983 4230 2355 4299 prodiderunt.
2380 4232 2422 4283 A
2448 4231 2677 4287 Nestore
2704 4248 2919 4303 quoque
2939 4234 3223 4292 Herculem
3258 4241 3565 4293 adamatum

277 4323 413 4377 Ὅτι
452 4323 512 4373 οὐ
543 4322 897 4392 Φιλοκτήτης,
940 4324 1126 4391 φησιν,
1167 4322 1304 4375 ἀλλὰ
1337 4324 1624 4393 Μόρσιμος
1664 4325 1692 4377 ὁ
1726 4324 1872 4394 Τρα-

1987 4333 2192 4378 narrat.
2239 4325 2368 4377 Item
2400 4340 2503 4379 non
2541 4325 2921 4393 Philoctetam,
2946 4331 3042 4383 sed
3074 4330 3386 4385 Morsimum
3441 4331 3473 4385 Γ
3482 4348 3568 4384 ra-

1605 4480 1841 4536 VARIAS
1884 4480 2289 4536 LECTIONES.

357 4580 406 4611 ιι
444 4579 716 4647 λουμένην
771 4594 854 4644 pr.
880 4578 921 4629 A
945 4594 958 4627 :
984 4571 1282 4644 λουομένην
1306 4592 1367 4638 ς.
1443 4575 1488 4606 ⁸⁵
1526 4573 1610 4657 ἐῢς
1633 4573 1814 4657 ’παρῇ
1849 4574 1969 4657 libri
2001 4573 2231 4657 ὧσπερίη
2291 4573 2335 4657 ξδ
2378 4573 2738 4657 ῌεριτὲτανος
2773 4592 2834 4639 ς.
2910 4576 3251 4657 ’1,Ἀρκαδία
3280 4595 3424 4657 corr.
3459 4582 3498 4634 Α
3548 4599 3565 4637 :

292 4643 647 4728 Ἀρκάδας..
671 4643 741 4680 ’⁸⁸
769 4643 1179 4728 ἐξευνοιῦχιισελ
1229 4643 1369 4728 λιτὰ
1420 4644 1716 4728 παιδογόνα
1771 4643 2107 4728 ἀπέτεμες-ἕ
2166 4644 2232 4728 βξ
2256 4643 2541 4724 εὐνούχους
2573 4647 2620 4728 ρ
2652 4645 2824 4728 ςιοῦτΔω
2848 4663 2922 4728 πα

282 4712 487 4787 μένους
507 4712 579 4783 ς.
632 4719 650 4750 ¹
679 4712 975 4786 Ἄσπετος)
998 4712 1284 4787 Plutarchi
1311 4716 1483 4769 locum
1506 4715 1739 4787 (_Pyrhro
1760 4717 1824 4782 ι.)
1846 4714 2069 4784 apponit
2088 4712 2335 4768 Leichius
2365 4732 2416 4783 p.
2442 4712 2511 4769 ι.
2573 4715 2592 4745 ²
2612 4716 2736 4778 τοὺς
2758 4716 2803 4769 Α
2832 4717 2961 4787 ετῆς
2981 4734 3041 4780 ς’.

279 4784 588 4859 Κεφαλῆνα
610 4807 672 4854 ς.
748 4789 770 4821 ⁴
802 4789 942 4841 κατὰ
966 4784 1028 4850 ς.
1103 4786 1123 4816 ⁵
1153 4802 1319 4855 φησιν
1342 4786 1410 4839 Α.
1445 4784 1531 4855 οὑ]
1559 4787 1586 4838 ὁ
1614 4787 1680 4838 Α.

2188 4644 2232 4722 ’ξ’
2256 4644 2541 4722 εὐνούχους
2573 4647 2620 4722 ᾼ
2652 4645 2824 4722 ςμοῦτῇω
2848 4644 3253 4722 παθόντας-καὶ
3292 4653 3567 4722 ἐκτετμη-

3129 4718 3149 4749 ³
3172 4718 3469 4790 μημόσυνα
3498 4718 3562 4789 ς.

1806 4881 2042 4939 ΝΟΤίΕ.

358 4981 473 5049 (59)
509 4980 652 5049 Lege
678 4979 931 5049 Eustatb.
956 4978 1023 5031 ad
1055 4977 1247 5049 Odyss.
1276 4975 1343 5030 K.

359 5044 474 5119 (49)
525 5044 841 5112 Πελειάδας.
897 5048 1029 5103 Vide
1074 5044 1327 5102 Eustath.
1390 5045 1457 5099 ad
1502 5060 1718 5100 versum
1778 5044 1880 5100 659

290 5119 492 5175 Oduss.
532 5121 597 5172 Μ.

515 5138 648 5243 side
680 5188 931 5243 Eustath.
956 5188 1021 5241 ad
1047 5203 1262 5239 versum
1283 5185 1349 5240 65
1382 5184 1573 5255 Odyss.
1601 5184 1668 5238 Μ.

361 5262 478 5329 (51)
511 5262 800 5329 Μνήμονα.
836 5259 1254 5327 Paedagugornm
1289 5258 1505 5329 id,‘sive
1532 5257 1708 5329 potius
1732 5270 1884 5329 “con-

287 5327 978 5385 siliariornm'iutimorum
1010 5343 1206 5397 genus.
1238 5327 1491 5380 heroibus
1515 5328 1635 5377 addi
1664 5327 1882 5378 solitmn

287 5404 530 5453 maxime
552 5401 880 5469 junioribus.
913 5396 1113 5464 Quales
1146 5400 1256 5451 fere
1304 5398 1462 5469 hodie
1496 5396 1885 5463 gubernatores

289 5471 519 5535 majoris
538 5467 817 5537 potestatis
830 5470 1212 5538 significativos
1228 5467 1579 5536 appellamus.
1602 5469 1880 5531 Quomodo

286 5542 457 5595 etiam
490 5543 627 5593 dixit
658 5541 837 5592 Stat.:

436 5610 694 5663 lndomiti
732 5610 954 5663 Phania:
987 5610 1286 5661 moderator
1312 5606 1533 5659 alumni.

794 5682 928 5749 (Syl.
974 5695 1024 5739 ν,
1058 5679 1278 5745 Epiced.
1314 5679 1364 5728 in
1394 5677 1651 5749 patrem.)

290 5746 543 5803 Similem
591 5750 715 5803 huic
750 5746 1162 5816 pitu—agogorum
1190 5749 1495 5815 catalognm
1550 5748 1625 5816 (in
1683 5761 1787 5811 quo
1823 5754 1876 5798 et

289 5817 526 5875 wauix
566 5822 758 5875 Achilli
786 5818 1049 5888 tributus)
1096 5819 1211 5886 lege
1258 5823 1397 5887 apud
1444 5818 1613 5873 Clctn.
1644 5817 1871 5872 Alexan.

1987 4973 2081 5028 lib.
2108 4989 2123 5025 ι
2160 4969 2470 5041 Pwdagogi,
2496 4989 2543 5027 c.
2577 4972 2631 5027 8.
2663 4971 2748 5027 Cf.
2779 4972 3054 5028 Plutarch.
3090 4975 3141 5028 in
3177 4973 3437 5044 Prwcept.
3462 4995 3559 5045 po-

1980 5045 2127 5095 litim.

2055 5112 2365 5180 (5‘2)Ausus
2404 5128 2521 5165 smn
2571 5112 3056 5167 celebratissimum
3085 5116 3223 5184 apud
3251 5130 3438 5168 omnes
3461 5134 3558 5167 tto-

1982 5199 2115 5255 men
2144 5184 2551 5255 hic‘inserereg:
2582 5184 2715 5255 nihil
2762 5184 3017 5255 dubitans
3056 5187 3183 5255 quin
3234 5186 3297 5238 τὸ
3341 5186 3555 5254 νοήμων

1982 5254 2394 5321 prudentissimi
2424 5253 2521 5305 viri
2546 5254 2825 5319 epitheton
2856 5252 3038 5307 fuerit.

2057 5324 2169 5391 (55)
2195 5322 2285 5375 Sic
2311 5325 2454 5375 enim
2488 5324 2577 5376 hic
2601 5325 2740 5375 malo
2766 5324 2941 5391 legere
2960 5340 3118 5389 quam
3149 5325 3515 5393 Καρχηδόνιος
3538 5346 3550 5379 :

1990 5396 2091 5445 etsi
2132 5410 2235 5445 non
2284 5394 2551 5461 ignorem,
2613 5394 2891 5459 Scepsium
2938 5397 3076 5461 apud
3108 5396 3285 5447 Strab.
3328 5396 3416 5447 lib.
3455 5412 3551 5457 XII,

1989 5462 2227 5516 Thessul.
2260 5464 2574 5516 Ortnenium
2606 5461 2879 5517 Pbmnicis
2913 5466 3142 5529 patriam
3173 5463 3372 5516 facere.

2059 5534 2169 5602 (54)
2210 5535 2375 5587 Dares
2411 5535 2571 5586 etiam
2614 5536 2828 5601 quidam
2886 5535 3138 5585 sacerdos
3177 5532 3442 5597 Troianus
3482 5537 3550 5583 ab

1985 5604 2219 5658 Homero
2250 5604 2493 5657 laudatus
2530 5602 2694 5657 Iliad.
2728 5603 2789 5655 Ε.
2817 5602 2887 5654 At
2910 5603 3048 5669 quod
3086 5604 3137 5654 in
3173 5604 3549 5670 manibusjam

1984 5678 2050 5727 de
2086 5674 2227 5726 bello
2272 5672 2509 5738 Trojano
2548 5675 2763 5741 Poema,
2809 5673 2987 5727 Dareti
3024 5670 3162 5727 falso
3211 5675 3547 5742 suppositum

1984 5755 2212 5799 censent
2246 5744 2465 5796 eruditi.

2055 5814 2169 5884 (55)
2197 5814 2326 5870 Vide
2356 5813 2667 5869 Proverbia.
