4022 6466
473 355 574 420 611
1651 345 1914 410 ΡΗΟΤΙΙ
1952 345 2086 408 ΡΑΊ

2190 345 2457 406 ΑῐιρηιΕ
2495 347 2603 407 cr.
3601 358 3700 425 διε

473 469 716 526 chinium
747 481 936 540 pyram
973 465 1186 520 Herculi
1232 463 1561 520 incendisse.
1597 462 1884 519 Herculem
1921 477 2060 532 prae-

2187 462 2332 534 [ίνιος
2377 461 2590 532 ὑφῆψεν
2630 459 2891 533 Ἡρακλεῖ
2920 459 3016 529 τὴν
3058 459 3254 530 πυράν.
3297 460 3417 514 Ὅτι
3457 463 3700 544 Ἡρακλῆς

479 574 650 626 terea,
681 561 941 616 devorato
972 577 1000 614 a
1032 557 1286 613 Nemech
1309 557 1467 612 leone
1501 556 1693 628 1471)
1724 556 1891 626 digito
1928 569 2057 621 uno,

2187 554 2578 624 ιποϐρωθέντος
2624 550 2824 622 αὐτῷ*
2857 550 2966 604 τῶν
3018 549 3297 604 δακτύλων
3326 552 3444 616 ἑνὸς
3486 555 3582 610 ὑπὸ
3618 564 3702 616 τοῦ

475 669 666 711 novem
688 653 948 708 duntaxat
980 651 1177 722 digitos
1207 651 1487 714 habuisse,
1519 661 1848 718 exstareque
1877 657 2062 702 tumu-

2187 646 2436 717 lepeaiou
2497 645 2709 707 λέοντος
2771 642 3188 704 ὲννεαδάκτυλος
3222 642 3431 711 γέγονε,
3477 649 3567 699 καὶ
3605 651 3706 706 ἐστι

474 746 587 802 lum
615 747 766 817 digiti
802 745 995 798 avulsi.
1036 743 1144 798 Alii
1179 753 1358 797 tamen
1394 743 1688 812 pastinacae
1740 741 1854 813 (56)
1897 743 2064 812 piscis

2187 741 2332 808 τάφος
2377 737 2472 792 τοῦ
2528 735 2940 806 ἐκκεκομμένον
2982 733 3266 788 δακτύλου⁸
3310 735 3364 787 οί
3421 734 3474 788 δὲ
3529 739 3708 813 κέντρῳ

477 839 666 894 aculeo
709 839 935 907 digitum
990 838 1250 891 amissum
1305 835 1508 890 lerunt.
1560 834 1798 889 Leonem
1844 850 2064 889 veroex

2187 829 2423 901 τρυγόνος
2453 826 2752 882 ἀποϐαλεῖν
2787 826 2878 878 τόν
2905 823 3168 878 δάκτυλον
3212 822 3438 894 ἔφασαν.
3467 826 3655 883 Λέοντα
3671 833 3709 885 δ’

478 929 656 1000 lapide
680 927 1064 982 Lacedminone
1094 928 1276 983 videre
1307 936 1392 982 est
1418 927 1572 1000 digiti
1613 927 1820 982 tumulo
1844 926 2062 995 illipOsi-

2187 924 2315 977 ἑστιν
2347 923 2474 976 ίδεῖν
2503 920 2583 991 τῷ
2623 920 2718 974 τοῦ
2749 919 3018 973 δακτύλου
3049 917 3204 988 τάφῳ
3232 919 3509 987 ἐφεστῶτα
3538 921 3713 978 λίθινον

480 1031 615 1084 tum,
663 1020 968 1091 symbolum
1019 1020 1274 1074 nimirum
1328 1020 1579 1074 Herculei
1632 1020 1864 1074 roboris.
1917 1018 2068 1074 Unde

2187 1035 2227 1068 LV
2262 1013 2648 1083 Λακεδαίμονι,
2713 1010 2978 1082 σύμϐολον
3029 1011 3127 1080 τῆς
3164 1009 3258 1062 τοῦ
3293 1009 3469 1081 ἥρωος
3492 1013 3514 1043 ⁷
3543 1014 3715 1084 ἀλκῆς.

481 1128 599 1167 nios
627 1113 850 1166 inolevit
891 1115 940 1165 in
979 1112 1312 1180 reliquorum
1350 1128 1564 1182 quoque
1606 1113 1895 1180 sepulcris,
1933 1111 2068 1180 lapi-

2187 1110 2271 1174 Ἐξ
2300 1108 2508 1161 ἐκείνου
2564 1106 2620 1160 δὲ
2667 1106 2761 1158 καὶ
2789 1107 2899 1167 τοῖς
2927 1102 3105 1157 ἄλλων
3142 1102 3334 1172 τάφοις
3385 1103 3610 1169 λιθίνους
3635 1109 3718 1178 ἐφ-

481 1205 617 1260 deos
661 1214 900 1260 statuere
936 1205 1143 1260 leones.
1180 1203 1380 1258 Verum
1417 1205 1506 1258 alii
1537 1205 1693 1260 aliter
1719 1205 1786 1260 de
1828 1207 1982 1260 leone
2016 1205 2067 1258 in

2187 1199 2360 1252 ,στῶσι
2376 1200 2398 1230 ⁸
2436 1199 2678 1260 λέοντας.
2715 1194 2900 1248 Ἀλλοι
2933 1192 2979 1245 δ’
3001 1191 3174 1254 ἄλλως
3197 1193 3326 1260 περὶ
3351 1191 3450 1261 τῆς
3473 1193 3563 1246 τοῦ
3591 1197 3721 1250 λέον.

371 1334 373 1336 -
481 1297 641 1367 cippo
692 1297 1059 1352 monumentis
1105 1297 1357 1363 imposito
1413 1297 1653 1350 tradunt.
1696 1296 1772 1350 Ex
1827 1295 2070 1350 Herculis

2187 1307 2262 1353 τος
2285 1286 2715 1358 ἁναστηλώσεώς
2765 1302 2951 1352 φασιν.
3001 1283 3090 1345 Ὠς
3133 1284 3198 1336 ὲκ
3250 1283 3351 1353 τῆς
3415 1283 3722 1354 Ἡρακλέους

486 1405 614 1459 rogo
655 1404 908 1460 magnam
953 1388 1283 1442 locustarum
1309 1388 1413 1441 vim
1449 1396 1692 1454 enatam,
1725 1404 1844 1457 qua:
1894 1390 2072 1454 regio-

486 1497 609 1536 nem
648 1481 811 1535 veluti
841 1490 991 1549 peste
1018 1481 1278 1542 vastavit,
1308 1490 1361 1534 et
1391 1495 1504 1550 quo
1534 1481 1693 1534 modo
1723 1496 1787 1534 ea
1821 1481 1940 1535 lues
1973 1496 2073 1534 ex»

485 1571 681 1626 stincta
713 1571 896 1624 fuerit.
935 1569 1002 1625 Ut
1035 1569 1212 1624 Venus
1245 1582 1463 1639 propter
1491 1571 1814 1638 Adonidem,
1848 1577 2082 1628 sunmet

2173 1384 2354 1453 πυρᾶς
2386 1381 2622 1452 ἀκρίδων
2655 1381 2675 1411 ⁹
2719 1378 2924 1447 πλῆθος
2967 1375 3288 1447 ἀνήρθησαν
3318 1376 3413 1429 καὶ
3441 1376 3620 1447 λοιμοῦ
3659 1380 3726 1433 δί-

2176 1493 2280 1545 κην
2308 1476 2407 1545 τὴν
2441 1473 2623 1544 χώραν
2672 1473 2910 1524 ἐσίνοντο
2932 1508 2948 1533 ,
2999 1472 3093 1524 καὶ
3143 1469 3221 1532 ὡς
3255 1469 3613 1540 ἀνῃρέθησαν.
3651 1473 3727 1536 Ὠς

2191 1565 2478 1636 Ἀφροδίτη
2513 1565 2577 1618 δι’
2599 1565 2833 1617 ’Ἄδωνιν
2866 1563 2960 1616 τὸν
2986 1563 3155 1632 αὐτῆς
3181 1579 3243 1615 τε
3279 1563 3374 1614 καὶ
3419 1561 3727 1632 Ἡρακλέους

487 1659 736 1716 Herenniis
767 1663 1056 1729 amasium,
1098 1661 1330 1716 Nessum
1389 1663 1742 1728 Centaurum,
1774 1664 2079 1734 quasller-

489 1751 594 1805 culi
629 1753 856 1806 insidias
878 1762 1136 1818 strueret,
1160 1752 1464 1808 edocuerit.
1491 1753 1559 1808 Ut
1586 1752 1803 1820 Nireus,
1833 1755 2079 1826 Symmus

2180 1659 2455 1730 ἐρώμενον
2481 1658 2692 1712 Νέσσον
2717 1658 2810 1710 τὸν
2842 1657 3154 1726 Κένταυρον
3187 1656 3422 1721 διδάξειε
3476 1655 3572 1726 τὴν
3612 1659 3728 1712 κατά

2197 1750 2532 1822 Ἡρακλέους
2579 1749 2822 1818 ἐνέδραν.
2865 1749 2948 1812 Ὦς
2981 1748 3184 1819 Νιρεὺς
3224 1749 3254 1800 6
3301 1748 3538 1816 Συμαῖος
3583 1747 3729 1819 Ἥρα.

487 1839 740 1898 Herculis
791 1846 1047 1911 amasius,
1089 1855 1277 1899 contra
1323 1843 1664 1899 Heliconium
1708 1845 1920 1900 leonem
1968 1862 2073 1900 una

2187 1818 2369 1908 κλέους
2395 1841 2463 1916 ἦν
2516 1845 2812 1914 ἐρώμενος,
2843 1843 2970 1916 [245
2998 1841 3091 1915 Η.]
3131 1843 3226 1896 καὶ
3255 1845 3730 1914 συγκατειργάσατο

491 1936 778 2004 pugnarit:
813 1938 1028 2006 quidam
1074 1946 1252 1992 tamen
1303 1937 1550 1992 Herculis
1586 1938 1754 1992 lilium
1795 1937 1954 1994 Nirea
1995 1937 2078 1992 la-

491 2027 661 2080 ciunt.
692 2028 953 2091 Quaenam
988 2029 1100 2082 sint
1143 2029 1246 2082 illa:
1277 2031 1415 2098 apud
1451 2040 1662 2098 poetam
1703 2031 1911 2101 gratiae,
1955 2045 2079 2085 cum

492 2118 689 2185 quibus
717 2116 988 2184 Euphorbi
1035 2118 1215 2173 crines
1244 2119 1523 2187 componit
1544 2119 1679 2190 (57).
1710 2118 1996 2176 Herculem
2049 2136 2078 2173 a

495 2208 660 2262 natali
690 2207 866 2262 Nilum
899 2207 1066 2264 fuisse
1096 2210 1417 2278 appellatum
1448 2212 1644 2266 asserit
1680 2226 1696 2265 :
1727 2221 1782 2265 at
1814 2223 1937 2281 post
1967 2229 2085 2268 ser-

493 2309 677 2354 vatam
725 2298 1014 2366 Junonem,
1067 2300 1368 2356 interfectis
1405 2303 1496 2373 qui
1545 2304 1691 2358 illam
1751 2305 2084 2360 invadebant

495 2393 785 2462 Anonymo
812 2401 864 2447 et
885 2393 1154 2462 Peripnoo
1178 2394 1507 2462 gigantibus,
1541 2392 1737 2450 exinde
1767 2397 1930 2468 (quod
1967 2399 2083 2452 bel-

496 2482 606 2535 lum
648 2498 676 2535 a
701 2483 910 2536 Junone
933 2484 1296 2554 proﬂigasset)
1329 2500 1523 2540 nomen
1550 2497 1812 2542 mutasse.
1831 2489 2082 2548 Anderus

497 2571 750 2628 Herculis
776 2575 1040 2640 amasius,
1072 2591 1193 2630 cum
1230 2577 1298 2631 de
1329 2577 1489 2646 hujus
1524 2595 1654 2648 rogo
1692 2578 1910 2634 Theseo
1946 2597 2085 2634 nun-

499 2667 709 2731 tiasset,
747 2667 812 2721 ab
834 2668 1022 2722 eodem
1054 2678 1140 2723 est
1163 2669 1538 2738 interemptus.
1572 2671 1862 2725 Dimidium
1888 2671 2082 2743 Hydra:

499 2767 662 2826 caput
695 2773 919 2812 aureum
957 2757 1148 2823 luisse,
1179 2771 1373 2813 auctor
1398 2769 1481 2814 est
1504 2762 1844 2817 Aristonicus
1873 2762 2082 2818 Taren-

500 2847 668 2900 tinus.
723 2848 1030 2902 Alexander
1073 2864 1202 2904 vero
1255 2849 1500 2921 Myudius
1545 2852 1749 2918 refert,
1790 2856 2081 2910 draconem

501 2947 646 2993 terra
680 2940 921 3008 genitum
952 2956 1055 2993 una
1089 2955 1210 2994 cum
1236 2940 1464 2996 Hercule
1499 2959 1792 3012 pugnasse,
1822 2947 2084 3002 adversus

501 3024 814 3081 Nememum
876 3027 1086 3082 lennem
1139 3047 1153 3082 :
1202 3046 1362 3098 quem
1407 3041 1463 3085 et
1504 3034 1800 3087 enutritum
1846 3035 1960 3105 (58)
2016 3037 2085 3090 ab

503 3119 759 3184 Hercule,
795 3119 1123 3189 Thebasque
1155 3123 1372 3175 ductum
1408 3122 1461 3176 in
1491 3123 1650 3191 hujus
1682 3128 1913 3181 tentorio
1933 3143 2084 3182 inan-
2111 3157 2159 3221 ε

503 3212 663 3274 sisse,
690 3216 1050 3281 eniudemque
1089 3212 1238 3266 illum
1269 3228 1409 3279 esse,
1442 3219 1532 3284 qui
1560 3216 1732 3286 pullos
1760 3217 1872 3287 (59)
1901 3233 2089 3286 passe-

505 3306 582 3357 ris
631 3321 753 3358 cum
799 3306 1134 3367 devorasset,
1188 3306 1238 3358 in
1290 3306 1523 3374 lapidem
1567 3322 1864 3365 conversus
1899 3311 2087 3367 luerit.

503 3393 650 3462 Argo
681 3409 871 3448 navem
901 3397 956 3449 iu
989 3395 1122 3449 Ossa
1153 3395 1448 3452 Thessalia:
1476 3410 1656 3453 monte
1688 3397 1948 3456 Hercules
1962 3402 2088 3470 qui-

506 3486 625 3540 dem
650 3487 1039 3542 exredilicavit:
1069 3503 1267 3542 nomen
1289 3505 1416 3544 vero
1440 3491 1539 3560 ipsi
1574 3491 1800 3546 inditum
1835 3493 1904 3547 ab
1919 3494 2086 3564 Argo,

505 3580 722 3634 Jasonis
758 3580 886 3645 lilio,
920 3580 1012 3650 qui
1043 3584 1141 3651 ipsi
1188 3583 1240 3636 in
1275 3583 1488 3639 deliciis
1517 3595 1654 3650 erat,
1684 3596 1906 3655 propter
1924 3603 2085 3656 quem

507 3671 673 3724 etiam
707 3671 797 3726 ille
836 3689 937 3727 una
975 3690 1095 3727 cum
1125 3672 1327 3731 Jasone
1361 3678 1426 3729 ad
1453 3677 1688 3747 Scythas
1723 3680 2086 3749 adnavigavit.

508 3762 777 3818 Junonem
809 3780 929 3818 cum
967 3765 1214 3838 Geryone
1259 3781 1586 3838 pugnantem
1618 3773 1685 3824 ab
1717 3769 1948 3826 Hercule
1970 3774 2089 3826 vul-

512 3873 614 3910 nus
668 3861 946 3926 accepisse
993 3861 1286 3913 secuudum
1340 3863 1622 3916 dexterum
1673 3865 1828 3927 uber,
1879 3877 1934 3919 et
1970 3883 2091 3935 qu;e

516 3950 640 4004 inde
666 3961 958 4004 consecuta
997 3952 1126 4004 sint.
1155 3951 1450 4022 Corythus,
1482 3971 1680 4024 genere
1706 3957 1896 4012 Iberus
1927 3968 2091 4027 atque

516 4043 762 4096 Herculis
810 4042 1071 4107 amasius,
1115 4045 1326 4112 galeam
1367 4048 1573 4114 primus
1607 4049 1917 4103 fabricavit.
1953 4049 2092 4106 Hinc.

513 4145 568 4186 et
599 4134 684 4188 his
701 4133 868 4189 armis
912 4149 1107 4188 nomen
1149 4136 1199 4189 id
1245 4138 1478 4205 primunt
1513 4139 1721 4193 datum.
1773 4141 2091 4210 Sepulcrum

515 4224 644 4278 illud
673 4227 727 4279 in
761 4225 944 4292 Creta,
973 4227 1114 4296 quod
1155 4226 1307 4281 Jnvis
1338 4230 1659 4298 appellalur,
1704 4231 1916 4302 Olympi
1949 4234 2094 4290 illius

2181 1939 2272 1992 τὸν
2309 1936 2622 1991 Ἑλικώνιον
2655 1937 2869 1990 λέοντα’
2927 1938 2978 1990 οί
3030 1936 3087 1989 δὲ
3143 1935 3260 1988 υἱὸν
3293 1935 3618 2004 Ἡρακλέους
3657 1937 3732 1990 τὸν

2182 2028 2357 2099 Νιρέα
2388 2027 2544 2097 φασί.
2575 2028 2732 2090 Τίνες
2759 2028 2816 2080 αἱ
2863 2026 3014 2096 παρὰ
3051 2025 3133 2096 τῷ
3175 2029 3375 2095 ποιητῇ
3399 2027 3634 2095 χάριτες,
3660 2023 3732 2090 αἷς

2183 2116 2519 2188 παραϐάλλει
2567 2115 2665 2180 τὰς
2715 2115 2996 2185 Εὐφόρϐου
3048 2115 3247 2184 κόμας.
3318 2115 3444 2166 Ὅτι
3503 2113 3731 2177 Νεῖλοςό

2195 2211 2474 2280 Ἡρακλῆς
2521 2210 2629 2263 ἀπὸ
2682 2207 2951 2278 γενέσεώς
2980 2224 3145 2278 φησιν
3172 2208 3214 2238 ’⁸
3251 2207 3518 2270 ἐκαλεῖτο,
3552 2209 3664 2260 ἐπεὶ
3694 2207 3732 2260 6‘

2187 2301 2368 2372 Ἥραν
2423 2301 2629 2353 ἔσωσεν
2670 2300 3040 2371 ἐπερχόμενον
3079 2301 3214 2369 αὐτῇ
3247 2298 3456 2352 ἀνελὼν
3496 2301 3584 2355 τὸν
3613 2303 3734 2356 ἀνώ-

2184 2411 2351 2462 νυμον
2386 2394 2478 2447 καὶ
2510 2393 2807 2463 πυρίπνοον
2858 2392 3115 2460 Γίγαντα,
3155 2391 3282 2462 [476
3311 2391 3403 2464 IL]
3443 2394 3640 2447 ἐκεῖθεν
3663 2396 3736 2449 διὰ

2183 2487 2243 2540 τὸ
2274 2486 2607 2540 ἁπαλαλκείν
2658 2486 2698 2516 ¹¹
2731 2485 2829 2552 τῆς
2865 2485 3042 2555 ’Ἤρας
3077 2484 3170 2537 τὸν
3230 2485 3470 2554 πόλεμον
3497 2487 3734 2555 μετέϐαλε

2184 2578 2283 2648 τὴν
2315 2577 2529 2647 κλῆσιν.
2565 2579 2688 2629 Ὅτι
2727 2576 2998 2646 Ἀϐδηρος
3037 2577 3077 2607 ¹²
3102 2577 3131 2628 6
3169 2576 3504 2647 Ἡρακλέους
3552 2578 3736 2648 ὲρώμευ

2185 2685 2274 2730 νος
2300 2667 2368 2720 τὰ
2400 2668 2529 2738 περὶ
2573 2667 2674 2736 τῆς
2706 2667 2888 2736 πυρᾶς
2924 2666 3087 2718 αὐτοῦ
3120 2667 3291 2734 Θησεῖ
3319 2666 3637 2734 ἀναγγείλας
3663 2667 3736 2720 ὑπ’

2185 2758 2351 2812 αὐτοῦ
2409 2758 2732 2826 ἀναιρεῖται.
2791 2757 2916 2808 Ὅτι
2979 2759 3078 2825 τὴν
3141 2759 3318 2828 μέσην
3369 2758 3615 2828 κεφαλὴν)
3654 2757 3740 2826 τῆς

2187 2851 2353 2922 ὕδρας
2396 2850 2762 2921 Ἀριστόνικός
2798 2851 2841 2882 ¹³
2893 2866 3056 2919 φησιν
3108 2853 3136 2903 ό
3177 2851 3511 2922 Ταραντῖνος
3559 2850 3738 2920 χρυσῆν

2186 2942 2345 3000 εἶναι.
2379 2945 2501 2998 Ὅτι
2547 2943 2895 3013 Ἀλέξανδρος
2945 2944 2972 2996 6
3031 2942 3271 3007 Μύνδιός
3321 2961 3454 3015 φησι
3502 2944 3738 3014 δράκοντα

2185 3036 2395 3108 γηγενῆ
2447 3035 2809 3107 συμμαχῆσαι
2854 3035 3113 3104 Ἡρακλεῖ
3164 3036 3306 3106 πρὸς
3365 3037 3457 3089 τὸν
3501 3036 3740 3105 Νεμεαῖον

2187 3131 2399 3194 λέοντα,
2461 3128 2521 3182 ὃν
2568 3129 2664 3182 καὶ
2722 3127 3105 3198 ἀνατραφῆναι
3142 3128 3247 3180 ὑπὸ
3293 3127 3635 3197 Ἡρακλέους,
3663 3128 3741 3179 καὶ

2192 3223 2732 3292 συνακολουθήσαντα
2759 3219 2910 3290 αὐτῷ
2939 3221 2996 3282 ὲς
3043 3220 3224 3290 Θήϐας
3261 3222 3322 3273 ὲν
3352 3219 3525 3274 αὕλιδι
3551 3221 3738 3290 μεῖναι·

2191 3318 2285 3371 καὶ
2319 3317 2505 3370 τοῦτον
2534 3311 2670 3368 εἶναι
2692 3315 2782 3368 τὸν
2808 3315 2933 3376 τοὺς
2953 3313 3206 3376 νεοσσοὺς
3242 3314 3624 3383 καταφαγόντα
3660 3314 3743 3381 τῆς

2191 3409 2454 3480 στρουθοῦ
2513 3409 2606 3461 καὶ
2669 3406 3096 3460 ἀπολιθωθέντα.
3166 3404 3259 3468 Ὣς
3316 3405 3418 3476 τήν
3481 3404 3650 3474 Ἀργὼ
3694 3406 3742 3454 ἐν

2195 3502 2370 3571 Ὄσσῃ
2392 3501 2488 3569 τῆς
2517 3497 2819 3559 Θεσσαλίας
2855 3497 3130 3566 Ἡρακλῆς
3151 3496 3192 3527 ⁸⁷⁵
3223 3497 3328 3566 μὲν
3350 3495 3742 3560 κατασκευάζει,

2190 3593 2362 3663 ὄνομα
2409 3592 2452 3644 δῖ
2486 3592 2623 3662 αὐτῇ
2656 3593 2866 3661 τίθησιν
2915 3589 3024 3643 ἀπὸ
3053 3592 3261 3660 ’Λργου
3301 3592 3395 3645 τοῦ
3434 3591 3670 3652 Ἰάσονος,
3697 3587 3744 3650 ὃς

2189 3681 2264 3756 ἦν
2294 3684 2569 3756 ἐρώμενος
2621 3683 2789 3754 αὐτῷ,
2825 3683 2890 3736 δι’
2921 3684 2980 3737 ὃν
3016 3686 3112 3738 καὶ
3148 3685 3343 3739 Ἰάσονι
3379 3684 3472 3737 τὸν
3513 3683 3601 3736 ἐπὶ
3624 3682 3744 3733 Σκυ-

2194 3778 2314 3840 θίας
2345 3777 2614 3847 συνήρατο
2642 3775 2830 3829 πλοῦν.
2877 3775 2964 3839 Ὠς
2988 3776 3139 3848 ’Ἡρα
3169 3775 3537 3846 σνμμαχοῦσα
3559 3774 3631 3842 τῷ
3657 3773 3746 3840 Γη-

2195 3869 2360 3941 ρυόνῃ
2385 3869 2428 3899 ³⁸
2452 3866 2814 3938 τιτρώσκεται
2844 3867 2933 3936 ὑφ’
2972 3867 3306 3938 Ἡρακλέους
3329 3868 3471 3922 κατά
3496 3866 3584 3919 τὸν
3601 3863 3747 3930 δεξιὸν

2196 3959 2388 4031 μαζὸν,
2415 3960 2509 4014 καὶ
2549 3961 2649 4012 ὅσα
2701 3958 2770 4024 ’ἐξ
2822 3959 3031 4012 ἐκείνου
3089 3965 3349 4014 τελεῖται.
3390 3960 3478 4023 Ὠς
3507 3955 3745 4026 Κόρυθος.

2196 4055 2358 4124 Ἴϐηρ
2387 4053 2448 4107 τὸ
2486 4053 2642 4122 γένος
2682 4052 2758 4106 ὢν
2795 4054 2892 4106 καὶ
2928 4052 3260 4124 Ἡρακλέους
3297 4052 3589 4125 ἐρώμενος,
3618 4047 3745 4117 πρῶ·

2191 4164 2284 4210 τος
2317 4144 2522 4217 κόρυθα
2553 4146 2975 4206 κατεσκεύασεν,
3023 4145 3081 4211 ἐξ
3110 4140 3172 4200 οὗ
3199 4148 3294 4198 καὶ
3325 4147 3424 4216 τὴν
3455 4139 3746 4209 ἐπωνυμίαν

2193 4238 2378 4292 λαϐεῖν
2407 4253 2543 4308 φησι
2571 4238 2633 4290 τὸ
2667 4237 2850 4290 ὅπλον.
2893 4237 2980 4299 Ὠς
3004 4239 3032 4290 6
3065 4238 3106 4268 “
3154 4239 3214 4290 έν
3263 4239 3458 4307 Κρήτῃ
3485 4233 3646 4301 τάφος
3677 4229 3748 4279 λε·

513 4319 795 4375 Cretensis
830 4334 973 4385 esse,
1001 4321 1092 4389 qui
1129 4332 1376 4392 ereptum
1412 4322 1650 4379 Saturno
1670 4323 1855 4380 Jovem
1887 4328 2086 4382 educa-

2195 4331 2424 4400 γόμενος
2457 4329 2553 4382 τοῦ
2597 4329 2719 4392 Διὸς
2769 4328 3047 4400 Ὀλύμπου
3094 4328 3187 4382 τοῦ
3242 4329 3466 4400 Κρητός
3500 4318 3748 4382 ὲστιν,ὂς

513 4410 612 4474 vit,
664 4409 1091 4480 religionemque
1145 4413 1381 4467 edocuit.
1439 4411 1631 4468 Verum
1662 4417 1805 4469 enim
1833 4433 1964 4472 vero
1989 4434 2086 4472 nu-

2197 4420 2349 4490 παρά
2377 4419 2470 4472 τοῦ
2506 4421 2716 4490 Κρόνου
2749 4419 2929 4473 λαϐὼν
2948 4420 3040 4473 τὸν
3069 4420 3167 4472 Δία
3192 4419 3391 4488 έτρεφέ
3422 4435 3479 4470 τε
3507 4415 3597 4468 καὶ
3621 4408 3748 4464 ἐπαί-

516 4503 758 4556 tritorem
785 4505 1174 4570 doctoremqne
1196 4520 1357 4559 suum
1384 4503 1594 4575 Jupiter
1619 4507 1862 4574 l‘ulmiue,
1890 4511 2086 4581 inquit,

2195 4516 2317 4569 δευε
2345 4514 2417 4568 τά
2451 4513 2592 4569 θεῖα.
2639 4514 2803 4568 Ἀλλὰ
2848 4515 2956 4588 γὰρ
2999 4515 3183 4586 βάλλει
3213 4515 3425 4587 (φησιν)
3457 4513 3486 4564 6
3523 4509 3651 4568 Ζεὺς
3673 4505 3747 4558 τὺν

513 4597 802 4662 percussit,
838 4599 979 4666 quod
1015 4595 1209 4668 1480
1249 4598 1495 4668 gigantes
1525 4615 1746 4664 regnum
1783 4602 1899 4670 ejus
1938 4605 2086 4658 inva-

2199 4607 2402 4678 τροφέα
2434 4606 2528 4659 καὶ
2559 4605 2879 4660 διδάσκαλον
2909 4605 3182 4677 κεραυνῷ,
3212 4607 3294 4660 ὅτι
3325 4605 3389 4676 δὴ
3432 4603 3556 4663 τοὺς
3580 4598 3617 4650 1"
3623 4597 3750 4663 ίγαν-

513 4685 643 4736 dere
679 4684 812 4738 velle
851 4685 1241 4753 suspicaretur.
1285 4690 1356 4738 At
1400 4702 1523 4739 cum
1564 4686 1748 4741 Jovem
1783 4699 1966 4757 postea
2000 4691 2086 4745 icti

2198 4720 2297 4764 τας
2328 4700 2494 4754 αὐτοῦ
2524 4702 2592 4771 τῇ
2618 4697 2874 4770 βασιλείᾳ.
2922 4699 3210 4752 ἐπιθέσθαι
3263 4695 3568 4752 ὑπετίθετο.
3611 4682 3750 4741 Ἀλλά

513 4775 746 4828 cadaver
802 4775 912 4841 jam
972 4776 1262 4831 habentem
1297 4773 1432 4832 lacti
1497 4780 1870 4848 pmnituisset,
1917 4799 2086 4854 neque

2202 4791 2379 4862 βαλὼν
2397 4791 2489 4844 καὶ
2509 4789 2702 4862 νεκρὸν
2724 4789 2864 4860 ἔχων
2893 4790 3267 4860 μετεμελεῖτο·
3293 4790 3368 4860 μή
3391 4787 3528 4857 ἔχων
3540 4782 3581 4834 δ’
3597 4778 3749 4834 ἄλλως

515 4875 696 4935 posset
738 4865 897 4920 aliter
942 4868 1182 4922 dolorem
1232 4868 1427 4937 lenire,
1463 4886 1620 4926 suum
1659 4872 1848 4928 saltem
1894 4890 2086 4931 nomen

2198 4885 2262 4939 τὸ
2293 4884 2464 4948 πάθος
2492 4883 2760 4950 ἐκκλῖναι,
2793 4882 2977 4937 δίδωσι
3028 4883 3090 4936 τὸ
3121 4883 3252 4937 ίδιον
3283 4883 3458 4952 δνομα.
3504 4874 3579 4946 τῷ
3611 4870 3748 4936 τάφῳ

1816 5013 2053 5072 νΑιῖιΑῑ
2095 5017 2513 5074 LECTIUNES.

583 5123 603 5153 ⁸
639 5121 802 5176 αὑτοῦ
851 5123 1022 5210 An".
1051 5123 1231 5205 ἥρωος
1339 5142 1378 5210 ‘z
1428 5126 1758 5210 Ἡρακλέους
1809 5148 1879 5210 ς.Δ
1941 5134 1976 5210 ⁸.
1998 5135 2265 5202 ἐφεστῶσι
2307 5155 2368 5200 ς.
2445 5138 2466 5167 ⁹
2497 5138 2722 5210 ἀκρίδος
2775 5138 2840 5191 Α.
2890 5137 3258 5210 ἁνήφθησαν)
3294 5139 3402 5210 imo
3439 5129 3743 5210 ses-1316:?-

513 5194 556 5225 ¹⁰
589 5211 752 5280 φασιν
795 5211 871 5280 ς...
910 5195 974 5280 ἒ¹¹
1000 5191 1666 5280 ἁιπαὶιαλκεῖνμπαλαλκὴν
1695 5191 1758 5252 Αί.
1815 5191 1882 5234 ’⁸³
1916 5191 2152 5275 αὕὸτξρος
2183 5225 2245 5271 ς.
2316 5191 2366 5238 ἶδ
2431 5191 2826 5280 Ἀριστόνεικος
2857 5210 2924 5262 A.
2980 5191 3030 5239 π
3070 5191 3385 5279 Ἡρακλέως
3431 5204 3496 5257 Α.
3573 5191 3744 5257 ιδΤη-

512 5269 663 5336 ρυόνι
686 5268 751 5318 Α.
829 5265 873 5295 ⁸⁸
901 5265 929 5316 6
979 5265 1101 5318 add.
1137 5265 1220 5317 A:
1258 5265 1546 5338 λεγόμενος
1583 5265 1750 5339 τάφος
1793 5290 1851 5335 ς.

2035 5393 2251 5450 NOTAE

582 5505 694 5572 (56)
730 5503 803 5579 De
850 5506 1146 5579 pastinaca:
1173 5505 1464 5579 ineurabili
1511 5521 1714 5572 morsu,
1750 5507 1950 5563 zElian.
1995 5527 2089 5565 va-
2198 5511 2572 5567 Philostratus
2614 5510 2828 5566 Ileroir.
2887 5513 2938 5565 in
2996 5512 3160 5579 Ajace
3199 5513 3356 5568 Locr.
3413 5499 3736 5579 De_=t|i0'_'l""

513 5566 609 5629 τῖῑὲ
643 5566 798 5636 ltitia
831 5566 884 5628 έι
914 5576 1002 5627 alii
1033 5576 1208 5629 mulli.
1703 5566 1712 5572 ’
2195 5566 2563 5644 draconibus,
2592 5584 2705 5636 alii.
2749 5585 3014 5638 Hernibus
3040 5566 3194 5636 'euim
3223 5597 3410 5639 saeros
3441 5573 3599 5630 fuisse
3624 5566 3736 5617 dra-

585 5644 907 5715 (57)hlliad.
942 5646 998 5700 Ρ.
1037 5663 1180 5701 vers.
1215 5644 1303 5698 5|.
1337 5644 1411 5699 De
1440 5644 1729 5715 Euphorbo
1759 5650 1925 5703 multa
1955 5649 2086 5704 Phi-
2192 5667 2361 5706 coues
2401 5669 2428 5704 a
2453 5653 2638 5706 multis
2664 5653 3001 5707 ubset'valntl'

515 5711 905 5792 ¹⁰⁸ζ²Ξτη¹ἶ⁴ῗτ⁰ί⁶ο
965 5785 977 5792 .
1024 5785 1043 5792 -
1151 5787 1161 5792 -
1408 5789 1418 5792 _
1525 5711 1546 5792 ⁷,
1607 5786 1625 5792 ,
1748 5789 1779 5792 __
1824 5790 1830 5792 _
2197 5791 2202 5792 ί
2262 5722 2375 5792 (59)
2413 5725 2484 5774 ne
2513 5723 2710 5791 quibus
2752 5724 2970 5780 Homer.
3020 5721 3186 5779 nimi,
3228 5725 3363 5791 ιχν,
3400 5715 3489 5772 551
3527 5711 3730 5775 ειβριιίι·

584 5785 696 5854 (58)
733 5785 805 5838 De
830 5785 1102 5855 χειρέκθει
1131 5787 1366 5842 dracone
1394 5786 1578 5842 Atacis
1607 5786 1784 5843 Locrii
1822 5790 2082 5860 legendus
2191 5785 2279 5846 Tu'
2301 5793 2372 5848 ibi
2405 5785 2650 5848 Eustath.
2673 5793 2808 5864 h-gc.
