  <div class='ocr_page' id='page_1' title='image "/cluster/home/n/w/nwhite01/storage/ocr_20150623/103:no.3/coo.31924054870070/320.png"; bbox 0 0 4022 6446; ppageno 0'>
   <div class='ocr_carea' id='block_1_1' title="bbox 303 351 412 415">
    <p class='ocr_par' dir='ltr' id='par_1_1' title="bbox 303 351 412 415">
     <span class='ocr_line' id='line_1_1' title="bbox 303 351 412 415; baseline -0.018 0"><span class='ocrx_word' id='word_1_1' title='bbox 303 351 412 415; x_wconf 77' lang='grc'><strong>613</strong></span> 
     </span>
    </p>
   </div>
   <div class='ocr_carea' id='block_1_2' title="bbox 1477 341 2500 409">
    <p class='ocr_par' dir='ltr' id='par_1_2' title="bbox 1477 341 2500 409">
     <span class='ocr_line' id='line_1_2' title="bbox 1477 341 2500 409; baseline -0.004 -1"><span class='ocrx_word' id='word_1_2' title='bbox 1477 345 2006 409; x_wconf 72' lang='lat' dir='ltr'><strong>BIBLIOTHECA.</strong></span> <span class='ocrx_word' id='word_1_3' title='bbox 2037 368 2108 380; x_wconf 89' lang='lat'><strong>—</strong></span> <span class='ocrx_word' id='word_1_4' title='bbox 2141 344 2305 404; x_wconf 87' lang='lat' dir='ltr'><strong>COD.</strong></span> <span class='ocrx_word' id='word_1_5' title='bbox 2338 341 2500 404; x_wconf 81' lang='lat' dir='ltr'>CXC.</span> 
     </span>
    </p>
   </div>
   <div class='ocr_carea' id='block_1_3' title="bbox 3481 341 3588 406">
    <p class='ocr_par' dir='ltr' id='par_1_3' title="bbox 3481 341 3588 406">
     <span class='ocr_line' id='line_1_3' title="bbox 3481 341 3588 406; baseline -0.028 0"><span class='ocrx_word' id='word_1_6' title='bbox 3481 341 3588 406; x_wconf 70' lang='grc' dir='ltr'><strong>ιιι</strong></span> 
     </span>
    </p>
   </div>
   <div class='ocr_carea' id='block_1_4' title="bbox 301 451 1893 532">
    <p class='ocr_par' dir='ltr' id='par_1_4' title="bbox 301 455 1890 532">
     <span class='ocr_line' id='line_1_4' title="bbox 301 455 1890 532; baseline -0.003 -19"><span class='ocrx_word' id='word_1_7' title='bbox 301 461 396 514; x_wconf 78' lang='grc' dir='ltr'>τοῦ</span> <span class='ocrx_word' id='word_1_8' title='bbox 432 459 809 532; x_wconf 79' lang='grc' dir='ltr'><strong>ἀνῃρημένου.</strong></span> <span class='ocrx_word' id='word_1_9' title='bbox 845 458 1001 522; x_wconf 80' lang='grc' dir='ltr'><strong>Τίνος</strong></span> <span class='ocrx_word' id='word_1_10' title='bbox 1044 457 1090 489; x_wconf 78' lang='grc'><strong>¹⁷</strong></span> <span class='ocrx_word' id='word_1_11' title='bbox 1138 457 1254 512; x_wconf 68' lang='grc' dir='ltr'>ἐστὶ</span> <span class='ocrx_word' id='word_1_12' title='bbox 1298 456 1362 512; x_wconf 78' lang='grc' dir='ltr'>τὸ</span> <span class='ocrx_word' id='word_1_13' title='bbox 1405 456 1496 510; x_wconf 84' lang='grc' dir='ltr'><strong>ὑπ’</strong></span> <span class='ocrx_word' id='word_1_14' title='bbox 1541 455 1890 528; x_wconf 79' lang='grc' dir='ltr'><strong>Ἀλεξάνδρου</strong></span> 
     </span>
    </p>
   </div>
   <div class='ocr_carea' id='block_1_5' title="bbox 1999 451 3582 532">
    <p class='ocr_par' dir='ltr' id='par_1_5' title="bbox 1999 451 3582 523">
     <span class='ocr_line' id='line_1_5' title="bbox 1999 451 3582 523; baseline 0.003 -17"><span class='ocrx_word' id='word_1_15' title='bbox 1999 453 2308 522; x_wconf 87' lang='lat' dir='ltr'><strong>interempti</strong></span> <span class='ocrx_word' id='word_1_16' title='bbox 2363 451 2614 523; x_wconf 85' lang='lat' dir='ltr'><strong>sepulcro</strong></span> <span class='ocrx_word' id='word_1_17' title='bbox 2661 452 2879 508; x_wconf 78' lang='lat' dir='ltr'><strong>indidit.</strong></span> <span class='ocrx_word' id='word_1_18' title='bbox 2925 452 3092 523; x_wconf 81' lang='lat' dir='ltr'><strong>Cujus</strong></span> <span class='ocrx_word' id='word_1_19' title='bbox 3145 451 3216 508; x_wconf 84' lang='lat' dir='ltr'><strong>sit</strong></span> <span class='ocrx_word' id='word_1_20' title='bbox 3248 454 3349 509; x_wconf 89' lang='lat' dir='ltr'><strong>hoc</strong></span> <span class='ocrx_word' id='word_1_21' title='bbox 3373 455 3582 510; x_wconf 88' lang='lat' dir='ltr'><strong>dictmn</strong></span> 
     </span>
    </p>
   </div>
   <div class='ocr_carea' id='block_1_6' title="bbox 299 553 1074 625">
    <p class='ocr_par' dir='ltr' id='par_1_6' title="bbox 299 553 1074 625">
     <span class='ocr_line' id='line_1_6' title="bbox 299 553 1074 625; baseline 0 -19"><span class='ocrx_word' id='word_1_22' title='bbox 299 553 396 607; x_wconf 83' lang='grc' dir='ltr'><strong>τοῦ</strong></span> <span class='ocrx_word' id='word_1_23' title='bbox 450 553 724 606; x_wconf 79' lang='grc' dir='ltr'>Φιλίππου</span> <span class='ocrx_word' id='word_1_24' title='bbox 762 553 1074 625; x_wconf 80' lang='grc' dir='ltr'>εἰρημένον.</span> 
     </span>
    </p>
   </div>
   <div class='ocr_carea' id='block_1_7' title="bbox 304 663 1886 738">
    <p class='ocr_par' dir='ltr' id='par_1_7' title="bbox 304 663 1886 738">
     <span class='ocr_line' id='line_1_7' title="bbox 304 663 1886 738; baseline 0.001 -17"><span class='ocrx_word' id='word_1_25' title='bbox 304 667 572 736; x_wconf 82' lang='grc' dir='ltr'><strong>Πρωτέα,</strong></span> <span class='ocrx_word' id='word_1_26' title='bbox 590 667 689 737; x_wconf 80' lang='grc' dir='ltr'><strong>τῇ,</strong></span> <span class='ocrx_word' id='word_1_27' title='bbox 714 668 815 721; x_wconf 78' lang='grc' dir='ltr'>πίε</span> <span class='ocrx_word' id='word_1_28' title='bbox 838 663 1006 722; x_wconf 78' lang='grc' dir='ltr'>οἶνον</span> <span class='ocrx_word' id='word_1_29' title='bbox 1018 667 1147 721; x_wconf 76' lang='grc' dir='ltr'>ἐπεὶ</span> <span class='ocrx_word' id='word_1_30' title='bbox 1171 667 1357 737; x_wconf 71' lang='grc' dir='ltr'>φάγες</span> <span class='ocrx_word' id='word_1_31' title='bbox 1380 667 1701 738; x_wconf 79' lang='grc' dir='ltr'>ἀνδρόμεα,</span> <span class='ocrx_word' id='word_1_32' title='bbox 1722 666 1886 736; x_wconf 83' lang='grc' dir='ltr'>κρέα.</span> 
     </span>
    </p>
   </div>
   <div class='ocr_carea' id='block_1_8' title="bbox 1993 544 3188 618">
    <p class='ocr_par' dir='ltr' id='par_1_8' title="bbox 1993 544 3188 618">
     <span class='ocr_line' id='line_1_8' title="bbox 1993 544 3188 618; baseline 0 -18"><span class='ocrx_word' id='word_1_33' title='bbox 1993 545 2064 600; x_wconf 86' lang='lat' dir='ltr'><strong>ab</strong></span> <span class='ocrx_word' id='word_1_34' title='bbox 2091 545 2400 600; x_wconf 82' lang='lat' dir='ltr'><strong>Alexandro</strong></span> <span class='ocrx_word' id='word_1_35' title='bbox 2422 544 2653 616; x_wconf 80' lang='lat' dir='ltr'><strong>Philippi</strong></span> <span class='ocrx_word' id='word_1_36' title='bbox 2687 545 2798 602; x_wconf 84' lang='lat' dir='ltr'><strong>ﬁlio</strong></span> <span class='ocrx_word' id='word_1_37' title='bbox 2823 557 3140 618; x_wconf 85' lang='lat' dir='ltr'><strong>usurpatum</strong></span> <span class='ocrx_word' id='word_1_38' title='bbox 3173 563 3188 600; x_wconf 88' lang='lat'><strong>:</strong></span> 
     </span>
    </p>
   </div>
   <div class='ocr_carea' id='block_1_9' title="bbox 1991 659 3577 739">
    <p class='ocr_par' dir='ltr' id='par_1_9' title="bbox 1991 659 3577 739">
     <span class='ocr_line' id='line_1_9' title="bbox 1991 659 3577 739; baseline 0.004 -25"><span class='ocrx_word' id='word_1_39' title='bbox 1991 659 2208 726; x_wconf 81' lang='lat' dir='ltr'><strong>Protea,</strong></span> <span class='ocrx_word' id='word_1_40' title='bbox 2227 677 2376 731; x_wconf 82' lang='lat' dir='ltr'><strong><em>cape,</em></strong></span> <span class='ocrx_word' id='word_1_41' title='bbox 2395 661 2544 716; x_wconf 76' lang='lat' dir='ltr'><strong>bibas</strong></span> <span class='ocrx_word' id='word_1_42' title='bbox 2558 663 2737 718; x_wconf 80' lang='lat' dir='ltr'><strong>vinum</strong></span> <span class='ocrx_word' id='word_1_43' title='bbox 2768 664 3000 718; x_wconf 79' lang='lat' dir='ltr'><strong>humana</strong></span> <span class='ocrx_word' id='word_1_44' title='bbox 3022 681 3178 718; x_wconf 86' lang='lat' dir='ltr'><strong>came</strong></span> <span class='ocrx_word' id='word_1_45' title='bbox 3194 664 3420 734; x_wconf 72' lang='lat' dir='ltr'><strong>refectus</strong></span> <span class='ocrx_word' id='word_1_46' title='bbox 3442 665 3577 739; x_wconf 89' lang='lat'><strong>(60).</strong></span> 
     </span>
    </p>
   </div>
   <div class='ocr_carea' id='block_1_10' title="bbox 302 770 1893 854">
    <p class='ocr_par' dir='ltr' id='par_1_10' title="bbox 302 781 1889 854">
     <span class='ocr_line' id='line_1_10' title="bbox 302 781 1889 854; baseline 0.001 -19"><span class='ocrx_word' id='word_1_47' title='bbox 302 784 412 835; x_wconf 77' lang='grc' dir='ltr'><strong>Καὶ</strong></span> <span class='ocrx_word' id='word_1_48' title='bbox 447 782 617 837; x_wconf 73' lang='grc' dir='ltr'>πάλιν</span> <span class='ocrx_word' id='word_1_49' title='bbox 645 785 691 815; x_wconf 81' lang='grc'><strong>¹³</strong></span> <span class='ocrx_word' id='word_1_50' title='bbox 721 783 976 852; x_wconf 77' lang='grc' dir='ltr'><strong>Πρωτέου</strong></span> <span class='ocrx_word' id='word_1_51' title='bbox 994 825 1010 850; x_wconf 90' lang='grc'><strong>,</strong></span> <span class='ocrx_word' id='word_1_52' title='bbox 1049 801 1069 836; x_wconf 74' lang='grc' dir='ltr'><strong>ι</strong></span> <span class='ocrx_word' id='word_1_53' title='bbox 1124 783 1295 836; x_wconf 80' lang='grc' dir='ltr'>Ποίαν</span> <span class='ocrx_word' id='word_1_54' title='bbox 1322 781 1464 854; x_wconf 81' lang='grc' dir='ltr'>ᾠδὴν</span> <span class='ocrx_word' id='word_1_55' title='bbox 1493 782 1640 854; x_wconf 82' lang='grc' dir='ltr'>εἶχεν</span> <span class='ocrx_word' id='word_1_56' title='bbox 1669 785 1728 836; x_wconf 85' lang='grc' dir='ltr'><strong>ἐν</strong></span> <span class='ocrx_word' id='word_1_57' title='bbox 1759 801 1889 836; x_wconf 84' lang='grc' dir='ltr'>συν-</span> 
     </span>
    </p>
   </div>
   <div class='ocr_carea' id='block_1_11' title="bbox 1999 770 3582 854">
    <p class='ocr_par' dir='ltr' id='par_1_11' title="bbox 1999 771 3582 843">
     <span class='ocr_line' id='line_1_11' title="bbox 1999 771 3582 843; baseline 0.007 -17"><span class='ocrx_word' id='word_1_58' title='bbox 1999 771 2059 826; x_wconf 86' lang='grc' dir='ltr'>Ει</span> <span class='ocrx_word' id='word_1_59' title='bbox 2093 789 2307 829; x_wconf 86' lang='lat' dir='ltr'><strong>rursum</strong></span> <span class='ocrx_word' id='word_1_60' title='bbox 2356 773 2566 830; x_wconf 73' lang='lat' dir='ltr'><strong>Proteae</strong></span> <span class='ocrx_word' id='word_1_61' title='bbox 2597 793 2610 830; x_wconf 92' lang='lat'><strong>:</strong></span> <span class='ocrx_word' id='word_1_62' title='bbox 2649 793 2668 826; x_wconf 80' lang='grc' dir='ltr'><strong>ι</strong></span> <span class='ocrx_word' id='word_1_63' title='bbox 2700 775 2855 843; x_wconf 87' lang='lat' dir='ltr'><strong>Quali</strong></span> <span class='ocrx_word' id='word_1_64' title='bbox 2886 779 3166 834; x_wconf 90' lang='lat' dir='ltr'><strong>consuevit</strong></span> <span class='ocrx_word' id='word_1_65' title='bbox 3209 779 3460 836; x_wconf 83' lang='lat' dir='ltr'><strong>cautione</strong></span> <span class='ocrx_word' id='word_1_66' title='bbox 3504 783 3582 837; x_wconf 91' lang='lat' dir='ltr'><strong>uti</strong></span> 
     </span>
    </p>
   </div>
   <div class='ocr_carea' id='block_1_12' title="bbox 300 870 1891 948">
    <p class='ocr_par' dir='ltr' id='par_1_12' title="bbox 300 870 1891 948">
     <span class='ocr_line' id='line_1_12' title="bbox 300 870 1891 948; baseline 0.001 -22"><span class='ocrx_word' id='word_1_67' title='bbox 300 874 466 946; x_wconf 74' lang='grc' dir='ltr'>ηθείᾳ</span> <span class='ocrx_word' id='word_1_68' title='bbox 508 875 864 946; x_wconf 78' lang='grc' dir='ltr'>Ἀλέξανδρος</span> <span class='ocrx_word' id='word_1_69' title='bbox 891 893 907 942; x_wconf 87' lang='grc'><strong>;</strong></span> <span class='ocrx_word' id='word_1_70' title='bbox 947 895 966 928; x_wconf 72' lang='grc' dir='ltr'><strong>ι</strong></span> <span class='ocrx_word' id='word_1_71' title='bbox 999 875 1096 928; x_wconf 73' lang='grc' dir='ltr'>καὶ</span> <span class='ocrx_word' id='word_1_72' title='bbox 1128 876 1271 938; x_wconf 89' lang='grc' dir='ltr'>τίνος</span> <span class='ocrx_word' id='word_1_73' title='bbox 1298 870 1366 946; x_wconf 79' lang='grc' dir='ltr'>ἦν</span> <span class='ocrx_word' id='word_1_74' title='bbox 1398 875 1632 948; x_wconf 85' lang='grc' dir='ltr'>ποίημα·</span> <span class='ocrx_word' id='word_1_75' title='bbox 1665 878 1745 939; x_wconf 84' lang='grc' dir='ltr'><strong>εἰς</strong></span> <span class='ocrx_word' id='word_1_76' title='bbox 1773 877 1891 928; x_wconf 86' lang='grc' dir='ltr'>τίνα</span> 
     </span>
    </p>
   </div>
   <div class='ocr_carea' id='block_1_13' title="bbox 307 967 1888 1039">
    <p class='ocr_par' dir='ltr' id='par_1_13' title="bbox 307 967 1888 1039">
     <span class='ocr_line' id='line_1_13' title="bbox 307 967 1888 1039; baseline 0.003 -20"><span class='ocrx_word' id='word_1_77' title='bbox 307 967 547 1036; x_wconf 63' lang='grc' dir='ltr'>ἔγραψεν</span> <span class='ocrx_word' id='word_1_78' title='bbox 578 967 891 1036; x_wconf 75' lang='grc' dir='ltr'><strong>ἐπικήδειον</strong></span> <span class='ocrx_word' id='word_1_79' title='bbox 927 967 956 1020; x_wconf 85' lang='grc' dir='ltr'><strong>ὁ</strong></span> <span class='ocrx_word' id='word_1_80' title='bbox 982 967 1141 1032; x_wconf 82' lang='grc' dir='ltr'>αὐτὸς</span> <span class='ocrx_word' id='word_1_81' title='bbox 1172 967 1524 1039; x_wconf 81' lang='grc' dir='ltr'>Ἀλέξανδρος</span> <span class='ocrx_word' id='word_1_82' title='bbox 1552 969 1580 1021; x_wconf 84' lang='grc' dir='ltr'><strong>ὁ</strong></span> <span class='ocrx_word' id='word_1_83' title='bbox 1599 967 1888 1023; x_wconf 82' lang='grc' dir='ltr'>Φιλίππου.</span> 
     </span>
    </p>
   </div>
   <div class='ocr_carea' id='block_1_14' title="bbox 310 1058 1481 1130">
    <p class='ocr_par' dir='ltr' id='par_1_14' title="bbox 310 1058 1481 1130">
     <span class='ocr_line' id='line_1_14' title="bbox 310 1058 1481 1130; baseline 0.003 -20"><span class='ocrx_word' id='word_1_84' title='bbox 310 1060 508 1113; x_wconf 72' lang='grc' dir='ltr'>Ταῦτα</span> <span class='ocrx_word' id='word_1_85' title='bbox 538 1060 627 1111; x_wconf 69' lang='grc' dir='ltr'>καὶ</span> <span class='ocrx_word' id='word_1_86' title='bbox 654 1058 724 1110; x_wconf 76' lang='grc' dir='ltr'>τὰ</span> <span class='ocrx_word' id='word_1_87' title='bbox 749 1059 844 1111; x_wconf 81' lang='grc' dir='ltr'><strong>τοῦ</strong></span> <span class='ocrx_word' id='word_1_88' title='bbox 875 1059 922 1128; x_wconf 85' lang='grc' dir='ltr'><strong>β’</strong></span> <span class='ocrx_word' id='word_1_89' title='bbox 955 1059 1224 1126; x_wconf 72' lang='grc' dir='ltr'>κεφάλαια.</span> <span class='ocrx_word' id='word_1_90' title='bbox 1251 1059 1481 1130; x_wconf 85' lang='grc' dir='ltr'>βιϐλίου.</span> 
     </span>
    </p>
   </div>
   <div class='ocr_carea' id='block_1_15' title="bbox 391 1149 1888 1222">
    <p class='ocr_par' dir='ltr' id='par_1_15' title="bbox 391 1149 1888 1222">
     <span class='ocr_line' id='line_1_15' title="bbox 391 1149 1888 1222; baseline 0.001 -19"><span class='ocrx_word' id='word_1_91' title='bbox 391 1151 470 1203; x_wconf 62' lang='lat' dir='ltr'><strong>To</strong></span> <span class='ocrx_word' id='word_1_92' title='bbox 515 1151 570 1203; x_wconf 73' lang='grc' dir='ltr'>δὲ</span> <span class='ocrx_word' id='word_1_93' title='bbox 611 1155 652 1216; x_wconf 84' lang='grc' dir='ltr'><strong>γ’</strong></span> <span class='ocrx_word' id='word_1_94' title='bbox 685 1149 816 1218; x_wconf 72' lang='grc' dir='ltr'>περ).</span> <span class='ocrx_word' id='word_1_95' title='bbox 859 1149 955 1202; x_wconf 81' lang='grc' dir='ltr'><strong>τοῦ</strong></span> <span class='ocrx_word' id='word_1_96' title='bbox 993 1149 1192 1202; x_wconf 76' lang='grc' dir='ltr'>’Ὕλλου</span> <span class='ocrx_word' id='word_1_97' title='bbox 1233 1151 1329 1204; x_wconf 83' lang='grc' dir='ltr'><strong>τοῦ</strong></span> <span class='ocrx_word' id='word_1_98' title='bbox 1373 1151 1708 1222; x_wconf 85' lang='grc' dir='ltr'>Ἡρακλέους</span> <span class='ocrx_word' id='word_1_99' title='bbox 1747 1152 1888 1217; x_wconf 73' lang='grc' dir='ltr'>υἱοῦ,</span> 
     </span>
    </p>
   </div>
   <div class='ocr_carea' id='block_1_16' title="bbox 321 1233 1891 1314">
    <p class='ocr_par' dir='ltr' id='par_1_16' title="bbox 321 1233 1891 1314">
     <span class='ocr_line' id='line_1_16' title="bbox 321 1233 1891 1314; baseline 0.004 -23"><span class='ocrx_word' id='word_1_100' title='bbox 321 1240 402 1303; x_wconf 82' lang='grc' dir='ltr'>ὡς</span> <span class='ocrx_word' id='word_1_101' title='bbox 431 1241 588 1309; x_wconf 83' lang='grc' dir='ltr'>κέρας</span> <span class='ocrx_word' id='word_1_102' title='bbox 613 1233 728 1308; x_wconf 76' lang='grc' dir='ltr'>εἶχε</span> <span class='ocrx_word' id='word_1_103' title='bbox 763 1240 893 1311; x_wconf 70' lang='grc' dir='ltr'>περὶ</span> <span class='ocrx_word' id='word_1_104' title='bbox 929 1241 990 1293; x_wconf 82' lang='grc' dir='ltr'>τὸ</span> <span class='ocrx_word' id='word_1_105' title='bbox 1017 1243 1301 1311; x_wconf 74' lang='grc' dir='ltr'>ἀριστερὸν</span> <span class='ocrx_word' id='word_1_106' title='bbox 1333 1241 1496 1312; x_wconf 85' lang='grc' dir='ltr'>μέρος</span> <span class='ocrx_word' id='word_1_107' title='bbox 1528 1244 1625 1312; x_wconf 82' lang='grc' dir='ltr'>τῆς</span> <span class='ocrx_word' id='word_1_108' title='bbox 1649 1244 1891 1314; x_wconf 79' lang='grc' dir='ltr'><strong>κεφαλῆς</strong></span> 
     </span>
    </p>
   </div>
   <div class='ocr_carea' id='block_1_17' title="bbox 326 1331 1890 1402">
    <p class='ocr_par' dir='ltr' id='par_1_17' title="bbox 326 1331 1890 1402">
     <span class='ocr_line' id='line_1_17' title="bbox 326 1331 1890 1402; baseline 0.004 -18"><span class='ocrx_word' id='word_1_109' title='bbox 326 1331 623 1399; x_wconf 58' lang='grc' dir='ltr'>ἐκπεφυκὸς</span> <span class='ocrx_word' id='word_1_110' title='bbox 669 1332 907 1402; x_wconf 85' lang='grc' dir='ltr'>μικρὸν,</span> <span class='ocrx_word' id='word_1_111' title='bbox 955 1332 1050 1384; x_wconf 72' lang='grc' dir='ltr'><strong>κα)⁸</strong></span> <span class='ocrx_word' id='word_1_112' title='bbox 1101 1332 1260 1386; x_wconf 79' lang='grc' dir='ltr'>τοῦτο</span> <span class='ocrx_word' id='word_1_113' title='bbox 1311 1333 1468 1388; x_wconf 85' lang='grc' dir='ltr'>λάϐοι</span> <span class='ocrx_word' id='word_1_114' title='bbox 1525 1338 1552 1388; x_wconf 90' lang='grc' dir='ltr'><strong>ό</strong></span> <span class='ocrx_word' id='word_1_115' title='bbox 1595 1334 1890 1398; x_wconf 75' lang='grc' dir='ltr'>Σικυώνιος</span> 
     </span>
    </p>
   </div>
   <div class='ocr_carea' id='block_1_18' title="bbox 335 1424 1886 1496">
    <p class='ocr_par' dir='ltr' id='par_1_18' title="bbox 335 1424 1886 1496">
     <span class='ocr_line' id='line_1_18' title="bbox 335 1424 1886 1496; baseline 0.003 -20"><span class='ocrx_word' id='word_1_116' title='bbox 335 1424 630 1485; x_wconf 74' lang='grc' dir='ltr'>Ἐπωπεὺς,</span> <span class='ocrx_word' id='word_1_117' title='bbox 668 1427 733 1476; x_wconf 84' lang='grc' dir='ltr'><strong>ἐκ</strong></span> <span class='ocrx_word' id='word_1_118' title='bbox 771 1424 1105 1495; x_wconf 71' lang='grc' dir='ltr'><strong>μονομαχίας</strong></span> <span class='ocrx_word' id='word_1_119' title='bbox 1139 1427 1342 1481; x_wconf 87' lang='grc' dir='ltr'>ἀνελὼν</span> <span class='ocrx_word' id='word_1_120' title='bbox 1380 1428 1563 1493; x_wconf 73' lang='grc' dir='ltr'>αὑτὸν,</span> <span class='ocrx_word' id='word_1_121' title='bbox 1600 1431 1695 1482; x_wconf 76' lang='grc' dir='ltr'><strong>καὶ</strong></span> <span class='ocrx_word' id='word_1_122' title='bbox 1721 1429 1886 1496; x_wconf 84' lang='grc' dir='ltr'>κομί-</span> 
     </span>
    </p>
   </div>
   <div class='ocr_carea' id='block_1_19' title="bbox 320 1514 1886 1592">
    <p class='ocr_par' dir='ltr' id='par_1_19' title="bbox 320 1514 1886 1592">
     <span class='ocr_line' id='line_1_19' title="bbox 320 1514 1886 1592; baseline 0.004 -25"><span class='ocrx_word' id='word_1_123' title='bbox 320 1533 396 1567; x_wconf 83' lang='grc' dir='ltr'><strong>σοι</strong></span> <span class='ocrx_word' id='word_1_124' title='bbox 418 1518 471 1567; x_wconf 81' lang='grc' dir='ltr'><strong>ἐν</strong></span> <span class='ocrx_word' id='word_1_125' title='bbox 491 1514 570 1583; x_wconf 82' lang='grc' dir='ltr'>τῷ</span> <span class='ocrx_word' id='word_1_126' title='bbox 597 1516 787 1587; x_wconf 84' lang='grc' dir='ltr'>κέρατι</span> <span class='ocrx_word' id='word_1_127' title='bbox 810 1517 870 1569; x_wconf 86' lang='grc' dir='ltr'><strong>τὺ</strong></span> <span class='ocrx_word' id='word_1_128' title='bbox 902 1518 1103 1586; x_wconf 82' lang='grc' dir='ltr'>Στυγὸς</span> <span class='ocrx_word' id='word_1_129' title='bbox 1138 1519 1300 1592; x_wconf 76' lang='grc' dir='ltr'>ὕδωρ,</span> <span class='ocrx_word' id='word_1_130' title='bbox 1325 1523 1419 1574; x_wconf 88' lang='grc' dir='ltr'><strong>καί</strong></span> <span class='ocrx_word' id='word_1_131' title='bbox 1454 1521 1762 1590; x_wconf 81' lang='grc' dir='ltr'>βασιλεύσοι</span> <span class='ocrx_word' id='word_1_132' title='bbox 1792 1523 1886 1592; x_wconf 81' lang='grc' dir='ltr'>τῆς</span> 
     </span>
    </p>
   </div>
   <div class='ocr_carea' id='block_1_20' title="bbox 311 1607 1889 1682">
    <p class='ocr_par' dir='ltr' id='par_1_20' title="bbox 311 1607 1889 1682">
     <span class='ocr_line' id='line_1_20' title="bbox 311 1607 1889 1682; baseline 0.006 -25"><span class='ocrx_word' id='word_1_133' title='bbox 311 1607 509 1675; x_wconf 79' lang='grc' dir='ltr'>χώρας.</span> <span class='ocrx_word' id='word_1_134' title='bbox 559 1608 685 1659; x_wconf 86' lang='grc' dir='ltr'>Ὀτι</span> <span class='ocrx_word' id='word_1_135' title='bbox 730 1608 860 1679; x_wconf 77' lang='grc' dir='ltr'>περὶ</span> <span class='ocrx_word' id='word_1_136' title='bbox 911 1609 1004 1662; x_wconf 83' lang='grc' dir='ltr'>τοῦ</span> <span class='ocrx_word' id='word_1_137' title='bbox 1046 1611 1104 1662; x_wconf 85' lang='grc' dir='ltr'><strong>ἐν</strong></span> <span class='ocrx_word' id='word_1_138' title='bbox 1165 1611 1425 1682; x_wconf 75' lang='grc' dir='ltr'>’Λρκαδίᾳ</span> <span class='ocrx_word' id='word_1_139' title='bbox 1458 1613 1660 1680; x_wconf 82' lang='grc' dir='ltr'>Στυγὸς</span> <span class='ocrx_word' id='word_1_140' title='bbox 1699 1612 1889 1676; x_wconf 75' lang='grc' dir='ltr'>ὓδατος</span> 
     </span>
    </p>
   </div>
   <div class='ocr_carea' id='block_1_21' title="bbox 305 1697 1888 1776">
    <p class='ocr_par' dir='ltr' id='par_1_21' title="bbox 305 1697 1888 1776">
     <span class='ocr_line' id='line_1_21' title="bbox 305 1697 1888 1776; baseline 0.005 -27"><span class='ocrx_word' id='word_1_141' title='bbox 305 1697 445 1750; x_wconf 75' lang='grc' dir='ltr'>οὕτω</span> <span class='ocrx_word' id='word_1_142' title='bbox 472 1699 665 1767; x_wconf 67' lang='grc' dir='ltr'>φασιν,</span> <span class='ocrx_word' id='word_1_143' title='bbox 697 1700 771 1762; x_wconf 87' lang='grc' dir='ltr'>ὼς</span> <span class='ocrx_word' id='word_1_144' title='bbox 805 1702 1070 1770; x_wconf 80' lang='grc' dir='ltr'><strong>Δημήτηρ</strong></span> <span class='ocrx_word' id='word_1_145' title='bbox 1124 1701 1396 1756; x_wconf 78' lang='grc' dir='ltr'><strong>πενθοῦσα</strong></span> <span class='ocrx_word' id='word_1_146' title='bbox 1447 1703 1544 1774; x_wconf 79' lang='grc' dir='ltr'><strong>τὴν</strong></span> <span class='ocrx_word' id='word_1_147' title='bbox 1593 1704 1888 1776; x_wconf 82' lang='grc' dir='ltr'><strong>θυγατέρα,</strong></span> 
     </span>
    </p>
   </div>
   <div class='ocr_carea' id='block_1_22' title="bbox 1993 865 3584 942">
    <p class='ocr_par' dir='ltr' id='par_1_22' title="bbox 1993 865 3584 942">
     <span class='ocr_line' id='line_1_22' title="bbox 1993 865 3584 942; baseline 0.005 -23"><span class='ocrx_word' id='word_1_148' title='bbox 1993 865 2345 920; x_wconf 82' lang='lat' dir='ltr'><strong>Alexander?</strong></span> <span class='ocrx_word' id='word_1_149' title='bbox 2401 884 2420 918; x_wconf 76' lang='grc' dir='ltr'><strong>ι</strong></span> <span class='ocrx_word' id='word_1_150' title='bbox 2456 874 2511 921; x_wconf 83' lang='grc' dir='ltr'><strong>οι</strong></span> <span class='ocrx_word' id='word_1_151' title='bbox 2549 885 2568 918; x_wconf 80' lang='grc' dir='ltr'><strong>ι</strong></span> <span class='ocrx_word' id='word_1_152' title='bbox 2618 867 2784 934; x_wconf 77' lang='lat' dir='ltr'><strong>Cujus</strong></span> <span class='ocrx_word' id='word_1_153' title='bbox 2817 869 2866 922; x_wconf 90' lang='lat' dir='ltr'><strong>id</strong></span> <span class='ocrx_word' id='word_1_154' title='bbox 2896 869 3256 940; x_wconf 87' lang='lat' dir='ltr'><strong>l&#39;nitpoema?</strong></span> <span class='ocrx_word' id='word_1_155' title='bbox 3296 871 3354 925; x_wconf 85' lang='lat' dir='ltr'><strong>ln</strong></span> <span class='ocrx_word' id='word_1_156' title='bbox 3394 887 3584 942; x_wconf 87' lang='lat' dir='ltr'><strong>quem-</strong></span> 
     </span>
    </p>
   </div>
   <div class='ocr_carea' id='block_1_23' title="bbox 1994 960 3583 1032">
    <p class='ocr_par' dir='ltr' id='par_1_23' title="bbox 1994 960 3583 1032">
     <span class='ocr_line' id='line_1_23' title="bbox 1994 960 3583 1032; baseline 0.006 -18"><span class='ocrx_word' id='word_1_157' title='bbox 1994 975 2118 1014; x_wconf 91' lang='lat' dir='ltr'><strong>nam</strong></span> <span class='ocrx_word' id='word_1_158' title='bbox 2147 960 2452 1028; x_wconf 89' lang='lat' dir='ltr'><strong>epicedium</strong></span> <span class='ocrx_word' id='word_1_159' title='bbox 2500 961 2642 1016; x_wconf 89' lang='lat' dir='ltr'><strong>idem</strong></span> <span class='ocrx_word' id='word_1_160' title='bbox 2682 961 2771 1016; x_wconf 91' lang='lat' dir='ltr'><strong>ille</strong></span> <span class='ocrx_word' id='word_1_161' title='bbox 2821 960 3053 1032; x_wconf 85' lang='lat' dir='ltr'><strong>Philippi</strong></span> <span class='ocrx_word' id='word_1_162' title='bbox 3097 965 3240 1019; x_wconf 87' lang='lat' dir='ltr'><strong>lilius</strong></span> <span class='ocrx_word' id='word_1_163' title='bbox 3274 967 3583 1023; x_wconf 82' lang='lat' dir='ltr'><strong>Alexander</strong></span> 
     </span>
    </p>
   </div>
   <div class='ocr_carea' id='block_1_24' title="bbox 1994 1052 3414 1124">
    <p class='ocr_par' dir='ltr' id='par_1_24' title="bbox 1994 1052 3414 1124">
     <span class='ocr_line' id='line_1_24' title="bbox 1994 1052 3414 1124; baseline 0.006 -20"><span class='ocrx_word' id='word_1_164' title='bbox 1994 1052 2366 1120; x_wconf 72' lang='lat' dir='ltr'><strong>conscripsit?</strong></span> <span class='ocrx_word' id='word_1_165' title='bbox 2403 1071 2421 1104; x_wconf 71' lang='grc' dir='ltr'><strong>ι</strong></span> <span class='ocrx_word' id='word_1_166' title='bbox 2455 1054 2632 1123; x_wconf 87' lang='lat' dir='ltr'><strong>Atque</strong></span> <span class='ocrx_word' id='word_1_167' title='bbox 2653 1052 2771 1108; x_wconf 65' lang='lat' dir='ltr'><strong>haec</strong></span> <span class='ocrx_word' id='word_1_168' title='bbox 2803 1056 3028 1108; x_wconf 90' lang='lat' dir='ltr'><strong>secundi</strong></span> <span class='ocrx_word' id='word_1_169' title='bbox 3060 1055 3182 1109; x_wconf 90' lang='lat' dir='ltr'><strong>libri</strong></span> <span class='ocrx_word' id='word_1_170' title='bbox 3215 1057 3414 1124; x_wconf 86' lang='lat' dir='ltr'><strong>capita.</strong></span> 
     </span>
    </p>
   </div>
   <div class='ocr_carea' id='block_1_25' title="bbox 2062 1144 3584 1216">
    <p class='ocr_par' dir='ltr' id='par_1_25' title="bbox 2062 1144 3584 1216">
     <span class='ocr_line' id='line_1_25' title="bbox 2062 1144 3584 1216; baseline 0.005 -18"><span class='ocrx_word' id='word_1_171' title='bbox 2062 1144 2250 1198; x_wconf 86' lang='lat' dir='ltr'><strong>Tertio</strong></span> <span class='ocrx_word' id='word_1_172' title='bbox 2284 1161 2414 1200; x_wconf 87' lang='lat' dir='ltr'><strong>vero</strong></span> <span class='ocrx_word' id='word_1_173' title='bbox 2448 1146 2588 1199; x_wconf 86' lang='lat' dir='ltr'><strong>libro</strong></span> <span class='ocrx_word' id='word_1_174' title='bbox 2638 1146 2705 1201; x_wconf 89' lang='lat' dir='ltr'><strong>de</strong></span> <span class='ocrx_word' id='word_1_175' title='bbox 2738 1145 2892 1216; x_wconf 86' lang='lat' dir='ltr'><strong>Hyllo</strong></span> <span class='ocrx_word' id='word_1_176' title='bbox 2926 1146 3168 1202; x_wconf 85' lang='lat' dir='ltr'><strong>llerculis</strong></span> <span class='ocrx_word' id='word_1_177' title='bbox 3204 1148 3318 1202; x_wconf 83' lang='lat' dir='ltr'><strong>lilio</strong></span> <span class='ocrx_word' id='word_1_178' title='bbox 3342 1165 3584 1204; x_wconf 88' lang='lat' dir='ltr'><strong>comme-</strong></span> 
     </span>
    </p>
   </div>
   <div class='ocr_carea' id='block_1_26' title="bbox 1992 1241 3578 1313">
    <p class='ocr_par' dir='ltr' id='par_1_26' title="bbox 1992 1241 3578 1313">
     <span class='ocr_line' id='line_1_26' title="bbox 1992 1241 3578 1313; baseline 0.004 -21"><span class='ocrx_word' id='word_1_179' title='bbox 1992 1248 2191 1303; x_wconf 86' lang='lat' dir='ltr'><strong>morat,</strong></span> <span class='ocrx_word' id='word_1_180' title='bbox 2215 1253 2382 1292; x_wconf 91' lang='lat' dir='ltr'><strong>cornn</strong></span> <span class='ocrx_word' id='word_1_181' title='bbox 2418 1254 2540 1293; x_wconf 90' lang='lat' dir='ltr'><strong>eum</strong></span> <span class='ocrx_word' id='word_1_182' title='bbox 2573 1255 2802 1308; x_wconf 89' lang='lat' dir='ltr'><strong>parvum</strong></span> <span class='ocrx_word' id='word_1_183' title='bbox 2834 1241 2902 1295; x_wconf 91' lang='lat' dir='ltr'><strong>ad</strong></span> <span class='ocrx_word' id='word_1_184' title='bbox 2934 1241 3121 1296; x_wconf 62' lang='lat' dir='ltr'><strong>laevam</strong></span> <span class='ocrx_word' id='word_1_185' title='bbox 3151 1243 3347 1312; x_wconf 89' lang='lat' dir='ltr'><strong>capitis</strong></span> <span class='ocrx_word' id='word_1_186' title='bbox 3373 1253 3578 1313; x_wconf 90' lang='lat' dir='ltr'><strong>partem</strong></span> 
     </span>
    </p>
   </div>
   <div class='ocr_carea' id='block_1_27' title="bbox 1991 1331 3578 1404">
    <p class='ocr_par' dir='ltr' id='par_1_27' title="bbox 1991 1331 3578 1404">
     <span class='ocr_line' id='line_1_27' title="bbox 1991 1331 3578 1404; baseline 0.004 -21"><span class='ocrx_word' id='word_1_187' title='bbox 1991 1331 2243 1384; x_wconf 91' lang='lat' dir='ltr'><strong>adnatum</strong></span> <span class='ocrx_word' id='word_1_188' title='bbox 2295 1331 2574 1396; x_wconf 84' lang='lat' dir='ltr'><strong>habuisse,</strong></span> <span class='ocrx_word' id='word_1_189' title='bbox 2617 1334 2760 1402; x_wconf 89' lang='lat' dir='ltr'><strong>quod</strong></span> <span class='ocrx_word' id='word_1_190' title='bbox 2804 1333 3055 1403; x_wconf 84' lang='lat' dir='ltr'><strong>Epopeus</strong></span> <span class='ocrx_word' id='word_1_191' title='bbox 3091 1334 3404 1404; x_wconf 86' lang='lat' dir='ltr'><strong>Sicyonius,</strong></span> <span class='ocrx_word' id='word_1_192' title='bbox 3455 1351 3578 1390; x_wconf 88' lang='lat' dir='ltr'><strong>cum</strong></span> 
     </span>
    </p>
   </div>
   <div class='ocr_carea' id='block_1_28' title="bbox 1992 1420 3580 1495">
    <p class='ocr_par' dir='ltr' id='par_1_28' title="bbox 1992 1420 3580 1495">
     <span class='ocr_line' id='line_1_28' title="bbox 1992 1420 3580 1495; baseline 0.005 -21"><span class='ocrx_word' id='word_1_193' title='bbox 1992 1420 2046 1474; x_wconf 93' lang='lat' dir='ltr'><strong>in</strong></span> <span class='ocrx_word' id='word_1_194' title='bbox 2078 1437 2253 1490; x_wconf 79' lang='lat' dir='ltr'><strong>pugna</strong></span> <span class='ocrx_word' id='word_1_195' title='bbox 2281 1421 2429 1476; x_wconf 91' lang='lat' dir='ltr'><strong>illum</strong></span> <span class='ocrx_word' id='word_1_196' title='bbox 2453 1423 2766 1488; x_wconf 87' lang='lat' dir='ltr'><strong>occidisset,</strong></span> <span class='ocrx_word' id='word_1_197' title='bbox 2797 1427 3092 1494; x_wconf 88' lang='lat' dir='ltr'><strong>acceperit,</strong></span> <span class='ocrx_word' id='word_1_198' title='bbox 3121 1425 3412 1495; x_wconf 86' lang='lat' dir='ltr'><strong>tuleritque</strong></span> <span class='ocrx_word' id='word_1_199' title='bbox 3441 1426 3580 1483; x_wconf 87' lang='lat' dir='ltr'><strong>ineo</strong></span> 
     </span>
    </p>
   </div>
   <div class='ocr_carea' id='block_1_29' title="bbox 1993 1512 3578 1586">
    <p class='ocr_par' dir='ltr' id='par_1_29' title="bbox 1993 1512 3578 1586">
     <span class='ocr_line' id='line_1_29' title="bbox 1993 1512 3578 1586; baseline 0.003 -19"><span class='ocrx_word' id='word_1_200' title='bbox 1993 1512 2172 1583; x_wconf 77' lang='lat' dir='ltr'><strong>Stygis</strong></span> <span class='ocrx_word' id='word_1_201' title='bbox 2204 1513 2316 1583; x_wconf 80' lang='grc'>(61)</span> <span class='ocrx_word' id='word_1_202' title='bbox 2351 1530 2572 1584; x_wconf 86' lang='lat' dir='ltr'><strong>aquam,</strong></span> <span class='ocrx_word' id='word_1_203' title='bbox 2605 1527 2658 1569; x_wconf 92' lang='lat' dir='ltr'><strong>et</strong></span> <span class='ocrx_word' id='word_1_204' title='bbox 2686 1532 2910 1586; x_wconf 79' lang='lat' dir='ltr'><strong>regnum</strong></span> <span class='ocrx_word' id='word_1_205' title='bbox 2955 1532 3064 1571; x_wconf 72' lang='lat' dir='ltr'><strong>orte</strong></span> <span class='ocrx_word' id='word_1_206' title='bbox 3097 1517 3242 1572; x_wconf 88' lang='lat' dir='ltr'><strong>illius</strong></span> <span class='ocrx_word' id='word_1_207' title='bbox 3272 1533 3578 1586; x_wconf 88' lang='lat' dir='ltr'><strong>occupave-</strong></span> 
     </span>
    </p>
   </div>
   <div class='ocr_carea' id='block_1_30' title="bbox 1993 1604 3575 1677">
    <p class='ocr_par' dir='ltr' id='par_1_30' title="bbox 1993 1604 3575 1677">
     <span class='ocr_line' id='line_1_30' title="bbox 1993 1604 3575 1677; baseline 0.004 -20"><span class='ocrx_word' id='word_1_208' title='bbox 1993 1606 2084 1659; x_wconf 86' lang='lat' dir='ltr'><strong>rit.</strong></span> <span class='ocrx_word' id='word_1_209' title='bbox 2136 1604 2212 1660; x_wconf 87' lang='lat' dir='ltr'><strong>De</strong></span> <span class='ocrx_word' id='word_1_210' title='bbox 2261 1608 2448 1677; x_wconf 75' lang='lat' dir='ltr'><strong>Stygis</strong></span> <span class='ocrx_word' id='word_1_211' title='bbox 2492 1625 2629 1677; x_wconf 90' lang='lat' dir='ltr'><strong>aqua</strong></span> <span class='ocrx_word' id='word_1_212' title='bbox 2683 1611 2734 1663; x_wconf 89' lang='lat' dir='ltr'><strong>in</strong></span> <span class='ocrx_word' id='word_1_213' title='bbox 2767 1610 2998 1663; x_wconf 78' lang='lat' dir='ltr'><strong>Arcadia</strong></span> <span class='ocrx_word' id='word_1_214' title='bbox 3058 1611 3129 1663; x_wconf 86' lang='lat' dir='ltr'><strong>ita</strong></span> <span class='ocrx_word' id='word_1_215' title='bbox 3178 1611 3412 1673; x_wconf 83' lang='lat' dir='ltr'><strong>narrari,</strong></span> <span class='ocrx_word' id='word_1_216' title='bbox 3452 1626 3575 1664; x_wconf 87' lang='lat' dir='ltr'><strong>cum</strong></span> 
     </span>
    </p>
   </div>
   <div class='ocr_carea' id='block_1_31' title="bbox 1993 1697 3578 1772">
    <p class='ocr_par' dir='ltr' id='par_1_31' title="bbox 1993 1697 3578 1772">
     <span class='ocr_line' id='line_1_31' title="bbox 1993 1697 3578 1772; baseline 0.002 -18"><span class='ocrx_word' id='word_1_217' title='bbox 1993 1697 2254 1754; x_wconf 83' lang='lat' dir='ltr'><strong>Cererem</strong></span> <span class='ocrx_word' id='word_1_218' title='bbox 2303 1702 2425 1754; x_wconf 78' lang='lat' dir='ltr'><strong>lilia:</strong></span> <span class='ocrx_word' id='word_1_219' title='bbox 2469 1711 2682 1767; x_wconf 89' lang='lat' dir='ltr'><strong>raptum</strong></span> <span class='ocrx_word' id='word_1_220' title='bbox 2732 1702 3002 1769; x_wconf 79' lang='lat' dir='ltr'><strong>lugentem</strong></span> <span class='ocrx_word' id='word_1_221' title='bbox 3055 1718 3120 1756; x_wconf 87' lang='lat' dir='ltr'><strong>eo</strong></span> <span class='ocrx_word' id='word_1_222' title='bbox 3165 1705 3280 1772; x_wconf 88' lang='lat' dir='ltr'><strong>ipso</strong></span> <span class='ocrx_word' id='word_1_223' title='bbox 3322 1707 3578 1758; x_wconf 73' lang='lat' dir='ltr'><strong>mwruris</strong></span> 
     </span>
    </p>
   </div>
   <div class='ocr_carea' id='block_1_32' title="bbox 300 1791 1893 1877">
    <p class='ocr_par' dir='ltr' id='par_1_32' title="bbox 300 1791 1890 1866">
     <span class='ocr_line' id='line_1_32' title="bbox 300 1791 1890 1866; baseline 0.008 -26"><span class='ocrx_word' id='word_1_224' title='bbox 300 1791 424 1840; x_wconf 76' lang='grc' dir='ltr'>ἐπεὶ</span> <span class='ocrx_word' id='word_1_225' title='bbox 460 1791 736 1844; x_wconf 79' lang='grc' dir='ltr'>Ποσειδῶν</span> <span class='ocrx_word' id='word_1_226' title='bbox 769 1793 939 1862; x_wconf 75' lang='grc' dir='ltr'>αὐτὴν</span> <span class='ocrx_word' id='word_1_227' title='bbox 991 1795 1032 1825; x_wconf 69' lang='lat'><strong>‘9</strong></span> <span class='ocrx_word' id='word_1_228' title='bbox 1075 1795 1132 1845; x_wconf 83' lang='grc' dir='ltr'><strong>ἐν</strong></span> <span class='ocrx_word' id='word_1_229' title='bbox 1169 1795 1442 1866; x_wconf 71' lang='grc' dir='ltr'>κατηφείᾳ.</span> <span class='ocrx_word' id='word_1_230' title='bbox 1467 1796 1633 1850; x_wconf 83' lang='grc' dir='ltr'>οὖσαν</span> <span class='ocrx_word' id='word_1_231' title='bbox 1674 1797 1890 1866; x_wconf 77' lang='grc' dir='ltr'>ἐπείρα,</span> 
     </span>
    </p>
   </div>
   <div class='ocr_carea' id='block_1_33' title="bbox 1999 1791 3572 1877">
    <p class='ocr_par' dir='ltr' id='par_1_33' title="bbox 2001 1791 3572 1865">
     <span class='ocr_line' id='line_1_33' title="bbox 2001 1791 3572 1865; baseline 0.005 -22"><span class='ocrx_word' id='word_1_232' title='bbox 2001 1801 2242 1860; x_wconf 89' lang='lat' dir='ltr'><strong>tempore</strong></span> <span class='ocrx_word' id='word_1_233' title='bbox 2271 1791 2555 1860; x_wconf 83' lang='lat' dir='ltr'><strong>Neptunus</strong></span> <span class='ocrx_word' id='word_1_234' title='bbox 2589 1794 2932 1860; x_wconf 84' lang='lat' dir='ltr'><strong>sollicitaret,</strong></span> <span class='ocrx_word' id='word_1_235' title='bbox 2980 1797 3031 1848; x_wconf 87' lang='lat' dir='ltr'><strong>in</strong></span> <span class='ocrx_word' id='word_1_236' title='bbox 3075 1811 3270 1865; x_wconf 88' lang='lat' dir='ltr'><strong>equam</strong></span> <span class='ocrx_word' id='word_1_237' title='bbox 3323 1797 3411 1849; x_wconf 92' lang='lat' dir='ltr'><strong>illa</strong></span> <span class='ocrx_word' id='word_1_238' title='bbox 3447 1811 3572 1851; x_wconf 88' lang='lat' dir='ltr'><strong>sese</strong></span> 
     </span>
    </p>
   </div>
   <div class='ocr_carea' id='block_1_34' title="bbox 299 1882 1892 1962">
    <p class='ocr_par' dir='ltr' id='par_1_34' title="bbox 299 1882 1892 1962">
     <span class='ocr_line' id='line_1_34' title="bbox 299 1882 1892 1962; baseline 0.006 -30"><span class='ocrx_word' id='word_1_239' title='bbox 299 1884 377 1943; x_wconf 79' lang='grc' dir='ltr'><strong>είς</strong></span> <span class='ocrx_word' id='word_1_240' title='bbox 407 1882 584 1935; x_wconf 79' lang='grc' dir='ltr'>ἵππον</span> <span class='ocrx_word' id='word_1_241' title='bbox 603 1884 804 1954; x_wconf 79' lang='grc' dir='ltr'>ἑαυτὴν</span> <span class='ocrx_word' id='word_1_242' title='bbox 830 1886 1226 1962; x_wconf 72' lang='grc' dir='ltr'>μετεμόρφιοισε</span> <span class='ocrx_word' id='word_1_243' title='bbox 1259 1889 1640 1960; x_wconf 85' lang='grc' dir='ltr'>χαλεπήνασα,</span> <span class='ocrx_word' id='word_1_244' title='bbox 1667 1890 1892 1944; x_wconf 79' lang='grc' dir='ltr'>ἐλθοῦσα</span> 
     </span>
    </p>
   </div>
   <div class='ocr_carea' id='block_1_35' title="bbox 297 1973 1896 2052">
    <p class='ocr_par' dir='ltr' id='par_1_35' title="bbox 297 1973 1896 2052">
     <span class='ocr_line' id='line_1_35' title="bbox 297 1973 1896 2052; baseline 0.006 -27"><span class='ocrx_word' id='word_1_245' title='bbox 297 1973 341 2025; x_wconf 82' lang='grc' dir='ltr'>δ’</span> <span class='ocrx_word' id='word_1_246' title='bbox 373 1974 470 2026; x_wconf 81' lang='grc' dir='ltr'><strong>ἐπὶ</strong></span> <span class='ocrx_word' id='word_1_247' title='bbox 517 1974 620 2045; x_wconf 78' lang='grc' dir='ltr'>τὴν</span> <span class='ocrx_word' id='word_1_248' title='bbox 665 1977 871 2046; x_wconf 80' lang='grc' dir='ltr'>πηγὴν</span> <span class='ocrx_word' id='word_1_249' title='bbox 904 1979 950 2008; x_wconf 81' lang='grc'><strong>²⁰</strong></span> <span class='ocrx_word' id='word_1_250' title='bbox 1014 1979 1107 2030; x_wconf 76' lang='grc' dir='ltr'><strong>καὶ</strong></span> <span class='ocrx_word' id='word_1_251' title='bbox 1165 1979 1477 2049; x_wconf 83' lang='grc' dir='ltr'>Θεασαμένη</span> <span class='ocrx_word' id='word_1_252' title='bbox 1531 1981 1630 2052; x_wconf 83' lang='grc' dir='ltr'>τὴν</span> <span class='ocrx_word' id='word_1_253' title='bbox 1680 1982 1896 2052; x_wconf 82' lang='grc' dir='ltr'>μορφὴν</span> 
     </span>
    </p>
   </div>
   <div class='ocr_carea' id='block_1_36' title="bbox 299 2061 1897 2142">
    <p class='ocr_par' dir='ltr' id='par_1_36' title="bbox 299 2061 1897 2142">
     <span class='ocr_line' id='line_1_36' title="bbox 299 2061 1897 2142; baseline 0.008 -29"><span class='ocrx_word' id='word_1_254' title='bbox 299 2061 577 2133; x_wconf 78' lang='grc' dir='ltr'>ἐστύγησέ</span> <span class='ocrx_word' id='word_1_255' title='bbox 601 2081 658 2116; x_wconf 88' lang='grc' dir='ltr'><strong>τε</strong></span> <span class='ocrx_word' id='word_1_256' title='bbox 687 2067 784 2117; x_wconf 70' lang='grc' dir='ltr'>καὶ</span> <span class='ocrx_word' id='word_1_257' title='bbox 811 2067 872 2118; x_wconf 85' lang='grc' dir='ltr'>τὸ</span> <span class='ocrx_word' id='word_1_258' title='bbox 914 2067 1059 2139; x_wconf 74' lang='grc' dir='ltr'>ὕδωρ</span> <span class='ocrx_word' id='word_1_259' title='bbox 1092 2069 1261 2138; x_wconf 80' lang='grc' dir='ltr'>μέλαν</span> <span class='ocrx_word' id='word_1_260' title='bbox 1289 2070 1533 2141; x_wconf 84' lang='grc' dir='ltr'>ἐποίησε.</span> <span class='ocrx_word' id='word_1_261' title='bbox 1559 2072 1696 2142; x_wconf 78' lang='grc' dir='ltr'>Περὶ</span> <span class='ocrx_word' id='word_1_262' title='bbox 1736 2072 1897 2125; x_wconf 73' lang='grc' dir='ltr'><strong>Ἐκάο</strong></span> 
     </span>
    </p>
   </div>
   <div class='ocr_carea' id='block_1_37' title="bbox 301 2155 1895 2236">
    <p class='ocr_par' dir='ltr' id='par_1_37' title="bbox 301 2155 1895 2236">
     <span class='ocr_line' id='line_1_37' title="bbox 301 2155 1895 2236; baseline 0.009 -31"><span class='ocrx_word' id='word_1_263' title='bbox 301 2155 423 2222; x_wconf 84' lang='grc' dir='ltr'>λης,</span> <span class='ocrx_word' id='word_1_264' title='bbox 462 2155 562 2208; x_wconf 76' lang='grc' dir='ltr'>καὶ</span> <span class='ocrx_word' id='word_1_265' title='bbox 597 2157 794 2218; x_wconf 82' lang='grc' dir='ltr'>πόσαις</span> <span class='ocrx_word' id='word_1_266' title='bbox 818 2159 862 2191; x_wconf 75' lang='grc' dir='ltr'>ἰ</span> <span class='ocrx_word' id='word_1_267' title='bbox 896 2162 1118 2228; x_wconf 81' lang='grc' dir='ltr'>γέγονεν</span> <span class='ocrx_word' id='word_1_268' title='bbox 1164 2161 1454 2234; x_wconf 87' lang='grc' dir='ltr'>ἐπώνυμον</span> <span class='ocrx_word' id='word_1_269' title='bbox 1474 2164 1731 2236; x_wconf 78' lang='grc' dir='ltr'>τοῦνομα.</span> <span class='ocrx_word' id='word_1_270' title='bbox 1772 2167 1895 2220; x_wconf 76' lang='grc' dir='ltr'>Ὀτι</span> 
     </span>
    </p>
   </div>
   <div class='ocr_carea' id='block_1_38' title="bbox 313 2246 1897 2325">
    <p class='ocr_par' dir='ltr' id='par_1_38' title="bbox 313 2246 1897 2325">
     <span class='ocr_line' id='line_1_38' title="bbox 313 2246 1897 2325; baseline 0.01 -28"><span class='ocrx_word' id='word_1_271' title='bbox 313 2246 677 2318; x_wconf 72' lang='grc' dir='ltr'>Ἀλεξάνδρου</span> <span class='ocrx_word' id='word_1_272' title='bbox 703 2252 886 2322; x_wconf 71' lang='grc' dir='ltr'>πατὴρ</span> <span class='ocrx_word' id='word_1_273' title='bbox 916 2254 1015 2322; x_wconf 76' lang='grc' dir='ltr'><strong>οὐχ</strong></span> <span class='ocrx_word' id='word_1_274' title='bbox 1046 2255 1074 2305; x_wconf 89' lang='grc' dir='ltr'><strong>ό</strong></span> <span class='ocrx_word' id='word_1_275' title='bbox 1102 2254 1369 2318; x_wconf 80' lang='grc' dir='ltr'>Φίλιππος</span> <span class='ocrx_word' id='word_1_276' title='bbox 1396 2256 1629 2325; x_wconf 89' lang='grc' dir='ltr'>γένοιτο,</span> <span class='ocrx_word' id='word_1_277' title='bbox 1651 2258 1788 2312; x_wconf 83' lang='grc' dir='ltr'>ἀλλά</span> <span class='ocrx_word' id='word_1_278' title='bbox 1814 2277 1897 2323; x_wconf 87' lang='grc' dir='ltr'><strong>τις</strong></span> 
     </span>
    </p>
   </div>
   <div class='ocr_carea' id='block_1_39' title="bbox 298 2337 1895 2424">
    <p class='ocr_par' dir='ltr' id='par_1_39' title="bbox 298 2337 1895 2424">
     <span class='ocr_line' id='line_1_39' title="bbox 298 2337 1895 2424; baseline 0.011 -36"><span class='ocrx_word' id='word_1_279' title='bbox 298 2337 546 2408; x_wconf 75' lang='grc' dir='ltr'>τοῦνομα</span> <span class='ocrx_word' id='word_1_280' title='bbox 564 2341 814 2411; x_wconf 78' lang='grc' dir='ltr'>Δράκων,</span> <span class='ocrx_word' id='word_1_281' title='bbox 839 2345 996 2410; x_wconf 86' lang='grc' dir='ltr'>γένος</span> <span class='ocrx_word' id='word_1_282' title='bbox 1011 2346 1234 2416; x_wconf 69' lang='grc' dir='ltr'>Ἀρκὰς,</span> <span class='ocrx_word' id='word_1_283' title='bbox 1255 2348 1314 2412; x_wconf 78' lang='grc' dir='ltr'>ἐξ</span> <span class='ocrx_word' id='word_1_284' title='bbox 1344 2344 1405 2404; x_wconf 78' lang='grc' dir='ltr'>οὗ</span> <span class='ocrx_word' id='word_1_285' title='bbox 1424 2351 1517 2404; x_wconf 71' lang='grc' dir='ltr'>καὶ</span> <span class='ocrx_word' id='word_1_286' title='bbox 1538 2352 1628 2404; x_wconf 84' lang='grc' dir='ltr'>τὸν</span> <span class='ocrx_word' id='word_1_287' title='bbox 1645 2370 1710 2405; x_wconf 82' lang='grc' dir='ltr'>πε</span> <span class='ocrx_word' id='word_1_288' title='bbox 1718 2354 1773 2424; x_wconf 72' lang='grc' dir='ltr'><strong>ρ).</strong></span> <span class='ocrx_word' id='word_1_289' title='bbox 1800 2352 1895 2406; x_wconf 80' lang='grc' dir='ltr'>τοῦ</span> 
     </span>
    </p>
   </div>
   <div class='ocr_carea' id='block_1_40' title="bbox 301 2430 1891 2514">
    <p class='ocr_par' dir='ltr' id='par_1_40' title="bbox 301 2430 1891 2514">
     <span class='ocr_line' id='line_1_40' title="bbox 301 2430 1891 2514; baseline 0.012 -33"><span class='ocrx_word' id='word_1_290' title='bbox 301 2430 604 2499; x_wconf 76' lang='grc' dir='ltr'>δράκοντος</span> <span class='ocrx_word' id='word_1_291' title='bbox 641 2433 810 2502; x_wconf 74' lang='grc' dir='ltr'>μῦθον</span> <span class='ocrx_word' id='word_1_292' title='bbox 835 2437 1048 2505; x_wconf 76' lang='grc' dir='ltr'>ῥυῆναι.</span> <span class='ocrx_word' id='word_1_293' title='bbox 1077 2439 1211 2508; x_wconf 76' lang='grc' dir='ltr'>Περὶ</span> <span class='ocrx_word' id='word_1_294' title='bbox 1230 2441 1322 2493; x_wconf 73' lang='grc' dir='ltr'>τοῦ</span> <span class='ocrx_word' id='word_1_295' title='bbox 1352 2442 1690 2514; x_wconf 80' lang='grc' dir='ltr'>Πτολεμαίου</span> <span class='ocrx_word' id='word_1_296' title='bbox 1709 2447 1891 2511; x_wconf 86' lang='grc' dir='ltr'>κυνὸς,</span> 
     </span>
    </p>
   </div>
   <div class='ocr_carea' id='block_1_41' title="bbox 303 2521 1897 2606">
    <p class='ocr_par' dir='ltr' id='par_1_41' title="bbox 303 2521 1897 2606">
     <span class='ocr_line' id='line_1_41' title="bbox 303 2521 1897 2606; baseline 0.011 -34"><span class='ocrx_word' id='word_1_297' title='bbox 303 2521 398 2572; x_wconf 68' lang='grc' dir='ltr'>καὶ</span> <span class='ocrx_word' id='word_1_298' title='bbox 409 2521 487 2585; x_wconf 74' lang='grc' dir='ltr'><strong>ὡς</strong></span> <span class='ocrx_word' id='word_1_299' title='bbox 507 2524 804 2593; x_wconf 77' lang='grc' dir='ltr'>συνεμάχει</span> <span class='ocrx_word' id='word_1_300' title='bbox 909 2526 1171 2602; x_wconf 80' lang='grc' dir='ltr'><strong>δεσπότῃ,</strong></span> <span class='ocrx_word' id='word_1_301' title='bbox 1199 2528 1326 2602; x_wconf 61' lang='grc'><strong>[246</strong></span> <span class='ocrx_word' id='word_1_302' title='bbox 1340 2532 1430 2604; x_wconf 85' lang='grc' dir='ltr'><strong><em>Η</em></strong></span> <span class='ocrx_word' id='word_1_303' title='bbox 1452 2537 1544 2587; x_wconf 78' lang='grc' dir='ltr'>καὶ</span> <span class='ocrx_word' id='word_1_304' title='bbox 1565 2534 1641 2598; x_wconf 88' lang='grc' dir='ltr'><strong>ὡς</strong></span> <span class='ocrx_word' id='word_1_305' title='bbox 1660 2537 1798 2606; x_wconf 84' lang='grc' dir='ltr'>μετὰ</span> <span class='ocrx_word' id='word_1_306' title='bbox 1817 2555 1897 2589; x_wconf 85' lang='grc' dir='ltr'>τε·</span> 
     </span>
    </p>
   </div>
   <div class='ocr_carea' id='block_1_42' title="bbox 303 2612 1897 2700">
    <p class='ocr_par' dir='ltr' id='par_1_42' title="bbox 303 2612 1897 2700">
     <span class='ocr_line' id='line_1_42' title="bbox 303 2612 1897 2700; baseline 0.012 -37"><span class='ocrx_word' id='word_1_307' title='bbox 303 2612 506 2682; x_wconf 76' lang='grc' dir='ltr'>λευτὴν</span> <span class='ocrx_word' id='word_1_308' title='bbox 524 2615 570 2646; x_wconf 77' lang='grc'><strong>’³</strong></span> <span class='ocrx_word' id='word_1_309' title='bbox 590 2618 945 2686; x_wconf 73' lang='grc' dir='ltr'>ἁνασχισθεὶς</span> <span class='ocrx_word' id='word_1_310' title='bbox 973 2621 1070 2692; x_wconf 82' lang='grc' dir='ltr'>τὴν</span> <span class='ocrx_word' id='word_1_311' title='bbox 1091 2625 1314 2696; x_wconf 85' lang='grc' dir='ltr'>καρδίαν</span> <span class='ocrx_word' id='word_1_312' title='bbox 1333 2626 1532 2696; x_wconf 83' lang='grc' dir='ltr'>εὑρέθη</span> <span class='ocrx_word' id='word_1_313' title='bbox 1553 2626 1690 2697; x_wconf 82' lang='grc' dir='ltr'>έχων</span> <span class='ocrx_word' id='word_1_314' title='bbox 1716 2646 1897 2700; x_wconf 83' lang='grc' dir='ltr'>τετρι-</span> 
     </span>
    </p>
   </div>
   <div class='ocr_carea' id='block_1_43' title="bbox 306 2702 1890 2789">
    <p class='ocr_par' dir='ltr' id='par_1_43' title="bbox 306 2702 1890 2789">
     <span class='ocr_line' id='line_1_43' title="bbox 306 2702 1890 2789; baseline 0.013 -35"><span class='ocrx_word' id='word_1_315' title='bbox 306 2705 590 2775; x_wconf 79' lang='grc' dir='ltr'>χωμένην·</span> <span class='ocrx_word' id='word_1_316' title='bbox 623 2702 692 2777; x_wconf 79' lang='grc' dir='ltr'>ἦν</span> <span class='ocrx_word' id='word_1_317' title='bbox 731 2709 788 2760; x_wconf 83' lang='grc' dir='ltr'>δὲ</span> <span class='ocrx_word' id='word_1_318' title='bbox 807 2710 852 2740; x_wconf 80' lang='grc'>³³</span> <span class='ocrx_word' id='word_1_319' title='bbox 882 2711 1039 2779; x_wconf 85' lang='grc' dir='ltr'>γένος</span> <span class='ocrx_word' id='word_1_320' title='bbox 1059 2715 1350 2780; x_wconf 81' lang='grc' dir='ltr'><strong>Μολοττὸς,</strong></span> <span class='ocrx_word' id='word_1_321' title='bbox 1379 2717 1549 2788; x_wconf 76' lang='grc' dir='ltr'>ὄνομα</span> <span class='ocrx_word' id='word_1_322' title='bbox 1583 2719 1890 2789; x_wconf 83' lang='grc' dir='ltr'>Βριάρεως.</span> 
     </span>
    </p>
   </div>
   <div class='ocr_carea' id='block_1_44' title="bbox 307 2798 1888 2884">
    <p class='ocr_par' dir='ltr' id='par_1_44' title="bbox 307 2798 1888 2884">
     <span class='ocr_line' id='line_1_44' title="bbox 307 2798 1888 2884; baseline 0.011 -36"><span class='ocrx_word' id='word_1_323' title='bbox 307 2798 446 2867; x_wconf 77' lang='grc' dir='ltr'>Περὶ</span> <span class='ocrx_word' id='word_1_324' title='bbox 483 2799 934 2869; x_wconf 79' lang='grc' dir='ltr'>Πουλυδάμαντος</span> <span class='ocrx_word' id='word_1_325' title='bbox 963 2805 1028 2858; x_wconf 57' lang='grc'><strong>³⁸.</strong></span> <span class='ocrx_word' id='word_1_326' title='bbox 1061 2807 1258 2861; x_wconf 80' lang='grc' dir='ltr'>Τίέστι</span> <span class='ocrx_word' id='word_1_327' title='bbox 1291 2808 1351 2861; x_wconf 73' lang='grc' dir='ltr'><strong>τὸ</strong></span> <span class='ocrx_word' id='word_1_328' title='bbox 1380 2810 1532 2881; x_wconf 79' lang='grc' dir='ltr'>παρὰ</span> <span class='ocrx_word' id='word_1_329' title='bbox 1557 2810 1634 2880; x_wconf 83' lang='grc' dir='ltr'><strong>τῷ</strong></span> <span class='ocrx_word' id='word_1_330' title='bbox 1667 2816 1888 2884; x_wconf 81' lang='grc' dir='ltr'>ποιητῇ·</span> 
     </span>
    </p>
   </div>
   <div class='ocr_carea' id='block_1_45' title="bbox 371 2910 1892 2993">
    <p class='ocr_par' dir='ltr' id='par_1_45' title="bbox 371 2910 1892 2993">
     <span class='ocr_line' id='line_1_45' title="bbox 371 2910 1892 2993; baseline 0.011 -29"><span class='ocrx_word' id='word_1_331' title='bbox 371 2910 468 2978; x_wconf 84' lang='grc' dir='ltr'>Ὡς</span> <span class='ocrx_word' id='word_1_332' title='bbox 495 2912 549 2965; x_wconf 81' lang='grc' dir='ltr'>δ’</span> <span class='ocrx_word' id='word_1_333' title='bbox 585 2913 686 2967; x_wconf 79' lang='grc' dir='ltr'>ὅτε</span> <span class='ocrx_word' id='word_1_334' title='bbox 713 2917 1056 2986; x_wconf 71' lang='grc' dir='ltr'>Πανδαρέου</span> <span class='ocrx_word' id='word_1_335' title='bbox 1073 2921 1118 2952; x_wconf 80' lang='grc'><strong>³⁸</strong></span> <span class='ocrx_word' id='word_1_336' title='bbox 1151 2922 1338 2990; x_wconf 79' lang='grc' dir='ltr'>κούρη</span> <span class='ocrx_word' id='word_1_337' title='bbox 1363 2925 1626 2992; x_wconf 69' lang='grc' dir='ltr'>χλωρηῒς</span> <span class='ocrx_word' id='word_1_338' title='bbox 1651 2925 1892 2993; x_wconf 77' lang='grc' dir='ltr'>ἀηδών-ς</span> 
     </span>
    </p>
   </div>
   <div class='ocr_carea' id='block_1_46' title="bbox 304 3026 1893 3108">
    <p class='ocr_par' dir='ltr' id='par_1_46' title="bbox 304 3026 1893 3108">
     <span class='ocr_line' id='line_1_46' title="bbox 304 3026 1893 3108; baseline 0.01 -31"><span class='ocrx_word' id='word_1_339' title='bbox 304 3027 401 3078; x_wconf 78' lang='grc' dir='ltr'><strong>καὶ</strong></span> <span class='ocrx_word' id='word_1_340' title='bbox 447 3026 602 3096; x_wconf 79' lang='grc' dir='ltr'>έξῆς.</span> <span class='ocrx_word' id='word_1_341' title='bbox 644 3029 782 3099; x_wconf 71' lang='grc' dir='ltr'>Περὶ</span> <span class='ocrx_word' id='word_1_342' title='bbox 836 3030 930 3083; x_wconf 81' lang='grc' dir='ltr'>τοῦ</span> <span class='ocrx_word' id='word_1_343' title='bbox 990 3032 1324 3095; x_wconf 81' lang='grc' dir='ltr'>Παλλαδίου,</span> <span class='ocrx_word' id='word_1_344' title='bbox 1375 3037 1457 3089; x_wconf 79' lang='grc' dir='ltr'>ὅτι</span> <span class='ocrx_word' id='word_1_345' title='bbox 1507 3037 1600 3090; x_wconf 78' lang='grc' dir='ltr'>δύο</span> <span class='ocrx_word' id='word_1_346' title='bbox 1636 3038 1893 3108; x_wconf 76' lang='grc' dir='ltr'>κλέψειαν</span> 
     </span>
    </p>
   </div>
   <div class='ocr_carea' id='block_1_47' title="bbox 302 3117 1962 3217">
    <p class='ocr_par' dir='ltr' id='par_1_47' title="bbox 302 3117 1962 3217">
     <span class='ocr_line' id='line_1_47' title="bbox 302 3117 1962 3217; baseline 0.009 -49"><span class='ocrx_word' id='word_1_347' title='bbox 302 3117 590 3188; x_wconf 77' lang='grc' dir='ltr'>Διομήδης</span> <span class='ocrx_word' id='word_1_348' title='bbox 635 3122 729 3174; x_wconf 72' lang='grc' dir='ltr'>καὶ</span> <span class='ocrx_word' id='word_1_349' title='bbox 785 3123 1095 3187; x_wconf 83' lang='grc' dir='ltr'>Ὀδυσσεύς.</span> <span class='ocrx_word' id='word_1_350' title='bbox 1150 3128 1284 3196; x_wconf 75' lang='grc' dir='ltr'>Περὶ</span> <span class='ocrx_word' id='word_1_351' title='bbox 1344 3128 1439 3180; x_wconf 81' lang='grc' dir='ltr'>τοῦ</span> <span class='ocrx_word' id='word_1_352' title='bbox 1489 3129 1736 3200; x_wconf 86' lang='grc' dir='ltr'>καλάμου</span> <span class='ocrx_word' id='word_1_353' title='bbox 1790 3129 1888 3183; x_wconf 80' lang='grc' dir='ltr'><strong>τοῦ</strong></span> <span class='ocrx_word' id='word_1_354' title='bbox 1921 3159 1962 3217; x_wconf 77' lang='lat' dir='ltr'><strong><em>C</em></strong></span> 
     </span>
    </p>
   </div>
   <div class='ocr_carea' id='block_1_48' title="bbox 301 3212 1890 3291">
    <p class='ocr_par' dir='ltr' id='par_1_48' title="bbox 301 3212 1890 3291">
     <span class='ocr_line' id='line_1_48' title="bbox 301 3212 1890 3291; baseline 0.008 -29"><span class='ocrx_word' id='word_1_355' title='bbox 301 3212 561 3274; x_wconf 77' lang='grc' dir='ltr'>εἰπόντος</span> <span class='ocrx_word' id='word_1_356' title='bbox 614 3213 696 3266; x_wconf 81' lang='grc' dir='ltr'>ὅτι</span> <span class='ocrx_word' id='word_1_357' title='bbox 759 3215 949 3282; x_wconf 83' lang='grc' dir='ltr'>Μίδας</span> <span class='ocrx_word' id='word_1_358' title='bbox 997 3217 1142 3271; x_wconf 80' lang='grc' dir='ltr'>ὄνου</span> <span class='ocrx_word' id='word_1_359' title='bbox 1188 3219 1313 3287; x_wconf 84' lang='grc' dir='ltr'>ἔχει</span> <span class='ocrx_word' id='word_1_360' title='bbox 1362 3215 1502 3274; x_wconf 83' lang='grc' dir='ltr'>ὦτα.</span> <span class='ocrx_word' id='word_1_361' title='bbox 1570 3223 1707 3291; x_wconf 73' lang='grc' dir='ltr'>Περὶ</span> <span class='ocrx_word' id='word_1_362' title='bbox 1781 3223 1890 3276; x_wconf 87' lang='grc' dir='ltr'>τῶν</span> 
     </span>
    </p>
   </div>
   <div class='ocr_carea' id='block_1_49' title="bbox 300 3303 1892 3387">
    <p class='ocr_par' dir='ltr' id='par_1_49' title="bbox 300 3303 1892 3387">
     <span class='ocr_line' id='line_1_49' title="bbox 300 3303 1892 3387; baseline 0.011 -34"><span class='ocrx_word' id='word_1_363' title='bbox 300 3303 463 3372; x_wconf 79' lang='grc' dir='ltr'><strong>παρὰ</strong></span> <span class='ocrx_word' id='word_1_364' title='bbox 501 3303 548 3334; x_wconf 77' lang='grc'><strong>⁸⁸</strong></span> <span class='ocrx_word' id='word_1_365' title='bbox 601 3305 918 3377; x_wconf 86' lang='grc' dir='ltr'>Στησιχόρῳ</span> <span class='ocrx_word' id='word_1_366' title='bbox 959 3307 1307 3379; x_wconf 77' lang='grc' dir='ltr'>ζητουμένων</span> <span class='ocrx_word' id='word_1_367' title='bbox 1347 3313 1714 3368; x_wconf 80' lang='grc' dir='ltr'>Ἀκεσταλίων</span> <span class='ocrx_word' id='word_1_368' title='bbox 1746 3317 1892 3387; x_wconf 86' lang='grc' dir='ltr'>όρνί-</span> 
     </span>
    </p>
   </div>
   <div class='ocr_carea' id='block_1_50' title="bbox 300 3393 1895 3476">
    <p class='ocr_par' dir='ltr' id='par_1_50' title="bbox 300 3393 1895 3476">
     <span class='ocr_line' id='line_1_50' title="bbox 300 3393 1895 3476; baseline 0.011 -31"><span class='ocrx_word' id='word_1_369' title='bbox 300 3393 440 3447; x_wconf 85' lang='grc' dir='ltr'>οων.</span> <span class='ocrx_word' id='word_1_370' title='bbox 487 3395 628 3466; x_wconf 82' lang='grc' dir='ltr'>Περὶ</span> <span class='ocrx_word' id='word_1_371' title='bbox 675 3398 773 3466; x_wconf 81' lang='grc' dir='ltr'>τῆς</span> <span class='ocrx_word' id='word_1_372' title='bbox 830 3401 982 3470; x_wconf 78' lang='grc' dir='ltr'>παρὰ</span> <span class='ocrx_word' id='word_1_373' title='bbox 1034 3404 1126 3454; x_wconf 85' lang='grc' dir='ltr'><strong>τὸν</strong></span> <span class='ocrx_word' id='word_1_374' title='bbox 1181 3403 1422 3459; x_wconf 74' lang='grc' dir='ltr'>ὠκεανὸν</span> <span class='ocrx_word' id='word_1_375' title='bbox 1473 3408 1736 3476; x_wconf 76' lang='grc' dir='ltr'>Γιγωνίας</span> <span class='ocrx_word' id='word_1_376' title='bbox 1794 3409 1895 3462; x_wconf 83' lang='grc' dir='ltr'><strong>πέ-</strong></span> 
     </span>
    </p>
   </div>
   <div class='ocr_carea' id='block_1_51' title="bbox 295 3489 1892 3570">
    <p class='ocr_par' dir='ltr' id='par_1_51' title="bbox 295 3489 1892 3570">
     <span class='ocr_line' id='line_1_51' title="bbox 295 3489 1892 3570; baseline 0.011 -32"><span class='ocrx_word' id='word_1_377' title='bbox 295 3503 466 3554; x_wconf 78' lang='grc' dir='ltr'>τρας,</span> <span class='ocrx_word' id='word_1_378' title='bbox 515 3489 614 3540; x_wconf 76' lang='grc' dir='ltr'>καὶ</span> <span class='ocrx_word' id='word_1_379' title='bbox 657 3490 739 3543; x_wconf 82' lang='grc' dir='ltr'>ὅτι</span> <span class='ocrx_word' id='word_1_380' title='bbox 797 3491 943 3563; x_wconf 88' lang='grc' dir='ltr'>μόνῳ</span> <span class='ocrx_word' id='word_1_381' title='bbox 974 3495 1250 3565; x_wconf 81' lang='grc' dir='ltr'>ἁσφοδελῴ</span> <span class='ocrx_word' id='word_1_382' title='bbox 1307 3501 1561 3564; x_wconf 87' lang='grc' dir='ltr'>κινεῖται,</span> <span class='ocrx_word' id='word_1_383' title='bbox 1612 3501 1749 3570; x_wconf 80' lang='grc' dir='ltr'>πρὸς</span> <span class='ocrx_word' id='word_1_384' title='bbox 1783 3503 1892 3555; x_wconf 79' lang='grc' dir='ltr'><strong>πᾶ-</strong></span> 
     </span>
    </p>
   </div>
   <div class='ocr_carea' id='block_1_52' title="bbox 296 3579 1894 3663">
    <p class='ocr_par' dir='ltr' id='par_1_52' title="bbox 296 3579 1894 3663">
     <span class='ocr_line' id='line_1_52' title="bbox 296 3579 1894 3663; baseline 0.01 -32"><span class='ocrx_word' id='word_1_385' title='bbox 296 3595 406 3631; x_wconf 81' lang='grc' dir='ltr'><strong>σαν</strong></span> <span class='ocrx_word' id='word_1_386' title='bbox 433 3579 560 3650; x_wconf 78' lang='grc' dir='ltr'>βίαν</span> <span class='ocrx_word' id='word_1_387' title='bbox 587 3583 980 3652; x_wconf 81' lang='grc' dir='ltr'>ἁμετακίνητος</span> <span class='ocrx_word' id='word_1_388' title='bbox 1003 3583 1157 3640; x_wconf 71' lang='grc' dir='ltr'>οὖσα.</span> <span class='ocrx_word' id='word_1_389' title='bbox 1188 3587 1316 3660; x_wconf 68' lang='grc'><strong>[477</strong></span> <span class='ocrx_word' id='word_1_390' title='bbox 1349 3591 1442 3663; x_wconf 66' lang='lat' dir='ltr'><strong>IL]</strong></span> <span class='ocrx_word' id='word_1_391' title='bbox 1476 3593 1598 3646; x_wconf 85' lang='grc' dir='ltr'>Ὅτι</span> <span class='ocrx_word' id='word_1_392' title='bbox 1637 3594 1894 3657; x_wconf 86' lang='grc' dir='ltr'>Ῥόπαλος</span> 
     </span>
    </p>
   </div>
   <div class='ocr_carea' id='block_1_53' title="bbox 294 3672 1893 3756">
    <p class='ocr_par' dir='ltr' id='par_1_53' title="bbox 294 3672 1893 3756">
     <span class='ocr_line' id='line_1_53' title="bbox 294 3672 1893 3756; baseline 0.011 -33"><span class='ocrx_word' id='word_1_393' title='bbox 294 3674 422 3736; x_wconf 76' lang='grc' dir='ltr'>υίὸς</span> <span class='ocrx_word' id='word_1_394' title='bbox 470 3672 805 3742; x_wconf 82' lang='grc' dir='ltr'>Ἡρακλέους</span> <span class='ocrx_word' id='word_1_395' title='bbox 847 3672 936 3746; x_wconf 81' lang='grc' dir='ltr'>ἦν,</span> <span class='ocrx_word' id='word_1_396' title='bbox 991 3678 1050 3741; x_wconf 83' lang='grc' dir='ltr'>ὃς</span> <span class='ocrx_word' id='word_1_397' title='bbox 1093 3681 1136 3710; x_wconf 80' lang='grc'><strong>³⁷</strong></span> <span class='ocrx_word' id='word_1_398' title='bbox 1191 3683 1248 3733; x_wconf 88' lang='grc' dir='ltr'><strong>ἐν</strong></span> <span class='ocrx_word' id='word_1_399' title='bbox 1307 3684 1492 3753; x_wconf 73' lang='grc' dir='ltr'>ἡμέρα</span> <span class='ocrx_word' id='word_1_400' title='bbox 1539 3687 1635 3756; x_wconf 81' lang='grc' dir='ltr'><strong>μιᾷ</strong></span> <span class='ocrx_word' id='word_1_401' title='bbox 1675 3687 1770 3739; x_wconf 80' lang='grc' dir='ltr'>καὶ</span> <span class='ocrx_word' id='word_1_402' title='bbox 1816 3687 1893 3750; x_wconf 86' lang='grc' dir='ltr'>ὡς</span> 
     </span>
    </p>
   </div>
   <div class='ocr_carea' id='block_1_54' title="bbox 287 3764 1892 3846">
    <p class='ocr_par' dir='ltr' id='par_1_54' title="bbox 287 3764 1892 3846">
     <span class='ocr_line' id='line_1_54' title="bbox 287 3764 1892 3846; baseline 0.009 -29"><span class='ocrx_word' id='word_1_403' title='bbox 287 3764 452 3834; x_wconf 76' lang='grc' dir='ltr'>ἥρωϊ</span> <span class='ocrx_word' id='word_1_404' title='bbox 492 3765 570 3836; x_wconf 86' lang='grc' dir='ltr'><strong>τῷ</strong></span> <span class='ocrx_word' id='word_1_405' title='bbox 620 3770 789 3838; x_wconf 77' lang='grc' dir='ltr'>πατρὶ</span> <span class='ocrx_word' id='word_1_406' title='bbox 840 3770 1060 3842; x_wconf 79' lang='grc' dir='ltr'>ἐνήγισε</span> <span class='ocrx_word' id='word_1_407' title='bbox 1097 3773 1192 3825; x_wconf 71' lang='grc' dir='ltr'>καὶ</span> <span class='ocrx_word' id='word_1_408' title='bbox 1243 3773 1318 3838; x_wconf 86' lang='grc' dir='ltr'>ὼς</span> <span class='ocrx_word' id='word_1_409' title='bbox 1352 3775 1458 3846; x_wconf 84' lang='grc' dir='ltr'><strong>0εῷ</strong></span> <span class='ocrx_word' id='word_1_410' title='bbox 1495 3776 1729 3834; x_wconf 82' lang='grc' dir='ltr'>θύσειεν.</span> <span class='ocrx_word' id='word_1_411' title='bbox 1770 3780 1892 3833; x_wconf 82' lang='grc' dir='ltr'>Ὅτι</span> 
     </span>
    </p>
   </div>
   <div class='ocr_carea' id='block_1_55' title="bbox 303 3859 1887 3942">
    <p class='ocr_par' dir='ltr' id='par_1_55' title="bbox 303 3859 1887 3942">
     <span class='ocr_line' id='line_1_55' title="bbox 303 3859 1887 3942; baseline 0.011 -34"><span class='ocrx_word' id='word_1_412' title='bbox 303 3859 672 3928; x_wconf 75' lang='grc' dir='ltr'>Ἀμφιάραος</span> <span class='ocrx_word' id='word_1_413' title='bbox 702 3860 928 3931; x_wconf 84' lang='grc' dir='ltr'>ἐκλήθη,</span> <span class='ocrx_word' id='word_1_414' title='bbox 985 3864 1108 3918; x_wconf 79' lang='grc' dir='ltr'>ἐπεὶ</span> <span class='ocrx_word' id='word_1_415' title='bbox 1144 3867 1312 3934; x_wconf 72' lang='grc' dir='ltr'>ἄμφω</span> <span class='ocrx_word' id='word_1_416' title='bbox 1342 3870 1390 3920; x_wconf 77' lang='lat' dir='ltr'><strong>oi</strong></span> <span class='ocrx_word' id='word_1_417' title='bbox 1418 3868 1520 3938; x_wconf 81' lang='grc' dir='ltr'>τῆς</span> <span class='ocrx_word' id='word_1_418' title='bbox 1554 3871 1761 3942; x_wconf 82' lang='grc' dir='ltr'>μητρὸς</span> <span class='ocrx_word' id='word_1_419' title='bbox 1796 3890 1887 3940; x_wconf 88' lang='grc' dir='ltr'><strong>γο-</strong></span> 
     </span>
    </p>
   </div>
   <div class='ocr_carea' id='block_1_56' title="bbox 284 3949 1893 4028">
    <p class='ocr_par' dir='ltr' id='par_1_56' title="bbox 284 3949 1893 4028">
     <span class='ocr_line' id='line_1_56' title="bbox 284 3949 1893 4028; baseline 0.011 -29"><span class='ocrx_word' id='word_1_420' title='bbox 284 3951 416 4009; x_wconf 80' lang='grc' dir='ltr'>νεῖς</span> <span class='ocrx_word' id='word_1_421' title='bbox 440 3949 724 4017; x_wconf 77' lang='grc' dir='ltr'>ὴράσαντο</span> <span class='ocrx_word' id='word_1_422' title='bbox 759 3952 928 4024; x_wconf 76' lang='grc' dir='ltr'>αὐτὴν</span> <span class='ocrx_word' id='word_1_423' title='bbox 961 3956 1092 4008; x_wconf 85' lang='grc' dir='ltr'>ἄνευ</span> <span class='ocrx_word' id='word_1_424' title='bbox 1127 3961 1306 4010; x_wconf 85' lang='grc' dir='ltr'>τεκεῖν</span> <span class='ocrx_word' id='word_1_425' title='bbox 1335 3959 1526 4028; x_wconf 86' lang='grc' dir='ltr'>μόγου.</span> <span class='ocrx_word' id='word_1_426' title='bbox 1561 3963 1718 4025; x_wconf 83' lang='grc' dir='ltr'>Τίνος</span> <span class='ocrx_word' id='word_1_427' title='bbox 1745 3965 1893 4017; x_wconf 74' lang='grc' dir='ltr'>ἐστὶν</span> 
     </span>
    </p>
   </div>
   <div class='ocr_carea' id='block_1_57' title="bbox 287 4039 1893 4122">
    <p class='ocr_par' dir='ltr' id='par_1_57' title="bbox 287 4039 1893 4122">
     <span class='ocr_line' id='line_1_57' title="bbox 287 4039 1893 4122; baseline 0.013 -34"><span class='ocrx_word' id='word_1_428' title='bbox 287 4041 322 4090; x_wconf 81' lang='grc' dir='ltr'>ὁ</span> <span class='ocrx_word' id='word_1_429' title='bbox 363 4039 544 4106; x_wconf 78' lang='grc' dir='ltr'>ὕμνος</span> <span class='ocrx_word' id='word_1_430' title='bbox 568 4041 597 4091; x_wconf 78' lang='grc' dir='ltr'><strong>ὁ</strong></span> <span class='ocrx_word' id='word_1_431' title='bbox 633 4039 891 4112; x_wconf 74' lang='grc' dir='ltr'>ᾁδόμενος</span> <span class='ocrx_word' id='word_1_432' title='bbox 921 4046 980 4097; x_wconf 88' lang='grc' dir='ltr'><strong>ἐν</strong></span> <span class='ocrx_word' id='word_1_433' title='bbox 1012 4046 1270 4115; x_wconf 78' lang='grc' dir='ltr'>Θηϐαίοις</span> <span class='ocrx_word' id='word_1_434' title='bbox 1301 4050 1347 4080; x_wconf 77' lang='grc'><strong>’³</strong></span> <span class='ocrx_word' id='word_1_435' title='bbox 1378 4052 1459 4114; x_wconf 81' lang='grc' dir='ltr'><strong>είς</strong></span> <span class='ocrx_word' id='word_1_436' title='bbox 1503 4053 1806 4122; x_wconf 79' lang='grc' dir='ltr'>Ἡρακλέα,</span> <span class='ocrx_word' id='word_1_437' title='bbox 1833 4057 1893 4108; x_wconf 88' lang='grc' dir='ltr'><strong>ἐν</strong></span> 
     </span>
    </p>
   </div>
   <div class='ocr_carea' id='block_1_58' title="bbox 289 4124 1893 4216">
    <p class='ocr_par' dir='ltr' id='par_1_58' title="bbox 289 4124 1893 4216">
     <span class='ocr_line' id='line_1_58' title="bbox 289 4124 1893 4216; baseline 0.012 -36"><span class='ocrx_word' id='word_1_438' title='bbox 384 4131 542 4198; x_wconf 78' lang='grc' dir='ltr'>λέγει</span> <span class='ocrx_word' id='word_1_439' title='bbox 587 4133 720 4200; x_wconf 79' lang='grc' dir='ltr'>Διὸς</span> <span class='ocrx_word' id='word_1_440' title='bbox 740 4136 838 4189; x_wconf 75' lang='grc' dir='ltr'><strong>καί</strong></span> <span class='ocrx_word' id='word_1_441' title='bbox 863 4137 1040 4206; x_wconf 85' lang='grc' dir='ltr'>Ἤρας</span> <span class='ocrx_word' id='word_1_442' title='bbox 1068 4141 1216 4205; x_wconf 82' lang='grc' dir='ltr'>υἱός.</span> <span class='ocrx_word' id='word_1_443' title='bbox 1255 4143 1424 4196; x_wconf 81' lang='grc' dir='ltr'>Ἔνθα</span> <span class='ocrx_word' id='word_1_444' title='bbox 1456 4145 1586 4216; x_wconf 63' lang='grc' dir='ltr'>περ).</span> <span class='ocrx_word' id='word_1_445' title='bbox 1616 4146 1726 4199; x_wconf 82' lang='grc' dir='ltr'><strong>τῶν</strong></span> <span class='ocrx_word' id='word_1_446' title='bbox 1751 4148 1893 4201; x_wconf 80' lang='grc' dir='ltr'>κατὰ</span> 
     </span>
    </p>
   </div>
   <div class='ocr_carea' id='block_1_59' title="bbox 296 4223 1894 4309">
    <p class='ocr_par' dir='ltr' id='par_1_59' title="bbox 296 4223 1894 4309">
     <span class='ocr_line' id='line_1_59' title="bbox 296 4223 1894 4309; baseline 0.012 -35"><span class='ocrx_word' id='word_1_447' title='bbox 296 4223 498 4284; x_wconf 76' lang='grc' dir='ltr'>πόλεις</span> <span class='ocrx_word' id='word_1_448' title='bbox 522 4225 648 4287; x_wconf 82' lang='grc' dir='ltr'>τοὺς</span> <span class='ocrx_word' id='word_1_449' title='bbox 679 4225 881 4296; x_wconf 81' lang='grc' dir='ltr'>ὕμνους</span> <span class='ocrx_word' id='word_1_450' title='bbox 915 4233 1280 4298; x_wconf 78' lang='grc' dir='ltr'>ποιησάντων,</span> <span class='ocrx_word' id='word_1_451' title='bbox 1317 4236 1410 4287; x_wconf 75' lang='grc' dir='ltr'>καὶ</span> <span class='ocrx_word' id='word_1_452' title='bbox 1448 4237 1523 4299; x_wconf 84' lang='grc' dir='ltr'>ὡς</span> <span class='ocrx_word' id='word_1_453' title='bbox 1562 4231 1894 4309; x_wconf 75' lang='grc' dir='ltr'>Φιλοστέφα-</span> 
     </span>
    </p>
   </div>
   <div class='ocr_carea' id='block_1_60' title="bbox 297 4315 1894 4397">
    <p class='ocr_par' dir='ltr' id='par_1_60' title="bbox 297 4315 1894 4397">
     <span class='ocr_line' id='line_1_60' title="bbox 297 4315 1894 4397; baseline 0.012 -33"><span class='ocrx_word' id='word_1_454' title='bbox 297 4331 399 4376; x_wconf 86' lang='grc' dir='ltr'><strong>νος</strong></span> <span class='ocrx_word' id='word_1_455' title='bbox 446 4315 478 4367; x_wconf 85' lang='grc' dir='ltr'><em>ὁ</em></span> <span class='ocrx_word' id='word_1_456' title='bbox 508 4315 814 4378; x_wconf 79' lang='grc' dir='ltr'>Μαντινεὺς</span> <span class='ocrx_word' id='word_1_457' title='bbox 851 4321 879 4372; x_wconf 87' lang='grc' dir='ltr'>ὁ</span> <span class='ocrx_word' id='word_1_458' title='bbox 936 4322 1166 4391; x_wconf 75' lang='grc' dir='ltr'>ποιητὴς</span> <span class='ocrx_word' id='word_1_459' title='bbox 1195 4324 1258 4375; x_wconf 84' lang='grc' dir='ltr'><strong>ἐκ</strong></span> <span class='ocrx_word' id='word_1_460' title='bbox 1303 4325 1531 4394; x_wconf 74' lang='grc' dir='ltr'>γενετῆς</span> <span class='ocrx_word' id='word_1_461' title='bbox 1567 4328 1764 4397; x_wconf 84' lang='grc' dir='ltr'>ίματίῳ</span> <span class='ocrx_word' id='word_1_462' title='bbox 1793 4329 1894 4383; x_wconf 85' lang='grc' dir='ltr'>οὐκ</span> 
     </span>
    </p>
   </div>
   <div class='ocr_carea' id='block_1_61' title="bbox 299 4407 1893 4490">
    <p class='ocr_par' dir='ltr' id='par_1_61' title="bbox 299 4407 1893 4490">
     <span class='ocr_line' id='line_1_61' title="bbox 299 4407 1893 4490; baseline 0.011 -32"><span class='ocrx_word' id='word_1_463' title='bbox 299 4407 610 4475; x_wconf 77' lang='grc' dir='ltr'>ἐχρήσατο,</span> <span class='ocrx_word' id='word_1_464' title='bbox 649 4410 746 4461; x_wconf 76' lang='grc' dir='ltr'>καὶ</span> <span class='ocrx_word' id='word_1_465' title='bbox 782 4409 858 4474; x_wconf 85' lang='grc' dir='ltr'>ὡς</span> <span class='ocrx_word' id='word_1_466' title='bbox 895 4413 1111 4481; x_wconf 73' lang='grc' dir='ltr'>Μᾶτρις</span> <span class='ocrx_word' id='word_1_467' title='bbox 1165 4415 1193 4466; x_wconf 86' lang='grc' dir='ltr'><strong>ό</strong></span> <span class='ocrx_word' id='word_1_468' title='bbox 1249 4415 1484 4486; x_wconf 84' lang='grc' dir='ltr'>Θηϐαῖος</span> <span class='ocrx_word' id='word_1_469' title='bbox 1539 4419 1893 4490; x_wconf 72' lang='grc' dir='ltr'>ὑμνογράφος</span> 
     </span>
    </p>
   </div>
   <div class='ocr_carea' id='block_1_62' title="bbox 2008 1886 3574 1959">
    <p class='ocr_par' dir='ltr' id='par_1_62' title="bbox 2008 1886 3574 1959">
     <span class='ocr_line' id='line_1_62' title="bbox 2008 1886 3574 1959; baseline 0.004 -23"><span class='ocrx_word' id='word_1_470' title='bbox 2008 1900 2116 1949; x_wconf 77' lang='lat' dir='ltr'><strong>pra:</strong></span> <span class='ocrx_word' id='word_1_471' title='bbox 2158 1886 2529 1954; x_wconf 71' lang='lat' dir='ltr'><strong>indignatione</strong></span> <span class='ocrx_word' id='word_1_472' title='bbox 2586 1886 3014 1941; x_wconf 79' lang='lat' dir='ltr'><strong>transformavil.</strong></span> <span class='ocrx_word' id='word_1_473' title='bbox 3069 1888 3252 1942; x_wconf 83' lang='lat' dir='ltr'><strong>Delata</strong></span> <span class='ocrx_word' id='word_1_474' title='bbox 3288 1889 3468 1959; x_wconf 79' lang='lat' dir='ltr'><strong>itaque</strong></span> <span class='ocrx_word' id='word_1_475' title='bbox 3509 1891 3574 1943; x_wconf 85' lang='lat' dir='ltr'><strong>ad</strong></span> 
     </span>
    </p>
   </div>
   <div class='ocr_carea' id='block_1_63' title="bbox 1999 1977 3580 2049">
    <p class='ocr_par' dir='ltr' id='par_1_63' title="bbox 1999 1977 3580 2049">
     <span class='ocr_line' id='line_1_63' title="bbox 1999 1977 3580 2049; baseline 0.004 -20"><span class='ocrx_word' id='word_1_476' title='bbox 1999 1977 2228 2043; x_wconf 87' lang='lat' dir='ltr'><strong>l&#39;ontem,</strong></span> <span class='ocrx_word' id='word_1_477' title='bbox 2263 1979 2349 2032; x_wconf 86' lang='lat' dir='ltr'><strong>ubi</strong></span> <span class='ocrx_word' id='word_1_478' title='bbox 2388 1978 2617 2032; x_wconf 79' lang='lat' dir='ltr'><strong>formam</strong></span> <span class='ocrx_word' id='word_1_479' title='bbox 2657 1980 2798 2035; x_wconf 89' lang='lat' dir='ltr'><strong>hanc</strong></span> <span class='ocrx_word' id='word_1_480' title='bbox 2846 1995 2999 2034; x_wconf 91' lang='lat' dir='ltr'><strong>suam</strong></span> <span class='ocrx_word' id='word_1_481' title='bbox 3036 1984 3345 2049; x_wconf 78' lang='lat' dir='ltr'><strong>conspexit,</strong></span> <span class='ocrx_word' id='word_1_482' title='bbox 3379 1984 3580 2036; x_wconf 88' lang='lat' dir='ltr'><strong>exhor-</strong></span> 
     </span>
    </p>
   </div>
   <div class='ocr_carea' id='block_1_64' title="bbox 1999 2069 3576 2141">
    <p class='ocr_par' dir='ltr' id='par_1_64' title="bbox 1999 2069 3576 2141">
     <span class='ocr_line' id='line_1_64' title="bbox 1999 2069 3576 2141; baseline 0.004 -19"><span class='ocrx_word' id='word_1_483' title='bbox 1999 2069 2129 2134; x_wconf 89' lang='lat' dir='ltr'><strong>ruit,</strong></span> <span class='ocrx_word' id='word_1_484' title='bbox 2157 2069 2440 2138; x_wconf 80' lang='lat' dir='ltr'><strong>ipsamque</strong></span> <span class='ocrx_word' id='word_1_485' title='bbox 2487 2085 2683 2140; x_wconf 85' lang='lat' dir='ltr'><strong>aquam</strong></span> <span class='ocrx_word' id='word_1_486' title='bbox 2714 2072 2926 2141; x_wconf 83' lang='lat' dir='ltr'><strong>nigram</strong></span> <span class='ocrx_word' id='word_1_487' title='bbox 2955 2074 3213 2128; x_wconf 86' lang='lat' dir='ltr'><strong>reddidit.</strong></span> <span class='ocrx_word' id='word_1_488' title='bbox 3244 2073 3318 2128; x_wconf 90' lang='lat' dir='ltr'><strong>De</strong></span> <span class='ocrx_word' id='word_1_489' title='bbox 3375 2075 3576 2130; x_wconf 84' lang='lat' dir='ltr'><strong>llecale</strong></span> 
     </span>
    </p>
   </div>
   <div class='ocr_carea' id='block_1_65' title="bbox 2004 2159 3576 2230">
    <p class='ocr_par' dir='ltr' id='par_1_65' title="bbox 2004 2159 3576 2230">
     <span class='ocr_line' id='line_1_65' title="bbox 2004 2159 3576 2230; baseline 0.004 -17"><span class='ocrx_word' id='word_1_490' title='bbox 2004 2159 2140 2230; x_wconf 69' lang='lat'><strong>(62),</strong></span> <span class='ocrx_word' id='word_1_491' title='bbox 2175 2169 2229 2215; x_wconf 89' lang='lat' dir='ltr'><strong>et</strong></span> <span class='ocrx_word' id='word_1_492' title='bbox 2255 2176 2418 2230; x_wconf 83' lang='lat' dir='ltr'><strong>quant</strong></span> <span class='ocrx_word' id='word_1_493' title='bbox 2464 2162 2650 2216; x_wconf 91' lang='lat' dir='ltr'><strong>multis</strong></span> <span class='ocrx_word' id='word_1_494' title='bbox 2682 2162 2814 2216; x_wconf 87' lang='lat' dir='ltr'><strong>illud</strong></span> <span class='ocrx_word' id='word_1_495' title='bbox 2848 2179 3041 2216; x_wconf 86' lang='lat' dir='ltr'><strong>nomen</strong></span> <span class='ocrx_word' id='word_1_496' title='bbox 3067 2178 3358 2219; x_wconf 88' lang='lat' dir='ltr'><strong>commune</strong></span> <span class='ocrx_word' id='word_1_497' title='bbox 3389 2165 3576 2220; x_wconf 80' lang='lat' dir='ltr'><strong>fuerit.</strong></span> 
     </span>
    </p>
   </div>
   <div class='ocr_carea' id='block_1_66' title="bbox 1997 2253 3580 2323">
    <p class='ocr_par' dir='ltr' id='par_1_66' title="bbox 1997 2253 3580 2323">
     <span class='ocr_line' id='line_1_66' title="bbox 1997 2253 3580 2323; baseline 0.003 -18"><span class='ocrx_word' id='word_1_498' title='bbox 1997 2253 2294 2308; x_wconf 83' lang='lat' dir='ltr'><strong>Alexandri</strong></span> <span class='ocrx_word' id='word_1_499' title='bbox 2332 2269 2539 2322; x_wconf 88' lang='lat' dir='ltr'><strong>patrem</strong></span> <span class='ocrx_word' id='word_1_500' title='bbox 2567 2271 2670 2309; x_wconf 92' lang='lat' dir='ltr'><strong>non</strong></span> <span class='ocrx_word' id='word_1_501' title='bbox 2702 2253 3012 2323; x_wconf 90' lang='lat' dir='ltr'><strong>Philippum</strong></span> <span class='ocrx_word' id='word_1_502' title='bbox 3048 2255 3236 2320; x_wconf 80' lang='lat' dir='ltr'><strong>fuisse,</strong></span> <span class='ocrx_word' id='word_1_503' title='bbox 3270 2259 3366 2312; x_wconf 87' lang='lat' dir='ltr'><strong>sed</strong></span> <span class='ocrx_word' id='word_1_504' title='bbox 3411 2259 3580 2311; x_wconf 86' lang='lat' dir='ltr'><strong>Arca-</strong></span> 
     </span>
    </p>
   </div>
   <div class='ocr_carea' id='block_1_67' title="bbox 1999 2347 3580 2419">
    <p class='ocr_par' dir='ltr' id='par_1_67' title="bbox 1999 2347 3580 2419">
     <span class='ocr_line' id='line_1_67' title="bbox 1999 2347 3580 2419; baseline 0.004 -20"><span class='ocrx_word' id='word_1_505' title='bbox 1999 2347 2119 2400; x_wconf 86' lang='lat' dir='ltr'><strong>dem</strong></span> <span class='ocrx_word' id='word_1_506' title='bbox 2150 2349 2440 2412; x_wconf 82' lang='lat' dir='ltr'><strong>quemdam</strong></span> <span class='ocrx_word' id='word_1_507' title='bbox 2471 2363 2691 2414; x_wconf 78' lang='lat' dir='ltr'><strong>gencre,</strong></span> <span class='ocrx_word' id='word_1_508' title='bbox 2723 2348 2809 2402; x_wconf 92' lang='lat' dir='ltr'><strong>cui</strong></span> <span class='ocrx_word' id='word_1_509' title='bbox 2867 2349 3102 2403; x_wconf 89' lang='lat' dir='ltr'><strong>Draconi</strong></span> <span class='ocrx_word' id='word_1_510' title='bbox 3139 2365 3362 2404; x_wconf 91' lang='lat' dir='ltr'><strong>nomen.</strong></span> <span class='ocrx_word' id='word_1_511' title='bbox 3405 2351 3580 2419; x_wconf 84' lang='lat' dir='ltr'><strong>Atque</strong></span> 
     </span>
    </p>
   </div>
   <div class='ocr_carea' id='block_1_68' title="bbox 2001 2435 3580 2491">
    <p class='ocr_par' dir='ltr' id='par_1_68' title="bbox 2001 2435 3580 2491">
     <span class='ocr_line' id='line_1_68' title="bbox 2001 2435 3580 2491; baseline -0.001 -2"><span class='ocrx_word' id='word_1_512' title='bbox 2001 2437 2126 2490; x_wconf 91' lang='lat' dir='ltr'><strong>hinc</strong></span> <span class='ocrx_word' id='word_1_513' title='bbox 2178 2435 2326 2490; x_wconf 89' lang='lat' dir='ltr'><strong>illam</strong></span> <span class='ocrx_word' id='word_1_514' title='bbox 2373 2437 2438 2490; x_wconf 86' lang='lat' dir='ltr'><strong>de</strong></span> <span class='ocrx_word' id='word_1_515' title='bbox 2467 2435 2704 2490; x_wconf 85' lang='lat' dir='ltr'><strong>dracone</strong></span> <span class='ocrx_word' id='word_1_516' title='bbox 2738 2435 2973 2490; x_wconf 84' lang='lat' dir='ltr'><strong>lahulant</strong></span> <span class='ocrx_word' id='word_1_517' title='bbox 3023 2451 3299 2490; x_wconf 89' lang='lat' dir='ltr'><strong>manasse.</strong></span> <span class='ocrx_word' id='word_1_518' title='bbox 3345 2435 3422 2491; x_wconf 89' lang='lat' dir='ltr'><strong>De</strong></span> <span class='ocrx_word' id='word_1_519' title='bbox 3451 2435 3580 2489; x_wconf 88' lang='lat' dir='ltr'><strong>Pto-</strong></span> 
     </span>
    </p>
   </div>
   <div class='ocr_carea' id='block_1_69' title="bbox 2001 2527 3576 2597">
    <p class='ocr_par' dir='ltr' id='par_1_69' title="bbox 2001 2527 3576 2597">
     <span class='ocr_line' id='line_1_69' title="bbox 2001 2527 3576 2597; baseline 0.002 -19"><span class='ocrx_word' id='word_1_520' title='bbox 2001 2527 2171 2581; x_wconf 77' lang='lat' dir='ltr'><strong>lemzni</strong></span> <span class='ocrx_word' id='word_1_521' title='bbox 2238 2541 2393 2589; x_wconf 89' lang='lat' dir='ltr'><strong>cane,</strong></span> <span class='ocrx_word' id='word_1_522' title='bbox 2450 2528 2538 2595; x_wconf 90' lang='lat' dir='ltr'><strong>qui</strong></span> <span class='ocrx_word' id='word_1_523' title='bbox 2597 2543 2694 2597; x_wconf 92' lang='lat' dir='ltr'><strong>pro</strong></span> <span class='ocrx_word' id='word_1_524' title='bbox 2758 2530 2890 2582; x_wconf 91' lang='lat' dir='ltr'><strong>hero</strong></span> <span class='ocrx_word' id='word_1_525' title='bbox 2939 2527 3287 2596; x_wconf 82' lang='lat' dir='ltr'><strong>depugnarit,</strong></span> <span class='ocrx_word' id='word_1_526' title='bbox 3331 2537 3498 2596; x_wconf 88' lang='lat' dir='ltr'><strong>ntqne</strong></span> <span class='ocrx_word' id='word_1_527' title='bbox 3545 2545 3576 2581; x_wconf 75' lang='grc' dir='ltr'>ει</span> 
     </span>
    </p>
   </div>
   <div class='ocr_carea' id='block_1_70' title="bbox 2003 2619 3576 2688">
    <p class='ocr_par' dir='ltr' id='par_1_70' title="bbox 2003 2619 3576 2688">
     <span class='ocr_line' id='line_1_70' title="bbox 2003 2619 3576 2688; baseline 0.001 -18"><span class='ocrx_word' id='word_1_528' title='bbox 2003 2629 2177 2671; x_wconf 92' lang='lat' dir='ltr'><strong>morte</strong></span> <span class='ocrx_word' id='word_1_529' title='bbox 2217 2629 2401 2673; x_wconf 91' lang='lat' dir='ltr'><strong>sectus</strong></span> <span class='ocrx_word' id='word_1_530' title='bbox 2435 2619 2638 2674; x_wconf 88' lang='lat' dir='ltr'><strong>habere</strong></span> <span class='ocrx_word' id='word_1_531' title='bbox 2673 2619 2929 2673; x_wconf 89' lang='lat' dir='ltr'><strong>inventus</strong></span> <span class='ocrx_word' id='word_1_532' title='bbox 2955 2621 3026 2673; x_wconf 86' lang='lat' dir='ltr'><strong>sit</strong></span> <span class='ocrx_word' id='word_1_533' title='bbox 3058 2635 3154 2672; x_wconf 92' lang='lat' dir='ltr'><strong>cor</strong></span> <span class='ocrx_word' id='word_1_534' title='bbox 3179 2619 3304 2688; x_wconf 89' lang='lat' dir='ltr'><strong>pilis</strong></span> <span class='ocrx_word' id='word_1_535' title='bbox 3333 2619 3576 2673; x_wconf 75' lang='lat' dir='ltr'><strong>obsitum</strong></span> 
     </span>
    </p>
   </div>
   <div class='ocr_carea' id='block_1_71' title="bbox 2000 2709 3574 2781">
    <p class='ocr_par' dir='ltr' id='par_1_71' title="bbox 2000 2709 3574 2781">
     <span class='ocr_line' id='line_1_71' title="bbox 2000 2709 3574 2781; baseline 0.001 -17"><span class='ocrx_word' id='word_1_536' title='bbox 2000 2710 2136 2781; x_wconf 76' lang='lat'><strong>(65).</strong></span> <span class='ocrx_word' id='word_1_537' title='bbox 2175 2710 2306 2765; x_wconf 89' lang='lat' dir='ltr'><strong>Erat</strong></span> <span class='ocrx_word' id='word_1_538' title='bbox 2336 2719 2518 2764; x_wconf 90' lang='lat' dir='ltr'><strong>autem</strong></span> <span class='ocrx_word' id='word_1_539' title='bbox 2561 2725 2758 2778; x_wconf 80' lang='lat' dir='ltr'><strong>genere</strong></span> <span class='ocrx_word' id='word_1_540' title='bbox 2783 2709 3069 2775; x_wconf 84' lang='lat' dir='ltr'><strong>Molossus,</strong></span> <span class='ocrx_word' id='word_1_541' title='bbox 3092 2710 3302 2764; x_wconf 84' lang='lat' dir='ltr'><strong>Briarei</strong></span> <span class='ocrx_word' id='word_1_542' title='bbox 3335 2712 3574 2766; x_wconf 74' lang='lat' dir='ltr'><strong>nomine.</strong></span> 
     </span>
    </p>
   </div>
   <div class='ocr_carea' id='block_1_72' title="bbox 1999 2801 3284 2872">
    <p class='ocr_par' dir='ltr' id='par_1_72' title="bbox 1999 2801 3284 2872">
     <span class='ocr_line' id='line_1_72' title="bbox 1999 2801 3284 2872; baseline 0.001 -18"><span class='ocrx_word' id='word_1_543' title='bbox 1999 2803 2073 2855; x_wconf 86' lang='lat' dir='ltr'><strong>De</strong></span> <span class='ocrx_word' id='word_1_544' title='bbox 2105 2801 2514 2872; x_wconf 82' lang='lat' dir='ltr'><strong>Polydamante.</strong></span> <span class='ocrx_word' id='word_1_545' title='bbox 2553 2802 2696 2868; x_wconf 83' lang='lat' dir='ltr'><strong>Quid</strong></span> <span class='ocrx_word' id='word_1_546' title='bbox 2729 2802 2801 2854; x_wconf 83' lang='lat' dir='ltr'><strong>sit</strong></span> <span class='ocrx_word' id='word_1_547' title='bbox 2840 2802 2981 2869; x_wconf 88' lang='lat' dir='ltr'><strong>apud</strong></span> <span class='ocrx_word' id='word_1_548' title='bbox 3017 2811 3232 2870; x_wconf 80' lang='lat' dir='ltr'><strong>poetam</strong></span> <span class='ocrx_word' id='word_1_549' title='bbox 3269 2820 3284 2855; x_wconf 88' lang='lat'><strong>:</strong></span> 
     </span>
    </p>
   </div>
   <div class='ocr_carea' id='block_1_73' title="bbox 2106 2913 3474 2986">
    <p class='ocr_par' dir='ltr' id='par_1_73' title="bbox 2106 2913 3474 2986">
     <span class='ocr_line' id='line_1_73' title="bbox 2106 2913 3474 2986; baseline 0 -18"><span class='ocrx_word' id='word_1_550' title='bbox 2106 2913 2148 2968; x_wconf 90' lang='lat' dir='ltr'><strong><em>U</em></strong></span> <span class='ocrx_word' id='word_1_551' title='bbox 2159 2923 2177 2967; x_wconf 86' lang='grc' dir='ltr'><strong>ι</strong></span> <span class='ocrx_word' id='word_1_552' title='bbox 2195 2932 2312 2968; x_wconf 83' lang='lat' dir='ltr'><strong>cum</strong></span> <span class='ocrx_word' id='word_1_553' title='bbox 2345 2913 2614 2968; x_wconf 83' lang='lat' dir='ltr'><strong>Pandarci</strong></span> <span class='ocrx_word' id='word_1_554' title='bbox 2639 2915 2840 2968; x_wconf 74' lang='lat' dir='ltr'><strong>soboles</strong></span> <span class='ocrx_word' id='word_1_555' title='bbox 2864 2914 3103 2969; x_wconf 80' lang='lat' dir='ltr'><strong>Chloreis</strong></span> <span class='ocrx_word' id='word_1_556' title='bbox 3125 2917 3294 2969; x_wconf 84' lang='lat' dir='ltr'><strong>aedon</strong></span> <span class='ocrx_word' id='word_1_557' title='bbox 3325 2915 3474 2986; x_wconf 72' lang='lat'><strong>(64)?</strong></span> 
     </span>
    </p>
   </div>
   <div class='ocr_carea' id='block_1_74' title="bbox 1995 3027 3575 3099">
    <p class='ocr_par' dir='ltr' id='par_1_74' title="bbox 1995 3027 3575 3099">
     <span class='ocr_line' id='line_1_74' title="bbox 1995 3027 3575 3099; baseline -0.001 -17"><span class='ocrx_word' id='word_1_558' title='bbox 1995 3039 2048 3083; x_wconf 89' lang='lat' dir='ltr'><strong>et</strong></span> <span class='ocrx_word' id='word_1_559' title='bbox 2076 3045 2196 3099; x_wconf 65' lang='lat' dir='ltr'><strong>qum</strong></span> <span class='ocrx_word' id='word_1_560' title='bbox 2222 3037 2547 3098; x_wconf 90' lang='lat' dir='ltr'><strong>sequuntur.</strong></span> <span class='ocrx_word' id='word_1_561' title='bbox 2580 3029 2654 3084; x_wconf 90' lang='lat' dir='ltr'><strong>De</strong></span> <span class='ocrx_word' id='word_1_562' title='bbox 2682 3030 2925 3084; x_wconf 85' lang='lat' dir='ltr'><strong>Palladio</strong></span> <span class='ocrx_word' id='word_1_563' title='bbox 2951 3027 3062 3099; x_wconf 84' lang='lat'><strong>(65)</strong></span> <span class='ocrx_word' id='word_1_564' title='bbox 3086 3044 3114 3082; x_wconf 90' lang='lat' dir='ltr'><strong>a</strong></span> <span class='ocrx_word' id='word_1_565' title='bbox 3143 3030 3374 3094; x_wconf 91' lang='lat' dir='ltr'><strong>duobus,</strong></span> <span class='ocrx_word' id='word_1_566' title='bbox 3398 3029 3575 3092; x_wconf 84' lang='lat' dir='ltr'><strong>idest,</strong></span> 
     </span>
    </p>
   </div>
   <div class='ocr_carea' id='block_1_75' title="bbox 1999 3120 3579 3194">
    <p class='ocr_par' dir='ltr' id='par_1_75' title="bbox 1999 3120 3579 3194">
     <span class='ocr_line' id='line_1_75' title="bbox 1999 3120 3579 3194; baseline 0 -18"><span class='ocrx_word' id='word_1_567' title='bbox 1999 3121 2255 3176; x_wconf 87' lang='lat' dir='ltr'><strong>Diomede</strong></span> <span class='ocrx_word' id='word_1_568' title='bbox 2301 3131 2352 3176; x_wconf 87' lang='lat' dir='ltr'><strong>et</strong></span> <span class='ocrx_word' id='word_1_569' title='bbox 2395 3120 2608 3194; x_wconf 88' lang='lat' dir='ltr'><strong>Ulysse,</strong></span> <span class='ocrx_word' id='word_1_570' title='bbox 2647 3120 2792 3176; x_wconf 78' lang='lat' dir='ltr'><strong>l‘urto</strong></span> <span class='ocrx_word' id='word_1_571' title='bbox 2849 3120 3016 3176; x_wconf 81' lang='lat' dir='ltr'><strong>fuisse</strong></span> <span class='ocrx_word' id='word_1_572' title='bbox 3056 3121 3350 3178; x_wconf 84' lang='lat' dir='ltr'><strong>sublatum.</strong></span> <span class='ocrx_word' id='word_1_573' title='bbox 3389 3121 3465 3176; x_wconf 85' lang='lat' dir='ltr'><strong>De</strong></span> <span class='ocrx_word' id='word_1_574' title='bbox 3489 3137 3579 3178; x_wconf 62' lang='lat' dir='ltr'><strong>ca-</strong></span> 
     </span>
    </p>
   </div>
   <div class='ocr_carea' id='block_1_76' title="bbox 1997 3212 3573 3284">
    <p class='ocr_par' dir='ltr' id='par_1_76' title="bbox 1997 3212 3573 3284">
     <span class='ocr_line' id='line_1_76' title="bbox 1997 3212 3573 3284; baseline 0 -18"><span class='ocrx_word' id='word_1_575' title='bbox 1997 3214 2140 3267; x_wconf 81' lang='lat' dir='ltr'><strong>lamo</strong></span> <span class='ocrx_word' id='word_1_576' title='bbox 2172 3212 2282 3284; x_wconf 80' lang='lat'><strong>(66)</strong></span> <span class='ocrx_word' id='word_1_577' title='bbox 2307 3215 2386 3269; x_wconf 90' lang='lat' dir='ltr'><strong>sic</strong></span> <span class='ocrx_word' id='word_1_578' title='bbox 2414 3225 2644 3269; x_wconf 86' lang='lat' dir='ltr'><strong>sonante</strong></span> <span class='ocrx_word' id='word_1_579' title='bbox 2677 3231 2692 3267; x_wconf 92' lang='lat'><strong>:</strong></span> <span class='ocrx_word' id='word_1_580' title='bbox 2722 3214 3004 3267; x_wconf 81' lang='lat' dir='ltr'><strong>Auriculaa</strong></span> <span class='ocrx_word' id='word_1_581' title='bbox 3033 3214 3172 3267; x_wconf 80' lang='lat' dir='ltr'><strong>asini</strong></span> <span class='ocrx_word' id='word_1_582' title='bbox 3197 3213 3374 3269; x_wconf 82' lang='lat' dir='ltr'><strong>Midas</strong></span> <span class='ocrx_word' id='word_1_583' title='bbox 3397 3215 3573 3272; x_wconf 78' lang='lat' dir='ltr'><strong>habet.</strong></span> 
     </span>
    </p>
   </div>
   <div class='ocr_carea' id='block_1_77' title="bbox 1997 3305 3578 3376">
    <p class='ocr_par' dir='ltr' id='par_1_77' title="bbox 1997 3305 3578 3376">
     <span class='ocr_line' id='line_1_77' title="bbox 1997 3305 3578 3376; baseline 0.001 -18"><span class='ocrx_word' id='word_1_584' title='bbox 1997 3305 2074 3359; x_wconf 91' lang='lat' dir='ltr'><strong>De</strong></span> <span class='ocrx_word' id='word_1_585' title='bbox 2107 3306 2298 3359; x_wconf 91' lang='lat' dir='ltr'><strong>avibus</strong></span> <span class='ocrx_word' id='word_1_586' title='bbox 2330 3305 2616 3359; x_wconf 82' lang='lat' dir='ltr'><strong>Aceslaliis</strong></span> <span class='ocrx_word' id='word_1_587' title='bbox 2641 3307 2782 3375; x_wconf 86' lang='lat' dir='ltr'><strong>apud</strong></span> <span class='ocrx_word' id='word_1_588' title='bbox 2816 3307 3195 3360; x_wconf 74' lang='lat' dir='ltr'><strong>Stesichorum</strong></span> <span class='ocrx_word' id='word_1_589' title='bbox 3216 3307 3477 3376; x_wconf 65' lang='lat' dir='ltr'><strong>qumsitis.</strong></span> <span class='ocrx_word' id='word_1_590' title='bbox 3506 3307 3578 3359; x_wconf 91' lang='lat' dir='ltr'><strong>De</strong></span> 
     </span>
    </p>
   </div>
   <div class='ocr_carea' id='block_1_78' title="bbox 1997 3395 3576 3465">
    <p class='ocr_par' dir='ltr' id='par_1_78' title="bbox 1997 3395 3576 3465">
     <span class='ocr_line' id='line_1_78' title="bbox 1997 3395 3576 3465; baseline 0.001 -17"><span class='ocrx_word' id='word_1_591' title='bbox 1997 3396 2172 3464; x_wconf 89' lang='lat' dir='ltr'><strong>lapide</strong></span> <span class='ocrx_word' id='word_1_592' title='bbox 2202 3395 2432 3465; x_wconf 88' lang='lat' dir='ltr'><strong>Gigonio</strong></span> <span class='ocrx_word' id='word_1_593' title='bbox 2452 3396 2607 3464; x_wconf 80' lang='lat' dir='ltr'><strong>juxta</strong></span> <span class='ocrx_word' id='word_1_594' title='bbox 2639 3412 2927 3462; x_wconf 84' lang='lat' dir='ltr'><strong>oceanum,</strong></span> <span class='ocrx_word' id='word_1_595' title='bbox 2952 3398 3203 3465; x_wconf 83' lang='lat' dir='ltr'><strong>quodque</strong></span> <span class='ocrx_word' id='word_1_596' title='bbox 3239 3398 3356 3451; x_wconf 90' lang='lat' dir='ltr'><strong>solo</strong></span> <span class='ocrx_word' id='word_1_597' title='bbox 3379 3398 3576 3465; x_wconf 86' lang='lat' dir='ltr'><strong>aspho-</strong></span> 
     </span>
    </p>
   </div>
   <div class='ocr_carea' id='block_1_79' title="bbox 1996 3488 3576 3552">
    <p class='ocr_par' dir='ltr' id='par_1_79' title="bbox 1996 3488 3576 3552">
     <span class='ocr_line' id='line_1_79' title="bbox 1996 3488 3576 3552; baseline 0.001 -11"><span class='ocrx_word' id='word_1_598' title='bbox 1996 3488 2116 3542; x_wconf 90' lang='lat' dir='ltr'><strong>delo</strong></span> <span class='ocrx_word' id='word_1_599' title='bbox 2148 3500 2447 3552; x_wconf 80' lang='lat' dir='ltr'><strong>moveatur,</strong></span> <span class='ocrx_word' id='word_1_600' title='bbox 2487 3505 2607 3542; x_wconf 90' lang='lat' dir='ltr'><strong>cum</strong></span> <span class='ocrx_word' id='word_1_601' title='bbox 2647 3491 2694 3540; x_wconf 84' lang='lat' dir='ltr'><strong>vi</strong></span> <span class='ocrx_word' id='word_1_602' title='bbox 2747 3490 2892 3542; x_wconf 86' lang='lat' dir='ltr'><strong>nulla</strong></span> <span class='ocrx_word' id='word_1_603' title='bbox 2924 3491 3026 3542; x_wconf 88' lang='lat' dir='ltr'><strong>alia</strong></span> <span class='ocrx_word' id='word_1_604' title='bbox 3064 3489 3196 3544; x_wconf 91' lang='lat' dir='ltr'><strong>cieri</strong></span> <span class='ocrx_word' id='word_1_605' title='bbox 3243 3499 3337 3542; x_wconf 90' lang='lat' dir='ltr'><strong>ant</strong></span> <span class='ocrx_word' id='word_1_606' title='bbox 3368 3490 3576 3543; x_wconf 86' lang='lat' dir='ltr'><strong>moveri</strong></span> 
     </span>
    </p>
   </div>
   <div class='ocr_carea' id='block_1_80' title="bbox 1996 3584 3576 3654">
    <p class='ocr_par' dir='ltr' id='par_1_80' title="bbox 1996 3584 3576 3654">
     <span class='ocr_line' id='line_1_80' title="bbox 1996 3584 3576 3654; baseline 0.003 -19"><span class='ocrx_word' id='word_1_607' title='bbox 1996 3593 2181 3654; x_wconf 85' lang='lat' dir='ltr'><strong>queat.</strong></span> <span class='ocrx_word' id='word_1_608' title='bbox 2215 3585 2478 3652; x_wconf 80' lang='lat' dir='ltr'><strong>Ropalum</strong></span> <span class='ocrx_word' id='word_1_609' title='bbox 2516 3584 2760 3638; x_wconf 89' lang='lat' dir='ltr'><strong>llerculis</strong></span> <span class='ocrx_word' id='word_1_610' title='bbox 2787 3586 2951 3637; x_wconf 89' lang='lat' dir='ltr'><strong>lilium</strong></span> <span class='ocrx_word' id='word_1_611' title='bbox 2983 3586 3171 3646; x_wconf 80' lang='lat' dir='ltr'><strong>fuisse,</strong></span> <span class='ocrx_word' id='word_1_612' title='bbox 3200 3595 3250 3639; x_wconf 89' lang='lat' dir='ltr'><strong>et</strong></span> <span class='ocrx_word' id='word_1_613' title='bbox 3282 3586 3424 3639; x_wconf 91' lang='lat' dir='ltr'><strong>hunc</strong></span> <span class='ocrx_word' id='word_1_614' title='bbox 3467 3600 3576 3639; x_wconf 86' lang='lat' dir='ltr'><strong>una</strong></span> 
     </span>
    </p>
   </div>
   <div class='ocr_carea' id='block_1_81' title="bbox 1996 3676 3576 3744">
    <p class='ocr_par' dir='ltr' id='par_1_81' title="bbox 1996 3676 3576 3744">
     <span class='ocr_line' id='line_1_81' title="bbox 1996 3676 3576 3744; baseline -0.001 -14"><span class='ocrx_word' id='word_1_615' title='bbox 1996 3677 2298 3744; x_wconf 83' lang='lat' dir='ltr'><strong>eademque</strong></span> <span class='ocrx_word' id='word_1_616' title='bbox 2337 3677 2423 3728; x_wconf 90' lang='lat' dir='ltr'><strong>die</strong></span> <span class='ocrx_word' id='word_1_617' title='bbox 2462 3676 2603 3744; x_wconf 85' lang='lat' dir='ltr'><strong>patri</strong></span> <span class='ocrx_word' id='word_1_618' title='bbox 2642 3685 2697 3727; x_wconf 88' lang='grc' dir='ltr'><strong>ιιι</strong></span> <span class='ocrx_word' id='word_1_619' title='bbox 2733 3677 2880 3729; x_wconf 87' lang='lat' dir='ltr'><strong>heroi</strong></span> <span class='ocrx_word' id='word_1_620' title='bbox 2922 3687 3263 3744; x_wconf 84' lang='lat' dir='ltr'><strong>parentasse,</strong></span> <span class='ocrx_word' id='word_1_621' title='bbox 3295 3685 3349 3730; x_wconf 89' lang='lat' dir='ltr'><strong>et</strong></span> <span class='ocrx_word' id='word_1_622' title='bbox 3379 3685 3438 3730; x_wconf 89' lang='lat' dir='ltr'><strong>ut</strong></span> <span class='ocrx_word' id='word_1_623' title='bbox 3471 3677 3576 3729; x_wconf 82' lang='lat' dir='ltr'><strong>deo</strong></span> 
     </span>
    </p>
   </div>
   <div class='ocr_carea' id='block_1_82' title="bbox 1997 3768 3574 3837">
    <p class='ocr_par' dir='ltr' id='par_1_82' title="bbox 1997 3768 3574 3837">
     <span class='ocr_line' id='line_1_82' title="bbox 1997 3768 3574 3837; baseline 0.001 -17"><span class='ocrx_word' id='word_1_624' title='bbox 1997 3769 2356 3821; x_wconf 80' lang='lat' dir='ltr'><strong>sacriﬁcasse.</strong></span> <span class='ocrx_word' id='word_1_625' title='bbox 2420 3768 2810 3836; x_wconf 85' lang='lat' dir='ltr'><strong>Amphiaraum</strong></span> <span class='ocrx_word' id='word_1_626' title='bbox 2875 3768 2955 3821; x_wconf 88' lang='lat' dir='ltr'><strong>sic</strong></span> <span class='ocrx_word' id='word_1_627' title='bbox 3003 3769 3364 3836; x_wconf 85' lang='lat' dir='ltr'><strong>appellatum,</strong></span> <span class='ocrx_word' id='word_1_628' title='bbox 3429 3768 3574 3837; x_wconf 90' lang='lat' dir='ltr'><strong>quod</strong></span> 
     </span>
    </p>
   </div>
   <div class='ocr_carea' id='block_1_83' title="bbox 1997 3860 3578 3929">
    <p class='ocr_par' dir='ltr' id='par_1_83' title="bbox 1997 3860 3578 3929">
     <span class='ocr_line' id='line_1_83' title="bbox 1997 3860 3578 3929; baseline 0.001 -17"><span class='ocrx_word' id='word_1_629' title='bbox 1997 3871 2225 3929; x_wconf 88' lang='lat' dir='ltr'><strong>uterque</strong></span> <span class='ocrx_word' id='word_1_630' title='bbox 2275 3860 2467 3914; x_wconf 85' lang='lat' dir='ltr'><strong>matris</strong></span> <span class='ocrx_word' id='word_1_631' title='bbox 2504 3874 2702 3928; x_wconf 87' lang='lat' dir='ltr'><strong>parens</strong></span> <span class='ocrx_word' id='word_1_632' title='bbox 2747 3870 2994 3926; x_wconf 86' lang='lat' dir='ltr'><strong>precatus</strong></span> <span class='ocrx_word' id='word_1_633' title='bbox 3035 3861 3135 3924; x_wconf 88' lang='lat' dir='ltr'><strong>sit,</strong></span> <span class='ocrx_word' id='word_1_634' title='bbox 3184 3869 3242 3912; x_wconf 92' lang='lat' dir='ltr'><strong>ut</strong></span> <span class='ocrx_word' id='word_1_635' title='bbox 3293 3860 3415 3913; x_wconf 63' lang='lat' dir='ltr'><strong>lilia;</strong></span> <span class='ocrx_word' id='word_1_636' title='bbox 3460 3860 3578 3914; x_wconf 87' lang='lat' dir='ltr'><strong>sine</strong></span> 
     </span>
    </p>
   </div>
   <div class='ocr_carea' id='block_1_84' title="bbox 2001 3951 3574 4022">
    <p class='ocr_par' dir='ltr' id='par_1_84' title="bbox 2001 3951 3574 4022">
     <span class='ocr_line' id='line_1_84' title="bbox 2001 3951 3574 4022; baseline 0 -18"><span class='ocrx_word' id='word_1_637' title='bbox 2001 3953 2187 4005; x_wconf 84' lang='lat' dir='ltr'><strong>labore</strong></span> <span class='ocrx_word' id='word_1_638' title='bbox 2221 3969 2411 4019; x_wconf 88' lang='lat' dir='ltr'><strong>parere</strong></span> <span class='ocrx_word' id='word_1_639' title='bbox 2436 3955 2855 4007; x_wconf 86' lang='lat' dir='ltr'><strong>concederetur.</strong></span> <span class='ocrx_word' id='word_1_640' title='bbox 2890 3953 3052 4016; x_wconf 78' lang='lat' dir='ltr'><strong>Cujus</strong></span> <span class='ocrx_word' id='word_1_641' title='bbox 3096 3964 3170 4006; x_wconf 81' lang='lat' dir='ltr'><strong>Stt</strong></span> <span class='ocrx_word' id='word_1_642' title='bbox 3202 3954 3456 4022; x_wconf 87' lang='lat' dir='ltr'><strong>hymnus,</strong></span> <span class='ocrx_word' id='word_1_643' title='bbox 3481 3951 3574 4020; x_wconf 90' lang='lat' dir='ltr'><strong>qui</strong></span> 
     </span>
    </p>
   </div>
   <div class='ocr_carea' id='block_1_85' title="bbox 1999 4041 3578 4111">
    <p class='ocr_par' dir='ltr' id='par_1_85' title="bbox 1999 4041 3578 4111">
     <span class='ocr_line' id='line_1_85' title="bbox 1999 4041 3578 4111; baseline 0.003 -19"><span class='ocrx_word' id='word_1_644' title='bbox 1999 4046 2138 4111; x_wconf 79' lang='lat' dir='ltr'><strong>apud</strong></span> <span class='ocrx_word' id='word_1_645' title='bbox 2167 4041 2453 4096; x_wconf 87' lang='lat' dir='ltr'><strong>Thebanos</strong></span> <span class='ocrx_word' id='word_1_646' title='bbox 2485 4044 2538 4096; x_wconf 93' lang='lat' dir='ltr'><strong>in</strong></span> <span class='ocrx_word' id='word_1_647' title='bbox 2569 4043 2814 4097; x_wconf 85' lang='lat' dir='ltr'><strong>llercnlis</strong></span> <span class='ocrx_word' id='word_1_648' title='bbox 2840 4045 3099 4097; x_wconf 88' lang='lat' dir='ltr'><strong>honorem</strong></span> <span class='ocrx_word' id='word_1_649' title='bbox 3129 4044 3453 4109; x_wconf 89' lang='lat' dir='ltr'><strong>canebatnr,</strong></span> <span class='ocrx_word' id='word_1_650' title='bbox 3493 4044 3578 4097; x_wconf 88' lang='lat' dir='ltr'><strong>di-</strong></span> 
     </span>
    </p>
   </div>
   <div class='ocr_carea' id='block_1_86' title="bbox 1995 4135 3578 4205">
    <p class='ocr_par' dir='ltr' id='par_1_86' title="bbox 1995 4135 3578 4205">
     <span class='ocr_line' id='line_1_86' title="bbox 1995 4135 3578 4205; baseline 0.004 -19"><span class='ocrx_word' id='word_1_651' title='bbox 1995 4137 2264 4203; x_wconf 80' lang='lat' dir='ltr'><strong>cebatque</strong></span> <span class='ocrx_word' id='word_1_652' title='bbox 2283 4136 2331 4188; x_wconf 92' lang='lat' dir='ltr'><strong>ei</strong></span> <span class='ocrx_word' id='word_1_653' title='bbox 2365 4155 2378 4190; x_wconf 92' lang='lat'>:</span> <span class='ocrx_word' id='word_1_654' title='bbox 2413 4135 2560 4190; x_wconf 75' lang='lat' dir='ltr'><strong>Jovis</strong></span> <span class='ocrx_word' id='word_1_655' title='bbox 2596 4153 2658 4189; x_wconf 85' lang='lat' dir='ltr'><strong>ac</strong></span> <span class='ocrx_word' id='word_1_656' title='bbox 2693 4135 2924 4189; x_wconf 74' lang='lat' dir='ltr'><strong>lunonis</strong></span> <span class='ocrx_word' id='word_1_657' title='bbox 2949 4137 3060 4204; x_wconf 78' lang='lat' dir='ltr'><strong>ﬁli;</strong></span> <span class='ocrx_word' id='word_1_658' title='bbox 3089 4135 3396 4205; x_wconf 88' lang='lat' dir='ltr'><strong>ibidemque</strong></span> <span class='ocrx_word' id='word_1_659' title='bbox 3421 4137 3486 4190; x_wconf 91' lang='lat' dir='ltr'><strong>de</strong></span> <span class='ocrx_word' id='word_1_660' title='bbox 3513 4137 3578 4192; x_wconf 84' lang='lat' dir='ltr'><strong>iis</strong></span> 
     </span>
    </p>
   </div>
   <div class='ocr_carea' id='block_1_87' title="bbox 1995 4229 3580 4299">
    <p class='ocr_par' dir='ltr' id='par_1_87' title="bbox 1995 4229 3580 4299">
     <span class='ocr_line' id='line_1_87' title="bbox 1995 4229 3580 4299; baseline 0.002 -21"><span class='ocrx_word' id='word_1_661' title='bbox 1995 4229 2085 4297; x_wconf 88' lang='lat' dir='ltr'><strong>qui</strong></span> <span class='ocrx_word' id='word_1_662' title='bbox 2121 4229 2349 4299; x_wconf 91' lang='lat' dir='ltr'><strong>hymnos</strong></span> <span class='ocrx_word' id='word_1_663' title='bbox 2383 4243 2478 4295; x_wconf 90' lang='lat' dir='ltr'><strong>per</strong></span> <span class='ocrx_word' id='word_1_664' title='bbox 2509 4229 2752 4299; x_wconf 84' lang='lat' dir='ltr'><strong>singulas</strong></span> <span class='ocrx_word' id='word_1_665' title='bbox 2789 4230 2950 4281; x_wconf 76' lang='lat' dir='ltr'><strong>nrbes</strong></span> <span class='ocrx_word' id='word_1_666' title='bbox 2984 4230 3106 4282; x_wconf 87' lang='lat' dir='ltr'><strong>cani</strong></span> <span class='ocrx_word' id='word_1_667' title='bbox 3138 4229 3328 4284; x_wconf 87' lang='lat' dir='ltr'><strong>solitos</strong></span> <span class='ocrx_word' id='word_1_668' title='bbox 3350 4244 3580 4297; x_wconf 89' lang='lat' dir='ltr'><strong>compo-</strong></span> 
     </span>
    </p>
   </div>
   <div class='ocr_carea' id='block_1_88' title="bbox 1997 4319 3577 4391">
    <p class='ocr_par' dir='ltr' id='par_1_88' title="bbox 1997 4319 3577 4391">
     <span class='ocr_line' id='line_1_88' title="bbox 1997 4319 3577 4391; baseline 0.001 -18"><span class='ocrx_word' id='word_1_669' title='bbox 1997 4331 2245 4374; x_wconf 89' lang='lat' dir='ltr'><strong>suerunt.</strong></span> <span class='ocrx_word' id='word_1_670' title='bbox 2280 4319 2762 4389; x_wconf 87' lang='lat' dir='ltr'><strong>Philostephanunt</strong></span> <span class='ocrx_word' id='word_1_671' title='bbox 2805 4320 2998 4391; x_wconf 57' lang='lat'><strong>1480</strong></span> <span class='ocrx_word' id='word_1_672' title='bbox 3031 4333 3208 4375; x_wconf 86' lang='lat' dir='ltr'><strong>vatem</strong></span> <span class='ocrx_word' id='word_1_673' title='bbox 3245 4335 3309 4374; x_wconf 89' lang='lat' dir='ltr'><strong>ac</strong></span> <span class='ocrx_word' id='word_1_674' title='bbox 3359 4332 3577 4389; x_wconf 83' lang='lat' dir='ltr'><strong>poetam</strong></span> 
     </span>
    </p>
   </div>
   <div class='ocr_carea' id='block_1_89' title="bbox 1993 4414 3577 4482">
    <p class='ocr_par' dir='ltr' id='par_1_89' title="bbox 1993 4414 3577 4482">
     <span class='ocr_line' id='line_1_89' title="bbox 1993 4414 3577 4482; baseline 0.001 -17"><span class='ocrx_word' id='word_1_675' title='bbox 1993 4414 2102 4482; x_wconf 86' lang='lat' dir='ltr'><strong>jam</strong></span> <span class='ocrx_word' id='word_1_676' title='bbox 2149 4414 2274 4467; x_wconf 89' lang='lat' dir='ltr'><strong>inde</strong></span> <span class='ocrx_word' id='word_1_677' title='bbox 2318 4430 2346 4466; x_wconf 88' lang='lat' dir='ltr'><strong>a</strong></span> <span class='ocrx_word' id='word_1_678' title='bbox 2393 4414 2557 4467; x_wconf 86' lang='lat' dir='ltr'><strong>natali</strong></span> <span class='ocrx_word' id='word_1_679' title='bbox 2603 4415 2687 4468; x_wconf 91' lang='lat' dir='ltr'><strong>die</strong></span> <span class='ocrx_word' id='word_1_680' title='bbox 2723 4426 2874 4467; x_wconf 84' lang='lat' dir='ltr'><strong>veste</strong></span> <span class='ocrx_word' id='word_1_681' title='bbox 2913 4429 3187 4482; x_wconf 87' lang='lat' dir='ltr'><strong>nunquam</strong></span> <span class='ocrx_word' id='word_1_682' title='bbox 3238 4428 3359 4468; x_wconf 83' lang='lat' dir='ltr'><strong>csse</strong></span> <span class='ocrx_word' id='word_1_683' title='bbox 3396 4428 3577 4466; x_wconf 91' lang='lat' dir='ltr'><strong>usum.</strong></span> 
     </span>
    </p>
   </div>
   <div class='ocr_carea' id='block_1_90' title="bbox 302 4498 1893 4584">
    <p class='ocr_par' dir='ltr' id='par_1_90' title="bbox 302 4498 1893 4584">
     <span class='ocr_line' id='line_1_90' title="bbox 302 4498 1893 4584; baseline 0.011 -35"><span class='ocrx_word' id='word_1_684' title='bbox 302 4498 585 4569; x_wconf 75' lang='grc' dir='ltr'>μυρσίνας</span> <span class='ocrx_word' id='word_1_685' title='bbox 611 4501 740 4571; x_wconf 78' lang='grc' dir='ltr'>παρ’</span> <span class='ocrx_word' id='word_1_686' title='bbox 757 4503 880 4556; x_wconf 80' lang='grc' dir='ltr'>ὅλον</span> <span class='ocrx_word' id='word_1_687' title='bbox 908 4504 997 4557; x_wconf 83' lang='grc' dir='ltr'>τὸν</span> <span class='ocrx_word' id='word_1_688' title='bbox 1026 4505 1137 4575; x_wconf 89' lang='grc' dir='ltr'>βίον</span> <span class='ocrx_word' id='word_1_689' title='bbox 1165 4509 1414 4562; x_wconf 83' lang='grc' dir='ltr'>ἐσιτεῖτο.</span> <span class='ocrx_word' id='word_1_690' title='bbox 1437 4511 1545 4563; x_wconf 75' lang='grc' dir='ltr'><strong>Καὶ</strong></span> <span class='ocrx_word' id='word_1_691' title='bbox 1575 4511 1649 4571; x_wconf 79' lang='grc' dir='ltr'>ὡς</span> <span class='ocrx_word' id='word_1_692' title='bbox 1676 4514 1893 4584; x_wconf 79' lang='grc' dir='ltr'><strong>Εὐπόμ-</strong></span> 
     </span>
    </p>
   </div>
   <div class='ocr_carea' id='block_1_91' title="bbox 1999 4498 3583 4584">
    <p class='ocr_par' dir='ltr' id='par_1_91' title="bbox 2006 4505 3583 4578">
     <span class='ocr_line' id='line_1_91' title="bbox 2006 4505 3583 4578; baseline -0.004 -18"><span class='ocrx_word' id='word_1_693' title='bbox 2006 4507 2218 4560; x_wconf 75' lang='lat' dir='ltr'><strong>Matrim</strong></span> <span class='ocrx_word' id='word_1_694' title='bbox 2245 4522 2460 4578; x_wconf 91' lang='lat' dir='ltr'><strong>quoque</strong></span> <span class='ocrx_word' id='word_1_695' title='bbox 2496 4506 2813 4560; x_wconf 86' lang='lat' dir='ltr'><strong>Thebanum</strong></span> <span class='ocrx_word' id='word_1_696' title='bbox 2847 4505 2958 4575; x_wconf 82' lang='lat'><strong>(67)</strong></span> <span class='ocrx_word' id='word_1_697' title='bbox 2990 4507 3315 4575; x_wconf 87' lang='lat' dir='ltr'><strong>hymnorum</strong></span> <span class='ocrx_word' id='word_1_698' title='bbox 3349 4505 3583 4571; x_wconf 82' lang='lat' dir='ltr'><strong>scripto-</strong></span> 
     </span>
    </p>
   </div>
   <div class='ocr_carea' id='block_1_92' title="bbox 302 4589 1892 4672">
    <p class='ocr_par' dir='ltr' id='par_1_92' title="bbox 302 4589 1892 4672">
     <span class='ocr_line' id='line_1_92' title="bbox 302 4589 1892 4672; baseline 0.01 -32"><span class='ocrx_word' id='word_1_699' title='bbox 302 4607 417 4642; x_wconf 77' lang='grc' dir='ltr'><strong>που</strong></span> <span class='ocrx_word' id='word_1_700' title='bbox 446 4589 541 4642; x_wconf 81' lang='grc' dir='ltr'><strong>τοῦ</strong></span> <span class='ocrx_word' id='word_1_701' title='bbox 574 4592 802 4662; x_wconf 82' lang='grc' dir='ltr'>Σαμίου,</span> <span class='ocrx_word' id='word_1_702' title='bbox 834 4594 893 4658; x_wconf 82' lang='grc' dir='ltr'>ὃς</span> <span class='ocrx_word' id='word_1_703' title='bbox 929 4595 1199 4665; x_wconf 84' lang='grc' dir='ltr'>δράκοντα</span> <span class='ocrx_word' id='word_1_704' title='bbox 1227 4598 1416 4669; x_wconf 89' lang='grc' dir='ltr'>θηρίον</span> <span class='ocrx_word' id='word_1_705' title='bbox 1463 4600 1630 4672; x_wconf 83' lang='grc' dir='ltr'>τέρας</span> <span class='ocrx_word' id='word_1_706' title='bbox 1665 4601 1892 4672; x_wconf 76' lang='grc' dir='ltr'>ἔτρεφεν</span> 
     </span>
    </p>
   </div>
   <div class='ocr_carea' id='block_1_93' title="bbox 302 4681 1895 4764">
    <p class='ocr_par' dir='ltr' id='par_1_93' title="bbox 302 4681 1895 4764">
     <span class='ocr_line' id='line_1_93' title="bbox 302 4681 1895 4764; baseline 0.009 -31"><span class='ocrx_word' id='word_1_707' title='bbox 302 4681 549 4735; x_wconf 82' lang='grc' dir='ltr'>ἄπιστον</span> <span class='ocrx_word' id='word_1_708' title='bbox 580 4685 675 4736; x_wconf 76' lang='grc' dir='ltr'>καὶ</span> <span class='ocrx_word' id='word_1_709' title='bbox 706 4687 883 4739; x_wconf 83' lang='grc' dir='ltr'>εἰπεῖν</span> <span class='ocrx_word' id='word_1_710' title='bbox 918 4689 1012 4740; x_wconf 78' lang='grc' dir='ltr'>καὶ</span> <span class='ocrx_word' id='word_1_711' title='bbox 1043 4688 1295 4750; x_wconf 77' lang='grc' dir='ltr'>ἀκοῦσαι,</span> <span class='ocrx_word' id='word_1_712' title='bbox 1329 4689 1516 4744; x_wconf 85' lang='grc' dir='ltr'>τούτου</span> <span class='ocrx_word' id='word_1_713' title='bbox 1550 4693 1644 4745; x_wconf 85' lang='grc' dir='ltr'>τοῦ</span> <span class='ocrx_word' id='word_1_714' title='bbox 1673 4694 1895 4764; x_wconf 81' lang='grc' dir='ltr'><strong>Εὐπόμ-</strong></span> 
     </span>
    </p>
   </div>
   <div class='ocr_carea' id='block_1_94' title="bbox 2005 4597 3582 4668">
    <p class='ocr_par' dir='ltr' id='par_1_94' title="bbox 2005 4597 3582 4668">
     <span class='ocr_line' id='line_1_94' title="bbox 2005 4597 3582 4668; baseline -0.002 -15"><span class='ocrx_word' id='word_1_715' title='bbox 2005 4616 2115 4654; x_wconf 86' lang='lat' dir='ltr'><strong>rem</strong></span> <span class='ocrx_word' id='word_1_716' title='bbox 2147 4615 2244 4668; x_wconf 82' lang='lat' dir='ltr'><strong>per</strong></span> <span class='ocrx_word' id='word_1_717' title='bbox 2273 4615 2489 4654; x_wconf 89' lang='lat' dir='ltr'><strong>omnem</strong></span> <span class='ocrx_word' id='word_1_718' title='bbox 2519 4600 2688 4652; x_wconf 90' lang='lat' dir='ltr'><strong>vitam</strong></span> <span class='ocrx_word' id='word_1_719' title='bbox 2746 4599 2908 4668; x_wconf 88' lang='lat' dir='ltr'><strong>myrti</strong></span> <span class='ocrx_word' id='word_1_720' title='bbox 2940 4597 3122 4652; x_wconf 85' lang='lat' dir='ltr'><strong>baccis</strong></span> <span class='ocrx_word' id='word_1_721' title='bbox 3158 4598 3376 4650; x_wconf 81' lang='lat' dir='ltr'><strong>assidue</strong></span> <span class='ocrx_word' id='word_1_722' title='bbox 3421 4597 3582 4650; x_wconf 87' lang='lat' dir='ltr'><strong>victi-</strong></span> 
     </span>
    </p>
   </div>
   <div class='ocr_carea' id='block_1_95' title="bbox 2005 4690 3581 4761">
    <p class='ocr_par' dir='ltr' id='par_1_95' title="bbox 2005 4690 3581 4761">
     <span class='ocr_line' id='line_1_95' title="bbox 2005 4690 3581 4761; baseline -0.003 -17"><span class='ocrx_word' id='word_1_723' title='bbox 2005 4703 2170 4747; x_wconf 84' lang='lat' dir='ltr'><strong>tasse.</strong></span> <span class='ocrx_word' id='word_1_724' title='bbox 2204 4691 2545 4761; x_wconf 87' lang='lat' dir='ltr'><strong>Eupotupum</strong></span> <span class='ocrx_word' id='word_1_725' title='bbox 2577 4691 2818 4744; x_wconf 84' lang='lat' dir='ltr'><strong>Samium</strong></span> <span class='ocrx_word' id='word_1_726' title='bbox 2861 4691 2997 4759; x_wconf 87' lang='lat' dir='ltr'><strong>(qui,</strong></span> <span class='ocrx_word' id='word_1_727' title='bbox 3027 4690 3169 4758; x_wconf 89' lang='lat' dir='ltr'><strong>quod</strong></span> <span class='ocrx_word' id='word_1_728' title='bbox 3208 4691 3322 4743; x_wconf 88' lang='lat' dir='ltr'><strong>visu</strong></span> <span class='ocrx_word' id='word_1_729' title='bbox 3367 4693 3581 4743; x_wconf 86' lang='lat' dir='ltr'><strong>auditu-</strong></span> 
     </span>
    </p>
   </div>
   <div class='ocr_carea' id='block_1_96' title="bbox 303 4776 1893 4854">
    <p class='ocr_par' dir='ltr' id='par_1_96' title="bbox 303 4776 1893 4853">
     <span class='ocr_line' id='line_1_96' title="bbox 303 4776 1893 4853; baseline 0.008 -26"><span class='ocrx_word' id='word_1_730' title='bbox 303 4793 418 4828; x_wconf 78' lang='grc' dir='ltr'><strong>που</strong></span> <span class='ocrx_word' id='word_1_731' title='bbox 451 4776 618 4830; x_wconf 83' lang='grc' dir='ltr'>παῖδα</span> <span class='ocrx_word' id='word_1_732' title='bbox 646 4778 926 4848; x_wconf 76' lang='grc' dir='ltr'>Δράκοντα</span> <span class='ocrx_word' id='word_1_733' title='bbox 950 4778 1187 4852; x_wconf 79' lang='grc' dir='ltr'>τοῦνομα</span> <span class='ocrx_word' id='word_1_734' title='bbox 1212 4781 1624 4846; x_wconf 80' lang='grc' dir='ltr'>ὀξυωπέστατον</span> <span class='ocrx_word' id='word_1_735' title='bbox 1649 4786 1893 4853; x_wconf 84' lang='grc' dir='ltr'>γενέσθαι</span> 
     </span>
    </p>
   </div>
   <div class='ocr_carea' id='block_1_97' title="bbox 1999 4776 3579 4854">
    <p class='ocr_par' dir='ltr' id='par_1_97' title="bbox 2011 4781 3579 4854">
     <span class='ocr_line' id='line_1_97' title="bbox 2011 4781 3579 4854; baseline 0.001 -19"><span class='ocrx_word' id='word_1_736' title='bbox 2011 4801 2119 4854; x_wconf 91' lang='lat' dir='ltr'><strong>quc</strong></span> <span class='ocrx_word' id='word_1_737' title='bbox 2150 4783 2466 4838; x_wconf 84' lang='lat' dir='ltr'><strong>incredibile</strong></span> <span class='ocrx_word' id='word_1_738' title='bbox 2498 4791 2604 4846; x_wconf 76' lang='lat' dir='ltr'><strong>est,</strong></span> <span class='ocrx_word' id='word_1_739' title='bbox 2631 4781 2804 4838; x_wconf 82' lang='lat' dir='ltr'><strong>ferum</strong></span> <span class='ocrx_word' id='word_1_740' title='bbox 2835 4782 3126 4836; x_wconf 91' lang='lat' dir='ltr'><strong>admodum</strong></span> <span class='ocrx_word' id='word_1_741' title='bbox 3145 4793 3446 4836; x_wconf 90' lang='lat' dir='ltr'><strong>monstrum</strong></span> <span class='ocrx_word' id='word_1_742' title='bbox 3481 4782 3498 4854; x_wconf 85' lang='lat'>[</span> <span class='ocrx_word' id='word_1_743' title='bbox 3527 4784 3579 4836; x_wconf 86' lang='lat' dir='ltr'><strong>id</strong></span> 
     </span>
    </p>
   </div>
   <div class='ocr_carea' id='block_1_98' title="bbox 1623 4879 2303 4938">
    <p class='ocr_par' dir='ltr' id='par_1_98' title="bbox 1623 4879 2303 4938">
     <span class='ocr_line' id='line_1_98' title="bbox 1623 4879 2303 4938; baseline -0.007 -2"><span class='ocrx_word' id='word_1_744' title='bbox 1623 4881 1859 4938; x_wconf 76' lang='lat' dir='ltr'><strong>VARUE</strong></span> <span class='ocrx_word' id='word_1_745' title='bbox 1901 4879 2303 4936; x_wconf 78' lang='lat' dir='ltr'><strong>LECTIONES.</strong></span> 
     </span>
    </p>
   </div>
   <div class='ocr_carea' id='block_1_99' title="bbox 381 4965 3578 5044">
    <p class='ocr_par' dir='ltr' id='par_1_99' title="bbox 381 4965 3578 5044">
     <span class='ocr_line' id='line_1_99' title="bbox 381 4965 3578 5044; baseline 0.001 -27"><span class='ocrx_word' id='word_1_746' title='bbox 381 4965 621 5044; x_wconf 44' lang='lat' dir='ltr'><strong>&quot;‘1ivog]</strong></span> <span class='ocrx_word' id='word_1_747' title='bbox 653 4966 889 5044; x_wconf 63' lang='lat' dir='ltr'><strong>iactasse</strong></span> <span class='ocrx_word' id='word_1_748' title='bbox 939 4969 1232 5044; x_wconf 73' lang='lat' dir='ltr'><strong>legendum</strong></span> <span class='ocrx_word' id='word_1_749' title='bbox 1269 4969 1360 5044; x_wconf 63' lang='lat' dir='ltr'><strong>ei.</strong></span> <span class='ocrx_word' id='word_1_750' title='bbox 1421 4972 1466 5004; x_wconf 77' lang='grc'><strong>⁸⁸</strong></span> <span class='ocrx_word' id='word_1_751' title='bbox 1487 4971 1670 5044; x_wconf 73' lang='grc' dir='ltr'>πάλιν]</span> <span class='ocrx_word' id='word_1_752' title='bbox 1710 4975 2000 5044; x_wconf 3' lang='grc' dir='ltr'>,πολλοίπερ</span> <span class='ocrx_word' id='word_1_753' title='bbox 2051 4975 2090 5028; x_wconf 79' lang='grc' dir='ltr'>Α</span> <span class='ocrx_word' id='word_1_754' title='bbox 2129 4991 2142 5025; x_wconf 86' lang='lat'><strong>:</strong></span> <span class='ocrx_word' id='word_1_755' title='bbox 2183 4979 2246 5044; x_wconf 68' lang='lat' dir='ltr'><strong>ut</strong></span> <span class='ocrx_word' id='word_1_756' title='bbox 2283 4986 2421 5044; x_wconf 79' lang='lat' dir='ltr'><strong>cuin</strong></span> <span class='ocrx_word' id='word_1_757' title='bbox 2450 4968 2743 5044; x_wconf 70' lang='lat' dir='ltr'><strong>Stephano</strong></span> <span class='ocrx_word' id='word_1_758' title='bbox 2777 4968 3062 5044; x_wconf 64' lang='lat' dir='ltr'><strong>legendum</strong></span> <span class='ocrx_word' id='word_1_759' title='bbox 3118 4967 3384 5044; x_wconf 68' lang='lat' dir='ltr'><strong>videatur</strong></span> <span class='ocrx_word' id='word_1_760' title='bbox 3407 4966 3578 5044; x_wconf 72' lang='grc' dir='ltr'>πολλᾶ</span> 
     </span>
    </p>
   </div>
   <div class='ocr_carea' id='block_1_100' title="bbox 306 5037 1625 5111">
    <p class='ocr_par' dir='ltr' id='par_1_100' title="bbox 306 5037 1625 5111">
     <span class='ocr_line' id='line_1_100' title="bbox 306 5037 1625 5111; baseline 0.005 -23"><span class='ocrx_word' id='word_1_761' title='bbox 306 5037 462 5111; x_wconf 68' lang='grc' dir='ltr'>ττερί.</span> <span class='ocrx_word' id='word_1_762' title='bbox 513 5037 790 5111; x_wconf 31' lang='grc' dir='ltr'><strong>Α¹⁹⁷αὑτῆν</strong></span> <span class='ocrx_word' id='word_1_763' title='bbox 823 5069 877 5077; x_wconf 82' lang='lat'><strong>—</strong></span> <span class='ocrx_word' id='word_1_764' title='bbox 907 5039 1072 5111; x_wconf 73' lang='grc' dir='ltr'>οὖσαν</span> <span class='ocrx_word' id='word_1_765' title='bbox 1112 5040 1306 5111; x_wconf 81' lang='grc' dir='ltr'>ἐπείρα</span> <span class='ocrx_word' id='word_1_766' title='bbox 1336 5041 1376 5094; x_wconf 82' lang='grc' dir='ltr'>Α</span> <span class='ocrx_word' id='word_1_767' title='bbox 1410 5060 1423 5096; x_wconf 82' lang='lat'><strong>:</strong></span> <span class='ocrx_word' id='word_1_768' title='bbox 1452 5044 1625 5111; x_wconf 77' lang='grc' dir='ltr'>αὐτῆς</span> 
     </span>
    </p>
   </div>
   <div class='ocr_carea' id='block_1_101' title="bbox 313 5107 1808 5181">
    <p class='ocr_par' dir='ltr' id='par_1_101' title="bbox 313 5107 1808 5181">
     <span class='ocr_line' id='line_1_101' title="bbox 313 5107 1808 5181; baseline 0.008 -24"><span class='ocrx_word' id='word_1_769' title='bbox 313 5109 351 5181; x_wconf 72' lang='lat' dir='ltr'><strong>i.</strong></span> <span class='ocrx_word' id='word_1_770' title='bbox 381 5126 431 5159; x_wconf 83' lang='lat' dir='ltr'><strong>e.</strong></span> <span class='ocrx_word' id='word_1_771' title='bbox 457 5107 666 5181; x_wconf 67' lang='grc' dir='ltr'>πόσοις.</span> <span class='ocrx_word' id='word_1_772' title='bbox 745 5109 792 5181; x_wconf 10' lang='lat'><strong>&quot;7</strong></span> <span class='ocrx_word' id='word_1_773' title='bbox 819 5110 958 5178; x_wconf 84' lang='grc' dir='ltr'>μετὰ</span> <span class='ocrx_word' id='word_1_774' title='bbox 985 5111 1084 5180; x_wconf 81' lang='grc' dir='ltr'><strong>τὴν</strong></span> <span class='ocrx_word' id='word_1_775' title='bbox 1118 5107 1322 5175; x_wconf 54' lang='grc' dir='ltr'>τελζς.</span> <span class='ocrx_word' id='word_1_776' title='bbox 1399 5114 1444 5144; x_wconf 83' lang='grc'>’³</span> <span class='ocrx_word' id='word_1_777' title='bbox 1473 5114 1530 5165; x_wconf 82' lang='grc' dir='ltr'>δὲ</span> <span class='ocrx_word' id='word_1_778' title='bbox 1568 5107 1628 5166; x_wconf 78' lang='grc' dir='ltr'>τὸ</span> <span class='ocrx_word' id='word_1_779' title='bbox 1657 5131 1714 5181; x_wconf 85' lang='grc' dir='ltr'>γ.</span> <span class='ocrx_word' id='word_1_780' title='bbox 1748 5107 1808 5178; x_wconf 73' lang='grc' dir='ltr'>ς’.</span> 
     </span>
    </p>
   </div>
   <div class='ocr_carea' id='block_1_102' title="bbox 1885 5113 2500 5182">
    <p class='ocr_par' dir='ltr' id='par_1_102' title="bbox 1885 5113 2500 5182">
     <span class='ocr_line' id='line_1_102' title="bbox 1885 5113 2500 5182; baseline -0.008 -16"><span class='ocrx_word' id='word_1_781' title='bbox 1885 5115 1950 5145; x_wconf 64' lang='grc' dir='ltr'><strong>’δ’</strong></span> <span class='ocrx_word' id='word_1_782' title='bbox 1980 5113 2395 5182; x_wconf 73' lang='grc' dir='ltr'>Πολυδάμαντος</span> <span class='ocrx_word' id='word_1_783' title='bbox 2438 5129 2500 5174; x_wconf 83' lang='grc' dir='ltr'><strong>ς.</strong></span> 
     </span>
    </p>
   </div>
   <div class='ocr_carea' id='block_1_103' title="bbox 306 5179 1970 5256">
    <p class='ocr_par' dir='ltr' id='par_1_103' title="bbox 306 5179 1970 5256">
     <span class='ocr_line' id='line_1_103' title="bbox 306 5179 1970 5256; baseline 0.005 -28"><span class='ocrx_word' id='word_1_784' title='bbox 306 5180 354 5208; x_wconf 77' lang='grc'>³⁸</span> <span class='ocrx_word' id='word_1_785' title='bbox 383 5179 535 5247; x_wconf 73' lang='grc' dir='ltr'>παρὰ</span> <span class='ocrx_word' id='word_1_786' title='bbox 564 5179 607 5229; x_wconf 78' lang='grc' dir='ltr'>Α</span> <span class='ocrx_word' id='word_1_787' title='bbox 641 5197 654 5232; x_wconf 93' lang='lat'><strong>:</strong></span> <span class='ocrx_word' id='word_1_788' title='bbox 683 5180 808 5247; x_wconf 82' lang='grc' dir='ltr'>περὶ</span> <span class='ocrx_word' id='word_1_789' title='bbox 857 5199 910 5244; x_wconf 78' lang='grc' dir='ltr'><strong>ς.</strong></span> <span class='ocrx_word' id='word_1_790' title='bbox 992 5179 1122 5243; x_wconf 26' lang='grc' dir='ltr'><strong>’τίός</strong></span> <span class='ocrx_word' id='word_1_791' title='bbox 1150 5183 1273 5236; x_wconf 87' lang='lat' dir='ltr'><strong>add.</strong></span> <span class='ocrx_word' id='word_1_792' title='bbox 1313 5185 1379 5236; x_wconf 84' lang='lat' dir='ltr'><strong>A.</strong></span> <span class='ocrx_word' id='word_1_793' title='bbox 1454 5185 1499 5215; x_wconf 73' lang='grc'><strong>⁸³</strong></span> <span class='ocrx_word' id='word_1_794' title='bbox 1535 5179 1715 5238; x_wconf 79' lang='lat' dir='ltr'><strong>malint</strong></span> <span class='ocrx_word' id='word_1_795' title='bbox 1745 5185 1970 5256; x_wconf 82' lang='grc' dir='ltr'>Θήϐαις.</span> 
     </span>
    </p>
   </div>
   <div class='ocr_carea' id='block_1_104' title="bbox 1663 5038 3572 5114">
    <p class='ocr_par' dir='ltr' id='par_1_104' title="bbox 1663 5038 3572 5114">
     <span class='ocr_line' id='line_1_104' title="bbox 1663 5038 3572 5114; baseline -0.003 -18"><span class='ocrx_word' id='word_1_796' title='bbox 1663 5038 1827 5114; x_wconf 69' lang='grc' dir='ltr'>οὔσης</span> <span class='ocrx_word' id='word_1_797' title='bbox 1853 5038 2036 5113; x_wconf 73' lang='grc' dir='ltr'>ἐπήρα</span> <span class='ocrx_word' id='word_1_798' title='bbox 2068 5061 2128 5106; x_wconf 81' lang='grc' dir='ltr'><strong>ς.</strong></span> <span class='ocrx_word' id='word_1_799' title='bbox 2206 5041 2251 5070; x_wconf 80' lang='grc'><strong>²⁰</strong></span> <span class='ocrx_word' id='word_1_800' title='bbox 2291 5039 2470 5109; x_wconf 81' lang='grc' dir='ltr'>πηγὴν</span> <span class='ocrx_word' id='word_1_801' title='bbox 2491 5055 2592 5108; x_wconf 70' lang='lat' dir='ltr'><strong>ueg.</strong></span> <span class='ocrx_word' id='word_1_802' title='bbox 2627 5040 2744 5114; x_wconf 75' lang='lat' dir='ltr'><strong>li_|_tri</strong></span> <span class='ocrx_word' id='word_1_803' title='bbox 2772 5041 2896 5114; x_wconf 67' lang='grc' dir='ltr'><strong>γῆνῙ</strong></span> <span class='ocrx_word' id='word_1_804' title='bbox 2973 5041 3018 5070; x_wconf 73' lang='grc'><strong>’⁸</strong></span> <span class='ocrx_word' id='word_1_805' title='bbox 3062 5038 3472 5114; x_wconf 37' lang='grc' dir='ltr'>πόσαιςῙ-πόσις</span> <span class='ocrx_word' id='word_1_806' title='bbox 3505 5042 3572 5100; x_wconf 87' lang='lat'><strong>.\,</strong></span> 
     </span>
    </p>
   </div>
   <div class='ocr_carea' id='block_1_105' title="bbox 2577 5108 3574 5181">
    <p class='ocr_par' dir='ltr' id='par_1_105' title="bbox 2577 5108 3574 5181">
     <span class='ocr_line' id='line_1_105' title="bbox 2577 5108 3574 5181; baseline 0.003 -21"><span class='ocrx_word' id='word_1_807' title='bbox 2577 5110 2620 5140; x_wconf 77' lang='grc'><strong>³⁵</strong></span> <span class='ocrx_word' id='word_1_808' title='bbox 2651 5108 3041 5181; x_wconf 63' lang='grc' dir='ltr'>Πανδαρέηης.</span> <span class='ocrx_word' id='word_1_809' title='bbox 3098 5110 3189 5161; x_wconf 80' lang='grc' dir='ltr'>καὶ</span> <span class='ocrx_word' id='word_1_810' title='bbox 3243 5110 3313 5161; x_wconf 78' lang='grc' dir='ltr'><strong>τὰ</strong></span> <span class='ocrx_word' id='word_1_811' title='bbox 3357 5110 3482 5178; x_wconf 76' lang='grc' dir='ltr'><strong>ἑξῆς</strong></span> <span class='ocrx_word' id='word_1_812' title='bbox 3517 5128 3574 5173; x_wconf 69' lang='grc' dir='ltr'>τ.</span> 
     </span>
    </p>
   </div>
   <div class='ocr_carea' id='block_1_106' title="bbox 1820 5279 2052 5335">
    <p class='ocr_par' dir='ltr' id='par_1_106' title="bbox 1820 5279 2052 5335">
     <span class='ocr_line' id='line_1_106' title="bbox 1820 5279 2052 5335; baseline 0 -1"><span class='ocrx_word' id='word_1_813' title='bbox 1820 5279 2052 5335; x_wconf 64' lang='lat' dir='ltr'><strong>NOTAE.</strong></span> 
     </span>
    </p>
   </div>
   <div class='ocr_carea' id='block_1_107' title="bbox 382 5366 1150 5438">
    <p class='ocr_par' dir='ltr' id='par_1_107' title="bbox 382 5366 1150 5438">
     <span class='ocr_line' id='line_1_107' title="bbox 382 5366 1150 5438; baseline 0.009 -20"><span class='ocrx_word' id='word_1_814' title='bbox 382 5368 501 5435; x_wconf 84' lang='lat'><strong>(60)</strong></span> <span class='ocrx_word' id='word_1_815' title='bbox 539 5366 735 5438; x_wconf 75' lang='lat' dir='ltr'><strong>Odyss.</strong></span> <span class='ocrx_word' id='word_1_816' title='bbox 768 5386 1004 5434; x_wconf 79' lang='lat' dir='ltr'><strong>tx,vers.</strong></span> <span class='ocrx_word' id='word_1_817' title='bbox 1025 5373 1150 5425; x_wconf 70' lang='grc'><strong>547.</strong></span> 
     </span>
    </p>
   </div>
   <div class='ocr_carea' id='block_1_108' title="bbox 385 5439 1898 5518">
    <p class='ocr_par' dir='ltr' id='par_1_108' title="bbox 385 5439 1898 5518">
     <span class='ocr_line' id='line_1_108' title="bbox 385 5439 1898 5518; baseline 0.007 -29"><span class='ocrx_word' id='word_1_818' title='bbox 385 5440 440 5494; x_wconf 71' lang='grc'>(6</span> <span class='ocrx_word' id='word_1_819' title='bbox 455 5439 507 5518; x_wconf 56' lang='lat' dir='ltr'><strong>lt</strong></span> <span class='ocrx_word' id='word_1_820' title='bbox 523 5440 638 5518; x_wconf 72' lang='lat' dir='ltr'><strong>Quo</strong></span> <span class='ocrx_word' id='word_1_821' title='bbox 664 5456 790 5493; x_wconf 77' lang='lat' dir='ltr'><strong>vero</strong></span> <span class='ocrx_word' id='word_1_822' title='bbox 819 5458 942 5518; x_wconf 82' lang='lat' dir='ltr'><strong>vase</strong></span> <span class='ocrx_word' id='word_1_823' title='bbox 960 5447 1129 5518; x_wconf 78' lang='lat' dir='ltr'><strong>tetu-ri</strong></span> <span class='ocrx_word' id='word_1_824' title='bbox 1153 5455 1333 5508; x_wconf 85' lang='lat' dir='ltr'><strong>posset</strong></span> <span class='ocrx_word' id='word_1_825' title='bbox 1353 5459 1497 5518; x_wconf 77' lang='lat' dir='ltr'><strong>aqua</strong></span> <span class='ocrx_word' id='word_1_826' title='bbox 1518 5447 1692 5518; x_wconf 70' lang='lat' dir='ltr'><strong>stygia</strong></span> <span class='ocrx_word' id='word_1_827' title='bbox 1712 5447 1898 5500; x_wconf 90' lang='lat' dir='ltr'><strong>docui-</strong></span> 
     </span>
    </p>
   </div>
   <div class='ocr_carea' id='block_1_109' title="bbox 311 5509 1681 5585">
    <p class='ocr_par' dir='ltr' id='par_1_109' title="bbox 311 5509 1681 5585">
     <span class='ocr_line' id='line_1_109' title="bbox 311 5509 1681 5585; baseline 0.009 -25"><span class='ocrx_word' id='word_1_828' title='bbox 311 5509 965 5585; x_wconf 33' lang='lat' dir='ltr'><strong>Inusj&#39;itis-eotnparatis</strong></span> <span class='ocrx_word' id='word_1_829' title='bbox 997 5514 1074 5585; x_wconf 69' lang='lat' dir='ltr'><strong>ad</strong></span> <span class='ocrx_word' id='word_1_830' title='bbox 1095 5514 1317 5585; x_wconf 78' lang='lat' dir='ltr'><strong>Olymp.</strong></span> <span class='ocrx_word' id='word_1_831' title='bbox 1347 5515 1470 5578; x_wconf 70' lang='lat' dir='ltr'><strong>1H,</strong></span> <span class='ocrx_word' id='word_1_832' title='bbox 1502 5509 1648 5570; x_wconf 28' lang='lat' dir='ltr'><strong>until</strong></span> <span class='ocrx_word' id='word_1_833' title='bbox 1668 5559 1681 5572; x_wconf 94' lang='lat'><strong>.</strong></span> 
     </span>
    </p>
   </div>
   <div class='ocr_carea' id='block_1_110' title="bbox 384 5577 1893 5646">
    <p class='ocr_par' dir='ltr' id='par_1_110' title="bbox 384 5577 1893 5646">
     <span class='ocr_line' id='line_1_110' title="bbox 384 5577 1893 5646; baseline 0.009 -18"><span class='ocrx_word' id='word_1_834' title='bbox 384 5577 500 5646; x_wconf 74' lang='lat'><strong>((59,)</strong></span> <span class='ocrx_word' id='word_1_835' title='bbox 531 5577 776 5644; x_wconf 77' lang='lat' dir='ltr'><strong>Ovidius,</strong></span> <span class='ocrx_word' id='word_1_836' title='bbox 829 5582 921 5635; x_wconf 91' lang='lat' dir='ltr'><strong>lih.</strong></span> <span class='ocrx_word' id='word_1_837' title='bbox 953 5599 1014 5643; x_wconf 90' lang='lat' dir='ltr'><strong>It,</strong></span> <span class='ocrx_word' id='word_1_838' title='bbox 1047 5583 1118 5636; x_wconf 83' lang='lat' dir='ltr'><strong>De</strong></span> <span class='ocrx_word' id='word_1_839' title='bbox 1150 5577 1344 5638; x_wconf 67' lang='grc' dir='ltr'>ιῖρηιὲνιί.</span> <span class='ocrx_word' id='word_1_840' title='bbox 1382 5577 1612 5640; x_wconf 80' lang='lat' dir='ltr'><strong>lleralen</strong></span> <span class='ocrx_word' id='word_1_841' title='bbox 1641 5587 1893 5641; x_wconf 79' lang='lat' dir='ltr'><strong>feminam</strong></span> 
     </span>
    </p>
   </div>
   <div class='ocr_carea' id='block_1_111' title="bbox 315 5653 1896 5728">
    <p class='ocr_par' dir='ltr' id='par_1_111' title="bbox 315 5653 1896 5728">
     <span class='ocr_line' id='line_1_111' title="bbox 315 5653 1896 5728; baseline 0.008 -31"><span class='ocrx_word' id='word_1_842' title='bbox 315 5664 609 5728; x_wconf 65' lang='lat' dir='ltr'><strong>pauperem</strong></span> <span class='ocrx_word' id='word_1_843' title='bbox 672 5653 912 5728; x_wconf 70' lang='lat' dir='ltr'><strong>adducit.</strong></span> <span class='ocrx_word' id='word_1_844' title='bbox 947 5654 1215 5728; x_wconf 45' lang='grc' dir='ltr'><strong>διήρκει-ἡ</strong></span> <span class='ocrx_word' id='word_1_845' title='bbox 1250 5658 1421 5727; x_wconf 67' lang='grc' dir='ltr'>ὴρωὶς</span> <span class='ocrx_word' id='word_1_846' title='bbox 1452 5660 1484 5728; x_wconf 77' lang='grc' dir='ltr'>ᾐ</span> <span class='ocrx_word' id='word_1_847' title='bbox 1521 5659 1668 5728; x_wconf 74' lang='grc' dir='ltr'>παρὰ</span> <span class='ocrx_word' id='word_1_848' title='bbox 1698 5657 1896 5710; x_wconf 83' lang='grc' dir='ltr'>Καλλι-</span> 
     </span>
    </p>
   </div>
   <div class='ocr_carea' id='block_1_112' title="bbox 317 5719 1897 5792">
    <p class='ocr_par' dir='ltr' id='par_1_112' title="bbox 317 5719 1897 5792">
     <span class='ocr_line' id='line_1_112' title="bbox 317 5719 1897 5792; baseline -0.007 1"><span class='ocrx_word' id='word_1_849' title='bbox 317 5719 498 5792; x_wconf 72' lang='grc' dir='ltr'>μάκψν</span> <span class='ocrx_word' id='word_1_850' title='bbox 533 5721 564 5789; x_wconf 70' lang='grc' dir='ltr'>ἡ</span> <span class='ocrx_word' id='word_1_851' title='bbox 600 5721 742 5792; x_wconf 51' lang='lat'><strong>“(1’)?</strong></span> <span class='ocrx_word' id='word_1_852' title='bbox 765 5723 963 5792; x_wconf 64' lang='grc' dir='ltr'><strong>ὲσιωπὴν</strong></span> <span class='ocrx_word' id='word_1_853' title='bbox 1007 5719 1413 5790; x_wconf 74' lang='grc' dir='ltr'>καλοῦσα,”υιο.</span> <span class='ocrx_word' id='word_1_854' title='bbox 1459 5719 1713 5784; x_wconf 77' lang='lat' dir='ltr'><strong>Politiani</strong></span> <span class='ocrx_word' id='word_1_855' title='bbox 1764 5730 1897 5783; x_wconf 78' lang='lat' dir='ltr'><strong>Mis-</strong></span> 
     </span>
    </p>
   </div>
   <div class='ocr_carea' id='block_1_113' title="bbox 309 5791 963 5862">
    <p class='ocr_par' dir='ltr' id='par_1_113' title="bbox 309 5791 963 5862">
     <span class='ocr_line' id='line_1_113' title="bbox 309 5791 963 5862; baseline 0.006 -18"><span class='ocrx_word' id='word_1_856' title='bbox 309 5791 505 5844; x_wconf 72' lang='lat' dir='ltr'><strong>chlau.</strong></span> <span class='ocrx_word' id='word_1_857' title='bbox 525 5809 648 5860; x_wconf 82' lang='lat' dir='ltr'><strong>cap.</strong></span> <span class='ocrx_word' id='word_1_858' title='bbox 681 5791 752 5848; x_wconf 60' lang='grc'><strong>24</strong></span> <span class='ocrx_word' id='word_1_859' title='bbox 777 5830 791 5854; x_wconf 95' lang='grc'><strong>,</strong></span> <span class='ocrx_word' id='word_1_860' title='bbox 826 5791 963 5862; x_wconf 72' lang='lat' dir='ltr'><strong>lege.</strong></span> 
     </span>
    </p>
   </div>
   <div class='ocr_carea' id='block_1_114' title="bbox 2099 5367 3568 5437">
    <p class='ocr_par' dir='ltr' id='par_1_114' title="bbox 2099 5367 3568 5437">
     <span class='ocr_line' id='line_1_114' title="bbox 2099 5367 3568 5437; baseline -0.002 -11"><span class='ocrx_word' id='word_1_861' title='bbox 2099 5373 2188 5435; x_wconf 76' lang='lat'><strong>63)</strong></span> <span class='ocrx_word' id='word_1_862' title='bbox 2224 5371 2358 5426; x_wconf 87' lang='lat' dir='ltr'><strong>Vide</strong></span> <span class='ocrx_word' id='word_1_863' title='bbox 2401 5370 2495 5424; x_wconf 79' lang='lat' dir='ltr'><strong>inl‘.</strong></span> <span class='ocrx_word' id='word_1_864' title='bbox 2540 5369 2593 5424; x_wconf 90' lang='lat' dir='ltr'><strong>in</strong></span> <span class='ocrx_word' id='word_1_865' title='bbox 2630 5371 2902 5437; x_wconf 87' lang='lat' dir='ltr'><strong>excerplis</strong></span> <span class='ocrx_word' id='word_1_866' title='bbox 2933 5383 2999 5424; x_wconf 85' lang='lat' dir='ltr'><strong>ex</strong></span> <span class='ocrx_word' id='word_1_867' title='bbox 3040 5369 3131 5422; x_wconf 88' lang='lat' dir='ltr'><strong>lib.</strong></span> <span class='ocrx_word' id='word_1_868' title='bbox 3167 5381 3240 5421; x_wconf 85' lang='lat' dir='ltr'><strong>vn</strong></span> <span class='ocrx_word' id='word_1_869' title='bbox 3291 5367 3568 5436; x_wconf 70' lang='lat' dir='ltr'><strong>Hephmst.</strong></span> 
     </span>
    </p>
   </div>
   <div class='ocr_carea' id='block_1_115' title="bbox 2101 5439 2948 5511">
    <p class='ocr_par' dir='ltr' id='par_1_115' title="bbox 2101 5439 2948 5511">
     <span class='ocr_line' id='line_1_115' title="bbox 2101 5439 2948 5511; baseline -0.004 -16"><span class='ocrx_word' id='word_1_870' title='bbox 2101 5444 2189 5508; x_wconf 78' lang='grc'>64)</span> <span class='ocrx_word' id='word_1_871' title='bbox 2213 5443 2370 5497; x_wconf 83' lang='lat' dir='ltr'><strong>Hom.</strong></span> <span class='ocrx_word' id='word_1_872' title='bbox 2410 5442 2607 5511; x_wconf 78' lang='lat' dir='ltr'><strong>Odyss.</strong></span> <span class='ocrx_word' id='word_1_873' title='bbox 2639 5440 2702 5500; x_wconf 87' lang='grc' dir='ltr'>Τ,</span> <span class='ocrx_word' id='word_1_874' title='bbox 2742 5455 2790 5493; x_wconf 87' lang='lat' dir='ltr'><strong>v.</strong></span> <span class='ocrx_word' id='word_1_875' title='bbox 2822 5439 2948 5493; x_wconf 79' lang='lat' dir='ltr'><strong>5l8.</strong></span> 
     </span>
    </p>
   </div>
   <div class='ocr_carea' id='block_1_116' title="bbox 2077 5508 3143 5587">
    <p class='ocr_par' dir='ltr' id='par_1_116' title="bbox 2077 5508 3143 5587">
     <span class='ocr_line' id='line_1_116' title="bbox 2077 5508 3143 5587; baseline -0.011 -17"><span class='ocrx_word' id='word_1_876' title='bbox 2077 5508 2189 5587; x_wconf 70' lang='lat'><strong>(65)</strong></span> <span class='ocrx_word' id='word_1_877' title='bbox 2225 5514 2360 5587; x_wconf 59' lang='lat' dir='ltr'><strong>yide</strong></span> <span class='ocrx_word' id='word_1_878' title='bbox 2386 5508 2534 5587; x_wconf 55' lang='lat' dir='ltr'><strong>stipi.</strong></span> <span class='ocrx_word' id='word_1_879' title='bbox 2564 5513 2771 5587; x_wconf 59' lang='lat' dir='ltr'><strong>conon.</strong></span> <span class='ocrx_word' id='word_1_880' title='bbox 2809 5519 3017 5587; x_wconf 76' lang='lat' dir='ltr'><strong>narrat.</strong></span> <span class='ocrx_word' id='word_1_881' title='bbox 3056 5508 3143 5587; x_wconf 57' lang='lat' dir='ltr'><strong>5t:</strong></span> 
     </span>
    </p>
   </div>
   <div class='ocr_carea' id='block_1_117' title="bbox 2077 5575 3568 5656">
    <p class='ocr_par' dir='ltr' id='par_1_117' title="bbox 2077 5575 3568 5656">
     <span class='ocr_line' id='line_1_117' title="bbox 2077 5575 3568 5656; baseline -0.006 -17"><span class='ocrx_word' id='word_1_882' title='bbox 2077 5575 2189 5656; x_wconf 69' lang='grc'>(66)</span> <span class='ocrx_word' id='word_1_883' title='bbox 2225 5583 2355 5656; x_wconf 69' lang='lat' dir='ltr'><strong>Yide</strong></span> <span class='ocrx_word' id='word_1_884' title='bbox 2603 5580 2948 5656; x_wconf 68' lang='lat' dir='ltr'><strong>Metamorph.</strong></span> <span class='ocrx_word' id='word_1_885' title='bbox 2995 5595 3087 5643; x_wconf 86' lang='lat' dir='ltr'><strong>xl;</strong></span> <span class='ocrx_word' id='word_1_886' title='bbox 3134 5577 3305 5632; x_wconf 83' lang='lat' dir='ltr'><strong>Persii</strong></span> <span class='ocrx_word' id='word_1_887' title='bbox 3354 5575 3472 5633; x_wconf 82' lang='lat' dir='ltr'><strong>Sat.</strong></span> <span class='ocrx_word' id='word_1_888' title='bbox 3516 5595 3568 5645; x_wconf 89' lang='lat' dir='ltr'><strong>I;</strong></span> 
     </span>
    </p>
   </div>
   <div class='ocr_carea' id='block_1_118' title="bbox 2008 5649 3038 5719">
    <p class='ocr_par' dir='ltr' id='par_1_118' title="bbox 2008 5649 3038 5719">
     <span class='ocr_line' id='line_1_118' title="bbox 2008 5649 3038 5719; baseline -0.01 -8"><span class='ocrx_word' id='word_1_889' title='bbox 2008 5667 2064 5710; x_wconf 87' lang='lat' dir='ltr'><strong>et</strong></span> <span class='ocrx_word' id='word_1_890' title='bbox 2085 5649 2384 5708; x_wconf 75' lang='lat' dir='ltr'><strong>Scholiast.</strong></span> <span class='ocrx_word' id='word_1_891' title='bbox 2409 5652 2691 5719; x_wconf 84' lang='lat' dir='ltr'><strong>Aristoph.</strong></span> <span class='ocrx_word' id='word_1_892' title='bbox 2721 5654 2773 5703; x_wconf 89' lang='lat' dir='ltr'><strong>in</strong></span> <span class='ocrx_word' id='word_1_893' title='bbox 2804 5649 3038 5702; x_wconf 73' lang='lat' dir='ltr'><strong>Mutum.</strong></span> 
     </span>
    </p>
   </div>
   <div class='ocr_carea' id='block_1_119' title="bbox 2074 5715 3566 5796">
    <p class='ocr_par' dir='ltr' id='par_1_119' title="bbox 2074 5715 3566 5796">
     <span class='ocr_line' id='line_1_119' title="bbox 2074 5715 3566 5796; baseline -0.005 -17"><span class='ocrx_word' id='word_1_894' title='bbox 2074 5727 2185 5795; x_wconf 77' lang='lat'><strong>(67)</strong></span> <span class='ocrx_word' id='word_1_895' title='bbox 2216 5723 2417 5796; x_wconf 80' lang='lat' dir='ltr'><strong>Athen.</strong></span> <span class='ocrx_word' id='word_1_896' title='bbox 2448 5715 2844 5796; x_wconf 73' lang='lat' dir='ltr'><strong>Dipnosophist.</strong></span> <span class='ocrx_word' id='word_1_897' title='bbox 2875 5736 2941 5785; x_wconf 89' lang='grc' dir='ltr'><strong>ιι,</strong></span> <span class='ocrx_word' id='word_1_898' title='bbox 2972 5720 3362 5777; x_wconf 81' lang='lat' dir='ltr'><strong>Atheniensem</strong></span> <span class='ocrx_word' id='word_1_899' title='bbox 3395 5715 3523 5773; x_wconf 78' lang='lat' dir='ltr'><strong>facit</strong></span> <span class='ocrx_word' id='word_1_900' title='bbox 3551 5736 3566 5772; x_wconf 88' lang='lat'><strong>:</strong></span> 
     </span>
    </p>
   </div>
   <div class='ocr_carea' id='block_1_120' title="bbox 2001 5795 2524 5867">
    <p class='ocr_par' dir='ltr' id='par_1_120' title="bbox 2001 5795 2524 5867">
     <span class='ocr_line' id='line_1_120' title="bbox 2001 5795 2524 5867; baseline -0.006 -16"><span class='ocrx_word' id='word_1_901' title='bbox 2001 5796 2052 5851; x_wconf 91' lang='lat' dir='ltr'><strong>is</strong></span> <span class='ocrx_word' id='word_1_902' title='bbox 2075 5813 2203 5867; x_wconf 75' lang='lat' dir='ltr'><strong>ergo</strong></span> <span class='ocrx_word' id='word_1_903' title='bbox 2243 5795 2524 5852; x_wconf 85' lang='lat' dir='ltr'><strong>videndus.</strong></span> 
     </span>
    </p>
   </div>
  </div>
