4022 6462
513 341 622 407 615

1666 342 1933 405 ΡΗΟΤΙῙ
1967 345 2086 406 PA']

2186 347 2472 408 [ARCHIE
2519 349 2631 410 CP.
3619 362 3708 426 616

510 451 624 524 est]
685 451 976 506 draconem
1033 448 1233 521 alebat)
1253 450 1432 505 lilium
1483 448 1739 506 habuisse
1782 453 2080 507 Draconem

2187 459 2373 525 φασιν,
2421 458 2496 520 ὡς
2526 457 2614 510 διὰ
2653 458 2882 511 σταδίων
2929 463 2977 509 κ’
3030 457 3252 528 θεωρεῖν
3290 460 3506 530 ῥᾳδίως·
3543 466 3596 521 ὃν
3631 477 3709 526 καὶ

512 545 755 608 nomine,
796 542 1098 596 acutissimi
1143 544 1312 608 visus,
1349 543 1511 611 plane
1538 551 1598 596 ut
1625 557 1722 611 per
1750 543 1942 613 viginti
1970 543 2082 614 (68)

511 636 683 691 stadia
708 634 992 690 commode
1024 644 1291 688 cerneret.
1322 633 1475 688 llune
1506 635 1669 704 igitur
1699 634 1842 688 mille
1874 635 2085 689 talentis

509 727 862 790 conductum,
896 734 949 777 et
977 723 1144 776 Xerxi
1172 727 1270 778 sul)
1302 741 1463 779 aurea
1489 725 1702 794 platano
1732 726 2083 793 assidentem,

509 838 764 878 narrasse
815 837 974 890 quam
1013 823 1219 876 videret
1268 821 1577 876 Gneoorum
1619 838 1683 876 ac
1724 821 2083 878 Barbarorum

511 916 759 968 navalem
801 929 1057 983 pugnam,
1089 923 1140 968 et
1179 915 1487 968 Artemisiae
1529 913 1642 982 (69)
1689 913 2080 968 fortitudinem.

510 1005 883 1062 Plesirrhoum
939 1004 1259 1059 Thessalum
1298 1007 1620 1075 hymnorum
1665 1007 1980 1076 scriptorem
2019 1006 2085 1059 ab

511 1095 790 1150 Herodoto
835 1095 1171 1160 adamatum,
1219 1096 1593 1164 honorumque
1626 1095 1890 1149 limredem
1925 1097 2086 1149 iusti-

511 1196 684 1240 tutum
714 1187 883 1239 fuisse
920 1203 934 1240 :
966 1187 1214 1238 ettumlem
1248 1188 1409 1238 etiam
1444 1185 1727 1238 exordium
1758 1185 1882 1238 libri
1924 1185 2082 1255 primi

511 1277 875 1330 Historiarum
906 1276 1162 1329 Herodoti
1188 1276 1588 1331 Halicarnassei
1619 1276 1848 1330 fecisse:
1883 1275 2085 1345 princi-

510 1373 660 1438 pium
733 1371 876 1423 euim
939 1369 1303 1422 Historiarum
1359 1367 1614 1423 llerodnti
1664 1369 1942 1438 proprium
1983 1369 2085 1422 hoc

512 1463 684 1517 fuisse
714 1481 726 1514 :
756 1480 773 1511 ι
804 1462 1092 1516 Persarum
1135 1463 1407 1515 doctiores
1448 1472 1772 1522 memorant,
1795 1461 2087 1515 dissensio-

511 1571 642 1608 num
685 1565 936 1608 auctores
971 1556 1246 1610 exstitisse
1296 1554 1606 1610 thnieas.
1643 1554 1946 1626 Polyzelum
1982 1551 2085 1621 Cy-

509 1662 746 1699 renaeum
794 1647 980 1700 risisse
1031 1647 1143 1714 (70)
1191 1661 1466 1714 nunquam
1513 1645 1794 1713 :indeque
1844 1642 2083 1708 Agclasli

508 1749 930 1806 enguomentum
983 1737 1057 1790 illi
1112 1739 1317 1791 datum.
1371 1737 1600 1790 Deorum
1659 1736 1804 1789 cultu
1858 1745 2084 1788 (-zeteros

2184 547 2357 618 Ξέρξῃ
2380 549 2470 601 ἐπὶ
2487 549 2678 618 χιλίοις
2701 549 3093 617 συγγενόμενον
3103 549 3378 614 ταλάντοις
3403 554 3490 605 καὶ
3509 564 3713 623 συγκαθ.

2185 638 2442 710 εζὸμενον
2481 641 2583 692 ὑπὸ
2626 645 2691 712 τῇ
2741 643 2914 712 χρυσῇ
2958 639 3213 710 πλατάνῳ
3272 641 3560 710 διηγεῖσθαι
3613 651 3712 712 βλέ-

2191 748 2364 782 ποντα
2408 730 2506 800 τὴν
2559 733 2604 763 ’³
2656 730 2923 800 Ἐλλήνων
2969 731 3063 782 καί¹
3117 729 3404 801 βαρϐάρων
3441 743 3714 809 ναυμαχίαν

2183 822 2277 876 καὶ
2302 823 2400 888 τὴν
2433 823 2781 894 Ἀρτεμισίας
2825 823 3066 894 ἀνδρίαν.
3105 823 3215 875 Kal
3261 824 3336 886 ὠς
3365 825 3719 904 Πλησίῤῥοοςρ

2182 912 2453 979 Θεσσαλὸς
2507 916 2535 966 ὁ
2583 915 2952 984 ὑμνογράφος,
3004 914 3281 983 ἐρώμενος
3313 918 3542 984 γεγονὼς
3579 899 3719 994 Ἥβα.

2181 1002 2335 1056 δότου
2362 1005 2456 1056 καὶ
2497 1004 2828 1074 κληρονόμος
2857 1006 2966 1056 τῶν
3018 1005 3204 1064 αὐτοῦ.
3243 1001 3393 1068 οὗτος
3427 1011 3650 1078 ποιήσειε
3670 1015 3720 1067 τὸ

2185 1096 2474 1167 προοίμιον
2503 1100 2602 1165 τῆς
2635 1097 2856 1166 πρώτης
2894 1096 3135 1166 ἱστορίας
3179 1095 3460 1168 Ἡροδότου
3505 1100 3722 1174 Ἀλικαρ-

2183 1189 2424 1251 νασσέως
2451 1189 2518 1220 ³ου
2543 1189 2641 1258 τὴν
2667 1189 2775 1258 γὰρ
2804 1189 2944 1240 κατά
2971 1187 3134 1256 φύσιν
3163 1183 3301 1240 εἶναι
3326 1189 3432 1242 τῶν
3465 1189 3722 1261 Ἡροδότου

2199 1281 2494 1347 Ἰστοριῶν
2513 1281 2687 1349 ἀρχὴν
2719 1279 3002 1350 σΙΙερσέων
3029 1280 3078 1332 οἱ
3101 1281 3270 1347 λόγιοι
3285 1281 3531 1343 Φοίνικας
3543 1285 3724 1352 αἰτίους

2125 1417 2140 1430 ,
2183 1373 2435 1440 γενέσθαι
2470 1375 2602 1441 φασὶ
2628 1373 2724 1442 τῆς
2760 1373 3047 1441 διαφορῆς.
3091 1392 3109 1424 ι
3152 1374 3259 1425 Kal
3291 1374 3364 1436 ὡς
3396 1376 3725 1446 Κυρηναῖοςὸ

2185 1463 2491 1533 Πολύζηλος
2513 1463 2632 1516 οὐδέ
2659 1481 2785 1517 ποτε
2821 1465 3119 1530 γελάσειεν
3150 1465 3208 1530 ἐξ
3241 1459 3302 1516 οὗ
3337 1467 3430 1517 καὶ
3459 1470 3515 1517 τὸ
3546 1468 3726 1524 ἐπώνυ-

2186 1570 2287 1622 μον
2317 1554 2466 1623 αὐτῴ
2500 1557 2528 1606 ό
2555 1554 2874 1621 ἀγέλαστος.
2907 1555 3017 1606 Kal.
3065 1553 3140 1616 ὡς
3174 1555 3266 1606 ἐπὶ
3305 1555 3578 1626 θεοσεϐείᾳ
3619 1560 3728 1611 πάν-

2181 1659 2291 1693 των
2334 1642 2630 1706 διενεγκεῖν
2705 1645 2754 1694 οί
2797 1643 2895 1711 μὲν
2937 1642 3239 1710 Ἀντίγονον
3290 1643 3379 1694 τὸν
3409 1645 3659 1712 Ἐφέσιον,
3687 1649 3727 1702 oi

2184 1732 2242 1784 δὲ
2277 1733 2483 1786 Λυκίαν
2526 1734 2567 1764 ³¹
2610 1735 2702 1785 τὸν
2743 1733 3050 1803 Ἑρμιονέα,
3074 1729 3135 1788 οὗ
3182 1735 3278 1786 καὶ
3310 1734 3643 1806 Θεόφραστος
3682 1741 3727 1791 ὲν

507 1844 698 1883 omnes
744 1845 1030 1898 superasse
1080 1829 1298 1890 ferunt,
1345 1828 1438 1880 alii
1476 1828 1692 1895 quidem
1745 1826 2075 1894 Antigonum

2188 1823 2494 1885 ἐπιστολαῖς
2523 1825 2871 1894 μνημονεύει,
2919 1826 3081 1894 φασίν
3117 1826 3180 1879 ³¹.
3217 1827 3326 1878 Kal
3356 1827 3431 1890 ὼς
3474 1828 3729 1898 Ἀχιλλέως

508 1919 830 1985 Ephesium,
866 1922 956 1975 alii
993 1920 1218 1973 Lucium
1239 1918 1634 1981 l-lermionium,
1662 1917 1814 1984 cujus
1836 1916 2082 1970 etTlteo-

508 2012 764 2081 phrastus
795 2013 846 2064 iu
878 2012 1125 2081 epistolis
1161 2010 1425 2064 meminit.
1453 2009 1651 2063 Achilli
1683 2019 1848 2077 atque
1887 2009 2078 2062 Deida-

509 2103 665 2156 meite
705 2112 860 2157 natos
887 2102 1024 2156 filios
1053 2102 1211 2165 duos,
1240 2099 1653 2169 NeOptolemum
1687 2109 1742 2152 et
1762 2098 2023 2152 Oneirmn
2059 2116 2075 2151 :

509 2195 862 2262 occisumque
925 2193 994 2246 ab
1049 2193 1397 2261 imprudente
1463 2189 1656 2245 Oreste
1709 2189 1967 2245 Oueirum
2025 2193 2077 2244 In

2189 1914 2287 1965 καὶ
2342 1915 2636 1984 Δηϊδαμίας
2671 1917 2762 1970 δύο
2808 1918 3100 1986 ἐγενέσθην
3144 1920 3351 1984 παῖδες,
3382 1919 3729 1988 Νεοπτόλεμος

2187 2007 2282 2058 καὶ
2318 2007 2586 2074 Ὄνειρος·
2625 2009 2719 2061 καὶ
2742 2011 3044 2079 ἀναιρεῖται
3070 2012 3190 2065 κατ’
3216 2013 3439 2079 ἄγνοιαν
3467 2011 3568 2064 ὑπὸ
3599 2013 3730 2080 Ὀρέο

2189 2114 2314 2151 στου
2341 2101 2398 2151 ἐν
2444 2101 2643 2154 Φωκίδι
2686 2103 2713 2154 ὁ
2747 2104 3015 2173 Ὀνειρος,
3047 2106 3175 2176 περὶ
3205 2106 3573 2175 σκηνοπηγίας
3605 2103 3730 2174 αὺτῴ

2189 2193 2587 2262 μαχεσάμενος.

508 2285 767 2350 Phocide,
797 2301 918 2340 cum
951 2287 1038 2340 hic
1063 2286 1128 2339 de
1160 2285 1384 2352 ligendis
1420 2285 1665 2337 tentoriis
1700 2285 1960 2336 adversus
1995 2282 2143 2336 illum
2183 2296 2395 2338 certare
2416 2285 2690 2354 cmpisset.

578 2379 808 2432 Disserit
842 2377 1036 2432 deinde
1065 2387 1121 2430 et
1159 2378 1225 2430 de
1259 2376 1542 2429 historicis
1579 2376 1903 2444 quihusdam
1941 2377 2084 2428 casi-

509 2467 630 2523 bus.
664 2467 854 2538 Amyci
893 2467 1146 2535 sepulcro
1193 2465 1636 2534 rhododaphuem
1685 2464 1800 2533 (Ἠ)
1840 2464 2082 2516 innatam

509 2561 608 2624 ait,
651 2575 812 2628 quam
854 2559 943 2627 qui
1005 2567 1361 2628 gustassent,
1417 2557 1686 2626 pugilatus
1736 2557 1917 2612 studio
1967 2558 2085 2625 capi

512 2649 725 2704 solitos.
772 2649 1112 2704 Antodorum
1149 2648 1355 2716 itaque,
1385 2663 1507 2702 cum
1539 2663 1605 2702 ex
1636 2663 1699 2701 ea
1751 2647 1905 2702 lauro
1948 2649 2091 2703 edis-

509 2749 616 2805 set,
643 2740 911 2794 victorem
942 2739 1207 2793 Iredeeies
1229 2753 1483 2792 coronam
1518 2739 1771 2792 retulisse
1803 2737 2082 2791 :eunnlem

511 2841 692 2885 tamen
722 2849 748 2884 a
787 2832 1049 2884 Dioscoro
1082 2830 1310 2885 Theraeo
1350 2831 1406 2883 in
1439 2839 1634 2898 quarto
1671 2831 1880 2883 decimo
1903 2839 2085 2882 certa-

510 2925 657 2978 mine
690 2925 913 2985 victum,
943 2922 1400 2991 quemadmodqu
1443 2932 1497 2976 et
1529 2921 1648 2990 ipse
1684 2924 1922 2990 Amycus
1948 2920 2086 2974 dici-

513 3023 603 3066 tur
632 3012 700 3065 ah
723 3011 894 3064 altero
929 3011 1309 3064 Dioscurorum
1333 3010 1475 3064 lucta
1505 3024 1809 3080 superatus.
1835 3007 2081 3064 Crmsum

509 3120 728 3175 quoque
757 3103 898 3158 festo
935 3102 1159 3157 Veneris
1181 3103 1268 3156 die
1302 3114 1485 3156 natmu
1522 3117 1664 3170 :quo
1691 3105 1819 3156 item
1844 3101 1932 3155 die
1949 3100 2080 3171 Lydi

510 3210 702 3249 omnes
737 3195 955 3248 divitias
1007 3209 1215 3263 pompa:
1262 3195 1478 3248 nomine
1529 3194 1604 3247 illi
1637 3195 1750 3248 dea:
1787 3203 2082 3263 apponunt.
2114 3195 2154 3246 (ζ

510 3283 752 3338 Taurum
804 3283 1092 3350 aliquando
1145 3283 1479 3337 sacrificanti
1545 3284 1682 3352 patri
1736 3288 2083 3346 nuntiatum,

511 3388 697 3431 natmn
729 3376 827 3444 ipsi
862 3390 983 3429 esse
1016 3375 1460 3438 'I‘hemistoclem,
1508 3385 1559 3428 et
1583 3391 1711 3428 vero
1748 3375 1940 3428 hausto
1973 3376 2085 3445 (7‘2)

513 3471 657 3524 idem
694 3469 909 3523 taurino
937 3472 1198 3538 sanguine
1217 3470 1376 3536 perit.
1421 3467 1615 3521 Darius
1635 3467 1914 3538 Hystaspis
1945 3467 2087 3521 ﬁlius

512 3576 543 3616 a
585 3571 758 3614 matre
797 3563 1101 3628 eXpositus,
1132 3575 1286 3629 equa:
1318 3561 1580 3614 uberibus
1623 3560 1854 3613 laetatus
1885 3571 1987 3622 est,
2020 3561 2088 3611 ab

513 3655 847 3723 Spat‘gapiza
883 3669 1144 3720 equorum
1179 3663 1396 3720 pastore
1431 3670 1444 3706 :
1477 3652 1728 3720 idemque
1754 3663 1940 3719 postea
1967 3653 2088 3703 hin-

521 3749 636 3800 nitu
667 3747 789 3812 equi
814 3761 903 3796 rex
928 3755 1166 3798 creatur.
1189 3743 1328 3812 Ibyci
1355 3752 1523 3812 poeta:
1547 3742 1721 3795 melici
1747 3757 1936 3795 serms
1962 3741 2090 3794 Iler-

511 3840 661 3890 cules
686 3839 796 3907 (73)
821 3837 1061 3898 nomine.
1091 3837 1242 3888 vivus
1271 3846 1515 3896 exustus,
1549 3834 1691 3903 quod
1711 3851 1831 3888 cum
1866 3834 2090 3887 latroni-

514 3931 621 3986 bus
654 3932 705 3982 in
742 3932 1016 3983 dominum
1044 3929 1438 3996 conspirasset.
1469 3926 1692 3982 Orestes
1714 3928 1926 3981 Cereris
1951 3927 2089 3979 illius

512 4024 656 4077 festo
711 4023 834 4086 die,
879 4019 1073 4091 149a
1127 4034 1246 4088 qua:
1302 4017 1537 4088 Erinnys
1573 4017 1739 4081 dicta,
1781 4029 1937 4071 natus
1985 4029 2086 4071 est.

512 4113 800 4181 Philippus
837 4126 970 4178 puer
1003 4109 1300 4164 etiamnum
1330 4108 1451 4168 illas
1504 4108 1656 4175 quasi
1697 4106 1905 4172 stellas,
1954 4091 2090 4175 quas

513 4219 614 4258 suo
665 4205 898 4256 decursu
943 4201 1191 4254 desilire.
1222 4199 1578 4264 advertebat,
1626 4200 1834 4267 vesperi
1879 4197 2091 4268 sagittis

521 4276 707 4366 petere
747 4294 1052 4349 conabatur
1088 4310 1100 4345 :
1133 4301 1186 4345 et
1223 4290 1545 4358 Diognetqu
1574 4300 1749 4343 vatem
1781 4287 2092 4356 praedixisse

514 4387 719 4452 ferunt,
754 4386 1163 4438 dominaturum
1196 4382 1381 4436 multis
1416 4381 1838 4436 adolescentem.
1871 4379 1937 4432 Et
1962 4393 2091 4432 sane

526 4482 690 4534 Aster
711 4479 824 4550 (74)
870 4480 944 4532 illi
977 4491 1170 4530 nomen
1203 4476 1324 4539 fuit,
1347 4473 1438 4542 qui
1480 4473 1652 4526 eidem
1683 4471 1895 4525 oculum
1928 4471 2093 4539 sagit-

2259 2373 2394 2431 Εἶτα
2440 2377 2799 2448 διαλαμϐάνει
2846 2377 2975 2448 περὶ
3022 2375 3458 2448 συνεμπτὼσεως
3483 2377 3525 2408 ³⁸
3555 2377 3730 2446 ἱστορι-

2187 2468 2310 2535 κῆς,
2346 2467 2422 2529 ὡς
2461 2467 2703 2538 Ἀμύκου
2754 2468 2832 2538 τῷ
2870 2468 3027 2536 τάφῳ
3081 2466 3378 2536 ῥοδοδάφνη
3415 2466 3536 2532 ἔφυ,
3565 2465 3650 2518 καὶ
3691 2467 3730 2517 oi

2188 2560 2453 2627 φαγόντες
2481 2560 2652 2628 αὐτῆς
2686 2558 2995 2630 ἐπεθύμουν
3017 2558 3312 2627 πυκτικὴν,
3347 2558 3441 2609 καὶ
3462 2557 3532 2619 ὡς
3575 2556 3732 2608 Ἀντό·

2187 2649 2358 2718 δωρος
2391 2647 2582 2717 φαγὼν
2613 2648 2784 2716 αὐτῆς
2822 2647 3104 2717 δεκατρεῖς
3151 2645 3452 2714 στεφάνους
3493 2645 3733 2710 ἀνείλετο,

2191 2741 2331 2809 πλὴν
2381 2740 2486 2793 ὑπὸ
2514 2741 2807 2811 Διοσκόρου
2846 2741 2939 2792 τοῦ
2986 2739 3226 2810 Θηραίου
3260 2740 3322 2791 ὲν
3359 2739 3426 2808 τῇ
3459 2753 3734 2807 τεσσαρεσ-

2189 2831 2489 2904 καιδεκάτῃ
2562 2833 2774 2902 ἀγωνίᾳ
2815 2833 3066 2902 ἡττήθη,
3122 2831 3319 2900 ὥσπερ
3375 2830 3467 2882 καὶ
3519 2829 3666 2892 αὐτὸς
3711 2829 3735 2879 ὁ

2191 2925 2438 2990 ’Ἄμυκος
2484 2924 2703 2992 λέγεται
2735 2926 2824 2993 ὑφ’
2857 2924 2974 2988 ἑνὸς
3003 2925 3112 2977 τῶν
3141 2921 3489 2993 Διοσκούρων
3517 2938 3736 2975 καταπα-

2186 3016 2494 3087 λαισθῆναι.
2537 3020 2646 3072 Καὶ
2693 3017 2785 3070 τὸν
2818 3017 3052 3087 Κροῖσόν
3087 3035 3219 3086 φασι
3266 3016 3320 3056 ’δ
3349 3015 3662 3085 γεννηθῆναι
3689 3016 3735 3064 ἐν

2187 3112 2347 3183 ἑορτῇ
2385 3113 2726 3182 Ἀφροδίτης,
2777 3113 2898 3164 καθ’
2924 3113 2991 3183 ἢν
3025 3111 3183 3165 Λυδοὶ
3211 3111 3308 3165 τὸν
3343 3111 3553 3164 ἅπαντα
3590 3107 3736 3160 πλοῦ-

2187 3221 2278 3256 τον
2328 3204 2698 3273 περιτιθέντες
2753 3205 2890 3274 αὐτῇ
2967 3202 3340 3270 πομπεύουσι.
3398 3203 3503 3254 Καὶ
3563 3199 3737 3264 ταῦρον

2189 3295 2367 3348 θύοντι
2395 3295 2472 3364 τῷ
2501 3300 2670 3366 πατρὶ
2696 3297 3036 3366 ἀπήγγελται
3065 3297 3331 3364 τεχθῆναι
3363 3292 3735 3362 Θεμιστοκλῆς,

2189 3389 2283 3442 καὶ
2305 3388 2506 3458 ταύρου
2537 3388 2678 3441 πιὼν
2703 3383 2840 3459 αἷμα
2865 3389 3078 3441 άπεὸίω
3104 3389 3229 3460 [247
3259 3387 3359 3459 ιη.
3402 3387 3486 3450 Ὡς
3509 3388 3538 3438 ὁ
3571 3384 3739 3438 ’Υστά-

2191 3499 2327 3535 σπου
2356 3483 2580 3552 Δαρεῖος
2610 3481 2853 3544 ἐκτεθεὶς
2886 3481 2991 3532 ὑπὸ
3018 3482 3117 3550 τῆς
3144 3479 3356 3549 μητρὸς
3385 3479 3548 3532 ἵππου
3574 3476 3740 3545 θηλαῖς

2188 3573 2465 3644 ἀνετράφη
2534 3573 2638 3626 ὑπὸ
2687 3572 3055 3644 Σπαργαπίσῃ
3109 3572 3188 3641 τῷ
3248 3569 3610 3640 ίπποφορὸῷ,
3663 3567 3740 3618 καὶ

2189 3664 2356 3716 ἵππου
2406 3662 2761 3733 χρεμετισμῴ
2818 3660 3113 3731 βασιλεύει.
3165 3661 3273 3713 Kal
3315 3661 3389 3723 ὡς
3435 3659 3632 3712 Ἰϐύκου
3658 3655 3738 3707 τοῦ

2194 3753 2479 3823 μελοποιοῦ
2537 3753 2812 3823 θεράπων,
2854 3751 3089 3820 τοῦνομα
3131 3750 3431 3821 Ἡρακλῆς,
3472 3749 3574 3813 ζῶν
3601 3747 3743 3798 ὲκαύ-

2191 3848 2280 3912 θη,
2315 3846 2685 3916 συναράμενος
2732 3847 2844 3908 τοῖς
2891 3846 3115 3915 λῃσταῖς
3166 3844 3305 3896 κατά
3355 3841 3449 3896 τοῦ
3483 3841 3736 3895 δεσπότου.

2201 3934 2288 3998 Ὦς
2317 3936 2577 4007 Ὀρέστης
2607 3936 2746 3989 κατά
2780 3935 2877 4003 τὴν
2906 3934 3097 4004 ἑορτὴν
3119 3934 3340 4003 τεχθείη
3367 3936 3464 4004 τῆς
3481 3935 3737 4004 Δήμητρος

2192 4027 2290 4096 τῆς
2323 4025 2667 4096 καλουμένης
2703 4025 2994 4094 Ἐριννύος.
3037 4025 3122 4086 Ὠς
3154 4023 3420 4086 Φίλιππος
3450 4023 3528 4075 ἔτι
3557 4022 3599 4054 ³⁵
3628 4021 3739 4079 παῖς

2191 4115 2266 4168 ὢν
2302 4116 2430 4179 τοὺς
2481 4114 2887 4185 ἁφαλλομένους
2920 4115 3016 4183 τῆς
3049 4115 3317 4184 κινήσεως
3361 4111 3478 4184 [ὡς]
3533 4111 3737 4178 ἀστέρας

2193 4211 2452 4279 ἐπειρᾶτο
2501 4208 2625 4261 καθ’
2653 4208 2896 4278 ἑσπέραν
2923 4206 3182 4272 τοξεύειν,
3215 4207 3310 4259 καὶ
3349 4206 3631 4274 Διόγνητον
3656 4201 3738 4270 μὲν

2193 4302 2371 4352 εἰπεῖν
2405 4299 2496 4352 τὸν
2553 4299 2745 4367 μάντιν
2803 4300 3044 4369 ἐγκρατῆ
3098 4297 3308 4350 πολλῶν
3364 4297 3428 4350 τὸ
3483 4293 3740 4364 παιδάριον

2191 4390 2676 4460 ἐσεσθαι.ι⁹Αστὴρ
2709 4390 2753 4442 δ’
2775 4385 2842 4458 ἦν
2868 4391 3036 4457 ὖνομα
3087 4389 3182 4441 καὶ
3224 4387 3302 4458 τῷ
3345 4387 3628 4456 ἐκκόψαντι
3659 4383 3738 4436 αὺ-

2191 4481 2287 4535 τοῦ
2320 4482 2364 4513 ³⁶
2396 4482 2539 4551 βέλει
2567 4482 2658 4535 τὸν
2684 4481 2980 4551 ὀφθαλμόν.
3030 4481 3112 4544 Ὠς
3143 4480 3412 4550 Μαρσύας
3441 4481 3469 4532 ὁ
3506 4476 3739 4546 αὑλητὴς.

518 4583 569 4625 ta
598 4575 760 4626 eruit.
802 4570 1048 4639 Marsyas
1074 4567 1299 4630 tibicen,
1337 4564 1428 4618 ille
1455 4565 1544 4634 qui
1578 4563 1718 4634 pelle
1750 4563 1862 4616 (Ἱὸὶ
1893 4574 2086 4616 exutus

2193 4573 2250 4635 ὃς
2280 4572 2530 4643 ὲὲεδάρτι,
2569 4576 2627 4626 ὲν
2653 4573 2814 4644 ἑορτῇ
2858 4571 3194 4636 Ἀπόὶλωνος
3230 4572 3450 4644 ἐτέχθη,
3479 4572 3534 4624 ἐν
3627 4567 3742 4620 πάν-

1757 4701 1994 4757 VARIAE
2036 4703 2440 4762 LECTIONES.

589 4819 630 4851 ³⁸
661 4816 782 4888 τὴν]
811 4817 920 4869 τῶν
950 4817 1016 4870 A.
1044 4886 1053 4888 μ
1093 4817 1138 4848 ³⁸
1172 4814 1609 4888 Ἀλικαρνασέως
1641 4831 1736 4888 ς.Δ
1777 4815 1820 4846 ³⁸
1848 4812 2139 4888 Λύκιονῗς.

2291 4818 2454 4892 φασίν
2485 4835 2592 4892 oin.
2622 4822 2686 4874 A.
2722 4821 3050 4892 Δηϊδαμείας
3078 4839 3147 4886 ςε
3169 4820 3595 4892 συνεμπτὼσεως
3627 4831 3740 4885 apo-

513 4882 1058 4958 graphuuiStephani
1085 4905 1099 4942 :
1128 4882 1552 4948 συνεκπτώσεως
1579 4901 1640 4948 ς.
1680 4882 1751 4938 cf.
1773 4900 1827 4954 p.
1862 4883 1963 4939 M9
1985 4902 2017 4936 α
2053 4886 2139 4938 14.
2217 4887 2263 4919 ³*
2290 4882 2424 4956 φασί
2463 4891 2586 4944 add.
2614 4893 2679 4944 Α.
2745 4882 2795 4924 ³⁸’
2821 4882 2922 4962 ἔτι]
2974 4882 3188 4962 ἑταῖρος
3214 4895 3279 4946 Α.
3299 4882 3311 4892 ’
3354 4892 3400 4924 ³⁸
3452 4882 3594 4962 αὐτῷ
3622 4882 3678 4954 ς’.

2021 5000 2256 5056 NOTAE.

587 5118 700 5189 (68)
731 5119 808 5173 lta
841 5132 905 5170 ex
928 5114 1109 5189 Strab.
1146 5115 1658 5189 quidam-Lyncerus
1678 5115 1888 5189 [ιονιξξὸ
1912 5116 2079 5189 millia

516 5185 771 5262 passuum
805 5187 1190 5262 perspegtil,_ut
1215 5187 1544 5262 eg_Varroue
1577 5197 1798 5262 narrant
1824 5185 1960 5240 Plin.
1986 5187 2079 5262 lib.

513 5253 610 5323 vit,
645 5274 765 5326 cap.
798 5253 890 5320 2|;
932 5253 1044 5307 Val.
1083 5257 1221 5309 Max.
1247 5256 1344 5326 lib.
1368 5271 1403 5317 ι,
1429 5269 1548 5326 cap.
1579 5255 1634 5314 8;
1673 5253 1842 5307 Solin.
1881 5271 2001 5322 rap.
2029 5257 2080 5309 6.

515 5330 652 5382 Vnde
693 5323 744 5381 et
775 5343 892 5395 quae
937 5339 1227 5377 narrantur
1265 5324 1364 5378 inf.
1398 5327 1460 5376 de
1486 5323 1745 5377 Candauli
1779 5326 2008 5393 conjuge
2031 5326 2083 5378 iu

513 5400 786 5468 excerptis
811 5415 876 5451 ex
903 5397 996 5449 lib.
1024 5411 1054 5446 ν
1087 5396 1504 5468 Hephaestionis.

590 5460 702 5540 (tia)
730 5469 1106 5540 Quanrliahes
1141 5460 1466 5540 descriptam
1502 5460 1641 5540 apud
1680 5460 1937 5540 lleﬂrodot:

591 5531 698 5605 (70}
730 5531 872 5590 ldem
894 5537 961 5590 de
982 5539 1294 5605 Anaxagora
1313 5533 1660 5605 Clazomenio
1691 5532 1855 5605 refert
1879 5531 2082 5584 Ailian.

517 5601 614 5677 τῆς
664 5608 920 5675 Ποικίλης
951 5621 1067 5669 νιιι,
1094 5601 1212 5672 cap.
1264 5605 1354 5668 15,
1388 5614 1443 5656 et
1465 5605 1540 5677 tle
1575 5602 1644 5653 Μ,
1679 5602 2085 5677 pagana-0”".

519 5671 636 5745 (δεῖν.
663 5679 715 5731 4.
743 5671 934 5730 Cicero
961 5677 1124 5729 semel
1158 5671 1642 5736 duutaxatrisisse,
1679 5671 1752 5725 De
1799 5672 1988 5738 ﬁnibus
2036 5688 2084 5725 v.

522 5759 577 5800 et
617 5748 753 5801 Plin.
787 5747 876 5800 lib.
918 5761 1162 5813 vlt,cap.
1203 5746 1288 5799 19.

2265 5120 2679 5193 (7l)_Describit
2709 5135 2830 5193 eam
2873 5119 3013 5174 Plin.
3041 5123 3133 5176 lib.
3171 5139 3282 5193 xvi,
3336 5139 3456 5192 cap.
3490 5118 3736 5188 ‘20.Apul.

2191 5204 2342 5242 rosea
2384 5191 2569 5244 laurea
2615 5192 2838 5244 dicitur.

2263 5260 2374 5332 (7:2)
2419 5258 2550 5315 Vide
2576 5261 2722 5317 Ctes.
2769 5261 2968 5314 Persic.
2992 5277 3139 5332 supr.
3190 5264 3241 5316 iu
3287 5263 3534 5332 Excerpt.
3563 5280 3623 5319 ex
3656 5261 3735 5310 lib.

2192 5343 2267 5380 xu
2302 5329 2504 5384 Persio.

2242 5399 2386 5471 [(75)
2419 5401 2692 5471 l_leraeles.

2265 5471 2374 5539 (74)
2429 5469 2571 5539 Lege
2607 5469 2760 5526 Suid.
2798 5473 2848 5526 in
2887 5475 3142 5541 Κάρανος
3180 5494 3192 5527 :
3248 5483 3301 5528 et
3347 5474 3491 5528 Vitas
3529 5491 3556 5527 a
3603 5467 3738 5525 nobis

2197 5550 2543 5604 comparatas
2577 5542 2744 5595 Arist.
2787 5552 2841 5595 et
2875 5543 3149 5596 Demosth.

2271 5608 2381 5676 (75)
2427 5610 2511 5682 Ab
2542 5611 2658 5682 ipso
2685 5613 2955 5682 Apolline,
2995 5624 3048 5665 ιιι
3095 5614 3257 5668 1ϊΓυιΊ.
3300 5615 3534 5682 Xenopli.
3586 5612 3666 5662 ilil.
3703 5623 3736 5661 ι.

2204 5675 2286 5732 De
2321 5675 2570 5746 expedit.
2595 5680 2667 5750 (2)·
2684 5675 2744 5735 ii.
