4022 6448
236 388 343 449 617

1397 380 1919 443 BIBLIOTHECA.
1951 406 2015 415 -
2035 380 2195 442 COD.
2230 381 2387 441 CXC.

3399 378 3504 443 618

244 520 362 555 των
384 502 502 554 τῶν
542 502 826 573 θυομένων
856 500 1011 565 ζώων
1037 499 1108 553 τά
1134 500 1383 571 δέρματα
1422 498 1572 569 αὐτῷ
1618 498 1832 566 ἐκδερό-

1938 508 2043 564 est,
2078 513 2267 553 auram
2303 497 2521 552 vitalem
2558 496 2776 550 haurire
2795 496 2961 566 etrapit
2986 496 3501 566 eofestoApollinis,

240 610 383 662 μενα
413 594 758 651 ἀνατίθεται.
810 594 945 663 Περὶ
991 592 1187 645 Τιτυοῦ
1220 593 1262 622 ³⁷
1289 592 1383 644 τοῦ
1411 590 1831 644 ἐπιϐουλεύσαν-

238 700 330 761 ’ῖος
361 683 787 754 Ἀλέξανδρονδδ
822 682 957 755 [480
982 682 1098 755 Β.].
1138 683 1228 746 Ὠς
1275 682 1539 736 Κλαύδιον
1567 682 1771 734 κύουσα
1798 682 1833 752 η

246 781 432 850 μήτηρ
470 780 737 850 βωλητῶν
758 782 885 843 τοὺς
907 780 1157 851 μύκητας
1176 780 1568 849 ἐπιθυμήσασα
1585 779 1631 811 ⁸⁹
1646 780 1829 848 φάγοι,

238 871 333 923 καὶ
391 872 673 935 Κλαύδιος
729 872 983 943 μύκητας
1017 874 1592 942 πεφαρμακευμένους
1642 869 1834 940 φαγὼν

238 963 517 1033 ἁποὸιῴη.
554 964 696 1035 Περὶ
727 965 1046 1032 Κενταύρου
1068 964 1160 1016 τοῦ
1194 964 1431 1032 Λαμίου,
1457 961 1533 1026 ὡς
1566 961 1834 1031 μοιχεύων

242 1051 503 1119 ληφθεὶς,
540 1053 593 1105 οι
641 1053 752 1121 μὲν
781 1053 891 1105 ὑπὸ
928 1051 1187 1122 Πειρίθου
1241 1050 1335 1104 τοῦ
1384 1050 1640 1121 εὐνούχου
1689 1051 1755 1113 ⁸ο,
1784 1050 1834 1101 oi

251 1144 299 1195 δ’
339 1145 452 1196 ὑπὸ
490 1144 699 1213 Θησέως
739 1143 1122 1214 ἀναιρεθῆναι.
1154 1142 1310 1196 Οὕτω
1342 1142 1511 1196 πολλὰ
1539 1144 1659 1203 ταῖς
1690 1142 1835 1193 ἱστο-

262 1238 414 1303 ρίαις
439 1238 543 1291 τῶν
572 1236 1012 1307 συνεμπτὼσεων
1043 1236 1256 1290 ἕπεται.
1303 1235 1467 1288 Ἀλλὰ
1490 1236 1581 1289 καὶ
1609 1234 1673 1288 τὸ
1702 1241 1750 1303 γ’
1776 1234 1835 1287 έν

262 1328 477 1392 τούτοις
510 1327 733 1396 βιϐλίον.

328 1504 399 1556 To
428 1500 549 1553 δὲδ¹
602 1499 942 1571 διεξέρχεται
989 1502 1065 1565 ὡς
1118 1500 1305 1573 Ἑλένη
1330 1502 1519 1573 πρώτη
1570 1501 1832 1572 ἐπενόησε

260 1595 343 1646 τὸν
388 1593 474 1644 διὰ
500 1591 788 1645 δακτύλων
819 1592 1043 1663 κλῆρον,
1077 1595 1172 1648 καὶ
1215 1594 1549 1664 Ἀλεξάνδρῳ
1592 1593 1832 1662 λαχοῦσα

254 1686 498 1751 ἐνίκησε·
544 1685 643 1737 καὶ
690 1685 765 1747 ὡς
816 1684 1137 1755 Ἀφροδίτης
1178 1686 1264 1756 εἴη
1304 1686 1569 1756 θυγάτηρ.
1612 1686 1721 1739 Καὶ
1757 1685 1834 1748 ὡς

262 1780 483 1845 Ἑλένης
540 1779 641 1832 καὶ
683 1779 979 1849 ’Δχιλλέως
1039 1780 1099 1833 ὲν
1159 1780 1424 1851 μακάρων
1472 1782 1654 1851 νήσοις
1703 1782 1831 1842 παῖς

1938 606 2046 659 quo
2084 592 2172 646 die
2212 590 2457 643 omnium
2492 604 2613 657 qua:
2653 589 3101 643 sacriﬁcareutur
3147 590 3503 643 animantium

1936 684 2105 754 pelles
2171 682 2406 750 dereptae
2456 681 2533 734 illi
2586 681 3003 735 dedicabanlur.
3060 682 3136 736 De
3175 680 3364 750 Tityo,
3413 681 3505 747 qui

1934 775 2246 830 Alexandro
2276 774 2479 827 struxit
2518 774 2763 828 insidias.
2797 772 3078 827 Claudium
3124 772 3506 840 imperatorem

1934 865 2155 931 gravida
2186 873 2404 933 gestans
2433 873 2623 926 mater,
2653 863 2891 916 boletum
2924 861 3211 931 fungorum
3235 859 3506 914 desiderio

1935 965 2093 1021 capta
2120 956 2360 1009 comedit
2405 954 2541 1023 (76),
2571 966 2626 1008 et
2665 952 2928 1008 Claudius
2955 952 3146 1022 fungos
3179 966 3386 1006 veneno
3421 952 3507 1005 in-

1934 1045 2109 1099 fectos
2143 1046 2411 1099 devorans
2443 1044 2623 1113 periit.
2658 1043 2730 1098 De
2759 1042 3033 1097 Centauro
3069 1042 3268 1096 Lamiae
3312 1042 3422 1097 lilio
3449 1049 3510 1097 ut

1935 1137 2253 1190 adulterans
2296 1146 2486 1205 captus
2516 1137 2607 1201 sit,
2641 1152 2801 1205 quem
2832 1137 2923 1191 alii
2955 1152 2984 1190 a
3016 1135 3295 1191 Peiritltoo
3338 1150 3508 1190 eunu-

1935 1229 2063 1294 cho,
2121 1229 2211 1282 alii
2242 1246 2273 1283 a
2319 1227 2529 1283 Theseo
2567 1229 2909 1283 interfectum
2962 1228 3137 1282 aiunt.
3179 1227 3343 1282 Tales
3370 1227 3507 1281 varii

1935 1323 1988 1376 in
2021 1322 2142 1378 istis
2180 1322 2425 1377 historiis
2450 1336 2611 1376 casus
2632 1332 2795 1391 atque
2823 1330 3016 1375 eventa
3040 1320 3371 1385 referuntur,
3388 1319 3510 1389 qui-

1933 1416 2035 1470 bus
2070 1417 2237 1470 etiam
2272 1414 2413 1469 liber
2442 1413 2636 1468 tertius
2659 1414 2877 1467 tandem
2904 1414 3224 1468 absolvitur.

2005 1507 2172 1562 Libro
2216 1516 2397 1561 autem
2448 1514 2645 1574 quarto
2685 1506 2804 1561 haec
2856 1514 3149 1559 narrantur
3195 1521 3210 1557 :
3246 1504 3504 1560 Helenam

1932 1602 2167 1670 primum
2192 1600 2532 1667 excogitasse
2572 1597 2753 1669 digitis
2790 1598 3039 1651 micando
3068 1598 3505 1660 sortitionem,et

1932 1707 2057 1746 cum
2096 1691 2407 1746 Alexandro
2434 1691 2753 1745 sortientem
2782 1689 3002 1754 vicisse,
3032 1688 3309 1757 fuisseque
3332 1687 3505 1742 Vene-

1937 1784 2012 1837 ris
2038 1783 2220 1835 ﬁliam.
2254 1781 2455 1837 Helena
2487 1781 2674 1836 adhatc
2698 1789 2753 1834 et
2776 1781 2988 1836 Achille
3024 1782 3194 1834 lilium
3223 1781 3278 1833 in
3308 1779 3504 1833 Beato-

247 1870 525 1939 πτερωτὺς
576 1870 815 1937 γεγόνοι,
864 1871 923 1923 ὃν
971 1871 1061 1924 διὰ
1108 1872 1167 1923 τὸ
1219 1871 1321 1939 τῆς
1372 1868 1557 1939 χώρας
1600 1869 1829 1939 εὔφορον

1939 1889 2055 1927 rum
2084 1873 2277 1928 insulis
2311 1888 2436 1927 cum
2470 1873 2572 1926 alvis
2607 1882 2815 1937 natum,
2843 1887 3003 1940 quem
3040 1872 3109 1925 ob
3142 1873 3379 1941 regionis
3400 1871 3507 1925 fer-

247 1959 572 2027 Εὐφορίωνα
598 1960 893 2030 ὠνόμασαν
912 1980 929 1996 θ
962 1962 1058 2014 καὶ
1087 1962 1163 2025 ὼς
1186 1964 1288 2033 ἐρᾷ
1316 1962 1509 2014 τούτου
1546 1962 1704 2025 Ζεὺς,
1737 1961 1834 2013 καὶ

242 2052 535 2120 σποτυχὼν
588 2055 851 2121 κεραυνοί
881 2056 940 2105 ἐν
997 2053 1172 2123 Μήλῳ
1223 2056 1291 2124 τῇ
1335 2055 1485 2122 νήσῳ
1511 2051 1834 2106 καταλαϐὼν

242 2143 598 2212 ὁιωκόμενον,
625 2145 722 2196 καὶ
752 2145 852 2207 τὰς
895 2143 1135 2214 νύμφας,
1178 2145 1259 2198 ὅτι
1289 2145 1518 2213 θάψειαν
1541 2146 1725 2207 αὑτὸν,
1755 2147 1833 2207 είς

245 2235 555 2305 βατράχους
600 2235 893 2304 μετέϐαλε.
940 2236 1053 2289 Καὶ
1090 2236 1167 2299 ὡς
1208 2236 1555 2305 κυνηγοῦσαν
1616 2235 1835 2305 Ἑλένην

248 2325 375 2377 {atat
409 2344 583 2394 φασιν
606 2329 666 2381 ὲν
697 2327 778 2395 τῷ
816 2327 1105 2398 Παρθενίῳ
1132 2329 1175 2358 ⁸⁸
1206 2327 1322 2397 ὄρει
1371 2327 1717 2398 ἁρπασθῆναι
1742 2326 1833 2380 ὑπ’

262 2416 641 2489 ’Δλεξάνδρου,
674 2420 768 2471 καὶ
813 2419 1184 2485 έκπλαγείσαν
1214 2418 1275 2471 τὺ
1305 2419 1501 2482 κάλλος
1534 2418 1835 2489 ἀκολουθῆ-

249 2525 330 2559 σαι
354 2507 431 2571 ὡς
461 2507 597 2579 σεῷ.
635 2510 770 2579 Περὶ
795 2509 889 2561 τοῦ
928 2507 1127 2562 κεστοῦ
1150 2510 1396 2580 ἱμάντος,
1433 2512 1508 2573 ὼς
1546 2510 1700 2562 λάϐοι
1735 2509 1835 2579 μὲν

248 2600 408 2653 αὑτὸν
429 2601 587 2670 Ἦρα
608 2602 655 2631 ⁸⁸
686 2601 840 2671 παρὰ
869 2601 1187 2673 Ἀφροδίτης
1198 2602 1318 2672 δοίη
1336 2602 1381 2654 δ’
1408 2602 1620 2672 Ἑλένῃ,
1646 2601 1833 2669 κλέψοι

243 2686 285 2737 δ’
309 2687 477 2740 αὐτὸν
495 2690 530 2756 ἡ
570 2688 793 2759 Ἑλένης
822 2688 1129 2761 θεράπαινα
1160 2692 1556 2755 Ἀστυάνασσα,
1581 2692 1767 2759 ἀφέλοι
1790 2689 1833 2742 δ’

244 2776 410 2827 αὑτὸν
464 2776 529 2839 ἐξ
576 2776 749 2845 αὐτῆς
789 2777 952 2833 πάλιν
1001 2780 1310 2851 Ἀφροδίτη.
1344 2780 1409 2832 Τί
1454 2783 1570 2833 ἐστι
1614 2780 1675 2833 τὸ
1704 2779 1833 2849 παρ’

256 2868 487 2939 Ὁμήρῳ
513 2868 564 2900 ⁸⁸
592 2868 722 2940 περὶ
746 2869 847 2938 τῆς
864 2870 1083 2942 Ἑλένης
1112 2872 1401 2943 εἰρημένον
1420 2886 1437 2902 ⁶

315 3046 580 3100 Πάντων
620 3048 899 3117 Ἀργειων
926 3047 1139 3116 φωνὴν
1165 3048 1465 3101 ισκουσ’“
1492 3047 1829 3116 ἀλόχοισιν.

252 3140 343 3201 Ὠς
382 3140 571 3192 Ἡλίου
598 3141 849 3211 θυγάτηρ
877 3142 973 3195 καὶ
1016 3141 1195 3211 Λήδας
1243 3141 1453 3212 Ἑλένη,
1504 3142 1749 3194 ἐκαλεῖτο
1778 3140 1833 3193 δὲ

237 3231 472 3299 Λεοντή.
526 3233 641 3285 Καὶ
691 3231 767 3294 ὼς
807 3232 926 3287 κατ’
978 3232 1149 3301 ὀργὴν
1210 3232 1534 3301 Ἀφροδίτης
1562 3232 1659 3302 τὴν
1692 3234 1832 3302 πρὸς
1863 3214 1903 3269 C

234 3322 529 3376 Μενέλαον
562 3324 666 3393 τὴν
699 3324 960 3394 ἁρπαγὴν
997 3323 1249 3391 λέγουσιν
1292 3323 1510 3394 Ἑλένης
1544 3324 1831 3391 γενέσθαι,

230 3416 365 3467 ἐπεὶ
401 3416 786 3486 ὑποσχόμενος
849 3416 1141 3488 Ἀφροδίτῃ
1192 3415 1502 3485 ἑκατόμϐην
1552 3417 1693 3485 ὑπὲρ
1740 3416 1833 3469 τοῦ

228 3509 425 3577 γάμου
459 3509 568 3560 οὐκ
620 3509 890 3563 ἀπέδωκε.
930 3508 1069 3579 Περὶ
1109 3509 1210 3576 τῆς
1271 3508 1539 3561 Ἒλενείου
1580 3510 1831 3578 βοτάνης,

229 3599 264 3668 ἢ
294 3602 361 3649 ἐν
403 3599 582 3667 Ῥόδῳ
607 3599 821 3667 φύεται,
849 3600 933 3651 ὅτι
958 3616 1019 3657 τε
1047 3598 1092 3631 ⁸⁵
1122 3599 1231 3652 ἀπὸ
1252 3600 1353 3668 τῆς
1388 3599 1609 3669 Ἑλένης
1632 3602 1837 3653 ἐπωνο-

224 3690 431 3760 pcto-611
477 3691 661 3760 (παρὰ
688 3692 797 3760 γὰρ
849 3691 949 3762 τὴν
998 3690 1131 3761 δρῦν
1184 3690 1339 3762 ὤφθη
1384 3694 1597 3760 φυείσα,
1628 3695 1720 3761 ἀφ’
1768 3689 1836 3764 ἦς

216 3785 447 3853 ἑαυτὴν
502 3782 750 3853 ἀπῆγξεν
790 3782 1001 3852 Ἑλένη)
1047 3784 1144 3837 καὶ
1186 3783 1261 3846 ὡς
1300 3785 1353 3836 οἱ
1377 3785 1641 3852 φαγόντες
1668 3788 1836 3854 αὐτῆς

216 3877 471 3938 πάντως
510 3878 591 3937 είς
620 3876 735 3945 ἔριν
766 3876 1140 3929 καθίστανται.
1193 3878 1279 3938 Ὠς
1308 3877 1588 3930 Μενελάου
1620 3879 1835 3948 ἠράσοη

228 3967 476 4035 Ἑλένη,
528 3965 627 4020 καὶ
652 3964 823 4029 οὕτως
846 3966 892 3997 ⁸⁸
950 3966 1156 4035 ἔγημεν
1189 3968 1381 4037 αὑτήν.
1425 3967 1512 4029 Ὠς
1560 3968 1692 4021 ἔνιοι
1739 3971 1838 4037 τὴν

228 4060 487 4129 Ἑλένην
536 4059 673 4127 φασὶ
698 4059 744 4090 ⁸⁷
802 4058 1262 4128 παραγενομένην
1307 4060 1387 4122 εἰς
1438 4058 1689 4127 Ταύρους
1739 4062 1839 4128 τῆς

224 4148 493 4209 Σκυθίας
539 4148 638 4199 σὺν
699 4147 966 4218 Μενελάῳ
1008 4148 1104 4200 ἐπὶ
1150 4148 1250 4218 τὴν
1308 4148 1563 4219 Ὀρέστου
1614 4149 1839 4219 ζήτησιν

226 4236 664 4304 σφαγιασθῆναι
715 4236 822 4289 ὑπὸ
884 4236 1204 4305 Ἰφιγενείας
1261 4241 1325 4309 τῇ
1414 4238 1689 4309 Ἀρτέμιδι
1744 4241 1840 4293 σὺν

226 4329 519 4398 Μενελάῳ
545 4344 559 4357 ·
599 4326 723 4399 [248
753 4327 844 4399 IL]
879 4330 927 4381 οί
954 4330 1007 4381 δέ
1042 4347 1204 4397 φασιν
1246 4330 1322 4393 ὡς
1344 4330 1497 4393 Θέτις
1528 4331 1699 4402 αὐτὴν
1744 4334 1841 4385 ἁν-

228 4423 353 4475 έλοι
379 4424 442 4473 ὲν
462 4420 543 4489 τῷ
563 4420 796 4491 ἀετόπλῳ
811 4421 917 4474 τῶν
932 4420 1222 4489 Ἑλλήνων,
1243 4422 1642 4476 ἀπεικασθεῖσα
1659 4425 1836 4496 φώκη.

230 4513 386 4565 Φασὶ
412 4511 463 4564 δ’
508 4510 655 4580 Ἠχὼ
689 4512 787 4581 μὲν
820 4514 921 4581 τὴν
970 4512 1192 4580 Ἑλένην
1236 4512 1298 4564 τὸ
1330 4512 1518 4583 κύριον
1574 4514 1837 4584 κληθῆναι

236 4604 335 4655 διὰ
368 4602 433 4653 τὸ
471 4602 793 4671 φωνόμιμον
843 4602 1015 4673 αὐτὴν
1065 4604 1345 4672 γενέσθαι,
1399 4605 1616 4675 Ἑλένην
1645 4606 1704 4657 δὲ
1733 4607 1840 4659 ἀπὸ

234 4695 340 4747 τοῦ
369 4698 430 4747 ὲν
463 4694 577 4746 ἕλει
623 4694 730 4746 ὑπὸ
771 4694 958 4763 Λήδας
992 4694 1277 4763 τεχθῆναι.
1310 4695 1435 4747 ’Ὁτι
1460 4697 1489 4747 ὁ
1512 4696 1557 4727 ⁸⁸
1580 4700 1637 4749 ἐν
1665 4700 1843 4750 Λακε-

1940 1966 2189 2019 tilitatem
2238 1964 2646 2033 Euphorionem
2720 1962 3044 2033 appellarint
3095 1980 3110 2017 :
3152 1962 3273 2029 ejus
3324 1973 3508 2016 autem

1937 2072 2122 2110 amore
2147 2066 2363 2121 captum
2398 2054 2613 2119 Jovem,
2643 2064 2697 2109 et
2723 2055 2949 2107 minime
2976 2056 3292 2123 potientem,
3326 2053 3510 2108 fulmi-

1937 2163 2006 2201 ne
2031 2149 2083 2200 in
2116 2146 2254 2200 Melo
2279 2146 2452 2199 insula
2480 2146 2824 2214 percussisse
2853 2143 3200 2214 fugitantem,
3218 2145 3511 2215 nymphas-

1937 2252 2061 2307 que,
2104 2238 2247 2306 quod
2293 2251 2417 2291 eum
2453 2247 2615 2291 terra:
2661 2237 3034 2299 mandassent,
3070 2236 3125 2289 in
3168 2250 3330 2290 ranas
3359 2250 3512 2291 com-

1938 2341 2198 2384 mutasse.
2238 2330 2501 2383 Helenam
2546 2329 2807 2398 quosdam
2848 2327 3058 2383 referre
3100 2330 3177 2383 ait
3223 2340 3514 2383 venantem

1938 2422 1993 2476 in
2021 2421 2273 2492 virginali
2322 2432 2506 2475 monte
2550 2431 2758 2490 raptam
2800 2438 2829 2475 a
2860 2422 3075 2486 Paride,
3110 2432 3164 2475 et
3194 2422 3355 2489 hujus
3392 2422 3514 2490 pul-

1939 2512 2253 2568 chritudine
2295 2522 2511 2582 captain
2561 2522 2816 2584 tanquam
2867 2515 3025 2569 deum
3051 2529 3174 2569 esse
3212 2525 3456 2569 secutam
3494 2531 3509 2567 :

1939 2604 2015 2659 De
2054 2620 2192 2658 zona
2246 2605 2359 2674 (7'7)
2392 2620 2491 2660 acu
2522 2606 2666 2675 picta
2698 2621 2862 2675 quam
2914 2621 2943 2660 a
2979 2605 3185 2661 Venere
3233 2614 3512 2674 acceptam

1936 2697 2081 2752 Juno
2107 2700 2318 2753 dederit
2349 2698 2589 2763 Helena,
2627 2715 2657 2752 a
2706 2713 2809 2767 qua
2840 2715 3053 2753 rursum
3085 2698 3281 2752 ancilla
3310 2700 3513 2769 Astya-

1937 2804 2096 2843 nassa
2125 2789 2272 2843 furto
2288 2790 2589 2857 sustulerit,
2615 2792 2786 2845 donec
2810 2802 2932 2844 eam
2957 2789 3138 2843 Venus
3164 2799 3217 2843 et
3239 2790 3362 2845 huic
3388 2790 3513 2843 ahs‘

1937 2880 2077 2934 tulit.
2133 2880 2272 2946 Quid
2339 2883 2413 2937 sit
2476 2882 2608 2937 illud
2661 2883 2729 2937 ab
2794 2880 3025 2935 llomero
3076 2882 3141 2935 de
3186 2879 3385 2935 Helena
3434 2882 3516 2935 sic

1940 2972 2142 3025 dictum
2176 2991 2189 3025 :

2013 3064 2271 3130 Argivum
2298 3080 2490 3118 uxores
2518 3066 2734 3119 imitata
2762 3077 2838 3119 est
2858 3066 3070 3120 vocibus
3104 3082 3283 3119 omnes
3306 3065 3443 3137 (78).

1945 3152 2153 3211 Dictum
2191 3156 2333 3211 Solis
2357 3168 2413 3212 et
2452 3158 2610 3211 Ledae
2641 3160 2807 3212 tiliam
2843 3159 3011 3214 fuisse
3047 3158 3331 3223 Helenam,
3359 3174 3518 3213 voca-

1940 3256 2158 3315 tamque
2198 3246 2459 3302 Leontem
2494 3268 2508 3304 :
2542 3260 2748 3318 raptam
2779 3260 2983 3323 autenr
3018 3250 3188 3305 fuisse
3221 3251 3291 3305 ob
3317 3250 3516 3304 iratam

1938 3334 2182 3389 Menelao
2234 3333 2518 3401 Venerem,
2562 3338 2704 3406 quod
2758 3339 3116 3393 hecatomben
3160 3354 3260 3408 pro
3308 3339 3516 3407 nuptiis

1938 3424 2235 3493 pollicitus,
2272 3428 2383 3479 voti
2433 3442 2556 3481 reus
2591 3426 2705 3481 deae
2734 3442 2842 3481 non
2894 3428 3167 3482 solvisset.
3213 3426 3291 3482 De
3342 3426 3518 3482 Hele—

1941 3517 2065 3569 neio
2097 3516 2209 3585 (79)
2238 3517 2427 3585 herba,
2460 3533 2582 3587 quae
2618 3519 2671 3572 in
2699 3517 2892 3574 Rhodo
2924 3521 3189 3586 nascitur,
3214 3523 3282 3573 ah
3308 3519 3515 3574 Helena

1939 3620 2137 3660 nomen
2184 3608 2324 3661 hanc
2368 3610 2689 3677 sumpsisse.
2732 3608 2916 3664 Visam
2966 3612 3112 3664 enim
3154 3611 3221 3663 ad
3264 3611 3513 3665 eamdem

1939 3698 2084 3751 nasci
2113 3714 2395 3766 quercum,
2428 3715 2495 3754 ex
2525 3716 2632 3769 qua
2649 3716 2707 3754 se
2737 3699 2939 3756 Helena
2975 3702 3328 3771 strangularit
3350 3718 3364 3768 ;
3384 3703 3515 3770 quin

1941 3797 1997 3839 et
2024 3800 2143 3841 eam
2170 3790 2261 3855 qui
2303 3789 2516 3843 ederint
2539 3790 2604 3843 ad
2632 3790 2806 3843 rixam
2835 3792 3059 3846 omnino
3082 3791 3365 3846 concitari.
3383 3792 3519 3845 Ada-

1942 3888 2144 3930 tnatum
2174 3879 2325 3947 prius
2353 3879 2422 3933 ab
2456 3878 2659 3933 Helena
2699 3880 3025 3948 Menelaum,
3048 3882 3128 3935 sic
3154 3885 3373 3935 tandem
3395 3898 3516 3935 eam

1942 3984 2165 4023 uxorem
2200 3971 2441 4024 duxisse.
2480 3971 2645 4025 Addit
2672 3986 2898 4025 narrare
2914 3974 3199 4039 quosdam,
3234 3974 3285 4025 in
3312 3973 3520 4026 Tauros

1942 4059 2180 4132 Scythiae
2210 4061 2509 4132 profectam
2565 4078 2689 4116 cum
2716 4063 2960 4117 Menelao
2988 4064 3246 4117 Helenam
3273 4065 3337 4117 ad
3365 4065 3518 4117 inve-

1942 4154 2248 4221 stigandum
2292 4150 2582 4218 Orestem,
2625 4153 2959 4207 innnolatam
3014 4156 3087 4209 ibi
3156 4155 3299 4209 hanc
3326 4153 3517 4225 1491)

1943 4241 2128 4296 Diana:
2158 4259 2261 4296 una
2293 4258 2416 4297 cum
2450 4244 2694 4299 Menelao
2727 4245 2895 4299 fuisse
2917 4247 2983 4299 ab
3016 4245 3343 4315 lphigeueia.
3366 4246 3514 4301 Velle

1950 4345 2130 4387 tamen
2184 4334 2321 4388 alios
2363 4352 2393 4386 a
2438 4334 2620 4398 Theti,
2665 4337 2865 4390 marini
2904 4337 3075 4390 forma
3121 4339 3270 4390 vituli
3310 4338 3515 4402 induta,

1944 4424 2216 4479 sublatam
2249 4425 2420 4488 illam,
2453 4428 2576 4479 dum
2623 4427 2796 4480 ϐπερὶ
2833 4430 3057 4483 navibus
3095 4430 3314 4482 domum
3372 4429 3519 4483 redi-

1948 4526 2087 4570 rent.
2117 4516 2344 4582 Ferunt,
2397 4520 2492 4580 ait,
2552 4519 2702 4573 Echo
2746 4522 3020 4595 proprium
3058 4519 3275 4574 Helena:
3321 4536 3519 4575 nomen

1945 4611 2194 4673 inditum,
2226 4611 2369 4677 quod
2411 4610 2639 4665 aliorum
2676 4611 2765 4666 illa
2816 4627 3003 4666 vocem
3049 4613 3253 4666 imitari
3303 4618 3521 4683 egregie

1945 4710 2166 4768 posset:
2199 4699 2460 4754 Helenam
2497 4716 2626 4755 vero
2652 4701 2879 4765 dictam,
2915 4705 3061 4771 quod
3120 4717 3240 4756 eam
3287 4703 3431 4757 Leda
3462 4707 3521 4758 ὲν

238 4786 479 4856 δαίμονι
523 4786 691 4847 τόπος
740 4786 802 4838 τὸ
847 4786 1135 4839 Σανδάλιον
1172 4786 1282 4840 ἀπὸ
1327 4786 1422 4840 τοῦ
1460 4789 1560 4857 τῆς
1624 4786 1836 4859 Ἑλένης

1941 4792 2053 4845 ἓλει
2085 4790 2165 4863 [in
2190 4791 2405 4862 palude]
2442 4792 2694 4846 ediderit.
2717 4791 3107 4849 Lacedaemone
3133 4794 3312 4849 locum
3332 4811 3523 4865 quem-

244 4877 571 4942 σανδαλίθυ,
628 4878 959 4940 ἐκπεσόντος
1017 4878 1190 4946 αὐτῆς
1232 4881 1290 4931 ὲν
1329 4879 1478 4949 αὐτῷ
1504 4880 1836 4950 διωκομένης

1940 4883 2063 4936 dant
2120 4882 2435 4936 Sandalium
2483 4884 2811 4951 appellatum
2870 4885 2938 4939 ab
2975 4883 3192 4940 Helena:
3237 4887 3522 4953 sandalio,

240 4969 342 5023 ὑπ’
378 4968 766 5040 Ἀλεξάνδρου,
792 4968 939 5022 έλκει
965 4968 1064 5039 τὴν
1089 4968 1303 5039 κλῆσιν.
1346 4970 1433 5033 Ὠς
1463 4973 1675 5038 γένοιτο
1707 4975 1836 5035 παῖς

1939 4975 2083 5042 quod
2132 4974 2244 5028 illic
2290 4976 2577 5041 exciderit,
2612 4976 2741 5029 dum
2786 4975 2937 5031 illam
2987 4978 3298 5033 Alexander
3331 4992 3520 5048 perse-

1545 5111 1634 5167 VA
1644 5112 1782 5168 [WE
1819 5112 2114 5168 LEC'I'ION
2120 5113 2226 5167 ES.

322 5230 367 5262 ³⁷
395 5231 596 5293 Τίτυος
634 5247 698 5294 ς.
773 5229 819 5262 ⁸⁸
859 5228 1197 5300 Ἀλεξάνδρῳ
1226 5247 1285 5293 ς.

249 5301 299 5332 δ’
340 5302 563 5371 αὑτδνή
601 5301 803 5370 Ἥρας.

249 5372 351 5443 τὴν
383 5372 501 5427 Ἑλ.
535 5389 599 5436 ς.
677 5372 722 5403 ⁸⁸
742 5374 771 5425 ό
802 5372 929 5428 add.
963 5372 1029 5426 Α.

1363 5232 1407 5303 '_°
1441 5232 1852 5303 έπιθυμήσουσα
1889 5251 1949 5296 ς.
2028 5234 2071 5264 ’⁸ο
2096 5231 2351 5303 εὐνούχου
2396 5234 2437 5285 Α
2472 5251 2484 5286 :
2516 5233 2848 5303 ἡμιάρρενος
2881 5250 2941 5295 ς.

878 5302 926 5374 ξ³
965 5300 1208 5374 Ὀμήρου
1234 5318 1296 5364 ς.
1369 5300 1417 5331 “
1448 5300 1706 5358 ίσκουσαν
1730 5306 1796 5357 Α.
1871 5305 1917 5336 ⁸⁸
1950 5321 2009 5355 τε
2049 5323 2156 5357 υιιι.
2192 5300 2289 5358 ΑῘ
2336 5304 2380 5334 ⁸⁶
2408 5305 2503 5355 καὶ
2540 5300 2602 5357 οὗ
2637 5300 2842 5372 ἔγημεν
2872 5301 3033 5356 αὑτὸν
3064 5319 3149 5373 pr.
3173 5300 3237 5357 Α.
3311 5306 3354 5335 ⁸⁷
3390 5306 3522 5374 φασὶ

3037 5232 3080 5264 ⁴¹
3113 5233 3411 5302 παρθενίωι
3453 5233 3516 5285 Α.

1803 5506 2034 5563 NOTAE.

328 5648 445 5719 (76)
492 5647 697 5719 Narrat
746 5658 799 5701 et
851 5648 1009 5705 Dion.
1056 5650 1148 5705 lib.
1182 5665 1270 5717 ιχ,
1330 5660 1590 5715 extremo,
1631 5652 1835 5709 addens

258 5717 550 5792 propterea
582 5717 843 5792 Senecam
881 5722 1120 5775 libellum
1151 5722 1226 5776 De
1252 5724 1408 5792 hujus
1431 5734 1603 5779 morte
1632 5725 1833 5777 άποκο·

257 5790 587 5844 Αοκύντωσιν
610 5791 974 5859 inscripsisse.

546 5883 819 5941 ΡΑΤῐιοι..
854 5883 968 5945 GR.
1018 5882 1179 5943 Clll.

2150 5651 2430 5730 Legendus
2453 5651 2672 5730 Iliinter.
2704 5654 2863 5711 Iliad.
2887 5656 2947 5712 E.
2971 5668 3024 5711 et
3042 5659 3156 5729 ejus
3174 5661 3514 5730 interpretes.

2015 5724 2128 5793 (78)
2168 5725 2434 5777 Homerus
2461 5724 2653 5793 Odyss.
2688 5730 2748 5787 Δ,
2781 5744 2919 5780 vers.
2954 5724 3080 5783 “279.

2019 5794 2129 5861 (79)
2160 5796 2421 5849 Describit
2458 5795 2683 5861 l’linius,
2721 5798 2813 5850 lib.
2848 5815 2959 5861 XXI,
2992 5818 3113 5863 eap.
3148 5802 3211 5855 10
3240 5811 3291 5856 Ct
3318 5801 3409 5857 21.

3039 5897 3108 5957 20
