4022 6440
626 375 731 439 διο

1783 365 2047 427 PHOTII
2085 364 2361 425 PATRIA
2371 364 2603 431 BCHE
2620 366 2728 425 ΟΡ.

3724 387 3808 453 69.0

624 484 830 554 quitur.
890 480 1185 535 Sustulisse
1222 477 1589 532 Alexandrum
1634 491 1702 531 ex
1749 476 1950 530 Helena
2005 473 2191 535 ﬁliam1

2302 471 2493 541 θήλεια
2520 473 2580 537 ἐξ
2635 472 2979 544 Ἀλεξάνδρου
3022 473 3233 543 Ἑλένῃ,
3288 474 3809 556 διαφιλονεικησάντων

622 584 849 640 ortaque
900 572 969 625 de
1030 570 1249 624 nomine
1303 571 1695 631 contentione,
1756 568 1903 622 illum
1977 566 2195 636 quidem

619 661 1009 724 Alexandram,
1060 660 1202 714 hanc
1250 672 1431 715 autem
1475 660 1733 714 Helenam
1784 660 2051 713 nominari
2104 671 2196 711 vo-

617 751 806 806 luisse.
855 749 1060 806 Vicisse
1097 751 1315 805 tandem
1360 749 1614 804 Helenam
1653 748 1888 803 talorum
1917 748 2065 814 jactu
2098 762 2193 800 su-

618 843 909 913 periorem,
943 852 1106 911 atque
1143 843 1216 896 ita
1256 842 1420 896 ﬁliam
1465 840 1624 895 matri
1683 840 2065 908 cognominem
2111 838 2194 890 fa-

618 946 761 988 ctam
805 975 819 988 .
851 950 1013 1003 quam
1059 936 1128 989 ab
1163 935 1402 997 Hecuba,
1446 931 1741 1001 captojam
1773 929 1891 992 llio,
1934 932 2194 984 interem-

616 1036 764 1094 ptatn
817 1025 1018 1080 ferunt.
1060 1024 1143 1081 Ab
1192 1026 1370 1080 Iliacis
1429 1038 1601 1093 usque
1642 1022 2020 1092 temporibus,
2079 1021 2191 1085 ait,

615 1117 831 1171 Helenae
866 1117 1046 1173 multa:
1078 1133 1273 1171 nomen
1307 1126 1433 1171 sunt
1478 1125 1733 1170 mutuatae
1771 1132 1786 1169 :
1820 1123 1880 1168 ut
1908 1113 2103 1181 Egisti
2141 1121 2195 1167 et

614 1210 1027 1280 Clytemnestrae
1075 1211 1205 1275 ﬁlia,
1255 1211 1322 1263 ab
1359 1208 1552 1263 Oreste
1597 1208 1921 1275 interfecta;
1970 1204 2193 1259 Veneris

612 1303 743 1355 item
774 1303 828 1355 in
860 1316 1157 1372 congressu
1200 1316 1321 1355 cum
1358 1299 1618 1355 Adonide
1641 1300 1913 1364 ministra,
1934 1296 2192 1367 Epidam-

611 1396 685 1449 nii
712 1396 842 1459 ﬁlia,
869 1407 924 1448 et
962 1397 1030 1449 ab
1072 1394 1389 1463 Epidauniis
1418 1393 1647 1448 Veneris
1682 1395 1851 1464 ﬁgura
1899 1392 2069 1454 culta,
2112 1389 2193 1443 di-

609 1488 772 1542 vitias
801 1486 1137 1541 inhiantibus
1170 1487 1437 1555 largiens;
1485 1483 1726 1538 Faustuli
1762 1493 2021 1554 praeterea
2050 1480 2191 1533 illius

609 1576 742 1642 ﬁlia,
774 1577 866 1645 qui
898 1576 1131 1631 Romum
1162 1586 1217 1630 et
1248 1576 1534 1630 Romulum
1563 1575 1907 1630 educandum
1939 1571 2186 1626 curavit:

611 1678 668 1721 ut
717 1676 774 1719 et
810 1666 901 1720 illa
952 1674 1037 1719 est
1064 1664 1269 1719 Helena
1299 1663 1588 1733 appellata,
1624 1677 1745 1730 quae
1774 1669 1956 1714 ternos
1997 1660 2190 1713 edebat

606 1758 850 1827 quotidie
900 1757 1105 1811 haedos.
1140 1755 1438 1811 Dicaearchi
1484 1768 1702 1825 quoque
1738 1752 1971 1806 Telesini
2007 1765 2183 1812 soror,

2298 564 2354 616 δὲ
2388 563 2517 633 περὶ
2553 566 2653 633 τῆς
2706 565 2956 635 κλήσεως
2982 566 3030 629 (ὁ
3062 565 3160 635 μὲν
3201 564 3309 636 γὰρ
3350 568 3696 645 Ἀλεξάνδραν,
3722 586 3749 654 ἡ
3775 589 3811 640 δ.

2312 655 2534 725 Ἑλένην
2561 654 2846 725 ὀνομάζειν
2869 656 3068 725 ἠξίου)ν
3099 658 3227 726 νικᾷ
3259 656 3463 730 Ἑλένην
3499 662 3813 739 “mm”;

2298 744 2539 797 λαϐοῦσα
2570 745 2633 797 τὸ
2652 744 2839 816 κῦρος,
2882 746 2978 799 καὶ
3019 747 3054 815 ή
3108 748 3237 809 παῖς
3261 750 3327 818 τῇ
3364 752 3523 824 μητρὶ
3570 757 3814 832 ὁμώνυμος

2297 834 2577 902 ἐγεγόνειο
2611 835 2818 906 ταύτην
2871 835 3234 906 ἀναιρεθῆναί
3283 854 3443 905 φασιν
3473 841 3571 896 ὑπὸ
3618 847 3814 925 Ἑκάϐης

2296 929 2354 979 ἐν
2386 930 2453 998 τῇ
2508 928 2664 981 Ἰλίου
2694 926 2916 982 ἁλώσει.
2949 928 3072 980 Ὀτι
3110 928 3219 982 ἀπὸ
3252 928 3360 983 τῶν
3400 930 3628 989 Ἰλιακῶν
3652 939 3815 1012 ὄνομα-

2296 1021 2420 1074 σταὶ
2451 1020 2741 1088 γεγόνασιν
2776 1021 3007 1076 Ἑλέναιο
3041 1023 3074 1093 ἡ
3110 1023 3370 1091 Αἰγίσθου
3401 1026 3492 1079 καὶ
3512 1028 3816 1106 Κλυταιμνή.

2296 1128 2466 1179 στρας
2511 1113 2783 1183 θυγάτηρ,
2818 1114 2886 1184 ἢν
2915 1114 3127 1168 ἀνεῖλεν
3170 1114 3451 1186 Ὀρέστης,
3487 1119 3577 1172 καὶ
3605 1122 3635 1191 ή
3670 1122 3817 1179 διακο-

2293 1203 2508 1273 νήσασα
2570 1202 2858 1274 Ἀφροδίτῃ
2899 1206 2957 1256 ἐν
2997 1208 3064 1276 τῇ
3115 1206 3253 1277 πρὸς
3319 1207 3541 1262 Ἄδωνιν
3586 1212 3818 1290 tam“

2310 1294 2662 1364 Ἐπιδαμνίου
2688 1296 2733 1329 ⁸⁹
2769 1298 3033 1368 θυγάτηρ,
3068 1298 3134 1369 ἣν
3200 1299 3535 1370 Ἐπιδάμνιοι
3562 1305 3616 1357 ὲν
3655 1307 3817 1378 Ἀφρο-

2294 1382 2446 1453 δίτης
2478 1387 2721 1457 σχήματι
2740 1389 2963 1458 τιμῶσι,
2993 1391 3254 1460 χρήματα
3278 1392 3629 1462 λιμώττουσιν
3649 1399 3819 1453 ἐπιδοῦο

2294 1493 2394 1529 σαν
2414 1477 2485 1541 ⁸ο,
2518 1480 2613 1531 καὶ
2661 1483 2694 1550 ή
2727 1481 3026 1534 Φαιστύλου
3067 1482 3317 1555 Θυγάτηρ
3359 1485 3451 1538 τοῦ
3484 1487 3817 1561 ἀναθρεψιπμέο

2291 1583 2385 1619 νου
2456 1566 2669 1637 Ῥῶμον
2722 1571 2816 1621 καὶ
2886 1571 3185 1639 Ῥωμύλον.
3216 1574 3328 1626 Καὶ
3376 1576 3411 1642 ή
3460 1580 3604 1647 τρεῖς
3641 1579 3816 1651 ἐρίφους

2290 1659 2545 1712 ἐσθίουσα
2574 1660 2698 1713 καθ’
2738 1662 2953 1733 ἡμέραν
2994 1664 3179 1736 Ἑλένη
3217 1665 3484 1732 ἐκαλεῖτο,
3530 1668 3813 1739 καὶή⁸⁸Δμ

2290 1751 2559 1821 καιόιρχου
2622 1752 2718 1806 τοῦ
2771 1754 3054 1809 Τελεσίνου
3075 1757 3124 1788 ⁸²
3172 1757 3401 1827 ἀδελφὴ,
3460 1757 3699 1833 [481Β.]
3746 1768 3811 1818 καὶ

605 1853 834 1923 aliaeque
865 1850 1190 1914 octodecim,
1226 1850 1279 1902 in
1323 1849 1521 1918 quibus
1554 1856 1609 1902 et
1650 1860 1714 1901 ea
1775 1844 2010 1899 Homero
2039 1846 2183 1897 anti-

2291 1815 2889 1911 ἕτεραι-ὀκτωκαίδεκα,
2922 1840 2998 1899 ὧν
3029 1849 3181 1919 καὶὴ
3214 1815 3328 1919 upon
3367 1815 3607 1920 ίὸμῒήρου
3648 1815 3803 1925 Ἑλένη,

606 1948 768 2015 quior
790 1943 993 1999 Helena
1016 1952 1119 2006 est,
1145 1958 1265 2010 quae
1288 1941 1487 1995 bellum
1512 1938 1811 2006 Troianum
1838 1936 2183 2005 conscripsit,

601 2037 793 2092 Musaei
824 2035 1175 2090 Atheniensis
1199 2035 1307 2087 ﬁlia
1338 2051 1350 2086 :
1380 2048 1409 2086 a
1440 2047 1547 2102 qua
1572 2042 1626 2087 et
1652 2030 1919 2089 Homerus
1942 2027 2055 2098 (80)
2090 2042 2186 2081 ac-

605 2129 817 2197 cepisse
849 2135 1223 2196 argumentum
1255 2125 1512 2189 creditur,
1548 2132 1605 2177 et.
1654 2122 1945 2191 biliuguem
1983 2134 2180 2188 agnum

604 2218 937 2289 possedisse.
974 2216 1143 2286 Tityri
1180 2216 1401 2283 inSuper
1426 2213 1594 2267 ΑΞιοιὶ
1623 2213 1752 2278 lilia,
1781 2226 1900 2280 quae
1926 2210 2185 2277 singulari

605 2306 871 2359 Achillem
903 2306 1198 2360 certamine
1227 2318 1551 2372 provocans,
1587 2301 1722 2356 laesit
1762 2301 1976 2369 quidem
2011 2300 2184 2363 illum,

606 2397 816 2452 inflicto
842 2397 1056 2451 mortali
1093 2411 1231 2465 pene
1264 2397 1561 2449 secundum
1604 2403 1765 2461 caput
1795 2392 2037 2456 vulnere,
2090 2390 2186 2445 sed

604 2490 719 2561 ipsa
754 2490 1028 2544 occubuit.
1065 2488 1265 2543 Helena
1310 2502 1527 2556 quoque
1561 2486 1615 2539 in
1654 2487 1794 2538 hunc
1834 2499 2057 2537 censum
2099 2497 2184 2536 re-

605 2582 782 2637 fertur
811 2582 900 2635 illa
949 2582 1201 2650 pingendi
1253 2580 1451 2648 perita,
1482 2576 1727 2631 Timonis
1775 2573 2017 2645 Egyptii
2052 2574 2183 2638 ﬁlia,

604 2690 727 2744 qua:
756 2674 869 2728 suis
901 2673 1231 2741 temporibus
1274 2680 1483 2741 gestum
1534 2669 1755 2722 lssicum
1797 2667 1993 2721 bellum
2038 2666 2190 2735 peni-

605 2766 730 2821 cillo
762 2765 957 2834 pinxit,
985 2775 1040 2817 et
1089 2764 1144 2817 in
1172 2762 1327 2816 Pacis
1363 2759 1562 2825 templo
1591 2776 1619 2812 a
1653 2756 1986 2827 Vespasiano
2022 2756 2189 2825 impe-

606 2869 791 2913 ratore
842 2857 1104 2911 collocata
1160 2856 1368 2924 pictura
1407 2862 1510 2907 est.
1544 2852 1841 2905 Archelaus
1890 2864 2055 2919 porro
2084 2850 2189 2919 Cy-

607 2951 796 3019 prius,
848 2946 1143 3001 Stesichori
1198 2956 1366 3015 poeta:
1427 2946 1656 2998 amicam
1718 2943 1876 2997 unice
1933 2942 2184 2996 dilectam

607 3038 775 3093 fuisse
804 3038 880 3091 ait
912 3035 1167 3089 Helenam
1229 3032 1560 3102 quamdam,
1591 3027 1817 3098 Micythi
1878 3026 2044 3081 filiam
2081 3045 2095 3081 :
2133 3035 2188 3079 et

607 3131 925 3185 discessisse
944 3127 1085 3181 hanc
1120 3141 1149 3179 a
1180 3125 1520 3190 Stesichoro,
1547 3132 1710 3190 atque
1743 3120 1811 3175 ad
1840 3118 2104 3190 Bupalum
2126 3133 2185 3172 se
2212 3156 2255 3215 α

607 3221 903 3277 contulisse
932 3238 945 3272 :
982 3221 1174 3275 iratum
1202 3233 1332 3288 ergo
1365 3218 1490 3271 hinc
1513 3217 1593 3270 sui
1626 3223 1939 3283 contemptu
1970 3219 2182 3280 poetam
2229 3288 2237 3293 .

607 3314 892 3383 scripsisse
924 3310 1189 3384 [carmen|
1218 3328 1231 3363 :
1261 3309 1462 3363 Helena
1491 3306 1666 3361 volens
1691 3305 1947 3359 discessit.
1973 3302 2186 3357 Falsatn

606 3417 786 3460 autem
835 3420 955 3459 esse
1006 3405 1119 3457 vult
1163 3402 1525 3456 narrationem
1582 3400 1730 3453 illam
1782 3397 1848 3451 de
1876 3396 2188 3451 Stesichoro

606 3496 1048 3566 excaacato(81).
1097 3494 1173 3549 De
1220 3494 1363 3565 moly
1400 3492 1514 3563 (82)
1567 3492 1759 3546 deinde
1832 3490 1998 3543 herba
2048 3486 2186 3556 apud

607 3591 902 3647 Homerum
929 3590 1060 3659 agit,
1088 3603 1249 3657 quam
1274 3602 1304 3641 e
1333 3585 1596 3654 sanguine
1622 3582 1889 3637 interfecti
1925 3581 1978 3634 in
2001 3579 2188 3634 Circes

2286 1934 2320 2004 ή
2342 1934 2436 1988 τὸν
2471 1935 2701 1989 Ἰλιακὸν
2724 1939 3157 2010 συγγραψαμένη
3184 1941 3441 2011 πόλεμον,
3472 1944 3727 1998 Μουσαίου
3748 1947 3805 2001 τώ

2299 2024 2582 2094 Ἀθηναίου
2629 2026 2877 2099 θυγάτηρ
2933 2030 3234 2099 γενομένη·
3270 2032 3399 2102 παρ’
3432 2024 3500 2102 ἦς
3549 2032 3637 2085 καὶ
3674 2032 3809 2102 Ὅμη-

2288 2135 2380 2187 ρον
2423 2118 2639 2186 λέγεται
2670 2120 2854 2175 λαϐεῖν
2874 2123 2970 2191 τὴν
2994 2122 3041 2153 ⁸⁸
3073 2124 3334 2177 ὑπόθεσιν
3356 2140 3371 2155 ·
3422 2126 3488 2195 ἣν
3529 2125 3616 2178 καὶ
3650 2127 3810 2195 κτήσα-

2288 2206 2412 2259 σθαι
2447 2208 2506 2260 τὸ
2532 2208 2829 2277 δίγλωσσον
2860 2212 3046 2281 ἀρνίον
3067 2229 3080 2242 ·
3120 2215 3214 2266 καὶ
3236 2216 3269 2285 ή
3305 2214 3538 2286 Τιτύρου
3561 2212 3653 2268 τοῦ
3674 2218 3811 2270 Αἰτω-

2288 2298 2380 2351 λοῦ
2407 2299 2677 2373 θυγάτηρ,
2718 2304 2839 2374 ἥτις
2878 2306 2957 2369 είς
3007 2307 3350 2376 μονομαχίαν
3390 2307 3630 2377 ’Δχιλλέα
3654 2327 3814 2380 προκα-

2287 2389 2560 2462 λεσαμένη
2580 2393 2627 2423 ⁵⁸
2677 2394 2885 2445 ἐκεῖνον
2947 2395 3047 2463 μὲν
3100 2396 3242 2449 κατά
3274 2399 3376 2467 τῆς
3430 2398 3664 2467 κεφαλῆς
3689 2402 3814 2469 ἐγγὺς

2290 2481 2522 2536 θανατου
2582 2483 2858 2554 τραύματι
2885 2486 2932 2519 ⁵⁸
2978 2486 3236 2558 ἔτρωσεν,
3282 2489 3421 2559 αὐτὴ
3474 2489 3519 2542 δ’
3560 2491 3646 2542 ὑπ’
3688 2492 3813 2545 αὑτοῦ
3926 2498 3937 2527 ³

2286 2576 2573 2647 ἀνῄρηταιο
2610 2578 2723 2630 καὶ
2773 2577 3128 2650 ήξωγράφος
3180 2580 3372 2650 Ἑλένη
3427 2581 3521 2634 τοῦ
3563 2583 3815 2653 καταλόγου
3926 2589 3938 2622 ἀ

2286 2668 2405 2721 ἐστὶ
2428 2668 2641 2733 τούτου,
2696 2668 2945 2741 Τίμωνος
2982 2671 3079 2725 τοῦ
3116 2673 3421 2739 Αἰγυπτίου
3451 2672 3704 2744 θυγάτηρ,
3729 2675 3816 2744 ητις
3926 2686 3937 2713 ιδ

2286 2760 2385 2831 τὴν
2415 2762 2473 2813 ὲν
2495 2762 2543 2793 ⁸⁸
2612 2762 2768 2832 ἰσσῷ
2831 2763 3032 2834 μάχην,
3082 2765 3142 2816 ὲν
3190 2764 3426 2828 ἐκείνοις
3475 2765 3766 2835 ἀκμάζουσα
3786 2766 3817 2797 ⁵⁷
3922 2774 3938 2805 λπ

2285 2855 2398 2915 τοῖς
2429 2852 2663 2923 χρόνοις,
2688 2854 2926 2925 ἐγραψεθ
2967 2856 3065 2909 καὶ
3103 2857 3164 2909 ὲν
3193 2856 3271 2927 τῷ
3309 2857 3410 2926 τῆς
3441 2858 3674 2929 Είρήνης
3693 2859 3817 2927 τεμέ-
3935 2854 3937 2877 λ

2286 2960 2366 2995 νει
2393 2944 2485 2995 ἐπὶ
2517 2943 2932 2998 Οὐεσπασιανοῦ
2957 2945 3206 2999 ἀνέκειτο
3253 2948 3290 3017 ἡ
3316 2948 3524 3018 γραφή.
3564 2948 3808 3017 Ἀρχέλαος

2288 3032 2345 3085 δὲ
2373 3036 2401 3086 ὁ
2436 3033 2684 3107 Κύπριος
2712 3034 3045 3107 Στησιχόρου
3078 3036 3211 3106 φησὶ
3255 3036 3357 3089 τοῦ
3386 3038 3607 3107 ποιητοῦ
3643 3038 3820 3108 Ἑλένην

2304 3121 2579 3195 Ἱμεραίαν
2609 3125 2893 3196 ἐρωμένην
2929 3126 3220 3195 γενέσθαι,
3269 3129 3521 3183 Μικύθου
3557 3129 3817 3201 θυγατέρα·
3924 3132 3935 3173 ζ

2290 3216 2605 3269 ἀποστᾶσαν
2635 3216 2694 3269 δὲ
2731 3218 3062 3288 Στησιχόρου
3113 3220 3208 3271 καὶ
3261 3219 3407 3291 πρὸς
3439 3219 3700 3273 Βούπαλον
3746 3238 3818 3272 πο-

2293 3305 2574 3375 ρευθεῖσαν
2624 3308 2964 3378 ἀμυνόμενον
3014 3309 3115 3379 τῆς
3174 3311 3487 3380 ὑπεροψίας
3518 3311 3606 3364 τὸν
3637 3312 3820 3381 ποιητὴν
3932 3332 3937 3363 :

2287 3397 2496 3467 γράψαι
2520 3398 2595 3461 ὡς
2622 3398 2669 3431 ⁸⁸
2706 3398 2921 3468 Ἑλένη
2957 3400 3188 3454 ἑκοῦσα
3217 3400 3428 3470 ἀπῆρε
3449 3416 3466 3433 ο
3496 3402 3659 3473 ψευδῆ
3682 3402 3731 3455 δὲ
3756 3402 3821 3453 τὸν
3920 3445 3929 3453 .

2288 3488 2416 3557 περὶ
2474 3488 2573 3559 τῆς
2631 3489 2937 3560 πηρώσεως
2983 3485 3123 3544 εἶναι
3180 3491 3366 3561 λόγον.
3419 3494 3553 3563 Περὶ
3583 3492 3670 3546 τοῦ
3715 3493 3815 3561 παρ’
3922 3541 3927 3544 .

2297 3581 2524 3651 Ὁμήρῳ
2558 3581 2769 3651 μώλυος
2790 3582 2886 3653 τῆς
2915 3582 3167 3653 βοτάνης,
3199 3586 3268 3655 ἢν
3298 3587 3364 3637 ἐκ
3387 3586 3478 3639 τοῦ
3509 3587 3724 3656 αἵματος
3744 3583 3814 3637 τοῦ

607 3685 783 3737 insula
820 3682 1054 3751 gigantis
1073 3690 1289 3734 enatam
1326 3678 1529 3741 ferunt,
1559 3674 1867 3743 habereque
1895 3671 2183 3725 candidum

2291 3672 2665 3743 ἀναιρεθέντος
2696 3675 2754 3727 ὲν
2787 3676 2853 3744 τῇ
2899 3675 3115 3745 Κίρκης
3149 3676 3302 3746 νήσῳ
3354 3677 3613 3745 Γίγαντος
3641 3677 3816 3743 λέγουσι
3920 3698 3937 3731 ες

605 3774 795 3829 florem
818 3790 832 3839 ;
852 3772 1039 3827 Circes
1063 3780 1241 3825 autem
1270 3771 1323 3824 in
1348 3784 1527 3838 pugna
1550 3768 1755 3822 socium
1783 3764 1991 3828 Solem,
2017 3764 2180 3817 etiam

2291 3762 2471 3832 φῦναι,
2512 3764 2546 3833 ἢ
2578 3764 2673 3817 καὶ
2709 3763 2769 3816 τὸ
2792 3764 2950 3827 ἀνθος
2988 3764 3101 3833 ἔχει
3130 3764 3323 3819 λευκόν
3347 3782 3360 3795 ·
3391 3767 3474 3819 ὅτι
3511 3768 3539 3819 ὁ
3561 3765 3817 3836 συμμαχῶν
3925 3792 3937 3819 ﬁ:

610 3866 802 3935 150a
861 3865 1126 3934 gigantem
1197 3858 1579 3921 interemisse,
1633 3868 1796 3926 atque
1845 3856 1988 3917 inde,
2040 3855 2182 3923 quod

610 3957 787 4028 μῶλος
846 3970 1074 4024 pugnam
1115 3952 1403 4022 signiﬁcet,
1440 3950 1669 4004 inditum
1722 3949 1903 4002 herbae
1960 3961 2178 4001 nomen.

607 4048 794 4103 Refert
826 4061 1041 4116 quoque
1084 4044 1395 4113 Dionysium
1419 4042 1585 4095 fuisse
1612 4040 1865 4096 Chironis
1893 4038 2177 4100 amasium,

606 4152 661 4193 et
700 4139 768 4192 ab
801 4140 986 4191 eodem
1020 4136 1461 4199 comessationes,
1488 4133 1980 4199 bacchationesque
2000 4145 2063 4185 ac
2091 4144 2181 4184 sa-

607 4230 811 4285 criﬁcia
843 4228 1116 4282 didicisse.
1147 4228 1218 4280 De
1242 4225 1601 4297 Myrtillorum
1637 4224 1751 4295 (85)
1784 4224 1954 4292 patris
1981 4239 2043 4276 ac
2083 4222 2175 4276 ﬁlii

603 4318 911 4388 Taraxippo
941 4317 993 4370 in
1025 4317 1293 4387 Olympia.
1354 4316 1538 4369 Solum
1583 4315 1712 4368 item
1767 4313 2174 4381 Neoptolemum
2217 4308 2242 4333 ‘

603 4412 885 4465 Maciotent
922 4409 1031 4480 (84)
1063 4407 1343 4462 oraculum
1377 4406 1713 4460 Pbemonoes
1746 4406 1812 4458 ab
1840 4404 2004 4459 [Etlto
2025 4444 2040 4467 ,
2068 4419 2176 4456 uno

2291 4408 2657 4479 Νεοπτόλεμον
2693 4410 2784 4461 τὸν
2823 4409 3124 4478 Μακιώτην
3178 4410 3332 4479 παρά
3367 4410 3533 4473 Ατθον
3562 4409 3698 4470 τινὸς
3729 4405 3805 4456 τῶν

600 4519 631 4553 e
666 4500 928 4555 fratribus
974 4500 1246 4553 audivisse
1292 4500 1465 4561 aiunt,
1501 4512 1564 4549 ac
1595 4498 1660 4549 de
1707 4497 1808 4550 hoc
1837 4494 2005 4549 IEtlto
2035 4496 2171 4548 libro

2291 4499 2557 4568 λελφῶνθι
2607 4500 2836 4553 ἀκοῦσαί
2924 4518 3095 4570 φασιο
3160 4502 3291 4572 περὶ
3361 4502 3557 4554 τούτου
3625 4499 3678 4553 δὲ
3743 4494 3806 4549 τοῦ

602 4593 775 4661 primo
814 4591 1176 4645 Historiarum
1203 4589 1535 4644 Herodotum
1571 4588 1789 4642 dicere:
1819 4586 1941 4641 Etsi
1984 4603 2168 4640 nomen

2291 4593 2437 4645 λίθου
2479 4593 2572 4645 καὶ
2615 4592 2895 4661 Ἡρόδοτός
2932 4611 3097 4665 φησιν
3117 4596 3237 4627 ⁸³⁸⁸³
3264 4595 3391 4666 [249
3438 4593 3531 4665 Η.]
3559 4596 3616 4646 ὲν
3657 4590 3808 4659 πρώτῃ

599 4684 714 4752 ejus
762 4684 889 4737 mihi
922 4692 1123 4748 uotum,
1163 4698 1265 4735 non
1302 4693 1475 4734 tamen
1508 4685 1829 4734 memorabo.
1867 4681 1943 4733 De
1976 4677 2176 4746 duplici

2291 4684 2530 4753 ,c'coptt‘bv
2552 4686 2633 4737 ὄτι
2656 4684 2843 4749 Εἰδὼς
2878 4686 3068 4740 αὐτοῦ
3103 4686 3170 4740 τὸ
3215 4687 3434 4755 ὄνομα,
3469 4689 3580 4740 οὐκ
3603 4685 3811 4750 ἐπιμνη-

599 4778 740 4847 apud
788 4777 1077 4830 Homerum
1146 4774 1528 4844 appellatione,
1598 4773 1772 4826 altera
1834 4772 1973 4841 apud
2024 4771 2172 4831 deos,

2291 4776 2604 4844 τθήσομαι.
2638 4778 2774 4848 Περὶ
2799 4778 2898 4847 τῆς
2928 4778 3059 4848 παρ’
3106 4778 3330 4849 Ὁμήρῳ
3371 4779 3664 4849 διωνυμίας
3699 4774 3813 4842 παρὰ

599 4869 769 4923 altera
802 4867 1046 4921 homines
1069 4866 1320 4935 quodque
1349 4864 1596 4918 Xanthus
1615 4864 1764 4919 solus
1786 4863 1927 4916 inter
1956 4861 2177 4914 flumina

2291 4864 2421 4927 ieo't‘c
2448 4866 2545 4918 κα)⁹
2566 4865 2899 4935 ἀνθρώποις,
2921 4869 3015 4920 καὶ
3046 4868 3128 4921 ὅτι
3159 4867 3362 4931 Ξάνθος
3394 4869 3557 4937 μόνος
3592 4863 3813 4933 ποταμῶν

602 4961 765 5016 luerit
789 4959 938 5015 Jovis
968 4958 1128 5014 ﬁlius.
1165 4959 1241 5014 De
1270 4959 1394 5013 aliis
1420 4961 1548 5011 item
1574 4956 1776 5026 duplici
1804 4954 2048 5025 praeditis
2078 4968 2176 5006 uo-

2291 4958 2400 5020 Διὸς
2450 4957 2585 5024 υίὸς,
2644 4960 2738 5013 καὶ
2778 4962 2907 5031 περὶ
2946 4961 3121 5014 ἀλλων
3173 4961 3484 5031 διωνύμων.
3530 4961 3638 5015 Καὶ
3671 4959 3737 5020 ὡς
3770 4955 3815 5006 ἐν

2294 4221 2569 4291 Ὀλυμπίᾳ
2595 4222 2951 4292 Ταραξίππου
2972 4223 3067 4274 καὶ
3096 4224 3140 4254 ⁶⁰
3161 4224 3269 4276 τῶν
3299 4223 3623 4295 Μυρτίλλων
3646 4221 3810 4290 πατρὸς

1871 5116 2108 5171 VAHL‘E
2135 5115 2541 5175 LECTIONES.

1841 5227 1885 5258 ⁸¹
2006 5231 2127 5303 add.
2278 5301 2286 5303 _
2320 5232 2365 5263 ⁸³
2404 5230 2708 5303 τελεστίνου
2739 5248 2800 5294 ς.
2893 5233 2938 5303 ν
2958 5231 3056 5302 τὴν
3081 5242 3135 5287 et
3154 5234 3220 5303 ἣν
3268 5231 3393 5285 add.
3441 5233 3502 5283 A.
3532 5300 3541 5303 Α
3578 5228 3624 5260 ⁸⁸
3670 5241 3811 5303 μεται-

668 5239 712 5272 ⁸⁹
751 5237 1079 5290 Ἑπιδαύνιοι
1117 5252 1177 5297 ς.
1254 5234 1299 5265 ⁸ο
1326 5230 1667 5285 ὲπιδιδοῦσαν
1695 5246 1756 5292 ς.
1792 5298 1805 5309 .
1841 5230 1885 5258 ⁵¹
1919 5230 1953 5296 ή
2006 5231 2127 5284 add.
2167 5232 2233 5285 A.
2320 5232 2365 5263 ‘”
2404 5230 2708 5284 τελεστίνου
2739 5248 2800 5294 ς,
2893 5233 2938 5264 ua
2958 5231 3056 5302 τὴν
3081 5242 3135 5287 ει
3154 5234 3220 5303 ἣν
3268 5231 3393 5285 add.
3441 5233 3502 5283 Α,
3578 5230 3624 5260 ιι
3670 5241 3793 5296 μετα.

672 5308 937 5345 λςηηηέυιη
970 5323 1027 5345 ρο
1102 5305 1149 5335 ⁸⁵
1176 5303 1518 5345 τηαυηιατίαν
1552 5318 1611 5345 τ’-
1713 5299 1760 5331 ⁸⁸
1790 5313 1846 5345 εν
1874 5300 1997 5345 atltl-
2028 5302 2091 5345 Α-
2168 5302 2212 5333 ⁸⁷
2237 5301 2353 5345 lihri
2412 5301 2784 5345 ἀκιιάῖουσαν-
2874 5302 2919 5334 ⁵⁸
2943 5304 3018 5345 ὡς
3050 5303 3173 5345 ιιιὶιΙ-
3222 5303 3281 5345 Λ-
3385 5303 3431 5333 ⁸9
3465 5300 3723 5345 διόνυσσοξ
3758 5294 3793 5345 Α

3385 5303 3431 5333 ⁸³
3465 5300 3604 5354 διόνυ
3614 5314 3723 5358 σσος
3758 5300 3809 5345 Α.

596 5308 941 5377 καλεσαμένη
970 5323 1031 5368 ς.
1092 5305 1149 5377 f5
1172 5303 1518 5377 τραυματίαν
1552 5318 1613 5377 ς.
1633 5369 1673 5377 η
1713 5299 1760 5331 ⁸⁸
1790 5298 1846 5348 ἐν
1874 5300 1997 5377 add.
2026 5302 2091 5353 A.
2168 5302 2212 5333 ⁸⁷
2237 5301 2355 5356 libri
2412 5301 2786 5371 ἀκμάζουσαν.
2874 5302 2919 5334 ⁵⁸
2943 5298 3024 5366 ὡς’
3049 5298 3186 5357 υύύί
3218 5303 3282 5355 Δ.

597 5382 642 5412 ⁶⁰
681 5379 777 5432 καὶ
798 5369 1009 5431 ἐιύιί.Ἀ.
1086 5375 1127 5405 ⁶¹
1159 5369 1402 5442 ἀδελφῶν
1424 5389 1485 5435 ς.
1557 5369 1675 5403 ⁶¹·⁸³
1699 5385 1861 5438 φασιν
1892 5370 1961 5423 Α.

2140 5460 2368 5517 NOTAE.

2348 5588 2463 5654 (82)
2487 5585 2643 5641 Hom.
2673 5587 2863 5655 Odyss.
2895 5583 2959 5640 K.
3002 5602 3055 5640 ν.
3087 5585 3215 5649 504,
3251 5592 3305 5638 et
3329 5582 3448 5651 ejus
3476 5584 3769 5655 interpret.”

2343 5646 2456 5728 (8'5)
2504 5658 2646 5728 Lege
2704 5646 2936 5712 Pausan.
3016 5646 3209 5710 Eiiucf
3254 5646 3515 5724 ufpag.
3574 5646 3666 5703 l99
3700 5646 3805 5701 eJiI.

2318 5746 2524 5783 f‘l‘lllﬂ'll.

2268 5728 2309 5783 ϐ
2341 5799 2451 5871 ιδῒί)
2488 5797 2562 5852 De
2587 5799 2685 5854 hac
2711 5811 2831 5854 vate
2863 5798 3091 5854 Pausan.
3140 5796 3367 5850 Phocias
3410 5808 3515 5849 non
3545 5788 3713 5846 semel.

668 5592 1050 5668 (80)__Similem
1085 5592 1230 5661 leges
1274 5598 1484 5646 narrat.
1519 5587 1644 5644 infr.
1698 5588 1752 5643 in
1787 5584 2073 5653 Excerptis
2098 5599 2163 5639 ex

595 5663 688 5721 lib;
720 5663 766 5717 ν’
788 5663 1058 5731 llephazst.

595 5736 777 5859 et(8i!)
816 5726 977 5803 supr.
1009 5741 1211 5789 narrat.
1241 5732 1326 5799 18,
1356 5731 1563 5789 Conon.
1599 5726 1750 5785 Plato
1797 5729 1850 5785 in
1910 5727 2160 5795 l’lta'dro,

676 5821 705 5857 a
730 5820 788 5859 ιι.

2281 3858 2347 3925 τῇ
2376 3856 2558 3926 Κίρκῃ
2591 3857 2685 3910 καὶ
2706 3856 2911 3909 ἀνελὼν
2940 3856 3031 3910 τὸν
3063 3858 3100 3909 Γ
3108 3858 3304 3923 ίγαντα
3334 3860 3363 3911 ὁ
3395 3860 3586 3922 ’Ἥλιος
3605 3855 3668 3929 ἦν
3691 3872 3703 3886 ·
3729 3858 3815 3927 μῶ-
3916 3870 3923 3891 ³

2281 3948 2372 4010 λος
2398 3948 2444 4000 δ’
2474 3950 2507 4019 ή
2542 3950 2712 4020 μάχη,
2738 3950 2807 4017 ¹ἐξ
2834 3945 2894 4002 οὗ
2939 3953 3033 4003 καὶ
3058 3953 3090 4019 ἡ
3141 3949 3367 4022 βοτάνη.
3423 3951 3513 4016 Ὧς
3541 3953 3767 4013 Διόνυσος
3782 3950 3813 3981 ⁵³
3920 3978 3937 4013 ῃ

2281 4040 2556 4110 ἐρώμενος
2584 4042 2877 4112 Χείρωνος,
2909 4041 2966 4108 ἐξ
2993 4037 3054 4095 οὗ
3078 4045 3172 4095 καὶ
3205 4043 3369 4112 μάθοι
3389 4043 3518 4105 τούς
3549 4062 3605 4097 τε
3636 4042 3811 4111 κώμους
3923 4068 3937 4101 τ;

2281 4132 2375 4183 καὶ
2406 4131 2504 4192 τὰς
2544 4129 2804 4200 βακχείας
2859 4132 2954 4184 καὶ
3015 4132 3117 4193 τὰς
3180 4132 3429 4195 τελετάς.
3482 4133 3613 4201 Περὶ
3650 4130 3731 4184 τοῦ
3772 4131 3813 4181 ἐν
3922 4158 3929 4163 -

2279 4317 2375 4370 καὶ
2404 4318 2611 4379 παιδός.
2652 4318 2776 4370 Ὅτι
2809 4318 2900 4371 τὸν
2928 4318 3033 4370 ὑπὸ
3079 4319 3371 4388 Φημονόης
3401 4320 3645 4389 χρησμὸν
3693 4317 3809 4385 μόνον
3924 4340 3937 4363 ρ
