4022 6454
275 404 357 472 (εει
1399 389 1835 451 ΒΙΒῙᾸΟΤΗΕ(

1959 413 2030 423 -
2067 387 2230 447 COD.
2274 388 2433 449 CXC.

3402 390 3511 453 629.

272 508 535 585 Τυρρηνίᾳ
590 507 755 577 φασὶν
800 499 940 560 εἶναι
1000 504 1159 568 Ἀλδς
1206 502 1416 575 πύργον
1476 502 1829 571 καλούμενον,

1940 498 2101 551 mine.
2136 498 2271 551 Esse
2303 497 2491 551 adhmc
2539 496 2592 550 in
2629 491 2933 566 Tyrrhenia
2965 491 3115 550 nalis
3154 495 3367 563 turrim,
3392 513 3513 568 quae

273 601 621 672 ὀνομασθῆναι
668 598 723 650 δὲ
768 596 875 649 ἀπὸ
934 596 1087 658 Ἀλδς
1122 595 1413 666 Τυρρηνῆς
1464 592 1830 665 φαρμακίδος,

274 694 301 763 ἢ
325 692 533 761 Κίρκης
571 688 879 759 θεράπαινα
895 684 1162 754 γενομένη
1186 684 1371 753 διέδρα
1398 682 1497 752 τῆς
1517 682 1827 749 δεσποίνης.

273 784 396 853 Πρὸς
424 782 633 851 ταύτην
659 779 738 842 δὲ,
771 779 926 847 φησι,
958 776 1405 847 παραγενόμενον
1427 776 1519 827 τὸν
1571 773 1832 827 Ὀδυσσέα

276 876 339 938 εἰς
366 876 525 926 ἵππον
553 871 820 942 μετέϐαλε
841 872 956 933 τοῖς
978 870 1314 939 φαρμάκοις,
1347 868 1442 920 καὶ
1471 865 1666 936 ἐτρεφε
1699 863 1831 937 παρ’

274 971 418 1038 ἑαυτῇ
430 968 497 1033 ⁸⁵,
523 966 634 1028 ἕως
665 964 916 1033 γηράσας
958 959 1333 1030 ἐτελεύτησεν.
1378 957 1473 1011 Ἐκ
1501 956 1707 1026 ταύτης
1735 958 1834 1027 τῆς

280 1059 498 1129 ἱστορίας
520 1056 711 1111 λύεται
738 1054 836 1107 καὶ
860 1053 923 1105 τὸ
942 1053 1074 1123 παρ’
1104 1051 1328 1122 Ὁμήρῳ
1360 1048 1759 1119 ἀπορούμενον

479 1274 493 1287 .
524 1272 540 1286 .
565 1273 578 1285 .
604 1273 618 1286 .
655 1272 670 1285 .
703 1270 720 1284 .
754 1270 769 1283 .
806 1230 1070 1295 Θάνατος
1095 1226 1162 1283 δέ
1194 1246 1283 1283 τοι
1304 1227 1376 1294 ἐξ
1398 1226 1548 1294 ἁλὸς
1576 1225 1758 1291 αὐτῷ.

301 1327 380 1379 Ἐν
402 1325 595 1387 τούτοις
623 1322 726 1392 μὲν
754 1322 849 1374 καὶ
875 1321 935 1375 τὸ
962 1321 1002 1374 δ’
1035 1321 1262 1391 βιϐλίον.

361 1421 413 1471 Ἦ
434 1419 481 1470 δὲ
511 1423 555 1469 ε’
590 1416 794 1487 βίϐλος,
848 1415 923 1477 ὡς
965 1416 1107 1483 μετά
1141 1412 1382 1483 Ἀμύκου
1414 1410 1581 1480 φασὶν
1621 1409 1831 1475 Ἰάσων,

285 1510 382 1564 ἀλλ’
432 1510 552 1578 οὐχὶ
610 1506 956 1577 Πολυδεύκης
1017 1506 1346 1576 ἐμαχέσατο.
1415 1502 1529 1557 Καὶ
1581 1503 1609 1554 ὁ
1656 1500 1832 1572 χῶρος

282 1604 546 1673 μαρτυρεῖ,
625 1600 881 1669 Ἰησόνιος
962 1599 1134 1669 αἰχμὴ
1169 1599 1213 1629 ⁸³
1276 1596 1619 1665 καλούμενος
1649 1610 1664 1624 ⁸
1738 1595 1833 1647 καὶ

277 1695 401 1765 πηγὴ
460 1692 745 1747 ἀνατέλλει
800 1694 973 1763 ἀγχοῦ
1048 1691 1226 1760 Ελένη
1256 1688 1573 1758 καλουμένη
1600 1687 1667 1741 ⁸³.
1738 1686 1833 1739 Ἐκ

267 1786 436 1837 τούτου
488 1784 684 1838 λύεται
741 1784 836 1838 καὶ
915 1783 977 1835 τὸ
1036 1780 1385 1852 Κριναγὸρου
1478 1778 1827 1848 ἐπίγραμμα.

265 1876 373 1930 Ὀτι
402 1877 484 1941 τὸ,

326 1971 431 2024 Kal
455 1971 502 2001 ⁸⁷
535 1968 885 2039 Προκλέους
926 1969 1101 2023 ἵπποι
1144 1967 1386 2037 χλωρὰν
1426 1964 1835 2107 ψωῗὲἔὲιέἑὶῧγ

1815 2070 1831 2095 υ

258 2134 519 2203 ἀγνοηθὲν
569 2132 932 2203 Καλλιμάχῳ,
977 2130 1253 2185 Εὐϐούλου
1299 2127 1419 2182 ἐστὶ
1453 2126 1549 2181 τοῦ
1584 2124 1832 2195 κωμικοῦ

258 2230 331 2289 εἰς
362 2226 643 2279 Διονύσιον
665 2226 710 2257 ⁸³
735 2224 995 2294 κωμῳδία
1014 2241 1026 2252 ·
1061 2223 1156 2276 καὶ
1184 2223 1312 2292 περὶ
1335 2223 1432 2292 τῆς
1462 2220 1833 2292 παρῳδήσεως

256 2317 341 2371 τοῦ
363 2317 576 2387 στίχου.
617 2317 683 2369 Ἢ
716 2315 773 2369 δὲ
792 2313 1118 2384 ψαλάκανθα
1138 2313 1335 2383 βοτάνη
1362 2312 1510 2365 ἐστὶν
1534 2311 1830 2378 Αἰγυπτία,

257 2410 367 2480 ἥτις
403 2410 597 2471 ἵπποις
625 2406 1043 2479 περιαπτομένη
1085 2406 1248 2475 νίκην
1279 2404 1508 2475 παρέχει
1542 2403 1633 2456 καὶ
1658 2402 1834 2454 εὐδαι-

258 2501 467 2569 μονίαν.
502 2501 641 2553 Φασὶ
680 2498 738 2551 δὲ
771 2499 905 2569 ὼςή
939 2497 1280 2552 Ψαλάκανθα
1311 2495 1500 2566 νύμφη
1532 2495 1746 2563 ἐγένετο
1774 2494 1833 2546 ὲν

256 2591 469 2663 Ὶκαρῐα
498 2595 565 2663 τῇ
598 2592 769 2661 νήσῳ,
799 2591 922 2661 ἦτις
954 2590 1249 2659 ἐρασθεῖσα
1276 2588 1531 2642 Διονύσου
1563 2586 1833 2657 συνέπρα-

253 2686 339 2753 ξεν
378 2685 530 2752 αὐτῷ
564 2683 662 2754 τὴν
711 2682 849 2753 πρὸς
896 2681 1185 2752 Ἀριάδνην
1227 2679 1468 2749 ὁμιλίαν,
1529 2678 1615 2746 ἐφ’
1653 2668 1698 2745 ᾧ
1740 2676 1834 2730 καὶ

251 2778 387 2847 αὐτῇ
422 2776 743 2844 συγγένοιτο
765 2791 779 2804 '
840 2775 936 2827 καὶ
990 2774 1067 2836 ὼς
1101 2773 1353 2834 Διόνυσος
1389 2770 1488 2842 μὲν
1518 2771 1617 2823 οὐκ
1666 2770 1833 2839 ἡδου-

250 2871 388 2942 λήθη
412 2871 481 2933 ⁸³,
518 2868 647 2940 [484
670 2866 763 2939 R.]
785 2867 1128 2920 Ψαλάκανθα
1147 2866 1194 2919 δ’
1221 2864 1615 2917 ἐπεϐούλευσεν
1658 2862 1836 2933 Ἀριά-

245 2963 365 3033 δνῃ,
407 2964 435 3014 ὁ
484 2961 529 3013 δ’
588 2959 869 3030 ὀργισθεὶς
925 2958 1357 3029 μετεμόρφωσεν
1421 2954 1595 3025 αὐτὴν
1626 2956 1708 3018 είς
1735 2955 1836 3023 τὴν

247 3056 392 3105 πόαν
421 3067 438 3081 ο
499 3050 807 3121 μεταγνοὺς
854 3049 912 3102 δέ
986 3049 1079 3102 ἐπὶ
1126 3049 1262 3118 τιμῇ
1289 3046 1335 3078 ⁷ο
1380 3044 1477 3098 τοῦ
1535 3046 1707 3114 φυτοῦ
1756 3045 1837 3116 τῷ

258 3146 556 3214 Ἀριάδνης
581 3142 713 3196 αὐτὸ
749 3140 1050 3210 περιέθηκε
1082 3140 1333 3209 στεφάνῳ
1364 3138 1446 3208 τῷ
1506 3154 1835 3208 κατηστερι-

245 3238 439 3308 σμένῳ
487 3239 545 3289 ὲν
586 3234 820 3305 οὐρανῷ.
855 3234 967 3303 Τὴν
995 3233 1054 3286 δέ
1101 3232 1242 3286 πόαν
1288 3233 1339 3285 οί
1388 3230 1489 3302 μὲν
1541 3231 1839 3302 ἁρτεμισία

242 3330 512 3391 ἐοικέναι,
544 3330 595 3381 οἱ
624 3328 683 3381 δὲ
715 3327 1015 3399 μελιλώτῳ.

323 3423 422 3484 Ὦς
452 3420 823 3491 Ἀθηνόδωρος
850 3422 878 3472 ὁ
918 3418 1230 3488 Ἐρετριεὺς
1250 3417 1310 3470 ἐν
1338 3416 1511 3487 ὀγδόῳ
1542 3417 1839 3484 Ὑπομνη-

235 3515 454 3577 μάτων
491 3516 628 3584 φησὶ
665 3513 821 3566 Θέτιν
851 3512 946 3566 καὶ
976 3512 1218 3582 Μήδειαν
1240 3510 1421 3581 ἐρίσαι
1448 3509 1578 3579 περὶ
1608 3509 1841 3570 κάλλους

236 3610 300 3659 ἐν
333 3605 653 3675 Θεσσαλία,
708 3605 803 3658 καὶ¹
847 3603 1043 3675 κριτὴν
1092 3602 1353 3672 γενέσθαι
1405 3601 1697 3670 Ἰδομενέα,
1745 3599 1842 3651 καὶ

236 3701 588 3769 προσνεῖμαι
617 3695 795 3749 Θέτιδι
839 3696 938 3765 τὴν
987 3695 1170 3764 νίκην,
1203 3693 1445 3763 Μήδειαν
1481 3693 1527 3745 δ’
1566 3690 1842 3762 ὀργισθεῖ-

236 3806 354 3845 σαν
390 3789 589 3853 εἰπείν,
609 3787 839 3855 Κρῆτες
868 3785 961 3839 ἀεὶ
983 3786 1268 3854 ψεῦσται,
1327 3785 1425 3836 καὶ⁸
1461 3779 1841 3853 ἐπαράσασθαι

230 3884 407 3954 αὐτῷ
471 3883 745 3953 μηδέποτε
806 3882 1068 3952 ἀλήθειαν
1120 3881 1318 3943 εἰπεῖν,
1376 3878 1565 3948 ὥσπερ
1598 3878 1690 3929 ἐπὶ
1740 3874 1841 3945 τῆς

228 3977 499 4044 κρίσεως
528 3975 753 4043 ἐποίησε
773 3991 789 4005 ·
845 3975 940 4027 καὶ
970 3974 1035 4027 ἐκ
1066 3972 1260 4025 τούτου
1299 3972 1435 4042 φησὶ
1461 3970 1591 4033 τοὺς
1614 3969 1841 4039 Κρῆτας

225 4065 502 4134 ψεύστας
555 4063 905 4132 νομισθῆναι.
980 4060 1357 4130 Παρατίθεται
1403 4059 1463 4113 δὲ
1526 4057 1841 4129 ἱστοροῦντα

226 4155 415 4208 τοῦτο
468 4156 499 4205 ὁ
562 4153 937 4223 Ἀθηνόδωρος
1007 4150 1279 4221 Ἀντίοχον
1336 4150 1396 4204 ἐν
1428 4148 1667 4219 δευτέρῳ
1717 4147 1842 4202 Τῶν

226 4243 409 4297 κατὰ
445 4245 631 4297 πόλιν
661 4242 966 4298 Μυθικῶν.
1009 4242 1133 4295 Ὅτι
1158 4237 1326 4308 Ἶλος,
1361 4241 1524 4312 φησιν
1547 4242 1614 4307 ⁷⁸,
1650 4241 1678 4292 ὁ
1704 4240 1843 4293 Λαο-

227 4335 515 4402 μέδοντος
560 4334 749 4403 πατεὶπο
799 4332 1064 4403 ἵππουριν
1115 4327 1249 4400 εἶχε,
1280 4332 1375 4385 καὶ
1436 4331 1543 4383 τῶν
1586 4331 1839 4400 Πριάμου

222 4424 464 4477 παίδων
523 4422 881 4484 Μελάνιππος
926 4422 1020 4474 καὶ
1063 4421 1271 4483 Ἰδαῖος.
1346 4420 1434 4483 Ὠς
1496 4420 1700 4482 Ξάνθος
1746 4419 1841 4471 καὶ

1937 601 2184 654 vocatur,
2219 600 2435 661 sumpto
2466 591 2685 645 nomine
2732 593 2800 645 ab
2852 589 2991 655 llali,
3034 589 3313 661 Tyrrhena
3347 607 3514 646 vene-

1937 684 2062 749 fica,
2099 700 2218 754 quae
2240 684 2426 740 Circes
2458 684 2653 739 famula
2688 701 2808 739 cum
2845 694 3011 747 esset,
3041 700 3107 739 ex
3139 685 3283 739 hera:
3308 687 3513 741 aedibus

1937 775 2163 844 aufugit.
2192 776 2273 829 Ad
2301 776 2441 830 hanc
2465 785 2645 829 autem
2675 776 2909 831 delatmn
2945 775 3214 848 Ulyssem,
3243 778 3295 830 in
3313 792 3511 847 equum

1938 867 2399 927 incantationibus
2426 879 2841 934 commutatum,
2881 881 3044 937 atque
3068 870 3209 937 apud
3241 883 3360 923 eam
3388 870 3517 923 edu-

1934 969 2140 1027 catum,
2171 962 2344 1016 donec
2395 963 2549 1016 senio
2596 963 2875 1018 confectus
2908 962 3063 1026 obiit,
3101 962 3180 1015 Ex
3230 960 3331 1015 hac
3355 960 3518 1030 igitur

1935 1048 2162 1105 historia
2191 1054 2352 1106 etiam
2383 1054 2583 1108 nodum
2615 1054 2765 1108 illum
2792 1055 2932 1123 apud
2962 1052 3513 1118 llomerumdissolvi,

1935 1158 2055 1196 cum
2086 1142 2200 1214 (85)
2231 1145 2311 1199 ait
2339 1161 2355 1199 :

2291 1274 2306 1290 .
2346 1277 2361 1291 .
2394 1275 2410 1289 .
2448 1275 2461 1289 .
2493 1274 2507 1289 .
2541 1276 2555 1292 .
2592 1278 2606 1291 .
2642 1236 2785 1292 Mors
2808 1238 2953 1291 illius
2981 1254 3045 1292 ea:
3071 1239 3228 1291 mari.

1935 1324 2035 1395 Qui
2071 1328 2195 1383 finis
2232 1330 2413 1398 quarti
2447 1329 2572 1383 libri
2605 1341 2709 1385 est.

2008 1422 2239 1488 Quintus
2270 1432 2392 1490 post
2421 1423 2537 1477 hate
2568 1422 2705 1477 liber
2742 1424 2842 1477 ista
2870 1432 3280 1477 commemorat.
3310 1421 3517 1491 Pugna-

1934 1515 2034 1577 vit,
2066 1517 2239 1581 aiunt,
2265 1514 2429 1569 Jason
2480 1529 2603 1569 cum
2639 1515 2867 1585 Amyco,
2918 1530 3020 1567 non
3075 1525 3252 1567 autem
3304 1514 3512 1568 Pollux.

1936 1603 2190 1657 Testatur
2215 1605 2265 1657 id
2304 1605 2455 1675 regio
2486 1604 2708 1659 Jasonia
2733 1608 2916 1673 cuspis
2946 1606 3110 1671 dicta,
3142 1615 3197 1660 et
3224 1605 3513 1674 fonsjuxta

1936 1709 2162 1748 manans
2195 1694 2397 1750 Helena
2428 1697 2750 1766 appellatus.
2786 1697 2863 1751 Ex
2896 1698 2997 1752 hoc
3032 1700 3195 1753 etiam
3224 1699 3355 1753 illud
3393 1699 3515 1753 Cri-

1937 1800 2153 1853 nagorae
2179 1788 2403 1841 solvitur
2432 1790 2517 1842 eoi
2538 1804 2767 1843 'ramma
2793 1804 2809 1843 :

1974 1960 2043 2015 Et
2074 1963 2253 2017 Procli
2284 1967 2402 2035 equi
2428 1967 2646 2020 viridem
2693 1966 3093 2035 psalacanlham
3123 1968 3237 2039 (86)
3265 1969 3475 2023 habent.

1935 2118 2086 2185 Quod
2110 2121 2378 2192 ignoravit
2401 2123 2786 2191 Callimachus,
2812 2141 2934 2180 cum
2961 2127 3031 2181 sit
3053 2126 3166 2201 (87)
3197 2127 3386 2182 Eubuli
3419 2144 3514 2183 co-

1936 2212 2061 2265 mici
2086 2213 2137 2265 in
2153 2211 2424 2268 Bacclmm
2444 2216 2732 2270 comoedia.
2753 2218 2874 2284 Agit
2905 2228 2960 2272 et
2992 2218 3056 2272 de
3076 2219 3298 2286 parodia
3318 2234 3510 2275 versus

1936 2304 2101 2360 illius.
2148 2305 2502 2363 Psalacautha
2544 2320 2722 2363 autem
2766 2310 2931 2364 herba
2961 2320 3044 2365 est
3085 2310 3366 2383 Egyptia,
3392 2326 3513 2380 qua:

1934 2402 2090 2469 equis
2139 2398 2508 2470 circumligata
2548 2401 2833 2455 victoriam
2862 2403 3063 2471 praebet
3084 2414 3139 2458 et
3176 2403 3511 2459 felicitatem.

1935 2490 2161 2553 Ferunt,
2201 2493 2373 2558 addit,
2409 2492 2498 2547 alii
2557 2491 2967 2547 Psalacantham
3018 2498 3311 2566 nympham
3344 2498 3515 2553 fuisse

1937 2583 1993 2638 in
2027 2583 2201 2639 Icaria
2235 2586 2432 2649 insula,
2461 2600 2581 2657 qua:
2602 2584 2876 2640 Bacchum
2900 2589 3160 2644 adamans
3195 2588 3516 2645 allaborarit

1938 2678 2040 2747 ipsi
2074 2680 2140 2732 ad
2171 2680 2482 2748 potiendum
2506 2679 2767 2746 Ariadna,
2785 2681 2929 2749 quod
2954 2690 3008 2735 et
3025 2696 3160 2751 ,cum
3190 2681 3302 2752 ipsa
3328 2693 3512 2752 postea

1935 2771 2377 2841 congrederetur,
2397 2774 2538 2840 quod
2555 2774 2639 2827 ubi
2658 2773 2901 2830 Bacchus
2918 2786 3245 2832 recusasset.
3264 2776 3515 2832 Ariadna:

1938 2860 2076 2915 hanc
2109 2877 2233 2917 esse
2264 2863 2595 2931 insidiatam,
2621 2876 2782 2935 atque
2819 2867 2965 2921 illum
2999 2868 3359 2937 indignatum,
3384 2884 3517 2922 cou-

1937 2954 2170 3008 vertisse
2198 2968 2318 3008 eam
2346 2955 2398 3008 in
2434 2955 2655 3011 herbam
2685 2975 2699 3011 :
2730 2959 3046 3025 paenitentia
3102 2971 3282 3015 tamen
3325 2973 3517 3031 postea

1938 3045 2187 3112 ductum,
2226 3046 2447 3101 honoris
2478 3064 2608 3115 ergo
2653 3049 2892 3120 plantam
2946 3052 3089 3106 illam
3139 3052 3393 3111 Ariadna:
3420 3072 3518 3110 co-

1943 3154 2114 3201 rome,
2142 3154 2261 3207 quae
2295 3139 2535 3195 caelestia
2564 3140 2677 3211 jam
2711 3142 2854 3197 inter
2882 3143 3059 3199 sidera
3096 3146 3356 3200 translata
3375 3158 3515 3211 erat,

1942 3230 2424 3301 circumposuisse.
2485 3232 2714 3288 Herbam
2772 3235 2944 3304 ipsam
2998 3236 3136 3293 alios
3188 3238 3516 3308 Artemisiae,

1942 3321 2177 3377 Meliloto
2200 3323 2335 3379 alios
2367 3325 2599 3379 similem
2630 3325 2831 3383 facere.

2013 3415 2400 3471 Athenodorus
2444 3414 2671 3489 [inquit]
2738 3416 3086 3487 Eretriensis,
3135 3432 3328 3479 octavo
3382 3424 3520 3480 libro

1944 3506 2367 3562 Memorabilium
2399 3510 2584 3574 refert,
2625 3506 2820 3564 Thetin
2848 3522 2903 3565 et
2926 3512 3165 3567 Medeam
3191 3515 3258 3569 de
3274 3515 3518 3586 pulchri-

1943 3600 2129 3652 tudine
2156 3600 2209 3653 in
2244 3600 2525 3655 Thessalia
2560 3611 2835 3665 certasse,
2889 3605 3261 3676 arbitrumque
3309 3609 3545 3669 adhibi-g

1944 3699 2054 3743 tum
2095 3690 2385 3746 Idomenea
2416 3692 2632 3747 Thetidi
2678 3694 2962 3749 victoriam
3014 3696 3374 3764 adjudicasse.
3418 3690 3547 3756 lle-1

1942 3783 2095 3837 deam
2114 3799 2245 3854 ergo
2270 3785 2752 3853 indignabundam,
2786 3787 2917 3841 illud
2937 3788 3225 3855 protulisse
3260 3770 3289 3846 τ’
3308 3790 3523 3848 Crelen-
3548 3792 3565 3857 l

1942 3890 2024 3928 ses
2071 3891 2275 3943 semper
2302 3875 2491 3947 15011
2524 3877 2795 3933 mendaces
2836 3878 2946 3950 (88)
2976 3896 2991 3933 :
3020 3880 3309 3951 eidemque
3331 3883 3525 3954 impre-

1943 3978 2145 4029 catam,
2195 3985 2265 4024 ne
2308 3986 2497 4024 verum
2546 3988 2782 4040 unquam
2820 3974 3044 4041 diceret,
3085 3984 3146 4030 ut
3187 3991 3256 4032 ne
3308 3978 3361 4032 in
3419 3980 3523 4035 hac

1942 4057 2159 4125 quidem
2214 4060 2481 4114 sententia
2517 4060 2763 4117 dixisset.
2803 4060 2942 4118 Hinc
2979 4062 3183 4118 factum
3223 4066 3433 4131 scribit,
3463 4078 3524 4121 ut

1944 4147 2232 4203 mendaces
2284 4149 2587 4204 habeantur
2628 4150 2917 4208 Cretenses
2961 4169 2977 4207 :
3028 4155 3356 4226 adducitque
3418 4158 3523 4213 hoc

1944 4238 2085 4292 idem
2127 4249 2439 4294 narrantem
2492 4240 2823 4297 Antiochum
2853 4240 2966 4313 (89)
3019 4242 3113 4299 lib.
3178 4260 3217 4300 ιι
3271 4242 3524 4303 Civilium

1943 4329 2306 4386 Fabularum.
2336 4331 2463 4398 llus,
2522 4342 2582 4386 ut
2626 4346 2871 4401 narrant,
2915 4335 3295 4392 Laomedontis
3344 4350 3520 4407 pater,

1944 4416 2158 4483 equinis
2180 4417 2312 4472 setis
2342 4427 2592 4471 comante
2618 4417 2767 4488 galea
2805 4420 3077 4485 utebatur,
3112 4430 3167 4474 ut
3193 4433 3247 4477 et
3271 4437 3301 4475 e
3322 4423 3521 4480 Priami

222 4516 452 4577 Βαλιος
479 4515 531 4565 oi
570 4514 857 4584 Ἀχιλλέως
890 4513 1049 4565 ἵπποι
1090 4513 1354 4583 πρότερον
1396 4510 1656 4579 Γίγαντες
1675 4505 1835 4579 ἦσαν,

1945 4507 2130 4562 liberis
2190 4507 2525 4578 Melanippus
2590 4520 2645 4565 et
2704 4510 2893 4566 Idaeus.
2954 4512 3182 4568 Achillis
3214 4515 3342 4569 item
3374 4518 3519 4586 equi,

220 4607 341 4660 καὶ
404 4605 559 4674 μόνοι
606 4606 884 4673 Γιγάντων
936 4604 1325 4673 συνεμάχησαν
1354 4605 1468 4664 τοῖς
1501 4602 1644 4665 θεοῖς
1693 4600 1835 4654 κατὰ

1942 4599 2193 4656 Xanthus
2221 4610 2275 4657 et
2308 4601 2489 4657 Balius
2505 4602 2777 4672 appellati,
2811 4605 3058 4676 gigantes
3092 4607 3323 4677 primum
3347 4606 3522 4674 fuere,

142 4732 149 4745 .
220 4698 355 4750 τῶν
390 4696 661 4765 ἀδελφῶν.
700 4696 790 4759 Ὠς
823 4695 953 4766 περὶ
983 4697 1027 4727 ⁷³
1064 4695 1164 4757 τὰς
1197 4694 1375 4757 Θύλας
1391 4694 1436 4724 ⁷⁸
1470 4693 1569 4762 τῆς
1591 4691 1835 4755 Σικελίας

1944 4693 2152 4762 solique
2204 4694 2480 4764 gigantum
2512 4710 2610 4763 pro
2644 4696 2750 4749 diis
2782 4682 3097 4766 pugnarunt
3120 4698 3381 4756 adversus
3408 4700 3524 4754 fra-

220 4791 673 4860 ναυαγήσαντος
712 4787 1014 4850 Ὀδυσσέως
1044 4789 1076 4856 ἡ
1111 4786 1399 4855 Ἀχιλλέως
1424 4787 1591 4848 ἀσπὶς
1613 4782 1835 4854 ἐξεϐρά-

1946 4794 2077 4839 tres.
2130 4786 2213 4839 Ad
2276 4785 2479 4857 Thylas
2531 4787 2645 4856 (90)
2699 4786 2897 4843 Siciliae
2970 4790 3311 4860 naufragium
3360 4807 3525 4863 passo

224 4884 359 4953 σθη
391 4883 529 4953 περὶ
572 4882 631 4934 τὸ
666 4883 933 4953 μνημεῖον
964 4879 1061 4933 τοῦ
1096 4880 1349 4944 Αἴαντος,
1382 4877 1479 4931 καὶ
1519 4876 1835 4930 ἀνατεθεῖσα

1947 4873 2160 4944 Ulysse,
2187 4874 2412 4930 Achillis
2439 4876 2553 4946 (9i)
2583 4887 2794 4932 scutum
2814 4878 2882 4934 ad
2901 4879 3083 4948 Ajacis
3111 4893 3523 4939 monumentum

1545 4987 1782 5042 VARIIE
1810 4985 2216 5041 LECTlONES.

309 5090 371 5121 “
399 5090 543 5159 αὐτῇ
584 5107 644 5153 ς.
722 5088 765 5119 ⁸³
782 5087 980 5160 αἰχμὴ]
1044 5088 1124 5160 εἰ.
1166 5085 1376 5160 Muller.
1419 5084 1676 5160 Orchom.
1714 5100 1765 5152 p.
1815 5082 1977 5160 267.“
2019 5154 2028 5160 _
2068 5083 2113 5160 ‘_‘
2148 5083 2371 5152 Ἑλένην
2421 5082 2763 5160 καλουμένην
2797 5104 2858 5149 ς,

222 5161 467 5213 κανθαν
518 5153 737 5211 ’ἔδουσιν
789 5153 898 5212 Am:
945 5153 1062 5211 ’καὶ
1100 5154 1454 5225 ψαλακάνθαν
1505 5155 1718 5223 ἔχουσιν
1756 5171 1817 5225 ς.
1936 5153 2254 5225 δέᾼιὸνυσον
2291 5170 2351 5216 ς’.
2443 5153 2803 5225 summa
2837 5175 2897 5220 ς,

222 5233 277 5261 ⁵¹
342 5232 523 5299 φησὶν
550 5232 920 5298 apugraphum
983 5222 1243 5299 Stephani
1287 5227 1499 5299 :_<paa‘tv
1538 5222 1601 5288 ς.
1766 5224 1839 5286 ὼς
1875 5222 2028 5295 περὶ]
2089 5222 2279 5293 ὣσπερ
2317 5224 2382 5277 Α.

223 5296 620 5355 Casaubonus
664 5296 960 5367 πλαγκτὰς
983 5298 1290 5365 Leuuepius
1320 5296 1536 5349 Phalar.
1582 5311 1633 5364 p.
1666 5296 1755 5349 55.

1959 5477 2125 5531 menti
2153 5485 2300 5533 sunt.

3011 5088 3055 5119 ατ
3085 5090 3180 5142 καὶ
3226 5118 3296 5130 -
3353 5090 3526 5159 tum-

2972 5158 3049 5230 ";
3076 5160 3168 5211 ἐπὶ
3197 5162 3263 5230 τῇ
3294 5158 3427 5230 τιμῇ
3460 5177 3523 5224 ς.

2483 5223 2529 5254 ⁷³
2570 5223 2987 5297 amatam;
3019 5223 3283 5300 Scaliger,
3324 5223 3528 5301 στῆλας

321 5483 451 5554 (85)
477 5481 685 5554 Odyss.
720 5482 785 5541 A,
824 5495 874 5554 ν.
905 5479 1028 5533 155.

300 5547 442 5622 (86}
475 5547 795 5604 Ἀδέσποτον
823 5552 962 5604 houc
985 5548 1302 5619 quibusdam
1328 5547 1498 5604 videri
1536 5548 1847 5603 vocabulum

220 5626 474 5678 notavit
504 5622 737 5690 Hesych.

309 5694 446 5762 (87)
479 5692 554 5745 De
583 5686 690 5762 quo
722 5691 887 5744 multa
924 5688 1140 5761 Cyrald.
1180 5689 1388 5759 Dialog.
1415 5704 1512 5754 vtt,
1543 5686 1682 5741 Hist.
1709 5698 1847 5755 poet.

222 5760 587 5817 ‘Iétttinit‘el
621 5760 775 5813 Suid.

315 5834 446 5899 (88)
489 5830 618 5885 Vide
654 5829 914 5885 Proverb.
951 5829 1104 5898 cujus
1131 5828 1290 5883 aliam
1329 5828 1421 5884 alii
1457 5844 1678 5885 causam
1707 5842 1851 5883 com-

2031 5548 2143 5619 (89)
2182 5548 2323 5619 Vide
2353 5562 2500 5616 supr.
2538 5558 2696 5605 notas
2750 5552 2817 5606 ad
2858 5552 2978 5606 cod.
3036 5549 3160 5616 189,
3212 5550 3527 5606 Acestorida

1959 5616 2048 5671 Τά
2071 5616 2210 5670 κατὰ
2241 5616 2395 5669 πόλιν
2428 5620 2632 5687 μυθικὰ
2665 5621 2799 5675 lecta
2824 5624 3087 5675 videmus.

2032 5688 2144 5769 (9.0)
2174 5688 2347 5756 Mylas
2391 5706 2644 5760 reponam
2673 5706 2793 5761 ego,
2838 5707 2904 5746 ex
2941 5690 3373 5763 geographorum
3407 5705 3531 5746 seu-

1963 5766 2149 5899 ’ριξδῦ
2185 5829 2315 5886 Vide
2348 5829 2535 5885 Alciati
2577 5830 2840 5886 cmblema
2865 5830 2957 5884 9.8.
