4022 6444
545 431 652 492 623

1698 425 1963 488 PHOTII
2004 427 2504 488 PATRIARCIL’E
2543 430 2649 489 cr.
3657 439 3744 504 σει,

549 543 790 608 emersit,
833 551 888 596 et
938 540 1186 611 sepulcro
1242 541 1545 612 appositum
1588 541 1853 611 postridie
1907 542 2129 596 fulmine

2241 545 2306 612 τῷ
2327 545 2483 614 τάφῳ
2514 549 2580 616 τῇ
2630 543 2891 614 ἐπαύριον
2914 540 3285 612 ἐκεραυνώθη.
3332 542 3416 608 '0;
3447 548 3472 599 6
3509 546 3746 626 ’Ῑῐρακλῆς

549 645 630 692 est
679 636 864 691 ictum.
917 632 1203 688 Herculem
1256 649 1360 687 non
1411 631 1640 688 Nemerei
1703 633 1872 685 leonis
1933 634 2125 700 pellent

551 739 794 803 gestasse
824 727 920 792 ait,
956 727 1049 780 sed
1080 726 1279 780 Leonis
1335 727 1616 794 cujusdam
1658 741 1688 779 e
1718 727 1992 795 gigantum
2023 741 2125 778 nn-

553 837 736 878 mero:
772 821 842 877 ob
884 829 1234 891 provocatum
1267 817 1334 872 ad
1368 817 1643 889 singulare
1668 829 1940 872 certamen
1990 816 2128 871 Her-

550 913 727 970 culem
801 912 869 966 ab
927 911 1116 966 eodem
1167 909 1548 978 interemptum
1595 926 1608 963 :
1663 918 1718 964 et
1768 924 1931 962 aurea
1988 909 2125 962 mala

554 1003 862 1061 custodiens
895 1002 1082 1070 draco,
1125 1002 1222 1066 ait,
1263 1000 1485 1056 fratrem
1525 1001 1710 1054 habuit
1736 1000 1940 1056 leonem
1977 1001 2126 1054 illnnt

553 1097 881 1152 Nemeaeum.
917 1093 1039 1148 [rus
1067 1095 1206 1164 apud
1234 1091 1530 1147 Homerum
1558 1092 1800 1148 Boeotius
1833 1093 1953 1147 fuit.
1985 1092 2127 1147 Can-

555 1188 728 1244 daulae
752 1187 1058 1258 conjugem,
1088 1184 1244 1253 cujus
1273 1184 1581 1239 Herodotus
1625 1184 1738 1253 (92)
1769 1199 1964 1239 nomen
1994 1183 2126 1237 reti-

553 1291 664 1346 cet,
696 1282 892 1336 dictant
934 1293 1057 1335 esse
1091 1277 1361 1347 Nyssiam.
1389 1275 1519 1330 Eam
1561 1285 1615 1331 et
1658 1277 1854 1344 duplici
1905 1273 2125 1346 pupilla,

553 1383 608 1427 et
634 1371 932 1426 acutissimi
962 1369 1073 1441 (95)
1112 1369 1260 1422 visus
1285 1368 1470 1433 fuisse,
1498 1367 1644 1437 quod
1668 1367 2022 1422 dracontitent
2052 1365 2128 1418 la-

552 1463 730 1533 pident
789 1469 1068 1530 gestaret:
1108 1469 1167 1513 ut
1203 1474 1300 1528 per
1341 1458 1484 1528 ipsas
1528 1459 1691 1512 etiam
1730 1457 1872 1512 fores
1919 1455 2124 1527 Gygen,

554 1553 621 1607 ad
662 1552 1040 1622 inquirendum
1073 1565 1372 1620 egressum,
1413 1549 1627 1603 viderit.
1681 1547 1907 1614 Quidam
1949 1557 2126 1601 tamen

555 1644 725 1714 ipsam
759 1641 968 1697 Tudunt
997 1642 1194 1696 dictant
1221 1641 1430 1708 volunt,
1454 1643 1542 1696 alii
1575 1641 1826 1712 Clytiam.
1854 1641 1997 1694 Abas
2029 1655 2129 1693 au-

554 1745 662 1790 tem
676 1733 821 1789 Abro
848 1743 1210 1803 nuncupatam
1239 1734 1423 1789 tradit.
1449 1734 1572 1788 Ideo
1616 1747 1744 1787 vero
1771 1733 1886 1800 ejus
1915 1732 2130 1786 femina:

555 1843 747 1882 nomen
777 1826 844 1880 ab
873 1824 1146 1880 Herodoto
1197 1825 1412 1881 silentio
1468 1840 1715 1896 pressum
1762 1825 1948 1890 aiunt,
1982 1823 2124 1893 quod

2228 638 2348 706 οὐχὶ
2379 637 2437 690 τὸ
2462 637 2556 690 τοῦ
2581 638 2856 707 Νεμεαίου
2880 636 3091 696 λέοντος
3125 633 3285 704 δέρας
3301 635 3609 708 ἠμπίσχετο,
3636 645 3750 701 ἀλλὰ

2227 729 2456 792 Λέοντός
2483 747 2627 793 τινος
2675 730 2794 791 ἐνὸς
2848 728 2958 780 τῶν
3001 727 3299 795 Γιγάντων,
3344 729 3433 779 ἐπὶ
3463 737 3752 805 μονομαχίας

2229 818 2595 890 προκλήσει⁷⁶
2640 818 2731 886 ὑφ’
2771 815 3102 886 Ἡρακλέους
3150 814 3506 882 ἀνῃρημένου.
3539 815 3651 888 [250
3675 821 3753 892 H.|

2239 909 2328 972 '0;
2357 908 2586 977 ἀδελφὸς
2616 903 2683 979 ἦν
2713 908 2740 958 6
2765 907 2979 978 δράκων
3017 905 3046 956 6
3070 903 3137 956 τὰ
3183 904 3362 972 χρυσᾶ
3403 904 3540 973 μῆλα
3581 908 3757 974 φυλάς-

2230 1019 2338 1054 σων
2358 1001 2404 1032 ⁷⁸
2420 1001 2512 1054 τοῦ
2534 998 2806 1068 Νεμεαίου
2835 998 3067 1058 λέοντος.
3113 997 3184 1058 Ως
3199 997 3226 1047 6
3242 995 3370 1065 παρ’
3410 991 3758 1070 ὈμήρῳἾρος

2229 1091 2458 1156 Βοιωτὸς
2499 1087 2588 1162 ἦν.
2632 1091 2721 1154 '0;
2773 1092 2807 1161 ὴ
2843 1086 3158 1143 Κανδαύλου
3191 1085 3346 1154 γυνὴ.
3383 1081 3460 1158 ’ἧς
3514 1086 3760 1157 Ἡρόδοτος

2227 1187 2287 1240 06
2318 1186 2465 1254 λέγει
2492 1183 2754 1254 τοῦνομα,
2789 1183 2968 1236 Νυσία
2989 1183 3032 1212 ⁷⁸
3055 1180 3301 1234 ἐκαλεῖτο
3325 1195 3338 1209 ·
3369 1179 3435 1250 ἣν
3466 1181 3554 1231 καὶ
3580 1181 3765 1251 δίκορον

2229 1279 2324 1332 καὶ
2347 1276 2765 1346 όξυωπεστάτην
2811 1274 2944 1344 φασὶ
2986 1272 3275 1342 γενέσθαι,
3316 1271 3405 1324 τὸν
3446 1271 3766 1344 δρακοντίτην

2229 1369 2585 1439 κτησαμένην
2632 1367 2802 1432 λίθον,
2853 1365 2933 1419 διὸ
3000 1366 3096 1418 καὶ
3146 1362 3428 1418 αἰσθέσθαι
3478 1363 3564 1416 τὸν
3615 1364 3769 1436 Γύγην

2229 1457 2445 1524 ἐξιόντα
2472 1459 2516 1490 ’⁷
2545 1457 2632 1511 διὰ
2666 1457 2774 1510 τῶν
2805 1456 2984 1526 θυρῶν
3011 1471 3022 1482 ·
3053 1454 3206 1510 ἄλλοι
3235 1453 3468 1506 Τονοδοῦν
3498 1453 3658 1525 αὐτὴν
3687 1474 3771 1510 κα-

2229 1550 2459 1615 λεῖσθαι,
2496 1550 2545 1602 οἱ
2589 1549 2646 1602 δὲ
2698 1549 2957 1610 Κλυτίαν,
3017 1547 3190 1610 Ἀὅας
3247 1545 3302 1600 δὲ
3376 1543 3552 1614 Ἀδρὼ
3597 1547 3776 1616 ταύτην

2231 1642 2536 1698 καλεῖσθαι.
2581 1640 2810 1710 Σιγῆσαι
2841 1640 2897 1692 δέ
2956 1637 3197 1707 τοῦνομά
3249 1653 3382 1705 φασι
3424 1635 3522 1704 τῆς
3551 1638 3776 1703 γυναικὸς

2231 1735 2325 1789 τὸν
2369 1734 2671 1806 Ἡρόδοτον,
2704 1731 2827 1784 ἐπεὶ
2857 1733 2885 1785 6
2922 1731 3198 1802 ἐρώμενος
3253 1727 3538 1798 Ἡροδότου
3571 1727 3778 1801 Πλησίρο

2236 1827 2356 1896 ροος
2377 1822 2586 1885 Νυσίας
2615 1823 2661 1853 ⁷⁸
2707 1820 2935 1890 ὀνόματι
2977 1818 3254 1891 ἐρασθεὶς,
3302 1816 3705 1886 Ἀλικαρνασίας
3731 1819 3779 1870 τὸ

557 1934 678 1973 cum
702 1917 818 1986 ejus
846 1920 1088 1972 amasius
1111 1917 1449 1972 Plesirrltons
1468 1916 1716 1989 Nyssiam
1745 1917 1964 1972 nomine
1991 1917 2128 1970 ami-

2241 1917 2410 1986 γένος,
2434 1915 2557 1968 ἐπεὶ
2585 1912 2661 1986 μὴ
2689 1913 2842 1983 τύχοι
2870 1911 2972 1981 τῆς
3005 1911 3250 1982 ἑταίρας,
3294 1910 3396 1962 οὐκ
3427 1908 3778 1978 ἀνεχόμενοςτι

555 2026 674 2064 cant
709 2009 953 2074 haberet,
980 2007 1446 2063 Halicarnasseam
1479 2023 1698 2079 genere,
1724 2023 1822 2063 nec
1851 2023 1911 2062 ea
1944 2008 2128 2078 putiri,

557 2101 828 2170 repulsam
862 2115 1076 2171 passus,
1113 2101 1396 2170 potuisset,
1432 2102 1496 2156 de
1530 2101 1795 2170 superiori
1820 2101 1937 2154 loco
1968 2101 2133 2153 vitam

556 2193 660 2247 sibi
710 2191 900 2261 laqueo
953 2192 1249 2260 abruperit.
1309 2191 1448 2247 Hinc
1502 2192 1649 2248 velut
1703 2193 1968 2254 odiosum,
2015 2191 2134 2260 ejus

558 2281 756 2351 ubique
784 2293 977 2334 nomen
1012 2279 1273 2350 refugisse
1294 2279 1651 2338 Herodotum.
1674 2282 1971 2337 Centauros
1994 2280 2132 2336 Her-

557 2375 729 2429 culem
761 2373 1027 2444 fugientes
1056 2389 1149 2440 per
1175 2372 1498 2443 Tyrseniam
1529 2374 1668 2426 fame
1694 2373 1944 2442 periisse,
1977 2373 2131 2427 suavi

559 2463 874 2517 Sirenarunt
907 2461 1018 2532 (94)
1047 2473 1208 2515 cantu
1259 2462 1536 2532 deceptos.
1566 2462 1840 2516 Abderunt
1889 2462 2136 2518 Herculis

557 2554 845 2620 amasium,
899 2551 1128 2607 Patrocli
1167 2552 1391 2607 fratrem
1431 2553 1618 2607 fuisse.
1654 2553 1919 2622 Epipolim
1955 2555 2137 2624 .Cary-

557 2647 742 2710 stiam,
773 2642 1099 2698 Tracltionis
1133 2645 1320 2709 filiam,
1341 2643 1660 2698 muliebrem
1682 2661 1869 2699 sexum
1890 2646 2138 2700 dissimu-

559 2739 758 2793 lantem
789 2752 912 2791 cum
964 2736 1169 2791 Graecis
1201 2735 1484 2800 militasse,
1526 2736 1619 2790 sed
1657 2751 1752 2806 per
1786 2736 2133 2791 Palamedem

561 2830 776 2884 tandem
803 2828 1098 2893 detectam,
1125 2842 1155 2880 a
1189 2826 1394 2881 Graecis
1416 2827 1666 2881 obrutam
1697 2843 1817 2882 esse
1848 2828 2134 2897 lapidibus.

561 2922 678 2988 Quo
711 2931 953 2988 tempore
988 2918 1296 2973 Alexander
1332 2917 1596 2972 Helenam
1645 2920 1909 2987 rapiebat,
1953 2918 2140 2973 Mene-

563 3011 704 3065 laum
737 3009 1013 3080 Gortynae,
1046 3008 1188 3077 quod
1224 3007 1561 3062 Cretensium
1598 3009 1850 3078 oppidum
1881 3018 1984 3073 cst,
2018 3007 2138 3063 Jovi

562 3101 915 3156 hecatomben
961 3098 1291 3152 immolasse.
1339 3096 1681 3152 Palamedem
1723 3115 1820 3168 pro
1847 3100 2140 3170 Agamem-

562 3208 701 3247 none
723 3191 925 3248 Grazcis
944 3191 1256 3261 imperasse.
1275 3189 1409 3245 Cum
1437 3191 1578 3246 enim
1600 3191 1651 3245 itt
1670 3192 1914 3247 Aulidem
1931 3193 2140 3248 delatus

562 3289 928 3356 Agamemnon
1001 3291 1267 3353 agrestem
1320 3298 1584 3353 capram,

562 3378 672 3434 telo
700 3376 1036 3441 conﬁxisset,
1067 3384 1229 3442 atque
1269 3373 1400 3428 hinc
1443 3372 1639 3444 151a
1666 3374 1870 3429 Graecis
1911 3377 2139 3446 naviga-

563 3474 711 3529 tione
745 3473 1032 3544 proltibitis
1069 3467 1302 3525 Calchas
1345 3478 1495 3522 vates
1523 3470 1907 3539 respondisset,
1941 3470 2138 3540 placari

563 3580 784 3630 numen,
809 3561 1342 3633 expiariqnemalum
1367 3575 1545 3630 posse,
1570 3561 1612 3615 si
1644 3560 2004 3631 lpltigcneiam
2030 3562 2138 3634 (95)

566 3659 732 3712 ﬁliam
767 3656 1014 3724 Neptuno
1046 3653 1352 3708 immolaret
1383 3652 1788 3722 Agamemnon:
1817 3655 2140 3709 detrectanti

568 3752 620 3805 id
653 3749 835 3804 facere
866 3745 1129 3815 indignati
1176 3744 1349 3800 Grazci
1399 3746 1682 3814 imperium
1719 3746 2055 3811 ademerunt,
2087 3757 2142 3802 et

567 3839 910 3896 Palamedem
954 3853 1135 3909 regem
1184 3846 1461 3892 crearunt.
1511 3837 1673 3891 Addit
1731 3837 2064 3892 Philocteteu
2111 3855 2141 3894 a

566 3941 820 4000 serpente
855 3943 1169 4000 percussum
1189 3929 1418 3997 periisse
1449 3943 1463 3980 :
1498 3937 1550 3982 et
1571 3927 1818 3981 Paridem
1845 3945 1873 3981 a
1901 3927 2144 3982 Menelao

570 4027 748 4078 femur
773 4021 928 4076 hasta
952 4021 1140 4085 ictum,
1179 4022 1588 4089 interempumt.
1623 4020 1897 4074 Demetrio
1921 4018 2142 4094 [inquit]

578 4115 805 4184 Scepsio
867 4122 1105 4178 mortuo,
1162 4111 1387 4167 Tellidis
1441 4111 1635 4166 librum
1689 4110 1758 4166 ad
1802 4121 1962 4180 caput
2026 4112 2144 4180 ejus

569 4217 844 4278 repertum
902 4204 1084 4260 ferunt
1140 4221 1154 4258 :
1204 4213 1259 4258 ut
1323 4212 1376 4257 et
1419 4203 1698 4258 Alcntanis
1740 4213 1987 4258 natantes
2031 4204 2144 4275 (96)

581 4292 864 4368 [feminas]
911 4295 977 4347 ad
1027 4293 1259 4347 cervical
1294 4290 1581 4363 Titonychi
1633 4292 2009 4348 Chalcidensis
2044 4311 2059 4348 :
2091 4304 2144 4348 et

573 4384 850 4457 Eupolidis
874 4383 983 4456 (97)
1015 4383 1422 4457 Hybristodicas
1449 4384 1560 4454 (98)
1592 4384 1657 4438 ad
1699 4383 1932 4454 Ephialti
1963 4395 2142 4454 caput.

570 4479 886 4548 Cratinique
936 4478 1178 4533 Ennidas
1207 4475 1314 4547 (99)
1357 4478 1497 4545 apud
1547 4477 1916 4531 Alexandrum
1967 4476 2148 4532 Mace-

574 4575 776 4628 donum
813 4588 1018 4644 regem.
1050 4573 1128 4627 Ita
1175 4570 1395 4626 Hesiodi
1446 4586 1608 4638 opera
1650 4578 1706 4622 et
1738 4570 1854 4624 dies
1889 4569 2148 4627 Seleucus

1657 3281 1840 3339 Dianae
1887 3300 2094 3339 sacram
2123 3323 2138 3349 ,
2167 3281 2211 3340 α

2240 2008 2419 2080 βρόχῳ
2483 2007 2674 2060 ἐαυτὸν
2737 2007 3044 2076 ἀνήρτησε·
3100 2003 3180 2056 διὸ
3228 2002 3273 2033 ⁸⁸
3332 1999 3662 2070 φυλάξασθαι
3723 2001 3780 2064 ὡς

2237 2099 2474 2169 ἀπεχθὲς
2494 2099 2538 2130 ⁸⁸
2572 2099 2746 2151 εἰπεῖν
2799 2097 2862 2149 τὸ
2909 2097 3008 2166 τῆς
3041 2093 3250 2156 Νυσίας
3285 2092 3460 2162 ὄνομα
3503 2090 3780 2162 Ἡρόδοτον.

2251 2193 2338 2256 '0;
2371 2194 2422 2245 oi
2449 2192 2757 2260 Κένταυροι
2791 2189 3090 2260 φεύγοντες
3146 2187 3428 2256 Ἠρακλέα
3460 2185 3548 2238 διὰ
3599 2185 3782 2256 Τυρση-

2239 2287 2358 2350 νίας
2385 2286 2530 2356 λιμῷ
2549 2284 2937 2354 διεφθάρησαν,
2963 2282 3276 2355 θελχθέντες
3297 2279 3406 2332 ὑπὸ
3431 2278 3532 2347 τῆς
3549 2279 3786 2349 Σειρήνων

2241 2378 2570 2450 ήδυφωνίας.
2619 2376 2708 2438 '0;
2773 2373 3044 2443 ’Δϐδηρος
3088 2374 3116 2424 ὁ
3156 2369 3496 2442 Ἡρακλέους
3548 2363 3789 2439 ἐρώμενος

2239 2469 2468 2537 ἀδελφὸς
2505 2464 2574 2540 ἦν
2618 2466 2956 2536 Πατρόκλου.
3003 2465 3090 2527 '0;
3140 2461 3406 2532 Ἐπιπόλη
3449 2462 3483 2530 ὴ
3516 2461 3791 2531 Καρυστία,

2242 2563 2276 2633 ἡ
2325 2563 2640 2633 Τραχίωνος
2689 2559 2961 2629 θυγάτηρ,
3004 2559 3326 2625 κρύπτουσα
3365 2555 3466 2623 τὴν
3507 2552 3794 2620 γυναικείαν

2243 2656 2406 2723 φύσιν
2437 2652 2898 2723 συνεστρατεύετο
2956 2651 3070 2712 τοῖς
3123 2647 3378 2716 Ἕλλησι,
3423 2645 3718 2716 μηνυθείσα
3759 2643 3793 2696 δ’

2245 2747 2352 2802 ὑπὸ
2408 2745 2775 2815 Παλαμήδους
2815 2742 2920 2795 ὑπὸ
2967 2741 3078 2793 τῶν
3118 2738 3395 2808 Ἑλλήνων
3465 2734 3794 2803 κατελεύσθη.

2255 2841 2344 2903 '0;
2388 2837 2737 2906 Ἀλεξάνδρου
2769 2833 3106 2906 ἁρπάζοντος
3142 2831 3364 2901 Ἑλένην
3389 2829 3436 2861 ⁸³
3473 2827 3799 2890 Μενέλαοςὲη

2246 2931 2490 3003 Γορτύνῃ
2523 2929 2624 2998 τῆς
2689 2929 2912 2999 Κρήτης
2973 2924 3286 2995 ἑκατόμϐην
3317 2923 3446 2976 έθυε
3479 2921 3558 2993 τῷ
3590 2922 3688 2976 Διί.
3731 2921 3800 2984 '0;

2248 3021 2583 3092 Παλαμήδης
2610 3019 2723 3072 ἀντ’
2757 3017 3167 3087 Ἀγαμέμνονος
3208 3014 3486 3086 Ἐλλήνων
3513 3012 3766 3083 βασιλεύοι
3786 3027 3800 3040 ⁸

2247 3114 2305 3166 ἐν
2363 3110 2550 3164 Αὐλίδι
2597 3111 2707 3180 γὰρ
2762 3107 3214 3178 παραγενόμενος
3274 3105 3652 3175 Ἀιγοιιδιέμνων⁴
3695 3099 3802 3167 αἶγα

2247 3202 2446 3272 ἀγρίαν
2498 3201 2651 3272 ἱερὰν
2711 3199 3026 3271 Ἀρτέμιδος
3071 3195 3453 3262 κατατοξεύοι,
3502 3195 3719 3257 ἀπλοίας
3759 3193 3804 3246 δὲ

2245 3294 2544 3363 γενομένης
2596 3294 2709 3355 τοῖς
2740 3291 2966 3360 Ἕλλησι
2994 3290 3102 3362 χρᾷ
3127 3289 3172 3320 ⁸³
3218 3285 3448 3356 Κάλχας
3511 3287 3727 3356 λυθῆναι
3757 3284 3805 3336 τὸ

2246 3387 2440 3451 δεινὸν,
2466 3389 2514 3438 εἰ
2540 3383 2720 3436 θύσειε
2745 3385 2842 3454 τὴν
2875 3383 3156 3452 θυγατέρα
3200 3379 3536 3448 Ἰφιγένειαν
3594 3377 3806 3446 Ἀγαμέ-

2251 3497 2396 3550 μνων
2419 3476 2710 3532 Ποσειδῶνι
2736 3491 2750 3506 '
2788 3475 2882 3528 τοῦ
2911 3475 2969 3527 δὲ
3003 3475 3076 3545 μὴ
3110 3474 3522 3547 ἀνασχομένου,
3555 3471 3808 3540 ὀργισθέν-

2247 3588 2338 3635 τες
2383 3572 2431 3623 οί
2493 3569 2754 3638 ’Έλληνες
2797 3568 3083 3638 ἀφείλοντο
3131 3569 3300 3621 αὑτοῦ
3357 3569 3420 3621 τὸ
3473 3568 3694 3638 κράτος,
3733 3563 3812 3614 καὶ

2248 3660 2592 3730 κατέστησαν
2620 3659 2845 3729 βασιλέα
2876 3656 3234 3728 Παλαμήδην.
3267 3659 3402 3730 [485
3434 3658 3531 3729 Pu]
3571 3658 3654 3717 Ὠς
3681 3654 3811 3706 Φιλο-

2248 3755 2452 3823 κτήτης
2483 3752 2588 3804 ὑπὸ
2605 3751 2782 3822 δφεως
2808 3751 3040 3822 πληγεὶς
3064 3753 3332 3824 ἀνῃρέθη,
3351 3752 3451 3803 καὶ
3491 3747 3814 3815 Ἀλέξανδρος

2249 3843 2355 3895 ὑπὸ
2379 3843 2655 3896 Μενελάου
2673 3843 2859 3913 δόρατι
2890 3844 2982 3896 τὸν
3014 3861 3086 3914 μη
3097 3844 3187 3914 ρον
3213 3843 3448 3911 πληγεὶς
3473 3842 3684 3894 πίπτει.
3710 3839 3812 3890 Ὅτι

2247 3935 2676 4006 τελευτήσαντος
2711 3935 3028 4006 Δημητρίου
3075 3935 3173 3988 τοῦ
3209 3936 3456 4006 Σκηψίου
3513 3935 3575 3987 τὸ
3634 3931 3814 4002 βιὸλίον

2249 4025 2496 4089 Τέλλιδος
2533 4027 2670 4097 πρὸς
2702 4029 2768 4098 τῇ
2801 4027 3012 4098 κεφαλῇ
3039 4028 3208 4080 αὑτοῦ
3235 4027 3438 4099 εὑρέθη
3469 4043 3484 4058 ·
3512 4026 3610 4088 τὰς
3643 4024 3697 4076 δὲ
3723 4023 3813 4073 Ko-

2249 4111 2311 4164 λυ
2319 4112 2543 4182 μϐώσας
2582 4114 2919 4184 Ἀλκμάνους
2933 4115 2978 4145 ⁸⁵
2998 4115 3132 4186 πρὸς
3148 4119 3215 4186 τῇ
3236 4115 3452 4186 κεφαλῇ
3470 4117 3514 4168 Τ
3519 4136 3546 4168 υ
3558 4133 3647 4181 ρον
3657 4114 3760 4182 ίχου
3777 4111 3813 4141 ⁸⁵

2249 4204 2344 4258 τοῦ
2377 4205 2697 4270 Χαλκιδέως
2754 4207 3047 4277 εὑρεθῆναί
3105 4225 3266 4276 φασιν
3289 4209 3359 4272 ⁸⁸,
3413 4211 3546 4272 τοὺς
3576 4207 3620 4260 δ’
3659 4205 3817 4272 Ὑϐρι-

2253 4295 2506 4355 omam“
2556 4298 2849 4361 Εὐπόλιδοί
2915 4301 3052 4372 πρὸς
3108 4303 3173 4370 τῇ
3224 4300 3540 4368 Ἐφιάλτου,
3596 4297 3720 4360 τοὺς
3772 4293 3819 4345 δὲ

2252 4387 2508 4452 Εὑνείδας
2523 4390 2566 4421 ⁸⁷
2603 4391 2874 4460 Κρατίνου
2905 4393 3044 4464 πρὸς
3074 4395 3142 4462 τῇ
3180 4391 3541 4464 Ἀλεξάνδρου
3570 4390 3664 4444 τοῦ
3689 4389 3818 4458 βασι·

2251 4479 2388 4545 λέως
2441 4482 2767 4535 Μακεδόνων
2791 4483 2858 4548 ⁸⁸,
2911 4486 2982 4538 τὰ
3029 4485 3073 4537 δ’
3104 4487 3284 4553 Ἔργα
3305 4487 3404 4538 καὶ
3453 4486 3558 4548 τὰς
3598 4481 3818 4551 Ἡμέρας

2266 4573 2508 4626 Ἡσιόδου
2562 4574 2700 4644 πρὸς
2755 4578 2820 4646 τῇ
2878 4576 2972 4628 τοῦ
3031 4576 3297 4629 Σελεύκου
3355 4577 3458 4630 τοῦ
3538 4577 3820 4640 Νικάτορος

574 4663 842 4718 Nicatoris
887 4663 1030 4717 ﬁlius
1074 4663 1141 4716 ad
1183 4671 1344 4730 caput
1376 4675 1593 4731 semper
1626 4659 1886 4715 admovit.
1920 4660 2058 4726 Quin
2099 4675 2128 4714 e

2266 4669 2502 4739 κεφαλῇ.
2545 4670 2604 4722 '0
2670 4671 2850 4741 μέντοι
2904 4673 3200 4745 νομοθέτης
3252 4673 3540 4742 Ἀρκάδων
3574 4664 3822 4738 Κερκίδας

1854 4775 2093 4832 VARIAE
2124 4781 2419 4839 LECTION
2430 4784 2539 4841 ES.

645 4900 695 4932 ⁷⁵
722 4896 1085 4967 προσκλήσεις
1117 4913 1179 4959 ς’.

575 4971 663 5023 διὰ
702 4986 764 5032 ς.
840 4968 885 4998 ⁷⁸
928 4967 1172 5030 Νυσσίας
1201 4983 1260 5030 ς.
1303 4968 1381 5019 sic
1418 4969 1575 5020 intra.

574 5043 620 5073 ⁸⁸
677 5039 787 5092 Ἑλ.
848 5038 983 5108 ἁρπ.
1049 5054 1111 5100 ς.
1195 5037 1260 5108 7“
1310 5038 1476 5106 κιχρᾷ
1527 5053 1588 5100 ς’.

577 5110 742 5165 Henr.
779 5107 1021 5180 Valesius
1048 5107 1344 5180 (apnduos
1392 5108 1912 5180 Cnttnnentar._cri_t.
1977 5110 2028 5161 itt
2076 5110 2352 5166 Platonem
2393 5129 2444 5180 p.
2489 5112 2584 5178 Xi)
2615 5124 2669 5169 et
2693 5107 2925 5168 Nai-hius
2989 5114 3250 5180 (Chmril.
3294 5107 3448 5166 Sitnt.

576 5181 803 5254 oiiettdil
838 5179 1105 5254 Klt__5tfj_fu_5_
1138 5177 1289 5254 StIidA-
1321 5191 1371 5254 νς
1424 5176 1708 5254 Ἀλκμάν.Δ
1729 5246 1741 5254 _
1764 5176 1810 5207 ⁸⁸
1832 5177 1949 5254 εᾼρρ.
1977 5180 2140 5254 φηςιν
2169 5181 2215 5233 A
2243 5176 2454 5254 εγφασὶν
2499 5176 2617 5254 εὑρ.
2653 5201 2715 5248 ς.
2745 5185 2870 5247 τοὺς
2904 5176 3152 5238 Valesius
3193 5202 3208 5240 ε
3242 5182 3364 5238 libri
3396 5176 3524 5246 τάξ.

1254 4897 1299 4928 ⁷⁸
1326 4894 1354 4948 ὁ
1419 4895 1542 4964 φυλ.
1606 4894 1674 4946 τὰ
1702 4913 1794 4966 χρ.
1829 4896 1976 4965 μῆλα
2003 4899 2219 4968 δράκων
2278 4901 2509 4972 ἀδελφὸς

1254 5007 1260 5018 .
1303 4968 1381 5019 sic
1418 4969 1575 5020 inira.
1659 4968 1702 4997 ⁷⁸
1729 4969 2096 5025 ἁνεσγομένης
2129 4971 2323 5025 ὑψόθεν
2353 4973 2509 5025 Βοόγι,

1683 4973 1702 4997 ⁸
1729 4973 2096 5037 ἁνεσχομένης
2129 4973 2323 5039 ὑψόθεν
2353 4973 2534 5043 βρόχῳ
2565 4991 2624 5037 ς.

1683 5037 1730 5067 ⁸³
1782 5037 2082 5107 Ἀλκμᾶνος
2145 5042 2517 5098 Casaubonus.
2623 5063 2624 5070 ‘

2563 4897 2633 4972 ἦν
2661 4920 2720 4967 ς’.
2797 4905 2842 4935 ’⁷⁸
2872 4903 3057 4956 Μυσία
3087 4921 3146 4966 ς.
3171 4904 3216 4935 ⁷⁷
3247 4903 3467 4968 ἐξιόντα
3502 4902 3584 4964 είς
3616 4899 3827 4972 ζητησιν

2703 4973 2748 5005 ⁸⁰
2776 4975 2856 5026 διὸ
2891 4975 2984 5026 καὶ
3012 4973 3136 5039 φυλ.
3173 4991 3233 5037 ς’.
3343 4973 3385 5003 ⁸⁸
3446 4971 3722 5040 ἀπεχθέον
3773 4985 3824 5031 ς.

2623 5045 2667 5077 ⁸⁸
2693 5045 2975 5114 τυρονίχου
3011 5045 3055 5096 Α
3081 5063 3093 5098 :
3127 5042 3444 5114 Τιτωνλύχου
3488 5060 3552 5105 ς.
3584 5040 3827 5114 Τυννίχου

3487 5130 3542 5181 p.
3591 5111 3703 5181 '59).
3736 5126 3827 5162 non

3487 5201 3524 5232 :.
3604 5181 3649 5212 ⁸⁷
3717 5178 3827 5232 libri

3739 5193 3827 5232 ΙυΙΊ

577 5251 791 5312 εὺνίδας
825 5267 840 5305 ι
877 5249 948 5302 cl'.
982 5247 1190 5303 Muller.
1249 5245 1505 5301 Orcltont.
1548 5245 1599 5315 p.
1645 5246 1769 5301 504.
1846 5245 2218 5317 ⁸³“μακεδόνος
2255 5245 2321 5306 Α.

2099 5365 2336 5425 NOTAE.

650 5467 761 5539 (92)
793 5465 912 5521 Lib.
949 5481 991 5531 I,
1019 5477 1106 5517 tlDl
1160 5474 1374 5515 onmem
1412 5475 1547 5530 pene
1585 5459 1649 5514 de
1677 5460 1827 5533 Gyge
1865 5459 2152 5516 hiatoriam

578 5537 762 5676 Ιθίῗθέ)
793 5603 928 5676 fide
959 5618 1104 5672 supr.
1137 5602 1188 5654 in
1223 5609 1462 5670 excerpl.
1489 5614 1551 5653 ex
1575 5600 1670 5655 iih.
1707 5617 1789 5655 tu.

649 5674 765 5810 (94')
794 5674 930 5726 Vide
961 5684 1014 5727 et
1042 5687 1156 5740 seq.
1190 5685 1314 5740 pag.

651 5748 742 5810 (95
785 5744 1125 5810 'l‘rugwdiant
1153 5742 1292 5794 hanc
1326 5740 1509 5795 docuit
1541 5739 1665 5793 Euri

785 5739 1292 5814 'l‘rugwtliantlltauc
1326 5740 1509 5795 docuit
1541 5739 1725 5808 Enrip.

653 5810 765 5885 (96)
797 5810 916 5874 Τὰς
939 5810 1299 5885 κολυμϐώσας
1327 5827 1340 5842 ο
1371 5827 1598 5884 quarunt
1629 5813 1791 5866 etiam
1826 5811 2021 5866 Suidas
2049 5825 2152 5865 me-

583 5883 753 5940 mittit
773 5898 898 5937 νοοε
921 5883 1157 5935 Alcman.

2338 5464 2450 5536 (97)
2494 5464 2626 5535 Ejus
2681 5465 2847 5518 vitam
2903 5463 3117 5532 collegit
3153 5461 3258 5516 Lil.
3291 5461 3572 5531 Gyraldus
3599 5457 3742 5512 Dial.
3766 5471 3830 5517 \-'l,

2265 5545 2323 5588 ut
2357 5547 2410 5586 et
2439 5536 2670 5589 Cratini.

2334 5604 2444 5673 (98')
2493 5603 2930 5675 Ὑϐριστοδίκαι,
2974 5605 3021 5656 οἱ
3051 5602 3473 5675 μὴᾲβουλόμενοι
3530 5598 3634 5675 τᾲς
3686 5595 3829 5675 δίκας

2261 5667 2609 5743 είσάγαγεῑνξ
2633 5678 2773 5744 apud
2813 5674 3015 5728 Polluc.
3048 5667 3330 5742 et'llesyd.
3356 5673 3484 5725 vide
3527 5670 3718 5738 Sigou.
3767 5667 3830 5716 De

2259 5747 2473 5812 magisl.
2512 5747 2696 5797 Iit/ten.

2332 5801 2444 5882 (99)
2478 5815 2729 5877 Εὐνείδας
2763 5814 2916 5882 γένος
2946 5831 2999 5866 τι
3037 5812 3292 5883 Ἀθήνῃσι
3322 5801 3828 5879 κιθαριστῶν.νίιΙε

2263 5883 2501 5954 llcsycb.
2539 5902 2602 5938 ac
2645 5887 2880 5954 Suid.get
2915 5896 3150 5937 (citantur
3181 5891 3245 5936 ab
3274 5883 3478 5940 Athett.
