4022 6448
312 288 420 351 625

1400 297 1924 360 BIBLIOTHECA.
1964 325 2036 336 -
2068 301 2237 364 COD.
2265 305 2426 366 CXC.

3462 313 3567 376 626

309 410 656 476 συεθταφῆναι
685 408 830 478 αὐτῷ
858 406 918 460 τὺ
957 409 998 460 Α
1033 410 1127 462 καὶ
1157 411 1198 462 Β
1226 408 1272 442 ⁸⁵
1303 411 1405 482 τῆς
1447 414 1666 478 Ἰλιάδος
1696 415 1889 468 κελεύς

2006 417 2264 473 Arcadum
2296 419 2574 490 legislator
2591 421 2851 480 Cercidas
2886 424 3091 480 tumqu
3113 441 3217 480 suo
3247 429 3478 495 primum
3513 442 3568 487 et

238 542 244 547 .
307 515 453 551 σειεν
478 514 493 529 ο
530 499 560 550 6
597 498 654 550 δὲ
689 499 969 567 Πομπήϊος
1027 500 1054 552 6
1110 501 1330 567 Μάγνος
1366 503 1475 556 οὐδ’
1511 506 1593 568 είς
1652 505 1891 574 πόλεμον

305 592 489 660 προῖοι
513 592 562 624 ὀ
618 590 749 662 πρὶν
777 593 840 644 ἂν
879 590 938 644 τὸ
966 590 1072 642 Λθί
1111 594 1210 664 τῆς
1271 594 1490 659 Ἰλιάδος
1533 596 1891 666 ἁναγνώσειε,

307 682 557 753 ζηλωτὴς
585 682 663 736 ὢν
701 685 1106 756 Ἀγαμέμνονος
1130 702 1146 718 ο
1177 688 1205 739 6
1237 686 1294 739 δὲ
1329 688 1601 756 Ῥωμαῖος
1631 689 1888 758 Κικέρων

306 774 554 843 Μήδειαν
593 775 881 845 Εὐριπίδου
910 777 1320 846 ἀναγινώσκων,
1339 780 1397 832 ἐν
1429 781 1630 851 φορείῳ
1653 782 1892 851 φερόμε-

308 883 418 927 νος,
481 865 832 938 ἀποτμηθείη
887 868 986 939 τὴν
1053 870 1338 941 κεφαλήν·
1373 872 1449 936 ὡς
1514 873 1804 943 Διόγνητος
1862 875 1891 927 6

308 960 489 1030 Κρὴς.
535 958 565 1014 5
603 959 839 1028 πύκτης,
896 961 1126 1032 νικήσας
1163 961 1224 1014 ού
1278 961 1434 1016 λάϐοι
1467 961 1559 1016 τὸν
1598 962 1888 1030 στέφανον,

315 1049 462 1103 ἀλλὰ
483 1052 576 1104 καὶ.
609 1050 828 1122 ὲλαθείη
855 1051 960 1103 ὑπὸ
994 1051 1240 1116 Ἠλείων,
1277 1052 1412 1106 διότι
1445 1055 1473 1107 6
1510 1053 1756 1122 νικηθεὶς
1793 1055 1891 1107 καὶ

323 1143 624 1214 ἀναιρεθεὶς
649 1142 743 1196 ὑπ’
783 1144 951 1198 αὑτοῦ
999 1144 1275 1216 Ἡρακλῆς
1303 1145 1552 1199 ἐκαλεῖτο
1579 1147 1889 1215 όμωνυμῶν

331 1239 413 1308 τῷ
447 1240 579 1307 ἥρωϊ
606 1253 619 1267 ’
641 1236 834 1290 τοῦτον
865 1237 957 1290 τὸν
982 1239 1270 1308 Διόγνητον
1301 1240 1374 1302 ὡς
1405 1240 1563 1310 ἥρωα
1595 1240 1814 1311 Κρῆτες
1843 1241 1889 1272 ⁹¹

333 1331 572 1398 τιμῶσιν.
612 1328 736 1382 Ὅτι
774 1330 836 1382 τὸ
884 1329 1202 1402 Ὁμηρικὸν,
1237 1330 1635 1402 τιτρώσκεσθαι
1672 1331 1895 1403 μέλλον-

331 1437 452 1484 τος.

322 1591 475 1645 οὐδὲ
503 1593 709 1659 σέθεν,
741 1594 1029 1660 Μενέλαε,
1074 1597 1196 1650 θεοὶ
1231 1597 1498 1667 μάκαρες
1541 1599 1892 1664 λελάθοντο,

314 1682 508 1736 τοῦτον
537 1684 634 1739 τὸν
697 1685 878 1755 στίχον
930 1685 1258 1758 παρῴδησεν
1309 1691 1338 1741 ὁ
1377 1690 1576 1752 Πύθιος
1607 1691 1893 1761 Μενέδημε

1993 508 2293 564 secundum
2341 509 2534 564 Iliados
2581 509 2776 565 librum
2823 511 3009 568 inferri
3059 513 3252 580 jussit.
3281 517 3568 588 Pompeius

1993 612 2210 668 quoque
2266 597 2493 668 Magnus
2529 615 2637 654 non
2668 601 2818 668 prius
2861 601 2912 656 in
2949 604 3332 673 expeditiones
3375 611 3562 664 tende-

1993 689 2107 755 bat,
2168 706 2330 760 quam
2391 691 2621 760 primum
2687 691 2886 749 Iliados
2939 693 3138 750 librum
3215 699 3566 768 perlegisset,

1994 783 2134 850 quod
2161 783 2381 837 aemulus
2411 792 2580 848 esset,
2619 783 2972 854 imitatorqtte
3008 787 3452 856 Agamemnonis.
3477 792 3568 846 Ci-

1995 874 2120 927 cero
2149 875 2274 929 item
2311 873 2589 931 Romanus
2613 874 2888 946 Euripidis
2915 875 3155 933 Medeam
3197 880 3475 945 evolvens,
3513 883 3566 935 in

1995 962 2212 1027 lectica,
2252 980 2357 1034 qua
2399 967 2739 1036 gestabatur,
2780 967 2958 1036 capite
2988 975 3268 1024 truncatus
3295 979 3400 1024 est.
3438 970 3565 1025 Dio-

1995 1065 2189 1124 gnetus
2217 1054 2500 1110 Cretensis
2539 1055 2665 1129 [ait]
2696 1057 2934 1125 pugilatu
2961 1057 3156 1124 victor,
3183 1074 3440 1114 coronam
3463 1076 3567 1114 non

1994 1143 2168 1197 solum
2197 1158 2302 1198 non
2339 1146 2573 1214 accepit,
2607 1149 2701 1202 sed
2732 1148 2895 1202 etiam
2923 1151 2991 1202 ab
3028 1148 3347 1205 Eleensibus
3380 1151 3580 1220 pulsus-

1996 1233 2114 1300 fuit,
2149 1246 2436 1306 propterea
2465 1238 2608 1307 quod
2640 1239 2837 1304 victus,
2871 1252 3150 1310 casusque
3185 1241 3255 1296 ab
3277 1241 3390 1304 illo,
3419 1257 3569 1296 com-

1995 1326 2140 1379 muni
2155 1326 2454 1392 cum,heroe
2469 1329 2689 1383 nomine
2704 1328 2967 1386 Hercules
2983 1329 3282 1400 appellatus
3297 1341 3400 1386 est.
3415 1330 3573 1387 Hunc

1993 1427 2175 1470 autem
2206 1418 2520 1486 Diognetnm
2543 1428 2600 1472 nt
2617 1420 2783 1474 heroa
2799 1420 3086 1475 Cretenses
3100 1422 3309 1476 colunt.
3328 1419 3575 1476 Homeri-

1993 1525 2114 1564 cum
2139 1509 2288 1563 illum
2313 1525 2526 1564 versum
2547 1513 2612 1565 de
2632 1511 2856 1582 jamjam
2883 1511 3214 1567 vulnerando
3245 1511 3531 1585 [Menelao]
3558 1531 3573 1568 :

2212 1603 2345 1670 Nec,
2367 1602 2624 1668 Menelae,
2649 1604 2726 1657 tui
2751 1604 2948 1658 duxere
2969 1604 3165 1658 obliuia
3191 1604 3348 1668 Divi;

1997 1691 2144 1748 hunc
2172 1692 2444 1766 [inquam]
2493 1710 2710 1749 versum
2738 1710 2834 1764 per
2859 1695 3139 1764 parodiam
3172 1694 3424 1764 Pythius,
3449 1709 3573 1750 mu-

311 1774 432 1827 ἀντὶ
479 1774 577 1828 τοῦ
609 1775 659 1807 ⁸³
684 1776 952 1830 Μενέλαε.
981 1777 1264 1847 Προετάθη
1305 1779 1362 1831 δὲ
1394 1781 1454 1832 τὸ
1484 1780 1708 1850 ζήτημα
1746 1780 1900 1849 παρὰ

2006 1792 2112 1838 tato
2139 1783 2367 1840 Menelai
2402 1785 2623 1840 nomine
2668 1784 2724 1839 in
2755 1785 3079 1852 Menedemi,
3119 1786 3430 1857 usurpavit.
3469 1785 3576 1840 Po-

309 1865 530 1918 δεῖπνον
552 1866 867 1934 Αὐγούστου
896 1865 990 1926 τοῦ
1015 1867 1300 1936 βασιλέως,
1331 1871 1482 1922 ποῖον
1510 1869 1689 1940 στίχον
1734 1869 1902 1941 Ὀμή-

315 1975 410 2027 ρου
429 1957 480 1989 “
505 1958 830 2030 παρῴδησεν
848 1960 876 2012 ό
905 1960 1174 2032 χρησμὸς,
1208 1961 1301 2015 καὶ
1317 1960 1400 2023 τίς
1421 1962 1570 2014 ἐστιν
1590 1964 1617 2015 6
1644 1961 1763 2032 [25!
1801 1961 1900 2035 11.]

314 2053 372 2102 ὲν
413 2053 499 2122 τῷ
525 2043 536 2057 ⁸
551 2050 789 2123 χρησμῷ
823 2053 1227 2124 ἱστορούμενος.
1289 2054 1400 2107 Καὶ
1455 2053 1532 2116 ὡς
1583 2055 1902 2124 Μενέδημος

325 2140 548 2206 Ἠλεῖος
576 2143 778 2198 Βουνέα
810 2145 923 2196 υἱὸν
962 2144 1243 2208 ὑπέδειξεν
1307 2144 1572 2214 Ἠρακλεῖ
1629 2147 1758 2216 περὶ
1802 2147 1903 2214 τῆς

317 2234 650 2303 καθάρσεως
681 2235 775 2288 τοῦ
821 2236 1030 2304 Αὐγέου
1057 2237 1103 2269 ³⁵
1143 2238 1371 2307 κόπρου,
1431 2235 1575 2289 ὥστε
1631 2238 1904 2308 ἀποστρέ-

314 2324 419 2393 ψαι
442 2326 539 2378 τὸν
561 2324 837 2395 ποταμόν·
866 2325 926 2379 ὃν
957 2326 1052 2378 καὶ
1085 2327 1446 2396 συμμαχῆσαι
1493 2325 1775 2397 Ἠρακλεῖ.
1814 2325 1901 2378 Ἑν

316 2418 399 2488 τῷ
442 2418 584 2489 πρὸς
607 2419 821 2487 Αὐγέαν
850 2419 1074 2490 πολέμῳ
1119 2420 1272 2488 φασὶ,
1325 2420 1422 2473 καὶ
1453 2419 1500 2452 ³⁸
1543 2418 1901 2490 ἀναιρεθέντα

317 2513 566 2581 ταφῆναι
629 2511 688 2564 ὲν
747 2511 978 2581 Λεπρέῳ
1001 2513 1047 2543 ’⁷
1102 2510 1254 2582 παρὰ
1306 2510 1517 2580 πεύκης
1537 2510 1606 2542 ⁸⁷·
1676 2511 1898 2581 δένδρῳ.

331 2604 553 2670 Ἀγῶνα
583 2603 638 2656 δὲ
663 2604 775 2666 θεὶς
799 2603 884 2656 ἐπ’
909 2601 1058 2673 αὐτῷ
1087 2601 1366 2675 Ἡρακλῆς
1402 2601 1668 2655 ἐπάλαισε
1692 2601 1862 2674 Θησεῖ
1885 2617 1899 2632 ⁸

323 2695 620 2758 ίσοπαλοΰς
643 2693 698 2748 δὲ
719 2693 811 2747 τοῦ
856 2693 1068 2760 ἀγῶνος
1105 2692 1402 2761 γενομένου
1447 2692 1658 2767 ἐρρήθη
1683 2694 1729 2726 ⁸⁸
1751 2695 1904 2765 παρὰ

319 2787 434 2839 τῶν
465 2784 674 2840 Beat:th
701 2786 828 2856 περὶ
853 2783 948 2838 τού
978 2785 1202 2856 Θησέως
1223 2800 1237 2815 ·
1267 2786 1493 2850 ’Ἄλλος
1519 2779 1698 2851 οὗτος
1738 2785 1902 2854 Ἠρα-

322 2875 508 2946 κλῆς.
540 2877 664 2930 Ὀτι
705 2877 979 2929 Φαντασία
1020 2893 1105 2938 τις
1149 2876 1429 2945 Μεμφῖτις
1480 2874 1760 2946 Νικάρχου
1808 2875 1904 2928 Ου-

323 2969 509 3039 γάτηρ
551 2966 804 3032 συνέταξε
838 2968 944 3040 πρὸ
981 2967 1226 3037 Ὀμήρου
1260 2967 1350 3019 τὸν
1391 2965 1621 3019 Ἰλιακὸν
1663 2966 1903 3034 πόλεμον

321 3061 423 3114 καὶ
453 3060 554 3131 τὴν
592 3059 722 3130 περὶ
771 3059 1086 3120 Ὀδυσσείας
1120 3058 1378 3128 διήγησιν
1401 3074 1415 3087 θ
1439 3058 1535 3112 καὶ
1578 3060 1904 3113 ἀποκεῖσθαι

321 3169 463 3220 φασι
492 3153 590 3215 τὰς
617 3150 832 3220 βίϐλους
886 3151 944 3202 ἐν
975 3150 1248 3219 Μέμφιδι,
1281 3150 1531 3220 Ὅμηρον
1563 3150 1619 3204 δὲ
1657 3167 1905 3222 παραγε-

321 3245 574 3312 νόμενον,
611 3243 705 3297 καὶ
743 3241 813 3295 τὰ
854 3241 1165 3312 ἀντίγραφα
1203 3239 1438 3295 λαϐόντα
1474 3241 1626 3313 παρὰ
1674 3241 1906 3296 Φανίτου

321 3333 422 3387 τοῦ
456 3331 968 3405 ἱερογραμματέως,
1008 3329 1264 3396 συντάξαι
1300 3331 1528 3395 ἐκείνοις
1567 3331 1903 3396 ἀκολούθως.

337 3425 432 3486 Ὧς
463 3425 695 3488 Ἀδωνις
724 3424 1048 3494 ἀνδρόγυνος
1068 3423 1358 3491 γενόμενος
1383 3422 1453 3476 τά
1486 3425 1584 3494 μὲν
1614 3424 1836 3494 ἀνδρεῖα
1861 3426 1907 3456 ⁸³

323 3515 469 3585 πρὸς
511 3513 832 3584 Ἀφροδίτην
870 3512 1138 3584 πράσσειν
1176 3511 1413 3581 ἐλέγετο,
1449 3513 1522 3566 τὰ
1557 3512 1767 3584 θηλυκὰ
1793 3515 1810 3545 ³
1850 3513 1908 3567 δὲ

322 3603 471 3675 πρὸς
521 3604 856 3660 Ἀπόλλωνα.

414 3695 504 3758 Ὠς
543 3695 778 3766 Ἀλφειῷ
805 3696 883 3768 τῷ
905 3700 1134 3772 ποδιαμῷ
1155 3699 1326 3772 γέρας
1356 3699 1703 3772 δωρούμενος
1737 3701 1908 3771 Ἦρα-

325 3785 491 3855 κλῆς,
519 3787 747 3856 νικήσας
774 3788 833 3842 ὲν
873 3789 1165 3862 Ὀλυμπίᾳ,
1202 3791 1297 3845 ἀπ’
1329 3790 1494 3844 αὐτοῦ
1517 3791 1540 3821 ³
1588 3791 1814 3846 ἐκάλεσε
1848 3792 1910 3844 τὸ

324 3880 480 3946 ἄλφα
524 3880 618 3933 καὶ
668 3879 935 3950 προέταξε
973 3882 1084 3935 τῶν
1133 3883 1436 3953 στοιχείων.
1482 3883 1605 3937 Ὀτι
1654 3884 1910 3955 φλυαρῶν

324 3966 491 4034 οὗτος
516 3972 544 4024 6
579 3971 948 4042 μυθογράφος,
968 3974 1195 4044 Μωσῆς,
1211 3976 1377 4045 φησὶν
1411 3975 1494 4041 ’,ό
1510 3974 1616 4028 τῶν
1643 3975 1911 4047 Ἑϐραίων

334 4064 641 4135 νομοθέτης
672 4063 837 4133 ἄλφα
875 4065 1123 4118 ἐκαλεῖτο
1167 4065 1255 4118 διὰ
1301 4065 1362 4118 τὸ
1411 4067 1613 4136 άλφοὺς
1644 4066 1787 4137 ἔχειν
1818 4067 1912 4121 ἐπὶ

325 4156 431 4208 τοῦ
468 4154 742 4225 σώματος.
794 4157 834 4209 Γ
838 4156 1053 4228 αλέριος
1082 4157 1138 4210 δὲ
1171 4157 1428 4228 Κράσσος
1477 4161 1506 4212 6
1554 4158 1850 4229 χιλίαρχος,
1883 4161 1913 4212 6

328 4246 430 4299 ἐπὶ
458 4247 710 4318 Τιϐερίου
759 4247 1061 4319 Καίσαρος,
1109 4245 1434 4321 [χιλίαρχος]
1460 4247 1628 4318 ,βῆτα
1668 4251 1914 4304 ἐκαλεῖτο

328 4335 509 4408 ἡδέως
545 4335 750 4408 σεύτλῳ
789 4337 1106 4408 χρώμενος,
1162 4337 1191 4390 ὃ
1247 4337 1311 4408 δὴ
1371 4337 1630 4408 βητάκιον
1682 4339 1911 4394 καλοῦσι

2001 1875 2105 1928 sita
2133 1885 2311 1930 autem
2333 1874 2436 1930 fuit
2462 1876 2691 1945 quaestio
2715 1877 2765 1930 in
2790 1891 2946 1932 ccena
2970 1878 3197 1948 Augusti
3222 1878 3576 1948 imperatoris

2002 1965 2216 2033 qualem
2246 1979 2468 2028 versum
2497 1965 2774 2019 oraculum
2800 1983 2897 2036 per
2914 1969 3192 2037 parodiam
3214 1968 3578 2034 enuntiasset,

2003 2066 2060 2109 et
2089 2056 2211 2124 quis
2250 2055 2475 2110 oraculo
2520 2057 2839 2111 referretur.
2878 2057 3254 2113 Menedemum
3293 2058 3578 2114 Eleensem

2003 2145 2201 2200 Buneae
2235 2146 2408 2200 ﬁlium
2433 2146 2613 2200 lerunt
2639 2148 2858 2202 Herculi
2888 2150 3196 2205 ostendisse
3241 2152 3581 2222 expurgandi

2003 2237 2198 2290 stabuli
2216 2237 2398 2307 Augaai
2419 2239 2711 2301 rationem,
2732 2247 2893 2306 atque
2918 2241 3051 2294 adeo
3074 2240 3273 2297 ﬁumen
3291 2243 3586 2298 avertisse.

2002 2327 2262 2383 Ellllldeln
2317 2345 2423 2382 una
2475 2345 2595 2383 cum
2646 2329 2880 2386 Hercule
2931 2331 3071 2386 bello
3116 2331 3371 2404 Augaeam
3413 2347 3586 2402 oppu-

2005 2433 2221 2488 gnasse,
2257 2418 2607 2475 interfectum
2661 2421 2827 2475 humo
2884 2436 3005 2478 esse
3055 2423 3332 2478 conditum
3376 2422 3428 2477 in
3477 2421 3586 2478 Le-

2003 2526 2155 2580 prco,
2190 2521 2412 2582 propter
2440 2513 2648 2582 piceam
2677 2512 2950 2568 arborem.
2981 2512 3236 2569 lnstituto
3255 2524 3436 2569 autem
3463 2516 3586 2586 ejus

2003 2616 2162 2655 causa
2194 2604 2518 2670 certamine,
2561 2601 2849 2658 Herculem
2893 2604 2967 2659 ibi
3015 2620 3140 2659 cum
3192 2605 3405 2661 Theseo
3457 2621 3581 2661 cer-

2005 2703 2168 2758 tasse,
2199 2708 2433 2762 cumque
2485 2694 2691 2748 viribus
2743 2709 2902 2762 pares
2953 2704 3174 2764 essent,
3225 2694 3496 2762 iactatum
3554 2709 3588 2748 a

2005 2784 2403 2849 spectatoribus
2458 2785 2524 2838 de
2571 2783 2831 2840 Theseo:
2867 2784 3015 2839 Alter
3063 2786 3146 2839 hic
3190 2785 3444 2840 Hercules
3485 2783 3590 2858 (l).

2005 2872 2352 2928 Pliantasiam
2400 2875 2552 2929 aiunt
2598 2876 2890 2946 quamdam
2926 2876 3298 2946 Memphitida,
3336 2877 3589 2933 Nicarchi

2008 2965 2171 3017 ﬁliam
2209 2976 2334 3018 ante
2363 2965 2650 3021 Homerum
2684 2967 2878 3037 1516
2907 2968 3125 3022 lliacum
3158 2968 3358 3023 bellum
3390 2980 3444 3024 et
3466 2983 3595 3023 nar-

2008 3056 2275 3108 rationem
2309 3057 2373 3109 de
2403 3053 2593 3126 Ulysse
2632 3058 3005 3127 composuisse
3038 3057 3139 3130 (9.),
3181 3059 3594 3129 depositumque

2006 3159 2142 3211 opus
2194 3143 2515 3215 Memphide.
2557 3144 2847 3201 Homerum
2901 3161 3030 3216 ergo
3078 3145 3382 3216 profectum
3436 3161 3524 3212 eo,
3558 3161 3592 3200 a

2007 3235 2240 3292 Pltanite
2287 3253 2450 3292 sacro
2500 3239 2678 3293 scriba
2717 3240 3063 3294 commodam
3101 3239 3231 3293 illud
3284 3241 3588 3307 accepisse,

2010 3329 2238 3401 ejusque
2279 3345 2401 3386 esse
2443 3332 2690 3386 ordinem
2721 3333 3048 3387 insecutum.
3076 3331 3284 3386 Adonis
3314 3329 3590 3402 [narrant]

2009 3425 2357 3492 andrOgynus
2392 3438 2514 3477 cum
2546 3433 2713 3488 esset,
2739 3431 2799 3476 ut
2832 3423 2913 3476 vir
2946 3437 3068 3478 cum
3100 3422 3338 3488 Venere,
3373 3431 3432 3476 ut
3471 3438 3594 3476 ntu-

2011 3515 2114 3569 lier
2131 3531 2252 3569 cum
2284 3514 2530 3586 Apolline
2560 3529 2887 3585 congressus
2915 3524 3020 3570 est.

2086 3695 2318 3766 Alpheio
2364 3696 2494 3752 item
2527 3696 2738 3752 ﬂumini
2777 3707 3224 3752 remuneraturus
3264 3699 3317 3752 in
3353 3699 3595 3770 Olympi-

2014 3791 2094 3848 cis
2131 3793 2310 3846 victor
2348 3790 2632 3859 Hercules,
2661 3791 2834 3860 Alpha
2887 3792 2956 3846 ab
3007 3807 3072 3846 eo
3120 3792 3358 3846 litteram
3412 3793 3595 3846 nomi-

2014 3882 2184 3946 navit,
2217 3881 2559 3950 primamque
2593 3882 2836 3936 omnium
2889 3881 3196 3936 collocavit.
3244 3881 3490 3953 Nugatur
3518 3883 3595 3953 (5)

1985 3965 2180 4028 etiam
2214 3971 2522 4028 fabularum
2557 3972 2648 4026 hic
2689 3973 2945 4042 scriptor,
2976 3973 3101 4028 dum
3132 3974 3231 4039 ait,
3263 3973 3482 4045 Moysen
3515 3974 3594 4044 (4)

2017 4063 2365 4119 Ηρὺιιιδοωιη
2404 4063 2772 4134 legislatorem
2819 4063 2982 4132 alpha
3022 4064 3228 4118 idcirco
3283 4065 3464 4120 fuisse
3503 4081 3600 4136 ap-

2015 4155 2300 4226 pellatum,
2333 4153 2475 4222 quod
2511 4150 2668 4222 ἀλφῷ
2699 4150 2827 4224 [hoc
2857 4160 2943 4206 est
2979 4151 3263 4224 vitiligine]
3289 4168 3490 4222 corpus
3515 4153 3600 4208 in-

2020 4248 2224 4302 l'ectnm
2273 4245 2520 4299 haberet.
2567 4243 2819 4297 Galerius
2867 4245 3124 4308 Crassus,
3157 4243 3461 4313 imperante
3508 4241 3621 4298 Ti-v-

2019 4338 2172 4393 berio
2198 4336 2418 4392 Caesare
2454 4334 2704 4390 tribunus
2745 4335 2979 4389 militum
3018 4339 3134 4389 beta
3161 4345 3246 4390 est
3275 4334 3616 4404 appellatus,

345 4428 630 4496 Ῥωμαῖοι.
687 4427 801 4482 Καὶ
867 4427 1158 4498 Ὁρπυλλὶς
1187 4427 1245 4481 δὲ
1298 4429 1332 4499 ἠ
1383 4428 1670 4500 Κυζικηνὴ
1723 4430 1902 4500 ἑταίρα

2022 4431 2164 4500 quod
2196 4430 2286 4483 illa
2317 4429 2578 4483 libentius
2607 4426 2779 4482 herba
2826 4437 3092 4490 uteretur,
3125 4441 3248 4496 qua!
3281 4442 3308 4480 a
3338 4425 3602 4482 Romanis

329 4517 556 4590 γάμμα.
596 4520 872 4589 Ἀντήνωρ
914 4519 972 4572 δὲ
1002 4520 1030 4571 6
1056 4521 1157 4592 τὸις
1202 4519 1488 4591 Κρητικὰς
1519 4521 1739 4592 γράψας
1767 4523 1912 4577 [στο-

335 4612 462 4684 ρίας
495 4613 677 4666 δέλτα
710 4611 798 4666 διὰ
829 4612 888 4666 τδ
913 4611 1114 4680 ἀγαθὸς
1142 4608 1282 4666 εἶναι
1313 4614 1408 4666 καὶ
1437 4612 1716 4681 φιλόπολις
1736 4632 1751 4647 ο
1787 4615 1914 4680 τοὺς

331 4706 448 4775 γὰρ
482 4705 706 4775 Κρῆτας
736 4705 798 4759 τὸ
826 4704 1030 4774 ἀγαθὸν
1055 4704 1236 4758 δέλτον
1258 4704 1444 4759 καλεῖν
1467 4704 1510 4761 ⁸.
1553 4704 1913 4770 Ἀπολλώνιος

333 4797 386 4851 δ’
416 4797 446 4850 6
470 4798 511 4827 ⁵·
541 4798 599 4849 ὲν
624 4797 737 4860 τοῖς
766 4794 862 4848 τοῦ
892 4794 1257 4864 Φιλοπάτορος
1281 4794 1494 4864 χρόνοις
1524 4794 1611 4846 ἐπ’
1653 4795 1910 4866 ἀστρονο-

339 4889 446 4962 μίᾳ.
469 4888 796 4961 περιϐόητος
827 4887 1064 4958 γεγονὼς
1089 4903 1120 4942 ε
1139 4889 1161 4921 ³
1189 4887 1457 4950 ἐκαλεῖτο,
1488 4886 1622 4940 διότι
1640 4887 1700 4940 τὸ
1728 4893 1912 4960 σχῆμα

2024 4527 2140 4578 beta
2172 4521 2501 4575 «nominatur.
2530 4519 2803 4589 Horpyllis
2827 4533 2974 4583 vero,
3002 4519 3329 4589 Cyzicennm
3351 4528 3600 4573 scortum

2022 4631 2232 4688 gamma
2291 4611 2595 4668 dicebatur.
2625 4611 2891 4676 Antenor,
2928 4611 2973 4664 is
3002 4610 3093 4680 qni
3125 4609 3473 4664 Cretensium
3510 4609 3598 4663 lti-

2021 4707 2248 4762 storiam
2283 4703 2628 4772 conscripsit,
2674 4701 2832 4755 Delta
2855 4702 3269 4771 cognominatus
3321 4708 3426 4767 est,
3459 4702 3602 4770 quod

2024 4801 2197 4854 bonus
2228 4805 2398 4855 esset.
2437 4803 2492 4849 et
2527 4794 2766 4849 civitatis
2801 4807 3014 4848 amans.
3055 4790 3414 4848 Cretensibus
3454 4793 3618 4848 enim,

2027 4893 2218 4946 bonum
2251 4887 2434 4942 δέλτον
2481 4885 2790 4958 signiﬁcare
2809 4884 3104 4940 allirmant.
3133 4885 3227 4941 Sic
3262 4884 3621 4957 Apollonius,

1643 5002 1880 5060 VAHIAB
1910 5005 2204 5065 LECTION
2214 5005 2312 5061 ES.

412 5101 462 5134 ⁸⁸
486 5099 548 5155 τὸ
575 5099 794 5170 πρῶτον
846 5099 973 5170 καὶί
1006 5097 1068 5151 τὸ
1116 5097 1366 5170 δεύτερον
1418 5115 1480 5161 ς’.

338 5189 434 5226 τον
469 5189 532 5235 ς.
622 5169 681 5202 ί⁹²
711 5170 869 5293 ίΙγρωιξ.
928 5169 977 5256 οἱ
1036 5169 1253 5239 Κρῆτες
1285 5184 1346 5232 ς.

340 5243 470 5293 add.
495 5242 560 5293 Α.
635 5241 683 5273 ³⁵
762 5241 861 5293 Ibrl
887 5237 1150 5293 Αυγαίου.
1198 5247 1254 5291 et
1294 5256 1342 5289 tn

340 5243 470 5296 add.
495 5242 560 5296 Α.
635 5242 683 5273 ³⁵
741 5242 861 5294 libri
887 5242 1150 5307 Αύγαίου,
1198 5247 1254 5291 et
1294 5253 1414 5290 mox
1450 5242 1719 5305 Αῡγαίαν.
1795 5242 1842 5270 ’⁸

340 5329 450 5380 κης
477 5313 564 5366 A:
602 5309 772 5382 λεύκῃ
804 5327 864 5382 ς.
911 5307 986 5382 *⁸³
1032 5309 1231 5382 ιρρεοη
1293 5325 1354 5371 ς.
1407 5309 1477 5382 ,θ’
1509 5309 1735 5382 Διίινδρῷα
1783 5326 1844 5373 ς.

343 5377 554 5437 ειὲιοτί.
623 5381 644 5413 ³
701 5377 866 5449 φασίν
894 5378 959 5434 Α.
1035 5377 1265 5432 ἰκαλεῖν
1299 5378 1462 5447 φασὶν
1509 5377 1813 5442 Ἀπολλ.ς·.

1451 5116 1480 5149 ·.
1583 5099 1776 5151 "libri
1821 5099 2037 5170 προῄει.
2103 5098 2236 5168 πρὶν
2301 5099 2341 5148 A
2397 5114 2411 5150 :
2471 5098 2506 5166 ἣ
2564 5098 2697 5167 πρὶν
2751 5113 2812 5159 ς’.
2925 5098 2985 5126 ³⁸·
3025 5098 3088 5146 τὸ
3134 5098 3182 5147 λ.
3229 5098 3314 5146 A:
3355 5098 3419 5144 τὸ
3446 5098 3598 5161 πρῶ-

1451 5167 1639 5243 1ξδμάντξι
1686 5173 1732 5220 Α
1765 5169 2086 5243 ικαὶ-Θεοῦ
2147 5167 2388 5243 aiming.
2457 5164 2989 5243 Casaubnnusnﬂsiq
3049 5163 3314 5243 dveiLn“
3356 5160 3598 5243 ’ρμὴροσυ

762 5231 861 5294 ibri
887 5231 1159 5311 Αὐγαίσύξ
1198 5247 1254 5291 et
1294 5231 1414 5290 mox
1450 5238 1719 5305 Αὐγαίαν.
1795 5240 1842 5270 ⁸⁸
1863 5240 1958 5292 καὶ
1984 5257 2096 5294 om.
2131 5238 2196 5292 Α.
2271 5237 2316 5268 ⁵⁷
2345 5237 2406 5289 ὲν
2447 5233 2707 5316 Λεπρέῳ]
2735 5236 2806 5290 cl'.
2837 5234 3048 5289 Muller.
3090 5251 3143 5303 p.
3172 5233 3299 5289 573.
3375 5231 3445 5263 "'
3474 5231 3606 5282 πεύ-

762 5327 864 5363 lC.
939 5307 986 5342 ⁸³
1032 5309 1231 5363 ὲόόέοη
1293 5325 1354 5363 ς.
1430 5309 1477 5340 9°
1518 5309 1735 5363 ἁνδρῶα
1783 5326 1844 5363 ς.
1924 5312 1940 5340 ³
2004 5310 2170 5363 θήλεα
2218 5325 2280 5363 ς.
2369 5306 2515 5360 ’ἀπ’
2544 5307 2710 5358 αὐτου
2748 5306 3127 5363 Casaubonns.
3171 5306 3316 5358 ἅπαν
3348 5301 3419 5363 Α.
3452 5301 3603 5356 ᾶπαυ

1924 5325 1940 5340 ι
2004 5325 2170 5381 υηΑεα
2218 5325 2280 5372 ς.
2371 5325 2389 5337 -
2419 5325 2498 5360 απ
2544 5325 2710 5358 αυτου
2748 5325 2806 5360 ω

1889 5379 1934 5410 ⁵⁶
1970 5382 1998 5433 ὁ
2029 5381 2154 5435 add.
2184 5379 2248 5432 Α.
2325 5378 2345 5408 ⁵
2369 5394 2396 5428 ε
2424 5378 2465 5429 Α
2495 5395 2508 5430 :
2535 5375 2720 5444 ἐψιλὺν
2746 5393 2806 5440 ς.

2471 5096 2506 5166 ἢ
2564 5096 2697 5167 πρὶν
2751 5113 2812 5159 ς’.
2881 5164 2894 5167 _
2925 5094 2985 5167 ’_"
3025 5093 3088 5167 το
3134 5092 3182 5167 λ.
3229 5093 3314 5167 A__:
3355 5092 3419 5167 16
3446 5091 3601 5167 πρῶ-

2369 5308 2398 5337 "
2419 5306 2515 5360 ἀπ’
2544 5301 2710 5358 αὑτοῦ
2748 5301 3127 5369 Casaubonns,
3171 5306 3316 5358 ἅπαν
3348 5301 3419 5366 Α,
3452 5301 3603 5356 ᾶπαυ

1859 5490 2088 5547 NOTAE.

455 5589 502 5660 ε)
535 5588 673 5646 Vide
701 5588 960 5660 proverb.
995 5595 1052 5642 et
1079 5584 1525 5660 Plut._Theseum
1554 5586 1677 5660 init.

423 5588 502 5728 Et)
535 5588 673 5646 Vide
701 5588 960 5660 proverb.
995 5595 1052 5642 et
1079 5588 1222 5641 Plut.
1269 5588 1525 5641 Theseum
1557 5588 1677 5642 init.

423 5658 696 5782 ιὲἦέιιρν.
734 5662 786 5716 in
810 5669 1050 5729 excerpt.
1098 5671 1166 5712 ex
1206 5658 1298 5728 lib.
1333 5673 1410 5723 tv,
1443 5659 1675 5714 similem
1707 5666 1910 5712 narrat.

352 5740 560 5784 rt'tultt.

2097 5583 2172 5648 (5)
2208 5579 2279 5635 Ut
2308 5580 2490 5633 cmtcri
2520 5595 2734 5649 quoque
2763 5579 2999 5649 gentium
3031 5579 3302 5637 historici.

2095 5645 2170 5740 (4)
2198 5645 2857 5740 νιςιιξδῄςιιιξιξηέιιίμξ)ϋὶιῦιι.
2892 5651 3024 5719 Περὶ
3053 5651 3163 5707 τῶν
3221 5645 3614 5722 μετονομαζρφ

2051 5730 2222 5792 μένων
2253 5731 2436 5776 notata
2459 5730 2693 5775 exstant.
