4022 6440
550 288 656 351 627
1700 301 1962 362 PHOTII
2000 301 2105 362 PAY

2209 302 2505 364 [ARCH/E
2527 306 2636 367 (ΣΡ.
3659 346 3747 411 628

553 404 909 473 Philopatoris
934 410 1266 476 temporibus
1292 413 1625 467 astronomia
1662 415 1865 474 clarus.
1911 416 2105 485 Ἐψιλδε

553 498 724 523 ..;,...-
755 508 828 523 Α-.
859 513 884 523 ..
925 498 1090 523 nm-“
1122 502 1297 523 .g..___
1342 506 1382 523 η
1449 521 1470 523 _
1522 522 1549 523 η
1618 506 1629 518 .
1682 522 1687 523 ,
1866 506 1899 523 ..
2010 522 2015 523 ,

2229 420 2430 523 106‘s"
2474 423 2949 523 συμπεριφέρεται
3288 433 3361 504 τῷ
3391 438 3485 509 τῆς
3528 404 3728 523 σελήνηέ

550 498 726 551 dictus
752 508 833 552 est
857 513 888 552 a
925 498 1095 567 figura
1121 502 1311 558 litterae
1342 506 1403 567 E,
1439 521 1558 574 qua:
1583 506 1974 577 circumagitur
1997 522 2105 560 cun

2227 513 2358 581 περὶ
2388 513 2455 583 ἣν
2486 478 2693 579 ἐκεῖνος
2724 478 2959 587 μάλιστα
2991 478 3749 605 ιῆκριέᾧέοξτέέξυξοιέ“ηέηςὲ

551 587 701 653 luna,
737 589 790 642 in
824 606 984 658 quam
1022 593 1108 646 ille
1142 596 1367 649 multum
1402 598 1565 652 studii
1594 600 1919 654 contulerat.
1964 597 2105 668 Saty-

551 696 641 705 _..-
676 683 801 705 μη,
845 684 1203 705 .-ε,,,μ.ν;,.,
1401 690 1413 702 .
1468 692 1534 705 η-
1712 699 1722 705 .

2240 604 2617 705 ’θρισζτάρχον-
2629 609 2906 705 μος
2931 609 3074 705 ζῆτα
3096 587 3337 671 ἕκαλεῖτο
3362 622 3444 676 διὰ
3471 587 3533 680 τί

550 696 643 736 rus
676 683 802 735 item
834 684 1139 739 Aristarchi
1163 687 1445 743 familiaris
1468 692 1613 762 Ζῆτα
1645 699 1730 746 est
1759 706 2105 761 nuncupatus.

550 773 608 793 ,μ
666 774 921 793 ,ηηημ
950 792 959 793 ,
1113 792 1120 793 ,
1576 792 1579 793 ν
1650 784 1680 793 ..
1779 782 1822 793 -.

2225 694 2320 746 κον
2346 696 2531 748 αὑτοῦ.
2574 699 2683 751 Καὶ
2732 702 2984 755 Αίσωπόν
3014 721 3178 772 φασιν
3214 708 3256 772 ⁷,
3303 708 3373 773 ὡς
3407 713 3507 768 ὑπὸ
3538 683 3750 793 ’ίέρξοξς

544 773 613 826 ab
666 774 1026 844 investigandi
1073 792 1253 833 rerum
1301 796 1495 836 causas
1539 784 1741 839 studio.
1778 782 2022 838 Narrant
2061 796 2105 840 el

2222 785 2315 837 τοῦ
2346 787 2605 841 δεσπότου
2637 791 2786 858 θῆτα
2814 770 3063 847 ἐκαλεῖτο
3093 795 3181 849 διά
3204 770 3263 851 τδ
3285 770 3519 870 δουλικός

544 865 806 935 jEsopum
862 868 930 929 ab
978 868 1200 927 Idmone
1251 873 1382 929 hero
1431 889 1531 929 suo
1581 876 1728 944 Θῆτα
1762 876 2105 945 appellatum,

2347 877 2688 948 πολύτροπος
2715 897 2729 913 ·
2764 883 2925 953 θῆτες
2973 886 3081 954 γὰρ
3111 888 3161 939 οἱ
3199 890 3392 947 δοῦλοι.
3424 865 3530 951 καὶ
3553 900 3572 931 ⁸

545 958 686 1024 quod
714 960 898 1013 servili
932 970 1080 1017 esset
1117 964 1295 1017 indole
1322 981 1387 1021 ac
1415 967 1734 1036 versipellis.
1771 966 1907 1022 Nam
1954 967 2105 1038 θῆτες

2221 966 2396 1064 “ita:
2420 969 2486 1064 5F-
2513 971 2696 1064 μήτηρ
2727 974 2791 1035 εχ
2823 976 2972 1064 χωλὴ
3003 973 3158 1042 οὖσα,
3192 980 3432 1050 Λάμϐδα
3459 958 3757 1064 ἐκλήθη

542 1061 733 1099 servos
767 1050 1057 1116 significat.
1084 1052 1297 1119 Cupseli
1341 1055 1528 1111 adhaec
1562 1068 1758 1123 mater,
1786 1059 1930 1127 quod
1964 1060 2105 1127 pedi-

2218 1055 2313 1107 τοῦ
2351 1058 2571 1114 Πυθίου.
2612 1063 2935 1136 Δημοκύδης
2978 1067 3036 1120 δὲ
3083 1069 3403 1141 Πυθαγόραν
3450 1050 3581 1148 φησί
3610 1050 3647 1147 ³,

542 1137 642 1194 bus
693 1138 847 1211 valga
896 1153 1059 1209 esset,
1111 1147 1343 1215 Λάμϐδα
1394 1160 1584 1203 vocata
1631 1151 1864 1219 Apollini
1894 1150 2105 1221 Pythio.

2217 1149 2575 1249 ταγράψαντα
2602 1153 2809 1217 πάντας
2841 1157 2968 1218 τοὺς
2994 1160 3284 1230 ἀριθμοὺς,
3306 1137 3387 1234 τῷ
3407 1137 3520 1235 τίν’
3540 1137 3759 1249 στοιχείιρ

540 1230 897 1303 Pythagoram
967 1237 1189 1308 insuper
1253 1256 1399 1306 eum,
1448 1245 1538 1311 qui
1601 1259 1857 1297 numeros
1917 1257 2105 1296 omnes

2218 1239 2506 1309 κληθῆναι.
2546 1246 2797 1301 Τοσαῦτα
2836 1250 2933 1303 καὶ
2962 1252 3021 1303 τὸ
3055 1259 3095 1304 ε’
3118 1253 3340 1322 βιὸλὶον.

539 1324 851 1395 descripsit,
902 1329 1073 1385 refert
1119 1333 1449 1405 Democydes
1496 1355 1526 1391 a
1570 1339 1729 1392 tertia
1762 1336 2204 1405 eugnominatum
2261 1348 2383 1391 esse
2427 1337 2630 1395 littera.
2686 1342 2751 1397 Et
2829 1345 2941 1399 haec
3008 1349 3224 1417 quidem
3268 1352 3488 1421 quintus
3552 1361 3761 1418 continet

537 1414 693 1470 liber.

559 1430 693 1470 IDBI‘.

607 1510 806 1567 Sextus
854 1526 1040 1584 postea
1089 1519 1227 1575 liber
1295 1523 1475 1593 capita
1538 1524 1653 1577 lucc
1709 1523 2105 1594 complectitur.

2295 1518 2369 1570 T6
2396 1518 2452 1570 δὲ
2480 1526 2531 1583 ς’
2557 1520 2759 1589 βιϐλίον
2784 1523 3055 1590 κεφάλαια
3086 1528 3332 1598 περιέχει
3348 1529 3492 1595 τάδε,
3514 1531 3585 1596 ὡς
3610 1536 3759 1605 Ἀχιλ-

534 1600 786 1694 occisum
819 1606 1161 1665 Penthesilea
1190 1614 1476 1681 Achillem,
1500 1614 1749 1669 Thetidis
1775 1616 1965 1669 matris
1997 1630 2105 1683 pre-

2220 1607 2345 1671 λεὺς
2381 1610 2486 1661 ὑπὸ
2518 1611 2903 1677 Πενθεσιλείας
2944 1616 3275 1687 ἀναιρεθεὶς,
3314 1620 3589 1694 δεηθείσης
3618 1600 3761 1683 aiis-0'3

533 1693 689 1749 cibus
742 1695 795 1751 in
858 1699 1020 1753 vitam
1050 1714 1390 1770 revocatum,
1445 1717 1499 1759 et
1548 1706 1888 1761 Penthesilea
1936 1707 2105 1760 inter-

2219 1701 2318 1770 τῆς
2352 1703 2560 1773 μητρὸς
2583 1703 2819 1767 Θέτιδος,
2846 1707 3059 1760 ἀναϐιοί
3080 1710 3172 1762 καὶ
3193 1711 3396 1765 ἀνελὼν
3416 1693 3760 1774 Πενθεσιλείαν

532 1796 731 1855 empta,
768 1804 981 1844 rursum
1039 1794 1103 1845 ad
1146 1794 1344 1849 Orcum
1410 1799 1658 1853 rediisse.
1699 1797 2105 1870 Lycophronem

2216 1793 2297 1854 εἰς
2341 1793 2467 1863 ᾅδου
2501 1794 2661 1847 πάλιν
2706 1796 3062 1867 ὑποστρέφει.
3123 1801 3211 1864 Ὠς
3256 1803 3315 1854 ὲν
3347 1807 3418 1874 τῇ
3468 1806 3761 1884 Ἀλεξάνδρᾳ

531 1877 586 1932 in
614 1879 916 1936 Alexandra
954 1897 1202 1950 poemate
1234 1888 1506 1944 dicentem
1541 1911 1555 1946 :

782 1971 967 2037 Qualis
987 1975 1211 2030 Lacinia
1247 1979 1447 2033 sterilis
1472 1983 1837 2037 centauricida

602 2062 827 2119 Sirenas
858 2066 934 2135 (5)
976 2067 1044 2120 ibi
1097 2072 1495 2126 centauricidas
1535 2074 1896 2142 significasse.
1945 2074 2110 2130 Hele-

532 2170 661 2210 num
709 2156 913 2211 Priami
944 2160 1136 2225 filium,
1177 2162 1432 2217 dilectum
1466 2166 1536 2219 ab
1558 2166 1829 2234 Apolline,
1865 2168 2110 2222 muneri-

531 2260 639 2315 que
668 2250 944 2315 accepisse
986 2268 1174 2305 arcqu
1225 2254 1554 2321 eburneum,
1587 2272 1693 2326 quo
1726 2257 1990 2313 Achillem
2023 2274 2109 2314 se-

527 2338 765 2392 cundum
796 2355 1012 2394 manum
1060 2342 1280 2411 feriret;
1319 2344 1595 2401 Priamum
1640 2364 1762 2404 cum
1812 2349 2110 2403 Androma-

529 2429 657 2493 cha,
685 2430 908 2501 suisque
960 2433 1148 2489 liberis
1209 2437 1508 2505 supplicem
1557 2440 1857 2494 accessisse
1911 2440 2106 2511 152a

528 2521 595 2573 ad
634 2520 898 2576 Achillem
953 2538 1049 2590 pro
1087 2523 1334 2580 Hectoris
1379 2528 1595 2583 ossibus
1633 2530 1744 2601 (6);
1775 2531 1970 2586 Thetin
2012 2549 2105 2587 sex

530 2625 758 2666 numero
793 2610 995 2667 liberos
1036 2630 1066 2669 e
1113 2615 1273 2671 Peleo
1306 2629 1594 2688 susceptos
1618 2621 1806 2677 latenti
1832 2628 1957 2691 igne
1979 2640 2102 2680 sus-

528 2702 743 2767 tulisse,
778 2708 1103 2776 tandemque
1150 2707 1416 2765 Achillem
1464 2728 1586 2769 esse
1635 2729 1970 2781 aggressam.
2006 2717 2107 2773 Pe-

528 2798 674 2851 leum
718 2812 850 2868 ergo
884 2814 943 2854 re
967 2800 1206 2868 cognita,
1243 2803 1292 2855 vi
1330 2803 1472 2857 hunc
1505 2804 1798 2872 eripuisse,
1834 2807 1943 2862 talo
1986 2816 2107 2862 tan-

525 2899 641 2953 tum
674 2890 883 2945 dexteri
915 2892 1066 2958 pedis
1097 2892 1313 2956 adusto,
1344 2903 1397 2947 et
1427 2898 1567 2963 apud
1592 2896 1890 2951 Chironem
1922 2900 2105 2955 collo-

526 2997 704 3046 casse,
733 2982 825 3052 qui
857 2982 1056 3037 effosso
1094 2984 1308 3054 Damysi
1352 2986 1590 3054 gigantis
1620 3002 1868 3055 corpore,
1909 2991 1961 3043 in
2005 2990 2105 3044 Pa-

528 3073 647 3129 lene
670 3074 776 3128 sito
803 3072 913 3144 (hic
940 3076 1218 3144 gigantum
1242 3078 1480 3130 omnium
1506 3078 1884 3135 velocissimus
1904 3080 2101 3153 fuerat)
2134 3060 2179 3119 θ

525 3165 851 3234 sublatoque
894 3167 1011 3234 ejus
1049 3167 1180 3231 talo,
1212 3168 1438 3223 Achillis
1473 3172 1679 3237 aptavit
1722 3173 1866 3240 pedi,
1897 3182 1953 3228 et
1986 3191 2102 3229 me-

523 3256 850 3320 dicamentis
898 3255 1158 3315 firunavit.
1211 3257 1363 3313 Hunc
1403 3269 1587 3329 postea
1617 3262 1784 3315 talum
1835 3266 2103 3323 excidisse

525 3348 717 3413 refert,
746 3351 1063 3427 insequente
1096 3350 1271 3419 ipsum
1298 3352 1569 3421 Apolline,
1602 3366 1659 3409 et
1692 3357 1991 3427 collapsum
2024 3361 2105 3415 sic

523 3455 646 3494 esse
698 3441 1108 3508 interemptum.
1158 3438 1365 3494 Ferunt
1410 3452 1590 3497 autem
1650 3454 1706 3497 et
1751 3446 1818 3500 ab
1866 3446 2102 3502 Homero

530 3532 811 3603 ποδάρκην
842 3531 920 3603 (7)
966 3531 1249 3600 appellari,
1308 3535 1450 3602 quod
1508 3533 1680 3590 Arces
1742 3537 1855 3593 alas
1909 3539 2100 3595 infanti

523 3637 653 3690 nato
690 3626 879 3689 Thetis
924 3624 1240 3679 addiderit:
1279 3634 1331 3678 ut
1384 3626 1456 3679 sit
1496 3627 1795 3699 ποδάρκης,
1843 3631 1996 3699 quasi
2046 3634 2101 3688 in

524 3725 752 3796 pedibus
782 3722 950 3787 Arces
985 3722 1099 3777 alas
1149 3733 1362 3776 tenens.
1396 3723 1536 3778 Arce
1563 3726 1695 3786 haec,
1727 3724 1898 3787 aiunt,
1919 3722 2104 3776 Thau-

528 3818 732 3879 mantis
771 3824 889 3872 erat
914 3816 1042 3879 ﬁlia,
1078 3826 1129 3871 ct
1163 3814 1322 3869 Iridis
1347 3830 1527 3878 soror,
1564 3831 1686 3884 quae
1720 3826 1964 3884 utraeque
1986 3817 2103 3872 alas

528 3909 859 3972 habuerunt.
887 3907 1034 3961 Bello
1070 3922 1202 3961 vero
1237 3906 1460 3962 deorum
1500 3921 1621 3961 cum
1649 3906 1960 3974 Titanibus,
2014 3908 2104 3962 de-

522 4001 765 4054 sciscens
793 4015 824 4053 a
849 3998 953 4055 diis
999 3998 1139 4063 Arce
1185 3999 1252 4055 ad
1296 3998 1522 4052 Titanas
1553 3998 1845 4069 transfugit
1881 4016 1894 4052 :
1932 4015 2102 4070 quare

526 4089 815 4164 proﬂigato
845 4089 955 4158 jam
995 4091 1156 4155 bello,
1202 4100 1467 4158 partaque
1517 4090 1764 4154 victoria,
1795 4090 2010 4159 Jupiter
2046 4093 2100 4146 ci

521 4187 579 4241 in
613 4182 906 4247 Tartarum
939 4184 1174 4239 detrusa:
1210 4182 1324 4236 alas
1359 4183 1581 4238 ademit.
1625 4183 1705 4235 Ad
1732 4183 1875 4237 Pelei
1907 4184 2100 4240 deinde

521 4287 578 4335 et
599 4274 846 4340 Thetidis
867 4273 1081 4343 nuptias
1099 4272 1386 4337 accedens,
1417 4273 1625 4326 muneri
1657 4274 1771 4327 alas
1802 4275 1933 4327 istas
1958 4274 2103 4328 The-

523 4368 621 4433 tidi
652 4366 868 4432 obtulit,
902 4366 1046 4419 sicut
1097 4363 1260 4417 Peleo
1314 4365 1368 4419 in
1419 4364 1622 4432 nuptiis
1673 4365 1903 4419 donasse
1948 4366 2101 4419 aiunt

520 4456 823 4519 Vulcanum
861 4470 1082 4523 ensem;
1116 4452 1381 4508 Venerem
1411 4453 1672 4529 scyphum
1721 4468 1966 4518 aureum,
2007 4455 2098 4522 qui

523 4546 855 4615 insculptum
899 4546 1133 4601 habebat
1176 4542 1545 4612 Cupidinem;
1587 4539 1892 4611 Neptunum
1929 4558 2100 4612 equos

523 4640 679 4703 duos,
710 4636 986 4706 Xanthum
1021 4646 1075 4690 et
1115 4635 1347 4701 Balium,
1394 4634 1663 4689 lunonem
1723 4634 1965 4702 pallium,
1996 4634 2100 4688 Mi-

520 4746 746 4786 nervum
783 4730 965 4795 tibias,
995 4726 1170 4782 Nerea
1199 4727 1431 4797 denique
1468 4726 1673 4788 Salem,
1711 4741 1871 4795 quem
1904 4737 2101 4781 vocant

523 4824 767 4887 divinum
798 4822 852 4875 in
879 4821 1078 4887 arcula_
1122 4820 1214 4889 qui
1239 4819 1319 4874 sal
1352 4817 1725 4873 incredibilem
1768 4821 1965 4874 habeat
1990 4819 2096 4873 vir-

524 4926 698 4970 tutem
749 4917 817 4968 ad
870 4914 1166 4985 iuvandam
1189 4912 1537 4977 edacitatem,
1595 4910 1901 4983 edendique
1941 4928 2103 4983 appe-

2213 1882 2519 1953 Λυκόφρων
2548 1883 2721 1937 εἰπὼν
2755 1887 2819 1950 ¹⁰,

2284 1978 2433 2028 Ποία
2461 1976 2511 2028 δ’
2541 1977 2744 2043 ἀηδὼν
2774 1979 2979 2047 στεῖρα
3002 1981 3068 2012 ¹⁰¹
3106 1986 3627 2052 κενταυροκτόνος,

2211 2067 2309 2130 τάς
2358 2068 2620 2139 Σειρῆνας
2650 2074 3196 2139 κενταυροκτόνους
3224 2070 3397 2128 εἶπεν.
3450 2078 3539 2140 Ὠς
3569 2077 3762 2145 Ἕλενος

2210 2163 2239 2214 6
2272 2162 2523 2232 Πριάμου
2590 2164 2927 2229 Ἀπόλλωνος
2974 2166 3250 2236 ἐρώμενος
3304 2169 3345 2199 ¹¹
3397 2168 3623 2237 γένοιτο,
3682 2174 3760 2225 καὶ

2212 2255 2373 2308 ἔλαϐε
2400 2274 2513 2323 παρ
2554 2256 2720 2310 αὐτοῦ
2749 2257 2922 2329 δῶρον
2951 2259 3104 2323 τόξον
3127 2260 3497 2327 ἐλεφάντινον,
3526 2254 3569 2329 ᾧ
3607 2263 3760 2331 Ἀχιλ-

2211 2349 2307 2402 λέα
2334 2349 2611 2413 τοξεύσειε
2668 2350 2811 2403 κατά
2854 2353 2954 2421 τῆς
2985 2352 3188 2422 χειρός.
3224 2353 3349 2406 ’Ὁτι
3389 2353 3528 2422 μετά
3571 2354 3760 2425 Ἀνδρο-

2213 2444 2393 2513 μάχης
2414 2442 2507 2494 καὶ
2528 2442 2639 2497 τῶν
2665 2442 2797 2497 υἱῶν
2820 2443 2984 2497 αὑτοῦ
3014 2444 3264 2514 Πρίαμος
3296 2445 3439 2515 ὑπὲρ
3460 2445 3567 2497 τῶν
3592 2446 3762 2499 Ἕκτο-

2213 2551 2303 2605 ρος
2331 2534 2503 2588 ὀστῶν
2545 2534 2731 2604 ίκέτης
2759 2534 2989 2601 ἀφίκετο
3017 2534 3092 2596 ὡς
3130 2534 3384 2607 Ἀχιλλέα
3417 2536 3482 2589 ¹¹.
3517 2536 3598 2597 Ὠς
3629 2536 3762 2597 Θέτις

2207 2628 2334 2690 τοὺς
2368 2627 2434 2680 ὲκ
2468 2626 2694 2695 Πηλέως
2729 2628 2866 2699 αὐτῇ
2914 2628 3235 2698 γινομένους
3299 2629 3499 2689 παῖδας
3531 2629 3656 2697 πυρὶ
3683 2629 3766 2681 λα-

2208 2718 2381 2789 θραίῳ
2434 2718 2760 2788 κατηνάλου,
2796 2718 2857 2783 ἒξ
2909 2719 3238 2787 γεγονότας·
3278 2720 3357 2781 ὡς
3412 2719 3470 2771 δὲ
3519 2718 3641 2791 [⁸252
3684 2718 3764 2789 Η.]

2208 2810 2303 2863 καὶ
2343 2811 2592 2881 Ἀχιλλέα
2625 2812 2977 2881 ἐπεχείρησε,
3001 2812 3163 2879 γνοὺς
3194 2811 3414 2879 Πηλεὺς
3438 2810 3661 2875 ἐξείλετο
3690 2810 3766 2863 τὸν

2209 2903 2559 2975 ἀστράγαλον
2590 2904 2752 2974 μόνον
2773 2902 2867 2957 τοῦ
2900 2904 3075 2967 δεξιοῦ
3116 2903 3274 2965 ποδὸς
3315 2903 3664 2972 κεκαυμένον,
3686 2901 3763 2954 καὶ

2210 2995 2447 3065 Χείρωνι
2479 2996 2884 3065 παρατίθησιν
2941 2996 2969 3046 ὁ
3006 2995 3063 3046 δὲ
3112 2994 3386 3064 ἀνορύξας
3430 2993 3491 3045 τὸ
3541 2994 3765 3063 Δαμύσου

2209 3086 2304 3140 τοῦ
2340 3088 2601 3154 Γίγαντος
2623 3087 2785 3157 σῶμα
2819 3090 2877 3139 ἐν
2912 3087 3162 3157 Παλλήνῃ
3188 3086 3448 3155 κείμενον
3472 3083 3766 3155 (ταχύτατος

2209 3178 2254 3231 δ’
2280 3173 2347 3250 ἦν
2374 3180 2402 3233 ὁ
2431 3180 2681 3248 Δάμυσος
2723 3179 2940 3230 πάντων
2995 3176 3289 3245 γιγάντων)
3348 3176 3446 3230 καὶ
3476 3174 3767 3243 ἀνελόμενος

2210 3269 2377 3322 αὐτοῦ
2406 3269 2498 3321 τὸν
2532 3268 2876 3339 ἀστράγαλον
2902 3268 3195 3338 ὲναρμόζει
3220 3266 3299 3337 τῷ
3334 3266 3618 3336 Ἀχιλλέως
3648 3265 3767 3328 ποδὶ,

2210 3363 2304 3414 καὶ
2342 3360 2658 3431 φαρμάκοις
2714 3360 2879 3414 αὐτὸν
2933 3362 3332 3429 σωματοποιεῖ.
3372 3358 3571 3411 Τοῦτον
3601 3357 3655 3410 δὲ
3692 3356 3769 3408 τὸν

2211 3453 2553 3523 ἀστράγαλον
2580 3454 2874 3505 ἀποπεσεῖν
2904 3451 3237 3521 διωκομένου
3262 3451 3430 3504 αὐτοῦ
3464 3451 3567 3502 ὑπὸ
3602 3446 3769 3501 Ἀπόλ-

2210 3545 2399 3609 λωνος,
2435 3545 2530 3598 καὶ
2555 3544 2728 3608 οὕτως
2768 3544 2928 3598 αὑτὸν
2976 3543 3337 3610 ἀναιρεθῆναι
3393 3540 3768 3595 καταπεσόντα.

2208 3638 2343 3690 Φασὶ
2376 3637 2433 3689 δὲ
2468 3637 2748 3707 ποδάρκην
2788 3636 2952 3687 αὑτὸν
2980 3635 3084 3687 ὑπὸ
3125 3635 3218 3687 τοῦ
3252 3634 3486 3703 ποιητοῦ
3517 3631 3766 3699 λέγεσθαι.

2208 3729 2291 3781 ὅτι
2326 3728 2459 3795 φασὶ
2492 3728 2591 3796 τῆς
2635 3728 2845 3799 Ἀρκης
2877 3727 2943 3780 τὰ
2982 3725 3162 3794 πτερά
3189 3726 3291 3795 τὴν
3340 3725 3501 3777 Θέτιν
3554 3721 3769 3791 περιθεῖ-

2209 3839 2294 3874 ναι
2329 3821 2374 3851 ¹³
2403 3819 2481 3889 τῷ
2524 3819 2674 3872 παιδὶ
2703 3819 3037 3888 γεννηθέντι,
3070 3820 3165 3871 καὶ
3207 3814 3351 3869 εἶναι
3396 3818 3457 3869 τὸ
3488 3815 3773 3881 ποδάρκης

2212 3916 2239 3965 6
2268 3915 2312 3943 “
2338 3914 2393 3965 ὲν
2428 3914 2538 3974 τοῖς
2572 3912 2701 3963 ποσὶ
2729 3911 2798 3964 τὰ
2835 3910 2935 3978 τῆς
2962 3911 3174 3980 ’Ἄρκης
3220 3909 3403 3978 πτερά
3438 3907 3596 3976 ἔχων.
3637 3905 3695 3956 ἸΙ
3724 3901 3771 3953 δὲ

2213 4003 2392 4072 ’Ἀρκη
2425 4001 2746 4071 Θαύμαντος
2773 3997 2841 4070 ἦν
2877 4000 3143 4069 θυγάτηρ,
3178 3995 3246 4070 ἧς
3274 4001 3309 4069 ὴ
3359 3996 3566 4067 ἀδελφὴ
3616 3991 3769 4062 Ἶρις·

2210 4094 2385 4162 πτερά
2431 4092 2477 4145 δ’
2512 4087 2657 4161 εἶχεν
2708 4089 2966 4159 ἑκατέρα.
3022 4089 3111 4141 Ἐν
3149 4087 3204 4141 δὲ
3254 4087 3335 4157 τῷ
3392 4087 3530 4157 πρὸς
3564 4084 3771 4142 Τιτᾶνας

2207 4184 2315 4237 τῶν
2335 4182 2472 4235 θεῶν
2496 4182 2721 4251 πολέμῳ
2747 4180 3044 4233 ἀποπτᾶσα
3075 4178 3185 4230 τῶν
3210 4178 3350 4231 θεῶν
3376 4179 3409 4247 ἡ
3448 4179 3624 4246 ’Ἀρκη
3653 4171 3770 4242 πρὸς

2208 4274 2332 4335 τοὺς
2359 4273 2593 4334 Τιτᾶνας
2618 4269 2749 4340 ἦλθε
2775 4286 2789 4299 ⁸
2817 4268 2954 4339 μετὰ
2982 4268 3038 4320 δὲ
3063 4268 3162 4338 τὴν
3197 4268 3356 4338 νίκην
3376 4269 3404 4318 ὁ
3435 4268 3569 4328 Ζεὺς
3590 4264 3655 4315 τὰ
3684 4260 3769 4330 μὲν

2210 4366 2387 4433 πτερά
2417 4361 2587 4430 αὐτῆς
2613 4361 2887 4429 ἀφείλετο,
2915 4359 3084 4429 αὐτὴν
3118 4357 3506 4428 ταρταρώσας,
3542 4368 3769 4425 παραγε-

2205 4455 2427 4523 νόμενος
2461 4452 2518 4504 δὲ
2552 4452 2593 4483 ¹⁸
2630 4451 2721 4502 ἐπὶ
2748 4451 2824 4519 τῷ
2865 4450 3087 4520 Πηλέως
3121 4449 3217 4502 καὶ
3242 4449 3462 4511 Θέτιδος
3497 4447 3654 4515 γάμῳ
3678 4441 3768 4494 δῶ-

2208 4563 2297 4615 ρον
2326 4544 2396 4596 τὰ
2419 4543 2595 4613 πτερά
2630 4545 2696 4613 τῇ
2731 4542 2909 4595 Θέτιδι
2946 4543 3241 4613 προσάγει.
3286 4542 3375 4604 Ὠς
3399 4541 3569 4610 Πηλεί
3591 4538 3677 4589 ἐπὶ
3705 4532 3775 4596 τῷ

2204 4638 2369 4707 γάμῳ
2410 4637 2544 4705 φασὶ
2589 4635 2941 4705 δωρήσασθαι
2975 4637 3282 4703 Ἥφαιστον
3341 4634 3443 4704 μὲν
3490 4632 3764 4702 μάχαιραν,

2218 4729 2542 4800 Ἀφροδίτην
2571 4726 2629 4779 δὲ
2679 4727 2877 4797 φιάλην
2910 4728 3368 4796 ἐγγεγλυμμένην
3402 4726 3624 4796 ’Ἔρωτα
3654 4738 3770 4791 χρυ-

2210 4824 2329 4891 σῆν,
2359 4820 2669 4875 Ποσειδῶνα
2693 4820 2749 4872 δὲ
2775 4821 2978 4881 ἵππους
3007 4819 3211 4873 Ξάνθον
3234 4823 3326 4873 καὶ
3354 4819 3576 4879 Βαλίον,
3608 4816 3772 4883 Ἥραν

2208 4916 2265 4969 δὲ
2322 4913 2571 4985 χλαμύδα
2617 4913 2713 4967 καὶ⁸
2771 4912 3000 4982 Ἀθηνᾶν
3049 4913 3286 4979 αὐλοὺς,
3337 4910 3533 4983 Νηρέα
3564 4909 3620 4961 δὲ
3661 4904 3773 4964 τοὺς

1812 5046 2047 5103 VARUE
2095 5052 2504 5109 LECTIONES.

597 5193 825 5274 fmalim
862 5191 1337 5274 _qu;t<pép.e~:at.m"
1370 5188 1657 5274 φασινΊΑηι
1688 5189 1768 5274 δέ.
1802 5207 1968 5274 φασιν
2001 5193 2168 5274 ea“:
2194 5194 2447 5274 xatadd.
2492 5195 2557 5248 A.
2633 5191 2925 5274 ⁸ξιμήτῃρ]
2956 5190 3117 5274 μηρῷ
3145 5190 3230 5274 Α...
3280 5190 3311 5274 θ’
3333 5190 3471 5274 φασὶ
3496 5190 3563 5274 A:
3601 5186 3679 5274 g’:

526 5268 695 5338 τρίτῳ
721 5283 783 5329 ς,
830 5265 906 5338 ΛΜ
931 5260 1136 5338 sine}:

541 5328 748 5408 ’Ax.'g.
780 5328 783 5329 ν
827 5334 873 5366 ³³
897 5332 1223 5405 παραθεῖναι
1255 5347 1317 5403 ς.
1397 5328 1439 5358 ¹¹⁵
1461 5331 1488 5389 ὁ
1509 5328 1601 5382 AL:
1632 5329 1754 5385 ἀντὶ
1781 5330 1877 5382 τοῦ
1903 5330 1931 5381 6
1956 5348 2016 5397 ς.

1253 5261 1318 5291 ιο·
1356 5258 1567 5329 στεῖρα]
1592 5260 1700 5328 ἦρα
1743 5261 1805 5312 Α.
1870 5269 1953 5313 est
1984 5277 2033 5314 ν.
2070 5261 2192 5316 670.

2097 5334 2138 5362 ¹⁶
2163 5333 2222 5385 δὲ
2269 5334 2315 5386 Α
2341 5353 2353 5387 :
2390 5334 2447 5386 δὲ
2477 5334 2569 5387 καὶ
2602 5351 2661 5396 ς.

2277 5265 2317 5294 ¹¹
2350 5264 2625 5333 ἐρώμενος
2662 5254 2996 5324 Ἀπόλλωνός
3018 5254 3113 5332 j
3188 5262 3230 5293 “
3264 5254 3492 5329 ὡς’Ἀχ.
3524 5259 3565 5311 Α
3599 5272 3612 5309 :
3643 5254 3771 5325 πρὸς

2038 5443 2247 5503 ΝΟΤᾸΕ
2258 5489 2271 5502 .

600 5566 677 5635 (5)
704 5567 848 5621 Idem
877 5566 1173 5619 indicatum
1205 5563 1483 5632 superiore
1507 5579 1638 5635 pag.

600 5631 678 5707 (li)
713 5637 841 5691 Vide
871 5651 992 5707 qua:
1023 5631 1635 5707 hicreferunturaliter
1658 5634 1914 5706 pleraque
1947 5650 2087 5690 nar.

534 5703 646 5773 rata
676 5710 815 5781 apud
841 5703 1084 5777 Apollod.
1112 5706 1203 5760 lib.
1242 5721 1303 5759 ιιι
1346 5703 1652 5758 Βὶὸιὸοιιιεε.

2276 5566 2353 5638 (⁷)
2396 5567 2482 5629 Ὧς
2513 5566 2845 5635 ἐξαρκοῦντα
2884 5568 2997 5630 τοῖς
3030 5566 3179 5632 ποσὶ,
3221 5566 3315 5619 καὶ
3360 5559 3593 5617 ἐπιπολὺ
3631 5556 3763 5611 θέειν

2202 5637 2520 5709 δυνάμενον,
2554 5639 2759 5693 notavit
2787 5639 3033 5697 Eustath.
3101 5680 3107 5686 .
