4022 6478
293 341 408 404 629

1396 351 1922 415 BIBLIOTHECA.
1957 377 2027 389 -·
2059 356 2223 418 COD.
2250 358 2407 421 CXC.

3465 365 3571 428 630

299 455 487 519 θείους
514 455 657 520 ἅλας
689 457 1058 530 καλουμένους
1088 461 1149 516 ὲν
1175 461 1369 517 κοίτιδι
1387 479 1403 496 ο
1432 466 1659 531 τούτους
1689 467 1746 521 δὲ
1786 466 1877 521 δύ-

1991 468 2169 537 titum,
2197 480 2250 526 et
2284 474 2528 529 ciborum
2556 476 2995 533 concoctionem.
3022 478 3200 548 Atque
3225 476 3355 533 hinc
3382 477 3564 533 locum

292 566 463 620 ναμιν
494 549 647 620 ἔχειν
679 552 962 622 ἀμήχανον
1001 553 1141 626 πρὸς
1178 556 1528 628 πολυφαγίαν
1573 561 1668 614 καὶ
1704 561 1887 632 ὄρεξιν

294 643 389 696 καὶ
424 643 612 712 πέψιν,
643 644 704 711 ἐξ
726 639 787 699 οὗ
811 645 998 701 λύεταί
1028 665 1110 701 σοι
1132 647 1228 702 καὶ
1254 651 1337 703 τὸο

432 736 655 791 advers
688 737 742 790 δ’
772 741 922 807 ἁλὸς
952 742 1154 824 θείοιο.

293 832 429 903 Περὶ
474 833 775 904 Ἀχιλλέως
806 834 901 889 τοῦ
924 838 1212 907 γηγενοῦς,
1238 841 1334 894 καὶ
1355 842 1465 896 ἀπὸ
1494 843 1603 898 τῶν
1636 844 1887 899 Ἰλιακῶν

290 923 406 975 ὅσοι
442 925 489 955 ¹⁶
518 925 775 993 ἐγένοντο
811 926 1077 997 Ἀχιλλεῖς
1099 930 1460 1003 περιώνυμοι.
1495 936 1608 988 Καὶ
1631 935 1707 1000 ὡς
1731 932 1887 1001 οὗτος

292 1013 322 1065 6
351 1014 597 1085 γηγενὴς
636 1015 953 1083 φεύγουσαν
982 1018 1079 1089 τὴν
1114 1019 1293 1091 Ἦραν
1326 1022 1435 1076 ἀπὸ
1467 1024 1569 1094 τῆς
1618 1026 1713 1079 τοῦ
1764 1027 1885 1093 Διὸς

308 1106 518 1177 μίξεως
552 1108 843 1173 ὑπεδέξατο
866 1112 926 1164 ὲν
942 1112 1024 1182 τῷ
1064 1114 1228 1168 αὑτοῦ
1265 1116 1471 1188 ἄντρῳ,
1504 1119 1600 1171 καὶ
1628 1119 1887 1173 ἀνέπεισε

305 1202 594 1255 συνελθεῖν
622 1201 688 1271 τῷ
709 1202 795 1256 Διί
816 1220 832 1236 ο
866 1205 961 1258 καὶ
994 1206 1222 1278 πρώτην
1250 1210 1398 1279 μίξιν
1433 1211 1616 1283 ’Ἥρας
1645 1214 1741 1267 καὶ
1765 1214 1887 1277 Διὸς

305 1294 519 1368 ταύτην
570 1296 815 1364 γενέσθαι
852 1299 1036 1368 φασίν.
1104 1300 1162 1355 Ὁ
1210 1304 1268 1355 δὲ
1314 1305 1450 1368 Ζεὺς
1512 1308 1884 1376 ἐπηγγείλατο

325 1388 551 1457 Ἀχιλλεῖ
590 1389 803 1454 πάντας
834 1394 964 1457 τοὺς
998 1394 1075 1465 τῷ
1112 1394 1241 1467 [489
1292 1397 1385 1469 8.]
1437 1399 1665 1470 ὀνόματι
1716 1400 1883 1454 αὐτοῦ

310 1480 471 1550 mox,
502 1481 766 1551 σομένους
790 1487 1029 1557 περιωνύ
1038 1506 1172 1557 μους
1195 1492 1467 1561 ποιήσειν.
1490 1494 1588 1547 Διὰ
1609 1494 1767 1547 τοῦτο
1790 1496 1885 1549 καὶ

316 1572 583 1642 Ἀχιλλεὺς
614 1576 965 1647 περιώνυμος
992 1582 1020 1634 6
1049 1584 1147 1649 τῆς
1197 1581 1436 1648 Θέτιδος.
1472 1586 1584 1639 Καὶ
1614 1589 1641 1639 6
1676 1588 1884 1658 Χείρω-

308 1681 390 1727 νος
428 1664 486 1718 δὲ
521 1667 847 1734 διδάσκαλος
899 1671 1175 1742 Ἀχιλλεὺς
1211 1676 1482 1743 ἐκαλεῖτο,
1522 1679 1615 1748 ἀφ’
1635 1674 1696 1733 οὗ
1729 1681 1827 1734 καὶ
1854 1682 1883 1734 ὁ

296 1756 515 1823 Πηλέως
554 1758 598 1790 ¹⁷
630 1760 833 1832 ἐκλήθη
866 1763 973 1816 ὑπὸ
1009 1765 1306 1837 Χείρωνος.
1344 1769 1456 1821 Καὶ
1486 1772 1515 1823 6
1564 1771 1657 1825 16v
1684 1773 1883 1843 ὀστρα-

290 1845 487 1915 κισμὸν
544 1848 845 1922 ἐπινοήσας
923 1854 1217 1927 Ἀθήνῃσιν
1261 1859 1539 1929 Ἀχιλλεὺς
1611 1862 1877 1929 ἐκαλεῖτο,

286 1938 398 2001 υίὸς
430 1938 718 2006 Λύσωνος.
777 1944 886 1998 Καὶ
906 1946 1028 2010 Διὸς
1060 1949 1157 2001 καὶ
1192 1951 1411 2022 Λαμίας
1457 1954 1707 2025 Ἀχιλλέα
1745 1956 1879 2026 φασὶ

283 2031 544 2098 γενέσθαι
590 2035 636 2065 ³⁸
666 2036 728 2088 16
783 2038 981 2102 κάλλος
1018 2041 1323 2112 ἀμήχανον,
1379 2044 1437 2097 ὃν
1467 2047 1561 2099 καὶ
1622 2048 1880 2118 ἐρίσαντα

282 2122 415 2192 περὶ
446 2124 685 2189 κάλλους
720 2128 965 2197 νικῆσαι,
989 2130 1084 2182 τοῦ
1111 2131 1288 2195 Πανὸς
1318 2134 1609 2203 κρίναντος
1632 2153 1645 2167 ⁸
1671 2138 1766 2191 καὶ
1792 2138 1879 2193 διὰ

281 2212 445 2266 τοῦτο
494 2214 787 2288 Ἀφροδίτη
833 2220 875 2251 ¹⁹
916 2222 1271 2292 νεμεσήσασα
1319 2225 1579 2294 ἐμϐάλλει
1614 2229 1747 2280 Πανὶ
1785 2229 1878 2283 τὸν

293 2308 493 2377 Ἠχοῦς
535 2309 741 2380 ἔρωτα,
780 2313 876 2365 καὶ
909 2313 1015 2385 μὴν
1065 2315 1161 2368 καὶ
1209 2320 1613 2388 κατειργάσατο
1669 2323 1764 2375 καὶ
1796 2324 1878 2388 είς

289 2399 389 2467 τὴν
429 2399 582 2453 ίδέαν
608 2401 793 2467 αὐτὸν,
827 2403 978 2468 ὅπως
1008 2406 1073 2459 ὲκ
1110 2408 1212 2475 τῆς
1274 2409 1488 2479 μορφῆς
1531 2411 1758 2482 αἰσχρὸς
1784 2413 1877 2466 καὶ

280 2490 588 2560 ἀνέραστος
608 2493 872 2561 φαίνοιτο.
894 2495 1006 2549 Καὶ
1029 2495 1273 2551 Γαλάτου
1292 2499 1437 2562 τινὸς
1458 2500 1571 2564 υίὸς
1598 2500 1876 2572 Ἀχιλλεὺς

280 2583 516 2655 ἐκλήθη,
550 2585 610 2640 ὃν
657 2586 725 2639 ὲκ
766 2589 994 2659 γενετῆς
1026 2589 1211 2643 πολιὸν
1258 2592 1513 2660 γενέσθαι
1563 2596 1723 2663 φησί.
1764 2596 1878 2650 Καὶ

280 2678 467 2749 ἕτεροι
510 2678 774 2750 Ἀχιλλεῖς
822 2681 1110 2751 ἐπιφανεῖς
1150 2684 1408 2752 γεγόνασι
1462 2686 1507 2717 ²⁰
1570 2686 1662 2739 ιδ”
1701 2680 1779 2741 ὧν
1826 2689 1877 2743 οἱ

277 2767 375 2822 δύο
402 2770 570 2833 κύνες
605 2767 750 2842 ἦσαν
783 2774 877 2827 καὶ
910 2773 1207 2845 θαυμάσιοι
1253 2776 1323 2829 τὰ
1356 2777 1535 2831 κυνῶν
1569 2778 1725 2851 ἔργα.
1752 2780 1876 2833 ’Ότι

280 2865 540 2935 Πρίαμος
595 2867 721 2931 Διὸς
767 2868 1047 2939 ἐρώμενος
1100 2870 1353 2939 γένοιτο,
1410 2872 1503 2924 καὶ
1539 2872 1693 2927 λάϐοι
1742 2876 1875 2947 παρ’

279 2957 453 3010 αὑτοῦ
484 2958 586 3028 τὴν
616 2962 825 3031 χρυσῆν
852 2962 1121 3031 ἄμπελον,
1155 2965 1223 3034 ἢν
1254 2963 1425 3035 δῶρον
1464 2965 1771 3037 Εὐρυπύλῳ
1798 2968 1878 3039 τῷ

278 3051 535 3119 Τηλέφου
590 3052 735 3123 ὑπὲρ
796 3055 1115 3126 συμμαχίας
1169 3056 1406 3110 δίδωσιν.
1478 3057 1566 3121 Ὣς
1622 3060 1877 3125 Αἴσωπος

276 3145 603 3214 ἀναιρεθεὶς
625 3146 730 3198 ὑπὸ
759 3145 983 3215 Δελφῶν
1017 3148 1306 3214 ἀνεϐίωσε,
1333 3150 1429 3203 καὶ
1448 3152 1796 3224 συνεμάχησε
1829 3153 1874 3185 ³¹

277 3241 398 3301 τοῖς
426 3237 657 3309 Ἕλλησι
692 3241 822 3310 περὶ
866 3240 1251 3312 Θερμοπύλας.
1301 3242 1392 3307 Ὧς
1419 3244 1759 3315 Φιλοκτήτην
1816 3248 1874 3300 ὲν

277 3334 492 3403 Λήμνῳ
528 3332 725 3397 Πύλιος
756 3333 888 3406 [253
909 3337 975 3388 Η.
995 3334 1004 3406 |
1025 3337 1071 3366 "
1100 3336 1382 3406 ἱάτρευσεν
1405 3336 1521 3400 υίὸς
1552 3338 1873 3405 Ἡφαίστου,

279 3426 379 3479 καὶ
412 3425 585 3496 ἔμαθε
625 3428 759 3498 παρ’
790 3427 959 3480 αὑτοῦ
985 3428 1082 3499 τήν
1114 3430 1362 3501 τοξικήν.
1405 3429 1494 3491 Ὠς
1515 3430 1872 3503 Σκαμάνδρου

278 3519 375 3571 τοῦ
414 3518 665 3587 ποταμοῦ
719 3522 835 3583 υίὸς
875 3521 1065 3591 Μῆλος
1094 3521 1307 3589 γένοιτο
1338 3522 1504 3585 καλὸς
1550 3524 1648 3593 τὴν
1697 3524 1872 3596 ὤραν,

276 3612 415 3682 περὶ
454 3605 517 3665 οὗ
566 3612 748 3683 ἐρίσαι
798 3612 965 3680 φασὶν
1011 3615 1191 3685 ’Ἦραν
1243 3632 1302 3667 τε
1336 3615 1433 3668 καὶ
1492 3614 1727 3685 Ἀθηνᾶν
1779 3618 1876 3672 καὶ

290 3700 625 3771 Ἀφροδίτην
683 3700 827 3766 τίνος
873 3701 1086 3769 γένοιτο
1145 3703 1352 3773 ἱερεὺς,
1417 3702 1768 3775 Ἀλέξανδρον
1815 3703 1874 3757 δὲ

277 3795 467 3863 κρῖναι
494 3793 653 3863 νικᾷν
696 3792 1141 3864 Ἀφροδίτηνοὲκ
1183 3792 1389 3862 ταύτης
1412 3792 1544 3861 γοῦν
1583 3794 1683 3864 τῆς
1729 3795 1874 3848 ίστο-

278 3884 409 3955 ρίας
442 3887 471 3937 6
502 3886 634 3954 περὶ
670 3884 765 3937 τοῦ
806 3885 979 3956 μήλου
1028 3885 1188 3953 λόγος
1239 3885 1474 3956 διεδόθη.
1522 3886 1874 3959 Ὑπερμένης

272 3981 334 4032 ἐν
358 3978 442 4048 τῷ
464 3995 534 4031 πε
544 3978 597 4048 ρὶ
622 3978 757 4030 Χίου
796 3978 1038 4048 Ὀμήρου
1065 3978 1200 4046 φησι
1214 3977 1526 4046 θεράποντα
1549 3980 1806 4047 γενέσθαι
1829 3983 1875 4013 ³³

275 4054 590 4139 Σκινδαψὸν
623 4069 851 4139 ὀνόματι
877 4086 892 4101 ο
944 4054 1142 4122 ἶτοῦτον
1178 4068 1524 4140 ζημιωθῆναι
1581 4070 1687 4124 ὑπὸ
1723 4073 1873 4127 Χίων

273 4162 464 4233 χιλίας
490 4161 744 4233 δραχμὰς
783 4161 873 4215 διὰ
896 4161 958 4214 16
1003 4161 1078 4230 μὴ
1118 4161 1321 4215 καῦσαι
1352 4162 1757 4233 τελευτήσαντα
1784 4165 1875 4218 τὸν

274 4255 578 4325 δεσπότην.
617 4256 676 4308 '0
701 4255 759 4308 δὲ
783 4254 844 4307 τὸ
871 4254 1106 4325 ὄργανον
1136 4253 1315 4325 εὑρὼν
1335 4255 1397 4308 τὸ
1425 4253 1568 4308 οὕτω
1597 4256 1873 4328 καλούμε-

272 4366 368 4402 νον
408 4348 706 4418 σκινδαψὸν
742 4348 1059 4418 Ἐρετριεὺς
1082 4347 1130 4377 “
1152 4343 1242 4418 ἧν,
1277 4346 1537 4417 Ποικίλης
1560 4348 1662 4418 τῆς
1696 4348 1868 4420 αὐλη-

269 4441 462 4513 τρίδος
503 4440 638 4503 υἱός.
674 4438 859 4495 Ταῦτα
886 4439 1066 4492 καὶτὸ
1093 4445 1146 4505 ς’
1182 4438 1412 4509 βιϐλίον.

1989 563 2136 619 illum
2169 566 2377 621 clarum
2407 570 2644 623 evadere
2675 585 2691 621 :

2486 749 2614 803 Sale
2634 752 2860 819 aspersi!
2890 769 3067 810 sacro.

1984 838 2114 909 Agit
2141 848 2252 893 tum
2283 841 2349 894 de
2378 840 2589 896 Achille
2616 850 2761 896 terra
2790 846 2995 914 genito,
3017 855 3072 899 et
3101 855 3234 917 quot
3255 856 3378 917 post
3402 848 3569 904 Iliaca

1988 942 2232 1003 tempora
2296 934 2442 990 fama
2505 936 2637 991 clari
2686 936 2929 995 Achilles
2979 939 3204 997 fuerint.
3254 941 3357 997 Hic
3404 950 3571 998 terra:

1985 1025 2131 1083 illius
2162 1027 2454 1096 Iunonem,
2484 1032 2637 1089 Jovis
2668 1049 3025 1106 congressum
3057 1036 3382 1104 fugientem,
3412 1048 3571 1092 antro

1986 1131 2087 1173 suo
2116 1120 2345 1189 recepit,
2382 1123 2764 1190 persuasitque
2798 1124 2864 1176 ad
2904 1121 3093 1177 Jovem
3118 1124 3302 1177 redire
3327 1141 3342 1190 ;
3372 1131 3425 1177 et
3453 1123 3571 1177 ha'c

1986 1213 2161 1281 prima
2186 1212 2308 1281 fuit,
2328 1224 2388 1267 ut
2420 1213 2623 1281 ferunt,
2650 1215 2873 1270 Jovis'et
2900 1214 3129 1271 iunonis
3156 1217 3341 1272 coitio.
3363 1214 3565 1282 Quam-

1987 1304 2176 1358 obrem
2244 1304 2456 1375 Jupiter
2513 1320 2730 1375 quoque
2787 1306 2983 1361 Achilli
3047 1307 3323 1377 pollicitus
3366 1316 3451 1361 est
3486 1303 3565 1358 fa-

1986 1403 2203 1450 cturum
2221 1410 2303 1462 se,
2328 1406 2385 1450 ut
2407 1406 2673 1467 quotquot
2699 1395 2815 1466 ejus
2835 1414 3030 1452 nomen
3055 1399 3408 1462 sortirentur,
3436 1395 3571 1450 clari

1986 1488 2337 1543 exsisterent.
2361 1487 2655 1558 Propterea
2679 1499 2731 1544 et
2754 1489 2996 1545 Achilles
3020 1490 3107 1545 ille
3128 1490 3371 1544 Thetidis
3397 1490 3563 1556 lilius,

1986 1575 2218 1630 illustris
2248 1577 2481 1630 exstitit.
2505 1575 2760 1631 Chironis
2791 1591 3011 1646 quoque
3051 1586 3352 1645 praeceptor
3381 1575 3569 1629 Achil-

1986 1667 2065 1723 les
2097 1669 2409 1723 nominatus
2440 1685 2458 1725 ι
2499 1671 2642 1725 unde
2681 1669 2825 1724 Pelei
2862 1668 3005 1724 ﬁlius
3042 1683 3139 1737 per
3161 1667 3452 1723 Chironem
3488 1666 3570 1721 sic

1986 1760 2311 1831 appellatus.
2366 1761 2593 1826 Adhaac,
2638 1763 2730 1831 qui
2779 1762 2990 1831 primus
3038 1760 3426 1816 ostracismum
3487 1758 3567 1827 (8';

1983 1851 2215 1908 Athenis
2238 1854 2589 1924 excogitavit,
2626 1853 2867 1909 Achilles
2900 1854 3097 1917 dictus,
3138 1852 3282 1906 filius
3314 1850 3563 1921 Lysonis.

1979 1946 2099 2002 Jovi
2157 1962 2377 2017 quoque
2441 1958 2497 2003 et
2546 1946 2749 2002 Lamia:
2814 1946 3055 2002 Achilles
3115 1947 3336 2015 quidam
3388 1952 3566 2009 natus,

1979 2042 2153 2106 aiunt,
2186 2039 2377 2109 1526
2405 2041 2859 2109 praestantissima
2910 2040 3073 2108 plane
3098 2041 3296 2103 forma,
3320 2049 3379 2092 ut
3401 2039 3568 2092 etiam

1980 2131 2047 2186 de
2079 2130 2488 2198 pulchritudine
2516 2130 2879 2196 contendens,
2920 2131 3069 2185 Pane
3107 2131 3208 2184 deo
3241 2130 3444 2200 judice,
3486 2129 3570 2182 vi-

1979 2223 2138 2277 cerit.
2173 2222 2249 2276 Ea
2272 2237 2404 2293 ergo
2428 2224 2495 2279 de
2526 2238 2689 2278 causa
2729 2221 3004 2278 Venerem
3040 2222 3404 2292 indignatam,
3432 2220 3568 2275 Pani

1980 2313 2162 2368 Echus
2202 2329 2444 2370 amorem
2475 2315 2804 2369 immisisse:
2829 2323 2884 2368 et
2913 2323 3063 2368 certe
3095 2313 3179 2368 sic
3209 2313 3567 2374 deformasse,

1979 2415 2039 2460 ut
2085 2408 2202 2476 ipsa
2274 2406 2541 2461 duntaxat
2604 2408 2785 2476 specie
2847 2407 3020 2476 turpis
3073 2416 3130 2460 et
3169 2405 3421 2458 amabilis
3473 2418 3573 2457 ne-

1979 2499 2115 2553 mini
2156 2499 2454 2554 videretur.
2508 2500 2737 2570 Insuper
2788 2508 2843 2553 et
2892 2498 3070 2552 Galati
3113 2498 3397 2567 cujusdam
3424 2495 3569 2550 lilius

1976 2589 2217 2647 Achilles
2264 2601 2509 2657 vocatus,
2559 2606 2718 2661 quem
2770 2592 2837 2646 ab
2895 2592 3006 2661 ipsa
3044 2591 3326 2644 nativitate
3372 2605 3568 2644 canum

1977 2683 2148 2738 fuisse
2176 2682 2363 2738 refert.
2401 2682 2579 2739 Fuere
2606 2694 2660 2738 et
2696 2684 2790 2739 alii
2836 2683 2978 2738 fama
3020 2684 3264 2740 illustres
3296 2684 3569 2753 quinqua-

1980 2779 2132 2846 ginta
2168 2786 2405 2846 quatuor
2432 2778 2676 2833 Achilles
2708 2795 2723 2833 :
2752 2792 2985 2845 quorum
3019 2778 3126 2832 duo
3155 2792 3353 2831 canum
3396 2776 3571 2830 instar

1979 2869 2340 2937 impudentes,
2388 2870 2639 2925 nefandis
2684 2885 2905 2940 quoque
2934 2871 3192 2940 operibus
3231 2868 3565 2924 admirandi.

1978 2962 2250 3028 Priamus,
2286 2963 2484 3031 inquit,
2511 2962 2659 3018 Jovis
2695 2962 2937 3018 amasius
2979 2962 3181 3027 factus,
3233 2976 3453 3016 auream
3500 2961 3569 3015 ab

1979 3068 2044 3108 eo
2062 3054 2273 3123 accepit
2299 3055 2490 3127 yitem,
2513 3070 2674 3124 quam
2692 3054 2783 3109 ille
2806 3064 2927 3124 post
2944 3053 3201 3125 Eurypilo
3216 3052 3437 3122 Telephi
3460 3052 3570 3105 lilio

1980 3147 2122 3216 quod
2153 3145 2299 3201 bello
2339 3146 2601 3201 auxilium
2628 3154 2920 3216 portasset,
2952 3146 3162 3199 muneri
3200 3144 3369 3199 dedit.
3406 3141 3572 3197 Αἰδο-

1982 3256 2082 3309 pus
2134 3254 2351 3309 quoque
2404 3240 2623 3310 Delphis
2666 3239 2988 3295 interfectus
3034 3239 3199 3291 vitam
3247 3237 3473 3305 recepit,
3515 3243 3572 3289 et

1982 3336 2048 3389 ad
2078 3333 2479 3403 Thermopylas
2516 3348 2622 3387 una
2677 3348 2798 3387 cum
2840 3330 3044 3385 Graecis
3073 3330 3348 3383 militavit.
3379 3329 3567 3383 Philo-

1977 3438 2176 3485 ctetem
2215 3429 2269 3482 in
2304 3427 2508 3482 Lemno
2538 3426 2711 3480 insula
2740 3425 2945 3496 Pylius,
2977 3422 3209 3477 Vulcani
3259 3423 3422 3487 filius,
3456 3436 3570 3475 me-

1981 3521 2156 3577 dendo
2184 3520 2415 3582 sanavit,
2439 3517 2713 3589 jaculandi
2753 3524 2927 3569 artem
2979 3514 3222 3570 vicissim
3254 3512 3322 3566 ab
3345 3528 3409 3567 eo
3438 3513 3571 3566 edo-

1980 3624 2125 3670 ctus.
2148 3614 2485 3668 Scamandro
2502 3611 2710 3665 ﬂumini
2737 3620 2923 3664 natum
2951 3610 3105 3663 aiunt
3153 3608 3322 3661 filium
3344 3608 3565 3673 Melum,

1979 3706 2181 3776 insigni
2227 3705 2474 3774 corporis
2514 3704 2687 3758 forma
2732 3700 2961 3770 ejusque
3005 3714 3170 3754 causa
3216 3698 3568 3754 contendisse

1979 3797 2133 3851 aiunt
2181 3793 2473 3859 Junonem,
2530 3792 2831 3855 Palladem,
2864 3799 2919 3845 et
2961 3791 3255 3853 Venerem,
3286 3791 3439 3859 cujus
3463 3805 3565 3857 po-

1990 3890 2265 3944 tissimum
2296 3889 2554 3942 sacerdos
2591 3895 2761 3941 esset.
2798 3884 3049 3939 Paridem
3097 3898 3226 3952 ergo
3265 3882 3567 3950 iudicando

1978 3981 2275 4036 secundum
2307 3980 2574 4035 Venerem
2604 3978 2929 4033 sententiam
2958 3976 3185 4041 dixisse,
3220 3983 3383 4044 atque
3405 3990 3469 4029 ex
3501 3990 3565 4027 ea

1982 4073 2212 4127 historia
2234 4072 2311 4143 (9)
2333 4070 2569 4125 fabulam
2589 4084 2711 4125 esse
2734 4073 2800 4123 de
2818 4067 2959 4121 malo
2975 4075 3173 4121 ortam.
3190 4063 3565 4137 Hypermenes

1986 4163 2178 4218 adhzec
2200 4163 2255 4218 in
2278 4178 2376 4217 sua
2408 4163 2474 4216 de
2505 4161 2645 4217 Chio
2676 4159 3017 4223 narratione,
3049 4155 3271 4211 Homeri
3302 4155 3566 4209 famulum

1978 4254 2150 4309 fuisse
2178 4251 2345 4307 refert
2398 4250 2761 4321 Scindapsum
2822 4248 3064 4312 nomine,
3119 4247 3371 4315 huncquc
3419 4245 3567 4298 mille

1976 4347 2218 4419 dragmis
2250 4362 2280 4400 a
2307 4346 2459 4401 Chiis
2488 4344 2796 4407 multatum,
2849 4341 2991 4410 quod
3042 4341 3234 4394 herum
3289 4346 3565 4392 mortuum

1976 4458 2083 4497 non
2118 4441 2440 4496 eXussisset.
2472 4437 2543 4490 At
2576 4436 2667 4506 qui
2701 4435 2992 4505 σκινδαψὸν
3018 4435 3087 4488 ab
3126 4448 3191 4486 eo
3220 4430 3563 4486 nominatum

272 4539 703 4593 instrumentum
731 4535 843 4607 (10)
872 4535 1103 4607 lyricum
1138 4535 1363 4603 reperit,
1398 4536 1643 4591 Eretrius
1689 4538 1809 4604 fuit,
1836 4549 1891 4594 et
1929 4538 2161 4595 Poeciles
2195 4539 2430 4594 tibicinae
2461 4536 2625 4591 ﬁlius.
2657 4534 2781 4589 Hac
2809 4533 2925 4588 fere
2976 4531 3101 4586 libri
3147 4529 3287 4583 sexti
3349 4540 3564 4580 summa

269 4640 378 4686 CSI.

360 4722 451 4774 ‘Ev
473 4722 532 4775 δὲ
564 4723 643 4794 τῷ
670 4723 713 4788 ζ’
757 4723 1074 4795 περιέχεται
1106 4722 1180 4787 ὼς
1206 4723 1481 4795 Θεόδωρος
1507 4727 1534 4778 ὁ
1558 4726 1855 4798 Σαμοθρᾲξ

2043 4724 2293 4793 Septimo
2342 4721 2575 4789 denique
2620 4719 2763 4773 libro
2803 4716 2873 4771 de
2925 4716 3009 4770 his
3037 4712 3149 4782 agit
3190 4730 3203 4765 :
3236 4710 3560 4767 Theodorus

270 4816 368 4869 τὴν
400 4815 500 4869 Δία
552 4816 686 4885 φησὶ
728 4815 1059 4884 γεννηθέντα
1108 4816 1203 4869 ἐπὶ
1226 4816 1366 4869 ἑπτὰ
1406 4818 1622 4888 ἡμέρας
1651 4820 1860 4873 ἀκατά-

269 4923 523 4961 παυστον
556 4906 809 4974 γελάσαι,
842 4907 938 4960 καὶ
980 4907 1070 4961 διὰ
1093 4906 1252 4961 τοῦτο
1280 4906 1487 4971 τέλειος
1536 4910 1797 4981 ἐνομίσθη
1836 4913 1864 4964 6

1970 4816 2299 4873 Samothrax
2329 4823 2516 4868 narrat
2571 4810 2759 4865 Jovem
2797 4816 2985 4863 natum
3017 4814 3225 4875 septem
3269 4804 3561 4858 continuos

1975 4910 2091 4965 dies
2142 4908 2329 4963 risisse
2374 4905 2511 4978 (li),
2564 4904 2799 4973 indeque
2849 4900 3223 4972 septenarium
3264 4912 3559 4953 numerum

1608 5073 1837 5129 VARI/1'3
1874 5075 2278 5132 LECTIONES-

349 5196 394 5225 ¹⁸
445 5195 743 5287 δσοιεῗιῖιξῑο
797 5192 905 5245 ἀπὸ
956 5193 1110 5287 ppuit
1143 5208 1223 5287 λς.
1252 5219 1320 5229 -—-
1352 5191 1429 5287 ξς
1459 5191 1694 5287 add."A.
1774 5194 1816 5223 ¹⁷
1848 5194 2053 5287 Ξτηλεὺς
2230 5194 2272 5226 ³⁸
2313 5191 2569 5287 γενέσθαι
2618 5190 2840 5287 φῧσὶιῖζ
2919 5190 2961 5220 ¹⁹
3002 5179 3553 5287 Ἀφὲοδίξηναεεισῄ-

966 5263 1010 5294 ¹⁰
1038 5264 1293 5330 γεγόνασι
1328 5261 1400 5313 νδ¹
1433 5278 1493 5325 ς’.

278 5283 455 5319 σασαν
490 5263 783 5335 ἐμϐάλλειν
818 5280 877 5326 ς.
966 5263 1010 5294 ¹⁰
1038 5264 1293 5330 γεγόνασι
1328 5263 1400 5313 νδ¹
1433 5278 1493 5325 ς’.

278 5336 467 5389 τοῦτον
495 5337 540 5390 A
571 5354 585 5390 :
611 5336 707 5388 καὶ
728 5334 916 5387 τοῦτον
938 5350 999 5397 ς’.
1077 5332 1122 5363 ³⁸
1149 5331 1423 5402 Ἐρέτριος
1457 5350 1497 5396 ς·

1246 5361 1422 5396 ευμιυ,
1457 5361 1487 5396 5
1506 5374 1518 5385 .

276 5336 467 5389 τοῦτον
495 5337 540 5390 A
571 5354 585 5390 :
611 5336 707 5388 καὶ
728 5334 916 5387 τοῦτον
938 5350 999 5397 ς’.

1593 5264 1634 5293 ²¹
1671 5266 1968 5335 συνεμάχει
1999 5296 2068 5306 -
2093 5264 2457 5335 Θερμοπύλης
2488 5280 2548 5326 ς.

2650 5262 2695 5292 ⁸²
2733 5252 2931 5330 Πήλιος
2968 5275 3029 5321 gs
3079 5252 3151 5288 ’π
3179 5252 3297 5325 γενζ
3331 5252 3449 5325 θερ.
3483 5268 3548 5317 ς.

1797 5478 2033 5535 NOTZE.

347 5599 425 5666 (8)
454 5596 629 5670 Quem
659 5598 899 5670 explicat
930 5598 1085 5654 Diod.
1136 5597 1302 5654 Sicul.
1354 5596 1425 5652 lib
1460 5613 1539 5663 ιι,
1589 5608 1642 5654 et
1694 5598 1849 5653 Suid.

279 5671 477 5737 sa-pius
517 5669 660 5723 Plut.

320 5740 427 5862 |(9)
457 5738 661 5793 Praeter
694 5739 964 5813 vulgarem
1012 5740 1335 5796 sententiam
1370 5740 1563 5815 Hygini
1590 5740 1726 5797 Fab.
1760 5742 1849 5808 9‘3,

281 5826 310 5863 λ
334 5827 530 5866 ιυτυιιι.

2040 5597 2154 5662 (10)
2187 5597 2389 5651 Athen.
2424 5594 2711 5660 describit,
2748 5594 2842 5648 lib.
2880 5609 2979 5661 1v.,
3010 5602 3066 5648 et
3102 5594 3357 5651 Eustath.

2035 5669 2155 5742 (li),
2183 5668 2356 5742 Unum
2400 5668 2749 5742 Zoroastrem
2790 5666 3125 5742 eodem‘nquo
3145 5664 3367 5742 genitus
3398 5674 3557 5719 esset

1963 5732 2074 5801 die,
2116 5732 2304 5863 iiiﬁsissc
2346 5755 2444 5808 pro
2480 5739 2633 5793 valde
2686 5736 2903 5794 insolito
2930 5732 3103 5791 adfert
3145 5735 3283 5789 Plin.
3314 5732 3409 5789 lib.
3446 5748 3549 5799 vr,

1970 5827 2124 5863 CﬂD.’
2193 5846 2205 5861 .

1970 5827 2086 5868 Cal).
2121 5827 2205 5863 ἰυ.
