4022 6452
223 308 332 374 633

1303 311 1838 377 BIB’LIOTHECA.
1872 340 1944 351 -
1975 314 2142 379 COD.
2176 318 2355 379 CXCI

3396 313 3504 377 634

225 436 403 483 νοντα,
440 419 526 472 δτι
562 421 698 490 πρὸς
730 421 919 494 ἕτερον
962 421 1214 485 κλίνειεν,
1244 423 1476 488 ἀνελεῖν,
1512 427 1594 490 είς
1620 427 1676 481 δὲ
1704 428 1805 497 τὴν

1932 430 2194 500 tujusdaxn
2225 446 2335 485 orte
2367 431 2515 485 illius
2546 446 2730 484 amore
2765 444 3078 500 possessum
3115 446 3130 485 :
3156 444 3389 497 cumque
3417 444 3505 484 re-

220 515 480 572 Λευκάδα
508 518 959 587 παραγενόμενον
1001 518 1095 571 καὶ
1122 519 1358 589 ῥίψαντα
1407 522 1571 575 αὐτὸν
1597 524 1641 556 ³⁸
1672 525 1810 576 ἀπο-

221 609 427 663 θανεῖν.
470 610 588 663 Καὶ
622 611 996 681 Νικόστρατον
1034 611 1093 665 δέ
1132 612 1223 665 τὸν
1269 616 1519 684 κωμικὸν
1565 616 1814 683 Τεττιγι-

216 700 373 763 δαίας
413 701 463 733 ⁸⁸
504 701 609 767 τῆς
639 702 951 771 Μυριναίας
976 701 1021 734 δι
1072 703 1374 772 ἐρασθέντα
1425 705 1577 775 ῥῖψαι
1618 707 1814 759 ἑαυτὸν

217 792 311 845 καὶ
347 792 745 861 ἀπαλλαγῆναι
778 793 871 846 τοῦ
914 794 1141 866 ἔρωτος.
1171 795 1409 864 Μάκητα
1452 795 1509 849 δέ
1558 814 1693 866 φασι
1724 798 1816 851 τὸν

218 882 569 954 Βουθρώτιον
595 884 987 957 Λευκοπέτραν
1025 885 1412 957 ἐπικληθῆναι,
1450 886 1585 939 διότι
1622 889 1817 958 τετρά-

217 988 307 1035 κις
327 972 496 1025 αὐτὸν
525 972 855 1026 καταϐαλὼν
880 974 989 1027 τῶν
1012 975 1295 1045 ἐρωτικῶν
1311 975 1611 1032 κακώσεων
1635 979 1815 1033 ἀπαλ-

221 1064 497 1118 λάττοιτο.
522 1065 640 1118 ’Καὶ
667 1064 872 1135 πλῆθος
901 1066 1031 1120 ἄλλο
1051 1066 1227 1132 οὕτως
1249 1069 1632 1142 ἀπαλλαγῆναι
1666 1073 1820 1141 λέγε-

229 1175 349 1211 ται.
398 1158 507 1211 Καὶ
544 1157 897 1229 Βουλαγόραν
924 1159 981 1212 δὲ
1014 1159 1106 1213 τὸν
1150 1162 1529 1233 Φαναγορίτην
1571 1164 1642 1227 δ’,
1684 1163 1820 1234 ἐρα-

240 1249 439 1302 σθέντα
477 1249 744 1319 Διοδώρου
793 1250 887 1303 τοῦ
927 1251 1191 1321 αὐλητοῦ,
1240 1253 1619 1307 καταϐαλόντα
1656 1256 1820 1309 αὐτὸν

248 1342 591 1410 ἀναιρεθῆναι
642 1345 878 1413 γηραιὸν
920 1346 1023 1416 ἤδη
1074 1345 1224 1399 ὄντα.
1259 1347 1644 1418 Ἀναιρεθῆναι
1688 1349 1751 1401 -δέ
1775 1350 1821 1381 ⁸³

244 1437 335 1488 καὶ
378 1435 637 1505 Ῥοδόπην
687 1440 734 1468 ⁸⁵
781 1438 1087 1509 Ἀμισηνὴν
1136 1440 1558 1493 καταϐαλοῦσαν
1600 1443 1820 1513 ἑαυτὴν,

237 1527 469 1596 διδύμων
503 1530 717 1582 παίδων
760 1532 1247 1600 σωματοφυλάκων
1280 1533 1557 1603 ’Δντιόχου
1592 1534 1688 1587 τοῦ
1723 1534 1822 1604 βα-

236 1620 428 1682 σιλέως
456 1621 820 1688 ἐρασθεῖσαν,
844 1618 925 1686 οἷς
948 1623 1190 1694 ὀνόματα
1213 1626 1478 1695 ’Δντιφῶν
1499 1627 1593 1680 καὶ
1619 1627 1821 1698 Κῦρος.

225 1712 468 1779 Χαρῖνος
524 1712 583 1765 δὲ
643 1714 1019 1785 ξαμϐογράφος
1072 1717 1290 1789 ἠράσθη
1344 1720 1589 1789 Ἔρωτος
1636 1720 1819 1771 εὐνού·

223 1820 318 1873 κου
348 1803 477 1837 ⁸⁵·δσ
526 1804 623 1858 τοῦ
660 1805 977 1877 Εὐπάτορος
1005 1809 1243 1878 οἰνοχόου
1284 1810 1379 1862 καὶ
1415 1810 1717 1873 πιστεύσας
1744 1810 1822 1881 τῷ

220 1896 357 1963 περὶ
405 1897 512 1967 τῆς
544 1900 751 1969 πέτρας
798 1899 945 1970 λόγῳ
996 1900 1297 1955 κατέϐαλεν
1328 1902 1555 1955 ἐαυτόν⁸
1592 1903 1717 1955 ἐπεὶ
1764 1903 1823 1956 δὲ

223 1988 566 2043 καταϐαλὼν
597 1990 659 2043 τὸ
704 1991 897 2056 σκέλος
930 1993 1173 2063 κατεάγη
1209 1994 1305 2048 καὶ
1350 1994 1455 2048 ὐπὸ
1486 1993 1679 2065 ὀδύνης
1708 1996 1825 2049 ἐτε-

217 2080 420 2148 λεύτα,
451 2083 730 2156 ἀπέρριψε
755 2085 884 2139 τάδε
915 2085 986 2139 τὰ
1017 2086 1269 2157 ἰαμϐεῖα,

376 2346 640 2413 Ἕρῤοις,
673 2347 939 2415 πλανῆτι
971 2345 1069 2400 καὶ
1101 2346 1260 2415 κακὴ
1286 2346 1472 2414 πέτρη
1498 2348 1753 2415 Λευκάς.

371 2416 656 2483 Χαρῖνον,
690 2417 752 2469 αἳ
774 2418 856 2480 a2,
887 2419 999 2482 τὴν
1027 2418 1311 2485 ὶαμϐικὴν
1342 2418 1620 2478 Μοῦσαν,

374 2487 833 2558 Κατῃθάλωσας
863 2488 1114 2552 ἐλπίδος
1138 2489 1337 2555 κενοῖς
1359 2488 1405 2519 ⁸⁷
1423 2490 1657 2558 μύθοις.

376 2556 611 2611 Τοιαῦτ⁸
638 2560 897 2625 Ἔρωτος
925 2558 1219 2626 Εὐπάτωρ
1250 2556 1554 2627 ἐρασθείη.

303 2648 518 2718 Νιρεὺς
558 2648 605 2679 ⁸⁸
654 2649 712 2701 δέ
774 2651 1086 2713 Καταναῖος
1140 2650 1358 2722 ἠράσθη
1418 2654 1519 2721 τῆς
1575 2651 1829 2721 ’Λττικῆς

240 2741 554 2810 Ἀθηναίας
576 2782 590 2803 ,
628 2741 724 2794 καὶ
760 2742 932 2796 ἐλθὼν
964 2742 1264 2795 κατέϐαλεν
1300 2744 1496 2797 ἑαυτὸν
1530 2745 1638 2797 ἀπὺ
1659 2745 1705 2777 ⁸⁵⁸
1733 2746 1831 2814 τῆς

227 2830 474 2899 πέτρας,
507 2830 603 2882 καὶ
631 2830 879 2901 ἀπελύθη
913 2832 1009 2883 τοῦ
1050 2832 1418 2903 διοχλοῦντος,
1451 2841 1635 2888 πεσὼν
1664 2836 1708 2887 δ’
1735 2836 1831 2889 οὖν

229 2923 315 2983 εἰς
348 2922 571 2975 δίκτυον
624 2923 883 2975 ἐνέπεσεν
924 2923 1139 2988 ἁλιέως,
1173 2927 1231 2977 ἐν
1280 2920 1325 2993 ᾧ
1357 2928 1687 2997 άνειλκύσθη
1736 2930 1832 2982 σὺν

230 3013 465 3083 κιϐωτῷ
518 3015 768 3084 χρυσίου.
802 3016 1193 3080 Ἐπεδικάζετο
1230 3018 1289 3072 δὲ
1332 3020 1469 3091 πρὸς
1515 3022 1609 3073 τὸν
1671 3022 1831 3074 ἁλιέα

1915 520 2123 591 pulsam
2186 532 2485 589 pateretur,
2532 523 2674 589 quod
2727 522 2885 575 alteri
2935 521 3025 575 ille
3075 535 3139 575 se
3183 520 3504 590 applicaret,

1916 615 2165 668 eumdem
2205 615 2494 669 occidisse.
2519 612 2719 669 Verum
2748 615 2813 667 ad
2844 613 3148 669 Leucadem
3177 612 3502 679 profectum.

1916 721 2037 762 sese
2086 721 2150 760 ex
2197 706 2304 761 alto
2345 706 2782 775 pra-cipitantem
2818 706 3086 773 periisse.
3138 703 3504 759 Nicostratum

1916 798 2044 852 item
2074 798 2341 853 comicum
2379 798 2754 868 Tettigidaeam
2784 797 3178 868 Myrrhinaam
3207 806 3506 858 amantem,

1927 887 2166 957 indeque
2196 903 2255 941 se
2285 886 2653 955 dejicientem,
2688 902 2873 941 amore
2903 888 3135 941 solutum
3170 886 3372 940 ferunt.
3398 885 3508 937 Ma-

1919 990 2040 1035 ceta
2089 988 2276 1033 autem
2341 978 2690 1033 Buthrotium
2745 979 2900 1033 aiunt
2966 978 3363 1047 Leucopetram
3411 993 3507 1030 co-

1920 1073 2299 1144 gnominatum
2341 1087 2484 1137 esse,
2513 1072 2659 1141 quod
2687 1082 2882 1140 quater
2925 1071 3054 1125 inde
3093 1086 3151 1125 se
3190 1070 3507 1133 demittens,

1924 1166 2130 1218 amoris
2164 1166 2237 1219 sit
2269 1165 2591 1233 impotentia
2642 1164 2934 1219 liberatus.
2988 1162 3235 1232 Magnam
3289 1176 3509 1230 quoque

1924 1256 2199 1309 hominum
2228 1259 2440 1327 copiam
2467 1258 2540 1311 ita
2576 1258 2862 1311 liberatam
2892 1256 3221 1327 prtedicant.
3246 1254 3338 1307 Sic
3359 1254 3506 1305 enim

1924 1349 2245 1419 Bulagoram
2299 1324 2744 1420 l’liaragoritem,
2780 1324 2969 1418 153‘b
3006 1348 3301 1400 Diodorum
3344 1345 3510 1398 Aule-

1926 1453 2013 1496 ten
2040 1442 2249 1511 perdite
2274 1452 2572 1505 amantem,
2615 1442 2854 1511 indeque
2879 1457 2938 1495 se
2962 1440 3425 1510 przecipitantem,
3455 1439 3508 1491 iu

1924 1544 2140 1589 senecta
2173 1534 2421 1601 periisse.
2448 1532 2689 1588 Periisse
2722 1546 2942 1601 quoque
2986 1530 3288 1599 RliodOpen
3332 1530 3512 1583 Amis-

1925 1640 2136 1686 senam,
2171 1626 2297 1677 dttm
2349 1637 2409 1677 se
2455 1623 2579 1677 inde
2617 1622 2951 1692 prmcipitat,
2984 1621 3329 1691 geminorum
3372 1620 3513 1671 duo-

1928 1734 2065 1780 rum,
2091 1717 2181 1787 qui
2225 1715 2479 1769 Antiochi
2512 1714 2665 1784 regis
2709 1714 2987 1779 corporis
3020 1711 3277 1766 custodes
3327 1717 3511 1773 erant,

1925 1824 2109 1863 amore
2146 1816 2384 1876 captam,
2417 1807 2616 1876 quibus
2666 1807 2885 1859 nomina
2925 1814 3087 1859 erant
3111 1802 3238 1873 Cyri
3269 1812 3324 1857 et
3352 1802 3511 1855 Anti-

1924 1898 2165 1969 phontis.
2192 1897 2466 1952 Charinus
2506 1909 2729 1965 quoque
2783 1894 3093 1947 iamborum
3126 1892 3385 1959 scriptor,
3415 1902 3515 1942 eu-

1926 1992 2162 2045 nuchum
2185 1990 2471 2057 quemdem
2503 1988 2688 2049 ErOta,
2709 1985 3003 2053 Eupatoris
3027 1984 3366 2051 pineernam,
3393 1995 3518 2050 per-

1924 2084 2037 2138 dite
2054 2081 2590 2153 amavitJl‘a-bulzeque
2606 2080 2670 2133 de
2684 2088 2833 2148 petra
2850 2077 2938 2130 illa
2960 2076 3117 2129 [idem
3138 2073 3363 2135 habens,
3380 2085 3519 2141 prte-

1925 2174 2172 2243 cipitavit
2216 2182 2271 2225 et
2316 2172 2426 2226 ille.
2459 2171 2527 2224 At
2553 2185 2675 2225 cum
2724 2184 2786 2221 ex
2824 2168 2978 2237 lapsu
3011 2179 3170 2221 crure
3200 2165 3393 2227 fracto,
3420 2162 3519 2215 do-

1927 2265 2191 2335 lorisjam
2225 2266 2274 2318 vi
2298 2264 2628 2332 exspiraret,
2652 2263 2752 2315 lms
2779 2274 2971 2315 versus
3000 2258 3266 2312 iambicos
3285 2254 3477 2309 effudit
3500 2271 3515 2308 :

2107 2355 2306 2411 Fallax
2327 2356 2459 2423 peri,
2484 2356 2621 2420 peri,
2640 2353 2785 2406 mala
2814 2369 2844 2405 ο
2876 2352 3074 2405 Leucas
3094 2360 3246 2423 petra
3282 2364 3302 2402 :

2107 2421 2397 2489 Charinbn,
2429 2428 2550 2485 heu,
2575 2426 2696 2483 heu,
2727 2440 2805 2477 me
2840 2434 3047 2491 poetam
3072 2421 3357 2473 iambicum

2108 2497 2229 2565 Spei
2252 2498 2499 2550 adussiin
2530 2495 2773 2548 inunith
2796 2511 2911 2559 quin
2941 2491 3161 2565 fabulis,

2108 2560 2175 2622 1;;
2204 2576 2407 2621 tantum
2445 2566 2632 2627 Erota,
2667 2566 2731 2617 0!
2762 2564 3002 2632 Eupator
3022 2563 3067 2614 si
3098 2560 3311 2630 diligat.

1929 2666 2138 2723 Nereus
2184 2666 2405 2733 insuper
2442 2662 2725 2716 Catanreus
2785 2657 3019 2712 Palladis
3079 2655 3274 2708 Atticze
3330 2666 3521 2705 amore

1930 2773 2234 2829 possessus,
2275 2770 2407 2809 saxo
2439 2753 2701 2807 accedens
2741 2765 2800 2803 se
2848 2746 3237 2818 praecipitavit,
3276 2750 3330 2797 et
3383 2743 3523 2795 Iibe-

1936 2863 2085 2906 ralus
2111 2859 2194 2904 est
2230 2847 2497 2902 molestia.
2531 2843 2703 2913 Igitur
2731 2842 2956 2909 illapsus
2985 2841 3038 2891 in
3084 2835 3373 2907 piscatoris
3407 2841 3524 2885 rete

1934 2942 2257 3009 Subjectnm,
2286 2952 2393 3007 quo
2429 2950 2535 2989 una
2576 2947 2701 2986 cum
2745 2930 2861 2982 auri
2896 2930 3051 2996 plena
3104 2924 3295 2979 cistula
3340 2930 3527 2975 extra-

1935 3044 2059 3089 ctus
2095 3040 2200 3093 est,
2233 3026 2494 3099 piscatori
2525 3026 2693 3077 etiam
2735 3022 2803 3077 de
2838 3020 2957 3074 auri
2988 3016 3209 3088 capsula
3246 3016 3392 3069 litem
3434 3012 3524 3065 in-

230 3106 370 3175 περὶ
406 3104 503 3159 τοῦ
538 3108 796 3177 χρυσίου·
828 3108 944 3160 ἀλλ’
970 3109 998 3160 ὁ
1045 3109 1325 3163 Ἀπόλλων
1374 3116 1663 3184 νυκτερινῇ
1712 3113 1827 3181 ὄψει

1940 3124 2131 3178 tendit.
2174 3121 2375 3174 Verum
2409 3116 2603 3186 Apollo
2656 3114 2952 3168 secundum
3000 3110 3237 3178 quietem
3293 3105 3462 3166 visus,
3494 3118 3526 3153 a

229 3199 553 3267 ἀπέστησεν
567 3200 729 3252 αὐτὸν
751 3200 847 3252 τοῦ
870 3201 1315 3267 ἐπιδικάζεσθαι,
1341 3204 1461 3257 δέον
1488 3205 1835 3276 εὐχαριστεῖν

229 3290 382 3361 ὑπὲρ
423 3291 525 3360 τῆς
547 3291 888 3362 ἀπαλλαγῆς,
912 3293 1371 3363 ἀπειλησάμενος,
1400 3295 1534 3347 ἀλλὰ
1562 3297 1636 3366 μὴ
1671 3297 1765 3350 καὶ
1788 3297 1835 3328 ⁵⁸

231 3381 529 3450 ἀλλότριον
556 3382 1024 3452 περιεργάζεσθαι
1054 3383 1299 3453 χρυσίον.
1326 3384 1453 3455 [495
1486 3384 1577 3456 IL]
1608 3387 1762 3439 Ιῐᾶνά
1786 3387 1831 3418 ⁸⁸

231 3490 409 3540 φασιν
428 3473 477 3504 ⁸³
517 3472 671 3543 ἰχθὺν
716 3468 857 3527 εἶναι
898 3474 1192 3528 θαλάσσιον
1236 3476 1453 3547 κητώδη
1478 3517 1491 3540 ,
1530 3478 1717 3546 ὅμοιον
1756 3478 1835 3549 τῷ

233 3568 382 3621 Πανὶ
421 3568 565 3621 κατὰ
611 3568 712 3637 τὴν
760 3567 915 3637 ὄψιν·
954 3569 1014 3622 ἐν
1066 3568 1243 3640 τούτῳ
1284 3570 1433 3624 λίθον
1481 3572 1835 3641 εὑρίσκεσθαι

230 3661 331 3713 τὸν
366 3661 690 3731 ὰστερίτην,
735 3661 794 3714 ὃν
832 3663 913 3725 εἰς
967 3660 1121 3731 ἥλιον
1172 3662 1399 3716 τεθέντα
1456 3664 1831 3730 ἀνάπτεσθαι,

232 3755 426 3805 ποιεῖν
463 3753 521 3804 δέ
554 3753 653 3808 καὶ
676 3754 823 3824 πρὸς
862 3754 1087 3824 φίλτρον
1112 3755 1182 3812 ⁵³.
1219 3754 1423 3808 Τοῦτον
1453 3755 1518 3828 δὴ
1550 3758 1643 3810 τὸν
1685 3757 1835 3810 λίθον

230 3844 390 3916 εἶχεν
428 3844 639 3916 Ἑλένη,
675 3846 887 3918 γλυφὴν
936 3846 1130 3917 ἔχοντα
1186 3846 1347 3899 αὐτὸν
1398 3848 1488 3900 τὸν
1537 3848 1689 3917 ἰχθὺν
1743 3850 1835 3903 τὸν

232 3941 427 4003 Πᾶνα,
469 3940 563 3991 καὶ
593 3938 767 4012 ταύτῃ
796 3941 1062 4009 ἐκέχρητο
1095 3942 1158 4009 τῇ
1202 3941 1481 4010 σφραγῖδι.
1513 3941 1605 3993 Ἐν
1634 3938 1713 4006 οἷς
1740 3944 1835 3997 καὶ

232 4032 335 4086 τοῦ
369 4032 418 4095 ζ’
446 4031 497 4063 ⁸⁸
522 4033 621 4103 τῆς
664 4034 997 4104 Πτολεμαίου
1035 4032 1129 4085 τοῦ
1166 4034 1565 4102 Ἡφαιστίωνος
1609 4038 1688 4098 εἰς
1736 4053 1835 4089 πο·-

232 4127 523 4198 λυμαθίαν
548 4130 744 4198 καινῆς
782 4127 1027 4198 ἱστορίας
1050 4126 1121 4179 τὰ
1154 4128 1443 4196 κεφάλαια.

962 4220 1033 4273 PL
1049 4221 1123 4273 A'.

427 4310 540 4365 Τοῦ
562 4308 832 4380 μεγάλου
858 4311 1183 4365 Βασιλείου
1217 4312 1289 4365 τὰ
1312 4312 1654 4380 Ἀσκητικά.

312 4402 665 4473 Ἀνεγνώσθη
706 4403 801 4455 τοῦ
854 4405 913 4455 ἐν
965 4403 1139 4471 ἁγίοις
1182 4405 1484 4469 Βασιλείου,
1528 4408 1830 4461 ἐπισκόπου

1938 3214 2199 3284 Iitigaudo
2235 3210 2398 3264 minis
2427 3208 2721 3263 deterruit.
2767 3203 3037 3272 Oportere
3070 3199 3214 3252 enim
3264 3198 3333 3250 ub
3376 3195 3526 3249 solu-

1938 3318 2050 3362 tum
2080 3318 2321 3358 amorem
2373 3310 2587 3372 gratum
2611 3312 2755 3362 esse,
2788 3312 2893 3349 non
2934 3304 3116 3347 autem
3164 3289 3402 3344 alienum
3430 3302 3527 3339 au-

1936 3414 2056 3455 rum
2090 3406 2368 3466 appetere.

2007 3487 2153 3541 Pana
2182 3486 2383 3556 piscem
2417 3483 2493 3537 ait
2514 3496 2636 3537 esse
2677 3478 2975 3540 marinum,
3008 3474 3223 3529 Balenae
3254 3471 3528 3539 magnitu-

1936 3584 2081 3647 dine,
2117 3579 2288 3635 forma
2315 3576 2447 3631 Pani
2488 3591 2593 3629 non
2618 3572 2956 3627 absimilem.
2981 3568 3040 3621 In
3068 3568 3171 3621 hoc
3205 3566 3356 3634 pisce
3392 3563 3529 3630 lapi-

1936 3676 2057 3731 dem
2102 3670 2333 3741 reperiri
2382 3669 2669 3729 asteriten,
2725 3678 2890 3735 quem
2951 3660 3049 3715 soli
3086 3656 3394 3727 oppositum
3445 3656 3531 3708 in-

1936 3765 2094 3820 cendi
2155 3764 2351 3826 l'erant,
2403 3760 2583 3812 valere
2623 3757 2789 3811 etiam
2840 3754 2907 3805 ad
2952 3750 3211 3821 pliiltrum
3242 3764 3256 3801 ε
3286 3746 3531 3813 adeoque

1936 3858 2083 3914 hunc
2123 3855 2385 3909 Helenam
2443 3851 2676 3921 lapidem
2725 3847 3002 3909 habuisse,
3052 3839 3326 3909 insculpta
3366 3837 3531 3891 l’anis

1936 3950 2099 4018 piscis
2141 3947 2398 4015 imagine,
2433 3957 2541 4014 quo
2573 3952 2630 3996 et
2672 3942 2727 3995 in
2768 3935 3112 4007 obsignando
3138 3934 3210 3987 sit
3242 3946 3369 3985 usa.
3405 3927 3533 3981 llaec

1914 4038 2063 4099 ’sunt
2100 4055 2231 4108 ergo
2278 4038 2457 4106 capita
2498 4034 2621 4089 libri
2664 4030 2882 4101 septimi
2933 4042 3088 4082 nova:
3120 4022 3397 4079 Ptoletnwi
3425 4019 3534 4074 lle-

1935 4130 2248 4205 pliazstionis
2279 4129 2343 4183 ad
2378 4128 2585 4183 variam
2630 4122 2992 4179 eruditionem
3028 4116 3279 4172 Historia:

2642 4212 2823 4270 CXCI.

2257 4310 2448 4366 Sancti
2478 4306 2671 4361 Basilii
2709 4304 2893 4375 Magni
2948 4302 3215 4356 Ascetica.

2006 4405 2261 4475 Legimus
2293 4403 2433 4457 beati
2478 4399 2660 4455 Basilii
2684 4397 2921 4468 episcopi
2946 4396 3205 4450 (Σίνδοι-οπο
3244 4389 3537 4459 Cappado-

237 4496 591 4566 Καισαρείας
625 4494 1049 4559 Καππαδοκίας,
1087 4496 1153 4549 τὰ
1182 4497 1454 4567 λεγόμενα
1483 4498 1826 4566 Ἀσκητικὰ,

1934 4500 2055 4562 ciae,
2097 4497 2189 4567 qui
2233 4506 2501 4550 vocantur
2551 4494 2928 4549 Asceticorum
2965 4488 3098 4559 (l5‘)
3147 4485 3320 4539 libros
3375 4484 3534 4536 duos.

238 4587 306 4637 ἐν
333 4586 463 4639 δυσῖ⁷
500 4585 699 4652 λόγοις.
741 4588 1027 4656 Χρήσιμον
1068 4588 1166 4657 μὲν
1200 4588 1262 4641 τὸ
1305 4589 1533 4659 βιϐλίον,
1580 4589 1735 4662 εἴπερ
1781 4608 1836 4643 τι

238 4676 405 4741 ἄλλο,
443 4678 660 4749 ἑκάστῳ
689 4678 799 4730 τῶν
846 4679 1093 4731 εὐσεϐεῖν
1124 4680 1466 4750 αἱρουμένων
1516 4682 1612 4734 καὶ
1649 4684 1836 4751 τυχεῖν

239 4770 361 4821 τῶν
390 4770 624 4823 αἰωνίων
666 4770 920 4838 ἀγαθῶν·
958 4770 1086 4843 [255
1118 4770 1211 4843 IL]
1253 4773 1489 4842 μάλιστα
1530 4774 1587 4827 δὲ
1622 4778 1739 4837 τοῖς
1778 4777 1836 4829 ἐν

242 4862 509 4934 κοινοϐίῳ
541 4863 633 4916 τὸν
674 4866 975 4935 ἀσκητικὸν
1003 4865 1315 4918 διαθλοῦσιν
1346 4866 1558 4934 ἀγῶνα.
1590 4867 1745 4937 Ἔχει
1779 4867 1835 4920 δὲ

241 4951 350 5004 καὶ
402 4953 614 5006 πολλῶν
660 4954 1037 5025 ἀπορημάτων
1077 4954 1124 4986 ⁵³
1183 4954 1499 5026 Γραφικῶν,
1550 4956 1653 5009 ὅσα
1712 4972 1836 5007 συν-

244 5047 547 5115 επικοσμεῖ
583 5046 642 5100 τὸ
679 5043 833 5118 ἦθος,
862 5050 922 5101 ἐν
964 5046 1184 5116 συνόψει
1208 5047 1391 5111 λύσεις
1415 5064 1476 5099 τε
1529 5049 1625 5100 καὶ
1656 5065 1834 5119 σαφη-

1937 4592 2084 4649 Utile
2110 4605 2243 4645 sane
2275 4590 2375 4643 hoc
2427 4604 2587 4659 opus,
2617 4589 2660 4642 si
2694 4585 2837 4655 quod
2872 4582 3041 4643 aliud,
3071 4578 3293 4649 pietatis
3322 4576 3536 4631 studio-

1939 4685 2037 4749 sis,
2069 4683 2272 4752 quique
2297 4688 2498 4733 aeterna
2546 4677 2634 4731 illa
2663 4678 2802 4730 bona
2835 4679 3263 4729 consectantur:
3302 4666 3541 4720 maxime

1936 4788 2069 4827 vero
2122 4773 2212 4835 iis,
2266 4772 2356 4840 qui
2409 4770 2462 4823 iu
2512 4767 2861 4822 monasteriis
2905 4766 2971 4820 ad
3023 4764 3281 4833 pietatem
3348 4772 3536 4810 verant

1940 4869 2283 4916 exerceantur.
2315 4860 2571 4914 Contiuet
2596 4867 2779 4913 autem
2810 4870 2934 4910 cum
2971 4869 3002 4908 c
3032 4867 3190 4907 sacra
3223 4848 3534 4917 Scriptura,

1940 4956 2215 5009 variarum
2265 4953 2651 5022 quaestionum,
2699 4965 2822 5020 quae
2878 4948 2943 5003 ad
2984 4959 3166 5000 mores
3202 4956 3539 5013 componen-

1930 5050 2037 5102 ‘dos
2068 5048 2287 5113 faciant,
2318 5045 2644 5101 breviarium
2680 5061 2694 5101 :
2728 5054 2843 5097 tum
2874 5040 2961 5097 his
2993 5040 3300 5097 solutiones
3320 5035 3539 5089 additas

1530 5180 1766 5237 VARUE
1810 5181 2226 5239 LECTIONES.

320 5317 368 5349 ³⁹
404 5318 598 5371 ἑαυτὸν
664 5336 726 5383 ς.
804 5318 849 5350 ⁸⁸
877 5317 1212 5385 τετεγιδαίας
1246 5318 1310 5370 Α.
1384 5317 1429 5347 ⁸¹
1462 5314 1805 5386 Μυρῤιναίας
1836 5333 1895 5379 ς’.

256 5388 424 5474 σηνὴν
459 5404 536 5474 g...
596 5389 722 5474 “.3.”
750 5389 1006 5474 εὐνοέχου
1173 5389 1591 5474 ήαιάρρενρςις.

1669 5388 1714 5419 ’⁵⁷
1772 5388 1979 5448 καινοῖς
2006 5385 2069 5439 Α.
2140 5385 2205 5417 ’⁸⁸

2599 5313 2645 5345 ⁸³
2674 5311 2731 5365 δέ
2763 5312 2887 5365 add.
2923 5310 2988 5365 A.
3066 5309 3118 5340 “
3155 5308 3344 5362 Ῥόπιν
3370 5307 3542 5375 ἀμισ-

1974 5315 2020 5345 ⁴¹
2056 5314 2432 5401 φαραγορετην
2459 5331 2521 5377 ς.
2599 5314 2645 5345 δ’
2674 5314 2732 5396 at:
2763 5314 2887 5365 add.
2923 5314 2988 5365 A.
3066 5314 3118 5340 ιι
3155 5314 3344 5362 Ῥόπιν
3370 5314 3541 5375 ἀμισ-

1974 5385 2069 5445 ῖΑ.
2161 5386 2447 5449 ⁸⁸Νηρευς
2478 5401 2541 5447 ς.
2630 5382 2676 5414 ⁸³
2711 5382 2822 5436 υπὸ
2855 5400 2917 5446 ς’.
3010 5381 3056 5411 ⁸⁰
3090 5381 3166 5449 μὴ
3190 5379 3285 5431 καὶ
3316 5380 3359 5431 Α
3390 5394 3413 5449 ε
3446 5376 3541 5429 καὶ

2227 5386 2447 5454 Νηρεὺς
2478 5401 2541 5447 ς.

257 5445 332 5527 μῆ
467 5445 537 5490 ⁷⁵¹
573 5461 721 5512 πᾶνα
753 5462 791 5511 Α
826 5478 840 5514 ;
872 5445 1021 5512 Πδινι
1042 5460 1098 5511 δὲ
1122 5445 1281 5523 gaude
1315 5445 1371 5511 i-é
1402 5445 1673 5527 etis—uid.
1707 5472 1759 5508 ν.
1794 5445 2048 5519 Αἴσωπος
2077 5445 2511 5527 Μιθριδίῖρίιίιιὰ
2544 5452 2763 5511 Kuster.
2844 5445 2890 5485 “
2926 5445 3102 5521 φησὶν
3118 5445 3180 5514 τέ.
3259 5449 3305 5480 ⁸³
3339 5445 3539 5520 φίλτρα

256 5531 452 5584 Suidas
474 5540 527 5585 et
568 5530 601 5584 Ι.
635 5532 741 5586 Lct
773 5546 822 5583 v.
871 5530 1064 5600 Ἰχθύς.

1141 5532 1186 5561 ⁵⁵
1211 5530 1305 5583 καὶ
1325 5529 1393 5581 τὰ.
1432 5525 1526 5580 τοῦ
1562 5544 1624 5589 ς’.
1700 5528 1748 5559 ⁵³
1783 5528 2163 5599 ἀωρημάτων
2196 5525 2411 5580 πολλῶν
2445 5542 2508 5595 ς.

1785 5646 2018 5708 NOTAE.

329 5766 462 5833 (15⁸)
495 5766 702 5823 Similia
739 5768 933 5822 iterum
968 5767 1102 5824 lecta
1146 5767 1459 5825 referuntur
1484 5784 1635 5840 supr.
1665 5768 1786 5822 cod.
1836 5768 1963 5822 ιλιι.
