4022 6450
534 301 642 364 635

1685 300 1950 361 ΡΗΟΤΙΙ
1983 302 2123 362 ΡΑΤ

2222 303 2494 365 ARCHIE
2522 305 2633 366 cr.
3645 334 3732 401 636

533 425 697 481 atque
750 407 1176 477 explanationes.
1223 408 1435 463 Eminet
1474 409 1587 480 (l6)
1630 425 1795 479 porro
1842 414 2003 481 huius
2051 413 2106 467 ln

2222 418 2420 506 {capdm
2460 417 2550 471 Ἐν
2582 417 2680 488 μὲν
2723 416 2817 471 οὖν
2870 419 2985 482 τοῖς
3019 418 3195 487 λόγοις
3225 424 3286 476 τὸ
3340 430 3550 503 σύνηθες
3589 446 3733 506 αὐτου

534 506 689 560 libris
738 501 974 573 egregie,
1026 516 1130 555 non
1184 502 1271 555 ille
1321 503 1479 557 modo
1517 502 1775 557 solemnis
1822 505 1957 559 adeo
2008 504 2114 575 ipsi

535 597 760 652 allectus
808 595 1005 658 lenior,
1042 595 1134 649 sed
1180 610 1311 662 pura
1368 597 1531 650 etiam
1568 597 1926 665 perspicuitas
1956 616 1970 653 :
2006 599 2112 655 nisi

532 692 676 758 quod
709 689 760 741 in
808 686 1000 759 154a
1067 687 1455 757 qnarstionihus
1498 688 1821 756 quibusdam
1889 691 2115 760 empha-

533 795 655 836 scos
680 781 881 849 aliquid
918 780 987 833 ab
1028 794 1094 833 eo
1136 794 1415 848 aspersum
1450 787 1727 847 appareat,
1763 794 1869 833 non
1896 779 1946 833 id
1981 782 2115 835 adeo

533 874 808 929 vocabulis
840 873 1017 927 minus
1048 874 1262 927 usitatis
1283 873 1597 941 juveniliter
1627 873 1904 937 adhibitis,
1940 888 2114 944 neque

532 964 927 1032 compositione
965 978 1061 1033 per
1091 964 1585 1017 circumductiones
1626 965 1955 1018 obscurata:
1983 966 2112 1031 quin

534 1070 710 1124 neque
752 1055 930 1123 aliqua
961 1056 1267 1123 peregrina,
1313 1065 1366 1109 et
1407 1070 1436 1108 a
1473 1056 1681 1122 privato
1722 1071 1821 1109 usu
1863 1056 2116 1125 civilique

535 1160 785 1199 sermone
818 1146 1111 1198 remotiore
1162 1145 1501 1210 curiositate,
1535 1155 1629 1199 aut
1663 1147 1982 1209 acrimonia,
2021 1148 2113 1201 sed

533 1237 676 1305 quod
718 1236 866 1291 hisce
917 1236 984 1291 de
1013 1251 1163 1290 more
1206 1237 1461 1302 servatis,
1498 1237 1800 1304 emphasim
1831 1237 1997 1291 veluti
2036 1240 2116 1291 in-

539 1327 805 1397 terjiciat;
856 1329 1003 1382 nullo
1032 1329 1249 1384 interim
1302 1329 1540 1402 [lectori]
1569 1330 1736 1384 indito
1773 1331 2002 1385 instituti
2033 1332 2115 1385 sui

536 1432 718 1483 sensu,
752 1433 1059 1487 quanquam
1088 1433 1150 1472 ea
1182 1434 1301 1488 quae
1339 1421 1578 1474 breviter
1608 1422 1908 1489 proposuit,
1942 1421 2115 1491 pluri-

534 1521 680 1560 mum
711 1522 814 1559 non
848 1517 1165 1575 pertractat,
1212 1523 1276 1563 eo
1323 1511 1466 1578 quod
1516 1525 1725 1564 summa
1773 1512 1948 1579 capita
1989 1511 2120 1564 dun-

536 1606 686 1651 taxat
715 1599 963 1653 oratione
997 1600 1245 1669 persequi
1281 1601 1618 1669 prepositum
1648 1601 1874 1667 habens,
1912 1602 2116 1657 clario-

536 1689 612 1743 ris
659 1689 1542 1759 explicationis-Opportunitatem
1595 1693 1797 1747 nullam
1856 1693 2115 1763 reperiat.

535 1780 601 1834 Et
630 1782 851 1836 adhibet
890 1783 979 1837 ille
1010 1783 1225 1851 quidem
1258 1798 1413 1836 suum
1449 1783 1514 1837 ad
1546 1784 1980 1853 persuadendum
2016 1799 2113 1838 ac-
2146 1769 2193 1829 Β

532 1877 935 1928 commodatum
971 1889 1200 1927 acumen
1249 1873 1433 1927 multis
1479 1875 1841 1942 quaestionum
1888 1875 2113 1930 solutio-

535 1966 716 2029 nibus,
754 1965 848 2019 sed
879 1965 1076 2018 anima:
1102 1965 1249 2019 salus
1294 1975 1456 2034 atque
1489 1967 1691 2019 utilitas
1720 1965 1881 2036 plane
1916 1968 2115 2036 ubique

534 2064 837 2123 spectatur.
899 2054 1216 2123 Quanquam
1257 2070 1360 2108 non
1409 2055 1523 2108 sola
1559 2056 1829 2110 brevitate
1881 2055 2116 2109 violetur

534 2147 680 2213 apud
710 2161 833 2201 eum
882 2148 1246 2216 perspicuitas
1279 2165 1293 2201 :
1338 2162 1522 2201 verum
1555 2158 1610 2202 et
1645 2164 1709 2201 ex
1740 2163 1826 2215 eo,
1853 2150 1992 2216 quod
2028 2164 2116 2202 so-

538 2236 759 2291 lutionis
818 2238 1148 2306 indigentem
1181 2238 1487 2292 orationem
1533 2239 1775 2305 claudat,
1808 2239 1951 2293 nulla
1980 2255 2119 2295 c0n-

537 2330 789 2383 cludendi
824 2330 993 2383 forma
1025 2331 1267 2384 adhibita
1302 2350 1317 2387 :
1358 2341 1418 2384 ut
1466 2332 1608 2385 inter
1636 2332 1896 2403 disjectas
1927 2349 2120 2403 propo-

536 2421 786 2486 sitiones,
817 2432 873 2476 et
916 2422 1181 2475 inferendi
1230 2433 1283 2476 et
1328 2422 1692 2477 concludendi
1744 2427 1793 2478 vi
1824 2425 2114 2480 destitutas

534 2512 903 2582 probationes,
937 2529 1088 2567 mens
1134 2514 1372 2569 aberret.

613 2604 814 2657 llarum
850 2616 1030 2658 autem
1074 2621 1255 2659 rerum
1292 2622 1455 2662 causa
1499 2608 1551 2660 in
1583 2609 1787 2662 variam
1827 2608 2119 2678 providen-

536 2696 626 2751 tia:
651 2697 961 2750 methodutn
990 2696 1320 2762 dissecatur,
1350 2715 1511 2769 quam
1546 2701 1826 2769 sapientia
1865 2712 1970 2755 tua:
2006 2700 2119 2771 (l7)

537 2790 990 2843 considerandam
1032 2792 1306 2859 permitto.
1350 2792 1409 2845 ln
1438 2792 1520 2847 his
1546 2791 1774 2864 [tamen]
1802 2793 2014 2847 duobus
2050 2793 2117 2847 li-

539 2884 657 2937 bris
681 2899 784 2938 non
817 2900 1032 2954 semper
1061 2888 1123 2939 ad
1144 2887 1443 2954 emphasim
1472 2888 1721 2942 recurrit.
1753 2887 1947 2941 Statim
1974 2889 2119 2941 enim

534 2975 749 3043 primus
794 2975 933 3028 liber
979 2976 1112 3028 nihil
1161 2992 1272 3044 prae
1309 2992 1367 3029 se
1416 2978 1521 3029 fert
1551 2976 1676 3041 tale,
1715 2978 1818 3032 nisi
1860 2981 2004 3049 quod
2031 2996 2122 3036 se-

540 3068 647 3119 mel
688 3067 881 3122 alicubi
923 3083 1019 3136 per
1053 3068 1395 3121 reticentiam
1440 3069 1641 3122 malum
1677 3086 1838 3125 omen
1877 3083 2114 3132 avertat.
2146 3108 2188 3166 α

538 3158 674 3212 Nam
722 3161 787 3213 ad
840 3171 1031 3213 caetera
1065 3162 1206 3229 quod
1250 3163 1471 3225 attinet,
1515 3161 1671 3217 valde
1702 3163 1775 3217 ibi
1799 3175 1883 3218 est
1908 3166 2115 3232 firmus,

541 3261 595 3305 et
626 3266 778 3321 atque
818 3268 987 3321 purus
1022 3262 1185 3322 atque
1211 3254 1504 3321 dilucidus,
1549 3270 1753 3325 perque
1796 3257 1931 3312 duos
1960 3258 2124 3314 hosce

542 3344 712 3398 libros
755 3346 997 3400 decurrit
1045 3346 1345 3413 simplicior
1393 3346 1614 3415 qttidam
1646 3360 1699 3402 et
1735 3348 2124 3416 perfamiliaris

541 3453 727 3492 sermo
767 3454 831 3492 ac
860 3439 1200 3508 compositio,
1234 3439 1300 3493 ad
1337 3438 1483 3510 vulgi
1520 3454 1680 3496 aures
1705 3453 2018 3511 comparata
2049 3456 2127 3499 at-

542 3544 651 3600 que
680 3531 1006 3596 demissa,et
1028 3533 1096 3586 ad
1113 3534 1280 3588 solam
1313 3529 1526 3586 demum
1547 3534 1855 3589 auditorum
1885 3536 2119 3590 salutem

546 3624 776 3677 intenta.
806 3622 974 3694 Igitur
1004 3626 1209 3694 primus
1240 3626 1356 3695 ejus
1388 3628 1524 3682 liber
1552 3626 1668 3698 (l8)
1695 3629 1957 3683 continet.
1995 3628 2126 3694 Quae

546 3716 621 3766 sit
665 3729 851 3779 causa,
903 3727 1276 3785 quantumque
1302 3719 1604 3787 periculum
1650 3720 1957 3787 hujusmodi
2001 3734 2123 3773 cum

544 3805 909 3861 Ecclesiarum
947 3806 1067 3871 Dei,
1129 3819 1242 3863 tum
1281 3809 1614 3878 singulorum
1665 3810 1941 3863 hominum
1987 3810 2126 3864 inter

547 3900 695 3965 ipsos
728 3899 1081 3953 dissensionis
1114 3909 1277 3968 atque
1304 3899 1539 3955 dissidii.
1578 3901 1800 3967 Deinde,
1830 3902 1970 3969 quod
2010 3917 2127 3955 om-

547 3991 633 4046 nis
660 3992 912 4060 praacepti
946 3991 1115 4046 divini
1146 3993 1515 4061 transgressio
1536 3993 1891 4047 vehementer
1927 4008 1987 4046 ac
2014 4001 2127 4046 ter-

547 4082 778 4137 ribiliter
810 4083 1052 4150 punitur,
1097 4083 1257 4151 idque
1282 4098 1315 4137 e
1354 4082 1649 4152 Scripturis
1675 4085 1844 4139 sacris
1895 4084 2128 4139 demon-

546 4181 802 4227 stratum.
857 4172 1066 4239 Tertio,
1122 4176 1189 4229 de
1228 4175 1331 4229 fide
1375 4187 1558 4229 nostra
1599 4177 1888 4241 catholica,
1919 4178 2035 4231 sive
2062 4178 2128 4233 de

548 4280 682 4332 pura
736 4273 923 4320 nostra
971 4275 1027 4321 et
1078 4266 1289 4322 sincera
1345 4268 1695 4323 confessione
1764 4270 2127 4324 sanctissimae

548 4356 852 4413 Trinitatis.
880 4357 1044 4413 Liber
1072 4374 1202 4413 vero
1232 4362 1526 4426 secundus,
1559 4361 1857 4415 Christiani
1887 4363 2127 4417 hominis

2213 503 2347 606 ἧρῗκ
2371 508 2417 606 ιο
2464 510 2755 606 ξιαπρέπει
2785 509 2895 606 καὶ
2916 510 3025 606 τῆς
3076 517 3367 606 σαφηνείας
3395 525 3452 576 τὸ
3493 503 3733 606 καθαράνῖ

2217 597 2355 668 πλὴν
2398 599 2484 651 ἐπ’
2539 599 2701 702 ἐνίοις
2742 598 2851 702 τῶν
2904 598 3244 702 ζητημάτων
3290 607 3405 662 ἐστι
3456 632 3562 683 πως
3612 597 3740 702 αὐτῴ

2215 691 2679 787 παρεσπαρμένον
2724 692 2819 744 καὶ¹
2868 691 2930 787 τὸ
2981 692 3303 787 ἐμφατικον,
3338 700 3396 752 οὐ
3444 708 3535 776 τῆς
3570 691 3741 787 tegam}

2215 784 2297 878 ξιξ
2334 783 2583 878 γλῶττᾳν
2612 783 3018 878 νεᾳνιεγιούσης,
3051 783 3173 878 οὐδὲ
3201 788 3298 857 τῆς
3327 795 3584 869 συνθήκης
3611 783 3743 878 περιξ

2216 872 2399 936 ϐολαῖς
2422 872 2929 944 ὲπηλυγαζομένης,
2962 875 3023 928 οὐ
3062 876 3170 947 μὴν
3214 878 3325 930 οὐδ’
3355 881 3481 955 ἄλλῃ
3506 892 3603 943 τινὶ
3628 872 3745 958 ξενι-

2218 965 2383 1038 ζούσῃ
2414 967 2506 1019 καὶ
2541 967 3057 1039 ἀνακεχωρηκυίᾳῆ
3094 968 3190 1021 τοῦ
3228 971 3361 1025 ίδῐου
3399 979 3586 1047 τρόπου
3612 986 3641 1055 ἦ
3667 992 3747 1045 τοῦ

2218 1057 2496 1111 πολιτικοῦ
2516 1058 2677 1126 λόγου
2702 1074 2857 1130 περιε
2870 1059 2997 1131 ργίᾳ
3024 1060 3119 1113 καὶ
3139 1060 3403 1133 δεινότητι
3425 1083 3437 1095 ·
3462 1070 3588 1125 ἀλλὰ
3606 1078 3750 1133 ταῦτα

2219 1150 2502 1217 φυλάττων
2552 1150 2628 1209 ὼς
2658 1150 2801 1215 ἔθος,
2833 1151 2893 1203 τὸ
2937 1154 3237 1221 ὲμφατικὸν
3285 1154 3470 1229 ῶσπερ
3501 1162 3752 1237 ὲναπορῤί.

2219 1258 2376 1303 πτει,
2434 1242 2709 1312 μηδεμίαν
2762 1244 3006 1311 ὲναφιεὶς
3057 1244 3482 1315 ἐπιτηδεύματος
3538 1252 3748 1324 ἔννοιαν,

2220 1331 2361 1398 πλὴν
2384 1332 2483 1384 ὅσα
2513 1350 2577 1401 γε
2611 1337 2675 1404 τῇ
2716 1334 2983 1405 συντομία
3032 1335 3329 1404 προϐάλλει
3362 1339 3513 1394 αὐτό.
3543 1344 3611 1398 Τὸ
3645 1350 3748 1417 μέν.

2217 1440 2301 1475 τοι
2328 1423 2372 1454 ⁸⁷
2416 1424 2686 1493 εὐκρινὲς,
2719 1425 2815 1477 ἆτε
2849 1425 2914 1495 δὴ
2960 1426 3305 1498 κεφαλαιώδη
3352 1431 3751 1504 προϐεϐλημένος

2218 1514 2310 1567 τὸν
2335 1514 2511 1581 λόγον,
2548 1516 2737 1586 καιρὸν
2762 1517 2861 1586 οὐχ
2886 1516 3029 1584 ὁρῶν
3052 1516 3353 1586 εὑρίσκειν,
3385 1520 3491 1571 οὐδ’
3519 1524 3751 1593 ἐχρήσατο

2218 1606 2287 1659 τὰ
2328 1607 2519 1661 πολλά.
2552 1608 2743 1676 Διήκει
2777 1607 2822 1659 δ’
2870 1607 3034 1660 αὐτοῦ
3076 1608 3170 1660 καὶ⁵
3204 1607 3264 1660 τὸ
3307 1609 3469 1677 δριμὺ
3510 1614 3638 1680 μετὰ
3675 1618 3750 1670 τοῦ

2222 1696 2450 1749 πιθανοῦ
2486 1696 2758 1766 πολλαχοῦ
2783 1695 2892 1749 τῶν
2916 1696 3245 1766 ζητημάτων
3275 1702 3395 1759 ταῖς
3428 1699 3625 1765 λύσεσι,
3645 1719 3751 1758 παν·

2220 1787 2385 1858 ταχοῦ
2432 1787 2488 1840 δὲ
2517 1789 2577 1841 τὸ
2602 1788 2922 1858 ψυχωφελὲς
2954 1789 3047 1841 καὶ
3083 1789 3375 1858 σωτήριον.
3401 1791 3473 1842 Οὐ
3511 1791 3677 1859 μέντοι
3702 1801 3749 1867 τῇ

2222 1878 2485 1947 συντομία
2511 1877 2651 1950 μόνῃ
2680 1877 3070 1948 περιθραύεται
3092 1878 3153 1931 τὸ
3184 1879 3375 1947 σαφὲς.
3397 1881 3546 1933 οὐδὲν
3565 1882 3608 1934 δ’
3629 1884 3748 1937 ἔλατ-

2217 1989 2309 2024 τον
2337 1972 2430 2023 καὶ
2461 1971 2536 2041 τῷ
2565 1970 2610 2003 ⁵⁸
2636 1971 2709 2043 μὴ
2739 1973 2863 2036 τοὺς
2893 1972 2990 2042 τὴν
3011 1972 3167 2025 λύσιν
3195 1973 3573 2037 ἐπιτελοῦντας
3597 1974 3751 2043 λόγους

2218 2065 2297 2126 είς
2332 2063 2393 2115 τὸ
2426 2066 2868 2135 συμπεραντικδν
2901 2065 3313 2136 ἀπαρτίζεσθαι
3350 2067 3550 2135 σχῆμα,
3583 2068 3684 2120 ἀλλ’
3711 2072 3753 2123 ὲν

2216 2155 2294 2224 τῷ
2335 2155 2710 2226 διερριμμὲνῳ
2754 2156 2853 2227 μὲν
2905 2156 3015 2209 τῶν
3048 2157 3368 2226 προτάσεων
3397 2157 3690 2227 ἁνεπιφόρῳ
3712 2159 3755 2212 δὲ

2218 2249 2311 2300 καὶ
2339 2248 2399 2299 οὐ
2444 2248 2863 2320 συνειλημμένῳ
2907 2249 3015 2303 τῶν
3061 2247 3388 2313 ἀποδείξεων
3431 2248 3529 2319 τὴν
3554 2250 3757 2304 διάνοιαν

2218 2356 2286 2391 πε
2294 2339 2685 2409 ριπλανᾶσθαι.

2301 2604 2365 2656 Ἦ
2414 2603 2473 2657 δὲ
2525 2603 2729 2657 τούτων
2775 2605 2927 2660 αἰτία
2977 2620 3058 2670 εις
3105 2607 3363 2676 ποικίλην
3424 2607 3762 2677 περισχίζεται

2223 2694 2446 2765 μέθοδον
2475 2695 2753 2766 προνοίας,
2780 2697 2847 2767 ἢν
2876 2695 3081 2766 ἀφίημί
3111 2714 3205 2749 σου
3233 2697 3298 2751 τὸ
3332 2696 3545 2749 συνετὸν
3573 2700 3762 2750 ἐπισκο-

2220 2789 2341 2838 πεῖν
2370 2787 2435 2841 ⁸⁹.
2484 2788 2599 2840 Οὐκ
2632 2789 2689 2839 ὲν
2736 2790 2850 2850 τοῖς
2898 2788 3019 2840 δυσὶ
3069 2788 3126 2840 δὲ
3167 2788 3353 2856 λόγοις
3391 2788 3451 2840 τὸ
3500 2788 3764 2857 specum

2220 2881 2519 2949 ἐπιτρέχει,
2572 2882 2781 2933 Αὐτίκα
2812 2883 2840 2934 ὁ
2871 2882 3088 2953 πρῶτος
3128 2883 3282 2935 οὐδὲν
3314 2882 3633 2935 ἐπιδείκνυσι
3676 2899 3765 2934 τοι·

2222 2972 2398 3038 οῦτον,
2424 2972 2564 3044 πλὴν
2598 2972 2745 3037 ἅπαξ
2779 2992 2883 3027 που
2918 2977 2983 3045 τῇ
3018 2976 3401 3044 ἀποσιωπήσει
3432 2973 3491 3027 τὸ
3518 2974 3764 3043 δύσφημον

2224 3064 2546 3133 οἰκονομῶν,
2598 3065 2722 3117 ἐπεὶ
2778 3066 2847 3119 τά
2884 3083 2949 3135 γε
2997 3066 3132 3120 ἄλλα
3193 3067 3367 3130 πολὺς
3428 3066 3525 3137 μὲν
3569 3066 3676 3118 ἐστι
3716 3065 3765 3116 τὸ

2225 3159 2470 3229 ἀσφαλὲς
2491 3159 2558 3225 ⁸ο,
2583 3159 2695 3223 ῐσος
2717 3159 2773 3211 δὲ
2794 3161 2855 3211 τὸ
2883 3158 3143 3230 καθαρὸν,
3167 3159 3307 3212 ἀλλὰ
3332 3159 3424 3212 καὶ
3448 3157 3506 3211 τὸ
3532 3156 3763 3227 εύκρινές.

2224 3252 2324 3305 Διὰ
2360 3252 2544 3323 μέντοι
2575 3250 2684 3303 τῶν
2713 3250 2807 3304 δύο
2832 3250 2981 3319 αὑτῷ
3015 3250 3193 3319 διήκει
3222 3249 3290 3301 τὸ
3318 3249 3672 3317 ἁπλούστερον
3692 3244 3767 3297 καὶ

2225 3343 2676 3413 καθωμιλημένον
2722 3342 2829 3395 τῶν
2871 3358 2932 3394 τε
2984 3341 3186 3406 λέξεων
3228 3341 3329 3393 καὶ
3376 3340 3473 3408 τῆς
3506 3337 3765 3407 συνθήκης,

2225 3437 2363 3506 πρὸς
2393 3438 2493 3505 τὴν
2537 3434 2645 3487 τῶν
2677 3432 2892 3487 πολλῶν
2926 3432 3095 3503 ἀκοὴν
3130 3430 3561 3500 διατυπούμενόν
3596 3445 3651 3480 τε
3691 3426 3768 3479 καὶ

2225 3527 2675 3597 ταπεινούμενον,
2709 3527 2803 3579 καὶ
2839 3526 3006 3596 μόνης
3031 3525 3133 3595 τῆς
3162 3525 3273 3577 τῶν
3313 3520 3593 3595 ἀκροατῶν
3622 3535 3769 3586 σωτη-

2229 3623 2354 3692 ρίας
2400 3619 2967 3689 καταστοχαζόμενον.
3012 3618 3072 3670 Ὀ
3105 3617 3204 3686 μὲν
3256 3615 3357 3669 οὖν
3400 3613 3608 3684 πρῶτος
3648 3606 3770 3675 αὑτῷ

2225 3696 2383 3781 λόγος
2426 3711 2761 3781 διεξέρχεται
2820 3710 2903 3773 τίς
2931 3712 2966 3781 ἡ
3013 3710 3163 3764 αἰτία
3212 3710 3309 3762 καὶ
3360 3708 3390 3759 ὁ
3424 3706 3652 3765 κίνδυνος
3691 3701 3771 3769 τῆς

2226 3804 2497 3874 τοσαύτης
2550 3804 2658 3858 τῶν
2702 3802 3044 3872 Ἐκκλησιῶν
3096 3800 3192 3853 τοῦ
3237 3799 3377 3853 Θεοῦ
3433 3798 3526 3851 καὶ
3571 3795 3771 3847 ἑκάστου

2228 3894 2366 3965 πρὸς
2400 3895 2491 3947 τὸν
2525 3894 2716 3964 ἓτερον
2748 3893 3051 3960 διαφωνίας
3076 3909 3133 3944 τε
3168 3894 3262 3944 καί⁵
3290 3890 3637 3948 διαστάσεως.
3664 3881 3772 3935 Δεύ-

2226 4005 2381 4056 τερον
2415 3988 2496 4040 ὅτι
2533 3986 2717 4056 πάσης
2751 3985 2973 4055 ἐντολῆς
3023 3982 3159 4036 Θεοῦ
3214 3982 3529 4052 παράϐασις
3563 3975 3772 4047 σφοδρῶς

2228 4080 2326 4133 καὶ
2369 4078 2618 4148 φοϐερῶς
2658 4077 2990 4129 ὲκδικεῖται·
3043 4075 3137 4129 καὶ
3188 4076 3222 4145 ἡ
3259 4072 3535 4136 ἀπόδειξις
3579 4072 3639 4121 ὲκ
3685 4066 3772 4119 τῶν

2227 4171 2486 4243 Γραφῶν.
2514 4169 2643 4243 [496
2669 4168 2763 4241 IL]
2791 4169 2985 4240 Τρίτον
3007 4170 3137 4239 περὶ
3162 4167 3263 4237 τῆς
3293 4166 3547 4225 εὐσεϐοῦς
3569 4162 3773 4217 πίστεως

2230 4264 2410 4333 ἡμῶν,
2438 4264 2557 4334 ἢτοι
2601 4266 2699 4334 τῆς
2729 4266 2809 4327 είς
2842 4266 2939 4335 τὴν
2969 4263 3282 4335 ὑπεραγίαν
3313 4259 3519 4331 Τριάδα
3560 4252 3772 4323 καθαρᾶς

2229 4357 2386 4427 ἡμῶν
2423 4357 2518 4409 καὶ
2549 4357 2879 4427 εἰλικρινοῦς
2919 4356 3238 4425 ὁμολογίας.
3288 4355 3347 4407 '0
3392 4354 3449 4406 δὲ
3484 4351 3526 4382 ⁶¹
3557 4347 3773 4415 δεύτερος

547 4451 836 4518 quamdam
867 4451 1032 4506 veluti
1070 4451 1494 4521 descriptionem
1525 4452 1637 4524 (19)
1663 4469 1758 4521 per
1785 4469 1998 4509 summa
2027 4468 2121 4508 ca—

2229 4441 2342 4500 οἷον
2379 4449 2705 4518 χαρακτῆρα
2736 4447 3063 4519 Χριστιανοῦ
3096 4445 3450 4516 κεφαλαιώδη
3480 4445 3570 4496 καὶ
3615 4437 3772 4492 σύντο-

549 4542 661 4609 pita
693 4541 1039 4613 breviterque
1086 4544 1336 4613 proponit
1366 4562 1380 4599 :
1416 4545 1760 4615 similemque
1789 4561 2004 4601 rursum
2032 4545 2127 4600 de-

550 4632 899 4699 scriptionem
935 4649 1150 4701 eorum,
1192 4636 1286 4705 qui
1338 4637 1583 4693 docendo
1613 4637 1907 4707 Evangelia
1933 4638 2127 4706 praefe-

550 4723 625 4778 cti
672 4734 817 4779 sunt.
868 4726 1070 4781 Deinde
1095 4728 1252 4797 quasi
1285 4728 1499 4799 regulas
1546 4729 1808 4798 quasdam
1866 4729 2132 4784 asceticas

2235 4558 2336 4612 μον
2361 4542 2742 4613 παρατίθεται,
2765 4544 2859 4595 καὶ
2883 4542 3208 4613 χαρακτῆρα
3234 4541 3397 4595 πάλιν
3428 4532 3775 4607 παραπλήσιον

2232 4634 2341 4688 τῶν
2381 4633 2739 4706 προεστώτων
2778 4634 2873 4688 τοῦ
2920 4635 3101 4701 λόγου.
3155 4629 3286 4685 Εἶτα
3321 4627 3433 4684 οἷον
3471 4630 3622 4697 ὅρους
3651 4616 3776 4675 τινὰς

2238 4728 2593 4799 ἁσκητικοὺς,
2616 4727 2692 4792 ὡς
2716 4732 2775 4782 ὲν
2797 4730 3063 4802 ἐρωτήσει
3095 4728 3193 4782 καὶ
3214 4724 3503 4795 ἀποκρίσει
3526 4709 3777 4790 προηγμέ·

1825 4906 2063 4962 ἻΑΚΙᾹΞ
2105 4906 2516 4963 LECTIONES.

622 5050 669 5079 Μ
694 5044 961 5119 ﬁam-11:06
994 5048 1158 5118 ἤθους
1188 5050 1252 5102 Α.
1326 5048 1371 5079 ⁸⁷
1398 5049 1577 5116 μέντοι
1605 5050 1646 5101 Α
1687 5068 1699 5104 :

1736 5049 1836 5117 μέν
1868 5066 1921 5100 τι
1952 5066 2013 5112 ς.
2091 5050 2137 5081 ⁸⁸
2173 5050 2249 5118 τῷ
2280 5080 2348 5090 --
2376 5047 2581 5101 ὲπιτελ.
2611 5047 2667 5118 Α
2698 5068 2709 5103 :
2743 5047 2816 5118 μὴ

2846 5045 2925 5117 τῷ
2950 5047 3075 5108 τοὺς
3108 5044 3289 5117 λύσινΔ
3318 5034 3693 5109 ἐπιζητοῦντας
3721 5043 3771 5089 ς·

552 5118 599 5151 ⁸⁸
634 5123 691 5173 τὸ
717 5114 940 5173 συνετόν
967 5114 1059 5171 σου
1094 5114 1446 5189 περισκοπεῖν
1478 5136 1538 5183 ς.
1615 5119 1660 5150 ⁶⁰
1680 5114 1947 5190 ἀσφαλὲς]
1971 5119 2168 5189 ἀφελὲς
2199 5114 2567 5190 apograpltutu
2601 5114 2907 5187 Stephaiti.'
2958 5117 3000 5147 ⁶¹
3027 5117 3084 5169 δὲ
3111 5116 3237 5171 add.
3264 5114 3331 5168 A.

2074 5271 2308 5328 NOTAE.

630 5393 740 5465 (l6)
797 5393 995 5465 lterum
1041 5391 1202 5446 deB.
1259 5388 1442 5444 Basilii
1494 5390 1633 5460 stylo
1679 5388 1938 5458 judicium
1999 5389 2127 5445 tulit

557 5463 708 5533 supr.
743 5466 859 5533 cod.
892 5463 1018 5517 Ml.

631 5528 743 5601 {l7}
780 5532 1062 5587 Tarasinm
1094 5529 1317 5584 fratrem
1360 5528 1667 5601 compellat.

634 5596 746 5671 (τίδ’)
778 5604 1053 5672 Lt'guntut‘
1103 5602 1217 5654 haec
1266 5602 1427 5672 hodie,
1450 5600 1610 5672 aliter
1637 5599 1959 5654 distributa}.
1994 5596 2125 5672 Nam

562 5668 738 5741 impie
768 5674 819 5725 in
850 5668 1018 5727 libros
1061 5672 1376 5725 dividuntur
1403 5670 1673 5741 Ascetiea,
1706 5678 1761 5724 et
1782 5680 1986 5739 septem
2016 5668 2123 5723 sal-

565 5738 673 5799 tem
729 5743 1016 5797 Lemmatte
1071 5753 1181 5796 tres
1229 5741 1389 5795 hasce
1440 5754 1455 5793 ι
1497 5738 1618 5794 libri
1668 5749 1849 5806 partes
1900 5750 2121 5794 antccc-

2232 5393 2366 5447 dunt
2414 5392 2589 5460 prima
2628 5391 2789 5445 etiam
2840 5392 2927 5444 hic
2959 5400 3015 5445 et
3059 5389 3294 5445 secunda
3340 5396 3492 5457 parte
3523 5380 3572 5435 in
3617 5384 3760 5431 unum

2238 5464 2306 5517 ‘bi
2334 5473 2499 5531 caput
2535 5463 2607 5515 De
2630 5461 2839 5530 judicio
2874 5461 2971 5514 Dei
3015 5473 3317 5529 compacta.

2303 5512 2847 5601 (li-9)r
3366 5526 3652 5601 Elhicorum
3681 5512 3771 5601 fide

2231 5598 2527 5657 Moralium
2588 5598 2803 5658 nomine
2859 5602 3016 5671 vulgo
3057 5598 3274 5664 inolior,
3336 5598 3757 5655 continenturque

2230 5673 2447 5743 lingula:
2477 5672 2566 5727 80.
