4022 6452
194 342 301 405 637

1277 329 1816 393 BIBLIOTHECA.
1859 355 1931 367 —
1975 331 2140 393 COD.
2177 331 2409 395 CXCII.

3346 333 3456 397 638

199 472 340 518 πνους,
372 452 680 515 ἐκτίθεται,
705 452 796 504 τὸν
840 448 1070 519 ἀριθμὸν
1099 455 1191 512 νε’,
1237 448 1332 502 καὶ
1361 447 1525 500 πάλιν
1569 461 1755 498 συντο·

1886 448 2253 515 nterrogando
2296 462 2361 502 ac
2413 447 2792 517 respondendo
2840 446 3147 516 propositas
3189 451 3440 516 exponit,

192 547 451 619 μώτερον
472 546 696 617 ἑτέρως
721 544 879 614 ὅρους
911 548 1036 609 τιγ’.

906 718 1068 787 me.

191 810 305 867 Τοῦ
335 811 416 865 ἐν
453 811 652 878 ἁγίοις
680 809 955 877 Μαξίμου
984 810 1089 863 τοῦ
1121 808 1779 878 όμολογητοῦ,Ἀπορη-

415 877 689 945 “anser
716 878 1035 949 Γραφικῶν
1066 880 1365 948 κεφάλαια
1393 877 1547 947 ρξδκ

256 972 618 1044 ’Δνεγνώσθη
651 974 744 1027 τοῦ
774 975 832 1027 ἐν
869 973 1045 1040 ἁγίοις
1086 972 1338 1041 Μαξίμου
1390 971 1651 1041 μοναχοῦ,
1686 970 1779 1025 τοῖ’.

185 1070 290 1122 καὶ
316 1070 685 1139 ὁμολογητοιλ
718 1071 857 1141 πρὸς
883 1071 1185 1124 Θαλάσσιον
1218 1072 1515 1124 ὁσιώτατον
1538 1071 1782 1140 πρεσϐύ-

191 1179 362 1230 τερον
416 1164 504 1216 καὶ
570 1162 875 1233 ἡγούμενον
926 1167 1467 1236 προσπεφωνημένον
1514 1165 1641 1238 [256
1684 1164 1777 1236 [1.]

202 1254 435 1323 βιϐλίον,
462 1257 517 1308 ἐν
566 1250 611 1324 ᾧ
672 1258 993 1327 Γραφικῶν
1023 1259 1444 1329 Ἀπορημάτων
1477 1260 1611 1327 ρξδ¹
1644 1261 1777 1313 ἀνα-

205 1347 407 1413 γράφει
431 1348 676 1415 Λύσεις.
693 1348 784 1402 Ἐν
817 1350 999 1418 μέντοι
1025 1352 1103 1420 τῷ
1131 1354 1400 1423 προοιμίῳ
1420 1352 1779 1422 διαλαμϐάνει

206 1439 450 1506 περὶτῆς
479 1441 754 1506 γενέσεως
779 1442 889 1495 τῶν
918 1444 975 1496 ἐν
1000 1445 1133 1514 ἡμῖν
1159 1445 1367 1509 παθῶν,
1391 1446 1485 1498 καί
1512 1463 1676 1515 φησιν
1703 1445 1780 1508 ὡς

201 1530 259 1580 τὸ
285 1530 453 1581 κακὸν
480 1532 658 1601 μηδὲν
695 1534 820 1603 μηδ’
858 1534 995 1598 ὅλως
1045 1536 1155 1588 τῶν
1185 1536 1355 1590 ὅντων
1397 1538 1665 1608 ὑπάρχον,
1705 1538 1778 1608 μὴ

198 1618 438 1687 ποιότης,
476 1622 560 1692 μὴ
590 1624 849 1694 ποσότης,
878 1625 953 1696 μὴ
980 1627 1183 1696 σχέσις,
1211 1627 1348 1681 ἀλλὰ
1375 1628 1511 1698 μηδὲ
1538 1629 1708 1691 πάθος
1733 1628 1778 1660 ⁸³

192 1718 444 1784 φυσικῶς
497 1736 609 1772 τινι
661 1721 768 1775 τῶν
814 1723 983 1776 ὄντων
1021 1724 1477 1795 ἐνθεωρούμενον,
1524 1726 1607 1795 εῐη
1638 1725 1684 1756 ⁸³
1713 1723 1779 1777 ἂν

1888 550 2111 589 numero
2137 537 2520 606 quinquaginta
2569 538 2812 606 quinque
2840 550 2855 589 :
2901 537 3205 605 iterumque
3229 537 3449 592 brevio-

1888 642 1973 682 res
2003 628 2115 699 (20)
2148 629 2280 684 alias
2314 639 2585 684 trecentas
2613 629 2893 684 tredecim.

2591 721 2794 777 CXCII.

1888 812 1953 867 Β.
1980 811 2203 868 Maximi
2238 815 2480 884 monachi
2507 824 2555 867 et
2582 817 2892 884 confessoris
2918 814 3278 880 Quintianum
3310 832 3338 870 ι
3367 833 3458 869 sa-

2232 902 2322 938 cra
2350 883 2624 951 Scriptura
2663 883 2945 939 solutiones
2969 902 3146 939 CLXIV.

1963 972 2152 1045 ιδάὺ
2185 973 2438 1041 Legimus
2464 976 2524 1027 Β.
2558 975 2775 1029 Maximi
2797 977 3043 1029 monachi
3064 975 3197 1046 (ἥθ’)
3225 978 3382 1031 simui
3404 984 3459 1030 et

1886 1066 2213 1121 confessoris
2254 1066 2537 1122 Thalassio
2577 1070 2895 1138 presbytero
2922 1071 3271 1123 sanctissimo
3291 1080 3457 1140 atque

1888 1158 2141 1228 praelecto
2181 1159 2499 1225 inscriptqu
2537 1159 2701 1221 Opus,
2753 1175 2854 1227 quo
2904 1158 3269 1222 Quintianum
3300 1177 3326 1213 e
3369 1176 3461 1212 sa-

1886 1264 1977 1301 cra
2027 1247 2300 1317 Scriptura
2351 1248 2635 1301 solutiones
2689 1247 2898 1302 CLXIV
2964 1252 3295 1304 continentur
3323 1251 3457 1323 (21).

1886 1337 2151 1393 Caeterum
2178 1338 2230 1389 in
2251 1339 2565 1406 prmfatioue
2595 1339 2914 1407 disputatde
2943 1351 3061 1393 ortu
3095 1342 3460 1395 humanarum

1886 1430 2351 1499 perturbationum
2379 1449 2393 1484 :
2418 1432 2722 1499 asseritque
2761 1442 3037 1500 peccatum
3071 1443 3191 1486 cum
3226 1433 3361 1486 nihil
3390 1436 3463 1488 sit

1884 1519 2108 1574 omnino
2133 1520 2433 1575 subsistens
2454 1521 2583 1590 (non
2607 1520 2861 1589 qualitas,
2890 1537 2995 1574 non
3020 1524 3317 1589 quantitas,
3350 1538 3460 1575 non

1885 1609 2126 1676 habitus,
2172 1625 2277 1664 non
2332 1612 2670 1679 perturbatio
2720 1613 2953 1681 denique
2984 1613 3099 1680 ipsa
3137 1617 3463 1669 naturaliter

1886 1702 2078 1756 saltem
2106 1702 2159 1756 in
2194 1702 2573 1757 exsistentium
2602 1704 2783 1773 aliquo
2814 1706 3217 1775 considerata);
3252 1718 3458 1767 tantum

187 1809 430 1878 ἔλλειψις
456 1812 563 1882 τῆς
592 1814 726 1883 πρὸς
744 1815 806 1867 τὸ
830 1816 985 1879 τέλος
1008 1793 1423 1888 ἐνεργείαςτῶν
1445 1793 1778 1888 ἐγκειμένων

1885 1793 2173 1847 insitarum
2202 1796 2358 1850 nobis
2391 1812 2419 1849 a
2452 1806 2643 1850 natura
2681 1796 2998 1852 facultatum
3039 1814 3164 1853 esse
3194 1800 3459 1854 defectio-

183 1901 248 1969 τῇ
296 1900 473 1966 φύσει
522 1901 828 1972 δυνάμεων,
866 1904 973 1975 ﬂ“
1027 1908 1123 1959 acati
1165 1905 1338 1970 οὕτω,
1390 1907 1500 1960 τῶν
1532 1910 1781 1976 φυσικῶν

182 1987 485 2056 δυνάμεων
508 1993 629 2045 κατ’
656 1995 1001 2067 ἐσφαλμένην
1033 1998 1217 2067 κρίσιν
1258 1999 1345 2051 ἐπ’
1374 1998 1502 2052 ἄλλο
1540 2001 1694 2070 παρὰ
1722 1999 1781 2051 τὸ

184 2080 339 2143 τέλος
397 2081 694 2151 ἀλόγιστος
740 2087 977 2155 κίνησις.
1013 2088 1205 2141 Αίτίαν
1239 2089 1297 2141 δέ
1349 2107 1493 2159 φημι
1552 2089 1667 2155 νῦν,
1710 2086 1781 2158 ἦς

184 2172 369 2223 πάντα
428 2175 682 2242 φυσικῶς
728 2176 963 2244 ἐφίεται,
1012 2179 1081 2250 ἢν
1113 2182 1141 2233 ὁ
1174 2179 1367 2249 Ἀδὰμ,
1416 2182 1634 2247 ἀπάτην
1686 2180 1779 2233 τοῦ

183 2263 440 2334 πονηροῦ
472 2269 729 2337 νοσήσας,
764 2270 1026 2340 ἠγνόησε,
1068 2270 1206 2341 πρὸς
1232 2271 1362 2342 ὃλην
1402 2272 1460 2324 δέ
1499 2271 1779 2341 κατεσύρη

180 2357 285 2424 τὴν
332 2357 636 2427 αἴσθησιν,
694 2360 1184 2432 παρασυμὸληθεὶς
1234 2363 1348 2426 τοῖς
1410 2364 1648 2433 κτήνεσι,
1687 2367 1782 2417 καὶ

184 2448 313 2500 ὅσον
342 2450 454 2517 τῆς
486 2450 629 2518 πρὸς
653 2452 905 2521 αἴσθησιν
935 2455 1254 2524 ἐπεμελεῖτο
1282 2456 1327 2487 ⁸⁵
1354 2454 1629 2524 γνώσεως,
1657 2474 1782 2511 τοσ-

186 2538 348 2594 οῦτον
382 2540 491 2610 τῆς
532 2542 682 2606 θείας
714 2543 1002 2609 ὲξέπιπτε’
1041 2547 1164 2600 ὅσον
1194 2547 1239 2579 ⁸⁸
1277 2547 1322 2600 δ’
1368 2549 1652 2602 ἐκπίπτων
1700 2550 1781 2603 δι-

190 2634 379 2701 έμενε,
418 2634 678 2688 τοσοῦτον
731 2640 798 2707 τῇ
831 2637 1128 2691 ἀπολαύσει
1170 2638 1278 2691 τῶν
1305 2639 1657 2708 γνωσθέντων
1695 2644 1783 2694 al—

192 2724 414 2796 σθητῶν
441 2727 487 2757 ⁸⁷
518 2729 861 2799 προσηλοῦτο
893 2730 991 2784 καὶ
1039 2732 1508 2802 συγκατεφὲρετο·
1551 2734 1676 2786 ὅσον
1723 2732 1782 2786 δὲ

194 2816 410 2882 τούτοις
431 2821 696 2884 ἐνέκειτο,
723 2821 977 2875 τοσοῦτον
996 2826 1096 2893 τῆς
1126 2823 1459 2887 ἐπιϐλαὸοὖς
1488 2824 1782 2894 φιλαυτίας

196 2910 402 2979 ἐξῆπτε
439 2912 486 2945 ⁸⁸
510 2913 605 2966 τὸν
636 2912 813 2983 ἔρωτα
834 2931 849 2946 ⁸
885 2916 1009 2969 ὅσον
1039 2915 1084 2968 δ’
1125 2917 1305 2986 εἴχετο
1343 2917 1441 2987 τῆς
1471 2918 1775 2985 φιλαυτίας,

195 3001 458 3056 τοσοῦτον
485 3004 700 3059 ἐπενόει
747 3007 844 3073 τῆς
870 3007 1064 3076 ἡδονῆς
1098 3007 1384 3070 ποικίλους
1422 3010 1516 3061 καὶ
1549 3008 1778 3071 πολλοὺς

196 3094 476 3163 τρόπουςο
514 3096 867 3166 εγεννήμαται
920 3099 1030 3166 γὰρ
1081 3096 1183 3166 τῆς
1236 3097 1522 3164 φιλαυτίας
1582 3096 1775 3152 ταῦτα.

198 3184 309 3236 Καὶ
338 3183 536 3251 ἐπειδὴ
574 3187 725 3239 πᾶσα
752 3185 921 3238 κακία
942 3188 1054 3249 τοῖς
1092 3187 1418 3241 συνιστῶσιν
1447 3188 1617 3255 αὐτὴν
1658 3205 1782 3239 συν-

195 3272 599 3343 διαφθείρεται,
626 3274 899 3343 εὑρίσκων
930 3276 989 3341 ὲξ
1015 3276 1187 3345 αὐτῆς
1230 3277 1428 3346 πείρας
1457 3278 1554 3345 τῆς
1585 3278 1782 3347 ἡδονῆς

193 3362 422 3426 πάντως
449 3363 695 3434 διάδοχον
735 3366 835 3434 τὴν
868 3364 1081 3437 ὀδύνην,
1108 3366 1209 3437 τῆς
1252 3368 1350 3437 μὲν
1383 3367 1519 3438 ὑπὲρ
1550 3368 1783 3437 δύναμιν

190 3456 503 3525 ἀντείχετο,
547 3457 647 3527 τῆς
703 3457 896 3527 ὀδύνης
940 3458 997 3510 δὲ
1051 3460 1297 3531 σφοδρῶς
1352 3461 1781 3532 κατιιγωνίζετο,

190 3548 450 3617 οἰόμενος
485 3551 623 3619 ὅπερ
647 3544 715 3618 ἦν
738 3551 1041 3619 ἀμήχανον,
1077 3551 1368 3622 διαστῆσαι
1396 3552 1599 3616 ταύτας
1621 3555 1786 3624 ἀλλή-

190 3640 304 3692 λων
333 3641 436 3694 καὶ
470 3642 607 3711 μόνῃ
637 3645 704 3713 τῇ
740 3642 902 3713 ἡδονῇ
936 3645 1207 3714 ἐντρυφᾷν
1244 3645 1337 3697 καὶ
1367 3646 1465 3714 τὴν
1496 3646 1785 3712 φιλαυτίαν

190 3734 372 3804 ταύτῃ
409 3734 768 3803 συνημμένην
796 3732 962 3803 ἔχειν.
993 3735 1274 3789 Ἐντεῦθεν
1294 3739 1323 3789 ὁ
1354 3739 1464 3800 πᾶς
1492 3738 1650 3807 ὄχλος
1677 3740 1784 3791 τῶν

190 3826 393 3879 παθῶν
412 3844 431 3857 ·
462 3827 654 3895 ἡδονῆς
676 3826 783 3896 γὰρ
804 3826 895 3880 διὰ
916 3826 1012 3898 τὴν
1037 3827 1323 3897 φιλαυτίαν
1343 3829 1786 3900 ἀντιποιούμενοι

190 3916 290 3967 καὶ
331 3912 539 3984 ὀδύνην
567 3914 972 3982 ἀποφεύγοντες
1015 3921 1115 3979 τὰς
1155 3917 1475 3988 ἁμυθήτους
1515 3920 1624 3971 τῶν
1655 3920 1785 3989 φθο-

188 4005 442 4075 ροποιῶν
472 4005 661 4058 παθῶν
709 4007 1034 4076 ἐπινοοῦμεν
1061 4008 1327 4076 γενέσεις.
1356 4004 1485 4064 Οἷον
1514 4013 1559 4044 ⁸⁸
1588 4014 1637 4066 εί
1686 4014 1787 4081 μὲν

186 4098 298 4166 τῆς
334 4101 397 4151 ἐν
455 4097 713 4169 φιλαυτία
744 4099 939 4169 ἡδονῆς
999 4100 1458 4171 ἀντιποιούμεθα,
1506 4105 1788 4175 γεννῶμεν

185 4192 299 4260 τὴν
350 4191 828 4261 γαστριμαργίαν,
867 4193 966 4263 τὴν
1009 4193 1413 4264 ὑπερηφανίαν,
1459 4196 1558 4267 τὴν
1591 4198 1789 4268 φιλαρ-

186 4283 427 4352 γυρίαν,
456 4284 549 4335 καὶ
578 4284 679 4336 ὅσα
702 4284 791 4335 τὸν
816 4285 1051 4354 τυχόντα
1076 4286 1279 4355 τρόπον
1312 4287 1527 4357 πορίζει
1560 4290 1785 4358 ἡδονήν·

188 4377 243 4427 εἰ
273 4376 336 4429 δὲ
377 4374 482 4445 τὴν
515 4377 574 4429 ἐν
604 4376 867 4448 φιλαυτία
897 4377 1171 4449 φεύγομεν
1193 4379 1239 4411 ⁷⁰
1265 4380 1479 4451 ὀδύνην,
1506 4384 1788 4452 γεννῶμεν

1883 1900 2006 1940 nem
2048 1902 2160 1941 suae
2202 1888 2433 1941 actionis
2460 1903 2488 1940 a
2520 1888 2648 1953 line,
2690 1899 2750 1942 ut
2800 1891 2871 1943 sit
2901 1890 3001 1944 hoc
3048 1893 3206 1944 modo
3239 1902 3461 1945 natura-

1884 1976 2016 2031 lium
2059 1977 2378 2033 facultatum
2428 1995 2493 2034 οι
2539 1968 2988 2046 οτι-οηιεῙιιιιῖοἰο
3021 1982 3458 2037 inconsideratus

1881 2069 2100 2137 quidam
2134 2081 2333 2134 motus,
2373 2070 2442 2124 ad
2483 2071 2629 2125 aliud
2662 2088 2823 2139 quam
2865 2074 2929 2124 ad
2956 2088 3110 2125 suum
3141 2075 3301 2126 linem
3335 2084 3457 2127 ten-

1883 2163 2039 2217 dens.
2073 2161 2265 2216 Finem
2322 2178 2451 2217 vero
2481 2163 2632 2217 illum
2665 2163 2825 2217 modo
2860 2164 3003 2227 dico,
3038 2178 3199 2231 quem
3234 2174 3459 2218 natura-

1882 2254 2007 2309 liter
2045 2255 2263 2324 quidem
2293 2257 2475 2310 omnia
2516 2266 2800 2325 appetunt,
2833 2259 2929 2311 sed
2966 2273 3128 2327 quem
3156 2258 3266 2327 jam
3301 2260 3462 2313 dece-

1881 2357 2009 2418 ptus
2052 2364 2081 2402 a
2131 2359 2384 2417 serpente
2442 2349 2683 2404 Adamus
2736 2367 2840 2404 non
2886 2352 3129 2420 agnovit,
3169 2361 3350 2405 totum
3403 2353 3458 2406 in

1882 2457 2099 2497 sensum
2151 2457 2376 2511 pronus,
2422 2442 2789 2512 jumentisque
2837 2444 3031 2499 similis
3089 2445 3285 2500 factus.
3347 2446 3461 2501 lmo

1882 2543 2141 2603 quantum
2192 2534 2356 2588 studii
2409 2535 2647 2603 ponebat
2698 2536 2751 2589 iu
2804 2537 3137 2606 cognitione,
3201 2552 3321 2605 qua:
3362 2553 3461 2608 per

1882 2641 2104 2681 sensum
2142 2626 2447 2691 adducitur,
2484 2634 2691 2679 tantum
2742 2642 2772 2680 a
2820 2628 2997 2681 divina
3036 2630 3347 2698 cognitione
3383 2646 3462 2685 re-

1882 2718 2131 2774 cedebat.
2184 2716 2416 2772 Rursum
2462 2729 2724 2787 quantum
2774 2719 2826 2772 in
2862 2720 2965 2773 hac
2999 2721 3307 2774 recessioue
3340 2736 3461 2788 per-

1882 2793 2193 2869 severabat,
2242 2818 2451 2861 tantum
2492 2810 2656 2862 etiam
2697 2824 2878 2863 rerum
2928 2811 3268 2880 cogniturum
3320 2812 3459 2865 frui-

1883 2903 2017 2957 tioui
2050 2903 2207 2971 quasi
2258 2903 2623 2967 assidebatur,
2684 2919 2900 2974 unaque
2931 2920 3050 2958 cum
3112 2906 3177 2959 iis
3223 2920 3464 2974 praeceps

1884 2995 2179 3050 ferebatur.
2239 2993 2511 3060 Quantum
2564 2996 2692 3049 item
2740 2996 2823 3050 his
2882 2996 3196 3062 inhaerebat,
3255 3007 3461 3049 tantum

1885 3100 2105 3155 quoque
2157 3086 2210 3140 iu
2258 3100 2324 3141 eo
2370 3087 2564 3140 noxius
2600 3086 2689 3139 ille
2728 3102 2883 3141 amor
2916 3088 2996 3141 sui
3044 3088 3464 3142 accendebatur.

1885 3177 2058 3245 Quam
2088 3178 2324 3247 denique
2373 3177 2601 3232 ﬁrmiter
2655 3180 2826 3233 amori
2878 3180 3188 3234 adhaerebat
3218 3183 3322 3243 sui,
3351 3189 3464 3234 tam

1882 3271 2049 3324 etiam
2098 3271 2348 3325 studiose
2396 3268 2598 3322 multas
2645 3268 2934 3336 variasque
2964 3269 3263 3336 voluptatis
3290 3272 3464 3324 ratio-

1881 3378 1980 3419 nes
2009 3361 2543 3417 comminiscebatur.
2577 3359 2703 3414 Htec
2733 3362 2877 3413 enim
2915 3361 3116 3414 amoris
3137 3362 3219 3414 sui
3249 3362 3466 3415 soboles

1881 3462 1984 3508 est.
2024 3451 2294 3519 Quoniam
2329 3465 2459 3505 vero
2502 3450 2705 3504 malitia
2742 3451 2924 3505 omnis
2964 3466 3086 3504 cum
3142 3450 3208 3504 iis
3240 3467 3345 3503 una
3380 3467 3468 3505 re-

1882 3544 1984 3599 bus
2024 3544 2243 3611 linterit,
2291 3556 2413 3611 quae
2452 3542 2596 3595 illam
2637 3550 2914 3605 crearant,
2971 3540 3193 3608 ipseque
3245 3542 3467 3608 experi-

1883 3645 2066 3690 mento
2100 3634 2342 3690 discebat
2369 3633 2658 3702 voluptatis
2677 3632 2900 3687 omnino
2926 3633 3190 3685 comitem
3216 3647 3338 3685 esse
3371 3634 3468 3685 do-

1884 3726 2081 3789 lorem,
2118 3724 2265 3779 illam
2298 3724 2382 3777 vel
2417 3738 2577 3790 supra
2623 3723 2775 3776 vires
2805 3722 3040 3775 retinere
3073 3732 3320 3783 conatus,
3346 3737 3468 3775 cum

1885 3819 2072 3873 dolore
2150 3817 2353 3871 acriter
2422 3816 2718 3881 pugnabat,
2790 3814 2907 3868 ﬁeri
2960 3828 3122 3883 posse
3176 3814 3472 3868 arbitratus

1885 3910 2053 3979 (quod
2082 3907 2230 3962 nullo
2262 3906 2425 3961 modo
2470 3905 2706 3974 poterat)
2743 3914 2801 3959 ut
2836 3906 2903 3960 ab
2939 3904 3171 3958 invicem
3213 3904 3362 3958 hisce
3392 3905 3474 3957 di-

1885 4001 2079 4063 vulsis,
2106 4008 2163 4052 et
2192 3997 2309 4052 sola
2348 3996 2624 4065 voluptate
2668 3993 3065 4063 perfrueretur,
3098 4004 3154 4047 et
3196 3993 3277 4046 sui
3316 4009 3473 4047 amo-

1889 4109 2002 4149 rem
2035 4094 2159 4148 huic
2190 4091 2453 4159 voluptati
2504 4088 2825 4157 permistqu
2874 4090 3160 4142 retineret.
3199 4087 3335 4141 Hinc
3365 4085 3475 4158 [er-

1888 4203 1955 4256 go
1985 4185 2088 4258 ait]
2111 4185 2291 4240 omnis
2323 4182 2798 4253 perturbationum
2842 4180 3150 4234 multitudo.
3196 4177 3330 4232 Nam
3378 4194 3475 4233 vo-

1888 4281 2149 4350 luptatem
2172 4290 2285 4347 prae
2329 4288 2515 4329 amore
2544 4273 2717 4327 nostri
2746 4280 3154 4333 consectantes,
3191 4271 3472 4324 dolorem-

1888 4386 1999 4442 que
2051 4369 2347 4439 fugientes,
2399 4363 2807 4434 inexplicabiles
2864 4361 2985 4416 illos
3044 4361 3475 4430 perniciosarum

186 4469 290 4519 τὸν
343 4467 543 4535 θυμὸν,
585 4468 677 4520 τὸν
724 4466 939 4536 φθόνον.
968 4469 1030 4523 τὸ
1074 4473 1251 4540 μῖσος,
1306 4472 1406 4543 τὴν
1450 4475 1780 4542 ἀπόγνωσιν,

1891 4464 2204 4535 passionum
2257 4467 2409 4515 ortus
2463 4466 2646 4510 mente
2701 4453 3059 4522 concipimus.
3106 4452 3171 4506 Et
3203 4460 3476 4520 quatenus

188 4560 301 4612 καὶ
353 4560 461 4612 ὅσα
498 4560 632 4613 ἄλλα
690 4560 788 4629 τῆς
828 4561 1127 4632 ἡδυνούσης
1165 4565 1233 4595 ⁷⁰⁴
1267 4564 1558 4636 ἐστέρηται
1606 4566 1784 4621 διαθέ-

193 4668 364 4713 σεως.
414 4650 509 4703 Ἐκ
533 4651 589 4703 δὲ
626 4650 728 4719 τῆς
764 4652 968 4720 ἀμφοῖν
1023 4652 1224 4720 μίξεως
1274 4655 1515 4709 τίκτεται
1568 4659 1601 4729 ή
1656 4659 1786 4712 ὑπό-

191 4758 413 4811 κρισις,
444 4743 478 4811 ἡ
527 4741 808 4806 κολακεία,
842 4745 870 4795 ὁ
907 4742 1079 4808 δόλος,
1128 4745 1223 4797 καὶ
1262 4746 1454 4809 ἁπλῶς
1495 4748 1596 4801 ὅσα
1650 4750 1786 4804 ἄλλα

197 4834 517 4903 μοχθηρίας
546 4834 658 4903 εἴδη
691 4835 790 4903 τῆς
824 4838 1022 4904 μικτῆς
1053 4836 1167 4889 ἐστι
1195 4840 1538 4909 πανουργίας
1566 4844 1787 4911 ἐπινοή-

195 4944 352 4997 ματα
377 4927 422 4958 τι
458 4925 581 4997 [497
606 4926 723 4999 11.].
779 4927 918 4981 Ἀλλ’
956 4928 985 4981 δ
1019 4931 1112 4982 καὶ
1135 4930 1476 5003 προέφημενο
1502 4935 1603 5004 τῆς
1632 4937 1785 5004 θείας

1891 4558 2109 4628 quidem
2139 4554 2195 4607 iu
2227 4566 2414 4606 amore
2444 4547 2665 4618 proprio
2706 4545 3033 4613 voluptatem
3072 4552 3473 4606 consectamur,

1888 4666 1958 4705 ex
2003 4664 2069 4704 eo
2116 4645 2295 4716 gulam
2345 4641 2637 4712 gignimus,
2693 4636 3026 4706 superbiam,
3080 4634 3370 4686 avaritiam
3421 4642 3478 4688 et

1890 4755 2231 4814 quaecunque
2280 4753 2380 4807 pro
2422 4749 2485 4791 re
2536 4743 2662 4789 nata
2702 4730 3033 4798 voluptatem
3082 4728 3342 4797 pariunt:
3387 4727 3477 4782 sin

1889 4856 1957 4895 ex
2005 4849 2191 4891 amore
2239 4830 2463 4900 proprio
2509 4829 2753 4879 dolorem
2808 4821 3066 4891 fugimus,
3128 4821 3265 4874 iram
3324 4835 3473 4883 mox,

1888 4930 2173 4991 invidiam,
2205 4923 2413 4986 odium,
2458 4917 2892 4988 desperationem
2938 4912 3203 4982 parimus,
3245 4922 3301 4967 et
3340 4912 3479 4965 alias

1518 5050 1753 5109 VARUE
1796 5048 2202 5111 LECTIONES.

274 5134 756 5217 ⁴¹.μῃδὲ;τδπάρις
810 5153 870 5217 ς·
946 5137 1118 5217 εἴη
1153 5138 1195 5190 Α
1228 5142 1498 5217 ἱᾶξτέἒεῖη
1542 5162 1603 5208 ς.
1680 5147 1785 5217 “ﬁ

1844 5149 1969 5203 add.
1999 5149 2063 5197 Α.

2159 5142 2204 5172 ⁸³
2244 5132 2558 5190 ἐπετελείτο
2583 5146 2644 5193 ς.
2719 5126 2765 5157 ⁸⁸
2786 5126 2912 5178 ὅσον
2940 5122 2985 5176 δ’
3018 5123 3063 5176 Α
3088 5141 3101 5177 :
3124 5119 3230 5193 καὶ
3254 5119 3379 5193 δσον
3407 5137 3470 5184 ς.

287 5191 563 5281 ᾳίδθῆτῷν
588 5217 639 5258 el
663 5191 754 5258 2”:
789 5191 886 5277 τῆς
941 5208 1063 5261 add-
1090 5191 1155 5261 Ᾱο
1233 5191 1279 5241 ⁸⁸
1299 5191 1625 5281 έξῆτὶὲέιιὲ.
1706 5191 1969 5271 “'BIEJK
1994 5191 2140 5270 ’καὶ
2166 5205 2277 5263 οἷον
2299 5224 2362 5271 ς.
2437 5203 2491 5235 ⁷ο
2517 5191 2810 5270 φεύγωμεν
2841 5198 2909 5251 Α.
2986 5193 3056 5225 ⁷⁰”
3086 5191 3377 5261 όδυνούσης
3410 5207 3474 5254 ς.

209 5276 249 5307 τι
283 5276 660 5345 ἐπινοσήματα
685 5294 744 5341 ς.

1714 5376 1947 5435 NOTAE.

283 5464 395 5535 (‘20)
432 5463 525 5517 llis
576 5467 738 5516 etiam
770 5466 1073 5535 ἐπιτιμίας,
1117 5467 1231 5520 sive
1266 5467 1775 5535 transgredientium

214 5549 402 5657 {lamas
454 5550 552 5603 pro
597 5536 891 5602 virginibus
940 5538 996 5589 iu
1041 5536 1191 5591 libris
1254 5538 1413 5591 editis
1454 5540 1774 5606 subjuuctas

252 5622 349 5657 ‘eo.

252 5622 349 5669 ego.

1960 5466 2071 5537 (ΞΗ
2105 5446 2393 5537 irrepsisse
2426 5461 2515 5515 hic
2552 5457 2790 5513 notulam
2826 5473 2871 5524 p
2920 5460 3133 5537 constat

1891 5518 2012 5592 nisi
2050 5518 2119 5590 64
2167 5518 2501 5600 ριἰςιιειὶυηοε
2574 5540 2692 5600 post
2750 5518 3029 5600 enumeret
3070 5518 3474 5600 Pltot.-E_§stat

1891 5587 2037 5675 lii-pus
2061 5587 2211 5659 hoc"
2227 5619 2347 5675 cum
2369 5602 2506 5675 aliis
2542 5587 2783 5675 pluribus
2808 5597 3047 5675 ejusdem
3090 5590 3259 5675 sancti
3296 5587 3477 5675 hiati-

288 5658 416 5744 l20')
452 5675 590 5748 Lege
638 5675 831 5748 rese!)
878 5688 942 5731 eo
991 5688 1169 5747 gestas
1196 5678 1310 5734 sive
1354 5675 1582 5747 scriptas
1610 5680 1799 5748 apudsi
1901 5658 2128 5748 inicum
2160 5677 2214 5748 _i_n
2258 5658 2565 5748 )Iatieaua',
2602 5682 2713 5726 tum
2757 5669 2812 5723 in
2836 5658 3075 5735 'August.
3109 5661 3199 5716 illa
3246 5658 3479 5715 nobilis.

223 5743 405 5800 Baro“.
436 5743 588 5803 cura.
625 5758 663 5801 ι.
700 5743 830 5801 γιιι.

1899 5749 2034 5802 sima
2064 5743 2311 5802 bibliolh.
