4022 6454
237 402 336 468 641

1336 410 1859 470 BIBIJOTHI‘JCA.
1896 434 1965 445 -
2002 408 2165 469 COD.
2195 411 2419 471 CXCII.

3408 414 3513 477 642

230 514 457 582 ἀγάπῃ,
487 515 610 579 καὶ,
639 518 758 570 Οὐκ
813 516 985 570 ἔστιν
1019 518 1328 588 ὑστέρημα
1383 519 1508 584 τοῖς
1532 522 1827 589 φοϐουμέ-

1946 522 2147 589 cipams
2181 520 2366 586 fuerit,
2398 535 2562 589 quem
2609 534 2718 574 non
2761 522 3035 576 servarint
3072 524 3272 591 angeli,
3300 536 3355 580 et
3387 545 3513 599 qua:

230 620 354 671 νοις
374 608 597 660 αὐτόν.
630 609 665 659 1⁸
698 610 824 678 περὶ
865 610 963 662 τοῦ
1005 610 1087 672 τις
1151 612 1348 682 ἡάρχὴ
1403 612 1511 666 τῶν
1550 613 1623 683 μὴ
1652 629 1823 681 τηρη-

239 698 459 750 σάντων
511 701 688 766 αὐτὴν
722 701 988 768 ἀγγέλων,
1021 702 1115 754 καὶ
1155 704 1257 755 ὅσα
1291 704 1473 766 αὐτοῖς
1505 703 1816 756 ἀπόκειται.

232 792 315 843 1Δ⁹
342 790 434 853 τις
463 791 494 842 ὀ
528 793 642 845 ἀπὸ
701 792 801 861 τῆς
857 796 1059 863 σαρκὸς
1094 796 1464 864 ἐσπιλωμένος
1537 796 1722 866 χιτών.
1762 795 1827 849 ΙΒ

224 881 443 945 aliast,
476 883 559 937 Τὰ
619 887 730 953 τὰρ
766 884 988 951 ἀόρατα
1019 886 1206 940 αὐτοῦ
1244 887 1363 941 ἀπὸ
1429 888 1681 953 κτίσεως
1730 891 1830 941 κό-

223 985 385 1041 σμου
410 972 547 1039 τοῖς
578 976 873 1045 ποιήμασι
902 978 948 1008 ⁸³
978 980 1275 1047 νοούμενα
1296 978 1635 1047 καθορᾶται.
1672 980 1748 1033 II"
1772 980 1824 1033 τί

226 1064 370 1128 ἐστι,
407 1064 520 1117 Καὶ
556 1065 940 1134 ἐλάτρευσαν
988 1068 1063 1137 τῇ
1093 1071 1293 1124 κτίσει
1345 1070 1505 1138 παρὰ
1556 1071 1662 1124 τὸν
1695 1072 1828 1124 Κτί-

231 1174 466 1215 σαντα.
500 1156 580 1211 1Δ¹
611 1161 743 1230 περὶ
798 1160 926 1227 τοῦ,
959 1162 1035 1217 Τὸ
1077 1165 1186 1234 γὰρ
1224 1164 1528 1234 ἄφθαρτον
1594 1164 1831 1233 πνεῦμά

1937 612 2044 667 illis
2090 622 2444 667 reservantur
2481 609 2523 664 ι.
2584 611 2680 665 X1.
2723 612 2855 677 Quae
2898 614 2969 667 sit
3020 614 3109 668 illa
3163 631 3259 684 per
3288 632 3513 673 carnem

1937 704 2327 758 commaculata
2363 706 2542 758 tunica
2578 715 2641 757 ιιι.
2678 704 2794 759 XII.
2832 705 2971 771 Quid
3012 706 3137 759 illud
3170 726 3183 760 :
3221 707 3515 762 Invisibilia

1937 798 2076 849 enim
2134 796 2301 864 ipsius
2345 812 2377 849 a
2417 807 2664 849 creatura
2720 796 2923 858 mundi,
2970 812 3063 864 per
3084 812 3145 849 ea
3179 814 3296 867 qua!
3338 808 3518 852 creata

1942 898 2066 942 sunt
2132 888 2401 941 intellecta
2452 888 2848 956 conspiciuntur
2897 897 2947 941 ι).
3002 887 3141 942 XIII.
3195 889 3331 955 Quid
3387 892 3518 943 illud

1934 980 2135 1034 ibidem
2175 998 2189 1033 :
2234 978 2526 1034 Coluerunt
2566 988 2616 1033 et
2656 981 2940 1033 servierunt
3002 991 3263 1034 creaturis
3322 983 3515 1050 potius,

1930 1086 2087 1141 quam
2135 1070 2497 1126 Creatori°°P.
2533 1069 2675 1126 XIV.
2734 1072 2809 1124 De
2836 1070 2927 1125 illo
2972 1089 2986 1125 :
3021 1071 3161 1125 Nam
3201 1073 3520 1141 incorrupti-

1933 1162 2053 1215 bilis
2113 1162 2333 1232 spiritus
2388 1173 2509 1216 tuus
2552 1172 2630 1216 est
2685 1164 2739 1215 in
2788 1162 2899 1233 (55)
2950 1164 3208 1218 omnibus.
3262 1164 3376 1219 XV.
3446 1166 3520 1218 De

240 1250 367 1302 σσὺ
421 1251 583 1303 ἐστιν
603 1250 676 1303 ἐν
699 1251 869 1307 πᾶσι.
898 1253 980 1306 ΙΕ¹
1014 1256 1144 1325 περὶ
1181 1256 1277 1308 τοῦ
1300 1257 1358 1308 ὲν
1393 1258 1458 1327 τῇ
1493 1257 1686 1325 ἐρήμῳ
1723 1273 1832 1325 χω-

1946 1254 2103 1308 titulo
2138 1269 2299 1323 quem
2333 1254 2387 1307 in
2416 1256 2636 1310 deserto
2666 1253 3095 1308 ctoriﬂarunt‘W.
3141 1254 3277 1308 XVI.
3315 1256 3388 1310 De
3418 1272 3519 1309 an-

247 1341 523 1402 νευθέντος
581 1343 807 1412 μόσχου.
843 1346 941 1412 ICT
992 1347 1118 1418 περὶ
1169 1348 1263 1400 τοῦ
1288 1349 1523 1417 ἀγγέλου
1552 1348 1646 1402 τοῦ
1677 1350 1831 1401 ἀπει-

249 1431 504 1500 λήσαντος
550 1432 784 1487 Θάνατον
814 1435 893 1507 τῷ
926 1438 1116 1490 Μωσεῖ
1160 1441 1217 1493 ἐν
1249 1442 1316 1510 τῆ
1372 1438 1476 1510 ὀδῷ
1534 1439 1829 1507 Αἰγύπτου.

248 1524 325 1575 IZ'
350 1523 478 1594 περὶ
508 1524 637 1587 τοῦ,
667 1526 716 1577 εἰ
768 1527 817 1578 οἱ
872 1530 1093 1598 ποιηταὶ
1136 1529 1232 1583 τοῦ
1259 1532 1423 1602 νόμου
1448 1532 1833 1605 δικαιωθήσον-

240 1631 351 1678 ται,
393 1614 518 1677 πῶς
577 1618 627 1669 οἱ
682 1618 755 1671 Εν
814 1619 965 1690 νόμῳ
1014 1622 1381 1694 δικαιούμενοι
1442 1626 1541 1694 τῆς
1611 1628 1833 1697 χάριτος

236 1708 644 1775 animove-tv;
673 1709 798 1783 [500
853 1712 946 1785 [1.]
991 1712 1079 1766 IH’
1125 1714 1179 1768 τί
1235 1717 1417 1783 ἐστιν,
1474 1717 1641 1771 Ὅσοι
1691 1719 1832 1772 ἀνό-

226 1815 353 1867 μως
370 1798 682 1867 ἥμαρτον,
713 1802 949 1872 ἀνόμως
971 1805 1068 1858 καὶ
1086 1805 1477 1861 ἀπολοῦνται.
1501 1808 1578 1860 1Θ¹
1608 1806 1661 1859 τί
1690 1810 1837 1860 ἐστιν

230 1889 653 1961 ήξηρανθεῖσα
704 1896 761 1947 ὲν
822 1894 900 1966 τῷ
967 1897 1285 1969 Εὑαγγελὶῳ
1364 1900 1526 1969 συκῆ,
1593 1900 1690 1953 καὶ
1738 1900 1837 1952 ὅσα

230 1983 362 2049 περὶ
400 1983 620 2055 αὑτήνς
653 1986 717 2038 K'
743 1986 871 2057 περὶ
897 1988 993 2041 τοῦ
1046 1988 1101 2041 τι
1141 1991 1331 2069 ἐστιν,
1392 1990 1840 2060 Ἐκδυσάμενος

230 2075 340 2141 τὰς
368 2078 579 2147 ἀρχὰς
602 2081 704 2133 καὶ
728 2081 835 2148 τὰς
856 2083 1165 2151 ἐξουσίας,
1182 2086 1276 2138 καὶ
1300 2086 1425 2155 έξῆς
1444 2086 1511 2151 ⁸⁵,
1541 2088 1635 2139 καὶ
1670 2088 1783 2149 πῶς
1812 2087 1841 2139 ὀ

237 2169 367 2238 μηδ’
427 2171 577 2234 ὅλως
624 2172 988 2243 ἐνδυσάμενος
1036 2175 1321 2244 ἐκδύεται;
1371 2175 1484 2230 ΚΑ¹
1541 2178 1589 2230 εἰ
1628 2179 1686 2231 ἐν
1722 2180 1836 2241 τοῖς

1934 1344 2053 1413 gelo
2104 1355 2336 1397 mortem
2371 1343 2717 1397 minitantem
2752 1342 2888 1397 Mosi
2925 1345 2976 1397 in
3006 1345 3198 1397 itinere
3220 1343 3436 1414 Λέαγιηὶ
3469 1353 3517 1399 ⁸.

1936 1436 2099 1491 XVII.
2153 1437 2228 1491 De
2277 1438 2371 1492 illo
2408 1454 2422 1491 :
2459 1436 2521 1491 Si
2564 1438 2792 1506 fartores
2836 1437 2962 1506 legis
2987 1436 3425 1505 justiﬁcabuntur
3475 1440 3517 1491 ί.

1936 1530 2220 1597 Quomodo
2255 1530 2345 1597 qui
2387 1529 2505 1598 (54)
2558 1531 2609 1583 in
2646 1530 2764 1598 lege
2793 1528 3182 1597 justilicantur,
3216 1529 3387 1598 gratia
3418 1543 3515 1582 ex-

1938 1623 2145 1676 cidunt.
2180 1620 2370 1676 XVIII.
2424 1622 2562 1688 Quid
2593 1632 2677 1675 est
2712 1639 2725 1675 :
2763 1622 3071 1687 Quicunque
3101 1623 3212 1674 sine
3256 1620 3365 1690 lege
3396 1637 3520 1687 pec-

1937 1724 2207 1777 caverunt,
2239 1716 2351 1767 sine
2390 1714 2498 1783 lege
2544 1716 2703 1767 etiam
2745 1713 2987 1780 peribunt
3031 1724 3079 1767 υ.
3125 1713 3270 1768 XIX.
3296 1712 3436 1779 Quid
3466 1713 3519 1767 in

1939 1804 2232 1873 Evangelio
2271 1806 2345 1859 sit
2397 1806 2532 1859 licus
2578 1804 2841 1870 arefacta,
2887 1814 2942 1859 et
2990 1819 3110 1874 qua:
3153 1806 3218 1857 ad
3253 1820 3370 1857 eam
3396 1818 3518 1871 spe-

1938 1904 2090 1949 ctant
2118 1904 2167 1949 ν.
2202 1894 2324 1949 XX.
2361 1894 2435 1950 De
2483 1895 2574 1949 illo
2605 1913 2619 1948 :
2650 1892 2973 1964 Exspolians
2999 1894 3324 1962 principatus
3345 1902 3396 1947 et
3423 1910 3521 1962 po-

1941 2001 2151 2045 testates
2203 2000 2273 2057 κ,
2330 2001 2384 2046 et
2435 1990 2664 2059 reliqua.
2709 1990 2775 2044 Et
2822 1989 3095 2058 quomodo
3136 1989 3376 2054 exuitur,
3427 1988 3521 2056 qui

1944 2099 2291 2152 nequaquam
2334 2082 2554 2136 induit?
2583 2080 2728 2135 XXI.
2766 2080 2822 2134 Si
2848 2078 3116 2151 [demum]
3149 2079 3360 2132 sazculis
3392 2091 3524 2131 ven-

1954 2177 2091 2228 turis
2125 2175 2266 2229 Deus
2298 2175 2551 2229 ostendet
2585 2173 2805 2227 divitias
2837 2172 3100 2227 bonitatis
3149 2187 3259 2226 suae
3292 2181 3340 2236 ἲ,
3383 2187 3522 2241 quo-

233 2262 405 2316 αῐῶσι
452 2266 572 2328 τοῖς
622 2266 1013 2337 ἐπερχομένοις
1063 2270 1092 2321 ὁ
1120 2268 1253 2332 Θεὸς
1279 2269 1439 2335 δείξει
1482 2269 1573 2324 τὸν
1611 2269 1840 2322 πλοῦτον

1947 2267 2104 2319 modo
2165 2266 2217 2319 in
2282 2281 2380 2320 nos
2449 2264 2773 2320 saeculorum
2837 2266 2971 2319 ﬁnes
3026 2275 3401 2335 pervenerunt
3459 2263 3525 2317 1"l

234 2354 339 2425 τῆς
374 2357 757 2427 χρηστότητος
787 2360 974 2424 αὑτοῦ,
1000 2361 1117 2425 πῶς
1155 2364 1234 2426 εἰς
1264 2363 1412 2433 ἡμᾶς
1454 2362 1523 2416 τὰ
1566 2362 1695 2433 τέλη
1732 2362 1840 2415 τῶν

238 2448 465 2501 αἰώνων
504 2452 882 2521 κατήντησεν;
917 2453 1022 2506 KB’
1050 2454 1182 2524 περὶ
1239 2454 1355 2520 τοῦ,
1397 2454 1581 2508 Δώσει
1621 2454 1780 2519 αὐτῷ
1806 2456 1842 2507 ό

243 2540 395 2607 Θεὸς
440 2540 553 2595 τὸν
612 2537 783 2596 οἷκον
823 2542 1003 2597 Δαϐὶδ
1066 2546 1174 2599 τοῦ
1220 2545 1445 2614 πατρὸς
1490 2544 1697 2611 αὐτοῦ,
1723 2545 1843 2606 πῶς

244 2631 459 2694 δῶωσι,
490 2633 597 2704 τῆς
632 2634 911 2705 βασιλείας
955 2635 1122 2690 Δασὶδ
1156 2638 1238 2701 εἰς
1273 2639 1344 2691 τὰ
1394 2636 1684 2705 ἐπιγνόντα
1712 2637 1841 2708 ἔθνη

243 2723 338 2774 τὸν
354 2724 415 2788 ἐξ
431 2723 603 2777 αὑτοῦ
628 2726 1070 2796 μεταπεσούσης;
1092 2729 1197 2782 Kl"
1214 2729 1265 2782 τί
1316 2731 1453 2795 ἐστι,
1497 2731 1841 2795 Διελθόντες

247 2813 501 2883 πρώτην
533 2817 633 2869 καὶ
658 2816 948 2886 δευτέραν
970 2821 1275 2889 φυλακὴν,
1312 2822 1428 2883 καὶ,
1468 2823 1553 2885 τίς
1578 2824 1612 2894 ή
1646 2823 1842 2893 σιδηρᾶ

246 2907 399 2978 πύλη
424 2924 442 2972 ;
472 2908 578 2961 KA'
606 2911 739 2980 περὶ
785 2912 900 2977 τοῦ,
934 2912 1062 2986 [258
1092 2912 1184 2985 H.]
1240 2915 1475 2982 Παντὸς
1532 2915 1753 2986 ἀνδρὸς
1800 2916 1840 2983 ἢ

248 2999 497 3068 κεφαλὴ
544 3004 578 3055 ό
622 3004 882 3071 Χριστός
911 3006 1066 3071 ἐστι,
1127 3008 1221 3059 καὶ
1248 3007 1395 3075 ἑξῆς.
1428 3008 1535 3060 KE'
1570 3007 1697 3079 περὶ
1747 3008 1841 3061 τοῦ

253 3091 525 3160 βασιλέως
561 3094 886 3159 Βαϐυλῶνος
904 3098 1000 3151 καὶ
1040 3096 1209 3150 Ἰούδα
1238 3099 1333 3151 καὶ
1358 3098 1464 3150 τῶν
1504 3098 1691 3152 ἐθνῶν.
1718 3100 1842 3165 KC?

255 3186 387 3254 περὶ
416 3186 517 3254 τῆς
559 3188 963 3257 ἀποκαλύψεως
1018 3190 1228 3261 Πέτρου
1258 3192 1356 3263 τῆς
1388 3191 1480 3244 ἐπὶ
1512 3191 1592 3259 τῷ
1630 3194 1842 3263 Κορνη-

250 3276 373 3346 λίῳ,
407 3276 506 3329 καὶ
560 3277 679 3340 πῶς
734 3278 1060 3349 διεκρίνοντο
1119 3298 1265 3345 τινες
1304 3284 1439 3352 πρὸς
1496 3282 1703 3349 Πέτρον
1756 3280 1845 3334 διὰ

248 3370 346 3421 τὸν
419 3371 743 3441 Κορνήλιον.
797 3374 902 3425 KZ'
946 3374 1029 3439 τὸ,
1086 3373 1264 3428 Δεῦτε
1335 3375 1431 3428 καὶ
1482 3372 1847 3438 καταϐάντες

252 3460 614 3531 συγχέωμεν
634 3462 833 3518 αὐτῶν
859 3465 966 3532 τὰς
988 3466 1294 3536 γλώσσας,
1324 3468 1459 3535 πρὸς
1484 3468 1635 3531 τινας
1684 3467 1837 3537 εἴρη-

249 3568 365 3604 ται.
399 3550 589 3604 κη’τί
618 3555 735 3606 ἐστι
781 3554 840 3607 τὸ
888 3557 944 3608 ὲν
984 3559 1104 3620 ταῖς
1160 3558 1452 3627 Πράξεσιν,
1495 3559 1721 3623 Οῖτινες
1749 3557 1846 3611 διὰ
1869 3595 1913 3657 C

249 3640 362 3693 τοῦ
396 3642 749 3710 Πνεύματος
798 3643 1015 3713 ἔλεγον
1044 3644 1123 3711 τῷ
1173 3648 1392 3712 Παύλῳ
1432 3648 1520 3717 μὴ
1546 3646 1843 3715 ἀναϐῆναι

248 3734 341 3797 εὶς
406 3732 796 3804 Ἰεροσόλυμα
820 3751 835 3801 ;
862 3737 971 3790 ΚΘ¹
1002 3738 1086 3801 τίς
1117 3741 1150 3810 ἡ
1177 3739 1409 3810 διαφορὰ
1434 3741 1695 3809 ποτηρίου
1750 3741 1846 3793 καὶ

251 3819 645 3890 βαπτίσματος
691 3839 705 3888 ;
748 3824 807 3876 Λ¹
856 3827 985 3894 περὶ
1042 3826 1180 3893 τοῦ,
1234 3831 1284 3880 εἰ
1349 3830 1471 3882 Οὐκ
1526 3830 1597 3882 ἐν
1658 3848 1848 3898 χειρο-

250 3914 539 3979 ποιήτοις
575 3914 745 3982 ναοῖς
795 3920 827 3970 ό
864 3918 1008 3984 Θεὸς
1038 3920 1319 3985 κατοικεῖ,
1354 3922 1471 3984 πῶς
1500 3924 1556 3975 ἐν
1606 3924 1683 3992 τῷ
1736 3925 1846 3977 τῶν

263 4003 549 4059 Ἰουδαίων
578 4006 691 4076 ναῷ
718 4008 935 4076 ἐλέγετο
963 4012 1165 4077 οἱκεῖνς
1201 4013 1305 4064 AA'
1330 4014 1592 4084 περὶτοῦ,
1630 4018 1694 4069 Ei
1733 4016 1847 4083 ἄρα

256 4098 709 4166 ψηλαφήσειαν
764 4102 862 4153 καὶ
924 4102 1160 4169 εὕροιεν
1191 4107 1359 4158 Θεόν.
1398 4107 1498 4157 ΛΒ’
1536 4109 1666 4177 περὶ
1724 4109 1843 4173 τοῦ,

266 4188 465 4257 Ἀμὴν
536 4191 692 4259 λέγω
743 4193 907 4262 ὑμῖν,
934 4194 1002 4261 ὃς
1044 4195 1123 4249 ἃν
1148 4196 1286 4266 εἴπῃ
1344 4196 1424 4262 τῷ
1470 4197 1589 4266 ὄρει
1638 4202 1847 4265 τούτῳ,

253 4281 354 4331 καὶ
378 4279 511 4349 ἑξῆς
547 4281 617 4335 ⁸⁸.
652 4283 754 4335 Al"
777 4285 907 4354 περὶ
954 4284 1070 4351 τοῦ,
1126 4287 1273 4341 Ὅσα
1331 4288 1411 4344 ἂν
1453 4292 1851 4359 προσευχόμε-

252 4388 353 4425 νοι
381 4372 637 4441 αἰτῆσθε
653 4374 723 4437 ⁸⁸,
754 4378 1071 4432 πιστεύετε
1098 4379 1187 4432 ὅτι
1207 4381 1558 4449 λαμϐάνετε,
1588 4384 1682 4434 καὶ
1701 4384 1846 4452 έζῆς.

255 4462 363 4517 ΔΔ¹
399 4465 534 4534 περὶ
562 4464 655 4519 τοῦ
674 4468 754 4521 ὅτι
804 4468 851 4500 ⁸⁷
882 4470 1218 4541 κελευόμεθα
1247 4472 1479 4543 τρώγειν
1527 4473 1623 4543 τὴν
1668 4474 1847 4544 σάρκα

256 4555 355 4607 καὶ
409 4556 589 4610 πίνειν
627 4559 690 4611 τὸ
751 4553 927 4629 αἷμα,
968 4562 1043 4632 μὴ
1107 4564 1412 4633 συντρίϐειν
1475 4564 1530 4617 δὲ
1574 4567 1645 4618 τὰ
1699 4568 1851 4621 ὀστᾶ.

257 4647 364 4700 ΛΕ⁹
414 4650 545 4719 περὶ
573 4649 667 4703 τοῦ
739 4651 823 4704 ἕνα
854 4654 971 4705 ἐστὶ
1000 4654 1068 4708 τὰ
1098 4652 1209 4708 τῶν
1238 4654 1530 4726 θυομένων
1560 4657 1712 4721 ζώων
1748 4658 1851 4711 σώ-

261 4757 413 4808 ματα
450 4743 563 4806 τοῖς
633 4744 1021 4814 Ἰσραηλίταις.
1053 4746 1174 4815 Δεῖ
1206 4748 1335 4819 περὶ
1386 4749 1486 4819 τῆς
1548 4751 1763 4821 ἐχίδνης
1814 4751 1851 4823 ἢ

374 4898 396 4939 1
426 4896 596 4961 ςιιιάεε,
624 4901 677 4956 6.
707 4899 939 4968 m'Judze,
975 4901 1066 4958 25.
1126 4913 1156 4941 ιι
1182 4903 1377 4958 Rom.t
1412 4903 1504 4963 20.

262 5054 289 5080 ⁸
324 5046 449 5095 Act.
484 5056 582 5103 XII,
624 5043 711 5097 10.

264 5111 294 5149 ε
322 5116 445 5163 Act.
480 5126 613 5164 xvn.
642 5113 731 5165 24.

816 5043 842 5081 b
874 5044 887 5095 I
922 5044 1048 5097 Cor.
1083 5060 1162 5104 ιι,
1211 5044 1263 5097 5.

840 5110 1014 5167 hAet.
1054 5130 1185 5174 xm,
1227 5113 1317 5167 27.
1402 5116 1418 5155 ί
1456 5114 1621 5169 Marc.
1652 5133 1724 5178 λι,
1771 5110 1885 5177 '25;
1928 5115 2121 5168 Matth.
2172 5131 2304 5179 xvn,
2339 5116 2428 5172 20.

1942 2355 2107 2410 XXII.
2138 2357 2212 2412 De
2266 2357 2358 2411 illo
2389 2357 2574 2412 dicto:
2615 2357 2772 2410 Dabit
2796 2356 2878 2409 illi
2909 2357 3050 2409 Deus
3099 2357 3311 2409 domum
3359 2355 3525 2408 David

1942 2451 2106 2518 patris
2166 2450 2250 2503 sui
2289 2461 2336 2504 α,
2385 2450 2669 2516 Quomodo
2711 2452 2839 2503 dare
2882 2459 3083 2519 potest,
3136 2465 3257 2502 cum
3304 2464 3524 2517 regnum

1947 2541 2112 2594 David
2160 2542 2226 2595 ad
2260 2556 2353 2597 eas
2383 2542 2667 2595 devenerit
2714 2551 2925 2610 gentes,
2963 2556 3084 2609 quae
3130 2550 3320 2594 natum
3350 2556 3417 2594 ex
3461 2554 3527 2593 eo

1945 2649 2053 2687 nou
2102 2634 2513 2704 cognoverunt?
2566 2632 2754 2687 XXIII.
2808 2634 2948 2700 Quid
2993 2642 3127 2688 est:
3174 2632 3527 2686 Transeuntes

1946 2730 2169 2797 primum
2230 2738 2277 2781 et
2343 2730 2630 2781 secundant
2697 2730 2991 2780 custodiam
3042 2728 3124 2782 1>‘l
3169 2738 3224 2783 et
3271 2744 3391 2795 qua!
3434 2728 3529 2780 illa

1951 2828 2105 2887 porta
2157 2819 2362 2873 ferrea?
2397 2817 2587 2875 XXIV.
2646 2820 2722 2873 De
2791 2820 2928 2873 illo:
2977 2819 3163 2873 Omnis
3228 2820 3325 2873 viri
3372 2830 3529 2887 caput

1945 2910 2184 2965 Christus
2203 2920 2303 2974 est,
2331 2921 2387 2965 et
2410 2928 2530 2981 quae
2550 2923 2855 2981 sequuntur
2890 2922 2936 2965 ε.
2971 2910 3137 2964 XXV.
3170 2910 3246 2964 De
3274 2926 3397 2981 rege
3429 2911 3533 2963 Ba~

1947 3004 2184 3075 liylonis,
2218 3016 2274 3058 et
2298 3003 2462 3068 Juda,
2494 3014 2549 3060 et
2572 3006 2835 3076 gentium.
2863 3004 3051 3059 XXVI.
3084 3005 3157 3059 De
3199 3006 3535 3059 revelatione

1946 3094 2113 3150 Petro
2161 3111 2325 3166 super
2364 3097 2624 3151 Cornelio
2670 3096 2833 3163 facta,
2881 3108 3049 3167 utque
3087 3097 3321 3151 Cornelii
3372 3111 3534 3149 causa

1946 3189 2162 3257 quidam
2203 3190 2467 3243 adversus
2527 3186 2751 3243 Petrum
2811 3190 3169 3258 disceptarint
3212 3188 3262 3241 ἀ.
3316 3188 3535 3246 XXVII.

1946 3280 2025 3332 Ad
2058 3295 2197 3347 quos
2234 3279 2438 3333 dictum
2468 3280 2541 3333 sit
2568 3299 2580 3335 :
2613 3278 2815 3342 Venite,
2839 3290 2887 3334 et
2905 3282 3305 3342 descendamus,
3335 3291 3382 3332 et
3415 3298 3514 3332 con

1948 3373 2237 3441 fundamus
2283 3372 2519 3440 ipsorum
2560 3373 2770 3441 linguas
2814 3384 2861 3426 ε.
2914 3371 3155 3426 XXVIII.
3207 3371 3343 3439 Quid
3375 3374 3445 3426 sit
3476 3373 3528 3427 in

1947 3464 2100 3517 Actis
2150 3464 2520 3531 apostolorum
2571 3482 2585 3517 :
2637 3465 2739 3529 Qui
2776 3481 2865 3532 per
2903 3466 3145 3532 spiritum
3183 3464 3349 3517 Paulo
3386 3467 3535 3518 dixe-

1948 3562 2089 3615 runt,
2148 3568 2211 3606 ne
2244 3554 2548 3606 ascenderet
2585 3553 3007 3622 Hierosolymam
3043 3552 3102 3605 f?
3128 3551 3321 3605 XXIX.
3355 3552 3509 3618 Quod

1956 3659 2078 3697 nam
2104 3644 2174 3698 sit
2206 3645 2382 3712 poculi
2412 3655 2465 3697 et
2490 3646 2833 3713 baptismatis
2857 3645 3149 3699 discrimen
3181 3644 3243 3697 εἳ
3267 3644 3432 3699 XXX.
3463 3646 3537 3697 De

1954 3735 2047 3789 illo
2111 3753 2126 3787 :
2171 3736 2226 3789 Si
2257 3753 2359 3789 nun
2390 3739 2444 3789 in
2478 3736 2798 3804 manufactis
2830 3737 3032 3804 templis
3067 3736 3269 3789 habitat
3307 3737 3442 3791 Deus
3464 3736 3536 3789 η

1952 3830 2224 3895 quomodo
2293 3830 2344 3883 in
2394 3828 2709 3883 .Iudaaorum
2778 3831 2981 3899 templo
3033 3832 3283 3885 habitare
3315 3831 3539 3886 dictus?

1952 3920 2149 3975 XXXI.
2208 3921 2280 3974 De
2314 3922 2406 3975 illo
2442 3938 2454 3974 :
2492 3921 2554 3976 Si
2612 3923 2744 3989 forte
2777 3922 2967 3993 156a
3000 3932 3295 3987 attrecteut,
3328 3934 3416 3975 aut
3449 3924 3534 3975 in-

1952 4013 2161 4066 veniant
2214 4012 2382 4067 Deum
2434 4014 2480 4068 i.
2514 4012 2732 4067 XXXII.
2778 4013 2852 4067 De
2882 4013 2976 4067 illo
3005 4015 3189 4067 dicto:
3227 4019 3395 4068 Amen
3416 4016 3535 4067 dico

1949 4107 2114 4169 vobis,
2162 4110 2457 4177 quicunque
2506 4108 2695 4161 dixerit
2738 4108 2860 4160 huic
2900 4110 3066 4160 monti
3114 4105 3163 4171 i,
3200 4119 3253 4160 et
3305 4108 3534 4178 reliqua.

1952 4195 2193 4252 XXXIII.
2236 4196 2312 4252 De
2361 4200 2500 4253 illo:
2537 4200 2874 4270 Qutecunque
2915 4210 3123 4253 orantes
3169 4180 3367 4267 petitis,
3424 4216 3539 4253 cre-

1951 4290 2059 4343 dite
2107 4293 2246 4360 quod
2276 4291 2543 4359 accipietis
2585 4291 2649 4359 lI;
2694 4302 2747 4345 et
2778 4307 2895 4359 qua:
2945 4301 3265 4361 sequuntur.
3292 4290 3537 4346 XXXIV.

1953 4378 2030 4431 De
2060 4379 2184 4445 illo,
2212 4384 2357 4449 quod
2382 4381 2638 4451 jubemur
2667 4381 2953 4436 comedere
2986 4396 3229 4448 carnem,
3262 4392 3316 4435 et
3349 4382 3538 4435 bibere

1954 4473 2330 4540 sanguinem;
2406 4488 2513 4526 non
2601 4483 2780 4527 tamen
2854 4475 3226 4528 comminuere
3294 4489 3418 4527 ossa
3490 4471 3539 4528 ι.

1953 4559 2174 4619 XXXV.
2236 4563 2368 4631 Quae
2432 4565 2634 4620 fuerint
2684 4565 2947 4619 lsraelitis
2997 4565 3375 4633 animantium,
3414 4581 3541 4635 quae

1954 4654 2409 4720 immolabantur,
2443 4658 2718 4726 corpora?
2765 4655 3007 4710 XXXVI.
3059 4656 3135 4711 De
3173 4659 3378 4725 vipera,
3414 4675 3545 4727 quae

1953 4746 2109 4805 Pauli
2147 4764 2363 4803 manum
2413 4749 2846 4819 comprehendit.
2890 4748 3154 4803 XXXVII.
3194 4751 3265 4805 De
3318 4749 3540 4807 Sadttu-

1582 4914 1665 4955 οορ
1692 4906 1853 4960 Exod.

1946 4921 2063 4973 IXII,
2090 4905 2145 4959 4.
2224 4903 2499 4972 ίι-τιΕιοά.
2527 4920 2601 4969 tv,
2654 4905 2743 4959 24.
2823 4916 2844 4944 ι
2884 4905 3041 4961 Rom.
3079 4923 3139 4972 ιι,
3173 4908 3260 4965 I3.
3328 4911 3344 4946 ¹
3375 4911 3536 4969 Rom.

261 4986 347 5034 ιι,
381 4971 448 5023 12
484 4978 533 5025 ,υ
563 4970 756 5027 Matth.
787 4988 897 5035 ut,
943 4976 1045 5040 I9;
1080 4973 1243 5027 Marc.
1276 4990 1350 5039 si,
1377 4975 1467 5029 20.
1550 4986 1579 5014 ν
1610 4976 1812 5030 Coloss.
1853 4992 1913 5040 ιι,
1948 4976 2034 5029 15.

1386 5056 1407 5083 ε
1436 5044 1558 5099 Act.
1591 5062 1647 5108 κ,
1679 5048 1701 5099 I
1758 5061 1909 5113 seqq.

2031 5015 2034 5026 ,
2143 4984 2169 5011 ι
2202 4976 2355 5029 Rom.
2406 4989 2464 5041 ιι,
2496 4974 2549 5029 5.
2613 4984 2642 5023 γ
2668 4976 2682 5027 I
2707 4976 2833 5029 Cor.
2863 4993 2916 5043 χ,
2950 4979 3038 5031 Il.
3133 4989 3154 5016 ι
3187 4978 3342 5034 Luca:
3378 4998 3416 5044 ι,
3448 4986 3540 5040 5‘2.

2031 5045 2056 5083 d
2090 5044 2221 5083 (Iun,
2272 5062 2305 5083 ιι
2371 5045 2400 5083 ¹¹1
2543 5045 2711 5083 θημη
2784 5063 2868 5083 νιιι
2933 5049 2956 5083 .t
3106 5050 3125 5083 t'
3162 5048 3306 5083 Mum
3356 5067 3385 5083 ν
3447 5055 3513 5083 ’χρ

2090 5044 2226 5100 Gen.
2272 5062 2332 5109 ιι,
2371 5045 2422 5099 7.
2543 5055 2566 5082 θ
2598 5045 2734 5099 Gen.
2783 5063 2893 5110 xxi,
2930 5049 2982 5101 4.
3106 5050 3125 5089 f
3160 5048 3328 5105 Marc.
3356 5067 3407 5113 ι,
3446 5055 3536 5108 58.

2090 5135 2121 5167 ι.
2172 5131 2304 5179 χνιι,
2339 5116 2428 5172 20.
2537 5112 2552 5165 i
2589 5114 2755 5172 Marc.
2791 5133 2868 5183 χι,
2905 5118 3006 5185 24;
3045 5118 3235 5175 Matth.
3274 5138 3409 5184 ut,
3447 5123 3539 5179 22.

266 5176 295 5215 ¹ι
327 5181 486 5235 Joan.
524 5195 599 5245 Vi,
646 5193 703 5237 et
736 5198 850 5245 χιιι,
880 5184 981 5252 3'5;
1008 5181 1179 5238 Exodi
1211 5199 1308 5249 sit,
1344 5183 1413 5251 9;
1452 5186 1614 5239 Num.
1651 5176 1724 5251 ix,
1755 5200 1808 5256 9.
1864 5176 1894 5223 ’1
1921 5187 2044 5241 Act.
2078 5200 2269 5251 xsvm,
2294 5176 2372 5241 ’5.

1565 5345 1801 5402 VARUE
1842 5346 2249 5405 LECTIONES.

335 5462 383 5533 ’ξ
431 5464 699 5532 ποιήμασι
757 5476 796 5517 Α
864 5480 881 5519 2
924 5465 1186 5533 κτίσμασι
1223 5483 1283 5529 ς.

1392 5464 1439 5497 ⁸⁸
1492 5465 1619 5533 ἑξῆς
1660 5467 1701 5520 Α
1740 5464 1860 5536 εΙτὰ
1918 5466 2044 5536 έξῆς
2100 5483 2161 5531 ς.

268 5541 321 5585 ει
349 5532 439 5587 28.
470 5546 519 5587 et
547 5551 686 5604 saepe
710 5545 916 5605 postea.
997 5532 1310 5589 “aii-sicea
1345 5535 1412 5591 Α.
1489 5536 1534 5567 ⁸⁷
1573 5532 1655 5589 ὅτι
1687 5532 1798 5590 om.
1837 5535 1903 5590 A.

2266 5465 2313 5497 ⁸⁸
2347 5465 2473 5538 ἑξῆς
2501 5467 2546 5521 Α
2580 5486 2593 5521 :
2624 5467 2692 5522 ἰὰ
2730 5466 2860 5538 ἑξῆς
2898 5474 2956 5523 ς.
2999 5467 3123 5523 item
3175 5483 3225 5524 τ.
3282 5470 3317 5525 4
3347 5482 3402 5527 et
3444 5472 3545 5531 35.

1776 5677 2002 5735 ΝΟΤᾸΞ.

339 5771 455 5835 (³55)
511 5770 641 5841 Sap.
677 5788 777 5836 xu,
811 5773 834 5826 1
872 5791 884 5827 :
913 5773 1225 5827 Secundum
1254 5776 1361 5827 τῶν
1394 5772 1531 5827 LXX
1560 5789 1699 5827 vers.
1729 5790 1851 5825 nam

269 5843 407 5910 Vulg.
431 5841 645 5912 Oquam
666 5842 830 5898 bonus
849 5856 894 5897 et
916 5846 1090 5897 suavis
1105 5856 1204 5909 est,
1234 5845 1472 5911 Domine,
1490 5850 1587 5912 spn
1602 5846 1853 5898 itustuus.

2036 5772 2149 5840 (54)
2189 5770 2369 5823 Galat.
2412 5787 2462 5831 ν,
2492 5770 2555 5823 ii
2593 5788 2608 5825 :
2642 5768 2900 5825 Euacuati
2946 5772 3068 5826 estis
3107 5791 3138 5827 a
3190 5773 3423 5841 Clu-$.10,
3447 5777 3543 5841 ιφ,κά

1968 5842 2021 5892 in
2051 5843 2159 5911 tege
2182 5841 2573 5908 justi/immitti.
