4022 6462
267 368 368 431 645

1258 365 1785 427 BIBLIOTHECA.
1812 391 1882 399 —
1916 364 2083 424 COD.
2114 363 2317 423 CXCII
2350 362 2451 411 b38-

3427 367 3537 431 646

266 479 409 546 ἑξῆς,
438 475 559 539 πῶς
576 493 659 538 τις
678 474 1019 547 λυπούμενος
1038 478 1096 529 ὲν
1115 479 1440 547 πειρασμοῖς
1457 476 1677 528 δύναται
1696 474 1856 542 ἀγαλ-

1983 488 2045 527 us
2081 474 2205 542 quis
2234 472 2286 526 in
2315 472 2707 528 tentationibus
2735 472 3011 529 exsultare
3038 483 3223 545 queat.
3247 477 3423 535 LVIII.
3458 482 3540 537 De

264 569 483 622 λιᾶσθαι
503 587 520 635 ;
540 569 652 622 NH’
667 569 805 638 Περὶ
819 566 896 639 ἧς
912 570 1207 638 σωτηρίας
1222 567 1699 636 ὲξεζήτησανκαὶ
1712 566 1854 635 ἐξη-

259 663 581 730 ρετίγνησαν⁸
647 660 966 730 προφῆται.
1005 660 1111 715 ΝΘ¹
1168 662 1298 731 περὶ
1361 660 1457 713 τοῦ
1510 660 1608 727 Ὣς
1661 658 1854 728 ἀμνοῦ

261 754 511 823 ἀμώμου
558 754 658 807 καὶ
707 754 978 808 ἀσπίλου
1028 756 1289 821 Χριστοῦ
1334 751 1853 821 προεγνωσμένου,

267 846 371 897 ὑπὸ
439 842 595 907 τίνος
629 844 1128 915 προεγνωσμένους
1183 843 1247 895 Τί
1302 844 1451 896 ἐστιν
1491 842 1613 893 ’Ότι
1653 839 1857 907 καιρὸς

257 938 366 991 τοῦ
421 936 731 1005 ἄρξασθαι
758 939 822 991 τὸ
848 938 1027 1007 κρῖμα
1064 938 1182 993 ἀπὸ
1216 937 1323 992 τοῦ
1351 936 1521 992 οἴκου
1552 936 1656 990 τοῦ
1682 934 1853 999 Θεοῦ,

268 1028 364 1081 καὶ
386 1026 515 1096 ἑξῆς
542 1044 559 1093 ;
599 1027 700 1080 ΞΑ¹
733 1028 861 1097 περὶ
899 1027 991 1079 τοῦ
1022 1027 1288 1099 δρεπάνου
1313 1022 1463 1079 ὂεῖδε
1499 1023 1798 1093 πετόμενον
1830 1019 1859 1072 ὁ

270 1122 571 1192 Ζαχαρίας.
637 1119 735 1173 ΞΒ’
767 1120 1016 1191 περὶτῆς
1078 1120 1287 1192 χρυσῆς
1341 1118 1562 1187 λυχνίας
1614 1119 1681 1189 ἣν
1723 1114 1860 1169 εἶδεν

279 1212 447 1274 aint;
500 1213 811 1282 προφήτης.
875 1208 969 1263 EI"
1025 1210 1076 1262 τί
1149 1213 1334 1275 ἐστιν,
1389 1210 1486 1262 Ἐν
1549 1204 1589 1281 ᾖ
1662 1224 1860 1262 κατοι-

286 1303 457 1355 κοῦσι
479 1304 735 1365 πλείους
770 1302 807 1370 ἢ
839 1300 1069 1354 δώδεκα
1110 1299 1400 1369 μυριάδες
1428 1298 1686 1367 ἀνδρῶν,
1717 1297 1861 1351 οἵτι-

288 1414 387 1460 νες
438 1396 547 1448 οὐκ
597 1396 877 1464 ἔγνωσαν
926 1393 1135 1455 δεξιὰν
1167 1378 1367 1444 αὐτῶν
1408 1388 1447 1458 ἢ
1489 1386 1863 1458 ἀριστεράν;

288 1486 435 1549 Τίνες
463 1488 513 1539 οἱ
573 1486 788 1556 ἄνδρες,
826 1484 918 1537 καὶ
948 1485 1029 1546 τίς
1061 1484 1095 1553 ἡ
1125 1482 1275 1549 δεξιά
1306 1480 1401 1534 καὶ
1439 1479 1705 1550 ἀριστερά
1732 1478 1863 1545 ;ΞΔ’

276 1581 359 1632 διὰ
390 1580 442 1632 τί
492 1580 640 1647 μετὰ
668 1579 759 1630 τὸν
797 1578 843 1609 ⁹⁶
879 1577 1107 1631 θάνατον
1138 1572 1311 1627 Σαοὺλ
1360 1569 1455 1625 τοῦ
1509 1571 1865 1640 ἀδικήσαντος

272 1671 392 1731 τοὺς
426 1670 465 1721 Γ
471 1669 789 1730 αὸαωνίτας
820 1669 849 1721 ὁ
891 1666 1055 1736 μηδὲν
1087 1665 1349 1733 ἀδικήσας
1384 1661 1548 1716 Δαὸὶδ
1591 1659 1853 1731 ἀπῃτήθη

1955 579 2060 632 qua
2110 564 2282 616 salute
2340 563 2699 632 exquisierunt
2758 576 2914 635 atque
2971 567 3202 620 scrutari
3253 580 3372 623 sunt
3415 588 3540 639 pro-

1956 654 2123 722 pheta:
2166 653 2227 707 i?
2256 652 2390 708 LIX.
2438 653 2514 709 De
2544 655 2636 709 illo
2677 674 2693 709 :
2729 655 2896 721 Quasi
2928 658 3256 712 immaculali
3282 671 3329 713 et
3364 663 3544 715 incon-

1959 748 2214 799 taminati
2240 745 2464 810 Christi,
2488 748 2800 817 praecogniti
2830 750 3039 818 quidem
3058 757 3180 802 ante
3207 754 3542 807 constitutio-

1959 854 2075 892 nem
2151 838 2337 891 mundi
2393 838 2444 894 k.
2476 839 2583 893 Sed
2627 856 2655 892 a
2711 855 2819 909 quo
2863 842 3223 911 przecoguiti?
3256 841 3369 898 LX.
3403 843 3541 909 Quid

1958 939 2043 985 est
2092 945 2106 982 :
2167 929 2430 995 Quoniam
2498 942 2699 997 tempus
2759 933 2925 1001 incipi
2977 935 3245 1004 judicium
3300 953 3333 988 a
3388 940 3546 991 domo

1962 1022 2059 1076 Dei
2089 1019 2132 1089 ι,
2160 1032 2216 1077 et
2246 1023 2491 1093 reliqua?
2540 1022 2676 1077 LXI.
2708 1026 2785 1078 De
2826 1023 2961 1079 falce
2996 1026 3132 1095 (38),
3162 1043 3322 1095 quam
3356 1029 3548 1081 volan-

1962 1123 2069 1169 tem
2100 1114 2235 1169 vidit
2264 1113 2558 1169 Zacharias
2585 1127 2648 1171 ιιι.
2682 1114 2843 1170 LXII.
2880 1117 2952 1169 De
2993 1118 3320 1171 candelabro
3359 1134 3543 1183 aureo,

1962 1207 2106 1275 quod
2145 1206 2282 1259 idem
2323 1217 2475 1260 vates
2498 1209 2784 1277 conspexit
2823 1218 2873 1261 ιι.
2905 1207 3091 1262 LXIII.
3136 1208 3274 1273 Quid
3316 1220 3442 1264 est:
3482 1210 3548 1263 In

1962 1315 2067 1366 qua
2108 1298 2345 1351 habitant
2372 1301 2547 1362 plures
2576 1317 2733 1369 quam
2774 1310 2983 1354 centum
3013 1302 3193 1370 viginti
3220 1304 3389 1354 millia
3415 1320 3553 1354 viro-

1965 1405 2104 1453 rum,
2152 1392 2241 1459 qui
2286 1407 2390 1442 non
2441 1402 2791 1459 cognoverunt
2840 1394 3082 1446 dextram
3112 1410 3262 1446 suam
3302 1404 3392 1446 aut
3428 1394 3555 1446 siui-

1964 1493 2126 1536 uram
2161 1483 2228 1536 οἳ
2282 1482 2514 1548 Quinam
2556 1485 2609 1537 hi
2663 1485 2763 1539 viri
2822 1496 2968 1550 sunt,
3023 1501 3249 1555 quaeque
3278 1487 3464 1540 dextra
3500 1494 3557 1540 et

1968 1575 2230 1630 sinistra?
2272 1575 2454 1630 LXIV.
2494 1578 2674 1643 Quare
2709 1588 2830 1647 post
2867 1590 3099 1632 mortem
3135 1578 3285 1645 Saul,
3319 1577 3411 1645 qui
3442 1576 3556 1631 Ga-

1969 1667 2220 1722 baouilas
2249 1669 2445 1735 injuria
2487 1668 2768 1730 aﬂ‘eeerat.
2805 1671 2872 1725 ab
2910 1672 3129 1725 innoxio
3158 1671 3360 1725 Davide
3391 1686 3553 1741 paena

268 1763 448 1826 δίκας,
468 1760 620 1833 λιμῷ
648 1761 751 1831 τῆς
771 1760 955 1829 χώρας
981 1756 1148 1811 αὑτοῦ
1173 1755 1546 1824 κακουμένης,
1569 1752 1674 1814 ἓως
1694 1753 1865 1804 ἔδωκε

1983 1773 2159 1816 nacta
2218 1761 2401 1825 fuerit,
2457 1761 2598 1815 fame
2647 1765 2765 1829 ejus
2822 1762 3042 1832 regione
3094 1773 3311 1827 vexata,
3380 1762 3557 1814 donec

264 1857 395 1917 τοὺς
445 1855 516 1905 ἐκ
576 1852 671 1906 τοῦ
714 1853 1027 1923 σπέρματος
1088 1849 1261 1902 Σαοὺλ
1310 1845 1450 1899 ἑπτὰ
1499 1845 1699 1916 ἄνδρας
1753 1844 1864 1905 τοῖς

1983 1854 2215 1910 traderet
2249 1870 2320 1909 ex
2347 1854 2555 1910 semine
2582 1853 2713 1909 Saul
2740 1863 2950 1924 septem
2976 1856 3125 1909 viros
3157 1854 3475 1909 Gabaonitis
3505 1862 3556 1907 Ρ.

265 1945 306 1997 Γ
308 1945 506 1999 αὸαων
516 1945 659 2007 ἱταις
696 1961 712 2011 ;

342 2035 577 2089 Τούτων
611 2031 706 2089 οῦν
750 2034 850 2098 τὰς
896 2034 1083 2098 λύσεις
1126 2034 1155 2085 ὁ
1186 2031 1327 2095 θεῖος
1371 2047 1525 2094 ουτος
1572 2029 1711 2100 ἀνὴρ
1775 2025 1871 2080 καὶ

270 2131 538 2195 γενναῖος
596 2125 941 2197 ὁμολογητὴς
987 2125 1299 2180 ἀποδιδόναι
1328 2123 1623 2193 ὑπέρχεται
1688 2120 1869 2172 πόνον.

273 2223 442 2274 Ἐστι
484 2220 543 2273 δὲ
582 2219 682 2290 τὴν
744 2218 947 2289 φράσιν
1005 2218 1349 2288 σχοινοτενής
1402 2233 1462 2268 τε
1520 2216 1639 2277 ταῖς
1691 2212 1875 2282 περιό-

270 2315 417 2379 δοις,
448 2314 548 2367 καὶ
610 2311 820 2382 χαίρων
875 2309 1227 2380 ὑπερϐατοῖς,
1266 2306 1595 2376 ὲνακμάζων
1642 2305 1876 2365 τε.ταῖς

271 2407 629 2478 περιϐολαῖς,
666 2407 760 2458 καὶ
783 2403 1127 2474 κυριολογεῖν
1160 2403 1262 2455 οὐκ
1304 2397 1743 2469 ἐσπουδασμένος
1776 2414 1790 2428 ·
1818 2395 1877 2460 ἐξ

273 2493 355 2552 ὧν
380 2497 535 2567 αύτῷ
559 2499 625 2567 τῇ
654 2496 949 2565 συγγραφῇ
979 2494 1071 2546 καὶ
1100 2492 1160 2546 τὸ
1183 2491 1393 2560 ἀσαφὲς
1424 2490 1517 2544 καὶ
1548 2486 1877 2543 δυσεπισκό-

276 2608 459 2660 πητον
496 2590 543 2621 ’⁷
576 2589 872 2660 διατρέχει.
925 2584 1015 2656 Τῷ
1054 2586 1247 2655 τραχεῖ
1291 2584 1349 2637 δὲ
1382 2583 1476 2636 τοῦ
1523 2581 1687 2652 ὗγκου
1712 2622 1727 2644 ,
1776 2580 1877 2632 ὅσα

278 2683 416 2751 περὶ
448 2680 722 2750 συνθήκην
768 2679 865 2732 καὶ
894 2677 1256 2739 ἀναπαύσεις,
1288 2676 1381 2728 τὸν
1413 2675 1572 2742 λόγον
1624 2671 1869 2726 ὑποϐάλ-

276 2772 393 2823 λων
422 2770 535 2823 οὐδ’
556 2771 685 2839 ἡδὺς
714 2763 852 2821 εἶναι
900 2766 1191 2831 σπουδάζει
1217 2766 1473 2836 τῇζάκοῇ.
1510 2763 1624 2817 Καὶ
1649 2764 1683 2833 ὴ
1710 2778 1880 2832 μετα-

281 2863 433 2933 φορά
464 2860 613 2931 αὐτῷ
653 2860 763 2912 τῶν
794 2858 992 2922 λέξεων
1012 2857 1112 2911 οὐκ
1144 2858 1225 2919 εἰς
1252 2856 1312 2910 τὸ
1336 2855 1529 2926 χαρίεν
1560 2853 1654 2908 καὶ
1680 2868 1882 2921 γεγοη-

280 2954 550 3024 τευμένον
575 2950 977 3022 περιήνθισται,
998 2948 1111 3001 ἀλλ’
1142 2947 1319 3009 οὕτως
1348 2945 1533 3009 ἁπλῶς
1565 2946 1660 2998 καὶ
1690 2947 1884 3013 ἀπερι-

287 3045 581 3115 μερίμνως
633 3040 1146 3114 παραλαμϐάνεται.
1191 3041 1257 3092 Ὃ
1297 3038 1343 3091 δ’
1390 3038 1557 3106 ἐγγὺς
1612 3037 1706 3090 καὶ
1758 3038 1885 3099 τοὺς

285 3140 423 3208 περὶ
447 3136 613 3189 αὐτὸν
643 3134 1063 3197 ἐσπουδακότας
1095 3131 1382 3184 ἀποκναίει
1431 3129 1498 3193 ⁸⁸,
1545 3127 1734 3198 πόρρω
1790 3126 1884 3180 τοῦ

284 3200 627 3300 tricem;
659 3226 877 3294 καὶτῆς
908 3224 1260 3294 ἐγνωσμένης
1305 3222 1575 3293 ἱστορίας,
1603 3221 1636 3292 ἢ
1686 3219 1885 3292 μᾶλλον
1911 3200 1955 3262 C

284 3322 384 3374 καὶ
415 3317 587 3374 αὑτοῦ
633 3318 727 3372 τοῦ
781 3317 1156 3388 ὴπορημένου,
1204 3316 1259 3369 αἱ
1295 3314 1480 3377 λύσεις
1528 3312 1676 3383 αὐτῷ
1730 3329 1887 3381 περι-

281 3414 567 3466 νοοίνται.
598 3410 743 3483 Πλὴν
762 3410 816 3462 εἴ
843 3427 948 3463 τινι
982 3410 1137 3479 φίλον
1166 3409 1483 3476 ἀναγωγαῖς
1518 3407 1614 3460 καὶ
1630 3406 1887 3477 θεωρίαις

282 3510 383 3560 τὸν
412 3507 541 3560 νοῦν
591 3506 915 3570 ἀνελίσσειν,
945 3505 1047 3557 οὐκ
1083 3504 1149 3557 ἂν
1194 3502 1615 3571 ποικιλωτέραις
1647 3498 1755 3553 οὐδ’
1791 3500 1885 3551 ἐσο

287 3594 707 3665 πουδασμέναις
735 3594 933 3665 μᾶλλον
967 3594 1001 3665 ἢ
1031 3593 1255 3655 ταύταις
1286 3590 1595 3662 περιτύχοι.
1632 3588 1888 3656 Συλλέγει

290 3692 398 3760 μὲν
424 3690 538 3760 γὰρ
572 3690 666 3742 καὶ
689 3688 797 3740 τῶν
828 3686 934 3757 πρὸ
959 3685 1124 3739 αὑτοῦ
1156 3688 1234 3749 εἰς
1264 3684 1380 3738 ἔνια
1393 3684 1501 3737 τῶν
1527 3682 1889 3754 ἠπορημένων

285 3782 596 3852 εἰρημένα.
624 3779 986 3833 ἐπισυνάπτει
1027 3778 1084 3832 δὲ
1104 3778 1313 3848 καὶτῆς
1334 3775 1545 3829 οἴκοθεν
1575 3772 1890 3843 φιλοπονίας

290 3876 459 3929 οῦδὲν
492 3875 731 3936 ἔλαττον,
758 3875 805 3926 εἰ
842 3873 917 3945 μὴ
951 3874 1043 3925 καὶ
1076 3871 1299 3940 μᾶλλον,
1334 3869 1395 3921 τὸ
1417 3867 1692 3937 γλαφυρόν
1710 3883 1768 3919 τε
1796 3864 1893 3917 καὶ

292 3969 770 4037 περινενοημένον
824 3964 1268 4038 προῦεϐλημένα.
1299 3960 1426 4035 [504
1468 3958 1563 4031 Β.]
1607 3956 1891 4027 Πανταχοῦ

293 4058 358 4110 δὲ
386 4058 453 4110 τὸ
489 4057 718 4121 εὐσεϐὲς
758 4056 923 4109 αὐτοῦ
956 4056 1051 4109 xa‘t
1101 4054 1193 4107 τοῦ
1239 4054 1318 4117 είς
1365 4050 1604 4122 Χριστὸν
1634 4050 1798 4103 πόθου
1834 4049 1895 4103 τὸ

296 4149 553 4222 καθαρὸν
585 4150 679 4202 καὶ
704 4150 929 4219 γνήσιον
954 4146 1276 4217 διαλάμπει.

985 4422 1061 4474 PL
1072 4416 1166 4474 B".

985 4424 1028 4473 Ρ
1073 4424 1166 4474 B".

700 4511 814 4567 Τοῦ
852 4424 1384 4565 αὑτοῦιιέπιστολαὶ
1418 4503 1522 4566 κζν.

381 4611 509 4664 Ἔτι
558 4604 982 4676 ἀνεγνώσθησαν
1028 4601 1196 4655 αὐτοῦ
1233 4600 1328 4654 καὶ
1372 4598 1724 4654 Ἐπιστολαὶ
1769 4598 1901 4673 περὶ

2043 2032 2153 2087 llas
2214 2032 2379 2102 igitur
2434 2033 2644 2088 solvere
2704 2034 3033 2103 quaestiones
3079 2034 3295 2088 divinus
3346 2033 3435 2086 ille
3471 2033 3554 2084 vir

1972 2132 2031 2178 et
2093 2126 2382 2179 confessor
2446 2125 2701 2195 egregius
2777 2124 3125 2179 allaboravit.
3203 2125 3390 2178 Oratio
3447 2124 3562 2188 ejus

1975 2215 2557 2285 comprehensionibus
2623 2215 2968 2272 continenter
3030 2215 3372 2285 producitur,
3424 2228 3563 2279 gau-

1975 2308 2178 2377 detque
2257 2307 2613 2379 hyperbatis,
2700 2308 3257 2365 circumductionibus
3344 2323 3564 2377 quoque

1979 2399 2358 2468 invalescens;
2412 2401 2513 2455 etsi
2551 2402 2768 2472 proprie
2826 2401 2975 2471 loqui
3047 2400 3275 2456 minime
3327 2400 3556 2469 satagit.

1979 2492 2060 2547 Ex
2125 2493 2327 2563 quibus
2392 2509 2491 2561 per
2551 2486 2814 2564 scriptum
2892 2494 2996 2548 hoc
3061 2493 3199 2562 ejus,
3246 2502 3302 2546 et
3366 2493 3569 2547 obscu-

1981 2586 2135 2651 ritas,
2191 2594 2247 2639 et
2309 2584 2593 2641 diilicultas
2635 2587 2760 2641 illud
2811 2586 3310 2656 comprehendendi
3362 2584 3565 2654 passim

1979 2675 2241 2731 decurrit.
2281 2678 2644 2747 Asperitatem
2699 2680 2901 2735 deinde
2946 2680 3255 2734 tumidioris
3308 2679 3567 2733 dictionis

1988 2768 2277 2838 (quantum
2303 2770 2368 2822 ad
2393 2770 2847 2838 compositionem
2866 2771 3363 2839 cessationesque),
3394 2785 3489 2824 sua
3516 2770 3571 2823 in

1999 2862 2252 2917 oratione
2283 2873 2546 2925 sectatus,
2576 2879 2645 2917 ne
2673 2863 2860 2918 auditu
2898 2864 3119 2933 quidem
3154 2878 3273 2918 esse
3299 2861 3575 2928 iucundus

1988 2954 2193 3010 studet.
2232 2950 2535 3010 Verborum
2590 2955 2814 3024 insuper
2861 2956 3166 3020 translatio,
3222 2972 3571 3025 nequaquam

1993 3042 2058 3096 ad
2088 3044 2327 3112 gratiam
2379 3045 2739 3114 colligendam
2768 3047 3138 3116 Iectoremque
3186 3048 3572 3116 pellicieudum

1988 3132 2179 3189 ﬂoride
2240 3138 2542 3206 composita
2598 3151 2717 3204 est;
2771 3140 2864 3193 sed
2898 3139 3226 3209 simpliciter
3276 3148 3440 3206 atque
3488 3138 3578 3193 in-

1992 3229 2208 3283 curiose
2280 3230 2603 3284 assumitur.
2654 3229 2798 3285 ldem
2847 3240 3110 3299 prmterea
3166 3231 3249 3286 sui
3302 3231 3579 3284 studiosos

1994 3322 2386 3390 propemodum
2430 3323 2721 3376 obtundit:
2760 3324 2896 3378 adeo
2934 3322 3047 3394 (59)
3098 3324 3287 3393 procul
3334 3339 3364 3377 a
3395 3323 3578 3377 littera

1992 3421 2048 3465 et
2082 3422 2212 3467 nota
2280 3413 2528 3476 historia,
2569 3413 2687 3465 sive
2741 3413 2921 3467 notius
2950 3412 3018 3467 ab
3072 3428 3138 3467 eo
3184 3413 3323 3482 ipso,
3378 3413 3577 3483 157a

1995 3503 2142 3572 quod
2202 3504 2430 3573 petitum
2489 3516 2630 3568 erat,
2686 3505 2988 3559 somtiones
3058 3505 3235 3574 ipsius
3291 3506 3580 3560 recedunt.

1996 3592 2231 3647 Tantum
2257 3594 2302 3647 si
2335 3595 2419 3647 cui
2450 3593 2591 3649 forte
2625 3604 2837 3664 gratum
2892 3595 3208 3665 anagogicis
3242 3611 3307 3650 ac
3336 3606 3585 3651 contem-

1998 3685 2331 3753 plationibus
2351 3696 2583 3740 mentem
2616 3687 2920 3756 implicare,
2956 3702 3230 3755 nunquam
3260 3687 3304 3741 is
3330 3702 3583 3742 sanereo

1999 3778 2176 3847 periat
2200 3777 2350 3831 hisce
2377 3786 2470 3830 aut
2496 3778 2672 3847 magis
2708 3778 2885 3842 varia,
2918 3787 3010 3831 aut
3043 3778 3361 3848 diligentius
3397 3779 3585 3835 elabo-

1968 3880 2141 3923 rata.
2204 3867 2416 3923 Etenim
2457 3885 2577 3925 cum
2629 3870 2861 3926 aliorum
2920 3871 3129 3940 colligit
3182 3873 3485 3927 sententias
3528 3873 3583 3927 in

2001 3960 2183 4015 dubiis
2222 3961 2551 4029 quibusdam
2612 3962 3017 4031 pronuntiatas,
3080 3971 3192 4016 tum
3252 3971 3308 4017 et
3372 3964 3585 4032 adjicit,

2002 4066 2122 4120 quae
2154 4052 2326 4120 ipsius
2361 4052 2663 4120 diligentiae
2693 4053 2865 4108 nihilo
2914 4053 3000 4107 his
3056 4054 3350 4119 minorem,
3402 4053 3450 4108 si
3480 4068 3584 4108 nou

2004 4140 2290 4209 majorem,
2344 4143 2643 4212 praeierunt
2702 4154 3043 4198 venustatem
3075 4156 3240 4213 atque
3284 4144 3587 4209 solertiam,

2004 4232 2223 4303 Ubique
2254 4247 2436 4290 autem
2473 4237 2573 4289 viri
2609 4237 2806 4305 pietas,
2843 4244 2897 4292 et
2926 4251 3121 4307 purum
3149 4250 3590 4307 germanutuque

2005 4326 2210 4383 Christi
2249 4329 2576 4384 desiderium
2610 4330 2809 4384 elucet.

2602 4420 2804 4476 cxc1r
2837 4419 2971 4491 (ιο),

2229 4509 2489 4581 Ejusdem
2531 4511 2668 4565 beati
2704 4511 2929 4566 Maximi
2956 4510 3213 4575 Epistolas
3242 4527 3374 4567 xm.

2070 4599 2249 4656 Lectae
2282 4605 2472 4657 adhaee
2516 4606 2679 4658 variae
2717 4603 2959 4671 ejusdem
3010 4603 3269 4674 Epistulae
3318 4604 3386 4659 de
3430 4602 3597 4660 rebus

302 4704 594 4773 διαφόρων
616 4698 928 4754 ὑποθέσεων
948 4693 1287 4766 ψυχωφελῶν
1308 4693 1353 4724 θ’
1376 4711 1433 4746 τε
1464 4694 1559 4747 καὶ
1587 4692 1874 4760 ἀναγκαίωη

2011 4696 2365 4762 necessariis,
2417 4705 2475 4750 et
2505 4698 2689 4751 animo
2745 4697 2989 4764 utilibus,
3030 4698 3093 4752 iis
3145 4697 3435 4767 (maxime)
3499 4699 3597 4767 qui

302 4801 423 4861 τοῖς
453 4793 650 4866 ὀρθοῦν
676 4809 736 4844 τε
760 4790 830 4843 τὰ
855 4788 960 4861 ἢθη
994 4786 1201 4840 καὶτὸν
1235 4785 1360 4838 νοῦν
1403 4785 1745 4857 ἐγρηγορότα
1778 4801 1874 4837 συν

2010 4800 2190 4841 mores
2214 4802 2346 4842 suos
2377 4788 2672 4858 corrigere,
2728 4797 3072 4859 mentemque
3110 4789 3161 4843 in
3196 4789 3396 4859 pietate
3447 4789 3599 4844 exci-

303 4890 499 4961 τηρεῖν
537 4886 674 4958 πρὸς
698 4884 787 4917 ¹⁹³⁵⁹
816 4884 917 4953 τὴν
946 4879 1226 4933 εὐσέϐειαν
1270 4875 1759 4943 ὲσπουδακόσι,τὸν
1805 4876 1874 4946 ἀρ

2010 4885 2176 4932 tatam
2226 4893 2550 4935 conservare
2582 4880 2819 4947 student,
2864 4895 3091 4935 numero
3133 4881 3319 4952 viginti
3368 4891 3597 4951 septem.

395 5047 409 5099 i
475 5046 605 5102 ibid.
658 5043 746 5099 10.
834 5037 1023 5095 kibid.
1066 5037 1155 5094 i9.

312 5137 429 5186 nt,
458 5121 511 5174 I.

1248 5036 1268 5077 1
1297 5035 1485 5091 IPetr.
1528 5050 1606 5103 iv,
1641 5035 1729 5090 l7.
1822 5043 1865 5073 ιιι
1899 5035 2066 5092 Zach.
2100 5053 2150 5102 ν,
2193 5041 2244 5095 l.

2342 5050 2371 5078 τι
2398 5040 2566 5097 Zach.
2599 5057 2673 5109 tv,
2706 5041 2762 5097 2.
2854 5052 2881 5081 ο
2906 5042 3055 5099 Jouaa
3080 5058 3154 5107 tv,
3184 5041 3270 5095 Η.
3334 5050 3362 5090 ι)
3396 5038 3437 5095 Il
3461 5038 3599 5110 Reg.

1591 5245 1834 5301 VARUE
1874 5245 2284 5303 LECTIONES.

414 5377 464 5409 ιθ
482 5376 575 5428 τὸν
609 5375 733 5429 add.
766 5374 831 5429 Α.
905 5374 951 5406 ’⁷
977 5369 1369 5439 δυσεπίκτητον
1397 5385 1463 5439 ς.
1513 5435 1531 5439 _
1560 5365 1607 5399 ’⁸
1638 5366 1933 5439 ,ἀποκναίει
1971 5366 2377 5433 ἐσπουδακότας
2428 5386 2489 5434 ς.

318 5447 632 5516 ἀναγκαίων
680 5476 746 5487 —
766 5442 1102 5515 ψυχωφελῶν
1136 5460 1197 5507 ς.
1254 5435 1345 5472 (δ’
1375 5435 1533 5510 πρὸς]
1566 5437 1816 5507 καὶπρὸς
1842 5439 1908 5491 Α.

1846 5574 2079 5634 ΝΟΤιΈ.

392 5706 509 5773 (58)
542 5703 600 5758 1η
624 5703 837 5774 vulgata
888 5702 1127 5774 editione
1161 5700 1361 5774 legitur
1423 5697 1679 5774 columem
1711 5694 1916 5751 volans.
2101 5694 2214 5774 (40)
2259 5692 2637 5774 Distinguendi
2680 5692 2870 5774 gratia.
2901 5689 2989 5771 hic
3020 5682 3238 5774 _stellula
3270 5682 3370 5740 fuit
3400 5679 3467 5737 ad
3515 5697 3604 5739 m-

394 5762 511 5847 i39')
544 5774 657 5831 Huc
683 5762 784 5847 ego
832 5773 1153 5845 particulam
1197 5762 1377 5837 οὕτως
1416 5766 1781 5826 commodiore
1806 5782 1902 5821 or-
2012 5762 2239 5834 petitum
2269 5764 2411 5821 male
2444 5762 2733 5821 uulnerum
2768 5762 3091 5830 adjicienda.

324 5849 457 5905 dine
493 5846 526 5905 e
553 5846 836 5916 superiore
864 5859 1024 5900 versu
1058 5848 1297 5899 rteraho.

2588 5369 2634 5402 ⁹⁹
2659 5366 2998 5440 ψυχωφελ.ὦν
3025 5394 3095 5410 ——
3126 5363 3442 5432 ἀναγκαίων
3498 5362 3546 5414 Α
3576 5376 3593 5415 :
