  <div class='ocr_page' id='page_1' title='image "/cluster/home/n/w/nwhite01/storage/ocr_20150623/103:no.3/coo.31924054870070/337.png"; bbox 0 0 4022 6444; ppageno 0'>
   <div class='ocr_carea' id='block_1_1' title="bbox 534 372 640 436">
    <p class='ocr_par' dir='ltr' id='par_1_1' title="bbox 534 372 640 436">
     <span class='ocr_line' id='line_1_1' title="bbox 534 372 640 436; baseline 0 -1"><span class='ocrx_word' id='word_1_1' title='bbox 534 372 640 436; x_wconf 72' lang='lat'><strong>647</strong></span> 
     </span>
    </p>
   </div>
   <div class='ocr_carea' id='block_1_2' title="bbox 1670 358 3755 437">
    <p class='ocr_par' dir='ltr' id='par_1_2' title="bbox 1670 358 3755 437">
     <span class='ocr_line' id='line_1_2' title="bbox 1670 358 3755 437; baseline -0.002 -15"><span class='ocrx_word' id='word_1_2' title='bbox 1670 362 1937 422; x_wconf 68' lang='lat' dir='ltr'><strong>worn</strong></span> <span class='ocrx_word' id='word_1_3' title='bbox 1978 358 2495 422; x_wconf 69' lang='lat' dir='ltr'><strong>PATRIARCIIZE</strong></span> <span class='ocrx_word' id='word_1_4' title='bbox 2524 359 2633 420; x_wconf 87' lang='lat' dir='ltr'><strong>CP.</strong></span> <span class='ocrx_word' id='word_1_5' title='bbox 3668 373 3755 437; x_wconf 56' lang='grc' dir='ltr'>διε</span> 
     </span>
    </p>
   </div>
   <div class='ocr_carea' id='block_1_3' title="bbox 538 468 2140 555">
    <p class='ocr_par' dir='ltr' id='par_1_3' title="bbox 538 475 2136 549">
     <span class='ocr_line' id='line_1_3' title="bbox 538 475 2136 549; baseline -0.007 -11"><span class='ocrx_word' id='word_1_6' title='bbox 538 485 738 538; x_wconf 87' lang='lat' dir='ltr'><strong>llarnm</strong></span> <span class='ocrx_word' id='word_1_7' title='bbox 760 490 878 536; x_wconf 83' lang='lat' dir='ltr'><strong>erat</strong></span> <span class='ocrx_word' id='word_1_8' title='bbox 898 495 1004 534; x_wconf 88' lang='lat' dir='ltr'><strong>una</strong></span> <span class='ocrx_word' id='word_1_9' title='bbox 1030 493 1164 534; x_wconf 86' lang='lat' dir='ltr'><strong>nene</strong></span> <span class='ocrx_word' id='word_1_10' title='bbox 1202 477 1357 549; x_wconf 70' lang='lat' dir='ltr'><strong>longa</strong></span> <span class='ocrx_word' id='word_1_11' title='bbox 1376 477 1442 530; x_wconf 82' lang='lat' dir='ltr'><strong>ad</strong></span> <span class='ocrx_word' id='word_1_12' title='bbox 1475 475 1736 531; x_wconf 85' lang='lat' dir='ltr'><strong>Joannem</strong></span> <span class='ocrx_word' id='word_1_13' title='bbox 1761 476 2136 545; x_wconf 88' lang='lat' dir='ltr'><strong>philosophum</strong></span> 
     </span>
    </p>
   </div>
   <div class='ocr_carea' id='block_1_4' title="bbox 2244 468 3757 555">
    <p class='ocr_par' dir='ltr' id='par_1_4' title="bbox 2244 468 3757 555">
     <span class='ocr_line' id='line_1_4' title="bbox 2244 468 3757 555; baseline -0.003 -25"><span class='ocrx_word' id='word_1_14' title='bbox 2244 477 2377 548; x_wconf 79' lang='grc' dir='ltr'>θμδν</span> <span class='ocrx_word' id='word_1_15' title='bbox 2406 476 2449 540; x_wconf 76' lang='grc' dir='ltr'><strong>ζ’</strong></span> <span class='ocrx_word' id='word_1_16' title='bbox 2484 476 2579 531; x_wconf 75' lang='grc' dir='ltr'>καὶ</span> <span class='ocrx_word' id='word_1_17' title='bbox 2603 473 2672 530; x_wconf 83' lang='grc' dir='ltr'><strong>κ’.</strong></span> <span class='ocrx_word' id='word_1_18' title='bbox 2701 468 2803 527; x_wconf 80' lang='grc' dir='ltr'>Ὧν</span> <span class='ocrx_word' id='word_1_19' title='bbox 2829 468 2899 545; x_wconf 81' lang='grc' dir='ltr'>ἦν</span> <span class='ocrx_word' id='word_1_20' title='bbox 2926 472 3026 544; x_wconf 91' lang='grc' dir='ltr'><strong>μία</strong></span> <span class='ocrx_word' id='word_1_21' title='bbox 3052 470 3389 543; x_wconf 82' lang='grc' dir='ltr'>πολύστιχος,</span> <span class='ocrx_word' id='word_1_22' title='bbox 3426 474 3553 551; x_wconf 77' lang='grc' dir='ltr'>[καὶ]</span> <span class='ocrx_word' id='word_1_23' title='bbox 3583 483 3615 552; x_wconf 70' lang='grc' dir='ltr'><strong>ἡ</strong></span> <span class='ocrx_word' id='word_1_24' title='bbox 3642 490 3757 555; x_wconf 65' lang='grc' dir='ltr'>πρός</span> 
     </span>
    </p>
   </div>
   <div class='ocr_carea' id='block_1_5' title="bbox 541 564 2121 639">
    <p class='ocr_par' dir='ltr' id='par_1_5' title="bbox 541 564 2121 639">
     <span class='ocr_line' id='line_1_5' title="bbox 541 564 2121 639; baseline -0.007 -10"><span class='ocrx_word' id='word_1_25' title='bbox 541 577 704 629; x_wconf 82' lang='lat' dir='ltr'><strong>missa</strong></span> <span class='ocrx_word' id='word_1_26' title='bbox 739 590 754 627; x_wconf 93' lang='lat'><strong>:</strong></span> <span class='ocrx_word' id='word_1_27' title='bbox 786 574 942 639; x_wconf 86' lang='lat' dir='ltr'><strong>cujus</strong></span> <span class='ocrx_word' id='word_1_28' title='bbox 973 573 1088 625; x_wconf 73' lang='lat' dir='ltr'><strong>haec</strong></span> <span class='ocrx_word' id='word_1_29' title='bbox 1124 571 1238 624; x_wconf 83' lang='lat' dir='ltr'><strong>fere</strong></span> <span class='ocrx_word' id='word_1_30' title='bbox 1281 570 1457 636; x_wconf 87' lang='lat' dir='ltr'><strong>capita</strong></span> <span class='ocrx_word' id='word_1_31' title='bbox 1492 566 1629 639; x_wconf 65' lang='lat'><strong>(40‘)</strong></span> <span class='ocrx_word' id='word_1_32' title='bbox 1666 586 1679 621; x_wconf 93' lang='lat'><strong>:</strong></span> <span class='ocrx_word' id='word_1_33' title='bbox 1717 567 1984 626; x_wconf 87' lang='lat' dir='ltr'><strong>Primum.</strong></span> <span class='ocrx_word' id='word_1_34' title='bbox 2025 564 2121 619; x_wconf 73' lang='lat' dir='ltr'><strong>In-</strong></span> 
     </span>
    </p>
   </div>
   <div class='ocr_carea' id='block_1_6' title="bbox 537 659 2123 735">
    <p class='ocr_par' dir='ltr' id='par_1_6' title="bbox 537 659 2123 735">
     <span class='ocr_line' id='line_1_6' title="bbox 537 659 2123 735; baseline -0.006 -16"><span class='ocrx_word' id='word_1_35' title='bbox 537 665 783 735; x_wconf 89' lang='lat' dir='ltr'><strong>crepatio</strong></span> <span class='ocrx_word' id='word_1_36' title='bbox 835 677 1048 726; x_wconf 88' lang='lat' dir='ltr'><strong>eorum,</strong></span> <span class='ocrx_word' id='word_1_37' title='bbox 1090 660 1204 729; x_wconf 71' lang='lat' dir='ltr'><strong>lqui</strong></span> <span class='ocrx_word' id='word_1_38' title='bbox 1261 659 1643 713; x_wconf 63' lang='lat' dir='ltr'><strong>haereticorum</strong></span> <span class='ocrx_word' id='word_1_39' title='bbox 1697 668 2019 721; x_wconf 67' lang='lat' dir='ltr'><strong>sectatores,</strong></span> <span class='ocrx_word' id='word_1_40' title='bbox 2058 672 2123 710; x_wconf 85' lang='lat' dir='ltr'><strong>ac</strong></span> 
     </span>
    </p>
   </div>
   <div class='ocr_carea' id='block_1_7' title="bbox 543 752 2124 828">
    <p class='ocr_par' dir='ltr' id='par_1_7' title="bbox 543 752 2124 828">
     <span class='ocr_line' id='line_1_7' title="bbox 543 752 2124 828; baseline -0.005 -16"><span class='ocrx_word' id='word_1_41' title='bbox 543 758 890 828; x_wconf 88' lang='lat' dir='ltr'><strong>potissimum</strong></span> <span class='ocrx_word' id='word_1_42' title='bbox 932 755 1143 819; x_wconf 81' lang='lat' dir='ltr'><strong>Severi,</strong></span> <span class='ocrx_word' id='word_1_43' title='bbox 1196 752 1566 808; x_wconf 81' lang='lat' dir='ltr'><strong>defendendos</strong></span> <span class='ocrx_word' id='word_1_44' title='bbox 1619 762 2002 821; x_wconf 77' lang='lat' dir='ltr'><strong>susceperunt.</strong></span> <span class='ocrx_word' id='word_1_45' title='bbox 2030 752 2124 805; x_wconf 66' lang='lat' dir='ltr'><strong>Al-</strong></span> 
     </span>
    </p>
   </div>
   <div class='ocr_carea' id='block_1_8' title="bbox 545 845 2125 917">
    <p class='ocr_par' dir='ltr' id='par_1_8' title="bbox 545 845 2125 917">
     <span class='ocr_line' id='line_1_8' title="bbox 545 845 2125 917; baseline -0.006 -12"><span class='ocrx_word' id='word_1_46' title='bbox 545 862 724 906; x_wconf 86' lang='lat' dir='ltr'><strong>terum</strong></span> <span class='ocrx_word' id='word_1_47' title='bbox 766 850 981 912; x_wconf 89' lang='lat' dir='ltr'><strong>deinde,</strong></span> <span class='ocrx_word' id='word_1_48' title='bbox 1029 850 1295 917; x_wconf 83' lang='lat' dir='ltr'><strong>Oportere</strong></span> <span class='ocrx_word' id='word_1_49' title='bbox 1323 847 1470 899; x_wconf 90' lang='lat' dir='ltr'><strong>omni</strong></span> <span class='ocrx_word' id='word_1_50' title='bbox 1503 845 1711 899; x_wconf 89' lang='lat' dir='ltr'><strong>ratione</strong></span> <span class='ocrx_word' id='word_1_51' title='bbox 1741 846 1987 897; x_wconf 81' lang='lat' dir='ltr'><strong>traditam</strong></span> <span class='ocrx_word' id='word_1_52' title='bbox 2031 860 2125 896; x_wconf 87' lang='lat' dir='ltr'><strong>no-</strong></span> 
     </span>
    </p>
   </div>
   <div class='ocr_carea' id='block_1_9' title="bbox 542 935 2127 1008">
    <p class='ocr_par' dir='ltr' id='par_1_9' title="bbox 542 935 2127 1008">
     <span class='ocr_line' id='line_1_9' title="bbox 542 935 2127 1008; baseline -0.004 -13"><span class='ocrx_word' id='word_1_53' title='bbox 542 944 627 995; x_wconf 88' lang='lat' dir='ltr'><strong>bis</strong></span> <span class='ocrx_word' id='word_1_54' title='bbox 676 943 1045 1008; x_wconf 71' lang='lat' dir='ltr'><strong>incorruptam</strong></span> <span class='ocrx_word' id='word_1_55' title='bbox 1076 953 1299 991; x_wconf 88' lang='lat' dir='ltr'><strong>servare</strong></span> <span class='ocrx_word' id='word_1_56' title='bbox 1352 936 1699 1007; x_wconf 78' lang='lat' dir='ltr'><strong>religionem.</strong></span> <span class='ocrx_word' id='word_1_57' title='bbox 1752 935 2019 1000; x_wconf 82' lang='lat' dir='ltr'><strong>Tertium,</strong></span> <span class='ocrx_word' id='word_1_58' title='bbox 2051 936 2127 989; x_wconf 87' lang='lat' dir='ltr'><strong>De</strong></span> 
     </span>
    </p>
   </div>
   <div class='ocr_carea' id='block_1_10' title="bbox 541 1028 2125 1099">
    <p class='ocr_par' dir='ltr' id='par_1_10' title="bbox 541 1028 2125 1099">
     <span class='ocr_line' id='line_1_10' title="bbox 541 1028 2125 1099; baseline -0.001 -13"><span class='ocrx_word' id='word_1_59' title='bbox 541 1031 870 1095; x_wconf 82' lang='lat' dir='ltr'><strong>diﬂ&#39;erentia,</strong></span> <span class='ocrx_word' id='word_1_60' title='bbox 898 1045 1115 1099; x_wconf 85' lang='lat' dir='ltr'><strong>quaque</strong></span> <span class='ocrx_word' id='word_1_61' title='bbox 1147 1030 1358 1083; x_wconf 87' lang='lat' dir='ltr'><strong>ratione</strong></span> <span class='ocrx_word' id='word_1_62' title='bbox 1393 1029 1642 1083; x_wconf 79' lang='lat' dir='ltr'><strong>conliteri</strong></span> <span class='ocrx_word' id='word_1_63' title='bbox 1671 1028 1757 1099; x_wconf 90' lang='lat' dir='ltr'><strong>pie</strong></span> <span class='ocrx_word' id='word_1_64' title='bbox 1784 1028 1967 1091; x_wconf 77' lang='lat' dir='ltr'><strong>liceat,</strong></span> <span class='ocrx_word' id='word_1_65' title='bbox 1994 1029 2125 1084; x_wconf 83' lang='lat' dir='ltr'><strong>duas</strong></span> 
     </span>
    </p>
   </div>
   <div class='ocr_carea' id='block_1_11' title="bbox 553 1117 2123 1190">
    <p class='ocr_par' dir='ltr' id='par_1_11' title="bbox 553 1117 2123 1190">
     <span class='ocr_line' id='line_1_11' title="bbox 553 1117 2123 1190; baseline -0.005 -14"><span class='ocrx_word' id='word_1_66' title='bbox 553 1126 604 1176; x_wconf 90' lang='lat' dir='ltr'><strong>in</strong></span> <span class='ocrx_word' id='word_1_67' title='bbox 667 1122 886 1176; x_wconf 86' lang='lat' dir='ltr'><strong>Christo</strong></span> <span class='ocrx_word' id='word_1_68' title='bbox 940 1131 1063 1190; x_wconf 90' lang='lat' dir='ltr'><strong>post</strong></span> <span class='ocrx_word' id='word_1_69' title='bbox 1113 1119 1375 1172; x_wconf 83' lang='lat' dir='ltr'><strong>unionem</strong></span> <span class='ocrx_word' id='word_1_70' title='bbox 1404 1128 1650 1171; x_wconf 88' lang='lat' dir='ltr'><strong>naturas.</strong></span> <span class='ocrx_word' id='word_1_71' title='bbox 1708 1117 1970 1182; x_wconf 84' lang='lat' dir='ltr'><strong>Quartum</strong></span> <span class='ocrx_word' id='word_1_72' title='bbox 2020 1125 2123 1180; x_wconf 90' lang='lat' dir='ltr'><strong>est,</strong></span> 
     </span>
    </p>
   </div>
   <div class='ocr_carea' id='block_1_12' title="bbox 543 1208 2126 1282">
    <p class='ocr_par' dir='ltr' id='par_1_12' title="bbox 543 1208 2126 1282">
     <span class='ocr_line' id='line_1_12' title="bbox 543 1208 2126 1282; baseline -0.007 -11"><span class='ocrx_word' id='word_1_73' title='bbox 543 1218 843 1271; x_wconf 84' lang='lat' dir='ltr'><strong>Numeer</strong></span> <span class='ocrx_word' id='word_1_74' title='bbox 878 1229 1054 1282; x_wconf 90' lang='lat' dir='ltr'><strong>neque</strong></span> <span class='ocrx_word' id='word_1_75' title='bbox 1085 1212 1351 1273; x_wconf 80' lang='lat' dir='ltr'><strong>dividere,</strong></span> <span class='ocrx_word' id='word_1_76' title='bbox 1410 1224 1584 1278; x_wconf 88' lang='lat' dir='ltr'><strong>neque</strong></span> <span class='ocrx_word' id='word_1_77' title='bbox 1624 1209 1819 1272; x_wconf 86' lang='lat' dir='ltr'><strong>dividi,</strong></span> <span class='ocrx_word' id='word_1_78' title='bbox 1849 1223 1949 1263; x_wconf 88' lang='lat' dir='ltr'><strong>nec</strong></span> <span class='ocrx_word' id='word_1_79' title='bbox 1987 1208 2126 1262; x_wconf 89' lang='lat' dir='ltr'><strong>divi-</strong></span> 
     </span>
    </p>
   </div>
   <div class='ocr_carea' id='block_1_13' title="bbox 545 1302 2122 1370">
    <p class='ocr_par' dir='ltr' id='par_1_13' title="bbox 545 1302 2122 1370">
     <span class='ocr_line' id='line_1_13' title="bbox 545 1302 2122 1370; baseline -0.006 -8"><span class='ocrx_word' id='word_1_80' title='bbox 545 1311 756 1363; x_wconf 84' lang='lat' dir='ltr'><strong>sionem</strong></span> <span class='ocrx_word' id='word_1_81' title='bbox 803 1308 855 1361; x_wconf 91' lang='lat' dir='ltr'><strong>in</strong></span> <span class='ocrx_word' id='word_1_82' title='bbox 893 1307 1208 1359; x_wconf 85' lang='lat' dir='ltr'><strong>universum</strong></span> <span class='ocrx_word' id='word_1_83' title='bbox 1274 1303 1440 1356; x_wconf 83' lang='lat' dir='ltr'><strong>ullam</strong></span> <span class='ocrx_word' id='word_1_84' title='bbox 1492 1304 1790 1356; x_wconf 85' lang='lat' dir='ltr'><strong>secundum</strong></span> <span class='ocrx_word' id='word_1_85' title='bbox 1844 1302 2122 1370; x_wconf 81' lang='lat' dir='ltr'><strong>propriam</strong></span> 
     </span>
    </p>
   </div>
   <div class='ocr_carea' id='block_1_14' title="bbox 544 1385 2127 1465">
    <p class='ocr_par' dir='ltr' id='par_1_14' title="bbox 544 1385 2127 1465">
     <span class='ocr_line' id='line_1_14' title="bbox 544 1385 2127 1465; baseline -0.008 -8"><span class='ocrx_word' id='word_1_86' title='bbox 544 1404 816 1457; x_wconf 84' lang='lat' dir='ltr'><strong>rationem</strong></span> <span class='ocrx_word' id='word_1_87' title='bbox 881 1400 1080 1454; x_wconf 78' lang='lat' dir='ltr'><strong>all‘erre</strong></span> <span class='ocrx_word' id='word_1_88' title='bbox 1144 1399 1231 1463; x_wconf 89' lang='lat' dir='ltr'><strong>iis,</strong></span> <span class='ocrx_word' id='word_1_89' title='bbox 1298 1398 1493 1465; x_wconf 79' lang='lat' dir='ltr'><strong>quibus</strong></span> <span class='ocrx_word' id='word_1_90' title='bbox 1548 1396 1785 1450; x_wconf 81' lang='lat' dir='ltr'><strong>additur.</strong></span> <span class='ocrx_word' id='word_1_91' title='bbox 1841 1385 2127 1459; x_wconf 80' lang='lat' dir='ltr'><strong>Quintum,</strong></span> 
     </span>
    </p>
   </div>
   <div class='ocr_carea' id='block_1_15' title="bbox 549 1491 2127 1566">
    <p class='ocr_par' dir='ltr' id='par_1_15' title="bbox 549 1491 2127 1566">
     <span class='ocr_line' id='line_1_15' title="bbox 549 1491 2127 1566; baseline -0.005 -15"><span class='ocrx_word' id='word_1_92' title='bbox 549 1498 837 1565; x_wconf 83' lang='lat' dir='ltr'><strong>Quomodo</strong></span> <span class='ocrx_word' id='word_1_93' title='bbox 872 1498 960 1566; x_wconf 94' lang='lat' dir='ltr'><strong>pie</strong></span> <span class='ocrx_word' id='word_1_94' title='bbox 1002 1510 1264 1548; x_wconf 90' lang='lat' dir='ltr'><strong>numerus</strong></span> <span class='ocrx_word' id='word_1_95' title='bbox 1291 1495 1357 1547; x_wconf 89' lang='lat' dir='ltr'><strong>ad</strong></span> <span class='ocrx_word' id='word_1_96' title='bbox 1382 1493 1722 1548; x_wconf 83' lang='lat' dir='ltr'><strong>indicandam</strong></span> <span class='ocrx_word' id='word_1_97' title='bbox 1769 1491 2127 1544; x_wconf 75' lang='lat' dir='ltr'><strong>dilferentiam</strong></span> 
     </span>
    </p>
   </div>
   <div class='ocr_carea' id='block_1_16' title="bbox 543 1584 2129 1655">
    <p class='ocr_par' dir='ltr' id='par_1_16' title="bbox 543 1584 2129 1655">
     <span class='ocr_line' id='line_1_16' title="bbox 543 1584 2129 1655; baseline -0.005 -11"><span class='ocrx_word' id='word_1_98' title='bbox 543 1591 890 1645; x_wconf 83' lang='lat' dir='ltr'><strong>adhibeatur.</strong></span> <span class='ocrx_word' id='word_1_99' title='bbox 918 1588 1170 1652; x_wconf 79' lang='lat' dir='ltr'><strong>Sextum,</strong></span> <span class='ocrx_word' id='word_1_100' title='bbox 1207 1587 1491 1653; x_wconf 80' lang='lat' dir='ltr'><strong>Quomodo</strong></span> <span class='ocrx_word' id='word_1_101' title='bbox 1521 1585 1667 1639; x_wconf 83' lang='lat' dir='ltr'><strong>beati</strong></span> <span class='ocrx_word' id='word_1_102' title='bbox 1708 1584 1895 1655; x_wconf 86' lang='lat' dir='ltr'><strong>Cyrilli</strong></span> <span class='ocrx_word' id='word_1_103' title='bbox 1926 1584 2129 1638; x_wconf 90' lang='lat' dir='ltr'><strong>dictum</strong></span> 
     </span>
    </p>
   </div>
   <div class='ocr_carea' id='block_1_17' title="bbox 542 1676 2129 1753">
    <p class='ocr_par' dir='ltr' id='par_1_17' title="bbox 542 1676 2129 1753">
     <span class='ocr_line' id='line_1_17' title="bbox 542 1676 2129 1753; baseline -0.006 -15"><span class='ocrx_word' id='word_1_104' title='bbox 542 1683 773 1753; x_wconf 88' lang='lat' dir='ltr'><strong>epistola</strong></span> <span class='ocrx_word' id='word_1_105' title='bbox 803 1683 870 1736; x_wconf 87' lang='lat' dir='ltr'><strong>ad</strong></span> <span class='ocrx_word' id='word_1_106' title='bbox 899 1681 1233 1735; x_wconf 89' lang='lat' dir='ltr'><strong>Succensum</strong></span> <span class='ocrx_word' id='word_1_107' title='bbox 1273 1680 1345 1734; x_wconf 84' lang='lat' dir='ltr'><strong>sit</strong></span> <span class='ocrx_word' id='word_1_108' title='bbox 1367 1679 1781 1749; x_wconf 87' lang='lat' dir='ltr'><strong>accipiendum.</strong></span> <span class='ocrx_word' id='word_1_109' title='bbox 1812 1676 1929 1731; x_wconf 86' lang='lat' dir='ltr'><strong>Non</strong></span> <span class='ocrx_word' id='word_1_110' title='bbox 1964 1678 2129 1730; x_wconf 89' lang='lat' dir='ltr'><strong>etiam</strong></span> 
     </span>
    </p>
   </div>
   <div class='ocr_carea' id='block_1_18' title="bbox 547 1769 2127 1845">
    <p class='ocr_par' dir='ltr' id='par_1_18' title="bbox 547 1769 2127 1845">
     <span class='ocr_line' id='line_1_18' title="bbox 547 1769 2127 1845; baseline -0.005 -17"><span class='ocrx_word' id='word_1_111' title='bbox 547 1789 791 1845; x_wconf 74' lang='lat' dir='ltr'><strong>pugnare</strong></span> <span class='ocrx_word' id='word_1_112' title='bbox 819 1775 960 1827; x_wconf 86' lang='lat' dir='ltr'><strong>hanc</strong></span> <span class='ocrx_word' id='word_1_113' title='bbox 990 1788 1176 1827; x_wconf 87' lang='lat' dir='ltr'><strong>vocem</strong></span> <span class='ocrx_word' id='word_1_114' title='bbox 1199 1773 1252 1825; x_wconf 83' lang='lat' dir='ltr'><strong>in</strong></span> <span class='ocrx_word' id='word_1_115' title='bbox 1281 1770 1508 1833; x_wconf 74' lang='lat' dir='ltr'><strong>duabus,</strong></span> <span class='ocrx_word' id='word_1_116' title='bbox 1536 1786 1657 1823; x_wconf 92' lang='lat' dir='ltr'><strong>cum</strong></span> <span class='ocrx_word' id='word_1_117' title='bbox 1687 1770 1771 1833; x_wconf 84' lang='lat' dir='ltr'><strong>iis,</strong></span> <span class='ocrx_word' id='word_1_118' title='bbox 1815 1769 1904 1837; x_wconf 91' lang='lat' dir='ltr'><strong>qui</strong></span> <span class='ocrx_word' id='word_1_119' title='bbox 1934 1769 2127 1823; x_wconf 88' lang='lat' dir='ltr'><strong>dicunt</strong></span> 
     </span>
    </p>
   </div>
   <div class='ocr_carea' id='block_1_19' title="bbox 548 1860 2131 1926">
    <p class='ocr_par' dir='ltr' id='par_1_19' title="bbox 548 1860 2131 1926">
     <span class='ocr_line' id='line_1_19' title="bbox 548 1860 2131 1926; baseline -0.003 -7"><span class='ocrx_word' id='word_1_120' title='bbox 548 1881 711 1920; x_wconf 89' lang='lat' dir='ltr'><strong>unam</strong></span> <span class='ocrx_word' id='word_1_121' title='bbox 738 1864 899 1919; x_wconf 89' lang='lat' dir='ltr'><strong>Verbi</strong></span> <span class='ocrx_word' id='word_1_122' title='bbox 934 1874 1181 1918; x_wconf 89' lang='lat' dir='ltr'><strong>naturam</strong></span> <span class='ocrx_word' id='word_1_123' title='bbox 1212 1878 1435 1916; x_wconf 86' lang='lat' dir='ltr'><strong>carnem</strong></span> <span class='ocrx_word' id='word_1_124' title='bbox 1484 1877 1606 1915; x_wconf 90' lang='lat' dir='ltr'><strong>esse</strong></span> <span class='ocrx_word' id='word_1_125' title='bbox 1664 1860 1886 1926; x_wconf 69' lang='lat' dir='ltr'><strong>factam,</strong></span> <span class='ocrx_word' id='word_1_126' title='bbox 1931 1861 2034 1914; x_wconf 90' lang='lat' dir='ltr'><strong>nisi</strong></span> <span class='ocrx_word' id='word_1_127' title='bbox 2065 1876 2131 1914; x_wconf 76' lang='lat' dir='ltr'><strong>ex</strong></span> 
     </span>
    </p>
   </div>
   <div class='ocr_carea' id='block_1_20' title="bbox 551 1952 2136 2027">
    <p class='ocr_par' dir='ltr' id='par_1_20' title="bbox 551 1952 2136 2027">
     <span class='ocr_line' id='line_1_20' title="bbox 551 1952 2136 2027; baseline -0.006 -13"><span class='ocrx_word' id='word_1_128' title='bbox 551 1960 819 2027; x_wconf 90' lang='lat' dir='ltr'><strong>opinione</strong></span> <span class='ocrx_word' id='word_1_129' title='bbox 841 1955 1077 2013; x_wconf 86' lang='lat' dir='ltr'><strong>Nestorii</strong></span> <span class='ocrx_word' id='word_1_130' title='bbox 1104 1956 1269 2024; x_wconf 90' lang='lat' dir='ltr'><strong>impie</strong></span> <span class='ocrx_word' id='word_1_131' title='bbox 1294 1965 1561 2008; x_wconf 87' lang='lat' dir='ltr'><strong>sumatur.</strong></span> <span class='ocrx_word' id='word_1_132' title='bbox 1594 1952 1921 2020; x_wconf 88' lang='lat' dir='ltr'><strong>Septimum,</strong></span> <span class='ocrx_word' id='word_1_133' title='bbox 1948 1967 2136 2004; x_wconf 89' lang='lat' dir='ltr'><strong>rerum</strong></span> 
     </span>
    </p>
   </div>
   <div class='ocr_carea' id='block_1_21' title="bbox 545 2044 2137 2117">
    <p class='ocr_par' dir='ltr' id='par_1_21' title="bbox 545 2044 2137 2117">
     <span class='ocr_line' id='line_1_21' title="bbox 545 2044 2137 2117; baseline -0.007 -10"><span class='ocrx_word' id='word_1_134' title='bbox 545 2054 662 2107; x_wconf 84' lang='lat' dir='ltr'><strong>sive</strong></span> <span class='ocrx_word' id='word_1_135' title='bbox 687 2050 1115 2105; x_wconf 85' lang='lat' dir='ltr'><strong>substantiarum</strong></span> <span class='ocrx_word' id='word_1_136' title='bbox 1133 2048 1247 2117; x_wconf 78' lang='grc'><strong>(41)</strong></span> <span class='ocrx_word' id='word_1_137' title='bbox 1277 2049 1327 2100; x_wconf 92' lang='lat' dir='ltr'><strong>in</strong></span> <span class='ocrx_word' id='word_1_138' title='bbox 1350 2047 1591 2112; x_wconf 82' lang='lat' dir='ltr'><strong>Christo,</strong></span> <span class='ocrx_word' id='word_1_139' title='bbox 1616 2061 1738 2100; x_wconf 87' lang='lat' dir='ltr'><strong>esse</strong></span> <span class='ocrx_word' id='word_1_140' title='bbox 1755 2044 2137 2105; x_wconf 77' lang='lat' dir='ltr'><strong>diﬂ&#39;erentiam,</strong></span> 
     </span>
    </p>
   </div>
   <div class='ocr_carea' id='block_1_22' title="bbox 546 2135 2142 2212">
    <p class='ocr_par' dir='ltr' id='par_1_22' title="bbox 546 2135 2142 2212">
     <span class='ocr_line' id='line_1_22' title="bbox 546 2135 2142 2212; baseline -0.006 -15"><span class='ocrx_word' id='word_1_141' title='bbox 546 2159 655 2197; x_wconf 90' lang='lat' dir='ltr'><strong>non</strong></span> <span class='ocrx_word' id='word_1_142' title='bbox 691 2141 1059 2212; x_wconf 88' lang='lat' dir='ltr'><strong>qualitatum;</strong></span> <span class='ocrx_word' id='word_1_143' title='bbox 1108 2154 1437 2207; x_wconf 87' lang='lat' dir='ltr'><strong>omnemque</strong></span> <span class='ocrx_word' id='word_1_144' title='bbox 1484 2138 1622 2191; x_wconf 85' lang='lat' dir='ltr'><strong>adeo</strong></span> <span class='ocrx_word' id='word_1_145' title='bbox 1661 2135 2021 2190; x_wconf 72' lang='lat' dir='ltr'><strong>differentiam</strong></span> <span class='ocrx_word' id='word_1_146' title='bbox 2046 2149 2142 2188; x_wconf 86' lang='lat' dir='ltr'><strong>ne-</strong></span> 
     </span>
    </p>
   </div>
   <div class='ocr_carea' id='block_1_23' title="bbox 546 2232 2138 2302">
    <p class='ocr_par' dir='ltr' id='par_1_23' title="bbox 546 2232 2138 2302">
     <span class='ocr_line' id='line_1_23' title="bbox 546 2232 2138 2302; baseline -0.009 -11"><span class='ocrx_word' id='word_1_147' title='bbox 546 2236 809 2291; x_wconf 87' lang='lat' dir='ltr'><strong>cessitate</strong></span> <span class='ocrx_word' id='word_1_148' title='bbox 829 2234 1065 2302; x_wconf 88' lang='lat' dir='ltr'><strong>qnadam</strong></span> <span class='ocrx_word' id='word_1_149' title='bbox 1081 2232 1352 2285; x_wconf 88' lang='lat' dir='ltr'><strong>adducere</strong></span> <span class='ocrx_word' id='word_1_150' title='bbox 1370 2243 1551 2283; x_wconf 82' lang='lat' dir='ltr'><strong>secum</strong></span> <span class='ocrx_word' id='word_1_151' title='bbox 1572 2243 1761 2281; x_wconf 91' lang='lat' dir='ltr'><strong>eorum</strong></span> <span class='ocrx_word' id='word_1_152' title='bbox 1779 2242 2008 2297; x_wconf 89' lang='lat' dir='ltr'><strong>quorum</strong></span> <span class='ocrx_word' id='word_1_153' title='bbox 2034 2237 2138 2291; x_wconf 87' lang='lat' dir='ltr'><strong>est,</strong></span> 
     </span>
    </p>
   </div>
   <div class='ocr_carea' id='block_1_24' title="bbox 548 2319 2142 2396">
    <p class='ocr_par' dir='ltr' id='par_1_24' title="bbox 548 2319 2142 2396">
     <span class='ocr_line' id='line_1_24' title="bbox 548 2319 2142 2396; baseline -0.005 -16"><span class='ocrx_word' id='word_1_154' title='bbox 548 2327 905 2396; x_wconf 87' lang='lat' dir='ltr'><strong>quantitatem</strong></span> <span class='ocrx_word' id='word_1_155' title='bbox 932 2343 944 2380; x_wconf 91' lang='lat'><strong>:</strong></span> <span class='ocrx_word' id='word_1_156' title='bbox 978 2324 1434 2395; x_wconf 84' lang='lat' dir='ltr'><strong>quemadmodum</strong></span> <span class='ocrx_word' id='word_1_157' title='bbox 1469 2336 1680 2374; x_wconf 88' lang='lat' dir='ltr'><strong>rursum</strong></span> <span class='ocrx_word' id='word_1_158' title='bbox 1706 2321 1981 2389; x_wconf 87' lang='lat' dir='ltr'><strong>quantitas</strong></span> <span class='ocrx_word' id='word_1_159' title='bbox 2005 2319 2142 2388; x_wconf 76' lang='lat' dir='ltr'><strong>(sive</strong></span> 
     </span>
    </p>
   </div>
   <div class='ocr_carea' id='block_1_25' title="bbox 548 2412 2142 2485">
    <p class='ocr_par' dir='ltr' id='par_1_25' title="bbox 548 2412 2142 2485">
     <span class='ocr_line' id='line_1_25' title="bbox 548 2412 2142 2485; baseline -0.007 -12"><span class='ocrx_word' id='word_1_160' title='bbox 548 2418 810 2473; x_wconf 83' lang='lat' dir='ltr'><strong>continua</strong></span> <span class='ocrx_word' id='word_1_161' title='bbox 845 2418 934 2472; x_wconf 81' lang='lat' dir='ltr'><strong>illa</strong></span> <span class='ocrx_word' id='word_1_162' title='bbox 964 2419 1057 2480; x_wconf 89' lang='lat' dir='ltr'><strong>sit,</strong></span> <span class='ocrx_word' id='word_1_163' title='bbox 1084 2419 1200 2471; x_wconf 88' lang='lat' dir='ltr'><strong>sive</strong></span> <span class='ocrx_word' id='word_1_164' title='bbox 1238 2412 1497 2485; x_wconf 77' lang='lat' dir='ltr'><strong>discreta)</strong></span> <span class='ocrx_word' id='word_1_165' title='bbox 1545 2428 1829 2466; x_wconf 82' lang='lat' dir='ltr'><strong>numerum</strong></span> <span class='ocrx_word' id='word_1_166' title='bbox 1876 2427 1935 2465; x_wconf 84' lang='lat' dir='ltr'><strong>se</strong></span> <span class='ocrx_word' id='word_1_167' title='bbox 1955 2412 2142 2482; x_wconf 84' lang='lat' dir='ltr'><strong>expri-</strong></span> 
     </span>
    </p>
   </div>
   <div class='ocr_carea' id='block_1_26' title="bbox 547 2499 2141 2571">
    <p class='ocr_par' dir='ltr' id='par_1_26' title="bbox 547 2499 2141 2571">
     <span class='ocr_line' id='line_1_26' title="bbox 547 2499 2141 2571; baseline -0.008 -7"><span class='ocrx_word' id='word_1_168' title='bbox 547 2518 801 2565; x_wconf 88' lang='lat' dir='ltr'><strong>mentem</strong></span> <span class='ocrx_word' id='word_1_169' title='bbox 861 2506 1106 2562; x_wconf 81' lang='lat' dir='ltr'><strong>adducit.</strong></span> <span class='ocrx_word' id='word_1_170' title='bbox 1146 2506 1436 2568; x_wconf 83' lang='lat' dir='ltr'><strong>Octavum,</strong></span> <span class='ocrx_word' id='word_1_171' title='bbox 1476 2503 1647 2571; x_wconf 90' lang='lat' dir='ltr'><strong>lmpie</strong></span> <span class='ocrx_word' id='word_1_172' title='bbox 1678 2501 1806 2565; x_wconf 88' lang='lat' dir='ltr'><strong>dici,</strong></span> <span class='ocrx_word' id='word_1_173' title='bbox 1860 2499 2141 2553; x_wconf 90' lang='lat' dir='ltr'><strong>Christum</strong></span> 
     </span>
    </p>
   </div>
   <div class='ocr_carea' id='block_1_27' title="bbox 551 2592 2142 2668">
    <p class='ocr_par' dir='ltr' id='par_1_27' title="bbox 551 2592 2142 2668">
     <span class='ocr_line' id='line_1_27' title="bbox 551 2592 2142 2668; baseline -0.009 -12"><span class='ocrx_word' id='word_1_174' title='bbox 551 2617 715 2656; x_wconf 87' lang='lat' dir='ltr'><strong>unam</strong></span> <span class='ocrx_word' id='word_1_175' title='bbox 764 2614 889 2656; x_wconf 89' lang='lat' dir='ltr'><strong>esse</strong></span> <span class='ocrx_word' id='word_1_176' title='bbox 942 2598 1302 2668; x_wconf 87' lang='lat' dir='ltr'><strong>compositam</strong></span> <span class='ocrx_word' id='word_1_177' title='bbox 1369 2606 1659 2650; x_wconf 85' lang='lat' dir='ltr'><strong>naturam:</strong></span> <span class='ocrx_word' id='word_1_178' title='bbox 1714 2592 1957 2661; x_wconf 86' lang='lat' dir='ltr'><strong>illudque</strong></span> <span class='ocrx_word' id='word_1_179' title='bbox 2018 2604 2142 2643; x_wconf 91' lang='lat' dir='ltr'><strong>cum</strong></span> 
     </span>
    </p>
   </div>
   <div class='ocr_carea' id='block_1_28' title="bbox 550 2682 2141 2761">
    <p class='ocr_par' dir='ltr' id='par_1_28' title="bbox 550 2682 2141 2761">
     <span class='ocr_line' id='line_1_28' title="bbox 550 2682 2141 2761; baseline -0.008 -16"><span class='ocrx_word' id='word_1_180' title='bbox 550 2696 787 2749; x_wconf 77' lang='lat' dir='ltr'><strong>veritate</strong></span> <span class='ocrx_word' id='word_1_181' title='bbox 825 2705 1091 2761; x_wconf 72' lang='lat' dir='ltr'><strong>pugnare.</strong></span> <span class='ocrx_word' id='word_1_182' title='bbox 1124 2688 1359 2753; x_wconf 82' lang='lat' dir='ltr'><strong>Nonum,</strong></span> <span class='ocrx_word' id='word_1_183' title='bbox 1392 2688 1466 2741; x_wconf 89' lang='lat' dir='ltr'><strong>De</strong></span> <span class='ocrx_word' id='word_1_184' title='bbox 1498 2684 1777 2757; x_wconf 89' lang='lat' dir='ltr'><strong>hypostasi</strong></span> <span class='ocrx_word' id='word_1_185' title='bbox 1809 2682 2141 2751; x_wconf 86' lang='lat' dir='ltr'><strong>composita,</strong></span> 
     </span>
    </p>
   </div>
   <div class='ocr_carea' id='block_1_29' title="bbox 556 2776 2145 2853">
    <p class='ocr_par' dir='ltr' id='par_1_29' title="bbox 556 2776 2145 2853">
     <span class='ocr_line' id='line_1_29' title="bbox 556 2776 2145 2853; baseline -0.009 -11"><span class='ocrx_word' id='word_1_186' title='bbox 556 2797 614 2842; x_wconf 90' lang='lat' dir='ltr'><strong>et</strong></span> <span class='ocrx_word' id='word_1_187' title='bbox 644 2786 830 2841; x_wconf 84' lang='lat' dir='ltr'><strong>brevis</strong></span> <span class='ocrx_word' id='word_1_188' title='bbox 861 2783 1129 2853; x_wconf 80' lang='lat' dir='ltr'><strong>expositio</strong></span> <span class='ocrx_word' id='word_1_189' title='bbox 1158 2788 1499 2849; x_wconf 86' lang='lat' dir='ltr'><strong>receptarum</strong></span> <span class='ocrx_word' id='word_1_190' title='bbox 1534 2780 1601 2831; x_wconf 91' lang='lat' dir='ltr'><strong>de</strong></span> <span class='ocrx_word' id='word_1_191' title='bbox 1642 2776 1744 2831; x_wconf 86' lang='lat' dir='ltr'><strong>lide</strong></span> <span class='ocrx_word' id='word_1_192' title='bbox 1773 2790 1991 2837; x_wconf 86' lang='lat' dir='ltr'><strong>vocum,</strong></span> <span class='ocrx_word' id='word_1_193' title='bbox 2024 2789 2145 2842; x_wconf 71' lang='lat' dir='ltr'><strong>quae</strong></span> 
     </span>
    </p>
   </div>
   <div class='ocr_carea' id='block_1_30' title="bbox 556 2870 2144 2936">
    <p class='ocr_par' dir='ltr' id='par_1_30' title="bbox 556 2870 2144 2936">
     <span class='ocr_line' id='line_1_30' title="bbox 556 2870 2144 2936; baseline -0.011 -1"><span class='ocrx_word' id='word_1_194' title='bbox 556 2889 710 2935; x_wconf 85' lang='lat' dir='ltr'><strong>recte</strong></span> <span class='ocrx_word' id='word_1_195' title='bbox 731 2880 800 2933; x_wconf 89' lang='lat' dir='ltr'><strong>de</strong></span> <span class='ocrx_word' id='word_1_196' title='bbox 839 2876 1060 2932; x_wconf 87' lang='lat' dir='ltr'><strong>Christo</strong></span> <span class='ocrx_word' id='word_1_197' title='bbox 1100 2890 1168 2929; x_wconf 77' lang='lat' dir='ltr'><strong>ex</strong></span> <span class='ocrx_word' id='word_1_198' title='bbox 1229 2888 1325 2927; x_wconf 91' lang='lat' dir='ltr'><strong>usu</strong></span> <span class='ocrx_word' id='word_1_199' title='bbox 1384 2871 1642 2925; x_wconf 66' lang='lat' dir='ltr'><strong>Ecclesia:</strong></span> <span class='ocrx_word' id='word_1_200' title='bbox 1682 2870 1965 2923; x_wconf 71' lang='lat' dir='ltr'><strong>catholica:</strong></span> <span class='ocrx_word' id='word_1_201' title='bbox 2016 2883 2144 2936; x_wconf 91' lang='lat' dir='ltr'><strong>pro-</strong></span> 
     </span>
    </p>
   </div>
   <div class='ocr_carea' id='block_1_31' title="bbox 558 2958 2144 3034">
    <p class='ocr_par' dir='ltr' id='par_1_31' title="bbox 558 2958 2144 3034">
     <span class='ocr_line' id='line_1_31' title="bbox 558 2958 2144 3034; baseline -0.008 -10"><span class='ocrx_word' id='word_1_202' title='bbox 558 2971 831 3024; x_wconf 79' lang='lat' dir='ltr'><strong>feruntur.</strong></span> <span class='ocrx_word' id='word_1_203' title='bbox 864 2966 1166 3031; x_wconf 87' lang='lat' dir='ltr'><strong>Decimum,</strong></span> <span class='ocrx_word' id='word_1_204' title='bbox 1199 2964 1273 3018; x_wconf 91' lang='lat' dir='ltr'><strong>De</strong></span> <span class='ocrx_word' id='word_1_205' title='bbox 1310 2962 1601 3034; x_wconf 80' lang='lat' dir='ltr'><strong>Hypostasi</strong></span> <span class='ocrx_word' id='word_1_206' title='bbox 1632 2960 1938 3029; x_wconf 87' lang='lat' dir='ltr'><strong>composita</strong></span> <span class='ocrx_word' id='word_1_207' title='bbox 1972 2958 2144 3025; x_wconf 81' lang='lat' dir='ltr'><strong>magis</strong></span> 
     </span>
    </p>
   </div>
   <div class='ocr_carea' id='block_1_32' title="bbox 557 3054 2135 3128">
    <p class='ocr_par' dir='ltr' id='par_1_32' title="bbox 557 3054 2135 3128">
     <span class='ocr_line' id='line_1_32' title="bbox 557 3054 2135 3128; baseline -0.01 -12"><span class='ocrx_word' id='word_1_208' title='bbox 557 3060 826 3116; x_wconf 88' lang='lat' dir='ltr'><strong>naturalis</strong></span> <span class='ocrx_word' id='word_1_209' title='bbox 851 3059 1169 3128; x_wconf 84' lang='lat' dir='ltr'><strong>disputatio,</strong></span> <span class='ocrx_word' id='word_1_210' title='bbox 1199 3072 1303 3110; x_wconf 88' lang='lat' dir='ltr'><strong>una</strong></span> <span class='ocrx_word' id='word_1_211' title='bbox 1345 3071 1468 3110; x_wconf 89' lang='lat' dir='ltr'><strong>cum</strong></span> <span class='ocrx_word' id='word_1_212' title='bbox 1504 3065 1759 3109; x_wconf 89' lang='lat' dir='ltr'><strong>accurata</strong></span> <span class='ocrx_word' id='word_1_213' title='bbox 1792 3054 2135 3106; x_wconf 89' lang='lat' dir='ltr'><strong>demonstra-</strong></span> 
     </span>
    </p>
   </div>
   <div class='ocr_carea' id='block_1_33' title="bbox 2221 559 3762 642">
    <p class='ocr_par' dir='ltr' id='par_1_33' title="bbox 2221 559 3762 642">
     <span class='ocr_line' id='line_1_33' title="bbox 2221 559 3762 642; baseline 0.001 -13"><span class='ocrx_word' id='word_1_214' title='bbox 2221 592 2345 629; x_wconf 83' lang='grc' dir='ltr'>τινα</span> <span class='ocrx_word' id='word_1_215' title='bbox 2380 574 2425 605; x_wconf 81' lang='grc'><strong>⁶⁰</strong></span> <span class='ocrx_word' id='word_1_216' title='bbox 2464 572 2755 641; x_wconf 84' lang='grc' dir='ltr'>φιλόσοφον</span> <span class='ocrx_word' id='word_1_217' title='bbox 2806 569 3084 637; x_wconf 84' lang='grc' dir='ltr'><strong>Ἰωάννην.</strong></span> <span class='ocrx_word' id='word_1_218' title='bbox 3122 559 3231 630; x_wconf 84' lang='grc' dir='ltr'>Ἧς</span> <span class='ocrx_word' id='word_1_219' title='bbox 3263 570 3377 621; x_wconf 80' lang='grc' dir='ltr'>ἐστι</span> <span class='ocrx_word' id='word_1_220' title='bbox 3424 570 3487 624; x_wconf 84' lang='grc' dir='ltr'>τὰ</span> <span class='ocrx_word' id='word_1_221' title='bbox 3525 577 3762 642; x_wconf 76' lang='grc' dir='ltr'>κεφάλαια</span> 
     </span>
    </p>
   </div>
   <div class='ocr_carea' id='block_1_34' title="bbox 2222 660 3758 740">
    <p class='ocr_par' dir='ltr' id='par_1_34' title="bbox 2222 660 3758 740">
     <span class='ocr_line' id='line_1_34' title="bbox 2222 660 3758 740; baseline -0.007 -19"><span class='ocrx_word' id='word_1_222' title='bbox 2222 667 2442 740; x_wconf 89' lang='grc' dir='ltr'>πρῶτον</span> <span class='ocrx_word' id='word_1_223' title='bbox 2472 664 2793 733; x_wconf 71' lang='grc' dir='ltr'><strong>ἐπιτίμησις</strong></span> <span class='ocrx_word' id='word_1_224' title='bbox 2820 664 2933 725; x_wconf 80' lang='grc' dir='ltr'>τοῖς</span> <span class='ocrx_word' id='word_1_225' title='bbox 2961 660 3301 730; x_wconf 79' lang='grc' dir='ltr'>ιδιεκδικοῦσι</span> <span class='ocrx_word' id='word_1_226' title='bbox 3335 662 3457 725; x_wconf 79' lang='grc' dir='ltr'>τοὺς</span> <span class='ocrx_word' id='word_1_227' title='bbox 3486 666 3758 735; x_wconf 76' lang='grc' dir='ltr'>αἱρετίζον-</span> 
     </span>
    </p>
   </div>
   <div class='ocr_carea' id='block_1_35' title="bbox 2222 753 3765 827">
    <p class='ocr_par' dir='ltr' id='par_1_35' title="bbox 2222 753 3765 827">
     <span class='ocr_line' id='line_1_35' title="bbox 2222 753 3765 827; baseline 0 -13"><span class='ocrx_word' id='word_1_228' title='bbox 2222 777 2323 824; x_wconf 88' lang='grc' dir='ltr'><strong>τας</strong></span> <span class='ocrx_word' id='word_1_229' title='bbox 2344 799 2359 823; x_wconf 83' lang='grc'><em>,</em></span> <span class='ocrx_word' id='word_1_230' title='bbox 2394 759 2490 812; x_wconf 76' lang='grc' dir='ltr'>καὶ</span> <span class='ocrx_word' id='word_1_231' title='bbox 2518 757 2751 827; x_wconf 87' lang='grc' dir='ltr'>μάλιστα</span> <span class='ocrx_word' id='word_1_232' title='bbox 2771 756 2899 818; x_wconf 84' lang='grc' dir='ltr'>τοὺς</span> <span class='ocrx_word' id='word_1_233' title='bbox 2926 753 3036 806; x_wconf 82' lang='grc' dir='ltr'><strong>ἀπὸ</strong></span> <span class='ocrx_word' id='word_1_234' title='bbox 3056 753 3319 822; x_wconf 78' lang='grc' dir='ltr'>Σεϐήρουο</span> <span class='ocrx_word' id='word_1_235' title='bbox 3348 754 3586 825; x_wconf 87' lang='grc' dir='ltr'>δεύτερον</span> <span class='ocrx_word' id='word_1_236' title='bbox 3605 760 3676 811; x_wconf 86' lang='grc' dir='ltr'>ὅτι</span> <span class='ocrx_word' id='word_1_237' title='bbox 3698 762 3765 815; x_wconf 86' lang='grc' dir='ltr'><strong>δεῖ</strong></span> 
     </span>
    </p>
   </div>
   <div class='ocr_carea' id='block_1_36' title="bbox 2226 844 3766 925">
    <p class='ocr_par' dir='ltr' id='par_1_36' title="bbox 2226 844 3766 925">
     <span class='ocr_line' id='line_1_36' title="bbox 2226 844 3766 925; baseline 0 -21"><span class='ocrx_word' id='word_1_238' title='bbox 2226 851 2391 904; x_wconf 75' lang='grc' dir='ltr'>παντὶ</span> <span class='ocrx_word' id='word_1_239' title='bbox 2420 849 2608 921; x_wconf 84' lang='grc' dir='ltr'>τρόπῳ</span> <span class='ocrx_word' id='word_1_240' title='bbox 2631 846 2731 917; x_wconf 80' lang='grc' dir='ltr'>τὴν</span> <span class='ocrx_word' id='word_1_241' title='bbox 2762 844 3210 915; x_wconf 77' lang='grc' dir='ltr'>παραδεδομένην</span> <span class='ocrx_word' id='word_1_242' title='bbox 3239 844 3517 899; x_wconf 85' lang='grc' dir='ltr'>εὐσέϐειαν</span> <span class='ocrx_word' id='word_1_243' title='bbox 3547 846 3661 918; x_wconf 68' lang='grc' dir='ltr'>[ἓϐυ</span> <span class='ocrx_word' id='word_1_244' title='bbox 3688 852 3766 925; x_wconf 72' lang='lat' dir='ltr'><strong>IL]</strong></span> 
     </span>
    </p>
   </div>
   <div class='ocr_carea' id='block_1_37' title="bbox 2226 936 3766 1013">
    <p class='ocr_par' dir='ltr' id='par_1_37' title="bbox 2226 936 3766 1013">
     <span class='ocr_line' id='line_1_37' title="bbox 2226 936 3766 1013; baseline -0.005 -16"><span class='ocrx_word' id='word_1_245' title='bbox 2226 942 2633 1013; x_wconf 79' lang='grc' dir='ltr'>ἀπαράτρωτον</span> <span class='ocrx_word' id='word_1_246' title='bbox 2651 940 2694 970; x_wconf 83' lang='grc'><strong>⁶¹</strong></span> <span class='ocrx_word' id='word_1_247' title='bbox 2721 938 3124 1005; x_wconf 80' lang='grc' dir='ltr'>διαφυλάττειν’</span> <span class='ocrx_word' id='word_1_248' title='bbox 3156 936 3338 1006; x_wconf 89' lang='grc' dir='ltr'>τρίτον</span> <span class='ocrx_word' id='word_1_249' title='bbox 3370 939 3495 1007; x_wconf 82' lang='grc' dir='ltr'>περὶ</span> <span class='ocrx_word' id='word_1_250' title='bbox 3518 940 3766 1012; x_wconf 73' lang='grc' dir='ltr'>διαφορᾶς,</span> 
     </span>
    </p>
   </div>
   <div class='ocr_carea' id='block_1_38' title="bbox 2228 1028 3771 1104">
    <p class='ocr_par' dir='ltr' id='par_1_38' title="bbox 2228 1028 3771 1104">
     <span class='ocr_line' id='line_1_38' title="bbox 2228 1028 3771 1104; baseline -0.001 -16"><span class='ocrx_word' id='word_1_251' title='bbox 2228 1037 2321 1089; x_wconf 66' lang='grc' dir='ltr'><strong>καλ¹</strong></span> <span class='ocrx_word' id='word_1_252' title='bbox 2348 1033 2466 1097; x_wconf 87' lang='grc' dir='ltr'><strong>πῶς</strong></span> <span class='ocrx_word' id='word_1_253' title='bbox 2492 1033 2643 1085; x_wconf 79' lang='grc' dir='ltr'>ἐστιν</span> <span class='ocrx_word' id='word_1_254' title='bbox 2675 1029 2916 1093; x_wconf 88' lang='grc' dir='ltr'>εὐσεϐῶς</span> <span class='ocrx_word' id='word_1_255' title='bbox 2950 1029 3042 1082; x_wconf 76' lang='grc' dir='ltr'><strong>δύο</strong></span> <span class='ocrx_word' id='word_1_256' title='bbox 3065 1028 3253 1098; x_wconf 80' lang='grc' dir='ltr'>φύσεις</span> <span class='ocrx_word' id='word_1_257' title='bbox 3286 1030 3378 1081; x_wconf 73' lang='grc' dir='ltr'>ἐπὶ</span> <span class='ocrx_word' id='word_1_258' title='bbox 3408 1031 3632 1098; x_wconf 85' lang='grc' dir='ltr'>Χριστοῦ</span> <span class='ocrx_word' id='word_1_259' title='bbox 3655 1038 3771 1104; x_wconf 80' lang='grc' dir='ltr'>μετὰ</span> 
     </span>
    </p>
   </div>
   <div class='ocr_carea' id='block_1_39' title="bbox 2227 1121 3774 1199">
    <p class='ocr_par' dir='ltr' id='par_1_39' title="bbox 2227 1121 3774 1199">
     <span class='ocr_line' id='line_1_39' title="bbox 2227 1121 3774 1199; baseline 0.002 -20"><span class='ocrx_word' id='word_1_260' title='bbox 2227 1127 2327 1196; x_wconf 77' lang='grc' dir='ltr'>τὴν</span> <span class='ocrx_word' id='word_1_261' title='bbox 2362 1126 2556 1179; x_wconf 78' lang='grc' dir='ltr'>ἕνωσιν</span> <span class='ocrx_word' id='word_1_262' title='bbox 2582 1125 2885 1194; x_wconf 84' lang='grc' dir='ltr'><strong>ὁμολογεῖν·</strong></span> <span class='ocrx_word' id='word_1_263' title='bbox 2915 1122 2957 1174; x_wconf 86' lang='grc' dir='ltr'>δ’</span> <span class='ocrx_word' id='word_1_264' title='bbox 2999 1122 3081 1175; x_wconf 82' lang='grc' dir='ltr'>ὅτι</span> <span class='ocrx_word' id='word_1_265' title='bbox 3107 1124 3134 1173; x_wconf 89' lang='grc' dir='ltr'><strong>ό</strong></span> <span class='ocrx_word' id='word_1_266' title='bbox 3174 1121 3407 1191; x_wconf 76' lang='grc' dir='ltr'>ἀριθμὸς</span> <span class='ocrx_word' id='word_1_267' title='bbox 3450 1122 3568 1175; x_wconf 81' lang='grc' dir='ltr'>οὐτε</span> <span class='ocrx_word' id='word_1_268' title='bbox 3606 1127 3774 1199; x_wconf 82' lang='grc' dir='ltr'>διαιρεῖ</span> 
     </span>
    </p>
   </div>
   <div class='ocr_carea' id='block_1_40' title="bbox 2230 1215 3775 1287">
    <p class='ocr_par' dir='ltr' id='par_1_40' title="bbox 2230 1215 3775 1287">
     <span class='ocr_line' id='line_1_40' title="bbox 2230 1215 3775 1287; baseline 0.001 -14"><span class='ocrx_word' id='word_1_269' title='bbox 2230 1219 2355 1273; x_wconf 80' lang='grc' dir='ltr'>οὐτε</span> <span class='ocrx_word' id='word_1_270' title='bbox 2380 1219 2695 1287; x_wconf 79' lang='grc' dir='ltr'><strong>διαιρεῖται,</strong></span> <span class='ocrx_word' id='word_1_271' title='bbox 2718 1215 2842 1269; x_wconf 68' lang='grc' dir='ltr'>οὔτε</span> <span class='ocrx_word' id='word_1_272' title='bbox 2868 1215 3135 1284; x_wconf 85' lang='grc' dir='ltr'>διαίρεσιν</span> <span class='ocrx_word' id='word_1_273' title='bbox 3166 1216 3375 1282; x_wconf 78' lang='grc' dir='ltr'>είσάγει</span> <span class='ocrx_word' id='word_1_274' title='bbox 3399 1216 3534 1268; x_wconf 75' lang='grc' dir='ltr'>κατὰ</span> <span class='ocrx_word' id='word_1_275' title='bbox 3561 1217 3644 1269; x_wconf 81' lang='grc' dir='ltr'><strong>τὸν</strong></span> <span class='ocrx_word' id='word_1_276' title='bbox 3667 1220 3775 1274; x_wconf 81' lang='grc' dir='ltr'>ίδιον</span> 
     </span>
    </p>
   </div>
   <div class='ocr_carea' id='block_1_41' title="bbox 2228 1305 3777 1380">
    <p class='ocr_par' dir='ltr' id='par_1_41' title="bbox 2228 1305 3777 1380">
     <span class='ocr_line' id='line_1_41' title="bbox 2228 1305 3777 1380; baseline -0.001 -15"><span class='ocrx_word' id='word_1_277' title='bbox 2228 1312 2386 1380; x_wconf 88' lang='grc' dir='ltr'>λόγον</span> <span class='ocrx_word' id='word_1_278' title='bbox 2413 1312 2475 1364; x_wconf 77' lang='grc' dir='ltr'>τὸ</span> <span class='ocrx_word' id='word_1_279' title='bbox 2512 1309 2756 1371; x_wconf 84' lang='grc' dir='ltr'>σύνολον,</span> <span class='ocrx_word' id='word_1_280' title='bbox 2796 1305 2877 1373; x_wconf 78' lang='grc' dir='ltr'>οἷς</span> <span class='ocrx_word' id='word_1_281' title='bbox 2914 1309 3245 1375; x_wconf 82' lang='grc' dir='ltr'>ὲπιλέγεται·</span> <span class='ocrx_word' id='word_1_282' title='bbox 3284 1314 3325 1358; x_wconf 82' lang='grc' dir='ltr'>ε’</span> <span class='ocrx_word' id='word_1_283' title='bbox 3370 1308 3485 1370; x_wconf 85' lang='grc' dir='ltr'><strong>πῶς</strong></span> <span class='ocrx_word' id='word_1_284' title='bbox 3516 1311 3777 1374; x_wconf 84' lang='grc' dir='ltr'>εὐσεϐῶςό</span> 
     </span>
    </p>
   </div>
   <div class='ocr_carea' id='block_1_42' title="bbox 2230 1401 3778 1475">
    <p class='ocr_par' dir='ltr' id='par_1_42' title="bbox 2230 1401 3778 1475">
     <span class='ocr_line' id='line_1_42' title="bbox 2230 1401 3778 1475; baseline 0 -17"><span class='ocrx_word' id='word_1_285' title='bbox 2230 1406 2464 1475; x_wconf 83' lang='grc' dir='ltr'>ἀριθμὸς</span> <span class='ocrx_word' id='word_1_286' title='bbox 2494 1403 2632 1474; x_wconf 73' lang='grc' dir='ltr'>πρὸς</span> <span class='ocrx_word' id='word_1_287' title='bbox 2670 1403 2902 1471; x_wconf 79' lang='grc' dir='ltr'><strong>δήλωσιν</strong></span> <span class='ocrx_word' id='word_1_288' title='bbox 2948 1401 3051 1470; x_wconf 80' lang='grc' dir='ltr'>τῆς</span> <span class='ocrx_word' id='word_1_289' title='bbox 3081 1402 3345 1470; x_wconf 76' lang='grc' dir='ltr'>διαφορᾶς</span> <span class='ocrx_word' id='word_1_290' title='bbox 3386 1402 3778 1472; x_wconf 69' lang='grc' dir='ltr'>παραλαμϐάνει</span> 
     </span>
    </p>
   </div>
   <div class='ocr_carea' id='block_1_43' title="bbox 2230 1495 3779 1569">
    <p class='ocr_par' dir='ltr' id='par_1_43' title="bbox 2230 1495 3779 1569">
     <span class='ocr_line' id='line_1_43' title="bbox 2230 1495 3779 1569; baseline 0.014 -21"><span class='ocrx_word' id='word_1_291' title='bbox 2230 1513 2343 1549; x_wconf 66' lang='grc' dir='ltr'>ταν</span> <span class='ocrx_word' id='word_1_292' title='bbox 2378 1502 2430 1561; x_wconf 85' lang='grc' dir='ltr'>ς’</span> <span class='ocrx_word' id='word_1_293' title='bbox 2460 1495 2579 1559; x_wconf 86' lang='grc' dir='ltr'><strong>πῶς</strong></span> <span class='ocrx_word' id='word_1_294' title='bbox 2609 1495 2713 1567; x_wconf 85' lang='grc' dir='ltr'><strong>χρὴ</strong></span> <span class='ocrx_word' id='word_1_295' title='bbox 2743 1498 2883 1548; x_wconf 88' lang='grc' dir='ltr'>νοεῖν</span> <span class='ocrx_word' id='word_1_296' title='bbox 2904 1496 3005 1565; x_wconf 82' lang='grc' dir='ltr'><strong>τὴν</strong></span> <span class='ocrx_word' id='word_1_297' title='bbox 3030 1496 3295 1565; x_wconf 76' lang='grc' dir='ltr'>κειμένην</span> <span class='ocrx_word' id='word_1_298' title='bbox 3331 1495 3485 1564; x_wconf 71' lang='grc' dir='ltr'><strong>ῥῆσιν</strong></span> <span class='ocrx_word' id='word_1_299' title='bbox 3505 1498 3559 1548; x_wconf 67' lang='grc' dir='ltr'><strong>ὲν</strong></span> <span class='ocrx_word' id='word_1_300' title='bbox 3582 1501 3643 1567; x_wconf 70' lang='grc' dir='ltr'><strong>τῇ</strong></span> <span class='ocrx_word' id='word_1_301' title='bbox 3670 1502 3779 1569; x_wconf 56' lang='grc' dir='ltr'><strong>πρὸς</strong></span> 
     </span>
    </p>
   </div>
   <div class='ocr_carea' id='block_1_44' title="bbox 2232 1584 3779 1657">
    <p class='ocr_par' dir='ltr' id='par_1_44' title="bbox 2232 1584 3779 1657">
     <span class='ocr_line' id='line_1_44' title="bbox 2232 1584 3779 1657; baseline 0.001 -18"><span class='ocrx_word' id='word_1_302' title='bbox 2232 1588 2535 1640; x_wconf 84' lang='grc' dir='ltr'>Σούκενσον</span> <span class='ocrx_word' id='word_1_303' title='bbox 2565 1587 2825 1657; x_wconf 77' lang='grc' dir='ltr'>ἐπιστολῇ</span> <span class='ocrx_word' id='word_1_304' title='bbox 2860 1585 2957 1639; x_wconf 87' lang='grc' dir='ltr'><strong>τοῦ</strong></span> <span class='ocrx_word' id='word_1_305' title='bbox 2998 1586 3153 1653; x_wconf 81' lang='grc' dir='ltr'>ἁγίου</span> <span class='ocrx_word' id='word_1_306' title='bbox 3192 1584 3484 1655; x_wconf 82' lang='grc' dir='ltr'>Κυρίλλου,</span> <span class='ocrx_word' id='word_1_307' title='bbox 3519 1586 3608 1638; x_wconf 70' lang='grc' dir='ltr'><strong>καὶ</strong></span> <span class='ocrx_word' id='word_1_308' title='bbox 3634 1588 3706 1640; x_wconf 83' lang='grc' dir='ltr'>ὅτι</span> <span class='ocrx_word' id='word_1_309' title='bbox 3731 1592 3779 1642; x_wconf 78' lang='grc' dir='ltr'>οὖ</span> 
     </span>
    </p>
   </div>
   <div class='ocr_carea' id='block_1_45' title="bbox 2238 1675 3779 1748">
    <p class='ocr_par' dir='ltr' id='par_1_45' title="bbox 2238 1675 3779 1748">
     <span class='ocr_line' id='line_1_45' title="bbox 2238 1675 3779 1748; baseline 0.001 -17"><span class='ocrx_word' id='word_1_310' title='bbox 2238 1677 2472 1748; x_wconf 83' lang='grc' dir='ltr'>μάχεται</span> <span class='ocrx_word' id='word_1_311' title='bbox 2503 1678 2537 1748; x_wconf 80' lang='grc' dir='ltr'><strong>ἡ</strong></span> <span class='ocrx_word' id='word_1_312' title='bbox 2568 1677 2638 1729; x_wconf 83' lang='grc' dir='ltr'>ἐν</span> <span class='ocrx_word' id='word_1_313' title='bbox 2675 1676 2784 1731; x_wconf 81' lang='grc' dir='ltr'>δύο</span> <span class='ocrx_word' id='word_1_314' title='bbox 2816 1677 2971 1747; x_wconf 82' lang='grc' dir='ltr'>φωνὴ</span> <span class='ocrx_word' id='word_1_315' title='bbox 2988 1679 3103 1740; x_wconf 88' lang='grc' dir='ltr'>τοῖς</span> <span class='ocrx_word' id='word_1_316' title='bbox 3132 1675 3352 1743; x_wconf 88' lang='grc' dir='ltr'>λέγουσι</span> <span class='ocrx_word' id='word_1_317' title='bbox 3380 1676 3509 1746; x_wconf 90' lang='grc' dir='ltr'>μίαν</span> <span class='ocrx_word' id='word_1_318' title='bbox 3538 1677 3686 1745; x_wconf 84' lang='grc' dir='ltr'>φύσιν</span> <span class='ocrx_word' id='word_1_319' title='bbox 3707 1682 3779 1734; x_wconf 72' lang='grc' dir='ltr'><strong>τοῦ</strong></span> 
     </span>
    </p>
   </div>
   <div class='ocr_carea' id='block_1_46' title="bbox 2235 1769 3781 1843">
    <p class='ocr_par' dir='ltr' id='par_1_46' title="bbox 2235 1769 3781 1843">
     <span class='ocr_line' id='line_1_46' title="bbox 2235 1769 3781 1843; baseline 0.002 -22"><span class='ocrx_word' id='word_1_320' title='bbox 2235 1770 2408 1838; x_wconf 80' lang='grc' dir='ltr'>Λόγου</span> <span class='ocrx_word' id='word_1_321' title='bbox 2459 1769 2912 1839; x_wconf 79' lang='grc' dir='ltr'>σεσαρκωμένην,</span> <span class='ocrx_word' id='word_1_322' title='bbox 2953 1770 3002 1821; x_wconf 81' lang='grc' dir='ltr'><strong>εί</strong></span> <span class='ocrx_word' id='word_1_323' title='bbox 3039 1770 3112 1839; x_wconf 81' lang='grc' dir='ltr'>μὴ</span> <span class='ocrx_word' id='word_1_324' title='bbox 3167 1769 3311 1822; x_wconf 82' lang='grc' dir='ltr'>κατὰ</span> <span class='ocrx_word' id='word_1_325' title='bbox 3358 1769 3420 1821; x_wconf 84' lang='grc' dir='ltr'><strong>τὸ</strong></span> <span class='ocrx_word' id='word_1_326' title='bbox 3450 1771 3495 1801; x_wconf 82' lang='grc'><strong>⁶¹</strong></span> <span class='ocrx_word' id='word_1_327' title='bbox 3542 1770 3781 1843; x_wconf 80' lang='grc' dir='ltr'>Νεστορὶῳ</span> 
     </span>
    </p>
   </div>
   <div class='ocr_carea' id='block_1_47' title="bbox 2237 1861 3779 1933">
    <p class='ocr_par' dir='ltr' id='par_1_47' title="bbox 2237 1861 3779 1933">
     <span class='ocr_line' id='line_1_47' title="bbox 2237 1861 3779 1933; baseline 0.002 -19"><span class='ocrx_word' id='word_1_328' title='bbox 2237 1861 2428 1915; x_wconf 87' lang='grc' dir='ltr'>δοκοῦν</span> <span class='ocrx_word' id='word_1_329' title='bbox 2450 1862 2661 1924; x_wconf 87' lang='grc' dir='ltr'>ἀσεϐῶς</span> <span class='ocrx_word' id='word_1_330' title='bbox 2684 1861 3090 1932; x_wconf 82' lang='grc' dir='ltr'>λαμϐανομένη⁶</span> <span class='ocrx_word' id='word_1_331' title='bbox 3116 1862 3161 1925; x_wconf 80' lang='grc' dir='ltr'><strong>ζ’</strong></span> <span class='ocrx_word' id='word_1_332' title='bbox 3184 1862 3269 1914; x_wconf 84' lang='grc' dir='ltr'>ὅτι</span> <span class='ocrx_word' id='word_1_333' title='bbox 3289 1862 3624 1931; x_wconf 85' lang='grc' dir='ltr'>πραγμάτων</span> <span class='ocrx_word' id='word_1_334' title='bbox 3648 1863 3779 1933; x_wconf 68' lang='grc' dir='ltr'>ῆγουν</span> 
     </span>
    </p>
   </div>
   <div class='ocr_carea' id='block_1_48' title="bbox 2238 1953 3779 2025">
    <p class='ocr_par' dir='ltr' id='par_1_48' title="bbox 2238 1953 3779 2025">
     <span class='ocr_line' id='line_1_48' title="bbox 2238 1953 3779 2025; baseline 0 -18"><span class='ocrx_word' id='word_1_335' title='bbox 2238 1953 2437 2007; x_wconf 84' lang='grc' dir='ltr'>οὐσιῶν</span> <span class='ocrx_word' id='word_1_336' title='bbox 2471 1953 2566 2006; x_wconf 73' lang='grc' dir='ltr'>ἐπὶ</span> <span class='ocrx_word' id='word_1_337' title='bbox 2611 1954 2853 2023; x_wconf 82' lang='grc' dir='ltr'>Χριστοῦ</span> <span class='ocrx_word' id='word_1_338' title='bbox 2887 1956 2919 2024; x_wconf 83' lang='grc' dir='ltr'>ἠ</span> <span class='ocrx_word' id='word_1_339' title='bbox 2949 1954 3185 2022; x_wconf 82' lang='grc' dir='ltr'>διαφορὰ</span> <span class='ocrx_word' id='word_1_340' title='bbox 3209 1995 3223 2017; x_wconf 87' lang='grc'>,</span> <span class='ocrx_word' id='word_1_341' title='bbox 3258 1953 3375 2007; x_wconf 85' lang='grc' dir='ltr'>ἀλλ’</span> <span class='ocrx_word' id='word_1_342' title='bbox 3406 1954 3467 2007; x_wconf 89' lang='grc' dir='ltr'><strong>οὐ</strong></span> <span class='ocrx_word' id='word_1_343' title='bbox 3497 1957 3779 2025; x_wconf 81' lang='grc' dir='ltr'>ποιοτήτων,</span> 
     </span>
    </p>
   </div>
   <div class='ocr_carea' id='block_1_49' title="bbox 2240 2047 3782 2118">
    <p class='ocr_par' dir='ltr' id='par_1_49' title="bbox 2240 2047 3782 2118">
     <span class='ocr_line' id='line_1_49' title="bbox 2240 2047 3782 2118; baseline 0.001 -19"><span class='ocrx_word' id='word_1_344' title='bbox 2240 2048 2333 2099; x_wconf 69' lang='grc' dir='ltr'><strong>καὶ</strong></span> <span class='ocrx_word' id='word_1_345' title='bbox 2365 2048 2445 2100; x_wconf 84' lang='grc' dir='ltr'>ὃτι</span> <span class='ocrx_word' id='word_1_346' title='bbox 2483 2048 2634 2100; x_wconf 86' lang='grc' dir='ltr'>πᾶσα</span> <span class='ocrx_word' id='word_1_347' title='bbox 2663 2047 2895 2115; x_wconf 77' lang='grc' dir='ltr'>διαφορὰ</span> <span class='ocrx_word' id='word_1_348' title='bbox 2938 2047 2996 2111; x_wconf 78' lang='grc' dir='ltr'>ἐξ</span> <span class='ocrx_word' id='word_1_349' title='bbox 3028 2048 3278 2115; x_wconf 84' lang='grc' dir='ltr'>ἀνάγκης</span> <span class='ocrx_word' id='word_1_350' title='bbox 3312 2048 3618 2115; x_wconf 86' lang='grc' dir='ltr'>συνεισάγει</span> <span class='ocrx_word' id='word_1_351' title='bbox 3652 2049 3782 2118; x_wconf 76' lang='grc' dir='ltr'>ἑαυτῇ</span> 
     </span>
    </p>
   </div>
   <div class='ocr_carea' id='block_1_50' title="bbox 2240 2132 3785 2211">
    <p class='ocr_par' dir='ltr' id='par_1_50' title="bbox 2240 2132 3785 2211">
     <span class='ocr_line' id='line_1_50' title="bbox 2240 2132 3785 2211; baseline 0.001 -20"><span class='ocrx_word' id='word_1_352' title='bbox 2240 2138 2339 2209; x_wconf 80' lang='grc' dir='ltr'><strong>τὴν</strong></span> <span class='ocrx_word' id='word_1_353' title='bbox 2370 2132 2445 2191; x_wconf 81' lang='grc' dir='ltr'>ὧν</span> <span class='ocrx_word' id='word_1_354' title='bbox 2464 2141 2580 2191; x_wconf 82' lang='grc' dir='ltr'>ἐστι</span> <span class='ocrx_word' id='word_1_355' title='bbox 2610 2140 2914 2209; x_wconf 85' lang='grc' dir='ltr'>ποσότητα,</span> <span class='ocrx_word' id='word_1_356' title='bbox 2950 2139 3044 2193; x_wconf 72' lang='grc' dir='ltr'><strong>καὶ</strong></span> <span class='ocrx_word' id='word_1_357' title='bbox 3068 2142 3099 2211; x_wconf 85' lang='grc' dir='ltr'>ἡ</span> <span class='ocrx_word' id='word_1_358' title='bbox 3128 2141 3371 2208; x_wconf 86' lang='grc' dir='ltr'>ποσότης</span> <span class='ocrx_word' id='word_1_359' title='bbox 3396 2140 3558 2193; x_wconf 84' lang='grc' dir='ltr'>πάλιν</span> <span class='ocrx_word' id='word_1_360' title='bbox 3583 2141 3667 2194; x_wconf 75' lang='grc' dir='ltr'><strong>τὸν</strong></span> <span class='ocrx_word' id='word_1_361' title='bbox 3688 2143 3785 2194; x_wconf 79' lang='grc' dir='ltr'>ἑαυ-</span> 
     </span>
    </p>
   </div>
   <div class='ocr_carea' id='block_1_51' title="bbox 2240 2230 3786 2305">
    <p class='ocr_par' dir='ltr' id='par_1_51' title="bbox 2240 2230 3786 2305">
     <span class='ocr_line' id='line_1_51' title="bbox 2240 2230 3786 2305; baseline 0.005 -24"><span class='ocrx_word' id='word_1_362' title='bbox 2240 2230 2341 2296; x_wconf 84' lang='grc' dir='ltr'>τῆς</span> <span class='ocrx_word' id='word_1_363' title='bbox 2369 2230 2707 2299; x_wconf 74' lang='grc' dir='ltr'>σημαντικὸν</span> <span class='ocrx_word' id='word_1_364' title='bbox 2742 2231 2996 2301; x_wconf 76' lang='grc' dir='ltr'>ἀριθμὸν,</span> <span class='ocrx_word' id='word_1_365' title='bbox 3027 2232 3129 2285; x_wconf 78' lang='grc' dir='ltr'><strong>κάν</strong></span> <span class='ocrx_word' id='word_1_366' title='bbox 3149 2251 3205 2286; x_wconf 88' lang='grc' dir='ltr'><strong>τε</strong></span> <span class='ocrx_word' id='word_1_367' title='bbox 3242 2234 3476 2305; x_wconf 84' lang='grc' dir='ltr'>συνεχής</span> <span class='ocrx_word' id='word_1_368' title='bbox 3506 2236 3617 2288; x_wconf 79' lang='grc' dir='ltr'>ἐστι</span> <span class='ocrx_word' id='word_1_369' title='bbox 3645 2237 3786 2290; x_wconf 79' lang='grc' dir='ltr'>κάντι</span> 
     </span>
    </p>
   </div>
   <div class='ocr_carea' id='block_1_52' title="bbox 2242 2321 3789 2396">
    <p class='ocr_par' dir='ltr' id='par_1_52' title="bbox 2242 2321 3789 2396">
     <span class='ocr_line' id='line_1_52' title="bbox 2242 2321 3789 2396; baseline 0.004 -22"><span class='ocrx_word' id='word_1_370' title='bbox 2242 2321 2572 2393; x_wconf 81' lang='grc' dir='ltr'>διῃρημένη”</span> <span class='ocrx_word' id='word_1_371' title='bbox 2617 2328 2669 2389; x_wconf 85' lang='grc' dir='ltr'>η’</span> <span class='ocrx_word' id='word_1_372' title='bbox 2709 2323 2793 2375; x_wconf 84' lang='grc' dir='ltr'>ὅτι</span> <span class='ocrx_word' id='word_1_373' title='bbox 2838 2324 3035 2387; x_wconf 80' lang='grc' dir='ltr'>ἀσεϐές</span> <span class='ocrx_word' id='word_1_374' title='bbox 3065 2326 3181 2377; x_wconf 81' lang='grc' dir='ltr'>ἐστι</span> <span class='ocrx_word' id='word_1_375' title='bbox 3222 2326 3286 2377; x_wconf 76' lang='grc' dir='ltr'><strong>τὸ</strong></span> <span class='ocrx_word' id='word_1_376' title='bbox 3314 2326 3497 2393; x_wconf 89' lang='grc' dir='ltr'>λέγειν</span> <span class='ocrx_word' id='word_1_377' title='bbox 3543 2328 3664 2396; x_wconf 89' lang='grc' dir='ltr'>μίαν</span> <span class='ocrx_word' id='word_1_378' title='bbox 3691 2329 3789 2380; x_wconf 79' lang='grc' dir='ltr'>σύν-</span> 
     </span>
    </p>
   </div>
   <div class='ocr_carea' id='block_1_53' title="bbox 2244 2414 3787 2491">
    <p class='ocr_par' dir='ltr' id='par_1_53' title="bbox 2244 2414 3787 2491">
     <span class='ocr_line' id='line_1_53' title="bbox 2244 2414 3787 2491; baseline 0.005 -25"><span class='ocrx_word' id='word_1_379' title='bbox 2244 2414 2398 2467; x_wconf 90' lang='grc' dir='ltr'>θετον</span> <span class='ocrx_word' id='word_1_380' title='bbox 2426 2415 2587 2482; x_wconf 78' lang='grc' dir='ltr'>φύσιν</span> <span class='ocrx_word' id='word_1_381' title='bbox 2608 2415 2698 2467; x_wconf 83' lang='grc' dir='ltr'><strong>τὸν</strong></span> <span class='ocrx_word' id='word_1_382' title='bbox 2724 2417 2982 2486; x_wconf 82' lang='grc' dir='ltr'>Χριστὸν.</span> <span class='ocrx_word' id='word_1_383' title='bbox 3016 2418 3111 2469; x_wconf 71' lang='grc' dir='ltr'>καὶ</span> <span class='ocrx_word' id='word_1_384' title='bbox 3139 2418 3469 2491; x_wconf 79' lang='grc' dir='ltr'>τῇ.ἀληθείᾳ</span> <span class='ocrx_word' id='word_1_385' title='bbox 3501 2421 3787 2490; x_wconf 84' lang='grc' dir='ltr'>μαχόμενον·</span> 
     </span>
    </p>
   </div>
   <div class='ocr_carea' id='block_1_54' title="bbox 2244 2505 3793 2581">
    <p class='ocr_par' dir='ltr' id='par_1_54' title="bbox 2244 2505 3793 2581">
     <span class='ocr_line' id='line_1_54' title="bbox 2244 2505 3793 2581; baseline 0.004 -22"><span class='ocrx_word' id='word_1_386' title='bbox 2244 2505 2290 2559; x_wconf 89' lang='grc' dir='ltr'>θ’</span> <span class='ocrx_word' id='word_1_387' title='bbox 2320 2508 2450 2577; x_wconf 70' lang='grc' dir='ltr'>περὶ</span> <span class='ocrx_word' id='word_1_388' title='bbox 2483 2507 2835 2571; x_wconf 83' lang='grc' dir='ltr'>ὑποστάσεως</span> <span class='ocrx_word' id='word_1_389' title='bbox 2868 2510 3150 2574; x_wconf 80' lang='grc' dir='ltr'>συνθέτου,</span> <span class='ocrx_word' id='word_1_390' title='bbox 3180 2511 3279 2563; x_wconf 72' lang='grc' dir='ltr'><strong>καὶ</strong></span> <span class='ocrx_word' id='word_1_391' title='bbox 3312 2510 3528 2574; x_wconf 78' lang='grc' dir='ltr'>ἔκθεσις</span> <span class='ocrx_word' id='word_1_392' title='bbox 3568 2511 3793 2581; x_wconf 80' lang='grc' dir='ltr'>σύντομος</span> 
     </span>
    </p>
   </div>
   <div class='ocr_carea' id='block_1_55' title="bbox 2242 2600 3791 2675">
    <p class='ocr_par' dir='ltr' id='par_1_55' title="bbox 2242 2600 3791 2675">
     <span class='ocr_line' id='line_1_55' title="bbox 2242 2600 3791 2675; baseline 0.004 -24"><span class='ocrx_word' id='word_1_393' title='bbox 2242 2600 2344 2669; x_wconf 81' lang='grc' dir='ltr'>τῆς</span> <span class='ocrx_word' id='word_1_394' title='bbox 2373 2600 2734 2670; x_wconf 76' lang='grc' dir='ltr'>ἐκδοχῆςτῶν</span> <span class='ocrx_word' id='word_1_395' title='bbox 2767 2601 2942 2671; x_wconf 83' lang='grc' dir='ltr'>ὀρθῶς</span> <span class='ocrx_word' id='word_1_396' title='bbox 2970 2602 3062 2655; x_wconf 70' lang='grc' dir='ltr'><strong>ἐπὶ</strong></span> <span class='ocrx_word' id='word_1_397' title='bbox 3092 2603 3338 2671; x_wconf 84' lang='grc' dir='ltr'>Χριστοῦ</span> <span class='ocrx_word' id='word_1_398' title='bbox 3370 2604 3513 2657; x_wconf 78' lang='grc' dir='ltr'>κατὰ</span> <span class='ocrx_word' id='word_1_399' title='bbox 3556 2603 3647 2675; x_wconf 80' lang='grc' dir='ltr'>τὴν</span> <span class='ocrx_word' id='word_1_400' title='bbox 3681 2604 3791 2657; x_wconf 82' lang='grc' dir='ltr'>καθ-</span> 
     </span>
    </p>
   </div>
   <div class='ocr_carea' id='block_1_56' title="bbox 2244 2690 3796 2765">
    <p class='ocr_par' dir='ltr' id='par_1_56' title="bbox 2244 2690 3796 2765">
     <span class='ocr_line' id='line_1_56' title="bbox 2244 2690 3796 2765; baseline 0.004 -21"><span class='ocrx_word' id='word_1_401' title='bbox 2244 2690 2432 2761; x_wconf 81' lang='grc' dir='ltr'>ολικὴν</span> <span class='ocrx_word' id='word_1_402' title='bbox 2470 2692 2801 2761; x_wconf 75' lang='grc' dir='ltr'>Ἐκκλησίαν</span> <span class='ocrx_word' id='word_1_403' title='bbox 2829 2694 3283 2764; x_wconf 80' lang='grc' dir='ltr'>ὁμολογουμένων</span> <span class='ocrx_word' id='word_1_404' title='bbox 3316 2698 3416 2764; x_wconf 81' lang='grc' dir='ltr'>τῆς</span> <span class='ocrx_word' id='word_1_405' title='bbox 3446 2696 3669 2760; x_wconf 83' lang='grc' dir='ltr'>πίστεως</span> <span class='ocrx_word' id='word_1_406' title='bbox 3694 2714 3796 2765; x_wconf 69' lang='grc' dir='ltr'><strong>φω-</strong></span> 
     </span>
    </p>
   </div>
   <div class='ocr_carea' id='block_1_57' title="bbox 2244 2782 3794 2858">
    <p class='ocr_par' dir='ltr' id='par_1_57' title="bbox 2244 2782 3794 2858">
     <span class='ocr_line' id='line_1_57' title="bbox 2244 2782 3794 2858; baseline 0.005 -22"><span class='ocrx_word' id='word_1_407' title='bbox 2244 2784 2370 2836; x_wconf 84' lang='grc' dir='ltr'>νῶν-</span> <span class='ocrx_word' id='word_1_408' title='bbox 2409 2782 2441 2836; x_wconf 84' lang='grc' dir='ltr'>ι’</span> <span class='ocrx_word' id='word_1_409' title='bbox 2470 2785 2598 2854; x_wconf 83' lang='grc' dir='ltr'>περὶ</span> <span class='ocrx_word' id='word_1_410' title='bbox 2645 2786 2999 2850; x_wconf 83' lang='grc' dir='ltr'>ὑποστάσεως</span> <span class='ocrx_word' id='word_1_411' title='bbox 3031 2788 3293 2840; x_wconf 77' lang='grc' dir='ltr'>συνθέτου</span> <span class='ocrx_word' id='word_1_412' title='bbox 3338 2791 3678 2858; x_wconf 79' lang='grc' dir='ltr'>φυσικωτέρα</span> <span class='ocrx_word' id='word_1_413' title='bbox 3702 2790 3794 2843; x_wconf 84' lang='grc' dir='ltr'>διά-</span> 
     </span>
    </p>
   </div>
   <div class='ocr_carea' id='block_1_58' title="bbox 2244 2873 3796 2950">
    <p class='ocr_par' dir='ltr' id='par_1_58' title="bbox 2244 2873 3796 2950">
     <span class='ocr_line' id='line_1_58' title="bbox 2244 2873 3796 2950; baseline 0.005 -25"><span class='ocrx_word' id='word_1_414' title='bbox 2244 2873 2437 2943; x_wconf 68' lang='grc' dir='ltr'>ληψις,</span> <span class='ocrx_word' id='word_1_415' title='bbox 2488 2877 2581 2928; x_wconf 74' lang='grc' dir='ltr'><strong>καὶ</strong></span> <span class='ocrx_word' id='word_1_416' title='bbox 2630 2876 2907 2940; x_wconf 80' lang='grc' dir='ltr'>ἀπόδειξις</span> <span class='ocrx_word' id='word_1_417' title='bbox 2952 2878 3187 2947; x_wconf 81' lang='grc' dir='ltr'>ἀκριϐὴς</span> <span class='ocrx_word' id='word_1_418' title='bbox 3225 2878 3321 2930; x_wconf 85' lang='grc' dir='ltr'><strong>τοῦ</strong></span> <span class='ocrx_word' id='word_1_419' title='bbox 3379 2880 3454 2950; x_wconf 80' lang='grc' dir='ltr'>μὴ</span> <span class='ocrx_word' id='word_1_420' title='bbox 3497 2882 3606 2943; x_wconf 87' lang='grc' dir='ltr'>τοῖς</span> <span class='ocrx_word' id='word_1_421' title='bbox 3648 2881 3796 2943; x_wconf 83' lang='grc' dir='ltr'>αὐτοῖς</span> 
     </span>
    </p>
   </div>
   <div class='ocr_carea' id='block_1_59' title="bbox 2246 2963 3795 3036">
    <p class='ocr_par' dir='ltr' id='par_1_59' title="bbox 2246 2963 3795 3036">
     <span class='ocr_line' id='line_1_59' title="bbox 2246 2963 3795 3036; baseline 0.006 -22"><span class='ocrx_word' id='word_1_422' title='bbox 2246 2963 2599 3033; x_wconf 79' lang='grc' dir='ltr'>περιπίπτειν</span> <span class='ocrx_word' id='word_1_423' title='bbox 2648 2968 2774 3027; x_wconf 76' lang='grc' dir='ltr'>τοὺς</span> <span class='ocrx_word' id='word_1_424' title='bbox 2810 2967 3209 3036; x_wconf 82' lang='grc' dir='ltr'>ὁμολογοῦντας</span> <span class='ocrx_word' id='word_1_425' title='bbox 3244 2970 3379 3036; x_wconf 87' lang='grc' dir='ltr'>μίαν</span> <span class='ocrx_word' id='word_1_426' title='bbox 3418 2970 3659 3022; x_wconf 86' lang='grc' dir='ltr'>σύνθετον</span> <span class='ocrx_word' id='word_1_427' title='bbox 3686 2971 3795 3025; x_wconf 86' lang='grc' dir='ltr'>ὑπό-</span> 
     </span>
    </p>
   </div>
   <div class='ocr_carea' id='block_1_60' title="bbox 2253 3057 3797 3130">
    <p class='ocr_par' dir='ltr' id='par_1_60' title="bbox 2253 3057 3797 3130">
     <span class='ocr_line' id='line_1_60' title="bbox 2253 3057 3797 3130; baseline 0.005 -23"><span class='ocrx_word' id='word_1_428' title='bbox 2253 3072 2442 3108; x_wconf 91' lang='grc' dir='ltr'>στασιν</span> <span class='ocrx_word' id='word_1_429' title='bbox 2468 3057 2560 3109; x_wconf 86' lang='grc' dir='ltr'><strong>τὸν</strong></span> <span class='ocrx_word' id='word_1_430' title='bbox 2582 3058 2819 3128; x_wconf 86' lang='grc' dir='ltr'>Χριστὸν</span> <span class='ocrx_word' id='word_1_431' title='bbox 2844 3061 2957 3120; x_wconf 87' lang='grc' dir='ltr'>τοῖς</span> <span class='ocrx_word' id='word_1_432' title='bbox 2987 3059 3117 3127; x_wconf 85' lang='grc' dir='ltr'>μίαν</span> <span class='ocrx_word' id='word_1_433' title='bbox 3145 3060 3313 3113; x_wconf 81' lang='grc' dir='ltr'>αὐτὸν</span> <span class='ocrx_word' id='word_1_434' title='bbox 3341 3061 3589 3115; x_wconf 85' lang='grc' dir='ltr'>σύνθετον</span> <span class='ocrx_word' id='word_1_435' title='bbox 3616 3062 3797 3130; x_wconf 68' lang='grc' dir='ltr'>λέγουσι</span> 
     </span>
    </p>
   </div>
   <div class='ocr_carea' id='block_1_61' title="bbox 558 3142 2140 3231">
    <p class='ocr_par' dir='ltr' id='par_1_61' title="bbox 558 3142 2138 3220">
     <span class='ocr_line' id='line_1_61' title="bbox 558 3142 2138 3220; baseline -0.008 -15"><span class='ocrx_word' id='word_1_436' title='bbox 558 3154 730 3215; x_wconf 89' lang='lat' dir='ltr'><strong>tione,</strong></span> <span class='ocrx_word' id='word_1_437' title='bbox 787 3151 932 3220; x_wconf 89' lang='lat' dir='ltr'><strong>quod</strong></span> <span class='ocrx_word' id='word_1_438' title='bbox 983 3150 1036 3203; x_wconf 92' lang='lat' dir='ltr'><strong>in</strong></span> <span class='ocrx_word' id='word_1_439' title='bbox 1074 3150 1263 3203; x_wconf 89' lang='lat' dir='ltr'><strong>eadem</strong></span> <span class='ocrx_word' id='word_1_440' title='bbox 1330 3161 1673 3217; x_wconf 85' lang='lat' dir='ltr'><strong>nequaquam</strong></span> <span class='ocrx_word' id='word_1_441' title='bbox 1726 3143 1990 3208; x_wconf 87' lang='lat' dir='ltr'><strong>incidant,</strong></span> <span class='ocrx_word' id='word_1_442' title='bbox 2047 3142 2138 3210; x_wconf 91' lang='lat' dir='ltr'><strong>qui</strong></span> 
     </span>
    </p>
   </div>
   <div class='ocr_carea' id='block_1_62' title="bbox 2244 3142 3798 3231">
    <p class='ocr_par' dir='ltr' id='par_1_62' title="bbox 2253 3147 3798 3223">
     <span class='ocr_line' id='line_1_62' title="bbox 2253 3147 3798 3223; baseline 0.005 -25"><span class='ocrx_word' id='word_1_443' title='bbox 2253 3147 2435 3215; x_wconf 61' lang='grc' dir='ltr'>φύσιν</span> <span class='ocrx_word' id='word_1_444' title='bbox 2478 3153 2545 3200; x_wconf 88' lang='grc' dir='ltr'>ια’</span> <span class='ocrx_word' id='word_1_445' title='bbox 2591 3148 2675 3201; x_wconf 84' lang='grc' dir='ltr'>ὅτι</span> <span class='ocrx_word' id='word_1_446' title='bbox 2715 3149 2858 3203; x_wconf 86' lang='grc' dir='ltr'>κατὰ</span> <span class='ocrx_word' id='word_1_447' title='bbox 2908 3150 3214 3220; x_wconf 71' lang='grc' dir='ltr'>πρόσληψιν</span> <span class='ocrx_word' id='word_1_448' title='bbox 3259 3154 3298 3222; x_wconf 81' lang='grc' dir='ltr'><strong>ἡ</strong></span> <span class='ocrx_word' id='word_1_449' title='bbox 3343 3153 3480 3223; x_wconf 81' lang='grc' dir='ltr'>πρὸς</span> <span class='ocrx_word' id='word_1_450' title='bbox 3520 3153 3615 3223; x_wconf 79' lang='grc' dir='ltr'>τὴν</span> <span class='ocrx_word' id='word_1_451' title='bbox 3651 3152 3798 3223; x_wconf 82' lang='grc' dir='ltr'>σάρκα</span> 
     </span>
    </p>
   </div>
   <div class='ocr_carea' id='block_1_63' title="bbox 557 3236 2146 3311">
    <p class='ocr_par' dir='ltr' id='par_1_63' title="bbox 557 3236 2146 3311">
     <span class='ocr_line' id='line_1_63' title="bbox 557 3236 2146 3311; baseline -0.008 -12"><span class='ocrx_word' id='word_1_452' title='bbox 557 3244 836 3299; x_wconf 87' lang='lat' dir='ltr'><strong>Christum</strong></span> <span class='ocrx_word' id='word_1_453' title='bbox 872 3244 1199 3311; x_wconf 80' lang='lat' dir='ltr'><strong>proﬁtentur</strong></span> <span class='ocrx_word' id='word_1_454' title='bbox 1229 3256 1390 3294; x_wconf 87' lang='lat' dir='ltr'><strong>unam</strong></span> <span class='ocrx_word' id='word_1_455' title='bbox 1420 3239 1778 3307; x_wconf 89' lang='lat' dir='ltr'><strong>compositam</strong></span> <span class='ocrx_word' id='word_1_456' title='bbox 1802 3236 2146 3305; x_wconf 89' lang='lat' dir='ltr'><strong>hypostasin,</strong></span> 
     </span>
    </p>
   </div>
   <div class='ocr_carea' id='block_1_64' title="bbox 560 3326 2151 3403">
    <p class='ocr_par' dir='ltr' id='par_1_64' title="bbox 560 3326 2151 3403">
     <span class='ocr_line' id='line_1_64' title="bbox 560 3326 2151 3403; baseline -0.008 -15"><span class='ocrx_word' id='word_1_457' title='bbox 560 3351 687 3389; x_wconf 86' lang='lat' dir='ltr'><strong>cum</strong></span> <span class='ocrx_word' id='word_1_458' title='bbox 714 3334 784 3388; x_wconf 90' lang='lat' dir='ltr'><strong>iis</strong></span> <span class='ocrx_word' id='word_1_459' title='bbox 819 3334 910 3403; x_wconf 89' lang='lat' dir='ltr'><strong>qui</strong></span> <span class='ocrx_word' id='word_1_460' title='bbox 940 3348 1101 3386; x_wconf 90' lang='lat' dir='ltr'><strong>unam</strong></span> <span class='ocrx_word' id='word_1_461' title='bbox 1141 3346 1264 3385; x_wconf 87' lang='lat' dir='ltr'><strong>eum</strong></span> <span class='ocrx_word' id='word_1_462' title='bbox 1294 3332 1482 3384; x_wconf 87' lang='lat' dir='ltr'><strong>dicunt</strong></span> <span class='ocrx_word' id='word_1_463' title='bbox 1508 3344 1633 3383; x_wconf 88' lang='lat' dir='ltr'><strong>esse</strong></span> <span class='ocrx_word' id='word_1_464' title='bbox 1659 3326 2018 3396; x_wconf 88' lang='lat' dir='ltr'><strong>compositam</strong></span> <span class='ocrx_word' id='word_1_465' title='bbox 2052 3340 2151 3378; x_wconf 86' lang='lat' dir='ltr'><strong>na-</strong></span> 
     </span>
    </p>
   </div>
   <div class='ocr_carea' id='block_1_65' title="bbox 561 3414 2149 3491">
    <p class='ocr_par' dir='ltr' id='par_1_65' title="bbox 561 3414 2149 3491">
     <span class='ocr_line' id='line_1_65' title="bbox 561 3414 2149 3491; baseline -0.008 -14"><span class='ocrx_word' id='word_1_466' title='bbox 561 3436 764 3479; x_wconf 83' lang='lat' dir='ltr'><strong>turam.</strong></span> <span class='ocrx_word' id='word_1_467' title='bbox 838 3421 1225 3486; x_wconf 82' lang='lat' dir='ltr'><strong>Undecimum,</strong></span> <span class='ocrx_word' id='word_1_468' title='bbox 1289 3420 1481 3491; x_wconf 71' lang='lat'><strong>1571:</strong></span> <span class='ocrx_word' id='word_1_469' title='bbox 1543 3418 1645 3471; x_wconf 84' lang='lat' dir='ltr'><strong>Per</strong></span> <span class='ocrx_word' id='word_1_470' title='bbox 1721 3414 2149 3485; x_wconf 79' lang='lat' dir='ltr'><strong>assumptionem</strong></span> 
     </span>
    </p>
   </div>
   <div class='ocr_carea' id='block_1_66' title="bbox 567 3510 2153 3571">
    <p class='ocr_par' dir='ltr' id='par_1_66' title="bbox 567 3510 2153 3571">
     <span class='ocr_line' id='line_1_66' title="bbox 567 3510 2153 3571; baseline -0.008 0"><span class='ocrx_word' id='word_1_471' title='bbox 567 3520 773 3571; x_wconf 78' lang='lat' dir='ltr'><strong>factam</strong></span> <span class='ocrx_word' id='word_1_472' title='bbox 804 3531 928 3570; x_wconf 89' lang='lat' dir='ltr'><strong>esse</strong></span> <span class='ocrx_word' id='word_1_473' title='bbox 965 3515 1136 3569; x_wconf 77' lang='lat' dir='ltr'><strong>Solam</strong></span> <span class='ocrx_word' id='word_1_474' title='bbox 1162 3515 1312 3568; x_wconf 87' lang='lat' dir='ltr'><strong>illam</strong></span> <span class='ocrx_word' id='word_1_475' title='bbox 1351 3513 1508 3567; x_wconf 82' lang='lat' dir='ltr'><strong>Verbi</strong></span> <span class='ocrx_word' id='word_1_476' title='bbox 1530 3527 1653 3566; x_wconf 89' lang='lat' dir='ltr'><strong>cum</strong></span> <span class='ocrx_word' id='word_1_477' title='bbox 1686 3525 1850 3563; x_wconf 87' lang='lat' dir='ltr'><strong>carne</strong></span> <span class='ocrx_word' id='word_1_478' title='bbox 1873 3510 2153 3567; x_wconf 86' lang='lat' dir='ltr'><strong>unionem.</strong></span> 
     </span>
    </p>
   </div>
   <div class='ocr_carea' id='block_1_67' title="bbox 583 3599 2155 3679">
    <p class='ocr_par' dir='ltr' id='par_1_67' title="bbox 583 3599 2155 3679">
     <span class='ocr_line' id='line_1_67' title="bbox 583 3599 2155 3679; baseline -0.007 -17"><span class='ocrx_word' id='word_1_479' title='bbox 583 3624 840 3678; x_wconf 86' lang='lat' dir='ltr'><strong>tanquam</strong></span> <span class='ocrx_word' id='word_1_480' title='bbox 874 3610 1330 3679; x_wconf 70' lang='lat' dir='ltr'><strong>prmexsistentis,</strong></span> <span class='ocrx_word' id='word_1_481' title='bbox 1349 3617 1405 3661; x_wconf 91' lang='lat' dir='ltr'><strong>et</strong></span> <span class='ocrx_word' id='word_1_482' title='bbox 1426 3608 1492 3661; x_wconf 89' lang='lat' dir='ltr'><strong>ad</strong></span> <span class='ocrx_word' id='word_1_483' title='bbox 1518 3606 1771 3659; x_wconf 88' lang='lat' dir='ltr'><strong>unionem</strong></span> <span class='ocrx_word' id='word_1_484' title='bbox 1797 3602 1977 3655; x_wconf 90' lang='lat' dir='ltr'><strong>carnis</strong></span> <span class='ocrx_word' id='word_1_485' title='bbox 2009 3599 2155 3652; x_wconf 89' lang='lat' dir='ltr'><strong>uuiri</strong></span> 
     </span>
    </p>
   </div>
   <div class='ocr_carea' id='block_1_68' title="bbox 564 3694 2150 3771">
    <p class='ocr_par' dir='ltr' id='par_1_68' title="bbox 564 3694 2150 3771">
     <span class='ocr_line' id='line_1_68' title="bbox 564 3694 2150 3771; baseline -0.004 -18"><span class='ocrx_word' id='word_1_486' title='bbox 564 3703 843 3757; x_wconf 86' lang='lat' dir='ltr'><strong>volentis:</strong></span> <span class='ocrx_word' id='word_1_487' title='bbox 883 3703 1027 3771; x_wconf 89' lang='lat' dir='ltr'><strong>quod</strong></span> <span class='ocrx_word' id='word_1_488' title='bbox 1088 3702 1141 3755; x_wconf 94' lang='lat' dir='ltr'><strong>in</strong></span> <span class='ocrx_word' id='word_1_489' title='bbox 1178 3700 1284 3754; x_wconf 89' lang='lat' dir='ltr'><strong>alio</strong></span> <span class='ocrx_word' id='word_1_490' title='bbox 1334 3699 1558 3754; x_wconf 88' lang='lat' dir='ltr'><strong>omnino</strong></span> <span class='ocrx_word' id='word_1_491' title='bbox 1588 3696 1889 3766; x_wconf 86' lang='lat' dir='ltr'><strong>composito</strong></span> <span class='ocrx_word' id='word_1_492' title='bbox 1924 3694 2150 3747; x_wconf 85' lang='lat' dir='ltr'><strong>minime</strong></span> 
     </span>
    </p>
   </div>
   <div class='ocr_carea' id='block_1_69' title="bbox 561 3785 2151 3857">
    <p class='ocr_par' dir='ltr' id='par_1_69' title="bbox 561 3785 2151 3857">
     <span class='ocr_line' id='line_1_69' title="bbox 561 3785 2151 3857; baseline -0.007 -10"><span class='ocrx_word' id='word_1_493' title='bbox 561 3798 907 3848; x_wconf 83' lang='lat' dir='ltr'><strong>observetur.</strong></span> <span class='ocrx_word' id='word_1_494' title='bbox 977 3793 1036 3846; x_wconf 82' lang='lat' dir='ltr'><strong>in</strong></span> <span class='ocrx_word' id='word_1_495' title='bbox 1083 3793 1205 3846; x_wconf 87' lang='lat' dir='ltr'><strong>aliis</strong></span> <span class='ocrx_word' id='word_1_496' title='bbox 1257 3793 1426 3857; x_wconf 87' lang='lat' dir='ltr'><strong>enim,</strong></span> <span class='ocrx_word' id='word_1_497' title='bbox 1502 3806 1608 3844; x_wconf 91' lang='lat' dir='ltr'><strong>non</strong></span> <span class='ocrx_word' id='word_1_498' title='bbox 1671 3804 1767 3857; x_wconf 87' lang='lat' dir='ltr'><strong>per</strong></span> <span class='ocrx_word' id='word_1_499' title='bbox 1831 3785 2151 3840; x_wconf 85' lang='lat' dir='ltr'><strong>alterutrius</strong></span> 
     </span>
    </p>
   </div>
   <div class='ocr_carea' id='block_1_70' title="bbox 562 3880 2139 3955">
    <p class='ocr_par' dir='ltr' id='par_1_70' title="bbox 562 3880 2139 3955">
     <span class='ocr_line' id='line_1_70' title="bbox 562 3880 2139 3955; baseline -0.006 -13"><span class='ocrx_word' id='word_1_500' title='bbox 562 3886 989 3955; x_wconf 81' lang='lat' dir='ltr'><strong>assutnptiooem</strong></span> <span class='ocrx_word' id='word_1_501' title='bbox 1041 3887 1099 3939; x_wconf 87' lang='lat' dir='ltr'><strong>lit</strong></span> <span class='ocrx_word' id='word_1_502' title='bbox 1151 3886 1301 3951; x_wconf 91' lang='lat' dir='ltr'><strong>unio,</strong></span> <span class='ocrx_word' id='word_1_503' title='bbox 1348 3888 1441 3940; x_wconf 89' lang='lat' dir='ltr'><strong>sed</strong></span> <span class='ocrx_word' id='word_1_504' title='bbox 1487 3882 1769 3943; x_wconf 88' lang='lat' dir='ltr'><strong>ambobus,</strong></span> <span class='ocrx_word' id='word_1_505' title='bbox 1812 3896 1879 3935; x_wconf 76' lang='lat' dir='ltr'><strong>ex</strong></span> <span class='ocrx_word' id='word_1_506' title='bbox 1904 3896 1969 3935; x_wconf 91' lang='lat' dir='ltr'><strong>eo</strong></span> <span class='ocrx_word' id='word_1_507' title='bbox 1993 3880 2139 3949; x_wconf 87' lang='lat' dir='ltr'><strong>quod</strong></span> 
     </span>
    </p>
   </div>
   <div class='ocr_carea' id='block_1_71' title="bbox 2255 3238 3800 3314">
    <p class='ocr_par' dir='ltr' id='par_1_71' title="bbox 2255 3238 3800 3314">
     <span class='ocr_line' id='line_1_71' title="bbox 2255 3238 3800 3314; baseline 0.004 -23"><span class='ocrx_word' id='word_1_508' title='bbox 2255 3238 2393 3309; x_wconf 84' lang='grc' dir='ltr'>μόνη</span> <span class='ocrx_word' id='word_1_509' title='bbox 2429 3238 2525 3291; x_wconf 87' lang='grc' dir='ltr'><strong>τοῦ</strong></span> <span class='ocrx_word' id='word_1_510' title='bbox 2556 3240 2731 3307; x_wconf 88' lang='grc' dir='ltr'>Λόγου</span> <span class='ocrx_word' id='word_1_511' title='bbox 2780 3242 3005 3309; x_wconf 87' lang='grc' dir='ltr'>γέγονεν</span> <span class='ocrx_word' id='word_1_512' title='bbox 3050 3242 3244 3305; x_wconf 74' lang='grc' dir='ltr'>ἓνωσις</span> <span class='ocrx_word' id='word_1_513' title='bbox 3268 3285 3287 3309; x_wconf 85' lang='lat'><strong>,</strong></span> <span class='ocrx_word' id='word_1_514' title='bbox 3334 3244 3410 3307; x_wconf 86' lang='grc' dir='ltr'>ὡς</span> <span class='ocrx_word' id='word_1_515' title='bbox 3447 3245 3692 3314; x_wconf 84' lang='grc' dir='ltr'>προόντος</span> <span class='ocrx_word' id='word_1_516' title='bbox 3728 3246 3800 3299; x_wconf 82' lang='grc' dir='ltr'>καὶ</span> 
     </span>
    </p>
   </div>
   <div class='ocr_carea' id='block_1_72' title="bbox 2255 3330 3802 3407">
    <p class='ocr_par' dir='ltr' id='par_1_72' title="bbox 2255 3330 3802 3407">
     <span class='ocr_line' id='line_1_72' title="bbox 2255 3330 3802 3407; baseline 0.005 -26"><span class='ocrx_word' id='word_1_517' title='bbox 2255 3330 2393 3397; x_wconf 81' lang='grc' dir='ltr'>πρὸς</span> <span class='ocrx_word' id='word_1_518' title='bbox 2431 3330 2625 3383; x_wconf 75' lang='grc' dir='ltr'>ἕνωσιν</span> <span class='ocrx_word' id='word_1_519' title='bbox 2658 3332 2859 3402; x_wconf 75' lang='grc' dir='ltr'>σαρκὸς</span> <span class='ocrx_word' id='word_1_520' title='bbox 2898 3333 3167 3403; x_wconf 79' lang='grc' dir='ltr'>ἐνωοῆναι</span> <span class='ocrx_word' id='word_1_521' title='bbox 3195 3337 3549 3405; x_wconf 75' lang='grc' dir='ltr'>θελήσαντος·</span> <span class='ocrx_word' id='word_1_522' title='bbox 3579 3337 3703 3407; x_wconf 85' lang='grc' dir='ltr'>ὅπερ</span> <span class='ocrx_word' id='word_1_523' title='bbox 3723 3336 3802 3389; x_wconf 82' lang='grc' dir='ltr'><strong>οὐκ</strong></span> 
     </span>
    </p>
   </div>
   <div class='ocr_carea' id='block_1_73' title="bbox 2254 3421 3802 3487">
    <p class='ocr_par' dir='ltr' id='par_1_73' title="bbox 2254 3421 3802 3487">
     <span class='ocr_line' id='line_1_73' title="bbox 2254 3421 3802 3487; baseline 0.004 -13"><span class='ocrx_word' id='word_1_524' title='bbox 2254 3421 2406 3476; x_wconf 70' lang='grc' dir='ltr'>ἔστιν</span> <span class='ocrx_word' id='word_1_525' title='bbox 2461 3425 2597 3487; x_wconf 81' lang='grc' dir='ltr'>ὅλως</span> <span class='ocrx_word' id='word_1_526' title='bbox 2649 3426 2736 3476; x_wconf 79' lang='grc' dir='ltr'>ἐπ’</span> <span class='ocrx_word' id='word_1_527' title='bbox 2775 3426 2937 3479; x_wconf 80' lang='grc' dir='ltr'>ἄλλου</span> <span class='ocrx_word' id='word_1_528' title='bbox 3000 3427 3110 3478; x_wconf 89' lang='grc' dir='ltr'><strong>τῶν</strong></span> <span class='ocrx_word' id='word_1_529' title='bbox 3166 3428 3444 3482; x_wconf 79' lang='grc' dir='ltr'>συνθέτων</span> <span class='ocrx_word' id='word_1_530' title='bbox 3502 3430 3642 3483; x_wconf 85' lang='grc' dir='ltr'>ίδείν.</span> <span class='ocrx_word' id='word_1_531' title='bbox 3704 3430 3802 3483; x_wconf 76' lang='grc' dir='ltr'><strong>Ἐπὶ</strong></span> 
     </span>
    </p>
   </div>
   <div class='ocr_carea' id='block_1_74' title="bbox 2258 3516 3804 3592">
    <p class='ocr_par' dir='ltr' id='par_1_74' title="bbox 2258 3516 3804 3592">
     <span class='ocr_line' id='line_1_74' title="bbox 2258 3516 3804 3592; baseline 0.001 -22"><span class='ocrx_word' id='word_1_532' title='bbox 2258 3518 2368 3586; x_wconf 85' lang='grc' dir='ltr'>γὰρ</span> <span class='ocrx_word' id='word_1_533' title='bbox 2392 3516 2499 3568; x_wconf 78' lang='grc' dir='ltr'><strong>τῶν</strong></span> <span class='ocrx_word' id='word_1_534' title='bbox 2522 3516 2697 3570; x_wconf 87' lang='grc' dir='ltr'>ἄλλων</span> <span class='ocrx_word' id='word_1_535' title='bbox 2726 3517 2787 3569; x_wconf 91' lang='grc' dir='ltr'><strong>οὐ</strong></span> <span class='ocrx_word' id='word_1_536' title='bbox 2816 3518 2956 3570; x_wconf 86' lang='grc' dir='ltr'><strong>κατὰ</strong></span> <span class='ocrx_word' id='word_1_537' title='bbox 2985 3519 3297 3590; x_wconf 74' lang='grc' dir='ltr'>πρόσληψιν</span> <span class='ocrx_word' id='word_1_538' title='bbox 3328 3521 3557 3592; x_wconf 85' lang='grc' dir='ltr'>θατέρου</span> <span class='ocrx_word' id='word_1_539' title='bbox 3588 3524 3618 3590; x_wconf 88' lang='grc' dir='ltr'>ἡ</span> <span class='ocrx_word' id='word_1_540' title='bbox 3644 3523 3804 3581; x_wconf 73' lang='grc' dir='ltr'>ἓνωσις</span> 
     </span>
    </p>
   </div>
   <div class='ocr_carea' id='block_1_75' title="bbox 2260 3610 3806 3685">
    <p class='ocr_par' dir='ltr' id='par_1_75' title="bbox 2260 3610 3806 3685">
     <span class='ocr_line' id='line_1_75' title="bbox 2260 3610 3806 3685; baseline 0.006 -24"><span class='ocrx_word' id='word_1_541' title='bbox 2260 3611 2509 3676; x_wconf 80' lang='grc' dir='ltr'>γίνεται,</span> <span class='ocrx_word' id='word_1_542' title='bbox 2535 3610 2653 3664; x_wconf 79' lang='grc' dir='ltr'>ἀλλ’</span> <span class='ocrx_word' id='word_1_543' title='bbox 2680 3610 2849 3678; x_wconf 84' lang='grc' dir='ltr'>ἄμφω</span> <span class='ocrx_word' id='word_1_544' title='bbox 2883 3612 3174 3664; x_wconf 85' lang='grc' dir='ltr'>συνιόντων</span> <span class='ocrx_word' id='word_1_545' title='bbox 3213 3615 3279 3665; x_wconf 78' lang='grc' dir='ltr'>ἐκ</span> <span class='ocrx_word' id='word_1_546' title='bbox 3333 3615 3430 3667; x_wconf 88' lang='grc' dir='ltr'><strong>τοῦ</strong></span> <span class='ocrx_word' id='word_1_547' title='bbox 3462 3615 3535 3685; x_wconf 80' lang='grc' dir='ltr'>μὴ</span> <span class='ocrx_word' id='word_1_548' title='bbox 3570 3615 3707 3670; x_wconf 76' lang='grc' dir='ltr'>ὄντος</span> <span class='ocrx_word' id='word_1_549' title='bbox 3746 3612 3806 3671; x_wconf 83' lang='grc' dir='ltr'><strong>εἰς</strong></span> 
     </span>
    </p>
   </div>
   <div class='ocr_carea' id='block_1_76' title="bbox 2255 3700 3807 3772">
    <p class='ocr_par' dir='ltr' id='par_1_76' title="bbox 2255 3700 3807 3772">
     <span class='ocr_line' id='line_1_76' title="bbox 2255 3700 3807 3772; baseline -0.001 -19"><span class='ocrx_word' id='word_1_550' title='bbox 2255 3700 2355 3770; x_wconf 83' lang='grc' dir='ltr'><strong>τὴν</strong></span> <span class='ocrx_word' id='word_1_551' title='bbox 2405 3700 2500 3753; x_wconf 90' lang='grc' dir='ltr'><strong>τοῦ</strong></span> <span class='ocrx_word' id='word_1_552' title='bbox 2554 3702 2811 3755; x_wconf 80' lang='grc' dir='ltr'>συνθέτου</span> <span class='ocrx_word' id='word_1_553' title='bbox 2857 3702 3254 3772; x_wconf 81' lang='grc' dir='ltr'>συμπλήρωσιν</span> <span class='ocrx_word' id='word_1_554' title='bbox 3294 3707 3391 3758; x_wconf 81' lang='grc' dir='ltr'>καὶ</span> <span class='ocrx_word' id='word_1_555' title='bbox 3437 3705 3699 3757; x_wconf 88' lang='grc' dir='ltr'>οὐσίωσιν.</span> <span class='ocrx_word' id='word_1_556' title='bbox 3759 3702 3807 3754; x_wconf 82' lang='lat' dir='ltr'><strong>&#39;ll</strong></span> 
     </span>
    </p>
   </div>
   <div class='ocr_carea' id='block_1_77' title="bbox 2261 3793 3808 3869">
    <p class='ocr_par' dir='ltr' id='par_1_77' title="bbox 2261 3793 3808 3869">
     <span class='ocr_line' id='line_1_77' title="bbox 2261 3793 3808 3869; baseline 0.002 -24"><span class='ocrx_word' id='word_1_557' title='bbox 2261 3793 2361 3863; x_wconf 85' lang='grc' dir='ltr'><strong>μὲν</strong></span> <span class='ocrx_word' id='word_1_558' title='bbox 2387 3794 2432 3824; x_wconf 78' lang='grc'>⁸³</span> <span class='ocrx_word' id='word_1_559' title='bbox 2457 3794 2596 3863; x_wconf 84' lang='grc' dir='ltr'>πρὸς</span> <span class='ocrx_word' id='word_1_560' title='bbox 2637 3794 2891 3865; x_wconf 81' lang='grc' dir='ltr'>Ἰωάννην</span> <span class='ocrx_word' id='word_1_561' title='bbox 2922 3797 3179 3866; x_wconf 82' lang='grc' dir='ltr'>ἐπιστολὴ</span> <span class='ocrx_word' id='word_1_562' title='bbox 3214 3796 3356 3869; x_wconf 82' lang='grc' dir='ltr'>αῦτη</span> <span class='ocrx_word' id='word_1_563' title='bbox 3396 3799 3489 3850; x_wconf 69' lang='grc' dir='ltr'>καὶ</span> <span class='ocrx_word' id='word_1_564' title='bbox 3525 3796 3593 3849; x_wconf 77' lang='grc' dir='ltr'><strong>τὰ</strong></span> <span class='ocrx_word' id='word_1_565' title='bbox 3620 3800 3672 3849; x_wconf 83' lang='grc' dir='ltr'>ὲν</span> <span class='ocrx_word' id='word_1_566' title='bbox 3696 3795 3808 3861; x_wconf 80' lang='grc' dir='ltr'>αὐτῇ</span> 
     </span>
    </p>
   </div>
   <div class='ocr_carea' id='block_1_78' title="bbox 2250 3884 2540 3953">
    <p class='ocr_par' dir='ltr' id='par_1_78' title="bbox 2250 3884 2540 3953">
     <span class='ocr_line' id='line_1_78' title="bbox 2250 3884 2540 3953; baseline 0.007 -16"><span class='ocrx_word' id='word_1_567' title='bbox 2250 3884 2540 3953; x_wconf 80' lang='grc' dir='ltr'>κεφάλαια.</span> 
     </span>
    </p>
   </div>
   <div class='ocr_carea' id='block_1_79' title="bbox 565 3981 3810 4055">
    <p class='ocr_par' dir='ltr' id='par_1_79' title="bbox 565 3981 3810 4055">
     <span class='ocr_line' id='line_1_79' title="bbox 565 3981 3810 4055; baseline -0.001 -16"><span class='ocrx_word' id='word_1_568' title='bbox 565 4000 673 4039; x_wconf 89' lang='lat' dir='ltr'><strong>non</strong></span> <span class='ocrx_word' id='word_1_569' title='bbox 714 3994 819 4049; x_wconf 88' lang='lat' dir='ltr'><strong>est,</strong></span> <span class='ocrx_word' id='word_1_570' title='bbox 873 3986 941 4039; x_wconf 89' lang='lat' dir='ltr'><strong>ad</strong></span> <span class='ocrx_word' id='word_1_571' title='bbox 1005 3983 1291 4051; x_wconf 88' lang='lat' dir='ltr'><strong>compositi</strong></span> <span class='ocrx_word' id='word_1_572' title='bbox 1368 3981 1761 4051; x_wconf 77' lang='lat' dir='ltr'><strong>perfectionem</strong></span> <span class='ocrx_word' id='word_1_573' title='bbox 1816 3988 1980 4049; x_wconf 88' lang='lat' dir='ltr'><strong>atque</strong></span> <span class='ocrx_word' id='word_1_574' title='bbox 2045 3982 2492 4037; x_wconf 74' lang='lat' dir='ltr'><strong>COD3t|lllll0llelll</strong></span> <span class='ocrx_word' id='word_1_575' title='bbox 2544 3984 3016 4039; x_wconf 87' lang='lat' dir='ltr'><strong>concurrentibus.</strong></span> <span class='ocrx_word' id='word_1_576' title='bbox 3062 3983 3187 4039; x_wconf 66' lang='lat' dir='ltr'><strong>Haec</strong></span> <span class='ocrx_word' id='word_1_577' title='bbox 3227 4000 3359 4055; x_wconf 76' lang='lat' dir='ltr'><strong>ergo</strong></span> <span class='ocrx_word' id='word_1_578' title='bbox 3390 3982 3555 4039; x_wconf 90' lang='lat' dir='ltr'><strong>estad</strong></span> <span class='ocrx_word' id='word_1_579' title='bbox 3586 3983 3810 4039; x_wconf 83' lang='lat' dir='ltr'><strong>Joannem</strong></span> 
     </span>
    </p>
   </div>
   <div class='ocr_carea' id='block_1_80' title="bbox 565 4077 1391 4148">
    <p class='ocr_par' dir='ltr' id='par_1_80' title="bbox 565 4077 1391 4148">
     <span class='ocr_line' id='line_1_80' title="bbox 565 4077 1391 4148; baseline -0.005 -17"><span class='ocrx_word' id='word_1_580' title='bbox 565 4080 814 4148; x_wconf 86' lang='lat' dir='ltr'><strong>epistola,</strong></span> <span class='ocrx_word' id='word_1_581' title='bbox 853 4078 1047 4146; x_wconf 76' lang='lat' dir='ltr'><strong>eteius</strong></span> <span class='ocrx_word' id='word_1_582' title='bbox 1082 4078 1167 4129; x_wconf 91' lang='lat' dir='ltr'><strong>illa</strong></span> <span class='ocrx_word' id='word_1_583' title='bbox 1192 4077 1391 4146; x_wconf 79' lang='lat' dir='ltr'><strong>capita.</strong></span> 
     </span>
    </p>
   </div>
   <div class='ocr_carea' id='block_1_81' title="bbox 646 4165 2157 4238">
    <p class='ocr_par' dir='ltr' id='par_1_81' title="bbox 646 4165 2157 4238">
     <span class='ocr_line' id='line_1_81' title="bbox 646 4165 2157 4238; baseline -0.003 -16"><span class='ocrx_word' id='word_1_584' title='bbox 646 4168 1002 4238; x_wconf 79' lang='lat' dir='ltr'><strong>Reliquarum</strong></span> <span class='ocrx_word' id='word_1_585' title='bbox 1055 4170 1253 4223; x_wconf 88' lang='lat' dir='ltr'><strong>deinde</strong></span> <span class='ocrx_word' id='word_1_586' title='bbox 1318 4178 1429 4222; x_wconf 85' lang='lat' dir='ltr'><strong>tres</strong></span> <span class='ocrx_word' id='word_1_587' title='bbox 1492 4167 1629 4221; x_wconf 74' lang='lat' dir='ltr'><strong>datae</strong></span> <span class='ocrx_word' id='word_1_588' title='bbox 1676 4166 1743 4219; x_wconf 87' lang='lat' dir='ltr'><strong>ad</strong></span> <span class='ocrx_word' id='word_1_589' title='bbox 1814 4165 2157 4219; x_wconf 82' lang='lat' dir='ltr'><strong>Thalassium</strong></span> 
     </span>
    </p>
   </div>
   <div class='ocr_carea' id='block_1_82' title="bbox 575 4255 2163 4332">
    <p class='ocr_par' dir='ltr' id='par_1_82' title="bbox 575 4255 2163 4332">
     <span class='ocr_line' id='line_1_82' title="bbox 575 4255 2163 4332; baseline -0.001 -19"><span class='ocrx_word' id='word_1_590' title='bbox 575 4264 966 4332; x_wconf 66' lang='lat' dir='ltr'><strong>presbyterum</strong></span> <span class='ocrx_word' id='word_1_591' title='bbox 996 4276 1059 4312; x_wconf 85' lang='lat' dir='ltr'><strong>ac</strong></span> <span class='ocrx_word' id='word_1_592' title='bbox 1086 4260 1401 4328; x_wconf 74' lang='lat' dir='ltr'><strong>pra-lectum</strong></span> <span class='ocrx_word' id='word_1_593' title='bbox 1433 4276 1448 4325; x_wconf 92' lang='lat'><strong>;</strong></span> <span class='ocrx_word' id='word_1_594' title='bbox 1482 4260 1601 4312; x_wconf 76' lang='lat' dir='ltr'><strong>dua:</strong></span> <span class='ocrx_word' id='word_1_595' title='bbox 1635 4260 1701 4310; x_wconf 87' lang='lat' dir='ltr'><strong>ad</strong></span> <span class='ocrx_word' id='word_1_596' title='bbox 1731 4255 1990 4311; x_wconf 83' lang='lat' dir='ltr'><strong>Joannem</strong></span> <span class='ocrx_word' id='word_1_597' title='bbox 2017 4257 2163 4311; x_wconf 80' lang='lat' dir='ltr'><strong>cubi-</strong></span> 
     </span>
    </p>
   </div>
   <div class='ocr_carea' id='block_1_83' title="bbox 2342 4164 3809 4239">
    <p class='ocr_par' dir='ltr' id='par_1_83' title="bbox 2342 4164 3809 4239">
     <span class='ocr_line' id='line_1_83' title="bbox 2342 4164 3809 4239; baseline -0.003 -20"><span class='ocrx_word' id='word_1_598' title='bbox 2342 4166 2463 4219; x_wconf 91' lang='grc' dir='ltr'><strong>Τῶν</strong></span> <span class='ocrx_word' id='word_1_599' title='bbox 2490 4166 2535 4219; x_wconf 90' lang='grc' dir='ltr'>δ’</span> <span class='ocrx_word' id='word_1_600' title='bbox 2568 4166 2747 4221; x_wconf 78' lang='grc' dir='ltr'>ἄλλων</span> <span class='ocrx_word' id='word_1_601' title='bbox 2777 4168 3079 4221; x_wconf 75' lang='grc' dir='ltr'>ἐπιστολῶν</span> <span class='ocrx_word' id='word_1_602' title='bbox 3118 4170 3265 4239; x_wconf 86' lang='grc' dir='ltr'>τρεῖς</span> <span class='ocrx_word' id='word_1_603' title='bbox 3303 4168 3403 4239; x_wconf 87' lang='grc' dir='ltr'><strong>μέν</strong></span> <span class='ocrx_word' id='word_1_604' title='bbox 3446 4170 3550 4221; x_wconf 76' lang='grc' dir='ltr'>εἰσι</span> <span class='ocrx_word' id='word_1_605' title='bbox 3579 4168 3704 4236; x_wconf 78' lang='grc' dir='ltr'>πρὸς</span> <span class='ocrx_word' id='word_1_606' title='bbox 3727 4164 3809 4215; x_wconf 82' lang='grc' dir='ltr'><strong>Θα-</strong></span> 
     </span>
    </p>
   </div>
   <div class='ocr_carea' id='block_1_84' title="bbox 2264 4255 3813 4330">
    <p class='ocr_par' dir='ltr' id='par_1_84' title="bbox 2264 4255 3813 4330">
     <span class='ocr_line' id='line_1_84' title="bbox 2264 4255 3813 4330; baseline 0.003 -21"><span class='ocrx_word' id='word_1_607' title='bbox 2264 4255 2487 4310; x_wconf 83' lang='grc' dir='ltr'>λάσσιον</span> <span class='ocrx_word' id='word_1_608' title='bbox 2536 4259 2913 4330; x_wconf 83' lang='grc' dir='ltr'>πρεσϐύτερον</span> <span class='ocrx_word' id='word_1_609' title='bbox 2966 4259 3061 4312; x_wconf 80' lang='grc' dir='ltr'>καὶ</span> <span class='ocrx_word' id='word_1_610' title='bbox 3107 4261 3435 4329; x_wconf 80' lang='grc' dir='ltr'>ἡγούμενον,</span> <span class='ocrx_word' id='word_1_611' title='bbox 3480 4260 3570 4312; x_wconf 85' lang='grc' dir='ltr'><strong>δύο</strong></span> <span class='ocrx_word' id='word_1_612' title='bbox 3612 4258 3664 4310; x_wconf 81' lang='grc' dir='ltr'>δὲ</span> <span class='ocrx_word' id='word_1_613' title='bbox 3704 4255 3813 4326; x_wconf 77' lang='grc' dir='ltr'>πρὸς</span> 
     </span>
    </p>
   </div>
   <div class='ocr_carea' id='block_1_85' title="bbox 573 4344 2140 4434">
    <p class='ocr_par' dir='ltr' id='par_1_85' title="bbox 573 4351 2140 4421">
     <span class='ocr_line' id='line_1_85' title="bbox 573 4351 2140 4421; baseline -0.004 -14"><span class='ocrx_word' id='word_1_614' title='bbox 573 4354 869 4418; x_wconf 87' lang='lat' dir='ltr'><strong>cularium,</strong></span> <span class='ocrx_word' id='word_1_615' title='bbox 936 4353 1161 4406; x_wconf 88' lang='lat' dir='ltr'><strong>totidem</strong></span> <span class='ocrx_word' id='word_1_616' title='bbox 1240 4354 1309 4406; x_wconf 85' lang='lat' dir='ltr'><strong>ad</strong></span> <span class='ocrx_word' id='word_1_617' title='bbox 1391 4351 1756 4421; x_wconf 89' lang='lat' dir='ltr'><strong>Sophronium</strong></span> <span class='ocrx_word' id='word_1_618' title='bbox 1836 4351 2140 4403; x_wconf 76' lang='lat' dir='ltr'><strong>monachun</strong></span> 
     </span>
    </p>
   </div>
   <div class='ocr_carea' id='block_1_86' title="bbox 2244 4344 3815 4434">
    <p class='ocr_par' dir='ltr' id='par_1_86' title="bbox 2279 4344 3815 4421">
     <span class='ocr_line' id='line_1_86' title="bbox 2279 4344 3815 4421; baseline -0.005 -21"><span class='ocrx_word' id='word_1_619' title='bbox 2279 4348 2535 4417; x_wconf 82' lang='grc' dir='ltr'>Ἰωάννην</span> <span class='ocrx_word' id='word_1_620' title='bbox 2590 4348 3060 4421; x_wconf 85' lang='grc' dir='ltr'>κουϐικουλάριον,</span> <span class='ocrx_word' id='word_1_621' title='bbox 3110 4348 3204 4404; x_wconf 80' lang='grc' dir='ltr'><strong>δύο</strong></span> <span class='ocrx_word' id='word_1_622' title='bbox 3250 4349 3309 4401; x_wconf 82' lang='grc' dir='ltr'>δὲ</span> <span class='ocrx_word' id='word_1_623' title='bbox 3362 4348 3499 4420; x_wconf 81' lang='grc' dir='ltr'>πρὸς</span> <span class='ocrx_word' id='word_1_624' title='bbox 3548 4344 3815 4415; x_wconf 79' lang='grc' dir='ltr'>Σωφρόνιον</span> 
     </span>
    </p>
   </div>
   <div class='ocr_carea' id='block_1_87' title="bbox 573 4441 2160 4516">
    <p class='ocr_par' dir='ltr' id='par_1_87' title="bbox 573 4441 2160 4516">
     <span class='ocr_line' id='line_1_87' title="bbox 573 4441 2160 4516; baseline -0.002 -18"><span class='ocrx_word' id='word_1_625' title='bbox 573 4458 938 4516; x_wconf 76' lang='lat' dir='ltr'><strong>cognomento</strong></span> <span class='ocrx_word' id='word_1_626' title='bbox 963 4445 1287 4499; x_wconf 86' lang='lat' dir='ltr'><strong>Eucratam:</strong></span> <span class='ocrx_word' id='word_1_627' title='bbox 1319 4458 1425 4497; x_wconf 85' lang='lat' dir='ltr'><strong>una</strong></span> <span class='ocrx_word' id='word_1_628' title='bbox 1455 4444 1521 4497; x_wconf 89' lang='lat' dir='ltr'><strong>ad</strong></span> <span class='ocrx_word' id='word_1_629' title='bbox 1538 4442 1801 4496; x_wconf 89' lang='lat' dir='ltr'><strong>Joannem</strong></span> <span class='ocrx_word' id='word_1_630' title='bbox 1824 4441 2160 4510; x_wconf 87' lang='lat' dir='ltr'><strong>Sophistam,</strong></span> 
     </span>
    </p>
   </div>
   <div class='ocr_carea' id='block_1_88' title="bbox 573 4532 2164 4605">
    <p class='ocr_par' dir='ltr' id='par_1_88' title="bbox 573 4532 2164 4605">
     <span class='ocr_line' id='line_1_88' title="bbox 573 4532 2164 4605; baseline -0.002 -15"><span class='ocrx_word' id='word_1_631' title='bbox 573 4547 631 4590; x_wconf 89' lang='lat' dir='ltr'><strong>et</strong></span> <span class='ocrx_word' id='word_1_632' title='bbox 661 4536 835 4591; x_wconf 87' lang='lat' dir='ltr'><strong>altera</strong></span> <span class='ocrx_word' id='word_1_633' title='bbox 889 4538 957 4590; x_wconf 88' lang='lat' dir='ltr'><strong>ad</strong></span> <span class='ocrx_word' id='word_1_634' title='bbox 997 4534 1213 4590; x_wconf 84' lang='lat' dir='ltr'><strong>Janiam</strong></span> <span class='ocrx_word' id='word_1_635' title='bbox 1252 4533 1586 4605; x_wconf 62' lang='lat' dir='ltr'><strong>praefectam.</strong></span> <span class='ocrx_word' id='word_1_636' title='bbox 1628 4534 1823 4587; x_wconf 91' lang='lat' dir='ltr'><strong>lterum</strong></span> <span class='ocrx_word' id='word_1_637' title='bbox 1868 4549 1970 4585; x_wconf 89' lang='lat' dir='ltr'><strong>una</strong></span> <span class='ocrx_word' id='word_1_638' title='bbox 2020 4532 2164 4587; x_wconf 87' lang='lat' dir='ltr'><strong>Tha-</strong></span> 
     </span>
    </p>
   </div>
   <div class='ocr_carea' id='block_1_89' title="bbox 2271 4433 3815 4510">
    <p class='ocr_par' dir='ltr' id='par_1_89' title="bbox 2271 4433 3815 4510">
     <span class='ocr_line' id='line_1_89' title="bbox 2271 4433 3815 4510; baseline 0.003 -20"><span class='ocrx_word' id='word_1_639' title='bbox 2271 4439 2577 4508; x_wconf 80' lang='grc' dir='ltr'>μονάζοντα</span> <span class='ocrx_word' id='word_1_640' title='bbox 2628 4440 2720 4493; x_wconf 84' lang='grc' dir='ltr'><strong>τὸν</strong></span> <span class='ocrx_word' id='word_1_641' title='bbox 2767 4441 2998 4509; x_wconf 81' lang='grc' dir='ltr'>ἐπίκλην</span> <span class='ocrx_word' id='word_1_642' title='bbox 3050 4441 3360 4510; x_wconf 82' lang='grc' dir='ltr'>Εὐκρατᾶν,</span> <span class='ocrx_word' id='word_1_643' title='bbox 3416 4440 3511 4494; x_wconf 79' lang='grc' dir='ltr'>καὶ</span> <span class='ocrx_word' id='word_1_644' title='bbox 3565 4439 3656 4509; x_wconf 86' lang='grc' dir='ltr'><strong>μία</strong></span> <span class='ocrx_word' id='word_1_645' title='bbox 3706 4433 3815 4503; x_wconf 67' lang='grc' dir='ltr'>πρὸς</span> 
     </span>
    </p>
   </div>
   <div class='ocr_carea' id='block_1_90' title="bbox 2284 4524 3816 4602">
    <p class='ocr_par' dir='ltr' id='par_1_90' title="bbox 2284 4524 3816 4602">
     <span class='ocr_line' id='line_1_90' title="bbox 2284 4524 3816 4602; baseline -0.003 -20"><span class='ocrx_word' id='word_1_646' title='bbox 2284 4530 2544 4600; x_wconf 85' lang='grc' dir='ltr'>Ἰωάννην</span> <span class='ocrx_word' id='word_1_647' title='bbox 2600 4532 2883 4601; x_wconf 81' lang='grc' dir='ltr'>σοφιστὴν,</span> <span class='ocrx_word' id='word_1_648' title='bbox 2931 4534 3025 4583; x_wconf 75' lang='grc' dir='ltr'>καὶ</span> <span class='ocrx_word' id='word_1_649' title='bbox 3064 4533 3165 4602; x_wconf 88' lang='grc' dir='ltr'><strong>μία</strong></span> <span class='ocrx_word' id='word_1_650' title='bbox 3200 4532 3337 4602; x_wconf 81' lang='grc' dir='ltr'>πρὸς</span> <span class='ocrx_word' id='word_1_651' title='bbox 3376 4531 3571 4584; x_wconf 85' lang='grc' dir='ltr'>Ἰανίαν</span> <span class='ocrx_word' id='word_1_652' title='bbox 3617 4524 3816 4599; x_wconf 80' lang='grc' dir='ltr'>ἡγουμέ-</span> 
     </span>
    </p>
   </div>
   <div class='ocr_carea' id='block_1_91' title="bbox 576 4620 2140 4697">
    <p class='ocr_par' dir='ltr' id='par_1_91' title="bbox 576 4621 2140 4697">
     <span class='ocr_line' id='line_1_91' title="bbox 576 4621 2140 4697; baseline -0.003 -18"><span class='ocrx_word' id='word_1_653' title='bbox 576 4626 745 4681; x_wconf 87' lang='lat' dir='ltr'><strong>lassio</strong></span> <span class='ocrx_word' id='word_1_654' title='bbox 772 4624 1033 4697; x_wconf 72' lang='lat' dir='ltr'><strong>praefecto</strong></span> <span class='ocrx_word' id='word_1_655' title='bbox 1059 4641 1122 4679; x_wconf 91' lang='lat' dir='ltr'><strong>ac</strong></span> <span class='ocrx_word' id='word_1_656' title='bbox 1147 4625 1469 4695; x_wconf 87' lang='lat' dir='ltr'><strong>presbytero</strong></span> <span class='ocrx_word' id='word_1_657' title='bbox 1495 4623 1682 4688; x_wconf 89' lang='lat' dir='ltr'><strong>missa,</strong></span> <span class='ocrx_word' id='word_1_658' title='bbox 1710 4622 1875 4677; x_wconf 83' lang='lat' dir='ltr'><strong>altera</strong></span> <span class='ocrx_word' id='word_1_659' title='bbox 1912 4621 2140 4676; x_wconf 86' lang='lat' dir='ltr'><strong>Jordana</strong></span> 
     </span>
    </p>
   </div>
   <div class='ocr_carea' id='block_1_92' title="bbox 2244 4620 3815 4697">
    <p class='ocr_par' dir='ltr' id='par_1_92' title="bbox 2271 4620 3815 4694">
     <span class='ocr_line' id='line_1_92' title="bbox 2271 4620 3815 4694; baseline 0 -17"><span class='ocrx_word' id='word_1_660' title='bbox 2271 4640 2389 4690; x_wconf 84' lang='grc' dir='ltr'>νην,</span> <span class='ocrx_word' id='word_1_661' title='bbox 2431 4621 2525 4674; x_wconf 74' lang='grc' dir='ltr'>καὶ</span> <span class='ocrx_word' id='word_1_662' title='bbox 2558 4621 2656 4691; x_wconf 86' lang='grc' dir='ltr'><strong>μία</strong></span> <span class='ocrx_word' id='word_1_663' title='bbox 2690 4621 2978 4694; x_wconf 84' lang='grc' dir='ltr'>Θαλασσίῳ</span> <span class='ocrx_word' id='word_1_664' title='bbox 3013 4624 3302 4694; x_wconf 80' lang='grc' dir='ltr'>ἡγουμένῳ</span> <span class='ocrx_word' id='word_1_665' title='bbox 3338 4626 3429 4677; x_wconf 76' lang='grc' dir='ltr'><strong>καὶ</strong></span> <span class='ocrx_word' id='word_1_666' title='bbox 3461 4620 3815 4692; x_wconf 74' lang='grc' dir='ltr'>πρεσϐυτέρῳν</span> 
     </span>
    </p>
   </div>
   <div class='ocr_carea' id='block_1_93' title="bbox 583 4715 2168 4789">
    <p class='ocr_par' dir='ltr' id='par_1_93' title="bbox 583 4715 2168 4789">
     <span class='ocr_line' id='line_1_93' title="bbox 583 4715 2168 4789; baseline -0.002 -20"><span class='ocrx_word' id='word_1_667' title='bbox 583 4720 932 4789; x_wconf 72' lang='lat' dir='ltr'><strong>presbytero,</strong></span> <span class='ocrx_word' id='word_1_668' title='bbox 971 4719 1357 4787; x_wconf 84' lang='lat' dir='ltr'><strong>Stephanoque</strong></span> <span class='ocrx_word' id='word_1_669' title='bbox 1413 4715 1669 4787; x_wconf 67' lang='lat' dir='ltr'><strong>prazl’ecto</strong></span> <span class='ocrx_word' id='word_1_670' title='bbox 1712 4731 1775 4770; x_wconf 88' lang='lat' dir='ltr'><strong>ac</strong></span> <span class='ocrx_word' id='word_1_671' title='bbox 1830 4717 2168 4785; x_wconf 87' lang='lat' dir='ltr'><strong>presbytero.</strong></span> 
     </span>
    </p>
   </div>
   <div class='ocr_carea' id='block_1_94' title="bbox 588 4806 2168 4879">
    <p class='ocr_par' dir='ltr' id='par_1_94' title="bbox 588 4806 2168 4879">
     <span class='ocr_line' id='line_1_94' title="bbox 588 4806 2168 4879; baseline -0.001 -18"><span class='ocrx_word' id='word_1_672' title='bbox 588 4808 705 4861; x_wconf 80' lang='lat' dir='ltr'><strong>Una</strong></span> <span class='ocrx_word' id='word_1_673' title='bbox 735 4824 950 4877; x_wconf 88' lang='lat' dir='ltr'><strong>quoque</strong></span> <span class='ocrx_word' id='word_1_674' title='bbox 977 4807 1246 4879; x_wconf 88' lang='lat' dir='ltr'><strong>Cyrisicio</strong></span> <span class='ocrx_word' id='word_1_675' title='bbox 1298 4808 1577 4877; x_wconf 85' lang='lat' dir='ltr'><strong>episcopo,</strong></span> <span class='ocrx_word' id='word_1_676' title='bbox 1630 4820 1959 4875; x_wconf 90' lang='lat' dir='ltr'><strong>rursumque</strong></span> <span class='ocrx_word' id='word_1_677' title='bbox 1993 4806 2168 4860; x_wconf 88' lang='lat' dir='ltr'><strong>altera</strong></span> 
     </span>
    </p>
   </div>
   <div class='ocr_carea' id='block_1_95' title="bbox 582 4896 2170 4968">
    <p class='ocr_par' dir='ltr' id='par_1_95' title="bbox 582 4896 2170 4968">
     <span class='ocr_line' id='line_1_95' title="bbox 582 4896 2170 4968; baseline -0.001 -15"><span class='ocrx_word' id='word_1_678' title='bbox 582 4896 781 4953; x_wconf 85' lang='lat' dir='ltr'><strong>Joanni</strong></span> <span class='ocrx_word' id='word_1_679' title='bbox 845 4900 1219 4964; x_wconf 87' lang='lat' dir='ltr'><strong>cubiculario,</strong></span> <span class='ocrx_word' id='word_1_680' title='bbox 1284 4899 1539 4954; x_wconf 89' lang='lat' dir='ltr'><strong>similiter</strong></span> <span class='ocrx_word' id='word_1_681' title='bbox 1587 4908 1643 4953; x_wconf 92' lang='lat' dir='ltr'><strong>et</strong></span> <span class='ocrx_word' id='word_1_682' title='bbox 1700 4898 1978 4967; x_wconf 87' lang='lat' dir='ltr'><strong>Stephano</strong></span> <span class='ocrx_word' id='word_1_683' title='bbox 2030 4913 2170 4968; x_wconf 73' lang='lat' dir='ltr'><strong>pra:-</strong></span> 
     </span>
    </p>
   </div>
   <div class='ocr_carea' id='block_1_96' title="bbox 2273 4714 3818 4788">
    <p class='ocr_par' dir='ltr' id='par_1_96' title="bbox 2273 4714 3818 4788">
     <span class='ocr_line' id='line_1_96' title="bbox 2273 4714 3818 4788; baseline -0.004 -21"><span class='ocrx_word' id='word_1_684' title='bbox 2273 4716 2367 4767; x_wconf 73' lang='lat' dir='ltr'><strong>xai.</strong></span> <span class='ocrx_word' id='word_1_685' title='bbox 2401 4715 2500 4784; x_wconf 86' lang='grc' dir='ltr'><strong>μία</strong></span> <span class='ocrx_word' id='word_1_686' title='bbox 2554 4714 2797 4788; x_wconf 82' lang='grc' dir='ltr'>Ἰορδάνῃ</span> <span class='ocrx_word' id='word_1_687' title='bbox 2842 4716 3203 4788; x_wconf 84' lang='grc' dir='ltr'>πρεσϐυτέρῳ</span> <span class='ocrx_word' id='word_1_688' title='bbox 3250 4720 3344 4771; x_wconf 68' lang='grc' dir='ltr'><strong>καὶ</strong></span> <span class='ocrx_word' id='word_1_689' title='bbox 3394 4718 3645 4787; x_wconf 73' lang='grc' dir='ltr'>Στεφάνῳ</span> <span class='ocrx_word' id='word_1_690' title='bbox 3684 4715 3818 4782; x_wconf 80' lang='grc' dir='ltr'>ἡγου-</span> 
     </span>
    </p>
   </div>
   <div class='ocr_carea' id='block_1_97' title="bbox 2280 4804 3819 4879">
    <p class='ocr_par' dir='ltr' id='par_1_97' title="bbox 2280 4804 3819 4879">
     <span class='ocr_line' id='line_1_97' title="bbox 2280 4804 3819 4879; baseline -0.006 -19"><span class='ocrx_word' id='word_1_691' title='bbox 2280 4807 2428 4877; x_wconf 82' lang='grc' dir='ltr'>μένῳ</span> <span class='ocrx_word' id='word_1_692' title='bbox 2459 4806 2555 4859; x_wconf 69' lang='grc' dir='ltr'>καὶ</span> <span class='ocrx_word' id='word_1_693' title='bbox 2603 4807 2964 4879; x_wconf 82' lang='grc' dir='ltr'>πρεσϐυτέρῳ</span> <span class='ocrx_word' id='word_1_694' title='bbox 2989 4847 3003 4869; x_wconf 85' lang='lat'><strong>,</strong></span> <span class='ocrx_word' id='word_1_695' title='bbox 3052 4810 3143 4862; x_wconf 80' lang='grc' dir='ltr'><strong>καὶ</strong></span> <span class='ocrx_word' id='word_1_696' title='bbox 3174 4810 3275 4877; x_wconf 82' lang='grc' dir='ltr'><strong>μία</strong></span> <span class='ocrx_word' id='word_1_697' title='bbox 3305 4809 3349 4840; x_wconf 68' lang='grc'><strong>⁸⁸</strong></span> <span class='ocrx_word' id='word_1_698' title='bbox 3394 4807 3690 4879; x_wconf 79' lang='grc' dir='ltr'>Κυρισικίῳ</span> <span class='ocrx_word' id='word_1_699' title='bbox 3720 4804 3819 4853; x_wconf 74' lang='grc' dir='ltr'>ἐπι·</span> 
     </span>
    </p>
   </div>
   <div class='ocr_carea' id='block_1_98' title="bbox 2281 4898 3818 4971">
    <p class='ocr_par' dir='ltr' id='par_1_98' title="bbox 2281 4898 3818 4971">
     <span class='ocr_line' id='line_1_98' title="bbox 2281 4898 3818 4971; baseline -0.006 -20"><span class='ocrx_word' id='word_1_700' title='bbox 2281 4899 2510 4970; x_wconf 83' lang='grc' dir='ltr'>σκόπῳ,</span> <span class='ocrx_word' id='word_1_701' title='bbox 2550 4900 2644 4952; x_wconf 73' lang='grc' dir='ltr'><strong>καὶ</strong></span> <span class='ocrx_word' id='word_1_702' title='bbox 2702 4900 2781 4953; x_wconf 75' lang='grc' dir='ltr'>ἔτι</span> <span class='ocrx_word' id='word_1_703' title='bbox 2816 4901 2859 4931; x_wconf 76' lang='grc'><strong>⁸⁸</strong></span> <span class='ocrx_word' id='word_1_704' title='bbox 2916 4902 3079 4970; x_wconf 82' lang='grc' dir='ltr'>ἑτέρα</span> <span class='ocrx_word' id='word_1_705' title='bbox 3134 4903 3231 4970; x_wconf 89' lang='grc' dir='ltr'><strong>μία</strong></span> <span class='ocrx_word' id='word_1_706' title='bbox 3295 4902 3516 4971; x_wconf 80' lang='grc' dir='ltr'>Ἰωάννῃ</span> <span class='ocrx_word' id='word_1_707' title='bbox 3570 4898 3818 4951; x_wconf 83' lang='grc' dir='ltr'>κουϐικου-</span> 
     </span>
    </p>
   </div>
   <div class='ocr_carea' id='block_1_99' title="bbox 587 4982 2140 5065">
    <p class='ocr_par' dir='ltr' id='par_1_99' title="bbox 587 4990 2137 5063">
     <span class='ocr_line' id='line_1_99' title="bbox 587 4990 2137 5063; baseline -0.001 -19"><span class='ocrx_word' id='word_1_708' title='bbox 587 4991 775 5057; x_wconf 74' lang='lat' dir='ltr'><strong>lecto,</strong></span> <span class='ocrx_word' id='word_1_709' title='bbox 832 5006 955 5046; x_wconf 86' lang='lat' dir='ltr'><strong>cum</strong></span> <span class='ocrx_word' id='word_1_710' title='bbox 1018 5006 1124 5045; x_wconf 89' lang='lat' dir='ltr'><strong>una</strong></span> <span class='ocrx_word' id='word_1_711' title='bbox 1181 4990 1248 5045; x_wconf 87' lang='lat' dir='ltr'><strong>ad</strong></span> <span class='ocrx_word' id='word_1_712' title='bbox 1323 4990 1599 5046; x_wconf 89' lang='lat' dir='ltr'><strong>Cononem</strong></span> <span class='ocrx_word' id='word_1_713' title='bbox 1666 4991 2045 5063; x_wconf 84' lang='lat' dir='ltr'><strong>presbyterum</strong></span> <span class='ocrx_word' id='word_1_714' title='bbox 2109 5006 2137 5043; x_wconf 89' lang='lat' dir='ltr'><strong>a</strong></span> 
     </span>
    </p>
   </div>
   <div class='ocr_carea' id='block_1_100' title="bbox 2244 4982 3821 5065">
    <p class='ocr_par' dir='ltr' id='par_1_100' title="bbox 2280 4982 3821 5065">
     <span class='ocr_line' id='line_1_100' title="bbox 2280 4982 3821 5065; baseline -0.024 -20"><span class='ocrx_word' id='word_1_715' title='bbox 2280 4991 2493 5063; x_wconf 79' lang='grc' dir='ltr'>λαρίῳ,</span> <span class='ocrx_word' id='word_1_716' title='bbox 2537 4992 2741 5062; x_wconf 86' lang='grc' dir='ltr'>ὁμοίως</span> <span class='ocrx_word' id='word_1_717' title='bbox 2793 4995 2890 5047; x_wconf 79' lang='grc' dir='ltr'>καὶ</span> <span class='ocrx_word' id='word_1_718' title='bbox 2946 4994 3201 5065; x_wconf 71' lang='grc' dir='ltr'>Στεφάνῳ</span> <span class='ocrx_word' id='word_1_719' title='bbox 3263 4993 3622 5065; x_wconf 68' lang='grc' dir='ltr'>πρεσδυτέρῳ</span> <span class='ocrx_word' id='word_1_720' title='bbox 3672 4996 3753 5039; x_wconf 54' lang='grc' dir='ltr'><strong>καί</strong></span> <span class='ocrx_word' id='word_1_721' title='bbox 3786 4982 3821 5011; x_wconf 71' lang='grc' dir='ltr'>ιο</span> 
     </span>
    </p>
   </div>
   <div class='ocr_carea' id='block_1_101' title="bbox 1888 5152 2583 5212">
    <p class='ocr_par' dir='ltr' id='par_1_101' title="bbox 1888 5152 2583 5212">
     <span class='ocr_line' id='line_1_101' title="bbox 1888 5152 2583 5212; baseline 0.004 -3"><span class='ocrx_word' id='word_1_722' title='bbox 1888 5152 2128 5209; x_wconf 77' lang='lat' dir='ltr'><strong>VARUE</strong></span> <span class='ocrx_word' id='word_1_723' title='bbox 2171 5152 2583 5212; x_wconf 85' lang='lat' dir='ltr'><strong>LECTIONES.</strong></span> 
     </span>
    </p>
   </div>
   <div class='ocr_carea' id='block_1_102' title="bbox 658 5266 2926 5342">
    <p class='ocr_par' dir='ltr' id='par_1_102' title="bbox 658 5266 2926 5342">
     <span class='ocr_line' id='line_1_102' title="bbox 658 5266 2926 5342; baseline 0.004 -23"><span class='ocrx_word' id='word_1_724' title='bbox 658 5269 703 5299; x_wconf 77' lang='lat'><strong>°°</strong></span> <span class='ocrx_word' id='word_1_725' title='bbox 738 5286 859 5342; x_wconf 79' lang='grc' dir='ltr'>τινα</span> <span class='ocrx_word' id='word_1_726' title='bbox 892 5267 1180 5342; x_wconf 71' lang='grc' dir='ltr'>φιλόσοφον</span> <span class='ocrx_word' id='word_1_727' title='bbox 1195 5266 1472 5342; x_wconf 75' lang='grc' dir='ltr'>Ἰωάννην]</span> <span class='ocrx_word' id='word_1_728' title='bbox 1492 5268 1744 5342; x_wconf 48' lang='grc' dir='ltr'>Ἰωάνν-ην</span> <span class='ocrx_word' id='word_1_729' title='bbox 1759 5268 1879 5321; x_wconf 78' lang='grc' dir='ltr'>τινὰ</span> <span class='ocrx_word' id='word_1_730' title='bbox 2056 5271 2098 5299; x_wconf 83' lang='grc'><strong>⁶¹</strong></span> <span class='ocrx_word' id='word_1_731' title='bbox 2134 5270 2533 5342; x_wconf 80' lang='grc' dir='ltr'>ἀπαράτρωτον</span> <span class='ocrx_word' id='word_1_732' title='bbox 2559 5273 2841 5327; x_wconf 86' lang='grc' dir='ltr'>εὐσέϐειαν</span> <span class='ocrx_word' id='word_1_733' title='bbox 2868 5290 2926 5338; x_wconf 80' lang='grc' dir='ltr'><strong>ς.</strong></span> 
     </span>
    </p>
   </div>
   <div class='ocr_carea' id='block_1_103' title="bbox 584 5334 919 5410">
    <p class='ocr_par' dir='ltr' id='par_1_103' title="bbox 584 5334 919 5410">
     <span class='ocr_line' id='line_1_103' title="bbox 584 5334 919 5410; baseline 0.009 -20"><span class='ocrx_word' id='word_1_734' title='bbox 584 5334 677 5410; x_wconf 83' lang='grc' dir='ltr'><strong>οὖν</strong></span> <span class='ocrx_word' id='word_1_735' title='bbox 709 5340 842 5410; x_wconf 79' lang='grc' dir='ltr'>πρὸς</span> <span class='ocrx_word' id='word_1_736' title='bbox 861 5334 919 5403; x_wconf 67' lang='grc' dir='ltr'>ςζ</span> 
     </span>
    </p>
   </div>
   <div class='ocr_carea' id='block_1_104' title="bbox 587 5409 1399 5481">
    <p class='ocr_par' dir='ltr' id='par_1_104' title="bbox 587 5409 1399 5481">
     <span class='ocr_line' id='line_1_104' title="bbox 587 5409 1399 5481; baseline 0.001 -21"><span class='ocrx_word' id='word_1_737' title='bbox 587 5409 633 5441; x_wconf 81' lang='grc'><strong>⁸⁸</strong></span> <span class='ocrx_word' id='word_1_738' title='bbox 662 5409 1015 5481; x_wconf 80' lang='grc' dir='ltr'>πρεσϐυτέρῳ</span> <span class='ocrx_word' id='word_1_739' title='bbox 1049 5411 1143 5462; x_wconf 74' lang='grc' dir='ltr'><strong>καὶ</strong></span> <span class='ocrx_word' id='word_1_740' title='bbox 1176 5409 1302 5463; x_wconf 84' lang='lat' dir='ltr'><strong>add.</strong></span> <span class='ocrx_word' id='word_1_741' title='bbox 1333 5410 1399 5462; x_wconf 85' lang='lat' dir='ltr'><strong>A.</strong></span> 
     </span>
    </p>
   </div>
   <div class='ocr_carea' id='block_1_105' title="bbox 1028 5337 3131 5411">
    <p class='ocr_par' dir='ltr' id='par_1_105' title="bbox 1028 5337 3131 5411">
     <span class='ocr_line' id='line_1_105' title="bbox 1028 5337 3131 5411; baseline 0.004 -21"><span class='ocrx_word' id='word_1_742' title='bbox 1028 5340 1073 5370; x_wconf 78' lang='lat'><strong>“</strong></span> <span class='ocrx_word' id='word_1_743' title='bbox 1102 5340 1195 5392; x_wconf 78' lang='grc' dir='ltr'><strong>καὶ</strong></span> <span class='ocrx_word' id='word_1_744' title='bbox 1228 5339 1326 5411; x_wconf 86' lang='grc' dir='ltr'><strong>μία</strong></span> <span class='ocrx_word' id='word_1_745' title='bbox 1360 5337 1827 5411; x_wconf 65' lang='grc' dir='ltr'>Κυρισίνδῳμιωε</span> <span class='ocrx_word' id='word_1_746' title='bbox 1854 5341 1992 5393; x_wconf 78' lang='lat' dir='ltr'><strong>Infra</strong></span> <span class='ocrx_word' id='word_1_747' title='bbox 2020 5342 2172 5409; x_wconf 85' lang='lat' dir='ltr'><strong>ponit</strong></span> <span class='ocrx_word' id='word_1_748' title='bbox 2196 5337 2394 5397; x_wconf 40' lang='lat' dir='ltr'><strong>A&#39;ante</strong></span> <span class='ocrx_word' id='word_1_749' title='bbox 2432 5343 2518 5397; x_wconf 87' lang='lat' dir='ltr'><strong>Illa</strong></span> <span class='ocrx_word' id='word_1_750' title='bbox 2562 5358 2613 5398; x_wconf 90' lang='lat' dir='ltr'><strong>v.</strong></span> <span class='ocrx_word' id='word_1_751' title='bbox 2661 5346 2749 5398; x_wconf 86' lang='grc'><strong>19.</strong></span> <span class='ocrx_word' id='word_1_752' title='bbox 2791 5337 2889 5397; x_wconf 70' lang='grc' dir='ltr'><strong>και</strong></span> <span class='ocrx_word' id='word_1_753' title='bbox 2937 5344 3032 5397; x_wconf 90' lang='grc' dir='ltr'>δύο</span> <span class='ocrx_word' id='word_1_754' title='bbox 3074 5345 3131 5399; x_wconf 91' lang='grc' dir='ltr'>Ἰ.</span> 
     </span>
    </p>
   </div>
   <div class='ocr_carea' id='block_1_106' title="bbox 3005 5264 3822 5343">
    <p class='ocr_par' dir='ltr' id='par_1_106' title="bbox 3005 5264 3822 5343">
     <span class='ocr_line' id='line_1_106' title="bbox 3005 5264 3822 5343; baseline -0.016 -17"><span class='ocrx_word' id='word_1_755' title='bbox 3005 5275 3049 5305; x_wconf 77' lang='grc'>⁸³</span> <span class='ocrx_word' id='word_1_756' title='bbox 3072 5272 3210 5343; x_wconf 76' lang='grc' dir='ltr'>τδτῷ</span> <span class='ocrx_word' id='word_1_757' title='bbox 3240 5271 3516 5343; x_wconf 82' lang='grc' dir='ltr'>Νεστορίῳ</span> <span class='ocrx_word' id='word_1_758' title='bbox 3546 5288 3603 5343; x_wconf 67' lang='lat' dir='ltr'><strong>g.</strong></span> <span class='ocrx_word' id='word_1_759' title='bbox 3655 5266 3711 5343; x_wconf 75' lang='lat'><strong>_°’</strong></span> <span class='ocrx_word' id='word_1_760' title='bbox 3741 5264 3822 5332; x_wconf 82' lang='grc' dir='ltr'>μὲν</span> 
     </span>
    </p>
   </div>
   <div class='ocr_carea' id='block_1_107' title="bbox 3229 5337 3818 5413">
    <p class='ocr_par' dir='ltr' id='par_1_107' title="bbox 3229 5337 3818 5413">
     <span class='ocr_line' id='line_1_107' title="bbox 3229 5337 3818 5413; baseline -0.022 -15"><span class='ocrx_word' id='word_1_761' title='bbox 3229 5344 3274 5375; x_wconf 73' lang='grc'><strong>⁸⁵</strong></span> <span class='ocrx_word' id='word_1_762' title='bbox 3310 5337 3429 5413; x_wconf 67' lang='grc' dir='ltr'>μία⁷</span> <span class='ocrx_word' id='word_1_763' title='bbox 3470 5337 3550 5395; x_wconf 75' lang='grc' dir='ltr'>ἔτι</span> <span class='ocrx_word' id='word_1_764' title='bbox 3587 5337 3733 5406; x_wconf 80' lang='grc' dir='ltr'>ἑτέρα</span> <span class='ocrx_word' id='word_1_765' title='bbox 3772 5350 3818 5397; x_wconf 81' lang='grc' dir='ltr'>ς.</span> 
     </span>
    </p>
   </div>
   <div class='ocr_carea' id='block_1_108' title="bbox 2111 5548 2343 5606">
    <p class='ocr_par' dir='ltr' id='par_1_108' title="bbox 2111 5548 2343 5606">
     <span class='ocr_line' id='line_1_108' title="bbox 2111 5548 2343 5606; baseline 0.013 -4"><span class='ocrx_word' id='word_1_766' title='bbox 2111 5548 2343 5606; x_wconf 60' lang='lat' dir='ltr'><strong>NOTAE.</strong></span> 
     </span>
    </p>
   </div>
   <div class='ocr_carea' id='block_1_109' title="bbox 667 5663 2161 5737">
    <p class='ocr_par' dir='ltr' id='par_1_109' title="bbox 667 5663 2161 5737">
     <span class='ocr_line' id='line_1_109' title="bbox 667 5663 2161 5737; baseline 0.003 -22"><span class='ocrx_word' id='word_1_767' title='bbox 667 5666 798 5732; x_wconf 65' lang='grc'><strong>(40⁸)</strong></span> <span class='ocrx_word' id='word_1_768' title='bbox 837 5665 965 5732; x_wconf 76' lang='lat' dir='ltr'><strong>Quae</strong></span> <span class='ocrx_word' id='word_1_769' title='bbox 994 5682 1130 5734; x_wconf 81' lang='lat' dir='ltr'><strong>pene.</strong></span> <span class='ocrx_word' id='word_1_770' title='bbox 1160 5667 1343 5720; x_wconf 86' lang='lat' dir='ltr'><strong>omnia</strong></span> <span class='ocrx_word' id='word_1_771' title='bbox 1392 5666 1619 5737; x_wconf 64' lang='lat' dir='ltr'><strong>repetita</strong></span> <span class='ocrx_word' id='word_1_772' title='bbox 1653 5667 1803 5737; x_wconf 74' lang='lat' dir='ltr'><strong>leges</strong></span> <span class='ocrx_word' id='word_1_773' title='bbox 1832 5667 1897 5720; x_wconf 84' lang='lat' dir='ltr'><strong>ad</strong></span> <span class='ocrx_word' id='word_1_774' title='bbox 1944 5663 2161 5721; x_wconf 85' lang='lat' dir='ltr'><strong>Petrum</strong></span> 
     </span>
    </p>
   </div>
   <div class='ocr_carea' id='block_1_110' title="bbox 596 5733 1275 5804">
    <p class='ocr_par' dir='ltr' id='par_1_110' title="bbox 596 5733 1275 5804">
     <span class='ocr_line' id='line_1_110' title="bbox 596 5733 1275 5804; baseline 0.001 -15"><span class='ocrx_word' id='word_1_775' title='bbox 596 5733 865 5789; x_wconf 77' lang='lat' dir='ltr'><strong>Illustrcm</strong></span> <span class='ocrx_word' id='word_1_776' title='bbox 890 5733 1127 5793; x_wconf 60' lang='lat' dir='ltr'><strong>inﬁt-od.</strong></span> <span class='ocrx_word' id='word_1_777' title='bbox 1160 5752 1275 5804; x_wconf 79' lang='lat' dir='ltr'><strong>seq.</strong></span> 
     </span>
    </p>
   </div>
   <div class='ocr_carea' id='block_1_111' title="bbox 2291 5667 3819 5791">
    <p class='ocr_par' dir='ltr' id='par_1_111' title="bbox 2291 5667 3819 5791">
     <span class='ocr_line' id='line_1_111' title="bbox 2291 5667 3819 5791; baseline -0.022 -47"><span class='ocrx_word' id='word_1_778' title='bbox 2291 5738 2303 5791; x_wconf 60' lang='grc' dir='ltr'><strong>Ι</strong></span> <span class='ocrx_word' id='word_1_779' title='bbox 2346 5668 2463 5749; x_wconf 44' lang='grc'><strong>(41)</strong></span> <span class='ocrx_word' id='word_1_780' title='bbox 2498 5667 2837 5723; x_wconf 67' lang='lat' dir='ltr'><strong>NW&quot;an</strong></span> <span class='ocrx_word' id='word_1_781' title='bbox 2889 5686 3103 5742; x_wconf 81' lang='lat' dir='ltr'><strong>quoque</strong></span> <span class='ocrx_word' id='word_1_782' title='bbox 3134 5684 3335 5735; x_wconf 77' lang='lat' dir='ltr'><strong>vertas.</strong></span> <span class='ocrx_word' id='word_1_783' title='bbox 3394 5682 3449 5726; x_wconf 90' lang='lat' dir='ltr'><strong>ut</strong></span> <span class='ocrx_word' id='word_1_784' title='bbox 3495 5679 3665 5724; x_wconf 87' lang='lat' dir='ltr'><strong>notum</strong></span> <span class='ocrx_word' id='word_1_785' title='bbox 3698 5668 3819 5718; x_wconf 53' lang='lat' dir='ltr'><strong>dum»</strong></span> 
     </span>
     <span class='ocr_line' id='line_1_112' title="bbox 2310 5754 2446 5791; baseline 0 0"><span class='ocrx_word' id='word_1_786' title='bbox 2310 5754 2446 5791; x_wconf 74' lang='lat' dir='ltr'><strong>onis.</strong></span> 
     </span>
    </p>
   </div>
   <div class='ocr_carea' id='block_1_112' title="bbox 2310 5754 2446 5808">
    <p class='ocr_par' dir='ltr' id='par_1_112' title="bbox 2310 5754 2446 5808">
     <span class='ocr_line' id='line_1_113' title="bbox 2310 5754 2446 5808; baseline 0.029 -18"><span class='ocrx_word' id='word_1_787' title='bbox 2310 5754 2446 5808; x_wconf 82' lang='lat' dir='ltr'><strong>ogts.</strong></span> 
     </span>
    </p>
   </div>
  </div>
