4022 6498
307 407 407 470 649

1223 409 1753 471 BIBLIDTHECA.
1776 433 1844 446 -
1867 411 2086 471 CODD.
2121 411 2383 486 CXCIII,
2419 412 2659 474 CXCIV.

3471 417 3574 477 65:)

303 519 594 593 ἡγουμένῳ
628 518 759 593 [505
784 521 880 595 IL]
913 521 1007 576 καὶ
1038 485 1138 594 (Ila
1173 523 1382 577 Κόνωνι
1409 525 1768 595 πρεσϐυτέρῳ
1797 525 1892 578 καὶ

2012 525 2331 580 )rzeicctum.
2408 525 2607 580 Iterum
2677 525 2958 583 Thalassio
3015 528 3267 600 praefecto
3317 515 3390 585 εἴ
3412 545 3575 600 pres-

301 614 614 684 ήγουμένῳ,
637 614 720 668 ἐτι
748 615 1038 686 Θαλασσίῳ
1059 616 1348 686 ἡγουμένῳ
1377 616 1470 668 καὶ
1499 615 1884 687 πρεσϐυτέρῳ,

301 704 392 757 καὶ
412 703 511 757 δύο
554 704 774 776 Ἰωάννῃ
806 707 1113 776 ὲπισκόπῳ,
1140 705 1222 759 ἔτι
1260 707 1505 778 Ἰωάννῃ,
1531 706 1892 761 κου6ικουλα-

300 797 396 868 ρίῳ
432 798 568 867 περὶ
613 798 712 868 τῆς
744 798 890 851 κατὰ
934 798 1068 851 Θεὸν
1099 797 1278 867 λύπης
1307 841 1323 866 ,
1349 801 1446 853 καὶ
1487 800 1890 870 Κωνσταντίνῳ

308 890 658 961 Ἰλλουστρίῳ
689 893 784 944 καὶ
806 891 914 945 ἀπὸ
944 891 1316 962 σακελλαρίων
1356 892 1449 945 δύο
1470 933 1484 956 ,
1519 894 1616 946 καὶ
1642 894 1721 963 τῷ
1747 892 1892 963 ἀὸὁᾷ

297 982 652 1054 Πολυχρονίῳ
696 986 888 1054 τρεῖς,
934 986 1030 1038 καὶ
1071 985 1207 1056 πρὸς
1261 983 1384 1056 [261
1449 984 1542 1058 IL]
1604 985 1892 1040 Ἰουλιανδν

307 1073 690 1144 Ἀλεξανδρέα,
711 1075 822 1128 ἀπὸ
849 1077 948 1146 τῆς
976 1076 1086 1128 τῶν
1117 1075 1438 1144 Ἀκεφάλων
1467 1075 1738 1145 αἱρέσεως
1769 1079 1893 1130 ἐπι-

307 1164 654 1236 στραφέντα,
688 1167 808 1236 μία,
861 1166 960 1221 καὶ
1011 1166 1086 1230 ὡς
1144 1167 1254 1222 ἀπὸ
1305 1167 1583 1236 Γεωργίου
1645 1167 1891 1239 ἐπάρχου

324 1257 578 1327 Ἀφρικῆς
651 1257 792 1329 πρὸς
849 1258 1182 1330 μοναστρίας
1249 1259 1780 1330 ἀποκοινωνησάσας
1835 1260 1895 1312 ἐν

328 1348 701 1420 Ἀλεξανδρείᾳ
750 1349 868 1420 μία.
915 1350 1004 1404 Ἐν
1035 1351 1264 1415 ταύταις
1291 1345 1384 1405 οὖν
1419 1351 1663 1413 ἁπάσαις
1701 1353 1824 1413 ταῖς
1850 1352 1895 1414 ζ’

316 1444 399 1493 καὶ
421 1447 466 1494 κ’
501 1442 829 1506 ἐπιστολαῖς
862 1444 890 1495 ὁ
931 1443 1032 1513 μὲν
1073 1443 1230 1508 ἄλλος
1269 1444 1561 1515 χαρακτὴρ
1591 1443 1755 1498 αὑτοῦ
1787 1442 1895 1497 τῶν

308 1532 469 1598 λόγων
524 1535 628 1586 καὶ
677 1535 710 1604 ἡ
759 1535 1011 1589 εὐσέϐεια
1061 1536 1300 1606 μάλιστα
1338 1535 1668 1599 διασώζεται
1697 1577 1713 1602 ,
1746 1537 1808 1590 τὸ
1849 1536 1894 1590 δ’

301 1624 546 1692 ἀσαφὲς,
597 1625 658 1679 εὖ
696 1644 762 1694 γε
809 1626 906 1680 τοῦ
953 1629 1147 1699 ἀνδρὸς
1179 1629 1464 1690 ποιοῦντος
1501 1630 1598 1682 καὶ
1623 1629 1898 1699 τιμῶντος

298 1716 600 1787 ἐπιστολῆς
627 1718 771 1772 κατὰ
806 1719 967 1773 τοῦτο
1001 1721 1230 1791 νόμους,
1261 1722 1363 1774 οὐκ
1395 1719 1523 1791 έσχε
1569 1721 1631 1774 τὸ
1676 1722 1895 1775 ἀνοικο-

1992 617 2208 689 bytero,
2255 627 2310 672 et
2354 617 2473 673 dua:
2530 619 2598 673 ad
2644 617 2904 674 Joannem
2953 622 3284 690 episcopum.
3335 620 3574 678 Rursum

1992 706 2187 762 Juantti
2216 708 2576 773 cubiculario,
2605 709 2672 764 de
2724 724 2810 775 eo,
2851 710 2941 778 qui
2971 711 3266 765 secundum
3297 711 3464 766 Deum
3492 719 3578 769 est

1993 799 2227 866 dolore;
2257 810 2312 855 et
2357 800 2718 856 Constantino
2751 801 2953 857 lllustri
2997 819 3060 860 ac
3100 805 3391 860 sacellario
3431 806 3573 861 dum.

1994 891 2190 945 Abbati
2248 907 2464 962 quoque
2520 892 2878 964 Polycbronio
2928 904 3060 961 tres,
3088 906 3144 951 et
3182 899 3249 952 ad
3303 896 3576 953 Iulianum

1994 983 2448 1049 Alexandrinum,
2483 985 2550 1039 ah
2578 985 2977 1054 Acephalorum
2998 987 3189 1042 haeresi
3218 1003 3568 1052 conversum,

1995 1075 2232 1146 epistola
2267 1092 2395 1142 una,
2448 1077 2730 1148 alteraque
2784 1077 3008 1145 Georgii
3043 1079 3160 1150 (42)
3196 1080 3392 1135 Africae
3435 1097 3577 1152 pra:-

1995 1165 2122 1221 fecti
2162 1168 2382 1222 nomine
2412 1167 2481 1222 ad
2501 1169 2795 1224 monachas
2819 1172 3326 1225 excommunicatas
3343 1172 3581 1226 Alexan-

1995 1259 2151 1316 drite.
2193 1256 2250 1312 In
2282 1259 2367 1314 his
2397 1259 2652 1314 omnibus
2693 1261 2882 1328 viginti
2925 1271 3133 1329 septem
3158 1264 3426 1332 epistulis,
3455 1281 3580 1319 cum

1997 1348 2100 1402 alia
2156 1349 2397 1419 ejusdem
2430 1351 2643 1406 dicendi
2678 1351 2850 1406 forma
2897 1363 2952 1406 et
2991 1354 3164 1420 pietas
3220 1355 3569 1422 petissimum

1996 1442 2188 1507 enitet,
2225 1451 2337 1496 tum
2366 1442 2840 1514 obscuritas(euge
2867 1444 3063 1510 virum,
3092 1445 3184 1514 qui
3214 1445 3320 1500 hac
3346 1446 3399 1499 in
3424 1457 3582 1517 parte

1997 1534 2185 1589 saltem
2217 1535 2457 1605 epistolae
2478 1535 2620 1590 colat
2643 1537 2786 1606 leges
2806 1545 2967 1605 atque
2994 1537 3270 1607 observet)
3305 1555 3578 1609 nusquam

1999 1638 2206 1684 temere
2236 1630 2481 1685 adhibita
2535 1630 2656 1684 fuit.
2719 1630 2913 1700 Liquet
2967 1646 3098 1685 vero
3163 1635 3432 1702 quaedam,
3463 1649 3584 1703 quas

1997 1722 2386 1799 obscuritatem
2432 1721 2735 1777 aﬂ'erebant
2765 1721 2904 1794 (45),
2934 1724 3135 1793 partim
3193 1725 3284 1779 hic
3324 1741 3446 1782 esse
3495 1741 3582 1780 re-

294 1807 434 1878 νόμη
450 1825 558 1863 εον.
594 1811 763 1880 Δῆλον
791 1812 837 1865 δ’
865 1813 948 1865 ὅτι
985 1814 1076 1866 καὶ
1105 1812 1142 1866 ἃ
1173 1813 1271 1884 τὴν
1302 1813 1576 1882 ἀσάφειαν
1607 1813 1804 1881 ἐποίει,
1828 1813 1897 1867 τὰ

2019 1823 2156 1881 ecta,
2193 1817 2393 1885 partim
2430 1816 2716 1886 castigata.

296 1897 399 1967 μὲν
432 1899 699 1970 ἔρριπται
729 1903 798 1955 τὰ
818 1902 874 1956 δὲ
908 1903 1258 1956 κεκόλασται.

1021 2016 1188 2082 ΡιιΓν.

299 2125 416 2181 Τοῦ
451 2124 646 2181 αὐτοῦ
668 2127 1004 2195 ἀσκητικὸς
1036 2129 1232 2197 Λόγος
1255 2145 1287 2198 ’ί
1307 2127 1405 2182 καὶ
1430 2128 1602 2196 ἑτέρα
1631 2143 1901 2198 πραγμα-

517 2199 650 2250 τεία
677 2198 820 2266 Περὶ
848 2198 1108 2268 ἀγάπης,
1142 2201 1213 2252 ἐν
1236 2197 1289 2253 ν’
1316 2201 1686 2268 κεφαλαίοις.

381 2293 732 2363 ’Δνεγνώσθη
759 2295 803 2326 ⁸⁷
833 2294 925 2348 τοῦ
981 2294 1146 2349 αὑτοῦ
1175 2295 1223 2328 θ’
1273 2295 1434 2364 ἁγίου
1474 2294 1731 2364 Μαξίμου
1790 2295 1904 2349 Λό-

295 2401 409 2454 γος
477 2385 848 2454 ἁσκητικὸς,
908 2387 989 2450 είς
1035 2386 1231 2439 πεῦσιν
1279 2387 1757 2458 ἐσχηματισμένος
1808 2388 1904 2440 καὶ

299 2476 604 2548 ἀπόκρισιν
630 2477 696 2531 ‘9.
723 2478 1011 2550 Χρήσιμος
1035 2479 1135 2550 μὲν
1165 2479 1372 2532 ἅπασιν
1403 2481 1432 2532 ὁ
1459 2479 1638 2548 λόγος,
1665 2479 1902 2550 μάλιστα
1939 2519 1944 2524 ι

297 2567 348 2619 δ’
376 2563 465 2631 οἷς
507 2568 742 2638 ἄσκησις
771 2571 804 2639 ἡ
853 2569 1123 2621 πολιτείω
1163 2568 1312 2639 ἠθῶν
1363 2569 1472 2640 γὰρ
1514 2569 1582 2622 δι’
1612 2562 1687 2622 ὧν
1720 2569 1784 2621 ἄν
1816 2587 1904 2632 τις

299 2661 734 2733 οὐρανοπολίτης
758 2662 990 2730 γένοιτο,
1018 2663 1135 2715 ἐστὶ
1161 2661 1487 2725 διδάσκαλος
1520 2663 1617 2715 καὶ
1645 2662 1692 2694 ⁷ο
1722 2678 1900 2731 γεωρ-

303 2753 424 2820 γὸς,
453 2753 692 2822 μάλιστα
726 2753 784 2806 δὲ
816 2755 917 2824 τῆς
945 2753 1166 2824 ἀγάπης
1196 2753 1292 2806 καὶ
1316 2752 1417 2824 τὴν
1441 2751 1646 2818 γνῶσιν
1678 2752 1776 2806 καὶ
1802 2751 1902 2822 τὴν

304 2844 581 2915 ἐργασίαν
605 2843 810 2909 πολλὰς
845 2843 1122 2898 ἐνδίδωσιν
1153 2843 1400 2898 ἐπελθεῖν
1428 2843 1706 2915 ἀφορμάς.

379 3111 754 3166 Συνετέτακτο
779 3111 838 3165 δὲ
867 3111 964 3166 καὶ
1005 3111 1172 3181 ἑτέρα
1199 3111 1576 3182 πραγματεία,
1624 3111 1706 3175 είς
1736 3117 1782 3164 υ’
1813 3128 1904 3164 κε·-

307 3205 524 3276 φόιλαια
586 3204 1009 3275 πληθυνομένη,
1059 3204 1224 3276 ἢκαὶ
1263 3203 1730 3275 προσεπεφώνητο
1783 3205 1903 3258 Ἐλ-

2682 2020 2909 2076 CXCIII.

2005 2129 2260 2202 Ejusdem
2300 2132 2440 2188 beati
2473 2130 2696 2186 Maximi
2730 2132 2886 2187 Liber
2925 2135 3203 2202 asceticus,
3246 2145 3294 2189 et
3335 2137 3587 2192 centuria:

2597 2202 2676 2256 De
2704 2204 3002 2258 dilectione.

2075 2294 2382 2366 Legebatur
2415 2295 2582 2349 etiam
2639 2296 2882 2363 ejusdem
2930 2297 3103 2352 sancti
3157 2296 3381 2354 Maximi
3430 2298 3590 2353 Liber

2004 2389 2286 2454 asceticus,
2341 2403 2440 2458 per
2511 2389 2997 2461 interrogationem
3065 2392 3587 2461 reSponsionemque

2004 2479 2398 2535 conformatus.
2463 2479 2628 2536 Utilis
2672 2495 2804 2534 sane
2858 2482 3146 2547 omnibus,
3184 2489 3295 2536 tum
3343 2496 3472 2535 vero
3521 2481 3614 2546 iis.

2007 2571 2263 2636 maxime,
2289 2571 2384 2641 qui
2419 2571 2640 2640 pietatis
2667 2573 2849 2627 studio
2875 2573 3114 2626 deditam
3157 2573 3364 2627 ducunt
3397 2573 3590 2628 vitam.

2005 2659 2206 2714 Eorum
2237 2665 2382 2715 enim
2413 2676 2621 2716 morum
2655 2661 2911 2730 magister
2946 2670 3031 2716 est
3081 2671 3138 2716 et
3180 2662 3377 2728 cultor,
3393 2663 3592 2732 quibus

2007 2751 2128 2806 caeli
2161 2752 2298 2808 civis
2325 2752 2447 2822 quis
2477 2753 2709 2807 evadat:
2738 2754 3087 2823 maximeque
3119 2755 3426 2816 charitatis.
3464 2769 3593 2824 par-

2007 2841 2102 2894 tim
2135 2841 2406 2909 notitiam,
2453 2843 2649 2912 partim
2700 2843 3148 2898 exercitationem
3196 2845 3590 2915 consequendi,

2011 2933 2225 2987 variam
2261 2948 2396 2989 sane
2419 2935 2883 3005 Opportunitatem
2917 2937 3140 3006 praebet.

2077 3113 2208 3169 Erat
2241 3114 2296 3170 in
2328 3118 2519 3170 eodem
2572 3115 2846 3171 volumine
2878 3115 2990 3187 (44)
3047 3132 3186 3187 opus
3228 3116 3595 3186 quadringen-

2009 3214 2190 3262 torum
2225 3207 2491 3276 capitum,
2517 3206 2733 3276 Elpidio
2757 3207 2970 3262 cuidam
2996 3207 3303 3261 sanctitatis
3351 3209 3596 3262 studioso

305 3265 476 3370 πεδίῳ
506 3297 635 3362 τινὶ,
668 3265 909 3368 όσιότητι
935 3265 1373 3368 καθωσιωμένῶ.
1407 3265 1711 3361 Kal-adre;
1749 3297 1849 3367 μὲν
1879 3299 1902 3352 ό

2013 3300 2353 3368 inscriptum,
2408 3300 2494 3354 cui
2554 3299 2768 3354 titulmn
2828 3301 3060 3368 ipsemet
3111 3298 3304 3370 158a
3359 3300 3596 3368 scriptor

307 3391 675 3461 συγγραφεὺς
717 3390 858 3458 Περὶ
907 3388 1147 3460 ἀγάπης
1203 3390 1296 3443 τὸν
1355 3390 1520 3443 πόνον
1577 3391 1902 3459 ἐπιγράφει,

307 3483 448 3548 ἴσως
488 3483 573 3537 ὅτι
605 3481 810 3554 ταύτην
835 3499 896 3535 τε
939 3483 1114 3554 ἀρχὴν
1148 3482 1228 3552 τῷ
1264 3483 1558 3553 γράμματι
1602 3484 1907 3538 ὑποϐάλλεο

301 3593 440 3642 ται,
481 3577 581 3631 καὶ
624 3575 859 3645 ἀλλοιχοῦ
901 3575 1164 3639 πολλάκις
1195 3576 1326 3645 περὶ⁸
1363 3576 1537 3646 αὐτῆς
1567 3575 1908 3630 καταϐάλλε-

303 3686 404 3722 ται
422 3651 614 3737 ’λόγον’
661 3668 724 3720 οὐ
767 3665 873 3738 μὴν
902 3666 1038 3720 ἀλλὰ
1067 3667 1175 3736 γὰρ
1205 3666 1301 3719 καὶ
1328 3665 1544 3719 πολλῶν
1576 3665 1906 3737 προϐλημά-

305 3776 422 3813 των
468 3775 530 3812 τε
573 3761 670 3811 καὶ
719 3756 1095 3827 θεωρημάτων
1141 3751 1248 3826 (οἷς
1282 3755 1534 3824 θεολογία
1581 3756 1910 3826 κρατύνεται

307 3850 411 3903 καὶ
439 3849 480 3902 ἃ
505 3849 650 3902 ὅσιον
689 3847 781 3902 τὸν
809 3847 924 3918 βίον
946 3847 1041 3900 καὶ
1070 3846 1310 3918 καθαρὸν
1336 3846 1512 3918 ποιεῖ)
1548 3846 1736 3918 ἱκανὴν
1761 3845 1910 3899 ἐστιν

305 3943 374 3995 ὲν
397 3943 587 4005 αὐτοῖς
607 3943 720 4005 τοῖς
741 3941 1044 4011 φιλοπόνως
1065 3939 1205 3994 αὐτὰ
1231 3938 1478 4011 μετιοῦσι
1504 3938 1909 4012 καρπώσασθαι

304 4036 418 4106 τὴν
444 4034 734 4102 ὠφέλειαν.

390 4127 506 4181 Καὶ
533 4127 596 4180 τὸ
626 4122 767 4190 εῖδος
794 4125 944 4196 αὑτῷ
968 4125 1062 4179 τοῦ
1085 4124 1244 4192 λόγου
1270 4126 1351 4188 είς
1377 4125 1440 4178 τὸ
1484 4124 1680 4178 λευκόν
1705 4141 1768 4177 τε
1812 4123 1910 4176 καὶ

311 4219 594 4290 ἔντορνον,
637 4219 782 4289 ἥπερ
823 4220 873 4271 οἱ
918 4218 1105 4282 ἄλλοι,
1146 4216 1502 4270 διατυποῦται
1527 4217 1594 4278 τι,
1633 4215 1728 4269 καὶ
1757 4215 1911 4268 οὐδὲν

310 4313 556 4383 παρέχει
598 4311 628 4364 ὃ
652 4313 720 4366 ἄν
763 4329 848 4375 τις
885 4311 1226 4383 διερευνήσοι
1252 4311 1298 4342 ⁷³
1350 4307 1740 4378 μωμήσασθαι,
1770 4307 1910 4376 πλὴν

309 4404 398 4465 ὡς
422 4404 471 4435 ’³
513 4401 627 4454 ἐσθ’
669 4404 779 4474 ὅπη
825 4401 926 4474 τὴν
966 4400 1225 4470 Ἀττικὴν
1268 4399 1367 4469 τῆς
1402 4397 1569 4468 ἄλλης
1613 4396 1801 4466 φωνῆς
1845 4397 1909 4448 οὐ

308 4495 632 4569 ⁸προκρίνει.
1589 4486 1615 4515 ⁸

1029 4607 1188 4673 Ρι,Δν.

315 4718 442 4776 Τοῦ
486 4718 675 4773 αὐτοῦ
704 4717 855 4787 πρὸς
879 4714 1178 4787 Faciam-tor
1225 4718 1494 4783 ἔπαρχον·
1515 4715 1868 4787 *Ἐπιστολή
1892 4733 1907 4746 ·

393 4790 518 4879 καὶ⁸
539 4791 710 4879 λόγιὲ
728 4783 811 4854 ,B',
831 4783 1035 4879 1,ἐχ-ὀἶς
1053 4783 1060 4785 ἡ
1079 4788 1408 4879 Θεοξογικὰ
1433 4784 1532 4838 καὶ
1574 4785 1776 4839 Ἠθικά
1811 4802 1909 4839 κερ

392 4857 724 4930 stadiatae",
747 4857 847 4913 καὶ
864 4857 1216 4912 Ἐπιστολαὶ
1243 4857 1309 4909 ε’.

399 4953 527 5006 Ἔτι
551 4949 868 5022 ἀνεγνώσθη
895 4949 944 4982 ⁷⁵
991 4948 1086 5001 τοῦ
1115 4947 1286 5002 αὐτοῦ
1333 4945 1492 5016 ἁγίου
1525 4947 1716 5018 ἀνδρὸς
1746 4948 1903 5016 Πρὸς

317 5046 626 5116 Γεώργιον
643 5041 1272 5113 ἔπαρχον-Ἐπιστολὴ,
1291 5038 1495 5108 πολλῆς
1517 5038 1787 5109 ὠφελείας
1813 5039 1908 5092 καὶ

320 5137 679 5202 κατανύξεως
706 5136 975 5206 γέμουσα·
1010 5133 1104 5187 καὶ
1127 5133 1188 5185 τὸ
1221 5131 1323 5201 τῆς
1354 5133 1608 5202 φράσεως
1634 5133 1801 5202 αὐτῆς
1828 5133 1910 5194 εἰς

322 5235 389 5287 τό
414 5231 587 5301 σαφές
607 5247 668 5284 τε
691 5229 788 5284 καὶ
821 5227 1012 5299 ἠθικὸν
1050 5225 1461 5296 ἀνεπτυγμένον
1487 5223 1624 5295 πρὸς
1648 5223 1716 5277 τὰ
1742 5231 1788 5276 υ⁹
1817 5240 1910 5276 κε-

1932 4627 1986 4686 Ι)

2011 3387 2206 3442 indidit
2238 3386 2316 3442 De
2340 3389 2634 3451 charitate,
2689 3389 2890 3442 idcirco
2951 3385 3206 3452 fortasse,
3273 3390 3417 3459 quod
3471 3391 3597 3445 inde

2010 3482 2296 3535 exordium
2347 3483 2666 3550 sumpserit,
2695 3490 2749 3536 et
2783 3481 2916 3534 alibi
2949 3481 3268 3550 frequenter
3302 3481 3371 3536 de
3401 3486 3594 3537 eadem

2009 3575 2267 3631 disserat.
2296 3575 2620 3646 Quanquam
2657 3584 2714 3631 et
2739 3591 2771 3630 e
2798 3575 2981 3630 multis
3009 3575 3208 3630 ibidem
3237 3576 3594 3644 problematis

2011 3685 2076 3724 ac
2123 3669 2477 3724 theorematis
2529 3669 2760 3738 (quibus
2802 3682 2925 3721 cum
2982 3667 3255 3738 theologia
3320 3668 3590 3732 ﬁrmatur,

2013 3770 2124 3815 tum
2155 3759 2399 3816 sanctior
2457 3775 2522 3814 ac
2554 3761 2748 3830 purior
2769 3761 3008 3815 hominis
3065 3760 3175 3814 vita
3204 3759 3468 3830 redditur)
3500 3774 3595 3815 co-

2011 3855 2223 3925 piosum
2272 3868 2403 3908 sane
2443 3853 2705 3922 colligere
2747 3852 2986 3908 fructum
3019 3861 3222 3922 queant
3269 3853 3304 3907 ii
3341 3851 3434 3923 qui
3475 3853 3591 3909 haec

2011 3947 2300 4017 diligenter
2324 3945 2634 4018 perlegant.

2085 4116 2349 4172 Dictionis
2400 4132 2576 4186 genus
2631 4117 2923 4172 candidum
2985 4131 3098 4184 pra:
3143 4116 3361 4171 caeteris
3417 4126 3588 4186 atque

2013 4218 2283 4265 tornatum
2315 4210 2405 4264 hic
2454 4210 2796 4263 instituitur:
2831 4224 2932 4262 nec
2956 4209 3253 4278 quidquam
3301 4210 3371 4264 ibi
3407 4209 3592 4273 aﬂ'ert,

2009 4303 2153 4372 quod
2185 4302 2619 4372 reprehendendi
2648 4317 2814 4357 causa
2838 4303 3103 4371 quispiam
3123 4312 3380 4356 excutere
3396 4304 3591 4370 possit.

2011 4395 2249 4452 Tantum
2313 4395 2515 4451 alicubi
2557 4410 2725 4450 voces
2777 4395 2986 4449 Atticas
3038 4393 3252 4449 caeteris
3282 4409 3389 4448 non
3432 4407 3592 4448 ante-

2009 4488 2185 4558 ponit.

2687 4597 2918 4654 CXCIV.

2009 4716 2269 4796 Ejttsdem
2290 4716 2428 4796 beati
2461 4715 2694 4796 dim-ﬁmi
2719 4714 3064 4796 Epistula-ed
3099 4712 3387 4796 Georgium
3435 4727 3600 4780 epar-

2073 4786 2760 4866 οΙιυμηρ-ῙΤΙιίοιοῃὶσοηαηι
2788 4785 3180 4866 Mor-aliumque
3206 4785 3444 4850 capitum
3473 4798 3600 4835 ceu-

2070 4857 2247 4922 (urite,
2271 4857 2375 4911 sive
2401 4857 2525 4908 libri
2557 4871 2619 4921 ll,
2647 4855 2904 4922 Epistolis
2930 4871 2984 4909 ν.

2083 4943 2249 5000 Lecta
2279 4953 2539 5015 praeterea
2572 4955 2658 4999 est
2697 4943 2952 5015 ejusdem
3004 4943 3181 5000 sancti
3204 4943 3311 4998 viri
3351 4940 3598 5012 Epistola

2017 5039 2086 5090 ad
2111 5033 2394 5108 Georgium
2425 5038 2615 5105 θρανεή
2629 5053 2742 5102 um,
2772 5036 3042 5106 perutilis,
3070 5050 3202 5091 sane
3247 5047 3304 5091 et
3333 5050 3598 5103 compun-

2020 5129 2221 5186 ctionis
2250 5129 2434 5200 plena.
2465 5129 2644 5184 Dictio
2676 5143 2807 5183 vero
2838 5127 2956 5196 ejus
2989 5128 3044 5183 in
3071 5128 3514 5199 perspicuitatem
3541 5139 3598 5182 et

2026 5223 2305 5277 lenitatem
2328 5235 2650 5287 excurrens,
2681 5219 2904 5278 minime
2933 5221 3174 5291 spuriam
3202 5234 3326 5276 sese
3358 5218 3598 5275 retinere

1599 5359 1836 5416 VARIZE
1863 5358 2272 5418 LECTIONES.

402 5465 448 5496 "
479 5472 607 5517 ante
642 5458 980 5529 ’Δνεγνώσθη
1042 5473 1164 5512 cum
1213 5457 1259 5510 A
1300 5455 1457 5529 omisi
1521 5455 1661 5529 Ἔτι.

331 5537 372 5569 ’³
412 5532 800 5589 διατυποῦνται
828 5530 1143 5599 -παρέχοι
1175 5529 1241 5581 Α.

1741 5456 1786 5488 ⁸⁸
1825 5475 1855 5488 κ
1865 5457 1893 5488 Ιἰ
1899 5473 1958 5488 Ἀ
1964 5454 1992 5488 I~I

1319 5460 1457 5509 imisi
1521 5460 1661 5508 Ἔτι.
1741 5460 1786 5488 ⁸³
1825 5460 1993 5511 αὐτοῦ
2057 5471 2167 5510 om.
2224 5460 2289 5511 Α.
2385 5460 2432 5490 ⁶⁹
2458 5460 2791 5527 ἀπόκρ.καὶ
2820 5460 2983 5523 χρήσ.
3019 5471 3080 5518 ς.
3157 5460 3201 5484 ⁷⁹
3237 5470 3254 5504 δ

1319 5527 1365 5557 ⁷³
1414 5526 1737 5597 διερευνήσῃ
1800 5545 1862 5591 ς.
1937 5526 1981 5558 ⁷³
2031 5526 2106 5591 ὼς
2156 5529 2281 5583 add.
2311 5528 2377 5581 A.
2454 5529 2501 5559 ⁷⁵
2526 5529 2648 5580 Ἔτι
2679 5523 2998 5595 ἀνεγνώσθη
3048 5537 3156 5578 om.
3191 5524 3254 5577 A.

3157 5453 3201 5484 ⁷⁸
3237 5453 3331 5504 καὶ

2385 5458 2432 5490 ⁶⁹
2458 5457 2664 5527 ἁπόκρ.
2693 5456 2791 5508 καὶ
2820 5455 2983 5527 χρήσ.
3019 5471 3080 5518 ς.
3157 5453 3213 5527 ⁷⁰λ
3237 5453 3331 5504 καὶ
3387 5465 3496 5507 om.
3525 5452 3594 5506 A.

1851 5665 2086 5724 ΝΟΤᾸΖ.

402 5786 520 5860 (Η)
544 5787 698 5860 Idem
737 5782 933 5860 alicubi
994 5780 1284 5860 Cragorius
1335 5780 1638 5860 appellatus
1687 5782 1906 5854 legitur.

402 5852 518 5932 (45)
540 5859 596 5913 In
627 5853 1006 5912 cateris‘beati
1039 5852 1250 5904 Maximi
1282 5857 1520 5924 scrtptis.

619 5954 898 6013 Pnnoc.
941 5949 1057 6008 Gn.
1087 5946 1243 6008 CIII.

2090 5787 2200 5860 (Ml
2227 5786 2419 5845 Grmce
2440 5787 2570 5842 olim
2600 5796 2656 5842 et
2683 5785 2876 5842 Latine
2914 5786 2968 5842 in
3017 5783 3313 5842 Germania
3357 5785 3590 5841 editum.

3167 5945 3236 6003 21
