4022 6448
564 380 661 465 om

1706 381 1969 442 PIIOTII
2009 381 2137 440 ΡΑἹ

2245 339 2514 440 ΑΗΕΙΙΈ
2551 381 2659 439 CP.
3003 451 3030 461 _
3659 395 3751 461 652

568 511 693 550 cum
728 493 1140 565 quadringentis
1167 492 1270 546 illis
1299 492 1566 562 capitibus
1590 492 1746 562 quasi
1765 491 2136 560 cognationem

2247 490 2453 559 φάλαια
2481 491 2578 560 τὴν
2613 489 2934 557 συγγένειαν
2961 451 3246 543 ἁδόθευτον
3282 489 3531 548 δείκνυσιν
3559 499 3632 553 ὅτι
3656 505 3757 562 διαι-

568 589 709 642 satis
735 587 994 641 declarat.

633 679 688 732 ln
721 694 787 732 eo
840 679 956 747 ipso
1003 676 1276 730 volumine
1323 677 1500 731 lectus
1554 676 1668 746 (45)
1725 677 1862 732 liber
1917 687 2136 730 centum

567 779 827 824 constans
859 769 1149 837 capitibus,
1185 777 1240 822 et
1276 769 1412 821 alter
1444 769 1572 821 item
1603 769 1824 823 totidem
1863 767 2138 837 capitibus

570 862 944 925 absolutus,in
995 862 1191 929 quibus
1229 875 1332 914 non
1383 859 1559 913 solum
1609 861 1916 914 divinarum
1956 875 2137 913 rerum

569 955 799 1010 scientia
847 953 1048 1017 elucet,
1099 953 1193 1006 sed
1251 953 1490 1006 moribus
1539 967 1759 1021 quoque
1807 953 2140 1007 exornandis

566 1058 694 1118 apta
730 1046 977 1102 doctrina
1011 1045 1250 1099 excellit.
1286 1045 1527 1111 Quorum
1563 1045 1780 1114 quidem
1810 1045 1953 1098 nulla
2000 1045 2052 1097 iu
2081 1059 2141 1098 re

569 1156 690 1193 cum
729 1138 1151 1209 quadringentis
1223 1137 1334 1192 illis
1391 1137 1662 1206 capitibus
1717 1136 1912 1190 similis
1954 1136 2141 1206 genius

567 1230 982 1292 adnlteraretur,
1007 1228 1050 1282 si
1080 1243 1184 1282 non
1216 1228 1505 1297 suppositae
1538 1228 1814 1296 plerisque
1841 1226 2132 1294 allegorite,

565 1322 743 1376 aliinia
775 1322 888 1375 haec
910 1320 957 1374 ei
996 1321 1200 1388 scripto
1233 1319 1631 1388 quodammodo
1665 1316 1958 1385 edicerent,
1992 1318 2136 1385 quod

566 1411 885 1478 diligentem
921 1408 1068 1463 illam
1107 1409 1393 1461 dubiorum
1443 1422 1508 1461 ac
1545 1407 1876 1461 solutionum
1911 1420 1941 1460 ο
1981 1419 2136 1460 sacra

569 1506 850 1572 Scriptura
918 1501 1355 1568 explanationem
1415 1499 1784 1569 persequitur,
1842 1498 2131 1553 Thalassio

565 1597 884 1666 presbytero
913 1609 976 1648 ac
1009 1591 1261 1663 prmfecto
1318 1591 1646 1646 dedicatum.
1681 1591 2004 1660 Quanquam
2032 1591 2133 1645 ho-

565 1703 683 1741 rum
717 1687 879 1741 etiam
930 1686 1192 1739 librorum
1230 1700 1350 1737 cum
1411 1684 1517 1738 illis
1546 1685 1816 1752 capitibus
1854 1684 2133 1754 cognatio.

2248 583 2432 644 σώζει.

2326 668 2414 720 Ἐν
2442 668 2499 719 δὲ
2529 667 2605 738 τῷ
2631 669 2779 738 αὐτῷ
2809 669 2987 739 τεύχει
3018 672 3420 746 συνανεγνώσθη
3447 676 3588 747 λόγος
3614 701 3757 755 κεφα.

2243 761 2414 824 λαίοις
2443 768 2487 832 ρ’
2510 761 2894 832 διειλημμένος
2916 803 2931 827 ,
2962 762 3057 815 καὶ
3087 761 3269 833 ἕτερος
3306 766 3497 835 ὁμοίως
3522 776 3623 837 τοῖς
3648 777 3757 846 Ιἴσοις

2244 853 2690 924 ἀπηρτισμένος,
2743 857 2800 908 ὲν
2851 849 2934 918 οἷς
2980 855 3225 924 θεολογία
3269 873 3330 909 τε
3372 858 3644 932 διαλάμπει
3683 874 3762 924 καὶ

2243 947 2391 1018 ἠθῶν
2415 948 2776 1016 διακόσμησις
2819 947 3130 1018 διαπρέπει.
3163 949 3273 1002 Kal.
3301 950 3398 1003 οὐκ
3428 952 3490 1006 ἂν
3530 955 3582 1009 ὲν
3614 959 3763 1016 οὐδενὶ

2243 1039 2304 1092 τὸ
2329 1040 2568 1110 ὁμοφυὲς
2607 1041 2792 1103 αὐτοῖς
2820 1041 2954 1111 πρὸς
2977 1039 3046 1092 τὰ
3069 1046 3112 1092 υ¹
3143 1039 3409 1107 κεφάλαια
3435 1043 3699 1112 ὲνοθεύετο,
3723 1055 3763 1106 εἰ

2247 1131 2323 1202 μὴ
2367 1132 2428 1185 τὸ
2477 1132 2837 1204 ἀλληγορικὸν
2885 1133 2944 1184 ὲν
2987 1131 3201 1194 πολλοῖς
3240 1132 3652 1205 ὑποϐαλλόμενον
3687 1144 3765 1196 καὶ

2243 1223 2491 1292 ὁμόφυλα
2538 1242 2657 1287 πως
2707 1223 2844 1277 αὐτὰ
2905 1222 3263 1292 παραστῆσαν
3300 1223 3342 1254 ’⁷⁸
3388 1227 3452 1295 τῇ
3517 1230 3764 1296 συντάξει,

2249 1312 2374 1386 [503
2402 1314 2496 1386 [ζ’]
2543 1315 2664 1384 ἥτις
2701 1314 2991 1384 Γραφικῶν
3019 1315 3061 1345 ⁷⁸
3087 1315 3454 1384 ἁπορημάτων
3478 1319 3568 1370 καὶ
3594 1319 3768 1376 λύσεων

2245 1403 2459 1456 ἔκθεσιν
2505 1403 2800 1467 σπουδάζει
2841 1403 2936 1457 καὶ
2983 1405 3273 1473 Θαλασσιῳ
3311 1405 3427 1456 ἐστὶ
3453 1409 3768 1483 πρεσϐυτέρῳ

2243 1496 2340 1550 καὶ
2371 1498 2658 1568 ἡγουμένῳ
2701 1497 3215 1568 προσπεφωνημένη
3240 1537 3255 1561 ,
3292 1497 3352 1549 τὸ
3395 1498 3527 1568 πρὸς
3559 1501 3712 1555 ταῦτα
3735 1506 3768 1536 "

2246 1591 2504 1658 συγγενὲς
2545 1589 2633 1642 διὰ
2670 1590 2770 1659 τῆς
2819 1590 2954 1660 πρὸς
2993 1590 3211 1660 ἐκείνην
3258 1588 3578 1654 οἰκειώσεως
3602 1594 3768 1648 ὐπο6ο.

2243 1681 2458 1751 λἰμαῖον
2487 1681 2531 1712 ’⁷⁸
2562 1677 2702 1735 εἶναι
2729 1681 3024 1752 λογισμοὺς
3055 1682 3424 1753 ἀναῤῥιπίζει.

563 1799 659 1853 per
717 1781 1031 1836 alIinitatem
1089 1795 1211 1834 cum
1305 1780 1409 1834 hoc
1472 1781 1677 1850 scripto
1761 1777 2156 1851 [conﬁrmata],
2229 1794 2421 1835 ninnes
2471 1780 2699 1850 repellat
2775 1794 2969 1834 causas
3057 1777 3416 1850 [suspicandi]
3476 1780 3767 1849 suppositum

560 1892 684 1932 eum
712 1889 829 1929 esse
859 1873 1045 1927 ictum.

633 1969 690 2024 In
708 1970 895 2024 eodem
917 1967 1079 2022 simul
1101 1967 1701 2036 volnminelegcbantur
1717 1969 1882 2022 varia:
1897 1968 2137 2038 ejusdem
2171 1973 2218 2032 Β

557 2063 854 2130 Epistolas:
888 2075 1118 2128 quarum
1143 2059 1314 2128 prima
1343 2060 1408 2112 ad
1429 2058 1650 2112 Petrum
1679 2058 1971 2114 lllustrem.
2009 2061 2137 2127 Ejus

560 2154 755 2208 titulus
785 2171 798 2206 :
835 2151 1025 2206 Oratio
1057 2152 1224 2205 brevis
1254 2151 1320 2205 de
1373 2153 1620 2221 mysterio
1661 2149 1861 2205 Christi
1899 2150 2136 2214 Domini,

564 2257 610 2299 et
642 2248 891 2298 adversus
949 2241 1123 2297 Severi
1173 2242 1441 2312 dogmata.
1480 2241 1670 2309 Capita
1703 2243 1818 2296 hate
1867 2240 2004 2311 (46).
2063 2239 2140 2296 De

563 2353 793 2392 numero
825 2351 854 2390 e
883 2346 1076 2390 natura
1113 2335 1286 2404 magis
1336 2333 1504 2404 petita
1531 2334 1809 2388 tractatio.
1849 2332 1926 2388 De
1981 2331 2138 2388 dilic-

564 2429 741 2486 rentia
771 2437 826 2483 et
856 2427 1122 2497 qualitate
1156 2427 1488 2490 accuratius,
1519 2427 1695 2495 deque
1728 2425 1922 2479 horum
1946 2426 2139 2480 ortho-

561 2527 705 2576 doxa
731 2519 1090 2589 professione.
1116 2519 1224 2572 Pro
1245 2516 1582 2586 blasphemia
1597 2516 1928 2582 habendum,
1951 2516 1995 2572 si
2016 2517 2141 2586 quis

563 2617 638 2670 ita
666 2613 990 2684 simpliciter
1010 2613 1155 2667 dicat
1211 2612 1488 2666 Christum
1524 2625 1687 2666 unam
1715 2625 1835 2666 esse
1860 2619 2136 2664 naturam.

565 2707 642 2760 De
671 2703 973 2775 composita
1026 2712 1245 2768 natura,
1279 2705 1505 2773 ejusque
1539 2703 1790 2758 ratione:
1820 2711 1875 2756 et
1909 2702 2074 2772 impie
2109 2719 2138 2756 a

559 2797 886 2868 quihusdam
912 2796 1042 2863 dici,
1081 2795 1361 2852 Christum
1391 2811 1557 2851 unam
1602 2810 1728 2851 esse
1775 2796 2136 2864 compositam

565 2899 839 2945 naturam.
877 2887 981 2954 Qui
1011 2887 1216 2942 dixerit
1249 2887 1525 2943 Christum
1561 2888 1731 2942 Deum
1763 2897 1818 2941 et
1855 2887 2135 2941 hominem

562 2991 690 3050 post
719 2981 996 3046 unionem,
1052 2979 1101 3033 is
1133 2979 1294 3034 simul
1347 2995 1468 3034 cum
1499 2979 1633 3048 ipsis
1663 2978 1976 3033 nominibus
2005 2993 2137 3032 con-

527 3143 529 3145 _
561 3073 748 3128 litetur
774 3083 992 3127 naturas
1023 3071 1332 3127 necessario
1348 3081 1469 3141 post
1497 3072 1752 3126 unionem
1783 3087 1941 3138 esse;
1967 3079 2135 3136 recte,

562 3178 622 3219 ut
653 3174 897 3234 apparet,
931 3173 987 3218 et
1038 3173 1441 3233 consequenter
1478 3163 1544 3217 iis
1571 3178 1691 3232 qua:
1721 3163 1882 3226 dixit,
1910 3165 2138 3218 credere

559 3255 770 3311 volens.
805 3254 996 3325 1586
1063 3254 1141 3308 De
1198 3269 1330 3308 voce
1371 3254 1427 3307 in
1483 3251 1708 3308 duabus.
1770 3252 1941 3308 Recta
1999 3268 2134 3308 con-

556 3347 730 3402 fessio
763 3349 921 3401 unius
947 3355 1159 3400 naturae
1188 3344 1351 3401 Verbi
1381 3360 1447 3399 ex
1471 3344 1693 3398 Patrum
1735 3347 2040 3408 sententia,
2078 3353 2135 3398 et

560 3437 785 3508 reiectio
816 3439 974 3492 unius
997 3437 1308 3506 compositae
1331 3447 1556 3490 natura}.
1592 3435 1668 3489 De
1686 3436 1960 3504 hypostasi
1983 3451 2135 3490 com-

557 3517 735 3600 pesita
795 3528 966 3598 magis
1038 3526 1304 3581 naturalis
1368 3526 1687 3596 disputatio.
1731 3525 2133 3579 Demonstratio

558 3623 724 3677 item:
759 3618 944 3674 Nonin
969 3619 1154 3674 eadem
1185 3617 1430 3673 incidere
1447 3616 1710 3683 absurda,
1742 3617 1832 3685 qui
1854 3616 2130 3671 Christum

552 3727 679 3766 esse
715 3727 875 3764 unam
915 3711 1269 3781 compositam
1303 3710 1620 3781 hypostasin
1639 3710 1984 3776 conﬁtentur,
2009 3725 2129 3764 cum

557 3808 627 3862 iis
683 3807 773 3876 qui
813 3808 986 3876 ipsum
1014 3821 1135 3862 esse
1166 3815 1425 3859 asserunt
1460 3820 1618 3858 unam
1650 3805 2005 3872 compositam
2031 3818 2132 3856 ua-

558 3911 758 3952 turam.
789 3897 893 3952 Per
921 3896 1088 3951 solam
1114 3897 1544 3965 assumptionem
1573 3896 1772 3950 factam
1822 3910 1946 3951 esse
1977 3896 2126 3949 illam

555 3991 856 4046 secundum
910 4005 1128 4044 carnem
1155 3990 1406 4043 unionem
1435 3987 1644 4060 [Verbi]
1695 3997 1954 4056 tanquam
1992 4002 2132 4058 prae-

555 4083 869 4139 exsistentis
917 4091 972 4135 et
1025 4081 1301 4135 voluntate
1362 4083 1616 4135 unionem
1636 4080 1756 4151 (47)
1806 4095 1928 4134 cum
1965 4093 2130 4134 carne

558 4173 858 4245 operantis.
891 4171 1016 4226 HiPC
1051 4174 1116 4225 ad
1141 4171 1358 4226 Petrum
1384 4172 1680 4226 lllnslrem.

614 4264 796 4318 Altera
811 4263 1005 4318 deinde
1028 4263 1362 4317 adCosmam
1385 4263 1676 4317 diaconum
1701 4261 2126 4316 Alexandrinum

556 4356 839 4422 scribitur,
871 4356 947 4408 De
975 4354 1248 4408 communi
1279 4363 1334 4408 et
1365 4355 1601 4423 proprio,
1633 4355 1748 4409 sive
1778 4354 1846 4407 de
1887 4353 2126 4408 essentia

2328 1969 2415 2021 ’Ev
2444 1967 2627 2037 ταυτῷ
2663 1966 2719 2019 δὲ
2752 1963 3272 2033 συνανεγνώσθησαν
3316 1963 3409 2015 τοῦ
3453 1962 3612 2016 αὐτοῦ
3646 1962 3765 2018 Ἐπι-

2242 2058 2456 2113 στολαὶ
2480 2057 2746 2128 διάφοροι.
2793 2051 2894 2109 Ὧν
2927 2055 3120 2127 πρώτη
3156 2055 3253 2126 μὲν
3301 2054 3434 2124 πρὸς
3462 2055 3657 2126 Πέτρον
3699 2057 3769 2109 Ἰλ-

2241 2147 2625 2224 λούστριον,ἦς
2655 2150 2937 2221 ἐπιγραφὴ
2957 2151 3003 2182 ⁷⁸
3038 2147 3158 2219 μὲν,
3191 2147 3333 2217 Περὶ
3371 2146 3472 2201 τοῦ
3502 2147 3644 2201 κατὰ
3671 2149 3771 2213 Χρι-

2241 2246 2394 2301 στὸν
2409 2245 2748 2313 μυστηρίου
2771 2245 2962 2314 Λόγος
2989 2243 3271 2312 ἐπίτομος
3293 2240 3390 2294 καὶ
3411 2240 3555 2294 κατὰ
3572 2235 3684 2312 [262
3702 2241 3769 2311 [1.]

2241 2338 2359 2392 τῶν
2403 2337 2666 2405 Σεϐήρου
2718 2335 3044 2404 δογμάτων,
3077 2333 3353 2404 κεφάλαια
3396 2332 3453 2385 δὲ
3477 2332 3596 2385 τάδε
3624 2347 3638 2363 '
3666 2335 3772 2401 Περὶ

2240 2429 2475 2502 ἀριθμοῦ
2525 2429 2873 2500 φυσικωτέρα
2920 2427 3202 2498 διάληψις,
3253 2425 3389 2496 περὶ
3421 2424 3669 2494 διαφορᾶς
3701 2426 3774 2476 καὶ

2242 2524 2524 2593 ποιότητος
2577 2521 2968 2593 ἀκριϐέστερον
3031 2520 3127 2572 καὶ
3171 2519 3274 2589 τῆς
3332 2516 3508 2570 αὐτῶν
3558 2515 3774 2579 εὐσεϐοῦς

2239 2615 2549 2686 ὁμολογίαςο
2593 2617 2675 2668 ὅτι
2721 2613 3041 2683 βλάσφημον
3082 2611 3144 2665 τὸ
3188 2612 3376 2680 λέγειν
3421 2610 3587 2674 οὑτως
3623 2608 3776 2671 ἁπλῶς

2239 2710 2329 2763 τὸν
2357 2709 2593 2780 Χριστὸν
2637 2708 2766 2778 μίαν
2811 2707 2991 2775 φύσιν·
3035 2705 3167 2776 περὶ
3197 2705 3457 2758 συνθέτου
3481 2703 3678 2772 φύσεως
3701 2703 3777 2756 καὶ

2239 2804 2333 2858 τοῦ
2375 2802 2495 2855 κατ’
2526 2801 2692 2871 αὐτὴν
2734 2799 2915 2867 λόγου,
2947 2797 3044 2852 καὶ
3070 2798 3146 2862 ὡς
3165 2796 3466 2852 ἀσεϐοῦσιν
3494 2797 3541 2849 οἱ
3568 2795 3778 2864 λέγοντες

2237 2897 2330 2950 τὸν
2359 2894 2595 2966 Χριστὸν
2621 2893 2749 2964 μίαν
2783 2890 3038 2944 σύνθετον
3059 2890 3105 2922 ⁸⁸
3136 2890 3324 2958 φύσιν·
3356 2891 3438 2942 ὅτι
3469 2889 3498 2942 ό
3525 2888 3682 2957 λέγων
3706 2887 3778 2940 τὸν

2238 2987 2473 3059 Χριστὸν
2502 2986 2636 3040 Θεὸν
2677 2987 2772 3039 καὶ⁴
2805 2984 3092 3056 ἄνθρωπον
3139 2983 3284 3053 μετὰ
3345 2982 3442 3052 τὴν
3470 2982 3651 3035 ἕνωσιν
3679 2997 3777 3033 συν-

2243 3079 2496 3149 ομολογεῖ
2524 3081 2636 3142 τοῖς
2658 3079 2885 3145 ὀνόμασι
2908 3077 3007 3139 τὰς
3050 3075 3241 3144 φύσεις
3291 3075 3351 3140 ἐξ
3393 3074 3630 3144 ἀνάγκης
3665 3074 3777 3143 μετὰ

2237 3171 2335 3242 τὴν
2363 3171 2579 3230 ἕνωσιν.
2611 3169 2787 3241 ὀρθῶς
2815 3169 3058 3239 δηλονότι
3089 3168 3182 3220 καὶ
3207 3167 3523 3230 ἀκολούθως
3555 3159 3630 3228 οἷς
3657 3165 3776 3232 λέγει

2238 3259 2517 3313 πιστεύειν
2549 3259 2844 3330 ᾑρημένος·
2877 3258 3130 3329 περὶτῆς
3153 3258 3223 3310 ἐν
3251 3257 3369 3310 δύο
3397 3257 3649 3327 φωνῆςεί·
3675 3255 3778 3323 περὶ

2234 3350 2333 3421 τῆς
2363 3350 2490 3421 μιᾶς
2511 3350 2604 3403 τοῦ
2633 3349 2792 3417 λόγου
2821 3347 3034 3417 φύσεως
3057 3347 3294 3418 εὐσεϐὴς
3315 3347 3361 3379 ⁸⁸
3389 3347 3640 3417 ὁμολογία
3663 3344 3778 3399 κατὰ

2233 3443 2362 3506 τοὺς
2390 3443 2638 3512 Πατέρας
2663 3481 2679 3506 ,
2710 3442 2804 3495 καὶ
2840 3441 3094 3510 ἀθέτησις
3129 3441 3228 3509 τῆς
3269 3442 3408 3511 μιᾶς
3437 3441 3676 3494 συνθέτου
3700 3439 3778 3507 φύ-

2236 3553 2396 3598 σεως’
2432 3535 2564 3604 περὶ
2596 3533 2950 3595 ὑποστάσεως
2996 3531 3251 3585 συνθέτου
3307 3530 3646 3603 φυσικωτέρα
3683 3530 3776 3583 διά-

2233 3627 2395 3698 ληψις
2418 3669 2434 3694 ,
2491 3626 2588 3679 καὶ
2625 3625 2901 3692 ἀπόδειξις
2941 3625 3016 3688 ὡς
3067 3624 3188 3695 οὐχί
3221 3626 3344 3687 τοῖς
3379 3623 3558 3686 αὐτοῖς
3590 3623 3778 3682 ἀτόποις

2233 3720 2655 3791 περιπίπτουσιν
2696 3719 2747 3771 οἱ
2799 3718 2928 3788 μίαν
2973 3716 3229 3770 σύνθετον
3283 3717 3579 3772 ὑπόστασιν
3610 3715 3776 3785 ὁμολο-

2233 3809 2453 3876 γοῦντες
2471 3807 2562 3861 τὸν
2587 3805 2818 3878 Χριστὸν
2841 3808 2952 3868 τοῖς
2978 3805 3106 3876 μίαν
3130 3807 3294 3860 αὐτὸν
3317 3807 3569 3862 σύνθετον
3589 3806 3778 3872 λέγουσι

2233 3899 2416 3970 φύσιν·
2450 3901 2493 3954 θ’
2528 3899 2822 3968 κεφάλαιον
2848 3898 2895 3930 ⁸³
2924 3899 3008 3952 ὅτι
3042 3898 3184 3952 κατὰ
3225 3899 3532 3970 πρόσληψιν
3571 3899 3720 3968 μόνην
3737 3896 3776 3928 ⁸⁵

2230 3994 2264 4060 ή
2300 3990 2437 4060 πρὸς
2463 3990 2562 4061 τὴν
2588 3990 2767 4060 σάρκα
2792 3987 3013 4058 γέγονεν
3037 3989 3230 4052 ’ένωσις
3251 4031 3267 4054 ,
3295 3989 3372 4053 ὡς
3403 3989 3672 4060 προόντος,
3701 3987 3777 4040 καὶ

2232 4083 2498 4153 θελήματι
2521 4081 2618 4152 τὴν
2639 4082 2775 4152 πρὸς
2792 4081 2838 4114 ⁸⁷⁵
2857 4082 3036 4152 σάρκα
3060 4081 3504 4152 διαπραξαμένου
3525 4081 3703 4135 ἕνωσιν
3720 4079 3774 4132 ⁸⁸.

2244 4173 2384 4226 Ἀλλ’
2419 4177 2453 4243 ἡ
2487 4173 2586 4243 μὲν
2618 4175 2754 4243 πρὸς
2789 4173 2997 4243 Πέτρον
3037 4172 3418 4244 Ίλλσὺστριον.

2314 4261 2506 4334 Ἑτέρα
2551 4262 2609 4314 δὲ
2643 4262 2781 4331 πρὸς
2825 4263 3055 4332 Κοσμᾶν
3101 4262 3351 4316 διάκονον
3402 4259 3775 4330 Ἀλεξανδρείας

2230 4351 2360 4419 περὶ
2384 4347 2565 4402 κοινοῦ
2603 4351 2698 4404 καὶ
2732 4351 2886 4415 ἰδίου,
2919 4351 3197 4416 τουτέστιν
3226 4353 3420 4416 οὐσίας
3445 4354 3540 4407 καὶ
3572 4349 3778 4404 ὑποστά-

554 4459 612 4502 et
643 4446 1015 4502 subsistentia.
1052 4443 1223 4513 Hujus
1246 4455 1406 4513 caput
1435 4445 1669 4513 primum
1705 4459 1735 4498 e
1763 4451 1955 4512 natura
1991 4457 2128 4511 prae-

2239 4459 2389 4504 σεως.
2430 4436 2540 4504 ’Ἧι
2581 4443 2878 4510 κεφάλαιον
2902 4443 2946 4474 ⁸⁷
2983 4445 3294 4514 κατασκευὴ
3336 4443 3674 4512 φυσικωτέρα
3715 4441 3776 4501 ὼς

554 4541 712 4608 cipua
743 4539 910 4608 petita
953 4535 1205 4607 probatio
1240 4544 1322 4590 est
1353 4553 1367 4588 :
1434 4533 1577 4588 Nihil
1606 4533 1864 4588 videlicet
1921 4548 2117 4588 eorum

2239 4534 2379 4586 ῡύδὲν
2410 4533 2518 4588 τῶν
2551 4533 2720 4587 ὄντων
2754 4535 2926 4607 ἑτέρῳ
2957 4536 3064 4588 τινὶ
3096 4536 3294 4590 ταυτόν
3322 4539 3440 4590 ἐστι
3472 4537 3591 4592 κατ’
3615 4533 3777 4589 οὐσίαν

553 4646 672 4698 quze
703 4640 852 4694 sunt,
884 4632 1023 4685 idem
1059 4630 1220 4684 etiam
1248 4627 1544 4683 secundum
1582 4627 1878 4682 essentiam
1912 4635 1966 4680 et
1997 4626 2123 4680 sub-

2239 4627 2326 4678 καὶ
2356 4625 2674 4690 ὑπόστασιν,
2716 4626 2805 4679 διὰ
2854 4628 2916 4679 τὸ
2953 4627 3027 4698 μὴ
3070 4628 3268 4683 ταυτὸν
3317 4626 3456 4682 εἶναι
3491 4628 3668 4682 οὐσίαν
3699 4623 3776 4677 καὶ

552 4722 855 4776 sistentiam
906 4737 1026 4775 cum
1055 4721 1226 4776 altero
1251 4736 1393 4787 esse,
1443 4730 1729 4789 propterea
1778 4718 1919 4787 quod
1975 4717 2116 4771 idem

2239 4719 2549 4782 Βπόστασιν,
2580 4719 2715 4772 ἀλλὰ
2739 4720 2807 4773 τὰ
2843 4721 2942 4790 μὲν
2964 4722 3086 4773 κατ’
3114 4721 3302 4776 οὐσίαν
3331 4722 3504 4776 ταυτὰ
3531 4722 3645 4784 ταῖς
3674 4719 3780 4785 iam;

553 4826 892 4880 nequaquam
921 4813 988 4865 sit
1014 4812 1249 4866 essentia
1277 4821 1441 4880 atque
1470 4809 1855 4875 subsistentia,
1895 4807 2035 4862 adeo
2061 4816 2122 4862 ut

2239 4811 2486 4866 στάσεσιν
2517 4812 2700 4883 ἕτερα,
2737 4813 2773 4866 ἃ
2801 4813 2857 4866 δὲ
2888 4815 3061 4868 ταυτὰ
3098 4815 3220 4868 καθ’
3245 4815 3289 4847 ⁸⁸
3323 4816 3639 4875 ὑπόστασιν,
3676 4807 3777 4864 κατ’

551 4919 673 4973 qua:
724 4905 958 4960 essentia
1017 4905 1206 4960 eadem
1261 4911 1408 4967 sunt,
1465 4901 1815 4957 subsistentia
1875 4898 2119 4972 [saltem]

2239 4903 2421 4958 οὐσίαν
2458 4905 2553 4957 καὶ
2597 4906 2760 4974 φύσιν
2805 4905 3058 4978 διάφορα.
3095 4907 3359 4978 Δεύτερον
3391 4909 3473 4962 ὅτι
3515 4907 3543 4959 ὁ
3569 4902 3778 4975 Χριστὸς

1812 5034 2049 5089 VARle
2112 5035 2406 5093 LECTION
2414 5039 2512 5095 ES.

621 5159 668 5191 ⁷⁸
700 5157 1057 5228 παραστήσας
1110 5155 1157 5208 Α
1211 5171 1226 5206 ³
1273 5152 1626 5228 Ξῖαέασῖἧξτας
1673 5146 1741 5220 ἦν
1770 5169 1854 5228 ,εὖ
1967 5152 2524 5228 ⁷ῗ,συῖγραφικῶνᾼ.
2617 5158 2661 5190 ⁷⁷
2703 5175 2905 5228 προσπ.
2967 5158 3061 5212 καὶ⁵
3113 5160 3175 5211 τὸ
3223 5158 3357 5227 πρὸς
3411 5155 3584 5228 ταῦτα
3611 5152 3676 5228 Δδὶὲ
3719 5167 3770 5228 ς.

548 5233 599 5265 ⁷⁸
639 5221 1192 5299 ὕπερδθ-λεμάῖον--ςο.
1273 5221 1486 5299 ⁷’..ἦς.ἡ
1521 5221 1798 5299 έῢιγραφὴ
1847 5239 1906 5284 ς·
1996 5221 2335 5299 “sivisset
2377 5227 2620 5299 ,Hia‘ts-
2653 5298 2659 5299 ί
2698 5221 3085 5299 “'cpwvﬁrxat
3118 5221 3335 5296 περὶἈ.
3414 5221 3768 5299 "etiamm.

550 5304 596 5334 ⁸³
620 5301 663 5352 θ’
694 5291 986 5367 κέφάλαὶον
1008 5296 1132 5348 εδδ·
1170 5295 1234 5347 Αο
1310 5291 1380 5323 “7
1426 5291 1574 5362 ὀνην]
1612 5292 1744 5361 μόνη
1807 5300 1922 5343 erat
1955 5307 2008 5360 1)·
2052 5293 2153 5347 ’157
2191 5295 2220 5346 ί)
2246 5297 2294 5348 ί·
2371 5291 2417 5327 ⁸⁵
2453 5291 2587 5368 πρὸξ
2613 5298 2710 5370 τὴν
2735 5291 2818 5356 Α’;
2851 5291 2992 5352 κατὰ
3015 5316 3073 5363 ς.
3171 5291 3217 5330 ⁸³
3251 5299 3444 5362 ἓνωσις
3495 5297 3767 5351 Schottus:

552 5371 672 5425 libri
695 5369 922 5423 κένωσιν
1021 5365 1066 5396 ⁸⁷
1092 5311 1421 5433 κεφάλαιονῗ
1455 5363 1589 5415 adde
1613 5361 1681 5414 α’.
1756 5360 1801 5392 ⁸⁸
1824 5360 1944 5413 καθ’
1974 5363 2018 5413 Λ
2047 5380 2059 5415 ;
2097 5366 2235 5418 κατὰ
2263 5367 2361 5433 τὴν
2380 5386 2440 5432 ς,

1666 5400 1681 5414 ο
1826 5397 1925 5413 ηυου
1974 5397 2018 5413 -ι
2047 5404 2059 5415 ο
2099 5397 2235 5418 hiatu.
2275 5397 2440 5436 υιὶνε).

2085 5479 2316 5536 NOTAE.

621 5596 732 5668 (45)
756 5595 929 5665 Hujus
961 5601 1262 5668 argthenti
1295 5600 1744 5668 centurlseptem
1772 5592 1823 5645 in
1857 5592 2106 5668 bibliotli.

554 5663 729 5720 Va'tic.
788 5663 1267 5719 eistare‘alﬁrmat
1318 5663 1785 5728 card.Bar0nius,
1826 5673 1956 5717 tom.
1995 5664 2108 5718 Vlll

553 5737 750 5788 Annal.
777 5745 834 5787 ut
867 5744 922 5787 et
953 5734 1247 5802 Augustam
1278 5733 1330 5786 in
1362 5733 1495 5802 Sttd.

615 5805 727 5874 (46)
757 5803 928 5874 Supra
964 5801 1175 5874 quoque
1199 5803 1305 5857 992
1328 5803 1393 5860 ad
1418 5801 1678 5860 Joannem
1732 5803 2110 5873 philosophum

552 5371 672 5425 libri
695 5364 922 5423 κένωσιν
1021 5365 1066 5396 ⁸⁷
1092 5364 1382 5419 κεφάλαιον

2279 5601 2546 5654 :csrrinla.

2279 5615 2382 5652 δερ
2419 5609 2465 5647 'i
2498 5638 2506 5651 .
2533 5640 2546 5654 ,

2212 5609 2656 5794 Ρῑᾶᾒυένιωσιν
2687 5674 2915 5729 emendo
2937 5688 3006 5730 ex
3045 5671 3264 5743 epistola
3312 5673 3379 5729 ad
3410 5669 3622 5727 Petrum
3649 5661 3767 5722 illuv-

2221 5755 2246 5795 5
2280 5756 2388 5795 rem
2415 5758 2562 5795 SUIH‘.

2280 5756 2388 5795 rem
2415 5758 2562 5809 supr.
