4022 6444
290 395 396 455 653

1366 389 1888 448 BIBLIOTHECA.
1928 413 1996 421 -
2043 389 2205 447 COD.
2246 391 2518 451 CXCXIV

3460 387 3565 452 651

289 509 410 568 ταῖς
446 506 548 575 μὲν
599 504 717 557 κατ’
765 504 952 556 οὐσίαν
998 500 1106 553 τῶν
1145 499 1360 553 οἰκείων
1412 500 1594 570 μερῶν
1637 502 1775 570 πρὸς
1809 500 1870 552 τὰ

1982 501 2418 567 distinguantur;
2446 512 2500 555 et
2527 499 2767 571 [contra]
2799 514 2917 567 qua:
2947 496 3306 553 subsistentia
3339 501 3555 563 eadem,

287 601 437 667 ἄκρα
474 596 786 665 κοινότησιν
817 593 1105 660 ἑνούμενος
1128 632 1142 654 ,
1172 590 1270 660 τὴν
1301 592 1437 661 πρὸς
1475 591 1610 645 ἄλλα
1639 594 1747 645 τῶν
1778 609 1877 661 με-

292 691 401 759 ρῶν
434 689 756 757 σωζομένην
792 681 905 755 εἶχε
935 683 1221 754 διαφορὰν,
1269 686 1388 746 ταῖς
1436 683 1493 736 δὲ
1538 683 1649 737 τῶν
1692 672 1875 753 μερῶν

293 780 524 847 ἰδιότησι
552 777 616 829 τὸ
647 775 769 829 καθ’
803 776 1104 828 ὑπόστασιν
1137 773 1404 827 διεδείκνυ
1441 772 1518 835 ὡς
1546 772 1667 825 ὅλον
1698 776 1877 825 κοινὸν

288 870 646 939 ἀμφοτέρων.
679 869 732 919 I"
761 868 842 920 ὅτι
865 867 936 919 τὰ
975 866 1075 936 μὲν
1108 866 1229 917 καθ’
1260 865 1559 917 ὑπόστασιν
1582 864 1735 917 κοινὰ
1768 865 1877 917 τῶν

293 959 479 1029 μερῶν
520 960 583 1011 τὸ
623 960 767 1022 ὅλον,
798 959 966 1029 ἡγουν
994 957 1085 1010 τὸν
1120 956 1377 1028 Χριστὸν,
1412 954 1673 1025 ἡφόριξον
1700 956 1745 987 ⁸9
1770 956 1877 1008 τῶν

290 1053 497 1119 ἄκρων,
531 1050 607 1103 τὰ
636 1050 693 1102 δὲ
737 1050 857 1103 κατ’
905 1049 1095 1101 οὐσίαν
1127 1047 1263 1118 πρὸς
1308 1047 1379 1099 τὰ
1408 1046 1554 1115 ἂκρα
1585 1047 1742 1099 κοινὰ
1770 1046 1878 1103 τῶν

297 1143 480 1212 μερῶν
522 1142 603 1205 ὡς
651 1142 771 1195 ὅλον
806 1142 1047 1211 συνῆπτε
1089 1143 1202 1203 τοῖς
1233 1140 1427 1208 ἄκροις
1459 1138 1737 1201 οὑσιωδῶς
1785 1138 1878 1190 τὸν

300 1234 549 1304 Χριστόν.
582 1231 638 1285 Δ¹
667 1234 750 1286 ὅτι
777 1233 908 1296 θεὸς
938 1232 1199 1302 ὑπάρχων
1228 1231 1433 1293 τέλειος
1459 1232 1487 1283 ὁ
1519 1230 1756 1300 Χριστὸς
1781 1229 1877 1281 καὶ

305 1327 575 1397 ἄνθρωπος
590 1326 797 1389 τέλειος
817 1328 846 1379 ό
871 1326 1053 1388 αὐτὸς,
1080 1322 1195 1395 εἶχε
1218 1326 1282 1376 τὸ
1298 1324 1478 1377 κοινὸν
1500 1322 1681 1375 αὑτῶν
1702 1321 1877 1375 καὶτὸ

307 1420 421 1471 ἴδιον
444 1412 528 1479 οἷς
558 1418 702 1487 πρὸς
732 1418 922 1470 ἑαυτὸν
949 1419 1187 1469 ἐποιεῖτο
1211 1417 1310 1485 τὴν
1337 1416 1447 1467 τῶν
1470 1415 1657 1485 ἄκρων
1683 1412 1877 1465 ἕνωσιν

298 1509 699 1578 καὶδιάκρισιν,
729 1511 795 1579 τῇ
832 1509 930 1577 μὲν
961 1508 1096 1577 πρὸς
1125 1507 1316 1559 ἑαυτὸν
1349 1506 1541 1561 ἐνὼσει
1564 1506 1671 1559 τῶν
1692 1504 1877 1573 ἄκρων

292 1600 342 1649 ἐν
354 1597 541 1666 ἑαυτῷ
561 1598 877 1668 σωζομένας
898 1598 997 1661 τὰς
1012 1598 1070 1662 ἐξ
1086 1591 1159 1651 ὧν
1174 1597 1429 1668 συνετέθη
1448 1596 1641 1666 φύσεις
1658 1595 1878 1649 πιστού-

289 1703 469 1755 μενος,
507 1690 579 1758 τῇ
612 1689 669 1741 δὲ
716 1688 853 1758 πρὸς
904 1689 1095 1741 ἑαυτὸν
1142 1688 1409 1757 διακρίσει
1448 1688 1557 1742 τῶν
1597 1690 1783 1758 ἄκρων
1817 1687 1879 1740 τὸ

289 1774 586 1842 μοναδικδν
606 1776 706 1845 τῆς
728 1777 939 1836 οἰκείας
966 1777 1239 1846 παριστὰς
1263 1777 1635 1841 ὑποστάσεως.
1668 1778 1722 1830 E'
1750 1778 1877 1847 περὶ

281 1868 558 1937 διαφορᾶς
586 1867 835 1936 διάληψις
867 1868 1153 1939 σύντομος,
1186 1869 1253 1922 δι’
1274 1864 1343 1940 ἦς
1368 1870 1644 1924 δείκνυται
1667 1870 1728 1923 τὸ
1754 1871 1875 1925 κατ’
1905 1854 1953 1913 Β

280 1960 479 2011 οὐσίαν
512 1959 681 2012 ποσὸν
709 1959 821 2013 τῶν
868 1960 1164 2031 ηνωμὲνων
1211 1962 1539 2031 σωζόμενον.
1590 1964 1660 2028 ς’
1702 1979 1872 2015 κατα-

282 2052 457 2123 σκευὴ
473 2052 792 2122 πλατυτέρα
809 2054 906 2108 καὶ
924 2053 1276 2125 φυσικωτὲρα
1291 2056 1419 2125 περὶ
1435 2055 1702 2125 διαφορᾶς
1716 2057 1810 2108 καὶ
1825 2056 1871 2088 ⁹⁰

281 2145 591 2215 ποσότητος
642 2145 738 2199 καὶ
786 2145 881 2199 τοῦ
950 2144 1238 2217 δηλοῦντος
1294 2146 1465 2209 αὑτὰς
1514 2146 1559 2178 ⁹¹
1610 2147 1873 2217 ἀριθμοῦ.

283 2236 412 2307 [509
437 2235 535 2308 8.]
565 2238 620 2289 Z'
641 2238 722 2291 ὃτι
752 2238 781 2290 ὁ
811 2238 887 2306 μὴ
914 2239 1115 2291 ταυτὸν
1145 2237 1299 2300 εἰδὼς
1326 2238 1490 2307 φύσιν
1515 2238 1609 2291 καὶ
1638 2238 1875 2291 ὑπόστα-

280 2348 367 2383 σιν
402 2330 650 2393 εὑσεϐῶς
678 2331 771 2382 ἐπὶ
797 2329 1035 2400 Χριστοῦ
1067 2328 1386 2401 δογματίζει
1420 2330 1519 2402 τὴν
1549 2330 1745 2383 ἕνωσιν
1780 2330 1873 2383 καὶ

276 2422 379 2491 τὴν
405 2420 699 2491 διαιρορὰν,
729 2414 805 2475 ὧν
825 2421 886 2473 τὸ
915 2420 1014 2491 μὲν
1043 2423 1237 2491 ὁρᾶται
1267 2421 1410 2474 κατὰ
1430 2422 1531 2490 τὴν
1552 2421 1868 2485 ὑπόστασιν,

279 2510 339 2563 τὸ
373 2510 433 2562 δὲ
481 2510 634 2563 κατὰ
664 2508 764 2580 τὴν
803 2509 983 2577 φύσιν.
1022 2510 1081 2561 H'
1117 2510 1199 2561 ὅτι
1229 2509 1468 2579 Σεϐἧρος
1497 2510 1695 2562 ταυτὸν
1730 2505 1871 2565 εἶναι

279 2602 611 2671 βιαζόμενος
640 2602 803 2669 φύσιν
838 2602 932 2655 καὶ
970 2600 1270 2654 ὑπόστασιν
1318 2602 1514 2670 συγχεῖ
1543 2601 1642 2671 τὴν
1676 2600 1869 2655 ἕνωσιν

279 2695 378 2748 καὶ
419 2697 569 2746 ποιεῖ
590 2696 635 2725 θ’
662 2694 928 2763 διαίρεσιν
963 2692 1062 2763 τὴν
1090 2692 1381 2763 διαφοράνο
1407 2693 1530 2745 καθ’
1563 2693 1629 2762 ἦν
1657 2692 1867 2745 δείκνυ-

279 2805 370 2839 ται
402 2787 503 2839 καὶ
532 2788 623 2838 τὸν
650 2786 749 2854 τῆς
775 2786 820 2817 9³
860 2786 1090 2855 Τριάδος
1122 2787 1202 2848 εἰς
1239 2785 1469 2855 τετράδα
1498 2784 1866 2848 διασκεδάξων

280 2877 479 2943 Λόγον,
532 2878 626 2929 καὶ
657 2876 717 2929 τὸ
768 2875 866 2945 τῆς
915 2878 1043 2946 μιᾶς
1092 2875 1343 2944 θεότητος
1394 2874 1746 2944 κατατέμνων
1785 2876 1866 2937 εἰς

280 2972 450 3025 δυάδα
482 2971 803 3041 μυστήριον,
854 2971 949 3021 καὶ
988 2968 1167 3037 πάσης
1196 2968 1287 3021 τδν
1318 2969 1551 3040 Χριστὸν
1600 2968 1859 3038 ὑπερορί-

283 3065 393 3128 ζων
423 3063 698 3124 οὑσιωόῶς
720 3062 767 3093 ⁸⁸
790 3060 1097 3128 ὑπάρξεως.
1130 3060 1259 3130 [265
1282 3059 1374 3131 IL]
1404 3060 1459 3113 θ’
1486 3060 1701 3122 ἔκθεσις
1738 3061 1860 3113 σύν-

1980 591 2221 664 essentia
2251 591 2357 643 sint
2392 599 2558 659 atque
2587 599 2780 644 natura
2799 591 3033 644 diversa.
3068 589 3376 643 Secundum
3401 605 3564 661 caput

1980 683 2085 735 ista
2135 683 2366 749 exponit
2394 701 2407 735 :
2441 683 2693 737 Christus
2723 682 3027 736 rationibus
3074 682 3294 751 quidem
3319 698 3547 737 commu-

1979 774 2138 827 nibus
2197 775 2497 828 secundum
2559 774 2855 828 essentiam
2904 773 3246 844 propriarum
3316 775 3554 843 partium

1978 880 2103 919 cum
2128 866 2393 921 extremis
2425 866 2631 929 unitus,
2671 866 2878 920 salvam
2943 866 2995 918 in
3042 865 3269 933 reliquis
3322 865 3557 935 partium

1978 958 2389 1014 distinctionem
2470 959 2784 1024 retinebat;
2854 967 2911 1011 at
2956 972 3085 1011 vero
3134 959 3560 1027 proprietatibus

1980 1047 2173 1102 harum
2207 1050 2439 1117 partium
2492 1050 2660 1105 veluti
2715 1059 2885 1104 totum
2942 1049 3214 1119 quoddam
3269 1050 3557 1103 ambarum

1979 1153 2305 1205 commune,
2358 1141 2676 1211 hypostasin
2731 1140 3043 1195 exhibebat.
3116 1138 3562 1207 'fertiuszua:

1979 1233 2274 1287 secundum
2308 1233 2623 1303 hypostasin
2648 1247 2972 1288 communes
3002 1243 3161 1287 erant
3184 1234 3421 1287 rationes
3444 1246 3562 1302 par-

1982 1326 2137 1390 tium,
2158 1334 2330 1378 tottun
2365 1326 2564 1393 ipsum,
2596 1324 2649 1378 id
2682 1333 2767 1379 est
2794 1324 3100 1389 Christum,
3140 1324 3561 1393 distinguebant

1980 1416 2049 1469 ab
2078 1417 2380 1470 extremis:
2422 1431 2544 1485 qua:
2586 1430 2718 1469 vero
2748 1416 3044 1470 secundum
3064 1416 3360 1469 essentiam
3402 1425 3561 1468 erant

1981 1507 2289 1560 communia
2334 1508 2569 1576 partium
2624 1507 2692 1561 ad
2728 1516 2995 1571 extrema,
3050 1506 3329 1560 Christum
3390 1506 3558 1561 veluti

1984 1607 2156 1651 totum
2191 1599 2560 1653 essentialiter
2592 1614 2713 1652 cum
2738 1600 2997 1661 extremis
3020 1598 3342 1668 iungebant.
3377 1598 3556 1664 Quar-

1980 1697 2132 1742 tum:
2175 1688 2309 1743 Cum
2337 1688 2588 1744 Christus
2612 1690 2752 1745 Deus
2793 1691 3063 1759 perfectus
3104 1699 3270 1753 esset,
3307 1690 3558 1758 idemque

1983 1778 2144 1833 homo
2209 1780 2503 1850 perfectus,
2546 1779 2729 1851 [simul
2790 1781 2873 1853 et]
2930 1782 3073 1851 quod
3124 1795 3413 1836 commune
3473 1781 3559 1835 his

1980 1882 2096 1927 erat
2125 1873 2378 1941 habebat,
2413 1884 2469 1928 et
2514 1876 2657 1943 quod
2688 1876 2965 1944 preprium
3002 1874 3239 1943 ;quibus
3282 1884 3340 1927 et
3373 1880 3558 1927 extre-

1982 1979 2193 2018 morum
2227 1964 2294 2017 ad
2324 1967 2566 2035 seipsum
2600 1966 2855 2020 unionem
2919 1964 3211 2031 elllciebat,
3247 1978 3311 2019 ac
3354 1964 3559 2019 discre-

1982 2056 2203 2110 tionem.
2228 2055 2336 2111 Per
2384 2057 2640 2111 unionem
2672 2057 2888 2126 quidem
2936 2067 3335 2120 extremorum,
3373 2069 3556 2110 secum

1978 2143 2159 2198 salvas
2197 2145 2248 2198 in
2273 2146 2451 2213 seipso
2485 2156 2733 2209 naturas,
2769 2161 2836 2200 ex
2864 2145 3063 2214 quibus
3080 2144 3418 2214 compositus
3450 2153 3556 2208 est,

1980 2244 2237 2289 testatum
2278 2236 2506 2301 faciens,
2535 2237 2629 2291 sed
2667 2235 2997 2291 discretione
3021 2246 3391 2290 extremorum
3417 2250 3445 2287 a
3475 2248 3556 2298 se,

1975 2325 2214 2394 propriae
2240 2326 2594 2397 hypostaseos
2625 2326 2892 2382 exhibens
2930 2326 3220 2380 unitatem.
3248 2323 3509 2390 Quintum
3539 2340 3553 2376 :

1979 2416 2172 2473 Brevis
2229 2419 2298 2473 de
2337 2418 2645 2475 differentia
2698 2419 3016 2489 disputatio,
3082 2432 3189 2486 qua
3249 2416 3558 2471 ostenditur

1975 2511 2331 2565 essentialem
2368 2513 2648 2567 unitorum
2686 2511 3050 2581 quantitatem
3077 2508 3284 2562 salvam
3302 2507 3550 2562 retineri.

1976 2605 2480 2661 Sextum:Fusior
2538 2606 2821 2675 magisque
2876 2602 3242 2673 philosomtica
3298 2600 3558 2655 tractatio

1969 2696 2036 2750 de
2059 2695 2356 2750 differentia
2407 2696 2504 2765 (et)
2556 2697 2878 2761 quantitate,
2926 2708 2993 2746 ac
3041 2692 3109 2747 de
3163 2704 3432 2754 numero,
3464 2689 3555 2756 qui

1969 2787 2162 2841 harum
2200 2787 2362 2841 index
2392 2797 2497 2841 est.
2554 2787 2908 2857 Septimum:
2949 2786 3050 2853 Qui
3113 2785 3217 2839 scit
3275 2797 3381 2836 non
3437 2795 3561 2835 csse

1967 2880 2107 2934 idem
2144 2888 2390 2933 naturam
2416 2890 2471 2933 et
2512 2880 2846 2949 hypostasin,
2872 2879 2918 2933 is
2946 2879 3031 2948 pie
3074 2878 3126 2931 in
3154 2875 3372 2931 Christo
3398 2872 3562 2927 tradit

1968 2972 2266 3027 unitionem
2302 2986 2367 3025 ac
2417 2970 2783 3026 differentiam
2817 2988 2883 3025 ex
2937 2970 3133 3037 quibus
3182 2967 3269 3021 illa
3341 2965 3559 3034 quidem

1965 3074 2238 3134 Spectatur
2260 3064 2555 3119 secundum
2584 3064 2919 3132 hypostasin,
2950 3063 3064 3117 hanc
3098 3076 3228 3116 vero
3262 3057 3559 3113 secundum

282 3173 450 3224 τόμος
492 3154 636 3223 μετὰ
667 3154 765 3222 τῆς
806 3153 974 3225 ὀρθῆς
1015 3152 1342 3219 συνηγορίας
1370 3152 1470 3221 τῆς
1499 3151 1731 3222 ἀληθοῦς
1752 3153 1861 3204 τῶν

1977 3167 2238 3213 naturam.
2265 3154 2527 3212 Octavum
2556 3155 2824 3210 :Severus
2852 3157 2977 3209 dum
3002 3170 3098 3223 per
3118 3154 3224 3206 vim
3254 3154 3393 3207 idem
3427 3160 3549 3203 esse

284 3247 550 3316 Πατέρων
592 3245 903 3314 ὁμολογίας.
953 3243 1092 3296 Ἀλλ’
1124 3245 1182 3296 ὲν
1208 3244 1420 3307 τούτοις
1450 3245 1547 3314 μὲν
1577 3246 1671 3297 καὶ
1703 3244 1863 3315 αὕτη.

283 3341 397 3393 Καὶ
426 3339 585 3408 δῆλον
612 3339 707 3391 καὶ
736 3337 795 3401 ἐξ
824 3334 1002 3389 αὑτῶν
1035 3335 1143 3387 τῶν
1180 3335 1490 3402 κεφαλαίων
1514 3337 1574 3388 τὸ
1604 3337 1683 3399 εἰς
1707 3336 1867 3387 εὑσέ-

282 3431 441 3483 ϐειαν
468 3432 763 3501 χρήσιμον.
819 3430 929 3483 Καὶ
980 3432 1013 3499 ἡ
1066 3430 1269 3501 φράσις
1311 3428 1369 3481 δὲ
1410 3428 1487 3491 ὡς
1524 3429 1582 3480 ὲν
1639 3426 1864 3498 τοιαύτῃ

280 3520 340 3573 τὸ
375 3522 550 3588 σαφὲς
578 3521 763 3574 διώκει
793 3521 885 3573 καὶ
917 3520 1018 3573 οὑκ
1044 3522 1315 3591 ἄκομψον.

280 3616 333 3669 in
358 3614 469 3668 duo
498 3628 708 3676 secare,
740 3621 795 3667 et
819 3614 885 3666 ab
920 3613 1065 3666 omni
1099 3612 1258 3666 simul
1288 3613 1633 3668 substantiali
1695 3611 2044 3667 subsistentia
2090 3611 2365 3667 Christum
2433 3622 2705 3669 extorrem
2769 3613 2971 3668 facere.

1974 3249 2119 3318 cogit
2145 3259 2394 3301 naturam
2425 3256 2586 3316 atque
2635 3247 2975 3316 hypostasin,
3030 3254 3085 3298 et
3142 3244 3394 3297 unionem
3426 3257 3558 3297 con-

1974 3337 2173 3404 fundit,
2219 3348 2274 3392 et
2317 3338 2637 3392 divisionem
2694 3337 2823 3391 facit
2860 3336 3052 3406 159a
3114 3351 3180 3389 ex
3214 3332 3553 3389 diﬂ'erentia:

1973 3432 2117 3485 unde
2151 3430 2518 3496 convincitur,
2546 3441 2602 3485 et
2633 3429 2921 3485 Trinitatis
2962 3431 3225 3483 rationem
3257 3429 3312 3482 in
3336 3435 3556 3496 quater-

1972 3520 2195 3574 nitatem
2224 3520 2548 3587 diffundere,
2582 3532 2635 3577 et
2667 3524 2827 3577 unius
2884 3521 3201 3591 mysterium
3254 3516 3558 3573 Diviuitatis

3052 3611 3260 3665 Nonum
3302 3628 3317 3665 :
3365 3609 3553 3664 Brevis

279 3719 365 3763 est
400 3708 690 3778 expositio,
723 3721 844 3761 cum
882 3716 1026 3761 recta
1060 3705 1371 3763 defensione
1400 3722 1542 3762 verte
1577 3717 1887 3761 sanctorum
1919 3704 2138 3758 Patrum
2171 3706 2543 3761 confessionis.
2570 3706 2627 3761 In
2649 3707 2731 3761 his
2754 3721 2886 3776 ergo
2914 3706 3002 3760 illa
3034 3718 3281 3761 versatur
3306 3703 3551 3774 epistola,

280 3818 341 3859 ut
382 3820 453 3859 ex
497 3801 629 3869 ipsis
676 3815 800 3853 mox
846 3798 1115 3868 capitibus
1165 3810 1344 3869 pateat
1396 3801 1513 3870 ejus
1561 3802 1629 3853 ad
1682 3800 1902 3868 pietatis
1931 3800 2166 3852 studium
2198 3801 2623 3867 promovendum
2654 3800 2876 3855 utilitas.
2937 3800 3110 3855 Dictio
3141 3814 3321 3871 porro,
3392 3810 3452 3853 ut
3496 3800 3549 3853 in

280 3914 341 3952 re
402 3896 520 3960 tali,
560 3894 998 3963 perspicuitatem
1051 3902 1315 3957 sectatur,
1364 3907 1539 3961 neque
1575 3902 1659 3947 est
1702 3892 2001 3962 inelegans.

355 3992 485 4044 Ἔτι
514 3988 571 4042 δὲ
603 3987 740 4056 πρὸς
774 3984 1009 4055 Πύρρον,
1042 3986 1123 4037 ἔτι
1148 3985 1522 4056 πρεσϐυτέρου
1556 3986 1621 4019 9“
1662 3985 1869 4056 βαθμὸν

279 4089 482 4156 ἑχοντα
515 4081 609 4134 καὶ
657 4078 812 4131 οὔπω
840 4077 941 4146 τῆς
985 4078 1382 4147 ἀρχιερατικῆς
1413 4078 1685 4132 ἐπιϐάντα
1738 4076 1871 4131 καθ-

281 4182 469 4250 έδρας.
522 4175 738 4237 Θειάζει
778 4174 824 4229 δ’
854 4176 911 4225 ὲν
937 4173 1075 4241 αὐτῇ
1139 4169 1229 4223 τὸν
1288 4170 1526 4242 Πύρρον,
1551 4171 1644 4223 καὶ
1672 4170 1869 4239 εὑσεϐἦ

280 4273 489 4341 γνῶσιν
520 4270 669 4339 αὑτῷ
721 4269 818 4322 καὶ
875 4267 1129 4335 ὁσιότητα
1186 4262 1644 4332 ὲπιμαρτὺρεται.
1713 4262 1874 4314 Ἀλλὰ

281 4362 377 4415 καὶ
410 4359 542 4430 περί
562 4376 745 4423 τινων,
773 4360 849 4421 ὡς
876 4357 1073 4421 ἔοικεν,
1103 4354 1435 4420 ἀξιώσαντος
1474 4353 1625 4422 αὑτῷ
1650 4353 1867 4423 γραιρῆ-

280 4473 371 4507 ναι
406 4456 433 4506 ὁ
458 4452 622 4520 σοφὸς
650 4451 904 4518 Μάξιμος
926 4451 986 4502 οὑ
1015 4449 1173 4519 μόνον
1197 4449 1565 4517 παραιτεῖται,
1600 4446 1864 4514 ἰσχνόφω-

280 4564 371 4598 νον
401 4544 600 4597 ὲαυτὸν
622 4545 717 4597 καὶ
756 4542 1178 4614 βραδύγλωσσον
1226 4540 1542 4599 ἀποκαλῶν,
1572 4538 1687 4591 ἀλλ’
1736 4540 1862 4591 ἀντ-

2038 3984 2241 4040 Scribit
2288 3993 2545 4053 praeterea
2574 3983 2804 4056 Pyrrho,
2851 3986 3112 4054 dignitate
3146 3994 3257 4039 tum
3291 3988 3549 4055 temporis

1970 4074 2307 4145 presbytero,
2338 4085 2391 4129 et
2422 4078 2737 4131 cathedram
2766 4093 3038 4131 summam
3074 4079 3307 4133 nondum
3334 4080 3549 4149 adepto.

1971 4168 2086 4232 Qua
2138 4167 2193 4220 in
2231 4168 2459 4235 cpistola
2493 4168 2732 4221 divinum
2779 4183 2900 4223 eum
2946 4170 3225 4237 praedicat,
3272 4180 3328 4225 et
3364 4173 3554 4227 ortho-

1973 4258 2169 4312 doxam
2212 4260 2372 4312 ﬁdem
2409 4260 2509 4327 ipsi
2543 4274 2607 4315 ac
2641 4262 3054 4316 sanctimoniam
3098 4278 3195 4316 suo
3236 4264 3553 4319 testimonio

1973 4350 2184 4404 tribuit.
2217 4350 2317 4417 Qui
2353 4360 2408 4405 et
2440 4352 2506 4405 de
2536 4352 2881 4420 quibusdam,
2911 4365 2969 4407 ut
3020 4363 3261 4423 apparet.
3310 4356 3554 4411 scribere

1972 4440 2267 4496 Maximum
2298 4458 2422 4497 cum
2452 4452 2718 4513 rogasset.
2748 4446 2965 4511 sapiens
2993 4446 3082 4499 hic
3120 4447 3204 4500 vir
3236 4461 3343 4499 non
3372 4445 3549 4501 solum

1974 4536 2389 4604 tergiversatur,
2410 4536 2625 4591 balbum
2653 4536 2765 4604 (48)
2792 4553 2852 4592 se
2877 4549 2931 4592 et
2954 4536 3211 4591 infantem
3230 4537 3508 4607 appellans
3533 4558 3547 4593 :

282 4637 428 4699 αξιοί
441 4636 605 4689 αὑτὸν
617 4638 662 4667 θ’
681 4635 970 4704 γράμματι
990 4632 1188 4701 μᾶλλον
1200 4631 1431 4696 διδάξαι,
1448 4630 1531 4690 τίς
1545 4632 1577 4699 ἡ
1591 4630 1859 4698 ἐνέργεια,

1977 4641 2157 4680 verum
2203 4638 2391 4681 contra
2439 4627 2765 4695 obtestatur,
2797 4640 2853 4682 ut
2901 4644 2996 4695 per
3029 4629 3239 4685 litteras
3282 4644 3342 4684 se
3369 4630 3551 4701 potius

284 4730 380 4781 καὶ
410 4728 644 4797 ὁσαχῶς,
672 4728 766 4780 καὶ
789 4726 840 4777 τί
868 4727 1021 4796 παρὰ
1051 4724 1250 4793 ταύτην
1296 4725 1413 4775 ἐστὶ
1455 4722 1515 4775 τὸ
1560 4722 1863 4792 ἐνέργημα,

283 4822 383 4873 καὶ
415 4818 469 4870 τί
510 4818 715 4870 τούτων
744 4818 1055 4886 διενήνοχεν
1116 4816 1149 4885 ἡ
1200 4816 1398 4886 πρᾶξις
1453 4815 1549 4867 καὶ
1588 4814 1648 4867 τὸ
1682 4814 1863 4883 ἔργον,

284 4909 382 4961 καὶ
416 4906 537 4969 πῶς
577 4906 693 4958 ἐστι
727 4906 908 4974 λέγειν
930 4906 964 4976 ἢ
1015 4908 1216 4958 ἐννοεῖν
1256 4906 1356 4974 τὴν
1386 4905 1515 4973 μίαν
1559 4903 1862 4974 ἐνέργειαν.

292 5001 439 5053 Ἀλλ’
466 5002 527 5052 ὲν
564 5000 773 5063 τούτοις
810 4998 910 5069 μὲν
948 4998 1046 5052 καὶ
1079 4999 1112 5067 ἡ
1138 4996 1275 5068 πρὸς
1302 4997 1540 5068 Πύρρον.

359 5179 571 5248 Γράφει
598 5178 655 5230 δὲ
682 5179 774 5231 καὶ
798 5177 934 5248 πρὸς
956 5178 1158 5246 Θωμᾶν
1200 5194 1342 5240 τινα,
1368 5176 1731 5246 αἰτησάμενον
1764 5180 1862 5247 ρη-

288 5276 399 5328 τῶν
434 5291 603 5327 τινων
642 5270 1038 5342 ἀπορουμένων
1062 5269 1362 5332 ἑπιλὺσεις.
1387 5269 1469 5321 Τὰ
1485 5268 1540 5321 δὲ
1584 5270 1724 5340 ρητὰ
1770 5269 1864 5320 τοῦ

1973 4718 2167 4772 doceat
2205 4736 2218 4771 :
2253 4719 2393 4782 Quid
2418 4721 2684 4788 operatio,
2712 4732 2767 4774 et
2794 4722 3088 4790 quotuplex
3113 4721 3136 4773 ‘2
3165 4731 3215 4775 et
3256 4723 3384 4791 quid
3414 4736 3552 4790 prte-

1977 4820 2057 4864 ter
2088 4811 2224 4864 hanc
2254 4813 2323 4865 sit
2351 4811 2618 4866 effectus?
2649 4812 2885 4882 quidque
2916 4815 2983 4867 ab
3009 4814 3091 4867 his
3122 4814 3377 4868 differant
3406 4816 3554 4871 actio

1972 4910 2029 4953 et
2075 4902 2256 4968 Opus?
2284 4912 2339 4956 et
2371 4918 2607 4971 quanam
2640 4906 2813 4971 possit
2872 4906 3082 4958 ratione
3122 4906 3224 4960 dici
3265 4906 3550 4971 sentirive,

1976 5005 2139 5043 unam
2192 5007 2312 5046 esse
2366 4993 2417 5044 in
2476 4992 2694 5047 Christo
2740 4995 3163 5062 operationem?
3207 5000 3385 5065 Atque
3436 4998 3551 5053 haec

1975 5082 2190 5151 quidem
2218 5084 2269 5134 in
2307 5084 2534 5151 epistola
2569 5086 2633 5138 ad
2673 5084 2959 5155 Pyrrhum.

2045 5174 2125 5227 Ad
2172 5174 2433 5229 Thomam
2485 5176 2594 5246 (49)
2629 5178 2848 5245 insuper
2873 5184 3157 5247 quemdam
3202 5182 3409 5247 scribit,
3450 5183 3543 5252 qui

1975 5266 2349 5334 ambiguorum
2371 5268 2725 5336 quorumdam
2760 5271 2999 5325 locorum
3031 5273 3324 5329 solutiones
3357 5285 3546 5343 postu-

1567 5420 1801 5475 VARI/E
1840 5420 2243 5483 LECTIONES.

363 5540 409 5573 ⁸9
440 5538 534 5613 τὸν
580 5538 814 5613 Χριστὸν
862 5538 1124 5613 ἠφόριζον
1258 5536 1579 5613 ςάξῶριζον
1626 5556 1687 5600 ς’.
1731 5540 1957 5613 -.ξ’θΑκαὶ
2018 5552 2145 5599 ante
2200 5562 2321 5598 ποσ.
2355 5547 2487 5598 add.
2518 5548 2582 5599 A.
2660 5548 2702 5578 ⁹¹
2733 5550 2900 5613 αὑτὰς
2927 5566 3034 5604 om.
3096 5550 3161 5604 A.
3236 5552 3280 5582 ⁹¹
3309 5554 3545 5605 ποιεῖται

290 5625 432 5665 corr.
479 5612 545 5661 A.
622 5606 667 5640 ³⁵³
708 5610 805 5678 τῆς
848 5606 1071 5663 anna.
1149 5609 1194 5639 "
1221 5606 1508 5669 οὑσιώδους
1544 5623 1648 5676 mg.

1729 5608 1794 5638 9⁸⁸
1832 5608 1884 5675 β.
1920 5614 2117 5682 πρεσϐ.

2194 5617 2237 5647 9⁵
2262 5617 2423 5669 αὑτὸν
2454 5618 2547 5669 καί
2572 5635 2665 5689 γρ.
2698 5621 2764 5672 Α.

1805 5723 2038 5782 NOTAE.

363 5816 477 5887 (48)
509 5814 672 5870 Musis
695 5814 939 5883 exemplo
969 5812 1133 5869 Exodi
1171 5828 1239 5866 tv.

2046 5821 2155 5892 (i9)
2191 5823 2838 5895 Constantiuopolitanum
2873 5826 3101 5887 forsitan
3143 5833 3435 5904 patriarch.
