4022 6438
613 372 719 430 65.7.
1736 366 1999 426 ΡΠΟΤΙΙ
2038 366 2172 424 ΡΑΤ

2278 365 2542 425 ancus;
2573 367 2660 425 CP
3701 388 3785 451 οδε

594 486 762 538 iarat.
800 480 967 532 Erant
1018 489 1198 533 autem
1242 479 1487 549 quasdam
1526 479 1773 547 Gregorii
1816 480 2100 548 Tlteologi,
2132 490 2172 531 el

2288 481 2548 547 Θεολόγου
2579 481 2638 533 τέ
2670 483 2786 534 ἐστι
2817 478 3116 551 Γρηγορίου
3150 480 3245 533 καὶ
3271 482 3359 535 τοῦ
3382 483 3513 539 Θείου
3539 493 3785 568 Διονυσίου,

596 574 767 629 divini
803 570 1043 641 Dionysii
1075 572 1427 626 assertiones.
1460 571 1535 625 Ex
1563 572 1707 625 illius
1736 572 1950 639 quidem
1977 572 2177 623 oratio-

598 684 669 723 ne
692 667 762 720 de
785 664 919 719 Filio
950 666 1086 733 (50),
1112 665 1195 717 illa
1236 684 1255 715 ι
1291 663 1588 732 Propterea
1638 665 1818 717 unitas
1852 678 1883 717 a
1906 663 2173 731 principio

601 767 768 818 mota,
810 773 829 807 ι
892 766 947 809 et
973 772 1092 823 quia:
1124 766 1424 823 sequuntur
1460 771 1474 819 ;
1508 765 1562 807 et
1591 771 1606 807 :
1650 772 1669 805 ι
1706 754 1925 809 Unitate
1954 752 2172 823 quidem

590 850 668 899 ob
726 847 940 900 divitias
1002 855 1142 899 mota
1183 861 1195 897 :
1239 864 1257 896 ι
1293 845 1437 912 quod
1492 856 1575 897 est
1611 859 1677 896 ex
1711 844 1959 896 oratione
2004 843 2174 911 ipsius

596 941 767 992 altera
797 938 908 1007 (51)
938 936 1010 989 De
1030 952 1180 1000 pace.
1208 934 1391 987 Altera
1416 935 1529 987 hinc
1555 950 1570 987 :
1602 952 1620 983 ι
1655 933 1756 988 Uni
1782 949 1911 987 vero
1933 932 2117 1000 capiti,
2148 951 2167 983 ι

598 1040 653 1084 ct
682 1029 909 1097 reliqua.
936 1026 1144 1089 Tertia,
1176 1041 1243 1079 ex
1273 1041 1335 1080 ea
1368 1026 1479 1094 ipsa
1514 1025 1777 1087 oratione,
1833 1025 1917 1077 illa
1954 1040 1969 1078 :
2008 1043 2027 1075 ι
2078 1023 2173 1077 llic

596 1124 745 1176 enim
804 1122 893 1188 qui
952 1135 1093 1174 utmc
1129 1134 1158 1172 a
1212 1130 1263 1172 te
1326 1118 1690 1171 contemnitur
1735 1117 1870 1186 (5‘2),
1913 1136 1931 1168 ι
1966 1128 2021 1170 et
2056 1130 2174 1185 qua:

598 1223 915 1281 sequuntur.
951 1211 1195 1277 Quarta:
1238 1227 1256 1260 ι
1296 1207 1367 1263 Ut
1403 1208 1631 1262 Verbum
1671 1209 1812 1262 enim
1855 1223 2025 1276 neque
2046 1209 2174 1277 (ibe:

599 1304 752 1355 diens
807 1310 941 1364 erat,
1000 1315 1172 1367 neque
1220 1299 1537 1353 inobediens
1583 1299 1720 1368 (55),
1786 1317 1805 1350 ι
1847 1309 1901 1353 et
1954 1308 2168 1353 cuitera.

600 1394 772 1445 Divini
802 1406 929 1445 vero
963 1390 1199 1460 Dionysii
1225 1390 1350 1443 illud
1375 1389 1638 1459 explicat;
1663 1408 1680 1440 ι
1716 1390 1993 1455 Quomodo
2016 1390 2171 1455 dicis,

586 1482 770 1547 Jcsus,
814 1485 903 1552 qui
936 1492 1019 1535 est
1062 1497 1223 1548 supra
1272 1484 1477 1545 omnia,
1512 1498 1637 1535 cum
1684 1482 1934 1536 omnibus
1958 1491 2041 1536 est
2072 1482 2174 1535 ho-

596 1570 830 1625 minibus
869 1569 1300 1624 substantialiter
1336 1572 1683 1624 coordinatus
1726 1570 1863 1639 (54),
1897 1590 1915 1623 ι
1964 1581 2019 1624 et
2045 1571 2174 1623 reli-

592 1676 696 1730 qua
728 1677 742 1714 :
778 1670 832 1715 et
883 1659 987 1713 alia
1022 1660 1147 1713 item
1181 1661 1327 1713 varia
1368 1660 1509 1715 loca.
1539 1660 1669 1727 Quae
1693 1663 1910 1731 quidem
1948 1662 2174 1730 epistola

596 1752 685 1806 illa
721 1753 786 1805 ad
814 1752 1076 1805 Thomam
1111 1750 1284 1818 prima
1315 1754 1665 1806 continentur
1704 1769 1716 1804 :
1757 1768 1877 1806 nam
1913 1753 1965 1806 in
2006 1754 2171 1807 altera

2282 574 2346 624 ἑκ
2386 573 2485 641 μὲν
2504 572 2598 625 τοῦ
2628 574 2755 641 περὶ
2786 572 2915 625 Υίοῦ
2950 574 3031 634 εἰς
3062 572 3147 635 τὸ,
3181 592 3199 622 ι
3235 572 3329 624 Διὰ
3355 575 3503 630 τοῦτο
3532 586 3676 649 μονὰς
3711 593 3785 647 ἀπ’

2282 665 2457 735 ἀρχῆς
2482 666 2817 735 κινηθεῖσα,»
2845 667 2939 718 καὶ
2957 666 3104 735 ἑξῆς,
3132 664 3279 730 καὶ,‹
3320 669 3531 735 μονάδος
3554 676 3639 742 μὲν
3662 697 3789 754 κινη-

2284 755 2473 823 θείσης
2501 756 2588 808 διὰ
2615 756 2677 808 τὸ
2723 756 2996 820 πλούσιον,
3043 776 3061 807 ι
3098 758 3234 825 ὅπερ
3273 758 3414 811 ἐστὶν
3442 762 3502 815 ὲκ
3527 766 3611 816 τοῦ
3638 769 3789 826 δευτέ.

2284 864 2379 917 ρου
2414 847 2733 917 Εἰρηνικοῦ·
2766 846 2809 915 β’
2839 849 2917 909 είς
2949 846 3029 911 τὸ,
3063 866 3082 898 ι
3136 848 3219 899 ἐνὶ
3264 847 3319 899 δὲ
3352 854 3628 924 κεφαλαίῳ,
3659 877 3674 909 δ
3716 866 3793 917 καὶ

2282 937 2412 1005 ἑξῆς
2436 954 2449 965 ·
2475 936 2656 1007 τρίτον
2683 938 2747 988 ἐκ
2776 936 2869 988 τοῦ
2892 936 3053 989 αὐτοῦ
3082 936 3239 1003 λόγου
3276 939 3353 1001 είς
3385 940 3462 1004 τὸ,
3485 959 3502 992 ι
3537 940 3681 1009 Οὗτος
3706 952 3793 1019 γὰρ

2282 1028 2311 1079 ὁ
2340 1029 2433 1079 νῦν
2463 1045 2546 1080 σοι
2601 1028 3129 1097 καταφρονούμενος,
3171 1045 3190 1079 ι
3242 1028 3335 1079 καὶ
3373 1030 3527 1099 ἑξῆς·
3578 1037 3794 1108 τέταρτον

2281 1119 2361 1180 εἰς
2381 1118 2439 1170 τι)
2468 1118 2537 1183 sa’
2575 1135 2593 1167 ε
2644 1117 2731 1179 Ὠς
2764 1118 2859 1185 μὲν
2887 1118 2995 1187 γὰρ
3038 1116 3194 1184 λόγος
3222 1116 3342 1170 οὔτε
3367 1120 3591 1191 ὑπήκοος
3609 1121 3667 1195 ἦν
3698 1130 3795 1183 οὔτε

2281 1209 2533 1277 ἀνήκοος,
2568 1229 2584 1260 ι
2624 1210 2717 1261 καὶ
2750 1209 2897 1278 ἑξῆς.
2936 1209 3043 1263 Τοῦ
3082 1210 3139 1262 δέ
3162 1226 3223 1277 γε
3262 1209 3535 1265 θεσπεσίου
3565 1218 3795 1274 Διονυσίου

2281 1302 2361 1362 εἰς
2389 1300 2501 1365 τὸ,ι
2534 1299 2659 1361 Πῶς
2682 1300 2809 1368 φὴς,
2854 1300 3059 1369 Ἰησοῦς
3092 1302 3121 1354 ό
3146 1300 3360 1354 πάντων
3390 1304 3632 1360 ἐπέκεινα
3667 1312 3797 1365 πᾶσίν

2280 1391 2428 1443 ἐστιν
2480 1389 2791 1460 ἀνθρώποις
2848 1392 3122 1455 ούσιωδῶς
3183 1395 3598 1462 συντεταγμένος
3626 1415 3640 1461 ;
3673 1418 3690 1451 ι
3725 1404 3795 1455 καὶ

2282 1482 2431 1547 ἑξῆς,
2461 1482 2555 1534 καὶ
2578 1483 2659 1544 είς
2688 1481 2851 1551 ἕτερα
2907 1482 3161 1553 διάφορα.
3207 1484 3318 1537 Καὶ
3373 1484 3537 1540 ταῦτα
3567 1488 3657 1555 μὲν
3684 1493 3795 1564 ἐντῇ

2283 1574 2417 1640 πρὸς
2446 1573 2648 1643 Θωμᾶν
2676 1574 2869 1645 πρώτῃ
2893 1575 3153 1644 ἐπιστολῇ
3174 1590 3188 1603 ·
3222 1576 3280 1626 ἐν
3308 1575 3364 1627 δὲ
3382 1578 3453 1645 ιιτῇΔ
3478 1576 3690 1649 δευτέρα
3712 1576 3795 1635 οἷον

2283 1662 2626 1731 ὲπανὰληψιν
2678 1662 2836 1717 ἐνίων
2904 1663 3085 1733 ῥητῶν
3143 1662 3252 1715 τῶν
3305 1667 3795 1734 προσαφηνισθέντων

2285 1753 2349 1804 ὲκ
2371 1752 2472 1820 τῆς
2507 1751 2820 1821 θεολογικῆς
2851 1752 3159 1815 συντάξεως
3190 1755 3445 1815 ποιεῖται,
3483 1756 3571 1807 καὶ
3610 1757 3728 1824 πρός
3747 1776 3791 1824 γε

595 1845 759 1900 veluti
809 1844 1188 1913 repetitionem
1230 1845 1520 1908 quamdam
1557 1858 1621 1897 ex
1676 1859 1839 1912 opere
1874 1844 2172 1913 tlteologico

2278 1842 2386 1907 τὸ,‹
2417 1841 2515 1894 Διὰ
2556 1842 2730 1911 μέσου
2764 1843 2885 1905 νοὸς
2918 1844 3187 1913 ὁμιλήσας
3216 1843 3383 1914 σαρκὶ
3406 1844 3508 1906 ἕως
3546 1844 3635 1897 τοῦ
3656 1847 3792 1916 κρείτ-

590 1937 973 1992 nonnullorum
1016 1937 1069 1991 in
1097 1952 1162 1991 eo
1183 1936 1295 2006 jam
1320 1946 1476 1990 antea
1498 1937 1865 2005 expositorum
1896 1938 2130 1992 instituit
2154 1952 2168 1993 :

592 2036 760 2094 atque
786 2025 914 2080 illud
934 2027 1153 2094 insuper
1173 2028 1362 2080 eodem
1390 2026 1546 2079 modo
1569 2026 1959 2095 interpretatur
1982 2046 1997 2083 :
2026 2044 2046 2080 ι
2071 2026 2174 2084 Per

594 2119 830 2173 medium
855 2134 1004 2172 mens
1018 2134 1083 2173 ca
1095 2120 1173 2171 rni
1204 2133 1588 2181 consuesccns,
1613 2119 1786 2174 donec
1814 2122 1957 2190 quod
1978 2119 2173 2177 fortius

593 2220 681 2266 est
710 2211 993 2265 victoriam
1030 2212 1343 2281 reportarit.
1383 2229 1401 2261 ι
1439 2210 1544 2264 Sed
1584 2211 1699 2265 base
1734 2212 1829 2267 ibi.

1275 2300 1482 2355 CXCV.

596 2390 851 2463 Ejusdem
886 2393 1055 2445 sancti
1112 2391 1336 2463 Maximi
1366 2389 1619 2463 Epistula
1643 2394 1713 2445 ad
1763 2391 2091 2463 Marianum,
2123 2400 2175 2446 et

666 2463 922 2532 Dialogus
970 2478 1087 2515 cum
1126 2462 1353 2530 Pyrrho,
1391 2461 1463 2515 De
1494 2461 1698 2515 duabus
1736 2463 1790 2515 in
1838 2461 2053 2516 Christo
2088 2478 2173 2516 r0-

669 2534 961 2585 luntatibus
988 2544 1033 2583 et
1065 2531 1484 2594 operationibus.

665 2620 830 2676 Lecta
913 2630 997 2675 est
1062 2620 1302 2689 ejusdem
1390 2622 1563 2675 sancti
1638 2621 1855 2676 Maximi
1915 2623 2174 2693 Epistola,

594 2730 717 2783 quae
778 2712 968 2783 159b
1018 2710 1260 2767 Mariano
1304 2715 1619 2782 presbytero
1662 2712 1995 2768 inscribitur.
2074 2713 2176 2769 Hic

598 2812 664 2861 de
716 2806 948 2860 naturali
994 2805 1288 2871 voluntate,
1323 2806 1436 2859 sive
1466 2806 1792 2874 appetitione
1835 2807 1967 2873 agit,
2011 2818 2063 2859 et
2103 2808 2171 2861 de

598 2899 824 2953 consilio
868 2914 962 2952 seu
993 2898 1403 2952 deliberatione.
1434 2896 1563 2950 Item
1607 2898 1670 2951 de
1693 2898 2089 2965 prmelectione,
2122 2907 2177 2952 et

598 2991 663 3041 de
694 2988 1016 3056 quibusnam
1055 2987 1447 3041 consultemus.
1481 2984 1555 3041 De
1586 2987 1851 3041 sententia
1892 2996 2173 3055 praeterea,

596 3090 650 3133 et
682 3089 945 3149 potestate
970 3078 1157 3141 libera,
1180 3086 1233 3133 et
1257 3080 1528 3147 opinione.
1562 3079 1762 3133 Adhaac
1780 3079 1844 3133 de
1870 3078 2173 3147 prudentia,

2277 1952 2427 1997 τονος
2452 1936 2861 2005 ὲκνικήσαντος,
2878 1956 2897 1989 ι
2924 1936 3125 2007 ὁμοίως
3141 1934 3453 2007 ἑρμηνεύει.
3493 1938 3646 1990 Ἀλλὰ
3662 1940 3788 1995 ταῦτα

2282 2022 2381 2094 μὲν
2410 2024 2469 2078 ὲν
2495 2022 2725 2086 τούτοις.

2978 2290 3142 2358 mea

2285 2383 2395 2438 Τοῦ
2420 2384 2608 2437 αὐτου
2648 2382 2973 2450 Ἐπιστολὴ
3004 2383 3152 2450 πρὸς
3178 2386 3507 2451 Μαριανόν·
3533 2386 3621 2437 καὶ
3641 2385 3800 2439 Διάλο-

2348 2471 2455 2521 γος
2493 2452 2625 2520 περὶ
2648 2452 2767 2506 τῶν·
2794 2452 2903 2506 δύο
2924 2454 3296 2522 θελημάτων,
3324 2454 3425 2507 καὶ
3468 2454 3581 2507 τῶν
3610 2454 3705 2509 δύο
3728 2457 3801 2509 ἐπὶ

2348 2524 2604 2590 Χριστοῦ
2634 2522 2961 2593 ἐνεργειῶν.

2362 2613 2703 2682 ’Δνεγνώσθη
2729 2614 2822 2666 τοῦ
2850 2614 3015 2667 αὑτοῦ
3049 2614 3207 2682 ἁγίου
3253 2614 3448 2685 ἀνδρὸς
3484 2617 3743 2685 Ἐπιστολὴ
3771 2619 3803 2650 ’⁷

2283 2703 2567 2774 (Μαριανῷ
2600 2704 2958 2776 πρεσϐυτέρῳ
2989 2706 3492 2777 προσπεφώνηται),
3514 2704 3618 2782 ἐνῇ
3643 2710 3805 2779 περίτι

2282 2795 2515 2863 φυσικοῦ
2546 2795 2851 2865 θελήματος
2883 2798 3001 2867 ἦτοι
3029 2798 3302 2867 θελήσεως
3348 2799 3568 2865 διέξεισι
3590 2802 3675 2853 καὶ
3704 2802 3802 2870 βου-

2281 2888 2490 2957 λήσεως
2516 2889 2609 2941 καὶ
2645 2888 2839 2958 βουλῆς
2861 2890 2978 2960 ἤτοι
3002 2889 3357 2959 βουλεύσεως,
3403 2892 3528 2961 περί
3557 2909 3611 2943 τε
3647 2909 3805 2961 προαι-

2285 2981 2509 3052 ρέσεως,
2539 2980 2635 3032 καὶ⁵
2665 2981 2794 3051 περὶ
2819 2983 2981 3035 τίνων
3012 2981 3398 3053 βουλευόμεθα,
3436 2985 3531 3037 καὶ
3555 2984 3675 3053 περὶ
3696 2982 3806 3049 γνὼ-

2286 3088 2393 3142 μης
2439 3072 2533 3125 καὶ
2560 3071 2809 3137 ἐξουσίας
2838 3074 2931 3126 καὶ
2956 3074 3135 3145 δόξης,
3186 3079 3283 3129 καὶ
3321 3076 3451 3146 περὶ
3501 3080 3804 3146 φρονήματος

597 3170 701 3225 hoc
745 3180 848 3233 est,
889 3171 1240 3239 providentia
1274 3186 1287 3221 :
1322 3178 1375 3223 et
1404 3169 1675 3239 quomodo
1720 3183 1823 3223 non
1872 3184 1966 3239 per
1994 3170 2172 3223 omnia

2281 3164 2457 3216 εἷτουν
2479 3168 2793 3235 φρονήσεως
2812 3180 2825 3195 °
2859 3167 2955 3218 καὶ
2985 3167 3060 3229 ὠς
3098 3167 3159 3219 οὐ
3184 3169 3329 3221 κατὰ
3362 3168 3541 3222 πάντα
3566 3169 3743 3237 τρόπον
3764 3167 3807 3219 ἓν

595 3270 717 3329 post
766 3261 1223 3315 resurrectionem
1270 3275 1379 3313 una
1433 3260 1538 3314 erit
1581 3276 1643 3313 ac
1686 3269 1872 3313 mutua
1929 3260 2177 3316 voluntas

591 3360 906 3406 sanctorum
957 3362 1118 3420 atque
1167 3352 1282 3416 Dei,
1338 3366 1437 3405 nec
1500 3367 1607 3404 una
1665 3366 1751 3405 res
1814 3366 1975 3419 quam
2010 3351 2179 3406 velint

592 3456 803 3505 omnes,
862 3451 920 3495 ut
963 3441 1179 3510 quidam
1215 3451 1468 3495 asserunt
1522 3456 1540 3494 :
1588 3440 1784 3510 quibus
1831 3440 2175 3494 undecimum

593 3532 805 3586 accedit
854 3540 1013 3601 caput
1056 3548 1073 3588 :
1140 3530 1253 3587 Non
1285 3546 1442 3600 posse
1484 3546 1645 3585 unam
1686 3530 1903 3585 Christo
1952 3530 2173 3584 attribui

592 3622 949 3687 voluntatem,
979 3622 1093 3676 sive
1122 3622 1421 3676 naturalem
1466 3621 1691 3685 dixeris,
1725 3621 1839 3675 sive
1871 3620 2174 3684 electivam,

592 3726 653 3767 ut
680 3713 999 3783 quibusdam
1026 3714 1199 3767 visum
1231 3723 1333 3768 est.
1366 3713 1491 3768 Haac
1518 3714 1608 3769 illa
1638 3714 1889 3783 epistola,
1918 3728 2036 3783 quae
2067 3727 2174 3766 non

590 3803 659 3855 ad
682 3810 884 3855 rectam
910 3802 1069 3856 modo
1096 3802 1413 3873 religionem
1444 3804 1670 3858 multum
1705 3803 1864 3858 aliert
1891 3805 2173 3867 momenti,

592 3893 686 3946 sed
710 3893 875 3946 etiam
896 3893 962 3944 ad
980 3891 1113 3948 alias
1136 3895 1331 3949 multas
1372 3896 1731 3966 pulchrasque
1757 3895 2174 3965 contemplatio-

594 4000 690 4038 nes
722 3985 870 4038 utilis
895 3997 996 4041 est.

662 4076 861 4131 Lectus
885 4093 1099 4147 quoque
1129 4079 1179 4132 iu
1216 4079 1403 4134 eodem
1454 4078 1573 4149 ipso
1601 4078 1874 4134 volumine
1914 4078 2170 4147 Dialogus

592 4167 657 4220 de
678 4167 875 4235 duplici
906 4170 963 4222 in
1001 4170 1209 4223 Christo
1242 4180 1291 4222 et
1316 4170 1578 4223 voluntate
1634 4182 1680 4224 et
1711 4171 2009 4238 operatione
2032 4169 2168 4238 (55).

590 4258 844 4315 Personae
875 4269 1055 4316 autem
1092 4263 1420 4317 inducuntur
1466 4262 1711 4334 Pyrrhus
1747 4272 1803 4317 et
1856 4260 2166 4314 Maximus:

590 4368 822 4421 quorum
850 4354 936 4409 hic
963 4356 1180 4424 quidem
1200 4355 1561 4409 orthodoxam
1590 4365 1770 4409 tuetur
1799 4353 2123 4408 sententiam
2150 4368 2166 4418 ;

591 4445 678 4497 ille
721 4459 874 4509 vero,
904 4446 1007 4501 etsi
1064 4445 1438 4499 haereticorum
1482 4453 1781 4513 propugnat
1835 4441 2165 4511 opinionem,

2280 3254 2430 3307 ἔσται
2456 3256 2593 3325 μετὰ
2615 3256 2712 3325 τὴν
2743 3257 3040 3310 ἀνάστασιν
3066 3259 3127 3311 τὸ
3157 3258 3371 3329 θέλημα
3412 3261 3546 3329 πρὸς
3588 3259 3807 3327 ἀλλήλους

2277 3344 2386 3397 τῶν
2420 3345 2591 3412 ἁγίων
2616 3346 2709 3397 καὶ
2734 3346 2829 3399 τοῦ
2863 3346 3020 3410 Θεοῦ,
3052 3348 3153 3401 κᾶν
3183 3350 3228 3380 ⁸⁸
3258 3348 3390 3421 [512
3415 3349 3506 3421 Η.]
3529 3352 3582 3401 ἓν
3610 3350 3665 3402 τὸ
3684 3349 3809 3417 θελη-

2277 3436 2371 3490 θὲν
2398 3438 2621 3504 ἅπασιν,
2664 3437 2738 3500 ὣς
2789 3455 2933 3500 τινες
2986 3439 3228 3508 λέγουσι.
3283 3443 3397 3495 Καὶ
3442 3444 3707 3495 ἑνδέκατον
3739 3441 3809 3493 ἐπὶ

2275 3530 2481 3593 τούτοις
2537 3532 2850 3600 κεφάλαιον,
2919 3530 3113 3603 ὅτιτέερ
3158 3534 3217 3586 ἓν
3258 3534 3472 3605 θέλημα
3518 3536 3576 3588 ού
3626 3534 3809 3587 δύναται

2276 3624 2367 3676 ἐπὶ
2390 3624 2627 3695 Χριστοῦ
2650 3624 2933 3692 λέγεσθαι,
2956 3626 3064 3678 εἴτε
3086 3628 3314 3694 φυσικὸν
3338 3628 3448 3681 εἴτε
3473 3626 3810 3697 προαιρετικὸν

2276 3717 2466 3786 λεχθῇ,
2496 3716 2571 3780 ὥς
2617 3734 2758 3770 τισιν
2793 3717 2993 3783 ἔδοξεν.
3026 3718 3174 3788 Αῦτη
3230 3721 3331 3787 μὲν
3373 3722 3405 3788 ή
3460 3720 3728 3788 ἐπιστολή·
3762 3716 3809 3767 οὐ

2278 3808 2438 3876 μόνον
2463 3807 2505 3859 δ’
2528 3809 2607 3870 είς
2638 3807 2921 3861 εὐσέϐειαν
2950 3808 3086 3861 πολὺ
3116 3808 3178 3861 τὸ
3219 3809 3480 3879 χρειῶδες
3526 3810 3809 3879 παρέχεται,

2272 3896 2410 3950 ἀλλὰ
2439 3898 2534 3950 καὶ
2559 3899 2637 3960 είς
2667 3898 2832 3962 ἄλλας
2863 3898 3066 3963 πολλὰς
3093 3900 3189 3953 καὶ
3218 3900 3395 3965 καλὰς
3421 3902 3670 3972 θεωρίας.

2353 4076 2692 4147 Ἀνεγνώσθη
2723 4078 2766 4130 δ’
2795 4078 2853 4131 ὲν
2881 4076 2959 4149 τῷ
2983 4077 3133 4149 αύτῷ
3166 4078 3351 4151 τεύχει
3385 4080 3666 4150 Διάλογος
3698 4078 3807 4147 περὶ

2269 4168 2390 4222 τῶν
2438 4169 2548 4223 δύο
2603 4170 2953 4239 θελημὰτων
2992 4171 3091 4224 καί
3135 4171 3254 4225 τῶν
3294 4172 3407 4227 δύο
3446 4174 3543 4226 ἐπὶ
3585 4172 3807 4241 Χριστοῦ

2267 4262 2597 4332 ἐνεργειῶν.
2645 4264 2727 4316 Τὰ
2757 4264 3025 4334 πρόσωπα
3061 4265 3119 4318 δὲ
3160 4266 3206 4296 ⁹⁹
3249 4266 3342 4319 τοῦ
3393 4267 3639 4335 διαλόγου
3685 4266 3806 4337 Πύρ-

2269 4352 2359 4419 ρος
2375 4348 2503 4419 [264
2529 4347 2621 4420 Η.]
2647 4352 2742 4403 καὶ
2768 4350 3040 4420 Μάξιμος,
3056 4345 3129 4406 ὧν
3152 4355 3179 4405 ὁ
3212 4354 3312 4422 μὲν
3335 4356 3438 4425 τῆς
3456 4355 3807 4426 όρθοδοξούσης

2267 4441 2594 4511 προΐσταται
2612 4440 2857 4512 γνώμης,
2880 4444 3093 4515 Πύρρος
3121 4444 3176 4497 δὲ
3203 4444 3299 4498 τοῦ
3328 4446 3687 4516 οιίρετίζοντος
3706 4448 3805 4499 ἀντ-

590 4547 768 4591 tatuen
808 4538 960 4605 quasi
984 4540 1332 4593 consentiens
1354 4552 1475 4590 cum
1523 4535 1858 4598 orthodoxis,
1882 4534 2164 4603 enthyme-

2278 4534 2523 4603 εχόμενος
2557 4536 2905 4604 φρονήματος
2930 4576 2944 4599 ,
2970 4538 3138 4605 ὅμως,
3167 4537 3357 4610 ὥσπερ
3387 4541 3729 4611 συνεχόμενός
3756 4555 3803 4589 τε

588 4637 733 4681 mata
760 4643 824 4681 ac
851 4630 1100 4700 dogmata
1132 4644 1229 4700 pro
1265 4639 1409 4683 recta
1439 4626 1706 4682 sententia
1755 4623 1911 4679 aliert
1938 4641 1951 4677 :
1980 4623 2155 4675 fassus

2278 4623 2355 4674 ιαὶ
2390 4622 2846 4692 συνελαυνόμενος
2864 4628 2977 4687 τοῖς
3004 4626 3380 4695 ὀρθοδοξοῦσιν
3402 4631 3527 4683 ὲνθυ
3537 4633 3606 4701 μή
3616 4631 3735 4701 μασί
3756 4646 3801 4680 τε

592 4722 821 4789 ingenue
883 4737 941 4776 se
991 4723 1145 4777 initio
1186 4738 1292 4777 non
1346 4732 1493 4776 recte
1552 4719 1810 4775 sensisse.
1843 4717 1962 4785 ipsa
2002 4730 2162 4785 porro

2278 4711 2360 4764 καὶ
2373 4711 2607 4780 δόγμασι
2646 4713 2686 4779 ⁸,
2705 4713 2912 4768 τίθεται
2932 4716 2997 4785 τῇ
3021 4716 3271 4789 εὐσεϐείᾳ
3287 4757 3302 4781 ,
3322 4721 3667 4790 ἀνομολογῶν
3703 4721 3806 4771 ὲαυ-

586 4811 761 4864 oratio
784 4808 970 4863 Roma:
1007 4811 1120 4881 (56)
1150 4827 1270 4865 eum
1303 4812 1505 4865 indicat
1534 4812 1602 4864 ad
1639 4810 1779 4863 hanc
1818 4806 2162 4861 descendisse

2278 4801 2357 4853 τὸν
2418 4801 2519 4852 οὐκ
2553 4800 2730 4870 ὀρθῶς
2790 4806 3195 4875 πεφρονηκέναι
3222 4808 3290 4860 τὰ
3320 4810 3606 4880 πρότερον.
3663 4810 3740 4861 Ἐν
3759 4808 3804 4859 δὲ

584 4899 1004 4967 disputationem
1031 4916 1047 4952 :
1074 4909 1422 4970 posteaquam
1447 4901 1703 4955 nimirum
1737 4891 2160 4968 ipse[Pyrrhus]

2278 4896 2335 4961 τῇ
2384 4891 2571 4961 Ῥώμῃ
2600 4892 2763 4946 αὑτὸν
2794 4895 2824 4947 ὁ
2851 4895 3010 4964 λόγος
3047 4898 3319 4953 δείκνυσιν
3357 4901 3647 4969 ἀφικέσθαι
3690 4899 3805 4969 πρὸς

1852 5027 2085 5084 ἾΑΒΙΑΞ
2122 5022 2527 5079 LECTIONES.

655 5132 699 5163 9‘
732 5132 809 5194 εἰς
836 5130 897 5182 τὸ
943 5131 1066 5184 add.
1096 5135 1159 5186 A.
1246 5133 1289 5163 ⁸⁷
1320 5130 1574 5200 ἐπιστολὴ
1602 5130 1723 5199 ἥτις
1751 5128 1899 5199 Μαρ.
1934 5142 1996 5189 ς.
2088 5122 2133 5154 ³⁸
2166 5121 2273 5173 κᾶν
2301 5121 2347 5172 Α
2377 5138 2390 5173 ε
2430 5119 2525 5172 καὶ
2553 5137 2612 5183 ς.

580 5219 706 5254 ωπα
746 5220 806 5265 ς.
899 5202 914 5233 ¹
948 5202 1303 5273 ἐνθυμήματὰ
1326 5203 1653 5271 -ιδόγματα
1690 5217 1751 5261 ς’.

2717 5122 2762 5153 ⁹⁹
2784 5122 2853 5176 τὰ
2886 5124 3155 5193 πρόσωπα
3197 5127 3253 5180 δὲ
3282 5129 3325 5181 Α
3358 5147 3372 5183 :
3401 5129 3497 5183 καὶ
3544 5129 3607 5182 τὰ
3655 5126 3803 5199 πρός-

2085 5301 2318 5360 ΝΟΤλΕ.

655 5417 768 5487 (50)
796 5417 861 5471 Ει
886 5418 1100 5485 quidem
1134 5414 1303 5486 prima
1338 5414 1477 5484 (qua:
1503 5422 1587 5467 est
1618 5413 1670 5466 in
1702 5410 1840 5464 Billii
1893 5408 2023 5464 edit.
2058 5406 2149 5476 55)
2258 5409 2390 5487 p051},
2405 5402 2638 5487 princip.
2722 5473 2735 5487 ‘
3024 5478 3037 5487 _
3146 5480 3160 5487 _
3185 5479 3221 5487 _
3266 5476 3325 5487 Ν
3496 5476 3501 5481 ι
3568 5478 3581 5487 _
3615 5476 3646 5487 Α
3686 5477 3694 5487 .

584 5473 699 5557 ipso
739 5473 860 5540 mox
886 5473 1005 5541 init.
1134 5473 1151 5486 ’
1343 5473 1355 5484 “
1378 5473 1391 5484 ’
1646 5553 1661 5557 _
1698 5550 1812 5557 _____
1947 5550 1959 5557 _
2035 5548 2046 5557 _
2130 5473 2138 5476 ’
2474 5474 2701 5557 [ιιίιιυιιῖ
2722 5473 2823 5557 hoc
2849 5488 2933 5533 est
2953 5478 3113 5557 epist.
3135 5476 3581 5557 iB.‘Di_onys.‘ad
3610 5476 3794 5557 Canini.

655 5557 769 5630 (51)
808 5558 1025 5613 Decima
1057 5557 1210 5612 tertia
1232 5568 1474 5620 numero,
1526 5553 1665 5622 apud
1696 5550 1908 5607 Billium
1946 5550 1998 5603 in
2035 5548 2150 5619 ipso
2257 5619 2268 5630 .
2319 5547 2437 5630 (55)
2469 5544 2659 5630 ϐξεοο
2682 5545 2924 5630 Latinum
2949 5544 3116 5603 edidit
3141 5552 3288 5604 card.
3320 5544 3516 5601 Baron.
3544 5560 3664 5599 tom.
3692 5544 3799 5610 l‘lll,

584 5615 722 5681 me“.
750 5615 763 5630 ι
1460 5615 1468 5620 '
1562 5615 1575 5622 ‘
2054 5615 2070 5619 “
2256 5615 2477 5683 interpr.
2512 5616 2703 5670 Franc.
2742 5615 3023 5676 Tttrriano.

660 5699 771 5765 (5'2)
799 5696 979 5752 Prima
1015 5698 1081 5751 tle
1111 5697 1247 5751 Filio
1284 5698 1381 5750 sub
1410 5696 1501 5748 lin.
1623 5763 1631 5765 _
1699 5762 1737 5765 _
1768 5764 1794 5765 η
1904 5764 1911 5765 7
2335 5692 2446 5760 (56)
2484 5690 2595 5765 luto
2650 5688 2950 5765 iliuhlrica,
2991 5700 3050 5746 ut
3096 5692 3249 5747 docet
3286 5691 3481 5746 Baron.
3518 5697 3642 5744 tom.
3684 5685 3796 5748 Vill,

652 5761 766 5837 (ῦῦ)
795 5770 1069 5839 Leguntur
1098 5771 1207 5823 haec
1228 5779 1366 5821 orat.
1405 5766 1573 5819 altera
1603 5763 1669 5821 de
1699 5762 1835 5820 Filio
1867 5764 2143 5834 aliquanto
2255 5768 2321 5821 ad
2358 5780 2484 5816 ann.
2525 5761 2656 5814 Chr.
2683 5762 2805 5814 045.
