4022 6466
218 439 325 501 657

1094 453 1710 516 BIBLIOTHECA.—
1748 458 1967 519 com).
2010 460 2275 534 cxcxv,
2305 448 2595 525 cxcxvn

3378 464 3487 527 658

210 556 314 622 τὴν
346 555 613 620 διάλεξιν,
645 558 765 626 μεθ’
793 553 855 612 οὗ
880 555 946 627 ἦν
976 561 994 589 ²
1037 562 1199 625 αὐτὸς
1244 566 1421 634 ἐαυτῷ
1456 567 1635 636 φυγὴν
1678 570 1799 621 ἐπι-

1906 570 2099 624 exsilio
2129 570 2232 625 sibi
2256 570 2459 624 indicto
2486 570 3085 640 Constantinopolitana
3109 572 3236 627 sede
3260 576 3483 633 excidit.

207 644 398 698 ϐαλὼν
426 647 523 698 τοῦ
584 648 605 679 ³
652 651 1277 718 Κωνσταντινουπόλεως
1325 655 1553 719 ἐξέπεσε
1587 659 1800 729 θρόνου.

214 739 281 791 '0
321 740 521 807 μέντοι
591 741 837 810 διάλογος
878 746 959 807 εἰς
1000 746 1061 798 τὸ
1116 748 1501 819 ταπεινότερόν
1559 753 1677 803 ἐστι
1727 753 1805 805 δι·-

200 830 649 899 εσκευασμένος,
666 832 773 883 εἴτε
794 831 853 884 τὸ
882 834 1227 903 αὐτοσχέδιον
1254 835 1363 888 τῶν
1384 837 1763 908 διειλεγμένων
1782 840 1805 870 ⁸

196 920 505 983 διασώζειν
531 924 791 993 ἀκέραιον
821 923 1149 994 βουλομένου
1181 925 1277 979 τοῦ
1323 929 1799 998 συγγεγραφότος,

194 1013 310 1064 εἴτε
348 1013 450 1065 καὶ
483 1014 680 1086 ἕτερόν
712 1033 762 1067 τι
791 1015 1296 1086 διοικονομοῦντοςο
1323 1019 1391 1071 δι’
1440 1019 1584 1093 ειπερ
1610 1022 1718 1074 οὐδ’
1750 1023 1798 1075 οξ

192 1103 567 1173 διαλεκτικῆς
616 1106 814 1176 ἀὐτῴ
836 1108 989 1178 νόμοι
1040 1108 1287 1179 εὐμενῶς
1335 1110 1581 1166 θέλουσιν
1632 1113 1801 1184 ἔχειν.

198 1195 348 1264 Πλὴν
370 1196 478 1247 καὶ
493 1195 649 1250 οὕτω
665 1199 924 1268 χρειῶδες
950 1202 1062 1266 τοῖς
1082 1201 1334 1255 εὐσεϐέσι
1356 1202 1417 1255 τὸ
1439 1204 1734 1275 ἀγώνισμα
1758 1207 1801 1261 ⁸.

894 1292 1076 1358 Ριτςῖν.

431 1380 551 1434 τοῦ
582 1380 655 1435 ἐν
678 1382 1233 1454 ἁγίοιςἙφραιμίου
1262 1387 1440 1457 Λόγοι
1471 1386 1589 1457 μθ’.

300 1471 755 1543 Ἀνεγνώσθησαν
779 1473 873 1526 τοῦ
921 1478 980 1528 ἐν
1018 1476 1195 1544 ἁγίοις
1248 1479 1488 1549 Ἐφραὶμ
1534 1480 1713 1549 Λόγοι
1745 1479 1806 1536 8'

216 1566 311 1618 καὶ
332 1571 421 1618 Μ’·
456 1559 541 1618 ὧν
574 1569 602 1618 6
632 1568 730 1636 μὲν
762 1568 818 1619 Α¹
850 1568 1043 1620 ἑαυτόν
1068 1586 1127 1621 τε
1160 1572 1303 1621 ποιεῖ
1322 1570 1805 1642 ἁπολοφυρόμενον

204 1652 284 1719 οἷς
318 1656 483 1721 ἐϐίω,
519 1660 623 1712 καὶ
658 1660 820 1712 τόπον
850 1661 869 1691 ⁷
904 1660 1092 1729 ἐπέχει
1141 1661 1415 1731 προλόγου
1449 1663 1561 1715 τῶν
1603 1662 1803 1732 ἐφεξῆς

200 1751 619 1819 παραινέσεων.
667 1754 725 1806 '0
768 1752 826 1805 δὲ
871 1752 924 1805 B’
970 1756 1081 1817 τοῖς
1124 1755 1182 1806 ἐν
1242 1756 1493 1823 κοινοϐίῳ
1554 1757 1805 1825 ἀδελφοῖς

194 1841 540 1910 παραίνεσίν
593 1844 740 1895 ἐστιν
787 1843 1195 1913 εἰσηγούμενος.
1243 1846 1618 1917 Προτρέπεται
1664 1847 1803 1919 πρὸς

1906 659 2293 715 Verumtamen
2322 660 2564 729 dialogus
2595 663 2681 717 hic
2706 662 2997 717 humiliore
3024 674 3107 718 est
3142 670 3484 735 conscriptos

1906 755 2067 824 stylo,
2102 755 2216 807 sive
2244 755 2384 821 quod
2431 755 2803 808 sinceritatem
2838 758 3108 810 sermonis
3141 773 3205 811 ex
3244 768 3485 828 tempore

1908 844 2079 898 habiti
2116 860 2337 899 servare
2362 855 2557 899 auctor
2586 846 2812 907 studuit,
2840 847 2954 901 sive
2985 849 3117 917 quid
3158 849 3299 903 aliud
3325 850 3484 904 insti-

1909 934 2030 996 tuit,
2070 949 2193 988 cum
2246 950 2314 988 ne
2350 936 2648 989 dialecticae
2673 938 2892 1003 quidem
2939 937 3087 1005 leges
3137 940 3271 993 satis
3301 955 3482 993 serva-

1905 1026 1998 1080 rit.
2050 1026 2370 1095 Quanquam
2420 1028 2585 1083 etiam
2641 1027 2715 1082 ita
2766 1028 2913 1084 utilis
2949 1030 3022 1084 sit
3051 1030 3155 1099 piis
3180 1032 3488 1087 hominibus

1907 1117 2025 1173 base
2052 1119 2365 1188 disputatio.

2579 1394 2823 1455 CXCVI.

2330 1475 2585 1542 Ephrm'm
2618 1479 2867 1534 Hemi/ite
2910 1497 3060 1538 XLII.

1979 1569 2231 1640 Legimus
2252 1574 2428 1625 sancti
2460 1571 2714 1639 Ephraim
2738 1574 2851 1644 (57)
2875 1574 3152 1630 Sermones
3181 1575 3486 1644 undequin-

1905 1662 2184 1730 quaginta.
2227 1661 2463 1727 Quorum
2506 1664 2712 1730 primus
2748 1665 2863 1735 (58)
2896 1665 3267 1735 deplorantem
3307 1666 3483 1733 ipsum

1905 1754 2113 1809 inducit
2177 1769 2299 1822 qua:
2350 1754 2641 1808 admiserat
2704 1757 2756 1809 in
2817 1758 2966 1821 vita,
3016 1767 3071 1811 et
3141 1760 3482 1824 sequentium

1907 1846 2159 1913 deinceps
2201 1846 2628 1900 admonitionum
2680 1848 2887 1917 prologi
2935 1848 3103 1902 vicem
3146 1850 3366 1917 prmhet.
3416 1848 3480 1899 ll.

190 1934 497 1987 εὐσέϐειαν
524 1936 555 1987 6
589 1933 663 1990 [ν.
715 1937 772 1989 Ὀ
802 1937 859 1990 δὲ
886 1940 940 1989 Δι’
962 1938 1089 2001 τοὺς
1141 1937 1251 1990 τῶν
1288 1939 1539 2009 μοναχῶν
1576 1941 1795 2009 εἰσαγο-

1906 1935 2201 1991 Fratribus
2231 1936 2285 1990 in
2311 1937 2562 1991 coenobio
2585 1938 2908 2005 degentibus
2930 1939 3237 1992 adhortatio
3256 1949 3360 1990 est.
3392 1936 3482 1989 III.

194 2030 403 2097 μένους
432 2034 719 2101 στοιχειοῖ,
761 2033 856 2086 καὶ
886 2035 913 2085 6
936 2034 990 2084 E'
1021 2035 1117 2087 καὶ
1138 2036 1163 2086 6
1189 2034 1261 2101 ς’
1292 2036 1386 2087 καὶ
1411 2036 1439 2087 6
1464 2037 1517 2089 Z'
1552 2035 1647 2087 καὶ
1684 2037 1712 2088 6
1735 2035 1795 2087 H’

192 2124 290 2174 καὶ
322 2125 353 2175 6
377 2123 467 2177 δ’.
502 2124 798 2177 Ἐπίκοινοι
824 2125 846 2155 ⁸
877 2124 936 2177 δέ
964 2144 1080 2189 πως
1105 2124 1181 2178 ὁΙ’
1209 2126 1352 2179 καὶὸ
1380 2128 1463 2179 ΙΑ¹
1485 2128 1505 2159 ⁹
1524 2128 1618 2179 καὶ
1644 2129 1671 2179 6
1694 2127 1796 2180 IB'.

196 2214 596 2281 Εἰσαγωγικὸς
631 2216 674 2247 ¹⁰
722 2215 767 2267 δ’
821 2216 1022 2286 ὁμοίως
1078 2218 1174 2271 καὶ
1220 2220 1248 2270 6
1306 2217 1383 2271 II"
1433 2220 1528 2271 καὶ
1578 2221 1607 2273 6
1636 2220 1735 2285 IA',
1772 2220 1800 2272 6

205 2324 253 2357 τε
288 2306 372 2359 IE'
406 2307 512 2361 καὶ
548 2310 646 2374 1ζῖ⁹
678 2310 770 2361 καὶ
804 2311 877 2361 IZ’
896 2309 993 2362 καὶ
1020 2311 1105 2362 IH'
1130 2311 1224 2363 καὶ
1242 2311 1320 2364 ῘΘ¹
1344 2311 1387 2342 “
1421 2311 1526 2373 ἕως
1552 2310 1645 2363 τοῦ
1670 2312 1797 2365 Kl".

196 2393 339 2450 Εἶτα
360 2398 392 2449 6
423 2398 557 2469 ἑξῆς
580 2401 763 2470 κοινὴν
787 2402 1112 2470 παραίνεσιν
1132 2403 1469 2471 ἀπογράφει.
1508 2402 1566 2455 Ὀ
1584 2404 1640 2455 δὲ
1665 2404 1798 2469 ΚΕ’,

194 2491 280 2541 ὅτι
328 2490 409 2559 μὴ
435 2490 520 2542 δεῖ
539 2491 739 2555 τόπους
766 2494 1040 2562 ἀμείϐειν,
1064 2494 1163 2565 τὴν
1187 2496 1513 2565 παραίνεσιν
1538 2498 1796 2549 ποιεῖται.

208 2581 271 2633 Ὁ
301 2581 363 2633 δὲ
394 2583 539 2646 KH’,
573 2583 654 2635 ὅτι
684 2584 760 2653 μὴ
792 2585 875 2636 δεῖ
902 2584 993 2637 τὸν
1035 2585 1355 2640 ἀποστάντα
1384 2586 1483 2639 τοῦ
1528 2588 1799 2641 κοινοϐίου

199 2674 637 2741 ὑποστρέφοντα
672 2677 768 2729 καὶ
812 2677 1290 2748 μεταϐαλλόμενον
1335 2680 1696 2734 ἀπωθεῖσθαι.
1741 2680 1799 2732 '0

198 2764 258 2819 ἰὲ
291 2765 409 2817 ΚΘ¹
435 2766 498 2830 ἐξ
531 2767 773 2837 ἱστορίας
794 2769 1170 2840 γεγενημένης
1187 2764 1297 2824 οἷόν
1327 2773 1443 2823 ἐστι
1464 2772 1634 2824 κακὸν
1654 2788 1799 2840 παρ-

202 2856 429 2926 ίστησιν
472 2858 507 2927 ἡ
573 2858 847 2929 παρακοὴ,
898 2858 992 2912 καὶ
1025 2860 1109 2913 ὅτι
1145 2861 1189 2891 ³³
1223 2860 1304 2912 δεῖ
1340 2860 1432 2913 τὸν
1472 2861 1802 2930 Χριστιανὸν

203 2947 580 3018 μακρόθυμον
626 2948 725 3001 καὶ
772 2950 1144 3020 μνησικακίας
1176 2950 1414 3020 κρείττω
1455 2947 1617 3007 εἶναι.
1646 2954 1712 3006 '0
1742 2952 1801 3006 A'

202 3040 341 3109 περὶ
378 3038 598 3106 παθῶν,
640 3041 721 3093 ὅτι
743 3041 823 3094 δεῖ
862 3042 1084 3110 φεύγειν
1110 3044 1273 3097 αὑτά.
1324 3045 1380 3098 '0
1413 3046 1517 3098 ΛΑ¹
1545 3045 1621 3108 ὡς
1656 3045 1700 3077 ³³
1723 3046 1805 3098 δεῖ

203 3132 335 3195 τοὺς
366 3132 773 3204 ὀλιγωροῦντας
824 3137 1188 3202 παρακαλεῖν.
1232 3136 1291 3190 '0
1322 3136 1426 3191 AB'
1466 3139 1543 3200 ὡς
1573 3139 1631 3190 ἐν
1653 3137 1803 3192 ἀντι-

1900 2028 1982 2082 Ad
2016 2030 2273 2097 pietatem
2304 2028 2520 2082 invitat.
2548 2028 2635 2081 IV.
2663 2028 2767 2082 Eos
2798 2029 2933 2099 (58‘)
2969 2030 3059 2098 qui
3098 2034 3162 2083 ad
3190 2033 3486 2082 monachos

1901 2123 2134 2191 primum
2185 2122 2545 2186 adducuntur,
2599 2121 2913 2174 informat:
2962 2132 3019 2175 ut
3062 2123 3226 2176 etiam
3270 2120 3335 2182 V,
3396 2119 3484 2180 Vl,

1902 2213 2017 2277 VII,
2066 2224 2121 2268 et
2152 2212 2282 2278 VIII,
2332 2213 2527 2283 quibus
2571 2225 2626 2267 et
2659 2214 2727 2276 X,
2778 2214 3177 2283 quodammodo
3211 2211 3489 2266 consentit

1902 2316 2065 2375 atque
2118 2305 2186 2360 XI
2233 2307 2370 2375 (ὅθ).
2418 2304 2533 2370 XII,
2596 2306 2844 2359 similiter
2900 2306 3323 2360 introductorius
3380 2317 3486 2368 est,

1901 2404 1958 2451 et
2012 2396 2149 2459 XIII,
2202 2396 2347 2459 XIV,
2378 2396 2492 2460 XV,
2528 2394 2667 2459 XVI,
2715 2394 2873 2459 XVII,
2910 2394 3099 2460 XVIII,
3133 2394 3271 2458 XIX,
3314 2410 3491 2464 usque

1902 2491 1968 2544 ad
2017 2489 2346 2560 XXIII(60).
2418 2488 2551 2542 Nam
2596 2489 2688 2557 qui
2737 2488 2989 2555 deinceps
3035 2489 3299 2556 sequitur,
3336 2504 3487 2539 rom-

1900 2598 2117 2636 munem
2172 2584 2417 2636 continet
2466 2580 2909 2636 admonitionem.
2970 2579 3161 2649 160.1
3222 2578 3291 2631 At
3339 2577 3483 2632 XXV

1906 2690 2014 2728 non
2049 2684 2309 2742 oportere
2343 2673 2453 2743 (61)
2494 2673 2668 2727 locum
2701 2681 2913 2726 mutare
2943 2672 3214 2725 hortatur.
3244 2668 3484 2724 XXVIII.

1907 2766 2097 2839 [Num.
2125 2766 2239 2839 65.]
2263 2768 2379 2821 Non
2413 2781 2666 2838 oportere
2697 2766 2809 2837 (62)
2840 2767 2996 2821 docet
3034 2766 3266 2821 emnobii
3301 2769 3487 2819 deser-

1906 2870 2077 2913 torem
2111 2861 2422 2914 redeuntem
2465 2875 2529 2915 ae
2563 2861 2914 2928 pmoitentem
2945 2858 3257 2927 repudiare.
3318 2856 3489 2909 XXIX

1908 2950 2102 3022 [Νηιη.
2154 2952 2270 3023 6L]
2301 2952 2372 3005 Ex
2414 2953 2640 3007 historia
2686 2963 2833 3023 gesta
2866 2951 3052 3015 refert,
3075 2966 3237 3019 quam
3270 2950 3339 3003 sit
3364 2965 3487 3017 pcr-

1908 3044 2171 3096 niciosum
2240 3044 2654 3109 praesidentibus
2718 3060 2823 3098 non
2871 3043 3091 3098 obedire
3163 3060 3176 3096 :
3236 3051 3489 3108 oportere

1912 3132 2105 3205 [Νωιι.
2154 3134 2246 3205 68]
2282 3151 2498 3205 quoque
2544 3136 2916 3191 Christianum
2972 3135 3107 3189 iram
3166 3132 3401 3193 differre,
3438 3142 3493 3185 et

205 3226 370 3294 λογεᾳ
407 3229 479 3296 τῇ
512 3227 837 3301 σωφροσύνῃ
872 3230 967 3283 καὶ
1012 3230 1209 3302 ἁγνείᾳ
1238 3232 1297 3284 τὺ
1346 3233 1551 3298 κράτος
1581 3232 1675 3285 καὶ
1703 3232 1801 3301 τὴν

1911 3228 2233 3295 iujuriarum
2310 3230 2580 3284 oblivisci.
2656 3226 2827 3285 XXX.
2908 3226 2985 3281 De
3061 3226 3503 3296 perturbationh

209 3320 371 3388 ἰσχὺν
403 3318 640 3387 βεϐαιοῖ.
696 3322 805 3373 Καὶ
852 3321 881 3373 6
930 3322 1031 3375 AI"
1084 3324 1215 3394 περὶ
1252 3325 1473 3392 ἁγνείας
1521 3328 1799 3397 παραινεῖ.

215 3410 275 3462 Ὀ
302 3412 412 3462 ΑΔ⁹
445 3410 491 3441 ⁸³
518 3410 618 3481 τὴν
646 3413 878 3480 ἡσυχίαν
908 3412 1161 3482 προξενεῖ
1182 3417 1296 3477 τοῖς
1331 3414 1547 3468 θέλουσι
1590 3416 1632 3447 ⁸⁸
1673 3433 1800 3468 συν-

207 3500 374 3553 ιέναι.
405 3502 522 3553 Καὶ
549 3504 699 3556 6AE'
723 3505 847 3575 περὶ
879 3505 973 3557 τοῦ
1008 3505 1083 3577 μὴ
1112 3507 1413 3576 ῥέμϐεσθαι
1445 3509 1805 3579 διαλαμϐάνει

201 3596 319 3657 τοῖς
348 3594 689 3665 ὀφθαλμοῖςο
722 3598 817 3650 καὶ
844 3596 921 3659 ὡς
966 3597 1034 3650 δι’
1081 3600 1411 3669 ἐρωτήσεως
1458 3600 1801 3663 διδασκαλία,

200 3687 249 3737 εἱ
281 3687 361 3740 δι’
394 3688 614 3758 ἀποχῆς
639 3688 946 3758 βρωμάτων
977 3691 1006 3741 6
1037 3691 1139 3759 τῆς
1164 3693 1419 3759 πορνείας
1444 3693 1804 3762 καταργεῖται

199 3779 508 3848 λογισμὸς,
546 3780 641 3832 καὶ
673 3780 779 3833 τίνι
827 3780 994 3851 ἄλλῳ.
1055 3781 1112 3834 '0
1137 3781 1194 3834 δὲ
1223 3782 1267 3813 ⁸⁸
1295 3785 1415 3849 AG"
1469 3787 1600 3853 περὶ
1628 3788 1805 3854 πραῢ-

195 3870 480 3933 παθείας.
527 3869 587 3923 '0
614 3870 671 3923 δὲ
706 3872 808 3924 AZ'
853 3871 990 3941 πρὶς
1042 3872 1455 3937 ἀνυποτάκτους
1490 3874 1659 3937 ἐστὶν,
1707 3872 1803 3936 οὒς

196 3962 295 4012 καὶ
328 3961 722 4028 καταστέλλει,
756 3962 832 4032 μὴ
861 3962 998 4034 πρὸς
1041 3963 1104 4017 τὸ
1133 3964 1360 4033 ἔσχατον
1380 3965 1481 4035 τῆς
1520 3965 1801 4029 ἀπωλείας

192 4053 768 4124 ἐκτραχηλισθέντας,
794 4055 871 4126 τῷ
897 4058 962 4109 ἐκ
986 4056 1122 4109 Θεοῦ
1149 4057 1300 4127 φόϐῳ
1328 4058 1422 4112 καὶ
1451 4058 1530 4127 τῷ
1552 4059 1647 4111 τοῦ
1678 4060 1805 4130 μέλ-

192 4142 398 4203 λοντος
434 4142 823 4214 δικαιωτηρίου
858 4146 1111 4216 κρίματι.
1154 4146 1283 4219 [513
1318 4147 1410 4221 R.]
1464 4150 1525 4203 Ὁ
1583 4150 1643 4203 δὲ
1689 4152 1803 4218 ΛΗΪ

194 4234 303 4302 τὴν
336 4234 520 4303 καλὴν
536 4235 820 4291 εὐλάϐειαν
848 4238 1176 4293 ἐκδιδάσκει.
1217 4239 1275 4294 Ὃ
1298 4241 1357 4294 δὲ
1389 4241 1492 4295 AG’
1517 4244 1654 4313 πρὸς
1674 4244 1804 4307 τοὺς

198 4327 260 4392 ἐξ
295 4327 522 4392 οἰκείας
552 4330 921 4395 ἐκπίπτοντας
962 4332 1227 4401 ἀμελείας
1261 4333 1358 4388 καὶ
1399 4333 1804 4407 προφασιζομέ-

198 4440 334 4485 νους
370 4426 682 4493 προφάσεις
730 4427 787 4478 ἐν
821 4425 1138 4495 ἁμαρτίαις.
1183 4427 1243 4480 '0
1272 4427 1331 4481 δὲ
1364 4426 1431 4481 Μ’
1476 4428 1616 4499 πρὸς
1645 4428 1803 4481 ἁδελ-

200 4517 308 4582 ςαὸν
339 4517 498 4568 ἐστιν
525 4518 847 4579 ἐκπεσόντα,
873 4519 968 4571 καὶ
989 4520 1116 4589 περὶ
1150 4520 1461 4589 μετανοίας.
1496 4521 1555 4573 '0
1578 4519 1636 4572 δὲ
1659 4521 1800 4583 MA',

1908 3321 2007 3374 bus
2034 3320 2144 3391 (65)
2180 3322 2344 3374 animi
2391 3321 2679 3389 fugiendis.
2717 3320 2903 3373 XXXI.
2943 3319 2964 3391 [
3000 3319 3159 3372 Num.
3202 3317 3332 3388 '71.]
3382 3317 3489 3368 Ah-

1906 3412 2050 3478 jecto
2099 3415 2283 3468 animo
2317 3416 2407 3483 qui
2446 3416 2578 3479 sint,
2609 3429 2729 3469 esse
2783 3415 3156 3466 consolatione
3176 3412 3485 3477 crigcndos.

1908 3502 2139 3556 XXXII.
2205 3504 2306 3558 Per
2357 3505 2842 3559 contradictionem
2906 3504 3020 3574 (66)
3088 3512 3213 3573 [qua
3275 3503 3489 3557 diabolo

1909 3595 2196 3663 quemdam
2262 3605 2652 3664 repugnantem
2723 3595 2962 3665 inducit]
3006 3597 3379 3662 temperantiae
3437 3605 3491 3644 ct

1910 3687 2145 3739 castitati
2186 3688 2349 3740 robur
2380 3688 2631 3756 viresque
2664 3688 2832 3739 addit.
2862 3687 3105 3740 XXXIII.
3142 3685 3333 3759 [Num.
3370 3686 3486 3759 51.]

1908 3777 1985 3831 De
2029 3777 2280 3832 castitate
2328 3791 2592 3848 praecepta
2622 3782 2731 3831 dat.
2764 3777 3004 3833 XXXIV.
3039 3780 3289 3844 Quietem
3327 3789 3490 3846 atque

1908 3872 2183 3924 silentium
2237 3872 2303 3926 iis
2362 3874 2724 3936 commendat,
2761 3876 2852 3942 qui
2896 3875 3087 3943 degere
3130 3889 3232 3925 una
3276 3872 3487 3925 volunt.

1907 3962 2126 4018 XXXV.
2165 3964 2279 4018 Non
2304 3981 2424 4020 esse
2457 3967 2630 4021 oculis
2658 3970 2959 4037 vagandum
2990 3968 3169 4020 docet.
3227 3964 3489 4030 Qumdam

1906 4054 2073 4111 etiam
2093 4057 2242 4125 quasi
2262 4058 2821 4127 adinterrogationem
2858 4058 3053 4111 factam
3088 4057 3372 4109 institutio.
3405 4057 3485 4107 An

1907 4148 2154 4203 ciborum
2200 4150 2528 4204 abstinentia
2565 4150 2944 4205 fornicationis
2978 4149 3264 4215 frangatur
3293 4149 3493 4216 cogita-

1907 4241 2005 4305 tio,
2039 4250 2094 4296 et
2120 4258 2224 4311 qua
2255 4258 2314 4296 re
2338 4242 2464 4297 alia.
2496 4242 2734 4297 XXXVI.
2761 4241 2950 4313 [Νηηι.
2988 4242 3106 4311 74.]
3143 4242 3213 4293 De
3244 4255 3491 4291 mansne-

1908 4333 2114 4387 tudine.
2149 4333 2416 4389 XXXVII.
2442 4332 2641 4404 [Nnm.
2827 4333 3056 4387 Habitus
3088 4347 3268 4385 sermo
3298 4339 3382 4384 est
3424 4331 3490 4382 ad

1906 4424 2371 4496 inobsequentes:
2413 4442 2548 4495 quos
2574 4428 2736 4480 etiam
2792 4427 2856 4495 (si
2910 4441 3014 4479 non
3071 4425 3135 4477 ad
3184 4432 3487 4477 extremum

1906 4518 2163 4571 interitus
2214 4518 2626 4587 praecipitariut)
2663 4533 2784 4571 cum
2842 4517 2932 4569 Dei
2993 4528 3160 4579 metu,
3198 4526 3308 4568 tum
3340 4514 3491 4581 justo

202 4606 280 4671 ὡς
333 4607 399 4658 οὐ
453 4606 535 4661 δεῖ
576 4608 799 4677 ὀμνύειν
845 4608 968 4662 οὐδὲ
1004 4610 1342 4680 δυσφημεῖν,
1400 4612 1671 4681 παραινεῖ.
1717 4610 1798 4669 εὈ

1906 4609 2103 4675 iudicio
2132 4608 2315 4665 futuro
2352 4611 2665 4678 compescit.
2701 4609 2985 4664 XXXVIII.
3014 4609 3205 4682 [Num.
3234 4608 3349 4680 76.]
3384 4608 3489 4663 Re-

1535 4745 1773 4800 VABIZE
1808 4745 2102 4802 LECTION
2112 4746 2215 4803 ES.

280 4859 306 4889 ³
336 4848 399 4909 οὗ
544 4855 727 4909 malim
759 4856 855 4940 ἣνζ
974 4856 1172 4940 τοῦΔΑε
1202 4858 1292 4940 ᾗτε
1330 4857 1437 4940 ,τοῦ
1464 4875 1523 4921 ς.

1612 4856 1634 4888 ⁸
1653 4857 2053 4928 διειλημμένων
2078 4876 2140 4922 ς.

2244 4863 2265 4893 ⁸
2296 4857 2624 4927 διαλεκτικοὶ
2652 4876 2714 4923 ς.
2791 4860 2813 4889 ⁸
2838 4855 3157 4927 ἀγώνισμα]
3184 4857 3357 4924 aptius
3379 4857 3492 4911 for-

214 4937 363 4981 tasse
418 4926 777 4994 ἀνάγνωσμα.
836 4928 1043 4980 ττύπον
1058 4930 1123 4981 Α.
1199 4930 1221 4961 ⁸
1249 4929 1521 4982 ἐπίκοινα.
1549 4929 1614 4980 Α.
1656 4930 1677 4959 θ
1705 4926 1977 4983 ὁιιηϊοιΝ
2008 4939 2061 4982 et
2086 4930 2178 4980 καὶ
2207 4940 2328 4996 post
2364 4926 2446 4981 lA’
2472 4946 2579 4981 Uttt.
2610 4930 2676 4981 A.
2754 4927 2797 4959 ¹⁰
2824 4926 3182 4995 εἰσαγωγικδς
3215 4928 3260 4979 δ’
3294 4929 3493 4996 ὁμοίως

215 5000 259 5051 Λ
292 5017 308 5051 :
345 4996 550 5065 ὁμοίως
599 4998 957 5065 εἰσαγωγικὸς
1013 5016 1075 5062 ς.

1151 4998 1193 5030 ίι
1217 5011 1341 5053 ante
1399 5000 1484 5051 IH'
1524 5007 1578 5052 et
1608 4996 1687 5051 ΙΘ⁹
1716 5013 1835 5051 cum
1867 4999 1914 5051 A
1955 5000 2116 5053 omisi
2146 5000 2191 5050 6.
2224 5001 2362 5053 idem
2400 5000 2526 5053 inl'r.
2577 5014 2687 5052 om.
2717 4997 2834 5050 τοῦ.

2911 5002 2954 5030 ¹²
2989 5000 3083 5050 καὶ
3111 4997 3217 5067 ὅτι]
3251 5001 3278 5050 6
3323 4997 3379 5049 δὲ
3411 5000 3490 5049 κθ¹

217 5069 293 5129 ὡς
324 5064 392 5138 ΑΔ.
476 5068 518 5138 ξ’
544 5067 621 5128 ὡς
648 5066 692 5120 Α
718 5064 905 5131 εὸτις.
939 5067 984 5098 ¹⁸
1010 5067 1311 5138 ΛΔ’-ΛΕ’]
1335 5064 1375 5121 δ’
1398 5097 1465 5107 -
1488 5067 1530 5119 ε’
1560 5071 1657 5121 καὶ⁹
1685 5067 1728 5120 λ’
1756 5070 1849 5122 καὶ
1868 5069 1910 5121 λ’
1940 5070 2008 5124 Α.
2045 5070 2185 5123 idem
2229 5076 2282 5132 ς’
2312 5069 2405 5122 καὶ
2435 5067 2475 5121 λ’
2511 5078 2567 5123 et
2599 5070 2639 5120 θ’
2663 5070 2756 5121 καὶ
2781 5070 2823 5121 λ’
2872 5081 2925 5124 et
2946 5077 2993 5123 α’
3032 5072 3125 5122 καὶ
3183 5064 3234 5138 μ’
3264 5107 3279 5131 ,
3310 5074 3362 5131 ς’
3397 5068 3492 5120 καὶ

226 5144 297 5207 μ’,
329 5136 376 5202 ζ’
408 5136 504 5190 καὶ
536 5143 610 5208 μ’.
701 5139 743 5170 ⁸⁵
770 5138 1013 5191 ἐθέλουσι
1036 5156 1098 5203 ς.
1156 5140 1201 5171 ³⁸
1222 5142 1252 5191 6
1278 5136 1337 5193 δέ
1373 5141 1420 5192 Α
1448 5156 1461 5193 :
1486 5140 1581 5193 καὶ
1613 5142 1641 5193 6
1668 5156 1730 5201 ς.

304 5378 413 5449 (5Ἱ)
458 5378 535 5449 De
564 5392 672 5446 quo
708 5378 874 5431 multa
923 5375 1259 5449 Sozomenus
1287 5373 1385 5449 lib.
1436 5392 1519 5442 Ill,
1556 5391 1675 5446 cap.
1709 5376 1798 5430 15.

305 5450 412 5521 (58)
464 5448 639 5521 Cujus
665 5449 979 5521 argumenti
1000 5457 1109 5501 tres
1143 5448 1307 5501 habes
1345 5448 1397 5501 in
1446 5463 1618 5521 nuper
1643 5449 1803 5503 editis

246 5516 402 5589 lmjus'
417 5516 589 5573 sancti
609 5516 785 5572 Patris
812 5516 1067 5585 operibus
1091 5532 1392 5589 sermones,
1414 5527 1545 5571 tom.
1574 5517 1616 5574 ι.
1651 5534 1801 5589 num.

249 5587 326 5645 56.
346 5591 523 5644 Altero
554 5590 679 5642 item
702 5598 866 5651 tomo,
886 5589 1103 5651 num.I,
1131 5587 1266 5641 etIII
1295 5590 1547 5655 denique,
1575 5604 1722 5641 num.
1748 5587 1801 5640 6.

253 5662 482 5729 Plerique
505 5668 686 5712 autem
719 5660 911 5712 horum
943 5658 1010 5712 49
1034 5673 1339 5712 sermonum
1377 5659 1442 5711 ad
1475 5658 1599 5712 illud
1642 5659 1805 5727 quin-

257 5731 484 5797 quaginta
510 5730 870 5800 Pamneseon
901 5742 1035 5794 opus
1062 5738 1332 5798 spectant,
1368 5731 1508 5800 quod
1536 5745 1672 5800 pene
1718 5742 1805 5783 se-

262 5802 464 5855 tundnm
497 5799 764 5853 editorum
800 5808 1000 5852 tonnnn
1042 5800 1279 5856 conficit.

322 5870 438 5941 (58')
472 5870 629 5925 Tom.
666 5868 724 5933 Il,
768 5884 821 5922 n.
860 5867 947 5921 55.

1812 5258 2021 5316 NOTAE
2034 5299 2049 5317 .

1983 5377 2095 5442 (59)
2114 5375 2338 5430 Videtur
2364 5377 2429 5430 ad
2462 5389 2592 5431 tom.
2618 5377 2661 5443 I,
2692 5393 2841 5432 num.
2869 5377 2957 5442 '55,
2982 5378 3203 5433 tralatus
3232 5378 3282 5430 in
3306 5378 3487 5431 editis.

1984 5447 2103 5515 (60)
2141 5446 2296 5501 Tom.
2329 5448 2394 5511 II,
2430 5465 2485 5502 n.
2521 5450 2611 5503 57.

1986 5518 2097 5585 (6I)
2129 5518 2184 5570 In
2222 5519 2381 5571 editis
2408 5520 2535 5571 tomi
2580 5519 2646 5581 II,
2686 5535 2834 5572 num.
2869 5518 2958 5573 62.

1984 5588 2098 5657 (ϋὲ)
2123 5588 2192 5640 26
2219 5599 2273 5641 et
2306 5588 2379 5639 27
2428 5591 2697 5657 praeterita
2732 5600 2873 5644 sunt.

1982 5660 2095 5781 lt?)
2124 5657 2281 5711 Num.
2322 5658 2410 5725 7t),
2441 5670 2494 5713 et
2538 5661 2725 5714 eodem
2776 5667 3091 5729 argumento
3120 5658 3257 5711 alter
3282 5668 3411 5712 tom.
3445 5659 3487 5716 ι,

2050 5746 2100 5780 ο.

1914 5748 1947 5785 II
1961 5769 1973 5782 .
2013 5746 2100 5781 Οὐ.

1985 5798 2499 5922 (ὕωνᾶἱιιιίιτιιυιὶεἱ
2552 5802 2773 5857 nomine
2808 5809 2985 5855 exstat
3034 5799 3085 5854 in
3119 5801 3255 5855 edit.
3284 5810 3411 5855 tom.
3450 5807 3497 5861 ὲ,

1990 5886 2060 5922 m.
2092 5892 2121 5922 ..
2164 5909 2180 5921 .

1912 5886 2060 5924 ΙΙυΙΙΙ.
2092 5886 2180 5923 ϋυ.
