4022 6444
583 425 690 486 659
1551 384 1557 390 ’
1735 422 1999 483 PHOTII
2042 422 2547 483 PATRIAIICILE
2575 424 2685 481 cr.
3710 443 3797 504 aen

583 547 726 589 ctam
765 532 1020 601 pietatem
1051 530 1259 585 edocet.
1287 528 1505 584 XXXIX
1545 529 1737 601 [Νωη.
1803 531 1917 602 77.]
1949 533 2028 585 Ad
2049 548 2163 596 eos,

2285 532 2324 583 se
2351 531 2460 584 ΜΒΙ
2488 532 2529 561 ³⁷
2555 530 2969 601 συνίστησινίῢς
2994 530 3178 583 δίκαια
3208 533 3467 588 πέπονθεν
3513 541 3619 596 Ἠλὶ
3652 547 3688 579 ¹⁸
3708 553 3732 602 ὁ
3752 556 3796 605 έν

584 628 680 697 «ιυί
712 643 806 681 sua
832 625 1154 694 negligentia
1188 626 1532 688 labuntur,et
1555 626 1940 680 excusationes
1969 626 2164 680 deinde

2285 622 2357 691 τῷ
2391 623 2537 691 νόμῳ
2574 623 2772 693 ἱερεὺς,
2798 621 2935 692 πρὸς
2964 622 3057 675 τὸν
3087 625 3215 693 περὶ
3242 626 3403 679 αὐτοῦ
3443 631 3619 686 τούτου
3662 639 3800 694 ἐπιδι-

583 724 848 770 excusant
889 715 943 767 in
1003 713 1257 782 peccatis.
1292 713 1403 767 XL.
1450 713 1639 785 [Num.
1676 715 1791 787 78.]
1823 718 1902 770 Ad
1945 716 2167 769 fratrem

2285 711 2568 771 στάζοντα.
2602 712 2737 780 Περὶ
2770 711 2827 763 δὲ
2859 710 3025 778 φόϐου
3056 711 3191 764 Θεοῦ
3226 714 3255 764 6
3280 714 3410 779 Ml",
3450 718 3539 769 ml.
3560 723 3675 789 περὶ
3693 727 3799 795 ἀγά.

584 808 794 873 lapsum
860 805 1075 858 habitos
1120 813 1222 869 est,
1270 815 1323 859 et
1373 808 1480 874 agit
1539 807 1603 858 de
1653 806 1993 875 pmnitentia.
2031 805 2166 860 XLI.

2285 823 2389 873 πης
2409 808 2437 858 6
2472 803 2602 859 ΜΔ⁹⁸
2651 806 2709 858 Ὀ
2738 805 2793 858 δὲ
2824 805 2937 858 ME'
2968 805 3105 874 πρὸς
3128 805 3386 875 Εύλόγιον
3416 812 3509 879 μὲν
3544 816 3802 886 αἰτήσαντα

591 896 784 969 [Νυηι.
850 894 967 967 79.]
1014 896 1220 949 Suadet
1266 911 1295 949 a
1345 896 1654 964 jnramento
1716 914 1780 951 ac
1838 897 2168 953 maledicen-

2285 898 2573 966 γράφεται,
2621 898 2879 950 πλειόνων
2924 899 2966 929 ⁸⁸
2996 898 3055 950 δὲ
3108 900 3544 970 κατορθωμάτων
3578 915 3801 978 παραινέ.

588 989 662 1041 tia
726 989 1131 1042 abstinendum.
1172 986 1327 1041 XLII.
1386 987 1497 1056 (65)
1556 988 1777 1059 Colligit
1820 990 1971 1057 juste
2004 991 2164 1056 puni-

2285 1004 2397 1049 σεις
2462 988 2555 1039 καὶ
2625 987 2978 1040 διδασκαλίαν
3049 989 3407 1045 ἀναπτύσσει.
3488 995 3544 1047 ⁸0
3593 998 3645 1051 δὲ
3698 1005 3800 1073 Iqu'

588 1090 701 1134 tum
730 1080 844 1133 III-li
874 1081 1208 1134 sacerdotem
1247 1080 1378 1150 legis
1413 1097 1427 1132 :
1461 1080 1526 1133 ad
1557 1095 1679 1134 eum
1707 1082 1798 1149 qui
1837 1083 1941 1135 hac
1970 1082 2085 1151 ipsa
2104 1081 2170 1135 de

2285 1079 2415 1149 πρὸς
2446 1080 2492 1110 ὀ
2524 1079 2652 1150 [265
2684 1078 2776 1150 11,]
2802 1081 3138 1149 ἀκηδιαστὴν
3163 1084 3280 1135 ἐστι
3312 1086 3543 1153 μοναχὸν
3573 1096 3805 1149 συντεθει-

592 1189 650 1227 re
675 1173 976 1227 dubitabat.
1015 1171 1087 1227 De
1121 1174 1313 1227 timore
1347 1172 1459 1240 (66)
1499 1187 1659 1238 porro
1705 1172 1796 1225 Dei
1851 1171 2015 1225 XLIII
2058 1187 2173 1225 ser-

2285 1172 2465 1239 μένος,
2497 1172 2723 1233 πολλαῖς
2747 1173 2841 1225 καὶ
2876 1172 3067 1237 καλαῖς
3091 1174 3395 1244 ὑποθήκαις
3422 1179 3639 1246 ἀπάγων
3675 1186 3806 1240 αὐτὸν

590 1278 751 1318 mone
803 1264 1018 1317 disserit
1053 1281 1066 1317 :
1096 1275 1157 1317 ut
1204 1273 1258 1317 et
1314 1263 1379 1316 de
1438 1262 1725 1316 dilectione
1770 1260 1957 1317 XLIV.
2004 1259 2168 1313 XLV.

2285 1263 2376 1331 τῆς
2402 1263 2536 1332 πρὸς
2565 1264 2657 1316 τὸν
2690 1264 2804 1334 βίον
2850 1266 3131 1319 ἐπανόδου.
3172 1267 3232 1319 '0
3262 1268 3316 1321 δὲ
3362 1270 3470 1322 ΜΖ¹
3502 1273 3805 1348 καταδρομὴν

594 1354 762 1429 [Num
794 1356 909 1428 89...]
935 1357 1219 1411 Multarum
1255 1358 1513 1410 virtutum
1572 1356 1968 1409 admonitiones
1992 1369 2055 1409 ac
2082 1357 2177 1407 do-

2285 1358 2517 1408 ποιεῖται
2556 1357 2656 1425 τῆς
2687 1358 3037 1428 κακοηθείας.
3077 1361 3134 1412 '0
3160 1361 3218 1413 δὲ
3266 1363 3406 1425 MH',
3444 1364 3564 1415 ὅσον
3610 1366 3807 1438 διενήνο-

589 1449 820 1502 ctrinam
858 1450 923 1503 ad
960 1450 1263 1519 Eulogium,
1297 1449 1391 1518 qui
1419 1450 1531 1502 haec
1559 1447 1878 1517 postularat,
1912 1447 2166 1514 explicat.

2285 1464 2369 1515 χεν
2403 1449 2431 1500 6
2468 1449 2754 1515 μοναδικδς
2785 1450 2897 1519 βίος
2926 1454 3026 1521 τῆς
3065 1453 3123 1505 ὲν
3144 1452 3336 1521 κόσμῳ
3378 1454 3665 1519 πολιτείας,
3712 1460 3803 1513 ἐπι-

590 1540 776 1595 XLVI.
805 1542 885 1594 Ad
928 1541 1285 1611 negligentem
1318 1550 1373 1593 et
1405 1540 1656 1606 ignavum
1713 1539 2036 1591 monachum
2068 1536 2165 1588 ha-

2285 1537 2532 1591 δεικνύει.
2576 1539 2633 1591 Ὁ
2663 1539 2718 1591 δὲ
2753 1542 2865 1592 MG’
2894 1541 2991 1611 τὴν
3031 1542 3290 1612 δευτέραν
3326 1543 3419 1595 τοῦ
3445 1546 3642 1615 Κυρίου
3667 1547 3787 1601 διατυ

586 1635 757 1696 bitus,
811 1635 1145 1703 argumentis
1200 1633 1443 1703 pulchris
1490 1647 1555 1685 ac
1596 1630 1763 1684 variis
1810 1645 1840 1683 a
1884 1630 2061 1683 reditu
2103 1627 2170 1681 ad

2285 1630 2371 1679 ποῖ
2399 1630 2723 1699 παρουσίαν,
2759 1636 2853 1685 καὶ
2891 1635 3206 1703 παρακαλεῖ
3238 1636 3373 1705 πρὸς
3411 1638 3686 1705 μετάνοιαν
3710 1642 3802 1705 τοὺς

592 1725 960 1798 [εωςιιιεηθιιι]
1011 1728 1175 1781 vitam
1229 1724 1640 1780 revocareillum
1674 1723 1918 1777 studens.
1952 1718 2163 1773 XLVII.

2285 1721 2622 1793 ἀνθρώπους.

594 1821 784 1895 [Νιιηι.
809 1820 923 1893 84.]
964 1821 1333 1891 Reprehensio
1366 1830 1450 1874 est
1479 1834 1767 1888 pravorum
1821 1832 2053 1868 ntornm.
2107 1813 2181 1866 XI

2285 1814 2337 1869 il.
2391 1816 2583 1888 [Νιιηι.
2649 1820 2764 1892 85.]
2850 1821 3121 1887 Quantum
3182 1824 3397 1878 dilTerat
3451 1825 3682 1881 solitaria
3725 1831 3797 1882 vita

593 1934 623 1969 ιι
656 1917 926 1979 saeculari,
964 1916 1031 1967 ob
1068 1914 1253 1968 oculos
1287 1913 1453 1983 ponit.
1488 1910 1676 1965 XLIX.
1712 1909 2019 1963 Secundum
2066 1908 2200 1979 (66')
2222 1907 2426 1964 Christi
2463 1912 2753 1966 adventum
2802 1914 3079 1981 describit,
3120 1929 3173 1971 et
3219 1919 3284 1970 ad
3330 1920 3688 1987 pmuitcntiani
3734 1924 3793 1976 ho-

594 2010 769 2064 mines
805 2009 1072 2071 hortatur.

668 2099 724 2152 ln
766 2100 850 2153 his
884 2097 1263 2152 admonitoriis
1301 2097 1473 2150 sancti
1511 2096 1610 2149 viri
1646 2094 2009 2159 sermonibus,
2044 2094 2166 2162 jure

2366 2092 2453 2143 Ἐν
2495 2093 2704 2156 τούτοις
2731 2096 2842 2157 τοῖς
2889 2100 3299 2166 παραινετικοῖς
3342 2099 3523 2165 λόγοις
3554 2099 3643 2152 τοῦ
3690 2102 3798 2169 ἁγίου

594 2191 721 2259 quis
774 2193 1097 2253 admiretur,
1150 2206 1311 2258 quam
1348 2190 1458 2243 alte
1510 2198 1757 2256 penetret
1812 2187 2172 2257 persuadendi

2285 2184 2615 2253 θαυμάσειεν
2646 2187 2709 2238 ἄν
2741 2204 2826 2249 τις
2857 2188 2980 2240 ὅσον
3014 2189 3111 2257 μὲν
3150 2187 3518 2257 ὲμϐαθύνεται
3544 2190 3603 2241 τὸ
3642 2194 3800 2259 πεῖθον,

594 2286 698 2346 vis.
742 2294 1118 2354 quantumque
1167 2284 1233 2335 ab
1286 2283 1370 2335 bis
1418 2281 1549 2334 ﬂuat
1580 2280 1958 2348 jucunditatis,
2011 2293 2173 2348 quam

2285 2277 2402 2328 ὅσον
2425 2278 2468 2329 δ’
2494 2278 2674 2329 αὐτῶν
2700 2278 2999 2341 ἀποστάζει
3037 2282 3100 2332 τὸ
3150 2280 3345 2349 ήδύνον
3375 2283 3441 2347 ’⁸,
3489 2284 3581 2334 καὶ
3604 2283 3721 2347 ὅλως
3746 2288 3801 2349 εἰς

596 2376 833 2444 denique
864 2374 1157 2429 aﬂectnum
1193 2374 1345 2441 copia
1382 2374 1568 2426 referti
1600 2374 1729 2427 sint.
1769 2372 1958 2425 Oratio
1995 2380 2176 2424 tamen

2285 2368 2399 2420 ὅσον
2437 2368 2591 2437 βρύει
2623 2370 2683 2421 τὸ
2708 2364 2859 2439 ἦθος.
2902 2370 2965 2422 'H
2995 2372 3052 2423 δὲ
3095 2370 3241 2435 λέξις
3270 2372 3368 2424 καὶ
3406 2373 3474 2426 τὰ
3517 2375 3742 2443 σχήματα
3760 2378 3801 2427 οὐ

598 2468 737 2533 ejus,
765 2482 827 2521 ac
857 2468 1041 2535 ligurze
1069 2466 1202 2518 nihil
1230 2467 1448 2528 mirum,
1477 2466 1520 2519 si
1550 2465 1616 2518 ad
1650 2476 1969 2519 consuetum
2004 2462 2178 2516 homi-

2285 2461 2593 2531 θαυμαστδν
2623 2466 2672 2515 εἰ
2716 2464 2853 2534 πρὸς
2899 2466 2958 2517 τὸ
2999 2465 3309 2534 κοινότερον
3347 2466 3446 2534 τῆς
3494 2467 3693 2536 ὁμιλίας
3736 2470 3804 2519 καὶ

599 2558 795 2612 liarutn
846 2573 1026 2619 usum,
1072 2566 1125 2611 et
1159 2558 1554 2610 inelaboratum
1587 2556 1802 2610 dicendi
1838 2568 2009 2625 genus
2054 2570 2177 2608 ver-

2285 2554 2627 2622 ὴμελημένον
2658 2555 2909 2609 νένευκεν
2930 2573 2943 2586 °
2977 2556 3038 2608 οὐ
3070 2558 3179 2627 γάρ
3208 2559 3293 2618 εἰς
3312 2557 3401 2609 τὸν
3432 2559 3709 2629 γεννήτορα
3725 2560 3805 2611 τῶν

597 2660 747 2719 gant.
769 2649 886 2703 Non
912 2650 1055 2704 enim
1086 2651 1138 2703 in
1167 2660 1447 2705 auctorem
1477 2665 1761 2710 sensuum,
1788 2650 1882 2701 sed
1909 2648 1960 2701 in
1986 2648 2177 2701 horum

2285 2646 2589 2715 νοημάτων,
2616 2646 2733 2699 ἀλλ’
2769 2649 2849 2709 είς
2904 2647 2995 2700 τὸν
3038 2649 3212 2699 ταῦτα
3275 2650 3740 2718 μεταφρασάμενον
3780 2652 3804 2718 ὴ

598 2744 950 2811 interpretem
981 2757 1043 2797 ea
1071 2744 1399 2798 conferenda
1428 2742 1605 2811 culpa.
1641 2740 1833 2810 160b
1890 2740 1990 2805 Qui
2026 2755 2178 2791 nam-

2285 2739 2427 2793 αἰτία
2456 2739 2729 2793 διαϐαίνει
2761 2742 2829 2804 ³⁸,
2862 2741 2985 2792 ἐπεὶ
3013 2742 3065 2793 οἵ
3086 2758 3150 2808 γε
3190 2741 3295 2808 τῆς
3330 2742 3505 2812 Σύρας
3550 2742 3712 2810 φωνῆς
3736 2742 3807 2812 τὴν

602 2850 711 2901 qne
740 2834 980 2905 Syriaca:
1012 2845 1136 2889 sunt
1159 2834 1357 2902 lingua:
1389 2834 1526 2887 bene
1553 2835 1727 2901 periti,
1752 2833 1932 2886 verbis
1952 2831 2086 2883 adeo
2116 2846 2181 2884 ac

2285 2830 2572 2899 ἀκρίϐειαν
2621 2832 2922 2901 ἠσκημένοι
2964 2834 3057 2885 ἐπὶ
3093 2831 3354 2886 τοσοῦτον
3401 2835 3518 2895 ταῖς
3550 2833 3709 2897 λέξεσι
3739 2837 3807 2887 καὶ

602 2927 774 2996 tropis
803 2927 1069 2982 excellere
1102 2937 1324 2989 norunt,
1362 2937 1416 2979 nt
1443 2925 1757 2993 ambiguum
1784 2925 1875 2985 sit,
1907 2926 1975 2977 ab
2026 2923 2181 2976 hisne

2285 2926 2394 2984 τοῖς
2424 2923 2700 2992 σχήμασιν
2728 2924 2890 2976 αὐτὸν
2924 2922 3103 2977 ἴσασιν
3146 2925 3529 2994 εὐδοκιμῆσαι,
3564 2924 3633 2987 ὡς
3686 2925 3804 2991 ἀμφ-

600 3036 673 3073 an
716 3037 745 3072 a
775 3035 934 3073 sensu
985 3018 1289 3091 recondito,
1322 3028 1473 3069 tanta
1510 3016 1625 3083 ejus
1651 3014 1864 3069 dicendi
1908 3016 1985 3067 vis
2018 3025 2181 3081 atque

2285 3015 2510 3084 ήριστον
2540 3010 2682 3067 εἶναι
2714 3016 2946 3084 πότερον
2976 3016 3063 3067 διὰ
3085 3014 3260 3068 ταῦτα
3292 3015 3326 3085 ἢ
3362 3014 3450 3068 διὰ
3477 3015 3565 3067 τὸν
3592 3016 3646 3067 ἐν
3668 3015 3805 3075 αὐτοῖς
3906 3040 3909 3043 λ

600 3109 876 3177 elegantia
935 3106 1331 3176 proﬁciscatur.
1381 3106 1744 3171 Quamobrem
1795 3121 1900 3160 non
1949 3114 2055 3157 tam
2102 3103 2181 3155 di-

2285 3106 2412 3157 νοῦν
2440 3107 2473 3175 ἡ
2515 3106 2753 3175 τοσαύτη
2790 3107 2953 3175 χάρις
2974 3106 3068 3158 καὶ
3088 3106 3321 3175 δύναμις
3343 3106 3449 3158 τῶν
3474 3106 3671 3158 ἐκείνου
3705 3106 3805 3175 πρόο
3906 3120 3909 3137 π

599 3200 801 3253 clionis
836 3198 1117 3253 humilitas
1147 3198 1482 3261 admiranda,
1512 3214 1673 3267 quam
1724 3198 1849 3251 illud
1879 3197 2181 3264 sn5picien-

2286 3215 2391 3250 εισι
2430 3198 2625 3266 λόγων.
2668 3198 2743 3250 υύ
2800 3198 3115 3268 θαυμαστὸν
3141 3194 3234 3252 οὖν
3265 3200 3303 3268 ὴ
3352 3199 3452 3268 τῆς
3489 3198 3717 3269 φράσεως
3740 3214 3807 3248 τα·
3902 3200 3909 3227 τ

597 3293 755 3355 dum,
813 3290 1084 3359 quomodo
1140 3306 1239 3360 per
1293 3300 1493 3343 tantam
1546 3292 1834 3343 verborum
1892 3290 2180 3354 vilitatem,

2286 3291 2542 3359 πεινότης
2568 3307 2582 3321 ⁶
2616 3291 2729 3347 ἀλλ’
2752 3293 2929 3345 έκεῖνο
2956 3291 3294 3361 θαυμαστὸν,
3312 3293 3387 3354 ὡς
3413 3292 3504 3344 καὶ
3527 3290 3610 3344 διὰ
3637 3289 3807 3359 χυδαιά
3902 3296 3907 3321 έ

600 3391 750 3437 tanta
785 3384 930 3438 salus
960 3392 1122 3451 atque
1156 3383 1368 3436 utilitas
1420 3383 1472 3435 in
1523 3383 1770 3451 legentes
1812 3382 1958 3436 velut
2004 3380 2181 3435 eIfun-

599 3478 780 3532 datur.

2210 3432 2253 3489 C

2290 3472 2529 3539 ὠφέλεια
2555 3475 2669 3535 τοῖς
2702 3473 3029 3543 προσέχουσι
3059 3476 3368 3543 προχεῖται.

2285 3400 2448 3451 τητος
2499 3382 2753 3452 τοιαύτης
2826 3382 3087 3454 ῥημάτων
3134 3383 3439 3454 τηλικαύτη
3482 3381 3703 3453 σωτηρία
3743 3382 3809 3432 καὶ
3906 3386 3907 3389 ‘

674 3567 873 3622 Eadem
929 3581 1012 3623 est
1064 3570 1301 3625 refertus
1338 3570 1555 3624 dicendi
1606 3570 1658 3623 vi
1712 3579 1767 3625 et
1816 3570 1988 3640 gratia
2033 3569 2176 3638 ejus-

2361 3565 2473 3633 Τῆς
2503 3565 2547 3617 δ’
2602 3566 2775 3635 αὐτῆς
2806 3568 2954 3619 ἐστιν
3004 3565 3321 3637 ἠρτημένος
3368 3566 3461 3618 καὶ
3493 3581 3694 3635 χαριτος
3744 3559 3807 3612 καὶ
3902 3570 3905 3575 ’

602 3665 724 3715 dem
753 3660 866 3730 (67)
917 3663 983 3715 de
1025 3662 1330 3716 humilitate
1362 3663 1555 3730 suique
1592 3664 1941 3733 despeclione
1979 3678 2181 3729 sermo,

2288 3656 2575 3727 δυνάμεως
2601 3658 2696 3711 καὶ
2725 3658 2753 3708 6
2779 3658 2911 3727 περὶ
2941 3656 3454 3727 ταπεινοφροσύνης
3484 3657 3648 3723 λόγος,
3676 3667 3809 3720 κεφα-
3903 3663 3905 3668 ·

602 3752 658 3806 in
694 3764 911 3805 centum
948 3756 1245 3822 productus
1278 3755 1474 3821 capita.
1518 3753 1591 3808 Ut
1638 3770 1739 3809 nec
1798 3756 1889 3809 illa
1941 3763 2181 3808 mutuam

2286 3748 2458 3811 λαίοις
2497 3746 2539 3817 ρ’
2579 3748 2972 3819 ἀνηπλωμένος
3017 3748 3084 3801 ⁸³.
3130 3748 3411 3812 Ὡσαύτως
3434 3749 3527 3801 καὶ
3551 3743 3809 3810 ’δόλόγοςά
3902 3756 3905 3783 ³

602 3854 728 3893 eum
753 3840 1127 3910 superioribus
1157 3842 1472 3896 aIIinitatem
1508 3858 1570 3896 ac
1602 3843 2011 3897 similitudinem
2045 3842 2181 3897 falso

2287 3842 2418 3908 περὶ
2456 3840 2549 3893 τοῦ
2578 3841 2660 3894 δτι
2688 3840 2763 3909 μὴ
2791 3840 2899 3911 χρὴ
2932 3841 3097 3911 γελᾷν
3136 3841 3231 3893 καὶ
3272 3839 3700 3913 μετεωρίζεσθαι,
3722 3835 3807 3887 ἀλλ’

604 3933 811 3986 indicat
856 3935 1053 3997 oratio,
1105 3950 1211 4002 qua
1248 3935 1425 3988 ridere
1460 3936 1572 4005 (68)
1606 3946 1769 4019 atque
1807 3936 1993 3989 extolli
2023 3945 2181 4007 negat

2289 3932 2347 3982 ὲν
2378 3930 2564 3983 πένθει
2597 3930 2798 3999 μᾶλλον
2850 3930 3138 3994 διατελεῖν,
3195 3930 3255 3983 οὐ
3305 3931 3555 4001 ψεύδεται
3596 3932 3683 3997 τὴν
3709 3923 3806 3994 πρὸς

605 4030 875 4089 oportere,
908 4022 1003 4075 sed
1038 4023 1089 4075 in
1125 4038 1356 4077 maerore
1388 4026 1565 4092 potius
1594 4017 1894 4092 degendum
1924 4040 2063 4079 esse.
2101 4026 2181 4078 Ad

2286 4024 2417 4086 τοὺς
2460 4023 2653 4087 ἄλλους
2691 4024 2737 4055 ’⁵
2800 4024 3145 4093 συγγένειαν.
3197 4024 3478 4087 Ὡσαύτως
3522 4021 3624 4075 οὐδ’
3659 4017 3807 4087 ὸπρὸς
3900 4050 3903 4053 -

607 4112 857 4165 eumdem
891 4113 1108 4165 modum
1153 4124 1209 4166 et
1243 4114 1333 4166 illa
1374 4114 1442 4166 ad
1492 4114 1795 4169 Metebinos
1842 4114 1951 4183 (69)
1994 4130 2181 4168 mona-

2288 4115 2620 4179 Μετεϐίνους
2647 4116 2914 4185 μοναχοὺς
2942 4116 3093 4186 αὑτῷ
3129 4115 3492 4185 διειλεγμένος
3518 4113 3648 4179 ’⁸,δς
3676 4108 3807 4181 πραό·
3902 4120 3903 4147 ῖ

606 4202 739 4257 chos
770 4204 837 4257 ah
890 4204 1008 4271 ipso
1056 4203 1237 4259 habita
1292 4205 1491 4267 oratio,
1535 4220 1655 4273 quae
1698 4217 1754 4259 ut
1806 4206 2082 4259 lenitatem
2123 4221 2181 4259 ac

2289 4223 2431 4277 τητα
2492 4206 2592 4275 μὲν
2631 4206 2965 4273 ἐκδιδάσκει,
3020 4205 3289 4276 πονηρίαν
3330 4206 3376 4258 δ’
3409 4203 3705 4274 ἀποτρέπει,
3742 4195 3805 4247 καὶ

606 4296 1075 4350 mansuetudinem
1154 4297 1336 4360 docet,
1402 4298 1473 4350 ita
1531 4297 1792 4351 malitiam
1871 4299 2181 4368 fugiendam

2295 4299 2435 4368 πρὸς
2479 4299 2576 4368 μὲν
2615 4297 3002 4367 μακροθυμίαν
3040 4297 3188 4364 ἄγει,
3212 4295 3464 4365 ὀξύχολον
3497 4296 3551 4348 6‘s
3574 4290 3802 4356 διελέγχει,
3902 4300 3903 4305 ‘

607 4389 823 4455 suadet,
850 4389 1108 4456 ducitque
1134 4390 1201 4442 ad
1248 4389 1736 4458 longanimitatem,
1771 4390 2048 4444 iracundia
2098 4406 2181 4444 re-

2290 4392 2384 4444 καὶ
2404 4391 2505 4461 τὴν
2532 4390 2630 4458 μὲν
2654 4390 2933 4458 ὑπομονὴν
2957 4389 3308 4460 μακαρισμοῦ
3328 4387 3577 4459 πρόξενον
3601 4379 3802 4437 δεικνύει,

606 4483 895 4550 prehensa.
932 4482 1023 4535 Sic
1062 4482 1317 4550 patientia
1350 4482 1549 4537 coelum
1580 4483 1759 4550 parari
1791 4498 1855 4537 ac
1892 4483 2181 4537 beatitudi-

2288 4482 2385 4536 τοῦ
2415 4483 2458 4535 δ’
2489 4483 2753 4552 ὀλιγώρου
2784 4483 2845 4535 τὸ
2880 4482 3067 4535 ἄθλιον
3118 4481 3443 4552 στηλιτεύει,
3482 4480 3571 4533 καὶ
3614 4476 3693 4528 τὸν
3735 4470 3802 4541 μὲν

607 4588 729 4627 nem
764 4576 1025 4637 ostendit,
1059 4574 1222 4627 animi
1264 4575 1423 4628 simul
1461 4574 1655 4640 abiecti
1694 4575 1959 4643 prolatam
2012 4577 2181 4629 mise-

2292 4573 2435 4625 θεῖον
2474 4572 2639 4640 φόϐον
2664 4573 2762 4641 τῆς
2803 4573 2977 4626 ἀϊδίου
3026 4572 3367 4642 εὐφροσύνης
3413 4567 3634 4640 χορηγὸν
3675 4577 3802 4617 κατα·

606 4665 741 4716 riatn
776 4680 1069 4733 exponens.
1113 4666 1385 4719 Timorem
1424 4667 1644 4735 insuper
1670 4668 1786 4733 Dei,
1820 4668 1911 4736 qui
1958 4667 2180 4735 sapien-

2294 4665 2569 4730 σκευάζει,
2615 4664 2707 4716 τδν
2746 4664 2803 4716 δὲ
2856 4665 3281 4734 καταφρονητὴν
3333 4663 3507 4723 δίκαις
3547 4654 3803 4711 ὑποϐάλλεις

609 4755 696 4806 tia:
717 4764 936 4808 ueterum
976 4766 1165 4809 auctor
1190 4768 1271 4810 est
1300 4773 1363 4811 ac
1391 4759 1740 4827 principium,
1788 4760 2016 4820 inducit,
2051 4774 2181 4811 con-

2292 4758 2385 4810 καὶ
2412 4760 2509 4825 τὴν
2554 4756 2651 4825 μὲν
2698 4756 2920 4826 ἀγάπην
2969 4758 3106 4827 πρὸς
3156 4757 3289 4810 Θεὸν
3329 4757 3545 4823 ἀνάγειν
3580 4752 3641 4814 ’⁷,
3690 4742 3804 4797 τὸδὲ

614 4848 1167 4919 teniptoremqne[l)ei
1193 4849 1489 4921 hominem]
1514 4852 1687 4921 pmnis
1706 4854 1947 4905 danntat.
1967 4850 2045 4904 Ad
2069 4850 2181 4903 hmo

2297 4852 2452 4919 μῖσος
2486 4848 2563 4919 τῷ
2588 4848 2817 4919 διαϐόλῳ
2847 4851 3209 4918 ἀποφαίνεται
3230 4850 3274 4882 ’⁸
3310 4850 3591 4903 συνάπτειν
3612 4862 3623 4875 ·
3654 4840 3731 4894 καὶ
3752 4835 3805 4895 ὡς

642 5078 647 5081 1
1906 5010 2140 5066 vanus:
2189 5013 2597 5071 LECTIONES.

682 5101 722 5131 ¹⁷
748 5099 803 5151 δὲ
836 5098 971 5171 MB']
1007 5099 1124 5180 Μιξξ
1158 5101 1213 5180 δὲ
1472 5103 1620 5154 ’Πλεὶ
1658 5121 1734 5180 ς..Δ
1764 5175 1774 5180 Δ
1796 5105 1837 5135 ¹⁹
1871 5104 2132 5180 ⁸πλειόνως
2164 5126 2223 5172 ς’.
2321 5112 2365 5141 ³ο
2390 5111 2519 5175 MC."
2559 5108 2653 5161 καὶ
2722 5109 2828 5179 μὴν
2886 5108 3024 5180 πρὸς
3073 5108 3167 5161 ἀκ,
3200 5126 3258 5180 ς,
3337 5110 3377 5137 ’³
3405 5095 3736 5180 ῄδῦνονῖηήδῦ
3754 5092 3801 5180 Au

608 5171 838 5244 fortasse
860 5186 1003 5244 corr.
1082 5174 1125 5202 “
1164 5172 1521 5244 διαλαμϐάνει
1551 5190 1611 5235 ς.
1688 5174 1735 5203 ³³
1759 5174 2142 5242 ὲνηπλωμένος
2317 5181 2363 5210 ἰ
2380 5171 2539 5233 καὶἈ
2568 5179 2658 5231 ιδὲ
2682 5171 2859 5243 καις,
2929 5171 3002 5211 ’⁸⁸
3033 5180 3157 5242 τοὺς
3182 5179 3377 5240 ἄλλους
3396 5171 3477 5229 Ᾱτ
3512 5171 3738 5239 ἀλλήλους
3760 5179 3801 5223 ς’.

607 5243 655 5273 ²⁶
683 5240 1064 5310 διειλημμένος
1079 5259 1138 5304 ς.
1217 5243 1260 5273 ³⁷
1292 5244 1480 5311 ἀνάγει
1510 5260 1591 5311 pr.
1628 5244 1687 5294 A.
1768 5244 1813 5273 ’⁸
1844 5240 2100 5311 φαίνεται
2125 5265 2183 5310 ς.

2143 5338 2376 5397 NOTAE.

828 5426 928 5510 [lic
960 5436 1207 5510 est_tom.
1243 5428 1467 5510 l,_q\um.
1493 5432 1546 5484 5.
2373 5439 2625 5510 (69*)1Al.
2681 5440 2977 5494 Melebouos
3002 5457 3021 5494 :
3082 5456 3241 5507 quam
3294 5434 3799 5510 inscriptionemittflnl

1025 5497 1389 5578 lI,_nui_u._30.
1499 5574 1507 5578 _
1563 5572 1574 5578 _
1795 5574 1804 5578 _
2108 5575 2150 5578 __
2302 5494 2538 5564 videtur.
2561 5515 2829 5578 reperisse
2888 5494 3159 5564 recentior
3209 5494 3493 5578 interpres,
3523 5515 3667 5578 cum”
3693 5494 3799 5578 1|an

682 5566 1019 5649 (66“)MNum.
1064 5569 1155 5623 95.
1189 5572 1284 5623 L‘ui
1323 5588 1427 5624 non
1464 5572 1725 5627 absimilis
1758 5574 1894 5627 alter
1933 5583 2064 5627 tom.
2108 5575 2178 5639 ν,
2300 5563 2477 5647 ipsum
2531 5563 2818 5633 tractatum
2857 5563 3002 5634 cum,
3030 5563 3456 5649 cpigraplic,.De
3484 5563 3796 5649 uirtutibe

610 5638 879 5720 li"?!!;\89_-
910 5708 920 5720 _
1201 5710 1211 5719 ν
1604 5715 1632 5720 __
1670 5718 1676 5720 ἓ
1870 5718 1876 5720 Α
2302 5625 2437 5703 vitiis
2474 5666 2567 5718 per
2601 5652 3003 5720 oppositioncm,
3036 5625 3299 5703 rctiilitrin
3329 5625 3467 5720 ,lom.
3505 5643 3539 5707 Ι,
3575 5625 3792 5720 ιιιυηιίιίίῖἐ

686 5707 1005 5828 lii7)8l7labes
1034 5724 1155 5763 eum
1200 5710 1251 5763 in
1308 5727 1496 5767 recens
1551 5715 1711 5769 editis
1758 5716 1911 5772 libris
1946 5725 2074 5771 tom.
2121 5716 2181 5779 Il,
2298 5732 2353 5771 et
2385 5707 2643 5775 undecim
2670 5707 3015 5790 sequentiqu
3055 5722 3289 5790 capitum
3319 5718 3498 5773 ordine
3541 5708 3794 5781 plerumqu‘?

654 5792 720 5824 IIII
747 5814 761 5828 .
869 5813 891 5828 ..
2299 5799 2502 5828 mut-.ttn

610 5793 761 5830 num.
798 5793 891 5831 δι.
2299 5799 2522 5844 mutato.

683 5844 792 5914 (158)
818 5846 969 5931 Tom.
1008 5848 1047 5913 Ι,
1080 5864 1228 5903 num.
1267 5852 1354 5906 44.
