4022 6450
300 330 404 395 θοι

1400 346 1931 407 BIBLIOTHECA.
1974 373 2043 383 -
2084 349 2246 408 COD.
2283 349 2557 409 CXCVII.

3460 354 3565 417 662

303 451 338 518 ή
368 445 600 518 ἀλήθεια
622 450 833 505 πολλῶν
857 454 971 508 ἐστι
996 458 1177 527 μήτηρ
1208 455 1668 527 κατορθωμάτων,
1702 457 1880 525 φθορά

2002 459 2308 515 :baritatem
2358 460 2422 513 ad
2458 460 2622 513 Deum
2664 458 2866 515 ducere
2901 479 2914 515 :
2956 463 3135 517 odium
3175 479 3301 519 vero
3338 465 3560 519 (immuni

303 541 362 593 δὲ
398 541 605 595 τούτων
628 542 690 595 τὸ
726 543 941 614 ψεῦδος,
973 546 1234 611 ὡσαύτως
1262 549 1296 619 ή
1322 550 1536 621 ὑπακοὴ
1581 552 1663 604 ὅτι
1702 568 1885 621 μακα-

306 638 458 703 ρίους
485 637 614 699 τοὺς
650 639 967 708 χρωμένους
986 641 1300 710 ἀποφαίνει,
1328 644 1390 695 τὸ
1424 644 1470 696 δ’
1504 643 1885 699 ἀνυπότακτον

303 725 554 795 κατάρας
578 728 674 780 καὶ
699 729 901 798 πολλῆς
950 732 1117 802 ἄλλης
1146 732 1406 803 αἰσχύνης
1450 737 1594 787 ποιεῖ
1622 734 1884 805 κληρονό-

306 833 443 885 μους
469 834 484 847 ·
521 818 615 870 καὶ
642 819 704 872 τὸ
736 822 1013 891 καθαροὺς
1044 819 1184 876 εἶναι
1214 825 1407 893 φθόνου
1436 827 1530 878 καὶ
1547 826 1711 897 ζήλου
1745 827 1886 895 ἀγά-

303 925 412 978 πην
469 910 590 962 ἐστὶ
626 912 1179 979 καταπεπλουτῖσθαι,
1216 916 1499 985 ἐνέχεσθαι
1538 918 1594 970 δὲ
1650 921 1778 980 τοὺς
1802 920 1886 970 ἐν·

306 999 637 1068 ισχημένους
681 1001 760 1071 τῷ
812 1003 975 1057 πάθει
1003 1008 1114 1069 τοῖς
1151 1006 1243 1059 τοῦ
1302 1008 1551 1061 διαϐόλου
1593 1010 1882 1079 κρίμασιν,

304 1090 497 1162 ὥσπερ
531 1093 631 1146 καὶ
684 1096 813 1157 τοὺς
864 1096 1156 1166 λοιδορίαις
1205 1099 1538 1163 ἑαλωκότας.
1598 1102 1709 1154 Καὶ
1757 1103 1887 1172 περὶ

305 1183 635 1251 ἐγκρατείας
661 1186 719 1239 δὲ
768 1186 863 1238 καὶ
894 1188 1167 1257 ἀκρασίας
1200 1190 1342 1242 κατά
1380 1191 1440 1242 τὸ
1480 1192 1739 1260 ἀνάλογον
1768 1194 1887 1246 δια-

312 1272 597 1341 λαμϐάνει.
646 1274 704 1327 '0
757 1277 857 1345 μὲν
902 1273 997 1330 οὖν
1039 1278 1175 1347 πρὸς
1204 1281 1327 1342 τοὺς
1360 1280 1691 1345 Μετεϐίνους
1732 1282 1889 1350 λόγος

320 1362 408 1415 ἐπὶ
430 1363 711 1427 τοσούτοις
746 1366 1175 1435 διαπεραιοῦται.
1228 1367 1355 1439 [516
1386 1369 1481 1442 R.]
1508 1372 1619 1424 Kal
1667 1372 1803 1425 ἄλλα
1830 1373 1887 1425 δὲ

319 1455 533 1507 πλεῖστα
594 1458 691 1510 τοῦ
742 1459 955 1529 ἀνδρὸς,
1001 1462 1415 1531 μεταϐληθέντα
1455 1466 1589 1535 πρὸς
1632 1466 1733 1535 τὴν
1774 1466 1891 1519 Έλ-

311 1545 459 1609 λάδα,
507 1550 863 1619 συντάγματα
897 1551 1119 1620 φέρεται
1173 1554 1355 1625 πλήρη
1396 1556 1619 1625 χάριτος
1667 1556 1761 1607 καὶ
1793 1555 1886 1607 δυ-

308 1637 545 1706 νάμεως.
579 1638 768 1710 Σύρων
791 1641 848 1694 δὲ
878 1643 1066 1707 παῖδές
1115 1662 1277 1713 φασιν
1312 1646 1452 1716 ὑπὲρ
1508 1646 1606 1710 τὰς
1647 1647 1891 1716 χιλιάδας

304 1729 498 1795 λόγους
528 1731 694 1783 αὐτὸν
723 1733 1057 1803 ἀναγράψαι,
1093 1730 1175 1799 οἷς
1195 1738 1297 1789 καὶ
1320 1740 1347 1790 6
1377 1738 1506 1809 περὶ
1529 1739 1628 1807 τήν
1649 1739 1888 1809 ἱστορίαν

2003 543 2212 598 similes
2251 543 2486 609 eflicere,
2535 556 2871 613 compertum
2928 548 3049 621 [ait]
3111 552 3360 607 habetur.
3394 556 3562 618 Quem

1989 634 2116 688 item
2153 636 2220 689 ad
2250 639 2467 689 modum
2501 637 2707 691 veritas
2740 638 3028 693 multorum
3072 652 3154 696 est
3194 653 3341 697 recte
3392 644 3565 697 factu-

1994 741 2113 779 rum
2138 742 2357 795 parens,
2386 728 2579 796 quibus
2618 729 2959 785 mendacium
2994 734 3285 801 perniciem
3332 733 3561 798 afferat;

1993 819 2067 871 ita
2115 819 2423 873 obedientia
2480 821 2664 874 beatos
2702 822 2898 886 reddit,
2955 834 3008 877 et
3057 825 3414 879 inobcdientia
3466 826 3559 879 Dei

1989 910 2423 964 maledictionem
2459 911 2735 979 multaque
2763 922 2962 981 printer
3003 930 3123 967 eam
3172 917 3431 969 dedecora
3479 931 3567 969 ac-

1988 999 2174 1067 quirit.
2211 1000 2380 1055 Puros
2430 1010 2694 1069 praeterea
2746 1003 2815 1057 ab
2863 1005 3063 1057 invidia
3116 1016 3170 1058 et
3223 1007 3567 1059 aemulatione

1989 1092 2258 1146 cbaritate
2303 1093 2498 1147 divites
2556 1095 2671 1147 fieri
2702 1094 2983 1167 [ostendit]
3026 1096 3333 1151 :obnoxios
3376 1108 3566 1151 contra

1991 1178 2188 1231 diaboli
2230 1178 2438 1246 judicio
2465 1180 2627 1245 efﬁci,
2660 1184 2752 1251 qui
2804 1184 2906 1238 hoc
2944 1186 3132 1240 morbo
3160 1186 3424 1253 laborent,
3463 1204 3565 1242 non

1994 1271 2173 1325 minus
2204 1288 2365 1339 quam
2398 1272 2489 1341 qui
2532 1276 2796 1329 conviciis
2819 1277 3087 1346 jaciendis
3118 1280 3284 1333 dediti
3324 1279 3457 1333 sint.
3494 1280 3568 1334 De

2000 1366 2355 1431 temperantia
2387 1365 2620 1433 denique
2642 1376 2804 1434 atque
2838 1368 3254 1437 intemperantia
3279 1371 3391 1438 pari
3411 1372 3569 1425 modo

1993 1457 2123 1524 agit.
2148 1457 2323 1524 Atque
2356 1457 2467 1511 haec
2506 1458 2619 1512 fere
2660 1460 2835 1514 oratio
2876 1461 2963 1514 illa
3006 1462 3071 1514 ad
3116 1461 3410 1517 Metebinos
3456 1479 3570 1516 mo-

1993 1549 2196 1603 nachos
2214 1550 2458 1604 continet
2489 1567 2503 1603 :
2544 1566 2850 1620 quanquam
2905 1553 3007 1605 alia
3041 1552 3154 1623 (70)
3202 1570 3414 1623 quoque
3449 1557 3567 1623 plu-

1994 1642 2129 1694 rima
2185 1642 2358 1696 sancti
2431 1643 2533 1695 viri
2588 1644 2638 1697 in
2689 1643 2931 1699 Graecam
3012 1661 3269 1700 conversa
3333 1646 3569 1714 linguam

1997 1732 2258 1797 Opuscula
2304 1732 2785 1799 circumferuntur,
2828 1735 3042 1789 dicendi
3072 1737 3121 1788 vi
3174 1750 3237 1789 ac
3290 1745 3571 1789 venustate

300 1822 398 1874 οὐκ
429 1822 843 1890 ἀναξιόπιστος,
875 1826 923 1877 εί
960 1826 1058 1879 καὶ
1101 1828 1175 1897 μὴ
1210 1829 1279 1880 τά
1325 1828 1598 1897 δόγματα,
1628 1829 1887 1893 Εὐσέϐιος

2002 1821 2212 1876 referta.
2251 1822 2373 1893 Syri
2410 1839 2540 1879 vero
2582 1824 2849 1879 afﬁrmant
2904 1830 3178 1881 orationes
3218 1843 3377 1895 supra
3426 1827 3571 1879 mille

297 1915 329 1967 6
356 1914 420 1966 τὸ
448 1915 744 1984 Παμφίλου
780 1914 1069 1987 ἐπώνυμον
1109 1918 1289 1988 φέρων
1334 1921 1776 1991 ἐπιμαρτύρεται
1814 1923 1884 1977 ¹⁹.

301 2276 436 2349 [266
468 2276 539 2350 Η]
566 2279 915 2333 Κασσιανοῦ
938 2277 1210 2348 μαντικοῦ
1250 2278 1429 2347 Λόγοι
1453 2276 1771 2342 ἀσκητικοὶ
1812 2283 1889 2344 γ’.

387 2370 736 2440 ’Δνεγνὼσθη
765 2371 1097 2442 βιϐλιδάριον
1132 2372 1189 2424 ὲν
1214 2362 1259 2437 ᾧ
1283 2368 1594 2422 Κασσιανοῦ
1631 2367 1890 2439 μοναχοῦ,

312 2462 547 2535 Ῥώμην
616 2465 874 2535 λαχόντος
926 2464 1201 2533 πατρίδα,
1258 2465 1530 2533 περιῆσαν
1592 2462 1741 2531 λόγοι
1805 2463 1890 2532 β’,

300 2548 381 2607 ὧν
413 2559 445 2609 6
476 2556 575 2626 μὲν
604 2557 1141 2628 Κάστοριὲπισκόπῳ
1167 2556 1572 2627 ἀνεγέγραπτο,
1618 2554 1769 2625 αὐτῷ
1795 2572 1894 2607 πε-

303 2646 592 2716 ποιημένῳ
621 2646 665 2678 ³ο
693 2646 795 2715 τὴν
825 2647 934 2698 τῶν
966 2645 1374 2716 γεγραμμένων
1408 2645 1645 2716 αἴτησιν.
1678 2645 1894 2708 Τύπους

302 2734 350 2787 δ’
372 2728 531 2797 οὗτος
574 2736 669 2789 καὶ
701 2736 934 2798 κανόνας
979 2735 1333 2804 ἀπαγγέλλει,
1366 2735 1486 2788 καθ’
1522 2733 1614 2797 οὓς
1657 2734 1805 2787 ὲὸίου
1835 2735 1896 2787 τὸ

304 2830 365 2879 ὲν
394 2826 656 2896 Αἰγύπτῳ
680 2829 823 2881 κατά
852 2829 1179 2897 συστήματα
1208 2827 1493 2897 μοναδικόν
1515 2827 1557 2857 ³¹
1579 2841 1593 2856 ⁸
1626 2828 1897 2881 κοινόϐια

305 2918 365 2970 δὲ
395 2918 537 2971 αύτά
558 2920 586 2970 6
623 2920 688 2971 ὲκ
719 2921 817 2988 τῆς
843 2919 1175 2988 ὲτυμότητος
1213 2918 1470 2989 ὀνομάζει
1497 2918 1679 2987 λόγος.
1734 2920 1844 2971 Kal
1870 2921 1898 2971 6

306 3009 564 3080 δεύτερος
618 3010 677 3062 δὲ
712 3009 792 3077 τῷ
836 3010 985 3079 αὐτῷ
1016 3010 1559 3081 προσπεφωνημένος
1600 3010 1739 3075 ἐστὶ,
1767 3011 1898 3080 περὶ

306 3102 419 3154 τῶν
444 3099 590 3154 ὀκτὼ
604 3100 662 3154 δὲ
691 3100 968 3171 λογισμῶν
999 3101 1098 3171 τὴν
1136 3100 1450 3171 ἐπιγραφὴν
1477 3101 1658 3172 φέρει,
1690 3096 1771 3163 οἷς
1798 3118 1898 3168 γα-

1926 3153 1972 3216 C

1992 1915 2320 1982 scripsisse:
2351 1916 2548 1983 quibus
2585 1918 2746 1970 etiam
2800 1920 3163 1972 testimonium
3187 1920 3361 1973 reddit
3395 1920 3574 1988 (cujus

1992 2008 2173 2076 gravis
2235 2016 2319 2061 est
2371 2009 2424 2061 in
2476 2008 2730 2076 historia,
2768 2026 2873 2064 non
2938 2011 3063 2064 item
3120 2011 3171 2063 in
3233 2013 3574 2081 dogmatibus

1995 2102 2147 2171 ﬁdes)
2183 2102 2441 2157 Eusebius
2491 2103 2582 2157 ille
2625 2101 2888 2171 Pamphili
2922 2114 3296 2172 cognomento.

2652 2195 2905 2254 CXCVII.

2239 2286 2481 2340 Cassiani
2522 2289 2762 2342 monac/ti
2787 2286 2935 2342 Libri
2969 2290 3182 2343 asceticr
3214 2299 3340 2343 tres.

2067 2377 2266 2433 Lectus
2320 2380 2557 2444 libellus,
2609 2395 2718 2449 quo
2771 2380 3019 2435 Cassiani
3076 2382 3348 2441 monachi.
3400 2382 3576 2449 patria

1998 2469 2226 2525 Romani
2270 2472 2406 2542 (7i),
2440 2472 2561 2526 libri
2602 2477 2710 2526 duo
2762 2475 3200 2527 continebantur.
3254 2473 3445 2543 161a
3477 2474 3579 2525 Eo-

1998 2579 2114 2617 rum
2168 2564 2306 2619 alter
2353 2566 2567 2619 Castori
2617 2566 2829 2618 cuidam
2892 2567 3151 2635 episcopo
3212 2577 3575 2633 nuncupatur,

1997 2656 2089 2726 qui
2136 2656 2279 2711 hunc
2311 2658 2377 2710 ab
2403 2658 2495 2712 illo
2518 2658 2685 2711 scribi
2716 2657 3041 2726 postularat.
3078 2656 3306 2711 Formas
3333 2654 3447 2725 (72)
3476 2673 3577 2710 au-

2000 2753 2107 2798 tem
2148 2760 2213 2799 ac
2250 2745 2466 2814 regulas
2503 2745 2828 2814 praescribit,
2860 2760 2931 2799 ex-
2974 2760 3207 2815 quarum
3264 2746 3580 2814 prmscripto

2000 2834 2183 2888 vivant
2231 2835 2282 2888 in
2336 2834 2570 2904 Egypto
2616 2834 2867 2889 monachi
2900 2851 2997 2905 per
3028 2845 3204 2890 cmlus
3237 2836 3357 2890 illos
3397 2836 3575 2890 distri-

2000 2922 2137 2985 bttti,
2172 2936 2307 2989 quos
2337 2937 2405 2975 ex.
2427 2923 2577 2975 vocis
2604 2922 2813 2991 origine
2844 2923 3015 2990 petita
3056 2922 3285 2985 ratione,
3332 2921 3582 2975 cmnobia

2003 3013 2306 3065 nominant.
2354 3012 2505 3065 Alter
2538 3028 2755 3081 quoque
2824 3014 2971 3067 liber
3012 3013 3189 3067 eidem
3250 3012 3578 3080 inscriptus,

2003 3104 2072 3158 ab
2122 3114 2246 3158 octo
2290 3104 2403 3173 (75)
2462 3104 2569 3159 illis
2603 3102 2867 3175 [vitiosis]
2903 3104 3330 3175 cogitationibus
3364 3104 3581 3158 titulum

310 3193 708 3263 στριμαργίαν,
745 3193 1028 3262 πορνείαν,
1055 3194 1445 3265 φιλαργυρίαν,
1496 3191 1688 3263 ὀργὴν,
1720 3192 1895 3263 λύπην

2003 3208 2303 3263 mutuatur,
2360 3199 2560 3267 quibus
2622 3199 2840 3268 gulam,
2892 3199 3196 3265 luxuriam,
3259 3199 3582 3264 avaritiam,

309 3285 411 3339 καὶ
440 3285 691 3354 ἀκηδίαν,
707 3284 1014 3351 κενοδοξίαν
1038 3303 1096 3338 τε
1126 3287 1218 3338 καὶ
1248 3286 1628 3357 ὑπερηφανίαν
1651 3284 1898 3349 ἐξάπτει.

308 3378 580 3449 Χρήσιμα
611 3378 691 3443 δὲ,
726 3378 885 3448 εἴπερ
918 3378 962 3409 ³¹
1017 3395 1071 3430 τι
1098 3378 1248 3443 ἄλλο,
1280 3378 1351 3431 τὰ
1378 3378 1536 3446 λόγια
1581 3377 1755 3431 ταῦτα
1788 3379 1902 3439 τοῖς

308 3471 665 3539 αἱρουμένοις
692 3470 785 3523 τὸν
822 3471 1120 3540 ἀσκητικὸν
1151 3471 1514 3541 ἀναδέχεσθαι
1545 3470 1755 3538 ἀγῶνα.
1790 3472 1902 3523 Kal

307 3563 410 3614 ἐπὶ
426 3561 692 3615 τοσοῦτον
712 3562 773 3615 τὸ
798 3564 841 3595 ³³
857 3562 1085 3615 δυνατὸν
1105 3563 1289 3626 αὐτοῖς
1312 3564 1406 3617 καὶ
1430 3563 1573 3616 θεῖον
1594 3563 1897 3633 περίεστιν,

308 3654 459 3707 ὥστε
490 3655 586 3707 καὶ
618 3654 779 3725 μέχρι
801 3654 916 3721 νῦν,
944 3655 997 3708 εί
1022 3672 1076 3708 τι
1100 3657 1243 3710 κατὰ
1271 3658 1399 3719 τοὺς
1416 3655 1622 3720 τύπους
1649 3656 1903 3709 τουτουσὶ

309 3746 413 3799 καὶ
437 3746 511 3799 τὰ
536 3744 879 3815 διατάγματα
913 3747 1238 3816 μοναστικὸν
1264 3747 1310 3779 ³⁵
1338 3747 1594 3817 σύστημα
1614 3746 1904 3801 πολιτεύοι-

306 3854 398 3901 το,
422 3836 579 3889 ἀνθεῖ
595 3853 653 3889 τε
687 3836 764 3899 ὡς
795 3836 839 3868 ³⁵
862 3836 1082 3907 ἀληθῶς
1122 3837 1214 3889 καὶ
1241 3835 1350 3891 τῶν
1375 3836 1553 3890 ἄλλων
1583 3836 1903 3907 προλάμπει

310 3928 413 3981 καὶ
444 3927 555 3982 τῶν
604 3928 815 3997 ἀρετῶν
844 3930 1035 3999 ὁρᾶται
1066 3929 1457 3999 ἐργαστήριον,
1501 3929 1561 3992 ὃς
1590 3928 1904 3990 δὲυτούτους

310 4020 674 4089 διεγράψατο,
711 4020 805 4072 ἐπὶ
837 4024 1052 4090 μικροῖς
1082 4038 1193 4074 τισι
1245 4021 1524 4089 λειψάνοις
1554 4021 1662 4073 τῶν
1690 4020 1903 4091 ἀρετῶν

316 4111 541 4164 σαλεύει
590 4111 623 4182 ἢ
666 4113 761 4165 καὶ
796 4114 1039 4184 ναυαγίῳ
1073 4113 1411 4184 περιδύεται.
1453 4112 1546 4166 Διὸ
1586 4112 1763 4182 χρεών
1788 4115 1903 4165 ἐστι

316 4203 491 4275 μηδὲν
515 4203 625 4258 τῶν
658 4207 717 4258 ὲν
762 4205 945 4267 αὐτοῖς
983 4206 1436 4276 παραδεδομένων
1467 4206 1748 4276 παρορᾷψ
1807 4207 1905 4259 Δε-

314 4295 588 4364 σποτικῆς
603 4295 708 4367 γὰρ
737 4296 908 4350 ταῦτα
930 4296 1253 4367 νομοθεσίας
1282 4298 1377 4349 καὶ
1407 4296 1506 4365 τῆς
1536 4294 1904 4363 εὐαγγελικῆς

314 4386 598 4451 πολιτείας
654 4388 700 4419 ³⁸
746 4390 896 4442 ἐστὶν
949 4388 1249 4453 ἀνάπτυξίς
1290 4405 1351 4440 τε
1412 4389 1509 4441 καὶ
1568 4389 1903 4454 ὲξάπλωσις.

2003 3284 2161 3349 iram,
2213 3285 2495 3351 invidiam,
2548 3288 2818 3352 acediam,
2866 3289 3083 3343 inanem
3134 3288 3359 3356 gloriam
3421 3298 3584 3357 atque

2001 3377 2309 3445 superbiam
2357 3379 2627 3433 attribuit.
2662 3378 2965 3434 Utilissima
3016 3394 3169 3445 vero,
3206 3380 3251 3434 si
3293 3394 3415 3449 qua:
3452 3380 3580 3443 alia,

2002 3466 2121 3521 hac
2147 3467 2215 3522 iis
2240 3478 2367 3523 sunt
2394 3470 2765 3537 pronuntiata,
2792 3472 2883 3540 qui
2910 3471 3216 3540 religiosam
3246 3471 3386 3524 inire
3418 3471 3582 3525 vitam

2004 3562 2247 3631 cupiunt.
2280 3560 2347 3613 Et
2378 3576 2507 3616 vero
2551 3571 2699 3614 tanta
2745 3563 2812 3615 iis
2843 3562 2923 3615 vis
2955 3562 3118 3624 inest,
3165 3576 3229 3615 ac
3260 3560 3415 3629 quasi
3445 3560 3585 3614 divi-

2006 3654 2168 3719 nitas,
2202 3662 2261 3707 ut
2291 3663 2346 3707 et
2387 3653 2439 3706 in
2482 3653 2625 3707 hunc
2654 3669 2826 3723 usque
2859 3653 3023 3718 diem,
3050 3652 3098 3705 si
3138 3653 3265 3721 quis
3290 3652 3574 3705 monacho-

2006 3762 2124 3801 rum
2161 3756 2459 3801 conventus
2482 3747 2583 3800 hac
2610 3762 2677 3801 ex
2720 3748 2893 3801 forma
2929 3757 2982 3801 et
3016 3747 3169 3801 hisce
3208 3746 3585 3815 praeceptioni-

2006 3841 2108 3893 bus
2158 3838 2513 3908 gubernetur,
2567 3853 2753 3893 revera
2809 3839 3076 3903 tantisper
3108 3837 3315 3901 ﬂoreat,
3349 3837 3577 3891 caeteris

2006 3948 2113 4001 que
2134 3932 2433 4000 praelucens
2466 3933 2725 3984 virtutum
2758 3946 2879 3985 esse
2908 3929 3122 3984 oﬂicina
3154 3935 3431 3991 cernatur,
3463 3943 3585 3982 cum

2007 4025 2098 4094 qui
2153 4026 2265 4079 haec
2314 4024 2608 4091 repudiarit
2667 4032 2863 4087 ctctus,
2900 4023 3084 4091 parvis
3118 4022 3441 4091 quibusdam
3477 4022 3589 4073 viv-

2012 4126 2180 4170 tutum
2219 4116 2440 4184 reliquis
2480 4113 2848 4186 [instructus],
2904 4115 3066 4168 veluti
3116 4116 3167 4168 in
3211 4113 3463 4167 ﬂuctibus
3507 4112 3594 4181 jav

2009 4218 2208 4273 ctetur,
2245 4208 2328 4260 vel
2356 4208 2520 4261 etiam
2564 4207 2909 4277 naufragium
2940 4208 3126 4264 faciat.
3168 4206 3348 4273 Quare
3373 4205 3592 4273 expedit

2013 4300 2144 4353 nihil
2186 4315 2373 4353 eorum
2425 4314 2544 4366 qua:
2591 4298 2661 4351 ibi
2714 4299 3000 4352 traduntur
3047 4307 3417 4351 contemnere.
3452 4295 3588 4348 Nam

2010 4392 2307 4446 Dominicze
2350 4393 2467 4446 lucc
2515 4392 2647 4460 legis
2696 4400 2823 4445 sunt
2861 4402 3026 4459 atque
3060 4389 3383 4459 evangelicae
3430 4388 3597 4442 disci-

319 4480 483 4531 Ἐστι
499 4479 558 4532 δὲ
581 4480 730 4553 αὐτῷ
761 4483 935 4535 οἰκεῖα
961 4484 1072 4544 τοῖς
1095 4482 1422 4551 διανοήμασι
1446 4481 1541 4534 καὶ
1565 4482 1635 4534 τὰ
1660 4483 1895 4551 ῥήματα,

2012 4483 2171 4550 plina:
2215 4482 2481 4551 expositio
2530 4492 2585 4536 ct
2633 4483 2977 4550 explanatio.
3019 4480 3285 4534 Cancrum
3341 4479 3599 4533 sensibus

314 4571 377 4622 τό
406 4587 468 4623 τε
499 4572 671 4639 σαφὲς
720 4572 1137 4638 ἀποστίλϐοντα,
1196 4573 1292 4625 xal
1330 4572 1388 4625 τὸ
1416 4572 1618 4642 ῥαδίως
1646 4575 1767 4635 ταῖς
1800 4571 1904 4639 ψυ-

314 4666 444 4731 χαῖς
498 4666 598 4717 καὶ
653 4665 977 4735 ἀνεπαχθῶς
1017 4666 1061 4696 ³⁷
1096 4665 1545 4735 ἐγχαράσσεσθαι
1594 4664 1691 4735 τὴν
1743 4665 1904 4734 χάριν

316 4755 751 4827 κληρωσάμενα,
785 4758 904 4828 ἆμα
925 4759 1018 4811 καὶ
1043 4758 1135 4810 τοῦ
1173 4758 1216 4789 ³⁸
1252 4757 1579 4828 συμπείθειν
1608 4758 1702 4810 καὶ
1720 4756 1903 4808 ἕλκειν

315 4847 493 4912 αὑτὰς
522 4850 661 4918 πρὸς
685 4850 748 4903 τὸ
778 4849 1239 4920 σπουδαζόμενον.
1275 4850 1387 4902 Kal
1429 4850 1573 4902 οὕτω
1604 4850 1781 4903 πάντα
1811 4866 1901 4900 σο-

2014 4575 2129 4643 ipsa
2159 4588 2373 4643 quoque
2426 4576 2565 4643 apud
2598 4590 2724 4627 eum
2764 4574 3056 4642 respondet
3084 4572 3343 4634 elocutio,
3376 4581 3431 4623 ut
3473 4586 3596 4638 quae

2015 4681 2119 4719 non
2180 4666 2618 4735 perspicuitatem
2676 4665 2849 4720 solum
2898 4680 3080 4719 secum
3125 4664 3339 4727 alierat,
3388 4665 3481 4717 sed
3532 4680 3595 4716 ea

2014 4758 2234 4826 insuper
2262 4759 2333 4812 sit
2371 4758 2630 4812 facultate
2664 4759 2909 4828 praedita,
2942 4768 2999 4809 ut
3033 4757 3191 4810 facile
3231 4771 3297 4809 ac
3342 4756 3459 4809 sine
3489 4756 3595 4808 ulla

2020 4851 2067 4901 vi
2120 4850 2395 4903 hominum
2439 4851 2639 4904 animis
2696 4850 3038 4918 itnprimatur
3072 4867 3085 4903 :
3122 4848 3251 4913 quin
3286 4858 3343 4902 et
3375 4849 3595 4901 eosdem

1603 5009 1838 5063 VARUS
1872 5006 2276 5064 LECTIONES.

394 5126 440 5157 ²⁹
497 5132 617 5191 post
636 5125 1149 5198 έπιμαρτύρεταιίη
1186 5126 1229 5179 A
1254 5140 1447 5181 .acuna
1480 5140 1738 5198 versuum
1782 5127 1816 5179 5
1849 5142 1862 5177 :
1900 5125 1950 5177 in
1980 5124 2033 5198 _C
2080 5124 2264 5177 unius.

322 5195 365 5227 "
402 5194 693 5269 μοναχικὺν
724 5214 785 5260 ς.
822 5194 833 5197 ⁷
862 5198 906 5228 ³²
927 5194 1118 5269 εἴπερ]
1148 5197 1302 5269 ,ὑπὲρ

321 5262 448 5335 post
475 5262 783 5330 ὲξάπλωσις
828 5270 975 5336 ponit
1006 5262 1065 5333 ς.

1368 5198 1431 5248 A.
1511 5196 1557 5225 ³³
1587 5196 1647 5246 τὸ
1675 5211 1783 5247 om.
1836 5202 1901 5246 A.
1976 5196 2020 5226 ³³
2078 5194 2459 5263 μοναχικὸνς.

1140 5268 1181 5299 ³⁷
1210 5264 1304 5320 καί
1332 5266 1494 5320 ἀνεπ.
1556 5267 1750 5335 ἐγχαρ.
1814 5266 1935 5326 ταῖς
1979 5265 2177 5335 ψυχαῖς
2212 5282 2271 5328 ς.
2350 5265 2393 5295 ³⁸
2425 5264 2520 5317 τοῦ
2555 5265 2600 5317 A
2630 5283 2641 5317 :

2360 5123 2405 5153 ³⁸
2460 5124 2823 5193 πεποιημένῳ
2886 5132 3006 5190 post
3072 5122 3286 5194 αἴτησιν
3343 5120 3589 5194 ponit}:-

2570 5196 2613 5227 ³⁸
2651 5190 2734 5256 ’ὡς
2775 5190 2821 5246 Ᾱ
2855 5210 2871 5247 :
2901 5195 3038 5257 τέως
3092 5211 3152 5258 ς.
3184 5190 3194 5194 ⁷
3232 5193 3277 5225 ³⁸
3316 5190 3593 5245 πολιτείας

2683 5266 2743 5317 τὸ
2774 5282 2834 5327 ς.

1813 5374 2043 5428 NOTAE.

396 5469 514 5540 (70)
540 5471 582 5525 E
616 5472 813 5540 quibus
840 5486 1001 5540 supra
1036 5479 1275 5532 centum,
1308 5479 1505 5540 prieter
1531 5469 1641 5537 jam
1675 5484 1903 5523 enume-

326 5530 445 5592 rata
477 5530 670 5595 Latine
698 5530 922 5595 reddita.
952 5542 1178 5610 protulit
1206 5530 1434 5595 Gerard.
1470 5530 1692 5593 vossius
1720 5540 1905 5592 Roma:

322 5620 382 5662 ct
408 5612 647 5666 Colonia:
678 5612 845 5665 edita.

404 5680 520 5750 (71)
564 5682 643 5736 An
675 5682 805 5751 quia
838 5682 981 5735 inter
1026 5680 1247 5734 Latinos
1282 5678 1535 5735 Massilia:
1565 5678 1905 5751 vixit?uNatn

330 5749 599 5821 Scythatn
628 5749 847 5809 natione
873 5752 1045 5808 fuisse
1072 5751 1383 5807 Gennadius
1414 5760 1602 5808 auctor
1639 5752 1693 5806 in
1729 5749 1907 5805 Calai.

2011 5483 2130 5521 can.
2168 5467 2258 5521 Gl.

2080 5483 2463 5605 l()'i'-2.tili.ibellis
2504 5547 2758 5604 quatuor,
2785 5540 2873 5605 qui
2917 5539 3114 5608 passim
3150 5545 3367 5593 exstant
3402 5536 3599 5590 Latine

2011 5618 2068 5661 ct
2100 5608 2288 5679 (innec
2320 5608 2372 5679 in
2394 5608 2662 5679 rbibliotlt.
2691 5611 2920 5679 August.

2092 5678 2206 5744 (75)
2244 5676 2493 5730 Totidem
2541 5679 2735 5733 libellis
2782 5676 2959 5735 editus
3012 5678 3224 5746 Latino,
3263 5678 3355 5747 qui
3401 5677 3591 5733 Grzccc

2016 5762 2141 5804 sunt
2166 5750 2218 5805 in
2255 5747 2501 5805 biblioth.
2527 5751 2759 5819 August.
