4022 6454
555 306 659 367 663

1714 315 1973 374 I’HOTII
2017 317 2116 375 PA'

2220 319 2520 382 uacua:
2549 324 2663 383 cr.
3654 358 3739 421 65,

553 417 921 486 persuadere,
975 430 1135 487 atque
1183 419 1248 472 ad
1303 421 1608 475 institutum
1653 440 1807 479 suum
1848 428 2116 482 attrahere

2226 434 2343 502 φῶς
2363 452 2421 487 τε
2452 435 2546 488 καὶ
2592 433 2782 501 δεξιῶς
2818 432 3084 505 κέκραται
3120 437 3213 489 καὶ
3238 417 3735 526 διαμεμόρφωταιδλ,

552 517 738 575 queat.
761 506 872 561 lmo
894 511 1168 577 sapienter
1187 510 1322 567 adeo
1351 524 1475 567 sunt
1500 514 1678 567 omnia
1701 528 1752 569 et
1775 518 1965 572 dextre
1989 528 2116 574 tem-

2220 527 2358 580 ὥστε
2396 528 2491 580 καὶ
2544 526 2900 597 τροπολογίας
2927 528 2956 580 ὁ
3003 527 3256 597 δεύτερος
3294 506 3447 600 λδγος

553 606 737 666 perata
770 607 932 666 atque
958 598 1258 667 cﬂ‘ormata,
1290 612 1349 656 ut
1381 618 1480 658 nec
1511 606 1828 675 tropologiis
1859 608 1999 663 liber
2026 624 2117 663 se-

553 689 760 742 cundus
792 688 1140 753 destituatur,
1188 693 1282 746 sed
1330 698 1495 748 multa
1542 700 1832 765 contineat,
1876 717 1995 769 quae
2027 704 2123 758 de-

555 779 828 833 mnlceant
859 790 1021 850 atque
1051 783 1297 838 alliciant
1325 805 1337 839 :
1371 802 1433 839 ac
1457 789 1607 857 plura
1637 791 1824 857 etiam,
1853 809 1973 862 quae
1992 811 2117 849 cum

553 880 753 922 metum
779 886 842 924 ac
871 881 1133 926 terrorem
1176 876 1465 943 incutiant,
1501 890 1610 933 tum
1644 882 1886 938 homines
1914 885 1978 938 ad
2006 901 2121 955 pue-

551 962 833 1015 nitenliam
861 967 1234 1020 commovendi
1266 968 1376 1021 vim
1404 969 1658 1026 habeant.

623 1051 866 1107 Tertium
897 1056 1206 1124 adjunctum
1234 1058 1318 1113 his
1353 1059 1588 1115 libellum
1619 1064 1870 1134 legimus,
1892 1083 2053 1137 quem
2090 1085 2118 1122 a

553 1144 797 1199 Castoris
839 1148 1076 1217 episcopi
1136 1159 1313 1203 morte
1370 1152 1644 1222 inscripsit
1688 1160 1919 1213 coanobii
1979 1160 2122 1216 illius

554 1238 905 1303 moderatori,
959 1240 1113 1309 cujus
1147 1244 1380 1297 ccenobii
1425 1260 1610 1314 causa,
1664 1258 1719 1303 et
1767 1252 1964 1321 regulae
2019 1254 2123 1309 illan

553 1327 750 1400 [prius]
783 1332 961 1385 missa:
983 1332 1221 1386 fuerant.
1244 1334 1344 1400 Qui
1376 1337 1593 1405 quidem
1622 1340 1834 1396 libellus
1869 1343 1957 1409 iis,
1986 1360 2122 1414 quos

544 1418 656 1487 jam
673 1422 1416 1487 citumeravimus,adsimilis
1453 1439 1554 1482 est.
1578 1429 1871 1503 Docet(74)
1898 1437 2041 1489 enim
2066 1437 2119 1491 in

548 1511 740 1579 primis
775 1513 904 1581 quid
936 1514 1191 1573 discretio
1220 1519 1291 1573 sit
1323 1534 1336 1572 :
1373 1519 1675 1589 deindcque
1715 1526 1968 1593 majorem
2000 1542 2120 1582 eam

549 1616 669 1656 esse
695 1604 910 1658 caeteris
936 1606 1252 1673 virtutibus,
1277 1620 1388 1663 tum
1423 1615 1563 1666 unde
1593 1615 1867 1683 gignatur,
1898 1636 1962 1674 ac
1990 1636 2125 1688 quo—

546 1696 707 1749 modo
730 1696 842 1751 haec
864 1700 1052 1752 eadem
1078 1700 1291 1755 coelitus
1313 1706 1627 1776 plerumque
1651 1710 1923 1765 donetur:
1947 1714 2119 1767 donec

2223 639 2403 694 μενος,
2427 621 2522 674 καὶ
2548 620 2682 673 πολὺ
2712 620 2773 674 τὸ
2794 621 3083 689 ἐπαγωγὸν
3108 620 3243 691 ἔχων
3268 625 3358 676 καὶ
3378 627 3665 707 θελκτήριον
3680 646 3755 702 ιη

2220 714 2382 768 πλέον
2427 712 2726 782 παρέχεται
2779 712 2839 765 τὸ
2872 713 3072 781 φοϐοῠν
3104 730 3165 765 τε
3211 716 3307 767 καὶ
3340 726 3739 796 καταπληκτικὸν

2221 808 2319 860 καὶ
2343 806 2564 858 δυνατὸν
2596 807 2943 877 ἐπιστρέφειν
2974 806 3110 873 πρὸς
3136 808 3437 877 μετάνοιαν.

2292 1075 2404 1129 Καὶ
2425 1075 2608 1143 τρίτον
2634 1074 2678 1126 δ’
2715 1072 2809 1127 ἐπὶ
2847 1074 3057 1137 τούτοις
3099 1074 3327 1142 λογίδιον
3352 1085 3744 1162 συνανεγνώσθη,

2221 1165 2250 1219 ὂ
2284 1163 2421 1235 μετὰ
2456 1164 2714 1234 τελευτὴν
2746 1164 3030 1235 Κάστορος
3073 1162 3169 1215 τοῦ
3202 1165 3494 1221 ἐπισκόπου
3530 1173 3602 1242 τῷ
3653 1177 3748 1231 δια-

2220 1257 2497 1328 δεξαμένῳ
2541 1256 2641 1327 τὴν
2683 1257 3007 1326 ἐπιμέλειαν
3035 1258 3137 1325 τῆς
3184 1258 3371 1327 μονῆς,
3398 1260 3462 1313 δι’
3510 1265 3572 1334 ἢν
3594 1271 3678 1322 κα).
3708 1273 3748 1325 οἱ

2222 1351 2447 1413 κανόνες
2477 1349 2803 1419 ἐστάλησαν,
2833 1351 3324 1419 προσπεφώνηται.
3360 1352 3512 1407 Ἔστι
3539 1356 3627 1423 μὲν
3644 1378 3752 1431 συγ-

2221 1443 2377 1510 γενὲς
2402 1444 2445 1473 ⁸³
2479 1444 2591 1504 τοῖς
2620 1443 3059 1514 προειρημένοις,
3111 1443 3351 1496 διδάσκει
3394 1445 3449 1497 δὲ
3480 1448 3529 1500 τί
3578 1451 3629 1502 τέ
3656 1454 3753 1509 ἐστι

2223 1532 2517 1600 διάκρισις,
2548 1531 2642 1583 καὶ
2673 1532 2756 1583 ὅτι.
2798 1531 2999 1600 μείζων
3029 1530 3166 1600 αὕτη
3216 1530 3325 1583 τῶν
3356 1534 3526 1589 ἄλλων
3551 1539 3751 1609 ἀρετῶν,

2222 1624 2317 1677 καὶ
2346 1623 2466 1675 ὅθεν
2504 1622 2771 1681 τίκτεται,
2798 1623 2893 1674 καὶ
2912 1622 2987 1685 ὡς
3017 1623 3079 1674 τὸ
3107 1623 3269 1675 πλέον
3290 1623 3391 1691 τῆς
3453 1625 3645 1683 ἄνωθέν
3662 1634 3755 1687 ἔστι

2222 1716 2454 1784 δωρεᾶς.
2496 1715 2605 1767 Καὶ
2642 1715 2771 1779 περὶ
2825 1713 3145 1782 ἑξαγγελίας
3186 1716 3493 1784 Γραφικαῖς
3522 1721 3752 1788 πίστεσιν,

548 1787 762 1839 tandem
792 1788 1084 1858 Scriptura:
1114 1793 1439 1850 testimoniis
1466 1774 1663 1866 probat
1705 1800 1753 1831 ”
1789 1817 1944 1855 suum
2000 1805 2116 1871 qui-

2220 1807 2294 1871 ὼς
2324 1808 2403 1859 δεῖ
2453 1805 2658 1876 ταύτην
2720 1807 3001 1876 πράττειν,
3045 1809 3463 1873 κατασκευάζει,
3513 1814 3601 1863 καὶ
3649 1816 3754 1877 τίςὸ

545 1892 652 1943 que
688 1880 926 1933 animum
971 1885 1170 1937 seniori
1222 1901 1344 1940 esse
1391 1889 1760 1945 indicandum.
1787 1893 1952 1948 Addit
1984 1911 2121 1965 prte-

538 1977 694 2023 terea
730 1971 849 2039 quis
880 1986 1077 2041 scopns
1108 1975 1219 2046 (75)
1260 1993 1323 2032 ac
1367 1980 1491 2035 ﬁnis
1530 1998 1717 2037 eorum
1748 2000 1869 2040 esse
1905 1987 2117 2052 debeat,

542 2063 634 2130 qui
680 2067 1053 2134 religiosorum
1095 2060 1579 2127 exercitationibus
1628 2076 1947 2142 probantur.
1997 2077 2121 2134 Haec

541 2155 728 2211 Mosen
770 2161 1057 2227 quemdam
1084 2164 1372 2217 virtutibus
1420 2165 1792 2221 admirandum
1829 2172 2000 2224 virum
2048 2175 2119 2226 ita

544 2249 827 2305 docentem
857 2253 1084 2321 inducit,
1115 2256 1306 2326 16117
1365 2268 1421 2309 ut
1456 2257 1589 2325 ipsis
1618 2276 1834 2329 quoque
1865 2264 2119 2330 operibus

541 2342 612 2395 ob
636 2342 821 2397 oculos
856 2350 1237 2414 propemodum
1286 2352 1504 2404 Statutis
1551 2353 1799 2420 dogmata
1846 2370 1941 2408 sua
1986 2370 2119 2409 con-

542 2433 740 2488 ﬁrmet.
775 2434 902 2489 Post
946 2454 1065 2507 quae
1104 2440 1366 2494 Serenum
1392 2441 1505 2512 (76)
1535 2445 1847 2513 quemdam,
1880 2447 2002 2500 vitae
2030 2462 2119 2515 ge-

542 2541 673 2581 nere
717 2528 882 2584 nihilo
927 2531 1262 2597 inieriorem,
1299 2546 1353 2589 et
1399 2538 1515 2606 pari
1561 2538 1777 2606 quidem
1821 2540 1969 2593 illum
2012 2544 2118 2596 do-

542 2621 715 2676 ctrina
752 2632 1015 2690 utentem,
1049 2624 1101 2680 in
1130 2626 1363 2681 medium
1396 2632 1643 2696 producit
1676 2648 1690 2685 :
1728 2630 2117 2685 ﬁerinimirum

542 2731 649 2768 non
688 2730 868 2783 posse.
900 2720 1027 2786 quin
1063 2722 1308 2776 turbetur
1338 2737 1367 2775 a
1391 2723 1728 2777 daemonibus
1757 2725 2119 2778 meushnma-

542 2822 634 2869 na,
682 2823 997 2878 quanquam
1040 2812 1313 2880 compelli,
1340 2824 1502 2882 atque
1536 2815 1847 2869 necessario
1892 2817 2031 2885 cogi,
2063 2825 2121 2871 ut

540 2897 595 2948 in
639 2897 837 2951 malum
888 2900 1113 2966 incidat,
1141 2916 1417 2971 nunquam
1455 2914 1635 2971 queat.
1665 2905 1925 2959 Nostrum
1972 2907 2115 2960 enim

539 3003 661 3041 esse
688 2990 897 3043 turbam
940 2992 1084 3045 illam
1128 3004 1442 3063 motumque
1470 2996 1550 3049 vel
1585 2996 1876 3065 depellere,
1911 2998 1996 3050 vel
2022 2998 2117 3051 ad-

2223 1900 2425 1962 σκοπδς
2449 1902 2541 1952 καὶ
2558 1900 2609 1950 τί
2636 1899 2696 1951 τὸ
2720 1898 2873 1961 τέλος
2890 1899 2998 1951 τῶν
3020 1900 3077 1952 ὲν
3104 1900 3216 1961 τοῖς
3250 1900 3561 1970 ἀσκητικοῖς
3582 1903 3752 1970 ἀγῶσιν

2223 1990 2646 2059 ἐξεταζομένων.
2700 1989 2885 2043 Ταῦτα
2935 1990 3137 2043 Μωσέα
3176 1991 3298 2043 τινά
3341 1990 3638 2061 θαυμαστὸν
3660 1998 3753 2060 ταῖς

2220 2084 2443 2153 ἀρεταῖς
2476 2081 2688 2150 εἰσάγει
2718 2080 3038 2133 διδάσκοντα
3087 2081 3183 2134 καὶ
3231 2082 3550 2152 πράγμασιν
3583 2084 3754 2153 αὐτοῖς,

2225 2173 2423 2244 μικροῦ
2454 2173 2727 2242 κειμένοις
2750 2173 2844 2226 ὑπ’
2870 2172 3013 2242 ὄψιν,
3038 2172 3107 2225 τά
3134 2173 3200 2242 ρή
3211 2190 3359 2239 ματα
3387 2172 3754 2244 βεϐαιούμενον.

2220 2262 2353 2319 Εἶτα
2400 2267 2637 2335 Σερῆνον
2692 2267 2737 2297 ⁸³
2788 2267 2849 2318 οὐ
2883 2265 3135 2336 δεύτερον
3192 2268 3259 2336 τῇ
3315 2265 3555 2336 πολιτείᾳ
3594 2268 3678 2320 καὶ
3704 2272 3754 2339 τῇ

2220 2360 2383 2428 ὁμοία
2417 2358 2698 2429 χρώμενον
2728 2358 3046 2428 διδασκαλίᾳ
3076 2358 3422 2427 παριστάνει,
3465 2358 3585 2430 [517
3608 2359 3757 2431 R.]tb;

2218 2452 2280 2503 τὸ
2319 2451 2416 2520 μὲν
2455 2450 2528 2519 μὴ
2556 2450 3121 2520 παρενοχλεῖσθαιτὴν
3148 2450 3389 2503 διάνοιαν
3418 2450 3519 2502 ὑπὸ
3551 2451 3648 2504 τῶν
3669 2451 3759 2504 δαι-

2223 2544 2425 2613 μονίων
2449 2542 2709 2594 ἀδύνατον
2732 2537 2871 2594 εἶναι
2906 2542 2973 2607 ⁸³,
3004 2542 3065 2593 τὸ
3092 2542 3148 2593 δὲ
3176 2542 3528 2596 συνωθεῖσθαι
3551 2544 3637 2595 καὶ
3654 2544 3761 2596 ἀνα-

2219 2636 2525 2703 γκάζεσθαι
2557 2634 2924 2687 καταπίπτειν
2972 2632 3109 2701 πρὸς
3142 2634 3210 2684 τὰ
3237 2633 3420 2701 φαῦλα
3447 2634 3640 2698 οὐκέτι,
3668 2632 3763 2685 ἀλλ’

2220 2724 2489 2793 ἡμέτερον
2524 2725 2617 2776 καὶ
2645 2724 2704 2775 τὺ
2726 2721 3034 2775 διωθεῖσθαι
3065 2721 3163 2791 τὴν
3188 2721 3414 2791 ὄχλησιν
3470 2723 3561 2774 καὶ
3593 2721 3647 2773 τὸ
3679 2738 3761 2773 πα-

2224 2815 2544 2885 ραδέχεσθαι
2571 2815 2741 2883 αὑτήν
2759 2831 2772 2845 ⁶
2807 2814 2903 2866 καὶ
2942 2814 3016 2876 ὡς
3042 2813 3103 2865 οὐ
3149 2813 3434 2885 χωροῦντα
3458 2812 3544 2865 διὰ
3564 2814 3653 2882 τῆς
3678 2811 3761 2881 Qu-

2221 2906 2324 2976 χῆς
2361 2910 2431 2960 τὰ
2485 2906 2742 2974 δαιμόνια
2769 2908 2895 2968 τοὺς
2929 2905 3313 2974 ἀνθρωπίνους
3341 2900 3448 2957 οἶδε
3483 2905 3761 2972 λογισμοὺς,

2220 2996 2335 3049 ἀλλ’
2387 2995 2494 3048 ἀπό
2525 3013 2688 3049 τινων
2735 2996 3052 3065 τεκμηρίων
3109 2996 3312 3059 ἔξωθεν
3363 2996 3509 3064 θηρᾷ
3544 2994 3762 3054 τούτους·

538 3079 775 3133 mittere.
802 3080 1034 3136 Rursum
1065 3098 1168 3136 non
1196 3086 1552 3152 pervadentes
1574 3088 1817 3138 animum
1844 3088 2113 3141 daemones

2227 3090 2394 3158 μόνης
2424 3090 2534 3158 γάρ
2568 3083 2707 3141 εἶναι
2740 3089 2840 3155 τῆς
2880 3090 3045 3155 ἁγίας
3099 3089 3334 3158 Τριάδος
3392 3088 3450 3139 τὸ
3483 3087 3567 3138 διὰ
3618 3085 3765 3154 ψυχῆς

537 3167 808 3225 humanas
859 3174 1214 3241 cogitationes
1268 3190 1624 3245 cognoscere,
1684 3178 1778 3230 sed
1831 3194 1898 3230 ex
1948 3193 2111 3247 argu-

539 3262 739 3315 mentis
767 3264 1090 3331 quibusdam
1125 3267 1371 3322 externis
1396 3282 1490 3322 eas
1515 3268 1721 3321 rimari.
1757 3268 1937 3322 Solius
1967 3270 2111 3323 enim

536 3365 658 3405 esse
714 3365 916 3408 sanctae
963 3354 1269 3425 Trinitatis,
1306 3359 1546 3412 animum
1575 3369 1882 3429 caeteraque
1930 3362 2112 3415 omnia

538 3446 854 3513 pervadere.
887 3447 1047 3502 Varia
1094 3450 1220 3505 item
1266 3465 1386 3505 esse
1417 3452 1719 3505 daemonum
1753 3469 1949 3522 genera
1977 3471 1991 3518 ;
2029 3456 2110 3509 fc-

535 3538 683 3591 rocia
708 3541 924 3608 quidem
958 3543 1086 3607 alia,
1118 3553 1171 3597 et
1202 3545 1358 3599 valde
1382 3545 1577 3609 noxia;
1609 3547 1711 3599 alia
1737 3562 1865 3599 vero
1887 3550 2063 3601 minus
2093 3566 2107 3602 :

535 3643 864 3699 rursumque
912 3632 1014 3686 alia
1056 3635 1266 3700 jocosa.
1316 3637 1496 3706 Atque
1543 3639 1633 3692 hic
1683 3639 1824 3691 tertii
1859 3639 1982 3692 ﬁnis
2031 3648 2115 3694 est

534 3717 679 3773 libri.
714 3720 921 3777 Sereno
949 3724 1167 3779 interim
1196 3731 1569 3797 promittente,
1595 3731 1967 3796 expositurum
1997 3728 2113 3803 (77)

536 3825 596 3863 se
615 3821 922 3880 opportuno
951 3824 1195 3883 tempore
1218 3819 1360 3886 quod
1392 3819 1678 3886 quaesitum
1709 3818 1890 3873 fuerat
1922 3837 1939 3873 :
1980 3820 2109 3874 illud

537 3918 790 3955 Illlllll'um
835 3920 849 3958 ἶ

541 3998 616 4049 tio
644 3995 759 4068 (78.)
792 4008 973 4051 autem
1002 4000 1194 4054 tertius
1221 4000 1310 4057 hic
1342 4002 1558 4059 libellus
1586 4005 1888 4058 dedicatur.

1188 4116 1469 4173 CXCVIII.

536 4225 860 4305 Sanctorum
893 4228 1123 4305 virorum
1171 4232 1319 4305 liber,
1359 4251 1449 4289 seu
1498 4233 1637 4289 Vita:
1672 4247 1976 4289 sanctorum
2027 4237 2116 4305 qui

792 4299 978 4369 Magni
1018 4300 1233 4355 Antonii
1273 4314 1496 4371 tempore
1533 4307 1848 4373 ﬂoruerunt.

614 4387 865 4460 Legimus
902 4390 1218 4447 Sanctorum
1248 4399 1481 4450 virorum
1512 4398 1727 4459 librum,
1748 4404 1838 4469 qui
1875 4400 2113 4468 ipsorum

542 4483 682 4537 vitas
720 4491 776 4538 et
822 4495 972 4540 recte
1004 4487 1143 4540 facta
1175 4490 1461 4553 narrabat,
1503 4491 1568 4543 ad
1616 4492 1950 4558 spiritualem
1991 4491 2118 4563 [uti-

2220 3181 2315 3234 καλ⁵
2343 3182 2453 3234 τῶν
2504 3182 2677 3236 ἄλλων
2712 3181 2837 3252 [267
2866 3181 2959 3252 Η.]
3015 3182 3274 3233 ἁπάντων
3335 3182 3551 3250 χωρεῖν.
3581 3179 3678 3231 Καὶ
3705 3177 3765 3238 ὡς

2218 3274 2455 3343 διάφορα
2508 3272 2653 3341 φῦλα
2685 3272 3001 3341 δαιμονίων,
3057 3275 3149 3325 καὶ
3177 3274 3244 3326 τὰ
3292 3274 3390 3341 μὲν
3421 3272 3596 3324 αὐτῶν
3625 3271 3765 3336 ἄγρια

2218 3365 2315 3417 καὶ
2344 3365 2631 3418 κακωτικά
2660 3365 2804 3429 λίαν,
2841 3363 2875 3417 ἃ
2893 3365 2938 3416 δ’
2967 3358 3148 3434 ἧττον,
3182 3364 3278 3417 καὶ
3307 3364 3441 3417 ἄλλα
3468 3361 3761 3431 εὐτράπελοι.

2218 3452 2313 3520 Οἷς
2338 3457 2431 3509 καὶ
2451 3459 2479 3510 ὁ
2501 3458 2681 3526 τρίτος
2702 3475 2764 3509 συ
2772 3458 2920 3526 μπλη
2930 3456 3113 3526 ροῦται
3136 3458 3314 3524 λόγος,
3334 3455 3765 3525 ἐπαγγελλομένου

2221 3548 2495 3601 διαλαϐεῖν
2522 3549 2616 3601 τοῦ
2632 3550 2867 3619 Σερὴνου
2901 3551 2959 3601 ἐν
2990 3550 3166 3619 καιρῷ
3189 3552 3285 3603 καὶ
3315 3548 3554 3619 περὶτοῦ
3581 3549 3766 3619 ἠρωτη-

2224 3642 2407 3711 μένου,
2433 3642 2570 3711 ὅπερ
2606 3638 2792 3712 ἦν,οὺ
2816 3642 2928 3712 γάρ
2961 3643 3007 3674 ’⁸⁸
3035 3645 3210 3696 ἐστιν
3233 3644 3383 3710 ἡμῖν
3404 3644 3442 3711 ἡ
3472 3642 3624 3707 πάλη
3645 3638 3767 3703 πρὸς

2219 3730 2363 3803 αἷμα
2403 3735 2499 3787 καὶ
2524 3737 2742 3803 σάρκα,
2787 3738 2882 3789 καὶ
2925 3737 3074 3805 ἑξῆς.
3108 3737 3364 3800 Λεόντιος
3393 3739 3436 3790 δ’
3466 3734 3529 3807 ἦν
3552 3735 3703 3802 ὄνομα
3730 3730 3767 3760 ⁴⁵

2219 3818 2264 3891 ᾧ
2295 3827 2444 3877 τουτὶ
2471 3826 2531 3878 τὸ
2560 3826 2743 3897 τρίτον
2779 3826 2957 3895 λόγιον
2986 3830 3387 3899 προσεφωνήθη
3420 3828 3483 3881 ⁸⁵.

896 3903 1020 3957 Non
1060 3916 1137 3960 est
1166 3910 1304 3961 enim
1346 3910 1494 3963 nobis
1522 3911 1830 3965 colluctatio
1853 3912 2107 3967 adversus
2145 3931 2357 3970 carnem
2405 3930 2455 3972 et
2506 3920 2815 3988 sanguinem
2846 3923 2914 3985 ’⁸,
2976 3931 3031 3974 et
3069 3937 3190 3990 quae
3242 3934 3561 3991 sequuntur.
3622 3917 3767 3971 Leon-

2934 4122 3107 4189 mir.

2228 4232 2492 4304 Ἀνδρῶν
2511 4234 2695 4304 ἁγίων
2717 4238 2953 4298 Βίϐλος,
2974 4236 3012 4304 ἢ
3033 4236 3162 4300 ,ϐίοι
3195 4234 3316 4289 τῶν
3337 4236 3469 4305 περὶ
3495 4230 3767 4286 Ἀντώνιον

2713 4308 2822 4359 τὸν
2854 4307 3056 4374 Μέγαν
3099 4306 3199 4376 άγί
3201 4324 3303 4360 ων.

2300 4396 2643 4467 Ἀνεγνώσθη
2670 4398 2895 4463 Βίϐλος
2925 4397 3164 4464 ἀνδρῶν
3202 4397 3411 4465 ἁγίων,
3451 4392 3706 4453 πολιτείας
3729 4387 3764 4420 ⁸⁷

2217 4493 2312 4546 καὶ
2338 4488 2743 4561 κατορθώματα
2768 4489 2907 4559 πρὸς
2938 4488 3177 4558 ψυχικὴν
3211 4486 3497 4558 προκοπὴν
3523 4485 3613 4538 καὶ
3638 4480 3764 4550 ὠφέ-

542 4591 646 4644 que
674 4577 991 4652 legentium]
1040 4581 1342 4650 profectum
1389 4595 1549 4653 atque
1581 4586 1889 4641 utilitatem.
1931 4588 2114 4657 Epito-

2220 4585 2369 4637 λειαν
2435 4582 2875 4651 ἀπαγγέλλουσα.
2944 4583 3432 4650 Συγκεφαλαίωσις
3486 4579 3529 4633 δ’
3571 4573 3657 4647 ἦν,
3701 4573 3762 4633 ὡς

536 4684 624 4720 ma
666 4681 843 4724 antem
879 4682 1017 4737 erat,
1045 4684 1101 4728 ut
1124 4687 1367 4743 apparet,
1397 4690 1448 4730 et
1465 4679 1880 4745 comprehensio
1902 4678 2105 4749 Magni,

536 4746 693 4827 quem
733 4764 1032 4829 nominaut,
1061 4764 1349 4820 Limonarii
1368 4765 1487 4838 [seu
1520 4770 1659 4836 prati
1699 4769 1978 4841 spiritalis]
2008 4785 2114 4839 quo

2216 4674 2380 4736 ἔοικε,
2410 4674 2502 4725 καὶ
2542 4671 2765 4740 σύνοψις
2803 4670 2898 4723 τοῦ
2960 4672 3241 4740 Μεγάλου
3286 4668 3615 4739 καλουμένου
3653 4669 3763 4718 Λει-

2221 4764 2548 4834 μωναρίου,
2580 4762 2609 4816 ὃ
2634 4763 2970 4831 ἀπαγγέλλει
2995 4764 3120 4826 τοὺς
3150 4763 3298 4834 βίους
3320 4766 3416 4817 καὶ
3440 4761 3507 4814 τά
3530 4754 3656 4831 ἔργα
3677 4755 3765 4807 τῶν

607 4916 700 4970 "1
727 4917 862 4990 Reg.
893 4937 985 4988 nt;
1018 4922 1135 4977 Act.
1168 4940 1244 4978 ιχ.
1271 4924 1334 4990 6;
1371 4925 1545 4981 Calat.
1580 4944 1643 4994 It,
1673 4928 1727 4981 2.
1764 4929 1812 4960 9‘
1843 4929 2046 4996 Ephes.
2090 4944 2168 4993 vt,
2202 4928 2291 4981 12.

1801 5040 2037 5095 νΑιιυΕ
2061 5036 2469 5094 LECTIONES.

610 5148 764 5240 :‘ua‘t
788 5150 1370 5240 διαμειιξρξωταιρπι.
1409 5155 1475 5211 Α,
1550 5158 1766 5240 Μἰἔχων
1794 5160 1857 5240 eo
1881 5160 2209 5240 θρκτήριόν
2234 5158 2726 5240 18-;aa'tléjtng‘fov
2879 5154 2942 5240 ,δι
2978 5155 3077 5240 μέν
3108 5152 3318 5240 οὖνκαὶ
3341 5153 3496 5207 τοῦτο
3707 5156 3759 5240 ε’

536 5216 580 5249 δ’
602 5219 816 5300 Σερῖνον
848 5213 907 5285 ς’.
941 5213 1217 5302 ’ἰδίεῖ-νκαι]
1251 5225 1361 5302 imo
1395 5229 1531 5302 ἐστι.
1768 5213 2130 5302 γάρλΕρὶιέὲ.
2163 5246 2238 5294 νι,
2273 5231 2368 5302 19..-
2438 5230 2482 5262 ⁸⁸
2521 5213 2691 5302 dicunt
2710 5213 2836 5283 add.
2866 5225 2933 5281 A.
2978 5213 3053 5257 ’⁵⁵
3080 5238 3201 5297 post
3228 5213 3617 5296 προσεφωνήθή
3649 5218 3695 5270 in
3722 5213 3757 5263 Α

536 5292 687 5342 vacui
727 5306 912 5345 versus
938 5293 974 5347 5
1007 5331 1023 5346 .

1100 5294 1146 5325 ‘7
1179 5295 1386 5365 ἀνδρῶν
1411 5298 1585 5365 ἁγίων
1615 5294 1795 5369 βίϐλος
1844 5294 2117 5364 πολιτείας
2145 5318 2203 5353 τε
2228 5299 2409 5353 αὐτῶν
2465 5299 2559 5352 καὶ
2599 5294 2661 5362 ζ.

2049 5417 2284 5473 NOTAE.

760 5522 1009 5592 Quinque
1047 5526 1147 5579 ista
1185 5526 1359 5594 capita
1389 5540 1602 5583 exstant
1637 5531 1831 5587 Col/at.
1870 5549 1933 5586 tt.

608 5593 722 5664 (75)
756 5597 908 5659 Quod
945 5597 1131 5663 prima:
1161 5596 1471 5653 Collatiouis
1508 5612 1589 5654 est
1638 5604 1689 5655 in
1741 5604 1901 5658 hodie
1950 5602 2111 5658 editis

537 5675 935 5728 argumentum.

612 5730 722 5801 (76)
752 5735 1005 5791 Serenum
1052 5735 1139 5792 hic
1179 5740 1447 5795 emendo:
1478 5742 1567 5811 qui
1610 5741 1802 5797 οοιιαι.
1833 5759 1930 5812 vn,
1964 5745 2107 5813 apud

2217 5536 2536 5590 Cassianum
2564 5537 2677 5591 haec
2703 5537 3038 5591 declamitat.

2291 5606 2403 5676 (77)
2452 5607 2602 5671 Quod
2635 5617 2689 5662 et
2727 5608 3046 5673 praestitisse
3079 5606 3288 5661 indicat
3318 5619 3437 5676 quae
3464 5603 3526 5656 de
3569 5601 3662 5653 hoc
3688 5607 3755 5646 ar-

2218 5686 2484 5750 gumeth
2507 5692 2569 5729 cx
2581 5688 2711 5741 stat,
2731 5676 3039 5750 Q0il_at._vu.

2288 5748 2403 5817 (78)
2441 5744 2559 5801 Una
2585 5764 2706 5804 cum
2736 5746 3003 5817 Helladio,
3030 5758 3087 5803 ut
3118 5748 3172 5803 in
3212 5747 3375 5805 editis
3406 5744 3638 5816 planum.
