4022 6464
258 338 368 400 (‘65

1144 335 1679 397 BIBLIOTHECA.
1705 361 1774 372 --
1805 334 2022 395 CODD.
2060 335 2368 413 CXCVIII,
2421 335 2665 396 CXCIX.

3434 339 3539 406 606

262 453 395 522 περὶ
443 449 733 506 Ἀντώνιον
768 450 860 504 τὸν
878 450 1072 518 Μέγαν
1125 449 1494 520 ἀκμασάντων
1521 447 1570 481 ⁸⁸
1615 448 1712 502 καὶ
1735 445 1845 499 τῶν
1874 475 1887 506 λ

1970 457 2004 502 :t
2049 449 2172 502 vita:
2212 464 2377 520 opera
2452 460 2767 515 narrantur,
2816 464 2938 505 cum
2989 453 3166 522 magni
3213 453 3434 508 Antonii
3485 464 3539 510 et

261 544 486 614 ἑφεξῆς,
514 544 708 615 ὥσπερ
735 546 828 596 καὶ
860 546 905 576 ⁸⁸
925 545 986 596 τὸ
1022 542 1187 596 καλοῦ
1199 559 1356 611 μενον
1383 541 1540 597 Νέον
1564 539 1848 610 παραδεί-

1952 540 2265 608 :equalium,
2329 552 2438 595 tum
2509 556 2697 597 eorum
2758 546 2847 612 qui
2902 553 3023 612 post
3069 561 3163 600 eos
3210 545 3530 600 ﬂoruerunt.

261 656 404 693 σιον
437 639 487 670 ³ο
526 637 625 700 τὰς
671 637 780 688 τῶν
836 638 917 688 ἐτι
963 635 1245 704 νεωτέρων
1283 635 1476 704 μέχρις
1523 633 1848 704 Ἡρακλείου

1970 633 2418 698 Quemadmodum
2461 645 2516 690 et
2535 637 2635 706 qui
2678 636 2854 692 dictus
2871 649 2954 691 est
2973 637 3230 693 Hortalus
3272 640 3537 693 novusbis

257 732 352 784 τοῦ
386 731 663 801 βασιλέως
728 729 825 782 καὶ
879 729 1072 800 μικρὸν
1135 729 1216 781 ἔτι
1267 729 1602 797 προσωτέρω
1655 726 1782 788 τοὺς
1805 727 1850 758 ⁸¹

257 825 604 892 ἁσκητικοὺς
629 821 846 890 ἀγῶνας
869 811 1198 890 ἀναγράφει.
1243 819 1382 871 Ἀλλ’
1414 818 1507 872 οὖν
1542 819 1602 871 τὸ
1627 817 1854 888 προκεί-

260 934 426 986 μενον
455 916 665 986 βιϐλίον
699 916 780 980 εἰς
817 915 861 984 β’
892 915 990 968 καὶ
1023 920 1068 966 κ’
1121 911 1695 983 συγκεφαλαιούμενον
1717 912 1853 963 ὑπο-

256 1006 467 1068 Θέσεις,
498 1007 740 1075 ἑκάστης
765 1005 944 1058 αὐτῶν
976 1004 1150 1056 καὶτὸ
1177 1005 1452 1074 χρήσιμον
1477 1003 1570 1056 καὶ
1598 1002 1696 1073 τὴν
1722 1002 1858 1071 κτῆ-

259 1112 342 1147 σιν
366 1095 666 1165 δ’·ιφόροις
694 1095 1029 1166 διηγήμασιν
1055 1093 1368 1163 ἐμφανίζει.

335 1266 439 1324 Ὃν
469 1272 537 1325 τὸ
578 1273 676 1342 μὲν
702 1273 922 1344 πρῶτον
952 1273 1252 1343 κεφάλαιον
1278 1271 1599 1343 παραίνεσιν
1625 1273 1703 1336 είς
1727 1289 1860 1342 προ-

281 1369 446 1432 κοπὴν
467 1365 812 1434 τελειότητος
846 1368 910 1420 ἐκ
936 1367 1213 1436 διαφόρων
1239 1363 1550 1436 προσώπων
1585 1365 1858 1435 περιέχει,

279 1460 334 1511 τὸ
350 1458 606 1528 δεύτερον
631 1459 685 1511 δὲ
721 1459 782 1512 τὸ
809 1460 915 1512 ἀπὸ
946 1459 1046 1527 τῆς
1091 1458 1324 1528 ἡσυχίας
1351 1458 1590 1512 δείκνυσι
1644 1458 1859 1528 κέρδος,

271 1549 396 1617 τὸγ¹
427 1567 496 1602 πε
508 1552 570 1621 pi.
609 1551 938 1622 ἐγκρατείας
970 1551 1350 1620 διαλαμϐάνει,
1399 1551 1493 1604 καὶ
1551 1550 1626 1614 ὡς
1655 1550 1737 1603 δεῖ
1762 1550 1863 1619 τὴν

267 1643 607 1712 ἐγκράτειαν
672 1644 747 1712 μὴ
786 1643 1097 1714 βρωμάτων
1130 1645 1176 1676 δ’
1208 1644 1392 1714 μόνον,
1428 1643 1569 1697 ἀλλὰ
1613 1643 1707 1696 καὶ
1753 1642 1862 1695 τῶν

266 1735 476 1787 λοιπῶν
505 1738 611 1806 τῆς
639 1735 821 1804 ψυχῆς
851 1735 1171 1806 κινημάτων
1225 1735 1428 1806 ὁμοίως
1459 1733 1755 1787 ποιεῖσθαι.
1786 1733 1862 1785 Τὸ

259 1828 312 1880 δὲ
335 1827 378 1878 δ’
421 1827 546 1890 πῶς
572 1828 652 1880 δεῖ
692 1827 1093 1896 ἁσεραλίζεσθαι
1123 1829 1269 1897 ἡμᾶς
1304 1826 1442 1897 πρὸς
1469 1828 1596 1888 τοὺς
1621 1823 1730 1878 ἀπὸ
1761 1823 1861 1891 τῆς

261 1919 534 1989 πορνείας
593 1919 1062 1990 ἐπανισταμένους
1115 1921 1248 1988 ἡμῖν
1278 1919 1574 1988 πολέμους.
1607 1917 1681 1969 Τὸ
1734 1915 1790 1968 δὲ
1817 1914 1861 1968 ε’

260 2010 396 2078 περὶ
449 2010 868 2080 ἁκτημοσύνης,
903 2011 998 2064 καὶ
1049 2009 1126 2072 ὡς
1159 2010 1241 2063 δεῖ
1295 2010 1391 2062 καὶ
1420 2008 1518 2078 τὴν
1543 2005 1864 2073 πλεονεξίαν

262 2101 669 2171 φυλάττεσθαι.
699 2103 834 2175 Περὶ
863 2103 1142 2172 ὑπομονῆς
1165 2102 1223 2155 δὲ
1256 2103 1350 2155 καὶ
1380 2100 1636 2171 ἀνδρείας
1670 2101 1732 2154 τὸ
1785 2106 1863 2165 ς’,

263 2195 361 2248 καὶ
394 2194 462 2248 τὸ
498 2193 546 2258 ζ’
573 2195 658 2247 ὅτι
692 2194 773 2247 δεῖ
815 2194 982 2264 μηδὲν
1013 2194 1149 2263 πρὸς
1173 2192 1438 2260 ἐπίδειξιν
1456 2195 1654 2256 ποιεῖν,
1678 2193 1774 2246 καὶ
1805 2191 1868 2246 τὸ

261 2284 320 2356 η’
341 2286 431 2339 ὅτι
484 2285 551 2339 οὐ
577 2287 661 2338 δεῖ
687 2302 812 2338 τινα
842 2284 1073 2355 κρίνειν.
1104 2284 1240 2354 Περὶ
1269 2282 1600 2355 διακρίσεως
1627 2282 1767 2336 δὲτὸ
1796 2280 1863 2334 0’.

263 2378 307 2430 Τ
309 2378 339 2431 δ
363 2378 428 2430 δὲ
471 2377 505 2430 ι’
537 2377 667 2447 περὶ
699 2376 794 2430 τοῦ
827 2378 938 2430 δεῖν
992 2377 1082 2430 ἀεὶ
1104 2377 1319 2446 νήφειν,
1350 2376 1535 2430 καὶτὸ
1568 2381 1635 2430 ια’
1664 2376 1747 2428 ὅτι
1787 2374 1870 2428 δεῖ

261 2467 637 2532 ἀδιαλείπτως
659 2468 753 2521 καὶ
783 2469 841 2521 ἐν
874 2467 1032 2537 νήψει
1053 2467 1476 2537 προσεύχεσθαι,
1506 2468 1681 2520 καὶτὸ
1705 2465 1773 2536 ιβ’
1792 2466 1869 2530 ὡς

269 2564 579 2631 φιλοξενεῖν
623 2562 830 2615 δεῖκαὶ
873 2561 1047 2614 ἐλεεῖν
1101 2563 1160 2614 ὲν
1204 2560 1509 2631 ἱλαρότητι.
1569 2559 1708 2630 Περὶ
1733 2558 1792 2612 δὲ
1820 2558 1868 2590 ⁸³

269 2657 532 2726 ὑπακοῆς
572 2655 880 2710 ἐκδιδάσκει
909 2655 972 2708 τὸ
1010 2653 1103 2722 ιγ’,
1140 2654 1202 2707 τὸ
1229 2653 1284 2707 δὲ
1323 2653 1386 2706 ιδ’
1423 2653 1554 2724 περὶ
1611 2669 1869 2705 ταπεινο-

269 2751 576 2819 φροσύνης,
614 2753 708 2801 καὶ
743 2748 806 2802 τὺ
841 2746 909 2800 ιε’
938 2748 1066 2818 περὶ
1091 2745 1464 2811 ἀνεξικακίας.
1495 2745 1626 2815 περὶ
1648 2744 1872 2815 ἀγάπης

269 2841 326 2894 δὲ
345 2840 412 2893 τὸ
447 2847 545 2905 ις’.
578 2840 652 2892 Τὸ
688 2839 872 2904 μέντοι
898 2837 966 2903 ιζ’
1021 2838 1150 2909 περὶ
1175 2836 1520 2907 διορατικῶν,
1551 2837 1646 2888 καὶ
1700 2836 1761 2889 τὸ
1790 2833 1864 2905 ιη’

271 2933 401 3001 περὶ
429 2931 816 3002 σημειοφόρων
836 2929 1133 3000 γερόντων.
1163 2929 1236 2981 Τὸ
1260 2927 1317 2981 δὲ
1345 2925 1410 2981 ιδ’
1437 2929 1566 2998 περὶ
1591 2926 1873 2989 πολιτείας

273 3022 561 3090 Θεοφιλοῦς
587 3022 862 3093 διαφόρων
906 3021 1192 3088 Πατέρων.
1225 3019 1339 3073 Καὶ
1361 3018 1549 3070 λοιπὸν
1571 3018 1635 3070 τὸ
1657 3023 1710 3068 κ’
1733 3018 1873 3070 ἀπο-

1957 728 2318 782 recentiorum
2375 730 2440 782 ad
2486 738 2702 784 :etatem
2753 745 2924 798 usque
2971 729 3232 795 Heraclii,
3284 743 3338 786 et
3377 733 3534 800 paulo

1956 817 2118 872 etiam
2150 819 2472 873 vieiniorum
2507 821 2644 874 vitas
2696 821 3085 890 religiosasque
3110 823 3532 876 exercitationes

1956 909 2444 964 describithrum
2479 912 2566 965 hic
2592 911 2727 965 liber
2761 913 2812 964 in
2846 912 2954 964 duo
2989 911 3104 980 (79)
3126 923 3178 963 et
3203 911 3386 980 viginti
3407 928 3539 966 con-

1959 1008 2165 1054 tractus
2189 1012 2526 1071 argumenta,
2567 1017 2754 1056 eormn
2799 1002 3066 1072 Cujusque
3113 1005 3433 1072 utilitatem,
3486 1015 3541 1059 et

1960 1090 2240 1146 obtinendi
2269 1094 2558 1159 rationem,
2587 1094 2757 1147 variis
2791 1095 3202 1148 narrationibus
3228 1098 3539 1165 expositam

1959 1183 2200 1237 exhibet.

2040 1273 2243 1329 Horum
2296 1277 2462 1346 igitur
2508 1285 2670 1345 caput
2711 1277 2943 1346 primum
3005 1278 3301 1330 admonitio
3347 1286 3429 1330 est
3477 1279 3540 1328 ad

1964 1370 2314 1440 perfectionis
2360 1369 2688 1438 profectum,
2719 1382 2775 1423 et
2809 1386 2837 1422 a
2885 1370 3056 1422 variis
3082 1370 3301 1436 quidem
3338 1371 3426 1422 illa
3462 1371 3545 1423 in-

1963 1465 2149 1517 stituta
2170 1464 2433 1531 personis.
2468 1461 2523 1515 9..
2547 1461 2880 1530 Tranquilla:
2899 1463 3019 1514 vitae
3038 1477 3102 1516 ac
3123 1463 3384 1516 solitariae
3422 1462 3544 1515 fru-

1965 1563 2112 1610 ctum
2135 1555 2398 1608 ostendit.
2421 1553 2530 1623 (80)
2558 1555 2608 1608 3.
2633 1554 2708 1606 De
2731 1554 3070 1608 continentia
3087 1554 3218 1624 agit,
3242 1570 3401 1623 quam
3436 1569 3542 1608 non

1965 1652 2019 1701 in
2048 1649 2193 1701 victu
2223 1647 2488 1700 duntaxat
2516 1687 2531 1712 ,
2564 1646 2656 1699 sed
2683 1656 2736 1700 et
2764 1647 2816 1700 iu
2846 1647 3067 1714 reliquis
3103 1647 3269 1700 animi
3304 1646 3544 1699 motibus

1968 1740 2221 1795 similiter
2259 1741 2617 1795 exercendam
2649 1739 2828 1795 docet.
2855 1740 2909 1794 4.
2951 1741 3017 1795 Ut
3048 1755 3105 1794 se
3135 1740 3350 1793 munire
3392 1740 3544 1807 quis-

1966 1845 2072 1901 que
2107 1832 2298 1885 debeat
2325 1831 2587 1884 adversus
2621 1830 2964 1900 insurgentes
2995 1846 3023 1882 a
3055 1828 3418 1882 fornicatione
3443 1843 3543 1895 pu-

1969 1936 2122 1991 gnas.
2169 1921 2224 1974 5.
2286 1921 2364 1974 De
2417 1929 2778 1990 paupertate,
2826 1930 2991 1988 utque
3043 1920 3220 1974 vitare
3259 1918 3542 1971 avaritiam

1967 2021 2235 2083 oporteat.
2276 2012 2333 2067 6.
2371 2012 2444 2065 De
2481 2013 2739 2081 patientia
2794 2026 2858 2064 ac
2915 2010 3252 2065 fortitudine.
3297 2009 3349 2062 7.
3400 2007 3547 2062 Nihil

1967 2120 2093 2162 esse
2139 2119 2237 2174 per
2293 2103 2714 2159 ostentationem
2771 2103 3060 2171 agendum.
3105 2101 3158 2156 8.
3195 2101 3387 2171 162a
3430 2100 3547 2154 Non

1969 2207 2224 2266 oportere
2241 2213 2568 2265 quemquam
2594 2195 2860 2263 judicare.
2895 2196 2947 2251 9.
2981 2195 3056 2250 De
3089 2196 3431 2248 discretione.
3458 2193 3548 2248 10.

1973 2289 2225 2346 Sobrium
2263 2286 2403 2359 (sive
2437 2289 2918 2357 circumspectum)
2962 2302 3178 2356 semper
3231 2301 3351 2341 esse
3389 2302 3552 2353 opor-

1972 2392 2108 2440 tere.
2141 2383 2228 2436 11.
2261 2382 2488 2436 Assidue
2523 2396 2666 2444 esse,
2705 2391 2760 2436 et
2807 2396 2942 2434 cum
2986 2381 3283 2434 attentione
3323 2394 3553 2448 prccan-

1971 2479 2120 2530 dum.
2155 2475 2244 2530 12.
2275 2473 2714 2543 Hospitalitatem
2735 2488 2856 2527 esse
2885 2488 2950 2526 ac
2975 2471 3406 2526 misericordiam
3429 2486 3551 2522 cum

1971 2567 2251 2624 hilaritate
2283 2566 2671 2620 exercendam.
2718 2563 2804 2617 15.
2845 2561 3220 2617 Obedientiam
3252 2561 3429 2614 docet.
3460 2560 3550 2614 14.

1977 2661 2050 2714 De
2075 2659 2405 2714 humilitate.
2451 2657 2543 2711 15.
2576 2658 2649 2711 De
2691 2656 2956 2709 malorum
3003 2654 3307 2708 tolerantia.
3354 2653 3440 2706 16.
3479 2651 3555 2705 De

1974 2751 2284 2806 dilectione.
2330 2751 2420 2803 17.
2448 2748 2525 2803 De
2555 2749 2622 2803 iis
2643 2747 2756 2818 (81)
2789 2746 3136 2817 quivisiones
3167 2746 3438 2800 viderunt.
3461 2743 3548 2798 18.

1975 2844 2052 2898 De
2079 2846 2302 2900 senibus
2321 2844 2412 2912 qui
2437 2842 2698 2897 miracula
2723 2849 3028 2910 patrarunt.
3059 2840 3146 2894 19.
3170 2838 3246 2893 De
3279 2837 3553 2892 variorum

1976 2949 2286 2994 sanctorum
2321 2938 2544 2992 Patrum
2589 2936 2704 2990 vita
2738 2935 2848 2990 Deo
2883 2944 3057 3002 grata.
3086 2932 3177 2988 20.
3206 2929 3556 3000 Aliquot(82y

1977 3047 2163 3087 eorum
2185 3031 2278 3100 qui
2312 3031 2364 3082 in
2387 3028 2684 3083 monastica
2711 3025 3106 3082 exercitatione
3159 3032 3558 3079 consenuerant

274 3115 576 3183 φθέγματα
625 3112 734 3166 τῶν
792 3115 850 3166 ὲν
883 3113 1120 3182 ἀσκήσει
1167 3109 1553 3181 γηρασάντιων,
1592 3105 1712 3161 εἶτα
1739 3108 1800 3161 τδ
1823 3115 1871 3162 α’

1976 3125 2116 3180 scite
2175 3125 2340 3178 dicta.
2384 3122 2477 3175 21.
2537 3120 2870 3176 Collationes
2925 3119 3038 3189 (85)
3076 3118 3323 3172 continet
3365 3130 3554 3169 senum

275 3210 372 3260 xz".
418 3206 468 3259 κ’
519 3205 784 3270 διαλέξεις
842 3206 1056 3273 είσάγει
1110 3203 1385 3272 γερόντων
1419 3202 1547 3271 περὶ
1591 3200 1872 3269 λογισμῶν

275 3299 418 3368 πρὸς
445 3297 730 3370 ἀλλήλους.
766 3297 879 3351 Καὶ
915 3296 977 3350 τὸ
1037 3295 1131 3348 ἐπὶ
1161 3296 1300 3348 πᾶσι
1353 3293 1398 3362 β’
1422 3294 1516 3346 καὶ
1549 3290 1597 3346 κ’
1625 3291 1754 3364 [520
1777 3289 1872 3362 Η.]

289 3390 552 3460 Ἠσυχίου
576 3389 954 3460 πρεσϐυτέρου
1001 3386 1396 3456 Ἰεροσολύμων
1423 3383 1652 3454 γνώμας
1722 3401 1876 3454 περι-

277 3485 418 3553 έχει.
463 3485 555 3537 Ἐν
584 3478 665 3545 οἷς
694 3482 789 3534 καὶ
812 3481 840 3532 ὁ
871 3479 1094 3549 σύμπας
1111 3477 1206 3531 τοῦ
1233 3477 1441 3547 βιϐλίου
1463 3476 1798 3546 ἀπηρτίζετο
1829 3476 1875 3508 ⁵⁵

276 3576 460 3644 λόγος,
492 3574 914 3646 χρειωδέστατος
939 3570 1238 3634 καθεστὼς,
1268 3571 1429 3639 εῖπερ
1491 3586 1548 3621 τι
1576 3568 1726 3629 ἄλλο.
1762 3570 1876 3632 τοῖς

277 3669 375 3721 ἐπὶ
416 3666 492 3736 τῷ
540 3667 724 3736 κλήρῳ
769 3664 879 3716 τῶν
902 3663 1154 3736 οὐρανῶν
1201 3661 1291 3716 τὸν
1336 3660 1449 3730 βίον
1485 3660 1873 3732 ἀσκουμένοις.

283 3761 444 3827 Ἔχει
471 3759 530 3811 δὲ
553 3759 694 3810 κατὰ
721 3757 818 3827 τὴν
839 3755 1176 3825 ἐπαγγελίαν
1193 3755 1252 3808 τὸ
1285 3755 1331 3786 ⁵⁸
1362 3754 1552 3823 σαφὲς,
1589 3756 1686 3808 καὶ
1707 3749 1878 3806 τᾶλλα

277 3852 546 3913 τοιοῦτος,
568 3844 679 3913 οἷος
709 3850 776 3904 ἂν
805 3852 1017 3919 γένοιτο
1040 3849 1298 3919 ἀνδράσιν
1323 3845 1582 3918 ἁρμόζων
1606 3846 1745 3918 πρὸς
1776 3845 1876 3915 μὲν

279 3942 557 3999 thraca-cdt
573 3940 766 4011 λόγους
811 3941 999 4010 ἀγῶνα
1036 3941 1160 4011 μηδ’
1187 3940 1316 4011 [‘268
1341 3937 1438 4009 Η.]
1475 3938 1874 4009 ἐπεστραμμέ-

281 4057 420 4102 νοις,
448 4038 628 4092 πάντα
654 4037 710 4089 δὲ
734 4036 825 4089 τὸν
851 4036 1010 4088 πόνον
1043 4033 1142 4086 καὶ
1170 4032 1268 4102 τὴν
1297 4032 1536 4103 σπουδὴν
1557 4032 1638 4096 είς
1664 4032 1763 4102 τὴν
1783 4033 1876 4086 ἐπὶ

281 4136 398 4196 τοῖς
427 4131 609 4203 ἔργοις
638 4129 873 4199 ἄσκησιν
895 4125 1372 4196 άναδεδεγμένοις.

1000 4221 1165 4287 mea

297 4317 575 4374 Ἰωάννου
593 4316 702 4371 τοῦ
731 4315 984 4385 Μόσχου
996 4318 1074 4439 ἑὸ
1096 4316 1252 4370 Νέον
1302 4317 1634 4389 λεγόμενον
1656 4319 1879 4384 Λειμω-

957 4403 995 4439 ν
1036 4404 1190 4439 mor.

957 4403 1190 4454 ναριον.

1977 3216 2122 3270 inter
2153 3216 2299 3284 ipsos
2340 3215 2406 3267 de
2457 3215 2571 3269 suis
2605 3210 3156 3267 considerationibus.
3185 3211 3268 3263 Ad
3301 3209 3417 3263 haec
3441 3222 3560 3262 om-

1975 3310 2088 3374 nia,
2128 3308 2201 3361 22
2244 3317 2300 3362 et
2325 3307 2572 3361 ultimum
2633 3316 2820 3375 caput,
2853 3306 3154 3359 sententias
3173 3302 3286 3372 (84)
3314 3303 3560 3356 continet

1977 3400 2236 3471 Hesychii
2284 3399 2590 3470 presbyteri
2625 3397 3114 3465 Hierosolymitani
3150 3397 3382 3464 :quibus
3409 3404 3464 3448 et
3495 3394 3560 3447 li-

1976 3495 2075 3548 ber
2107 3495 2198 3548 hic
2228 3503 2372 3546 totus
2429 3491 2752 3556 absolvitur,
2804 3490 3128 3542 utilissimus
3175 3487 3417 3554 profecto
3463 3487 3552 3549 iis,

1978 3587 2022 3640 si
2049 3587 2172 3654 quis
2200 3584 2358 3648 alius,
2391 3583 2483 3651 qui
2517 3584 2583 3636 ad
2615 3581 2757 3636 etele
2773 3589 2910 3634 stem
2951 3577 3321 3634 haereditatem
3353 3592 3557 3645 paran-

1980 3677 2103 3731 dam
2142 3676 2308 3729 vitam
2344 3689 2498 3727 suam
2534 3681 2885 3740 componunt.
2927 3670 3163 3724 Adhibet
3197 3670 3358 3734 idem,
3397 3682 3558 3736 quam

1979 3769 2326 3838 promiserat,
2357 3767 2802 3837 perspicuitatem
2836 3778 3054 3833 quoque
3091 3781 3106 3817 :
3139 3762 3555 3829 alioquiczetera

1980 3860 2123 3926 talis,
2162 3860 2338 3929 qualis
2390 3860 2457 3912 iis
2509 3867 2666 3926 aptus
2713 3857 2785 3911 sit
2818 3857 2974 3919 viris,
3014 3856 3106 3924 qui
3155 3870 3260 3908 non
3288 3855 3355 3909 de
3380 3853 3561 3906 verbis

1979 3952 2252 4016 laborent,
2283 3953 2374 4006 sed
2393 3965 2611 4004 omnem
2644 3965 2864 4018 operam
2887 3957 3050 4018 atque
3070 3956 3322 4004 conatum
3355 3948 3404 4000 in
3429 3960 3561 4014 ope-

1981 4043 2063 4097 rib
2103 4057 2129 4097 s
2163 4042 2481 4097 exercendis
2520 4051 2741 4110 ponant.

2652 4215 2881 4270 CXCIX.

2652 4216 2742 4270 CX
2793 4216 2881 4270 IX.

2099 4313 2326 4369 Joannis
2357 4310 2558 4366 Moschi
2581 4216 2830 4376 Proluit,
2851 4309 2955 4363 sive
2983 4306 3245 4362 Hortalus
3271 4322 3457 4360 novus.

371 4481 714 4553 ἈνεγνώσΘη
769 4479 969 4551 βιϐλίον
1010 4481 1052 4533 δ’
1077 4481 1172 4533 καὶ
1225 4478 1267 4534 τ’
1321 4481 1626 4552 διηγήμασι
1673 4497 1886 4553 περιει-

2060 4473 2262 4528 Lectus
2293 4479 2378 4525 est
2425 4469 2562 4524 liber
2614 4477 2846 4537 quatuor
2888 4473 2942 4519 et
2999 4462 3257 4518 trecentis
3306 4471 3568 4530 constans

287 4576 591 4648 λημμένον.
628 4575 775 4644 Πρὸς
799 4574 898 4643 τὴν
920 4572 1224 4643 ἀσκητικὴν
1251 4573 1307 4626 δὲ
1339 4574 1436 4627 καὶ
1455 4574 1614 4626 τοῦτο
1665 4573 1735 4626 τὰ
1774 4574 1880 4644 μά-

290 4669 453 4722 λιστα
482 4665 768 4720 συντελῶν
793 4666 912 4717 ἐστι
943 4663 1243 4727 πολιτείαν,
1273 4663 1343 4718 τὰ
1382 4664 1523 4717 αὑτά
1581 4680 1698 4726 πως
1739 4679 1875 4733 πρα-

1985 4565 2427 4621 Narrationibus.
2474 4560 2573 4616 Hic
2622 4574 2837 4630 quoque
2877 4557 3191 4611 inonasticae
3220 4554 3565 4624 p0tissimum

1987 4661 2112 4715 vitae
2133 4659 2411 4722 conducit,
2447 4656 2746 4722 eademque
2787 4651 2909 4705 fere
2955 4664 3078 4704 cum
3121 4647 3403 4717 superiore
3442 4662 3568 4717 per-

1539 4799 1780 4856 VARLE
1837 4794 2248 4853 LECTIONES.

371 4969 420 5002 ‘3
450 4968 544 5022 mi
583 4969 710 5031 τοὺς
739 4966 1360 5037 ἐξῆςάκμασάνμτωνίᾳ
1431 4962 1476 4995 ⁸³
1498 4961 1593 5037 κα).
1611 4961 1654 5012 Α
1687 4977 1700 5013 :
1726 4959 1836 5030 γὰρ
1868 4976 1930 5037 r_;_.
1985 4956 2406 5037 ffuapc’z-Setqw
2423 4956 2490 5010 A.
2562 4955 2608 4990 ⁵⁸
2634 4955 2764 5019 τοὺς
2792 4954 2840 5010 Α
2869 4969 2886 5010 :
2919 4953 3196 5018 πολιτείας
3220 4954 3315 5009 καὶ
3341 4953 3468 5018 τοὺς
3499 4970 3560 5017 ς.

298 5041 349 5075 ⁸³
387 5041 639 5112 βρώμασι
781 5028 859 5072 ’δέ
883 5038 941 5091 δὲ
971 5028 1096 5093 add.
1131 5035 1196 5090 Α.
1274 5028 1322 5068 ⁸⁵
1341 5032 1709 5104 ἀπαρτίζεται
1733 5028 1816 5094 ς(
1871 5030 1918 5062 ⁵⁵
1949 5030 2010 5082 τὸ
2037 5031 2086 5084 Α
2112 5047 2125 5083 :
2154 5028 2253 5082 καὶ
2299 5029 2362 5081 τὸ
2396 5043 2460 5092 ς.

1811 5144 2052 5202 NOTAE.

378 5250 488 5322 ('79)
516 5249 647 5322 Quae
667 5247 852 5302 omnia
883 5244 1147 5322 Hesycbii
1167 5243 1450 5322 duntaxat
1478 5239 1768 5295 sententiis
1791 5255 1888 5322 θεέ

303 5315 854 5394 οθριἱέίίθευηιιέε
882 5318 950 5394 iu_
981 5317 1120 5371 Vilis
1165 5315 1427 5394 Patruini,
1466 5323 1620 5380 parte
1664 5325 1727 5372 ll,
1767 5319 1890 5376 post

303 5383 735 5450 Adliortationes
778 5387 879 5444 SS.
917 5387 1140 5442 Patrum
1173 5383 1658 5454 professionesque
1696 5396 1889 5435 mona-

307 5467 564 5522 chorum.
601 5472 659 5514 ut
688 5459 760 5514 ibi
788 5460 1015 5514 editum.

384 5533 500 5601 (80)
536 5519 1202 5601 Prmterituni__liic,_quod
1230 5525 1298 5579 de
1319 5519 1743 5592 compunctione
1772 5528 1888 5576 ter-

311 5595 399 5661 tio
424 5595 542 5657 loco
572 5603 623 5656 in
649 5601 800 5652 libris
829 5598 989 5652 editis
1033 5595 1248 5664 legitur.

389 5674 503 5743 (8|)
538 5671 675 5738 Περὶ
711 5665 1056 5743 διορατικῶν.
1086 5659 1450 5720 Ἐιηθηόοῐιόει
1479 5661 1572 5718 hic
1611 5659 1894 5716 editorum
1931 5723 1934 5728 ι

314 5740 574 5801 librorum
606 5740 907 5811 ἐπιγραφή.
1037 5807 1048 5811 _
1123 5805 1134 5811 _
1195 5805 1244 5811 __
1349 5805 1360 5811 _
1477 5803 1547 5811 ,Α
1751 5801 1761 5811 ,

389 5814 504 5888 (82)
546 5811 660 5868 iluc
687 5803 892 5878 septem
933 5805 1169 5880 capitula
1195 5805 1394 5879 Moysis
1423 5805 1489 5861 ad
1511 5803 1880 5875 Pyrmenium,

1989 5248 2045 5296 et
2074 5251 2196 5306 quae
2224 5238 2297 5294 ibi
2332 5245 2660 5306 sequuntur,
2688 5235 2884 5292 refero.

2060 5302 2174 5380 (83)
2200 5308 2311 5364 Hoc
2345 5302 2476 5363 illud
2513 5323 2634 5380 esse
2661 5322 2783 5376 cap.
2829 5311 3106 5376 existimo,
3137 5305 3283 5378 quod
3318 5303 3370 5357 in
3412 5302 3563 5358 libris

1987 5378 2150 5434 editis
2203 5395 2278 5445 tv,
2327 5380 2504 5450 partis
2553 5378 2650 5450 ult.
2693 5383 2759 5432 de
2792 5380 3265 5450 meditationibus
3313 5390 3387 5450 xit
3435 5389 3563 5425 ana-

1991 5447 2365 5520 choretaruni,
2408 5448 2760 5520 inscribitur,
2782 5449 3042 5520 idemque
3081 5450 3222 5520 quod
3252 5447 3306 5501 in
3330 5447 3560 5516 August.

1989 5521 2239 5575 biblioth.
2277 5519 2553 5589 Catalogo,
2581 5519 2704 5573 cod.
2736 5519 2827 5578 68.
2863 5519 3010 5577 num.
3035 5522 3088 5574 9..

2066 5590 2180 5661 (81)
2210 5590 2464 5661 Duc_e_ntae
2513 5591 2672 5644 hodie
2706 5591 2772 5642 ad
2804 5589 3134 5645 Theodulum
3167 5599 3564 5661 exstant,_post

1991 5658 2255 5728 opuscula
2315 5659 2478 5732 Marci
2529 5661 2792 5716 anachor.
2821 5661 3050 5718 Lutetia:
3085 5659 3298 5732 vulgata
3343 5677 3372 5715 a
3402 5658 3564 5716 an...

1995 5731 2121 5789 Pico
2151 5733 2219 5788 A.
2253 5732 2353 5789 Clt.
2387 5730 2549 5786 1565.
