4022 6438
613 316 720 379 667

1711 316 1942 378 PHOTI
1949 318 1978 376 Ι
2016 315 2526 377 PATRIABCHIE
2567 315 2675 375 CP.
3736 330 3819 393 ﬁt};

617 436 836 494 tractat,
886 426 992 482 nisi
1033 425 1173 496 quod
1213 439 1401 480 eorum
1441 426 1682 481 virorum
1742 428 1888 482 dicta
1951 428 2189 498 factaque

2302 427 2720 496 γματευόμενον
2752 425 2831 496 τῷ
2856 423 3264 496 προειρημένῳ,
3300 424 3434 496 πλὴν
3487 428 3507 459 ⁸
3535 429 3729 489 ὅτιτῶν
3753 459 3824 510 με.

615 519 923 573 imitatione
968 519 1128 588 digna
1179 518 1408 584 colligit,
1456 518 1548 587 qui
1601 527 1724 587 post
1764 520 1993 575 insecuti
2047 531 2195 574 sunt.

612 610 766 665 Vi'tas
795 609 996 664 etenim
1028 618 1214 662 narrat
1251 623 1440 663 eorum
1471 612 1564 678 qui
1601 613 1712 678 jam
1761 612 1886 666 inde
1920 627 2089 681 usque
2128 613 2197 667 ad

611 701 848 756 lleraclii
897 700 1204 770 imperium,
1237 709 1292 756 et
1320 701 1581 770 deinceps
1608 704 1809 758 virtute
1864 705 2036 776 magis
2079 706 2194 760 cla-

613 801 861 847 rtterunt.

569 947 573 952 ι
685 883 911 936 Pratum
957 893 1137 937 autem
1167 884 1381 939 titulum
1418 887 1558 941 libro
1589 887 1780 942 indidit
1804 900 2194 958 auctor,quem

612 985 669 1029 et
699 975 990 1029 Hortalum
1024 993 1211 1030 novum
1231 978 1450 1047 quidam
1479 980 1771 1049 appellant.
1801 981 2051 1051 Scriptor
2077 983 2195 1052 ejus

608 1068 848 1123 Joannes
893 1068 1136 1138 quidam,
1181 1068 1388 1125 Moschi
1441 1082 1836 1141 cognomento,
1887 1075 1977 1142 qui
2026 1075 2077 1128 in
2128 1073 2188 1128 Β.

609 1161 901 1216 Theodosii
937 1163 1169 1229 primum
1210 1164 1545 1217 monasterio
1583 1164 1844 1218 szeculum
1879 1167 2059 1221 valere
2095 1166 2184 1235 ju-

608 1249 764 1312 bens,
794 1265 916 1304 cum
951 1251 1018 1304 iis
1043 1250 1239 1306 deinde
1261 1253 1543 1306 monachis
1573 1255 1835 1321 convixit,
1867 1257 1958 1326 qui
1994 1256 2045 1310 in
2099 1257 2194 1310 de-

610 1350 759 1394 serto
791 1341 859 1394 ad
906 1339 1200 1395 Jordanem
1249 1344 1669 1409 exercebantur,
1724 1347 1926 1416 quique
1961 1363 2100 1402 nova
2135 1349 2188 1402 in

609 1431 762 1484 laura
811 1433 993 1500 magni
1051 1432 1205 1487 Saba:
1247 1437 1556 1490 certabant.
1611 1435 1767 1491 Unde
1839 1454 2054 1493 rursum
2123 1440 2190 1494 ad

607 1523 913 1578 Antiochim
940 1539 1086 1589 oras,
1123 1533 1178 1578 et
1202 1524 1497 1580 Alexandri
1530 1527 1744 1592 urbem,
1780 1531 2191 1601 proximamque

609 1631 872 1680 cremum,
900 1626 957 1671 et
985 1618 1049 1670 ad
1079 1617 1243 1672 Oasin
1272 1635 1443 1687 usque
1469 1619 1706 1686 delatus,
1745 1624 2035 1677 multorum
2074 1640 2188 1679 ma-

608 1723 947 1777 gnorumque
973 1711 1214 1763 virorum
1251 1726 1335 1765 res
1361 1711 1622 1780 praeclare
1639 1723 1820 1782 gestas
1845 1718 2184 1785 aggregavit,

607 1814 741 1866 quas
754 1801 947 1870 partim
967 1801 1137 1855 oculis
1161 1803 1276 1871 ipse
1299 1803 1794 1872 spectavit,partim
1827 1807 2030 1859 recenti
2064 1815 2189 1861 tunc

607 1890 880 1944 auditione
896 1891 1103 1946 didicit.
1124 1893 1322 1946 Eadem
1342 1908 1504 1961 porro
1518 1895 1584 1948 de
1610 1909 1775 1949 causa
1787 1894 1909 1950 cum
1929 1897 2094 1951 etiam
2115 1899 2197 1951 in-

607 1981 754 2034 sulas
770 1979 998 2034 Romam
1020 1996 1212 2036 versos
1236 1983 1496 2053 navigans
1524 1984 1829 2050 lustrasset,
1866 1986 2016 2040 hisce
2038 1987 2194 2041 simi-

606 2068 750 2122 libus
781 2069 852 2123 ibi
879 2070 1073 2139 1626
1118 2085 1339 2139 quoque
1364 2073 1712 2140 conquisitis,
1732 2085 1786 2128 et
1807 2077 2062 2144 cognitis,
2096 2078 2198 2132 hoc

607 2176 743 2228 opus
779 2162 1132 2230 conscripsit,
1158 2164 1303 2232 quod
1339 2165 1554 2219 dedicat
1587 2165 1918 2235 Sophronio,
1953 2182 2046 2222 seu
2080 2167 2186 2223 So-

609 2253 830 2321 phrona-3
862 2254 1131 2324 discipulo
1166 2271 1289 2322 suo,
1328 2258 1617 2327 eidemque
1666 2262 1768 2316 hoc
1797 2263 1975 2330 ipsum
2007 2261 2190 2328 olfert,

606 2344 863 2413 cumjam
905 2348 1088 2401 animo
1139 2351 1484 2418 praeciperet,
1540 2351 1748 2408 instare
1778 2353 1905 2408 vitae
1935 2353 2097 2423 hujus
2136 2357 2192 2410 in

608 2438 892 2494 meliorem
917 2441 1430 2498 commutationem.

675 2599 873 2669 Operis
915 2609 1101 2654 autem
1137 2599 1298 2668 hujus
1342 2601 1537 2661 dictio.
1583 2605 1756 2674 magis
1786 2621 1949 2675 quam
1981 2623 2185 2676 praece-

604 2691 809 2759 dentis,
839 2693 906 2746 ad
960 2693 1308 2748 humiliorem
1349 2710 1414 2749 ac
1444 2697 1720 2751 rudiorem
1757 2702 1932 2770 vergit
1962 2703 2185 2773 stylum.

605 2777 995 2833 Narrationum
1025 2781 1214 2835 adhzec
1266 2798 1372 2837 non
1411 2788 1660 2840 eumdem
1695 2800 1970 2844 servatum
2001 2809 2190 2850 nume-

605 2886 730 2924 rum
784 2872 840 2926 in
874 2873 1127 2928 omnibus
1163 2873 1321 2930 libris
1368 2877 1767 2947 deprehendas,
1801 2899 1927 2938 cum
1979 2887 2033 2941 in
2066 2890 2189 2958 qui-

605 2964 834 3019 busdam
874 2965 941 3018 ad
966 2966 1070 3020 duo
1104 2965 1218 3035 (85)
1246 2977 1301 3021 et
1331 2973 1690 3042 quadraginta
1722 2991 1886 3044 supra
1917 2988 2188 3037 trecentas

605 3073 732 3114 sese
777 3062 1094 3130 extendant,
1131 3066 1289 3134 idque
1332 3066 1415 3119 vel
1446 3080 1511 3120 ex
1541 3068 1777 3136 capitum
1825 3075 2184 3138 quorumdam

605 3152 896 3217 divisione,
931 3155 1014 3209 vel
1050 3167 1199 3212 certe
1226 3157 1454 3212 aliorum
1505 3157 1910 3226 interjcctione,
1951 3167 2184 3224 adaucto

607 3261 855 3301 numero.
887 3247 1153 3302 Cteterum
1191 3266 1256 3304 ex
1292 3251 1377 3305 his
1405 3253 1664 3306 omnibus
1699 3253 1998 3314 industrius
2038 3263 2189 3329 quis-

604 3352 716 3406 que
769 3346 825 3393 et
885 3339 982 3394 Dei
1029 3356 1260 3408 amans,
1296 3341 1541 3399 fructum
1594 3350 1860 3417 capiens,
1908 3368 2186 3426 nunquam

604 3428 768 3500 hujus
798 3431 988 3502 scripti
1018 3433 1244 3489 nimiam
1276 3437 1648 3506 prolixitatem
1677 3446 1974 3501 accusarit.

1346 3529 1454 3585 CC.

606 3611 782 3667 Marci
818 3617 1459 3693 monac/tijdsccticorum
1505 3624 1628 3678 libri
1671 3642 1788 3693 vm,
1827 3639 1877 3685 et
1926 3633 2188 3689 Adversus

1053 3688 1504 3748 Melchisedecitas
1555 3695 1688 3750 liber
1713 3716 1750 3752 ι.

677 3775 1022 3847 Legebantur
1042 3780 1208 3837 Marci
1244 3786 1494 3840 monachi
1529 3788 1652 3842 libri
1684 3800 1808 3846 octo
1847 3793 1960 3861 (86)
1999 3815 2012 3848 :
2049 3813 2188 3868 quo-

608 3888 729 3928 rum
760 3875 967 3943 primus
1007 3876 1223 3930 titulum
1262 3877 1481 3948 praefert
1514 3879 1590 3935 De
1621 3883 1738 3954 lege
1787 3887 2044 3955 spiritali,
2082 3893 2190 3945 uti-

609 3968 784 4036 lisque
820 3968 1035 4022 exsistit
1083 3969 1150 4024 iis
1184 3971 1276 4040 qui
1337 3971 1651 4042 religiosam
1699 3993 1862 4047 agere
1894 3981 2059 4036 vitam
2093 3999 2190 4054 ag-

606 4061 779 4129 gressi
812 4070 961 4128 sunt,
997 4064 1452 4130 quemadmodum
1480 4074 1535 4121 et
1567 4083 1810 4138 sequens
1842 4086 1937 4128 eos
2006 4077 2096 4144 qui
2122 4090 2190 4132 ex

606 4152 864 4221 operibus
913 4155 1204 4224 juStilicari
1243 4171 1301 4212 se
1343 4169 1555 4227 putant,
1594 4162 1646 4216 in
1696 4179 1892 4218 vanam
1949 4167 2192 4225 incidere

606 4246 917 4316 opinionem
953 4249 1146 4317 docet;
1180 4249 1287 4304 imo
1314 4251 1366 4304 id
1398 4255 1487 4308 vel
1514 4254 1565 4308 in
1598 4255 1788 4324 primis
1818 4261 2189 4328 perniciosum

606 4355 729 4395 esse
748 4340 1104 4399 demonstrat.
1134 4344 1422 4401 Adduntur
1437 4357 1494 4402 et
1524 4349 1629 4403 alia
1657 4349 1730 4404 ibi
1755 4353 2019 4408 salutaria
2047 4371 2188 4426 prte-

2215 3113 2262 3172 Ο

2300 520 2712 588 ταγενεστέρων
2731 517 2941 589 ἀνδρῶν
2967 515 3104 586 ἔργα
3134 533 3192 568 τε
3213 516 3306 568 καὶ
3326 517 3544 586 πράξεις
3569 522 3824 598 ἀξιοζηλώ-

2299 629 2422 674 τους
2483 611 2832 680 ἀναγράφει·
2885 609 2982 662 καὶ
3037 608 3146 678 γὰρ
3199 608 3405 663 ἐκεῖθεν
3439 612 3540 664 τῶν
3571 616 3716 687 μέχρι
3743 627 3822 693 τῆς

2311 703 2634 774 Ἡρακλείου
2659 703 2830 773 ἀρχῆς
2864 702 2959 754 καὶ
2987 702 3080 754 ἐπὶ
3115 700 3273 755 πλέον
3294 701 3686 774 διαπρεψάντων
3717 713 3825 782 ἀρε.

2297 798 2418 858 ταῖς
2443 795 2738 864 ἐπέρχεται
2756 795 2880 856 τοὺς
2909 792 3076 862 βίους.

2375 885 2645 954 Λειμῶνα
2701 885 2757 937 δέ
2805 884 3088 938 καλεῖσθαι
3138 883 3354 937 δίδωσιν
3395 886 3424 937 6
3475 889 3827 960 συνταξάμενος

2296 980 2468 1049 ὄνομα
2504 981 2564 1031 τὸ
2591 977 2796 1048 βιϐλίον
2820 995 2834 1008 ·
2867 977 3016 1040 τινὲς
3059 976 3117 1029 δέ
3141 977 3275 1030 αὐτὸ
3298 977 3345 1008 ⁵⁷
3384 977 3479 1032 καὶ
3508 979 3651 1033 Νέον
3672 984 3828 1038 ἐπονο.

2299 1071 2527 1142 μάζουσι
2553 1070 2598 1102 ⁵⁸
2625 1069 3033 1137 Παραδείσιον
3050 1068 3117 1123 ⁵³.
3140 1068 3197 1121 Ὀ
3217 1068 3274 1120 δὲ
3300 1070 3652 1140 συντεταχὼς,
3673 1073 3826 1131 Ἰωάν.

2295 1177 2392 1229 νης
2426 1160 2526 1227 μὲν
2581 1159 2732 1228 αὐτῷ
2767 1160 2936 1228 ὄνομα
2962 1159 3030 1223 ⁸⁸,
3061 1157 3121 1222 ἐξ
3179 1159 3524 1231 ἐπικλήσεως
3557 1162 3611 1215 δὲ
3649 1163 3828 1232 ἐλέγετο

2294 1251 2323 1303 6
2387 1251 2480 1303 τοῦ
2521 1252 2741 1320 Μόσχου
2766 1265 2780 1279 ο
2808 1250 2869 1312 δς
2901 1250 3215 1314 ἀπετάξατο
3243 1251 3345 1321 μὲν
3377 1253 3434 1304 ἐν
3460 1255 3524 1322 τῇ
3565 1254 3652 1305 τοῦ
3701 1258 3827 1324 ἁγίου

2293 1340 2575 1393 Θεοδοσίου
2597 1343 2752 1410 μονῇ,
2777 1336 2894 1392 εἶτα
2912 1339 3251 1410 συνδιέτριψε
3264 1343 3376 1404 τοῖς
3390 1359 3448 1393 τε
3468 1343 3602 1396 κατὰ
3629 1343 3712 1397 τὸν
3725 1348 3829 1418 Ἰορ-

2291 1429 2455 1499 δάνην
2489 1429 2594 1483 ἀνὰ
2612 1430 2710 1500 τὴν
2736 1429 2943 1499 ἔρημον
2961 1430 3326 1500 ἀσκουμένοις
3354 1432 3448 1484 καὶ
3473 1434 3582 1494 τοῖς
3609 1435 3662 1485 ἐν
3684 1438 3741 1505 τῇ
3756 1439 3829 1508 νέᾳ

2292 1520 2392 1574 λαύ
2407 1537 2474 1592 ρᾳ
2509 1520 2604 1574 τοῦ
2641 1521 2879 1591 μεγάλου
2905 1521 3055 1574 Σάϐα
3089 1522 3130 1552 ⁸⁸
3158 1522 3488 1577 διαθλοῦσιν.
3506 1523 3762 1579 Ἐντεῦθεν
3785 1529 3827 1581 δὲ

2290 1614 2360 1668 τά
2376 1631 2435 1666 τε
2455 1613 2552 1683 τῆς
2567 1613 2898 1681 Ἀντιοχείας
2921 1614 3162 1682 κλίματα
3178 1614 3273 1666 καὶ
3299 1614 3398 1684 τὴν
3413 1613 3743 1686 Ἀλεξάνδρου
3759 1622 3829 1673 καὶ

2291 1706 2388 1778 τὴν
2409 1709 2539 1775 περὶ
2568 1706 2736 1775 αὐτὴν
2757 1705 2964 1775 ἔρημον
2994 1705 3086 1757 καὶ
3109 1705 3270 1774 μέχρι
3287 1705 3519 1769 Ὀάσεως
3537 1708 3579 1738 ⁶²
3606 1708 3825 1774 ἐπελθὼν,

2303 1801 2396 1852 καὶ
2426 1798 2639 1852 πολλῶν
2676 1798 2772 1851 καὶ
2811 1797 3064 1867 μεγάλων
3091 1798 3301 1867 ἀνδρῶν
3335 1799 3612 1871 ἀριστείας
3638 1819 3825 1873 συναγη-

2301 1889 2441 1959 οχὼς
2473 1889 2631 1942 τοῦτο
2664 1890 2762 1961 μὲν
2819 1889 2940 1958 ὄψει
2977 1889 3134 1943 τοῦτο
3163 1890 3222 1942 δὲ
3265 1891 3361 1943 καὶ
3407 1891 3668 1963 νεαζούσῃ
3705 1897 3819 1965 ἀκοῇ.

2299 1982 2387 2036 διὰ
2403 1981 2501 2052 τὴν
2527 1983 2696 2052 αὐτὴν
2713 1983 2758 2033 δ’
2793 1982 2972 2034 αἰτίαν
3002 1981 3093 2035 καὶ
3115 1982 3312 2052 νήσους
3362 1985 3764 2054 ίστορησάμενος

2297 2076 2377 2145 τῷ
2410 2077 2544 2147 πρὸς
2578 2076 2678 2146 τὴν
2711 2076 2931 2146 Ῥώμην
2953 2075 3183 2145 διάπλῳ,
3221 2076 3400 2128 ἐκεῖσέ
3440 2093 3499 2129 τε
3521 2078 3564 2109 (⁵³
3592 2079 3656 2130 τὰ.
3690 2097 3826 2149 παρα.

2299 2167 2504 2236 πλήσια
2526 2167 3021 2236 διερευνησάμενος
3053 2167 3149 2220 καὶ
3214 2166 3426 2235 μαθὼν,
3462 2167 3523 2220 τὸ
3548 2169 3711 2239 παρὸν
3733 2171 3824 2225 σύν-

2297 2276 2483 2326 ταγμα
2508 2261 2730 2329 γράφει,
2763 2261 2856 2312 καὶ
2880 2262 3194 2330 προσφωνεῖ
3225 2261 3519 2332 Σωφρονίῳ
3550 2262 3580 2332 ἥ
3616 2265 3826 2336 Σωφρονᾷ

2295 2350 2374 2420 τῷ
2395 2353 2580 2419 οἰκείῳ
2617 2350 2832 2423 μαθητῇ
2860 2351 2955 2405 καὶ
2987 2351 3309 2422 ἐγχειρίζει,
3340 2353 3490 2423 αὐτῷ
3517 2353 3682 2425 τούτῳ
3697 2355 3735 2386 ⁸⁵
3756 2357 3827 2426 τὴν

2295 2439 2391 2492 τοῦ
2423 2440 2537 2509 βίου
2579 2441 2876 2508 μέλλουσαν
2934 2443 3264 2512 ἐφίστασθαι
3326 2443 3464 2515 πρὸς
3517 2445 3583 2498 τὰ
3616 2447 3827 2516 ἀμείνονα

2299 2532 2734 2602 προτεθεαμένος
2756 2533 3085 2604 μεταϐολήν.

2377 2624 2442 2677 Ἡ
2474 2625 2530 2678 δέ
2556 2624 2649 2678 τοῦ
2679 2626 2839 2695 λόγου
2875 2626 3145 2697 ἐρμηνεία
3172 2628 3252 2690 είς
3291 2627 3357 2680 τὸ
3379 2629 3737 2700 ταπεινότερον
3761 2631 3829 2682 τοῦ

2293 2718 2565 2789 προτέρου
2624 2719 2716 2771 καὶ
2764 2718 3138 2788 ἀμαθέστερον
3198 2720 3503 2774 ἀποκλίνει.
3533 2723 3636 2774 Καὶ
3674 2723 3733 2776 τά
3775 2724 3834 2775 δι-

2302 2813 2412 2883 ηγή
2424 2829 2568 2881 ματα
2593 2811 2649 2864 δὲ
2667 2812 2788 2881 οὐχὶ
2815 2812 2904 2864 τὸν
2930 2810 3042 2864 ἴσον
3075 2812 3310 2882 ἀριθμὸν
3333 2815 3390 2867 ἐν
3425 2816 3586 2868 πᾶσιν
3623 2816 3831 2886 εὑρήσεις

2291 2907 2404 2966 τοῖς
2434 2903 2660 2973 βιϐλίοις
2711 2905 3146 2975 διασεσωσμένα,
3184 2906 3302 2959 ἀλλ’
3335 2907 3394 2961 ἐν
3423 2925 3530 2960 τισι
3588 2909 3676 2960 καὶ
3713 2912 3777 2972 εἰς
3799 2911 3831 2978 β’

2292 3001 2387 3050 καὶ
2430 2995 2480 3067 μ’
2513 3000 2604 3050 καὶ
2631 3004 2677 3051 τ’
2703 2999 2746 3029 ³⁸
2767 2997 3143 3069 διηπλωμένα,
3175 2998 3342 3052 τοῦτο
3387 3001 3485 3069 μὲν
3518 3001 3670 3054 ἐνίων
3697 3019 3830 3069 κεφα-

2293 3087 2461 3140 λαίων
2491 3088 2854 3158 ἐπιδιαιρέσει
2873 3089 2968 3141 τοῦ
2995 3088 3234 3159 ἀριθμοῦ
3270 3091 3686 3160 συναυξομένου,
3710 3091 3830 3144 τοῦτο

2291 3179 2347 3231 δὲ
2373 3178 2468 3230 καὶ
2505 3177 2862 3247 διηγημάτων
2884 3177 3034 3230 ἔστιν
3072 3171 3148 3231 ὧν
3211 3177 3560 3249 παρενθήκῃ.
3619 3179 3749 3246 Πλὴν
3787 3179 3829 3242 ἐξ

2292 3269 2547 3323 ἁπάντων
2575 3269 2637 3321 τὸ
2671 3271 2946 3341 χρήσιμον
2990 3269 3018 3321 6
3078 3269 3300 3332 συνετὸς
3333 3269 3428 3322 καὶ
3455 3269 3695 3340 θεοφιλὴς
3723 3268 3830 3338 ἀνὴρ

2291 3362 2625 3433 δρεπόμενος
2653 3361 2752 3414 οὐκ
2787 3359 2854 3415 ἂν
2879 3360 2988 3416 τῶν
3018 3363 3474 3432 συντεταγμένων
3498 3361 3650 3433 κόρον
3701 3378 3833 3416 κατα-

2291 3455 2469 3525 γνοίη.

2967 3550 3040 3606 Σ’.

2291 3642 2538 3711 Μάρκου
2566 3641 2845 3713 μονοιχοῦ
2883 3644 3066 3712 Λόγοι
3105 3643 3431 3710 ἀσκητικοὶ
3475 3650 3562 3712 η’⁶
3594 3642 3682 3697 καὶ
3712 3639 3832 3709 Πρὸς

2643 3714 3158 3780 Μελχισεδεκίτας
3213 3716 3400 3782 λόγος
3432 3721 3504 3769 a’.

2376 3804 2713 3878 Ἀνεγνώσθη
2740 3806 2942 3876 βιϐλίον
2970 3805 3200 3874 Μάρκου
3237 3805 3485 3876 μοναχοῦ
3508 3807 3564 3859 ἐν
3596 3803 3757 3871 λόγοις
3775 3807 3829 3871 η’,

2291 3887 2366 3948 ὧν
2392 3896 2420 3947 ὁ
2445 3895 2542 3964 μὲν
2575 3895 2793 3966 πρῶτος
2826 3897 3145 3968 ἐπιγραφὴν
3173 3895 3337 3966 ἔλαχε
3369 3898 3496 3968 περὶ
3529 3896 3683 3968 νόμου
3703 3910 3830 3946 πνεν·

2297 3983 2550 4053 ματικοῦ,
2579 3987 2678 4038 καὶ
2707 3987 2976 4056 χρήσιμος
3009 3989 3122 4049 τοῖς
3151 3987 3243 4040 τὸν
3273 3986 3576 4056 ἀσκητικὸν
3604 3987 3832 4055 ἐπανῃρη-

2297 4076 2477 4146 μένοις
2514 4075 2657 4147 βίονο
2708 4076 2900 4148 ῶσπερ
2933 4078 3028 4131 καὶ
3060 4079 3088 4131 6
3134 4079 3358 4150 ἐφεξῆς,
3412 4081 3537 4142 τοὺς
3587 4077 3642 4143 ἐξ
3687 4076 3825 4147 ἔργων

2292 4167 2569 4234 οἰομένους
2603 4167 2944 4222 δικαιοῦσθαι
2976 4171 3054 4232 εἰς
3090 4170 3324 4240 μάταιον
3353 4171 3664 4224 διαπίπτειν
3687 4169 3724 4199 ⁸⁸
3765 4166 3829 4216 λθ·

2292 4259 2508 4330 γισμὺν,
2545 4261 2745 4330 μᾶλλον
2767 4261 2824 4314 δὲ
2856 4262 2948 4315 καὶ
2999 4263 3091 4316 τὸν
3118 4264 3200 4316 ὅτι
3236 4263 3471 4334 μάλιστα
3507 4261 3751 4333 σφαλερὸν
3773 4259 3822 4320 ⁸⁷,

2294 4352 2738 4424 ἐπιδεικνύμενος
2761 4369 2774 4382 °
2831 4353 2954 4426 [5‘21
2991 4353 3086 4427 IL]
3121 4357 3179 4409 ἐν
3240 4354 3322 4419 οἷς
3359 4357 3463 4410 καὶ
3523 4356 3696 4425 ἕτεραι
3736 4369 3830 4404 συν·

605 4442 782 4503 ccpta,
815 4450 932 4503 qua:
968 4435 1034 4488 ad
1067 4438 1362 4504 spiritalem
1389 4455 1544 4508 aeque
1576 4442 1742 4497 vitam
1772 4453 1828 4499 et
1875 4436 2185 4504 institutum

2296 4444 2623 4513 υφαίνονται
2659 4448 3035 4518 παραινέσεις,
3059 4451 3136 4511 εἰς
3155 4448 3246 4502 τὸν
3265 4448 3630 4520 πνευματικὸν
3657 4446 3738 4500 καὶ
3758 4444 3829 4498 αὺ-

604 4523 930 4578 conducaut.
979 4523 1197 4581 Tertius
1216 4543 1343 4582 vero
1395 4528 1534 4585 liber
1563 4533 1628 4586 de
1652 4535 1994 4605 paenitentia,
2043 4542 2188 4608 quod

609 4618 721 4668 haec
743 4615 941 4684 ubique
955 4617 1168 4682 deccat,
1189 4618 1384 4673 docere
1399 4635 1496 4689 pro
1522 4637 1688 4691 sc0po
1713 4625 1818 4679 sibi
1843 4642 2176 4696 proponens,

607 4705 673 4760 ad
707 4707 956 4762 eumdem
982 4724 1206 4777 prorsus
1229 4711 1484 4766 utilitatis
1513 4716 1741 4783 gradum
1774 4720 1967 4774 tendit.

678 4884 974 4955 Perspicua
1012 4886 1180 4958 igitur
1212 4889 1332 4958 ejus
1363 4900 1448 4947 est
1469 4892 1660 4959 dictio,
1688 4905 1963 4964 quatenus
1993 4901 2175 4958 verbis

607 4976 778 5032 utitur
805 4983 1209 5049 communibus,
1243 4993 1297 5037 et
1325 4999 1534 5038 summa
1561 4987 1740 5056 capita
1769 4992 2038 5058 percurrit
2061 5009 2186 5050 ora-

608 5070 684 5125 tio
714 5087 729 5125 :
765 5070 869 5126 etsi
905 5071 1051 5140 quod
1079 5073 1144 5128 ad
1179 5075 1416 5130 Atticum
1453 5091 1766 5135 sermonem
1789 5098 1896 5138 non
1925 5087 2060 5142 satis
2089 5102 2184 5143 ac-

2295 4539 2388 4590 ταὶ
2413 4540 2810 4609 συνανήκουσαι
2837 4539 2951 4610 βίον
2981 4541 3026 4573 ⁸⁸
3057 4542 3152 4594 καὶ
3175 4542 3360 4613 νόμον.
3393 4543 3504 4596 Καὶ
3529 4543 3556 4594 6
3579 4547 3624 4610 γ’
3647 4541 3715 4605 δὲ,
3733 4536 3828 4604 περὶ

2300 4630 2586 4700 μετανοίας
2613 4631 2713 4700 τῆς
2747 4635 2980 4686 πάντοτε
3015 4634 3412 4706 προσηκούσης
3440 4633 3829 4702 ἀπευθυνόμενος

2294 4724 2386 4778 τὸν
2416 4726 2636 4790 σκοπὸν,
2669 4728 2748 4789 είς
2763 4725 2854 4780 τὸν
2888 4727 3053 4781 αὑτὸν
3092 4729 3194 4798 τῆς
3214 4729 3484 4798 ὠφελείας
3507 4726 3704 4799 βαθμὸν
3725 4724 3826 4775 ἁνα-

2290 4816 2493 4886 τρέχει.

2361 4908 2544 4980 Emi):
2575 4909 2672 4980 μὲν
2702 4905 2796 4964 οὖν
2845 4913 3016 4978 ἐστιν,
3059 4913 3183 4967 ὅσον
3214 4916 3308 4968 ἐπὶ
3363 4918 3428 4985 τῇ
3469 4904 3828 4980 κοινότητιτὼν

2293 5001 2492 5064 λέξεων
2509 5001 2604 5053 καὶ
2642 5001 2720 5070 τῷ
2745 5002 3136 5071 κεφαλαιωδῶς
3167 5005 3540 5076 ἐξενηνέχθαι,
3583 5005 3612 5073 ἡ
3643 4998 3827 5070 φράσις,

2294 5094 2341 5146 εί
2367 5093 2462 5147 καὶ
2494 5095 2569 5164 μὴ
2626 5095 2762 5164 πρὸς
2791 5095 2889 5167 τὴν
2933 5096 3186 5168 Ἀττικὴν
3239 5097 3623 5169 ἀπηκρίϐωται
3672 5091 3730 5144 τά
3754 5087 3826 5139 ὅλα

1902 5200 2137 5257 VARl/E
2174 5204 2586 5264 LECTIONES.

707 5279 985 5354 _‘_'__1t)tijv]
1055 5285 1218 5339 πλέον
1278 5288 1345 5339 A.
1444 5289 1488 5320 ⁵⁷
1549 5291 1712 5344 αὐτὸν
1740 5293 1804 5346 Α.

606 5350 650 5380 ⁶¹
675 5349 861 5431 Σάβϐα
886 5349 946 5418 ς.
966 5349 984 5354 ’
1025 5357 1294 5431 ⁸[μέχρις
1350 5357 1526 5424 ἄσεως
1591 5363 1635 5393 ⁸³
1664 5381 1723 5414 τε
1753 5380 1860 5416 οιιι.
1903 5380 1984 5431 pr.
2018 5367 2082 5418 A.

554 5433 556 5436 '
608 5423 742 5491 φησὶ⁵
761 5420 880 5491 λογ.
918 5442 982 5489 ς.

1923 5295 1969 5327 ⁸⁸
2026 5296 2351 5368 ὀνομάζουσι
2414 5319 2474 5366 ς.

2251 5374 2408 5446 τοῦτο
2450 5391 2510 5436 ς.
2589 5373 2632 5403 ⁵⁵
2662 5372 2729 5446 τ’]
2768 5371 2889 5429 libri
2917 5377 3273 5446 τριακοσίοις.

1055 5428 1100 5459 ⁸⁷
1123 5429 1232 5482 τῶν
1260 5458 1330 5467 —
1369 5431 1652 5500 σφαλερῶν
1679 5433 1835 5486 τοῦτο
1864 5428 2003 5489 ἐπιδ.
2037 5454 2096 5500 ς.
2176 5441 2220 5472 ⁸⁸
2254 5441 2368 5507 βίον
2396 5428 2488 5498 κατι
2526 5457 2638 5498 om.
2671 5428 2735 5495 Δί

3274 5307 3317 5337 ⁶⁰
3367 5297 3744 5428 arma
3769 5311 3820 5428 ἒξ

2613 5302 2659 5334 ⁸³
2697 5303 3036 5372 ,παράδεισιν
3097 5305 3164 5358 Α.

2128 5508 2359 5567 NOTAE.

683 5585 797 5709 (8‘5)
837 5585 1005 5646 Hodie
1041 5592 1094 5645 in
1145 5592 1249 5648 ΞΗ)
1284 5593 1462 5662 capita
1504 5595 1770 5649 duntaxat
1810 5597 2068 5658 distincta
2111 5597 2187 5653 le-

689 5677 716 5707 II
749 5675 833 5709 ιη’.

613 5675 833 5724 gittttur.

685 5728 796 5794 (86)
817 5731 1047 5785 Exstant
1065 5732 1289 5787 Parisiis
1309 5733 1498 5790 Latine
1519 5738 1756 5797 excussi,
1783 5737 1900 5790 ctiu
1926 5715 2178 5793 Bilil'ioth.

617 5797 718 5850 SS.
744 5799 890 5856 Patr.
922 5802 1238 5874 Margariui,
1273 5816 1312 5860 t.
1341 5804 1425 5862 ιν.
1464 5808 1614 5865 Alios
1648 5809 1888 5878 ejusdem
1918 5821 2179 5879 prmterca

2295 5603 2365 5657 5‘2
2419 5605 2689 5660 asceticos
2719 5607 2784 5659 ad
2815 5620 2910 5659 sua
2943 5608 3257 5673 pervenisse
3283 5617 3520 5674 tcmpora
3540 5593 3814 5676 indicat‘lﬁ'li-

2295 5677 2452 5742 ceph.
2511 5677 2600 5728 lih.
2637 5691 2747 5736 xw,
2787 5692 2906 5743 cap.
2944 5666 3037 5739 Μ,
3070 5679 3161 5745 qui
3197 5679 3340 5734 hunc
3376 5666 3544 5732 virum
3584 5688 3690 5727 cum
3715 5666 3809 5719 Nilo

2294 5746 2356 5801 B.
2392 5747 2674 5816 Chrysost.
2706 5747 3030 5815 discipulum
3067 5750 3218 5805 facit.
