  <div class='ocr_page' id='page_1' title='image "/cluster/home/n/w/nwhite01/storage/ocr_20150623/103:no.3/coo.31924054870070/348.png"; bbox 0 0 4022 6482; ppageno 0'>
   <div class='ocr_carea' id='block_1_1' title="bbox 352 406 462 468">
    <p class='ocr_par' dir='ltr' id='par_1_1' title="bbox 352 406 462 468">
     <span class='ocr_line' id='line_1_1' title="bbox 352 406 462 468; baseline 0 -1"><span class='ocrx_word' id='word_1_1' title='bbox 352 406 462 468; x_wconf 84' lang='grc'>669</span> 
     </span>
    </p>
   </div>
   <div class='ocr_carea' id='block_1_2' title="bbox 1374 409 2548 486">
    <p class='ocr_par' dir='ltr' id='par_1_2' title="bbox 1374 409 2548 486">
     <span class='ocr_line' id='line_1_2' title="bbox 1374 409 2548 486; baseline 0.002 -14"><span class='ocrx_word' id='word_1_2' title='bbox 1374 412 1898 472; x_wconf 78' lang='lat' dir='ltr'>BIBLIOTHECA.</span> <span class='ocrx_word' id='word_1_3' title='bbox 1928 409 2236 470; x_wconf 87' lang='lat' dir='ltr'>--CODD.</span> <span class='ocrx_word' id='word_1_4' title='bbox 2270 412 2376 486; x_wconf 89' lang='lat' dir='ltr'>CC,</span> <span class='ocrx_word' id='word_1_5' title='bbox 2414 413 2548 474; x_wconf 86' lang='lat' dir='ltr'>CCI.</span> 
     </span>
    </p>
   </div>
   <div class='ocr_carea' id='block_1_3' title="bbox 3519 412 3620 471">
    <p class='ocr_par' dir='ltr' id='par_1_3' title="bbox 3519 412 3620 471">
     <span class='ocr_line' id='line_1_3' title="bbox 3519 412 3620 471; baseline 0.05 -4"><span class='ocrx_word' id='word_1_6' title='bbox 3519 412 3620 471; x_wconf 71' lang='grc'>(370</span> 
     </span>
    </p>
   </div>
   <div class='ocr_carea' id='block_1_4' title="bbox 352 518 1964 592">
    <p class='ocr_par' dir='ltr' id='par_1_4' title="bbox 352 518 1938 592">
     <span class='ocr_line' id='line_1_4' title="bbox 352 518 1938 592; baseline 0.001 -23"><span class='ocrx_word' id='word_1_7' title='bbox 352 519 608 586; x_wconf 84' lang='grc' dir='ltr'>γλῶτταν</span> <span class='ocrx_word' id='word_1_8' title='bbox 630 518 674 552; x_wconf 76' lang='grc'>⁸³</span> <span class='ocrx_word' id='word_1_9' title='bbox 693 535 708 550; x_wconf 75' lang='grc' dir='ltr'><strong>ο</strong></span> <span class='ocrx_word' id='word_1_10' title='bbox 742 519 789 570; x_wconf 87' lang='grc' dir='ltr'>εἰ</span> <span class='ocrx_word' id='word_1_11' title='bbox 815 519 871 572; x_wconf 87' lang='grc' dir='ltr'>δέ</span> <span class='ocrx_word' id='word_1_12' title='bbox 912 537 1013 572; x_wconf 90' lang='grc' dir='ltr'>που</span> <span class='ocrx_word' id='word_1_13' title='bbox 1042 520 1168 592; x_wconf 71' lang='lat'>[269</span> <span class='ocrx_word' id='word_1_14' title='bbox 1197 519 1290 592; x_wconf 74' lang='lat' dir='ltr'>IL]</span> <span class='ocrx_word' id='word_1_15' title='bbox 1321 522 1381 574; x_wconf 80' lang='grc' dir='ltr'>τὸ</span> <span class='ocrx_word' id='word_1_16' title='bbox 1431 523 1638 590; x_wconf 80' lang='grc' dir='ltr'>ἀσαφὲς</span> <span class='ocrx_word' id='word_1_17' title='bbox 1661 523 1938 591; x_wconf 85' lang='grc' dir='ltr'>ἐνορᾶται,</span> 
     </span>
    </p>
   </div>
   <div class='ocr_carea' id='block_1_5' title="bbox 2072 518 3627 592">
    <p class='ocr_par' dir='ltr' id='par_1_5' title="bbox 2072 522 3627 592">
     <span class='ocr_line' id='line_1_5' title="bbox 2072 522 3627 592; baseline 0.006 -20"><span class='ocrx_word' id='word_1_18' title='bbox 2072 533 2236 576; x_wconf 79' lang='lat' dir='ltr'>:urate</span> <span class='ocrx_word' id='word_1_19' title='bbox 2286 523 2524 592; x_wconf 83' lang='lat' dir='ltr'>linguam</span> <span class='ocrx_word' id='word_1_20' title='bbox 2576 533 2886 590; x_wconf 82' lang='lat' dir='ltr'>componat.</span> <span class='ocrx_word' id='word_1_21' title='bbox 2941 523 3125 577; x_wconf 85' lang='lat' dir='ltr'>Sicubi</span> <span class='ocrx_word' id='word_1_22' title='bbox 3174 540 3302 578; x_wconf 89' lang='lat' dir='ltr'>vero</span> <span class='ocrx_word' id='word_1_23' title='bbox 3335 527 3386 579; x_wconf 92' lang='lat' dir='ltr'>in</span> <span class='ocrx_word' id='word_1_24' title='bbox 3421 522 3627 583; x_wconf 53' lang='lat' dir='ltr'>hisohi</span> 
     </span>
    </p>
   </div>
   <div class='ocr_carea' id='block_1_6' title="bbox 353 612 1934 684">
    <p class='ocr_par' dir='ltr' id='par_1_6' title="bbox 353 612 1934 684">
     <span class='ocr_line' id='line_1_6' title="bbox 353 612 1934 684; baseline -0.002 -18"><span class='ocrx_word' id='word_1_25' title='bbox 353 613 437 682; x_wconf 83' lang='grc' dir='ltr'>τῷ</span> <span class='ocrx_word' id='word_1_26' title='bbox 469 612 560 666; x_wconf 78' lang='grc' dir='ltr'>διὰ</span> <span class='ocrx_word' id='word_1_27' title='bbox 610 612 862 683; x_wconf 78' lang='grc' dir='ltr'>πράξεως</span> <span class='ocrx_word' id='word_1_28' title='bbox 915 613 1054 666; x_wconf 79' lang='grc' dir='ltr'>αὐτὰ</span> <span class='ocrx_word' id='word_1_29' title='bbox 1086 619 1388 683; x_wconf 76' lang='grc' dir='ltr'>πεφυκέναι</span> <span class='ocrx_word' id='word_1_30' title='bbox 1423 614 1623 684; x_wconf 83' lang='grc' dir='ltr'>μᾶλλον</span> <span class='ocrx_word' id='word_1_31' title='bbox 1649 615 1934 666; x_wconf 88' lang='grc' dir='ltr'>κατανοεῖ-</span> 
     </span>
    </p>
   </div>
   <div class='ocr_carea' id='block_1_7' title="bbox 359 702 1937 776">
    <p class='ocr_par' dir='ltr' id='par_1_7' title="bbox 359 702 1937 776">
     <span class='ocr_line' id='line_1_7' title="bbox 359 702 1937 776; baseline -0.001 -20"><span class='ocrx_word' id='word_1_32' title='bbox 359 706 491 756; x_wconf 87' lang='grc' dir='ltr'>σθαι</span> <span class='ocrx_word' id='word_1_33' title='bbox 531 706 808 774; x_wconf 83' lang='grc' dir='ltr'>ἀναχωρεῖ</span> <span class='ocrx_word' id='word_1_34' title='bbox 842 706 942 774; x_wconf 85' lang='grc' dir='ltr'>τῆς</span> <span class='ocrx_word' id='word_1_35' title='bbox 991 705 1081 758; x_wconf 87' lang='grc' dir='ltr'>διὰ</span> <span class='ocrx_word' id='word_1_36' title='bbox 1127 705 1300 774; x_wconf 73' lang='grc' dir='ltr'>λόγων</span> <span class='ocrx_word' id='word_1_37' title='bbox 1351 705 1672 776; x_wconf 79' lang='grc' dir='ltr'>ἑρμηνείας,</span> <span class='ocrx_word' id='word_1_38' title='bbox 1707 705 1830 774; x_wconf 79' lang='grc' dir='ltr'>ούχὶ</span> <span class='ocrx_word' id='word_1_39' title='bbox 1861 702 1937 773; x_wconf 82' lang='grc' dir='ltr'>τῷ</span> 
     </span>
    </p>
   </div>
   <div class='ocr_carea' id='block_1_8' title="bbox 354 795 1940 866">
    <p class='ocr_par' dir='ltr' id='par_1_8' title="bbox 354 795 1940 866">
     <span class='ocr_line' id='line_1_8' title="bbox 354 795 1940 866; baseline -0.001 -18"><span class='ocrx_word' id='word_1_40' title='bbox 354 795 642 858; x_wconf 79' lang='grc' dir='ltr'>δυσκόλως</span> <span class='ocrx_word' id='word_1_41' title='bbox 673 796 946 866; x_wconf 81' lang='grc' dir='ltr'>εἰρῆσθαι.</span> <span class='ocrx_word' id='word_1_42' title='bbox 975 797 1047 849; x_wconf 83' lang='grc' dir='ltr'>Τὸ</span> <span class='ocrx_word' id='word_1_43' title='bbox 1072 796 1128 849; x_wconf 82' lang='grc' dir='ltr'>δέ</span> <span class='ocrx_word' id='word_1_44' title='bbox 1161 797 1403 851; x_wconf 84' lang='grc' dir='ltr'>τοιοῦτον</span> <span class='ocrx_word' id='word_1_45' title='bbox 1425 798 1524 850; x_wconf 86' lang='grc' dir='ltr'>οὑκ</span> <span class='ocrx_word' id='word_1_46' title='bbox 1551 799 1608 848; x_wconf 77' lang='grc' dir='ltr'>ἐν</span> <span class='ocrx_word' id='word_1_47' title='bbox 1639 798 1753 858; x_wconf 89' lang='grc' dir='ltr'>τοῖς</span> <span class='ocrx_word' id='word_1_48' title='bbox 1785 797 1940 865; x_wconf 88' lang='grc' dir='ltr'>εἰρη-</span> 
     </span>
    </p>
   </div>
   <div class='ocr_carea' id='block_1_9' title="bbox 359 885 1940 955">
    <p class='ocr_par' dir='ltr' id='par_1_9' title="bbox 359 885 1940 955">
     <span class='ocr_line' id='line_1_9' title="bbox 359 885 1940 955; baseline -0.002 -18"><span class='ocrx_word' id='word_1_49' title='bbox 359 885 552 953; x_wconf 82' lang='grc' dir='ltr'>μένοις</span> <span class='ocrx_word' id='word_1_50' title='bbox 586 885 748 955; x_wconf 88' lang='grc' dir='ltr'>μόνον</span> <span class='ocrx_word' id='word_1_51' title='bbox 801 886 1168 954; x_wconf 80' lang='grc' dir='ltr'>ἀναφαίνεται</span> <span class='ocrx_word' id='word_1_52' title='bbox 1212 887 1414 954; x_wconf 83' lang='grc' dir='ltr'>λόγοις,</span> <span class='ocrx_word' id='word_1_53' title='bbox 1461 886 1599 939; x_wconf 84' lang='grc' dir='ltr'>ἀλλὰ</span> <span class='ocrx_word' id='word_1_54' title='bbox 1627 887 1721 938; x_wconf 82' lang='grc' dir='ltr'>καὶ</span> <span class='ocrx_word' id='word_1_55' title='bbox 1740 888 1798 938; x_wconf 92' lang='grc' dir='ltr'>ἐν</span> <span class='ocrx_word' id='word_1_56' title='bbox 1824 887 1940 947; x_wconf 83' lang='grc' dir='ltr'>τοῖς</span> 
     </span>
    </p>
   </div>
   <div class='ocr_carea' id='block_1_10' title="bbox 355 974 1938 1048">
    <p class='ocr_par' dir='ltr' id='par_1_10' title="bbox 355 974 1938 1048">
     <span class='ocr_line' id='line_1_10' title="bbox 355 974 1938 1048; baseline -0.002 -19"><span class='ocrx_word' id='word_1_57' title='bbox 355 976 520 1044; x_wconf 76' lang='grc' dir='ltr'>ἐξῆςο</span> <span class='ocrx_word' id='word_1_58' title='bbox 560 977 657 1029; x_wconf 76' lang='grc' dir='ltr'>καὶ</span> <span class='ocrx_word' id='word_1_59' title='bbox 677 977 798 1046; x_wconf 75' lang='grc' dir='ltr'>ούχὶ</span> <span class='ocrx_word' id='word_1_60' title='bbox 828 977 972 1048; x_wconf 82' lang='grc' dir='ltr'>μόνῳ</span> <span class='ocrx_word' id='word_1_61' title='bbox 992 977 1129 1047; x_wconf 81' lang='grc' dir='ltr'>τῷδε</span> <span class='ocrx_word' id='word_1_62' title='bbox 1150 979 1229 1048; x_wconf 83' lang='grc' dir='ltr'>τῷ</span> <span class='ocrx_word' id='word_1_63' title='bbox 1287 978 1462 1047; x_wconf 76' lang='grc' dir='ltr'>ἀνδρὶ,</span> <span class='ocrx_word' id='word_1_64' title='bbox 1499 976 1636 1030; x_wconf 79' lang='grc' dir='ltr'>ἀλλὰ</span> <span class='ocrx_word' id='word_1_65' title='bbox 1663 978 1709 1008; x_wconf 89' lang='lat'>&quot;°</span> <span class='ocrx_word' id='word_1_66' title='bbox 1739 974 1938 1045; x_wconf 80' lang='grc' dir='ltr'>μικροῦ</span> 
     </span>
    </p>
   </div>
   <div class='ocr_carea' id='block_1_11' title="bbox 355 1069 1942 1144">
    <p class='ocr_par' dir='ltr' id='par_1_11' title="bbox 355 1069 1942 1144">
     <span class='ocr_line' id='line_1_11' title="bbox 355 1069 1942 1144; baseline -0.003 -17"><span class='ocrx_word' id='word_1_67' title='bbox 355 1076 555 1138; x_wconf 77' lang='grc' dir='ltr'>πᾶσιν,</span> <span class='ocrx_word' id='word_1_68' title='bbox 581 1069 666 1137; x_wconf 78' lang='grc' dir='ltr'>οἷς</span> <span class='ocrx_word' id='word_1_69' title='bbox 692 1075 1024 1144; x_wconf 78' lang='grc' dir='ltr'>ἀσκητικοὺς</span> <span class='ocrx_word' id='word_1_70' title='bbox 1048 1075 1243 1144; x_wconf 86' lang='grc' dir='ltr'>νόμους</span> <span class='ocrx_word' id='word_1_71' title='bbox 1259 1076 1352 1127; x_wconf 79' lang='grc' dir='ltr'>καὶ</span> <span class='ocrx_word' id='word_1_72' title='bbox 1383 1075 1527 1144; x_wconf 88' lang='grc' dir='ltr'>πάθη</span> <span class='ocrx_word' id='word_1_73' title='bbox 1550 1074 1645 1126; x_wconf 75' lang='grc' dir='ltr'>καὶ</span> <span class='ocrx_word' id='word_1_74' title='bbox 1673 1072 1942 1134; x_wconf 80' lang='grc' dir='ltr'>διαθέσεις</span> 
     </span>
    </p>
   </div>
   <div class='ocr_carea' id='block_1_12' title="bbox 352 1162 1944 1236">
    <p class='ocr_par' dir='ltr' id='par_1_12' title="bbox 352 1162 1944 1236">
     <span class='ocr_line' id='line_1_12' title="bbox 352 1162 1944 1236; baseline -0.003 -18"><span class='ocrx_word' id='word_1_75' title='bbox 352 1165 421 1219; x_wconf 82' lang='grc' dir='ltr'>δι’</span> <span class='ocrx_word' id='word_1_76' title='bbox 472 1164 664 1236; x_wconf 76' lang='grc' dir='ltr'>ἔργων</span> <span class='ocrx_word' id='word_1_77' title='bbox 707 1165 990 1236; x_wconf 83' lang='grc' dir='ltr'>χωρούσας</span> <span class='ocrx_word' id='word_1_78' title='bbox 1019 1166 1388 1233; x_wconf 81' lang='grc' dir='ltr'>ἀπαγγέλλειν</span> <span class='ocrx_word' id='word_1_79' title='bbox 1433 1165 1626 1233; x_wconf 85' lang='grc' dir='ltr'>γέγονε</span> <span class='ocrx_word' id='word_1_80' title='bbox 1655 1162 1883 1232; x_wconf 81' lang='grc' dir='ltr'>σπουδὴ,</span> <span class='ocrx_word' id='word_1_81' title='bbox 1916 1163 1944 1213; x_wconf 88' lang='grc' dir='ltr'>ὁ</span> 
     </span>
    </p>
   </div>
   <div class='ocr_carea' id='block_1_13' title="bbox 359 1255 1943 1329">
    <p class='ocr_par' dir='ltr' id='par_1_13' title="bbox 359 1255 1943 1329">
     <span class='ocr_line' id='line_1_13' title="bbox 359 1255 1943 1329; baseline -0.003 -19"><span class='ocrx_word' id='word_1_82' title='bbox 359 1259 456 1325; x_wconf 74' lang='grc' dir='ltr'>τῆς</span> <span class='ocrx_word' id='word_1_83' title='bbox 477 1259 749 1329; x_wconf 84' lang='grc' dir='ltr'>τοιαύτης</span> <span class='ocrx_word' id='word_1_84' title='bbox 775 1258 1045 1326; x_wconf 82' lang='grc' dir='ltr'>ἀσαφείας</span> <span class='ocrx_word' id='word_1_85' title='bbox 1077 1257 1294 1328; x_wconf 80' lang='grc' dir='ltr'>ἐνιαχοῦ</span> <span class='ocrx_word' id='word_1_86' title='bbox 1333 1256 1662 1327; x_wconf 79' lang='grc' dir='ltr'>συμπρόεισι</span> <span class='ocrx_word' id='word_1_87' title='bbox 1720 1255 1943 1324; x_wconf 83' lang='grc' dir='ltr'>τρόπος,</span> 
     </span>
    </p>
   </div>
   <div class='ocr_carea' id='block_1_14' title="bbox 371 1346 1948 1421">
    <p class='ocr_par' dir='ltr' id='par_1_14' title="bbox 371 1346 1948 1421">
     <span class='ocr_line' id='line_1_14' title="bbox 371 1346 1948 1421; baseline -0.004 -17"><span class='ocrx_word' id='word_1_88' title='bbox 371 1351 461 1419; x_wconf 79' lang='grc' dir='ltr'>τῆς</span> <span class='ocrx_word' id='word_1_89' title='bbox 482 1352 557 1404; x_wconf 81' lang='grc' dir='ltr'>ἐκ</span> <span class='ocrx_word' id='word_1_90' title='bbox 579 1351 624 1382; x_wconf 75' lang='grc'><strong>⁷⁸</strong></span> <span class='ocrx_word' id='word_1_91' title='bbox 658 1351 766 1404; x_wconf 85' lang='grc' dir='ltr'>τῶν</span> <span class='ocrx_word' id='word_1_92' title='bbox 796 1351 973 1421; x_wconf 77' lang='grc' dir='ltr'>ἔργων</span> <span class='ocrx_word' id='word_1_93' title='bbox 998 1350 1179 1403; x_wconf 76' lang='grc' dir='ltr'>αὐτῶν</span> <span class='ocrx_word' id='word_1_94' title='bbox 1234 1348 1584 1417; x_wconf 76' lang='grc' dir='ltr'>ἐπιγνώσεως</span> <span class='ocrx_word' id='word_1_95' title='bbox 1630 1347 1690 1401; x_wconf 76' lang='grc' dir='ltr'>οὗ</span> <span class='ocrx_word' id='word_1_96' title='bbox 1713 1365 1767 1412; x_wconf 78' lang='grc' dir='ltr'>τι</span> <span class='ocrx_word' id='word_1_97' title='bbox 1805 1346 1948 1417; x_wconf 89' lang='grc' dir='ltr'>μάλα</span> 
     </span>
    </p>
   </div>
   <div class='ocr_carea' id='block_1_15' title="bbox 375 1435 1946 1511">
    <p class='ocr_par' dir='ltr' id='par_1_15' title="bbox 375 1435 1946 1511">
     <span class='ocr_line' id='line_1_15' title="bbox 375 1435 1946 1511; baseline -0.003 -22"><span class='ocrx_word' id='word_1_98' title='bbox 375 1437 718 1511; x_wconf 85' lang='grc' dir='ltr'>στεργούσης</span> <span class='ocrx_word' id='word_1_99' title='bbox 730 1437 830 1501; x_wconf 81' lang='grc' dir='ltr'>τὰς</span> <span class='ocrx_word' id='word_1_100' title='bbox 851 1439 938 1491; x_wconf 84' lang='grc' dir='ltr'>διὰ</span> <span class='ocrx_word' id='word_1_101' title='bbox 961 1439 1072 1491; x_wconf 87' lang='grc' dir='ltr'>τῶν</span> <span class='ocrx_word' id='word_1_102' title='bbox 1097 1439 1360 1509; x_wconf 77' lang='grc' dir='ltr'>ῥημάτων</span> <span class='ocrx_word' id='word_1_103' title='bbox 1388 1437 1772 1507; x_wconf 85' lang='grc' dir='ltr'>ἐπιδηλώσεις.</span> <span class='ocrx_word' id='word_1_104' title='bbox 1805 1435 1946 1488; x_wconf 82' lang='grc' dir='ltr'>Ἀλλ’</span> 
     </span>
    </p>
   </div>
   <div class='ocr_carea' id='block_1_16' title="bbox 363 1527 1949 1598">
    <p class='ocr_par' dir='ltr' id='par_1_16' title="bbox 363 1527 1949 1598">
     <span class='ocr_line' id='line_1_16' title="bbox 363 1527 1949 1598; baseline -0.001 -18"><span class='ocrx_word' id='word_1_105' title='bbox 363 1527 509 1580; x_wconf 73' lang='grc' dir='ltr'>οὕτω</span> <span class='ocrx_word' id='word_1_106' title='bbox 554 1529 655 1597; x_wconf 81' lang='grc' dir='ltr'>μὲν</span> <span class='ocrx_word' id='word_1_107' title='bbox 682 1529 810 1597; x_wconf 77' lang='grc' dir='ltr'>περὶ</span> <span class='ocrx_word' id='word_1_108' title='bbox 823 1529 1035 1582; x_wconf 84' lang='grc' dir='ltr'>τούτου.</span> <span class='ocrx_word' id='word_1_109' title='bbox 1069 1529 1139 1583; x_wconf 90' lang='grc' dir='ltr'>Ὅ</span> <span class='ocrx_word' id='word_1_110' title='bbox 1165 1547 1230 1598; x_wconf 88' lang='grc' dir='ltr'>γε</span> <span class='ocrx_word' id='word_1_111' title='bbox 1267 1530 1373 1598; x_wconf 87' lang='grc' dir='ltr'>μὴν</span> <span class='ocrx_word' id='word_1_112' title='bbox 1394 1528 1434 1582; x_wconf 85' lang='grc' dir='ltr'>δ’</span> <span class='ocrx_word' id='word_1_113' title='bbox 1468 1531 1647 1595; x_wconf 86' lang='grc' dir='ltr'>λόγος,</span> <span class='ocrx_word' id='word_1_114' title='bbox 1674 1530 1754 1591; x_wconf 85' lang='grc' dir='ltr'>εἰς</span> <span class='ocrx_word' id='word_1_115' title='bbox 1779 1528 1949 1581; x_wconf 88' lang='grc' dir='ltr'>τύπον</span> 
     </span>
    </p>
   </div>
   <div class='ocr_carea' id='block_1_17' title="bbox 364 1620 1953 1692">
    <p class='ocr_par' dir='ltr' id='par_1_17' title="bbox 364 1620 1953 1692">
     <span class='ocr_line' id='line_1_17' title="bbox 364 1620 1953 1692; baseline 0.001 -20"><span class='ocrx_word' id='word_1_116' title='bbox 364 1620 704 1690; x_wconf 82' lang='grc' dir='ltr'>ἐρωτήσεως</span> <span class='ocrx_word' id='word_1_117' title='bbox 729 1621 820 1674; x_wconf 73' lang='grc' dir='ltr'>καὶ</span> <span class='ocrx_word' id='word_1_118' title='bbox 851 1621 1199 1691; x_wconf 83' lang='grc' dir='ltr'>ἀποκρίσεως</span> <span class='ocrx_word' id='word_1_119' title='bbox 1219 1622 1720 1692; x_wconf 83' lang='grc' dir='ltr'>ἐσχηματισμένος,</span> <span class='ocrx_word' id='word_1_120' title='bbox 1745 1621 1953 1674; x_wconf 81' lang='grc' dir='ltr'>δείκνυ-</span> 
     </span>
    </p>
   </div>
   <div class='ocr_carea' id='block_1_18' title="bbox 2047 615 3623 686">
    <p class='ocr_par' dir='ltr' id='par_1_18' title="bbox 2047 615 3623 686">
     <span class='ocr_line' id='line_1_18' title="bbox 2047 615 3623 686; baseline 0.001 -16"><span class='ocrx_word' id='word_1_121' title='bbox 2047 615 2284 670; x_wconf 88' lang='lat' dir='ltr'>scuritas</span> <span class='ocrx_word' id='word_1_122' title='bbox 2331 615 2507 683; x_wconf 87' lang='lat' dir='ltr'>aliqua</span> <span class='ocrx_word' id='word_1_123' title='bbox 2534 615 2801 677; x_wconf 87' lang='lat' dir='ltr'>cernitur,</span> <span class='ocrx_word' id='word_1_124' title='bbox 2843 615 2964 669; x_wconf 89' lang='lat' dir='ltr'>ideo</span> <span class='ocrx_word' id='word_1_125' title='bbox 2997 616 3254 668; x_wconf 86' lang='lat' dir='ltr'>nimirum</span> <span class='ocrx_word' id='word_1_126' title='bbox 3283 618 3356 670; x_wconf 85' lang='lat' dir='ltr'>ab</span> <span class='ocrx_word' id='word_1_127' title='bbox 3388 633 3472 680; x_wconf 82' lang='lat' dir='ltr'>ea,</span> <span class='ocrx_word' id='word_1_128' title='bbox 3503 635 3623 686; x_wconf 67' lang='lat' dir='ltr'>qua:</span> 
     </span>
    </p>
   </div>
   <div class='ocr_carea' id='block_1_19' title="bbox 2047 707 3625 779">
    <p class='ocr_par' dir='ltr' id='par_1_19' title="bbox 2047 707 3625 779">
     <span class='ocr_line' id='line_1_19' title="bbox 2047 707 3625 779; baseline 0 -16"><span class='ocrx_word' id='word_1_129' title='bbox 2047 725 2147 778; x_wconf 89' lang='lat' dir='ltr'>per</span> <span class='ocrx_word' id='word_1_130' title='bbox 2179 710 2346 763; x_wconf 89' lang='lat' dir='ltr'>verba</span> <span class='ocrx_word' id='word_1_131' title='bbox 2374 709 2433 762; x_wconf 86' lang='lat' dir='ltr'>lit</span> <span class='ocrx_word' id='word_1_132' title='bbox 2465 707 2663 779; x_wconf 79' lang='lat' dir='ltr'>[clara]</span> <span class='ocrx_word' id='word_1_133' title='bbox 2694 708 3060 776; x_wconf 80' lang='lat' dir='ltr'>explicatione</span> <span class='ocrx_word' id='word_1_134' title='bbox 3094 709 3321 770; x_wconf 90' lang='lat' dir='ltr'>recedit,</span> <span class='ocrx_word' id='word_1_135' title='bbox 3350 711 3493 778; x_wconf 88' lang='lat' dir='ltr'>quod</span> <span class='ocrx_word' id='word_1_136' title='bbox 3512 711 3625 764; x_wconf 69' lang='lat' dir='ltr'>inter</span> 
     </span>
    </p>
   </div>
   <div class='ocr_carea' id='block_1_20' title="bbox 2049 799 3624 870">
    <p class='ocr_par' dir='ltr' id='par_1_20' title="bbox 2049 799 3624 870">
     <span class='ocr_line' id='line_1_20' title="bbox 2049 799 3624 870; baseline -0.003 -15"><span class='ocrx_word' id='word_1_137' title='bbox 2049 801 2311 870; x_wconf 85' lang='lat' dir='ltr'>ejusmodi</span> <span class='ocrx_word' id='word_1_138' title='bbox 2333 801 2459 863; x_wconf 89' lang='lat' dir='ltr'>sint,</span> <span class='ocrx_word' id='word_1_139' title='bbox 2507 809 2563 852; x_wconf 93' lang='lat' dir='ltr'>ut</span> <span class='ocrx_word' id='word_1_140' title='bbox 2607 816 2702 868; x_wconf 90' lang='lat' dir='ltr'>per</span> <span class='ocrx_word' id='word_1_141' title='bbox 2737 800 3006 852; x_wconf 90' lang='lat' dir='ltr'>actionem</span> <span class='ocrx_word' id='word_1_142' title='bbox 3073 800 3240 868; x_wconf 87' lang='lat' dir='ltr'>ipsam</span> <span class='ocrx_word' id='word_1_143' title='bbox 3284 799 3624 864; x_wconf 87' lang='lat' dir='ltr'>potissimum</span> 
     </span>
    </p>
   </div>
   <div class='ocr_carea' id='block_1_21' title="bbox 2049 889 3629 960">
    <p class='ocr_par' dir='ltr' id='par_1_21' title="bbox 2049 889 3629 960">
     <span class='ocr_line' id='line_1_21' title="bbox 2049 889 3629 960; baseline -0.003 -15"><span class='ocrx_word' id='word_1_144' title='bbox 2049 892 2254 960; x_wconf 82' lang='lat' dir='ltr'>percipi</span> <span class='ocrx_word' id='word_1_145' title='bbox 2296 893 2550 955; x_wconf 84' lang='lat' dir='ltr'>debeant,</span> <span class='ocrx_word' id='word_1_146' title='bbox 2588 906 2694 943; x_wconf 93' lang='lat' dir='ltr'>non</span> <span class='ocrx_word' id='word_1_147' title='bbox 2728 893 2872 958; x_wconf 88' lang='lat' dir='ltr'>quod</span> <span class='ocrx_word' id='word_1_148' title='bbox 2903 889 3194 943; x_wconf 78' lang='lat' dir='ltr'>difficulter</span> <span class='ocrx_word' id='word_1_149' title='bbox 3228 891 3414 942; x_wconf 85' lang='lat' dir='ltr'>eadem</span> <span class='ocrx_word' id='word_1_150' title='bbox 3444 889 3629 957; x_wconf 76' lang='lat' dir='ltr'>expri-</span> 
     </span>
    </p>
   </div>
   <div class='ocr_carea' id='block_1_22' title="bbox 2052 980 3627 1051">
    <p class='ocr_par' dir='ltr' id='par_1_22' title="bbox 2052 980 3627 1051">
     <span class='ocr_line' id='line_1_22' title="bbox 2052 980 3627 1051; baseline -0.002 -14"><span class='ocrx_word' id='word_1_151' title='bbox 2052 985 2123 1038; x_wconf 88' lang='lat' dir='ltr'>mi</span> <span class='ocrx_word' id='word_1_152' title='bbox 2157 985 2404 1038; x_wconf 89' lang='lat' dir='ltr'>oratione</span> <span class='ocrx_word' id='word_1_153' title='bbox 2442 985 2673 1051; x_wconf 88' lang='lat' dir='ltr'>possint.</span> <span class='ocrx_word' id='word_1_154' title='bbox 2703 983 2852 1048; x_wconf 91' lang='lat' dir='ltr'>Quod</span> <span class='ocrx_word' id='word_1_155' title='bbox 2883 998 2988 1034; x_wconf 92' lang='lat' dir='ltr'>non</span> <span class='ocrx_word' id='word_1_156' title='bbox 3025 983 3076 1034; x_wconf 93' lang='lat' dir='ltr'>in</span> <span class='ocrx_word' id='word_1_157' title='bbox 3107 982 3253 1035; x_wconf 88' lang='lat' dir='ltr'>hisce</span> <span class='ocrx_word' id='word_1_158' title='bbox 3276 982 3448 1034; x_wconf 88' lang='lat' dir='ltr'>solum</span> <span class='ocrx_word' id='word_1_159' title='bbox 3476 980 3627 1034; x_wconf 80' lang='lat' dir='ltr'>libris</span> 
     </span>
    </p>
   </div>
   <div class='ocr_carea' id='block_1_23' title="bbox 2054 1074 3628 1143">
    <p class='ocr_par' dir='ltr' id='par_1_23' title="bbox 2054 1074 3628 1143">
     <span class='ocr_line' id='line_1_23' title="bbox 2054 1074 3628 1143; baseline -0.001 -13"><span class='ocrx_word' id='word_1_160' title='bbox 2054 1093 2152 1130; x_wconf 92' lang='lat' dir='ltr'>usu</span> <span class='ocrx_word' id='word_1_161' title='bbox 2196 1078 2376 1143; x_wconf 91' lang='lat' dir='ltr'>venit,</span> <span class='ocrx_word' id='word_1_162' title='bbox 2431 1078 2523 1130; x_wconf 90' lang='lat' dir='ltr'>sed</span> <span class='ocrx_word' id='word_1_163' title='bbox 2571 1087 2625 1131; x_wconf 89' lang='lat' dir='ltr'>et</span> <span class='ocrx_word' id='word_1_164' title='bbox 2675 1077 2727 1129; x_wconf 91' lang='lat' dir='ltr'>in</span> <span class='ocrx_word' id='word_1_165' title='bbox 2776 1076 2899 1129; x_wconf 91' lang='lat' dir='ltr'>aliis</span> <span class='ocrx_word' id='word_1_166' title='bbox 2941 1075 3195 1142; x_wconf 81' lang='lat' dir='ltr'>deinceps</span> <span class='ocrx_word' id='word_1_167' title='bbox 3249 1074 3628 1143; x_wconf 87' lang='lat' dir='ltr'>sequentibus.</span> 
     </span>
    </p>
   </div>
   <div class='ocr_carea' id='block_1_24' title="bbox 2053 1165 3628 1237">
    <p class='ocr_par' dir='ltr' id='par_1_24' title="bbox 2053 1165 3628 1237">
     <span class='ocr_line' id='line_1_24' title="bbox 2053 1165 3628 1237; baseline -0.004 -15"><span class='ocrx_word' id='word_1_168' title='bbox 2053 1169 2191 1235; x_wconf 92' lang='lat' dir='ltr'>Quin</span> <span class='ocrx_word' id='word_1_169' title='bbox 2225 1184 2398 1237; x_wconf 88' lang='lat' dir='ltr'>neque</span> <span class='ocrx_word' id='word_1_170' title='bbox 2433 1170 2486 1221; x_wconf 94' lang='lat' dir='ltr'>iu</span> <span class='ocrx_word' id='word_1_171' title='bbox 2522 1169 2622 1222; x_wconf 89' lang='lat' dir='ltr'>hoc</span> <span class='ocrx_word' id='word_1_172' title='bbox 2647 1168 2908 1221; x_wconf 81' lang='lat' dir='ltr'>duntaxat</span> <span class='ocrx_word' id='word_1_173' title='bbox 2930 1168 3221 1235; x_wconf 76' lang='lat' dir='ltr'>scriptore,</span> <span class='ocrx_word' id='word_1_174' title='bbox 3253 1181 3437 1220; x_wconf 87' lang='lat' dir='ltr'>verum</span> <span class='ocrx_word' id='word_1_175' title='bbox 3464 1165 3628 1218; x_wconf 90' lang='lat' dir='ltr'>etiam</span> 
     </span>
    </p>
   </div>
   <div class='ocr_carea' id='block_1_25' title="bbox 2055 1259 3634 1330">
    <p class='ocr_par' dir='ltr' id='par_1_25' title="bbox 2055 1259 3634 1330">
     <span class='ocr_line' id='line_1_25' title="bbox 2055 1259 3634 1330; baseline -0.004 -15"><span class='ocrx_word' id='word_1_176' title='bbox 2055 1264 2108 1315; x_wconf 91' lang='lat' dir='ltr'>in</span> <span class='ocrx_word' id='word_1_177' title='bbox 2142 1263 2395 1326; x_wconf 86' lang='lat' dir='ltr'>omnibus</span> <span class='ocrx_word' id='word_1_178' title='bbox 2422 1261 2594 1316; x_wconf 80' lang='lat' dir='ltr'>ferme</span> <span class='ocrx_word' id='word_1_179' title='bbox 2626 1262 2716 1324; x_wconf 87' lang='lat' dir='ltr'>iis,</span> <span class='ocrx_word' id='word_1_180' title='bbox 2753 1261 2842 1330; x_wconf 89' lang='lat' dir='ltr'>qui</span> <span class='ocrx_word' id='word_1_181' title='bbox 2884 1261 2949 1314; x_wconf 90' lang='lat' dir='ltr'>de</span> <span class='ocrx_word' id='word_1_182' title='bbox 2974 1259 3227 1313; x_wconf 82' lang='lat' dir='ltr'>asceticis</span> <span class='ocrx_word' id='word_1_183' title='bbox 3255 1259 3547 1322; x_wconf 70' lang='lat' dir='ltr'>institutis,</span> <span class='ocrx_word' id='word_1_184' title='bbox 3580 1268 3634 1312; x_wconf 89' lang='lat' dir='ltr'>et</span> 
     </span>
    </p>
   </div>
   <div class='ocr_carea' id='block_1_26' title="bbox 2055 1350 3635 1422">
    <p class='ocr_par' dir='ltr' id='par_1_26' title="bbox 2055 1350 3635 1422">
     <span class='ocr_line' id='line_1_26' title="bbox 2055 1350 3635 1422; baseline -0.004 -14"><span class='ocrx_word' id='word_1_185' title='bbox 2055 1355 2121 1408; x_wconf 89' lang='lat' dir='ltr'>de</span> <span class='ocrx_word' id='word_1_186' title='bbox 2167 1354 2666 1422; x_wconf 81' lang='lat' dir='ltr'>perturbationibus</span> <span class='ocrx_word' id='word_1_187' title='bbox 2705 1363 2865 1421; x_wconf 90' lang='lat' dir='ltr'>atque</span> <span class='ocrx_word' id='word_1_188' title='bbox 2910 1350 3315 1415; x_wconf 77' lang='lat' dir='ltr'>affectionibus,</span> <span class='ocrx_word' id='word_1_189' title='bbox 3369 1366 3489 1420; x_wconf 78' lang='lat' dir='ltr'>que</span> <span class='ocrx_word' id='word_1_190' title='bbox 3539 1364 3635 1416; x_wconf 87' lang='lat' dir='ltr'>per</span> 
     </span>
    </p>
   </div>
   <div class='ocr_carea' id='block_1_27' title="bbox 2057 1445 3631 1516">
    <p class='ocr_par' dir='ltr' id='par_1_27' title="bbox 2057 1445 3631 1516">
     <span class='ocr_line' id='line_1_27' title="bbox 2057 1445 3631 1516; baseline -0.004 -16"><span class='ocrx_word' id='word_1_191' title='bbox 2057 1446 2172 1514; x_wconf 88' lang='lat' dir='ltr'>ipsa</span> <span class='ocrx_word' id='word_1_192' title='bbox 2201 1445 2572 1516; x_wconf 89' lang='lat' dir='ltr'>producuntur</span> <span class='ocrx_word' id='word_1_193' title='bbox 2599 1461 2787 1514; x_wconf 84' lang='lat' dir='ltr'>opera,</span> <span class='ocrx_word' id='word_1_194' title='bbox 2822 1447 3018 1498; x_wconf 91' lang='lat' dir='ltr'>docere</span> <span class='ocrx_word' id='word_1_195' title='bbox 3045 1445 3250 1512; x_wconf 90' lang='lat' dir='ltr'>aliquid</span> <span class='ocrx_word' id='word_1_196' title='bbox 3284 1445 3631 1507; x_wconf 89' lang='lat' dir='ltr'>studuerunt,</span> 
     </span>
    </p>
   </div>
   <div class='ocr_carea' id='block_1_28' title="bbox 2056 1536 3633 1606">
    <p class='ocr_par' dir='ltr' id='par_1_28' title="bbox 2056 1536 3633 1606">
     <span class='ocr_line' id='line_1_28' title="bbox 2056 1536 3633 1606; baseline -0.004 -15"><span class='ocrx_word' id='word_1_197' title='bbox 2056 1538 2319 1606; x_wconf 68' lang='lat' dir='ltr'>ejusmodi</span> <span class='ocrx_word' id='word_1_198' title='bbox 2352 1537 2703 1591; x_wconf 83' lang='lat' dir='ltr'>obscuritatis</span> <span class='ocrx_word' id='word_1_199' title='bbox 2724 1537 2914 1590; x_wconf 88' lang='lat' dir='ltr'>vitium</span> <span class='ocrx_word' id='word_1_200' title='bbox 2935 1536 3134 1589; x_wconf 85' lang='lat' dir='ltr'>alicubi</span> <span class='ocrx_word' id='word_1_201' title='bbox 3169 1536 3445 1589; x_wconf 81' lang='lat' dir='ltr'>invenitur</span> <span class='ocrx_word' id='word_1_202' title='bbox 3472 1551 3487 1599; x_wconf 85' lang='lat'><strong>;</strong></span> <span class='ocrx_word' id='word_1_203' title='bbox 3513 1550 3633 1602; x_wconf 71' lang='lat' dir='ltr'>qua:</span> 
     </span>
    </p>
   </div>
   <div class='ocr_carea' id='block_1_29' title="bbox 2059 1627 3632 1698">
    <p class='ocr_par' dir='ltr' id='par_1_29' title="bbox 2059 1627 3632 1698">
     <span class='ocr_line' id='line_1_29' title="bbox 2059 1627 3632 1698; baseline -0.003 -15"><span class='ocrx_word' id='word_1_204' title='bbox 2059 1633 2203 1685; x_wconf 89' lang='lat' dir='ltr'>enim</span> <span class='ocrx_word' id='word_1_205' title='bbox 2236 1645 2301 1683; x_wconf 90' lang='lat' dir='ltr'>ex</span> <span class='ocrx_word' id='word_1_206' title='bbox 2342 1631 2474 1698; x_wconf 90' lang='lat' dir='ltr'>ipsis</span> <span class='ocrx_word' id='word_1_207' title='bbox 2525 1639 2608 1682; x_wconf 86' lang='lat' dir='ltr'>est</span> <span class='ocrx_word' id='word_1_208' title='bbox 2643 1631 2899 1696; x_wconf 86' lang='lat' dir='ltr'>operibus</span> <span class='ocrx_word' id='word_1_209' title='bbox 2927 1639 3181 1696; x_wconf 88' lang='lat' dir='ltr'>percepta</span> <span class='ocrx_word' id='word_1_210' title='bbox 3214 1627 3476 1694; x_wconf 79' lang='lat' dir='ltr'>cognitio,</span> <span class='ocrx_word' id='word_1_211' title='bbox 3527 1641 3632 1678; x_wconf 84' lang='lat' dir='ltr'>non</span> 
     </span>
    </p>
   </div>
   <div class='ocr_carea' id='block_1_30' title="bbox 363 1711 1964 1790">
    <p class='ocr_par' dir='ltr' id='par_1_30' title="bbox 363 1711 1953 1784">
     <span class='ocr_line' id='line_1_30' title="bbox 363 1711 1953 1784; baseline 0.001 -21"><span class='ocrx_word' id='word_1_212' title='bbox 363 1727 453 1764; x_wconf 84' lang='grc' dir='ltr'>σιν</span> <span class='ocrx_word' id='word_1_213' title='bbox 490 1711 574 1775; x_wconf 82' lang='grc' dir='ltr'>ὡς</span> <span class='ocrx_word' id='word_1_214' title='bbox 609 1711 672 1765; x_wconf 87' lang='grc' dir='ltr'>τὺ</span> <span class='ocrx_word' id='word_1_215' title='bbox 700 1713 966 1782; x_wconf 83' lang='grc' dir='ltr'>σωτήριον</span> <span class='ocrx_word' id='word_1_216' title='bbox 1019 1711 1302 1782; x_wconf 84' lang='grc' dir='ltr'>βάπτισμα</span> <span class='ocrx_word' id='word_1_217' title='bbox 1353 1713 1451 1784; x_wconf 84' lang='grc' dir='ltr'>τὴν</span> <span class='ocrx_word' id='word_1_218' title='bbox 1501 1713 1814 1782; x_wconf 81' lang='grc' dir='ltr'>ἐλευθερίαν</span> <span class='ocrx_word' id='word_1_219' title='bbox 1857 1715 1953 1766; x_wconf 71' lang='grc' dir='ltr'>καὶ</span> 
     </span>
    </p>
   </div>
   <div class='ocr_carea' id='block_1_31' title="bbox 2072 1711 3637 1790">
    <p class='ocr_par' dir='ltr' id='par_1_31' title="bbox 2077 1719 3637 1790">
     <span class='ocr_line' id='line_1_31' title="bbox 2077 1719 3637 1790; baseline -0.003 -16"><span class='ocrx_word' id='word_1_220' title='bbox 2077 1737 2231 1790; x_wconf 81' lang='lat' dir='ltr'>isque</span> <span class='ocrx_word' id='word_1_221' title='bbox 2261 1726 2394 1774; x_wconf 84' lang='lat' dir='ltr'>adeo</span> <span class='ocrx_word' id='word_1_222' title='bbox 2440 1722 2619 1775; x_wconf 84' lang='lat' dir='ltr'>verbis</span> <span class='ocrx_word' id='word_1_223' title='bbox 2648 1722 2916 1786; x_wconf 80' lang='lat' dir='ltr'>expliCari</span> <span class='ocrx_word' id='word_1_224' title='bbox 2956 1729 3210 1773; x_wconf 90' lang='lat' dir='ltr'>contenta</span> <span class='ocrx_word' id='word_1_225' title='bbox 3248 1728 3349 1772; x_wconf 90' lang='lat' dir='ltr'>est.</span> <span class='ocrx_word' id='word_1_226' title='bbox 3381 1719 3486 1770; x_wconf 87' lang='lat' dir='ltr'>Sed</span> <span class='ocrx_word' id='word_1_227' title='bbox 3521 1719 3637 1770; x_wconf 70' lang='lat' dir='ltr'>haec</span> 
     </span>
    </p>
   </div>
   <div class='ocr_carea' id='block_1_32' title="bbox 361 1799 1956 1874">
    <p class='ocr_par' dir='ltr' id='par_1_32' title="bbox 361 1799 1956 1874">
     <span class='ocr_line' id='line_1_32' title="bbox 361 1799 1956 1874; baseline 0.002 -22"><span class='ocrx_word' id='word_1_228' title='bbox 361 1799 460 1853; x_wconf 78' lang='grc' dir='ltr'>τὸν</span> <span class='ocrx_word' id='word_1_229' title='bbox 505 1802 854 1872; x_wconf 83' lang='grc' dir='ltr'>καθαρισμὸν</span> <span class='ocrx_word' id='word_1_230' title='bbox 893 1802 1001 1854; x_wconf 82' lang='grc' dir='ltr'>τῶν</span> <span class='ocrx_word' id='word_1_231' title='bbox 1037 1804 1453 1874; x_wconf 82' lang='grc' dir='ltr'>ἁμαρτημάτων</span> <span class='ocrx_word' id='word_1_232' title='bbox 1511 1803 1792 1873; x_wconf 80' lang='grc' dir='ltr'>μυστικῶς</span> <span class='ocrx_word' id='word_1_233' title='bbox 1824 1804 1956 1874; x_wconf 84' lang='grc' dir='ltr'>ἡμῖν</span> 
     </span>
    </p>
   </div>
   <div class='ocr_carea' id='block_1_33' title="bbox 364 1895 1957 1967">
    <p class='ocr_par' dir='ltr' id='par_1_33' title="bbox 364 1895 1957 1967">
     <span class='ocr_line' id='line_1_33' title="bbox 364 1895 1957 1967; baseline 0.002 -20"><span class='ocrx_word' id='word_1_234' title='bbox 364 1895 677 1966; x_wconf 78' lang='grc' dir='ltr'>ἐχαρίσατο</span> <span class='ocrx_word' id='word_1_235' title='bbox 722 1898 766 1928; x_wconf 75' lang='grc'>⁷³</span> <span class='ocrx_word' id='word_1_236' title='bbox 811 1897 905 1948; x_wconf 70' lang='grc' dir='ltr'>καὶ</span> <span class='ocrx_word' id='word_1_237' title='bbox 937 1896 1036 1966; x_wconf 86' lang='grc' dir='ltr'>τὴν</span> <span class='ocrx_word' id='word_1_238' title='bbox 1069 1896 1232 1966; x_wconf 87' lang='grc' dir='ltr'>χάριν</span> <span class='ocrx_word' id='word_1_239' title='bbox 1270 1896 1365 1950; x_wconf 89' lang='grc' dir='ltr'>τοῦ</span> <span class='ocrx_word' id='word_1_240' title='bbox 1417 1898 1684 1964; x_wconf 86' lang='grc' dir='ltr'>παναγίου</span> <span class='ocrx_word' id='word_1_241' title='bbox 1730 1895 1957 1967; x_wconf 79' lang='grc' dir='ltr'>ἐνῴκισε</span> 
     </span>
    </p>
   </div>
   <div class='ocr_carea' id='block_1_34' title="bbox 367 1986 1960 2059">
    <p class='ocr_par' dir='ltr' id='par_1_34' title="bbox 367 1986 1960 2059">
     <span class='ocr_line' id='line_1_34' title="bbox 367 1986 1960 2059; baseline 0.001 -20"><span class='ocrx_word' id='word_1_242' title='bbox 367 1986 720 2057; x_wconf 82' lang='grc' dir='ltr'>Πνεύματος,</span> <span class='ocrx_word' id='word_1_243' title='bbox 762 1987 857 2040; x_wconf 78' lang='grc' dir='ltr'>καὶ</span> <span class='ocrx_word' id='word_1_244' title='bbox 912 1987 1121 2041; x_wconf 85' lang='grc' dir='ltr'>τοιαῦθ’</span> <span class='ocrx_word' id='word_1_245' title='bbox 1154 1989 1339 2059; x_wconf 75' lang='grc' dir='ltr'>ἕτερα.</span> <span class='ocrx_word' id='word_1_246' title='bbox 1380 1989 1437 2041; x_wconf 84' lang='lat'>&#39;0</span> <span class='ocrx_word' id='word_1_247' title='bbox 1465 1988 1524 2040; x_wconf 84' lang='grc' dir='ltr'>δὲ</span> <span class='ocrx_word' id='word_1_248' title='bbox 1552 1995 1591 2040; x_wconf 85' lang='grc' dir='ltr'>ε’</span> <span class='ocrx_word' id='word_1_249' title='bbox 1644 1989 1960 2042; x_wconf 84' lang='grc' dir='ltr'>διαπλάττει</span> 
     </span>
    </p>
   </div>
   <div class='ocr_carea' id='block_1_35' title="bbox 367 2079 1960 2154">
    <p class='ocr_par' dir='ltr' id='par_1_35' title="bbox 367 2079 1960 2154">
     <span class='ocr_line' id='line_1_35' title="bbox 367 2079 1960 2154; baseline 0 -19"><span class='ocrx_word' id='word_1_250' title='bbox 367 2081 467 2135; x_wconf 77' lang='grc' dir='ltr'>τὸν</span> <span class='ocrx_word' id='word_1_251' title='bbox 496 2082 626 2135; x_wconf 85' lang='grc' dir='ltr'>νοῦν</span> <span class='ocrx_word' id='word_1_252' title='bbox 677 2083 814 2152; x_wconf 77' lang='grc' dir='ltr'>πρὸς</span> <span class='ocrx_word' id='word_1_253' title='bbox 845 2084 946 2153; x_wconf 87' lang='grc' dir='ltr'>τὴν</span> <span class='ocrx_word' id='word_1_254' title='bbox 986 2085 1191 2136; x_wconf 85' lang='grc' dir='ltr'>οἰκείαν</span> <span class='ocrx_word' id='word_1_255' title='bbox 1243 2084 1422 2154; x_wconf 75' lang='grc' dir='ltr'>ψυχὴν</span> <span class='ocrx_word' id='word_1_256' title='bbox 1483 2084 1796 2154; x_wconf 85' lang='grc' dir='ltr'>συμϐουλὴν</span> <span class='ocrx_word' id='word_1_257' title='bbox 1849 2079 1960 2136; x_wconf 77' lang='grc' dir='ltr'>οἷον</span> 
     </span>
    </p>
   </div>
   <div class='ocr_carea' id='block_1_36' title="bbox 371 2171 1964 2248">
    <p class='ocr_par' dir='ltr' id='par_1_36' title="bbox 371 2171 1964 2248">
     <span class='ocr_line' id='line_1_36' title="bbox 371 2171 1964 2248; baseline 0 -20"><span class='ocrx_word' id='word_1_258' title='bbox 371 2174 857 2245; x_wconf 81' lang='grc' dir='ltr'>ἀνακοινούμενον,</span> <span class='ocrx_word' id='word_1_259' title='bbox 884 2176 949 2229; x_wconf 87' lang='grc' dir='ltr'>δι’</span> <span class='ocrx_word' id='word_1_260' title='bbox 973 2171 1040 2248; x_wconf 79' lang='grc' dir='ltr'>ἧς</span> <span class='ocrx_word' id='word_1_261' title='bbox 1081 2179 1182 2230; x_wconf 87' lang='grc' dir='ltr'>οὐκ</span> <span class='ocrx_word' id='word_1_262' title='bbox 1213 2176 1404 2240; x_wconf 81' lang='grc' dir='ltr'>ἄλλους</span> <span class='ocrx_word' id='word_1_263' title='bbox 1455 2177 1682 2239; x_wconf 83' lang='grc' dir='ltr'>αἰτίους,</span> <span class='ocrx_word' id='word_1_264' title='bbox 1718 2175 1832 2229; x_wconf 86' lang='grc' dir='ltr'>ἀλλ’</span> <span class='ocrx_word' id='word_1_265' title='bbox 1864 2176 1964 2228; x_wconf 88' lang='grc' dir='ltr'>αύ-</span> 
     </span>
    </p>
   </div>
   <div class='ocr_carea' id='block_1_37' title="bbox 373 2267 1964 2340">
    <p class='ocr_par' dir='ltr' id='par_1_37' title="bbox 373 2267 1964 2340">
     <span class='ocr_line' id='line_1_37' title="bbox 373 2267 1964 2340; baseline 0 -20"><span class='ocrx_word' id='word_1_266' title='bbox 373 2269 509 2330; x_wconf 82' lang='grc' dir='ltr'>τοὺς</span> <span class='ocrx_word' id='word_1_267' title='bbox 543 2269 689 2338; x_wconf 80' lang='grc' dir='ltr'>ἡμᾶς</span> <span class='ocrx_word' id='word_1_268' title='bbox 711 2267 822 2321; x_wconf 85' lang='grc' dir='ltr'>τῶν</span> <span class='ocrx_word' id='word_1_269' title='bbox 850 2269 1320 2340; x_wconf 81' lang='grc' dir='ltr'>ἁμαρτανομένων</span> <span class='ocrx_word' id='word_1_270' title='bbox 1375 2270 1759 2336; x_wconf 83' lang='grc' dir='ltr'>ἀποφαίνεται.</span> <span class='ocrx_word' id='word_1_271' title='bbox 1800 2270 1909 2322; x_wconf 74' lang='grc' dir='ltr'>Καὶ</span> <span class='ocrx_word' id='word_1_272' title='bbox 1935 2269 1964 2320; x_wconf 86' lang='grc' dir='ltr'><em>ὁ</em></span> 
     </span>
    </p>
   </div>
   <div class='ocr_carea' id='block_1_38' title="bbox 378 2357 1964 2429">
    <p class='ocr_par' dir='ltr' id='par_1_38' title="bbox 378 2357 1964 2429">
     <span class='ocr_line' id='line_1_38' title="bbox 378 2357 1964 2429; baseline 0.002 -18"><span class='ocrx_word' id='word_1_273' title='bbox 378 2358 440 2423; x_wconf 87' lang='grc' dir='ltr'>ς’</span> <span class='ocrx_word' id='word_1_274' title='bbox 466 2359 527 2411; x_wconf 80' lang='grc' dir='ltr'>δὲ</span> <span class='ocrx_word' id='word_1_275' title='bbox 551 2359 632 2422; x_wconf 82' lang='grc' dir='ltr'>εἰς</span> <span class='ocrx_word' id='word_1_276' title='bbox 649 2359 895 2426; x_wconf 84' lang='grc' dir='ltr'>διάλογον</span> <span class='ocrx_word' id='word_1_277' title='bbox 914 2376 1015 2429; x_wconf 85' lang='grc' dir='ltr'>σχη</span> <span class='ocrx_word' id='word_1_278' title='bbox 1025 2357 1334 2429; x_wconf 77' lang='grc' dir='ltr'>ματίζεται,</span> <span class='ocrx_word' id='word_1_279' title='bbox 1356 2361 1711 2429; x_wconf 85' lang='grc' dir='ltr'>σχολαστικὸν</span> <span class='ocrx_word' id='word_1_280' title='bbox 1726 2362 1964 2429; x_wconf 76' lang='grc' dir='ltr'>εἰσάγων</span> 
     </span>
    </p>
   </div>
   <div class='ocr_carea' id='block_1_39' title="bbox 377 2445 1963 2521">
    <p class='ocr_par' dir='ltr' id='par_1_39' title="bbox 377 2445 1963 2521">
     <span class='ocr_line' id='line_1_39' title="bbox 377 2445 1963 2521; baseline 0.003 -21"><span class='ocrx_word' id='word_1_281' title='bbox 377 2449 505 2502; x_wconf 77' lang='grc' dir='ltr'>τινὰ</span> <span class='ocrx_word' id='word_1_282' title='bbox 533 2449 668 2519; x_wconf 82' lang='grc' dir='ltr'>πρὸς</span> <span class='ocrx_word' id='word_1_283' title='bbox 693 2451 921 2519; x_wconf 84' lang='grc' dir='ltr'>Μάρκον</span> <span class='ocrx_word' id='word_1_284' title='bbox 947 2450 1110 2503; x_wconf 76' lang='grc' dir='ltr'>αὑτὸν</span> <span class='ocrx_word' id='word_1_285' title='bbox 1137 2450 1542 2521; x_wconf 86' lang='grc' dir='ltr'>διαλεγόμενον,</span> <span class='ocrx_word' id='word_1_286' title='bbox 1568 2445 1643 2505; x_wconf 82' lang='grc' dir='ltr'>ὧν</span> <span class='ocrx_word' id='word_1_287' title='bbox 1690 2455 1759 2505; x_wconf 78' lang='grc' dir='ltr'>τὰ</span> <span class='ocrx_word' id='word_1_288' title='bbox 1789 2453 1963 2519; x_wconf 81' lang='grc' dir='ltr'>κεφά-</span> 
     </span>
    </p>
   </div>
   <div class='ocr_carea' id='block_1_40' title="bbox 378 2540 1964 2614">
    <p class='ocr_par' dir='ltr' id='par_1_40' title="bbox 378 2540 1964 2614">
     <span class='ocr_line' id='line_1_40' title="bbox 378 2540 1964 2614; baseline 0.003 -22"><span class='ocrx_word' id='word_1_289' title='bbox 378 2540 514 2592; x_wconf 87' lang='grc' dir='ltr'>λαια</span> <span class='ocrx_word' id='word_1_290' title='bbox 545 2541 628 2594; x_wconf 85' lang='grc' dir='ltr'>ὃτι</span> <span class='ocrx_word' id='word_1_291' title='bbox 647 2540 728 2594; x_wconf 85' lang='grc' dir='ltr'>δεῖ</span> <span class='ocrx_word' id='word_1_292' title='bbox 756 2541 1119 2611; x_wconf 86' lang='grc' dir='ltr'>ἀδικούμενον</span> <span class='ocrx_word' id='word_1_293' title='bbox 1150 2543 1224 2612; x_wconf 85' lang='grc' dir='ltr'>μὴ</span> <span class='ocrx_word' id='word_1_294' title='bbox 1273 2542 1579 2612; x_wconf 88' lang='grc' dir='ltr'>ἀμύνεσθαι</span> <span class='ocrx_word' id='word_1_295' title='bbox 1621 2544 1753 2614; x_wconf 85' lang='grc' dir='ltr'>μηδὲ</span> <span class='ocrx_word' id='word_1_296' title='bbox 1793 2561 1964 2597; x_wconf 85' lang='grc' dir='ltr'>κατα-</span> 
     </span>
    </p>
   </div>
   <div class='ocr_carea' id='block_1_41' title="bbox 381 2635 1965 2707">
    <p class='ocr_par' dir='ltr' id='par_1_41' title="bbox 381 2635 1965 2707">
     <span class='ocr_line' id='line_1_41' title="bbox 381 2635 1965 2707; baseline 0.003 -21"><span class='ocrx_word' id='word_1_297' title='bbox 381 2635 595 2704; x_wconf 82' lang='grc' dir='ltr'>κρίνειν</span> <span class='ocrx_word' id='word_1_298' title='bbox 640 2635 767 2698; x_wconf 78' lang='grc' dir='ltr'>τοὺς</span> <span class='ocrx_word' id='word_1_299' title='bbox 809 2635 1152 2701; x_wconf 84' lang='grc' dir='ltr'>ἀδικοῦντας,</span> <span class='ocrx_word' id='word_1_300' title='bbox 1185 2636 1303 2688; x_wconf 85' lang='grc' dir='ltr'>ἀλλ’</span> <span class='ocrx_word' id='word_1_301' title='bbox 1353 2636 1496 2689; x_wconf 80' lang='grc' dir='ltr'>ἰδίων</span> <span class='ocrx_word' id='word_1_302' title='bbox 1551 2637 1965 2707; x_wconf 81' lang='grc' dir='ltr'>ἁμαρτημάτων</span> 
     </span>
    </p>
   </div>
   <div class='ocr_carea' id='block_1_42' title="bbox 381 2728 1966 2799">
    <p class='ocr_par' dir='ltr' id='par_1_42' title="bbox 381 2728 1966 2799">
     <span class='ocr_line' id='line_1_42' title="bbox 381 2728 1966 2799; baseline 0.001 -19"><span class='ocrx_word' id='word_1_303' title='bbox 381 2728 705 2797; x_wconf 80' lang='grc' dir='ltr'>εἰσπράξεις</span> <span class='ocrx_word' id='word_1_304' title='bbox 733 2728 986 2799; x_wconf 79' lang='grc' dir='ltr'>ἡγεῖσθαι</span> <span class='ocrx_word' id='word_1_305' title='bbox 1018 2729 1120 2792; x_wconf 82' lang='grc' dir='ltr'>τὰς</span> <span class='ocrx_word' id='word_1_306' title='bbox 1150 2729 1208 2795; x_wconf 78' lang='grc' dir='ltr'>ἐξ</span> <span class='ocrx_word' id='word_1_307' title='bbox 1235 2729 1441 2798; x_wconf 89' lang='grc' dir='ltr'>ἐτέρων</span> <span class='ocrx_word' id='word_1_308' title='bbox 1469 2731 1601 2798; x_wconf 80' lang='grc' dir='ltr'>ἡμῖν</span> <span class='ocrx_word' id='word_1_309' title='bbox 1632 2729 1966 2799; x_wconf 83' lang='grc' dir='ltr'>ἐπιφερομέ-</span> 
     </span>
    </p>
   </div>
   <div class='ocr_carea' id='block_1_43' title="bbox 382 2820 1964 2891">
    <p class='ocr_par' dir='ltr' id='par_1_43' title="bbox 382 2820 1964 2891">
     <span class='ocr_line' id='line_1_43' title="bbox 382 2820 1964 2891; baseline 0.001 -17"><span class='ocrx_word' id='word_1_310' title='bbox 382 2837 482 2882; x_wconf 80' lang='grc' dir='ltr'>νας</span> <span class='ocrx_word' id='word_1_311' title='bbox 507 2821 550 2850; x_wconf 89' lang='grc'>⁷³</span> <span class='ocrx_word' id='word_1_312' title='bbox 571 2821 865 2890; x_wconf 71' lang='grc' dir='ltr'>ἐπηρείας·</span> <span class='ocrx_word' id='word_1_313' title='bbox 904 2821 997 2874; x_wconf 72' lang='grc' dir='ltr'>καὶ</span> <span class='ocrx_word' id='word_1_314' title='bbox 1028 2821 1109 2874; x_wconf 84' lang='grc' dir='ltr'>ὅτι</span> <span class='ocrx_word' id='word_1_315' title='bbox 1156 2820 1395 2890; x_wconf 83' lang='grc' dir='ltr'>χαλεπὸν</span> <span class='ocrx_word' id='word_1_316' title='bbox 1416 2823 1450 2891; x_wconf 83' lang='grc' dir='ltr'>ἡ</span> <span class='ocrx_word' id='word_1_317' title='bbox 1480 2820 1964 2891; x_wconf 87' lang='grc' dir='ltr'>ἀνθρωπαρεσκία,</span> 
     </span>
    </p>
   </div>
   <div class='ocr_carea' id='block_1_44' title="bbox 383 2912 1968 2985">
    <p class='ocr_par' dir='ltr' id='par_1_44' title="bbox 383 2912 1968 2985">
     <span class='ocr_line' id='line_1_44' title="bbox 383 2912 1968 2985; baseline 0 -20"><span class='ocrx_word' id='word_1_318' title='bbox 383 2913 481 2965; x_wconf 67' lang='grc' dir='ltr'>καὶ</span> <span class='ocrx_word' id='word_1_319' title='bbox 507 2913 582 2975; x_wconf 82' lang='grc' dir='ltr'>ὡς</span> <span class='ocrx_word' id='word_1_320' title='bbox 613 2913 695 2966; x_wconf 90' lang='grc' dir='ltr'>δεῖ</span> <span class='ocrx_word' id='word_1_321' title='bbox 726 2913 930 2976; x_wconf 78' lang='grc' dir='ltr'>παντὸς</span> <span class='ocrx_word' id='word_1_322' title='bbox 961 2912 1278 2981; x_wconf 77' lang='grc' dir='ltr'>σωματικοῦ</span> <span class='ocrx_word' id='word_1_323' title='bbox 1308 2914 1473 2983; x_wconf 81' lang='grc' dir='ltr'>ἔργου</span> <span class='ocrx_word' id='word_1_324' title='bbox 1495 2912 1675 2985; x_wconf 81' lang='grc' dir='ltr'>πολλῷ</span> <span class='ocrx_word' id='word_1_325' title='bbox 1712 2914 1790 2983; x_wconf 85' lang='grc' dir='ltr'>τῷ</span> <span class='ocrx_word' id='word_1_326' title='bbox 1818 2914 1968 2984; x_wconf 84' lang='grc' dir='ltr'>μέσῳ</span> 
     </span>
    </p>
   </div>
   <div class='ocr_carea' id='block_1_45' title="bbox 382 3005 1968 3077">
    <p class='ocr_par' dir='ltr' id='par_1_45' title="bbox 382 3005 1968 3077">
     <span class='ocr_line' id='line_1_45' title="bbox 382 3005 1968 3077; baseline 0.001 -22"><span class='ocrx_word' id='word_1_327' title='bbox 382 3005 483 3069; x_wconf 81' lang='grc' dir='ltr'>τὴν</span> <span class='ocrx_word' id='word_1_328' title='bbox 505 3005 818 3077; x_wconf 84' lang='grc' dir='ltr'>προσευχὴν</span> <span class='ocrx_word' id='word_1_329' title='bbox 856 3005 1205 3074; x_wconf 87' lang='grc' dir='ltr'>προτάττειν,</span> <span class='ocrx_word' id='word_1_330' title='bbox 1271 3008 1366 3059; x_wconf 81' lang='grc' dir='ltr'>καὶ</span> <span class='ocrx_word' id='word_1_331' title='bbox 1397 3006 1451 3058; x_wconf 89' lang='grc' dir='ltr'>τί</span> <span class='ocrx_word' id='word_1_332' title='bbox 1478 3008 1594 3058; x_wconf 85' lang='grc' dir='ltr'>ἐστι</span> <span class='ocrx_word' id='word_1_333' title='bbox 1647 3006 1709 3058; x_wconf 85' lang='grc' dir='ltr'>τὸ</span> <span class='ocrx_word' id='word_1_334' title='bbox 1756 3005 1968 3074; x_wconf 87' lang='grc' dir='ltr'>θέλημα</span> 
     </span>
    </p>
   </div>
   <div class='ocr_carea' id='block_1_46' title="bbox 381 3079 2039 3175">
    <p class='ocr_par' dir='ltr' id='par_1_46' title="bbox 381 3079 2039 3175">
     <span class='ocr_line' id='line_1_46' title="bbox 381 3079 2039 3175; baseline 0.002 -27"><span class='ocrx_word' id='word_1_335' title='bbox 381 3097 487 3166; x_wconf 82' lang='grc' dir='ltr'>τῆς</span> <span class='ocrx_word' id='word_1_336' title='bbox 515 3098 737 3167; x_wconf 87' lang='grc' dir='ltr'>σαρκός.</span> <span class='ocrx_word' id='word_1_337' title='bbox 779 3098 837 3150; x_wconf 89' lang='lat'>&#39;0</span> <span class='ocrx_word' id='word_1_338' title='bbox 864 3098 922 3151; x_wconf 80' lang='grc' dir='ltr'>δὲ</span> <span class='ocrx_word' id='word_1_339' title='bbox 945 3098 1011 3162; x_wconf 85' lang='grc' dir='ltr'>ζ’,</span> <span class='ocrx_word' id='word_1_340' title='bbox 1046 3101 1147 3152; x_wconf 80' lang='grc' dir='ltr'>οὐκ</span> <span class='ocrx_word' id='word_1_341' title='bbox 1179 3100 1258 3160; x_wconf 82' lang='grc' dir='ltr'>εἰς</span> <span class='ocrx_word' id='word_1_342' title='bbox 1280 3099 1348 3152; x_wconf 81' lang='grc' dir='ltr'>τὰ</span> <span class='ocrx_word' id='word_1_343' title='bbox 1377 3099 1500 3175; x_wconf 45' lang='grc' dir='ltr'>τῶν-</span> <span class='ocrx_word' id='word_1_344' title='bbox 1517 3099 1777 3170; x_wconf 79' lang='grc' dir='ltr'>ῥημάτων</span> <span class='ocrx_word' id='word_1_345' title='bbox 1810 3100 1970 3168; x_wconf 84' lang='grc' dir='ltr'>ἀμοι-</span> <span class='ocrx_word' id='word_1_346' title='bbox 1994 3079 2039 3143; x_wconf 82' lang='lat' dir='ltr'>C</span> 
     </span>
    </p>
   </div>
   <div class='ocr_carea' id='block_1_47' title="bbox 384 3187 1970 3261">
    <p class='ocr_par' dir='ltr' id='par_1_47' title="bbox 384 3187 1970 3261">
     <span class='ocr_line' id='line_1_47' title="bbox 384 3187 1970 3261; baseline 0.002 -21"><span class='ocrx_word' id='word_1_347' title='bbox 384 3187 519 3241; x_wconf 78' lang='grc' dir='ltr'>ϐαῖα</span> <span class='ocrx_word' id='word_1_348' title='bbox 541 3188 590 3220; x_wconf 68' lang='grc'>⁷⁸</span> <span class='ocrx_word' id='word_1_349' title='bbox 647 3188 1098 3259; x_wconf 85' lang='grc' dir='ltr'>διατυπούμενος,</span> <span class='ocrx_word' id='word_1_350' title='bbox 1134 3190 1261 3261; x_wconf 77' lang='grc' dir='ltr'>περὶ</span> <span class='ocrx_word' id='word_1_351' title='bbox 1290 3190 1546 3260; x_wconf 87' lang='grc' dir='ltr'>νηστείας</span> <span class='ocrx_word' id='word_1_352' title='bbox 1594 3189 1970 3259; x_wconf 87' lang='grc' dir='ltr'>διαλαμϐάνει.</span> 
     </span>
    </p>
   </div>
   <div class='ocr_carea' id='block_1_48' title="bbox 393 3278 1972 3352">
    <p class='ocr_par' dir='ltr' id='par_1_48' title="bbox 393 3278 1972 3352">
     <span class='ocr_line' id='line_1_48' title="bbox 393 3278 1972 3352; baseline 0.002 -19"><span class='ocrx_word' id='word_1_353' title='bbox 393 3278 458 3333; x_wconf 82' lang='lat'>&#39;0</span> <span class='ocrx_word' id='word_1_354' title='bbox 490 3281 548 3334; x_wconf 87' lang='grc' dir='ltr'>δὲ</span> <span class='ocrx_word' id='word_1_355' title='bbox 576 3287 650 3350; x_wconf 86' lang='grc' dir='ltr'>η’,</span> <span class='ocrx_word' id='word_1_356' title='bbox 696 3280 951 3350; x_wconf 84' lang='grc' dir='ltr'>Νικολάῳ</span> <span class='ocrx_word' id='word_1_357' title='bbox 983 3280 1092 3334; x_wconf 73' lang='grc' dir='ltr'>τινὶ</span> <span class='ocrx_word' id='word_1_358' title='bbox 1141 3281 1361 3352; x_wconf 83' lang='grc' dir='ltr'>μοναχῷ</span> <span class='ocrx_word' id='word_1_359' title='bbox 1401 3285 1788 3352; x_wconf 79' lang='grc' dir='ltr'>γεγραμμένος</span> <span class='ocrx_word' id='word_1_360' title='bbox 1811 3325 1825 3348; x_wconf 96' lang='grc'>,</span> <span class='ocrx_word' id='word_1_361' title='bbox 1863 3285 1972 3338; x_wconf 88' lang='grc' dir='ltr'>τίσι</span> 
     </span>
    </p>
   </div>
   <div class='ocr_carea' id='block_1_49' title="bbox 387 3372 1974 3443">
    <p class='ocr_par' dir='ltr' id='par_1_49' title="bbox 387 3372 1974 3443">
     <span class='ocr_line' id='line_1_49' title="bbox 387 3372 1974 3443; baseline 0.001 -19"><span class='ocrx_word' id='word_1_362' title='bbox 387 3372 628 3442; x_wconf 85' lang='grc' dir='ltr'>μάλιστα</span> <span class='ocrx_word' id='word_1_363' title='bbox 673 3372 985 3437; x_wconf 82' lang='grc' dir='ltr'>κοιμίζεται</span> <span class='ocrx_word' id='word_1_364' title='bbox 1019 3372 1066 3403; x_wconf 81' lang='grc'><strong>⁷⁵</strong></span> <span class='ocrx_word' id='word_1_365' title='bbox 1106 3372 1275 3442; x_wconf 82' lang='grc' dir='ltr'>θυμὸς</span> <span class='ocrx_word' id='word_1_366' title='bbox 1303 3375 1399 3426; x_wconf 73' lang='grc' dir='ltr'>καὶ</span> <span class='ocrx_word' id='word_1_367' title='bbox 1428 3374 1566 3443; x_wconf 73' lang='grc' dir='ltr'>ὀργὴ</span> <span class='ocrx_word' id='word_1_368' title='bbox 1593 3374 1624 3443; x_wconf 82' lang='grc' dir='ltr'>ἢ</span> <span class='ocrx_word' id='word_1_369' title='bbox 1665 3374 1762 3426; x_wconf 78' lang='grc' dir='ltr'>καὶ</span> <span class='ocrx_word' id='word_1_370' title='bbox 1790 3375 1974 3426; x_wconf 87' lang='grc' dir='ltr'>τέλεον</span> 
     </span>
    </p>
   </div>
   <div class='ocr_carea' id='block_1_50' title="bbox 384 3464 1972 3534">
    <p class='ocr_par' dir='ltr' id='par_1_50' title="bbox 384 3464 1972 3534">
     <span class='ocr_line' id='line_1_50' title="bbox 384 3464 1972 3534; baseline 0 -18"><span class='ocrx_word' id='word_1_371' title='bbox 384 3466 768 3532; x_wconf 78' lang='grc' dir='ltr'>καταργεῖται,</span> <span class='ocrx_word' id='word_1_372' title='bbox 795 3464 1164 3528; x_wconf 82' lang='grc' dir='ltr'>ἀναδιδάσκει,</span> <span class='ocrx_word' id='word_1_373' title='bbox 1198 3465 1293 3517; x_wconf 79' lang='grc' dir='ltr'>καὶ</span> <span class='ocrx_word' id='word_1_374' title='bbox 1316 3465 1460 3516; x_wconf 86' lang='grc' dir='ltr'>τίσιν</span> <span class='ocrx_word' id='word_1_375' title='bbox 1489 3466 1521 3534; x_wconf 83' lang='grc' dir='ltr'>ὴ</span> <span class='ocrx_word' id='word_1_376' title='bbox 1557 3465 1790 3534; x_wconf 83' lang='grc' dir='ltr'>σαρκίνη</span> <span class='ocrx_word' id='word_1_377' title='bbox 1848 3466 1972 3516; x_wconf 89' lang='grc' dir='ltr'>ἐπι-</span> 
     </span>
    </p>
   </div>
   <div class='ocr_carea' id='block_1_51' title="bbox 388 3552 1974 3627">
    <p class='ocr_par' dir='ltr' id='par_1_51' title="bbox 388 3552 1974 3627">
     <span class='ocr_line' id='line_1_51' title="bbox 388 3552 1974 3627; baseline 0 -19"><span class='ocrx_word' id='word_1_378' title='bbox 388 3555 578 3624; x_wconf 86' lang='grc' dir='ltr'>θυμία.</span> <span class='ocrx_word' id='word_1_379' title='bbox 602 3555 789 3609; x_wconf 87' lang='grc' dir='ltr'>Ταῦτα</span> <span class='ocrx_word' id='word_1_380' title='bbox 823 3555 942 3626; x_wconf 81' lang='grc' dir='ltr'>μὲν,</span> <span class='ocrx_word' id='word_1_381' title='bbox 973 3558 1022 3608; x_wconf 83' lang='grc' dir='ltr'>εί</span> <span class='ocrx_word' id='word_1_382' title='bbox 1051 3557 1145 3610; x_wconf 78' lang='grc' dir='ltr'>καὶ</span> <span class='ocrx_word' id='word_1_383' title='bbox 1171 3555 1314 3610; x_wconf 85' lang='grc' dir='ltr'>κατὰ</span> <span class='ocrx_word' id='word_1_384' title='bbox 1346 3557 1407 3609; x_wconf 82' lang='grc' dir='ltr'>τὸ</span> <span class='ocrx_word' id='word_1_385' title='bbox 1452 3557 1652 3627; x_wconf 84' lang='grc' dir='ltr'>μᾶλλον</span> <span class='ocrx_word' id='word_1_386' title='bbox 1686 3557 1782 3609; x_wconf 75' lang='grc' dir='ltr'>καὶ</span> <span class='ocrx_word' id='word_1_387' title='bbox 1814 3552 1974 3626; x_wconf 77' lang='grc' dir='ltr'>ἦττον</span> 
     </span>
    </p>
   </div>
   <div class='ocr_carea' id='block_1_52' title="bbox 387 3645 1975 3717">
    <p class='ocr_par' dir='ltr' id='par_1_52' title="bbox 387 3645 1975 3717">
     <span class='ocr_line' id='line_1_52' title="bbox 387 3645 1975 3717; baseline -0.001 -19"><span class='ocrx_word' id='word_1_388' title='bbox 387 3645 636 3714; x_wconf 83' lang='grc' dir='ltr'>ἀλλήλων</span> <span class='ocrx_word' id='word_1_389' title='bbox 665 3645 1009 3716; x_wconf 86' lang='grc' dir='ltr'>διαφέροντα,</span> <span class='ocrx_word' id='word_1_390' title='bbox 1038 3647 1187 3715; x_wconf 84' lang='grc' dir='ltr'>ὅμως</span> <span class='ocrx_word' id='word_1_391' title='bbox 1203 3647 1284 3707; x_wconf 86' lang='grc' dir='ltr'>είς</span> <span class='ocrx_word' id='word_1_392' title='bbox 1307 3645 1404 3715; x_wconf 78' lang='grc' dir='ltr'>τὴν</span> <span class='ocrx_word' id='word_1_393' title='bbox 1436 3646 1750 3717; x_wconf 81' lang='grc' dir='ltr'>πρακτικὴν</span> <span class='ocrx_word' id='word_1_394' title='bbox 1819 3663 1975 3716; x_wconf 87' lang='grc' dir='ltr'>χειρ-</span> 
     </span>
    </p>
   </div>
   <div class='ocr_carea' id='block_1_53' title="bbox 387 3736 1971 3806">
    <p class='ocr_par' dir='ltr' id='par_1_53' title="bbox 387 3736 1971 3806">
     <span class='ocr_line' id='line_1_53' title="bbox 387 3736 1971 3806; baseline 0 -16"><span class='ocrx_word' id='word_1_395' title='bbox 387 3739 601 3804; x_wconf 83' lang='grc' dir='ltr'>αγωγεῖ</span> <span class='ocrx_word' id='word_1_396' title='bbox 632 3737 953 3805; x_wconf 82' lang='grc' dir='ltr'>φιλοσοφίαν</span> <span class='ocrx_word' id='word_1_397' title='bbox 997 3737 1068 3790; x_wconf 84' lang='grc' dir='ltr'>τὰ</span> <span class='ocrx_word' id='word_1_398' title='bbox 1095 3737 1240 3789; x_wconf 84' lang='grc' dir='ltr'>ὀκτὼ</span> <span class='ocrx_word' id='word_1_399' title='bbox 1264 3736 1308 3767; x_wconf 76' lang='grc'>⁷⁸</span> <span class='ocrx_word' id='word_1_400' title='bbox 1337 3737 1446 3790; x_wconf 85' lang='grc' dir='ltr'>τῶν</span> <span class='ocrx_word' id='word_1_401' title='bbox 1476 3737 1692 3806; x_wconf 82' lang='grc' dir='ltr'>λογίων.</span> <span class='ocrx_word' id='word_1_402' title='bbox 1729 3741 1788 3791; x_wconf 84' lang='lat'>&#39;0</span> <span class='ocrx_word' id='word_1_403' title='bbox 1818 3739 1873 3790; x_wconf 85' lang='grc' dir='ltr'>δὲ</span> <span class='ocrx_word' id='word_1_404' title='bbox 1907 3739 1971 3802; x_wconf 87' lang='grc' dir='ltr'>θ’,</span> 
     </span>
    </p>
   </div>
   <div class='ocr_carea' id='block_1_54' title="bbox 388 3829 1977 3898">
    <p class='ocr_par' dir='ltr' id='par_1_54' title="bbox 388 3829 1977 3898">
     <span class='ocr_line' id='line_1_54' title="bbox 388 3829 1977 3898; baseline -0.001 -15"><span class='ocrx_word' id='word_1_405' title='bbox 388 3831 534 3883; x_wconf 87' lang='grc' dir='ltr'>κατά</span> <span class='ocrx_word' id='word_1_406' title='bbox 563 3829 1033 3898; x_wconf 85' lang='grc' dir='ltr'>Μελχισεδεκιτῶν</span> <span class='ocrx_word' id='word_1_407' title='bbox 1094 3829 1516 3898; x_wconf 86' lang='grc' dir='ltr'>ἀγωνιζόμενος,</span> <span class='ocrx_word' id='word_1_408' title='bbox 1549 3830 1700 3882; x_wconf 82' lang='grc' dir='ltr'>οὐδὲν</span> <span class='ocrx_word' id='word_1_409' title='bbox 1755 3830 1977 3882; x_wconf 77' lang='grc' dir='ltr'>ἔλαττον</span> 
     </span>
    </p>
   </div>
   <div class='ocr_carea' id='block_1_55' title="bbox 386 3919 1976 3991">
    <p class='ocr_par' dir='ltr' id='par_1_55' title="bbox 386 3919 1976 3991">
     <span class='ocr_line' id='line_1_55' title="bbox 386 3919 1976 3991; baseline -0.001 -17"><span class='ocrx_word' id='word_1_410' title='bbox 386 3921 482 3974; x_wconf 83' lang='grc' dir='ltr'>τὸν</span> <span class='ocrx_word' id='word_1_411' title='bbox 503 3921 912 3991; x_wconf 84' lang='grc' dir='ltr'>γεννησάμενον</span> <span class='ocrx_word' id='word_1_412' title='bbox 931 3919 1096 3973; x_wconf 81' lang='grc' dir='ltr'>αὐτὸν</span> <span class='ocrx_word' id='word_1_413' title='bbox 1133 3920 1400 3990; x_wconf 81' lang='grc' dir='ltr'>αἱρέσεως</span> <span class='ocrx_word' id='word_1_414' title='bbox 1430 3921 1614 3990; x_wconf 78' lang='grc' dir='ltr'>ἔνοχον</span> <span class='ocrx_word' id='word_1_415' title='bbox 1648 3921 1708 3973; x_wconf 83' lang='grc' dir='ltr'>οὐ</span> <span class='ocrx_word' id='word_1_416' title='bbox 1741 3938 1976 3990; x_wconf 87' lang='grc' dir='ltr'>μετριω-</span> 
     </span>
    </p>
   </div>
   <div class='ocr_carea' id='block_1_56' title="bbox 386 4010 1978 4084">
    <p class='ocr_par' dir='ltr' id='par_1_56' title="bbox 386 4010 1978 4084">
     <span class='ocr_line' id='line_1_56' title="bbox 386 4010 1978 4084; baseline 0 -20"><span class='ocrx_word' id='word_1_417' title='bbox 386 4010 556 4082; x_wconf 84' lang='grc' dir='ltr'>τέρας</span> <span class='ocrx_word' id='word_1_418' title='bbox 594 4011 930 4082; x_wconf 88' lang='grc' dir='ltr'>στηλιτεύει·</span> <span class='ocrx_word' id='word_1_419' title='bbox 977 4010 1119 4082; x_wconf 86' lang='grc' dir='ltr'>πλὴν</span> <span class='ocrx_word' id='word_1_420' title='bbox 1175 4011 1255 4080; x_wconf 82' lang='grc' dir='ltr'>τῷ</span> <span class='ocrx_word' id='word_1_421' title='bbox 1305 4029 1370 4081; x_wconf 88' lang='grc' dir='ltr'>γε</span> <span class='ocrx_word' id='word_1_422' title='bbox 1422 4012 1595 4084; x_wconf 78' lang='grc' dir='ltr'>θηρᾷν</span> <span class='ocrx_word' id='word_1_423' title='bbox 1641 4013 1978 4082; x_wconf 85' lang='grc' dir='ltr'>πανταχόθεν</span> 
     </span>
    </p>
   </div>
   <div class='ocr_carea' id='block_1_57' title="bbox 390 4105 1976 4177">
    <p class='ocr_par' dir='ltr' id='par_1_57' title="bbox 390 4105 1976 4177">
     <span class='ocr_line' id='line_1_57' title="bbox 390 4105 1976 4177; baseline 0 -19"><span class='ocrx_word' id='word_1_424' title='bbox 390 4105 668 4175; x_wconf 85' lang='grc' dir='ltr'>ἐφιεμένῳ</span> <span class='ocrx_word' id='word_1_425' title='bbox 705 4106 766 4158; x_wconf 84' lang='grc' dir='ltr'>τὸ</span> <span class='ocrx_word' id='word_1_426' title='bbox 816 4109 1108 4176; x_wconf 86' lang='grc' dir='ltr'>χρήσιμον,</span> <span class='ocrx_word' id='word_1_427' title='bbox 1151 4105 1250 4158; x_wconf 89' lang='grc' dir='ltr'>ούκ</span> <span class='ocrx_word' id='word_1_428' title='bbox 1283 4105 1582 4176; x_wconf 81' lang='grc' dir='ltr'>ἀσυντελὴς</span> <span class='ocrx_word' id='word_1_429' title='bbox 1620 4106 1770 4176; x_wconf 83' lang='grc' dir='ltr'>αὐτῷ</span> <span class='ocrx_word' id='word_1_430' title='bbox 1797 4106 1906 4158; x_wconf 74' lang='grc' dir='ltr'>οὐδ’</span> <span class='ocrx_word' id='word_1_431' title='bbox 1941 4107 1976 4177; x_wconf 84' lang='grc' dir='ltr'><strong>ἡ</strong></span> 
     </span>
    </p>
   </div>
   <div class='ocr_carea' id='block_1_58' title="bbox 392 4196 1978 4268">
    <p class='ocr_par' dir='ltr' id='par_1_58' title="bbox 392 4196 1978 4268">
     <span class='ocr_line' id='line_1_58' title="bbox 392 4196 1978 4268; baseline -0.001 -16"><span class='ocrx_word' id='word_1_432' title='bbox 392 4201 460 4252; x_wconf 80' lang='grc' dir='ltr'>ἐκ</span> <span class='ocrx_word' id='word_1_433' title='bbox 501 4197 690 4251; x_wconf 85' lang='grc' dir='ltr'>τούτου</span> <span class='ocrx_word' id='word_1_434' title='bbox 714 4197 1024 4264; x_wconf 84' lang='grc' dir='ltr'>ἀνάγνωσις</span> <span class='ocrx_word' id='word_1_435' title='bbox 1069 4196 1245 4250; x_wconf 76' lang='grc' dir='ltr'>ἔσται.</span> <span class='ocrx_word' id='word_1_436' title='bbox 1275 4197 1385 4268; x_wconf 80' lang='grc' dir='ltr'>Τὴν</span> <span class='ocrx_word' id='word_1_437' title='bbox 1418 4197 1476 4249; x_wconf 82' lang='grc' dir='ltr'>δὲ</span> <span class='ocrx_word' id='word_1_438' title='bbox 1524 4197 1633 4250; x_wconf 85' lang='grc' dir='ltr'>τῶν</span> <span class='ocrx_word' id='word_1_439' title='bbox 1667 4199 1978 4268; x_wconf 81' lang='grc' dir='ltr'>είρημένων</span> 
     </span>
    </p>
   </div>
   <div class='ocr_carea' id='block_1_59' title="bbox 389 4289 1980 4362">
    <p class='ocr_par' dir='ltr' id='par_1_59' title="bbox 389 4289 1980 4362">
     <span class='ocr_line' id='line_1_59' title="bbox 389 4289 1980 4362; baseline -0.001 -19"><span class='ocrx_word' id='word_1_440' title='bbox 389 4291 570 4357; x_wconf 80' lang='grc' dir='ltr'>λόγων</span> <span class='ocrx_word' id='word_1_441' title='bbox 605 4290 759 4357; x_wconf 78' lang='grc' dir='ltr'>τάξιν</span> <span class='ocrx_word' id='word_1_442' title='bbox 786 4290 846 4342; x_wconf 83' lang='grc' dir='ltr'>οὐ</span> <span class='ocrx_word' id='word_1_443' title='bbox 880 4291 1058 4344; x_wconf 87' lang='grc' dir='ltr'>πάντα</span> <span class='ocrx_word' id='word_1_444' title='bbox 1084 4289 1154 4342; x_wconf 73' lang='grc' dir='ltr'>τὰ</span> <span class='ocrx_word' id='word_1_445' title='bbox 1174 4289 1486 4359; x_wconf 84' lang='grc' dir='ltr'>ἀντίγραφα</span> <span class='ocrx_word' id='word_1_446' title='bbox 1536 4290 1635 4360; x_wconf 86' lang='grc' dir='ltr'>τὴν</span> <span class='ocrx_word' id='word_1_447' title='bbox 1667 4291 1838 4362; x_wconf 79' lang='grc' dir='ltr'>αὐτὴν</span> <span class='ocrx_word' id='word_1_448' title='bbox 1861 4291 1980 4343; x_wconf 89' lang='grc' dir='ltr'>δια-</span> 
     </span>
    </p>
   </div>
   <div class='ocr_carea' id='block_1_60' title="bbox 393 4380 1976 4452">
    <p class='ocr_par' dir='ltr' id='par_1_60' title="bbox 393 4380 1976 4452">
     <span class='ocr_line' id='line_1_60' title="bbox 393 4380 1976 4452; baseline -0.003 -16"><span class='ocrx_word' id='word_1_449' title='bbox 393 4384 584 4448; x_wconf 79' lang='grc' dir='ltr'>σώζει,</span> <span class='ocrx_word' id='word_1_450' title='bbox 612 4383 747 4436; x_wconf 87' lang='grc' dir='ltr'>ἀλλά</span> <span class='ocrx_word' id='word_1_451' title='bbox 781 4383 899 4436; x_wconf 77' lang='grc' dir='ltr'>ἔνια</span> <span class='ocrx_word' id='word_1_452' title='bbox 933 4382 1032 4452; x_wconf 85' lang='grc' dir='ltr'>μὲν</span> <span class='ocrx_word' id='word_1_453' title='bbox 1049 4381 1094 4413; x_wconf 83' lang='grc'><strong>⁷⁷</strong></span> <span class='ocrx_word' id='word_1_454' title='bbox 1124 4382 1436 4450; x_wconf 89' lang='grc' dir='ltr'>προτάττει,</span> <span class='ocrx_word' id='word_1_455' title='bbox 1484 4380 1621 4434; x_wconf 83' lang='grc' dir='ltr'>ἄλλα</span> <span class='ocrx_word' id='word_1_456' title='bbox 1654 4380 1712 4433; x_wconf 85' lang='grc' dir='ltr'>δέ</span> <span class='ocrx_word' id='word_1_457' title='bbox 1742 4381 1976 4433; x_wconf 84' lang='grc' dir='ltr'>ὑποτάτ-</span> 
     </span>
    </p>
   </div>
   <div class='ocr_carea' id='block_1_61' title="bbox 389 4472 1977 4546">
    <p class='ocr_par' dir='ltr' id='par_1_61' title="bbox 389 4472 1977 4546">
     <span class='ocr_line' id='line_1_61' title="bbox 389 4472 1977 4546; baseline -0.001 -18"><span class='ocrx_word' id='word_1_458' title='bbox 389 4494 478 4528; x_wconf 85' lang='grc' dir='ltr'>τει</span> <span class='ocrx_word' id='word_1_459' title='bbox 511 4476 586 4538; x_wconf 85' lang='grc' dir='ltr'>ὥς</span> <span class='ocrx_word' id='word_1_460' title='bbox 615 4492 736 4528; x_wconf 84' lang='grc' dir='ltr'>τινα</span> <span class='ocrx_word' id='word_1_461' title='bbox 759 4476 853 4528; x_wconf 78' lang='grc' dir='ltr'>καὶ</span> <span class='ocrx_word' id='word_1_462' title='bbox 885 4473 984 4546; x_wconf 84' lang='grc' dir='ltr'>τὴν</span> <span class='ocrx_word' id='word_1_463' title='bbox 1005 4473 1243 4544; x_wconf 82' lang='grc' dir='ltr'>ἐσχάτην</span> <span class='ocrx_word' id='word_1_464' title='bbox 1264 4474 1380 4536; x_wconf 86' lang='grc' dir='ltr'>τοῖς</span> <span class='ocrx_word' id='word_1_465' title='bbox 1405 4472 1646 4542; x_wconf 86' lang='grc' dir='ltr'>πρώτοις</span> <span class='ocrx_word' id='word_1_466' title='bbox 1675 4473 1977 4543; x_wconf 86' lang='grc' dir='ltr'>ἀπονέμειν</span> 
     </span>
    </p>
   </div>
   <div class='ocr_carea' id='block_1_62' title="bbox 389 4566 672 4639">
    <p class='ocr_par' dir='ltr' id='par_1_62' title="bbox 389 4566 672 4639">
     <span class='ocr_line' id='line_1_62' title="bbox 389 4566 672 4639; baseline 0.011 -21"><span class='ocrx_word' id='word_1_467' title='bbox 389 4566 582 4639; x_wconf 84' lang='grc' dir='ltr'>χώραν</span> <span class='ocrx_word' id='word_1_468' title='bbox 604 4567 672 4621; x_wconf 78' lang='grc'>⁷⁸.</span> 
     </span>
    </p>
   </div>
   <div class='ocr_carea' id='block_1_63' title="bbox 2061 1809 3638 1879">
    <p class='ocr_par' dir='ltr' id='par_1_63' title="bbox 2061 1809 3638 1879">
     <span class='ocr_line' id='line_1_63' title="bbox 2061 1809 3638 1879; baseline -0.006 -11"><span class='ocrx_word' id='word_1_469' title='bbox 2061 1814 2344 1868; x_wconf 87' lang='lat' dir='ltr'>hactenus.</span> <span class='ocrx_word' id='word_1_470' title='bbox 2381 1812 2620 1878; x_wconf 85' lang='lat' dir='ltr'>Quartus</span> <span class='ocrx_word' id='word_1_471' title='bbox 2679 1827 2841 1879; x_wconf 92' lang='lat' dir='ltr'>porro</span> <span class='ocrx_word' id='word_1_472' title='bbox 2880 1812 3015 1865; x_wconf 87' lang='lat' dir='ltr'>liber</span> <span class='ocrx_word' id='word_1_473' title='bbox 3055 1809 3442 1878; x_wconf 81' lang='lat' dir='ltr'>interrogantis</span> <span class='ocrx_word' id='word_1_474' title='bbox 3472 1818 3638 1875; x_wconf 88' lang='lat' dir='ltr'>atque</span> 
     </span>
    </p>
   </div>
   <div class='ocr_carea' id='block_1_64' title="bbox 2063 1903 3640 1975">
    <p class='ocr_par' dir='ltr' id='par_1_64' title="bbox 2063 1903 3640 1975">
     <span class='ocr_line' id='line_1_64' title="bbox 2063 1903 3640 1975; baseline -0.004 -13"><span class='ocrx_word' id='word_1_475' title='bbox 2063 1907 2433 1975; x_wconf 84' lang='lat' dir='ltr'>respondentis</span> <span class='ocrx_word' id='word_1_476' title='bbox 2451 1905 2623 1959; x_wconf 89' lang='lat' dir='ltr'>forma</span> <span class='ocrx_word' id='word_1_477' title='bbox 2643 1906 2996 1974; x_wconf 85' lang='lat' dir='ltr'>compositus,</span> <span class='ocrx_word' id='word_1_478' title='bbox 3015 1907 3168 1958; x_wconf 84' lang='lat' dir='ltr'>docet</span> <span class='ocrx_word' id='word_1_479' title='bbox 3186 1903 3522 1958; x_wconf 86' lang='lat' dir='ltr'>salutiferqu</span> <span class='ocrx_word' id='word_1_480' title='bbox 3542 1903 3640 1956; x_wconf 87' lang='lat' dir='ltr'>ba-</span> 
     </span>
    </p>
   </div>
   <div class='ocr_carea' id='block_1_65' title="bbox 2063 1996 3635 2070">
    <p class='ocr_par' dir='ltr' id='par_1_65' title="bbox 2063 1996 3635 2070">
     <span class='ocr_line' id='line_1_65' title="bbox 2063 1996 3635 2070; baseline -0.005 -18"><span class='ocrx_word' id='word_1_481' title='bbox 2063 2002 2282 2070; x_wconf 88' lang='lat' dir='ltr'>ptisma,</span> <span class='ocrx_word' id='word_1_482' title='bbox 2306 2015 2426 2052; x_wconf 75' lang='lat' dir='ltr'>cum</span> <span class='ocrx_word' id='word_1_483' title='bbox 2453 1999 2829 2052; x_wconf 88' lang='lat' dir='ltr'>liberationem</span> <span class='ocrx_word' id='word_1_484' title='bbox 2853 1997 3325 2066; x_wconf 82' lang='lat' dir='ltr'>expiationemque</span> <span class='ocrx_word' id='word_1_485' title='bbox 3345 1996 3635 2049; x_wconf 91' lang='lat' dir='ltr'>criminum</span> 
     </span>
    </p>
   </div>
   <div class='ocr_carea' id='block_1_66' title="bbox 2063 2083 3639 2160">
    <p class='ocr_par' dir='ltr' id='par_1_66' title="bbox 2063 2083 3639 2160">
     <span class='ocr_line' id='line_1_66' title="bbox 2063 2083 3639 2160; baseline -0.007 -16"><span class='ocrx_word' id='word_1_486' title='bbox 2063 2089 2456 2160; x_wconf 79' lang='lat' dir='ltr'>mystieeuobis</span> <span class='ocrx_word' id='word_1_487' title='bbox 2475 2087 2789 2151; x_wconf 89' lang='lat' dir='ltr'>contulisse,</span> <span class='ocrx_word' id='word_1_488' title='bbox 2813 2096 2924 2140; x_wconf 92' lang='lat' dir='ltr'>tum</span> <span class='ocrx_word' id='word_1_489' title='bbox 2949 2085 3122 2139; x_wconf 90' lang='lat' dir='ltr'>sancti</span> <span class='ocrx_word' id='word_1_490' title='bbox 3148 2085 3385 2150; x_wconf 87' lang='lat' dir='ltr'>Spiritus</span> <span class='ocrx_word' id='word_1_491' title='bbox 3407 2083 3639 2150; x_wconf 81' lang='lat' dir='ltr'>gratiam</span> 
     </span>
    </p>
   </div>
   <div class='ocr_carea' id='block_1_67' title="bbox 2065 2176 3640 2250">
    <p class='ocr_par' dir='ltr' id='par_1_67' title="bbox 2065 2176 3640 2250">
     <span class='ocr_line' id='line_1_67' title="bbox 2065 2176 3640 2250; baseline -0.003 -15"><span class='ocrx_word' id='word_1_492' title='bbox 2065 2181 2329 2235; x_wconf 91' lang='lat' dir='ltr'>iufudisse</span> <span class='ocrx_word' id='word_1_493' title='bbox 2359 2200 2373 2236; x_wconf 91' lang='lat'><strong>:</strong></span> <span class='ocrx_word' id='word_1_494' title='bbox 2409 2179 2603 2250; x_wconf 79' lang='lat' dir='ltr'>163a</span> <span class='ocrx_word' id='word_1_495' title='bbox 2650 2188 2704 2233; x_wconf 93' lang='lat' dir='ltr'>et</span> <span class='ocrx_word' id='word_1_496' title='bbox 2742 2181 2794 2232; x_wconf 90' lang='lat' dir='ltr'>id</span> <span class='ocrx_word' id='word_1_497' title='bbox 2829 2193 3000 2247; x_wconf 83' lang='lat' dir='ltr'>genus</span> <span class='ocrx_word' id='word_1_498' title='bbox 3052 2176 3426 2242; x_wconf 88' lang='lat' dir='ltr'>alia.Quintus</span> <span class='ocrx_word' id='word_1_499' title='bbox 3447 2176 3640 2230; x_wconf 87' lang='lat' dir='ltr'>deinde</span> 
     </span>
    </p>
   </div>
   <div class='ocr_carea' id='block_1_68' title="bbox 2065 2269 3640 2336">
    <p class='ocr_par' dir='ltr' id='par_1_68' title="bbox 2065 2269 3640 2336">
     <span class='ocr_line' id='line_1_68' title="bbox 2065 2269 3640 2336; baseline -0.003 -11"><span class='ocrx_word' id='word_1_500' title='bbox 2065 2273 2264 2326; x_wconf 86' lang='lat' dir='ltr'>mentis</span> <span class='ocrx_word' id='word_1_501' title='bbox 2298 2274 2446 2326; x_wconf 87' lang='lat' dir='ltr'>velut</span> <span class='ocrx_word' id='word_1_502' title='bbox 2476 2271 2957 2336; x_wconf 79' lang='lat' dir='ltr'>consultationem,</span> <span class='ocrx_word' id='word_1_503' title='bbox 2991 2286 3110 2323; x_wconf 89' lang='lat' dir='ltr'>cmn</span> <span class='ocrx_word' id='word_1_504' title='bbox 3140 2285 3236 2322; x_wconf 89' lang='lat' dir='ltr'>sua</span> <span class='ocrx_word' id='word_1_505' title='bbox 3268 2269 3436 2336; x_wconf 87' lang='lat' dir='ltr'>ipsius</span> <span class='ocrx_word' id='word_1_506' title='bbox 3460 2269 3640 2322; x_wconf 88' lang='lat' dir='ltr'>anima</span> 
     </span>
    </p>
   </div>
   <div class='ocr_carea' id='block_1_69' title="bbox 2067 2364 3638 2432">
    <p class='ocr_par' dir='ltr' id='par_1_69' title="bbox 2067 2364 3638 2432">
     <span class='ocr_line' id='line_1_69' title="bbox 2067 2364 3638 2432; baseline -0.006 -14"><span class='ocrx_word' id='word_1_507' title='bbox 2067 2366 2142 2418; x_wconf 91' lang='lat' dir='ltr'>ita</span> <span class='ocrx_word' id='word_1_508' title='bbox 2175 2365 2401 2429; x_wconf 89' lang='lat' dir='ltr'>inducit,</span> <span class='ocrx_word' id='word_1_509' title='bbox 2433 2373 2491 2417; x_wconf 92' lang='lat' dir='ltr'>ut</span> <span class='ocrx_word' id='word_1_510' title='bbox 2516 2379 2614 2416; x_wconf 91' lang='lat' dir='ltr'>nos</span> <span class='ocrx_word' id='word_1_511' title='bbox 2645 2364 2793 2432; x_wconf 88' lang='lat' dir='ltr'>ipsos</span> <span class='ocrx_word' id='word_1_512' title='bbox 2829 2373 3080 2416; x_wconf 90' lang='lat' dir='ltr'>auctores</span> <span class='ocrx_word' id='word_1_513' title='bbox 3118 2377 3241 2416; x_wconf 90' lang='lat' dir='ltr'>esse</span> <span class='ocrx_word' id='word_1_514' title='bbox 3271 2370 3638 2430; x_wconf 89' lang='lat' dir='ltr'>peccatorum,</span> 
     </span>
    </p>
   </div>
   <div class='ocr_carea' id='block_1_70' title="bbox 2068 2451 3640 2521">
    <p class='ocr_par' dir='ltr' id='par_1_70' title="bbox 2068 2451 3640 2521">
     <span class='ocr_line' id='line_1_70' title="bbox 2068 2451 3640 2521; baseline -0.006 -12"><span class='ocrx_word' id='word_1_515' title='bbox 2068 2471 2172 2509; x_wconf 92' lang='lat' dir='ltr'>non</span> <span class='ocrx_word' id='word_1_516' title='bbox 2204 2470 2333 2509; x_wconf 90' lang='lat' dir='ltr'>vero</span> <span class='ocrx_word' id='word_1_517' title='bbox 2364 2455 2418 2508; x_wconf 92' lang='lat' dir='ltr'>in</span> <span class='ocrx_word' id='word_1_518' title='bbox 2439 2453 2573 2508; x_wconf 92' lang='lat' dir='ltr'>alios</span> <span class='ocrx_word' id='word_1_519' title='bbox 2598 2457 2811 2521; x_wconf 87' lang='lat' dir='ltr'>culpam</span> <span class='ocrx_word' id='word_1_520' title='bbox 2842 2451 3253 2514; x_wconf 82' lang='lat' dir='ltr'>conferendam,</span> <span class='ocrx_word' id='word_1_521' title='bbox 3281 2451 3640 2504; x_wconf 88' lang='lat' dir='ltr'>demonstret.</span> 
     </span>
    </p>
   </div>
   <div class='ocr_carea' id='block_1_71' title="bbox 2071 2543 3646 2614">
    <p class='ocr_par' dir='ltr' id='par_1_71' title="bbox 2071 2543 3646 2614">
     <span class='ocr_line' id='line_1_71' title="bbox 2071 2543 3646 2614; baseline -0.006 -13"><span class='ocrx_word' id='word_1_522' title='bbox 2071 2547 2268 2601; x_wconf 85' lang='lat' dir='ltr'>Sextus</span> <span class='ocrx_word' id='word_1_523' title='bbox 2293 2557 2473 2600; x_wconf 90' lang='lat' dir='ltr'>autem</span> <span class='ocrx_word' id='word_1_524' title='bbox 2502 2545 2698 2614; x_wconf 82' lang='lat' dir='ltr'>dialogi</span> <span class='ocrx_word' id='word_1_525' title='bbox 2757 2543 2928 2599; x_wconf 89' lang='lat' dir='ltr'>forma</span> <span class='ocrx_word' id='word_1_526' title='bbox 2974 2545 3339 2610; x_wconf 88' lang='lat' dir='ltr'>conscriptus,</span> <span class='ocrx_word' id='word_1_527' title='bbox 3368 2558 3475 2612; x_wconf 90' lang='lat' dir='ltr'>quo</span> <span class='ocrx_word' id='word_1_528' title='bbox 3516 2556 3646 2594; x_wconf 84' lang='lat' dir='ltr'>cau-</span> 
     </span>
    </p>
   </div>
   <div class='ocr_carea' id='block_1_72' title="bbox 2070 2634 3646 2706">
    <p class='ocr_par' dir='ltr' id='par_1_72' title="bbox 2070 2634 3646 2706">
     <span class='ocr_line' id='line_1_72' title="bbox 2070 2634 3646 2706; baseline -0.006 -13"><span class='ocrx_word' id='word_1_529' title='bbox 2070 2640 2272 2693; x_wconf 90' lang='lat' dir='ltr'>sidicus</span> <span class='ocrx_word' id='word_1_530' title='bbox 2305 2638 2522 2706; x_wconf 90' lang='lat' dir='ltr'>quidam</span> <span class='ocrx_word' id='word_1_531' title='bbox 2559 2653 2680 2690; x_wconf 90' lang='lat' dir='ltr'>cum</span> <span class='ocrx_word' id='word_1_532' title='bbox 2717 2635 2898 2689; x_wconf 80' lang='lat' dir='ltr'>Marco</span> <span class='ocrx_word' id='word_1_533' title='bbox 2926 2637 3041 2703; x_wconf 91' lang='lat' dir='ltr'>ipso</span> <span class='ocrx_word' id='word_1_534' title='bbox 3072 2634 3348 2689; x_wconf 89' lang='lat' dir='ltr'>disserens</span> <span class='ocrx_word' id='word_1_535' title='bbox 3374 2634 3646 2687; x_wconf 87' lang='lat' dir='ltr'>inducitur</span> 
     </span>
    </p>
   </div>
   <div class='ocr_carea' id='block_1_73' title="bbox 2070 2728 3649 2799">
    <p class='ocr_par' dir='ltr' id='par_1_73' title="bbox 2070 2728 3649 2799">
     <span class='ocr_line' id='line_1_73' title="bbox 2070 2728 3649 2799; baseline -0.003 -14"><span class='ocrx_word' id='word_1_536' title='bbox 2070 2741 2414 2799; x_wconf 89' lang='lat' dir='ltr'>tractantque</span> <span class='ocrx_word' id='word_1_537' title='bbox 2443 2731 2556 2783; x_wconf 70' lang='lat' dir='ltr'>haec</span> <span class='ocrx_word' id='word_1_538' title='bbox 2585 2728 2699 2782; x_wconf 87' lang='lat' dir='ltr'>fere</span> <span class='ocrx_word' id='word_1_539' title='bbox 2725 2731 2900 2797; x_wconf 85' lang='lat' dir='ltr'>capita</span> <span class='ocrx_word' id='word_1_540' title='bbox 2934 2747 2948 2780; x_wconf 86' lang='lat'><strong>:</strong></span> <span class='ocrx_word' id='word_1_541' title='bbox 2981 2728 3085 2793; x_wconf 88' lang='lat' dir='ltr'>Qui</span> <span class='ocrx_word' id='word_1_542' title='bbox 3119 2728 3370 2796; x_wconf 86' lang='lat' dir='ltr'>injuriam</span> <span class='ocrx_word' id='word_1_543' title='bbox 3419 2742 3649 2794; x_wconf 86' lang='lat' dir='ltr'>accepe-</span> 
     </span>
    </p>
   </div>
   <div class='ocr_carea' id='block_1_74' title="bbox 2068 2819 3648 2888">
    <p class='ocr_par' dir='ltr' id='par_1_74' title="bbox 2068 2819 3648 2888">
     <span class='ocr_line' id='line_1_74' title="bbox 2068 2819 3648 2888; baseline -0.005 -10"><span class='ocrx_word' id='word_1_544' title='bbox 2068 2823 2165 2888; x_wconf 90' lang='lat' dir='ltr'>rit,</span> <span class='ocrx_word' id='word_1_545' title='bbox 2207 2821 2395 2875; x_wconf 90' lang='lat' dir='ltr'>ulcisci</span> <span class='ocrx_word' id='word_1_546' title='bbox 2447 2835 2555 2874; x_wconf 91' lang='lat' dir='ltr'>non</span> <span class='ocrx_word' id='word_1_547' title='bbox 2590 2821 2810 2884; x_wconf 88' lang='lat' dir='ltr'>debere,</span> <span class='ocrx_word' id='word_1_548' title='bbox 2863 2833 2960 2872; x_wconf 89' lang='lat' dir='ltr'>nec</span> <span class='ocrx_word' id='word_1_549' title='bbox 3006 2820 3142 2872; x_wconf 89' lang='lat' dir='ltr'>adeo</span> <span class='ocrx_word' id='word_1_550' title='bbox 3197 2819 3316 2871; x_wconf 85' lang='lat' dir='ltr'>illns</span> <span class='ocrx_word' id='word_1_551' title='bbox 3366 2819 3648 2881; x_wconf 90' lang='lat' dir='ltr'>damnare,</span> 
     </span>
    </p>
   </div>
   <div class='ocr_carea' id='block_1_75' title="bbox 2071 2907 3650 2982">
    <p class='ocr_par' dir='ltr' id='par_1_75' title="bbox 2071 2907 3650 2982">
     <span class='ocr_line' id='line_1_75' title="bbox 2071 2907 3650 2982; baseline -0.004 -16"><span class='ocrx_word' id='word_1_552' title='bbox 2071 2913 2164 2982; x_wconf 85' lang='lat' dir='ltr'>qui</span> <span class='ocrx_word' id='word_1_553' title='bbox 2213 2911 2467 2981; x_wconf 74' lang='lat' dir='ltr'>iniuriam</span> <span class='ocrx_word' id='word_1_554' title='bbox 2505 2911 2758 2973; x_wconf 83' lang='lat' dir='ltr'>fecerint,</span> <span class='ocrx_word' id='word_1_555' title='bbox 2788 2926 2909 2962; x_wconf 91' lang='lat' dir='ltr'>cum</span> <span class='ocrx_word' id='word_1_556' title='bbox 2963 2923 3243 2976; x_wconf 67' lang='lat' dir='ltr'>poenarum</span> <span class='ocrx_word' id='word_1_557' title='bbox 3288 2907 3559 2976; x_wconf 87' lang='lat' dir='ltr'>sitpotius</span> <span class='ocrx_word' id='word_1_558' title='bbox 3584 2907 3650 2960; x_wconf 92' lang='lat' dir='ltr'>de</span> 
     </span>
    </p>
   </div>
   <div class='ocr_carea' id='block_1_76' title="bbox 2074 3000 3654 3078">
    <p class='ocr_par' dir='ltr' id='par_1_76' title="bbox 2074 3000 3654 3078">
     <span class='ocr_line' id='line_1_76' title="bbox 2074 3000 3654 3078; baseline -0.005 -16"><span class='ocrx_word' id='word_1_559' title='bbox 2074 3008 2314 3078; x_wconf 88' lang='lat' dir='ltr'>peccatis</span> <span class='ocrx_word' id='word_1_560' title='bbox 2369 3006 2578 3059; x_wconf 88' lang='lat' dir='ltr'>nostris</span> <span class='ocrx_word' id='word_1_561' title='bbox 2626 3006 2921 3072; x_wconf 89' lang='lat' dir='ltr'>reputanda</span> <span class='ocrx_word' id='word_1_562' title='bbox 2971 3001 3208 3064; x_wconf 78' lang='lat' dir='ltr'>exactio.</span> <span class='ocrx_word' id='word_1_563' title='bbox 3256 3017 3377 3070; x_wconf 75' lang='lat' dir='ltr'>qua:</span> <span class='ocrx_word' id='word_1_564' title='bbox 3417 3000 3485 3054; x_wconf 91' lang='lat' dir='ltr'>ab</span> <span class='ocrx_word' id='word_1_565' title='bbox 3532 3000 3654 3054; x_wconf 83' lang='lat' dir='ltr'>aliis</span> 
     </span>
    </p>
   </div>
   <div class='ocr_carea' id='block_1_77' title="bbox 2075 3093 3655 3167">
    <p class='ocr_par' dir='ltr' id='par_1_77' title="bbox 2075 3093 3655 3167">
     <span class='ocr_line' id='line_1_77' title="bbox 2075 3093 3655 3167; baseline -0.006 -12"><span class='ocrx_word' id='word_1_566' title='bbox 2075 3102 2234 3156; x_wconf 86' lang='lat' dir='ltr'>nobis</span> <span class='ocrx_word' id='word_1_567' title='bbox 2265 3099 2571 3153; x_wconf 89' lang='lat' dir='ltr'>inferantur</span> <span class='ocrx_word' id='word_1_568' title='bbox 2593 3097 2828 3167; x_wconf 64' lang='lat' dir='ltr'>injurias.</span> <span class='ocrx_word' id='word_1_569' title='bbox 2858 3095 3084 3150; x_wconf 80' lang='lat' dir='ltr'>Difﬁcile</span> <span class='ocrx_word' id='word_1_570' title='bbox 3101 3111 3316 3164; x_wconf 87' lang='lat' dir='ltr'>quoque</span> <span class='ocrx_word' id='word_1_571' title='bbox 3337 3093 3655 3147; x_wconf 83' lang='lat' dir='ltr'>csseltomi-</span> 
     </span>
    </p>
   </div>
   <div class='ocr_carea' id='block_1_78' title="bbox 2076 3189 3655 3263">
    <p class='ocr_par' dir='ltr' id='par_1_78' title="bbox 2076 3189 3655 3263">
     <span class='ocr_line' id='line_1_78' title="bbox 2076 3189 3655 3263; baseline -0.006 -15"><span class='ocrx_word' id='word_1_572' title='bbox 2076 3196 2236 3249; x_wconf 90' lang='lat' dir='ltr'>nibus</span> <span class='ocrx_word' id='word_1_573' title='bbox 2270 3193 2509 3263; x_wconf 89' lang='lat' dir='ltr'>placere.</span> <span class='ocrx_word' id='word_1_574' title='bbox 2549 3191 2925 3245; x_wconf 86' lang='lat' dir='ltr'>Precationem</span> <span class='ocrx_word' id='word_1_575' title='bbox 2962 3189 3161 3242; x_wconf 89' lang='lat' dir='ltr'>dehinc</span> <span class='ocrx_word' id='word_1_576' title='bbox 3191 3190 3500 3255; x_wconf 88' lang='lat' dir='ltr'>cuicunque</span> <span class='ocrx_word' id='word_1_577' title='bbox 3529 3201 3655 3240; x_wconf 85' lang='lat' dir='ltr'>cor-</span> 
     </span>
    </p>
   </div>
   <div class='ocr_carea' id='block_1_79' title="bbox 2075 3275 3649 3352">
    <p class='ocr_par' dir='ltr' id='par_1_79' title="bbox 2075 3275 3649 3352">
     <span class='ocr_line' id='line_1_79' title="bbox 2075 3275 3649 3352; baseline -0.007 -13"><span class='ocrx_word' id='word_1_578' title='bbox 2075 3284 2247 3352; x_wconf 89' lang='lat' dir='ltr'>porali</span> <span class='ocrx_word' id='word_1_579' title='bbox 2281 3282 2435 3352; x_wconf 90' lang='lat' dir='ltr'>operi</span> <span class='ocrx_word' id='word_1_580' title='bbox 2485 3281 2646 3351; x_wconf 84' lang='lat' dir='ltr'>longo</span> <span class='ocrx_word' id='word_1_581' title='bbox 2677 3295 2798 3334; x_wconf 84' lang='lat' dir='ltr'>esse</span> <span class='ocrx_word' id='word_1_582' title='bbox 2843 3279 3131 3333; x_wconf 81' lang='lat' dir='ltr'>intervallo</span> <span class='ocrx_word' id='word_1_583' title='bbox 3181 3275 3649 3345; x_wconf 64' lang='lat' dir='ltr'>praeponendam:</span> 
     </span>
    </p>
   </div>
   <div class='ocr_carea' id='block_1_80' title="bbox 2074 3367 3658 3448">
    <p class='ocr_par' dir='ltr' id='par_1_80' title="bbox 2074 3367 3658 3448">
     <span class='ocr_line' id='line_1_80' title="bbox 2074 3367 3658 3448; baseline -0.011 -13"><span class='ocrx_word' id='word_1_584' title='bbox 2074 3391 2130 3435; x_wconf 92' lang='lat' dir='ltr'>et</span> <span class='ocrx_word' id='word_1_585' title='bbox 2159 3395 2276 3448; x_wconf 71' lang='lat' dir='ltr'>quae</span> <span class='ocrx_word' id='word_1_586' title='bbox 2310 3379 2382 3431; x_wconf 90' lang='lat' dir='ltr'>sit</span> <span class='ocrx_word' id='word_1_587' title='bbox 2414 3377 2647 3443; x_wconf 89' lang='lat' dir='ltr'>denique</span> <span class='ocrx_word' id='word_1_588' title='bbox 2679 3374 2860 3428; x_wconf 85' lang='lat' dir='ltr'>carnis</span> <span class='ocrx_word' id='word_1_589' title='bbox 2900 3372 3174 3424; x_wconf 81' lang='lat' dir='ltr'>voluntas.</span> <span class='ocrx_word' id='word_1_590' title='bbox 3211 3369 3488 3438; x_wconf 86' lang='lat' dir='ltr'>Septimus</span> <span class='ocrx_word' id='word_1_591' title='bbox 3520 3367 3658 3420; x_wconf 88' lang='lat' dir='ltr'>liber</span> 
     </span>
    </p>
   </div>
   <div class='ocr_carea' id='block_1_81' title="bbox 2079 3457 3650 3544">
    <p class='ocr_par' dir='ltr' id='par_1_81' title="bbox 2079 3457 3650 3544">
     <span class='ocr_line' id='line_1_81' title="bbox 2079 3457 3650 3544; baseline -0.01 -20"><span class='ocrx_word' id='word_1_592' title='bbox 2079 3473 2207 3544; x_wconf 91' lang='lat' dir='ltr'>[non</span> <span class='ocrx_word' id='word_1_593' title='bbox 2242 3485 2337 3540; x_wconf 89' lang='lat' dir='ltr'>per</span> <span class='ocrx_word' id='word_1_594' title='bbox 2379 3468 2652 3536; x_wconf 85' lang='lat' dir='ltr'>dialogum</span> <span class='ocrx_word' id='word_1_595' title='bbox 2681 3462 2942 3535; x_wconf 85' lang='lat' dir='ltr'>scriptus]</span> <span class='ocrx_word' id='word_1_596' title='bbox 2981 3466 3048 3516; x_wconf 91' lang='lat' dir='ltr'>de</span> <span class='ocrx_word' id='word_1_597' title='bbox 3071 3461 3280 3531; x_wconf 87' lang='lat' dir='ltr'>jejunio</span> <span class='ocrx_word' id='word_1_598' title='bbox 3316 3461 3449 3530; x_wconf 87' lang='lat' dir='ltr'>agit.</span> <span class='ocrx_word' id='word_1_599' title='bbox 3481 3457 3650 3512; x_wconf 82' lang='lat' dir='ltr'>Octa-</span> 
     </span>
    </p>
   </div>
   <div class='ocr_carea' id='block_1_82' title="bbox 2077 3551 3658 3621">
    <p class='ocr_par' dir='ltr' id='par_1_82' title="bbox 2077 3551 3658 3621">
     <span class='ocr_line' id='line_1_82' title="bbox 2077 3551 3658 3621; baseline -0.01 -3"><span class='ocrx_word' id='word_1_600' title='bbox 2077 3580 2176 3618; x_wconf 90' lang='lat' dir='ltr'>vus</span> <span class='ocrx_word' id='word_1_601' title='bbox 2226 3561 2442 3615; x_wconf 89' lang='lat' dir='ltr'>tandem</span> <span class='ocrx_word' id='word_1_602' title='bbox 2486 3558 2708 3612; x_wconf 81' lang='lat' dir='ltr'>Nicolao</span> <span class='ocrx_word' id='word_1_603' title='bbox 2752 3556 2966 3610; x_wconf 88' lang='lat' dir='ltr'>cuidam</span> <span class='ocrx_word' id='word_1_604' title='bbox 3002 3553 3285 3621; x_wconf 68' lang='lat' dir='ltr'>;monacho</span> <span class='ocrx_word' id='word_1_605' title='bbox 3331 3551 3658 3618; x_wconf 88' lang='lat' dir='ltr'>inscriptus,</span> 
     </span>
    </p>
   </div>
   <div class='ocr_carea' id='block_1_83' title="bbox 2081 3627 3656 3726">
    <p class='ocr_par' dir='ltr' id='par_1_83' title="bbox 2081 3627 3656 3726">
     <span class='ocr_line' id='line_1_83' title="bbox 2081 3627 3656 3726; baseline -0.01 -18"><span class='ocrx_word' id='word_1_606' title='bbox 2081 3656 2278 3726; x_wconf 88' lang='lat' dir='ltr'>quibus</span> <span class='ocrx_word' id='word_1_607' title='bbox 2304 3653 2647 3721; x_wconf 80' lang='lat' dir='ltr'>potissimum</span> <span class='ocrx_word' id='word_1_608' title='bbox 2684 3649 2760 3701; x_wconf 85' lang='lat' dir='ltr'>ira</span> <span class='ocrx_word' id='word_1_609' title='bbox 2794 3664 2856 3700; x_wconf 90' lang='lat' dir='ltr'>ac</span> <span class='ocrx_word' id='word_1_610' title='bbox 2888 3627 3242 3699; x_wconf 43' lang='lat' dir='ltr'>furor&#39;animi</span> <span class='ocrx_word' id='word_1_611' title='bbox 3274 3642 3541 3712; x_wconf 85' lang='lat' dir='ltr'>sopiatur,</span> <span class='ocrx_word' id='word_1_612' title='bbox 3573 3645 3656 3694; x_wconf 88' lang='lat' dir='ltr'>vel</span> 
     </span>
    </p>
   </div>
   <div class='ocr_carea' id='block_1_84' title="bbox 2079 3733 3660 3814">
    <p class='ocr_par' dir='ltr' id='par_1_84' title="bbox 2079 3733 3660 3814">
     <span class='ocr_line' id='line_1_84' title="bbox 2079 3733 3660 3814; baseline -0.011 -14"><span class='ocrx_word' id='word_1_613' title='bbox 2079 3747 2241 3800; x_wconf 85' lang='lat' dir='ltr'>etiam</span> <span class='ocrx_word' id='word_1_614' title='bbox 2272 3746 2489 3814; x_wconf 89' lang='lat' dir='ltr'>penitus</span> <span class='ocrx_word' id='word_1_615' title='bbox 2537 3741 2774 3802; x_wconf 84' lang='lat' dir='ltr'>tollatur,</span> <span class='ocrx_word' id='word_1_616' title='bbox 2816 3748 2870 3792; x_wconf 90' lang='lat' dir='ltr'>et</span> <span class='ocrx_word' id='word_1_617' title='bbox 2899 3738 3096 3806; x_wconf 87' lang='lat' dir='ltr'>quibus</span> <span class='ocrx_word' id='word_1_618' title='bbox 3142 3735 3306 3789; x_wconf 87' lang='lat' dir='ltr'>etiam</span> <span class='ocrx_word' id='word_1_619' title='bbox 3351 3733 3532 3787; x_wconf 86' lang='lat' dir='ltr'>carnis</span> <span class='ocrx_word' id='word_1_620' title='bbox 3562 3747 3660 3784; x_wconf 83' lang='lat' dir='ltr'>ex-</span> 
     </span>
    </p>
   </div>
   <div class='ocr_carea' id='block_1_85' title="bbox 2078 3825 3660 3908">
    <p class='ocr_par' dir='ltr' id='par_1_85' title="bbox 2078 3825 3660 3908">
     <span class='ocr_line' id='line_1_85' title="bbox 2078 3825 3660 3908; baseline -0.011 -15"><span class='ocrx_word' id='word_1_621' title='bbox 2078 3840 2396 3908; x_wconf 85' lang='lat' dir='ltr'>stinguatur</span> <span class='ocrx_word' id='word_1_622' title='bbox 2428 3833 2895 3902; x_wconf 84' lang='lat' dir='ltr'>concupiscentia,</span> <span class='ocrx_word' id='word_1_623' title='bbox 2920 3835 3131 3883; x_wconf 84' lang='lat' dir='ltr'>edocet.</span> <span class='ocrx_word' id='word_1_624' title='bbox 3156 3827 3257 3893; x_wconf 85' lang='lat' dir='ltr'>Qui</span> <span class='ocrx_word' id='word_1_625' title='bbox 3287 3825 3506 3895; x_wconf 90' lang='lat' dir='ltr'>quidem</span> <span class='ocrx_word' id='word_1_626' title='bbox 3535 3833 3660 3878; x_wconf 92' lang='lat' dir='ltr'>octo</span> 
     </span>
    </p>
   </div>
   <div class='ocr_carea' id='block_1_86' title="bbox 2080 3920 3661 3999">
    <p class='ocr_par' dir='ltr' id='par_1_86' title="bbox 2080 3920 3661 3999">
     <span class='ocr_line' id='line_1_86' title="bbox 2080 3920 3661 3999; baseline -0.011 -14"><span class='ocrx_word' id='word_1_627' title='bbox 2080 3933 2233 3993; x_wconf 91' lang='lat' dir='ltr'>libri,</span> <span class='ocrx_word' id='word_1_628' title='bbox 2267 3932 2370 3985; x_wconf 88' lang='lat' dir='ltr'>etsi</span> <span class='ocrx_word' id='word_1_629' title='bbox 2397 3931 2518 3999; x_wconf 92' lang='lat' dir='ltr'>plus</span> <span class='ocrx_word' id='word_1_630' title='bbox 2548 3929 2794 3980; x_wconf 82' lang='lat' dir='ltr'>minusve</span> <span class='ocrx_word' id='word_1_631' title='bbox 2833 3926 2940 3976; x_wconf 85' lang='lat' dir='ltr'>sint</span> <span class='ocrx_word' id='word_1_632' title='bbox 2969 3925 3114 3976; x_wconf 81' lang='lat' dir='ltr'>inter</span> <span class='ocrx_word' id='word_1_633' title='bbox 3144 3936 3202 3975; x_wconf 92' lang='lat' dir='ltr'>se</span> <span class='ocrx_word' id='word_1_634' title='bbox 3225 3920 3447 3983; x_wconf 88' lang='lat' dir='ltr'>diversi,</span> <span class='ocrx_word' id='word_1_635' title='bbox 3469 3932 3661 3971; x_wconf 87' lang='lat' dir='ltr'>omnes</span> 
     </span>
    </p>
   </div>
   <div class='ocr_carea' id='block_1_87' title="bbox 2082 4007 3663 4091">
    <p class='ocr_par' dir='ltr' id='par_1_87' title="bbox 2082 4007 3663 4091">
     <span class='ocr_line' id='line_1_87' title="bbox 2082 4007 3663 4091; baseline -0.013 -11"><span class='ocrx_word' id='word_1_636' title='bbox 2082 4036 2262 4080; x_wconf 89' lang='lat' dir='ltr'>tamen</span> <span class='ocrx_word' id='word_1_637' title='bbox 2314 4026 2380 4077; x_wconf 90' lang='lat' dir='ltr'>ad</span> <span class='ocrx_word' id='word_1_638' title='bbox 2428 4028 2748 4091; x_wconf 90' lang='lat' dir='ltr'>operantem</span> <span class='ocrx_word' id='word_1_639' title='bbox 2798 4016 3121 4088; x_wconf 82' lang='lat' dir='ltr'>sapientiam</span> <span class='ocrx_word' id='word_1_640' title='bbox 3153 4012 3308 4082; x_wconf 89' lang='lat' dir='ltr'>quasi</span> <span class='ocrx_word' id='word_1_641' title='bbox 3358 4025 3519 4064; x_wconf 87' lang='lat' dir='ltr'>manu</span> <span class='ocrx_word' id='word_1_642' title='bbox 3557 4007 3663 4061; x_wconf 86' lang='lat' dir='ltr'>du-</span> 
     </span>
    </p>
   </div>
   <div class='ocr_carea' id='block_1_88' title="bbox 2081 4101 3664 4174">
    <p class='ocr_par' dir='ltr' id='par_1_88' title="bbox 2081 4101 3664 4174">
     <span class='ocr_line' id='line_1_88' title="bbox 2081 4101 3664 4174; baseline -0.015 -1"><span class='ocrx_word' id='word_1_643' title='bbox 2081 4127 2231 4173; x_wconf 89' lang='lat' dir='ltr'>cunt.</span> <span class='ocrx_word' id='word_1_644' title='bbox 2261 4117 2509 4169; x_wconf 82' lang='lat' dir='ltr'>Accessit</span> <span class='ocrx_word' id='word_1_645' title='bbox 2549 4122 2599 4167; x_wconf 86' lang='lat' dir='ltr'>et</span> <span class='ocrx_word' id='word_1_646' title='bbox 2654 4125 2825 4164; x_wconf 90' lang='lat' dir='ltr'>nonus</span> <span class='ocrx_word' id='word_1_647' title='bbox 2865 4109 3024 4172; x_wconf 89' lang='lat' dir='ltr'>liber,</span> <span class='ocrx_word' id='word_1_648' title='bbox 3078 4121 3186 4174; x_wconf 92' lang='lat' dir='ltr'>quo</span> <span class='ocrx_word' id='word_1_649' title='bbox 3230 4104 3356 4156; x_wconf 87' lang='lat' dir='ltr'>dum</span> <span class='ocrx_word' id='word_1_650' title='bbox 3404 4101 3664 4155; x_wconf 63' lang='lat' dir='ltr'>adversus</span> 
     </span>
    </p>
   </div>
   <div class='ocr_carea' id='block_1_89' title="bbox 2084 4192 3662 4272">
    <p class='ocr_par' dir='ltr' id='par_1_89' title="bbox 2084 4192 3662 4272">
     <span class='ocr_line' id='line_1_89' title="bbox 2084 4192 3662 4272; baseline -0.013 -10"><span class='ocrx_word' id='word_1_651' title='bbox 2084 4208 2552 4263; x_wconf 85' lang='lat' dir='ltr'>Melchisedecitas</span> <span class='ocrx_word' id='word_1_652' title='bbox 2607 4199 2718 4272; x_wconf 88' lang='lat'>(87)</span> <span class='ocrx_word' id='word_1_653' title='bbox 2761 4202 3054 4268; x_wconf 82' lang='lat' dir='ltr'>depugnat,</span> <span class='ocrx_word' id='word_1_654' title='bbox 3109 4195 3277 4248; x_wconf 90' lang='lat' dir='ltr'>nihilo</span> <span class='ocrx_word' id='word_1_655' title='bbox 3309 4192 3525 4246; x_wconf 83' lang='lat' dir='ltr'>interitu</span> <span class='ocrx_word' id='word_1_656' title='bbox 3557 4192 3662 4243; x_wconf 89' lang='lat' dir='ltr'>mi-</span> 
     </span>
    </p>
   </div>
   <div class='ocr_carea' id='block_1_90' title="bbox 2085 4282 3664 4366">
    <p class='ocr_par' dir='ltr' id='par_1_90' title="bbox 2085 4282 3664 4366">
     <span class='ocr_line' id='line_1_90' title="bbox 2085 4282 3664 4366; baseline -0.011 -14"><span class='ocrx_word' id='word_1_657' title='bbox 2085 4300 2265 4353; x_wconf 86' lang='lat' dir='ltr'>nusin</span> <span class='ocrx_word' id='word_1_658' title='bbox 2307 4299 2483 4366; x_wconf 91' lang='lat' dir='ltr'>ipsum</span> <span class='ocrx_word' id='word_1_659' title='bbox 2526 4304 2806 4364; x_wconf 90' lang='lat' dir='ltr'>parentem</span> <span class='ocrx_word' id='word_1_660' title='bbox 2843 4305 3024 4354; x_wconf 90' lang='lat' dir='ltr'>suum,</span> <span class='ocrx_word' id='word_1_661' title='bbox 3075 4285 3302 4341; x_wconf 68' lang='lat' dir='ltr'>hmresis</span> <span class='ocrx_word' id='word_1_662' title='bbox 3345 4283 3503 4351; x_wconf 83' lang='lat' dir='ltr'>hujus</span> <span class='ocrx_word' id='word_1_663' title='bbox 3543 4282 3664 4335; x_wconf 87' lang='lat' dir='ltr'>labe</span> 
     </span>
    </p>
   </div>
   <div class='ocr_carea' id='block_1_91' title="bbox 2084 4375 3661 4450">
    <p class='ocr_par' dir='ltr' id='par_1_91' title="bbox 2084 4375 3661 4450">
     <span class='ocr_line' id='line_1_91' title="bbox 2084 4375 3661 4450; baseline -0.014 -6"><span class='ocrx_word' id='word_1_664' title='bbox 2084 4390 2540 4450; x_wconf 89' lang='lat' dir='ltr'>contaminatum,</span> <span class='ocrx_word' id='word_1_665' title='bbox 2588 4385 2941 4438; x_wconf 85' lang='lat' dir='ltr'>vehementer</span> <span class='ocrx_word' id='word_1_666' title='bbox 2985 4379 3260 4433; x_wconf 88' lang='lat' dir='ltr'>invehitur</span> <span class='ocrx_word' id='word_1_667' title='bbox 3294 4392 3308 4428; x_wconf 90' lang='lat'><strong>:</strong></span> <span class='ocrx_word' id='word_1_668' title='bbox 3337 4375 3429 4442; x_wconf 89' lang='lat' dir='ltr'>qui</span> <span class='ocrx_word' id='word_1_669' title='bbox 3479 4385 3661 4426; x_wconf 89' lang='lat' dir='ltr'>tamen</span> 
     </span>
    </p>
   </div>
   <div class='ocr_carea' id='block_1_92' title="bbox 2087 4464 3664 4548">
    <p class='ocr_par' dir='ltr' id='par_1_92' title="bbox 2087 4464 3664 4548">
     <span class='ocr_line' id='line_1_92' title="bbox 2087 4464 3664 4548; baseline -0.015 -11"><span class='ocrx_word' id='word_1_670' title='bbox 2087 4484 2375 4537; x_wconf 85' lang='lat' dir='ltr'>utilitatem</span> <span class='ocrx_word' id='word_1_671' title='bbox 2407 4479 2645 4548; x_wconf 91' lang='lat' dir='ltr'>undique</span> <span class='ocrx_word' id='word_1_672' title='bbox 2682 4474 3014 4540; x_wconf 85' lang='lat' dir='ltr'>investigare</span> <span class='ocrx_word' id='word_1_673' title='bbox 3050 4470 3347 4529; x_wconf 83' lang='lat' dir='ltr'>desideret,</span> <span class='ocrx_word' id='word_1_674' title='bbox 3378 4466 3466 4519; x_wconf 89' lang='lat' dir='ltr'>ille</span> <span class='ocrx_word' id='word_1_675' title='bbox 3502 4480 3568 4516; x_wconf 90' lang='lat' dir='ltr'>ne</span> <span class='ocrx_word' id='word_1_676' title='bbox 3610 4464 3664 4515; x_wconf 92' lang='lat' dir='ltr'>iu</span> 
     </span>
    </p>
   </div>
   <div class='ocr_carea' id='block_1_93' title="bbox 2089 4553 3668 4640">
    <p class='ocr_par' dir='ltr' id='par_1_93' title="bbox 2089 4553 3668 4640">
     <span class='ocr_line' id='line_1_93' title="bbox 2089 4553 3668 4640; baseline -0.014 -14"><span class='ocrx_word' id='word_1_677' title='bbox 2089 4575 2191 4627; x_wconf 90' lang='lat' dir='ltr'>hoc</span> <span class='ocrx_word' id='word_1_678' title='bbox 2216 4572 2433 4640; x_wconf 86' lang='lat' dir='ltr'>quidem</span> <span class='ocrx_word' id='word_1_679' title='bbox 2473 4568 2696 4638; x_wconf 85' lang='lat' dir='ltr'>legendo</span> <span class='ocrx_word' id='word_1_680' title='bbox 2728 4578 2946 4632; x_wconf 89' lang='lat' dir='ltr'>operam</span> <span class='ocrx_word' id='word_1_681' title='bbox 2973 4560 3140 4613; x_wconf 80' lang='lat' dir='ltr'>ludet.</span> <span class='ocrx_word' id='word_1_682' title='bbox 3174 4557 3320 4612; x_wconf 89' lang='lat' dir='ltr'>Ordo</span> <span class='ocrx_word' id='word_1_683' title='bbox 3364 4570 3492 4608; x_wconf 89' lang='lat' dir='ltr'>vero</span> <span class='ocrx_word' id='word_1_684' title='bbox 3530 4553 3668 4607; x_wconf 86' lang='lat' dir='ltr'>isto-</span> 
     </span>
    </p>
   </div>
   <div class='ocr_carea' id='block_1_94' title="bbox 391 4647 3671 4733">
    <p class='ocr_par' dir='ltr' id='par_1_94' title="bbox 391 4647 3671 4733">
     <span class='ocr_line' id='line_1_94' title="bbox 391 4647 3671 4733; baseline -0.004 -22"><span class='ocrx_word' id='word_1_685' title='bbox 391 4677 518 4714; x_wconf 88' lang='lat' dir='ltr'>rum</span> <span class='ocrx_word' id='word_1_686' title='bbox 544 4660 803 4713; x_wconf 88' lang='lat' dir='ltr'>librorum</span> <span class='ocrx_word' id='word_1_687' title='bbox 840 4671 945 4711; x_wconf 90' lang='lat' dir='ltr'>non</span> <span class='ocrx_word' id='word_1_688' title='bbox 976 4657 1115 4712; x_wconf 90' lang='lat' dir='ltr'>idem</span> <span class='ocrx_word' id='word_1_689' title='bbox 1152 4656 1204 4710; x_wconf 93' lang='lat' dir='ltr'>in</span> <span class='ocrx_word' id='word_1_690' title='bbox 1240 4656 1492 4710; x_wconf 89' lang='lat' dir='ltr'>omnibus</span> <span class='ocrx_word' id='word_1_691' title='bbox 1525 4666 1608 4710; x_wconf 88' lang='lat' dir='ltr'>est</span> <span class='ocrx_word' id='word_1_692' title='bbox 1641 4658 1959 4721; x_wconf 84' lang='lat' dir='ltr'>codicibus:</span> <span class='ocrx_word' id='word_1_693' title='bbox 2001 4667 2106 4722; x_wconf 78' lang='lat' dir='ltr'>alia</span> <span class='ocrx_word' id='word_1_694' title='bbox 2153 4667 2295 4721; x_wconf 84' lang='lat' dir='ltr'>enim</span> <span class='ocrx_word' id='word_1_695' title='bbox 2338 4665 2560 4733; x_wconf 87' lang='lat' dir='ltr'>quidam</span> <span class='ocrx_word' id='word_1_696' title='bbox 2635 4664 2955 4729; x_wconf 77' lang='lat' dir='ltr'>pneponunt</span> <span class='ocrx_word' id='word_1_697' title='bbox 2980 4692 2996 4720; x_wconf 92' lang='lat'>,</span> <span class='ocrx_word' id='word_1_698' title='bbox 3048 4653 3152 4704; x_wconf 89' lang='lat' dir='ltr'>alia</span> <span class='ocrx_word' id='word_1_699' title='bbox 3242 4647 3560 4716; x_wconf 90' lang='lat' dir='ltr'>subjiciunt,</span> <span class='ocrx_word' id='word_1_700' title='bbox 3612 4657 3671 4699; x_wconf 90' lang='lat' dir='ltr'>ut</span> 
     </span>
    </p>
   </div>
   <div class='ocr_carea' id='block_1_95' title="bbox 391 4748 1838 4824">
    <p class='ocr_par' dir='ltr' id='par_1_95' title="bbox 391 4748 1838 4824">
     <span class='ocr_line' id='line_1_95' title="bbox 391 4748 1838 4824; baseline 0.001 -18"><span class='ocrx_word' id='word_1_701' title='bbox 391 4751 592 4824; x_wconf 83' lang='lat' dir='ltr'>primis</span> <span class='ocrx_word' id='word_1_702' title='bbox 621 4752 786 4806; x_wconf 88' lang='lat' dir='ltr'>etiam</span> <span class='ocrx_word' id='word_1_703' title='bbox 821 4751 988 4818; x_wconf 85' lang='lat' dir='ltr'>aliqui</span> <span class='ocrx_word' id='word_1_704' title='bbox 1014 4759 1319 4803; x_wconf 80' lang='lat' dir='ltr'>extremum</span> <span class='ocrx_word' id='word_1_705' title='bbox 1361 4748 1604 4802; x_wconf 84' lang='lat' dir='ltr'>tribuant</span> <span class='ocrx_word' id='word_1_706' title='bbox 1633 4749 1838 4808; x_wconf 90' lang='lat' dir='ltr'>locum.</span> 
     </span>
    </p>
   </div>
   <div class='ocr_carea' id='block_1_96' title="bbox 1099 4841 1220 4895">
    <p class='ocr_par' dir='ltr' id='par_1_96' title="bbox 1099 4841 1220 4895">
     <span class='ocr_line' id='line_1_96' title="bbox 1099 4841 1220 4895; baseline 0.008 -1"><span class='ocrx_word' id='word_1_707' title='bbox 1099 4841 1220 4895; x_wconf 57' lang='grc' dir='ltr'>ΣΝ.</span> 
     </span>
    </p>
   </div>
   <div class='ocr_carea' id='block_1_97' title="bbox 392 4932 1980 5006">
    <p class='ocr_par' dir='ltr' id='par_1_97' title="bbox 392 4932 1980 5006">
     <span class='ocr_line' id='line_1_97' title="bbox 392 4932 1980 5006; baseline -0.008 -14"><span class='ocrx_word' id='word_1_708' title='bbox 392 4938 692 5006; x_wconf 83' lang='grc' dir='ltr'>Διαδόχου</span> <span class='ocrx_word' id='word_1_709' title='bbox 721 4934 992 5002; x_wconf 70' lang='grc' dir='ltr'>Φωτικιῆς</span> <span class='ocrx_word' id='word_1_710' title='bbox 1025 4934 1094 4987; x_wconf 73' lang='grc' dir='ltr'>ἐν</span> <span class='ocrx_word' id='word_1_711' title='bbox 1116 4933 1190 5000; x_wconf 77' lang='grc' dir='ltr'>τῇ</span> <span class='ocrx_word' id='word_1_712' title='bbox 1207 4932 1700 5006; x_wconf 72' lang='grc' dir='ltr'>πᾳλαιᾷἸΙπείρῳ</span> <span class='ocrx_word' id='word_1_713' title='bbox 1732 4937 1980 4992; x_wconf 73' lang='grc' dir='ltr'>ἐπισχό-</span> 
     </span>
    </p>
   </div>
   <div class='ocr_carea' id='block_1_98' title="bbox 470 5004 1986 5074">
    <p class='ocr_par' dir='ltr' id='par_1_98' title="bbox 470 5004 1986 5074">
     <span class='ocr_line' id='line_1_98' title="bbox 470 5004 1986 5074; baseline 0.001 -14"><span class='ocrx_word' id='word_1_714' title='bbox 470 5004 746 5074; x_wconf 77' lang='grc' dir='ltr'>πούόροι</span> <span class='ocrx_word' id='word_1_715' title='bbox 781 5013 842 5059; x_wconf 81' lang='lat' dir='ltr'>t&quot;</span> <span class='ocrx_word' id='word_1_716' title='bbox 877 5006 976 5058; x_wconf 79' lang='grc' dir='ltr'>καὶ</span> <span class='ocrx_word' id='word_1_717' title='bbox 1005 5004 1304 5068; x_wconf 80' lang='grc' dir='ltr'>ἀσκητικὰ</span> <span class='ocrx_word' id='word_1_718' title='bbox 1341 5006 1638 5072; x_wconf 61' lang='grc' dir='ltr'>κεφάλαια</span> <span class='ocrx_word' id='word_1_719' title='bbox 1656 5013 1730 5074; x_wconf 80' lang='lat' dir='ltr'>p’.</span> <span class='ocrx_word' id='word_1_720' title='bbox 1751 5035 1818 5044; x_wconf 92' lang='lat'><strong><em>—</em></strong></span> <span class='ocrx_word' id='word_1_721' title='bbox 1853 5010 1986 5061; x_wconf 81' lang='grc' dir='ltr'>Νεί-</span> 
     </span>
    </p>
   </div>
   <div class='ocr_carea' id='block_1_99' title="bbox 467 5075 1986 5145">
    <p class='ocr_par' dir='ltr' id='par_1_99' title="bbox 467 5075 1986 5145">
     <span class='ocr_line' id='line_1_99' title="bbox 467 5075 1986 5145; baseline -0.001 -13"><span class='ocrx_word' id='word_1_722' title='bbox 467 5082 583 5132; x_wconf 66' lang='grc' dir='ltr'>λου</span> <span class='ocrx_word' id='word_1_723' title='bbox 610 5077 881 5144; x_wconf 79' lang='grc' dir='ltr'>μοναχοῦ</span> <span class='ocrx_word' id='word_1_724' title='bbox 905 5077 1097 5144; x_wconf 74' lang='grc' dir='ltr'>Λόγος</span> <span class='ocrx_word' id='word_1_725' title='bbox 1133 5075 1202 5126; x_wconf 84' lang='grc' dir='ltr'>ἐν</span> <span class='ocrx_word' id='word_1_726' title='bbox 1228 5075 1579 5140; x_wconf 63' lang='grc' dir='ltr'>κεφτιιιαίοις</span> <span class='ocrx_word' id='word_1_727' title='bbox 1604 5082 1756 5145; x_wconf 56' lang='grc' dir='ltr'>ρνγκ</span> <span class='ocrx_word' id='word_1_728' title='bbox 1775 5108 1847 5116; x_wconf 93' lang='grc'><strong><em>-</em></strong></span> <span class='ocrx_word' id='word_1_729' title='bbox 1873 5079 1986 5133; x_wconf 81' lang='grc' dir='ltr'>Καὶ</span> 
     </span>
    </p>
   </div>
   <div class='ocr_carea' id='block_1_100' title="bbox 483 5145 1770 5212">
    <p class='ocr_par' dir='ltr' id='par_1_100' title="bbox 483 5145 1770 5212">
     <span class='ocr_line' id='line_1_100' title="bbox 483 5145 1770 5212; baseline -0.001 -11"><span class='ocrx_word' id='word_1_730' title='bbox 483 5148 763 5202; x_wconf 72' lang='grc' dir='ltr'>Ἰωάννου</span> <span class='ocrx_word' id='word_1_731' title='bbox 789 5147 895 5200; x_wconf 85' lang='grc' dir='ltr'>τοῦ</span> <span class='ocrx_word' id='word_1_732' title='bbox 924 5145 1266 5212; x_wconf 80' lang='grc' dir='ltr'>Καρπαθίου</span> <span class='ocrx_word' id='word_1_733' title='bbox 1290 5149 1770 5212; x_wconf 75' lang='grc' dir='ltr'>Παρακλητικός.</span> 
     </span>
    </p>
   </div>
   <div class='ocr_carea' id='block_1_101' title="bbox 472 5235 1978 5310">
    <p class='ocr_par' dir='ltr' id='par_1_101' title="bbox 472 5235 1978 5310">
     <span class='ocr_line' id='line_1_101' title="bbox 472 5235 1978 5310; baseline 0.001 -18"><span class='ocrx_word' id='word_1_734' title='bbox 472 5239 600 5310; x_wconf 71' lang='grc'>[524</span> <span class='ocrx_word' id='word_1_735' title='bbox 633 5237 726 5310; x_wconf 64' lang='lat' dir='ltr'>IL]</span> <span class='ocrx_word' id='word_1_736' title='bbox 776 5236 1115 5306; x_wconf 85' lang='grc' dir='ltr'>Ἀνεγνώσθη</span> <span class='ocrx_word' id='word_1_737' title='bbox 1147 5235 1349 5304; x_wconf 77' lang='grc' dir='ltr'>βιϐλίον</span> <span class='ocrx_word' id='word_1_738' title='bbox 1381 5238 1492 5300; x_wconf 87' lang='grc' dir='ltr'>τοῖς</span> <span class='ocrx_word' id='word_1_739' title='bbox 1524 5237 1814 5306; x_wconf 79' lang='grc' dir='ltr'>ἑπομένοις</span> <span class='ocrx_word' id='word_1_740' title='bbox 1877 5239 1978 5309; x_wconf 83' lang='grc' dir='ltr'>μὲν</span> 
     </span>
    </p>
   </div>
   <div class='ocr_carea' id='block_1_102' title="bbox 2815 4831 2944 4887">
    <p class='ocr_par' dir='ltr' id='par_1_102' title="bbox 2815 4831 2944 4887">
     <span class='ocr_line' id='line_1_102' title="bbox 2815 4831 2944 4887; baseline 0 0"><span class='ocrx_word' id='word_1_741' title='bbox 2815 4831 2944 4887; x_wconf 83' lang='lat' dir='ltr'>CCI.</span> 
     </span>
    </p>
   </div>
   <div class='ocr_carea' id='block_1_103' title="bbox 2084 4922 3663 4994">
    <p class='ocr_par' dir='ltr' id='par_1_103' title="bbox 2084 4922 3663 4994">
     <span class='ocr_line' id='line_1_103' title="bbox 2084 4922 3663 4994; baseline -0.014 0"><span class='ocrx_word' id='word_1_742' title='bbox 2084 4937 2345 4994; x_wconf 85' lang='lat' dir='ltr'>Diadochi</span> <span class='ocrx_word' id='word_1_743' title='bbox 2402 4932 2641 4985; x_wconf 78' lang='lat' dir='ltr'>Photij</span> <span class='ocrx_word' id='word_1_744' title='bbox 2672 4931 2859 4983; x_wconf 78' lang='lat' dir='ltr'>veteris</span> <span class='ocrx_word' id='word_1_745' title='bbox 2891 4925 3044 4994; x_wconf 81' lang='lat' dir='ltr'>Epiri</span> <span class='ocrx_word' id='word_1_746' title='bbox 3100 4925 3267 4993; x_wconf 75' lang='lat' dir='ltr'>episc.</span> <span class='ocrx_word' id='word_1_747' title='bbox 3317 4922 3663 4990; x_wconf 77' lang='lat' dir='ltr'>Deﬁnitiones</span> 
     </span>
    </p>
   </div>
   <div class='ocr_carea' id='block_1_104' title="bbox 2155 4994 3674 5070">
    <p class='ocr_par' dir='ltr' id='par_1_104' title="bbox 2155 4994 3674 5070">
     <span class='ocr_line' id='line_1_104' title="bbox 2155 4994 3674 5070; baseline -0.013 -8"><span class='ocrx_word' id='word_1_748' title='bbox 2155 5026 2208 5062; x_wconf 84' lang='grc' dir='ltr'><strong>χ.</strong></span> <span class='ocrx_word' id='word_1_749' title='bbox 2234 5021 2279 5060; x_wconf 85' lang='lat' dir='ltr'>et</span> <span class='ocrx_word' id='word_1_750' title='bbox 2315 5007 2506 5070; x_wconf 76' lang='lat' dir='ltr'>Capita</span> <span class='ocrx_word' id='word_1_751' title='bbox 2549 5018 2599 5056; x_wconf 89' lang='lat' dir='ltr'>c.</span> <span class='ocrx_word' id='word_1_752' title='bbox 2633 5030 2703 5040; x_wconf 93' lang='lat'>——-</span> <span class='ocrx_word' id='word_1_753' title='bbox 2739 5000 2862 5070; x_wconf 69' lang='lat' dir='ltr'>Nili</span> <span class='ocrx_word' id='word_1_754' title='bbox 2884 4995 3243 5070; x_wconf 68' lang='lat' dir='ltr'>monttc_/_ti__l)e</span> <span class='ocrx_word' id='word_1_755' title='bbox 3290 4994 3532 5070; x_wconf 64' lang='lat' dir='ltr'>oratione</span> <span class='ocrx_word' id='word_1_756' title='bbox 3583 5008 3674 5044; x_wconf 85' lang='lat' dir='ltr'>cu-</span> 
     </span>
    </p>
   </div>
   <div class='ocr_carea' id='block_1_105' title="bbox 2153 5063 3563 5148">
    <p class='ocr_par' dir='ltr' id='par_1_105' title="bbox 2153 5063 3563 5148">
     <span class='ocr_line' id='line_1_105' title="bbox 2153 5063 3563 5148; baseline -0.013 -16"><span class='ocrx_word' id='word_1_757' title='bbox 2153 5079 2264 5148; x_wconf 82' lang='lat' dir='ltr'>pita</span> <span class='ocrx_word' id='word_1_758' title='bbox 2299 5063 2449 5131; x_wconf 79' lang='lat' dir='ltr'>CLIll.</span> <span class='ocrx_word' id='word_1_759' title='bbox 2475 5071 2788 5125; x_wconf 78' lang='lat' dir='ltr'>—-.loanm&#39;s</span> <span class='ocrx_word' id='word_1_760' title='bbox 2825 5066 3099 5134; x_wconf 71' lang='lat' dir='ltr'>Carpat/iii</span> <span class='ocrx_word' id='word_1_761' title='bbox 3135 5063 3563 5119; x_wconf 75' lang='lat' dir='ltr'>Consolatorius.</span> 
     </span>
    </p>
   </div>
   <div class='ocr_carea' id='block_1_106' title="bbox 2157 5217 3672 5305">
    <p class='ocr_par' dir='ltr' id='par_1_106' title="bbox 2157 5217 3672 5305">
     <span class='ocr_line' id='line_1_106' title="bbox 2157 5217 3672 5305; baseline -0.015 -15"><span class='ocrx_word' id='word_1_762' title='bbox 2157 5236 2287 5305; x_wconf 85' lang='lat' dir='ltr'>Legi</span> <span class='ocrx_word' id='word_1_763' title='bbox 2330 5233 2567 5287; x_wconf 85' lang='lat' dir='ltr'>libellum</span> <span class='ocrx_word' id='word_1_764' title='bbox 2600 5227 2709 5300; x_wconf 90' lang='lat'>(88)</span> <span class='ocrx_word' id='word_1_765' title='bbox 2741 5227 2797 5282; x_wconf 90' lang='lat' dir='ltr'>in</span> <span class='ocrx_word' id='word_1_766' title='bbox 2839 5240 2971 5296; x_wconf 92' lang='lat' dir='ltr'>quo,</span> <span class='ocrx_word' id='word_1_767' title='bbox 3003 5232 3122 5292; x_wconf 90' lang='lat' dir='ltr'>post</span> <span class='ocrx_word' id='word_1_768' title='bbox 3148 5221 3336 5275; x_wconf 89' lang='lat' dir='ltr'>decem</span> <span class='ocrx_word' id='word_1_769' title='bbox 3383 5217 3672 5271; x_wconf 87' lang='lat' dir='ltr'>admodum</span> 
     </span>
    </p>
   </div>
   <div class='ocr_carea' id='block_1_107' title="bbox 1679 5375 2358 5434">
    <p class='ocr_par' dir='ltr' id='par_1_107' title="bbox 1679 5375 2358 5434">
     <span class='ocr_line' id='line_1_107' title="bbox 1679 5375 2358 5434; baseline -0.003 -4"><span class='ocrx_word' id='word_1_770' title='bbox 1679 5379 1914 5434; x_wconf 74' lang='lat' dir='ltr'>VARle</span> <span class='ocrx_word' id='word_1_771' title='bbox 1948 5375 2358 5433; x_wconf 79' lang='lat' dir='ltr'>LECTIONES.</span> 
     </span>
    </p>
   </div>
   <div class='ocr_carea' id='block_1_108' title="bbox 476 5473 894 5541">
    <p class='ocr_par' dir='ltr' id='par_1_108' title="bbox 476 5473 894 5541">
     <span class='ocr_line' id='line_1_108' title="bbox 476 5473 894 5541; baseline 0.002 -16"><span class='ocrx_word' id='word_1_772' title='bbox 476 5477 521 5507; x_wconf 71' lang='lat'>‘9</span> <span class='ocrx_word' id='word_1_773' title='bbox 560 5473 811 5541; x_wconf 82' lang='grc' dir='ltr'>γλῶσσαν</span> <span class='ocrx_word' id='word_1_774' title='bbox 834 5490 894 5536; x_wconf 79' lang='grc' dir='ltr'>ς.</span> 
     </span>
    </p>
   </div>
   <div class='ocr_carea' id='block_1_109' title="bbox 400 5543 1723 5612">
    <p class='ocr_par' dir='ltr' id='par_1_109' title="bbox 400 5543 1723 5612">
     <span class='ocr_line' id='line_1_109' title="bbox 400 5543 1723 5612; baseline -0.005 -15"><span class='ocrx_word' id='word_1_775' title='bbox 400 5546 842 5612; x_wconf 61' lang='grc' dir='ltr'>’δὰμείϐονταςκ</span> <span class='ocrx_word' id='word_1_776' title='bbox 938 5543 981 5612; x_wconf 51' lang='grc'>⁷9</span> <span class='ocrx_word' id='word_1_777' title='bbox 1010 5543 1316 5611; x_wconf 78' lang='grc' dir='ltr'>κοιμίζεται</span> <span class='ocrx_word' id='word_1_778' title='bbox 1375 5543 1610 5612; x_wconf 73' lang='grc' dir='ltr'>μάλιστα</span> <span class='ocrx_word' id='word_1_779' title='bbox 1665 5556 1723 5602; x_wconf 80' lang='grc' dir='ltr'>ς.</span> 
     </span>
    </p>
   </div>
   <div class='ocr_carea' id='block_1_110' title="bbox 401 5610 1774 5684">
    <p class='ocr_par' dir='ltr' id='par_1_110' title="bbox 401 5610 1774 5684">
     <span class='ocr_line' id='line_1_110' title="bbox 401 5610 1774 5684; baseline -0.005 -15"><span class='ocrx_word' id='word_1_780' title='bbox 401 5610 520 5669; x_wconf 67' lang='lat' dir='ltr'>om.</span> <span class='ocrx_word' id='word_1_781' title='bbox 543 5618 606 5669; x_wconf 88' lang='lat' dir='ltr'>A.</span> <span class='ocrx_word' id='word_1_782' title='bbox 686 5614 731 5646; x_wconf 84' lang='grc'>⁷⁸</span> <span class='ocrx_word' id='word_1_783' title='bbox 761 5624 883 5684; x_wconf 84' lang='lat' dir='ltr'>post</span> <span class='ocrx_word' id='word_1_784' title='bbox 913 5610 1108 5684; x_wconf 82' lang='grc' dir='ltr'>χώραν</span> <span class='ocrx_word' id='word_1_785' title='bbox 1157 5617 1207 5665; x_wconf 83' lang='grc' dir='ltr'>ιιι</span> <span class='ocrx_word' id='word_1_786' title='bbox 1240 5613 1283 5664; x_wconf 77' lang='grc' dir='ltr'><strong>Α</strong></span> <span class='ocrx_word' id='word_1_787' title='bbox 1315 5626 1499 5665; x_wconf 85' lang='lat' dir='ltr'>versus</span> <span class='ocrx_word' id='word_1_788' title='bbox 1529 5611 1561 5663; x_wconf 84' lang='grc'>5</span> <span class='ocrx_word' id='word_1_789' title='bbox 1598 5610 1774 5664; x_wconf 81' lang='lat' dir='ltr'>vacui.</span> 
     </span>
    </p>
   </div>
   <div class='ocr_carea' id='block_1_111' title="bbox 995 5471 1538 5552">
    <p class='ocr_par' dir='ltr' id='par_1_111' title="bbox 995 5471 1538 5552">
     <span class='ocr_line' id='line_1_111' title="bbox 995 5471 1538 5552; baseline -0.004 -28"><span class='ocrx_word' id='word_1_790' title='bbox 995 5472 1040 5503; x_wconf 80' lang='grc' dir='ltr'>⁷ο</span> <span class='ocrx_word' id='word_1_791' title='bbox 1072 5471 1208 5552; x_wconf 57' lang='grc' dir='ltr'>ἀλλά</span> <span class='ocrx_word' id='word_1_792' title='bbox 1245 5472 1340 5524; x_wconf 75' lang='grc' dir='ltr'>καὶ</span> <span class='ocrx_word' id='word_1_793' title='bbox 1391 5487 1538 5552; x_wconf 26' lang='lat' dir='ltr'>pug.</span> 
     </span>
    </p>
   </div>
   <div class='ocr_carea' id='block_1_112' title="bbox 1643 5469 2081 5540">
    <p class='ocr_par' dir='ltr' id='par_1_112' title="bbox 1643 5469 2081 5540">
     <span class='ocr_line' id='line_1_112' title="bbox 1643 5469 2081 5540; baseline 0.009 -20"><span class='ocrx_word' id='word_1_794' title='bbox 1643 5469 1686 5499; x_wconf 83' lang='lat'>&#39;”</span> <span class='ocrx_word' id='word_1_795' title='bbox 1722 5470 1821 5540; x_wconf 84' lang='grc' dir='ltr'>τῆς</span> <span class='ocrx_word' id='word_1_796' title='bbox 1845 5473 1889 5522; x_wconf 84' lang='grc' dir='ltr'>δ’</span> <span class='ocrx_word' id='word_1_797' title='bbox 1927 5474 1992 5523; x_wconf 87' lang='grc' dir='ltr'>ἐκ</span> <span class='ocrx_word' id='word_1_798' title='bbox 2021 5489 2081 5534; x_wconf 77' lang='grc' dir='ltr'>ς.</span> 
     </span>
    </p>
   </div>
   <div class='ocr_carea' id='block_1_113' title="bbox 1839 5529 3126 5606">
    <p class='ocr_par' dir='ltr' id='par_1_113' title="bbox 1839 5529 3126 5606">
     <span class='ocr_line' id='line_1_113' title="bbox 1839 5529 3126 5606; baseline -0.015 -10"><span class='ocrx_word' id='word_1_799' title='bbox 1839 5544 1883 5573; x_wconf 72' lang='grc'>⁷⁵</span> <span class='ocrx_word' id='word_1_800' title='bbox 1903 5545 1971 5595; x_wconf 77' lang='grc' dir='ltr'>τά</span> <span class='ocrx_word' id='word_1_801' title='bbox 1996 5529 2141 5594; x_wconf 75' lang='grc' dir='ltr'>ὀκτὼ</span> <span class='ocrx_word' id='word_1_802' title='bbox 2198 5529 2531 5606; x_wconf 60' lang='grc' dir='ltr'>τῶνλογίων</span> <span class='ocrx_word' id='word_1_803' title='bbox 2565 5529 2688 5604; x_wconf 73' lang='lat' dir='ltr'>post</span> <span class='ocrx_word' id='word_1_804' title='bbox 2717 5534 2868 5601; x_wconf 83' lang='grc' dir='ltr'>ὅμως</span> <span class='ocrx_word' id='word_1_805' title='bbox 2891 5529 3041 5598; x_wconf 80' lang='lat' dir='ltr'>ponit</span> <span class='ocrx_word' id='word_1_806' title='bbox 3061 5529 3126 5578; x_wconf 86' lang='lat' dir='ltr'>A.</span> 
     </span>
    </p>
   </div>
   <div class='ocr_carea' id='block_1_114' title="bbox 2989 5446 3674 5521">
    <p class='ocr_par' dir='ltr' id='par_1_114' title="bbox 2989 5446 3674 5521">
     <span class='ocr_line' id='line_1_114' title="bbox 2989 5446 3674 5521; baseline -0.019 -14"><span class='ocrx_word' id='word_1_807' title='bbox 2989 5455 3035 5486; x_wconf 90' lang='grc'>’⁷³</span> <span class='ocrx_word' id='word_1_808' title='bbox 3064 5448 3466 5521; x_wconf 80' lang='grc' dir='ltr'>ἐπιφερομένας</span> <span class='ocrx_word' id='word_1_809' title='bbox 3509 5446 3674 5521; x_wconf 38' lang='grc' dir='ltr'>ᾐμῖνι.</span> 
     </span>
    </p>
   </div>
   <div class='ocr_carea' id='block_1_115' title="bbox 2183 5464 3676 5588">
    <p class='ocr_par' dir='ltr' id='par_1_115' title="bbox 2183 5464 3676 5588">
     <span class='ocr_line' id='line_1_115' title="bbox 2183 5464 3674 5536; baseline -0.019 -14"><span class='ocrx_word' id='word_1_810' title='bbox 2183 5470 2229 5501; x_wconf 70' lang='grc' dir='ltr'>τί</span> <span class='ocrx_word' id='word_1_811' title='bbox 2282 5465 2577 5536; x_wconf 84' lang='grc' dir='ltr'>ἐχαρίσατο</span> <span class='ocrx_word' id='word_1_812' title='bbox 2634 5464 2767 5533; x_wconf 79' lang='grc' dir='ltr'>ἡμῖν</span> <span class='ocrx_word' id='word_1_813' title='bbox 2818 5476 2878 5523; x_wconf 81' lang='grc' dir='ltr'>ς.</span> <span class='ocrx_word' id='word_1_814' title='bbox 2989 5464 3035 5486; x_wconf 84' lang='grc'>⁷³</span> <span class='ocrx_word' id='word_1_815' title='bbox 3064 5464 3466 5521; x_wconf 76' lang='grc' dir='ltr'>ἐπιφερομένας</span> <span class='ocrx_word' id='word_1_816' title='bbox 3502 5464 3674 5530; x_wconf 14' lang='grc' dir='ltr'>νημιγ.</span> 
     </span>
     <span class='ocr_line' id='line_1_116' title="bbox 2198 5513 3676 5588; baseline -0.016 1"><span class='ocrx_word' id='word_1_817' title='bbox 2198 5540 2306 5588; x_wconf 81' lang='grc' dir='ltr'>τῶν</span> <span class='ocrx_word' id='word_1_818' title='bbox 2337 5537 2531 5588; x_wconf 82' lang='grc' dir='ltr'>λογίων</span> <span class='ocrx_word' id='word_1_819' title='bbox 2565 5545 2688 5588; x_wconf 85' lang='lat' dir='ltr'>nost</span> <span class='ocrx_word' id='word_1_820' title='bbox 2717 5534 2868 5588; x_wconf 83' lang='grc' dir='ltr'>ὅμως</span> <span class='ocrx_word' id='word_1_821' title='bbox 2891 5529 3041 5588; x_wconf 80' lang='lat' dir='ltr'>ponit</span> <span class='ocrx_word' id='word_1_822' title='bbox 3061 5529 3126 5578; x_wconf 86' lang='lat' dir='ltr'>A.</span> <span class='ocrx_word' id='word_1_823' title='bbox 3221 5523 3263 5554; x_wconf 80' lang='grc'><strong>⁷⁷</strong></span> <span class='ocrx_word' id='word_1_824' title='bbox 3295 5521 3392 5588; x_wconf 86' lang='grc' dir='ltr'>μέν</span> <span class='ocrx_word' id='word_1_825' title='bbox 3421 5529 3475 5573; x_wconf 86' lang='lat' dir='ltr'>et</span> <span class='ocrx_word' id='word_1_826' title='bbox 3496 5518 3587 5570; x_wconf 71' lang='lat'>2&#39;0.</span> <span class='ocrx_word' id='word_1_827' title='bbox 3619 5513 3676 5566; x_wconf 73' lang='grc' dir='ltr'>οὲ</span> 
     </span>
    </p>
   </div>
   <div class='ocr_carea' id='block_1_116' title="bbox 1942 5697 2175 5754">
    <p class='ocr_par' dir='ltr' id='par_1_116' title="bbox 1942 5697 2175 5754">
     <span class='ocr_line' id='line_1_117' title="bbox 1942 5697 2175 5754; baseline -0.017 0"><span class='ocrx_word' id='word_1_828' title='bbox 1942 5697 2175 5754; x_wconf 66' lang='lat' dir='ltr'>NOTAE.</span> 
     </span>
    </p>
   </div>
   <div class='ocr_carea' id='block_1_117' title="bbox 479 5792 1982 5869">
    <p class='ocr_par' dir='ltr' id='par_1_117' title="bbox 479 5792 1982 5869">
     <span class='ocr_line' id='line_1_118' title="bbox 479 5792 1982 5869; baseline -0.006 -15"><span class='ocrx_word' id='word_1_829' title='bbox 479 5799 594 5869; x_wconf 80' lang='lat'>(87)</span> <span class='ocrx_word' id='word_1_830' title='bbox 624 5799 699 5852; x_wconf 84' lang='lat' dir='ltr'>De</span> <span class='ocrx_word' id='word_1_831' title='bbox 727 5798 930 5869; x_wconf 75' lang='lat' dir='ltr'>quibus</span> <span class='ocrx_word' id='word_1_832' title='bbox 971 5813 1038 5850; x_wconf 78' lang='lat' dir='ltr'>ex</span> <span class='ocrx_word' id='word_1_833' title='bbox 1073 5804 1315 5869; x_wconf 78' lang='lat' dir='ltr'>veterum</span> <span class='ocrx_word' id='word_1_834' title='bbox 1345 5792 1745 5869; x_wconf 65' lang='lat' dir='ltr'>scriptisplura</span> <span class='ocrx_word' id='word_1_835' title='bbox 1775 5792 1982 5850; x_wconf 88' lang='lat' dir='ltr'>cardiu.</span> 
     </span>
    </p>
   </div>
   <div class='ocr_carea' id='block_1_118' title="bbox 406 5865 1607 5938">
    <p class='ocr_par' dir='ltr' id='par_1_118' title="bbox 406 5865 1607 5938">
     <span class='ocr_line' id='line_1_119' title="bbox 406 5865 1607 5938; baseline -0.006 -12"><span class='ocrx_word' id='word_1_836' title='bbox 406 5865 697 5938; x_wconf 77' lang='lat' dir='ltr'>Baroutus,</span> <span class='ocrx_word' id='word_1_837' title='bbox 732 5865 865 5926; x_wconf 83' lang='lat' dir='ltr'>tom.</span> <span class='ocrx_word' id='word_1_838' title='bbox 893 5867 961 5934; x_wconf 88' lang='grc' dir='ltr'>ιι,</span> <span class='ocrx_word' id='word_1_839' title='bbox 991 5869 1058 5924; x_wconf 89' lang='lat' dir='ltr'>ad</span> <span class='ocrx_word' id='word_1_840' title='bbox 1087 5881 1218 5922; x_wconf 87' lang='lat' dir='ltr'>ann.</span> <span class='ocrx_word' id='word_1_841' title='bbox 1246 5865 1451 5923; x_wconf 76' lang='lat' dir='ltr'>Christi</span> <span class='ocrx_word' id='word_1_842' title='bbox 1485 5865 1607 5921; x_wconf 83' lang='grc'>196.</span> 
     </span>
    </p>
   </div>
   <div class='ocr_carea' id='block_1_119' title="bbox 2175 5769 3670 5856">
    <p class='ocr_par' dir='ltr' id='par_1_119' title="bbox 2175 5769 3670 5856">
     <span class='ocr_line' id='line_1_120' title="bbox 2175 5769 3670 5856; baseline -0.013 -14"><span class='ocrx_word' id='word_1_843' title='bbox 2175 5788 2288 5856; x_wconf 85' lang='lat'>(88)</span> <span class='ocrx_word' id='word_1_844' title='bbox 2320 5787 2655 5856; x_wconf 76' lang='lat' dir='ltr'>Etexstat_a</span> <span class='ocrx_word' id='word_1_845' title='bbox 2694 5790 2912 5856; x_wconf 64' lang='lat' dir='ltr'>nostro</span> <span class='ocrx_word' id='word_1_846' title='bbox 2936 5775 3133 5856; x_wconf 69' lang='lat' dir='ltr'>Franc.</span> <span class='ocrx_word' id='word_1_847' title='bbox 3169 5772 3436 5826; x_wconf 88' lang='lat' dir='ltr'>&#39;l&#39;urriauo</span> <span class='ocrx_word' id='word_1_848' title='bbox 3479 5769 3670 5826; x_wconf 83' lang='lat' dir='ltr'>Latine</span> 
     </span>
    </p>
   </div>
   <div class='ocr_carea' id='block_1_120' title="bbox 2093 5847 3391 5928">
    <p class='ocr_par' dir='ltr' id='par_1_120' title="bbox 2093 5847 3391 5928">
     <span class='ocr_line' id='line_1_121' title="bbox 2093 5847 3391 5928; baseline -0.015 -14"><span class='ocrx_word' id='word_1_849' title='bbox 2093 5847 2306 5928; x_wconf 71' lang='lat' dir='ltr'>versus,</span> <span class='ocrx_word' id='word_1_850' title='bbox 2339 5867 2393 5915; x_wconf 88' lang='lat' dir='ltr'>ct</span> <span class='ocrx_word' id='word_1_851' title='bbox 2419 5856 2561 5927; x_wconf 82' lang='lat' dir='ltr'>typis</span> <span class='ocrx_word' id='word_1_852' title='bbox 2589 5849 2945 5910; x_wconf 81' lang='lat' dir='ltr'>Plautiuianis</span> <span class='ocrx_word' id='word_1_853' title='bbox 2969 5847 3096 5902; x_wconf 88' lang='lat' dir='ltr'>olim</span> <span class='ocrx_word' id='word_1_854' title='bbox 3137 5859 3391 5900; x_wconf 72' lang='lat' dir='ltr'>cxcusus.</span> 
     </span>
    </p>
   </div>
  </div>
