4022 6444
617 369 685 429 75
1714 362 1979 423 PIIOTII
2018 362 2525 424 PATRIARCI-LE
2559 366 2670 426 CP.
3687 385 3772 455 676

579 486 687 537 rat,
716 473 860 542 quod
895 473 1018 541 quis
1057 471 1350 526 multorum
1385 471 1610 526 auribus
1655 471 1934 525 insolitum
1981 471 2141 526 dicat.

2252 472 2422 542 αὐτῆς
2456 475 2574 527 ἐστι
2600 476 2692 527 καὶ⁵
2723 475 2824 545 τῆς
2850 476 2926 538 ὡς
2956 477 3121 545 φάναι
3151 477 3355 533 πολλῶν
3409 482 3564 555 ἀκοῆς
3609 491 3776 550 ἀνακε-

579 564 693 618 lloc
722 573 954 626 constat,
1003 564 1137 618 nihil
1184 579 1334 629 eum,
1391 565 1536 632 quod
1575 564 1644 618 ad
1691 563 2160 633 interpretandum

582 656 763 723 iaciat,
785 657 1077 722 declinare,
1103 658 1350 727 adeoque
1375 657 1430 710 in
1459 670 1730 710 summum
1759 655 2003 710 evasisse
2030 656 2161 723 opti-

577 764 796 802 morum
861 747 1219 817 interpretum
1273 747 1510 811 culmen,
1540 755 1599 799 ut
1631 760 1736 799 non
1769 745 2030 800 facile-sis
2059 744 2162 800 ali-

580 858 744 910 quem
785 853 1124 912 rcperturus,
1158 843 1250 912 qui
1281 842 1378 896 illo
1402 841 1596 896 melius
1636 842 1870 897 obscura
1899 842 2159 912 explicet.

578 931 719 988 Sunt
749 935 969 1002 quidem
1005 944 1062 989 et
1088 933 1179 988 alii
1215 949 1351 1003 pure
1382 933 1687 1003 loquentes,
1733 935 1824 1004 qui
1861 936 2160 1005 proposita-

573 1041 694 1080 rum
721 1026 827 1080 sibi
853 1042 1043 1081 rerum
1075 1043 1294 1082 sensum
1323 1028 1471 1082 haud
1507 1029 1748 1094 segniter
1777 1028 2104 1097 investigent
2137 1046 2153 1083 :

575 1127 632 1171 at
671 1118 834 1172 simul
878 1128 933 1174 et
968 1121 1255 1188 perspicue
1296 1120 1500 1183 dicere,
1541 1130 1596 1174 et
1635 1120 1767 1174 nihil
1804 1121 2021 1176 interim
2065 1137 2156 1176 co-

573 1210 724 1279 gnitu
771 1212 1140 1266 necessarium
1169 1211 1272 1283 (vel
1310 1213 1592 1267 brevitatis
1617 1212 1800 1283 causa)
1824 1216 2155 1282 practermit-

573 1311 729 1366 tcrc;
772 1316 877 1354 non
929 1302 1056 1356 item
1123 1303 1189 1355 ad
1264 1303 1606 1364 diverticula,
1657 1303 1740 1357 vel
1791 1304 1857 1358 ad
1894 1305 2155 1358 doctrina:

572 1393 993 1446 ostentationem
1023 1394 1230 1462 digredi
1277 1394 1402 1458 (nisi
1434 1395 1550 1450 haec
1582 1395 1829 1460 forsitan,
1878 1413 1987 1451 non
2036 1397 2154 1452 sine

571 1483 829 1550 utilitate,
871 1485 951 1537 sic
983 1486 1368 1550 adhibeantur,
1403 1497 1460 1541 ut
1489 1487 1690 1556 percipi
1724 1500 1978 1558 nequeat,
2007 1489 2151 1558 quod

569 1583 599 1622 a
643 1585 700 1624 re
748 1573 1026 1641 proposita
1052 1573 1407 1645 discedatur),
1441 1574 1636 1646 164b
1701 1576 1804 1630 hoc
1845 1587 1994 1631 certe
2041 1591 2152 1645 pra:

569 1663 782 1715 caeteris
804 1663 967 1718 rebus
987 1665 1241 1720 omnibus
1268 1681 1303 1723 a
1341 1667 1486 1722 bono
1519 1667 1875 1723 Tbeodoreto
1909 1670 2153 1723 studiose

568 1764 817 1807 curatum
861 1764 966 1820 est,
1003 1771 1107 1810 non
1155 1757 1211 1810 in
1259 1757 1363 1812 hoc
1424 1759 1600 1812 solum
1656 1774 1843 1829 opere,
1885 1761 1984 1816 sed
2033 1760 2147 1815 fere

567 1845 796 1900 diierim
829 1847 882 1900 in
915 1847 1164 1902 omnibus
1211 1847 1329 1915 ejus
1367 1851 1614 1918 scriptis,
1651 1866 1770 1920 qum
1819 1855 1983 1905 nmlta
2019 1867 2148 1906 sane

565 1925 812 2005 reliquit,
849 1938 1047 2007 quibus
1072 1953 1304 2005 sacram
1345 1937 1688 2010 Scripturam
1744 1941 2007 1995 industria
2054 1956 2149 1996 sua

565 2025 799 2080 mirifice
828 2027 1140 2081 illustravit.
1170 2027 1340 2097 igitur
1381 2029 1435 2083 in
1479 2028 1753 2098 aliquibus
1797 2029 2016 2098 quidem
2070 2030 2148 2086 illi

564 2122 620 2176 in
652 2123 751 2176 hac
791 2121 958 2177 divini
995 2121 1236 2179 Danielis
1287 2125 1628 2194 expositione
1667 2141 1790 2180 cum
1844 2125 2145 2198 Hippolyto

563 2222 807 2283 martyre
839 2214 1118 2277 convenit,
1159 2214 1254 2268 sed
1290 2216 1442 2284 plura
1512 2218 1566 2270 in
1620 2217 1820 2286 quibus
1847 2217 2098 2273 dissentit
2128 2236 2142 2272 :

563 2319 793 2372 quorum
835 2306 949 2360 huic
975 2305 1277 2362 illustriora
1303 2309 1646 2380 sunt“'(94).

1265 2400 1441 2456 CCIV.

562 2486 817 2556 Ejusdem
854 2487 1166 2542 Octatcuchi
1187 2491 1488 2564 ἐπροιξίιίο,
1510 2500 1561 2544 et
1610 2490 1678 2545 In
1711 2491 1875 2547 libros
1935 2491 2139 2564 Regum

1088 2575 1150 2612 ac
1177 2558 1614 2629 Paralipomena.

629 2649 761 2721 Legi
789 2650 1033 2720 ejusdem
1063 2652 1230 2706 divini
1270 2653 1372 2706 viri
1399 2654 1840 2722 explanationem
1881 2655 2140 2712 Octateu-

559 2744 674 2807 citi,
712 2747 832 2812 qua:
877 2745 1292 2812 inscriptionem
1332 2757 1480 2800 certe
1531 2749 1685 2816 operi
1725 2749 1943 2819 egregie
2001 2765 2136 2805 con-

557 2843 839 2903 gruentem
883 2846 1038 2890 nacta
1081 2845 1185 2901 est,
1222 2835 1291 2890 In
1347 2838 1596 2906 impedita
1632 2855 1798 2894 sacra:
1844 2841 2136 2909 Scriptura:

556 2928 676 2981 loca
709 2926 846 2998 (95);
889 2929 940 2982 in
969 2929 1165 2997 quibus
1185 2929 1510 2984 etad‘libros
1529 2930 1732 3001 Regum
1765 2946 1829 2986 ac
1857 2931 2134 3002 Paralipo-

557 3035 739 3074 mena.
788 3019 1141 3075 Utilissimum
1190 3021 1242 3074 in
1287 3021 1479 3088 primis
1524 3021 1629 3076 hoc
1679 3039 1840 3093 opus,
1879 3025 2133 3094 quodque

502 3138 510 3148 ι
556 3128 682 3167 cum
723 3111 855 3180 ipsis
879 3112 1034 3181 quasi
1074 3112 1414 3166 naturalibus
1461 3113 1708 3182 parentis
1757 3130 1878 3170 mox
1914 3116 2128 3183 genium

556 3205 824 3259 lectorum
856 3207 1030 3262 oculis
1054 3206 1325 3273 subjiciat.
1365 3203 1736 3275 Praeterquam
1774 3215 1954 3261 autem
1989 3210 2132 3276 quod

555 3297 646 3350 hic
683 3311 946 3352 consueta
993 3299 1095 3366 ipsi
1135 3297 1349 3353 dicendi
1384 3298 1556 3351 forma
1601 3300 1817 3369 egregie
1862 3299 2074 3354 eluceat
2118 3318 2133 3355 :

553 3390 718 3444 habet
734 3405 948 3460 quoque
971 3390 1038 3462 (si
1060 3390 1126 3443 ad
1153 3388 1411 3459 majorem
1437 3390 1888 3459 perspicuitatem
1911 3401 1968 3445 et
1991 3406 2136 3445 com-

552 3482 922 3550 prehendendi
958 3482 1277 3536 facilitatem
1325 3483 1612 3552 respicias)
1639 3498 1762 3537 cum
1799 3483 1944 3537 aliud
1974 3483 2136 3552 quod-

549 3577 674 3629 dant
700 3575 1066 3642 commodum,
1112 3586 1224 3629 tum
1269 3575 1412 3645 quod
1467 3576 1519 3630 in
1569 3592 1780 3631 summa
1833 3577 2000 3631 veluti
2043 3593 2134 3631 ca-

547 3670 663 3738 pita
706 3683 802 3739 per
836 3668 1166 3738 quaestiones
1207 3667 1620 3736 solutionesque
1668 3668 1804 3723 liber
1843 3668 2133 3724 distinctus

548 3761 642 3814 sit.

1248 3850 1405 3907 CCV.

1007 3944 1159 3998 Idem
1182 3945 1235 3998 in
1261 3961 1333 3999 xtl
1361 3946 1670 4014 Prophetas.

620 4034 877 4104 Legimus
911 4035 1151 4104 ejusdem
1209 4037 1266 4088 in
1308 4038 1582 4091 duodecim
1626 4039 1906 4107 prophetas
1937 4038 2126 4092 eadem

547 4127 808 4182 dictionis
876 4141 942 4181 ac
989 4129 1274 4182 sententia:
1332 4138 1615 4183 venustate
1683 4132 2006 4184 adornatum
2061 4129 2126 4183 li-

548 4221 730 4273 brum.

1253 4311 1427 4368 CCVI.

547 4403 803 4470 Procopii
851 4407 1101 4473 sap/iisne
1131 4407 1340 4463 Scholre
1371 4412 1867 4464 commentariorum
1913 4411 1969 4463 in
2016 4410 2121 4465 0c-

599 4482 923 4543 tateuchum,
943 4488 992 4531 et
1026 4479 1082 4531 in
1112 4479 1277 4533 libros
1306 4478 1504 4548 Regum
1531 4496 1594 4532 ac
1628 4480 2061 4550 Paralipomenu.

616 4636 793 4690 Lecta:
823 4647 947 4691 sunt
985 4637 1234 4706 Procopii
1276 4638 1537 4705 sophistae
1562 4637 1772 4692 Schola:
1796 4650 2119 4692 commenta-

2264 565 2550 635 χωρηκὸςο
2588 567 2743 618 τοῦτο
2773 567 2852 632 δὲ,
2894 569 2975 620 ὅτι
3021 567 3163 638 μηδὲ
3219 570 3487 641 προσῆκον
3530 578 3775 657 ἑρμηνεία,

2260 656 2566 710 ἀποκλίνει.
2599 659 2711 711 Καὶ
2744 659 2880 722 ὅλως
2903 659 2949 692 9"
2990 661 3071 721 εἰς
3099 659 3159 712 τὸ
3183 660 3401 729 ἄριστόν
3428 665 3536 720 ἐστι
3584 671 3678 735 τῶν
3706 656 3780 742 ἐξ-

2259 747 2483 817 ηγητῶν
2508 749 2601 801 καὶ
2644 749 2744 800 οὐκ
2777 748 2899 820 ἔχον
2922 750 2968 782 ³⁸
2999 749 3195 821 ῥᾳδίως
3246 751 3337 803 τὸν
3373 753 3581 823 ἄμεινον
3624 761 3782 819 διασα.

2260 840 2466 909 φοῦντα
2510 843 2836 914 ἀνηγμένος.
2902 843 3059 897 Ἔστι
3112 843 3212 913 μὲν
3262 846 3371 916 γὰρ
3406 851 3494 902 καὶ
3535 852 3696 919 ἄλλοις
3732 863 3784 913 τὺ

2259 935 2519 1008 καθαρῶς
2567 939 2740 990 εἰπεῖν
2794 937 2889 990 καὶ
2920 936 3235 1007 ἀνιχνεῦσαι
3260 938 3351 991 τὸν
3384 939 3504 995 νοῦν
3531 943 3631 998 τῶν
3669 948 3786 1003 Ostiis

2259 1026 2562 1097 ρουμένωψ
2616 1027 2678 1078 τὸ
2714 1026 2759 1080 δ’
2791 1027 2906 1097 ἆμα
2951 1043 3010 1078 τε
3047 1026 3236 1094 σαφῶς
3287 1029 3456 1081 εἰπεῖν
3516 1033 3605 1084 καὶ
3647 1037 3788 1106 μηδὲν

2257 1118 2365 1171 τῶν
2395 1118 2710 1186 ἀναγκαίων
2762 1120 2818 1173 ὲν
2851 1117 2929 1188 τῷ
2986 1118 3236 1188 συντόμῳ
3291 1119 3630 1188 παραλιπεῖν,
3677 1115 3788 1196 μηδέ

2216 1211 2394 1279 ’πρὸς
2444 1211 2716 1282 ἐκδρομὰς
2760 1211 2793 1282 ἢ
2842 1210 3214 1272 ἐπιδεικτικὰς
3257 1212 3446 1278 σοφίας
3471 1214 3592 1284 ’⁸,ἢ
3645 1199 3789 1283 ἄλλως

2257 1301 2358 1370 μὲν
2387 1302 2486 1355 οὐκ
2517 1303 2849 1372 ἀχρήστους,
2883 1302 3308 1373 παρασυρούσας
3333 1303 3376 1334 ⁸⁷
3407 1303 3462 1356 δὲ
3481 1304 3570 1356 τοῦ
3599 1323 3790 1378 προκειο

2256 1391 2440 1460 μένου,
2476 1395 2550 1462 μὴ
2595 1394 2828 1456 ἀπιδεῖν,
2859 1393 2913 1446 εἴ
2941 1411 3044 1446 τινι
3093 1393 3236 1464 ἄλλῳ
3269 1393 3336 1454 ⁸⁸.
3369 1395 3460 1447 καὶ
3483 1395 3557 1465 τῷ
3605 1401 3792 1470 χρηστῷ

2251 1482 2585 1553 Θεοδωρήτῳ
2615 1483 2790 1537 ἔνεστι
2850 1483 3365 1553 διεσπουδασμένον,
3425 1484 3523 1536 οὐκ
3571 1487 3624 1537 ἐν
3650 1488 3793 1561 ταύτῃ

2256 1573 2413 1643 μόνον
2435 1577 2502 1645 τῇ
2544 1575 3084 1647 πραγματείᾳ,.ἁλλά
3115 1593 3177 1643 γε
3200 1576 3247 1606 θ’
3282 1577 3476 1646 μικροῦ
3511 1577 3610 1630 δέω
3655 1580 3791 1647 φάναι

2254 1668 2349 1720 καὶ
2379 1668 2438 1718 ὲν
2469 1667 2672 1732 πάσαις
2703 1698 2771 1708 -
2793 1668 2988 1722 πολλαὶ
3011 1668 3068 1720 δὲ
3099 1660 3259 1721 αὗται
3293 1699 3362 1709 --
3394 1671 3451 1722 ἐν
3483 1664 3568 1733 αἷς
3609 1670 3708 1724 τῶν
3731 1673 3791 1724 ie-

2259 1755 2364 1826 ρῶν
2406 1758 2752 1829 Γραμμάτων
2786 1759 2934 1829 αὐτῷ
2982 1761 3016 1830 ἡ
3064 1759 3392 1830 διασάφησις
3446 1760 3792 1828 φιλοπονεῖταιῖ

2259 1850 2412 1902 Ἔστι
2462 1852 2562 1921 μὲν
2605 1848 2699 1905 οῦν
2763 1853 2820 1906 ὲν
2865 1856 2929 1924 τῇ
2977 1855 3106 1923 περὶ
3156 1853 3247 1906 τὸν
3300 1853 3586 1906 θεσπέσιον
3629 1856 3792 1924 Δανιὴλ

2250 1943 2551 2009 ἀναπτύξει
2580 1946 2704 1998 κατ’
2737 1945 2855 1998 ἔνια
2883 1946 2962 2017 τῷ
2995 1949 3234 2018 μάρτυρι
3267 1947 3671 2018 συμφερόμενος
3708 1947 3791 2000 Ἱπ-

2249 2034 2495 2106 πολύτῳ·
2529 2036 2700 2090 πλείω
2731 2036 2787 2090 δὲ
2815 2039 2956 2110 πρὸς
3007 2039 3044 2094 ἃ
3076 2040 3306 2111 φέρεται
3331 2039 3431 2112 τὴν
3497 2039 3698 2112 ὲτέραν,
3737 2033 3792 2094 ὧν

2249 2124 2318 2178 τὰ
2346 2127 2752 2201 ἐπιφανέστερα
2781 2129 2955 2185 ταῦτα
2993 2132 3033 2187 ¹.

2841 2395 2969 2467 [826
3004 2395 3095 2467 11.}
3129 2395 3243 2450 ΣΔκ

2246 2485 2362 2540 Τοῦ
2383 2485 2571 2541 αὑτοῦ
2611 2489 2698 2553 εὶς
2743 2487 3302 2554 τὴνὌκτάτευχον,
3353 2503 3455 2540 και
3499 2485 3606 2554 τὰς
3649 2489 3798 2540 Βασι-

2531 2558 2721 2624 λείας,
2752 2560 2852 2612 καὶ
2881 2558 2955 2612 τὰ
2985 2559 3498 2627 Παραλειπόμενα.

2325 2650 2664 2721 Ἀνεγνώσθη
2697 2652 2717 2680 ¹
2755 2650 2852 2703 τοῦ
2906 2650 3071 2704 αὑτοῦ
3127 2649 3404 2721 μακαρίου
3457 2650 3478 2681 ³
3509 2649 3691 2717 ἀνδρὸς
3730 2649 3801 2713 ἐξ·

2239 2742 2436 2812 ἡγησις
2463 2743 2484 2774 ’⁸
2517 2745 2597 2807 εἰς
2629 2743 2728 2814 τὴν
2753 2742 3131 2812 Ὀκτὰτευχον.
3177 2740 3525 2812 Ἐπιγραφὴν
3556 2741 3598 2791 δ’
3621 2739 3757 2809 ἔλαχε
3785 2744 3800 2774 ⁵

2239 2831 2642 2900 συμϐαίνουσαν
2673 2832 2752 2903 τῷ
2782 2831 2962 2905 ἔργῳ·
2999 2835 3104 2897 Εἰς
3131 2832 3204 2886 τὰ
3225 2832 3427 2900 ἄπορα
3478 2832 3586 2901 γὰρ
3623 2848 3804 2902 χρημαι

2235 2927 2372 2989 τίςει
2388 2927 2500 2996 τῆς
2518 2927 2779 2997 -Τραφῆς
2799 2928 2911 2997 (95)
2935 2945 2948 2957 ·
2969 2930 3028 2982 ὲν
3055 2922 3136 2991 οἷς
3157 2929 3389 2982 ἐστικαὶ
3412 2929 3492 2990 εἰς
3515 2926 3583 2980 τὰ
3600 2927 3698 2978 τῶν
3713 2925 3799 2978 Βα-

2237 3019 2454 3072 σιλειῶν
2487 3021 2580 3073 καὶ
2609 3022 2690 3083 εἰς
2715 3019 2784 3073 τὰ
2811 3019 3288 3090 Παραλειπόμενα.
3350 3020 3635 3090 Χρήσιμον
3656 3019 3698 3070 δ’
3748 3018 3794 3079 ὲς

2233 3110 2304 3164 τὰ
2334 3113 2567 3182 μάλιστα
2597 3113 2659 3166 τὸ
2699 3112 2920 3183 βιϐλίον,
2960 3113 3050 3165 καὶ
3071 3113 3264 3175 αὑταῖς
3292 3115 3484 3182 γοναῖς
3509 3115 3620 3174 τοῖς
3645 3113 3802 3177 ἐντυγ-

2243 3204 2468 3273 χάνουσι
2513 3202 2575 3256 τὸ
2604 3203 2826 3273 γνήσιον
2862 3202 3306 3272 ἐπιδεικνύμενον
3337 3202 3543 3257 αὐτίκα
3591 3203 3681 3256 τοῦ
3729 3220 3804 3268 γε·

2242 3295 2592 3365 γεννηκὸτος.
2622 3295 2736 3363 Τῆς
2763 3294 2823 3348 δὲ
2865 3295 3132 3366 συνήθους
3164 3294 3315 3364 αὐτῷ
3347 3295 3494 3358 ίὸέας
3515 3295 3805 3364 διαπρεπού-

2245 3403 2363 3457 σης,
2393 3387 2507 3456 ἔχει
2536 3404 2590 3440 τι
2638 3386 2774 3456 πρὸς
2807 3387 2868 3440 τὸ
2899 3387 3232 3456 σαφέστερον
3257 3388 3398 3458 ὁρᾷν
3439 3389 3537 3441 καὶ
3591 3387 3804 3440 εὐκατά-

2241 3477 2447 3546 ληπτον
2472 3478 2568 3531 καὶ
2604 3477 2795 3549 ἓτερον
2823 3478 3225 3548 πλεονέκτημα,
3254 3478 3354 3532 καὶ
3380 3479 3442 3532 τὸ
3473 3479 3547 3542 ὡς
3577 3480 3634 3531 ἐν
3659 3495 3804 3545 κεφα-

2241 3570 2377 3640 λαίῳ
2405 3571 2546 3624 κατὰ
2577 3570 2640 3623 τὸ
2672 3570 3052 3641 ἀπορούμενον
3079 3571 3178 3625 καὶ
3236 3570 3602 3642 ἐπιλυόμενον
3635 3570 3692 3623 τὸ
3734 3569 3803 3638 βι-

2239 3660 2388 3714 ϐλίον
2431 3661 2890 3714 διατετυπῶσθαι.

2946 3849 3073 3903 ΣΕ’.

2417 3938 2529 3993 Τοῦ
2549 3939 2737 3994 αὐτοῦ
2760 3939 2859 4006 Εἰς
2889 3939 3033 4006 τοὺς
3055 3939 3290 3996 δώδεκα
3311 3938 3667 4010 εξοοςρήτας.¹

2310 4029 2441 4102 [9.72
2498 4029 2590 4103 IL]
2646 4032 2982 4102 Ἀνεγνώσθη
3037 4032 3131 4084 τοῦ
3185 4032 3352 4085 αὑτοῦ
3389 4037 3498 4099 Εἰς
3558 4031 3695 4097 τοὺς
3739 4031 3805 4094 ιβ’

2233 4123 2546 4192 προφήτας
2593 4126 2651 4176 ἐν
2702 4127 2767 4195 τῇ
2797 4125 2934 4196 αὐτῇ
2976 4125 3085 4179 τῶν
3109 4125 3282 4194 λόγων
3309 4126 3552 4198 καλλονῇ
3587 4127 3679 4180 καὶ
3717 4123 3801 4192 τῆς

2231 4213 2466 4278 διανοίας
2498 4216 2952 4286 διεσκευασμένον
2977 4217 3017 4270 ⁸.

2941 4303 3073 4371 xq'.

2228 4397 2571 4464 Προκοπίου
2615 4397 2914 4465 σοφιστοῦ
2942 4399 3029 4462 είς
3073 4395 3188 4463 τὴν
3249 4397 3676 4465 Ὀκτάτευχον,
3720 4391 3800 4465 καὶ

2297 4471 2372 4523 τὰ
2393 4469 2512 4522 τῶν
2540 4464 2874 4521 Βασιλειῶν
2933 4467 3033 4520 καί
3069 4467 3143 4521 τὰ
3177 4464 3684 4538 Παραλειπόμενα
3722 4464 3800 4528 ἐξ·

2151 4527 2202 4588 D
2295 4538 2573 4610 ηγητικιιὶ
2605 4541 2807 4606 σχολα
2820 4538 2862 4593 ί.

2303 4628 2758 4699 Ἀνεγνώσθησαν
2813 4627 3131 4697 Προκοπίου
3179 4628 3444 4696 σοφιστοῦ
3518 4628 3800 4696 Ἐξηγητι-

545 4726 745 4778 riorum
782 4726 838 4777 in
886 4725 1268 4780 Octaleuchum
1329 4728 1528 4781 Veteris
1576 4725 1936 4794 Testamentt',
1974 4736 2023 4780 et
2064 4729 2119 4781 in

2241 4724 2319 4779 ιαὶ
2355 4721 2579 4792 σχολαὶ
2619 4720 2710 4786 εἵς
2739 4737 2802 4773 τε
2817 4721 2934 4788 τὴν
2971 4719 3373 4790 Ὀκτάτευχον
3406 4721 3530 4775 τῶν
3549 4716 3803 4774 Παλαιῶν

543 4817 722 4886 Regna
753 4835 814 4870 ac
857 4817 1296 4888 Paralipomeua.
1333 4819 1567 4875 DiiTnsus
1598 4829 1778 4875 autem
1825 4831 1909 4874 est
1950 4821 2120 4875 inter-

544 4925 671 4978 pres
717 4910 802 4964 liic
851 4919 1014 4980 atque
1066 4911 1361 4980 prolixus:
1403 4927 1507 4966 non
1548 4911 1768 4981 quidem
1802 4921 2114 4980 propterea,

542 5005 687 5071 quod
718 5003 770 5057 in
803 5017 1255 5072 supervacaneas,
1286 5018 1514 5073 quasque
1550 5003 1619 5058 ad
1654 5017 1766 5058 rem
1789 5003 1920 5057 nihil
1945 5004 2115 5072 perti-

2219 4812 2588 4885 Γραμμάτων
2618 4812 2716 4865 καὶ
2751 4814 2837 4876 εἰς
2857 4812 2964 4878 τὰς
2996 4813 3320 4878 Βασιλείας
3361 4813 3468 4866 καὶ
3516 4811 3594 4880 δὴ
3625 4807 3802 4866 καὶτὰ

2217 4907 2732 4977 Παραλειπόμενα.
2765 4905 3038 4976 Πολύχους
3067 4906 3166 4977 μὲν
3193 4899 3349 4970 οὗτος
3379 4906 3481 4960 καὶ
3503 4906 3801 4974 πολύστιχος

2216 5005 2245 5056 ὁ
2282 4999 2574 5071 ἐξηγητὴς,
2622 4999 2776 5070 πλὴν
2822 4999 2926 5053 οὐκ
2968 4999 3050 5062 εἰς
3089 4999 3358 5072 περιττάς
3409 5017 3570 5064 τινας
3610 4998 3701 5052 καὶ
3731 4994 3804 5060 tio

1821 5099 2058 5153 VAliIAS
2088 5097 2376 5155 LECTlON
2386 5095 2488 5149 ES.

611 5191 807 5262 9563.0;
826 5208 886 5254 ς.
962 5191 1007 5223 ⁹³
1038 5191 1158 5245 libri
1192 5190 1349 5259 ἔχων.
1424 5191 1471 5224 ³⁸
1501 5190 1690 5258 σοφίας
1712 5195 1909 5262 χωρεῖν
1931 5194 1963 5260 ἢ

545 5261 847 5331 ρασύροντα
879 5279 940 5324 ς.
1016 5262 1063 5292 ⁸⁸
1088 5279 1140 5313 τι
1170 5263 1316 5315 ἄλλο.
1350 5261 1876 5329 ἐσπουδασμένως.

1997 5222 2065 5233 _.
2107 5193 2421 5267 ἀχρήστους
2472 5190 2645 5241 ποιεῖν
2695 5205 2830 5267 παρ.
2880 5205 2941 5251 ς’.

1950 5264 1995 5294 ⁹⁹
2021 5280 2084 5330 γε
2107 5265 2231 5317 add.
2263 5263 2330 5316 Α.

3067 5187 3114 5219 ⁹⁷
3145 5185 3573 5258 παρασύροντας
3604 5188 3668 5258 Α,
3705 5201 3797 5236 πα·

2407 5261 2424 5291 ⁸
2491 5269 2613 5327 post
2655 5257 2825 5310 ταῦτα
2883 5271 3071 5312 versus
3111 5257 3263 5310 vacui
3325 5257 3381 5311 in
3418 5261 3466 5310 A
3497 5269 3552 5314 et
3586 5257 3797 5327 sinistra:

541 5326 802 5386 columna:
831 5333 898 5385 54
934 5331 1076 5402 1/2:
1113 5343 1166 5384 et
1188 5337 1391 5386 dextra:
1421 5326 1688 5400 onincsii.
1723 5348 1772 5387 e.
1803 5333 1895 5398 58)
1929 5333 1978 5383 in
2010 5326 2051 5386 C
2087 5335 2141 5387 Δ.

2261 5333 2472 5402 ἀνέγνω
2491 5326 2564 5385 Ἀ.
2639 5330 2659 5360 ³
2687 5327 3021 5398 μακαρίουΑ
3056 5344 3070 5380 :
3099 5327 3391 5382 Θεσπεσίου
3425 5346 3490 5393 ς.
3565 5329 3589 5362 ⁸
3615 5326 3796 5398 ἐξηγή-

543 5419 654 5466 σεις
682 5404 747 5457 Α.
823 5403 844 5433 ⁸
867 5403 1057 5472 ἔλαχεν
1080 5403 1140 5454 οὐ
1173 5404 1339 5471 συμὸ.
1397 5402 1701 5456 Fabricius.

1774 5405 1794 5435 ⁶
1825 5403 2278 5473 διεσκευασμένον
2325 5401 2535 5471 βιϐλίον
2571 5417 2630 5463 ς.

2065 5491 2299 5547 NOTAE.

613 5588 725 5660 (94)
759 5589 1064 5660 Desiderari
1088 5588 1179 5643 hic
1207 5603 1291 5650 ea,
1323 5598 1640 5655 argumento
1666 5598 1751 5643 est
1778 5603 2011 5641 vacuum
2041 5588 2095 5642 in

540 5659 862 5725 quibusdam
893 5660 1168 5712 codicibus
1194 5660 1440 5711 relictum
1473 5660 1728 5726 spatium.

752 5729 844 5800 Εἰς
870 5730 936 5800 τὰ
962 5729 1144 5800 ἀπορα
1174 5729 1277 5796 τῆς
1305 5729 1543 5800 Γραφῆς.
1573 5729 1790 5781 Addunt
1819 5728 1946 5800 editi
1979 5729 2100 5781 libri

543 5799 661 5852 κατ’
689 5797 941 5868 ἐκλογήν.
981 5797 1133 5854 Unde
1157 5797 1491 5869 interpretes
1518 5802 1760 5857 fecerunt
1790 5815 1803 5852 :
1835 5797 1916 5852 De
1972 5802 2105 5855 sele-

2207 5590 2306 5642 ctis
2363 5588 2654 5656 Scriptura:
2689 5605 2854 5642 sacra?
2899 5588 3281 5657 questionibus
3329 5587 3621 5656 antbiguis.
3678 5583 3791 5650 Qua:

2209 5669 2392 5713 autem
2425 5660 2525 5712 hoc
2548 5659 2685 5721 loco,
2724 5673 2755 5711 e
2794 5660 2913 5712 cod.
2941 5657 3139 5711 Bavar.
3192 5659 3496 5724 descripta,
3549 5658 3787 5724 exhiben-

2210 5737 2301 5781 tur
2335 5730 2385 5781 in
2411 5727 2561 5783 Notis
2591 5728 2918 5799 exemplaris
2945 5727 3142 5799 Graeci.
3199 5721 3391 5781 eadem
3419 5739 3475 5784 et
3499 5729 3648 5799 plura
3675 5721 3786 5779 vidit

2216 5809 2380 5869 atque
2405 5801 2680 5856 convertit
2711 5799 2840 5855 oliui
2875 5793 3037 5855 Gent.
3074 5796 3361 5854 llervctus.
