4022 6440
261 390 339 449 677
1150 384 1676 444 BIBLIOTHECA.
1710 408 1780 418 -
1818 383 2032 441 CODD.
2077 382 2454 443 CCIV-CCIX

3348 384 3453 444 678

259 503 487 573 αγωνίους
516 496 906 568 ἁποδιατρίϐων
935 499 1344 569 παρεκδρομὰς,
1395 500 1534 553 ἀλλὰ
1562 501 1637 570 τῷ
1667 501 1781 552 δια-

1887 507 2049 551 neant
2112 498 2457 567 egressiones
2510 497 2764 560 divertat,
2807 497 2901 551 sed
2941 498 3085 565 quod
3136 498 3455 566 opinionum

252 595 393 668 φορὰς
421 590 574 657 δοξῶν
619 589 744 658 περὶ
781 589 880 657 τῆς
930 589 1100 658 αὐτῆς
1157 588 1466 652 ὑποθέσεως
1531 588 1774 657 ἀναγρά-

250 706 348 761 φειν
380 686 398 717 ¹¹
427 681 690 743 πολλάκις.
728 678 899 732 Τοῦτο
925 680 981 731 δὲ
1007 680 1101 733 καὶ
1126 680 1544 750 προοιμιάζεται
1584 682 1663 743 εἰς
1683 681 1772 748 ὅγ.

252 800 328 838 κον
351 775 481 843 αὺτῷ
519 772 998 840 διαπλαττόμενον,
1056 772 1151 825 καὶ
1208 772 1445 841 μάλιστα
1481 774 1624 842 πρὸς
1677 773 1774 843 τὴν

250 869 548 937 Θεοδωρήτου
582 862 797 932 σύνοψίν
826 879 886 914 τε
920 862 1015 915 καὶ
1047 862 1369 930 φιλοκαλίαν
1396 863 1458 916 τὸ
1486 865 1775 935 σύνταγμα

247 963 438 1033 αἴρεται.
469 958 572 1009 Καὶ
596 957 677 1025 εἴη
697 954 762 1007 ἂν
787 954 1113 1007 οἰκειότατόν
1137 972 1196 1006 τε
1214 955 1306 1008 καὶ
1327 957 1774 1025 χρειωδέστατον,

249 1051 421 1122 εἰμετά
447 1048 541 1118 τὴν
588 1048 645 1099 ἐν
687 1046 917 1109 ἐκείνοις
954 1044 1148 1116 τριϐὴν
1201 1048 1234 1116 ἡ
1298 1048 1424 1117 περὶ
1456 1048 1630 1100 ταῦτα
1681 1049 1775 1101 τοῦ

250 1144 395 1214 ἀνδρὸς
416 1140 480 1193 τά
536 1140 925 1209 σπουδάσματα
988 1138 1155 1209 σχολὴ
1212 1140 1528 1211 διαδέχοιτο.
1590 1141 1699 1194 Καὶ
1742 1143 1775 1210 ἡ

254 1237 404 1306 φράσις
434 1232 488 1284 δὲ
534 1231 683 1301 αὐτῷ
708 1233 766 1293 ἐς
791 1230 852 1283 τὸ
882 1232 1104 1301 ἄριστον
1138 1231 1396 1303 ἤσκηται,
1445 1235 1492 1285 εἰ
1519 1234 1613 1287 καὶ
1633 1236 1727 1304 τῆς
1754 1234 1777 1265 ⁸

261 1325 524 1398 ὲξῃγῃτικῆς
548 1322 935 1385 διατυπώσεως
962 1322 1076 1391 ἔχει
1114 1340 1167 1375 τι
1198 1324 1293 1377 καὶ
1345 1324 1704 1396 κομψότερον.

927 1439 1042 1491 ΣΖ¹.

546 1528 659 1581 Τοῦ
688 1530 765 1582 αὐ
778 1531 883 1582 τοῦ
901 1531 1005 1594 Εἰς
1030 1530 1138 1582 τὸν
1178 1530 1449 1583 Ἡσαΐαν.

306 1618 609 1690 Ἀνεγνώσθη
645 1620 739 1673 τοῦ
772 1621 936 1674 αὐτοῦ
968 1622 1259 1690 φιλοπόνου
1292 1623 1489 1691 ἀνδρὸς
1532 1623 1637 1688 Εἰς
1671 1622 1778 1675 τὸν

250 1714 512 1783 προφήτην
561 1712 833 1778 Ἡσαΐαν,
862 1714 960 1784 τήν
996 1732 1052 1765 τε
1077 1714 1267 1782 ὁμοίαν
1304 1716 1416 1775 τοῖς
1444 1712 1778 1784 προειρημέ-

248 1822 326 1866 νοις
351 1804 575 1856 διάθεσιν
614 1804 1050 1874 φυλαττόμενον,
1094 1808 1188 1858 καὶ
1222 1806 1320 1876 τὴν
1359 1807 1525 1875 αὐτὴν
1552 1806 1660 1858 τῶν
1694 1805 1779 1857 λό-

246 1913 328 1964 γων
359 1894 787 1963 ἐπιδεικνύμενον
825 1896 1053 1967 δύναμιν
1079 1936 1094 1960 ,
1144 1897 1239 1950 καὶ
1288 1896 1446 1967 δῆλον
1476 1898 1556 1950 ὅτι
1584 1896 1680 1949 καὶ
1714 1896 1774 1949 τὸ

244 1982 506 2040 λυσιτελοῦν
534 1986 920 2059 παραπλήσιον
938 1992 982 2042 ³.

901 2079 1026 2132 EH’.

242 2194 492 2259 Εὐλοτίου
550 2192 1033 2262 ἁρχιεπισκόπου
1117 2192 1572 2263 Ἀλεξανδρείας
1631 2195 1780 2249 κατὰ

649 2264 1045 2317 Ναυατιανῶν
1072 2264 1242 2333 λόγοι
1267 2270 1331 2317 ε’.

302 2354 622 2426 Ἀνεγνὼσοη
657 2355 750 2407 τοῦ
778 2358 835 2407 ὲν
858 2355 1031 2423 ἁγίοις
1056 2356 1317 2424 Εὑλογίου
1348 2357 1779 2427 ἀρχιεπισκόπου

248 2446 614 2517 Ἀλεξανδρείας
677 2449 843 2502 Κατὰ
907 2447 1337 2513 Ναυατιανῶν,
1388 2451 1445 2501 ὲν
1496 2448 1673 2517 λόγοις
1717 2448 1778 2502 ε’.

240 2540 391 2610 Τούτῳ
414 2540 489 2610 τῷ
517 2541 679 2610 ἀνδρὶ
723 2540 894 2609 ὄνομα
939 2541 1038 2609 μὲν
1070 2539 1199 2612 [529
1246 2540 1339 2613 Κ]
1375 2542 1552 2594 λιπεῖν
1582 2542 1675 2594 ἐπὶ
1698 2541 1781 2593 δε⁶

239 2632 403 2701 ξιὸτητι
434 2632 605 2700 λόγων
627 2632 737 2683 οὐδ’
766 2632 945 2685 ὁτιοῦν
974 2632 1377 2704 προσεμέλησε,
1415 2635 1482 2687 τά
1510 2633 1568 2686 δὲ
1597 2634 1783 2687 Ναυά-

237 2740 310 2774 του
332 2723 707 2793 σοφισματώδη
765 2723 1133 2794 προϐλήματα
1183 2743 1245 2777 τε
1298 2726 1393 2778 καὶ
1440 2725 1782 2796 δελεάσματα

236 2813 464 2881 διελέγξαι
506 2816 603 2868 καὶ
649 2816 903 2885 αἰσχῦναι
959 2816 1111 2870 οὐδὲν
1164 2816 1222 2868 τὸ
1268 2817 1653 2887 ἀπαράσκευον
1685 2819 1781 2882 τῆς

237 2905 353 2957 κατά
400 2906 520 2969 τοὺς
552 2906 753 2974 λόγους
787 2906 1018 2976 μελέτης
1047 2905 1298 2976 ἐμποδὼν
1330 2909 1491 2980 ἔστησ
1532 2912 1645 2972 τοῖς
1674 2910 1783 2978 γὰρ

244 2998 499 3065 Γραφικοῖς
558 2998 814 3051 πλουτῶν
862 3000 1095 3068 νοήμασί
1140 3017 1201 3051 τε
1236 3001 1330 3053 καὶ
1359 3000 1636 3071 θεωρίαις,
1683 3003 1784 3055 ὅσα

237 3090 409 3152 ἐκεῖνος
444 3091 898 3159 ἀποσπαράσσων
922 3091 1023 3158 τῆς
1044 3090 1180 3153 ἰδίας
1202 3091 1465 3163 αἱρέσεως
1492 3092 1783 3163 πρόϐλημα

1878 588 2067 642 eadem
2096 588 2163 641 de
2182 603 2239 643 re
2263 589 2610 643 diversitates
2643 604 3019 657 saepenumero
3043 600 3453 643 commemoret.

1878 678 1946 731 Et
1978 694 2109 733 vero
2140 679 2303 733 etiam
2345 678 2604 747 praefatur
2633 680 2735 732 hoc
2774 694 2803 731 a
2832 693 2893 733 se
2927 694 3061 748 Opus
3112 695 3361 747 magnam
3400 679 3454 732 in

1879 771 2073 824 molem
2123 785 2244 825 esse
2318 781 2596 839 aggestum
2651 789 2663 823 :
2712 774 2854 839 quod
2917 773 3044 825 item
3100 774 3333 827 maxime
3389 774 3457 827 ad

1880 861 2210 916 Theodoreti
2285 861 2608 915 brevitatem
2670 872 3128 932 venustatemque
3170 866 3455 931 assurgit:

1878 965 1939 1007 ut
1979 954 2319 1023 aptissimum
2352 954 2480 1007 illud
2505 954 2663 1022 plane
2700 954 2795 1018 sit,
2826 964 2987 1023 atque
3012 956 3386 1019 utilissimum,
3411 957 3458 1011 si

1878 1052 2001 1113 post
2034 1043 2187 1097 illum
2228 1044 2450 1108 lectum,
2492 1047 2559 1098 ad
2595 1043 2756 1113 hujus
2786 1046 2949 1099 etiam
2988 1046 3087 1098 viri
3136 1046 3351 1101 labores
3381 1048 3459 1101 le-

1878 1133 2087 1205 gendos
2132 1136 2300 1190 otium
2351 1137 2653 1206 contingat.
2697 1137 2874 1192 Dictio
2912 1139 2980 1193 ab
3015 1153 3079 1191 eo
3122 1149 3207 1193 est
3255 1140 3460 1209 optime

1882 1229 2101 1297 quidem
2156 1230 2391 1292 exculta,
2449 1230 2542 1283 scd
2594 1231 2865 1299 comptior
2917 1231 3239 1298 aliquanto,
3296 1247 3458 1301 quam

1879 1321 2254 1382 commentarii
2291 1322 2563 1375 rudiorem
2597 1320 2826 1376 formam
2854 1323 3065 1377 deceat.

2568 1435 2767 1491 CCVII.

2268 1526 2417 1580 Idem
2450 1527 2504 1578 iu
2544 1525 2745 1580 Isaiam
2772 1531 3098 1596 prophetam.

1951 1620 2206 1687 Legimus
2249 1619 2490 1689 ejusdem
2556 1622 2885 1689 perstudiosi
2940 1624 3172 1678 hominis
3220 1623 3335 1694 (96)
3391 1623 3459 1677 1η

1880 1710 2084 1765 Isaiam
2100 1713 2407 1780 prop/telam
2434 1728 2567 1781 opus
2588 1731 2601 1767 :
2622 1716 2763 1782 quod
2794 1714 3029 1767 similem
3064 1718 3457 1784 suprascriptis

1817 1846 1854 1899 Β
1884 1815 2064 1858 servat
2091 1807 2494 1860 commentandi
2523 1807 2814 1869 rationem,
2856 1810 3211 1877 eamdemque
3245 1808 3458 1863 dicendi

1880 1897 1985 1949 vim
2006 1898 2244 1965 prterea,
2268 1899 2386 1965 pari
2413 1898 2787 1955 cumlectoris
2818 1900 2902 1971 (ut
2930 1904 3167 1972 constat)
3198 1903 3456 1957 utilitate.

2442 2078 2633 2148 135a
2683 2077 2904 2133 CCVIII.

1885 2172 2095 2259 Eulogii
2134 2189 2484 2242 Alexandrini
2539 2191 2850 2313 aliicblziepisc.
2884 2189 3082 2248 Contra
3132 2191 3463 2247 Navatianos

2592 2278 2605 2313 ι
2645 2278 2688 2313 rt
2720 2277 2771 2313 v.

2592 2277 2688 2314 ιυνι
2720 2277 2771 2314 ν.

1955 2353 2085 2423 Legi
2108 2353 2169 2406 Β.
2198 2352 2411 2423 Eulogii
2454 2353 2848 2422 archiepiscopi
2884 2354 3238 2409 Alexandrini
3265 2355 3467 2409 Adver-

1882 2463 1970 2500 sus
1995 2444 2325 2499 Navatianos
2350 2445 2643 2515 (97)libros
2666 2448 2926 2516 quinque.
2955 2446 3056 2511 Qui
3095 2447 3196 2501 etsi
3229 2448 3467 2517 scriptor

1883 2540 2101 2593 dicendi
2137 2539 2407 2606 elegantia
2444 2554 2640 2594 nomen
2681 2540 2784 2594 sibi
2826 2555 3069 2609 quaerere
3112 2540 3259 2594 nullo
3304 2541 3469 2596 modo

1884 2632 2113 2697 curarit,
2148 2631 2281 2685 nihil
2309 2641 2507 2695 tamen,
2534 2647 2641 2701 quo
2664 2633 2841 2686 minus
2863 2631 3052 2686 Navali
3072 2633 3466 2703 sophismatum

1884 2723 2057 2792 plenae
2118 2724 2448 2778 assertiones
2498 2724 2883 2793 captionesque
2922 2724 3257 2789 refellantur,
3304 2734 3470 2792 atque

1884 2817 2179 2885 ignominia
2216 2826 2491 2881 notentur,
2519 2820 2786 2871 sermonis
2820 2819 3054 2887 neglecti
3107 2818 3314 2873 incuria
3363 2820 3470 2871 int.-

1883 2909 2193 2976 pedimeuto
2220 2908 2402 2962 fuerit.
2438 2906 2617 2962 Sacrae
2633 2910 2773 2963 enim
2798 2906 3097 2979 Scriptura:
3128 2921 3476 2964 commenta-

1885 2998 2127 3054 tionibus
2174 3015 2237 3053 ac
2283 3000 2827 3069 contemplationibus
2879 3002 3097 3055 abunde
3142 3000 3469 3061 instructus,

1885 3106 2005 3159 qum
2039 3091 2165 3144 hinc
2189 3091 2257 3145 ad
2287 3106 2442 3145 suam
2482 3092 2733 3145 haeresim
2767 3093 3121 3146 asserendam
3153 3101 3316 3161 atque
3342 3107 3472 3161 pro-

237 3183 312 3234 καὶ
336 3184 659 3253 συνηγορίαν
703 3185 958 3246 ἐποιεῖτο,
997 3184 1168 3238 ταῦτα
1208 3185 1370 3248 αὐτὸς
1404 3186 1781 3253 ἀναπτύσσων,

1894 3184 2235 3252 pugnandam
2279 3184 2368 3237 ille
2413 3184 2805 3253 discerpserat,
2853 3186 3044 3239 eadem
3086 3185 3173 3239 hic
3200 3186 3472 3253 interpre-

231 3276 305 3326 καὶ
346 3275 401 3328 τὸ
448 3278 585 3346 περῖ
615 3277 752 3329 αὐτὰ
812 3277 1117 3347 κακοῦργον
1149 3279 1248 3347 τῆς
1280 3279 1549 3350 αἱρέσεως
1581 3282 1784 3333 ἐπιδει-

228 3369 350 3431 κνὺς,
406 3369 735 3438 ἀφαιρεῖται
784 3369 992 3422 αὐτοῦ’
1048 3371 1108 3421 οὐ
1170 3371 1275 3440 μὴν
1332 3372 1467 3425 ἀλλά
1524 3372 1621 3427 καὶ
1670 3373 1788 3424 ἐτέ-

231 3474 322 3527 pm;
354 3460 455 3510 τῶν
480 3460 731 3530 Γραφῶν
794 3462 1002 3529 ῥήμασι
1038 3460 1100 3512 τὸ
1150 3462 1584 3531 ἀπονενοημένον
1621 3461 1785 3514 αὐτοῦ

230 3552 304 3602 καὶ
343 3552 739 3620 ἁσὺγγνωστον
766 3553 860 3604 καὶ
897 3552 1197 3620 ἀλλόφυλον
1228 3552 1328 3622 τῆς
1367 3554 1632 3623 αἱρέσεως
1662 3571 1787 3622 στη-

230 3643 417 3697 λιτεύει.
458 3646 555 3697 Ἐν
593 3644 650 3696 δὲ
673 3643 750 3713 τῷ
778 3644 1075 3713 τελευταίῳ
1105 3644 1213 3697 τῶν
1238 3645 1412 3711 λόγων
1440 3645 1611 3697 καὶτὸ
1632 3644 1785 3696 νόθον

229 3738 305 3789 καὶ
360 3736 768 3799 κακόπλαστον,
816 3738 844 3790 ὂ
888 3740 969 3800 εἰς
1015 3738 1268 3791 Ναυάτον
1322 3737 1684 3806 ἀναφέρουσιν
1736 3737 1785 3787 οἱ

231 3829 368 3881 αὑτοῦ
415 3830 779 3890 σπουδασταὶ,
829 3830 1130 3900 μαρτύριον
1166 3828 1454 3897 διελέγχει.
1495 3830 1651 3880 Ἐστι
1686 3828 1787 3896 μὲν

230 3916 305 3972 οὖν
332 3922 422 3973 καὶ
450 3922 591 3974 αὐτὸ
621 3922 780 3974 τοῦτο
814 3925 841 3972 ὁ
867 3923 1009 3973 κατὰ
1042 3922 1295 3974 Ναυάτου
1318 3920 1535 3989 ἔλεγχος
1564 3919 1625 3971 τὸ
1650 3938 1679 3988 χ
1690 3920 1785 3989 ρή-

232 4028 366 4080 σιμον
406 4013 549 4083 ἔχων
574 4054 589 4077 ,
652 4012 792 4081 πλὴν
848 4013 942 4065 καὶ
994 4012 1286 4082 Γραφικῶν
1332 4012 1431 4063 οὐκ
1468 4011 1664 4077 ὀλίγων
1701 4011 1789 4063 ὲν-

232 4103 486 4174 θεωρεῖται
514 4105 731 4167 τούτοις
761 4103 1031 4174 πολλαχοῦ
1059 4106 1171 4165 τοῖς
1191 4103 1643 4170 ἀξιολογωτάτοις
1676 4102 1787 4155 τῶν

233 4194 483 4263 ἐξηγητῶν
556 4197 942 4264 συμφερομένη
1014 4194 1303 4263 ἑρμηνεία.
1362 4195 1522 4247 Ἀλλὰ
1572 4194 1666 4245 καὶ
1729 4193 1789 4244 τὸ

234 4285 429 4337 πιθανόν
456 4302 513 4337 τε
559 4286 653 4337 καὶ
678 4284 873 4355 ἡδῦνον
924 4286 1000 4348 ὡς
1041 4286 1098 4336 ὲν
1129 4285 1354 4355 τοιούτῳ
1401 4286 1575 4354 λόγων
1622 4301 1790 4354 χαρα-

232 4377 370 4446 κτῆρι
404 4379 501 4431 οὐκ
541 4377 605 4430 ἄν
634 4392 720 4439 τις
755 4377 1015 4444 ἀγασθεὶς
1052 4378 1369 4447 μεταγνοίη.

918 4581 1016 4631 ΣΘ⁹

722 4674 941 4737 Δίωνος
978 4672 1155 4741 Λόγοι
1188 4678 1266 4724 π’.

304 4761 634 4835 ’Λνεγνώσθη
671 4766 871 4829 Δίωνος
924 4765 1128 4833 βιϐλίον
1157 4765 1216 4817 ὲν
1257 4767 1468 4833 Λόγοις
1512 4763 1586 4818 π’.
1624 4757 1795 4826 Οὗτος

1894 3276 2082 3337 tando,
2127 3286 2181 3329 et
2212 3291 2317 3328 una
2361 3276 2585 3330 hmresis
2638 3275 2690 3328 in
2754 3276 2820 3331 iis
2878 3276 3097 3330 fraudes
3146 3277 3467 3346 detegendo,

1888 3365 2096 3419 Navato
2178 3366 2338 3435 eripit
2414 3382 2476 3421 ac
2559 3367 2728 3420 tollit.
2819 3367 3140 3436 Quanquam
3216 3377 3271 3422 et
3346 3369 3471 3422 aliis

1891 3460 2299 3528 Scripturarum
2349 3461 2504 3524 locis,
2544 3461 2713 3529 ipsius
2756 3461 2911 3515 venia
2965 3463 3236 3531 indignam
3278 3478 3471 3516 amen-

1890 3553 2044 3610 tiam.
2081 3565 2145 3604 ac
2186 3553 2528 3621 peregrinam
2567 3554 2840 3616 lucrosim,
2872 3553 3017 3606 velut
3047 3554 3204 3621 cippo
3238 3568 3355 3607 eam
3386 3556 3472 3606 iu-

1890 3643 2201 3707 scribendo,
2254 3644 2513 3713 divulgat.
2561 3642 2818 3698 Extremo
2863 3646 2978 3715 (98)
3040 3645 3273 3714 denique
3328 3647 3468 3699 librc

1890 3733 2087 3787 falsum
2141 3734 2270 3788 illud
2316 3745 2371 3787 et
2419 3735 2664 3803 improbe
2718 3736 3035 3800 coulictum,
3072 3737 3215 3804 quod
3259 3735 3471 3789 Navato

1891 3823 2011 3891 eius
2052 3826 2281 3879 studiosi
2326 3827 2653 3889 attribuunt,
2705 3829 3028 3897 martyrium
3085 3829 3344 3897 exagitat.
3376 3828 3472 3881 Est

1890 3917 2055 3987 igitur
2079 3917 2194 3971 hmo
2214 3916 2708 3971 Navaticoufutatio
2725 3918 3023 3988 legentibus
3042 3918 3184 3971 utilis
3208 3934 3221 3970 :
3249 3929 3472 3985 przcter-

1889 4025 2052 4076 quam
2091 4009 2233 4077 quod
2269 4010 2357 4063 hic
2390 4025 2494 4063 non
2528 4025 2824 4077 paucorum
2859 4011 3154 4079 Scriptum-
3179 4009 3290 4078 (99)
3321 4011 3471 4063 loco-

1891 4106 2009 4154 ru‘m
2047 4101 2254 4169 passim
2283 4116 2406 4155 sese
2439 4100 2629 4155 olIerat
2657 4104 2971 4171 explicatio,
3017 4103 3148 4172 ipsis
3188 4103 3352 4155 etiam
3391 4103 3473 4155 in-

1893 4199 2194 4258 terpretum
2249 4191 2587 4259 principibus
2646 4190 3036 4261 profutura“).
3093 4191 3197 4245 Sed
3236 4201 3291 4245 et
3326 4191 3473 4246 illius

1890 4283 2256 4349 persuadendi
2277 4283 2383 4336 vim
2418 4298 2481 4337 ac
2505 4283 2923 4350 jucunditatem,
2953 4296 3010 4339 ut
3050 4285 3102 4339 in
3153 4286 3251 4339 hoc
3268 4285 3470 4337 chara-

1892 4384 2065 4435 ctere,
2101 4389 2258 4429 nemo
2317 4375 2408 4444 qui
2468 4390 2593 4430 eum
2647 4386 2956 4441 veneretur,
3018 4378 3471 4433 contemnendam

1894 4466 2073 4520 ducat.

2601 4577 2778 4632 CCIX.

2154 4668 2341 4722 Dionis
2363 4668 2720 4739 Cltrysostomi
2745 4671 3029 4725 Orationes
3061 4688 3223 4728 Lxxx.

1975 4759 2175 4814 Lectus
2195 4771 2278 4815 est
2302 4761 2486 4815 Dionis
2513 4760 2588 4831 (2)
2608 4763 2907 4815 orationum
2932 4767 3205 4835 octoginta
3222 4766 3472 4839 κυεῖ-(5).

235 4852 334 4906 ἔστι
376 4858 469 4927 μὲν
499 4858 603 4927 τὴν
634 4856 871 4927 πατρίδα
898 4857 1234 4927 Προυσαεὺς,
1272 4856 1449 4925 φυγὰς
1478 4854 1523 4909 δ’
1548 4855 1781 4923 ἐγεγόνει

1903 4850 2084 4905 Patria
2140 4850 2224 4906 hic
2270 4853 2369 4905 l'uit
2422 4852 2731 4919 Prusensis,
2764 4854 2855 4907 sed
2887 4857 3195 4924 tyrannidis
3224 4854 3300 4928 (4)
3338 4859 3470 4912 dum

1525 4985 1758 5041 VARUE
1794 4983 2201 5039 LECTIONES.

292 5114 311 5143 τ
342 5107 679 5177 ὑπογράφειν
710 5124 771 5170 ς.
843 5106 866 5137 ⁸
891 5105 990 5177 τῆς
1028 5119 1135 5159 om.
1176 5103 1243 5159 A.
1320 5104 1342 5135 ’
1404 5112 1527 5173 post
1571 5106 1953 5178 παραπλήσιον
2026 5118 2165 5156 unus
2191 5103 2242 5155 in
2277 5100 2321 5153 A
2387 5115 2577 5155 versus
2613 5116 2831 5156 vacuus.

1733 5237 1963 5297 NOT/E.

300 5355 405 5427 (96)
424 5357 573 5424 Quod
600 5372 718 5411 eum
743 5355 934 5409 Latina
959 5370 1052 5408 sua
1078 5353 1278 5427 insigni
1298 5354 1790 5427 interpretatione,

238 5434 284 5497 et
302 5424 433 5481 sacri
472 5430 747 5497 prophetat
765 5438 912 5479 textu
945 5427 1113 5478 edidit
1140 5424 1363 5477 Parisiis
1388 5426 1608 5481 doctiss.
1628 5426 1788 5481 Joau.

240 5495 521 5551 Cinrteritts.
552 5495 639 5549 an.
676 5496 833 5550 1580.

305 5568 405 5637 (97)
436 5568 506 5619 De
536 5568 726 5621 iisdem
758 5565 1001 5635 pluribus
1042 5579 1188 5632 supr.
1218 5563 1355 5637 cod.
1376 5566 1506 5637 j8'2.

304 5635 409 5702 (98')
439 5638 535 5701 Qui
565 5646 747 5691 sextus
786 5646 1103 5690 muneratur
1144 5638 1263 5690 cod.
1299 5635 1402 5690 182
1450 5638 1789 5704 iterumque,

243 5709 325 5758 eod
336 5748 346 5758 .
372 5708 491 5760 280.

306 5778 416 5849 (θεν)
447 5781 579 5845 Quae
611 5785 862 5845 excerpta
893 5774 1043 5845 leges
1075 5779 1193 5831 cod.
1234 5777 1359 5833 250.

1974 5357 2053 5425 (1)
2090 5358 2286 5411 Eadem
2326 5358 2482 5427 plane
2513 5358 2662 5428 κρίσι
2700 5358 2862 5413 etiam
2893 5374 3054 5426 supra
3084 5358 3273 5413 codice
3311 5359 3434 5413 I82.

2098 5430 2173 5513 pe
2223 5445 2331 5498 quo
2370 5429 2486 5496 lege
2527 5430 2841 5498 interpretis
2879 5428 3054 5484 Latini
3101 5428 3471 5499 ρηιιίὶιιὶυιιυιυ

1896 5508 1950 5553 et
1982 5502 2227 5551 Suidam.

1973 5572 2049 5639 (5)
2080 5569 2381 5632 Qumhodie
2417 5584 2607 5624 omnes
2640 5578 2857 5624 exstant
2896 5569 3121 5626 Parisiis
3158 5571 3471 5639 nuperrime

1900 5655 2020 5693 cum
2055 5639 2205 5693 Notis
2236 5639 2423 5693 Graece
2444 5651 2497 5692 ct
2526 5640 2716 5693 Latine
2744 5641 2921 5693 (ιιιίιιιι.

1973 5710 2049 5773 (β.)
2080 5711 2122 5781 Α
2162 5710 2313 5775 cujus
2350 5712 2618 5763 mentione
2660 5720 2821 5773 orat.,
2861 5713 2928 5765 15
2968 5728 3127 5781 quam
3177 5712 3243 5768 de
3284 5714 3475 5767 exsilio

1824 5780 1866 5833 Λ
1942 5780 2122 5835 thcuis
2165 5781 2369 5846 habuit,
2404 5784 2707 5836 inchoatam
2742 5784 2941 5853 videas.
