4022 6440
620 394 727 458 679

1780 387 2044 449 ΡΗΟΤΙῙ
2076 387 2598 452 ΡΑΤΒΙΛΒΕΗῙΕ
2640 388 2752 448 CP.
3724 408 3807 474 εδδ

629 507 767 576 fugit
793 505 1134 569 servitutem,
1159 504 1312 559 exsul
1335 503 1534 569 factus,
1557 502 1739 559 varias
1753 505 2059 560 oberrando
2077 521 2194 574 per-

2304 507 2509 579 ταύτης
2539 508 2582 538 ιο
2610 503 2924 576 τυραννίδος
2958 504 3226 557 ἐκκλίνων
3246 505 3502 591 δουλείαν,
3536 515 3620 568 καὶ
3645 520 3811 595 πολλὴν

623 599 839 669 agravit
883 600 1152 667 regiones.
1216 598 1364 652 ldem
1411 599 1463 651 in
1506 598 1719 652 dicendi
1766 606 1884 653 arte
1922 608 2110 653 acutus
2140 614 2205 653 ac

620 692 793 745 Sulers
843 700 927 745 est
960 690 1203 752 habitus,
1254 690 1556 759 praesertim
1607 690 1653 745 si
1708 690 1776 744 de
1817 691 2201 759 componendis

621 785 864 838 moribus
907 784 1145 839 dandum
1193 794 1337 837 esset
1388 782 1699 838 consilium.
1732 781 1916 853 Viguit
1963 782 2201 851 Trajano

620 874 808 927 Romae
886 873 1239 943 imperante,
1312 888 1433 927 cum
1504 888 1613 942 quo
1686 873 1778 927 diu
1862 872 2201 943 multumque

624 967 763 1021 vixit
803 1007 819 1030 ,
860 976 913 1021 et
972 967 1023 1019 in
1072 981 1135 1020 ea
1184 966 1594 1021 existimatione
1651 974 1816 1036 atque
1858 965 2085 1029 honore,
2142 975 2202 1021 ut

620 1072 819 1115 etcum
848 1060 1094 1128 Augusto
1129 1060 1416 1113 communi
1448 1060 1719 1114 interdum
1750 1069 2007 1127 carpento
2038 1059 2202 1113 vehe-

620 1164 791 1207 retur.
828 1153 1043 1207 Patrem
1075 1152 1268 1207 habuit
1318 1152 1686 1219 Pasicratem,
1728 1152 1912 1206 rhetor
1956 1152 2070 1222 ipse
2116 1152 2201 1206 in-

628 1245 819 1298 stituto
874 1252 1037 1313 atque
1076 1243 1454 1311 philosophus.
1485 1241 1715 1295 Tantam
1760 1251 1943 1296 autem
1987 1256 2198 1296 morum

622 1338 967 1390 severitatem
1030 1334 1314 1388 affectasse
1371 1332 1575 1397 ferunt,
1615 1342 1674 1387 ut
1725 1333 1914 1404 165!)
1983 1333 2198 1388 leonina

620 1444 765 1497 saepe
798 1429 1017 1481 indutus
1062 1427 1203 1495 pelle
1255 1426 1310 1479 in
1365 1425 1641 1494 publicum
1694 1428 1955 1494 prodiret.
1998 1426 2197 1479 Vocem

621 1520 864 1575 mittebat
891 1519 1155 1589 placidam
1193 1527 1249 1572 et
1278 1518 1511 1583 firmam,
1545 1518 1795 1572 incessus
1826 1517 2047 1571 minime
2073 1517 2198 1585 qui-

2307 599 2509 667 ἐπῆλθε
2539 596 2892 667 πλανώμενος
2923 596 3046 665 γῆν.
3079 593 3258 659 Δεξιδς
3302 596 3356 649 δὲ
3389 603 3507 671 περὶ
3526 605 3639 668 τοὺς
3657 593 3812 677 λόγους

2305 691 2482 754 ἔδοξεν
2517 685 2678 755 εἶναι,
2710 690 2807 742 καὶ
2831 688 3069 759 μάλιστα
3100 688 3226 751 τοὺς
3258 690 3368 742 ὅσοι
3409 692 3667 763 ῥυθμίζειν
3700 719 3813 774 συμ-

2305 781 2617 835 ϐουλεύουσι
2646 781 2713 835 τὰ
2750 781 2876 850 ἤθη.
2917 781 3175 849 Ἤκμασε
3217 780 3273 832 δὲ
3306 783 3444 835 κατὰ
3478 787 3594 850 τοὺς
3629 792 3814 860 χρόνους

2302 873 2396 925 τοῦ
2424 872 2687 943 βασιλέως
2707 871 2997 944 Τραϊανοῦ,
3024 872 3121 925 καὶ
3149 871 3399 926 πλεῖστον
3421 873 3643 947 διέτριψε
3662 885 3816 953 χρόνον

2304 967 2435 1037 παρ’
2466 964 2637 1035 αύτῷ,
2668 965 2762 1018 καὶ
2788 966 2886 1035 τῆς
2911 966 2992 1018 ὅτι
3018 964 3254 1034 μάλιστα
3270 965 3432 1035 τιμῆς
3456 968 3547 1021 καὶ
3566 969 3817 1040 δεξιώσεως

2301 1059 2513 1128 ἔτυχεν,
2560 1059 2638 1122 ώς
2688 1058 2781 1112 καὶ
2827 1055 3259 1126 συγκαθέζεσθαι
3304 1058 3463 1111 αὑτὸν
3494 1059 3567 1131 τῷ
3594 1060 3710 1133 [275
3742 1066 3816 1139 IL]

2302 1152 2559 1222 βασιλείῳ
2578 1152 2679 1221 ὀχή
2691 1169 2839 1221 ματι.
2860 1151 2997 1213 Παῖς
3018 1150 3118 1221 μὲν
3139 1145 3205 1220 ἦν
3231 1149 3272 1181 ¹¹
3296 1143 3451 1213 οὗτος
3473 1152 3817 1224 Πασικράτους,

2301 1244 2561 1313 σοφιστὴς
2592 1244 2649 1295 δὲ
2674 1242 2768 1296 καὶ
2795 1243 3087 1312 φιλόσοφος
3112 1241 3175 1294 τὸ
3199 1241 3553 1313 ἐπιτήδευμα.
3585 1245 3697 1299 Ἐπὶ
3720 1265 3818 1301 τοσ-

2298 1333 2453 1388 οῦτον
2477 1333 2521 1386 δ’
2546 1332 2707 1385 αὐτὸν
2734 1332 2835 1402 τῆς
2867 1330 3011 1384 κατὰ
3047 1331 3108 1383 τὸ
3140 1331 3328 1400 σχῆμά
3353 1347 3481 1397 φασι
3542 1335 3820 1406 σεμνότητος

2297 1428 2714 1491 ἀντιποιεῖσθαι,
2754 1426 2830 1488 ὡς
2869 1423 2967 1477 καὶ
3011 1423 3232 1493 λεοντῆν
3271 1422 3526 1487 πολλάκις
3567 1424 3820 1496 ἐνημμένον

2300 1518 2575 1574 ποιεῖσθαι
2604 1520 2706 1588 τὴν
2733 1516 2979 1588 πρόοδον.
3001 1516 3191 1586 φωνὴν
3212 1513 3255 1564 δ’
3285 1513 3553 1583 ἡρεμαίαν
3590 1515 3724 1583 ἠφίει
3750 1521 3820 1572 καὶ

619 1614 739 1665 dem
780 1611 1059 1673 incitatus,
1113 1610 1210 1664 sed
1258 1624 1364 1665 non
1414 1608 1539 1663 ideo
1583 1610 1766 1677 segnis
1791 1616 1884 1661 aut
1911 1607 2138 1670 fractus,
2167 1622 2194 1661 a

2300 1605 2593 1676 σταθεράν.
2628 1605 2739 1659 Kal.
2776 1603 3023 1673 σχολαῖον
3045 1604 3144 1673 μὲν
3175 1601 3299 1654 ἀλλ’
3318 1602 3417 1653 οὐκ
3437 1602 3817 1674 ἀναϐεϐλημένον

618 1718 726 1771 quo
766 1717 865 1757 nec
894 1702 1088 1771 reliqui
1127 1703 1375 1769 corporis
1408 1710 1594 1755 motus
1623 1698 2027 1768 discrepabant.
2062 1698 2197 1752 Gra-

616 1796 736 1849 cilis
768 1795 955 1849 adhaec
981 1803 1121 1858 erat,
1151 1803 1205 1846 et
1229 1808 1461 1862 corpore
1492 1792 1917 1860 haudquaquam
1948 1800 2127 1847 vasto.

687 1885 976 1941 Orationes
1024 1885 1420 1953 conscripsisse
1462 1884 1721 1952 plurimas
1756 1883 2019 1947 referunt,
2053 1897 2189 1951 qna-

618 1992 738 2030 rmn
774 1976 1050 2045 octoginta
1115 1976 1167 2029 in
1228 1990 1376 2028 meas
1438 1975 1749 2029 inciderunt
1803 1989 2191 2043 manus:qna‘:

614 2068 832 2138 quidem
865 2068 1139 2122 orationes
1175 2066 1558 2136 Chrysostomi
1591 2065 1727 2137 [hoc
1752 2076 1837 2120 est
1878 2065 2026 2119 aurei
2057 2063 2187 2136 oris]

618 2164 1034 2231 cognomentum
1077 2159 1155 2214 illi
1207 2160 1351 2228 apud
1396 2158 1512 2223 eius
1539 2159 1717 2213 aetatis
1752 2158 1996 2213 homines
2028 2158 2191 2227 pepe-

615 2258 823 2302 rerunt.
851 2248 1119 2303 Creterum
1145 2247 1444 2317 pleraeque,
1474 2258 1533 2302 ut
1576 2248 1842 2309 dicebam,
1884 2248 2192 2302 orationum

612 2332 732 2400 ejus
772 2348 907 2403 quas
945 2333 1164 2402 quidem
1197 2336 1466 2403 noverim,
1520 2336 1802 2390 suasoriae.
1835 2335 1940 2390 Sed
1976 2338 2191 2406 quando

615 2439 826 2493 aequum
861 2435 947 2479 est
980 2425 1338 2481 deliberativo
1367 2426 1551 2495 generi
1575 2427 1835 2495 quiddam
1863 2427 2025 2480 etiam
2049 2427 2192 2496 judi-

615 2514 754 2570 ciale
774 2515 1113 2585 permisceri,
1131 2532 1317 2585 parem
1342 2519 1458 2586 ipse
1482 2519 1743 2572 virtutem
1770 2517 1822 2571 in
1846 2519 1950 2573 hoc
1977 2534 2193 2588 quoque

613 2606 881 2661 orationis
924 2622 1124 2674 genere
1166 2608 1451 2663 ostendit:
1484 2617 1537 2662 et
1578 2609 1721 2661 inter
1758 2624 1947 2664 omnes
1975 2609 2189 2678 quidem
2228 2676 2233 2679 η

620 2698 853 2752 maxime
914 2695 1213 2752 Rhodiaca.
1254 2697 1394 2751 Nam
1447 2708 1502 2752 et
1545 2697 1725 2752 acrius
1771 2699 2194 2768 enthymematis

615 2789 804 2851 instat.
832 2798 887 2843 et
915 2790 1137 2843 brevem
1172 2799 1335 2858 atque
1360 2798 1666 2844 contortam
1689 2791 1990 2845 orationem
2024 2790 2193 2862 (quod

614 2881 808 2935 saltem
838 2882 905 2936 ad
931 2883 1329 2953 characterem)
1363 2883 1678 2945 adhibet,ct
1707 2884 2044 2939 vehementia
2069 2900 2192 2939 cum

616 2973 862 3029 ubertate
892 2973 1153 3028 abundat.
1200 2975 1477 3042 Exemplis
1510 2976 1744 3042 insuper
1776 2976 2010 3030 maxime
2054 2992 2192 3043 prie-

612 3074 749 3132 stat,
784 3081 905 3135 qua:
943 3066 1141 3135 ubique
1175 3066 1340 3119 multa
1378 3081 1408 3119 e
1436 3067 1605 3120 variis
1629 3066 1793 3136 petita
1826 3068 2005 3133 rebus,
2029 3068 2195 3137 aptis-

2300 1697 2561 1767 βάδισμα,
2606 1696 2703 1749 xal.
2747 1692 2919 1749 τᾶλλα
2951 1696 2995 1727 ³⁸
3040 1695 3148 1747 τῶν
3200 1696 3518 1763 κινημάτων
3560 1695 3653 1747 οὐκ
3680 1697 3816 1766 ἀσύμ.

2300 1806 2485 1859 φωναο
2524 1789 2702 1859 ἰσχνὸς
2732 1788 2778 1841 δ’
2809 1788 2854 1820 ⁸³
2886 1782 2955 1857 ἦν
2982 1786 3077 1840 καὶ
3109 1786 3232 1840 ούδέ
3271 1787 3443 1856 μέγας
3475 1786 3536 1839 τὸ
3560 1786 3726 1857 σῶμα.

2368 1880 2567 1933 Τοῦτον
2612 1877 2843 1941 πολλούς
2888 1894 3024 1947 φασι
3073 1878 3168 1930 καὶ
3216 1876 3493 1938 ποικίλους
3537 1876 3725 1945 γράψαι
3756 1876 3811 1931 λό-

2301 1986 2463 2041 γουςο
2501 1971 2554 2022 οἱ
2602 1969 2647 2022 δ’
2672 1971 2753 2031 είς
2796 1968 3075 2038 ἡμετέραν
3127 1968 3434 2035 φθάσαντες
3470 1967 3662 2035 γνῶσιν
3686 1966 3811 2021 τὺνιί

2293 2062 2564 2131 ἐπλήρουν
2608 2060 2865 2129 ἀριθμόν.
2918 2060 3308 2130 Χρυσόστομον
3357 2059 3403 2110 δ’
3438 2057 3592 2111 αὐτὸν
3619 2059 3665 2110 οί
3707 2059 3815 2126 λόγοι

2293 2157 2358 2225 τῇ
2408 2152 2528 2207 κατ’
2559 2153 2726 2206 αὑτὸν
2752 2153 2921 2223 γενεᾷ.
2961 2152 3264 2206 δεδώκασιν
3305 2150 3670 2220 ἐπονομάζειν.
3702 2150 3816 2204 Ἔστι

2297 2244 2398 2314 μέν
2436 2238 2551 2308 οὖν,
2592 2245 2732 2310 ὅπερ
2762 2242 2922 2312 ἔφην,
2952 2240 3013 2293 τὸ
3054 2239 3314 2294 πλεῖστον
3352 2240 3510 2294 αὑτοῦ
3536 2239 3638 2292 τῶν
3665 2239 3815 2307 λόγων,

2292 2333 2387 2398 οὓς
2415 2336 2575 2406 ἡμεῖς
2607 2337 2789 2404 ῐσμεν,
2832 2331 3302 2399 συμϐουλευτικόν
3326 2347 3340 2361 ·
3369 2325 3456 2384 οἶα
3486 2330 3531 2383 δ’
3571 2330 3722 2393 είκὺς,
3750 2332 3817 2381 καὶ

2293 2427 2371 2499 τῷ
2410 2427 2860 2497 συμϐουλευτικῷ
2902 2424 3397 2495 παραπλεκόμενον
3439 2422 3498 2475 τὸ
3523 2416 3626 2475 οἷον
3654 2421 3816 2473 δικανι-

2293 2520 2389 2573 κὸν
2419 2520 2799 2591 παραπλήσιον
2831 2519 2929 2588 τὴν
2955 2517 3156 2588 ἀρετὴν
3182 2518 3287 2569 κάν
3314 2514 3393 2585 τῷ
3418 2515 3572 2585 μέρει
3603 2513 3721 2583 τῷδε
3748 2511 3818 2564 τοῦ

2293 2611 2452 2680 λόγου
2480 2611 2738 2676 δεικνύει,
2760 2612 2858 2665 καὶ
2884 2612 3119 2681 μάλιστα
3150 2609 3258 2662 τῶν
3283 2607 3460 2660 ἄλλων
3482 2608 3510 2660 ὁ
3545 2604 3817 2668 Ῥοδιακός.

2294 2704 2503 2774 Δριμύς
2538 2723 2596 2758 τε
2630 2704 2740 2775 γάρ
2784 2706 2901 2758 ἐστι
2946 2706 3061 2767 τοῖς
3107 2702 3475 2771 ἐνθυμήμασι,
3526 2698 3616 2751 καὶ
3648 2698 3701 2750 τὸ
3726 2714 3821 2748 συνο

2294 2798 2673 2868 εστραμμένον
2702 2797 2841 2867 πρός
2869 2814 2931 2865 γε
2961 2795 3053 2848 τὸν
3089 2792 3254 2847 αὐτοῦ
3297 2790 3616 2862 χαρακτῆρα
3646 2788 3738 2841 τῶν
3758 2787 3821 2838 λό-

2294 2903 2406 2954 γων
2432 2886 2592 2957 έχων,
2626 2888 2720 2941 καὶ
2742 2886 2807 2940 τὸ
2834 2886 3046 2939 ἔντονον
3071 2882 3210 2953 μετὰ
3230 2881 3328 2935 τοῦ
3349 2881 3570 2950 γονίμου
3600 2875 3817 2930 πλουτῶν.

2299 2978 2557 3048 ’Ἄριστος
2626 2978 2683 3032 δέ
2735 2981 2846 3042 τοῖς
2898 2975 3309 3046 παραδείγμασι
3364 2974 3458 3027 καὶ
3529 2969 3681 3032 πολύς
3731 2971 3819 3021 ἐστι

2296 3068 2597 3139 πανταχοῦ,
2646 3069 2741 3123 καὶ
2788 3067 3044 3136 ποικίλης
3097 3066 3229 3135 ὕλης
3262 3063 3555 3133 λαμῦάνων
3590 3058 3716 3113 αὐτὰ
3748 3056 3819 3111 καὶ

613 3156 752 3211 sime
778 3158 845 3210 ad
869 3158 1202 3227 propositum
1237 3168 1620 3227 argumentum
1659 3160 2058 3213 accommodat.
2103 3159 2193 3212 Li-

2298 3160 2593 3231 προσφυῶς
2644 3160 3040 3232 ἁρμοζόμενος.
3125 3156 3323 3227 Χαίρει
3381 3155 3439 3207 δέ
3496 3148 3819 3247 μάλιστακαὶ

613 3248 933 3303 beatissime
984 3261 1199 3317 quoque
1251 3248 1533 3304 fabulosas
1580 3250 1923 3304 narrationes
1982 3250 2193 3319 aliquas

617 3339 1018 3394 monitionibus
1072 3339 1289 3406 intexit,
1339 3349 1399 3393 ut
1429 3355 1551 3394 eam
1583 3342 1744 3395 etiam
1792 3344 1861 3396 ob
1895 3357 2008 3396 rem
2060 3342 2193 3396 sim-

616 3430 738 3499 plex
768 3431 981 3485 dicendi
1017 3445 1189 3498 genus
1213 3444 1559 3486 consectatus
1584 3434 1751 3487 videri
1783 3436 1971 3504 possit.
1996 3432 2194 3489 Rarius

610 3520 759 3575 enim
800 3520 1040 3578 Platonis
1081 3525 1327 3593 exemplo
1374 3523 1638 3591 ejusmodi
1685 3542 1805 3580 eum
1845 3526 2059 3583 fabulas
2112 3526 2195 3581 af-

612 3613 880 3667 ferentem
907 3615 1111 3679 videas,
1134 3630 1256 3685 quae
1281 3616 1364 3685 (ut
1389 3616 1439 3670 in
1465 3617 1880 3687 Borysthenica)
1904 3618 2191 3673 elationem

612 3704 853 3773 aliquam
900 3709 1375 3777 granditatemque
1417 3710 1649 3764 orationi
1679 3712 1901 3764 addant.
1949 3711 2193 3780 Simplici

619 3798 784 3862 igitur
810 3798 928 3851 idea
971 3798 1265 3867 plurimum
1309 3806 1396 3855 est
1431 3816 1559 3855 usus
1592 3803 1673 3873 (ut
1710 3803 1870 3871 paulo
1915 3813 2039 3857 ante
2061 3802 2194 3857 dixi-

617 3889 761 3963 mus)
794 3891 847 3943 in
890 3890 1159 3957 sensibus,
1204 3893 1481 3947 vocabulis
1532 3895 1660 3948 item
1709 3894 2090 3957 familiaribus,
2138 3906 2194 3949 et

619 3983 820 4050 passim
851 3984 1052 4048 obviis,
1098 3984 1341 4054 nihilque
1368 3987 1690 4056 compositio
1722 3988 1884 4041 habet
1914 3997 2005 4041 aut
2032 3988 2194 4042 subli-

619 4072 827 4125 mitatis
892 4075 1229 4128 ostentandae
1265 4114 1281 4139 ,
1361 4086 1454 4129 aut
1512 4079 1794 4146 captandze
1838 4079 2195 4145 jucunditatis

618 4162 790 4231 gratia
842 4163 1178 4221 innovatum.
1212 4167 1277 4220 Et
1315 4183 1466 4234 vero,
1508 4168 1560 4221 in
1605 4170 1784 4243 verbis
1838 4168 2052 4233 saltem,
2099 4183 2195 4220 no-

628 4255 943 4325 minumque
974 4257 1376 4327 conjunctione,
1406 4263 1752 4329 perspicuum
1778 4261 1989 4316 dicendi
2022 4276 2193 4330 genus

616 4348 935 4418 scriptorem
958 4351 1100 4405 hunc
1124 4353 1456 4422 propositum
1482 4353 1734 4406 habuisse
1758 4353 2038 4407 existimes
2061 4370 2074 4405 :
2100 4353 2193 4407 sed

617 4444 741 4495 dum
788 4443 999 4511 longius
1054 4446 1340 4499 sententiae.
1392 4444 1751 4499 redditionem
1806 4446 2076 4514 producit,
2113 4445 2195 4499 di-

2299 3250 2709 3321 μυθολογήμασι
2764 3248 2863 3311 τὰς
2908 3246 3260 3318 παραινέσεις
3305 3241 3719 3303 συνδιαπλέκειν,
3755 3236 3814 3289 διὸ

2295 3342 2391 3395 καὶ
2422 3341 2483 3394 τὸ
2534 3341 2729 3409 ἀφελὲς
2771 3340 2986 3395 διώκειν
3028 3339 3218 3391 δοκεῖ·
3255 3338 3487 3391 σπάνιον
3537 3333 3639 3401 γὰρ
3681 3329 3818 3386 εἴτις

2296 3433 2447 3504 εὖροι
2488 3434 2629 3486 κατὰ
2665 3434 2754 3486 τὸν
2788 3434 3135 3486 Πλατωνικὸν
3166 3431 3329 3502 ζῆλον
3374 3432 3485 3492 τοῖς
3529 3426 3713 3495 δίαρμα
3750 3417 3823 3471 καὶ

2294 3525 2458 3592 ὄγκον
2488 3522 2932 3596 ἐνεργαζομένοις
2970 3521 3049 3593 τῷ
3086 3522 3253 3592 λόγῳ,
3283 3522 3477 3590 ὥσπερ
3518 3518 3573 3569 ἐν
3592 3512 3665 3583 τῷ
3690 3512 3823 3596 Bopr

2296 3595 2589 3687 σθενικῷ,
2627 3614 2819 3685 μύθοις
2887 3615 3048 3668 αὐτὸν
3112 3613 3526 3684 ἀποχρώμενον.
3594 3602 3710 3677 [552

2310 3685 2539 3776 Ἀφελῆς
2572 3704 2670 3775 μὲν
2702 3701 2795 3756 οῦν
2826 3705 2941 3757 ἐστι
2970 3704 3040 3756 τὰ
3069 3700 3369 3766 πολλὰ,’ώς
3400 3698 3569 3767 ιφθην
3598 3693 3638 3723 ιι
3669 3685 3823 3776 εἰπὼν,

2294 3799 2414 3860 ταῖς
2447 3774 2699 3862 ἐννοίαις,
2731 3796 2826 3849 καὶ
2852 3794 2962 3849 τῶν
2991 3811 3051 3847 τε
3088 3791 3560 3863 καθωμιλημένων
3589 3780 3721 3851 αὑτῷ
3751 3774 3824 3829 καὶ

2296 3888 2740 3953 ἐπιπολαζουσῶν
2766 3889 2824 3943 αἱ
2853 3888 3049 3954 λέξεις,
3082 3887 3178 3940 καὶ
3219 3886 3377 3939 οὐδὲν
3405 3881 3513 3937 οὐδ’
3544 3882 3577 3949 ή
3616 3868 3824 3932 σύνταξις

2293 3983 2400 4036 οὐδ’
2432 3984 2525 4035 ἐπὶ
2544 3982 2602 4035 τὸ
2631 3980 2926 4052 βαθύτερον
2959 3980 3082 4033 ούδέ
3129 3978 3191 4031 τὸ
3221 3973 3645 4048 καθηδυνόμενον
3665 3967 3823 4018 ἐκνεω-

2292 4074 2519 4145 τερίζει.
2571 4074 2683 4128 Kal.
2706 4074 2767 4127 τό
2797 4090 2861 4143 γε
2888 4073 2981 4127 ἐπὶ
2997 4074 3111 4135 τοῖς
3136 4072 3347 4141 ῥήμασι
3376 4066 3471 4120 καὶ
3492 4068 3554 4133 τῇ
3582 4052 3821 4128 συμπλοκῇ

2293 4167 2401 4219 τῶν
2418 4165 2695 4235 ὀνομάτων
2711 4164 2804 4218 τοῦ
2837 4164 3041 4233 σαφοῦς
3061 4164 3127 4217 ἄν
3155 4180 3236 4225 τις
3257 4161 3497 4214 ἐλπίσειε
3515 4154 3602 4207 τὸν
3622 4157 3821 4241 συγγρξι-

2295 4256 2401 4325 φέα
2436 4256 2866 4325 κατεστοχὰσθαι
2889 4270 2903 4286 ·
2943 4254 3079 4308 ἀλλὰ
3105 4255 3165 4306 τό
3196 4270 3260 4321 γε
3285 4253 3373 4306 διὰ
3403 4242 3607 4320 μακροῦ
3638 4238 3725 4307 τὴν
3749 4238 3823 4329 τῆς

2295 4348 2532 4409 διανοίας
2553 4348 2806 4402 ἀπόδοσιν
2829 4346 3100 4418 προϊέναι,
3125 4346 3221 4398 καὶ
3242 4346 3363 4405 ταῖς
3384 4336 3651 4394 ἐπιϐολαῖς
3674 4332 3729 4381 ἐκ
3751 4339 3820 4422 τοὶ)

2299 4441 2394 4493 ἐπὶ
2426 4439 2677 4493 πλεῖστον
2696 4443 2786 4492 τὸν
2804 4439 2961 4507 λόγον
2987 4436 3402 4507 διαπεπλέχθαι,
3428 4431 3526 4484 οὐκ
3555 4424 3640 4478 ἐπὶ
3670 4431 3817 4507 μικρλῳ

616 4533 1103 4602 gressionibusque
1130 4544 1187 4586 ut
1217 4534 1510 4602 plurimum
1546 4535 1853 4587 orationem
1889 4532 2192 4599 intertexit,

2298 4534 2398 4603 τῆς
2433 4531 2692 4602 τοιαύτης
2717 4505 2888 4584 αὐτὸν
2909 4528 3145 4584 ἐκκλείει
3177 4505 3343 4592 ἰδέας.
3389 4520 3548 4577 Ἀλλά
3566 4505 3821 4603 ταῦτα-μὲν

617 4638 723 4675 non
777 4639 965 4692 parum
1013 4624 1080 4677 ab
1135 4624 1239 4678 hoc
1292 4626 1539 4677 instituto
1585 4624 1837 4678 deﬂectit.
1868 4622 2190 4692 Quanquam

616 4714 734 4767 haec
761 4716 975 4779 quidem
1008 4716 1243 4771 varietas
1262 4714 1507 4786 quaedam
1544 4715 1696 4781 idem,
1719 4714 2052 4769 characteris
2075 4729 2193 4781 pro-

617 4804 839 4872 prietas,
875 4820 979 4858 non
1016 4821 1111 4875 pro
1142 4806 1256 4858 vitii
1300 4806 1499 4860 indicio
1556 4804 1744 4859 haberi
1793 4805 2019 4859 forsitan
2067 4818 2192 4872 pos-

616 4896 748 4950 sint.
776 4898 843 4949 At
873 4897 1016 4965 quod
1042 4897 1289 4962 exordia,
1326 4908 1418 4951 aut
1462 4913 1581 4965 quae
1628 4898 1973 4950 exordiorum
2022 4896 2194 4948 instar

619 4995 768 5051 sunt,
815 4987 1127 5057 longissime
1169 4989 1449 5057 producat,
1492 4988 1546 5041 id
1589 4986 1704 5056 jam
1738 4987 1915 5053 palam
1958 4985 2108 5047 facit,
2140 4992 2196 5038 et

615 5093 744 5133 eum
784 5094 1123 5148 nequaquam
1170 5078 1516 5133 familiarium
1566 5077 1945 5146 congressibus
1978 5090 2195 5130 accom-

619 5170 893 5223 modatam
945 5169 1157 5224 dicendi
1217 5168 1448 5223 formam
1496 5184 1593 5237 pro
1639 5167 1784 5221 civili
1840 5176 1895 5219 et
1932 5165 2192 5219 historica

615 5273 902 5329 usurpare,
931 5268 985 5313 et
1016 5258 1189 5327 majus
1218 5260 1370 5326 quasi
1397 5266 1582 5326 caput,
1615 5273 1775 5326 quam
1818 5257 2084 5324 reliquum
2120 5256 2192 5310 sit

614 5350 878 5404 orationis
906 5365 1121 5420 corpus,
1148 5348 1424 5420 eﬂingere.

688 5444 1007 5499 Orationum
1038 5444 1202 5515 igitur
1231 5445 1349 5514 ejus
1383 5452 1618 5514 quatuor
1661 5444 1890 5513 priores,
1926 5440 1992 5495 de
2023 5454 2192 5509 regno

2302 4594 2629 4693 πάραλλαγὴ
2648 4594 2704 4654 Ι¹⁵
2749 4623 2890 4685 ἰδέας
2917 4623 3011 4675 καὶ
3034 4620 3385 4692 χαρακτῆρος
3406 4614 3615 4681 ἰδίωμα,
3636 4594 3822 4656 ἀλλὀὐκ

2299 4716 2480 4777 αἰτίας
2512 4692 2641 4776 ἴσως
2681 4713 2905 4778 ἔνδειξιν
2931 4714 3045 4783 ἔχει
3089 4714 3132 4744 ¹⁶
3160 4730 3174 4742 ’
3207 4711 3267 4764 τὸ
3297 4711 3341 4764 δ’
3387 4706 3480 4759 ἐπὶ¹
3530 4692 3823 4783 μακρόῖαῖον

2299 4806 2602 4859 ἀποτείνειν
2635 4806 2703 4858 τὰ
2732 4806 2995 4877 προοίμια
3032 4804 3065 4875 ἢ
3095 4804 3165 4856 τὰ
3219 4800 3329 4856 οἷον
3379 4792 3635 4868 προοίμια
3674 4776 3821 4881 οὐκέτι

2302 4898 2528 4968 ἀφίησιν
2582 4898 2744 4951 αὑτὸν
2777 4864 2841 4949 τὸ
3013 4864 3132 4965 ούχὶ
3177 4896 3297 4949 ἀντὶ
3345 4892 3389 4924 ¹⁷
3427 4864 3707 4975 stolam-0E
3734 4864 3822 4975 ,ξαὶ

2299 4990 2678 5060 συγγραφικοῦ
2700 4989 2871 5042 τύπου
2895 4991 2986 5043 τὸν
3028 4992 3120 5043 ἐπὶ
3155 4992 3275 5053 ταῖς
3307 4978 3606 5040 συνουσίαις
3631 4959 3822 5065 alia?"

2300 5082 2424 5136 σθαι
2444 5058 2885 5152 ἠπανραδεδυκότα,
2925 5084 3020 5136 καὶ
3052 5084 3222 5153 μείζω
3269 5081 3368 5151 τὴν
3398 5069 3633 5142 κεφαλὴν
3658 5058 3741 5129 τὴν
3763 5058 3819 5107 ὼς

2298 5175 2356 5226 ἐν
2394 5174 2537 5244 λόγῳ
2572 5175 2614 5207 ⁸⁸
2642 5175 2736 5228 τοῦ
2766 5175 2958 5228 λοιποῦ
2990 5175 3242 5245 σώματος
3280 5167 3637 5226 διαπλάττειν.

2370 5435 2493 5488 Τῶν
2530 5435 2708 5488 τοίνυν
2759 5435 2931 5503 λόγων
2974 5432 3140 5487 αὑτοῦ
3170 5430 3210 5483 δ’
3248 5428 3374 5500 περ).
3432 5409 3686 5494 βασιλείας
3737 5392 3816 5464 μέν

1905 5552 2135 5608 νΑΡιιίΕ
2173 5550 2576 5607 LECTIONES.

692 5718 736 5751 ιο
776 5717 1101 5798 ταύτης-ΑΞ
1138 5715 1235 5798 τὴν
1263 5716 1366 5798 ff];
1401 5732 1463 5779 ς.
1604 5710 1920 5798 ἦν]“ἦν.οῦν
1950 5715 2014 5768 Α.
2057 5712 2141 5798 ﬂ“,
2169 5708 2337 5792 τᾶλλα
2440 5730 2453 5765 :
2481 5713 2547 5766 τὰ
2570 5713 2732 5769 λοιπὰ
2780 5712 2837 5767 δὲ
2869 5728 2929 5779 ς.
3011 5711 3053 5742 ⁸³
3076 5710 3119 5763 δ’
3170 5710 3233 5762 Α.
3270 5722 3284 5762 :
3316 5719 3374 5759 τε
3411 5714 3470 5763 ς-

1518 5787 1581 5839 .”
1615 5782 1893 5857 ἀντιούχι
1919 5802 1979 5847 ς.
2057 5785 2100 5816 ³⁸
2126 5785 2184 5837 ἐν
2234 5782 2313 5852 τῷ
2358 5782 2498 5853 λόγῳ
2530 5799 2590 5847 ς,

622 5788 665 5820 ⁸⁵
685 5788 1042 5861 παραλλαγῆς
1069 5789 1135 5851 Α,
1188 5785 1230 5818 ίθ
1263 5785 1371 5849 ἕξει
1401 5803 1440 5849 ς·

3546 5687 3586 5720 ιι
3612 5682 3732 5747 εφην
3753 5664 3805 5717 A-
