4022 6446
264 353 347 421 est
1336 331 1858 408 BIBLIO’I‘H'ECA.
1904 375 1967 383 —
1997 346 2158 407 con.
2198 348 2390 407 CCIX.

3385 347 3491 413 682

274 471 393 524 sicut
442 462 757 536 εἰρημένοι·
800 462 895 516 καὶ
949 463 977 514 ό
1027 460 1081 514 E’
1111 462 1187 523 δέ,
1230 464 1487 529 Λιϐυκός
1520 465 1823 535 ἐπιγραφό-

1931 466 2087 519 dicta:
2116 475 2261 518 sunt.
2285 465 2479 531 Quinta
2513 463 2656 524 dein,
2691 475 2809 530 qum
2846 459 3040 530 Libyca
3076 469 3315 525 vocatur,
3341 474 3395 517 et
3422 467 3493 519 ab

273 576 435 631 μενος,
501 556 667 625 μῦθον
719 554 815 624 μὲν
870 554 1041 607 Λίϐυν
1092 554 1446 621 ἀπαγγέλλει,
1501 556 1723 609 ἐκείνων
1775 555 1818 606 δ’

268 653 399 705 ἐστὶν
442 647 760 716 ἐξημμένος.
824 646 882 697 '0
951 646 996 698 δ’
1048 646 1206 708 ἕκτος
1238 648 1280 677 ¹⁹
1333 650 1459 717 περὶ
1508 646 1820 718 τυραννίδος

266 743 423 795 δίεισι.
447 740 537 791 καὶ
568 738 694 806 περὶ
725 737 925 806 ἀρετῆς
953 739 980 790 6
1012 739 1106 789 ἐπὶ
1135 737 1330 808 τούτῳ.
1364 738 1421 792 '0
1450 739 1507 792 δέ
1535 740 1595 792 Η¹
1620 739 1818 809 Διογέ-

266 847 363 896 νης
398 826 565 896 μὲνῆ
617 826 916 893 Ἰσθμικὸς
972 826 1283 896 ἐπιγραφὴν
1343 827 1475 897 ἔχει,
1530 828 1729 898 πρᾶξιν
1763 828 1820 881 δέ

264 938 368 976 τινα
381 922 466 971 καὶ
486 917 678 980 λῆγους
695 918 975 984 Διογένους
992 918 1131 970 κατά
1153 920 1221 971 τὰ
1242 919 1467 985 Ἰσθμια
1491 918 1817 987 διαγγέλλει.

267 1012 359 1066 Καὶ
388 1014 413 1063 ὀ
451 1010 529 1074 Θ’,
571 1008 854 1077 Διογένης
890 1010 937 1040 ’⁸
964 1010 995 1078 ἢ
1026 1011 1166 1077 Περὶ
1196 1010 1445 1063 οἰκετῶν
1463 1013 1531 1073 ²¹,
1572 1016 1824 1082 παραινεῖ

266 1103 349 1172 μὲν
374 1100 618 1161 ἅπαντας
636 1100 702 1152 δι’
730 1102 847 1163 ἐνὸς
879 1098 1177 1169 προσώπου
1208 1102 1373 1153 αὑτοῦ
1407 1102 1502 1170 μὲν
1523 1102 1753 1155 ἕκαστον
1777 1103 1821 1132 ²¹

266 1192 442 1261 πολλὴν
497 1191 839 1261 ἐπιστροφὴν
902 1193 994 1244 καὶ
1046 1192 1371 1262 ἐπιμέλειαν
1426 1194 1698 1246 ποιεῖσθαι
1752 1195 1820 1256 ³³,

266 1286 425 1351 ὀλίγην
446 1283 500 1335 δέ
533 1283 646 1335 τῶν
677 1282 875 1348 ἔξωθεν
906 1286 1327 1355 συμπιπτόντων
1355 1301 1369 1314 ο
1398 1287 1491 1337 καὶ
1527 1287 1599 1355 μὴ
1624 1286 1822 1355 χρῆναι

271 1376 509 1445 ρεύγοντα
578 1374 799 1428 διώκειν
838 1377 1053 1446 οἰκέτην
1083 1394 1097 1408 ο
1152 1375 1278 1447 [274
1328 1376 1420 1449 Η.]
1468 1378 1666 1432 ἄτοπον
1714 1379 1823 1448 γὰρ

267 1468 480 1530 ἐκείνους
505 1468 608 1537 μὲν
637 1472 841 1531 κακοὺς
871 1470 1029 1532 ὄντας
1051 1469 1295 1532 ἐλπίζειν
1329 1470 1458 1523 ἄνευ
1486 1469 1592 1522 τῶν
1629 1469 1824 1521 δεσπο-

265 1560 349 1614 τῶν
379 1560 607 1626 ἄμεινον
634 1559 950 1629 βιώσεσθαι,
976 1562 1103 1623 τοὺς
1128 1561 1391 1623 δεσπότας
1414 1561 1469 1613 δὲ
1500 1562 1575 1630 μὴ
1607 1559 1823 1625 ἀξιοῦν-

265 1668 343 1714 τας
369 1650 412 1680 ⁸⁵
440 1649 686 1717 φαύλους
722 1646 858 1703 εἶναι
894 1651 969 1722 μὴ
989 1651 1229 1721 νομίζειν
1255 1651 1478 1721 ἄμεινον
1507 1650 1707 1714 διάξειν
1730 1692 1744 1713 ,
1776 1652 1824 1702 εί

265 1747 326 1816 μὴ
376 1745 822 1815 παραπολαύοιεν
863 1747 962 1815 τῆς
1012 1747 1120 1798 τῶν
1152 1744 1436 1816 δραπετῶν
1482 1745 1821 1814 σκαιότητος.

1926 560 2031 613 illis
2092 558 2386 611 etiamnum
2433 554 2733 624 dependet,
2791 553 3023 607 fabulam
3082 551 3248 624 Libyn
3307 556 3489 610 refert.

1929 649 2123 718 1660
2184 647 2313 699 Eam
2349 646 2549 713 eXt'ipit
2583 654 2756 705 sexta,
2786 658 2906 712 qua
2928 645 2993 695 de,
3032 644 3314 712 tyrannide
3347 660 3494 699 c0tn-

1926 746 2189 791 memorat
2219 754 2231 789 :
2267 746 2322 788 ut
2355 739 2421 789 de
2450 736 2651 788 virtute
2678 735 2929 801 septima.
2964 731 3188 796 Octava,
3222 732 3492 802 Diogenis,

1922 830 2039 884 sive
2091 829 2360 883 Isthmiae
2418 828 2630 880 titulum
2684 825 3016 896 prreferens,
3063 825 3201 879 facta
3247 828 3492 894 quaedam

1923 924 2178 990 dictaque
2208 920 2464 988 Diogenis
2499 920 2549 971 in
2590 918 2861 972 Istbtnicis
2900 926 3107 971 narrat.
3146 915 3321 984 Noua,
3364 918 3492 971 Dio-

1922 1029 2074 1082 genes
2112 1027 2325 1081 quoque
2365 1012 2583 1075 dicitur,
2628 1026 2719 1063 seu
2755 1011 2824 1061 De
2854 1010 3036 1063 servis.
3083 1009 3339 1062 Hortatur
3383 1013 3495 1064 sin-

1924 1104 2148 1174 gulatim
2197 1106 2502 1167 universos,
2545 1114 2794 1171 satagere
2824 1117 3087 1171 quosque.
3123 1118 3187 1155 ac
3234 1103 3492 1155 Sollicitos

1923 1210 2046 1250 esse
2070 1197 2178 1259 sui,
2207 1196 2464 1265 neglectis
2507 1210 2625 1264 quae
2668 1195 3008 1248 extrinsecus
3044 1194 3349 1248 adveniant.
3378 1192 3491 1247 Non

1922 1289 2178 1357 expedire
2203 1289 2424 1357 insuper
2453 1286 2738 1356 fugitivum
2766 1300 2983 1341 servum
3015 1286 3248 1353 insequi.
3289 1286 3491 1341 Absur-

1924 1381 2049 1431 dmn
2073 1380 2216 1433 enim
2242 1394 2382 1445 esse,
2401 1380 2448 1432 si
2485 1378 2565 1432 vel
2595 1378 2691 1440 illi,
2720 1394 2840 1431 cum
2872 1376 3100 1447 improbi
3129 1378 3254 1445 sint,
3276 1387 3494 1444 sperent

1925 1470 2128 1539 absque
2167 1472 2401 1525 dominis
2444 1470 2634 1525 melius
2665 1470 2765 1524 sibi
2812 1468 2947 1529 fore,
2979 1468 3062 1522 vel
3109 1469 3224 1521 heri
3282 1468 3493 1523 illorum

1928 1564 2178 1630 nequitiae
2227 1562 2372 1615 velut
2426 1562 2619 1629 ignari,
2664 1576 2768 1615 non
2810 1560 3058 1628 judicent
3090 1559 3284 1612 melius
3313 1573 3494 1611 secum

1926 1659 2218 1719 agendum,
2250 1655 2292 1708 si
2343 1669 2441 1707 nec
2467 1653 2646 1706 obiter
2668 1652 2831 1704 ullqu
2860 1667 2893 1705 e
2932 1652 3278 1721 fugitivorum
3315 1666 3498 1704 servuo

1930 1763 2045 1800 rum
2116 1747 2413 1800 stoliditate
2478 1748 2731 1798 damnum
2797 1744 2993 1797 ferant.
3054 1744 3267 1797 Decima
3321 1746 3498 1795 oratio

272 1836 321 1889 '0
345 1836 397 1889 δέ
420 1838 453 1888 I'
489 1837 751 1903 Τρωϊκός
779 1836 875 1906 μὲν
898 1836 1048 1889 ἐλκει
1080 1838 1179 1905 τὴν
1205 1835 1536 1906 ἐπιγραφὴν,
1565 1836 1705 1907 ὑπὲρ
1742 1836 1824 1888 τοῦ

1932 1836 2119 1890 Troica
2159 1838 2494 1898 inscribitur,
2528 1837 2595 1889 de
2630 1851 2693 1888 eo
2730 1838 2975 1889 studiose
3019 1836 3315 1900 elaborata,
3355 1836 3497 1904 quod

266 1929 328 1997 μὴ
366 1927 569 1980 ἁλῶναι
623 1928 681 1980 δέ
719 1929 779 1981 τὸ
823 1928 983 1981 Ἴλιον
1015 1928 1451 1991 διεσπούδασται,
1504 1929 1725 1996 Ὁμήρῳ
1761 1944 1821 1979 τε

265 2014 384 2067 κατά
404 2014 464 2066 τὸ
486 2015 831 2087 τραχύτερον
860 2016 1252 2086 προσφέρεται,
1276 2016 1371 2068 καὶ
1398 2016 1497 2068 ὅσα
1530 2016 1664 2069 ἄλλα
1685 2016 1825 2067 κατά

263 2108 346 2177 τὴν
392 2107 590 2160 Ἰλιάδα
618 2109 769 2177 αὐτῷ
805 2108 1117 2176 πεποίηται,
1153 2108 1411 2159 τάναντία
1441 2107 1652 2169 τούτοις
1682 2124 1826 2176 πρα-

265 2200 601 2267 γματεύεται.
622 2201 680 2252 ’0
702 2201 755 2254 δὲ
773 2200 1134 2269 Ὀλυμπικὸς
1151 2200 1183 2271 ἢ
1201 2203 1336 2269 Περὶ
1356 2199 1463 2269 τῆς
1477 2199 1708 2268 πμὶιτης
1721 2200 1825 2252 τοῦ

264 2288 395 2341 Θεοῦ
430 2289 705 2356 ἐννοίας,
736 2291 867 2344 αὐτὸ
895 2290 1051 2343 τοῦτο
1084 2288 1431 2361 πειρώμενος
1445 2290 1823 2353 ἐπιδεικνύειν,

264 2380 528 2443 ἐνδέκατός
550 2383 727 2436 ἐστιν.
748 2383 804 2436 Ὀ
830 2382 885 2435 δὲ
913 2381 1018 2446 IB',
1046 2382 1441 2447 ἘνἈθήναις
1470 2382 1600 2451 περὶ
1632 2380 1826 2450 φυγῆς

261 2472 552 2541 ἐπιγραφὴν
605 2472 773 2543 ἔχων,
821 2474 1038 2545 εἴρηται
1092 2474 1191 2543 μὲν
1235 2476 1292 2526 ἐν
1323 2475 1531 2537 αὑταῖς,
1572 2473 1732 2526 δίεισι
1769 2473 1827 2525 δέ

260 2564 324 2626 ὠς
344 2564 489 2617 οὐδὲν
514 2567 547 2634 ἡ
577 2567 729 2636 φυγὴ
754 2567 1013 2636 χαλεπὸν,
1045 2567 1139 2620 καὶ
1166 2568 1241 2629 ὡς
1277 2568 1321 2596 ⁸⁸
1352 2566 1581 2629 πλοῦτος
1608 2567 1705 2635 μέν
1735 2564 1828 2618 καὶ

260 2656 371 2720 δόξα
394 2658 486 2710 καὶ
513 2658 813 2711 δυναστεία
840 2659 1030 2712 θᾶττον
1064 2660 1171 2712 ἀπὸ
1202 2658 1311 2712 τῶν
1328 2660 1558 2729 ἐχόντων
1582 2661 1674 2710 ἐπὶ
1703 2660 1829 2721 τοὺς

266 2749 371 2819 μηδ’
395 2750 732 2815 ἐλπίσαντας
781 2755 1066 2823 μεταρῤεῖ,
1096 2755 1156 2805 τὸ
1181 2753 1237 2806 δέ
1269 2754 1581 2821 φιλοσοφεῖν
1606 2755 1697 2806 καὶ
1729 2753 1826 2821 τὴν

263 2842 444 2912 ἀρετὴν
483 2844 681 2896 ἀσκεῖν
718 2844 805 2898 διὰ
845 2844 959 2915 βίου
992 2862 1049 2897 τε
1090 2843 1278 2914 κτῆμα
1325 2845 1570 2915 διαμένει
1624 2845 1828 2913 ἀγαθὸν

264 2932 345 2987 καὶ
378 2934 766 3004 ἀποιχομένοις
804 2936 1116 2988 συνέπεται.
1164 2935 1222 2987 Ὀ
1255 2934 1313 2987 δέ
1346 2934 1423 2986 II"
1461 2935 1751 3000 Εὐϐοϊκὸς
1781 2935 1826 2965 ⁸⁸

263 3027 292 3096 ἢ
319 3027 722 3096 Κυνηγετικός
751 3027 943 3097 ἔλαχεν
972 3027 1312 3098 ἐπιγραφὴν,
1342 3028 1555 3095 είσάγει
1594 3027 1649 3080 δέ
1682 3044 1826 3090 τινας

264 3120 313 3171 ἐν
336 3120 527 3191 Εὐϐοίᾳ
561 3119 809 3172 τοιοῦτον
846 3120 959 3189 βίον
1004 3118 1278 3189 βιοῦντας,
1326 3120 1393 3171 δι’
1421 3113 1495 3171 ὧν
1525 3136 1829 3171 κατασκευ-

1931 1929 2082 1981 Ilium
2133 1944 2240 1981 non
2293 1926 2456 1981 fuerit
2492 1938 2728 1994 captum.
2766 1926 3000 1980 Homero
3047 1928 3210 1995 igitur
3254 1928 3498 1994 aSperius

1932 2025 2269 2083 adversatur,
2331 2022 2500 2087 iisque
2562 2021 2813 2073 omnibus
2874 2020 3146 2072 contraria
3208 2020 3497 2077 describit.

1932 2126 2053 2178 quae
2080 2120 2203 2164 sunt
2229 2113 2296 2162 ab
2327 2110 2418 2162 illo
2457 2111 2505 2163 in
2536 2110 2707 2163 Iliade
2736 2110 3052 2177 composita.
3084 2108 3375 2182 Olympica,
3405 2122 3498 2161 seu

1932 2202 2009 2255 De
2032 2206 2200 2269 prima
2224 2205 2319 2257 Dei
2337 2205 2631 2273 cognitione
2651 2203 2790 2271 (quae
2816 2202 2953 2256 idem
2981 2200 3105 2254 illud
3131 2202 3501 2255 demeastrare

1932 2297 2183 2365 conatur)
2219 2296 2503 2350 undecima
2536 2302 2645 2347 est.
2682 2293 3003 2346 Duodecimn
3032 2293 3249 2345 Athenis
3282 2292 3346 2343 de
3366 2291 3501 2343 exsi-

1934 2386 2007 2441 lio
2035 2388 2219 2440 habita
2251 2388 2461 2441 titulum
2509 2389 2747 2456 praefert.
2788 2384 2854 2440 Et
2901 2386 3081 2439 habita
3128 2400 3256 2439 vere
3306 2384 3499 2437 ibidem

1934 2490 2038 2544 est,
2086 2483 2354 2548 docetque
2403 2480 2651 2533 exsilium
2685 2480 2819 2535 nihil
2848 2480 3049 2533 habere
3085 2477 3449 2531 molestiarum
3486 2493 3497 2525 :

1935 2571 2153 2625 divitias
2196 2573 2323 2625 item
2373 2580 2427 2625 et
2479 2572 2703 2636 gloriam
2743 2583 2903 2639 atque
2944 2569 3224 2636 imperium
3266 2567 3425 2619 citius
3473 2582 3499 2615 a

1934 2663 2335 2730 possidentibus
2360 2662 2423 2714 ad
2456 2678 2548 2714 eos
2584 2662 2672 2731 qui
2713 2660 2933 2713 minime
2974 2659 3287 2727 sperabant,
3321 2664 3502 2709 trans-

1936 2752 2064 2806 ferri
2097 2772 2110 2805 :
2144 2754 2419 2822 sapientim
2446 2768 2578 2806 vero
2608 2753 2843 2805 studium
2874 2792 2888 2813 ,
2932 2766 2997 2806 ac
3039 2750 3253 2803 virtutis
3299 2747 3506 2801 exercio

1894 2832 2224 2912 'tationem,
2253 2858 2308 2902 et
2358 2859 2642 2916 perpetuas
2691 2848 2741 2899 in
2785 2847 2883 2899 hac
2932 2846 3036 2897 vita
3080 2853 3506 2909 constantesmm

1936 2940 2156 2993 divitias
2195 2954 2336 3003 esse,
2381 2950 2435 2992 et
2479 2941 2606 2992 hinc
2643 2941 2803 2992 etiam
2856 2938 3187 3005 etnigrantes
3234 2932 3503 2989 comitari.

1937 3033 2074 3087 XIII.
2120 3034 2353 3087 Euboica
2398 3048 2490 3086 seu
2547 3032 2835 3086 Venatoria
2897 3031 3230 3085 inscribitur.
3298 3026 3508 3082 Inducit

1939 3136 2120 3177 autem
2168 3125 2430 3193 quosdam
2485 3124 2621 3177 hanc
2653 3124 2707 3175 in
2758 3124 2959 3176 Ettbma
2990 3122 3154 3175 vitam
3204 3122 3505 3173 ducentes:

265 3212 368 3275 ἀζει
423 3213 499 3274 ὡς
531 3215 562 3265 ό
599 3212 914 3283 ἀπράγμων
966 3212 1101 3281 βίος,
1153 3216 1200 3263 εἰ
1244 3214 1338 3264 καὶ
1382 3213 1673 3283 πενόμενος
1729 3214 1829 3281 εἴη,

1942 3233 2040 3287 per
2072 3233 2210 3286 quos
2252 3219 2409 3270 docet
2445 3218 2608 3269 vitam
2644 3217 2932 3284 privatam,
2968 3213 3067 3267 etsi
3106 3212 3391 3281 pauperior
3417 3211 3507 3272 sit.

262 3305 419 3375 πολλῷ
440 3305 548 3357 τῶν
577 3309 635 3357 ἐν
666 3304 818 3357 ἄστει
848 3304 1262 3373 θορυϐουμένων
1290 3320 1349 3354 τε
1379 3304 1469 3355 καὶ
1501 3302 1833 3372 τρυφώντων

259 3398 403 3468 ἡδίων
451 3415 511 3451 τε
576 3398 670 3450 καὶ
714 3397 1175 3465 λυσιτελέστερος.
1232 3395 1538 3460 Ῥοδιακὸς
1582 3396 1639 3447 δέ
1682 3398 1705 3449 ό
1759 3395 1832 3447 ΙΔ¹

262 3491 620 3561 ἐπιγράφεται
644 3506 659 3520 ο
702 3493 759 3541 ἐν
798 3488 972 3559 τούτῳ
1013 3489 1131 3551 ἔθος
1160 3487 1353 3555 ἄλογον
1400 3487 1554 3556 παρά
1611 3487 1833 3549 Ῥοδίοις

264 3585 474 3654 ἐπιτιμᾷ
525 3582 878 3636 ἐπιπολάσαν
910 3583 977 3633 ’⁷.
1033 3582 1106 3634 Τὸ
1162 3581 1205 3633 δ’
1255 3577 1342 3651 ἦν,
1404 3580 1497 3642 οὓς
1554 3580 1834 3632 ἐϐούλοντο

263 3679 410 3746 τιμᾷν
448 3675 732 3746 ἀνδριᾶσι,
779 3674 988 3736 τούτοις
1046 3673 1145 3743 μὲν
1187 3672 1477 3741 ἀνδριάντα
1538 3671 1833 3722 ἀνίστασαν

266 3768 461 3831 οὐδένα,
508 3770 648 3830 τοὺς
695 3768 750 3819 δὲ
818 3769 928 3828 τοῖς
975 3766 1142 3817 πάλαι
1195 3764 1582 3833 ἀνεστηκότας,
1630 3763 1833 3814 τούτων

268 3861 361 3929 ἄρα
388 3861 494 3932 “ﬂ
546 3860 650 3921 τὰς
710 3861 1023 3929 ἐπιγραφὰς
1072 3856 1423 3927 μεταξέοντες
1476 3856 1554 3916 είς
1596 3855 1666 3906 τὰ
1724 3853 1833 3906 τῶν

271 3952 565 4021 μελλόντων
618 3950 918 4021 τιμηθῆναι
970 3950 1230 4019 ὀνόματα,
1284 3948 1316 4017 ἢ
1360 3946 1439 4017 τῷ
1488 3947 1664 4015 χρόνῳ
1699 3946 1833 4015 μηδὲ

270 4045 599 4112 φαινομένων
631 4042 1056 4111 ἐπιγράφοντες,
1104 4038 1211 4091 τῶν
1246 4056 1307 4089 τε
1347 4038 1642 4107 οἰχομένων
1670 4037 1732 4088 τό
1770 4054 1833 4103 γε

269 4136 331 4188 ἐπ
368 4138 557 4199 αὐτοῖς
590 4136 688 4203 τὴν
721 4137 765 4166 ²⁹
804 4132 969 4204 τιμὴν
996 4132 1368 4196 ἐλυμαίνοντο,
1410 4131 1502 4182 καὶ
1541 4128 1633 4193 οὓς
1669 4131 1834 4199 τιμᾷν

270 4226 683 4291 ὑπεπλάττοντο,
740 4226 1047 4293 ἀλλοτρίαις
1090 4227 1184 4276 καὶ
1220 4222 1342 4275 κατ’
1378 4222 1529 4275 οὐδὲν
1572 4223 1834 4285 ὲοικυίαις

274 4318 458 4373 εἰκόσιν
507 4319 817 4386 ἐνύϐριζον.
855 4318 984 4390 [555
1030 4316 1121 4388 IL]
1166 4317 1254 4369 Ἑν
1280 4316 1413 4385 τῷδε
1445 4314 1523 4384 τῷ
1550 4315 1694 4383 λόγῳ
1738 4334 1835 4386 με·

272 4412 395 4483 γάλη
442 4412 542 4465 τοῦ
600 4412 791 4481 ἀνδρὸς
842 4412 941 4481 τῆς
990 4410 1461 4477 ἀνασκευαστικῆς
1496 4407 1539 4439 ³⁰
1593 4408 1834 4479 ίσχύοςή

274 4505 483 4576 ἁρετὴ³¹
511 4506 877 4573 διαφαίνεται.
929 4506 986 4558 '0
1023 4506 1084 4558 δὲ
1115 4506 1192 4558 ΙΕ¹
1223 4505 1379 4573 Πρὸς
1419 4505 1836 4572 Ἀλεξανδρεῖς

278 4597 364 4665 μὲν
392 4598 819 4667 ἐπιγέγραπται.
850 4597 914 4667 δή
928 4615 1025 4666 μου
1047 4599 1107 4651 δὲ
1137 4599 1301 4666 φύσιν
1325 4600 1685 4653 ἀναπτύσσων
1711 4599 1839 4651 ταύ-

276 4708 363 4760 της
388 4694 752 4763 κατατρέχει·
793 4694 887 4746 καὶ
919 4695 1001 4746 ὃτι
1036 4694 1110 4764 μὴ
1158 4695 1265 4764 χρὴ
1313 4695 1403 4747 τὸν
1446 4692 1840 4762 Ἀλεξανδρέων

278 4784 455 4852 δῆμον,
489 4786 597 4838 ῐδια
634 4784 804 4837 πολλά
859 4785 927 4837 τὰ
984 4786 1121 4855 πρὸς
1173 4786 1375 4855 ἀρετὴν
1420 4785 1841 4856 παρακαλοῦντα

281 4872 476 4942 ἔχοντα,
513 4876 614 4945 τῆς
673 4878 731 4926 ἐν
775 4874 854 4944 τῷ
888 4875 1054 4943 κοινῷ
1105 4876 1549 4945 ἐπιπολαζούσης
1598 4874 1841 4945 ταραχῆς

282 4964 365 5015 καὶ
388 4966 612 5029 ἀταξίας
644 4969 738 5018 καὶ
774 4966 937 5019 αὑτὸν
968 4962 1107 5018 εἶναι
1138 4966 1183 4996 ³¹
1212 4967 1568 5037 ἀνδράποδον,
1600 4966 1838 5035 μάλιστα

282 5055 330 5109 δὲ
348 5058 862 5127 παραφυλάττεσθαι
898 5058 958 5111 τὸ
987 5059 1293 5129 ἁμάρτημα
1325 5058 1466 5112 κατά
1495 5058 1592 5119 τὰς
1614 5058 1843 5127 δημοτε-

284 5147 381 5212 λεῖς
412 5152 748 5221 πανηγύρεις
796 5152 891 5203 καί⁸
920 5151 990 5203 τά
1037 5150 1260 5220 θέατρα.
1326 5152 1602 5217 Γαρσικοί
1648 5150 1708 5202 δέ
1749 5148 1843 5201 δύο

285 5238 465 5310 ἑφεξῆς
495 5242 805 5311 ἐπιγραφῆς
834 5243 1045 5311 ἔτυχον,
1064 5234 1139 5293 ὧν
1168 5243 1197 5293 6
1226 5240 1328 5309 μὲν
1360 5246 1408 5292 α’
1456 5240 1676 5293 ἔπαινόν
1721 5256 1842 5291 τινα

287 5329 374 5397 τῆς
406 5333 609 5399 πόλεως
642 5333 947 5404 ἐπιτρέχων
969 5334 1070 5386 οὐκ
1104 5333 1429 5403 εὐδαίμονας
1458 5333 1673 5395 ἐκείνας
1710 5334 1844 5385 ἀπο-

1938 3311 2096 3377 longe
2122 3308 2504 3375 iucundiorem
2536 3322 2673 3367 esse.
2714 3315 2769 3360 et
2801 3305 3095 3367 utiliorem,
3128 3320 3287 3370 quam
3322 3318 3508 3356 eorum

1933 3403 2027 3470 qui
2055 3402 2107 3454 in
2150 3402 2375 3455 urbibus
2415 3399 2599 3452 turbas
2643 3400 2795 3468 juxta
2840 3412 2900 3451 ac
2950 3396 3175 3450 delicias
3219 3394 3511 3462 experiun-

1939 3503 2045 3546 tttr.
2078 3491 2222 3545 XIV.
2261 3491 2528 3545 Rhodiaca
2562 3493 2888 3543 nominatur.
2922 3491 3225 3543 Absurdunt
3260 3488 3358 3540 hac
3382 3502 3508 3540 ora-

1937 3588 2085 3639 tione
2115 3602 2343 3649 morem,
2382 3587 2471 3653 qui
2526 3596 2638 3637 tum
2674 3584 2846 3636 Rhodi
2896 3583 3277 3644 invalescebat,
3324 3594 3513 3646 repre-

1943 3679 2149 3731 hendit.
2190 3677 2342 3743 Quos
2368 3679 2511 3730 enim
2552 3677 2745 3730 statuis
2784 3675 3124 3728 honorandos
3162 3681 3509 3732 censuerant,

1939 3769 2023 3823 his
2062 3770 2239 3822 nullas
2278 3769 2607 3830 statuebant,
2643 3771 2735 3820 sed
2772 3782 2982 3825 earum,
3017 3778 3136 3834 quae
3168 3763 3357 3833 priscis
3389 3764 3506 3816 fue-

1937 3874 2059 3917 raut
2109 3863 2407 3925 collocatae,
2444 3861 2525 3913 vel
2587 3860 2967 3926 inscriptiones
3026 3857 3077 3909 in
3130 3869 3362 3918 eorum,
3418 3856 3505 3922 qui

1940 3957 2154 4009 venturi
2206 3965 2391 4007 essent
2446 3954 2664 4006 nomina
2705 3960 2979 4003 mutantes
3017 3966 3029 4000 :
3068 3948 3152 4001 vel
3202 3946 3246 3999 si
3300 3954 3511 4015 tempo-

1938 4051 2013 4102 ris
2058 4048 2249 4115 iniuria
2308 4062 2412 4099 non
2442 4055 2765 4114 apparerent
2797 4042 2959 4101 tituli,
3003 4056 3169 4095 novos
3208 4040 3512 4109 insculpen-

1937 4151 2053 4203 tes,
2096 4137 2266 4192 simul
2319 4138 2428 4188 vita
2485 4137 2790 4188 functorum
2848 4132 3072 4197 gloriam
3117 4130 3397 4199 (quantum
3454 4130 3509 4183 iu

1940 4234 2070 4302 ipsis
2130 4231 2272 4299 erat)
2308 4229 2607 4291 foedabant,
2650 4225 2812 4281 simul
2862 4239 3001 4293 quos
3026 4224 3296 4275 honorare
3333 4223 3513 4274 decre-

1936 4332 2150 4385 verant,
2210 4322 2437 4383 alienls,
2507 4328 2562 4373 et
2614 4333 2732 4383 quae
2795 4315 2928 4369 nihil
2987 4314 3355 4367 similitudinis
3418 4314 3512 4365 lia-

1939 4417 2174 4477 bereul,
2240 4411 2566 4479 imaginibus
2628 4408 2893 4460 dedecore
2963 4406 3139 4473 potius
3184 4399 3509 4455 aﬂiciebant.

1862 4502 2055 4603 DQua
2107 4502 2323 4570 quidem
2365 4501 2415 4552 in
2473 4499 2719 4551 oratione
2762 4498 2953 4565 ingens
3009 4492 3191 4545 Dionis
3241 4489 3509 4544 refutandi

1979 4596 2009 4603 ..
2144 4595 2155 4603 .
2410 4592 2431 4603 ιι
2536 4591 2547 4603 1
2664 4591 2674 4601 ο
2754 4589 2763 4600 υ
2849 4589 2881 4603 ·.
3013 4586 3024 4603 I
3082 4602 3089 4603 κ
3112 4601 3145 4603 η
3170 4585 3230 4603 ,ἔ.
3286 4580 3378 4603 ru
3448 4583 3469 4603 Δ
3488 4585 3509 4603 J

1941 4596 2079 4649 alios
2108 4595 2188 4647 vis
2216 4604 2377 4661 atque
2409 4591 2636 4645 facultas
2664 4589 2951 4655 insigniter
2979 4585 3256 4638 elucescit.
3286 4580 3402 4636 XV.
3432 4583 3512 4636 Ad

1938 4686 2327 4738 Nexandrinos
2353 4684 2553 4742 habita,
2604 4680 2938 4733 inscribitur.
2966 4677 3121 4745 Vulgi
3167 4678 3218 4728 in
3264 4691 3324 4729 ea
3365 4676 3516 4743 inge-

1941 4779 2088 4830 nium
2146 4790 2428 4843 moresque
2486 4772 2727 4841 exponit,
2774 4786 2839 4824 ac
2902 4770 3232 4839 perstringit.
3302 4767 3518 4834 Nequa-

1939 4883 2099 4936 quam
2154 4868 2376 4931 insuper
2434 4866 2645 4929 decere,
2708 4872 2765 4914 ut
2817 4862 2979 4914 etiam
3014 4862 3239 4929 p0pulus
3282 4861 3518 4914 Alenu-

1940 4961 2152 5025 drinns,
2208 4957 2411 5028 1661)
2474 4956 2563 5023 qui
2619 4955 2837 5023 propria
2895 4963 2973 5006 tut
3027 4952 3253 5006 haberet
3301 4950 3518 5002 virtutis

1944 5052 2321 5112 incitamenta,
2352 5058 2664 5100 exortorum
2708 5046 2760 5095 in
2789 5043 3061 5111 republica
3094 5040 3418 5095 tmnultuum
3459 5054 3521 5089 at:

1944 5144 2275 5199 seditionum
2311 5142 2458 5194 velut
2501 5136 2831 5206 mancipium
2883 5134 2999 5186 fiat.
3053 5131 3361 5186 Prazscrtim
3391 5142 3519 5181 vero

1948 5236 2097 5290 illum
2140 5248 2382 5289 errorem
2418 5230 2720 5284 cavendum
2753 5242 2873 5281 esse
2910 5233 3121 5289 monet,
3152 5222 3240 5289 qui
3269 5222 3321 5273 in
3348 5218 3521 5287 publi-

1949 5330 2031 5383 cis
2065 5326 2420 5381 conventibus
2462 5336 2526 5377 ac
2556 5320 2784 5376 theatris
2830 5317 3291 5373 committebatur.
3334 5309 3519 5365 Tarsi-

1541 5469 1771 5524 VARIAZ
1811 5465 2218 5524 LECTIONES.

356 5631 393 5660 "
420 5631 571 5702 ’ἕκτος
602 5632 698 5683 καὶ
724 5631 849 5702 περί
880 5631 943 5683 Α.
1058 5630 1101 5658 ²⁰
1123 5629 1410 5702 ,Διογένους
1430 5631 1493 5680 Α.

296 5700 334 5729 ’³
362 5701 614 5753 ποιεῖσθαι
643 5695 809 5753 αύτοῧ
837 5702 917 5752 όλ.
956 5717 1014 5762 ς.
1094 5699 1140 5730 ’⁸
1166 5699 1442 5764 ἀξιοῦντες
1466 5714 1527 5761 ς’.
1603 5697 1647 5726 ’⁸
1679 5696 1753 5757 ὡς
1807 5699 1846 5748 Α
1880 5715 1892 5747 :
1920 5695 2000 5746 ὅτι
2052 5711 2109 5756 ς.

1593 5629 1633 5656 ’ί
1664 5628 1773 5680 οίκ.
1824 5626 1917 5677 καὶ
1971 5623 2230 5693 παραινεῖ
2261 5639 2320 5683 ς.

2425 5620 2471 5648 ’³
2506 5618 2603 5686 μὲν
2645 5618 2877 5668 ἕκαστον
2916 5614 2957 5665 Λ
2996 5630 3016 5686 εΔ
3040 5612 3270 5686 ἕκαστον
3310 5608 3425 5686 μένΔ
3463 5626 3523 5686 ς2

2189 5694 2234 5722 ²⁶
2268 5676 2554 5751 Ϊιῖὺϐοεικός
2610 5704 2668 5749 ς.
2746 5686 2787 5717 ’⁷
2839 5682 3165 5751 ἐπιπολάζον
3196 5698 3257 5744 ς.
3333 5676 3527 5747 "apd

295 5770 340 5819 es
647 5749 1125 5839 K.wv"add.
1303 5770 1346 5799 ³⁰
1377 5749 1776 5833 ἀναθσκευτικῆς
1823 5749 2197 5831 άττικῆς’ἰσχ.
2223 5763 2288 5815 Α.
2364 5762 2406 5791 ³¹
2434 5763 2466 5829 ἡ
2496 5749 2664 5827 ἀρετὴ
2692 5756 2808 5809 add.
2841 5756 2904 5806 Α.
2984 5754 3026 5781 ³¹
3050 5749 3189 5804 εἶναι
3221 5765 3331 5805 οιιι.
3370 5756 3428 5801 Α.

517 5864 784 5942 Piraei“
817 5865 933 5924 Gn.
968 5863 1131 5921 CIII.

3030 5844 3106 5903 29
