4022 6436
516 325 651 387 ’683

1678 326 1944 387 ΡΗΟΤΙΙ
1984 326 2125 386 ΡΑΤ

2228 327 2499 387 ΑΒΟΗίΈ
2538 328 2647 389 CP.
3666 346 3754 408 684

547 453 749 501 carum,
782 451 902 505 quae
947 436 1063 492 dum
1112 448 1437 510 sequuntur,
1484 439 1902 511 appellationem
1954 454 2125 498 nactae

2232 444 2413 511 φαίνει
2458 444 2568 498 τῶν
2615 445 2849 509 πόλεων,
2889 447 3017 500 ὅσαι
3048 448 3253 520 κρήνας
3286 448 3377 503 καὶ⁹
3402 458 3656 523 ποταμοὺς
3678 466 3757 516 καὶ

548 539 697 585 sunt.
730 528 931 585 Harum
968 532 1118 600 prior
1145 542 1268 602 post
1303 533 1495 588 urbem
1530 533 1675 589 illam
1707 535 1909 589 cursim
1935 535 2125 589 lauda-

551 636 683 685 tam,
741 637 1013 691 nunquam
1088 623 1371 678 civitatum
1425 625 1740 680 felicitatem
1796 628 2123 682 metiendam

548 713 707 766 docet
736 725 765 764 a
798 710 1075 778 fontibus,
1124 712 1458 780 fluminibus,
1527 717 1772 771 venustis
1825 718 2126 787 porticibus

547 812 643 855 aut
670 801 931 863 aediﬁciis,
966 800 1347 871 fructuumque
1371 804 1724 869 abundantia,
1781 820 2009 875 quaeque
2041 806 2126 860 his

548 892 744 947 similia
777 892 1084 958 laudantur,
1146 894 1238 947 sed
1287 909 1382 947 eas
1436 897 1600 950 urbes
1639 898 2032 961 commendari,
2071 899 2124 951 iu

547 985 745 1055 quibus
772 984 1059 1054 disciplina
1089 1000 1152 1039 ac
1182 985 1357 1039 virtus
1383 987 1580 1039 civium
1627 988 1976 1043 claresceret.
2003 988 2126 1043 Haac

547 1091 763 1146 quoque
807 1078 984 1131 oratio
1032 1078 1326 1131 absurdum
1370 1083 1656 1147 quemdam
1698 1096 1761 1135 ac
1802 1081 2124 1149 probrosum

547 1169 781 1237 castigat
810 1183 1016 1223 morem
1042 1170 1093 1223 in
1125 1170 1273 1224 vocis
1300 1172 1597 1225 emissione
1615 1174 1847 1240 quadam
1876 1171 2125 1244 [lasciva]

545 1277 612 1317 ex
650 1263 1140 1318 Alexandrinorum
1168 1266 1562 1319 consuetudine
1591 1267 1775 1335 petita,
1828 1281 2052 1321 ntonens
2077 1268 2125 1319 ei

550 1364 801 1411 assuetos
831 1364 888 1409 ut
926 1355 1261 1423 abSLiueant,
1322 1358 1404 1411 vel
1438 1359 1617 1426 putius
1651 1358 1902 1413 acerbius
1936 1358 2050 1428 ipse
2074 1359 2124 1410 in

547 1463 642 1503 eos
668 1448 976 1504 incurrens.
1007 1449 1194 1503 Altera
1248 1465 1376 1505 vero
1428 1451 1697 1516 hortatur,
1732 1468 1799 1505 ne
1842 1452 2127 1505 calumniis

551 1539 904 1608 magistratus
952 1550 1383 1610 persequantur;
1417 1556 1550 1595 neve
1595 1542 1776 1611 parvis
1807 1540 2121 1595 oii‘ensioui-

550 1633 648 1686 bus
671 1632 855 1685 statim
883 1631 1193 1696 irritentur,
1227 1642 1387 1702 atque
1428 1634 1551 1688 illos
1598 1643 1801 1687 temere
1848 1643 2123 1687 accusent.

549 1720 735 1776 XVIII.
761 1722 858 1777 Cui
891 1722 1073 1778 nullus
1096 1725 1349 1793 pratiixus
1380 1726 1588 1788 titulus,
1621 1725 1850 1779 Celaenis
1882 1724 2126 1795 Phrygiae

2229 536 2401 605 κάλλη
2443 536 2615 589 στοῶν
2645 538 2742 590 καὶ⁸
2771 536 3222 607 οἰκοδομημάτων
3261 540 3353 593 καὶ
3376 543 3589 612 καρπῶν
3611 548 3760 618 sese.

2226 633 2346 681 νίαν
2378 630 2471 681 καὶ
2503 631 2572 680 τὰ
2594 630 2956 698 παραπλήσια
2982 629 3397 699 προσάλλονται,
3422 632 3531 685 ἀλλ’
3554 636 3607 689 ὲν
3630 640 3761 708 ὅσαις

2226 721 2376 787 τάξις
2434 720 2530 774 καὶ
2578 721 2748 792 ἀρετὴ
2789 720 2897 775 τῶν
2944 721 3379 793 πολιτευομένων
3411 725 3757 788 διαδείκνυται.

2228 809 2396 876 Οὗτος
2416 817 2444 867 6
2477 814 2635 882 λόγος
2657 814 2751 867 καὶ
2779 813 3089 882 παράλογόν
3118 830 3177 867 τε
3212 815 3305 868 καὶ
3336 815 3640 887 ὲφύὸριστον
3662 822 3764 889 έθος

2228 907 2366 960 κατὰ
2410 907 2595 977 φωνῆς
2632 908 2909 976 ἀπήχησιν
2943 907 2991 938 ³³
3043 908 3155 970 τοῖς
3194 905 3576 979 Ἀλεξανδρεῖσι
3615 929 3765 982 πρατ.

2227 999 2455 1069 τόμενον
2518 998 2769 1060 εὐθύναις
2832 998 3055 1065 ὑπάγει,
3130 998 3413 1069 παραινῶν
3465 1002 3765 1073 ἀποσχέσθαι

2227 1091 2350 1154 τοὺς
2378 1091 2708 1161 χρωμένους,
2743 1090 2776 1156 ἢ
2813 1088 3012 1159 μᾶλλον
3050 1091 3230 1143 αὑτῶν
3262 1091 3306 1122 ³⁸
3355 1091 3763 1169 πληκτικώτερον

2228 1182 2665 1251 καθαπτόμενος.
2714 1181 2773 1234 ’0
2819 1181 2875 1235 δὲ
2922 1182 3174 1253 δεύτερος
3222 1188 3477 1252 παραινεί
3521 1188 3590 1257 μὴ
3628 1206 3764 1242 συκο-

2226 1274 2505 1342 φαντικῶς
2553 1274 2689 1343 πρὸς
2728 1274 2854 1336 τοὺς
2898 1275 3163 1346 ἄρχοντας
3194 1275 3514 1341 διακεῖσθαι,
3551 1281 3662 1348 μηδ’
3692 1284 3768 1337 ἐπὶ

2228 1368 2339 1428 τοῖς
2398 1364 2623 1435 βραχέσι
2656 1367 2763 1418 τῶν
2792 1366 3257 1438 παραλυπούντων
3290 1367 3450 1431 εὐθὺς
3494 1369 3769 1440 ἀνερεθίζε-

2228 1458 2350 1512 σθαι
2393 1459 2489 1511 καὶ
2523 1459 2873 1512 ὲπαιτιᾶσθαι
2930 1460 3172 1523 τούτους.
3244 1460 3302 1513 Ὀ
3360 1462 3418 1514 δὲ
3460 1460 3564 1529 IH',
3598 1463 3652 1526 ὃς
3686 1470 3770 1522 οὑκ

2227 1549 2648 1619 ἐπιγέγραπται,
2702 1552 2761 1602 ἐν
2803 1550 3091 1615 Κελαιναῖς
3118 1553 3163 1585 ³⁵
3195 1552 3404 1623 ἐρρήθη
3426 1552 3522 1624 τῆς
3539 1555 3768 1623 Φρυγίας,

2225 1641 2583 1711 διαλαμϐάνει
2615 1643 2671 1695 δὲ
2693 1644 2768 1706 ὡς
2795 1643 2892 1696 οὑκ
2922 1644 3124 1714 ἀρετῆς
3153 1644 3239 1714 εἴη
3267 1647 3491 1713 σημεῖον
3516 1645 3573 1698 τὸ
3598 1650 3768 1719 κομᾷν,

2227 1734 2417 1805 ὥσπερ
2435 1734 2543 1787 οὐδ’
2561 1735 2691 1788 ἄλλο
2715 1754 2767 1788 τι
2789 1736 2896 1789 τῶν
2916 1737 3212 1806 σχημάτων
3241 1736 3352 1789 τῶν
3378 1738 3503 1807 περὶ
3531 1738 3589 1790 τδ
3617 1739 3770 1808 σῶμα,

549 1813 685 1867 urbe
719 1814 898 1868 habita
932 1824 1033 1867 est.
1072 1814 1301 1869 Disserit
1355 1826 1537 1869 autem
1589 1832 1693 1869 non
1744 1831 1862 1869 esse
1909 1814 2125 1867 virtutis

2228 1825 2415 1897 ὥσπερ
2440 1827 2563 1879 οὑδὲ
2586 1827 2791 1879 τούτων
2815 1827 2882 1880 τὰ
2909 1828 3126 1880 ἐναντία
3146 1844 3160 1857 ο
3184 1827 3533 1882 διαπλέκεται
3563 1828 3680 1901 [9.75
3697 1832 3771 1905 H.]

550 1904 809 1959 indicium
841 1920 1052 1960 comam
1093 1906 1238 1959 illam
1296 1908 1728 1975 promissiorem,
1768 1918 1823 1961 ut
1878 1923 1976 1960 nec
2017 1906 2118 1957 alia

548 2011 671 2067 quae
715 1997 783 2051 ad
824 1998 1072 2065 corporis
1111 1996 1315 2051 cultum
1383 1999 1677 2067 pertinent,
1720 2013 1785 2052 ac
1827 2014 1895 2051 ne
1933 2004 2120 2051 borum

547 2086 766 2155 quidem
799 2087 1099 2143 contraria.
1126 2086 1261 2141 Huic
1283 2098 1337 2141 et
1370 2089 1537 2157 ipsius
1576 2090 1723 2142 urbis
1746 2086 1987 2143 laudatio
2027 2090 2125 2142 ad-

550 2174 811 2243 iungitur.
838 2173 977 2228 XIX.
1000 2174 1119 2243 Ipso
1152 2191 1273 2229 mox
1296 2176 1449 2229 titulo
1482 2176 1862 2247 indicat(5-3),
1887 2179 2122 2232 habitam

550 2266 767 2334 quidem
804 2267 1034 2335 primum
1053 2266 1407 2336 Borystheue,
1431 2270 1522 2322 sed
1552 2270 1830 2323 recitatatn
1852 2279 2035 2337 postea
2069 2270 2123 2324 in

553 2357 747 2423 patria.
782 2357 835 2410 In
866 2372 929 2411 ea
960 2372 1083 2411 cum
1115 2358 1222 2412 alia
1256 2356 1424 2412 refert
1466 2371 1678 2424 auctor,
1730 2370 1841 2413 tum
1884 2360 2126 2415 Platonis

550 2448 854 2503 imitatione
903 2449 1160 2518 praedicat
1204 2451 1271 2505 de
1322 2452 1693 2506 universitatis
1738 2452 1930 2521 opifice
1984 2453 2123 2521 apud

548 2538 966 2610 Borystltenitas
1010 2555 1071 2596 se
1119 2541 1468 2608 disseruisse,
1515 2556 1579 2595 ac
1630 2541 1699 2596 de
1732 2544 1913 2596 mundi
1962 2544 2125 2596 totius

549 2641 749 2685 ornatu
777 2640 1061 2700 motuque,
1095 2642 1149 2685 et
1192 2631 1477 2687 elementis
1510 2632 1776 2701 ejusdem.
1813 2632 1907 2685 Est
1941 2642 2122 2685 autem

551 2718 813 2773 illustrior
843 2718 959 2773 haec
998 2721 1325 2789 graviorque
1358 2735 1467 2788 prae
1515 2724 1725 2776 caeteris
1765 2724 2119 2776 orationibus.

547 2806 853 2864 Corinthica
893 2819 1073 2865 autent
1133 2826 1359 2866 numero
1399 2812 1677 2878 vicesima,
1731 2814 1970 2868 Corinthi
2026 2809 2126 2868 ba;

548 2899 684 2967 bita,
718 2902 868 2956 cives
906 2902 975 2956 ibi
1003 2900 1280 2972 obiurgat,
1311 2903 1455 2973 quod
1496 2914 1673 2959 statua
1701 2921 1760 2961 se
1783 2907 1931 2975 prius
1958 2908 2123 2962 bono-

549 3002 783 3057 rasseut,
834 3006 995 3062 quam
1046 3003 1225 3049 tamen
1284 3006 1408 3064 post
1472 2997 1639 3066 ipsius
1697 2996 2123 3067 profectionem,

547 3080 686 3138 falsa
716 3084 949 3153 quadam
968 3084 1241 3141 calumnia
1258 3087 1501 3155 adducti,
1522 3088 1720 3144 iterum
1750 3092 2122 3148 sustulissent.

546 3168 805 3226 Proxima
836 3183 922 3228 est
980 3174 1095 3227 haec
1131 3174 1346 3231 dicendi
1380 3176 1429 3230 vi
1483 3193 1548 3231 ac
1579 3179 1783 3236 virtute
1836 3178 2124 3238 Iibodiacae
2151 3163 2197 3222 (ἶ

547 3264 806 3320 orationi.
834 3262 1153 3336 Quanquam
1185 3268 1303 3337 ejus
1344 3270 1487 3339 quod
1531 3271 1742 3325 exordii
1785 3271 1904 3328 loco
1935 3277 2128 3329 statuit

549 3355 859 3428 longitudo,
892 3355 1003 3422 hic,
1030 3358 1256 3426 perinde
1284 3372 1447 3429 atque
1477 3362 1601 3416 alibi
1636 3362 1748 3417 fere
1775 3362 1994 3433 ubique,
2027 3367 2129 3421 vir-

550 3461 666 3503 tute
717 3459 895 3504 vacat.
951 3447 1096 3505 XXI.
1138 3449 1459 3506 lttscribitur
1506 3453 1581 3508 De
1638 3452 2126 3512 Nicomediensium

546 3541 830 3595 concordia
863 3557 982 3595 cum
1012 3540 1396 3599 Nicteensibus.
1435 3544 1609 3612 Quam
1653 3550 1870 3618 quidem
1915 3552 2129 3621 potissi-

549 3648 695 3686 mum
725 3634 1008 3689 contendit
1068 3635 1281 3690 eﬂicere
1319 3637 1435 3691 haec
1462 3639 1674 3704 oratio,
1723 3655 1842 3709 quae
1874 3656 1978 3697 non
2009 3644 2128 3698 sine

545 3724 905 3792 jucunditatis
948 3740 1016 3781 ex
1052 3741 1117 3781 ea
1150 3742 1208 3781 re
1251 3732 1797 3801 commemoratione,
1825 3745 2127 3803 opportune

551 3816 842 3882 profertur.
875 3815 970 3872 Sic
1005 3819 1149 3873 enim
1196 3821 1390 3877 melius
1429 3826 1791 3891 persuadendi
1841 3827 1924 3883 vis
1951 3829 2127 3883 homi-

551 3923 680 3961 num
740 3923 863 3964 sese
917 3911 1116 3967 animis
1166 3913 1445 3970 insinuare
1497 3916 1657 3972 solet.
1705 3916 1873 3974 XXII.
1930 3920 2127 3977 Nicaea:

553 3998 747 4070 167a
775 4004 1179 4070 pronuntiatam
1237 4005 1424 4061 titulus
1452 4009 1724 4080 signiﬁcat
1749 4030 1764 4067 :
1797 4013 1873 4066 De
1903 4031 2123 4082 concor-

550 4091 665 4155 dia,
688 4093 941 4148 seditione
958 4093 1079 4164 jam
1100 4097 1379 4155 exstincta.
1412 4096 1529 4154 Hoc
1562 4110 1742 4156 autem
1781 4111 1864 4157 est
1900 4104 1990 4159 hic
2021 4105 2123 4159 viri

553 4182 883 4250 institutum,
918 4198 1032 4241 rem
1057 4185 1130 4240 ibi
1166 4197 1276 4242 tum
1303 4198 1509 4259 gestam
1537 4191 1787 4248 laudibus
1822 4195 2122 4251 celebrare.

550 4270 738 4327 XXIII.
773 4270 829 4327 In
879 4273 1057 4344 patria
1107 4276 1332 4331 recitata
1383 4287 1504 4345 est,
1550 4277 1631 4333 De
1682 4283 1966 4335 concordia
2002 4298 2123 4335 cum

547 4362 979 4431 Apamensibus:
1022 4364 1166 4434 quod
1220 4365 1394 4435 ipsum
1445 4368 1518 4423 ibi
1573 4380 1904 4438 pertractat;
1963 4381 2021 4426 ut
2068 4382 2124 4427 et

2226 1916 2270 1969 δ’
2302 1917 2452 1987 αὑτῷ
2491 1920 2581 1970 καὶ
2617 1919 2706 1988 τῆς
2744 1919 2952 1982 πόλεως
2983 1919 3226 1983 ἔπαινος.
3266 1920 3370 1973 Τὸν
3408 1921 3463 1974 δὲ
3492 1920 3567 1974 ιΘι
3607 1924 3771 1993 μηνύει

2226 2012 2258 2078 ἡ
2285 2010 2563 2079 ἐπιγραφὴ
2595 2010 2828 2080 ῥηθῆναι
2860 2011 2957 2080 μὲν
2991 2014 3048 2064 ὲν
3085 2011 3163 2081 τῷ
3192 2012 3533 2082 Βορυσθένει,
3564 2014 3773 2084 ἀναγνω-

2230 2101 2422 2171 σθῆναι
2446 2103 2501 2156 δὲ
2523 2104 2580 2155 ὲν
2601 2106 2667 2174 τῇ
2701 2104 2922 2175 πατρίδι
2944 2123 2958 2135 ο
2986 2106 3044 2156 ὲν
3067 2098 3109 2172 ᾧ
3140 2104 3281 2159 ἆθλα
3305 2122 3363 2157 τε
3390 2104 3576 2183 δίεισιν
3608 2109 3635 2160 6
3664 2124 3773 2177 συγ-

2228 2194 2491 2264 γραφεὺς,
2529 2196 2623 2248 καὶ
2656 2196 2796 2249 κατὰ
2823 2197 2914 2249 τὸν
2952 2196 3304 2251 Πλατωνικὸν
3332 2198 3673 2269 συνομολογεῖ
3692 2198 3772 2270 ζῆ-

2227 2286 2315 2339 λον
2356 2286 2483 2357 περί
2514 2305 2573 2339 τε
2607 2288 2651 2320 ³⁸
2678 2287 2773 2342 τοῦ
2804 2289 3140 2361 δημιουργοῦ
3179 2289 3292 2343 τῶν
3320 2290 3457 2344 ὅλων
3487 2292 3595 2354 τοῖς
3630 2291 3772 2363 Βορυ-

2229 2379 2499 2443 σθενίταις
2520 2380 2814 2451 διειλέχθαι
2836 2382 2933 2451 τῆς
2961 2398 3022 2434 τε
3057 2381 3150 2435 τοῦ
3175 2383 3379 2445 παντὸς
3397 2382 3773 2455 διακοσμήσεως

2227 2472 2322 2525 καὶ
2363 2472 2631 2545 κινήσεως
2666 2474 2761 2527 καὶ
2800 2474 2909 2526 τῶν
2958 2476 3015 2528 ὲν
3064 2474 3213 2545 αὑτῷ
3248 2477 3547 2546 στοιχείων.
3582 2477 3774 2547 Ἕχεται

2226 2560 2283 2614 δέ
2320 2578 2465 2625 τινος
2510 2561 2893 2633 λαμπρότητος
2946 2564 3042 2617 καλ⁵
3101 2564 3434 2636 σεμνότητος
3483 2560 3630 2629 οὗτος
3659 2568 3774 2637 ὑπὲρ

2226 2655 2350 2715 τοὺς
2381 2652 2571 2715 ἄλλους
2614 2655 2641 2706 6
2673 2653 2844 2722 λόγος.
2884 2654 3057 2721 Καὶιὸ
3110 2656 3498 2723 Κορινθιακὸς
3526 2655 3581 2709 δὲ
3606 2658 3660 2709 K'
3694 2659 3772 2721 ὢν,

2228 2746 2286 2795 ἐν
2314 2744 2561 2816 Κορίνθῳ
2596 2746 2694 2815 μὲν
2716 2746 2948 2817 ἐρρήθη,
2994 2748 3315 2817 ἐπιτίμησιν
3342 2749 3386 2799 δ’
3417 2747 3590 2801 αὐτῶν
3614 2747 3774 2801 διαπε-

2232 2836 2405 2905 ραίνει
2456 2838 2571 2890 ἀνθ’
2605 2830 2679 2891 ὧν
2715 2839 2887 2890 εἰκόνι
2932 2840 2999 2892 τὰ
3056 2839 3248 2908 πρῶτα
3296 2839 3619 2909 τιμήσαντες
3642 2839 3776 2893 αὑτὸν

2230 2925 2454 2999 ὕστερον
2509 2928 2958 2999 ἀποδημήσαντος
3018 2930 3083 2982 ὲκ
3142 2929 3398 2999 διαϐολῆς
3476 2931 3535 2983 οὑ
3591 2930 3777 2995 δικαίας

2231 3021 2567 3089 περιείλοντο
2599 3022 2657 3075 τὸ
2689 3023 2877 3093 γέρας.
2924 3022 3124 3090 Ἐγγὺς
3168 3021 3212 3074 δ’
3246 3025 3366 3075 ἐστὶ
3394 3029 3487 3076 τοῦ
3535 3024 3776 3076 Ῥοδιακοῦ

2231 3110 2374 3164 κατὰ
2401 3114 2501 3182 τὴν
2554 3114 2613 3164 ὲν
2652 3113 2829 3178 λόγοις
2864 3112 3054 3183 ῥώμην
3082 3115 3176 3167 καὶ
3232 3114 3436 3186 ἀρετὴν
3475 3109 3619 3178 οὗτος
3644 3116 3682 3145 ³⁷
3710 3132 3722 3146 ⁸
3749 3118 3774 3186 ἡ

2230 3201 2286 3255 δὲ
2311 3202 2406 3256 τοῦ
2435 3200 2546 3257 οἷον
2582 3206 2868 3275 προοιμίου
2901 3208 3214 3275 παράτασις
3248 3208 3546 3272 κάνταῦθα,
3598 3208 3667 3271 ὡς
3700 3208 3779 3261 καὶ

2234 3296 2387 3366 παρὰ
2421 3296 2618 3369 μικρὸν
2648 3298 2949 3369 πανταχοῦ,
2979 3299 3077 3368 τῆς
3108 3301 3311 3377 ἀρετῆς
3351 3302 3411 3354 οὑ
3440 3301 3663 3372 μετέχει.
3690 3301 3777 3353 Τοῦ

2229 3388 2285 3441 δὲ
2312 3387 2488 3459 ΚΑ¹ή
2543 3387 2827 3462 ἐπιγραφὴ
2867 3393 3007 3458 Περὶ
3045 3390 3157 3459 τῆς
3206 3393 3364 3460 πρὸς
3402 3393 3633 3459 Νικαεῖς
3662 3395 3781 3461 ὁμο-

2228 3479 2397 3544 νοίας
2426 3478 2545 3531 τῶν
2570 3479 2951 3549 Νικομηδέων
2983 3483 3128 3535 ὲστί·
3183 3485 3277 3537 καὶ
3309 3484 3501 3537 τοῦτον
3523 3486 3779 3555 ὑπέρχεται

2232 3570 2322 3622 τὸν
2358 3570 2545 3637 ἀγῶνα
2575 3571 2619 3602 ³⁸
2653 3572 2680 3623 ὁ
2705 3571 2863 3638 λόγος
2898 3573 3170 3643 εὐκαίρως
3203 3574 3290 3627 διὰ
3322 3576 3424 3647 τῆς
3455 3576 3638 3646 ἡδονῆς
3659 3593 3775 3646 προ-

2229 3664 2605 3732 εντ,νεγμένος·
2641 3665 2841 3733 μᾶλλον
2874 3665 2983 3736 γάρ
3007 3665 3313 3733 οὖτω“ταῖς
3344 3669 3540 3738 ψυχαῖς
3557 3669 3613 3722 τὸ
3641 3669 3777 3721 πιθα-

2228 3754 2316 3807 νὸν
2354 3754 2527 3808 ἐθέλει
2583 3755 2837 3810 διαδύειν.
2876 3757 2979 3809 Τὸν
3035 3758 3091 3811 δὲ
3140 3761 3193 3811 B'
3254 3762 3353 3814 καὶ
3398 3763 3459 3814 Κ⁹
3506 3764 3562 3814 ὲν
3604 3762 3778 3832 Νικαία

2228 3846 2479 3917 εἰρῆσθαι
2505 3850 2538 3918 ἡ
2567 3849 2846 3921 ἐπιγραφὴ
2874 3850 3024 3921 δηλοῖ
3047 3852 3185 3919 Περί
3210 3855 3495 3922 ὁμονοίας
3520 3896 3534 3919 ,
3573 3870 3776 3907 πεπαυ-

2222 3935 2409 4005 μένης
2447 3935 2556 4003 τῆς
2592 3939 2864 4006 στάσεως
2891 3958 2905 3971 ⁸
2943 3942 3073 3995 αὑτὸ
3115 3944 3172 3995 δὲ
3223 3944 3387 3997 τοῦτο
3442 3945 3773 4017 διατίθησινό

2227 4030 2389 4099 ἀνὴρ,
2419 4028 2638 4083 ἔπαινον
2669 4031 2762 4084 τοῦ
2801 4034 3104 4101 γεγονότος.
3144 4034 3203 4088 '0
3263 4036 3318 4089 δὲ
3374 4037 3481 4090 Kl"
3509 4038 3642 4106 Περὶ
3682 4035 3775 4106 τῆς

2226 4118 2375 4187 πρὸς
2412 4119 2694 4189 Ἀπαμεῖς
2744 4123 3025 4190 ὁμονοίας
3063 4123 3278 4193 εἴρηται
3337 4128 3395 4179 ὲν
3449 4132 3513 4199 τῇ
3562 4127 3772 4198 πατρίδι,

2222 4207 2357 4261 αὑτὸ
2402 4208 2460 4260 δὲ
2506 4209 2895 4277 διαπράττεται
2941 4214 3118 4264 τοῦτο.
3171 4215 3280 4267 Καὶ
3313 4216 3343 4267 6
3376 4217 3568 4287 ἐφεξῆς
3592 4218 3643 4270 δὲ
3664 4218 3771 4287 περὶ

2224 4298 2475 4366 ὁμονοίας
2505 4300 2604 4368 τῆς
2638 4298 2685 4331 ⁸⁹
2709 4302 2845 4371 πρὸς
2868 4302 2993 4365 τοὺς
3017 4303 3317 4373 Προυσαεῖς
3348 4308 3647 4377 παρακαλεῖ
3669 4308 3773 4369 τοὺς

2237 4390 2541 4460 Ἀπαμέας.
2583 4392 2642 4444 '0
2664 4392 2719 4443 δὲ
2745 4393 2854 4445 ΚΕ¹
2875 4394 3147 4460 Διάλεξίς
3169 4398 3316 4449 ἐστιν
3336 4399 3405 4451 ἐν
3430 4399 3504 4468 τῇ
3531 4399 3769 4467 πατρίδι·

549 4455 796 4563 [ἷξοιίωθ
827 4456 1076 4563 Manen”
1117 4455 1465 4563 ἢρδηξθηδθε·
1490 4460 2118 4563 δοτιίᾟὶδίξθοηεοξ·
2144 4498 2198 4558 Ι)
2223 4455 2447 4550 ἄγνοιαν
2467 4483 2525 4536 δὲ
2552 4484 2947 4539 ὑποπλάττεται
2969 4455 3077 4555 τῆς
3107 4455 3287 4553 αἰτίας
3321 4493 3348 4544 6
3386 4455 3768 4563 διαλεγόμενος,

547 4545 691 4600 diam
720 4560 843 4600 cum
884 4544 1245 4602 Prusensibus
1270 4549 1580 4605 ineundam.
1618 4551 1785 4608 XXV.
1822 4553 2118 4623 Disputatio

545 4645 621 4691 est
651 4637 707 4690 in
738 4637 991 4702 patriam.
1026 4637 1281 4709 Iguorare
1314 4657 1441 4697 vero
1478 4658 1536 4698 se
1581 4643 1735 4714 ﬁngit
1758 4661 1980 4702 causam
2008 4648 2123 4717 ipse

546 4727 641 4797 qui
676 4730 936 4797 disputat,
968 4745 1068 4784 cur
1116 4730 1346 4786 libenter
1376 4748 1500 4787 eum
1534 4743 1591 4789 et
1633 4737 1827 4806 cupide
1879 4740 2120 4802 audiant,

547 4834 672 4874 cum
704 4820 839 4875 nihil
888 4820 1015 4877 utile
1040 4822 1208 4892 ipsius
1241 4824 1520 4881 orationes
1543 4840 1866 4897 proponant.
1894 4829 2123 4887 Potitica

544 4912 743 4969 dehinc
771 4914 1029 4985 inscripta
1060 4926 1145 4972 est
1165 4916 1421 4972 vicesima
1463 4928 1618 4975 sexta
1650 4924 1854 4990 oratio,
1886 4928 2115 4982 recitata

547 5007 602 5060 in
632 5008 844 5077 patria:
867 5010 1320 5078 quemadmodum
1350 5021 1547 5080 etquae
1569 5016 1818 5084 proxime
1841 5020 2086 5088 sequitur
2106 5062 2120 5087 ,

544 5096 925 5155 Benevolentite
976 5101 1273 5169 testiﬁcatio
1316 5103 1372 5155 in
1412 5105 1663 5171 patriam,
1689 5111 1833 5177 quod
1874 5124 1935 5166 se
1968 5113 2125 5169 henc-

547 5189 668 5245 volo
717 5205 838 5247 eam
898 5192 1082 5247 animo
1142 5203 1558 5263 prosequentem
1604 5198 1904 5259 honorifice
1971 5221 2123 5261 exce-

545 5282 734 5352 pisset.
780 5282 1036 5339 Succedit
1067 5285 1152 5339 his
1180 5284 1460 5354 Apologia,
1492 5303 1587 5344 seu
1631 5291 1896 5361 Defensio,
1928 5299 1993 5353 de
2019 5316 2120 5355 suo

2227 4572 2295 4625 δι’
2325 4575 2393 4644 ἢν
2426 4575 2589 4646 μηδὲν
2625 4577 2895 4647 χρήσιμον
2933 4578 3098 4631 αὑτοῦ
3142 4580 3252 4634 τῶν
3290 4581 3466 4652 λόγων
3495 4566 3768 4655 προέεϐλη·

2233 4666 2410 4736 μένων
2440 4668 2611 4738 ἡδέως
2646 4670 2741 4722 καὶ
2781 4669 3073 4735 ποθοῦντες
3112 4674 3392 4729 ἀκούουσι.
3415 4676 3709 4741 Πολιτικὸς
3725 4674 3771 4726 δέ

2229 4760 2346 4810 ἐστι
2369 4758 2448 4830 τῷ
2483 4761 2608 4828 Kq’
2625 4763 2657 4832 ἡ
2676 4762 2974 4834 ἐπιγραφὴ,
2993 4765 3098 4817 Καὶ
3114 4767 3343 4834 εἴρηται
3368 4769 3434 4822 ἐν
3460 4767 3534 4837 τῇ
3561 4768 3766 4835 πατρίδι

2230 4849 2421 4921 ὥσπερ
2451 4842 2544 4905 καὶ
2570 4855 2598 4905 6
2630 4855 2849 4924 ἐφεξῆς,
2889 4856 3337 4928 φιλοφρονητικὸς
3379 4861 3626 4931 ὑπάρχων
3652 4860 3765 4927 αὐτῇ

2231 4941 2348 4995 ἀνθ’
2404 4937 2479 4996 ὧν
2551 4947 2738 5014 τιμαῖς
2796 4948 2888 5000 τὸν
2958 4949 3448 5021 φιλοφρονούμενον
3506 4950 3766 5015 ἐδεξιοῦτο.

2244 5034 2685 5106 Ἀπολογισμὸς
2714 5038 2842 5110 [556
2860 5040 2952 5112 11.]
2975 5040 3031 5094 δέ
3052 5044 3198 5095 ἐστιν
3227 5046 3254 5095 6
3273 5045 3390 5114 μετ’
3418 5046 3623 5110 αὐτοὺς,
3644 5045 3769 5102 ὅπως

2233 5124 2464 5179 διέκειτο
2491 5132 2626 5197 πρὸς
2656 5129 2754 5200 τὴν
2779 5132 3034 5200 πατρίδα.
3082 5133 3144 5185 '0
3176 5133 3233 5186 δὲ
3262 5135 3317 5188 ϐ’
3339 5137 3432 5189 καὶ
3466 5138 3526 5190 Κ¹
3546 5136 3657 5204 Πρὸ
3679 5131 3769 5187 τοῦ

2231 5217 2591 5285 φιλοσοφεῖν
2618 5219 2734 5287 μὲν
2757 5219 2826 5273 ἐν
2845 5220 2919 5289 τῇ
2942 5221 3177 5289 πατρίδι
3202 5226 3581 5297 ἐπιγράφεται,
3604 5227 3713 5285 τοὺς
3731 5223 3768 5275 δ’

2230 5306 2689 5376 ἐπιχειρήσαντας
2729 5311 3050 5367 καταλεύειν
3074 5315 3236 5370 αὑτόν
3274 5335 3333 5372 τε
3367 5320 3459 5371 καὶ
3506 5320 3597 5372 σὺν
3639 5315 3765 5391 αὑτῷ

1836 5407 2071 5465 VARIIE
2111 5412 2512 5475 LECTIONES.

619 5488 663 5558 δέ
685 5490 983 5558 ἀπέχεσθαι
1015 5506 1074 5552 ς.

547 5557 768 5624 ἀγώνων
796 5557 882 5629 pr.
919 5561 982 5610 Α.
1059 5559 1101 5591 ³³
1126 5560 1221 5628 τῆς
1242 5563 1363 5615 add.
1390 5564 1453 5615 Α.

1153 5489 1221 5592 ζμ
1456 5498 1495 5546 Α
1530 5515 1542 5549 ε
1578 5499 1735 5562 αὐτός
1766 5518 1824 5563 ς.
1903 5504 1945 5536 ³⁵
1972 5506 2231 5571 Κελεναῖς
2286 5529 2347 5575 ς.
2426 5514 2469 5545 ³⁸
2499 5531 2557 5567 τε
2581 5516 2705 5570 add.
2742 5518 2807 5570 Α.
2886 5520 2927 5551 ³⁷
2965 5514 3141 5592 οὗτος]
3172 5523 3267 5576 καὶ
3305 5520 3455 5588 οὗτος
3486 5526 3547 5580 Δ.
3620 5521 3765 5576 ³8τῶν

2058 5658 2285 5716 NOTAE.

620 5743 762 5812 (5-5)
790 5745 1157 5803 Boristbenica
1187 5762 1346 5816 quam
1384 5752 1437 5804 in
1473 5748 1643 5817 patria
1685 5749 1945 5804 recitavit.
