  <div class='ocr_page' id='page_1' title='image "/cluster/home/n/w/nwhite01/storage/ocr_20150623/103:no.3/coo.31924054870070/356.png"; bbox 0 0 4022 6444; ppageno 0'>
   <div class='ocr_carea' id='block_1_1' title="bbox 282 315 2397 385">
    <p class='ocr_par' dir='ltr' id='par_1_1' title="bbox 282 315 2397 385">
     <span class='ocr_line' id='line_1_1' title="bbox 282 315 2397 385; baseline -0.001 -1"><span class='ocrx_word' id='word_1_1' title='bbox 282 321 370 385; x_wconf 80' lang='grc'><strong>685</strong></span> <span class='ocrx_word' id='word_1_2' title='bbox 1346 315 1870 376; x_wconf 81' lang='lat' dir='ltr'><strong>BIBLIOTIIECA.</strong></span> <span class='ocrx_word' id='word_1_3' title='bbox 1906 342 1975 353; x_wconf 93' lang='grc'><strong><em>-</em></strong></span> <span class='ocrx_word' id='word_1_4' title='bbox 2001 318 2162 379; x_wconf 78' lang='lat' dir='ltr'><strong>COD.</strong></span> <span class='ocrx_word' id='word_1_5' title='bbox 2204 321 2397 381; x_wconf 83' lang='lat' dir='ltr'><strong>CCIX.</strong></span> 
     </span>
    </p>
   </div>
   <div class='ocr_carea' id='block_1_2' title="bbox 3395 333 3503 396">
    <p class='ocr_par' dir='ltr' id='par_1_2' title="bbox 3395 333 3503 396">
     <span class='ocr_line' id='line_1_2' title="bbox 3395 333 3503 396; baseline 0.019 -2"><span class='ocrx_word' id='word_1_6' title='bbox 3395 333 3503 396; x_wconf 80' lang='lat'><strong>686</strong></span> 
     </span>
    </p>
   </div>
   <div class='ocr_carea' id='block_1_3' title="bbox 277 416 1808 506">
    <p class='ocr_par' dir='ltr' id='par_1_3' title="bbox 277 416 1808 497">
     <span class='ocr_line' id='line_1_3' title="bbox 277 416 1808 497; baseline -0.003 -15"><span class='ocrx_word' id='word_1_7' title='bbox 277 431 451 497; x_wconf 78' lang='grc' dir='ltr'>ἕτερον,</span> <span class='ocrx_word' id='word_1_8' title='bbox 469 416 582 474; x_wconf 70' lang='grc' dir='ltr'>εἶτα</span> <span class='ocrx_word' id='word_1_9' title='bbox 604 418 768 474; x_wconf 75' lang='grc' dir='ltr'>δὲκαὶ</span> <span class='ocrx_word' id='word_1_10' title='bbox 791 420 924 491; x_wconf 76' lang='grc' dir='ltr'>πυρὶ</span> <span class='ocrx_word' id='word_1_11' title='bbox 957 419 1003 451; x_wconf 74' lang='grc' dir='ltr'><strong>⁸ο</strong></span> <span class='ocrx_word' id='word_1_12' title='bbox 1030 419 1129 491; x_wconf 75' lang='grc' dir='ltr'><strong>τήν</strong></span> <span class='ocrx_word' id='word_1_13' title='bbox 1161 421 1339 475; x_wconf 76' lang='grc' dir='ltr'>οἰκίαν</span> <span class='ocrx_word' id='word_1_14' title='bbox 1352 423 1559 490; x_wconf 87' lang='grc' dir='ltr'>δοῦναι,</span> <span class='ocrx_word' id='word_1_15' title='bbox 1591 426 1808 488; x_wconf 81' lang='grc' dir='ltr'><strong>τούτους</strong></span> 
     </span>
    </p>
   </div>
   <div class='ocr_carea' id='block_1_4' title="bbox 1909 416 3502 506">
    <p class='ocr_par' dir='ltr' id='par_1_4' title="bbox 1923 426 3502 506">
     <span class='ocr_line' id='line_1_4' title="bbox 1923 426 3502 506; baseline 0.013 -28"><span class='ocrx_word' id='word_1_16' title='bbox 1923 426 1972 478; x_wconf 93' lang='lat' dir='ltr'><strong>in</strong></span> <span class='ocrx_word' id='word_1_17' title='bbox 1998 429 2227 495; x_wconf 86' lang='lat' dir='ltr'><strong>patriam</strong></span> <span class='ocrx_word' id='word_1_18' title='bbox 2266 445 2470 484; x_wconf 89' lang='lat' dir='ltr'><strong>amore.</strong></span> <span class='ocrx_word' id='word_1_19' title='bbox 2507 430 2697 486; x_wconf 87' lang='lat' dir='ltr'><strong>XXIX.</strong></span> <span class='ocrx_word' id='word_1_20' title='bbox 2730 435 2863 488; x_wconf 78' lang='lat' dir='ltr'><strong>Ante</strong></span> <span class='ocrx_word' id='word_1_21' title='bbox 2893 436 3237 506; x_wconf 70' lang='lat' dir='ltr'><strong>philosophiw</strong></span> <span class='ocrx_word' id='word_1_22' title='bbox 3267 442 3502 497; x_wconf 64' lang='lat' dir='ltr'><strong>studium</strong></span> 
     </span>
    </p>
   </div>
   <div class='ocr_carea' id='block_1_5' title="bbox 274 512 1813 591">
    <p class='ocr_par' dir='ltr' id='par_1_5' title="bbox 274 512 1813 591">
     <span class='ocr_line' id='line_1_5' title="bbox 274 512 1813 591; baseline -0.021 -2"><span class='ocrx_word' id='word_1_23' title='bbox 274 519 428 591; x_wconf 72' lang='grc' dir='ltr'>ἠρέμα</span> <span class='ocrx_word' id='word_1_24' title='bbox 442 532 549 578; x_wconf 79' lang='grc' dir='ltr'>πως</span> <span class='ocrx_word' id='word_1_25' title='bbox 573 512 857 583; x_wconf 76' lang='grc' dir='ltr'>ἐπιτιμῶν.</span> <span class='ocrx_word' id='word_1_26' title='bbox 879 513 939 565; x_wconf 80' lang='grc' dir='ltr'>τὸ</span> <span class='ocrx_word' id='word_1_27' title='bbox 970 514 1278 569; x_wconf 78' lang='grc' dir='ltr'>πλανᾶσθαι</span> <span class='ocrx_word' id='word_1_28' title='bbox 1302 517 1395 569; x_wconf 78' lang='grc' dir='ltr'>ἐπὶ</span> <span class='ocrx_word' id='word_1_29' title='bbox 1416 520 1517 589; x_wconf 85' lang='grc' dir='ltr'><strong>τῆς</strong></span> <span class='ocrx_word' id='word_1_30' title='bbox 1542 517 1699 588; x_wconf 79' lang='grc' dir='ltr'>ξένης</span> <span class='ocrx_word' id='word_1_31' title='bbox 1714 519 1813 587; x_wconf 72' lang='grc' dir='ltr'>τῆς</span> 
     </span>
    </p>
   </div>
   <div class='ocr_carea' id='block_1_6' title="bbox 272 603 1812 680">
    <p class='ocr_par' dir='ltr' id='par_1_6' title="bbox 272 603 1812 680">
     <span class='ocr_line' id='line_1_6' title="bbox 272 603 1812 680; baseline -0.001 -16"><span class='ocrx_word' id='word_1_32' title='bbox 272 612 385 663; x_wconf 75' lang='grc' dir='ltr'>οἶκοι</span> <span class='ocrx_word' id='word_1_33' title='bbox 417 604 689 675; x_wconf 81' lang='grc' dir='ltr'>διατριϐῆς</span> <span class='ocrx_word' id='word_1_34' title='bbox 715 603 801 656; x_wconf 80' lang='grc' dir='ltr'><strong>διὰ</strong></span> <span class='ocrx_word' id='word_1_35' title='bbox 850 606 950 668; x_wconf 77' lang='grc' dir='ltr'><strong>τὰς</strong></span> <span class='ocrx_word' id='word_1_36' title='bbox 988 607 1046 657; x_wconf 83' lang='grc' dir='ltr'><strong>ἐν</strong></span> <span class='ocrx_word' id='word_1_37' title='bbox 1099 606 1255 660; x_wconf 84' lang='grc' dir='ltr'>πόλει</span> <span class='ocrx_word' id='word_1_38' title='bbox 1299 608 1530 673; x_wconf 79' lang='grc' dir='ltr'><strong>ἀταξίας</strong></span> <span class='ocrx_word' id='word_1_39' title='bbox 1588 610 1812 680; x_wconf 83' lang='grc' dir='ltr'>ἄμεινον</span> 
     </span>
    </p>
   </div>
   <div class='ocr_carea' id='block_1_7' title="bbox 271 696 1809 771">
    <p class='ocr_par' dir='ltr' id='par_1_7' title="bbox 271 696 1809 771">
     <span class='ocr_line' id='line_1_7' title="bbox 271 696 1809 771; baseline 0.002 -20"><span class='ocrx_word' id='word_1_40' title='bbox 271 696 655 760; x_wconf 71' lang='grc' dir='ltr'><strong>κατασκευάζει.</strong></span> <span class='ocrx_word' id='word_1_41' title='bbox 699 696 760 748; x_wconf 85' lang='grc' dir='ltr'><strong><em>Ἦ</em></strong></span> <span class='ocrx_word' id='word_1_42' title='bbox 792 696 849 748; x_wconf 88' lang='grc' dir='ltr'>δὲ</span> <span class='ocrx_word' id='word_1_43' title='bbox 880 697 990 750; x_wconf 85' lang='grc' dir='ltr'><strong>τῶν</strong></span> <span class='ocrx_word' id='word_1_44' title='bbox 1022 698 1256 752; x_wconf 86' lang='grc' dir='ltr'>πολιτῶν</span> <span class='ocrx_word' id='word_1_45' title='bbox 1298 700 1438 771; x_wconf 84' lang='grc' dir='ltr'>ὀργὴ</span> <span class='ocrx_word' id='word_1_46' title='bbox 1468 703 1590 755; x_wconf 86' lang='grc' dir='ltr'>κατ’</span> <span class='ocrx_word' id='word_1_47' title='bbox 1622 702 1809 764; x_wconf 82' lang='grc' dir='ltr'>αὐτοῦ,</span> 
     </span>
    </p>
   </div>
   <div class='ocr_carea' id='block_1_8' title="bbox 267 789 1812 865">
    <p class='ocr_par' dir='ltr' id='par_1_8' title="bbox 267 789 1812 865">
     <span class='ocr_line' id='line_1_8' title="bbox 267 789 1812 865; baseline 0.001 -18"><span class='ocrx_word' id='word_1_48' title='bbox 267 794 393 853; x_wconf 84' lang='grc' dir='ltr'>διότι,</span> <span class='ocrx_word' id='word_1_49' title='bbox 425 789 570 860; x_wconf 80' lang='grc' dir='ltr'>φησὶ,</span> <span class='ocrx_word' id='word_1_50' title='bbox 616 790 1029 865; x_wconf 65' lang='grc' dir='ltr'><strong>καταρρέουσαν</strong></span> <span class='ocrx_word' id='word_1_51' title='bbox 1088 795 1181 846; x_wconf 82' lang='grc' dir='ltr'><strong>ἐπὶ</strong></span> <span class='ocrx_word' id='word_1_52' title='bbox 1225 794 1285 847; x_wconf 85' lang='grc' dir='ltr'><strong>τὸ</strong></span> <span class='ocrx_word' id='word_1_53' title='bbox 1322 794 1529 865; x_wconf 83' lang='grc' dir='ltr'>βέλτιον</span> <span class='ocrx_word' id='word_1_54' title='bbox 1586 794 1812 848; x_wconf 85' lang='grc' dir='ltr'>ἀνέλαϐε</span> 
     </span>
    </p>
   </div>
   <div class='ocr_carea' id='block_1_9' title="bbox 266 880 1809 955">
    <p class='ocr_par' dir='ltr' id='par_1_9' title="bbox 266 880 1809 955">
     <span class='ocr_line' id='line_1_9' title="bbox 266 880 1809 955; baseline 0 -16"><span class='ocrx_word' id='word_1_55' title='bbox 266 886 345 954; x_wconf 79' lang='grc' dir='ltr'>τὴν</span> <span class='ocrx_word' id='word_1_56' title='bbox 362 880 546 935; x_wconf 84' lang='grc' dir='ltr'>οίκίαν.</span> <span class='ocrx_word' id='word_1_57' title='bbox 580 881 737 933; x_wconf 82' lang='grc' dir='ltr'><strong>Καὶὸ</strong></span> <span class='ocrx_word' id='word_1_58' title='bbox 767 884 827 933; x_wconf 87' lang='lat' dir='ltr'><strong>A’</strong></span> <span class='ocrx_word' id='word_1_59' title='bbox 863 882 941 948; x_wconf 84' lang='grc' dir='ltr'>δὲ,</span> <span class='ocrx_word' id='word_1_60' title='bbox 977 885 1317 955; x_wconf 75' lang='grc' dir='ltr'>Δημηγορία</span> <span class='ocrx_word' id='word_1_61' title='bbox 1350 887 1421 939; x_wconf 75' lang='grc' dir='ltr'>ἐν</span> <span class='ocrx_word' id='word_1_62' title='bbox 1445 885 1523 955; x_wconf 78' lang='grc' dir='ltr'>τῇ</span> <span class='ocrx_word' id='word_1_63' title='bbox 1545 886 1809 955; x_wconf 78' lang='grc' dir='ltr'>πατρίδι,</span> 
     </span>
    </p>
   </div>
   <div class='ocr_carea' id='block_1_10' title="bbox 266 972 1814 1049">
    <p class='ocr_par' dir='ltr' id='par_1_10' title="bbox 266 972 1814 1049">
     <span class='ocr_line' id='line_1_10' title="bbox 266 972 1814 1049; baseline 0.003 -21"><span class='ocrx_word' id='word_1_64' title='bbox 266 975 343 1046; x_wconf 80' lang='grc' dir='ltr'>τὴν</span> <span class='ocrx_word' id='word_1_65' title='bbox 401 972 709 1041; x_wconf 73' lang='grc' dir='ltr'>ἐπιγραφὴν</span> <span class='ocrx_word' id='word_1_66' title='bbox 776 973 996 1044; x_wconf 82' lang='grc' dir='ltr'><strong>φέρων,</strong></span> <span class='ocrx_word' id='word_1_67' title='bbox 1054 979 1133 1038; x_wconf 86' lang='grc' dir='ltr'><strong>είς</strong></span> <span class='ocrx_word' id='word_1_68' title='bbox 1181 976 1280 1048; x_wconf 83' lang='grc' dir='ltr'>τὴν</span> <span class='ocrx_word' id='word_1_69' title='bbox 1335 977 1506 1049; x_wconf 76' lang='grc' dir='ltr'>αὐτὴν</span> <span class='ocrx_word' id='word_1_70' title='bbox 1558 978 1814 1032; x_wconf 80' lang='grc' dir='ltr'>ὑπόθεσιν</span> 
     </span>
    </p>
   </div>
   <div class='ocr_carea' id='block_1_11' title="bbox 266 1065 1812 1144">
    <p class='ocr_par' dir='ltr' id='par_1_11' title="bbox 266 1065 1812 1144">
     <span class='ocr_line' id='line_1_11' title="bbox 266 1065 1812 1144; baseline 0.003 -22"><span class='ocrx_word' id='word_1_71' title='bbox 266 1065 538 1122; x_wconf 81' lang='grc' dir='ltr'>ἀποϐλέπει.</span> <span class='ocrx_word' id='word_1_72' title='bbox 562 1066 673 1119; x_wconf 78' lang='grc' dir='ltr'><strong>Καὶ</strong></span> <span class='ocrx_word' id='word_1_73' title='bbox 703 1066 731 1119; x_wconf 85' lang='grc' dir='ltr'><strong>ὁ</strong></span> <span class='ocrx_word' id='word_1_74' title='bbox 755 1067 812 1119; x_wconf 82' lang='lat' dir='ltr'><strong>A&#39;</strong></span> <span class='ocrx_word' id='word_1_75' title='bbox 836 1070 930 1121; x_wconf 74' lang='grc' dir='ltr'>καὶ</span> <span class='ocrx_word' id='word_1_76' title='bbox 954 1070 1011 1120; x_wconf 72' lang='grc' dir='ltr'><strong>Λ⁹</strong></span> <span class='ocrx_word' id='word_1_77' title='bbox 1043 1069 1100 1121; x_wconf 85' lang='grc' dir='ltr'><strong>ἐν</strong></span> <span class='ocrx_word' id='word_1_78' title='bbox 1133 1073 1198 1141; x_wconf 83' lang='grc' dir='ltr'>τῇ</span> <span class='ocrx_word' id='word_1_79' title='bbox 1221 1073 1437 1144; x_wconf 90' lang='grc' dir='ltr'>πατρίδι</span> <span class='ocrx_word' id='word_1_80' title='bbox 1462 1073 1562 1141; x_wconf 84' lang='grc' dir='ltr'>μὲν</span> <span class='ocrx_word' id='word_1_81' title='bbox 1597 1072 1812 1144; x_wconf 86' lang='grc' dir='ltr'>ἐλέχθη,</span> 
     </span>
    </p>
   </div>
   <div class='ocr_carea' id='block_1_12' title="bbox 269 1154 1813 1229">
    <p class='ocr_par' dir='ltr' id='par_1_12' title="bbox 269 1154 1813 1229">
     <span class='ocr_line' id='line_1_12' title="bbox 269 1154 1813 1229; baseline 0.003 -19"><span class='ocrx_word' id='word_1_82' title='bbox 269 1154 537 1220; x_wconf 74' lang='grc' dir='ltr'>Πολιτικὸς</span> <span class='ocrx_word' id='word_1_83' title='bbox 572 1154 620 1207; x_wconf 82' lang='grc' dir='ltr'>δ’</span> <span class='ocrx_word' id='word_1_84' title='bbox 677 1156 1086 1227; x_wconf 78' lang='grc' dir='ltr'><strong>ἐπιγέγραπται</strong></span> <span class='ocrx_word' id='word_1_85' title='bbox 1120 1160 1189 1212; x_wconf 76' lang='grc' dir='ltr'>ἐν</span> <span class='ocrx_word' id='word_1_86' title='bbox 1236 1161 1567 1229; x_wconf 77' lang='grc' dir='ltr'><strong>ἐκκλησίᾳ,</strong></span> <span class='ocrx_word' id='word_1_87' title='bbox 1618 1163 1713 1215; x_wconf 76' lang='grc' dir='ltr'>καὶ</span> <span class='ocrx_word' id='word_1_88' title='bbox 1768 1164 1813 1194; x_wconf 77' lang='grc'><strong>⁶¹</strong></span> 
     </span>
    </p>
   </div>
   <div class='ocr_carea' id='block_1_13' title="bbox 274 1244 1813 1324">
    <p class='ocr_par' dir='ltr' id='par_1_13' title="bbox 274 1244 1813 1324">
     <span class='ocr_line' id='line_1_13' title="bbox 274 1244 1813 1324; baseline 0.006 -27"><span class='ocrx_word' id='word_1_89' title='bbox 274 1244 579 1318; x_wconf 57' lang='grc' dir='ltr'>συμϐουλεύει</span> <span class='ocrx_word' id='word_1_90' title='bbox 611 1247 722 1298; x_wconf 83' lang='grc' dir='ltr'><strong>τῶν</strong></span> <span class='ocrx_word' id='word_1_91' title='bbox 751 1250 831 1312; x_wconf 79' lang='grc' dir='ltr'>εις</span> <span class='ocrx_word' id='word_1_92' title='bbox 861 1249 1367 1322; x_wconf 72' lang='grc' dir='ltr'>ἀλλήλους’ὓϐρεων</span> <span class='ocrx_word' id='word_1_93' title='bbox 1404 1253 1813 1324; x_wconf 81' lang='grc' dir='ltr'><strong>ἀποσχομένους</strong></span> 
     </span>
    </p>
   </div>
   <div class='ocr_carea' id='block_1_14' title="bbox 280 1335 1811 1413">
    <p class='ocr_par' dir='ltr' id='par_1_14' title="bbox 280 1335 1811 1413">
     <span class='ocr_line' id='line_1_14' title="bbox 280 1335 1811 1413; baseline 0.006 -24"><span class='ocrx_word' id='word_1_94' title='bbox 280 1335 810 1408; x_wconf 72' lang='grc' dir='ltr'>καὶπροπηλακισμῶν</span> <span class='ocrx_word' id='word_1_95' title='bbox 830 1340 930 1410; x_wconf 84' lang='grc' dir='ltr'><strong>τὴν</strong></span> <span class='ocrx_word' id='word_1_96' title='bbox 958 1341 1147 1395; x_wconf 80' lang='grc' dir='ltr'><strong>στάσιν</strong></span> <span class='ocrx_word' id='word_1_97' title='bbox 1170 1344 1250 1404; x_wconf 86' lang='grc' dir='ltr'><strong>είς</strong></span> <span class='ocrx_word' id='word_1_98' title='bbox 1272 1343 1526 1413; x_wconf 85' lang='grc' dir='ltr'>ὁμόνοιαν</span> <span class='ocrx_word' id='word_1_99' title='bbox 1552 1344 1811 1398; x_wconf 80' lang='grc' dir='ltr'><strong>διαλύειν.</strong></span> 
     </span>
    </p>
   </div>
   <div class='ocr_carea' id='block_1_15' title="bbox 287 1417 1809 1506">
    <p class='ocr_par' dir='ltr' id='par_1_15' title="bbox 287 1417 1809 1506">
     <span class='ocr_line' id='line_1_15' title="bbox 287 1417 1809 1506; baseline 0.004 -22"><span class='ocrx_word' id='word_1_100' title='bbox 287 1428 505 1491; x_wconf 68' lang='grc' dir='ltr'>Ὡσαύτως</span> <span class='ocrx_word' id='word_1_101' title='bbox 535 1429 594 1481; x_wconf 87' lang='grc' dir='ltr'><strong>ἐν</strong></span> <span class='ocrx_word' id='word_1_102' title='bbox 620 1432 688 1500; x_wconf 84' lang='grc' dir='ltr'>τῇ</span> <span class='ocrx_word' id='word_1_103' title='bbox 722 1417 939 1502; x_wconf 77' lang='grc' dir='ltr'>πατρίδι</span> <span class='ocrx_word' id='word_1_104' title='bbox 971 1433 1072 1503; x_wconf 86' lang='grc' dir='ltr'>μὲν</span> <span class='ocrx_word' id='word_1_105' title='bbox 1100 1434 1292 1506; x_wconf 81' lang='grc' dir='ltr'>ἐλέχθη</span> <span class='ocrx_word' id='word_1_106' title='bbox 1330 1436 1426 1488; x_wconf 81' lang='grc' dir='ltr'>καὶ</span> <span class='ocrx_word' id='word_1_107' title='bbox 1458 1438 1488 1490; x_wconf 88' lang='grc' dir='ltr'>ὁ</span> <span class='ocrx_word' id='word_1_108' title='bbox 1527 1437 1751 1506; x_wconf 76' lang='grc' dir='ltr'>ἐφεξῆς,</span> <span class='ocrx_word' id='word_1_109' title='bbox 1781 1437 1809 1489; x_wconf 85' lang='grc' dir='ltr'><strong>ὃ</strong></span> 
     </span>
    </p>
   </div>
   <div class='ocr_carea' id='block_1_16' title="bbox 274 1521 1811 1598">
    <p class='ocr_par' dir='ltr' id='par_1_16' title="bbox 274 1521 1811 1598">
     <span class='ocr_line' id='line_1_16' title="bbox 274 1521 1811 1598; baseline 0.02 -29"><span class='ocrx_word' id='word_1_110' title='bbox 274 1524 311 1577; x_wconf 78' lang='grc' dir='ltr'><strong>δὲ</strong></span> <span class='ocrx_word' id='word_1_111' title='bbox 353 1521 731 1592; x_wconf 78' lang='grc' dir='ltr'>ἐπιγράφεται,</span> <span class='ocrx_word' id='word_1_112' title='bbox 763 1524 1131 1593; x_wconf 77' lang='grc' dir='ltr'>Παραίτησις</span> <span class='ocrx_word' id='word_1_113' title='bbox 1162 1527 1357 1596; x_wconf 80' lang='grc' dir='ltr'>ἀρχῆς</span> <span class='ocrx_word' id='word_1_114' title='bbox 1384 1530 1454 1581; x_wconf 73' lang='grc' dir='ltr'>ἐν</span> <span class='ocrx_word' id='word_1_115' title='bbox 1482 1527 1555 1596; x_wconf 66' lang='grc' dir='ltr'><em>τῇ</em></span> <span class='ocrx_word' id='word_1_116' title='bbox 1585 1529 1811 1598; x_wconf 71' lang='grc' dir='ltr'><strong>βουλῇο</strong></span> 
     </span>
    </p>
   </div>
   <div class='ocr_carea' id='block_1_17' title="bbox 266 1614 1813 1693">
    <p class='ocr_par' dir='ltr' id='par_1_17' title="bbox 266 1614 1813 1693">
     <span class='ocr_line' id='line_1_17' title="bbox 266 1614 1813 1693; baseline 0.006 -26"><span class='ocrx_word' id='word_1_117' title='bbox 266 1614 382 1667; x_wconf 83' lang='grc' dir='ltr'>τοῦτο</span> <span class='ocrx_word' id='word_1_118' title='bbox 413 1614 501 1666; x_wconf 75' lang='grc' dir='ltr'>καὶ</span> <span class='ocrx_word' id='word_1_119' title='bbox 527 1614 869 1669; x_wconf 79' lang='grc' dir='ltr'>ἐνδείκνυται</span> <span class='ocrx_word' id='word_1_120' title='bbox 897 1632 908 1645; x_wconf 91' lang='grc'><strong>·</strong></span> <span class='ocrx_word' id='word_1_121' title='bbox 934 1618 999 1670; x_wconf 87' lang='grc' dir='ltr'><strong>ἐκ</strong></span> <span class='ocrx_word' id='word_1_122' title='bbox 1022 1617 1370 1690; x_wconf 69' lang='grc' dir='ltr'><strong>ψηφίσματος</strong></span> <span class='ocrx_word' id='word_1_123' title='bbox 1406 1621 1516 1693; x_wconf 83' lang='grc' dir='ltr'><strong>γὰρ</strong></span> <span class='ocrx_word' id='word_1_124' title='bbox 1546 1622 1734 1693; x_wconf 83' lang='grc' dir='ltr'>ἄρχειν</span> <span class='ocrx_word' id='word_1_125' title='bbox 1770 1624 1813 1656; x_wconf 79' lang='grc'><strong>’⁵³</strong></span> 
     </span>
    </p>
   </div>
   <div class='ocr_carea' id='block_1_18' title="bbox 263 1706 1811 1782">
    <p class='ocr_par' dir='ltr' id='par_1_18' title="bbox 263 1706 1811 1782">
     <span class='ocr_line' id='line_1_18' title="bbox 263 1706 1811 1782; baseline 0.006 -22"><span class='ocrx_word' id='word_1_126' title='bbox 263 1706 618 1774; x_wconf 70' lang='grc' dir='ltr'>ότυγγραςρεὺς</span> <span class='ocrx_word' id='word_1_127' title='bbox 654 1708 931 1779; x_wconf 74' lang='grc' dir='ltr'><strong>ᾑρημένος</strong></span> <span class='ocrx_word' id='word_1_128' title='bbox 952 1713 1314 1779; x_wconf 87' lang='grc' dir='ltr'>παραιτεῖται.</span> <span class='ocrx_word' id='word_1_129' title='bbox 1357 1712 1414 1764; x_wconf 82' lang='grc' dir='ltr'><strong>Ὀ</strong></span> <span class='ocrx_word' id='word_1_130' title='bbox 1442 1713 1497 1765; x_wconf 81' lang='grc' dir='ltr'>δὲ</span> <span class='ocrx_word' id='word_1_131' title='bbox 1517 1713 1639 1776; x_wconf 87' lang='grc' dir='ltr'><strong>ΛΓ’,</strong></span> <span class='ocrx_word' id='word_1_132' title='bbox 1673 1715 1811 1782; x_wconf 80' lang='grc' dir='ltr'>Περὶ</span> 
     </span>
    </p>
   </div>
   <div class='ocr_carea' id='block_1_19' title="bbox 261 1796 1807 1877">
    <p class='ocr_par' dir='ltr' id='par_1_19' title="bbox 261 1796 1807 1877">
     <span class='ocr_line' id='line_1_19' title="bbox 261 1796 1807 1877; baseline 0.005 -25"><span class='ocrx_word' id='word_1_133' title='bbox 261 1796 347 1852; x_wconf 73' lang='grc' dir='ltr'><strong>τῶν</strong></span> <span class='ocrx_word' id='word_1_134' title='bbox 385 1797 566 1867; x_wconf 75' lang='grc' dir='ltr'>ἔργων</span> <span class='ocrx_word' id='word_1_135' title='bbox 632 1799 707 1852; x_wconf 75' lang='grc' dir='ltr'>ἐν</span> <span class='ocrx_word' id='word_1_136' title='bbox 755 1800 982 1869; x_wconf 76' lang='grc' dir='ltr'>βουλῇ,</span> <span class='ocrx_word' id='word_1_137' title='bbox 1032 1800 1132 1873; x_wconf 86' lang='grc' dir='ltr'><strong>τὴν</strong></span> <span class='ocrx_word' id='word_1_138' title='bbox 1156 1803 1470 1875; x_wconf 77' lang='grc' dir='ltr'>ἐπιγραφὴν</span> <span class='ocrx_word' id='word_1_139' title='bbox 1533 1806 1807 1877; x_wconf 83' lang='grc' dir='ltr'>παρέχων,</span> 
     </span>
    </p>
   </div>
   <div class='ocr_carea' id='block_1_20' title="bbox 258 1888 1810 1964">
    <p class='ocr_par' dir='ltr' id='par_1_20' title="bbox 258 1888 1810 1964">
     <span class='ocr_line' id='line_1_20' title="bbox 258 1888 1810 1964; baseline 0.006 -24"><span class='ocrx_word' id='word_1_140' title='bbox 258 1890 440 1942; x_wconf 77' lang='grc' dir='ltr'>ἔπαινον</span> <span class='ocrx_word' id='word_1_141' title='bbox 461 1888 561 1956; x_wconf 86' lang='grc' dir='ltr'><strong>μέν</strong></span> <span class='ocrx_word' id='word_1_142' title='bbox 589 1905 718 1942; x_wconf 88' lang='grc' dir='ltr'>τινα</span> <span class='ocrx_word' id='word_1_143' title='bbox 748 1891 844 1959; x_wconf 81' lang='grc' dir='ltr'>τῆς</span> <span class='ocrx_word' id='word_1_144' title='bbox 886 1889 1082 1961; x_wconf 82' lang='grc' dir='ltr'>βουλῆς</span> <span class='ocrx_word' id='word_1_145' title='bbox 1112 1893 1411 1964; x_wconf 87' lang='grc' dir='ltr'>ἐπιτρέχει,</span> <span class='ocrx_word' id='word_1_146' title='bbox 1456 1895 1810 1963; x_wconf 87' lang='grc' dir='ltr'>ἀπολογεῖται</span> 
     </span>
    </p>
   </div>
   <div class='ocr_carea' id='block_1_21' title="bbox 254 1975 1811 2059">
    <p class='ocr_par' dir='ltr' id='par_1_21' title="bbox 254 1975 1811 2059">
     <span class='ocr_line' id='line_1_21' title="bbox 254 1975 1811 2059; baseline 0.031 -58"><span class='ocrx_word' id='word_1_147' title='bbox 254 1980 298 2035; x_wconf 64' lang='grc' dir='ltr'><strong>δὲ</strong></span> <span class='ocrx_word' id='word_1_148' title='bbox 316 1979 397 2032; x_wconf 53' lang='grc' dir='ltr'>καὶ</span> <span class='ocrx_word' id='word_1_149' title='bbox 421 1978 463 2009; x_wconf 71' lang='lat' dir='ltr'><strong>ts</strong></span> <span class='ocrx_word' id='word_1_150' title='bbox 487 1979 629 2051; x_wconf 62' lang='grc' dir='ltr'>ὑπὲρ</span> <span class='ocrx_word' id='word_1_151' title='bbox 660 1975 739 2034; x_wconf 73' lang='grc' dir='ltr'>ὧν</span> <span class='ocrx_word' id='word_1_152' title='bbox 766 1985 794 2035; x_wconf 74' lang='grc' dir='ltr'>ὁ</span> <span class='ocrx_word' id='word_1_153' title='bbox 822 1981 952 2054; x_wconf 59' lang='lat'><strong>[976</strong></span> <span class='ocrx_word' id='word_1_154' title='bbox 1000 1983 1098 2056; x_wconf 85' lang='lat' dir='ltr'><strong>H.]</strong></span> <span class='ocrx_word' id='word_1_155' title='bbox 1126 1984 1263 2037; x_wconf 88' lang='grc' dir='ltr'>Δίων</span> <span class='ocrx_word' id='word_1_156' title='bbox 1297 1986 1597 2050; x_wconf 82' lang='grc' dir='ltr'>ὑπενοεῖτο.</span> <span class='ocrx_word' id='word_1_157' title='bbox 1624 1988 1699 2053; x_wconf 85' lang='grc' dir='ltr'><strong>ὡς</strong></span> <span class='ocrx_word' id='word_1_158' title='bbox 1735 1990 1811 2059; x_wconf 84' lang='grc' dir='ltr'>μὴ</span> 
     </span>
    </p>
   </div>
   <div class='ocr_carea' id='block_1_22' title="bbox 254 2070 1812 2151">
    <p class='ocr_par' dir='ltr' id='par_1_22' title="bbox 254 2070 1812 2151">
     <span class='ocr_line' id='line_1_22' title="bbox 254 2070 1812 2151; baseline 0.005 -26"><span class='ocrx_word' id='word_1_159' title='bbox 254 2072 307 2126; x_wconf 81' lang='grc' dir='ltr'><strong>τὰ</strong></span> <span class='ocrx_word' id='word_1_160' title='bbox 342 2070 426 2126; x_wconf 89' lang='grc' dir='ltr'><strong>τοῦ</strong></span> <span class='ocrx_word' id='word_1_161' title='bbox 468 2072 663 2136; x_wconf 88' lang='grc' dir='ltr'>παιδὸς</span> <span class='ocrx_word' id='word_1_162' title='bbox 708 2073 846 2146; x_wconf 79' lang='grc' dir='ltr'>ἔργα</span> <span class='ocrx_word' id='word_1_163' title='bbox 902 2075 999 2128; x_wconf 72' lang='grc' dir='ltr'>καὶ</span> <span class='ocrx_word' id='word_1_164' title='bbox 1029 2077 1085 2128; x_wconf 80' lang='lat' dir='ltr'><strong>at</strong></span> <span class='ocrx_word' id='word_1_165' title='bbox 1134 2076 1361 2147; x_wconf 81' lang='grc' dir='ltr'>πράξεις</span> <span class='ocrx_word' id='word_1_166' title='bbox 1418 2080 1475 2132; x_wconf 79' lang='grc' dir='ltr'>αἱ</span> <span class='ocrx_word' id='word_1_167' title='bbox 1522 2081 1662 2133; x_wconf 83' lang='grc' dir='ltr'>κατὰ</span> <span class='ocrx_word' id='word_1_168' title='bbox 1713 2082 1812 2151; x_wconf 84' lang='grc' dir='ltr'>τὴν</span> 
     </span>
    </p>
   </div>
   <div class='ocr_carea' id='block_1_23' title="bbox 249 2168 1812 2245">
    <p class='ocr_par' dir='ltr' id='par_1_23' title="bbox 249 2168 1812 2245">
     <span class='ocr_line' id='line_1_23' title="bbox 249 2168 1812 2245; baseline 0.004 -22"><span class='ocrx_word' id='word_1_169' title='bbox 249 2169 376 2223; x_wconf 78' lang='grc' dir='ltr'>πόλιν</span> <span class='ocrx_word' id='word_1_170' title='bbox 404 2168 500 2239; x_wconf 82' lang='grc' dir='ltr'>τῆς</span> <span class='ocrx_word' id='word_1_171' title='bbox 548 2171 834 2241; x_wconf 82' lang='grc' dir='ltr'>πατρικῆς</span> <span class='ocrx_word' id='word_1_172' title='bbox 888 2171 935 2204; x_wconf 65' lang='grc'>⁸⁵</span> <span class='ocrx_word' id='word_1_173' title='bbox 980 2174 1089 2225; x_wconf 84' lang='grc' dir='ltr'>εἱσι</span> <span class='ocrx_word' id='word_1_174' title='bbox 1129 2171 1322 2243; x_wconf 80' lang='grc' dir='ltr'>βουλῆς</span> <span class='ocrx_word' id='word_1_175' title='bbox 1370 2172 1701 2245; x_wconf 81' lang='grc' dir='ltr'>ἐξημμέναι.</span> <span class='ocrx_word' id='word_1_176' title='bbox 1755 2176 1812 2230; x_wconf 89' lang='grc' dir='ltr'>Ὀ</span> 
     </span>
    </p>
   </div>
   <div class='ocr_carea' id='block_1_24' title="bbox 248 2260 1804 2339">
    <p class='ocr_par' dir='ltr' id='par_1_24' title="bbox 248 2260 1804 2339">
     <span class='ocr_line' id='line_1_24' title="bbox 248 2260 1804 2339; baseline 0.004 -26"><span class='ocrx_word' id='word_1_177' title='bbox 248 2260 411 2331; x_wconf 78' lang='grc' dir='ltr'>ἑφεξῆς</span> <span class='ocrx_word' id='word_1_178' title='bbox 430 2260 483 2314; x_wconf 83' lang='grc' dir='ltr'>δὲ</span> <span class='ocrx_word' id='word_1_179' title='bbox 506 2261 672 2329; x_wconf 81' lang='grc' dir='ltr'>Πρὸς</span> <span class='ocrx_word' id='word_1_180' title='bbox 692 2262 986 2331; x_wconf 79' lang='grc' dir='ltr'><strong>Διόδωρον</strong></span> <span class='ocrx_word' id='word_1_181' title='bbox 1004 2264 1466 2335; x_wconf 77' lang='grc' dir='ltr'>ἐπιγραφόμενος,</span> <span class='ocrx_word' id='word_1_182' title='bbox 1486 2270 1804 2339; x_wconf 77' lang='grc' dir='ltr'>προτροπὴν</span> 
     </span>
    </p>
   </div>
   <div class='ocr_carea' id='block_1_25' title="bbox 247 2354 1813 2427">
    <p class='ocr_par' dir='ltr' id='par_1_25' title="bbox 247 2354 1813 2427">
     <span class='ocr_line' id='line_1_25' title="bbox 247 2354 1813 2427; baseline 0.003 -21"><span class='ocrx_word' id='word_1_183' title='bbox 247 2354 329 2423; x_wconf 79' lang='grc' dir='ltr'><strong>μέν</strong></span> <span class='ocrx_word' id='word_1_184' title='bbox 352 2371 465 2406; x_wconf 89' lang='grc' dir='ltr'>τινα</span> <span class='ocrx_word' id='word_1_185' title='bbox 494 2355 582 2406; x_wconf 88' lang='grc' dir='ltr'><strong>ἐπ’</strong></span> <span class='ocrx_word' id='word_1_186' title='bbox 615 2354 828 2427; x_wconf 81' lang='grc' dir='ltr'>ἀρετὴν</span> <span class='ocrx_word' id='word_1_187' title='bbox 862 2356 1091 2424; x_wconf 86' lang='grc' dir='ltr'>είσάγει,</span> <span class='ocrx_word' id='word_1_188' title='bbox 1146 2358 1390 2411; x_wconf 77' lang='grc' dir='ltr'>ἐπαινεῖν</span> <span class='ocrx_word' id='word_1_189' title='bbox 1436 2358 1492 2412; x_wconf 81' lang='grc' dir='ltr'><strong>δέ</strong></span> <span class='ocrx_word' id='word_1_190' title='bbox 1529 2360 1627 2427; x_wconf 85' lang='grc' dir='ltr'>τὴν</span> <span class='ocrx_word' id='word_1_191' title='bbox 1658 2362 1813 2413; x_wconf 86' lang='grc' dir='ltr'>πόλιν</span> 
     </span>
    </p>
   </div>
   <div class='ocr_carea' id='block_1_26' title="bbox 244 2438 1813 2522">
    <p class='ocr_par' dir='ltr' id='par_1_26' title="bbox 244 2438 1813 2522">
     <span class='ocr_line' id='line_1_26' title="bbox 244 2438 1813 2522; baseline 0.005 -25"><span class='ocrx_word' id='word_1_192' title='bbox 244 2448 356 2517; x_wconf 74' lang='grc' dir='ltr'>φησὶ</span> <span class='ocrx_word' id='word_1_193' title='bbox 395 2444 458 2498; x_wconf 80' lang='grc' dir='ltr'><strong>δι’</strong></span> <span class='ocrx_word' id='word_1_194' title='bbox 503 2438 577 2498; x_wconf 85' lang='grc' dir='ltr'>ὧν</span> <span class='ocrx_word' id='word_1_195' title='bbox 645 2447 739 2499; x_wconf 74' lang='grc' dir='ltr'><strong>τὸν</strong></span> <span class='ocrx_word' id='word_1_196' title='bbox 781 2450 1209 2518; x_wconf 85' lang='grc' dir='ltr'>ἐγκωμιάσαντα</span> <span class='ocrx_word' id='word_1_197' title='bbox 1254 2451 1518 2522; x_wconf 81' lang='grc' dir='ltr'><strong>Διόδωρον</strong></span> <span class='ocrx_word' id='word_1_198' title='bbox 1568 2453 1813 2516; x_wconf 81' lang='grc' dir='ltr'>ἐπαίνοις</span> 
     </span>
    </p>
   </div>
   <div class='ocr_carea' id='block_1_27' title="bbox 245 2537 1814 2613">
    <p class='ocr_par' dir='ltr' id='par_1_27' title="bbox 245 2537 1814 2613">
     <span class='ocr_line' id='line_1_27' title="bbox 245 2537 1814 2613; baseline 0.006 -24"><span class='ocrx_word' id='word_1_199' title='bbox 245 2537 622 2612; x_wconf 69' lang='grc' dir='ltr'>περιϐάλλει.βο</span> <span class='ocrx_word' id='word_1_200' title='bbox 644 2538 699 2591; x_wconf 85' lang='grc' dir='ltr'>δὲ</span> <span class='ocrx_word' id='word_1_201' title='bbox 714 2538 983 2607; x_wconf 77' lang='grc' dir='ltr'>ΛΕ’,Περὶ</span> <span class='ocrx_word' id='word_1_202' title='bbox 997 2542 1307 2610; x_wconf 75' lang='grc' dir='ltr'>Αἰσχύλου</span> <span class='ocrx_word' id='word_1_203' title='bbox 1320 2544 1417 2598; x_wconf 80' lang='grc' dir='ltr'>καὶ</span> <span class='ocrx_word' id='word_1_204' title='bbox 1432 2544 1814 2613; x_wconf 72' lang='grc' dir='ltr'>Σοφοκλέους</span> 
     </span>
    </p>
   </div>
   <div class='ocr_carea' id='block_1_28' title="bbox 244 2628 1814 2701">
    <p class='ocr_par' dir='ltr' id='par_1_28' title="bbox 244 2628 1814 2701">
     <span class='ocr_line' id='line_1_28' title="bbox 244 2628 1814 2701; baseline 0.004 -18"><span class='ocrx_word' id='word_1_205' title='bbox 244 2630 323 2683; x_wconf 80' lang='grc' dir='ltr'>καὶ</span> <span class='ocrx_word' id='word_1_206' title='bbox 355 2628 705 2698; x_wconf 81' lang='grc' dir='ltr'>Εὐριπίδου,</span> <span class='ocrx_word' id='word_1_207' title='bbox 755 2630 787 2701; x_wconf 78' lang='grc' dir='ltr'>ἢ</span> <span class='ocrx_word' id='word_1_208' title='bbox 824 2631 962 2699; x_wconf 76' lang='grc' dir='ltr'>Περὶ</span> <span class='ocrx_word' id='word_1_209' title='bbox 1002 2632 1121 2686; x_wconf 83' lang='grc' dir='ltr'><strong>τῶν</strong></span> <span class='ocrx_word' id='word_1_210' title='bbox 1156 2634 1525 2701; x_wconf 80' lang='grc' dir='ltr'><strong>Φιλοκτήτου</strong></span> <span class='ocrx_word' id='word_1_211' title='bbox 1556 2636 1601 2668; x_wconf 69' lang='grc'><strong>⁸⁵</strong></span> <span class='ocrx_word' id='word_1_212' title='bbox 1623 2637 1814 2701; x_wconf 80' lang='grc' dir='ltr'>τόξων</span> 
     </span>
    </p>
   </div>
   <div class='ocr_carea' id='block_1_29' title="bbox 244 2721 1816 2795">
    <p class='ocr_par' dir='ltr' id='par_1_29' title="bbox 244 2721 1816 2795">
     <span class='ocr_line' id='line_1_29' title="bbox 244 2721 1816 2795; baseline 0.003 -20"><span class='ocrx_word' id='word_1_213' title='bbox 244 2721 732 2791; x_wconf 81' lang='grc' dir='ltr'>ἐπιγεγραμμένος,</span> <span class='ocrx_word' id='word_1_214' title='bbox 780 2721 880 2793; x_wconf 84' lang='grc' dir='ltr'>τὴν</span> <span class='ocrx_word' id='word_1_215' title='bbox 923 2723 1018 2775; x_wconf 92' lang='grc' dir='ltr'><strong>τοῦ</strong></span> <span class='ocrx_word' id='word_1_216' title='bbox 1064 2725 1392 2795; x_wconf 81' lang='grc' dir='ltr'>Φιλοκτήτου</span> <span class='ocrx_word' id='word_1_217' title='bbox 1450 2726 1676 2780; x_wconf 84' lang='grc' dir='ltr'>πλάττει</span> <span class='ocrx_word' id='word_1_218' title='bbox 1730 2728 1816 2793; x_wconf 78' lang='grc' dir='ltr'><strong>ἐξ·</strong></span> 
     </span>
    </p>
   </div>
   <div class='ocr_carea' id='block_1_30' title="bbox 242 2813 1814 2889">
    <p class='ocr_par' dir='ltr' id='par_1_30' title="bbox 242 2813 1814 2889">
     <span class='ocr_line' id='line_1_30' title="bbox 242 2813 1814 2889; baseline 0.003 -22"><span class='ocrx_word' id='word_1_219' title='bbox 242 2815 449 2883; x_wconf 77' lang='grc' dir='ltr'>απάτην,</span> <span class='ocrx_word' id='word_1_220' title='bbox 492 2815 558 2884; x_wconf 80' lang='grc' dir='ltr'>ἢν</span> <span class='ocrx_word' id='word_1_221' title='bbox 586 2813 1044 2884; x_wconf 85' lang='grc' dir='ltr'>προϐεϐλημένος</span> <span class='ocrx_word' id='word_1_222' title='bbox 1088 2816 1375 2879; x_wconf 77' lang='grc' dir='ltr'>Ὀδυσσεὺς</span> <span class='ocrx_word' id='word_1_223' title='bbox 1427 2816 1606 2870; x_wconf 90' lang='grc' dir='ltr'>λαϐὼν</span> <span class='ocrx_word' id='word_1_224' title='bbox 1643 2818 1814 2889; x_wconf 78' lang='grc' dir='ltr'>ῷχετο</span> 
     </span>
    </p>
   </div>
   <div class='ocr_carea' id='block_1_31' title="bbox 245 2904 1811 2982">
    <p class='ocr_par' dir='ltr' id='par_1_31' title="bbox 245 2904 1811 2982">
     <span class='ocr_line' id='line_1_31' title="bbox 245 2904 1811 2982; baseline 0.008 -25"><span class='ocrx_word' id='word_1_225' title='bbox 245 2904 299 2958; x_wconf 82' lang='grc' dir='ltr'>τὰ</span> <span class='ocrx_word' id='word_1_226' title='bbox 317 2905 454 2969; x_wconf 84' lang='grc' dir='ltr'>τόξα.</span> <span class='ocrx_word' id='word_1_227' title='bbox 505 2904 598 2975; x_wconf 84' lang='grc' dir='ltr'>Τῷ</span> <span class='ocrx_word' id='word_1_228' title='bbox 655 2905 714 2958; x_wconf 86' lang='grc' dir='ltr'>δὲ</span> <span class='ocrx_word' id='word_1_229' title='bbox 765 2908 836 2972; x_wconf 68' lang='grc' dir='ltr'><em>ς’</em></span> <span class='ocrx_word' id='word_1_230' title='bbox 866 2907 963 2959; x_wconf 75' lang='grc' dir='ltr'>καὶ</span> <span class='ocrx_word' id='word_1_231' title='bbox 994 2908 1051 2959; x_wconf 89' lang='grc' dir='ltr'><strong>Λ¹</strong></span> <span class='ocrx_word' id='word_1_232' title='bbox 1096 2907 1238 2978; x_wconf 87' lang='grc' dir='ltr'>λόγῳ</span> <span class='ocrx_word' id='word_1_233' title='bbox 1286 2910 1320 2979; x_wconf 78' lang='grc' dir='ltr'>ἡ</span> <span class='ocrx_word' id='word_1_234' title='bbox 1382 2908 1481 2978; x_wconf 69' lang='grc' dir='ltr'>μὲν</span> <span class='ocrx_word' id='word_1_235' title='bbox 1528 2910 1811 2982; x_wconf 78' lang='grc' dir='ltr'>ἐπιγραφὴ</span> 
     </span>
    </p>
   </div>
   <div class='ocr_carea' id='block_1_32' title="bbox 246 2996 1813 3073">
    <p class='ocr_par' dir='ltr' id='par_1_32' title="bbox 246 2996 1813 3073">
     <span class='ocr_line' id='line_1_32' title="bbox 246 2996 1813 3073; baseline 0.004 -24"><span class='ocrx_word' id='word_1_236' title='bbox 246 2996 360 3064; x_wconf 77' lang='grc' dir='ltr'>Περὶ</span> <span class='ocrx_word' id='word_1_237' title='bbox 393 2996 650 3067; x_wconf 83' lang='grc' dir='ltr'>Ὀμήρου</span> <span class='ocrx_word' id='word_1_238' title='bbox 680 2998 851 3068; x_wconf 87' lang='grc' dir='ltr'>λέγει,</span> <span class='ocrx_word' id='word_1_239' title='bbox 886 2998 1110 3063; x_wconf 77' lang='grc' dir='ltr'>ἔπαινος</span> <span class='ocrx_word' id='word_1_240' title='bbox 1150 3001 1207 3054; x_wconf 89' lang='grc' dir='ltr'><strong>δέ</strong></span> <span class='ocrx_word' id='word_1_241' title='bbox 1252 3019 1337 3064; x_wconf 85' lang='grc' dir='ltr'><strong>τις</strong></span> <span class='ocrx_word' id='word_1_242' title='bbox 1386 3002 1432 3033; x_wconf 70' lang='grc'><strong>⁸⁸</strong></span> <span class='ocrx_word' id='word_1_243' title='bbox 1458 3002 1553 3055; x_wconf 85' lang='grc' dir='ltr'>τοῦ</span> <span class='ocrx_word' id='word_1_244' title='bbox 1588 3003 1813 3073; x_wconf 83' lang='grc' dir='ltr'>ποιητοῦ</span> 
     </span>
    </p>
   </div>
   <div class='ocr_carea' id='block_1_33' title="bbox 241 3088 1808 3163">
    <p class='ocr_par' dir='ltr' id='par_1_33' title="bbox 241 3088 1808 3163">
     <span class='ocr_line' id='line_1_33' title="bbox 241 3088 1808 3163; baseline 0.006 -23"><span class='ocrx_word' id='word_1_245' title='bbox 241 3088 566 3156; x_wconf 77' lang='grc' dir='ltr'>διυφαίνεται,</span> <span class='ocrx_word' id='word_1_246' title='bbox 613 3088 810 3162; x_wconf 81' lang='grc' dir='ltr'>ὥσπερ</span> <span class='ocrx_word' id='word_1_247' title='bbox 844 3091 942 3144; x_wconf 82' lang='grc' dir='ltr'>καὶ</span> <span class='ocrx_word' id='word_1_248' title='bbox 999 3091 1079 3162; x_wconf 85' lang='grc' dir='ltr'>τῷ</span> <span class='ocrx_word' id='word_1_249' title='bbox 1120 3092 1250 3163; x_wconf 73' lang='grc' dir='ltr'>περὶ</span> <span class='ocrx_word' id='word_1_250' title='bbox 1302 3093 1624 3163; x_wconf 83' lang='grc' dir='ltr'>Σωκράτους</span> <span class='ocrx_word' id='word_1_251' title='bbox 1685 3097 1808 3150; x_wconf 88' lang='grc' dir='ltr'>ἐπι-</span> 
     </span>
    </p>
   </div>
   <div class='ocr_carea' id='block_1_34' title="bbox 243 3180 1803 3252">
    <p class='ocr_par' dir='ltr' id='par_1_34' title="bbox 243 3180 1803 3252">
     <span class='ocr_line' id='line_1_34' title="bbox 243 3180 1803 3252; baseline 0.003 -20"><span class='ocrx_word' id='word_1_252' title='bbox 243 3181 539 3252; x_wconf 77' lang='grc' dir='ltr'>γραφομένῳ</span> <span class='ocrx_word' id='word_1_253' title='bbox 567 3181 674 3234; x_wconf 85' lang='grc' dir='ltr'><strong>τοῦ</strong></span> <span class='ocrx_word' id='word_1_254' title='bbox 704 3182 1018 3252; x_wconf 84' lang='grc' dir='ltr'>φιλοσόφου.</span> <span class='ocrx_word' id='word_1_255' title='bbox 1063 3180 1124 3234; x_wconf 85' lang='grc' dir='ltr'>Ὀ</span> <span class='ocrx_word' id='word_1_256' title='bbox 1154 3181 1209 3234; x_wconf 87' lang='grc' dir='ltr'><strong>δέ</strong></span> <span class='ocrx_word' id='word_1_257' title='bbox 1248 3181 1388 3251; x_wconf 76' lang='grc' dir='ltr'>Περὶ</span> <span class='ocrx_word' id='word_1_258' title='bbox 1425 3182 1673 3252; x_wconf 80' lang='grc' dir='ltr'>Ὀμήρου</span> <span class='ocrx_word' id='word_1_259' title='bbox 1703 3184 1803 3238; x_wconf 78' lang='grc' dir='ltr'>καὶ</span> 
     </span>
    </p>
   </div>
   <div class='ocr_carea' id='block_1_35' title="bbox 242 3272 1801 3348">
    <p class='ocr_par' dir='ltr' id='par_1_35' title="bbox 242 3272 1801 3348">
     <span class='ocr_line' id='line_1_35' title="bbox 242 3272 1801 3348; baseline 0.003 -22"><span class='ocrx_word' id='word_1_260' title='bbox 242 3273 559 3341; x_wconf 81' lang='grc' dir='ltr'>Σωκράτους</span> <span class='ocrx_word' id='word_1_261' title='bbox 605 3272 719 3327; x_wconf 85' lang='grc' dir='ltr'><strong>ΛΗ¹</strong></span> <span class='ocrx_word' id='word_1_262' title='bbox 761 3274 917 3344; x_wconf 81' lang='grc' dir='ltr'>λόγος</span> <span class='ocrx_word' id='word_1_263' title='bbox 957 3273 1055 3342; x_wconf 84' lang='grc' dir='ltr'>ὣν,</span> <span class='ocrx_word' id='word_1_264' title='bbox 1087 3275 1334 3347; x_wconf 76' lang='grc' dir='ltr'>ζηλωτὴν</span> <span class='ocrx_word' id='word_1_265' title='bbox 1393 3276 1634 3348; x_wconf 77' lang='grc' dir='ltr'>Ὁμήρου</span> <span class='ocrx_word' id='word_1_266' title='bbox 1685 3278 1801 3331; x_wconf 89' lang='grc' dir='ltr'><strong>Σω-</strong></span> 
     </span>
    </p>
   </div>
   <div class='ocr_carea' id='block_1_36' title="bbox 242 3366 1802 3438">
    <p class='ocr_par' dir='ltr' id='par_1_36' title="bbox 242 3366 1802 3438">
     <span class='ocr_line' id='line_1_36' title="bbox 242 3366 1802 3438; baseline 0.004 -20"><span class='ocrx_word' id='word_1_267' title='bbox 242 3367 425 3437; x_wconf 82' lang='grc' dir='ltr'>κράτην</span> <span class='ocrx_word' id='word_1_268' title='bbox 446 3366 538 3420; x_wconf 78' lang='grc' dir='ltr'>καὶ</span> <span class='ocrx_word' id='word_1_269' title='bbox 559 3367 819 3438; x_wconf 79' lang='grc' dir='ltr'>μαθητὴν</span> <span class='ocrx_word' id='word_1_270' title='bbox 843 3367 1179 3421; x_wconf 84' lang='grc' dir='ltr'>ἐπιδείκνυσι</span> <span class='ocrx_word' id='word_1_271' title='bbox 1204 3368 1273 3434; x_wconf 72' lang='grc'><strong>⁸⁷,</strong></span> <span class='ocrx_word' id='word_1_272' title='bbox 1290 3369 1385 3423; x_wconf 72' lang='grc' dir='ltr'>καὶ</span> <span class='ocrx_word' id='word_1_273' title='bbox 1424 3370 1485 3423; x_wconf 89' lang='grc' dir='ltr'><strong>τό</strong></span> <span class='ocrx_word' id='word_1_274' title='bbox 1510 3387 1569 3422; x_wconf 89' lang='grc' dir='ltr'>τε</span> <span class='ocrx_word' id='word_1_275' title='bbox 1600 3372 1802 3425; x_wconf 76' lang='grc' dir='ltr'>οἰκεῖον</span> 
     </span>
    </p>
   </div>
   <div class='ocr_carea' id='block_1_37' title="bbox 240 3456 1802 3534">
    <p class='ocr_par' dir='ltr' id='par_1_37' title="bbox 240 3456 1802 3534">
     <span class='ocr_line' id='line_1_37' title="bbox 240 3456 1802 3534; baseline 0.004 -24"><span class='ocrx_word' id='word_1_276' title='bbox 240 3456 324 3526; x_wconf 82' lang='grc' dir='ltr'>τῆς</span> <span class='ocrx_word' id='word_1_277' title='bbox 383 3458 486 3512; x_wconf 85' lang='grc' dir='ltr'>τῶν</span> <span class='ocrx_word' id='word_1_278' title='bbox 547 3460 1025 3530; x_wconf 86' lang='grc' dir='ltr'>παραδειγμάτων</span> <span class='ocrx_word' id='word_1_279' title='bbox 1096 3464 1523 3534; x_wconf 80' lang='grc' dir='ltr'>μεταχειρίσεως</span> <span class='ocrx_word' id='word_1_280' title='bbox 1594 3465 1802 3517; x_wconf 83' lang='grc' dir='ltr'>ἐκεῖθεν</span> 
     </span>
    </p>
   </div>
   <div class='ocr_carea' id='block_1_38' title="bbox 244 3550 1804 3626">
    <p class='ocr_par' dir='ltr' id='par_1_38' title="bbox 244 3550 1804 3626">
     <span class='ocr_line' id='line_1_38' title="bbox 244 3550 1804 3626; baseline 0.006 -24"><span class='ocrx_word' id='word_1_281' title='bbox 244 3550 513 3621; x_wconf 82' lang='grc' dir='ltr'>ἁναμαθεῖν</span> <span class='ocrx_word' id='word_1_282' title='bbox 540 3553 642 3604; x_wconf 83' lang='grc' dir='ltr'>τὸν</span> <span class='ocrx_word' id='word_1_283' title='bbox 680 3554 973 3623; x_wconf 73' lang='grc' dir='ltr'>φιλόσοφον</span> <span class='ocrx_word' id='word_1_284' title='bbox 998 3553 1347 3619; x_wconf 86' lang='grc' dir='ltr'>ἐπιδεικνύει,</span> <span class='ocrx_word' id='word_1_285' title='bbox 1378 3558 1472 3609; x_wconf 78' lang='grc' dir='ltr'>καὶ</span> <span class='ocrx_word' id='word_1_286' title='bbox 1499 3556 1599 3626; x_wconf 78' lang='grc' dir='ltr'><strong>τὴν</strong></span> <span class='ocrx_word' id='word_1_287' title='bbox 1636 3559 1804 3626; x_wconf 80' lang='grc' dir='ltr'>ἄλλην</span> 
     </span>
    </p>
   </div>
   <div class='ocr_carea' id='block_1_39' title="bbox 240 3640 1800 3716">
    <p class='ocr_par' dir='ltr' id='par_1_39' title="bbox 240 3640 1800 3716">
     <span class='ocr_line' id='line_1_39' title="bbox 240 3640 1800 3716; baseline 0.006 -24"><span class='ocrx_word' id='word_1_288' title='bbox 240 3640 477 3711; x_wconf 80' lang='grc' dir='ltr'>τοῦλόγου</span> <span class='ocrx_word' id='word_1_289' title='bbox 496 3643 665 3713; x_wconf 85' lang='grc' dir='ltr'>χάριν</span> <span class='ocrx_word' id='word_1_290' title='bbox 680 3643 776 3696; x_wconf 70' lang='grc' dir='ltr'>καὶ</span> <span class='ocrx_word' id='word_1_291' title='bbox 797 3642 1025 3714; x_wconf 90' lang='grc' dir='ltr'>δύναμιν</span> <span class='ocrx_word' id='word_1_292' title='bbox 1043 3645 1513 3716; x_wconf 79' lang='grc' dir='ltr'>ἐναπομάξασθαι.</span> <span class='ocrx_word' id='word_1_293' title='bbox 1532 3647 1588 3700; x_wconf 85' lang='lat'><strong>&#39;0</strong></span> <span class='ocrx_word' id='word_1_294' title='bbox 1602 3648 1657 3701; x_wconf 87' lang='grc' dir='ltr'>δὲ</span> <span class='ocrx_word' id='word_1_295' title='bbox 1677 3646 1800 3712; x_wconf 84' lang='grc' dir='ltr'><strong>ΛΘ’,</strong></span> 
     </span>
    </p>
   </div>
   <div class='ocr_carea' id='block_1_40' title="bbox 253 3730 1800 3809">
    <p class='ocr_par' dir='ltr' id='par_1_40' title="bbox 253 3730 1800 3809">
     <span class='ocr_line' id='line_1_40' title="bbox 253 3730 1800 3809; baseline 0.005 -23"><span class='ocrx_word' id='word_1_296' title='bbox 253 3730 673 3804; x_wconf 72' lang='grc' dir='ltr'>Ἀγαμέμνωνῆ</span> <span class='ocrx_word' id='word_1_297' title='bbox 738 3735 879 3802; x_wconf 73' lang='grc' dir='ltr'>Περὶ</span> <span class='ocrx_word' id='word_1_298' title='bbox 943 3736 1255 3805; x_wconf 74' lang='grc' dir='ltr'>,βασιλέως</span> <span class='ocrx_word' id='word_1_299' title='bbox 1324 3741 1800 3809; x_wconf 80' lang='grc' dir='ltr'>ἐπιγραφόμενος,</span> 
     </span>
    </p>
   </div>
   <div class='ocr_carea' id='block_1_41' title="bbox 238 3823 1801 3903">
    <p class='ocr_par' dir='ltr' id='par_1_41' title="bbox 238 3823 1801 3903">
     <span class='ocr_line' id='line_1_41' title="bbox 238 3823 1801 3903; baseline 0.008 -29"><span class='ocrx_word' id='word_1_300' title='bbox 238 3823 464 3889; x_wconf 81' lang='grc' dir='ltr'>διέξεισιν</span> <span class='ocrx_word' id='word_1_301' title='bbox 496 3824 570 3890; x_wconf 84' lang='grc' dir='ltr'>ὼς</span> <span class='ocrx_word' id='word_1_302' title='bbox 602 3825 684 3877; x_wconf 87' lang='grc' dir='ltr'><strong>δεῖ</strong></span> <span class='ocrx_word' id='word_1_303' title='bbox 708 3827 1034 3898; x_wconf 89' lang='grc' dir='ltr'>συμϐούλων</span> <span class='ocrx_word' id='word_1_304' title='bbox 1059 3832 1172 3893; x_wconf 83' lang='grc' dir='ltr'>τοῖς</span> <span class='ocrx_word' id='word_1_305' title='bbox 1200 3831 1443 3902; x_wconf 84' lang='grc' dir='ltr'>ἀρίστοις</span> <span class='ocrx_word' id='word_1_306' title='bbox 1465 3832 1555 3885; x_wconf 82' lang='grc' dir='ltr'>τὸν</span> <span class='ocrx_word' id='word_1_307' title='bbox 1578 3833 1801 3903; x_wconf 79' lang='grc' dir='ltr'>βασιλέα</span> 
     </span>
    </p>
   </div>
   <div class='ocr_carea' id='block_1_42' title="bbox 242 3919 1800 3995">
    <p class='ocr_par' dir='ltr' id='par_1_42' title="bbox 242 3919 1800 3995">
     <span class='ocr_line' id='line_1_42' title="bbox 242 3919 1800 3995; baseline 0.006 -27"><span class='ocrx_word' id='word_1_308' title='bbox 242 3919 554 3989; x_wconf 77' lang='grc' dir='ltr'>κεχρημένον</span> <span class='ocrx_word' id='word_1_309' title='bbox 601 3919 835 3984; x_wconf 83' lang='grc' dir='ltr'>ἐκείνοις</span> <span class='ocrx_word' id='word_1_310' title='bbox 864 3937 925 3973; x_wconf 89' lang='grc' dir='ltr'><strong>τε</strong></span> <span class='ocrx_word' id='word_1_311' title='bbox 966 3920 1252 3975; x_wconf 85' lang='grc' dir='ltr'>πείθεσθαι</span> <span class='ocrx_word' id='word_1_312' title='bbox 1280 3923 1376 3977; x_wconf 74' lang='grc' dir='ltr'>καὶ</span> <span class='ocrx_word' id='word_1_313' title='bbox 1415 3925 1488 3995; x_wconf 85' lang='grc' dir='ltr'>μὴ</span> <span class='ocrx_word' id='word_1_314' title='bbox 1537 3925 1679 3978; x_wconf 78' lang='grc' dir='ltr'>κατὰ</span> <span class='ocrx_word' id='word_1_315' title='bbox 1738 3925 1800 3977; x_wconf 84' lang='grc' dir='ltr'>τὸ</span> 
     </span>
    </p>
   </div>
   <div class='ocr_carea' id='block_1_43' title="bbox 241 4007 1801 4086">
    <p class='ocr_par' dir='ltr' id='par_1_43' title="bbox 241 4007 1801 4086">
     <span class='ocr_line' id='line_1_43' title="bbox 241 4007 1801 4086; baseline 0.006 -25"><span class='ocrx_word' id='word_1_316' title='bbox 241 4007 405 4063; x_wconf 79' lang='grc' dir='ltr'>δοκοῦν</span> <span class='ocrx_word' id='word_1_317' title='bbox 420 4011 867 4076; x_wconf 77' lang='grc' dir='ltr'>άπαυθαδιάζειν.</span> <span class='ocrx_word' id='word_1_318' title='bbox 896 4013 1009 4068; x_wconf 70' lang='grc' dir='ltr'><strong>Καὶ</strong></span> <span class='ocrx_word' id='word_1_319' title='bbox 1034 4007 1078 4067; x_wconf 82' lang='grc' dir='ltr'><strong>ὦ</strong></span> <span class='ocrx_word' id='word_1_320' title='bbox 1094 4014 1151 4067; x_wconf 84' lang='grc' dir='ltr'>δὲ</span> <span class='ocrx_word' id='word_1_321' title='bbox 1178 4015 1421 4083; x_wconf 82' lang='grc' dir='ltr'>Νέστωρ</span> <span class='ocrx_word' id='word_1_322' title='bbox 1442 4017 1475 4086; x_wconf 84' lang='grc' dir='ltr'><strong>ή</strong></span> <span class='ocrx_word' id='word_1_323' title='bbox 1498 4017 1801 4086; x_wconf 80' lang='grc' dir='ltr'>ἐπιγραφὴ,</span> 
     </span>
    </p>
   </div>
   <div class='ocr_carea' id='block_1_44' title="bbox 244 4099 1802 4178">
    <p class='ocr_par' dir='ltr' id='par_1_44' title="bbox 244 4099 1802 4178">
     <span class='ocr_line' id='line_1_44' title="bbox 244 4099 1802 4178; baseline 0.005 -26"><span class='ocrx_word' id='word_1_324' title='bbox 244 4099 369 4163; x_wconf 80' lang='grc' dir='ltr'>ὅπως</span> <span class='ocrx_word' id='word_1_325' title='bbox 398 4102 705 4175; x_wconf 81' lang='grc' dir='ltr'>κεχρῆσθαι</span> <span class='ocrx_word' id='word_1_326' title='bbox 750 4106 998 4177; x_wconf 82' lang='grc' dir='ltr'>προσῆκε</span> <span class='ocrx_word' id='word_1_327' title='bbox 1051 4108 1119 4178; x_wconf 77' lang='grc' dir='ltr'>τῇ</span> <span class='ocrx_word' id='word_1_328' title='bbox 1178 4106 1315 4177; x_wconf 72' lang='grc' dir='ltr'>πρὸς</span> <span class='ocrx_word' id='word_1_329' title='bbox 1368 4108 1497 4171; x_wconf 82' lang='grc' dir='ltr'>τοὺς</span> <span class='ocrx_word' id='word_1_330' title='bbox 1562 4107 1802 4177; x_wconf 85' lang='grc' dir='ltr'>βασιλεῖς</span> 
     </span>
    </p>
   </div>
   <div class='ocr_carea' id='block_1_45' title="bbox 242 4192 1839 4269">
    <p class='ocr_par' dir='ltr' id='par_1_45' title="bbox 242 4192 1839 4269">
     <span class='ocr_line' id='line_1_45' title="bbox 242 4192 1839 4269; baseline 0.007 -24"><span class='ocrx_word' id='word_1_331' title='bbox 242 4195 1041 4269; x_wconf 79' lang='grc' dir='ltr'>παραινέσειπεριλαμϐάνεται.</span> <span class='ocrx_word' id='word_1_332' title='bbox 1073 4198 1133 4252; x_wconf 86' lang='grc' dir='ltr'>Ὃ</span> <span class='ocrx_word' id='word_1_333' title='bbox 1154 4199 1212 4252; x_wconf 81' lang='grc' dir='ltr'>δὲ</span> <span class='ocrx_word' id='word_1_334' title='bbox 1230 4198 1449 4269; x_wconf 80' lang='grc' dir='ltr'>ἐφεξῆς,</span> <span class='ocrx_word' id='word_1_335' title='bbox 1488 4200 1803 4268; x_wconf 71' lang='grc' dir='ltr'>Ἀχιλλεὺς</span> <span class='ocrx_word' id='word_1_336' title='bbox 1835 4192 1839 4198; x_wconf 53' lang='grc'><strong>’</strong></span> 
     </span>
    </p>
   </div>
   <div class='ocr_carea' id='block_1_46' title="bbox 241 4284 1802 4365">
    <p class='ocr_par' dir='ltr' id='par_1_46' title="bbox 241 4284 1802 4365">
     <span class='ocr_line' id='line_1_46' title="bbox 241 4284 1802 4365; baseline 0.006 -29"><span class='ocrx_word' id='word_1_337' title='bbox 241 4284 291 4338; x_wconf 81' lang='grc' dir='ltr'><strong>οὐ</strong></span> <span class='ocrx_word' id='word_1_338' title='bbox 325 4287 637 4359; x_wconf 87' lang='grc' dir='ltr'>πειθόμενος</span> <span class='ocrx_word' id='word_1_339' title='bbox 670 4289 750 4361; x_wconf 81' lang='grc' dir='ltr'>τῷ</span> <span class='ocrx_word' id='word_1_340' title='bbox 769 4290 1027 4361; x_wconf 86' lang='grc' dir='ltr'>Χείρωνι,</span> <span class='ocrx_word' id='word_1_341' title='bbox 1059 4290 1287 4362; x_wconf 80' lang='grc' dir='ltr'>προνοίᾳ</span> <span class='ocrx_word' id='word_1_342' title='bbox 1311 4292 1404 4345; x_wconf 77' lang='grc' dir='ltr'>καὶ</span> <span class='ocrx_word' id='word_1_343' title='bbox 1435 4293 1623 4365; x_wconf 79' lang='grc' dir='ltr'>τέχνῃ,</span> <span class='ocrx_word' id='word_1_344' title='bbox 1663 4292 1802 4345; x_wconf 81' lang='grc' dir='ltr'>ἀλλὰ</span> 
     </span>
    </p>
   </div>
   <div class='ocr_carea' id='block_1_47' title="bbox 245 4374 1802 4454">
    <p class='ocr_par' dir='ltr' id='par_1_47' title="bbox 245 4374 1802 4454">
     <span class='ocr_line' id='line_1_47' title="bbox 245 4374 1802 4454; baseline 0.003 -23"><span class='ocrx_word' id='word_1_345' title='bbox 245 4374 307 4447; x_wconf 78' lang='grc' dir='ltr'>μὴ</span> <span class='ocrx_word' id='word_1_346' title='bbox 335 4377 520 4449; x_wconf 83' lang='grc' dir='ltr'>θράσει</span> <span class='ocrx_word' id='word_1_347' title='bbox 579 4381 675 4434; x_wconf 72' lang='grc' dir='ltr'>καὶ</span> <span class='ocrx_word' id='word_1_348' title='bbox 737 4381 939 4453; x_wconf 83' lang='grc' dir='ltr'>χειρῶν</span> <span class='ocrx_word' id='word_1_349' title='bbox 970 4381 1130 4453; x_wconf 73' lang='grc' dir='ltr'>ἰσχύϊ</span> <span class='ocrx_word' id='word_1_350' title='bbox 1159 4382 1581 4452; x_wconf 87' lang='grc' dir='ltr'>συμϐουλεύοντι</span> <span class='ocrx_word' id='word_1_351' title='bbox 1636 4400 1802 4454; x_wconf 86' lang='grc' dir='ltr'>μετα-</span> 
     </span>
    </p>
   </div>
   <div class='ocr_carea' id='block_1_48' title="bbox 1920 520 3503 599">
    <p class='ocr_par' dir='ltr' id='par_1_48' title="bbox 1920 520 3503 599">
     <span class='ocr_line' id='line_1_48' title="bbox 1920 520 3503 599; baseline 0.008 -28"><span class='ocrx_word' id='word_1_352' title='bbox 1920 520 1975 571; x_wconf 82' lang='lat' dir='ltr'><strong>in</strong></span> <span class='ocrx_word' id='word_1_353' title='bbox 2019 520 2193 587; x_wconf 86' lang='lat' dir='ltr'><strong>patria</strong></span> <span class='ocrx_word' id='word_1_354' title='bbox 2221 520 2400 574; x_wconf 84' lang='lat' dir='ltr'><strong>habita</strong></span> <span class='ocrx_word' id='word_1_355' title='bbox 2464 522 2799 579; x_wconf 89' lang='lat' dir='ltr'><strong>inscribitur.</strong></span> <span class='ocrx_word' id='word_1_356' title='bbox 2839 525 2943 581; x_wconf 85' lang='lat' dir='ltr'><strong>Eos</strong></span> <span class='ocrx_word' id='word_1_357' title='bbox 2970 538 3148 581; x_wconf 84' lang='lat' dir='ltr'><strong>autem</strong></span> <span class='ocrx_word' id='word_1_358' title='bbox 3183 532 3274 597; x_wconf 89' lang='lat' dir='ltr'><strong>qni</strong></span> <span class='ocrx_word' id='word_1_359' title='bbox 3311 532 3503 599; x_wconf 84' lang='lat' dir='ltr'><strong>lapidi-</strong></span> 
     </span>
    </p>
   </div>
   <div class='ocr_carea' id='block_1_49' title="bbox 1924 612 3504 690">
    <p class='ocr_par' dir='ltr' id='par_1_49' title="bbox 1924 612 3504 690">
     <span class='ocr_line' id='line_1_49' title="bbox 1924 612 3504 690; baseline 0.01 -27"><span class='ocrx_word' id='word_1_360' title='bbox 1924 612 2024 664; x_wconf 87' lang='lat' dir='ltr'><strong>lms</strong></span> <span class='ocrx_word' id='word_1_361' title='bbox 2058 612 2229 678; x_wconf 88' lang='lat' dir='ltr'><strong>ipsum</strong></span> <span class='ocrx_word' id='word_1_362' title='bbox 2264 628 2384 665; x_wconf 89' lang='lat' dir='ltr'><strong>cum</strong></span> <span class='ocrx_word' id='word_1_363' title='bbox 2426 614 2535 667; x_wconf 91' lang='lat' dir='ltr'><strong>alio</strong></span> <span class='ocrx_word' id='word_1_364' title='bbox 2577 617 2809 680; x_wconf 87' lang='lat' dir='ltr'><strong>quodam</strong></span> <span class='ocrx_word' id='word_1_365' title='bbox 2854 618 3091 671; x_wconf 89' lang='lat' dir='ltr'><strong>obruere</strong></span> <span class='ocrx_word' id='word_1_366' title='bbox 3149 624 3389 690; x_wconf 75' lang='lat' dir='ltr'><strong>aggressi</strong></span> <span class='ocrx_word' id='word_1_367' title='bbox 3416 639 3504 679; x_wconf 90' lang='lat' dir='ltr'><strong>es-</strong></span> 
     </span>
    </p>
   </div>
   <div class='ocr_carea' id='block_1_50' title="bbox 1920 705 3499 774">
    <p class='ocr_par' dir='ltr' id='par_1_50' title="bbox 1920 705 3499 774">
     <span class='ocr_line' id='line_1_50' title="bbox 1920 705 3499 774; baseline 0.006 -18"><span class='ocrx_word' id='word_1_368' title='bbox 1920 712 2060 767; x_wconf 86' lang='lat' dir='ltr'><strong>sent,</strong></span> <span class='ocrx_word' id='word_1_369' title='bbox 2092 718 2156 757; x_wconf 91' lang='lat' dir='ltr'><strong>ac</strong></span> <span class='ocrx_word' id='word_1_370' title='bbox 2219 713 2337 772; x_wconf 92' lang='lat' dir='ltr'><strong>post</strong></span> <span class='ocrx_word' id='word_1_371' title='bbox 2366 706 2529 758; x_wconf 86' lang='lat' dir='ltr'><strong>etiam</strong></span> <span class='ocrx_word' id='word_1_372' title='bbox 2575 705 2694 774; x_wconf 89' lang='lat' dir='ltr'><strong>ejus</strong></span> <span class='ocrx_word' id='word_1_373' title='bbox 2739 708 2957 760; x_wconf 90' lang='lat' dir='ltr'><strong>domum</strong></span> <span class='ocrx_word' id='word_1_374' title='bbox 2994 709 3099 772; x_wconf 82' lang='lat' dir='ltr'><strong>igni</strong></span> <span class='ocrx_word' id='word_1_375' title='bbox 3150 713 3499 766; x_wconf 79' lang='lat' dir='ltr'><strong>cremandam</strong></span> 
     </span>
    </p>
   </div>
   <div class='ocr_carea' id='block_1_51' title="bbox 1924 797 3504 864">
    <p class='ocr_par' dir='ltr' id='par_1_51' title="bbox 1924 797 3504 864">
     <span class='ocr_line' id='line_1_51' title="bbox 1924 797 3504 864; baseline 0.007 -16"><span class='ocrx_word' id='word_1_376' title='bbox 1924 797 2159 860; x_wconf 86' lang='lat' dir='ltr'><strong>tradere,</strong></span> <span class='ocrx_word' id='word_1_377' title='bbox 2214 797 2510 851; x_wconf 90' lang='lat' dir='ltr'><strong>clementer</strong></span> <span class='ocrx_word' id='word_1_378' title='bbox 2567 797 2904 864; x_wconf 77' lang='lat' dir='ltr'><strong>objurgans,</strong></span> <span class='ocrx_word' id='word_1_379' title='bbox 2955 800 3149 853; x_wconf 90' lang='lat' dir='ltr'><strong>melius</strong></span> <span class='ocrx_word' id='word_1_380' title='bbox 3201 802 3270 856; x_wconf 91' lang='lat' dir='ltr'><strong>ob</strong></span> <span class='ocrx_word' id='word_1_381' title='bbox 3318 804 3504 859; x_wconf 77' lang='lat' dir='ltr'><strong>civiles</strong></span> 
     </span>
    </p>
   </div>
   <div class='ocr_carea' id='block_1_52' title="bbox 1896 890 3501 963">
    <p class='ocr_par' dir='ltr' id='par_1_52' title="bbox 1896 890 3501 963">
     <span class='ocr_line' id='line_1_52' title="bbox 1896 890 3501 963; baseline 0.006 -21"><span class='ocrx_word' id='word_1_382' title='bbox 1896 890 2108 951; x_wconf 74' lang='lat' dir='ltr'><strong>turbas</strong></span> <span class='ocrx_word' id='word_1_383' title='bbox 2154 904 2275 943; x_wconf 87' lang='lat' dir='ltr'><strong>esse</strong></span> <span class='ocrx_word' id='word_1_384' title='bbox 2311 890 2597 944; x_wconf 79' lang='lat' dir='ltr'><strong>confirmat</strong></span> <span class='ocrx_word' id='word_1_385' title='bbox 2636 906 2864 960; x_wconf 83' lang='lat' dir='ltr'><strong>peregre</strong></span> <span class='ocrx_word' id='word_1_386' title='bbox 2912 894 3117 963; x_wconf 85' lang='lat' dir='ltr'><strong>vagari,</strong></span> <span class='ocrx_word' id='word_1_387' title='bbox 3153 910 3313 963; x_wconf 89' lang='lat' dir='ltr'><strong>quam</strong></span> <span class='ocrx_word' id='word_1_388' title='bbox 3358 898 3501 951; x_wconf 90' lang='lat' dir='ltr'><strong>domi</strong></span> 
     </span>
    </p>
   </div>
   <div class='ocr_carea' id='block_1_53' title="bbox 1922 980 3500 1057">
    <p class='ocr_par' dir='ltr' id='par_1_53' title="bbox 1922 980 3500 1057">
     <span class='ocr_line' id='line_1_53' title="bbox 1922 980 3500 1057; baseline 0.006 -26"><span class='ocrx_word' id='word_1_389' title='bbox 1922 980 2135 1050; x_wconf 80' lang='lat' dir='ltr'><strong>degere.</strong></span> <span class='ocrx_word' id='word_1_390' title='bbox 2169 981 2384 1035; x_wconf 82' lang='lat' dir='ltr'><strong>Civium</strong></span> <span class='ocrx_word' id='word_1_391' title='bbox 2415 997 2544 1036; x_wconf 88' lang='lat' dir='ltr'><strong>vero</strong></span> <span class='ocrx_word' id='word_1_392' title='bbox 2575 998 2795 1037; x_wconf 90' lang='lat' dir='ltr'><strong>suorum</strong></span> <span class='ocrx_word' id='word_1_393' title='bbox 2825 1000 2951 1054; x_wconf 84' lang='lat' dir='ltr'><strong>erga</strong></span> <span class='ocrx_word' id='word_1_394' title='bbox 2988 1000 3047 1039; x_wconf 92' lang='lat' dir='ltr'><strong>se</strong></span> <span class='ocrx_word' id='word_1_395' title='bbox 3077 985 3500 1057; x_wconf 76' lang='lat' dir='ltr'><strong>indignationem</strong></span> 
     </span>
    </p>
   </div>
   <div class='ocr_carea' id='block_1_54' title="bbox 1920 1072 3501 1149">
    <p class='ocr_par' dir='ltr' id='par_1_54' title="bbox 1920 1072 3501 1149">
     <span class='ocr_line' id='line_1_54' title="bbox 1920 1072 3501 1149; baseline 0.004 -23"><span class='ocrx_word' id='word_1_396' title='bbox 1920 1072 2048 1127; x_wconf 89' lang='lat' dir='ltr'><strong>hinc</strong></span> <span class='ocrx_word' id='word_1_397' title='bbox 2072 1083 2249 1127; x_wconf 88' lang='lat' dir='ltr'><strong>ortam</strong></span> <span class='ocrx_word' id='word_1_398' title='bbox 2278 1074 2376 1136; x_wconf 85' lang='lat' dir='ltr'><strong>ait,</strong></span> <span class='ocrx_word' id='word_1_399' title='bbox 2410 1075 2553 1144; x_wconf 90' lang='lat' dir='ltr'><strong>quod</strong></span> <span class='ocrx_word' id='word_1_400' title='bbox 2588 1091 2757 1131; x_wconf 88' lang='lat' dir='ltr'><strong>ruens</strong></span> <span class='ocrx_word' id='word_1_401' title='bbox 2780 1077 2890 1145; x_wconf 87' lang='lat' dir='ltr'><strong>jam</strong></span> <span class='ocrx_word' id='word_1_402' title='bbox 2921 1078 3209 1132; x_wconf 64' lang='lat' dir='ltr'><strong>aedilicium</strong></span> <span class='ocrx_word' id='word_1_403' title='bbox 3232 1080 3501 1149; x_wconf 87' lang='lat' dir='ltr'><strong>quoddam</strong></span> 
     </span>
    </p>
   </div>
   <div class='ocr_carea' id='block_1_55' title="bbox 1923 1166 3502 1241">
    <p class='ocr_par' dir='ltr' id='par_1_55' title="bbox 1923 1166 3502 1241">
     <span class='ocr_line' id='line_1_55' title="bbox 1923 1166 3502 1241; baseline 0.004 -22"><span class='ocrx_word' id='word_1_404' title='bbox 1923 1167 2305 1222; x_wconf 79' lang='lat' dir='ltr'><strong>instanrasset.</strong></span> <span class='ocrx_word' id='word_1_405' title='bbox 2350 1166 2649 1222; x_wconf 84' lang='lat' dir='ltr'><strong>Tricesitna</strong></span> <span class='ocrx_word' id='word_1_406' title='bbox 2708 1169 2902 1224; x_wconf 89' lang='lat' dir='ltr'><strong>deinde</strong></span> <span class='ocrx_word' id='word_1_407' title='bbox 2957 1170 3149 1225; x_wconf 85' lang='lat' dir='ltr'><strong>Concio</strong></span> <span class='ocrx_word' id='word_1_408' title='bbox 3206 1172 3258 1224; x_wconf 84' lang='lat' dir='ltr'><strong>in</strong></span> <span class='ocrx_word' id='word_1_409' title='bbox 3324 1175 3502 1241; x_wconf 85' lang='lat' dir='ltr'><strong>patria</strong></span> 
     </span>
    </p>
   </div>
   <div class='ocr_carea' id='block_1_56' title="bbox 1923 1258 3495 1330">
    <p class='ocr_par' dir='ltr' id='par_1_56' title="bbox 1923 1258 3495 1330">
     <span class='ocr_line' id='line_1_56' title="bbox 1923 1258 3495 1330; baseline 0.005 -19"><span class='ocrx_word' id='word_1_410' title='bbox 1923 1258 2267 1321; x_wconf 89' lang='lat' dir='ltr'><strong>inscribitur,</strong></span> <span class='ocrx_word' id='word_1_411' title='bbox 2301 1260 2553 1330; x_wconf 86' lang='lat' dir='ltr'><strong>idemque</strong></span> <span class='ocrx_word' id='word_1_412' title='bbox 2603 1262 2827 1330; x_wconf 86' lang='lat' dir='ltr'><strong>respicit</strong></span> <span class='ocrx_word' id='word_1_413' title='bbox 2861 1274 3264 1329; x_wconf 77' lang='lat' dir='ltr'><strong>argumentum.</strong></span> <span class='ocrx_word' id='word_1_414' title='bbox 3301 1262 3495 1319; x_wconf 87' lang='lat' dir='ltr'><strong>XXXI.</strong></span> 
     </span>
    </p>
   </div>
   <div class='ocr_carea' id='block_1_57' title="bbox 1921 1352 3501 1426">
    <p class='ocr_par' dir='ltr' id='par_1_57' title="bbox 1921 1352 3501 1426">
     <span class='ocr_line' id='line_1_57' title="bbox 1921 1352 3501 1426; baseline 0.003 -21"><span class='ocrx_word' id='word_1_415' title='bbox 1921 1352 1979 1406; x_wconf 90' lang='lat' dir='ltr'><strong>In</strong></span> <span class='ocrx_word' id='word_1_416' title='bbox 2013 1352 2186 1420; x_wconf 87' lang='lat' dir='ltr'><strong>patria</strong></span> <span class='ocrx_word' id='word_1_417' title='bbox 2225 1352 2430 1418; x_wconf 88' lang='lat' dir='ltr'><strong>habita,</strong></span> <span class='ocrx_word' id='word_1_418' title='bbox 2460 1352 2704 1407; x_wconf 78' lang='lat' dir='ltr'><strong>Politicw</strong></span> <span class='ocrx_word' id='word_1_419' title='bbox 2737 1355 2792 1407; x_wconf 81' lang='lat' dir='ltr'><strong>in</strong></span> <span class='ocrx_word' id='word_1_420' title='bbox 2823 1355 3071 1408; x_wconf 83' lang='lat' dir='ltr'><strong>concione</strong></span> <span class='ocrx_word' id='word_1_421' title='bbox 3114 1354 3328 1408; x_wconf 87' lang='lat' dir='ltr'><strong>titulum</strong></span> <span class='ocrx_word' id='word_1_422' title='bbox 3362 1371 3501 1426; x_wconf 64' lang='lat' dir='ltr'><strong>prato</strong></span> 
     </span>
    </p>
   </div>
   <div class='ocr_carea' id='block_1_58' title="bbox 1922 1441 3500 1513">
    <p class='ocr_par' dir='ltr' id='par_1_58' title="bbox 1922 1441 3500 1513">
     <span class='ocr_line' id='line_1_58' title="bbox 1922 1441 3500 1513; baseline 0.004 -18"><span class='ocrx_word' id='word_1_423' title='bbox 1922 1441 2025 1496; x_wconf 89' lang='lat' dir='ltr'><strong>fert</strong></span> <span class='ocrx_word' id='word_1_424' title='bbox 2059 1462 2070 1496; x_wconf 91' lang='lat'><strong>:</strong></span> <span class='ocrx_word' id='word_1_425' title='bbox 2102 1444 2401 1512; x_wconf 85' lang='lat' dir='ltr'><strong>suadetque</strong></span> <span class='ocrx_word' id='word_1_426' title='bbox 2450 1452 2506 1497; x_wconf 92' lang='lat' dir='ltr'><strong>ut</strong></span> <span class='ocrx_word' id='word_1_427' title='bbox 2560 1445 2805 1513; x_wconf 83' lang='lat' dir='ltr'><strong>posthac,</strong></span> <span class='ocrx_word' id='word_1_428' title='bbox 2861 1445 3080 1511; x_wconf 87' lang='lat' dir='ltr'><strong>injuriis</strong></span> <span class='ocrx_word' id='word_1_429' title='bbox 3138 1445 3371 1499; x_wconf 87' lang='lat' dir='ltr'><strong>invicem</strong></span> <span class='ocrx_word' id='word_1_430' title='bbox 3434 1460 3500 1501; x_wconf 87' lang='lat' dir='ltr'><strong>ac</strong></span> 
     </span>
    </p>
   </div>
   <div class='ocr_carea' id='block_1_59' title="bbox 1922 1531 3496 1603">
    <p class='ocr_par' dir='ltr' id='par_1_59' title="bbox 1922 1531 3496 1603">
     <span class='ocr_line' id='line_1_59' title="bbox 1922 1531 3496 1603; baseline 0.003 -19"><span class='ocrx_word' id='word_1_431' title='bbox 1922 1531 2199 1600; x_wconf 89' lang='lat' dir='ltr'><strong>probrosis</strong></span> <span class='ocrx_word' id='word_1_432' title='bbox 2233 1533 2578 1587; x_wconf 89' lang='lat' dir='ltr'><strong>contumeliis</strong></span> <span class='ocrx_word' id='word_1_433' title='bbox 2606 1533 2787 1588; x_wconf 88' lang='lat' dir='ltr'><strong>valere</strong></span> <span class='ocrx_word' id='word_1_434' title='bbox 2833 1533 3023 1603; x_wconf 85' lang='lat' dir='ltr'><strong>jussis,</strong></span> <span class='ocrx_word' id='word_1_435' title='bbox 3073 1536 3394 1590; x_wconf 81' lang='lat' dir='ltr'><strong>seditionem</strong></span> <span class='ocrx_word' id='word_1_436' title='bbox 3443 1537 3496 1591; x_wconf 90' lang='lat' dir='ltr'><strong>in</strong></span> 
     </span>
    </p>
   </div>
   <div class='ocr_carea' id='block_1_60' title="bbox 1921 1624 3497 1695">
    <p class='ocr_par' dir='ltr' id='par_1_60' title="bbox 1921 1624 3497 1695">
     <span class='ocr_line' id='line_1_60' title="bbox 1921 1624 3497 1695; baseline 0.002 -20"><span class='ocrx_word' id='word_1_437' title='bbox 1921 1624 2266 1678; x_wconf 84' lang='lat' dir='ltr'><strong>concordiam</strong></span> <span class='ocrx_word' id='word_1_438' title='bbox 2293 1633 2529 1679; x_wconf 87' lang='lat' dir='ltr'><strong>vertant.</strong></span> <span class='ocrx_word' id='word_1_439' title='bbox 2577 1625 2843 1680; x_wconf 86' lang='lat' dir='ltr'><strong>Similiter</strong></span> <span class='ocrx_word' id='word_1_440' title='bbox 2886 1639 2942 1680; x_wconf 91' lang='lat' dir='ltr'><strong>et</strong></span> <span class='ocrx_word' id='word_1_441' title='bbox 2983 1642 3044 1681; x_wconf 89' lang='lat' dir='ltr'><strong>ea</strong></span> <span class='ocrx_word' id='word_1_442' title='bbox 3088 1642 3208 1695; x_wconf 65' lang='lat' dir='ltr'><strong>quae</strong></span> <span class='ocrx_word' id='word_1_443' title='bbox 3250 1629 3497 1695; x_wconf 83' lang='lat' dir='ltr'><strong>sequitur</strong></span> 
     </span>
    </p>
   </div>
   <div class='ocr_carea' id='block_1_61' title="bbox 1923 1717 3497 1789">
    <p class='ocr_par' dir='ltr' id='par_1_61' title="bbox 1923 1717 3497 1789">
     <span class='ocr_line' id='line_1_61' title="bbox 1923 1717 3497 1789; baseline 0.002 -19"><span class='ocrx_word' id='word_1_444' title='bbox 1923 1717 2107 1771; x_wconf 88' lang='lat' dir='ltr'><strong>habita</strong></span> <span class='ocrx_word' id='word_1_445' title='bbox 2141 1726 2224 1772; x_wconf 85' lang='lat' dir='ltr'><strong>est</strong></span> <span class='ocrx_word' id='word_1_446' title='bbox 2253 1717 2305 1771; x_wconf 91' lang='lat' dir='ltr'><strong>in</strong></span> <span class='ocrx_word' id='word_1_447' title='bbox 2341 1719 2536 1786; x_wconf 84' lang='lat' dir='ltr'><strong>patria,</strong></span> <span class='ocrx_word' id='word_1_448' title='bbox 2570 1719 2995 1788; x_wconf 89' lang='lat' dir='ltr'><strong>inscribiturque</strong></span> <span class='ocrx_word' id='word_1_449' title='bbox 3029 1736 3094 1773; x_wconf 82' lang='lat' dir='ltr'><strong>ex</strong></span> <span class='ocrx_word' id='word_1_450' title='bbox 3135 1736 3201 1774; x_wconf 88' lang='lat' dir='ltr'><strong>eo</strong></span> <span class='ocrx_word' id='word_1_451' title='bbox 3228 1722 3370 1789; x_wconf 91' lang='lat' dir='ltr'><strong>quod</strong></span> <span class='ocrx_word' id='word_1_452' title='bbox 3401 1736 3497 1789; x_wconf 88' lang='lat' dir='ltr'><strong>pa-</strong></span> 
     </span>
    </p>
   </div>
   <div class='ocr_carea' id='block_1_62' title="bbox 1852 1796 3500 1886">
    <p class='ocr_par' dir='ltr' id='par_1_62' title="bbox 1852 1796 3500 1886">
     <span class='ocr_line' id='line_1_62' title="bbox 1852 1796 3500 1886; baseline 0.002 -22"><span class='ocrx_word' id='word_1_453' title='bbox 1852 1796 1892 1849; x_wconf 80' lang='grc' dir='ltr'><strong>Β</strong></span> <span class='ocrx_word' id='word_1_454' title='bbox 1923 1811 2026 1865; x_wconf 88' lang='lat' dir='ltr'><strong>Iam</strong></span> <span class='ocrx_word' id='word_1_455' title='bbox 2056 1813 2256 1867; x_wconf 86' lang='lat' dir='ltr'><strong>indicat</strong></span> <span class='ocrx_word' id='word_1_456' title='bbox 2286 1830 2300 1867; x_wconf 88' lang='lat'><strong>:</strong></span> <span class='ocrx_word' id='word_1_457' title='bbox 2332 1812 2605 1867; x_wconf 80' lang='lat' dir='ltr'><strong>Recusatio</strong></span> <span class='ocrx_word' id='word_1_458' title='bbox 2631 1815 2973 1884; x_wconf 76' lang='lat' dir='ltr'><strong>magistratus</strong></span> <span class='ocrx_word' id='word_1_459' title='bbox 3008 1816 3063 1867; x_wconf 86' lang='lat' dir='ltr'><strong>in</strong></span> <span class='ocrx_word' id='word_1_460' title='bbox 3102 1828 3305 1871; x_wconf 78' lang='lat' dir='ltr'><strong>senatu.</strong></span> <span class='ocrx_word' id='word_1_461' title='bbox 3336 1815 3500 1886; x_wconf 65' lang='lat' dir='ltr'><strong>Magio</strong></span> 
     </span>
    </p>
   </div>
   <div class='ocr_carea' id='block_1_63' title="bbox 1913 1905 3495 1974">
    <p class='ocr_par' dir='ltr' id='par_1_63' title="bbox 1913 1905 3495 1974">
     <span class='ocr_line' id='line_1_63' title="bbox 1913 1905 3495 1974; baseline -0.001 -15"><span class='ocrx_word' id='word_1_462' title='bbox 1913 1912 2139 1959; x_wconf 90' lang='lat' dir='ltr'><strong>stratum</strong></span> <span class='ocrx_word' id='word_1_463' title='bbox 2166 1905 2311 1959; x_wconf 88' lang='lat' dir='ltr'><strong>enim</strong></span> <span class='ocrx_word' id='word_1_464' title='bbox 2364 1906 2619 1974; x_wconf 87' lang='lat' dir='ltr'><strong>scriptor,</strong></span> <span class='ocrx_word' id='word_1_465' title='bbox 2656 1907 2722 1958; x_wconf 88' lang='lat' dir='ltr'><strong>ad</strong></span> <span class='ocrx_word' id='word_1_466' title='bbox 2753 1921 2911 1973; x_wconf 90' lang='lat' dir='ltr'><strong>quem</strong></span> <span class='ocrx_word' id='word_1_467' title='bbox 2966 1906 3219 1974; x_wconf 76' lang='lat' dir='ltr'><strong>suifragio</strong></span> <span class='ocrx_word' id='word_1_468' title='bbox 3257 1908 3495 1962; x_wconf 77' lang='lat' dir='ltr'><strong>delectus</strong></span> 
     </span>
    </p>
   </div>
   <div class='ocr_carea' id='block_1_64' title="bbox 1913 1995 3494 2064">
    <p class='ocr_par' dir='ltr' id='par_1_64' title="bbox 1913 1995 3494 2064">
     <span class='ocr_line' id='line_1_64' title="bbox 1913 1995 3494 2064; baseline 0.001 -13"><span class='ocrx_word' id='word_1_469' title='bbox 1913 2008 2052 2063; x_wconf 83' lang='lat' dir='ltr'><strong>erat,</strong></span> <span class='ocrx_word' id='word_1_470' title='bbox 2105 1997 2371 2064; x_wconf 83' lang='lat' dir='ltr'><strong>repudiat.</strong></span> <span class='ocrx_word' id='word_1_471' title='bbox 2416 1995 2657 2050; x_wconf 78' lang='lat' dir='ltr'><strong>XXXIII.</strong></span> <span class='ocrx_word' id='word_1_472' title='bbox 2718 1996 2792 2050; x_wconf 89' lang='lat' dir='ltr'><strong>De</strong></span> <span class='ocrx_word' id='word_1_473' title='bbox 2833 1998 3386 2052; x_wconf 82' lang='lat' dir='ltr'><strong>administrationibus</strong></span> <span class='ocrx_word' id='word_1_474' title='bbox 3432 2000 3494 2052; x_wconf 59' lang='grc' dir='ltr'><strong>ἐκ</strong></span> 
     </span>
    </p>
   </div>
   <div class='ocr_carea' id='block_1_65' title="bbox 1912 2088 3493 2158">
    <p class='ocr_par' dir='ltr' id='par_1_65' title="bbox 1912 2088 3493 2158">
     <span class='ocr_line' id='line_1_65' title="bbox 1912 2088 3493 2158; baseline 0.002 -18"><span class='ocrx_word' id='word_1_475' title='bbox 1912 2097 2122 2154; x_wconf 79' lang='lat' dir='ltr'><strong>senatu,</strong></span> <span class='ocrx_word' id='word_1_476' title='bbox 2157 2088 2569 2157; x_wconf 87' lang='lat' dir='ltr'><strong>inscriptionem</strong></span> <span class='ocrx_word' id='word_1_477' title='bbox 2614 2088 2853 2156; x_wconf 77' lang='lat' dir='ltr'><strong>praefert.</strong></span> <span class='ocrx_word' id='word_1_478' title='bbox 2899 2091 2955 2142; x_wconf 94' lang='lat' dir='ltr'><strong>In</strong></span> <span class='ocrx_word' id='word_1_479' title='bbox 3003 2104 3064 2141; x_wconf 83' lang='lat' dir='ltr'><strong>ea</strong></span> <span class='ocrx_word' id='word_1_480' title='bbox 3111 2100 3232 2158; x_wconf 91' lang='lat' dir='ltr'><strong>post</strong></span> <span class='ocrx_word' id='word_1_481' title='bbox 3276 2091 3493 2145; x_wconf 86' lang='lat' dir='ltr'><strong>brevem</strong></span> 
     </span>
    </p>
   </div>
   <div class='ocr_carea' id='block_1_66' title="bbox 1912 2178 3495 2250">
    <p class='ocr_par' dir='ltr' id='par_1_66' title="bbox 1912 2178 3495 2250">
     <span class='ocr_line' id='line_1_66' title="bbox 1912 2178 3495 2250; baseline 0.002 -18"><span class='ocrx_word' id='word_1_482' title='bbox 1912 2190 2135 2232; x_wconf 80' lang='lat' dir='ltr'><strong>senatus</strong></span> <span class='ocrx_word' id='word_1_483' title='bbox 2168 2179 2405 2241; x_wconf 89' lang='lat' dir='ltr'><strong>laudem,</strong></span> <span class='ocrx_word' id='word_1_484' title='bbox 2451 2178 2519 2232; x_wconf 89' lang='lat' dir='ltr'><strong>de</strong></span> <span class='ocrx_word' id='word_1_485' title='bbox 2548 2180 2614 2233; x_wconf 88' lang='lat' dir='ltr'><strong>iis</strong></span> <span class='ocrx_word' id='word_1_486' title='bbox 2666 2194 2723 2234; x_wconf 90' lang='lat' dir='ltr'><strong>se</strong></span> <span class='ocrx_word' id='word_1_487' title='bbox 2763 2190 2956 2249; x_wconf 86' lang='lat' dir='ltr'><strong>purgat</strong></span> <span class='ocrx_word' id='word_1_488' title='bbox 3002 2180 3160 2245; x_wconf 87' lang='lat' dir='ltr'><strong>Dion,</strong></span> <span class='ocrx_word' id='word_1_489' title='bbox 3191 2182 3260 2234; x_wconf 91' lang='lat' dir='ltr'><strong>ob</strong></span> <span class='ocrx_word' id='word_1_490' title='bbox 3292 2195 3411 2250; x_wconf 66' lang='lat' dir='ltr'><strong>qua</strong></span> <span class='ocrx_word' id='word_1_491' title='bbox 3443 2181 3495 2235; x_wconf 91' lang='lat' dir='ltr'><strong>in</strong></span> 
     </span>
    </p>
   </div>
   <div class='ocr_carea' id='block_1_67' title="bbox 1915 2270 3498 2339">
    <p class='ocr_par' dir='ltr' id='par_1_67' title="bbox 1915 2270 3498 2339">
     <span class='ocr_line' id='line_1_67' title="bbox 1915 2270 3498 2339; baseline 0.001 -17"><span class='ocrx_word' id='word_1_492' title='bbox 1915 2272 2279 2339; x_wconf 76' lang='lat' dir='ltr'><strong>suspicionem</strong></span> <span class='ocrx_word' id='word_1_493' title='bbox 2306 2279 2530 2323; x_wconf 89' lang='lat' dir='ltr'><strong>venerat</strong></span> <span class='ocrx_word' id='word_1_494' title='bbox 2563 2288 2575 2322; x_wconf 90' lang='lat'>:</span> <span class='ocrx_word' id='word_1_495' title='bbox 2615 2270 2869 2323; x_wconf 88' lang='lat' dir='ltr'><strong>nimirum</strong></span> <span class='ocrx_word' id='word_1_496' title='bbox 2901 2286 2929 2323; x_wconf 91' lang='lat' dir='ltr'><strong>a</strong></span> <span class='ocrx_word' id='word_1_497' title='bbox 2976 2280 3204 2338; x_wconf 89' lang='lat' dir='ltr'><strong>paterno</strong></span> <span class='ocrx_word' id='word_1_498' title='bbox 3242 2286 3349 2325; x_wconf 90' lang='lat' dir='ltr'><strong>non</strong></span> <span class='ocrx_word' id='word_1_499' title='bbox 3376 2284 3498 2325; x_wconf 87' lang='lat' dir='ltr'><strong>esse</strong></span> 
     </span>
    </p>
   </div>
   <div class='ocr_carea' id='block_1_68' title="bbox 1913 2360 3498 2429">
    <p class='ocr_par' dir='ltr' id='par_1_68' title="bbox 1913 2360 3498 2429">
     <span class='ocr_line' id='line_1_68' title="bbox 1913 2360 3498 2429; baseline 0.002 -17"><span class='ocrx_word' id='word_1_500' title='bbox 1913 2361 2152 2429; x_wconf 78' lang='lat' dir='ltr'><strong>profecta</strong></span> <span class='ocrx_word' id='word_1_501' title='bbox 2212 2361 2460 2427; x_wconf 89' lang='lat' dir='ltr'><strong>consilio,</strong></span> <span class='ocrx_word' id='word_1_502' title='bbox 2501 2374 2621 2428; x_wconf 69' lang='lat' dir='ltr'><strong>quae</strong></span> <span class='ocrx_word' id='word_1_503' title='bbox 2687 2361 2737 2413; x_wconf 93' lang='lat' dir='ltr'><strong>in</strong></span> <span class='ocrx_word' id='word_1_504' title='bbox 2792 2360 3222 2416; x_wconf 88' lang='lat' dir='ltr'><strong>administranda</strong></span> <span class='ocrx_word' id='word_1_505' title='bbox 3276 2362 3498 2416; x_wconf 84' lang='lat' dir='ltr'><strong>civitate</strong></span> 
     </span>
    </p>
   </div>
   <div class='ocr_carea' id='block_1_69' title="bbox 1915 2451 3492 2523">
    <p class='ocr_par' dir='ltr' id='par_1_69' title="bbox 1915 2451 3492 2523">
     <span class='ocr_line' id='line_1_69' title="bbox 1915 2451 3492 2523; baseline 0.001 -18"><span class='ocrx_word' id='word_1_506' title='bbox 1915 2453 2057 2507; x_wconf 84' lang='lat' dir='ltr'><strong>ﬁlius</strong></span> <span class='ocrx_word' id='word_1_507' title='bbox 2084 2454 2304 2523; x_wconf 83' lang='lat' dir='ltr'><strong>egisset.</strong></span> <span class='ocrx_word' id='word_1_508' title='bbox 2337 2451 2591 2508; x_wconf 86' lang='lat' dir='ltr'><strong>Proxima</strong></span> <span class='ocrx_word' id='word_1_509' title='bbox 2633 2451 2714 2506; x_wconf 85' lang='lat' dir='ltr'><strong>Ad</strong></span> <span class='ocrx_word' id='word_1_510' title='bbox 2744 2452 3035 2505; x_wconf 87' lang='lat' dir='ltr'><strong>Diodorum</strong></span> <span class='ocrx_word' id='word_1_511' title='bbox 3080 2452 3337 2520; x_wconf 87' lang='lat' dir='ltr'><strong>inscripta</strong></span> <span class='ocrx_word' id='word_1_512' title='bbox 3364 2466 3492 2507; x_wconf 85' lang='lat' dir='ltr'><strong>ora-</strong></span> 
     </span>
    </p>
   </div>
   <div class='ocr_carea' id='block_1_70' title="bbox 1914 2543 3499 2614">
    <p class='ocr_par' dir='ltr' id='par_1_70' title="bbox 1914 2543 3499 2614">
     <span class='ocr_line' id='line_1_70' title="bbox 1914 2543 3499 2614; baseline 0.001 -17"><span class='ocrx_word' id='word_1_513' title='bbox 1914 2545 2009 2608; x_wconf 91' lang='lat' dir='ltr'><strong>tio,</strong></span> <span class='ocrx_word' id='word_1_514' title='bbox 2028 2555 2083 2599; x_wconf 91' lang='lat' dir='ltr'><strong>et</strong></span> <span class='ocrx_word' id='word_1_515' title='bbox 2114 2544 2181 2598; x_wconf 87' lang='lat' dir='ltr'><strong>ad</strong></span> <span class='ocrx_word' id='word_1_516' title='bbox 2214 2545 2465 2599; x_wconf 87' lang='lat' dir='ltr'><strong>virtutem</strong></span> <span class='ocrx_word' id='word_1_517' title='bbox 2485 2545 2754 2609; x_wconf 82' lang='lat' dir='ltr'><strong>hortatur,</strong></span> <span class='ocrx_word' id='word_1_518' title='bbox 2778 2553 2834 2598; x_wconf 90' lang='lat' dir='ltr'><strong>et</strong></span> <span class='ocrx_word' id='word_1_519' title='bbox 2859 2560 2918 2599; x_wconf 91' lang='lat' dir='ltr'><strong>se</strong></span> <span class='ocrx_word' id='word_1_520' title='bbox 2945 2543 3169 2598; x_wconf 87' lang='lat' dir='ltr'><strong>laudare</strong></span> <span class='ocrx_word' id='word_1_521' title='bbox 3198 2544 3273 2614; x_wconf 72' lang='grc'><strong>(4)</strong></span> <span class='ocrx_word' id='word_1_522' title='bbox 3305 2544 3499 2599; x_wconf 81' lang='lat' dir='ltr'><strong>civita-</strong></span> 
     </span>
    </p>
   </div>
   <div class='ocr_carea' id='block_1_71' title="bbox 1914 2637 3500 2707">
    <p class='ocr_par' dir='ltr' id='par_1_71' title="bbox 1914 2637 3500 2707">
     <span class='ocr_line' id='line_1_71' title="bbox 1914 2637 3500 2707; baseline 0 -16"><span class='ocrx_word' id='word_1_523' title='bbox 1914 2646 2018 2691; x_wconf 90' lang='lat' dir='ltr'><strong>tem</strong></span> <span class='ocrx_word' id='word_1_524' title='bbox 2043 2638 2139 2702; x_wconf 88' lang='lat' dir='ltr'><strong>ait,</strong></span> <span class='ocrx_word' id='word_1_525' title='bbox 2173 2639 2389 2706; x_wconf 86' lang='lat' dir='ltr'><strong>quando</strong></span> <span class='ocrx_word' id='word_1_526' title='bbox 2418 2638 2509 2707; x_wconf 90' lang='lat' dir='ltr'><strong>qui</strong></span> <span class='ocrx_word' id='word_1_527' title='bbox 2536 2652 2655 2691; x_wconf 89' lang='lat' dir='ltr'><strong>eam</strong></span> <span class='ocrx_word' id='word_1_528' title='bbox 2702 2638 2951 2691; x_wconf 90' lang='lat' dir='ltr'><strong>Iaudarat</strong></span> <span class='ocrx_word' id='word_1_529' title='bbox 2989 2637 3280 2692; x_wconf 88' lang='lat' dir='ltr'><strong>Diodorum</strong></span> <span class='ocrx_word' id='word_1_530' title='bbox 3318 2637 3500 2691; x_wconf 81' lang='lat' dir='ltr'><strong>laudi-</strong></span> 
     </span>
    </p>
   </div>
   <div class='ocr_carea' id='block_1_72' title="bbox 1915 2727 3498 2798">
    <p class='ocr_par' dir='ltr' id='par_1_72' title="bbox 1915 2727 3498 2798">
     <span class='ocr_line' id='line_1_72' title="bbox 1915 2727 3498 2798; baseline -0.001 -16"><span class='ocrx_word' id='word_1_531' title='bbox 1915 2731 2012 2783; x_wconf 88' lang='lat' dir='ltr'><strong>bus</strong></span> <span class='ocrx_word' id='word_1_532' title='bbox 2040 2739 2218 2784; x_wconf 89' lang='lat' dir='ltr'><strong>ornat.</strong></span> <span class='ocrx_word' id='word_1_533' title='bbox 2242 2727 2461 2782; x_wconf 80' lang='lat' dir='ltr'><strong>XXXV.</strong></span> <span class='ocrx_word' id='word_1_534' title='bbox 2495 2729 2569 2782; x_wconf 88' lang='lat' dir='ltr'><strong>De</strong></span> <span class='ocrx_word' id='word_1_535' title='bbox 2610 2727 2891 2798; x_wconf 53' lang='lat' dir='ltr'><strong>[Escltylm</strong></span> <span class='ocrx_word' id='word_1_536' title='bbox 2926 2727 3212 2797; x_wconf 79' lang='lat' dir='ltr'><strong>Sophocle,</strong></span> <span class='ocrx_word' id='word_1_537' title='bbox 3249 2738 3301 2782; x_wconf 91' lang='lat' dir='ltr'><strong>et</strong></span> <span class='ocrx_word' id='word_1_538' title='bbox 3335 2728 3498 2781; x_wconf 83' lang='lat' dir='ltr'><strong>Euri-</strong></span> 
     </span>
    </p>
   </div>
   <div class='ocr_carea' id='block_1_73' title="bbox 1911 2818 3493 2889">
    <p class='ocr_par' dir='ltr' id='par_1_73' title="bbox 1911 2818 3493 2889">
     <span class='ocr_line' id='line_1_73' title="bbox 1911 2818 3493 2889; baseline 0.001 -18"><span class='ocrx_word' id='word_1_539' title='bbox 1911 2822 2030 2887; x_wconf 87' lang='lat' dir='ltr'><strong>pide</strong></span> <span class='ocrx_word' id='word_1_540' title='bbox 2059 2836 2078 2874; x_wconf 90' lang='lat'><strong><em>:</em></strong></span> <span class='ocrx_word' id='word_1_541' title='bbox 2106 2836 2225 2886; x_wconf 88' lang='lat' dir='ltr'><strong>seu,</strong></span> <span class='ocrx_word' id='word_1_542' title='bbox 2258 2821 2331 2873; x_wconf 88' lang='lat' dir='ltr'><strong>De</strong></span> <span class='ocrx_word' id='word_1_543' title='bbox 2361 2820 2670 2874; x_wconf 79' lang='lat' dir='ltr'><strong>Philocteta:</strong></span> <span class='ocrx_word' id='word_1_544' title='bbox 2703 2836 2832 2872; x_wconf 87' lang='lat' dir='ltr'><strong>arcu</strong></span> <span class='ocrx_word' id='word_1_545' title='bbox 2875 2830 2922 2873; x_wconf 89' lang='lat' dir='ltr'><strong>et</strong></span> <span class='ocrx_word' id='word_1_546' title='bbox 2954 2820 3186 2888; x_wconf 81' lang='lat' dir='ltr'><strong>sagittis,</strong></span> <span class='ocrx_word' id='word_1_547' title='bbox 3234 2818 3493 2889; x_wconf 80' lang='lat' dir='ltr'><strong>inscripta</strong></span> 
     </span>
    </p>
   </div>
   <div class='ocr_carea' id='block_1_74' title="bbox 1914 2910 3497 2983">
    <p class='ocr_par' dir='ltr' id='par_1_74' title="bbox 1914 2910 3497 2983">
     <span class='ocr_line' id='line_1_74' title="bbox 1914 2910 3497 2983; baseline 0.001 -19"><span class='ocrx_word' id='word_1_548' title='bbox 1914 2925 2016 2966; x_wconf 80' lang='lat' dir='ltr'><strong>est.</strong></span> <span class='ocrx_word' id='word_1_549' title='bbox 2050 2911 2385 2967; x_wconf 88' lang='lat' dir='ltr'><strong>Philocteten</strong></span> <span class='ocrx_word' id='word_1_550' title='bbox 2414 2913 2491 2983; x_wconf 79' lang='grc'><strong>(5)</strong></span> <span class='ocrx_word' id='word_1_551' title='bbox 2535 2913 2648 2966; x_wconf 63' lang='lat' dir='ltr'><strong>haec</strong></span> <span class='ocrx_word' id='word_1_552' title='bbox 2696 2912 2821 2966; x_wconf 90' lang='lat' dir='ltr'><strong>dolo</strong></span> <span class='ocrx_word' id='word_1_553' title='bbox 2869 2911 3154 2980; x_wconf 89' lang='lat' dir='ltr'><strong>deceptum</strong></span> <span class='ocrx_word' id='word_1_554' title='bbox 3200 2910 3350 2976; x_wconf 87' lang='lat' dir='ltr'><strong>facit,</strong></span> <span class='ocrx_word' id='word_1_555' title='bbox 3386 2926 3497 2981; x_wconf 90' lang='lat' dir='ltr'><strong>quo</strong></span> 
     </span>
    </p>
   </div>
   <div class='ocr_carea' id='block_1_75' title="bbox 1919 3005 3497 3075">
    <p class='ocr_par' dir='ltr' id='par_1_75' title="bbox 1919 3005 3497 3075">
     <span class='ocr_line' id='line_1_75' title="bbox 1919 3005 3497 3075; baseline 0.001 -14"><span class='ocrx_word' id='word_1_556' title='bbox 1919 3005 2119 3075; x_wconf 64' lang='lat' dir='ltr'><strong>167i:</strong></span> <span class='ocrx_word' id='word_1_557' title='bbox 2156 3006 2378 3075; x_wconf 79' lang='lat' dir='ltr'><strong>Ulysses</strong></span> <span class='ocrx_word' id='word_1_558' title='bbox 2426 3020 2595 3071; x_wconf 88' lang='lat' dir='ltr'><strong>usus,</strong></span> <span class='ocrx_word' id='word_1_559' title='bbox 2629 3021 2751 3059; x_wconf 92' lang='lat' dir='ltr'><strong>cum</strong></span> <span class='ocrx_word' id='word_1_560' title='bbox 2803 3007 2946 3061; x_wconf 91' lang='lat' dir='ltr'><strong>illius</strong></span> <span class='ocrx_word' id='word_1_561' title='bbox 3008 3022 3136 3061; x_wconf 90' lang='lat' dir='ltr'><strong>arcu</strong></span> <span class='ocrx_word' id='word_1_562' title='bbox 3181 3016 3236 3060; x_wconf 92' lang='lat' dir='ltr'><strong>et</strong></span> <span class='ocrx_word' id='word_1_563' title='bbox 3282 3007 3497 3075; x_wconf 85' lang='lat' dir='ltr'><strong>sagittis</strong></span> 
     </span>
    </p>
   </div>
   <div class='ocr_carea' id='block_1_76' title="bbox 1832 3095 3496 3196">
    <p class='ocr_par' dir='ltr' id='par_1_76' title="bbox 1832 3095 3496 3196">
     <span class='ocr_line' id='line_1_76' title="bbox 1832 3095 3496 3196; baseline 0.003 -47"><span class='ocrx_word' id='word_1_564' title='bbox 1832 3136 1876 3196; x_wconf 59' lang='grc' dir='ltr'>ϐ</span> <span class='ocrx_word' id='word_1_565' title='bbox 1915 3098 2126 3151; x_wconf 84' lang='lat' dir='ltr'><strong>abierit.</strong></span> <span class='ocrx_word' id='word_1_566' title='bbox 2171 3095 2349 3151; x_wconf 62' lang='lat' dir='ltr'><strong>Sexta;</strong></span> <span class='ocrx_word' id='word_1_567' title='bbox 2396 3113 2557 3167; x_wconf 91' lang='lat' dir='ltr'><strong>porro</strong></span> <span class='ocrx_word' id='word_1_568' title='bbox 2603 3107 2659 3151; x_wconf 90' lang='lat' dir='ltr'><strong>et</strong></span> <span class='ocrx_word' id='word_1_569' title='bbox 2705 3098 2991 3152; x_wconf 61' lang='lat' dir='ltr'><strong>tricesima}</strong></span> <span class='ocrx_word' id='word_1_570' title='bbox 3049 3098 3233 3152; x_wconf 86' lang='lat' dir='ltr'><strong>titulus</strong></span> <span class='ocrx_word' id='word_1_571' title='bbox 3282 3107 3365 3154; x_wconf 86' lang='lat' dir='ltr'><strong>est</strong></span> <span class='ocrx_word' id='word_1_572' title='bbox 3415 3099 3496 3154; x_wconf 79' lang='lat' dir='ltr'><strong>De</strong></span> 
     </span>
    </p>
   </div>
   <div class='ocr_carea' id='block_1_77' title="bbox 1912 3186 3496 3258">
    <p class='ocr_par' dir='ltr' id='par_1_77' title="bbox 1912 3186 3496 3258">
     <span class='ocr_line' id='line_1_77' title="bbox 1912 3186 3496 3258; baseline 0.003 -19"><span class='ocrx_word' id='word_1_573' title='bbox 1912 3186 2144 3242; x_wconf 83' lang='lat' dir='ltr'><strong>Homero</strong></span> <span class='ocrx_word' id='word_1_574' title='bbox 2179 3203 2197 3241; x_wconf 91' lang='lat'><strong><em>:</em></strong></span> <span class='ocrx_word' id='word_1_575' title='bbox 2230 3188 2387 3257; x_wconf 84' lang='lat' dir='ltr'><strong>cujus</strong></span> <span class='ocrx_word' id='word_1_576' title='bbox 2418 3200 2588 3256; x_wconf 75' lang='lat' dir='ltr'><strong>poeta:</strong></span> <span class='ocrx_word' id='word_1_577' title='bbox 2621 3189 2803 3241; x_wconf 81' lang='lat' dir='ltr'><strong>laudes</strong></span> <span class='ocrx_word' id='word_1_578' title='bbox 2829 3190 3087 3257; x_wconf 62' lang='lat' dir='ltr'><strong>pradicet</strong></span> <span class='ocrx_word' id='word_1_579' title='bbox 3110 3205 3125 3242; x_wconf 88' lang='lat'><strong>:</strong></span> <span class='ocrx_word' id='word_1_580' title='bbox 3149 3186 3496 3258; x_wconf 78' lang='lat' dir='ltr'><strong>quemadmo-</strong></span> 
     </span>
    </p>
   </div>
   <div class='ocr_carea' id='block_1_78' title="bbox 1907 3278 3492 3349">
    <p class='ocr_par' dir='ltr' id='par_1_78' title="bbox 1907 3278 3492 3349">
     <span class='ocr_line' id='line_1_78' title="bbox 1907 3278 3492 3349; baseline 0.001 -15"><span class='ocrx_word' id='word_1_581' title='bbox 1907 3280 2031 3335; x_wconf 89' lang='lat' dir='ltr'><strong>dum</strong></span> <span class='ocrx_word' id='word_1_582' title='bbox 2064 3291 2117 3332; x_wconf 93' lang='lat' dir='ltr'><strong>et</strong></span> <span class='ocrx_word' id='word_1_583' title='bbox 2148 3278 2391 3334; x_wconf 85' lang='lat' dir='ltr'><strong>Socratis</strong></span> <span class='ocrx_word' id='word_1_584' title='bbox 2426 3279 2537 3342; x_wconf 88' lang='lat' dir='ltr'><strong>illa,</strong></span> <span class='ocrx_word' id='word_1_585' title='bbox 2591 3295 2712 3349; x_wconf 66' lang='lat' dir='ltr'><strong>quae</strong></span> <span class='ocrx_word' id='word_1_586' title='bbox 2751 3280 2910 3347; x_wconf 88' lang='lat' dir='ltr'><strong>hujus</strong></span> <span class='ocrx_word' id='word_1_587' title='bbox 2944 3280 3245 3349; x_wconf 90' lang='lat' dir='ltr'><strong>philosophi</strong></span> <span class='ocrx_word' id='word_1_588' title='bbox 3295 3296 3492 3336; x_wconf 89' lang='lat' dir='ltr'><strong>nomen</strong></span> 
     </span>
    </p>
   </div>
   <div class='ocr_carea' id='block_1_79' title="bbox 1906 3368 3487 3439">
    <p class='ocr_par' dir='ltr' id='par_1_79' title="bbox 1906 3368 3487 3439">
     <span class='ocr_line' id='line_1_79' title="bbox 1906 3368 3487 3439; baseline 0.003 -17"><span class='ocrx_word' id='word_1_589' title='bbox 1906 3368 2144 3439; x_wconf 71' lang='lat' dir='ltr'><strong>praefert.</strong></span> <span class='ocrx_word' id='word_1_590' title='bbox 2180 3368 2317 3421; x_wconf 87' lang='lat' dir='ltr'><strong>Hinc</strong></span> <span class='ocrx_word' id='word_1_591' title='bbox 2346 3368 2437 3421; x_wconf 90' lang='lat' dir='ltr'><strong>illa</strong></span> <span class='ocrx_word' id='word_1_592' title='bbox 2471 3368 2550 3420; x_wconf 89' lang='lat' dir='ltr'><strong>De</strong></span> <span class='ocrx_word' id='word_1_593' title='bbox 2575 3368 2804 3421; x_wconf 84' lang='lat' dir='ltr'><strong>Homero</strong></span> <span class='ocrx_word' id='word_1_594' title='bbox 2833 3378 2881 3421; x_wconf 90' lang='lat' dir='ltr'><strong>et</strong></span> <span class='ocrx_word' id='word_1_595' title='bbox 2928 3368 3167 3424; x_wconf 86' lang='lat' dir='ltr'><strong>Socrate.</strong></span> <span class='ocrx_word' id='word_1_596' title='bbox 3194 3368 3487 3426; x_wconf 77' lang='lat' dir='ltr'><strong>XXXVIII.</strong></span> 
     </span>
    </p>
   </div>
   <div class='ocr_carea' id='block_1_80' title="bbox 1904 3460 3488 3526">
    <p class='ocr_par' dir='ltr' id='par_1_80' title="bbox 1904 3460 3488 3526">
     <span class='ocr_line' id='line_1_80' title="bbox 1904 3460 3488 3526; baseline 0.002 -11"><span class='ocrx_word' id='word_1_597' title='bbox 1904 3460 2128 3524; x_wconf 87' lang='lat' dir='ltr'><strong>Oratio,</strong></span> <span class='ocrx_word' id='word_1_598' title='bbox 2164 3460 2381 3514; x_wconf 90' lang='lat' dir='ltr'><strong>IIomeri</strong></span> <span class='ocrx_word' id='word_1_599' title='bbox 2408 3460 2659 3514; x_wconf 55' lang='lat' dir='ltr'><strong>amulum</strong></span> <span class='ocrx_word' id='word_1_600' title='bbox 2704 3460 2875 3517; x_wconf 84' lang='lat' dir='ltr'><strong>fuisse</strong></span> <span class='ocrx_word' id='word_1_601' title='bbox 2914 3461 3193 3516; x_wconf 88' lang='lat' dir='ltr'><strong>Socratem</strong></span> <span class='ocrx_word' id='word_1_602' title='bbox 3225 3464 3488 3526; x_wconf 82' lang='lat' dir='ltr'><strong>ostendit,</strong></span> 
     </span>
    </p>
   </div>
   <div class='ocr_carea' id='block_1_81' title="bbox 1906 3554 3486 3624">
    <p class='ocr_par' dir='ltr' id='par_1_81' title="bbox 1906 3554 3486 3624">
     <span class='ocr_line' id='line_1_81' title="bbox 1906 3554 3486 3624; baseline 0.001 -17"><span class='ocrx_word' id='word_1_603' title='bbox 1906 3569 1970 3609; x_wconf 89' lang='lat' dir='ltr'><strong>ac</strong></span> <span class='ocrx_word' id='word_1_604' title='bbox 1995 3555 2345 3623; x_wconf 88' lang='lat' dir='ltr'><strong>discipulum.</strong></span> <span class='ocrx_word' id='word_1_605' title='bbox 2368 3554 2450 3606; x_wconf 87' lang='lat' dir='ltr'><strong>Ab</strong></span> <span class='ocrx_word' id='word_1_606' title='bbox 2491 3555 2592 3608; x_wconf 91' lang='lat' dir='ltr'><strong>hoc</strong></span> <span class='ocrx_word' id='word_1_607' title='bbox 2626 3555 2752 3608; x_wconf 90' lang='lat' dir='ltr'><strong>item</strong></span> <span class='ocrx_word' id='word_1_608' title='bbox 2784 3554 3166 3624; x_wconf 89' lang='lat' dir='ltr'><strong>philosophum</strong></span> <span class='ocrx_word' id='word_1_609' title='bbox 3201 3572 3305 3610; x_wconf 92' lang='lat' dir='ltr'><strong>non</strong></span> <span class='ocrx_word' id='word_1_610' title='bbox 3340 3556 3486 3610; x_wconf 86' lang='lat' dir='ltr'><strong>illam</strong></span> 
     </span>
    </p>
   </div>
   <div class='ocr_carea' id='block_1_82' title="bbox 1912 3643 3491 3713">
    <p class='ocr_par' dir='ltr' id='par_1_82' title="bbox 1912 3643 3491 3713">
     <span class='ocr_line' id='line_1_82' title="bbox 1912 3643 3491 3713; baseline 0.003 -15"><span class='ocrx_word' id='word_1_611' title='bbox 1912 3656 2123 3699; x_wconf 87' lang='lat' dir='ltr'><strong>tantum</strong></span> <span class='ocrx_word' id='word_1_612' title='bbox 2149 3643 2471 3697; x_wconf 82' lang='lat' dir='ltr'><strong>familiarem</strong></span> <span class='ocrx_word' id='word_1_613' title='bbox 2503 3647 2641 3699; x_wconf 90' lang='lat' dir='ltr'><strong>adeo</strong></span> <span class='ocrx_word' id='word_1_614' title='bbox 2676 3645 2779 3699; x_wconf 89' lang='lat' dir='ltr'><strong>sibi</strong></span> <span class='ocrx_word' id='word_1_615' title='bbox 2806 3647 3174 3713; x_wconf 77' lang='lat' dir='ltr'><strong>exeuiplorum</strong></span> <span class='ocrx_word' id='word_1_616' title='bbox 3210 3648 3491 3703; x_wconf 87' lang='lat' dir='ltr'><strong>tractatio-</strong></span> 
     </span>
    </p>
   </div>
   <div class='ocr_carea' id='block_1_83' title="bbox 1905 3739 3486 3808">
    <p class='ocr_par' dir='ltr' id='par_1_83' title="bbox 1905 3739 3486 3808">
     <span class='ocr_line' id='line_1_83' title="bbox 1905 3739 3486 3808; baseline -0.002 -13"><span class='ocrx_word' id='word_1_617' title='bbox 1905 3755 2026 3795; x_wconf 89' lang='lat' dir='ltr'><strong>nem</strong></span> <span class='ocrx_word' id='word_1_618' title='bbox 2060 3740 2328 3803; x_wconf 83' lang='lat' dir='ltr'><strong>hausisse,</strong></span> <span class='ocrx_word' id='word_1_619' title='bbox 2373 3745 2467 3794; x_wconf 84' lang='lat' dir='ltr'><strong>sed</strong></span> <span class='ocrx_word' id='word_1_620' title='bbox 2532 3739 2796 3808; x_wconf 85' lang='lat' dir='ltr'><strong>reliquam</strong></span> <span class='ocrx_word' id='word_1_621' title='bbox 2859 3740 3083 3808; x_wconf 87' lang='lat' dir='ltr'><strong>insuper</strong></span> <span class='ocrx_word' id='word_1_622' title='bbox 3115 3741 3328 3795; x_wconf 85' lang='lat' dir='ltr'><strong>dicendi</strong></span> <span class='ocrx_word' id='word_1_623' title='bbox 3377 3742 3486 3795; x_wconf 89' lang='lat' dir='ltr'><strong>vim</strong></span> 
     </span>
    </p>
   </div>
   <div class='ocr_carea' id='block_1_84' title="bbox 1903 3829 3489 3901">
    <p class='ocr_par' dir='ltr' id='par_1_84' title="bbox 1903 3829 3489 3901">
     <span class='ocr_line' id='line_1_84' title="bbox 1903 3829 3489 3901; baseline -0.001 -15"><span class='ocrx_word' id='word_1_624' title='bbox 1903 3848 2117 3887; x_wconf 89' lang='lat' dir='ltr'><strong>omnem</strong></span> <span class='ocrx_word' id='word_1_625' title='bbox 2160 3848 2224 3886; x_wconf 90' lang='lat' dir='ltr'><strong>ac</strong></span> <span class='ocrx_word' id='word_1_626' title='bbox 2248 3840 2586 3886; x_wconf 84' lang='lat' dir='ltr'><strong>venustatem</strong></span> <span class='ocrx_word' id='word_1_627' title='bbox 2614 3831 2911 3885; x_wconf 90' lang='lat' dir='ltr'><strong>imbibisse.</strong></span> <span class='ocrx_word' id='word_1_628' title='bbox 2948 3829 3188 3885; x_wconf 75' lang='lat' dir='ltr'><strong>XXXIX.</strong></span> <span class='ocrx_word' id='word_1_629' title='bbox 3209 3831 3489 3901; x_wconf 70' lang='lat' dir='ltr'><strong>Agamemo</strong></span> 
     </span>
    </p>
   </div>
   <div class='ocr_carea' id='block_1_85' title="bbox 1904 3922 3489 3995">
    <p class='ocr_par' dir='ltr' id='par_1_85' title="bbox 1904 3922 3489 3995">
     <span class='ocr_line' id='line_1_85' title="bbox 1904 3922 3489 3995; baseline 0 -18"><span class='ocrx_word' id='word_1_630' title='bbox 1904 3942 2028 3990; x_wconf 86' lang='lat' dir='ltr'><strong>non,</strong></span> <span class='ocrx_word' id='word_1_631' title='bbox 2075 3938 2171 3978; x_wconf 81' lang='lat' dir='ltr'><strong>seu</strong></span> <span class='ocrx_word' id='word_1_632' title='bbox 2217 3922 2303 3977; x_wconf 91' lang='lat' dir='ltr'><strong>De</strong></span> <span class='ocrx_word' id='word_1_633' title='bbox 2346 3939 2461 3992; x_wconf 87' lang='lat' dir='ltr'><strong>rege</strong></span> <span class='ocrx_word' id='word_1_634' title='bbox 2516 3923 2878 3995; x_wconf 59' lang='lat' dir='ltr'><strong>inscribitur:</strong></span> <span class='ocrx_word' id='word_1_635' title='bbox 2923 3924 3185 3991; x_wconf 82' lang='lat' dir='ltr'><strong>docetque</strong></span> <span class='ocrx_word' id='word_1_636' title='bbox 3235 3934 3489 3992; x_wconf 82' lang='lat' dir='ltr'><strong>oportere</strong></span> 
     </span>
    </p>
   </div>
   <div class='ocr_carea' id='block_1_86' title="bbox 1906 4015 3480 4085">
    <p class='ocr_par' dir='ltr' id='par_1_86' title="bbox 1906 4015 3480 4085">
     <span class='ocr_line' id='line_1_86' title="bbox 1906 4015 3480 4085; baseline -0.001 -15"><span class='ocrx_word' id='word_1_637' title='bbox 1906 4030 2085 4085; x_wconf 85' lang='lat' dir='ltr'><strong>regem</strong></span> <span class='ocrx_word' id='word_1_638' title='bbox 2137 4015 2357 4085; x_wconf 82' lang='lat' dir='ltr'><strong>Optimis</strong></span> <span class='ocrx_word' id='word_1_639' title='bbox 2412 4030 2570 4068; x_wconf 89' lang='lat' dir='ltr'><strong>usum</strong></span> <span class='ocrx_word' id='word_1_640' title='bbox 2628 4015 2977 4078; x_wconf 86' lang='lat' dir='ltr'><strong>consiliariis,</strong></span> <span class='ocrx_word' id='word_1_641' title='bbox 3017 4015 3210 4070; x_wconf 88' lang='lat' dir='ltr'><strong>iisdem</strong></span> <span class='ocrx_word' id='word_1_642' title='bbox 3266 4029 3480 4083; x_wconf 85' lang='lat' dir='ltr'><strong>parere,</strong></span> 
     </span>
    </p>
   </div>
   <div class='ocr_carea' id='block_1_87' title="bbox 1904 4106 3485 4177">
    <p class='ocr_par' dir='ltr' id='par_1_87' title="bbox 1904 4106 3485 4177">
     <span class='ocr_line' id='line_1_87' title="bbox 1904 4106 3485 4177; baseline -0.001 -14"><span class='ocrx_word' id='word_1_643' title='bbox 1904 4122 2082 4177; x_wconf 87' lang='lat' dir='ltr'><strong>neque</strong></span> <span class='ocrx_word' id='word_1_644' title='bbox 2119 4123 2278 4164; x_wconf 89' lang='lat' dir='ltr'><strong>suum</strong></span> <span class='ocrx_word' id='word_1_645' title='bbox 2315 4106 2601 4162; x_wconf 89' lang='lat' dir='ltr'><strong>arbitrium</strong></span> <span class='ocrx_word' id='word_1_646' title='bbox 2631 4106 2991 4175; x_wconf 88' lang='lat' dir='ltr'><strong>pervicaciter</strong></span> <span class='ocrx_word' id='word_1_647' title='bbox 3020 4108 3199 4176; x_wconf 88' lang='lat' dir='ltr'><strong>sequi.</strong></span> <span class='ocrx_word' id='word_1_648' title='bbox 3230 4106 3485 4161; x_wconf 75' lang='lat' dir='ltr'><strong>Proxima</strong></span> 
     </span>
    </p>
   </div>
   <div class='ocr_carea' id='block_1_88' title="bbox 1902 4197 3488 4267">
    <p class='ocr_par' dir='ltr' id='par_1_88' title="bbox 1902 4197 3488 4267">
     <span class='ocr_line' id='line_1_88' title="bbox 1902 4197 3488 4267; baseline 0.001 -16"><span class='ocrx_word' id='word_1_649' title='bbox 1902 4213 2033 4254; x_wconf 90' lang='lat' dir='ltr'><strong>vero</strong></span> <span class='ocrx_word' id='word_1_650' title='bbox 2082 4212 2204 4267; x_wconf 72' lang='lat' dir='ltr'><strong>quae</strong></span> <span class='ocrx_word' id='word_1_651' title='bbox 2263 4197 2602 4260; x_wconf 86' lang='lat' dir='ltr'><strong>inscribitur,</strong></span> <span class='ocrx_word' id='word_1_652' title='bbox 2659 4197 2899 4262; x_wconf 82' lang='lat' dir='ltr'><strong>Nestor,</strong></span> <span class='ocrx_word' id='word_1_653' title='bbox 2983 4212 3217 4267; x_wconf 89' lang='lat' dir='ltr'><strong>quanam</strong></span> <span class='ocrx_word' id='word_1_654' title='bbox 3273 4198 3488 4253; x_wconf 82' lang='lat' dir='ltr'><strong>ratione</strong></span> 
     </span>
    </p>
   </div>
   <div class='ocr_carea' id='block_1_89' title="bbox 1906 4287 3479 4359">
    <p class='ocr_par' dir='ltr' id='par_1_89' title="bbox 1906 4287 3479 4359">
     <span class='ocr_line' id='line_1_89' title="bbox 1906 4287 3479 4359; baseline -0.003 -15"><span class='ocrx_word' id='word_1_655' title='bbox 1906 4304 2060 4359; x_wconf 84' lang='lat' dir='ltr'><strong>reges</strong></span> <span class='ocrx_word' id='word_1_656' title='bbox 2090 4289 2415 4343; x_wconf 78' lang='lat' dir='ltr'><strong>admonendi</strong></span> <span class='ocrx_word' id='word_1_657' title='bbox 2445 4290 2553 4342; x_wconf 89' lang='lat' dir='ltr'><strong>sint</strong></span> <span class='ocrx_word' id='word_1_658' title='bbox 2576 4288 2817 4343; x_wconf 89' lang='lat' dir='ltr'><strong>instruit.</strong></span> <span class='ocrx_word' id='word_1_659' title='bbox 2853 4287 2975 4342; x_wconf 81' lang='lat' dir='ltr'><strong>Mox</strong></span> <span class='ocrx_word' id='word_1_660' title='bbox 3022 4288 3253 4343; x_wconf 81' lang='lat' dir='ltr'><strong>Achilles</strong></span> <span class='ocrx_word' id='word_1_661' title='bbox 3292 4290 3479 4358; x_wconf 87' lang='lat' dir='ltr'><strong>sequi-</strong></span> 
     </span>
    </p>
   </div>
   <div class='ocr_carea' id='block_1_90' title="bbox 1905 4378 3484 4451">
    <p class='ocr_par' dir='ltr' id='par_1_90' title="bbox 1905 4378 3484 4451">
     <span class='ocr_line' id='line_1_90' title="bbox 1905 4378 3484 4451; baseline 0 -17"><span class='ocrx_word' id='word_1_662' title='bbox 1905 4391 1994 4434; x_wconf 93' lang='lat' dir='ltr'><strong>tur</strong></span> <span class='ocrx_word' id='word_1_663' title='bbox 2028 4398 2043 4434; x_wconf 89' lang='lat'><strong>:</strong></span> <span class='ocrx_word' id='word_1_664' title='bbox 2085 4378 2178 4449; x_wconf 90' lang='lat' dir='ltr'><strong>qui</strong></span> <span class='ocrx_word' id='word_1_665' title='bbox 2234 4378 2457 4434; x_wconf 84' lang='lat' dir='ltr'><strong>Cltironi</strong></span> <span class='ocrx_word' id='word_1_666' title='bbox 2516 4394 2619 4433; x_wconf 93' lang='lat' dir='ltr'><strong>non</strong></span> <span class='ocrx_word' id='word_1_667' title='bbox 2674 4379 3068 4449; x_wconf 85' lang='lat' dir='ltr'><strong>acquiescens,</strong></span> <span class='ocrx_word' id='word_1_668' title='bbox 3098 4380 3338 4434; x_wconf 90' lang='lat' dir='ltr'><strong>monenti</strong></span> <span class='ocrx_word' id='word_1_669' title='bbox 3379 4380 3484 4451; x_wconf 75' lang='lat'><strong>(5&#39;)</strong></span> 
     </span>
    </p>
   </div>
   <div class='ocr_carea' id='block_1_91' title="bbox 242 4472 1808 4546">
    <p class='ocr_par' dir='ltr' id='par_1_91' title="bbox 242 4472 1798 4546">
     <span class='ocr_line' id='line_1_91' title="bbox 242 4472 1798 4546; baseline 0.004 -25"><span class='ocrx_word' id='word_1_670' title='bbox 242 4473 552 4540; x_wconf 66' lang='grc' dir='ltr'>χαρίζεσθαι</span> <span class='ocrx_word' id='word_1_671' title='bbox 633 4473 892 4544; x_wconf 87' lang='grc' dir='ltr'>πόλεμον,</span> <span class='ocrx_word' id='word_1_672' title='bbox 958 4472 1186 4544; x_wconf 74' lang='grc' dir='ltr'>ὕστερον</span> <span class='ocrx_word' id='word_1_673' title='bbox 1240 4476 1342 4529; x_wconf 79' lang='grc' dir='ltr'>οὐκ</span> <span class='ocrx_word' id='word_1_674' title='bbox 1389 4474 1644 4529; x_wconf 79' lang='grc' dir='ltr'>ἀπώνατο</span> <span class='ocrx_word' id='word_1_675' title='bbox 1698 4477 1798 4546; x_wconf 84' lang='grc' dir='ltr'>τῆς</span> 
     </span>
    </p>
   </div>
   <div class='ocr_carea' id='block_1_92' title="bbox 1909 4472 3488 4546">
    <p class='ocr_par' dir='ltr' id='par_1_92' title="bbox 1909 4472 3488 4543">
     <span class='ocr_line' id='line_1_92' title="bbox 1909 4472 3488 4543; baseline -0.001 -16"><span class='ocrx_word' id='word_1_676' title='bbox 1909 4472 2191 4543; x_wconf 86' lang='lat' dir='ltr'><strong>prudentia</strong></span> <span class='ocrx_word' id='word_1_677' title='bbox 2253 4473 2434 4542; x_wconf 86' lang='lat' dir='ltr'><strong>potius</strong></span> <span class='ocrx_word' id='word_1_678' title='bbox 2483 4482 2647 4540; x_wconf 90' lang='lat' dir='ltr'><strong>atque</strong></span> <span class='ocrx_word' id='word_1_679' title='bbox 2710 4482 2831 4526; x_wconf 87' lang='lat' dir='ltr'><strong>arte</strong></span> <span class='ocrx_word' id='word_1_680' title='bbox 2890 4488 3051 4541; x_wconf 86' lang='lat' dir='ltr'><strong>quam</strong></span> <span class='ocrx_word' id='word_1_681' title='bbox 3121 4472 3345 4526; x_wconf 89' lang='lat' dir='ltr'><strong>audacia</strong></span> <span class='ocrx_word' id='word_1_682' title='bbox 3391 4483 3488 4525; x_wconf 86' lang='lat' dir='ltr'><strong>aut</strong></span> 
     </span>
    </p>
   </div>
   <div class='ocr_carea' id='block_1_93' title="bbox 239 4563 1798 4638">
    <p class='ocr_par' dir='ltr' id='par_1_93' title="bbox 239 4563 1798 4638">
     <span class='ocr_line' id='line_1_93' title="bbox 239 4563 1798 4638; baseline 0.004 -24"><span class='ocrx_word' id='word_1_683' title='bbox 239 4563 518 4627; x_wconf 81' lang='grc' dir='ltr'>ἀπειθείας.</span> <span class='ocrx_word' id='word_1_684' title='bbox 554 4566 716 4620; x_wconf 80' lang='grc' dir='ltr'><strong>Καὶὸ</strong></span> <span class='ocrx_word' id='word_1_685' title='bbox 758 4566 1129 4635; x_wconf 76' lang='grc' dir='ltr'>Φιλοκτήτης</span> <span class='ocrx_word' id='word_1_686' title='bbox 1177 4566 1235 4620; x_wconf 83' lang='grc' dir='ltr'>δὲ</span> <span class='ocrx_word' id='word_1_687' title='bbox 1284 4566 1638 4638; x_wconf 83' lang='grc' dir='ltr'>παράφρασις</span> <span class='ocrx_word' id='word_1_688' title='bbox 1680 4567 1798 4620; x_wconf 83' lang='grc' dir='ltr'>ἐστι</span> 
     </span>
    </p>
   </div>
   <div class='ocr_carea' id='block_1_94' title="bbox 241 4653 1799 4729">
    <p class='ocr_par' dir='ltr' id='par_1_94' title="bbox 241 4653 1799 4729">
     <span class='ocr_line' id='line_1_94' title="bbox 241 4653 1799 4729; baseline 0.004 -23"><span class='ocrx_word' id='word_1_689' title='bbox 241 4654 315 4707; x_wconf 87' lang='grc' dir='ltr'><strong>τοῦ</strong></span> <span class='ocrx_word' id='word_1_690' title='bbox 342 4657 457 4710; x_wconf 83' lang='grc' dir='ltr'>κατ’</span> <span class='ocrx_word' id='word_1_691' title='bbox 490 4657 655 4711; x_wconf 78' lang='grc' dir='ltr'>αὐτὸν</span> <span class='ocrx_word' id='word_1_692' title='bbox 680 4658 1049 4729; x_wconf 85' lang='grc' dir='ltr'>ἀτυχήματος.</span> <span class='ocrx_word' id='word_1_693' title='bbox 1087 4658 1205 4729; x_wconf 80' lang='grc' dir='ltr'><strong>Ἐφ’</strong></span> <span class='ocrx_word' id='word_1_694' title='bbox 1236 4653 1317 4722; x_wconf 74' lang='grc' dir='ltr'>οἷς</span> <span class='ocrx_word' id='word_1_695' title='bbox 1361 4660 1390 4712; x_wconf 89' lang='grc' dir='ltr'><strong>ό</strong></span> <span class='ocrx_word' id='word_1_696' title='bbox 1435 4658 1677 4723; x_wconf 87' lang='grc' dir='ltr'>Νέσσος</span> <span class='ocrx_word' id='word_1_697' title='bbox 1704 4660 1799 4712; x_wconf 79' lang='grc' dir='ltr'>καὶ</span> 
     </span>
    </p>
   </div>
   <div class='ocr_carea' id='block_1_95' title="bbox 239 4746 1799 4820">
    <p class='ocr_par' dir='ltr' id='par_1_95' title="bbox 239 4746 1799 4820">
     <span class='ocr_line' id='line_1_95' title="bbox 239 4746 1799 4820; baseline 0.003 -21"><span class='ocrx_word' id='word_1_698' title='bbox 239 4746 599 4818; x_wconf 79' lang='grc' dir='ltr'>ἡΔητάνειριι</span> <span class='ocrx_word' id='word_1_699' title='bbox 628 4748 674 4781; x_wconf 68' lang='grc'><strong>⁸⁸</strong></span> <span class='ocrx_word' id='word_1_700' title='bbox 714 4748 825 4802; x_wconf 83' lang='grc' dir='ltr'><strong>τῶν</strong></span> <span class='ocrx_word' id='word_1_701' title='bbox 864 4748 1141 4813; x_wconf 82' lang='grc' dir='ltr'>ἀπιθάνως</span> <span class='ocrx_word' id='word_1_702' title='bbox 1181 4748 1313 4820; x_wconf 78' lang='grc' dir='ltr'>περὶ</span> <span class='ocrx_word' id='word_1_703' title='bbox 1342 4749 1540 4814; x_wconf 77' lang='grc' dir='ltr'>αὐτοὺς</span> <span class='ocrx_word' id='word_1_704' title='bbox 1585 4749 1799 4804; x_wconf 89' lang='grc' dir='ltr'>πεπλα-</span> 
     </span>
    </p>
   </div>
   <div class='ocr_carea' id='block_1_96' title="bbox 241 4841 1799 4914">
    <p class='ocr_par' dir='ltr' id='par_1_96' title="bbox 241 4841 1799 4914">
     <span class='ocr_line' id='line_1_96' title="bbox 241 4841 1799 4914; baseline 0.004 -24"><span class='ocrx_word' id='word_1_705' title='bbox 241 4842 435 4910; x_wconf 84' lang='grc' dir='ltr'>σμένων</span> <span class='ocrx_word' id='word_1_706' title='bbox 480 4842 573 4896; x_wconf 84' lang='grc' dir='ltr'><strong>διά</strong></span> <span class='ocrx_word' id='word_1_707' title='bbox 620 4859 767 4905; x_wconf 82' lang='grc' dir='ltr'>τινος</span> <span class='ocrx_word' id='word_1_708' title='bbox 817 4841 1120 4913; x_wconf 86' lang='grc' dir='ltr'>θεραπείας</span> <span class='ocrx_word' id='word_1_709' title='bbox 1167 4842 1249 4905; x_wconf 78' lang='grc' dir='ltr'><strong>είς</strong></span> <span class='ocrx_word' id='word_1_710' title='bbox 1286 4843 1480 4914; x_wconf 81' lang='grc' dir='ltr'>είρμόν</span> <span class='ocrx_word' id='word_1_711' title='bbox 1533 4861 1657 4896; x_wconf 90' lang='grc' dir='ltr'>τινα</span> <span class='ocrx_word' id='word_1_712' title='bbox 1703 4843 1799 4897; x_wconf 76' lang='grc' dir='ltr'>καὶ</span> 
     </span>
    </p>
   </div>
   <div class='ocr_carea' id='block_1_97' title="bbox 236 4930 1798 5008">
    <p class='ocr_par' dir='ltr' id='par_1_97' title="bbox 236 4930 1798 5008">
     <span class='ocr_line' id='line_1_97' title="bbox 236 4930 1798 5008; baseline 0.004 -25"><span class='ocrx_word' id='word_1_713' title='bbox 236 4930 374 4998; x_wconf 79' lang='grc' dir='ltr'>τάξιν</span> <span class='ocrx_word' id='word_1_714' title='bbox 418 4934 567 4988; x_wconf 83' lang='grc' dir='ltr'>δοκεῖ</span> <span class='ocrx_word' id='word_1_715' title='bbox 600 4934 663 4988; x_wconf 83' lang='grc' dir='ltr'>τὸ</span> <span class='ocrx_word' id='word_1_716' title='bbox 690 4933 954 4989; x_wconf 83' lang='grc' dir='ltr'>ἀπίθανον</span> <span class='ocrx_word' id='word_1_717' title='bbox 998 4934 1487 5008; x_wconf 77' lang='grc' dir='ltr'>μεταρῤυθμίξειν.</span> <span class='ocrx_word' id='word_1_718' title='bbox 1536 4936 1697 4989; x_wconf 77' lang='grc' dir='ltr'>Καὶό</span> <span class='ocrx_word' id='word_1_719' title='bbox 1752 4934 1798 4966; x_wconf 71' lang='grc'>⁶⁹</span> 
     </span>
    </p>
   </div>
   <div class='ocr_carea' id='block_1_98' title="bbox 1905 4561 3481 4632">
    <p class='ocr_par' dir='ltr' id='par_1_98' title="bbox 1905 4561 3481 4632">
     <span class='ocr_line' id='line_1_98' title="bbox 1905 4561 3481 4632; baseline -0.003 -14"><span class='ocrx_word' id='word_1_720' title='bbox 1905 4563 2151 4632; x_wconf 87' lang='lat' dir='ltr'><strong>corporis</strong></span> <span class='ocrx_word' id='word_1_721' title='bbox 2181 4562 2388 4617; x_wconf 89' lang='lat' dir='ltr'><strong>viribus</strong></span> <span class='ocrx_word' id='word_1_722' title='bbox 2427 4576 2514 4616; x_wconf 82' lang='lat' dir='ltr'><strong>res</strong></span> <span class='ocrx_word' id='word_1_723' title='bbox 2564 4562 2789 4616; x_wconf 85' lang='lat' dir='ltr'><strong>bellicas</strong></span> <span class='ocrx_word' id='word_1_724' title='bbox 2835 4562 2973 4630; x_wconf 88' lang='lat' dir='ltr'><strong>geri,</strong></span> <span class='ocrx_word' id='word_1_725' title='bbox 3001 4561 3218 4615; x_wconf 84' lang='lat' dir='ltr'><strong>tandem</strong></span> <span class='ocrx_word' id='word_1_726' title='bbox 3250 4561 3481 4631; x_wconf 77' lang='lat' dir='ltr'><strong>neglecd</strong></span> 
     </span>
    </p>
   </div>
   <div class='ocr_carea' id='block_1_99' title="bbox 1904 4651 3487 4723">
    <p class='ocr_par' dir='ltr' id='par_1_99' title="bbox 1904 4651 3487 4723">
     <span class='ocr_line' id='line_1_99' title="bbox 1904 4651 3487 4723; baseline -0.002 -13"><span class='ocrx_word' id='word_1_727' title='bbox 1904 4655 2116 4710; x_wconf 87' lang='lat' dir='ltr'><strong>consilii</strong></span> <span class='ocrx_word' id='word_1_728' title='bbox 2140 4669 2329 4723; x_wconf 71' lang='lat' dir='ltr'><strong>pinnas</strong></span> <span class='ocrx_word' id='word_1_729' title='bbox 2348 4654 2513 4708; x_wconf 89' lang='lat' dir='ltr'><strong>dedit.</strong></span> <span class='ocrx_word' id='word_1_730' title='bbox 2544 4651 2674 4718; x_wconf 72' lang='lat' dir='ltr'><strong>Qua:</strong></span> <span class='ocrx_word' id='word_1_731' title='bbox 2696 4667 2826 4706; x_wconf 88' lang='lat' dir='ltr'><strong>vero</strong></span> <span class='ocrx_word' id='word_1_732' title='bbox 2859 4651 3173 4707; x_wconf 82' lang='lat' dir='ltr'><strong>Philoctetes</strong></span> <span class='ocrx_word' id='word_1_733' title='bbox 3201 4662 3323 4722; x_wconf 87' lang='lat' dir='ltr'><strong>post</strong></span> <span class='ocrx_word' id='word_1_734' title='bbox 3344 4652 3487 4707; x_wconf 89' lang='lat' dir='ltr'><strong>hanc</strong></span> 
     </span>
    </p>
   </div>
   <div class='ocr_carea' id='block_1_100' title="bbox 1906 4740 3485 4817">
    <p class='ocr_par' dir='ltr' id='par_1_100' title="bbox 1906 4740 3485 4817">
     <span class='ocr_line' id='line_1_100' title="bbox 1906 4740 3485 4817; baseline -0.004 -16"><span class='ocrx_word' id='word_1_735' title='bbox 1906 4747 2191 4817; x_wconf 88' lang='lat' dir='ltr'><strong>inscripta,</strong></span> <span class='ocrx_word' id='word_1_736' title='bbox 2220 4743 2399 4801; x_wconf 84' lang='lat' dir='ltr'><strong>fusius</strong></span> <span class='ocrx_word' id='word_1_737' title='bbox 2429 4744 2545 4810; x_wconf 86' lang='lat' dir='ltr'><strong>ejus</strong></span> <span class='ocrx_word' id='word_1_738' title='bbox 2584 4743 2880 4798; x_wconf 88' lang='lat' dir='ltr'><strong>infortunia</strong></span> <span class='ocrx_word' id='word_1_739' title='bbox 2914 4752 3324 4798; x_wconf 88' lang='lat' dir='ltr'><strong>commemorat.</strong></span> <span class='ocrx_word' id='word_1_740' title='bbox 3353 4740 3485 4797; x_wconf 89' lang='lat' dir='ltr'><strong>Post</strong></span> 
     </span>
    </p>
   </div>
   <div class='ocr_carea' id='block_1_101' title="bbox 1905 4833 3481 4909">
    <p class='ocr_par' dir='ltr' id='par_1_101' title="bbox 1905 4833 3481 4909">
     <span class='ocr_line' id='line_1_101' title="bbox 1905 4833 3481 4909; baseline -0.003 -16"><span class='ocrx_word' id='word_1_741' title='bbox 1905 4855 2039 4909; x_wconf 91' lang='lat' dir='ltr'><strong>quas</strong></span> <span class='ocrx_word' id='word_1_742' title='bbox 2098 4837 2296 4893; x_wconf 82' lang='lat' dir='ltr'><strong>Nessus</strong></span> <span class='ocrx_word' id='word_1_743' title='bbox 2354 4846 2405 4893; x_wconf 87' lang='lat' dir='ltr'><strong>et</strong></span> <span class='ocrx_word' id='word_1_744' title='bbox 2455 4835 2743 4907; x_wconf 84' lang='lat' dir='ltr'><strong>Dejaneira</strong></span> <span class='ocrx_word' id='word_1_745' title='bbox 2796 4834 2940 4907; x_wconf 65' lang='lat' dir='ltr'><strong>[quae</strong></span> <span class='ocrx_word' id='word_1_746' title='bbox 2992 4845 3221 4889; x_wconf 87' lang='lat' dir='ltr'><strong>vocatur</strong></span> <span class='ocrx_word' id='word_1_747' title='bbox 3282 4833 3481 4907; x_wconf 91' lang='lat' dir='ltr'><strong>oratio]</strong></span> 
     </span>
    </p>
   </div>
   <div class='ocr_carea' id='block_1_102' title="bbox 1908 4926 3479 4999">
    <p class='ocr_par' dir='ltr' id='par_1_102' title="bbox 1908 4926 3479 4999">
     <span class='ocr_line' id='line_1_102' title="bbox 1908 4926 3479 4999; baseline -0.004 -12"><span class='ocrx_word' id='word_1_748' title='bbox 1908 4935 2195 4988; x_wconf 83' lang='lat' dir='ltr'><strong>absurdius</strong></span> <span class='ocrx_word' id='word_1_749' title='bbox 2228 4935 2295 4987; x_wconf 87' lang='lat' dir='ltr'><strong>de</strong></span> <span class='ocrx_word' id='word_1_750' title='bbox 2324 4933 2391 4986; x_wconf 91' lang='lat' dir='ltr'><strong>iis</strong></span> <span class='ocrx_word' id='word_1_751' title='bbox 2423 4929 2668 4999; x_wconf 89' lang='lat' dir='ltr'><strong>obsequii</strong></span> <span class='ocrx_word' id='word_1_752' title='bbox 2712 4926 2995 4997; x_wconf 84' lang='lat' dir='ltr'><strong>cujusdam</strong></span> <span class='ocrx_word' id='word_1_753' title='bbox 3027 4942 3191 4982; x_wconf 87' lang='lat' dir='ltr'><strong>causa</strong></span> <span class='ocrx_word' id='word_1_754' title='bbox 3224 4928 3479 4992; x_wconf 77' lang='lat' dir='ltr'><strong>conﬁcta,</strong></span> 
     </span>
    </p>
   </div>
   <div class='ocr_carea' id='block_1_103' title="bbox 1560 5067 2266 5138">
    <p class='ocr_par' dir='ltr' id='par_1_103' title="bbox 1560 5067 2266 5138">
     <span class='ocr_line' id='line_1_103' title="bbox 1560 5067 2266 5138; baseline -0.007 -11"><span class='ocrx_word' id='word_1_755' title='bbox 1560 5071 1799 5128; x_wconf 65' lang='lat' dir='ltr'><strong>VARItE</strong></span> <span class='ocrx_word' id='word_1_756' title='bbox 1855 5067 2266 5138; x_wconf 85' lang='lat' dir='ltr'><strong>LECTIONES.</strong></span> 
     </span>
    </p>
   </div>
   <div class='ocr_carea' id='block_1_104' title="bbox 298 5163 1510 5236">
    <p class='ocr_par' dir='ltr' id='par_1_104' title="bbox 298 5163 1510 5236">
     <span class='ocr_line' id='line_1_104' title="bbox 298 5163 1510 5236; baseline 0.002 -19"><span class='ocrx_word' id='word_1_757' title='bbox 298 5163 339 5194; x_wconf 70' lang='grc'><strong><em>⁵⁵</em></strong></span> <span class='ocrx_word' id='word_1_758' title='bbox 360 5166 488 5235; x_wconf 89' lang='grc' dir='ltr'>πυρί</span> <span class='ocrx_word' id='word_1_759' title='bbox 511 5167 556 5220; x_wconf 80' lang='grc' dir='ltr'><strong>Α</strong></span> <span class='ocrx_word' id='word_1_760' title='bbox 585 5183 601 5220; x_wconf 93' lang='lat'><strong>:</strong></span> <span class='ocrx_word' id='word_1_761' title='bbox 629 5165 775 5236; x_wconf 20' lang='lat' dir='ltr'><strong>mpii</strong></span> <span class='ocrx_word' id='word_1_762' title='bbox 796 5184 856 5232; x_wconf 84' lang='grc' dir='ltr'><strong>ς.</strong></span> <span class='ocrx_word' id='word_1_763' title='bbox 931 5164 977 5198; x_wconf 68' lang='grc'>⁴¹</span> <span class='ocrx_word' id='word_1_764' title='bbox 1009 5167 1104 5219; x_wconf 75' lang='grc' dir='ltr'>καὶ</span> <span class='ocrx_word' id='word_1_765' title='bbox 1124 5181 1234 5220; x_wconf 93' lang='lat' dir='ltr'><strong>om.</strong></span> <span class='ocrx_word' id='word_1_766' title='bbox 1262 5167 1328 5221; x_wconf 78' lang='grc' dir='ltr'>Α.</span> <span class='ocrx_word' id='word_1_767' title='bbox 1404 5166 1450 5199; x_wconf 64' lang='grc' dir='ltr'><strong>δ’</strong></span> <span class='ocrx_word' id='word_1_768' title='bbox 1475 5166 1510 5220; x_wconf 88' lang='grc' dir='ltr'>ἁ</span> 
     </span>
    </p>
   </div>
   <div class='ocr_carea' id='block_1_105' title="bbox 240 5230 781 5362">
    <p class='ocr_par' dir='ltr' id='par_1_105' title="bbox 240 5230 781 5362">
     <span class='ocr_line' id='line_1_105' title="bbox 240 5230 781 5362; baseline 0.007 -77"><span class='ocrx_word' id='word_1_769' title='bbox 240 5230 277 5262; x_wconf 72' lang='grc'><strong>⁸³</strong></span> <span class='ocrx_word' id='word_1_770' title='bbox 297 5236 395 5286; x_wconf 81' lang='grc' dir='ltr'>τῶν</span> <span class='ocrx_word' id='word_1_771' title='bbox 428 5230 781 5362; x_wconf 67' lang='grc' dir='ltr'>Φιλοκτήτόυέ</span> 
     </span>
     <span class='ocr_line' id='line_1_106' title="bbox 240 5300 727 5362; baseline 0.018 -7"><span class='ocrx_word' id='word_1_772' title='bbox 240 5300 523 5362; x_wconf 83' lang='grc' dir='ltr'>ἢΔιάνειοα</span> <span class='ocrx_word' id='word_1_773' title='bbox 541 5309 607 5362; x_wconf 78' lang='grc' dir='ltr'>Α.</span> <span class='ocrx_word' id='word_1_774' title='bbox 684 5308 727 5340; x_wconf 64' lang='grc' dir='ltr'><strong>δ’</strong></span> 
     </span>
    </p>
   </div>
   <div class='ocr_carea' id='block_1_106' title="bbox 238 5300 1145 5381">
    <p class='ocr_par' dir='ltr' id='par_1_106' title="bbox 238 5300 1145 5381">
     <span class='ocr_line' id='line_1_107' title="bbox 238 5300 1145 5381; baseline 0.006 -24"><span class='ocrx_word' id='word_1_775' title='bbox 238 5300 523 5377; x_wconf 82' lang='grc' dir='ltr'>ἢΔιάνειρα</span> <span class='ocrx_word' id='word_1_776' title='bbox 541 5309 607 5362; x_wconf 83' lang='lat' dir='ltr'><strong>A.</strong></span> <span class='ocrx_word' id='word_1_777' title='bbox 645 5300 658 5308; x_wconf 88' lang='grc'><em>’</em></span> <span class='ocrx_word' id='word_1_778' title='bbox 684 5308 727 5340; x_wconf 66' lang='grc' dir='ltr'><strong>δ’</strong></span> <span class='ocrx_word' id='word_1_779' title='bbox 751 5300 805 5381; x_wconf 77' lang='grc' dir='ltr'><strong>ὅ]</strong></span> <span class='ocrx_word' id='word_1_780' title='bbox 832 5310 866 5379; x_wconf 79' lang='grc' dir='ltr'>ὴ</span> <span class='ocrx_word' id='word_1_781' title='bbox 894 5323 1035 5363; x_wconf 92' lang='lat' dir='ltr'><strong>corr.</strong></span> <span class='ocrx_word' id='word_1_782' title='bbox 1079 5309 1145 5362; x_wconf 86' lang='lat' dir='ltr'><strong>A.</strong></span> 
     </span>
    </p>
   </div>
   <div class='ocr_carea' id='block_1_107' title="bbox 1549 5164 2217 5236">
    <p class='ocr_par' dir='ltr' id='par_1_107' title="bbox 1549 5164 2217 5236">
     <span class='ocr_line' id='line_1_108' title="bbox 1549 5164 2217 5236; baseline 0 -18"><span class='ocrx_word' id='word_1_783' title='bbox 1549 5167 1652 5236; x_wconf 86' lang='grc' dir='ltr'><strong>χήν</strong></span> <span class='ocrx_word' id='word_1_784' title='bbox 1676 5185 1734 5230; x_wconf 78' lang='grc' dir='ltr'><strong>ς.</strong></span> <span class='ocrx_word' id='word_1_785' title='bbox 1808 5166 1854 5199; x_wconf 59' lang='grc'><strong>⁸³</strong></span> <span class='ocrx_word' id='word_1_786' title='bbox 1876 5166 1970 5219; x_wconf 69' lang='grc' dir='ltr'>καὶ</span> <span class='ocrx_word' id='word_1_787' title='bbox 1995 5165 2119 5219; x_wconf 88' lang='lat' dir='ltr'><strong>add.</strong></span> <span class='ocrx_word' id='word_1_788' title='bbox 2139 5164 2217 5236; x_wconf 84' lang='grc' dir='ltr'>Α.</span> 
     </span>
    </p>
   </div>
   <div class='ocr_carea' id='block_1_108' title="bbox 838 5235 2242 5310">
    <p class='ocr_par' dir='ltr' id='par_1_108' title="bbox 838 5235 2242 5310">
     <span class='ocr_line' id='line_1_109' title="bbox 838 5235 2242 5310; baseline -0.001 -21"><span class='ocrx_word' id='word_1_789' title='bbox 838 5237 959 5292; x_wconf 91' lang='lat' dir='ltr'><strong>libri</strong></span> <span class='ocrx_word' id='word_1_790' title='bbox 1012 5236 1120 5310; x_wconf 87' lang='grc' dir='ltr'><strong>τῶν</strong></span> <span class='ocrx_word' id='word_1_791' title='bbox 1148 5235 1529 5310; x_wconf 43' lang='grc' dir='ltr'>Ἐπικτήτου(</span> <span class='ocrx_word' id='word_1_792' title='bbox 1571 5235 1616 5270; x_wconf 68' lang='grc'><strong>⁸⁸</strong></span> <span class='ocrx_word' id='word_1_793' title='bbox 1639 5238 1697 5291; x_wconf 88' lang='grc' dir='ltr'><strong>δέ</strong></span> <span class='ocrx_word' id='word_1_794' title='bbox 1744 5253 1825 5303; x_wconf 88' lang='grc' dir='ltr'><strong>τις</strong></span> <span class='ocrx_word' id='word_1_795' title='bbox 1853 5238 1899 5289; x_wconf 84' lang='grc' dir='ltr'><strong>Α</strong></span> <span class='ocrx_word' id='word_1_796' title='bbox 1931 5255 1945 5289; x_wconf 94' lang='lat'>:</span> <span class='ocrx_word' id='word_1_797' title='bbox 1977 5253 2062 5298; x_wconf 86' lang='grc' dir='ltr'><strong>τις</strong></span> <span class='ocrx_word' id='word_1_798' title='bbox 2091 5235 2148 5288; x_wconf 88' lang='grc' dir='ltr'><strong>δέ</strong></span> <span class='ocrx_word' id='word_1_799' title='bbox 2181 5252 2242 5298; x_wconf 79' lang='grc' dir='ltr'><strong>ς.</strong></span> 
     </span>
    </p>
   </div>
   <div class='ocr_carea' id='block_1_109' title="bbox 2321 5161 3477 5234">
    <p class='ocr_par' dir='ltr' id='par_1_109' title="bbox 2321 5161 3477 5234">
     <span class='ocr_line' id='line_1_110' title="bbox 2321 5161 3477 5234; baseline -0.001 -18"><span class='ocrx_word' id='word_1_800' title='bbox 2321 5164 2368 5195; x_wconf 62' lang='grc'>⁸³</span> <span class='ocrx_word' id='word_1_801' title='bbox 2401 5164 2497 5234; x_wconf 82' lang='grc' dir='ltr'><strong>τῆς</strong></span> <span class='ocrx_word' id='word_1_802' title='bbox 2555 5164 2828 5234; x_wconf 84' lang='grc' dir='ltr'>πατρικῆς</span> <span class='ocrx_word' id='word_1_803' title='bbox 2855 5163 2920 5234; x_wconf 15' lang='lat' dir='ltr'><strong>Ar</strong></span> <span class='ocrx_word' id='word_1_804' title='bbox 2940 5180 2969 5234; x_wconf 17' lang='lat'><strong>7:</strong></span> <span class='ocrx_word' id='word_1_805' title='bbox 3017 5161 3396 5232; x_wconf 85' lang='grc' dir='ltr'>πνευματικῆς</span> <span class='ocrx_word' id='word_1_806' title='bbox 3416 5176 3477 5234; x_wconf 67' lang='grc' dir='ltr'><strong>ς’ἒ</strong></span> 
     </span>
    </p>
   </div>
   <div class='ocr_carea' id='block_1_110' title="bbox 2318 5230 3479 5304">
    <p class='ocr_par' dir='ltr' id='par_1_110' title="bbox 2318 5230 3479 5304">
     <span class='ocr_line' id='line_1_111' title="bbox 2318 5230 3479 5304; baseline 0 -18"><span class='ocrx_word' id='word_1_807' title='bbox 2318 5234 2364 5267; x_wconf 75' lang='grc'><strong>⁵⁷</strong></span> <span class='ocrx_word' id='word_1_808' title='bbox 2387 5230 2714 5287; x_wconf 75' lang='grc' dir='ltr'>ἐπιδεικνύει</span> <span class='ocrx_word' id='word_1_809' title='bbox 2745 5230 2805 5298; x_wconf 71' lang='grc' dir='ltr'>ς’.</span> <span class='ocrx_word' id='word_1_810' title='bbox 2910 5233 2955 5265; x_wconf 74' lang='grc'><strong>⁸⁸</strong></span> <span class='ocrx_word' id='word_1_811' title='bbox 2993 5235 3086 5286; x_wconf 73' lang='grc' dir='ltr'>καὶ</span> <span class='ocrx_word' id='word_1_812' title='bbox 3112 5230 3479 5304; x_wconf 12' lang='grc' dir='ltr'>ήήΔηῖάνειρα]</span> 
     </span>
    </p>
   </div>
   <div class='ocr_carea' id='block_1_111' title="bbox 1700 5394 1936 5453">
    <p class='ocr_par' dir='ltr' id='par_1_111' title="bbox 1700 5394 1936 5453">
     <span class='ocr_line' id='line_1_112' title="bbox 1700 5394 1936 5453; baseline -0.004 -2"><span class='ocrx_word' id='word_1_813' title='bbox 1700 5394 1936 5453; x_wconf 71' lang='lat' dir='ltr'><strong>NOTAE.</strong></span> 
     </span>
    </p>
   </div>
   <div class='ocr_carea' id='block_1_112' title="bbox 296 5486 1798 5557">
    <p class='ocr_par' dir='ltr' id='par_1_112' title="bbox 296 5486 1798 5557">
     <span class='ocr_line' id='line_1_113' title="bbox 296 5486 1798 5557; baseline -0.004 -10"><span class='ocrx_word' id='word_1_814' title='bbox 296 5486 368 5555; x_wconf 72' lang='grc' dir='ltr'><strong>(ι)</strong></span> <span class='ocrx_word' id='word_1_815' title='bbox 386 5488 495 5545; x_wconf 88' lang='lat' dir='ltr'><strong>lmo</strong></span> <span class='ocrx_word' id='word_1_816' title='bbox 518 5502 709 5547; x_wconf 86' lang='lat' dir='ltr'><strong>contra</strong></span> <span class='ocrx_word' id='word_1_817' title='bbox 722 5490 974 5547; x_wconf 87' lang='lat' dir='ltr'><strong>Photium</strong></span> <span class='ocrx_word' id='word_1_818' title='bbox 994 5490 1131 5546; x_wconf 81' lang='lat' dir='ltr'><strong>dixit</strong></span> <span class='ocrx_word' id='word_1_819' title='bbox 1150 5490 1269 5557; x_wconf 87' lang='lat' dir='ltr'><strong>Dio,</strong></span> <span class='ocrx_word' id='word_1_820' title='bbox 1294 5488 1570 5546; x_wconf 83' lang='lat' dir='ltr'><strong>Laudasse</strong></span> <span class='ocrx_word' id='word_1_821' title='bbox 1595 5504 1654 5545; x_wconf 91' lang='lat' dir='ltr'><strong>se</strong></span> <span class='ocrx_word' id='word_1_822' title='bbox 1674 5490 1798 5543; x_wconf 89' lang='lat' dir='ltr'><strong>Dio-</strong></span> 
     </span>
    </p>
   </div>
   <div class='ocr_carea' id='block_1_113' title="bbox 242 5555 1788 5679">
    <p class='ocr_par' dir='ltr' id='par_1_113' title="bbox 242 5555 1788 5679">
     <span class='ocr_line' id='line_1_114' title="bbox 242 5555 1788 5679; baseline 0.003 -69"><span class='ocrx_word' id='word_1_823' title='bbox 242 5555 437 5679; x_wconf 55' lang='lat' dir='ltr'><strong>:leonr&#39;um,</strong></span> <span class='ocrx_word' id='word_1_824' title='bbox 470 5576 592 5617; x_wconf 91' lang='lat' dir='ltr'><strong>cum</strong></span> <span class='ocrx_word' id='word_1_825' title='bbox 620 5578 742 5634; x_wconf 67' lang='lat' dir='ltr'><strong>quas</strong></span> <span class='ocrx_word' id='word_1_826' title='bbox 790 5564 934 5618; x_wconf 90' lang='lat' dir='ltr'><strong>hunc</strong></span> <span class='ocrx_word' id='word_1_827' title='bbox 970 5555 1298 5632; x_wconf 72' lang='lat' dir='ltr'><strong>praedicarat</strong></span> <span class='ocrx_word' id='word_1_828' title='bbox 1326 5563 1568 5616; x_wconf 88' lang='lat' dir='ltr'><strong>laudavit</strong></span> <span class='ocrx_word' id='word_1_829' title='bbox 1592 5562 1788 5615; x_wconf 84' lang='lat' dir='ltr'><strong>civita-</strong></span> 
     </span>
    </p>
   </div>
   <div class='ocr_carea' id='block_1_114' title="bbox 302 5696 1792 5774">
    <p class='ocr_par' dir='ltr' id='par_1_114' title="bbox 302 5696 1792 5774">
     <span class='ocr_line' id='line_1_115' title="bbox 302 5696 1792 5774; baseline -0.006 -11"><span class='ocrx_word' id='word_1_830' title='bbox 302 5696 371 5767; x_wconf 78' lang='lat' dir='ltr'><strong>I5)</strong></span> <span class='ocrx_word' id='word_1_831' title='bbox 412 5697 547 5774; x_wconf 55' lang='grc' dir='ltr'>[ρετ</span> <span class='ocrx_word' id='word_1_832' title='bbox 614 5702 902 5774; x_wconf 88' lang='lat' dir='ltr'><strong>Sophoclis</strong></span> <span class='ocrx_word' id='word_1_833' title='bbox 959 5699 1494 5774; x_wconf 78' lang='lat' dir='ltr'><strong>Philocteteu._Nam</strong></span> <span class='ocrx_word' id='word_1_834' title='bbox 1546 5699 1792 5774; x_wconf 64' lang='lat' dir='ltr'><strong>Eschyli</strong></span> 
     </span>
    </p>
   </div>
   <div class='ocr_carea' id='block_1_115' title="bbox 244 5770 1788 5864">
    <p class='ocr_par' dir='ltr' id='par_1_115' title="bbox 244 5770 1788 5845">
     <span class='ocr_line' id='line_1_116' title="bbox 244 5770 1788 5845; baseline 0.005 -28"><span class='ocrx_word' id='word_1_835' title='bbox 244 5774 387 5836; x_wconf 79' lang='lat' dir='ltr'><strong>atque</strong></span> <span class='ocrx_word' id='word_1_836' title='bbox 435 5770 707 5845; x_wconf 78' lang='lat' dir='ltr'><strong>Euripidis</strong></span> <span class='ocrx_word' id='word_1_837' title='bbox 753 5774 1104 5839; x_wconf 86' lang='lat' dir='ltr'><strong>intercidere,</strong></span> <span class='ocrx_word' id='word_1_838' title='bbox 1144 5784 1199 5829; x_wconf 88' lang='lat' dir='ltr'><strong>et</strong></span> <span class='ocrx_word' id='word_1_839' title='bbox 1246 5772 1406 5843; x_wconf 83' lang='lat' dir='ltr'><strong>hujus</strong></span> <span class='ocrx_word' id='word_1_840' title='bbox 1437 5787 1558 5828; x_wconf 76' lang='lat' dir='ltr'><strong>mox</strong></span> <span class='ocrx_word' id='word_1_841' title='bbox 1618 5771 1788 5827; x_wconf 83' lang='lat' dir='ltr'><strong>nostri</strong></span> 
     </span>
    </p>
   </div>
   <div class='ocr_carea' id='block_1_116' title="bbox 1903 5470 3481 5570">
    <p class='ocr_par' dir='ltr' id='par_1_116' title="bbox 1903 5470 3481 5570">
     <span class='ocr_line' id='line_1_117' title="bbox 1903 5470 3481 5570; baseline 0.002 -28"><span class='ocrx_word' id='word_1_842' title='bbox 1903 5488 2227 5570; x_wconf 40' lang='lat' dir='ltr'><strong>.I’hil‘octetre.</strong></span> <span class='ocrx_word' id='word_1_843' title='bbox 2249 5488 2495 5543; x_wconf 88' lang='lat' dir='ltr'><strong>meminit</strong></span> <span class='ocrx_word' id='word_1_844' title='bbox 2529 5503 2749 5560; x_wconf 88' lang='lat' dir='ltr'><strong>quoque</strong></span> <span class='ocrx_word' id='word_1_845' title='bbox 2778 5487 2850 5544; x_wconf 80' lang='grc' dir='ltr'>Μ.</span> <span class='ocrx_word' id='word_1_846' title='bbox 2896 5470 3106 5542; x_wconf 83' lang='lat' dir='ltr'><strong>&#39;l‘ullius</strong></span> <span class='ocrx_word' id='word_1_847' title='bbox 3140 5486 3296 5542; x_wconf 84' lang='lat' dir='ltr'><strong>Tusc.</strong></span> <span class='ocrx_word' id='word_1_848' title='bbox 3331 5503 3395 5557; x_wconf 83' lang='grc' dir='ltr'><strong>ιι,</strong></span> <span class='ocrx_word' id='word_1_849' title='bbox 3424 5498 3481 5545; x_wconf 90' lang='lat' dir='ltr'><strong>et</strong></span> 
     </span>
    </p>
   </div>
   <div class='ocr_carea' id='block_1_117' title="bbox 1903 5559 3477 5698">
    <p class='ocr_par' dir='ltr' id='par_1_117' title="bbox 1903 5559 3477 5698">
     <span class='ocr_line' id='line_1_118' title="bbox 1903 5559 2672 5616; baseline 0.004 -4"><span class='ocrx_word' id='word_1_850' title='bbox 1903 5559 1975 5613; x_wconf 93' lang='lat' dir='ltr'><strong>ibi</strong></span> <span class='ocrx_word' id='word_1_851' title='bbox 2002 5559 2250 5616; x_wconf 84' lang='lat' dir='ltr'><strong>Beroald.</strong></span> <span class='ocrx_word' id='word_1_852' title='bbox 2661 5559 2672 5560; x_wconf 28' lang='grc' dir='ltr'><strong>ί</strong></span> 
     </span>
     <span class='ocr_line' id='line_1_119' title="bbox 1976 5626 3477 5698; baseline 0.001 -15"><span class='ocrx_word' id='word_1_853' title='bbox 1976 5629 2079 5698; x_wconf 80' lang='lat'><strong>(5‘)</strong></span> <span class='ocrx_word' id='word_1_854' title='bbox 2108 5630 2405 5684; x_wconf 84' lang='lat' dir='ltr'><strong>Hesiodum</strong></span> <span class='ocrx_word' id='word_1_855' title='bbox 2428 5626 2683 5684; x_wconf 87' lang='lat' dir='ltr'><strong>Chironis</strong></span> <span class='ocrx_word' id='word_1_856' title='bbox 2704 5630 2768 5683; x_wconf 91' lang='lat' dir='ltr'><strong>ad</strong></span> <span class='ocrx_word' id='word_1_857' title='bbox 2792 5628 3056 5682; x_wconf 82' lang='lat' dir='ltr'><strong>Achillem</strong></span> <span class='ocrx_word' id='word_1_858' title='bbox 3084 5628 3477 5685; x_wconf 82' lang='lat' dir='ltr'><strong>instituendum</strong></span> 
     </span>
    </p>
   </div>
   <div class='ocr_carea' id='block_1_118' title="bbox 1901 5699 3475 5769">
    <p class='ocr_par' dir='ltr' id='par_1_118' title="bbox 1901 5699 3475 5769">
     <span class='ocr_line' id='line_1_120' title="bbox 1901 5699 3475 5769; baseline 0.001 -15"><span class='ocrx_word' id='word_1_859' title='bbox 1901 5700 2327 5769; x_wconf 71' lang='lat' dir='ltr'><strong>Prteceptiqnem</strong></span> <span class='ocrx_word' id='word_1_860' title='bbox 2374 5700 2662 5769; x_wconf 85' lang='lat' dir='ltr'><strong>scripsisse</strong></span> <span class='ocrx_word' id='word_1_861' title='bbox 2717 5715 2779 5753; x_wconf 77' lang='lat' dir='ltr'><strong>ex</strong></span> <span class='ocrx_word' id='word_1_862' title='bbox 2838 5699 3142 5767; x_wconf 89' lang='lat' dir='ltr'><strong>aliquorum</strong></span> <span class='ocrx_word' id='word_1_863' title='bbox 3204 5704 3475 5755; x_wconf 69' lang='lat' dir='ltr'><strong>sententia</strong></span> 
     </span>
    </p>
   </div>
   <div class='ocr_carea' id='block_1_119' title="bbox 1901 5767 2399 5826">
    <p class='ocr_par' dir='ltr' id='par_1_119' title="bbox 1901 5767 2399 5826">
     <span class='ocr_line' id='line_1_121' title="bbox 1901 5767 2399 5826; baseline -0.004 -1"><span class='ocrx_word' id='word_1_864' title='bbox 1901 5767 2137 5826; x_wconf 82' lang='lat' dir='ltr'><strong>Pausan.</strong></span> <span class='ocrx_word' id='word_1_865' title='bbox 2176 5767 2399 5825; x_wconf 73' lang='lat' dir='ltr'><strong>Baeott&#39;c.</strong></span> 
     </span>
    </p>
   </div>
  </div>
