  <div class='ocr_page' id='page_1' title='image "/cluster/home/n/w/nwhite01/storage/ocr_20150623/103:no.3/coo.31924054870070/357.png"; bbox 0 0 4022 6446; ppageno 0'>
   <div class='ocr_carea' id='block_1_1' title="bbox 564 320 672 385">
    <p class='ocr_par' dir='ltr' id='par_1_1' title="bbox 564 320 672 385">
     <span class='ocr_line' id='line_1_1' title="bbox 564 320 672 385; baseline -0.037 0"><span class='ocrx_word' id='word_1_1' title='bbox 564 320 672 385; x_wconf 61' lang='grc' dir='ltr'><strong>ἯΞἿ</strong></span> 
     </span>
    </p>
   </div>
   <div class='ocr_carea' id='block_1_2' title="bbox 1681 325 3806 412">
    <p class='ocr_par' dir='ltr' id='par_1_2' title="bbox 1681 325 3806 412">
     <span class='ocr_line' id='line_1_2' title="bbox 1681 325 3806 412; baseline -0.003 -22"><span class='ocrx_word' id='word_1_2' title='bbox 1681 329 1945 390; x_wconf 88' lang='lat' dir='ltr'><strong>PHOTII</strong></span> <span class='ocrx_word' id='word_1_3' title='bbox 1983 325 2494 390; x_wconf 77' lang='lat' dir='ltr'><strong>PATRIARCH/E</strong></span> <span class='ocrx_word' id='word_1_4' title='bbox 2533 326 2644 388; x_wconf 71' lang='grc' dir='ltr'><strong>(ΣΡ.</strong></span> <span class='ocrx_word' id='word_1_5' title='bbox 3721 347 3806 412; x_wconf 61' lang='lat' dir='ltr'><strong>r33</strong></span> 
     </span>
    </p>
   </div>
   <div class='ocr_carea' id='block_1_3' title="bbox 576 420 2158 521">
    <p class='ocr_par' dir='ltr' id='par_1_3' title="bbox 576 436 2158 506">
     <span class='ocr_line' id='line_1_3' title="bbox 576 436 2158 506; baseline 0.004 -16"><span class='ocrx_word' id='word_1_6' title='bbox 576 439 630 490; x_wconf 93' lang='lat' dir='ltr'><strong>in</strong></span> <span class='ocrx_word' id='word_1_7' title='bbox 666 436 865 492; x_wconf 88' lang='lat' dir='ltr'><strong>seriem</strong></span> <span class='ocrx_word' id='word_1_8' title='bbox 898 438 1186 505; x_wconf 75' lang='lat' dir='ltr'><strong>quamdam</strong></span> <span class='ocrx_word' id='word_1_9' title='bbox 1226 445 1386 506; x_wconf 82' lang='lat' dir='ltr'><strong>atque</strong></span> <span class='ocrx_word' id='word_1_10' title='bbox 1412 438 1660 494; x_wconf 86' lang='lat' dir='ltr'><strong>ordinem</strong></span> <span class='ocrx_word' id='word_1_11' title='bbox 1687 442 1966 497; x_wconf 86' lang='lat' dir='ltr'><strong>meliorem</strong></span> <span class='ocrx_word' id='word_1_12' title='bbox 2003 441 2158 496; x_wconf 84' lang='lat' dir='ltr'><strong>vide-</strong></span> 
     </span>
    </p>
   </div>
   <div class='ocr_carea' id='block_1_4' title="bbox 2254 420 3805 521">
    <p class='ocr_par' dir='ltr' id='par_1_4' title="bbox 2263 420 3805 521">
     <span class='ocr_line' id='line_1_4' title="bbox 2263 420 3805 521; baseline 0.007 -30"><span class='ocrx_word' id='word_1_13' title='bbox 2263 420 2541 508; x_wconf 44' lang='grc' dir='ltr'>Χρυσηῒς·</span> <span class='ocrx_word' id='word_1_14' title='bbox 2559 438 2778 502; x_wconf 73' lang='grc' dir='ltr'>ἔπαινός</span> <span class='ocrx_word' id='word_1_15' title='bbox 2806 439 2926 492; x_wconf 88' lang='grc' dir='ltr'>ἐστι</span> <span class='ocrx_word' id='word_1_16' title='bbox 2955 441 3276 513; x_wconf 79' lang='grc' dir='ltr'>Χρυσηΐδος.</span> <span class='ocrx_word' id='word_1_17' title='bbox 3325 442 3383 498; x_wconf 84' lang='grc' dir='ltr'><strong>Ὀ</strong></span> <span class='ocrx_word' id='word_1_18' title='bbox 3404 446 3460 500; x_wconf 82' lang='grc' dir='ltr'>δὲ</span> <span class='ocrx_word' id='word_1_19' title='bbox 3506 452 3633 521; x_wconf 78' lang='grc' dir='ltr'>Περὶ</span> <span class='ocrx_word' id='word_1_20' title='bbox 3654 459 3805 520; x_wconf 79' lang='grc' dir='ltr'><strong>βασι.</strong></span> 
     </span>
    </p>
   </div>
   <div class='ocr_carea' id='block_1_5' title="bbox 575 527 2161 604">
    <p class='ocr_par' dir='ltr' id='par_1_5' title="bbox 575 527 2161 604">
     <span class='ocr_line' id='line_1_5' title="bbox 575 527 2161 604; baseline 0.004 -24"><span class='ocrx_word' id='word_1_21' title='bbox 575 536 666 582; x_wconf 92' lang='lat' dir='ltr'><strong>tur</strong></span> <span class='ocrx_word' id='word_1_22' title='bbox 702 527 1022 584; x_wconf 74' lang='lat' dir='ltr'><strong>reformare.</strong></span> <span class='ocrx_word' id='word_1_23' title='bbox 1057 527 1304 600; x_wconf 77' lang='lat' dir='ltr'><strong>Chryseis</strong></span> <span class='ocrx_word' id='word_1_24' title='bbox 1333 528 1486 598; x_wconf 82' lang='lat' dir='ltr'><strong>[item</strong></span> <span class='ocrx_word' id='word_1_25' title='bbox 1513 532 1656 588; x_wconf 90' lang='lat' dir='ltr'><strong>dicta</strong></span> <span class='ocrx_word' id='word_1_26' title='bbox 1686 532 1885 604; x_wconf 79' lang='lat' dir='ltr'><strong>oratio]</strong></span> <span class='ocrx_word' id='word_1_27' title='bbox 1924 532 2161 587; x_wconf 81' lang='lat' dir='ltr'><strong>laudatio</strong></span> 
     </span>
    </p>
   </div>
   <div class='ocr_carea' id='block_1_6' title="bbox 581 620 2162 696">
    <p class='ocr_par' dir='ltr' id='par_1_6' title="bbox 581 620 2162 696">
     <span class='ocr_line' id='line_1_6' title="bbox 581 620 2162 696; baseline 0.005 -24"><span class='ocrx_word' id='word_1_28' title='bbox 581 620 898 691; x_wconf 74' lang='lat' dir='ltr'><strong>Ilhryseidis</strong></span> <span class='ocrx_word' id='word_1_29' title='bbox 919 631 1020 677; x_wconf 89' lang='lat' dir='ltr'><strong>est.</strong></span> <span class='ocrx_word' id='word_1_30' title='bbox 1055 622 1128 676; x_wconf 89' lang='lat' dir='ltr'><strong>De</strong></span> <span class='ocrx_word' id='word_1_31' title='bbox 1144 639 1302 693; x_wconf 78' lang='lat' dir='ltr'><strong>regno</strong></span> <span class='ocrx_word' id='word_1_32' title='bbox 1317 638 1450 678; x_wconf 84' lang='lat' dir='ltr'><strong>vero</strong></span> <span class='ocrx_word' id='word_1_33' title='bbox 1475 632 1527 678; x_wconf 88' lang='lat' dir='ltr'><strong>et</strong></span> <span class='ocrx_word' id='word_1_34' title='bbox 1557 625 1840 696; x_wconf 74' lang='lat' dir='ltr'><strong>tyrannide</strong></span> <span class='ocrx_word' id='word_1_35' title='bbox 1867 624 2066 687; x_wconf 87' lang='lat' dir='ltr'><strong>oratiu,</strong></span> <span class='ocrx_word' id='word_1_36' title='bbox 2093 626 2162 680; x_wconf 88' lang='lat' dir='ltr'><strong>de</strong></span> 
     </span>
    </p>
   </div>
   <div class='ocr_carea' id='block_1_7' title="bbox 583 712 2161 786">
    <p class='ocr_par' dir='ltr' id='par_1_7' title="bbox 583 712 2161 786">
     <span class='ocr_line' id='line_1_7' title="bbox 583 712 2161 786; baseline 0.001 -20"><span class='ocrx_word' id='word_1_37' title='bbox 583 712 668 768; x_wconf 92' lang='lat' dir='ltr'><strong>his</strong></span> <span class='ocrx_word' id='word_1_38' title='bbox 686 712 814 782; x_wconf 81' lang='lat' dir='ltr'><strong>ipsis</strong></span> <span class='ocrx_word' id='word_1_39' title='bbox 831 713 1072 780; x_wconf 76' lang='lat' dir='ltr'><strong>disserit,</strong></span> <span class='ocrx_word' id='word_1_40' title='bbox 1105 723 1164 767; x_wconf 90' lang='lat' dir='ltr'><strong>ut</strong></span> <span class='ocrx_word' id='word_1_41' title='bbox 1193 723 1305 770; x_wconf 90' lang='lat' dir='ltr'><strong>tres</strong></span> <span class='ocrx_word' id='word_1_42' title='bbox 1332 716 1588 786; x_wconf 89' lang='lat' dir='ltr'><strong>deinceps</strong></span> <span class='ocrx_word' id='word_1_43' title='bbox 1609 725 1905 784; x_wconf 79' lang='lat' dir='ltr'><strong>sequentes</strong></span> <span class='ocrx_word' id='word_1_44' title='bbox 1932 715 2005 770; x_wconf 81' lang='lat' dir='ltr'><strong>De</strong></span> <span class='ocrx_word' id='word_1_45' title='bbox 2022 713 2161 769; x_wconf 84' lang='lat' dir='ltr'><strong>For-</strong></span> 
     </span>
    </p>
   </div>
   <div class='ocr_carea' id='block_1_8' title="bbox 579 801 2162 874">
    <p class='ocr_par' dir='ltr' id='par_1_8' title="bbox 579 801 2162 874">
     <span class='ocr_line' id='line_1_8' title="bbox 579 801 2162 874; baseline 0.003 -21"><span class='ocrx_word' id='word_1_46' title='bbox 579 811 711 853; x_wconf 79' lang='lat' dir='ltr'><strong>luna</strong></span> <span class='ocrx_word' id='word_1_47' title='bbox 751 812 938 868; x_wconf 79' lang='lat' dir='ltr'><strong>gratas</strong></span> <span class='ocrx_word' id='word_1_48' title='bbox 989 801 1148 856; x_wconf 79' lang='lat' dir='ltr'><strong>sintul</strong></span> <span class='ocrx_word' id='word_1_49' title='bbox 1201 818 1266 856; x_wconf 87' lang='lat' dir='ltr'><strong>ac</strong></span> <span class='ocrx_word' id='word_1_50' title='bbox 1315 803 1721 874; x_wconf 83' lang='lat' dir='ltr'><strong>philosophicas</strong></span> <span class='ocrx_word' id='word_1_51' title='bbox 1779 805 2162 858; x_wconf 83' lang='lat' dir='ltr'><strong>meditationes</strong></span> 
     </span>
    </p>
   </div>
   <div class='ocr_carea' id='block_1_9' title="bbox 577 890 2158 964">
    <p class='ocr_par' dir='ltr' id='par_1_9' title="bbox 577 890 2158 964">
     <span class='ocr_line' id='line_1_9' title="bbox 577 890 2158 964; baseline 0.004 -24"><span class='ocrx_word' id='word_1_52' title='bbox 577 892 854 944; x_wconf 69' lang='lat' dir='ltr'><strong>exhibent.</strong></span> <span class='ocrx_word' id='word_1_53' title='bbox 886 890 966 944; x_wconf 80' lang='lat' dir='ltr'><strong>Ad</strong></span> <span class='ocrx_word' id='word_1_54' title='bbox 991 895 1240 944; x_wconf 89' lang='lat' dir='ltr'><strong>eumdem</strong></span> <span class='ocrx_word' id='word_1_55' title='bbox 1301 894 1544 958; x_wconf 89' lang='lat' dir='ltr'><strong>modum,</strong></span> <span class='ocrx_word' id='word_1_56' title='bbox 1573 909 1695 964; x_wconf 65' lang='lat' dir='ltr'><strong>quae</strong></span> <span class='ocrx_word' id='word_1_57' title='bbox 1723 896 1821 949; x_wconf 90' lang='lat' dir='ltr'><strong>has</strong></span> <span class='ocrx_word' id='word_1_58' title='bbox 1858 894 2158 964; x_wconf 76' lang='lat' dir='ltr'><strong>excipiunt,</strong></span> 
     </span>
    </p>
   </div>
   <div class='ocr_carea' id='block_1_10' title="bbox 578 981 2159 1052">
    <p class='ocr_par' dir='ltr' id='par_1_10' title="bbox 578 981 2159 1052">
     <span class='ocr_line' id='line_1_10' title="bbox 578 981 2159 1052; baseline 0.005 -20"><span class='ocrx_word' id='word_1_59' title='bbox 578 983 800 1035; x_wconf 81' lang='lat' dir='ltr'><strong>totidem</strong></span> <span class='ocrx_word' id='word_1_60' title='bbox 850 981 925 1036; x_wconf 90' lang='lat' dir='ltr'><strong>De</strong></span> <span class='ocrx_word' id='word_1_61' title='bbox 952 981 1123 1052; x_wconf 81' lang='lat' dir='ltr'><strong>gloria</strong></span> <span class='ocrx_word' id='word_1_62' title='bbox 1170 984 1483 1049; x_wconf 89' lang='lat' dir='ltr'><strong>orationes,</strong></span> <span class='ocrx_word' id='word_1_63' title='bbox 1550 986 1782 1040; x_wconf 83' lang='lat' dir='ltr'><strong>suadent</strong></span> <span class='ocrx_word' id='word_1_64' title='bbox 1831 996 1886 1040; x_wconf 92' lang='lat' dir='ltr'><strong>et</strong></span> <span class='ocrx_word' id='word_1_65' title='bbox 1935 996 2159 1040; x_wconf 90' lang='lat' dir='ltr'><strong>monent</strong></span> 
     </span>
    </p>
   </div>
   <div class='ocr_carea' id='block_1_11' title="bbox 576 1077 2160 1149">
    <p class='ocr_par' dir='ltr' id='par_1_11' title="bbox 576 1077 2160 1149">
     <span class='ocr_line' id='line_1_11' title="bbox 576 1077 2160 1149; baseline 0.006 -26"><span class='ocrx_word' id='word_1_66' title='bbox 576 1077 1030 1128; x_wconf 66' lang='lat' dir='ltr'><strong>contemnendam</strong></span> <span class='ocrx_word' id='word_1_67' title='bbox 1088 1091 1210 1133; x_wconf 89' lang='lat' dir='ltr'><strong>esse</strong></span> <span class='ocrx_word' id='word_1_68' title='bbox 1259 1078 1404 1148; x_wconf 83' lang='lat' dir='ltr'><strong>vulgi</strong></span> <span class='ocrx_word' id='word_1_69' title='bbox 1455 1078 1736 1149; x_wconf 83' lang='lat' dir='ltr'><strong>gloriam:</strong></span> <span class='ocrx_word' id='word_1_70' title='bbox 1777 1080 1866 1134; x_wconf 92' lang='lat' dir='ltr'><strong>ubi</strong></span> <span class='ocrx_word' id='word_1_71' title='bbox 1921 1078 2160 1146; x_wconf 63' lang='lat' dir='ltr'><strong>pulchrae</strong></span> 
     </span>
    </p>
   </div>
   <div class='ocr_carea' id='block_1_12' title="bbox 574 1165 2157 1228">
    <p class='ocr_par' dir='ltr' id='par_1_12' title="bbox 574 1165 2157 1228">
     <span class='ocr_line' id='line_1_12' title="bbox 574 1165 2157 1228; baseline 0.003 -9"><span class='ocrx_word' id='word_1_72' title='bbox 574 1165 738 1219; x_wconf 86' lang='lat' dir='ltr'><strong>simul</strong></span> <span class='ocrx_word' id='word_1_73' title='bbox 791 1178 844 1220; x_wconf 91' lang='lat' dir='ltr'><strong>et</strong></span> <span class='ocrx_word' id='word_1_74' title='bbox 888 1168 1044 1221; x_wconf 88' lang='lat' dir='ltr'><strong>utiles</strong></span> <span class='ocrx_word' id='word_1_75' title='bbox 1101 1169 1569 1228; x_wconf 88' lang='lat' dir='ltr'><strong>considerationes</strong></span> <span class='ocrx_word' id='word_1_76' title='bbox 1631 1171 1776 1225; x_wconf 89' lang='lat' dir='ltr'><strong>inter</strong></span> <span class='ocrx_word' id='word_1_77' title='bbox 1830 1170 2157 1225; x_wconf 87' lang='lat' dir='ltr'><strong>hortandum</strong></span> 
     </span>
    </p>
   </div>
   <div class='ocr_carea' id='block_1_13' title="bbox 578 1257 2157 1326">
    <p class='ocr_par' dir='ltr' id='par_1_13' title="bbox 578 1257 2157 1326">
     <span class='ocr_line' id='line_1_13' title="bbox 578 1257 2157 1326; baseline 0.005 -18"><span class='ocrx_word' id='word_1_78' title='bbox 578 1257 897 1312; x_wconf 79' lang='lat' dir='ltr'><strong>miscentur.</strong></span> <span class='ocrx_word' id='word_1_79' title='bbox 932 1257 1039 1312; x_wconf 90' lang='lat' dir='ltr'><strong>Lll.</strong></span> <span class='ocrx_word' id='word_1_80' title='bbox 1071 1259 1147 1313; x_wconf 90' lang='lat' dir='ltr'><strong>De</strong></span> <span class='ocrx_word' id='word_1_81' title='bbox 1167 1262 1357 1315; x_wconf 72' lang='lat' dir='ltr'><strong>uirtute</strong></span> <span class='ocrx_word' id='word_1_82' title='bbox 1379 1272 1435 1316; x_wconf 92' lang='lat' dir='ltr'><strong>et</strong></span> <span class='ocrx_word' id='word_1_83' title='bbox 1465 1263 1804 1326; x_wconf 83' lang='lat' dir='ltr'><strong>inscribitur,</strong></span> <span class='ocrx_word' id='word_1_84' title='bbox 1828 1275 1882 1317; x_wconf 92' lang='lat' dir='ltr'><strong>et</strong></span> <span class='ocrx_word' id='word_1_85' title='bbox 1916 1265 2157 1318; x_wconf 89' lang='lat' dir='ltr'><strong>disserit.</strong></span> 
     </span>
    </p>
   </div>
   <div class='ocr_carea' id='block_1_14' title="bbox 577 1348 2161 1424">
    <p class='ocr_par' dir='ltr' id='par_1_14' title="bbox 577 1348 2161 1424">
     <span class='ocr_line' id='line_1_14' title="bbox 577 1348 2161 1424; baseline 0.003 -21"><span class='ocrx_word' id='word_1_86' title='bbox 577 1348 710 1406; x_wconf 88' lang='lat' dir='ltr'><strong>LIII.</strong></span> <span class='ocrx_word' id='word_1_87' title='bbox 742 1349 867 1422; x_wconf 78' lang='lat' dir='ltr'><strong>Agit</strong></span> <span class='ocrx_word' id='word_1_88' title='bbox 899 1351 974 1406; x_wconf 86' lang='lat' dir='ltr'><strong>De</strong></span> <span class='ocrx_word' id='word_1_89' title='bbox 1001 1353 1358 1422; x_wconf 77' lang='lat' dir='ltr'><strong>philosophia,</strong></span> <span class='ocrx_word' id='word_1_90' title='bbox 1392 1366 1448 1409; x_wconf 91' lang='lat' dir='ltr'><strong>ut</strong></span> <span class='ocrx_word' id='word_1_91' title='bbox 1480 1351 1617 1411; x_wconf 78' lang='lat' dir='ltr'><strong>LIV.</strong></span> <span class='ocrx_word' id='word_1_92' title='bbox 1643 1355 1718 1409; x_wconf 84' lang='lat' dir='ltr'><strong>De</strong></span> <span class='ocrx_word' id='word_1_93' title='bbox 1733 1356 2062 1424; x_wconf 80' lang='lat' dir='ltr'><strong>philosopho.</strong></span> <span class='ocrx_word' id='word_1_94' title='bbox 2093 1355 2161 1408; x_wconf 82' lang='lat' dir='ltr'><strong>At</strong></span> 
     </span>
    </p>
   </div>
   <div class='ocr_carea' id='block_1_15' title="bbox 576 1441 2163 1517">
    <p class='ocr_par' dir='ltr' id='par_1_15' title="bbox 576 1441 2163 1517">
     <span class='ocr_line' id='line_1_15' title="bbox 576 1441 2163 1517; baseline 0.004 -21"><span class='ocrx_word' id='word_1_95' title='bbox 576 1441 688 1500; x_wconf 87' lang='lat' dir='ltr'><strong>LV.</strong></span> <span class='ocrx_word' id='word_1_96' title='bbox 722 1443 797 1497; x_wconf 85' lang='lat' dir='ltr'><strong>De</strong></span> <span class='ocrx_word' id='word_1_97' title='bbox 845 1446 1028 1499; x_wconf 79' lang='lat' dir='ltr'><strong>habitu</strong></span> <span class='ocrx_word' id='word_1_98' title='bbox 1087 1447 1340 1516; x_wconf 81' lang='lat' dir='ltr'><strong>cultuque</strong></span> <span class='ocrx_word' id='word_1_99' title='bbox 1395 1449 1633 1515; x_wconf 76' lang='lat' dir='ltr'><strong>corporis</strong></span> <span class='ocrx_word' id='word_1_100' title='bbox 1670 1449 1950 1517; x_wconf 86' lang='lat' dir='ltr'><strong>inscripta,</strong></span> <span class='ocrx_word' id='word_1_101' title='bbox 2004 1451 2163 1502; x_wconf 89' lang='lat' dir='ltr'><strong>docet</strong></span> 
     </span>
    </p>
   </div>
   <div class='ocr_carea' id='block_1_16' title="bbox 575 1534 2153 1610">
    <p class='ocr_par' dir='ltr' id='par_1_16' title="bbox 575 1534 2153 1610">
     <span class='ocr_line' id='line_1_16' title="bbox 575 1534 2153 1610; baseline 0.003 -22"><span class='ocrx_word' id='word_1_102' title='bbox 575 1551 683 1588; x_wconf 88' lang='lat' dir='ltr'><strong>non</strong></span> <span class='ocrx_word' id='word_1_103' title='bbox 717 1534 786 1590; x_wconf 91' lang='lat' dir='ltr'><strong>ob</strong></span> <span class='ocrx_word' id='word_1_104' title='bbox 833 1537 1068 1590; x_wconf 83' lang='lat' dir='ltr'><strong>tunicam</strong></span> <span class='ocrx_word' id='word_1_105' title='bbox 1113 1554 1237 1593; x_wconf 78' lang='lat' dir='ltr'><strong>mox</strong></span> <span class='ocrx_word' id='word_1_106' title='bbox 1285 1549 1341 1593; x_wconf 90' lang='lat' dir='ltr'><strong>et</strong></span> <span class='ocrx_word' id='word_1_107' title='bbox 1413 1539 1629 1593; x_wconf 81' lang='lat' dir='ltr'><strong>calceos</strong></span> <span class='ocrx_word' id='word_1_108' title='bbox 1681 1541 2153 1610; x_wconf 88' lang='lat' dir='ltr'><strong>philosophorum,</strong></span> 
     </span>
    </p>
   </div>
   <div class='ocr_carea' id='block_1_17' title="bbox 575 1629 2158 1702">
    <p class='ocr_par' dir='ltr' id='par_1_17' title="bbox 575 1629 2158 1702">
     <span class='ocr_line' id='line_1_17' title="bbox 575 1629 2158 1702; baseline 0.003 -22"><span class='ocrx_word' id='word_1_109' title='bbox 575 1641 752 1696; x_wconf 88' lang='lat' dir='ltr'><strong>neque</strong></span> <span class='ocrx_word' id='word_1_110' title='bbox 786 1629 855 1682; x_wconf 91' lang='lat' dir='ltr'><strong>ob</strong></span> <span class='ocrx_word' id='word_1_111' title='bbox 915 1640 1196 1683; x_wconf 63' lang='lat' dir='ltr'><strong>extr-ruam</strong></span> <span class='ocrx_word' id='word_1_112' title='bbox 1238 1630 1415 1686; x_wconf 91' lang='lat' dir='ltr'><strong>cultus</strong></span> <span class='ocrx_word' id='word_1_113' title='bbox 1472 1633 1707 1700; x_wconf 85' lang='lat' dir='ltr'><strong>speciem</strong></span> <span class='ocrx_word' id='word_1_114' title='bbox 1781 1634 2158 1702; x_wconf 83' lang='lat' dir='ltr'><strong>philosophum</strong></span> 
     </span>
    </p>
   </div>
   <div class='ocr_carea' id='block_1_18' title="bbox 573 1720 2157 1794">
    <p class='ocr_par' dir='ltr' id='par_1_18' title="bbox 573 1720 2157 1794">
     <span class='ocr_line' id='line_1_18' title="bbox 573 1720 2157 1794; baseline 0.003 -21"><span class='ocrx_word' id='word_1_115' title='bbox 573 1733 898 1788; x_wconf 80' lang='lat' dir='ltr'><strong>quemquam</strong></span> <span class='ocrx_word' id='word_1_116' title='bbox 940 1737 1062 1775; x_wconf 78' lang='lat' dir='ltr'><strong>esse</strong></span> <span class='ocrx_word' id='word_1_117' title='bbox 1085 1720 1463 1789; x_wconf 69' lang='lat' dir='ltr'><strong>iudicandum.</strong></span> <span class='ocrx_word' id='word_1_118' title='bbox 1521 1723 1660 1779; x_wconf 80' lang='lat' dir='ltr'><strong>LVI.</strong></span> <span class='ocrx_word' id='word_1_119' title='bbox 1689 1725 1764 1778; x_wconf 85' lang='lat' dir='ltr'><strong>De</strong></span> <span class='ocrx_word' id='word_1_120' title='bbox 1799 1726 1997 1794; x_wconf 82' lang='lat' dir='ltr'><strong>ﬁducia</strong></span> <span class='ocrx_word' id='word_1_121' title='bbox 2029 1729 2157 1777; x_wconf 81' lang='lat' dir='ltr'><strong>titu-</strong></span> 
     </span>
    </p>
   </div>
   <div class='ocr_carea' id='block_1_19' title="bbox 573 1791 2233 1887">
    <p class='ocr_par' dir='ltr' id='par_1_19' title="bbox 573 1791 2233 1887">
     <span class='ocr_line' id='line_1_19' title="bbox 573 1791 2233 1887; baseline 0.004 -23"><span class='ocrx_word' id='word_1_122' title='bbox 573 1809 682 1865; x_wconf 90' lang='lat' dir='ltr'><strong>lum</strong></span> <span class='ocrx_word' id='word_1_123' title='bbox 712 1813 970 1879; x_wconf 87' lang='lat' dir='ltr'><strong>sortitur;</strong></span> <span class='ocrx_word' id='word_1_124' title='bbox 1001 1823 1059 1868; x_wconf 92' lang='lat' dir='ltr'><strong>ut</strong></span> <span class='ocrx_word' id='word_1_125' title='bbox 1085 1826 1269 1868; x_wconf 85' lang='lat' dir='ltr'><strong>contra</strong></span> <span class='ocrx_word' id='word_1_126' title='bbox 1307 1817 1430 1869; x_wconf 90' lang='lat' dir='ltr'><strong>huic</strong></span> <span class='ocrx_word' id='word_1_127' title='bbox 1461 1819 1705 1886; x_wconf 77' lang='lat' dir='ltr'><strong>proxima</strong></span> <span class='ocrx_word' id='word_1_128' title='bbox 1737 1791 1810 1870; x_wconf 79' lang='lat' dir='ltr'><strong>De</strong></span> <span class='ocrx_word' id='word_1_129' title='bbox 1831 1817 2151 1887; x_wconf 66' lang='lat' dir='ltr'><strong>diffidentia.</strong></span> <span class='ocrx_word' id='word_1_130' title='bbox 2193 1791 2233 1846; x_wconf 75' lang='grc' dir='ltr'><strong>Β</strong></span> 
     </span>
    </p>
   </div>
   <div class='ocr_carea' id='block_1_20' title="bbox 573 1905 2150 1976">
    <p class='ocr_par' dir='ltr' id='par_1_20' title="bbox 573 1905 2150 1976">
     <span class='ocr_line' id='line_1_20' title="bbox 573 1905 2150 1976; baseline 0.001 -15"><span class='ocrx_word' id='word_1_131' title='bbox 573 1905 815 1962; x_wconf 88' lang='lat' dir='ltr'><strong>Suadent</strong></span> <span class='ocrx_word' id='word_1_132' title='bbox 870 1910 950 1962; x_wconf 69' lang='lat' dir='ltr'><strong>ha:</strong></span> <span class='ocrx_word' id='word_1_133' title='bbox 1001 1909 1304 1964; x_wconf 85' lang='lat' dir='ltr'><strong>cavendum</strong></span> <span class='ocrx_word' id='word_1_134' title='bbox 1365 1911 1450 1964; x_wconf 87' lang='lat' dir='ltr'><strong>cui</strong></span> <span class='ocrx_word' id='word_1_135' title='bbox 1495 1912 1648 1976; x_wconf 85' lang='lat' dir='ltr'><strong>lidas,</strong></span> <span class='ocrx_word' id='word_1_136' title='bbox 1695 1921 1788 1965; x_wconf 88' lang='lat' dir='ltr'><strong>aut</strong></span> <span class='ocrx_word' id='word_1_137' title='bbox 1843 1921 1893 1965; x_wconf 89' lang='lat' dir='ltr'><strong>te</strong></span> <span class='ocrx_word' id='word_1_138' title='bbox 1939 1920 2150 1975; x_wconf 83' lang='lat' dir='ltr'><strong>credas;</strong></span> 
     </span>
    </p>
   </div>
   <div class='ocr_carea' id='block_1_21' title="bbox 572 1996 2149 2067">
    <p class='ocr_par' dir='ltr' id='par_1_21' title="bbox 572 1996 2149 2067">
     <span class='ocr_line' id='line_1_21' title="bbox 572 1996 2149 2067; baseline 0 -15"><span class='ocrx_word' id='word_1_139' title='bbox 572 2011 641 2052; x_wconf 90' lang='lat' dir='ltr'><strong>ne</strong></span> <span class='ocrx_word' id='word_1_140' title='bbox 673 1996 741 2051; x_wconf 85' lang='lat' dir='ltr'><strong>iis</strong></span> <span class='ocrx_word' id='word_1_141' title='bbox 774 1997 1016 2066; x_wconf 88' lang='lat' dir='ltr'><strong>quidetn,</strong></span> <span class='ocrx_word' id='word_1_142' title='bbox 1080 1998 1173 2067; x_wconf 92' lang='lat' dir='ltr'><strong>qui</strong></span> <span class='ocrx_word' id='word_1_143' title='bbox 1223 1997 1308 2051; x_wconf 85' lang='lat' dir='ltr'><strong>vel</strong></span> <span class='ocrx_word' id='word_1_144' title='bbox 1362 2000 1602 2052; x_wconf 78' lang='lat' dir='ltr'><strong>maxime</strong></span> <span class='ocrx_word' id='word_1_145' title='bbox 1661 2012 1847 2052; x_wconf 83' lang='lat' dir='ltr'><strong>amare</strong></span> <span class='ocrx_word' id='word_1_146' title='bbox 1881 1999 2149 2053; x_wconf 87' lang='lat' dir='ltr'><strong>videntur.</strong></span> 
     </span>
    </p>
   </div>
   <div class='ocr_carea' id='block_1_22' title="bbox 571 2089 2152 2162">
    <p class='ocr_par' dir='ltr' id='par_1_22' title="bbox 571 2089 2152 2162">
     <span class='ocr_line' id='line_1_22' title="bbox 571 2089 2152 2162; baseline -0.001 -17"><span class='ocrx_word' id='word_1_147' title='bbox 571 2089 770 2145; x_wconf 72' lang='lat' dir='ltr'><strong>Multos</strong></span> <span class='ocrx_word' id='word_1_148' title='bbox 801 2091 943 2144; x_wconf 86' lang='lat' dir='ltr'><strong>enim</strong></span> <span class='ocrx_word' id='word_1_149' title='bbox 973 2089 1094 2143; x_wconf 89' lang='lat' dir='ltr'><strong>aliis</strong></span> <span class='ocrx_word' id='word_1_150' title='bbox 1121 2091 1356 2144; x_wconf 77' lang='lat' dir='ltr'><strong>conlisos</strong></span> <span class='ocrx_word' id='word_1_151' title='bbox 1393 2093 1446 2146; x_wconf 91' lang='lat' dir='ltr'><strong>in</strong></span> <span class='ocrx_word' id='word_1_152' title='bbox 1495 2107 1748 2162; x_wconf 76' lang='lat' dir='ltr'><strong>magnam</strong></span> <span class='ocrx_word' id='word_1_153' title='bbox 1777 2093 2032 2146; x_wconf 81' lang='lat' dir='ltr'><strong>incidisse</strong></span> <span class='ocrx_word' id='word_1_154' title='bbox 2059 2107 2152 2144; x_wconf 85' lang='lat' dir='ltr'><strong>ca-</strong></span> 
     </span>
    </p>
   </div>
   <div class='ocr_carea' id='block_1_23' title="bbox 572 2181 2154 2238">
    <p class='ocr_par' dir='ltr' id='par_1_23' title="bbox 572 2181 2154 2238">
     <span class='ocr_line' id='line_1_23' title="bbox 572 2181 2154 2238; baseline 0.001 -1"><span class='ocrx_word' id='word_1_155' title='bbox 572 2183 871 2238; x_wconf 85' lang='lat' dir='ltr'><strong>lamitatem</strong></span> <span class='ocrx_word' id='word_1_156' title='bbox 911 2200 925 2236; x_wconf 91' lang='lat'><strong>:</strong></span> <span class='ocrx_word' id='word_1_157' title='bbox 965 2199 1088 2237; x_wconf 92' lang='lat' dir='ltr'><strong>cum</strong></span> <span class='ocrx_word' id='word_1_158' title='bbox 1134 2182 1425 2237; x_wconf 75' lang='lat' dir='ltr'><strong>diliideutia</strong></span> <span class='ocrx_word' id='word_1_159' title='bbox 1455 2184 1680 2238; x_wconf 84' lang='lat' dir='ltr'><strong>munitis</strong></span> <span class='ocrx_word' id='word_1_160' title='bbox 1709 2181 1994 2238; x_wconf 79' lang='lat' dir='ltr'><strong>manifesta</strong></span> <span class='ocrx_word' id='word_1_161' title='bbox 2020 2198 2154 2238; x_wconf 89' lang='lat' dir='ltr'><strong>con-</strong></span> 
     </span>
    </p>
   </div>
   <div class='ocr_carea' id='block_1_24' title="bbox 574 2274 2156 2346">
    <p class='ocr_par' dir='ltr' id='par_1_24' title="bbox 574 2274 2156 2346">
     <span class='ocr_line' id='line_1_24' title="bbox 574 2274 2156 2346; baseline 0.001 -18"><span class='ocrx_word' id='word_1_162' title='bbox 574 2275 758 2344; x_wconf 78' lang='lat' dir='ltr'><strong>tigerit</strong></span> <span class='ocrx_word' id='word_1_163' title='bbox 805 2274 973 2329; x_wconf 87' lang='lat' dir='ltr'><strong>salus.</strong></span> <span class='ocrx_word' id='word_1_164' title='bbox 1018 2275 1125 2329; x_wconf 80' lang='lat' dir='ltr'><strong>Sed</strong></span> <span class='ocrx_word' id='word_1_165' title='bbox 1161 2276 1276 2330; x_wconf 61' lang='lat' dir='ltr'><strong>lta&#39;c</strong></span> <span class='ocrx_word' id='word_1_166' title='bbox 1324 2277 1544 2345; x_wconf 88' lang='lat' dir='ltr'><strong>quidem</strong></span> <span class='ocrx_word' id='word_1_167' title='bbox 1603 2275 1690 2329; x_wconf 86' lang='lat' dir='ltr'><strong>illa</strong></span> <span class='ocrx_word' id='word_1_168' title='bbox 1737 2275 1816 2329; x_wconf 88' lang='lat' dir='ltr'><strong>De</strong></span> <span class='ocrx_word' id='word_1_169' title='bbox 1869 2276 2156 2346; x_wconf 68' lang='lat' dir='ltr'><strong>diﬁidentia</strong></span> 
     </span>
    </p>
   </div>
   <div class='ocr_carea' id='block_1_25' title="bbox 569 2367 2154 2436">
    <p class='ocr_par' dir='ltr' id='par_1_25' title="bbox 569 2367 2154 2436">
     <span class='ocr_line' id='line_1_25' title="bbox 569 2367 2154 2436; baseline -0.001 -13"><span class='ocrx_word' id='word_1_170' title='bbox 569 2367 771 2424; x_wconf 83' lang='lat' dir='ltr'><strong>oratio.</strong></span> <span class='ocrx_word' id='word_1_171' title='bbox 801 2367 1124 2422; x_wconf 69' lang='lat' dir='ltr'><strong>Praecedens</strong></span> <span class='ocrx_word' id='word_1_172' title='bbox 1155 2369 1300 2422; x_wconf 92' lang='lat' dir='ltr'><strong>enim</strong></span> <span class='ocrx_word' id='word_1_173' title='bbox 1350 2369 1633 2432; x_wconf 85' lang='lat' dir='ltr'><strong>edisserit,</strong></span> <span class='ocrx_word' id='word_1_174' title='bbox 1678 2367 1931 2423; x_wconf 84' lang='lat' dir='ltr'><strong>ﬁduciam</strong></span> <span class='ocrx_word' id='word_1_175' title='bbox 1962 2383 2154 2436; x_wconf 85' lang='lat' dir='ltr'><strong>magna</strong></span> 
     </span>
    </p>
   </div>
   <div class='ocr_carea' id='block_1_26' title="bbox 573 2460 2152 2532">
    <p class='ocr_par' dir='ltr' id='par_1_26' title="bbox 573 2460 2152 2532">
     <span class='ocr_line' id='line_1_26' title="bbox 573 2460 2152 2532; baseline -0.001 -16"><span class='ocrx_word' id='word_1_176' title='bbox 573 2471 632 2516; x_wconf 86' lang='lat' dir='ltr'><strong>ut</strong></span> <span class='ocrx_word' id='word_1_177' title='bbox 660 2461 950 2531; x_wconf 86' lang='lat' dir='ltr'><strong>plurimum</strong></span> <span class='ocrx_word' id='word_1_178' title='bbox 983 2460 1176 2532; x_wconf 77' lang='lat' dir='ltr'><strong>168a</strong></span> <span class='ocrx_word' id='word_1_179' title='bbox 1209 2462 1403 2516; x_wconf 85' lang='lat' dir='ltr'><strong>damna</strong></span> <span class='ocrx_word' id='word_1_180' title='bbox 1453 2461 1854 2516; x_wconf 77' lang='lat' dir='ltr'><strong>conlidentibus</strong></span> <span class='ocrx_word' id='word_1_181' title='bbox 1882 2462 2152 2515; x_wconf 83' lang='lat' dir='ltr'><strong>attulisse.</strong></span> 
     </span>
    </p>
   </div>
   <div class='ocr_carea' id='block_1_27' title="bbox 569 2551 2157 2625">
    <p class='ocr_par' dir='ltr' id='par_1_27' title="bbox 569 2551 2157 2625">
     <span class='ocr_line' id='line_1_27' title="bbox 569 2551 2157 2625; baseline 0 -18"><span class='ocrx_word' id='word_1_182' title='bbox 569 2556 961 2625; x_wconf 77' lang='lat' dir='ltr'><strong>Argumentum</strong></span> <span class='ocrx_word' id='word_1_183' title='bbox 1014 2555 1207 2606; x_wconf 88' lang='lat' dir='ltr'><strong>deimle</strong></span> <span class='ocrx_word' id='word_1_184' title='bbox 1259 2553 1521 2606; x_wconf 89' lang='lat' dir='ltr'><strong>orationis</strong></span> <span class='ocrx_word' id='word_1_185' title='bbox 1571 2551 1752 2624; x_wconf 85' lang='lat' dir='ltr'><strong>LVIII.</strong></span> <span class='ocrx_word' id='word_1_186' title='bbox 1791 2553 1933 2622; x_wconf 87' lang='lat' dir='ltr'><strong>quod</strong></span> <span class='ocrx_word' id='word_1_187' title='bbox 1997 2554 2157 2608; x_wconf 82' lang='lat' dir='ltr'><strong>docet</strong></span> 
     </span>
    </p>
   </div>
   <div class='ocr_carea' id='block_1_28' title="bbox 574 2644 2155 2715">
    <p class='ocr_par' dir='ltr' id='par_1_28' title="bbox 574 2644 2155 2715">
     <span class='ocr_line' id='line_1_28' title="bbox 574 2644 2155 2715; baseline 0.001 -17"><span class='ocrx_word' id='word_1_188' title='bbox 574 2646 879 2714; x_wconf 86' lang='lat' dir='ltr'><strong>inscriptio,</strong></span> <span class='ocrx_word' id='word_1_189' title='bbox 912 2644 987 2697; x_wconf 86' lang='lat' dir='ltr'><strong>De</strong></span> <span class='ocrx_word' id='word_1_190' title='bbox 1024 2646 1132 2715; x_wconf 87' lang='lat' dir='ltr'><strong>lege</strong></span> <span class='ocrx_word' id='word_1_191' title='bbox 1166 2658 1271 2708; x_wconf 74' lang='grc' dir='ltr'>εει,</span> <span class='ocrx_word' id='word_1_192' title='bbox 1323 2654 1459 2697; x_wconf 91' lang='lat' dir='ltr'><strong>utet</strong></span> <span class='ocrx_word' id='word_1_193' title='bbox 1505 2645 1847 2712; x_wconf 81' lang='lat' dir='ltr'><strong>insequentis</strong></span> <span class='ocrx_word' id='word_1_194' title='bbox 1896 2645 2029 2698; x_wconf 78' lang='lat' dir='ltr'><strong>LIX.</strong></span> <span class='ocrx_word' id='word_1_195' title='bbox 2083 2645 2155 2699; x_wconf 89' lang='lat' dir='ltr'><strong>De</strong></span> 
     </span>
    </p>
   </div>
   <div class='ocr_carea' id='block_1_29' title="bbox 571 2737 2151 2806">
    <p class='ocr_par' dir='ltr' id='par_1_29' title="bbox 571 2737 2151 2806">
     <span class='ocr_line' id='line_1_29' title="bbox 571 2737 2151 2806; baseline -0.004 -16"><span class='ocrx_word' id='word_1_196' title='bbox 571 2739 948 2791; x_wconf 73' lang='lat' dir='ltr'><strong>consuetudine</strong></span> <span class='ocrx_word' id='word_1_197' title='bbox 986 2755 998 2790; x_wconf 93' lang='lat'><strong>:</strong></span> <span class='ocrx_word' id='word_1_198' title='bbox 1031 2752 1191 2806; x_wconf 87' lang='lat' dir='ltr'><strong>quam</strong></span> <span class='ocrx_word' id='word_1_199' title='bbox 1238 2737 1457 2806; x_wconf 87' lang='lat' dir='ltr'><strong>quidem</strong></span> <span class='ocrx_word' id='word_1_200' title='bbox 1497 2737 1832 2789; x_wconf 83' lang='lat' dir='ltr'><strong>tantumdem</strong></span> <span class='ocrx_word' id='word_1_201' title='bbox 1873 2745 2151 2803; x_wconf 65' lang='lat' dir='ltr'><strong>praestare,</strong></span> 
     </span>
    </p>
   </div>
   <div class='ocr_carea' id='block_1_30' title="bbox 570 2828 2154 2900">
    <p class='ocr_par' dir='ltr' id='par_1_30' title="bbox 570 2828 2154 2900">
     <span class='ocr_line' id='line_1_30' title="bbox 570 2828 2154 2900; baseline -0.001 -20"><span class='ocrx_word' id='word_1_202' title='bbox 570 2841 835 2900; x_wconf 86' lang='lat' dir='ltr'><strong>quantum</strong></span> <span class='ocrx_word' id='word_1_203' title='bbox 870 2829 953 2881; x_wconf 79' lang='lat' dir='ltr'><strong>lex</strong></span> <span class='ocrx_word' id='word_1_204' title='bbox 1001 2829 1158 2890; x_wconf 86' lang='lat' dir='ltr'><strong>solet,</strong></span> <span class='ocrx_word' id='word_1_205' title='bbox 1193 2829 1451 2891; x_wconf 86' lang='lat' dir='ltr'><strong>ostendit,</strong></span> <span class='ocrx_word' id='word_1_206' title='bbox 1497 2832 1594 2881; x_wconf 90' lang='lat' dir='ltr'><strong>sed</strong></span> <span class='ocrx_word' id='word_1_207' title='bbox 1628 2845 1749 2882; x_wconf 82' lang='lat' dir='ltr'><strong>cum</strong></span> <span class='ocrx_word' id='word_1_208' title='bbox 1796 2830 2074 2897; x_wconf 80' lang='lat' dir='ltr'><strong>voluptate</strong></span> <span class='ocrx_word' id='word_1_209' title='bbox 2105 2828 2154 2880; x_wconf 92' lang='lat' dir='ltr'><strong>id</strong></span> 
     </span>
    </p>
   </div>
   <div class='ocr_carea' id='block_1_31' title="bbox 571 2921 2156 2990">
    <p class='ocr_par' dir='ltr' id='par_1_31' title="bbox 571 2921 2156 2990">
     <span class='ocr_line' id='line_1_31' title="bbox 571 2921 2156 2990; baseline -0.003 -17"><span class='ocrx_word' id='word_1_210' title='bbox 571 2921 755 2988; x_wconf 85' lang='lat' dir='ltr'><strong>potius</strong></span> <span class='ocrx_word' id='word_1_211' title='bbox 786 2930 950 2986; x_wconf 78' lang='lat' dir='ltr'><strong>atque</strong></span> <span class='ocrx_word' id='word_1_212' title='bbox 981 2921 1320 2982; x_wconf 89' lang='lat' dir='ltr'><strong>imluctione,</strong></span> <span class='ocrx_word' id='word_1_213' title='bbox 1354 2935 1516 2990; x_wconf 87' lang='lat' dir='ltr'><strong>quam</strong></span> <span class='ocrx_word' id='word_1_214' title='bbox 1551 2922 1636 2984; x_wconf 89' lang='lat' dir='ltr'><strong>vi,</strong></span> <span class='ocrx_word' id='word_1_215' title='bbox 1683 2921 1960 2990; x_wconf 85' lang='lat' dir='ltr'><strong>multoque</strong></span> <span class='ocrx_word' id='word_1_216' title='bbox 2000 2937 2156 2974; x_wconf 82' lang='lat' dir='ltr'><strong>secu—</strong></span> 
     </span>
    </p>
   </div>
   <div class='ocr_carea' id='block_1_32' title="bbox 569 3011 2154 3082">
    <p class='ocr_par' dir='ltr' id='par_1_32' title="bbox 569 3011 2154 3082">
     <span class='ocr_line' id='line_1_32' title="bbox 569 3011 2154 3082; baseline 0.001 -18"><span class='ocrx_word' id='word_1_217' title='bbox 569 3013 707 3066; x_wconf 84' lang='lat' dir='ltr'><strong>rius.</strong></span> <span class='ocrx_word' id='word_1_218' title='bbox 735 3011 861 3065; x_wconf 58' lang='lat' dir='ltr'><strong>Dua</strong></span> <span class='ocrx_word' id='word_1_219' title='bbox 893 3025 1020 3066; x_wconf 85' lang='lat' dir='ltr'><strong>vero</strong></span> <span class='ocrx_word' id='word_1_220' title='bbox 1053 3013 1354 3076; x_wconf 86' lang='lat' dir='ltr'><strong>orationes,</strong></span> <span class='ocrx_word' id='word_1_221' title='bbox 1389 3028 1507 3082; x_wconf 72' lang='lat' dir='ltr'><strong>qua:</strong></span> <span class='ocrx_word' id='word_1_222' title='bbox 1535 3025 1859 3082; x_wconf 85' lang='lat' dir='ltr'><strong>sequuntur,</strong></span> <span class='ocrx_word' id='word_1_223' title='bbox 1899 3014 1971 3066; x_wconf 87' lang='lat' dir='ltr'><strong>De</strong></span> <span class='ocrx_word' id='word_1_224' title='bbox 2017 3014 2154 3067; x_wconf 81' lang='lat' dir='ltr'><strong>invi-</strong></span> 
     </span>
    </p>
   </div>
   <div class='ocr_carea' id='block_1_33' title="bbox 570 3102 2156 3172">
    <p class='ocr_par' dir='ltr' id='par_1_33' title="bbox 570 3102 2156 3172">
     <span class='ocr_line' id='line_1_33' title="bbox 570 3102 2156 3172; baseline 0.001 -16"><span class='ocrx_word' id='word_1_225' title='bbox 570 3104 661 3156; x_wconf 79' lang='lat' dir='ltr'><strong>dia</strong></span> <span class='ocrx_word' id='word_1_226' title='bbox 695 3113 881 3170; x_wconf 74' lang='lat' dir='ltr'><strong>agunt,</strong></span> <span class='ocrx_word' id='word_1_227' title='bbox 922 3114 978 3155; x_wconf 94' lang='lat' dir='ltr'><strong>ut</strong></span> <span class='ocrx_word' id='word_1_228' title='bbox 1032 3102 1192 3158; x_wconf 80' lang='lat' dir='ltr'><strong>LXII.</strong></span> <span class='ocrx_word' id='word_1_229' title='bbox 1236 3103 1308 3158; x_wconf 84' lang='lat' dir='ltr'><strong>De</strong></span> <span class='ocrx_word' id='word_1_230' title='bbox 1348 3106 1572 3170; x_wconf 82' lang='lat' dir='ltr'><strong>divitiis,</strong></span> <span class='ocrx_word' id='word_1_231' title='bbox 1617 3121 1843 3172; x_wconf 77' lang='lat' dir='ltr'><strong>(piarum</strong></span> <span class='ocrx_word' id='word_1_232' title='bbox 1881 3107 2156 3158; x_wconf 83' lang='lat' dir='ltr'><strong>molestias</strong></span> 
     </span>
    </p>
   </div>
   <div class='ocr_carea' id='block_1_34' title="bbox 573 3199 2156 3264">
    <p class='ocr_par' dir='ltr' id='par_1_34' title="bbox 573 3199 2156 3264">
     <span class='ocr_line' id='line_1_34' title="bbox 573 3199 2156 3264; baseline 0.003 -17"><span class='ocrx_word' id='word_1_233' title='bbox 573 3207 736 3264; x_wconf 52' lang='lat' dir='ltr'><strong>:vtque</strong></span> <span class='ocrx_word' id='word_1_234' title='bbox 762 3199 986 3252; x_wconf 84' lang='lat' dir='ltr'><strong>insidias</strong></span> <span class='ocrx_word' id='word_1_235' title='bbox 1019 3199 1090 3252; x_wconf 87' lang='lat' dir='ltr'><strong>ita</strong></span> <span class='ocrx_word' id='word_1_236' title='bbox 1125 3201 1378 3253; x_wconf 88' lang='lat' dir='ltr'><strong>omnibus</strong></span> <span class='ocrx_word' id='word_1_237' title='bbox 1412 3210 1568 3253; x_wconf 79' lang='lat' dir='ltr'><strong>notas</strong></span> <span class='ocrx_word' id='word_1_238' title='bbox 1599 3201 1749 3264; x_wconf 81' lang='lat' dir='ltr'><strong>facit,</strong></span> <span class='ocrx_word' id='word_1_239' title='bbox 1794 3212 1853 3252; x_wconf 85' lang='lat' dir='ltr'><strong>ut</strong></span> <span class='ocrx_word' id='word_1_240' title='bbox 1877 3199 2156 3252; x_wconf 89' lang='lat' dir='ltr'><strong>utiliorem</strong></span> 
     </span>
    </p>
   </div>
   <div class='ocr_carea' id='block_1_35' title="bbox 573 3293 2159 3362">
    <p class='ocr_par' dir='ltr' id='par_1_35' title="bbox 573 3293 2159 3362">
     <span class='ocr_line' id='line_1_35' title="bbox 573 3293 2159 3362; baseline -0.001 -16"><span class='ocrx_word' id='word_1_241' title='bbox 573 3293 730 3362; x_wconf 82' lang='lat' dir='ltr'><strong>longe</strong></span> <span class='ocrx_word' id='word_1_242' title='bbox 789 3307 909 3344; x_wconf 85' lang='lat' dir='ltr'><strong>esse</strong></span> <span class='ocrx_word' id='word_1_243' title='bbox 965 3302 1170 3346; x_wconf 76' lang='lat' dir='ltr'><strong>statuat</strong></span> <span class='ocrx_word' id='word_1_244' title='bbox 1223 3293 1436 3359; x_wconf 87' lang='lat' dir='ltr'><strong>justitia</strong></span> <span class='ocrx_word' id='word_1_245' title='bbox 1487 3295 1794 3346; x_wconf 72' lang='lat' dir='ltr'><strong>comitatam</strong></span> <span class='ocrx_word' id='word_1_246' title='bbox 1869 3305 2159 3362; x_wconf 88' lang='lat' dir='ltr'><strong>pauperta-</strong></span> 
     </span>
    </p>
   </div>
   <div class='ocr_carea' id='block_1_36' title="bbox 574 3383 2164 3440">
    <p class='ocr_par' dir='ltr' id='par_1_36' title="bbox 574 3383 2164 3440">
     <span class='ocr_line' id='line_1_36' title="bbox 574 3383 2164 3440; baseline -0.001 0"><span class='ocrx_word' id='word_1_247' title='bbox 574 3400 706 3440; x_wconf 88' lang='lat' dir='ltr'><strong>tem.</strong></span> <span class='ocrx_word' id='word_1_248' title='bbox 741 3383 926 3439; x_wconf 78' lang='lat' dir='ltr'><strong>LXIII.</strong></span> <span class='ocrx_word' id='word_1_249' title='bbox 959 3383 1107 3439; x_wconf 89' lang='lat' dir='ltr'><strong>Inter</strong></span> <span class='ocrx_word' id='word_1_250' title='bbox 1154 3383 1350 3440; x_wconf 81' lang='lat' dir='ltr'><strong>Cilicas</strong></span> <span class='ocrx_word' id='word_1_251' title='bbox 1378 3387 1656 3440; x_wconf 85' lang='lat' dir='ltr'><strong>orationes</strong></span> <span class='ocrx_word' id='word_1_252' title='bbox 1695 3385 1770 3439; x_wconf 89' lang='lat' dir='ltr'><strong>De</strong></span> <span class='ocrx_word' id='word_1_253' title='bbox 1793 3385 2034 3439; x_wconf 82' lang='lat' dir='ltr'><strong>libertate</strong></span> <span class='ocrx_word' id='word_1_254' title='bbox 2067 3387 2164 3439; x_wconf 86' lang='lat' dir='ltr'><strong>ha-</strong></span> 
     </span>
    </p>
   </div>
   <div class='ocr_carea' id='block_1_37' title="bbox 571 3476 2162 3550">
    <p class='ocr_par' dir='ltr' id='par_1_37' title="bbox 571 3476 2162 3550">
     <span class='ocr_line' id='line_1_37' title="bbox 571 3476 2162 3550; baseline 0.001 -19"><span class='ocrx_word' id='word_1_255' title='bbox 571 3478 682 3532; x_wconf 89' lang='lat' dir='ltr'><strong>bita</strong></span> <span class='ocrx_word' id='word_1_256' title='bbox 713 3477 1057 3534; x_wconf 89' lang='lat' dir='ltr'><strong>inscribitur.</strong></span> <span class='ocrx_word' id='word_1_257' title='bbox 1094 3476 1250 3531; x_wconf 89' lang='lat' dir='ltr'><strong>Illmn</strong></span> <span class='ocrx_word' id='word_1_258' title='bbox 1291 3477 1370 3547; x_wconf 77' lang='grc' dir='ltr'><strong>(ϐ)</strong></span> <span class='ocrx_word' id='word_1_259' title='bbox 1407 3487 1588 3532; x_wconf 90' lang='lat' dir='ltr'><strong>autem</strong></span> <span class='ocrx_word' id='word_1_260' title='bbox 1642 3479 1868 3531; x_wconf 89' lang='lat' dir='ltr'><strong>liberum</strong></span> <span class='ocrx_word' id='word_1_261' title='bbox 1919 3495 2162 3550; x_wconf 87' lang='lat' dir='ltr'><strong>pronun-</strong></span> 
     </span>
    </p>
   </div>
   <div class='ocr_carea' id='block_1_38' title="bbox 571 3571 2162 3639">
    <p class='ocr_par' dir='ltr' id='par_1_38' title="bbox 571 3571 2162 3639">
     <span class='ocr_line' id='line_1_38' title="bbox 571 3571 2162 3639; baseline 0.001 -14"><span class='ocrx_word' id='word_1_262' title='bbox 571 3571 690 3636; x_wconf 89' lang='lat' dir='ltr'><strong>tiat,</strong></span> <span class='ocrx_word' id='word_1_263' title='bbox 725 3571 815 3636; x_wconf 87' lang='lat' dir='ltr'><strong>qui</strong></span> <span class='ocrx_word' id='word_1_264' title='bbox 850 3585 1073 3624; x_wconf 86' lang='lat' dir='ltr'><strong>suarum</strong></span> <span class='ocrx_word' id='word_1_265' title='bbox 1129 3571 1198 3624; x_wconf 90' lang='lat' dir='ltr'><strong>sit</strong></span> <span class='ocrx_word' id='word_1_266' title='bbox 1231 3571 1480 3624; x_wconf 90' lang='lat' dir='ltr'><strong>dominus</strong></span> <span class='ocrx_word' id='word_1_267' title='bbox 1512 3571 2002 3639; x_wconf 86' lang='lat' dir='ltr'><strong>perturbationum.</strong></span> <span class='ocrx_word' id='word_1_268' title='bbox 2031 3571 2162 3627; x_wconf 75' lang='lat' dir='ltr'><strong>affe-</strong></span> 
     </span>
    </p>
   </div>
   <div class='ocr_carea' id='block_1_39' title="bbox 570 3665 2159 3736">
    <p class='ocr_par' dir='ltr' id='par_1_39' title="bbox 570 3665 2159 3736">
     <span class='ocr_line' id='line_1_39' title="bbox 570 3665 2159 3736; baseline 0.001 -17"><span class='ocrx_word' id='word_1_269' title='bbox 570 3665 922 3734; x_wconf 85' lang='lat' dir='ltr'><strong>ctionumque</strong></span> <span class='ocrx_word' id='word_1_270' title='bbox 954 3665 1144 3729; x_wconf 87' lang='lat' dir='ltr'><strong>animi,</strong></span> <span class='ocrx_word' id='word_1_271' title='bbox 1178 3666 1390 3718; x_wconf 88' lang='lat' dir='ltr'><strong>tametsi</strong></span> <span class='ocrx_word' id='word_1_272' title='bbox 1420 3665 1564 3718; x_wconf 89' lang='lat' dir='ltr'><strong>mille</strong></span> <span class='ocrx_word' id='word_1_273' title='bbox 1601 3665 1716 3734; x_wconf 89' lang='lat' dir='ltr'><strong>ejus</strong></span> <span class='ocrx_word' id='word_1_274' title='bbox 1741 3666 1955 3734; x_wconf 88' lang='lat' dir='ltr'><strong>corpori</strong></span> <span class='ocrx_word' id='word_1_275' title='bbox 1987 3668 2159 3736; x_wconf 89' lang='lat' dir='ltr'><strong>impe-</strong></span> 
     </span>
    </p>
   </div>
   <div class='ocr_carea' id='block_1_40' title="bbox 572 3756 2161 3828">
    <p class='ocr_par' dir='ltr' id='par_1_40' title="bbox 572 3756 2161 3828">
     <span class='ocr_line' id='line_1_40' title="bbox 572 3756 2161 3828; baseline 0.003 -17"><span class='ocrx_word' id='word_1_276' title='bbox 572 3764 694 3811; x_wconf 89' lang='lat' dir='ltr'><strong>rent</strong></span> <span class='ocrx_word' id='word_1_277' title='bbox 720 3757 960 3823; x_wconf 88' lang='lat' dir='ltr'><strong>domini;</strong></span> <span class='ocrx_word' id='word_1_278' title='bbox 1004 3756 1153 3810; x_wconf 92' lang='lat' dir='ltr'><strong>illum</strong></span> <span class='ocrx_word' id='word_1_279' title='bbox 1185 3769 1372 3810; x_wconf 88' lang='lat' dir='ltr'><strong>contra</strong></span> <span class='ocrx_word' id='word_1_280' title='bbox 1407 3772 1666 3823; x_wconf 82' lang='lat' dir='ltr'><strong>servum,</strong></span> <span class='ocrx_word' id='word_1_281' title='bbox 1714 3760 1806 3828; x_wconf 87' lang='lat' dir='ltr'><strong>qui</strong></span> <span class='ocrx_word' id='word_1_282' title='bbox 1855 3760 2012 3814; x_wconf 88' lang='lat' dir='ltr'><strong>malis</strong></span> <span class='ocrx_word' id='word_1_283' title='bbox 2048 3762 2161 3816; x_wconf 90' lang='lat' dir='ltr'><strong>suis</strong></span> 
     </span>
    </p>
   </div>
   <div class='ocr_carea' id='block_1_41' title="bbox 570 3845 2160 3916">
    <p class='ocr_par' dir='ltr' id='par_1_41' title="bbox 570 3845 2160 3916">
     <span class='ocr_line' id='line_1_41' title="bbox 570 3845 2160 3916; baseline 0.005 -18"><span class='ocrx_word' id='word_1_284' title='bbox 570 3859 773 3916; x_wconf 87' lang='lat' dir='ltr'><strong>parens</strong></span> <span class='ocrx_word' id='word_1_285' title='bbox 793 3845 1191 3912; x_wconf 78' lang='lat' dir='ltr'><strong>aﬂ&#39;ectionibus,</strong></span> <span class='ocrx_word' id='word_1_286' title='bbox 1219 3850 1537 3901; x_wconf 88' lang='lat' dir='ltr'><strong>servitutem</strong></span> <span class='ocrx_word' id='word_1_287' title='bbox 1568 3851 1792 3916; x_wconf 81' lang='lat' dir='ltr'><strong>serviat,</strong></span> <span class='ocrx_word' id='word_1_288' title='bbox 1821 3851 1946 3904; x_wconf 88' lang='lat' dir='ltr'><strong>licet</strong></span> <span class='ocrx_word' id='word_1_289' title='bbox 1974 3853 2160 3906; x_wconf 87' lang='lat' dir='ltr'><strong>mundi</strong></span> 
     </span>
    </p>
   </div>
   <div class='ocr_carea' id='block_1_42' title="bbox 574 3935 2154 4006">
    <p class='ocr_par' dir='ltr' id='par_1_42' title="bbox 574 3935 2154 4006">
     <span class='ocr_line' id='line_1_42' title="bbox 574 3935 2154 4006; baseline 0.005 -19"><span class='ocrx_word' id='word_1_290' title='bbox 574 3935 738 3989; x_wconf 88' lang='lat' dir='ltr'><strong>totius</strong></span> <span class='ocrx_word' id='word_1_291' title='bbox 769 3937 1053 4005; x_wconf 88' lang='lat' dir='ltr'><strong>imperium</strong></span> <span class='ocrx_word' id='word_1_292' title='bbox 1103 3945 1291 3991; x_wconf 80' lang='lat' dir='ltr'><strong>tenore</strong></span> <span class='ocrx_word' id='word_1_293' title='bbox 1342 3939 1612 3992; x_wconf 72' lang='lat' dir='ltr'><strong>videatur.</strong></span> <span class='ocrx_word' id='word_1_294' title='bbox 1645 3941 1818 4006; x_wconf 83' lang='lat' dir='ltr'><strong>Quam</strong></span> <span class='ocrx_word' id='word_1_295' title='bbox 1851 3942 1903 3995; x_wconf 93' lang='lat' dir='ltr'><strong>iu</strong></span> <span class='ocrx_word' id='word_1_296' title='bbox 1941 3953 2154 3996; x_wconf 88' lang='lat' dir='ltr'><strong>senleu-</strong></span> 
     </span>
    </p>
   </div>
   <div class='ocr_carea' id='block_1_43' title="bbox 457 4028 2159 4100">
    <p class='ocr_par' dir='ltr' id='par_1_43' title="bbox 457 4028 2159 4100">
     <span class='ocr_line' id='line_1_43' title="bbox 457 4028 2159 4100; baseline 0.005 -20"><span class='ocrx_word' id='word_1_297' title='bbox 457 4093 464 4100; x_wconf 87' lang='lat'><strong>_</strong></span> <span class='ocrx_word' id='word_1_298' title='bbox 571 4028 702 4081; x_wconf 91' lang='lat' dir='ltr'><strong>tiam</strong></span> <span class='ocrx_word' id='word_1_299' title='bbox 735 4029 1073 4096; x_wconf 89' lang='lat' dir='ltr'><strong>subsequens</strong></span> <span class='ocrx_word' id='word_1_300' title='bbox 1127 4045 1344 4097; x_wconf 80' lang='lat' dir='ltr'><strong>quoque</strong></span> <span class='ocrx_word' id='word_1_301' title='bbox 1400 4033 1640 4097; x_wconf 89' lang='lat' dir='ltr'><strong>disserit,</strong></span> <span class='ocrx_word' id='word_1_302' title='bbox 1701 4031 1780 4086; x_wconf 89' lang='lat' dir='ltr'><strong>De</strong></span> <span class='ocrx_word' id='word_1_303' title='bbox 1823 4036 2071 4088; x_wconf 85' lang='lat' dir='ltr'><strong>servitute</strong></span> <span class='ocrx_word' id='word_1_304' title='bbox 2113 4045 2159 4088; x_wconf 87' lang='lat' dir='ltr'><strong>et</strong></span> 
     </span>
    </p>
   </div>
   <div class='ocr_carea' id='block_1_44' title="bbox 571 4117 2160 4193">
    <p class='ocr_par' dir='ltr' id='par_1_44' title="bbox 571 4117 2160 4193">
     <span class='ocr_line' id='line_1_44' title="bbox 571 4117 2160 4193; baseline 0.005 -23"><span class='ocrx_word' id='word_1_305' title='bbox 571 4117 814 4171; x_wconf 81' lang='lat' dir='ltr'><strong>libertate</strong></span> <span class='ocrx_word' id='word_1_306' title='bbox 830 4118 1090 4188; x_wconf 86' lang='lat' dir='ltr'><strong>inscripta</strong></span> <span class='ocrx_word' id='word_1_307' title='bbox 1112 4136 1125 4172; x_wconf 91' lang='lat'>:</span> <span class='ocrx_word' id='word_1_308' title='bbox 1148 4129 1204 4172; x_wconf 93' lang='lat' dir='ltr'><strong>ut</strong></span> <span class='ocrx_word' id='word_1_309' title='bbox 1223 4131 1274 4174; x_wconf 84' lang='lat' dir='ltr'><strong>et</strong></span> <span class='ocrx_word' id='word_1_310' title='bbox 1292 4136 1547 4190; x_wconf 88' lang='lat' dir='ltr'><strong>sequens,</strong></span> <span class='ocrx_word' id='word_1_311' title='bbox 1563 4137 1684 4193; x_wconf 65' lang='lat' dir='ltr'><strong>qum</strong></span> <span class='ocrx_word' id='word_1_312' title='bbox 1707 4122 1783 4178; x_wconf 88' lang='lat' dir='ltr'><strong>De</strong></span> <span class='ocrx_word' id='word_1_313' title='bbox 1805 4125 1964 4178; x_wconf 73' lang='lat' dir='ltr'><strong>servis</strong></span> <span class='ocrx_word' id='word_1_314' title='bbox 1990 4125 2160 4178; x_wconf 87' lang='lat' dir='ltr'><strong>altera</strong></span> 
     </span>
    </p>
   </div>
   <div class='ocr_carea' id='block_1_45' title="bbox 573 4209 2160 4285">
    <p class='ocr_par' dir='ltr' id='par_1_45' title="bbox 573 4209 2160 4285">
     <span class='ocr_line' id='line_1_45' title="bbox 573 4209 2160 4285; baseline 0.004 -21"><span class='ocrx_word' id='word_1_315' title='bbox 573 4221 677 4266; x_wconf 82' lang='lat' dir='ltr'><strong>est.</strong></span> <span class='ocrx_word' id='word_1_316' title='bbox 723 4209 860 4265; x_wconf 83' lang='lat' dir='ltr'><strong>Hinc</strong></span> <span class='ocrx_word' id='word_1_317' title='bbox 891 4211 964 4265; x_wconf 87' lang='lat' dir='ltr'><strong>De</strong></span> <span class='ocrx_word' id='word_1_318' title='bbox 987 4213 1324 4282; x_wconf 72' lang='lat' dir='ltr'><strong>(egritudine,</strong></span> <span class='ocrx_word' id='word_1_319' title='bbox 1380 4216 1632 4269; x_wconf 88' lang='lat' dir='ltr'><strong>hortatur</strong></span> <span class='ocrx_word' id='word_1_320' title='bbox 1660 4232 1766 4270; x_wconf 91' lang='lat' dir='ltr'><strong>non</strong></span> <span class='ocrx_word' id='word_1_321' title='bbox 1799 4226 2052 4285; x_wconf 90' lang='lat' dir='ltr'><strong>oportere</strong></span> <span class='ocrx_word' id='word_1_322' title='bbox 2082 4218 2160 4270; x_wconf 81' lang='lat' dir='ltr'><strong>vi-</strong></span> 
     </span>
    </p>
   </div>
   <div class='ocr_carea' id='block_1_46' title="bbox 575 4306 2159 4379">
    <p class='ocr_par' dir='ltr' id='par_1_46' title="bbox 575 4306 2159 4379">
     <span class='ocr_line' id='line_1_46' title="bbox 575 4306 2159 4379; baseline 0.003 -23"><span class='ocrx_word' id='word_1_323' title='bbox 575 4317 696 4356; x_wconf 79' lang='lat' dir='ltr'><strong>rum</strong></span> <span class='ocrx_word' id='word_1_324' title='bbox 746 4318 1067 4372; x_wconf 76' lang='lat' dir='ltr'><strong>generosum</strong></span> <span class='ocrx_word' id='word_1_325' title='bbox 1103 4320 1165 4359; x_wconf 88' lang='lat' dir='ltr'><strong>ac</strong></span> <span class='ocrx_word' id='word_1_326' title='bbox 1197 4306 1515 4374; x_wconf 89' lang='lat' dir='ltr'><strong>prudentem</strong></span> <span class='ocrx_word' id='word_1_327' title='bbox 1553 4308 1693 4360; x_wconf 85' lang='lat' dir='ltr'><strong>vinci</strong></span> <span class='ocrx_word' id='word_1_328' title='bbox 1743 4317 1836 4361; x_wconf 87' lang='lat' dir='ltr'><strong>aut</strong></span> <span class='ocrx_word' id='word_1_329' title='bbox 1870 4308 2159 4379; x_wconf 85' lang='lat' dir='ltr'><strong>perturba-</strong></span> 
     </span>
    </p>
   </div>
   <div class='ocr_carea' id='block_1_47' title="bbox 574 4395 2158 4468">
    <p class='ocr_par' dir='ltr' id='par_1_47' title="bbox 574 4395 2158 4468">
     <span class='ocr_line' id='line_1_47' title="bbox 574 4395 2158 4468; baseline 0.004 -21"><span class='ocrx_word' id='word_1_330' title='bbox 574 4395 709 4448; x_wconf 86' lang='lat' dir='ltr'><strong>tioni</strong></span> <span class='ocrx_word' id='word_1_331' title='bbox 743 4397 1119 4460; x_wconf 86' lang='lat' dir='ltr'><strong>succumbere,</strong></span> <span class='ocrx_word' id='word_1_332' title='bbox 1189 4397 1282 4451; x_wconf 89' lang='lat' dir='ltr'><strong>sed</strong></span> <span class='ocrx_word' id='word_1_333' title='bbox 1316 4407 1669 4454; x_wconf 89' lang='lat' dir='ltr'><strong>contemnere</strong></span> <span class='ocrx_word' id='word_1_334' title='bbox 1727 4401 1924 4468; x_wconf 88' lang='lat' dir='ltr'><strong>potius,</strong></span> <span class='ocrx_word' id='word_1_335' title='bbox 1995 4410 2158 4468; x_wconf 83' lang='lat' dir='ltr'><strong>atque</strong></span> 
     </span>
    </p>
   </div>
   <div class='ocr_carea' id='block_1_48' title="bbox 2262 531 3808 606">
    <p class='ocr_par' dir='ltr' id='par_1_48' title="bbox 2262 531 3808 606">
     <span class='ocr_line' id='line_1_48' title="bbox 2262 531 3808 606; baseline 0.007 -22"><span class='ocrx_word' id='word_1_336' title='bbox 2262 531 2432 597; x_wconf 89' lang='grc' dir='ltr'>λείας</span> <span class='ocrx_word' id='word_1_337' title='bbox 2476 532 2572 585; x_wconf 79' lang='grc' dir='ltr'>καὶ</span> <span class='ocrx_word' id='word_1_338' title='bbox 2632 531 2986 599; x_wconf 69' lang='grc' dir='ltr'>τιφαννίδος</span> <span class='ocrx_word' id='word_1_339' title='bbox 3046 534 3178 604; x_wconf 80' lang='grc' dir='ltr'>περὶ</span> <span class='ocrx_word' id='word_1_340' title='bbox 3233 536 3414 590; x_wconf 81' lang='grc' dir='ltr'>αὐτῶν</span> <span class='ocrx_word' id='word_1_341' title='bbox 3462 542 3655 598; x_wconf 85' lang='grc' dir='ltr'>τούτων</span> <span class='ocrx_word' id='word_1_342' title='bbox 3707 551 3808 606; x_wconf 81' lang='grc' dir='ltr'>δια-</span> 
     </span>
    </p>
   </div>
   <div class='ocr_carea' id='block_1_49' title="bbox 2263 623 3812 712">
    <p class='ocr_par' dir='ltr' id='par_1_49' title="bbox 2263 623 3812 712">
     <span class='ocr_line' id='line_1_49' title="bbox 2263 623 3812 712; baseline 0.012 -37"><span class='ocrx_word' id='word_1_343' title='bbox 2263 623 2550 693; x_wconf 77' lang='grc' dir='ltr'>λαμϐάνει.</span> <span class='ocrx_word' id='word_1_344' title='bbox 2596 624 2704 676; x_wconf 81' lang='grc' dir='ltr'>Καὶ</span> <span class='ocrx_word' id='word_1_345' title='bbox 2751 626 2800 677; x_wconf 79' lang='lat' dir='ltr'><strong>oi</strong></span> <span class='ocrx_word' id='word_1_346' title='bbox 2854 624 3056 695; x_wconf 79' lang='grc' dir='ltr'>ἐφεξῆς</span> <span class='ocrx_word' id='word_1_347' title='bbox 3096 626 3154 679; x_wconf 84' lang='grc' dir='ltr'>δὲ</span> <span class='ocrx_word' id='word_1_348' title='bbox 3205 627 3256 695; x_wconf 85' lang='grc' dir='ltr'>γ’</span> <span class='ocrx_word' id='word_1_349' title='bbox 3299 630 3439 699; x_wconf 76' lang='grc' dir='ltr'>Περὶ</span> <span class='ocrx_word' id='word_1_350' title='bbox 3465 633 3642 703; x_wconf 83' lang='grc' dir='ltr'><strong>τύχης</strong></span> <span class='ocrx_word' id='word_1_351' title='bbox 3685 640 3812 712; x_wconf 76' lang='grc' dir='ltr'>λόγοι</span> 
     </span>
    </p>
   </div>
   <div class='ocr_carea' id='block_1_50' title="bbox 2262 715 3813 802">
    <p class='ocr_par' dir='ltr' id='par_1_50' title="bbox 2262 715 3813 802">
     <span class='ocr_line' id='line_1_50' title="bbox 2262 715 3813 802; baseline 0.006 -33"><span class='ocrx_word' id='word_1_352' title='bbox 2262 715 2523 787; x_wconf 87' lang='grc' dir='ltr'>χαρίεντά</span> <span class='ocrx_word' id='word_1_353' title='bbox 2551 733 2671 770; x_wconf 90' lang='grc' dir='ltr'>τινα</span> <span class='ocrx_word' id='word_1_354' title='bbox 2684 717 2778 769; x_wconf 75' lang='grc' dir='ltr'><strong>καὶ</strong></span> <span class='ocrx_word' id='word_1_355' title='bbox 2796 716 3116 787; x_wconf 78' lang='grc' dir='ltr'><strong>φιλοσοφίας</strong></span> <span class='ocrx_word' id='word_1_356' title='bbox 3137 717 3253 789; x_wconf 75' lang='grc' dir='ltr'><strong>ἅμα</strong></span> <span class='ocrx_word' id='word_1_357' title='bbox 3277 721 3509 792; x_wconf 85' lang='grc' dir='ltr'>ἐχόμενα</span> <span class='ocrx_word' id='word_1_358' title='bbox 3525 724 3813 802; x_wconf 70' lang='grc' dir='ltr'>Θεωρήματι</span> 
     </span>
    </p>
   </div>
   <div class='ocr_carea' id='block_1_51' title="bbox 2261 810 3813 894">
    <p class='ocr_par' dir='ltr' id='par_1_51' title="bbox 2261 810 3813 894">
     <span class='ocr_line' id='line_1_51' title="bbox 2261 810 3813 894; baseline 0.006 -30"><span class='ocrx_word' id='word_1_359' title='bbox 2261 810 2638 866; x_wconf 89' lang='grc' dir='ltr'>διατυποῦσιν.</span> <span class='ocrx_word' id='word_1_360' title='bbox 2710 811 2988 873; x_wconf 80' lang='grc' dir='ltr'><strong>Ὡσαύτως</strong></span> <span class='ocrx_word' id='word_1_361' title='bbox 3034 813 3131 866; x_wconf 81' lang='grc' dir='ltr'><strong>καὶ</strong></span> <span class='ocrx_word' id='word_1_362' title='bbox 3173 814 3222 866; x_wconf 78' lang='lat' dir='ltr'><strong>oi</strong></span> <span class='ocrx_word' id='word_1_363' title='bbox 3269 815 3409 884; x_wconf 87' lang='grc' dir='ltr'><strong>μετὰ</strong></span> <span class='ocrx_word' id='word_1_364' title='bbox 3437 817 3649 884; x_wconf 78' lang='grc' dir='ltr'><strong>τούτους</strong></span> <span class='ocrx_word' id='word_1_365' title='bbox 3695 828 3813 894; x_wconf 71' lang='grc' dir='ltr'>Περὶ</span> 
     </span>
    </p>
   </div>
   <div class='ocr_carea' id='block_1_52' title="bbox 2261 901 3816 985">
    <p class='ocr_par' dir='ltr' id='par_1_52' title="bbox 2261 901 3816 985">
     <span class='ocr_line' id='line_1_52' title="bbox 2261 901 3816 985; baseline 0.011 -30"><span class='ocrx_word' id='word_1_366' title='bbox 2261 901 2450 970; x_wconf 80' lang='grc' dir='ltr'><strong>δόξης</strong></span> <span class='ocrx_word' id='word_1_367' title='bbox 2479 909 2526 971; x_wconf 87' lang='grc' dir='ltr'>γ’</span> <span class='ocrx_word' id='word_1_368' title='bbox 2549 903 2698 971; x_wconf 86' lang='grc' dir='ltr'><strong>λόγοι</strong></span> <span class='ocrx_word' id='word_1_369' title='bbox 2721 903 3261 972; x_wconf 61' lang='grc' dir='ltr'><strong>συμϐουλεύουσικα)¹</strong></span> <span class='ocrx_word' id='word_1_370' title='bbox 3289 908 3610 976; x_wconf 81' lang='grc' dir='ltr'><strong>παραινοῦσι</strong></span> <span class='ocrx_word' id='word_1_371' title='bbox 3641 917 3816 985; x_wconf 78' lang='grc' dir='ltr'>μηδένα</span> 
     </span>
    </p>
   </div>
   <div class='ocr_carea' id='block_1_53' title="bbox 2261 992 3816 1066">
    <p class='ocr_par' dir='ltr' id='par_1_53' title="bbox 2261 992 3816 1066">
     <span class='ocr_line' id='line_1_53' title="bbox 2261 992 3816 1066; baseline 0.012 -22"><span class='ocrx_word' id='word_1_372' title='bbox 2261 992 2418 1064; x_wconf 83' lang='grc' dir='ltr'>λόγον</span> <span class='ocrx_word' id='word_1_373' title='bbox 2451 999 2552 1066; x_wconf 82' lang='grc' dir='ltr'><strong>τῆς</strong></span> <span class='ocrx_word' id='word_1_374' title='bbox 2573 996 2682 1048; x_wconf 87' lang='grc' dir='ltr'>τῶν</span> <span class='ocrx_word' id='word_1_375' title='bbox 2711 995 2924 1049; x_wconf 81' lang='grc' dir='ltr'>πολλῶν</span> <span class='ocrx_word' id='word_1_376' title='bbox 2943 996 3102 1066; x_wconf 75' lang='grc' dir='ltr'>δόξης</span> <span class='ocrx_word' id='word_1_377' title='bbox 3131 998 3409 1052; x_wconf 85' lang='grc' dir='ltr'>ποιεῖσθαι</span> <span class='ocrx_word' id='word_1_378' title='bbox 3433 1017 3449 1031; x_wconf 90' lang='grc'><strong>·</strong></span> <span class='ocrx_word' id='word_1_379' title='bbox 3482 1003 3616 1056; x_wconf 82' lang='grc' dir='ltr'>καλὰ</span> <span class='ocrx_word' id='word_1_380' title='bbox 3641 1005 3691 1060; x_wconf 81' lang='grc' dir='ltr'>δὲ</span> <span class='ocrx_word' id='word_1_381' title='bbox 3737 1016 3816 1064; x_wconf 84' lang='grc' dir='ltr'><strong>καί</strong></span> 
     </span>
    </p>
   </div>
   <div class='ocr_carea' id='block_1_54' title="bbox 2259 1087 3813 1168">
    <p class='ocr_par' dir='ltr' id='par_1_54' title="bbox 2259 1087 3813 1168">
     <span class='ocr_line' id='line_1_54' title="bbox 2259 1087 3813 1168; baseline 0.01 -28"><span class='ocrx_word' id='word_1_382' title='bbox 2259 1087 2512 1158; x_wconf 82' lang='grc' dir='ltr'><strong>ὠφέλιμα</strong></span> <span class='ocrx_word' id='word_1_383' title='bbox 2542 1091 2609 1160; x_wconf 80' lang='grc' dir='ltr'>τῇ</span> <span class='ocrx_word' id='word_1_384' title='bbox 2644 1089 2968 1160; x_wconf 82' lang='grc' dir='ltr'>παραινέσει</span> <span class='ocrx_word' id='word_1_385' title='bbox 3004 1089 3458 1146; x_wconf 84' lang='grc' dir='ltr'>συνδιαπλέκεται</span> <span class='ocrx_word' id='word_1_386' title='bbox 3497 1094 3813 1168; x_wconf 82' lang='grc' dir='ltr'>θεωρήματα.</span> 
     </span>
    </p>
   </div>
   <div class='ocr_carea' id='block_1_55' title="bbox 2264 1172 3818 1257">
    <p class='ocr_par' dir='ltr' id='par_1_55' title="bbox 2264 1172 3818 1257">
     <span class='ocr_line' id='line_1_55' title="bbox 2264 1172 3818 1257; baseline 0.003 -22"><span class='ocrx_word' id='word_1_387' title='bbox 2264 1179 2391 1251; x_wconf 73' lang='lat'><strong>[537</strong></span> <span class='ocrx_word' id='word_1_388' title='bbox 2417 1180 2510 1252; x_wconf 69' lang='lat' dir='ltr'><strong>IL]</strong></span> <span class='ocrx_word' id='word_1_389' title='bbox 2554 1180 2614 1235; x_wconf 85' lang='lat'><strong>&#39;0</strong></span> <span class='ocrx_word' id='word_1_390' title='bbox 2637 1180 2693 1234; x_wconf 86' lang='grc' dir='ltr'><strong>δέ</strong></span> <span class='ocrx_word' id='word_1_391' title='bbox 2727 1179 2832 1234; x_wconf 85' lang='lat' dir='ltr'><strong>NB&#39;</strong></span> <span class='ocrx_word' id='word_1_392' title='bbox 2851 1172 2990 1251; x_wconf 73' lang='grc' dir='ltr'>Περὶ</span> <span class='ocrx_word' id='word_1_393' title='bbox 3013 1181 3234 1250; x_wconf 81' lang='grc' dir='ltr'>ἀρετῆς</span> <span class='ocrx_word' id='word_1_394' title='bbox 3257 1184 3354 1237; x_wconf 75' lang='grc' dir='ltr'><strong>καὶ</strong></span> <span class='ocrx_word' id='word_1_395' title='bbox 3376 1185 3725 1257; x_wconf 76' lang='grc' dir='ltr'>ἐπιγράφεται</span> <span class='ocrx_word' id='word_1_396' title='bbox 3741 1201 3818 1247; x_wconf 67' lang='grc' dir='ltr'><strong>καὶ</strong></span> 
     </span>
    </p>
   </div>
   <div class='ocr_carea' id='block_1_56' title="bbox 2260 1275 3816 1346">
    <p class='ocr_par' dir='ltr' id='par_1_56' title="bbox 2260 1275 3816 1346">
     <span class='ocr_line' id='line_1_56' title="bbox 2260 1275 3816 1346; baseline 0.006 -19"><span class='ocrx_word' id='word_1_397' title='bbox 2260 1275 2418 1328; x_wconf 84' lang='grc' dir='ltr'>δίεισι</span> <span class='ocrx_word' id='word_1_398' title='bbox 2454 1277 2519 1330; x_wconf 79' lang='grc'><strong>⁵⁸.</strong></span> <span class='ocrx_word' id='word_1_399' title='bbox 2551 1275 2689 1345; x_wconf 82' lang='grc' dir='ltr'>Περί</span> <span class='ocrx_word' id='word_1_400' title='bbox 2716 1279 3083 1346; x_wconf 68' lang='grc' dir='ltr'>φιλοσοφίας</span> <span class='ocrx_word' id='word_1_401' title='bbox 3107 1277 3161 1330; x_wconf 84' lang='grc' dir='ltr'><strong>δέ</strong></span> <span class='ocrx_word' id='word_1_402' title='bbox 3203 1280 3350 1332; x_wconf 84' lang='grc' dir='ltr'>ἐστιν</span> <span class='ocrx_word' id='word_1_403' title='bbox 3379 1281 3408 1332; x_wconf 95' lang='lat'><strong>6</strong></span> <span class='ocrx_word' id='word_1_404' title='bbox 3442 1281 3494 1333; x_wconf 88' lang='grc' dir='ltr'><strong>Γ¹</strong></span> <span class='ocrx_word' id='word_1_405' title='bbox 3521 1282 3612 1334; x_wconf 72' lang='grc' dir='ltr'><strong>καὶ</strong></span> <span class='ocrx_word' id='word_1_406' title='bbox 3642 1285 3716 1340; x_wconf 80' lang='lat' dir='ltr'><strong>N&#39;.</strong></span> <span class='ocrx_word' id='word_1_407' title='bbox 3771 1291 3816 1339; x_wconf 83' lang='lat' dir='ltr'><strong>&#39;t&#39;l</strong></span> 
     </span>
    </p>
   </div>
   <div class='ocr_carea' id='block_1_57' title="bbox 2260 1366 3815 1446">
    <p class='ocr_par' dir='ltr' id='par_1_57' title="bbox 2260 1366 3815 1446">
     <span class='ocr_line' id='line_1_57' title="bbox 2260 1366 3815 1446; baseline 0.01 -28"><span class='ocrx_word' id='word_1_408' title='bbox 2260 1366 2318 1419; x_wconf 86' lang='grc' dir='ltr'><strong>δέ</strong></span> <span class='ocrx_word' id='word_1_409' title='bbox 2377 1367 2421 1398; x_wconf 84' lang='grc'><strong>⁵¹</strong></span> <span class='ocrx_word' id='word_1_410' title='bbox 2474 1366 2579 1420; x_wconf 82' lang='lat' dir='ltr'><strong>NA’</strong></span> <span class='ocrx_word' id='word_1_411' title='bbox 2614 1369 2754 1438; x_wconf 78' lang='grc' dir='ltr'>Περὶ</span> <span class='ocrx_word' id='word_1_412' title='bbox 2802 1367 2912 1422; x_wconf 86' lang='grc' dir='ltr'><strong>τοῦ</strong></span> <span class='ocrx_word' id='word_1_413' title='bbox 2949 1371 3314 1439; x_wconf 63' lang='grc' dir='ltr'>φιλοσόφου.</span> <span class='ocrx_word' id='word_1_414' title='bbox 3363 1373 3421 1424; x_wconf 88' lang='grc' dir='ltr'><strong>Ὀ</strong></span> <span class='ocrx_word' id='word_1_415' title='bbox 3465 1373 3521 1426; x_wconf 81' lang='grc' dir='ltr'><strong>δέ</strong></span> <span class='ocrx_word' id='word_1_416' title='bbox 3547 1373 3599 1426; x_wconf 82' lang='lat' dir='ltr'><strong>E’</strong></span> <span class='ocrx_word' id='word_1_417' title='bbox 3625 1377 3709 1430; x_wconf 75' lang='grc' dir='ltr'><strong>καὶ</strong></span> <span class='ocrx_word' id='word_1_418' title='bbox 3749 1379 3815 1446; x_wconf 76' lang='grc' dir='ltr'>Ν,</span> 
     </span>
    </p>
   </div>
   <div class='ocr_carea' id='block_1_58' title="bbox 2262 1457 3817 1534">
    <p class='ocr_par' dir='ltr' id='par_1_58' title="bbox 2262 1457 3817 1534">
     <span class='ocr_line' id='line_1_58' title="bbox 2262 1457 3817 1534; baseline 0.009 -24"><span class='ocrx_word' id='word_1_419' title='bbox 2262 1457 2400 1525; x_wconf 77' lang='grc' dir='ltr'>Περὶ</span> <span class='ocrx_word' id='word_1_420' title='bbox 2433 1458 2540 1512; x_wconf 84' lang='grc' dir='ltr'><strong>τοῦ</strong></span> <span class='ocrx_word' id='word_1_421' title='bbox 2571 1460 2885 1529; x_wconf 75' lang='grc' dir='ltr'>σχήματος</span> <span class='ocrx_word' id='word_1_422' title='bbox 2919 1463 3431 1531; x_wconf 77' lang='grc' dir='ltr'><strong>ἐπιγεγραμμένος,</strong></span> <span class='ocrx_word' id='word_1_423' title='bbox 3470 1464 3725 1521; x_wconf 84' lang='grc' dir='ltr'>δείκνυσιν</span> <span class='ocrx_word' id='word_1_424' title='bbox 3758 1472 3817 1534; x_wconf 75' lang='grc' dir='ltr'>ὼς</span> 
     </span>
    </p>
   </div>
   <div class='ocr_carea' id='block_1_59' title="bbox 2263 1550 3815 1630">
    <p class='ocr_par' dir='ltr' id='par_1_59' title="bbox 2263 1550 3815 1630">
     <span class='ocr_line' id='line_1_59' title="bbox 2263 1550 3815 1630; baseline 0.008 -28"><span class='ocrx_word' id='word_1_425' title='bbox 2263 1550 2323 1603; x_wconf 86' lang='grc' dir='ltr'><strong>οὐ</strong></span> <span class='ocrx_word' id='word_1_426' title='bbox 2351 1550 2540 1620; x_wconf 86' lang='grc' dir='ltr'>χιτῶνι</span> <span class='ocrx_word' id='word_1_427' title='bbox 2583 1554 2675 1604; x_wconf 79' lang='grc' dir='ltr'><strong>καὶ</strong></span> <span class='ocrx_word' id='word_1_428' title='bbox 2703 1551 3014 1622; x_wconf 79' lang='grc' dir='ltr'>ὑποδήματι</span> <span class='ocrx_word' id='word_1_429' title='bbox 3047 1554 3356 1621; x_wconf 80' lang='grc' dir='ltr'>φιλοσόφων</span> <span class='ocrx_word' id='word_1_430' title='bbox 3385 1557 3414 1608; x_wconf 97' lang='lat'><strong>6</strong></span> <span class='ocrx_word' id='word_1_431' title='bbox 3447 1573 3815 1630; x_wconf 81' lang='grc' dir='ltr'>κατεσχηματι-</span> 
     </span>
    </p>
   </div>
   <div class='ocr_carea' id='block_1_60' title="bbox 2264 1643 3814 1722">
    <p class='ocr_par' dir='ltr' id='par_1_60' title="bbox 2264 1643 3814 1722">
     <span class='ocr_line' id='line_1_60' title="bbox 2264 1643 3814 1722; baseline 0.008 -28"><span class='ocrx_word' id='word_1_432' title='bbox 2264 1643 2462 1712; x_wconf 84' lang='grc' dir='ltr'>σμένος</span> <span class='ocrx_word' id='word_1_433' title='bbox 2474 1644 2519 1674; x_wconf 82' lang='grc'><strong><em>⁵²</em></strong></span> <span class='ocrx_word' id='word_1_434' title='bbox 2550 1643 2674 1716; x_wconf 70' lang='grc' dir='ltr'>ἤδη,</span> <span class='ocrx_word' id='word_1_435' title='bbox 2707 1646 2801 1696; x_wconf 72' lang='grc' dir='ltr'><strong>καὶ</strong></span> <span class='ocrx_word' id='word_1_436' title='bbox 2820 1644 2913 1698; x_wconf 83' lang='grc' dir='ltr'><strong>τὸν</strong></span> <span class='ocrx_word' id='word_1_437' title='bbox 2939 1645 3054 1714; x_wconf 86' lang='grc' dir='ltr'>βίον</span> <span class='ocrx_word' id='word_1_438' title='bbox 3080 1646 3374 1716; x_wconf 81' lang='grc' dir='ltr'>φιλόσοφός</span> <span class='ocrx_word' id='word_1_439' title='bbox 3409 1651 3572 1703; x_wconf 89' lang='grc' dir='ltr'>ἐστιν.</span> <span class='ocrx_word' id='word_1_440' title='bbox 3616 1651 3672 1703; x_wconf 81' lang='grc'><strong>’0</strong></span> <span class='ocrx_word' id='word_1_441' title='bbox 3696 1653 3743 1705; x_wconf 80' lang='grc' dir='ltr'>δὲ</span> <span class='ocrx_word' id='word_1_442' title='bbox 3763 1656 3814 1722; x_wconf 68' lang='grc' dir='ltr'><strong>ς</strong></span> 
     </span>
    </p>
   </div>
   <div class='ocr_carea' id='block_1_61' title="bbox 2263 1735 3808 1816">
    <p class='ocr_par' dir='ltr' id='par_1_61' title="bbox 2263 1735 3808 1816">
     <span class='ocr_line' id='line_1_61' title="bbox 2263 1735 3808 1816; baseline 0.007 -31"><span class='ocrx_word' id='word_1_443' title='bbox 2263 1736 2358 1787; x_wconf 74' lang='grc' dir='ltr'><strong>καὶ</strong></span> <span class='ocrx_word' id='word_1_444' title='bbox 2382 1735 2464 1802; x_wconf 86' lang='lat' dir='ltr'><strong>N&#39;,</strong></span> <span class='ocrx_word' id='word_1_445' title='bbox 2483 1736 2620 1803; x_wconf 73' lang='grc' dir='ltr'>Περὶ</span> <span class='ocrx_word' id='word_1_446' title='bbox 2636 1737 2896 1802; x_wconf 82' lang='grc' dir='ltr'>πίστεως</span> <span class='ocrx_word' id='word_1_447' title='bbox 2911 1739 3227 1809; x_wconf 76' lang='grc' dir='ltr'>ἐπιγραφῆς</span> <span class='ocrx_word' id='word_1_448' title='bbox 3249 1738 3448 1810; x_wconf 79' lang='grc' dir='ltr'>τυχὼν,</span> <span class='ocrx_word' id='word_1_449' title='bbox 3468 1743 3557 1794; x_wconf 72' lang='grc' dir='ltr'>καὶ</span> <span class='ocrx_word' id='word_1_450' title='bbox 3583 1743 3608 1794; x_wconf 89' lang='lat'><strong>6</strong></span> <span class='ocrx_word' id='word_1_451' title='bbox 3626 1743 3808 1816; x_wconf 76' lang='grc' dir='ltr'>ἐφεξῆς,</span> 
     </span>
    </p>
   </div>
   <div class='ocr_carea' id='block_1_62' title="bbox 2265 1825 3812 1900">
    <p class='ocr_par' dir='ltr' id='par_1_62' title="bbox 2265 1825 3812 1900">
     <span class='ocr_line' id='line_1_62' title="bbox 2265 1825 3812 1900; baseline 0.007 -21"><span class='ocrx_word' id='word_1_452' title='bbox 2265 1825 2405 1895; x_wconf 76' lang='grc' dir='ltr'>Περί</span> <span class='ocrx_word' id='word_1_453' title='bbox 2477 1827 2803 1894; x_wconf 76' lang='grc' dir='ltr'><strong>ἀπιστίας,</strong></span> <span class='ocrx_word' id='word_1_454' title='bbox 2861 1829 3267 1900; x_wconf 82' lang='grc' dir='ltr'>προτρέπονται</span> <span class='ocrx_word' id='word_1_455' title='bbox 3345 1831 3704 1900; x_wconf 80' lang='grc' dir='ltr'>φυλάσσεσθαι</span> <span class='ocrx_word' id='word_1_456' title='bbox 3770 1841 3812 1890; x_wconf 68' lang='grc' dir='ltr'>τὸ</span> 
     </span>
    </p>
   </div>
   <div class='ocr_carea' id='block_1_63' title="bbox 2265 1917 3809 1996">
    <p class='ocr_par' dir='ltr' id='par_1_63' title="bbox 2265 1917 3809 1996">
     <span class='ocr_line' id='line_1_63' title="bbox 2265 1917 3809 1996; baseline 0.004 -26"><span class='ocrx_word' id='word_1_457' title='bbox 2265 1917 2488 1990; x_wconf 72' lang='grc' dir='ltr'>Θαρῤεϊν</span> <span class='ocrx_word' id='word_1_458' title='bbox 2526 1920 2620 1974; x_wconf 74' lang='grc' dir='ltr'><strong>καὶ</strong></span> <span class='ocrx_word' id='word_1_459' title='bbox 2669 1922 3096 1975; x_wconf 86' lang='grc' dir='ltr'>καταπιστεύειν</span> <span class='ocrx_word' id='word_1_460' title='bbox 3139 1925 3232 1976; x_wconf 87' lang='lat' dir='ltr'><strong>xati.</strong></span> <span class='ocrx_word' id='word_1_461' title='bbox 3265 1927 3379 1988; x_wconf 83' lang='grc' dir='ltr'>τοῖς</span> <span class='ocrx_word' id='word_1_462' title='bbox 3411 1925 3642 1994; x_wconf 84' lang='grc' dir='ltr'>μάλιστα</span> <span class='ocrx_word' id='word_1_463' title='bbox 3677 1929 3809 1996; x_wconf 67' lang='grc' dir='ltr'>φιλεῖν</span> 
     </span>
    </p>
   </div>
   <div class='ocr_carea' id='block_1_64' title="bbox 2267 2007 3809 2090">
    <p class='ocr_par' dir='ltr' id='par_1_64' title="bbox 2267 2007 3809 2090">
     <span class='ocr_line' id='line_1_64' title="bbox 2267 2007 3809 2090; baseline 0.007 -30"><span class='ocrx_word' id='word_1_464' title='bbox 2267 2007 2486 2062; x_wconf 90' lang='grc' dir='ltr'>δοκοῦσι</span> <span class='ocrx_word' id='word_1_465' title='bbox 2513 2024 2527 2039; x_wconf 87' lang='grc'>·</span> <span class='ocrx_word' id='word_1_466' title='bbox 2559 2009 2776 2075; x_wconf 79' lang='grc' dir='ltr'>πολλοῖς</span> <span class='ocrx_word' id='word_1_467' title='bbox 2807 2011 2916 2083; x_wconf 82' lang='grc' dir='ltr'>γὰρ</span> <span class='ocrx_word' id='word_1_468' title='bbox 2941 2015 3266 2068; x_wconf 83' lang='grc' dir='ltr'>πιστεύσασι</span> <span class='ocrx_word' id='word_1_469' title='bbox 3301 2016 3400 2084; x_wconf 81' lang='grc' dir='ltr'><strong>μὲν</strong></span> <span class='ocrx_word' id='word_1_470' title='bbox 3439 2018 3647 2089; x_wconf 78' lang='grc' dir='ltr'>μεγάλη</span> <span class='ocrx_word' id='word_1_471' title='bbox 3671 2020 3809 2090; x_wconf 73' lang='grc' dir='ltr'>ἀπήν-</span> 
     </span>
    </p>
   </div>
   <div class='ocr_carea' id='block_1_65' title="bbox 2263 2104 3813 2184">
    <p class='ocr_par' dir='ltr' id='par_1_65' title="bbox 2263 2104 3813 2184">
     <span class='ocr_line' id='line_1_65' title="bbox 2263 2104 3813 2184; baseline 0.009 -33"><span class='ocrx_word' id='word_1_472' title='bbox 2263 2116 2397 2172; x_wconf 86' lang='grc' dir='ltr'>τησε</span> <span class='ocrx_word' id='word_1_473' title='bbox 2467 2104 2745 2174; x_wconf 79' lang='grc' dir='ltr'>συμφορὰ,</span> <span class='ocrx_word' id='word_1_474' title='bbox 2806 2107 3035 2178; x_wconf 73' lang='grc' dir='ltr'>ἀπιστίᾳ</span> <span class='ocrx_word' id='word_1_475' title='bbox 3083 2108 3139 2160; x_wconf 80' lang='grc' dir='ltr'>δὲ</span> <span class='ocrx_word' id='word_1_476' title='bbox 3199 2111 3572 2178; x_wconf 79' lang='grc' dir='ltr'>φραξαμένοις</span> <span class='ocrx_word' id='word_1_477' title='bbox 3624 2110 3813 2184; x_wconf 61' lang='grc' dir='ltr'>λαμπρὶ</span> 
     </span>
    </p>
   </div>
   <div class='ocr_carea' id='block_1_66' title="bbox 2264 2192 3812 2271">
    <p class='ocr_par' dir='ltr' id='par_1_66' title="bbox 2264 2192 3812 2271">
     <span class='ocr_line' id='line_1_66' title="bbox 2264 2192 3812 2271; baseline 0.008 -28"><span class='ocrx_word' id='word_1_478' title='bbox 2264 2192 2588 2262; x_wconf 78' lang='grc' dir='ltr'>περιγέγονε</span> <span class='ocrx_word' id='word_1_479' title='bbox 2607 2196 2875 2267; x_wconf 84' lang='grc' dir='ltr'>σωτηρία.</span> <span class='ocrx_word' id='word_1_480' title='bbox 2902 2197 3061 2252; x_wconf 83' lang='grc' dir='ltr'>Ἀλλὰ</span> <span class='ocrx_word' id='word_1_481' title='bbox 3076 2199 3251 2254; x_wconf 80' lang='grc' dir='ltr'>ταῦτα</span> <span class='ocrx_word' id='word_1_482' title='bbox 3266 2202 3364 2271; x_wconf 84' lang='grc' dir='ltr'><strong>μὲν</strong></span> <span class='ocrx_word' id='word_1_483' title='bbox 3381 2205 3409 2254; x_wconf 85' lang='lat'><strong>6</strong></span> <span class='ocrx_word' id='word_1_484' title='bbox 3427 2203 3560 2270; x_wconf 69' lang='grc' dir='ltr'>Περὶ</span> <span class='ocrx_word' id='word_1_485' title='bbox 3574 2201 3812 2269; x_wconf 79' lang='grc' dir='ltr'>ἀπιστίας</span> 
     </span>
    </p>
   </div>
   <div class='ocr_carea' id='block_1_67' title="bbox 2263 2283 3814 2357">
    <p class='ocr_par' dir='ltr' id='par_1_67' title="bbox 2263 2283 3814 2357">
     <span class='ocr_line' id='line_1_67' title="bbox 2263 2283 3814 2357; baseline 0.014 -22"><span class='ocrx_word' id='word_1_486' title='bbox 2263 2283 2422 2352; x_wconf 80' lang='grc' dir='ltr'>λόγος</span> <span class='ocrx_word' id='word_1_487' title='bbox 2445 2301 2458 2314; x_wconf 88' lang='grc'><strong>·</strong></span> <span class='ocrx_word' id='word_1_488' title='bbox 2477 2287 2572 2340; x_wconf 80' lang='grc' dir='ltr'>6δέ</span> <span class='ocrx_word' id='word_1_489' title='bbox 2605 2287 2710 2357; x_wconf 82' lang='grc' dir='ltr'><strong>πρὸ</strong></span> <span class='ocrx_word' id='word_1_490' title='bbox 2732 2289 2896 2342; x_wconf 81' lang='grc' dir='ltr'>αὐτοῦ</span> <span class='ocrx_word' id='word_1_491' title='bbox 2917 2291 3169 2356; x_wconf 80' lang='grc' dir='ltr'>διέξεισιν</span> <span class='ocrx_word' id='word_1_492' title='bbox 3193 2293 3269 2356; x_wconf 86' lang='grc' dir='ltr'>ὡς</span> <span class='ocrx_word' id='word_1_493' title='bbox 3293 2299 3387 2348; x_wconf 79' lang='grc' dir='ltr'><strong>καὶ</strong></span> <span class='ocrx_word' id='word_1_494' title='bbox 3417 2297 3476 2350; x_wconf 83' lang='grc' dir='ltr'><strong>τὸ</strong></span> <span class='ocrx_word' id='word_1_495' title='bbox 3505 2298 3814 2356; x_wconf 79' lang='grc' dir='ltr'>πιστεύεσθαι</span> 
     </span>
    </p>
   </div>
   <div class='ocr_carea' id='block_1_68' title="bbox 2265 2374 3811 2461">
    <p class='ocr_par' dir='ltr' id='par_1_68' title="bbox 2265 2374 3811 2461">
     <span class='ocr_line' id='line_1_68' title="bbox 2265 2374 3811 2461; baseline 0.012 -35"><span class='ocrx_word' id='word_1_496' title='bbox 2265 2374 2341 2440; x_wconf 84' lang='grc' dir='ltr'>ὡς</span> <span class='ocrx_word' id='word_1_497' title='bbox 2376 2375 2584 2430; x_wconf 80' lang='grc' dir='ltr'>ἐπίπαν</span> <span class='ocrx_word' id='word_1_498' title='bbox 2638 2381 2853 2448; x_wconf 89' lang='grc' dir='ltr'>μεγάλα</span> <span class='ocrx_word' id='word_1_499' title='bbox 2877 2384 3007 2446; x_wconf 80' lang='grc' dir='ltr'>τοὺς</span> <span class='ocrx_word' id='word_1_500' title='bbox 3062 2387 3496 2454; x_wconf 77' lang='grc' dir='ltr'>πιστευομένους</span> <span class='ocrx_word' id='word_1_501' title='bbox 3528 2391 3811 2461; x_wconf 75' lang='grc' dir='ltr'>ἐζημίωσεν.</span> 
     </span>
    </p>
   </div>
   <div class='ocr_carea' id='block_1_69' title="bbox 2278 2461 3816 2554">
    <p class='ocr_par' dir='ltr' id='par_1_69' title="bbox 2278 2461 3816 2554">
     <span class='ocr_line' id='line_1_69' title="bbox 2278 2461 3816 2554; baseline 0.012 -35"><span class='ocrx_word' id='word_1_502' title='bbox 2278 2465 2344 2520; x_wconf 86' lang='grc' dir='ltr'><em>Ἢ</em></span> <span class='ocrx_word' id='word_1_503' title='bbox 2373 2467 2418 2520; x_wconf 84' lang='grc' dir='ltr'>δ’</span> <span class='ocrx_word' id='word_1_504' title='bbox 2447 2461 2702 2536; x_wconf 67' lang='grc' dir='ltr'>ὐπᾶθεσις</span> <span class='ocrx_word' id='word_1_505' title='bbox 2737 2474 2832 2526; x_wconf 89' lang='grc' dir='ltr'><strong>τοῦ</strong></span> <span class='ocrx_word' id='word_1_506' title='bbox 2883 2476 2994 2528; x_wconf 85' lang='lat' dir='ltr'><strong>NH&#39;</strong></span> <span class='ocrx_word' id='word_1_507' title='bbox 3043 2477 3226 2545; x_wconf 80' lang='grc' dir='ltr'>λόγου,</span> <span class='ocrx_word' id='word_1_508' title='bbox 3287 2479 3475 2550; x_wconf 76' lang='grc' dir='ltr'>ὥσπερ</span> <span class='ocrx_word' id='word_1_509' title='bbox 3525 2483 3615 2534; x_wconf 75' lang='grc' dir='ltr'><strong>καὶ</strong></span> <span class='ocrx_word' id='word_1_510' title='bbox 3654 2484 3684 2554; x_wconf 81' lang='grc' dir='ltr'>ἡ</span> <span class='ocrx_word' id='word_1_511' title='bbox 3725 2487 3816 2536; x_wconf 79' lang='grc' dir='ltr'>ἐπι-</span> 
     </span>
    </p>
   </div>
   <div class='ocr_carea' id='block_1_70' title="bbox 2266 2560 3814 2644">
    <p class='ocr_par' dir='ltr' id='par_1_70' title="bbox 2266 2560 3814 2644">
     <span class='ocr_line' id='line_1_70' title="bbox 2266 2560 3814 2644; baseline 0.012 -34"><span class='ocrx_word' id='word_1_512' title='bbox 2266 2560 2479 2632; x_wconf 76' lang='grc' dir='ltr'>γραφὴ,</span> <span class='ocrx_word' id='word_1_513' title='bbox 2513 2562 2651 2630; x_wconf 80' lang='grc' dir='ltr'>Περὶ</span> <span class='ocrx_word' id='word_1_514' title='bbox 2680 2565 2869 2633; x_wconf 75' lang='grc' dir='ltr'>νόμου</span> <span class='ocrx_word' id='word_1_515' title='bbox 2899 2567 3044 2620; x_wconf 85' lang='grc' dir='ltr'>ἐστίν</span> <span class='ocrx_word' id='word_1_516' title='bbox 3069 2587 3082 2600; x_wconf 90' lang='grc'><strong>·</strong></span> <span class='ocrx_word' id='word_1_517' title='bbox 3131 2570 3206 2633; x_wconf 81' lang='grc' dir='ltr'><strong>ὡς</strong></span> <span class='ocrx_word' id='word_1_518' title='bbox 3230 2571 3330 2623; x_wconf 74' lang='grc' dir='ltr'>καὶ</span> <span class='ocrx_word' id='word_1_519' title='bbox 3360 2573 3392 2642; x_wconf 83' lang='grc' dir='ltr'>ἡ</span> <span class='ocrx_word' id='word_1_520' title='bbox 3426 2571 3519 2624; x_wconf 87' lang='grc' dir='ltr'><strong>τοῦ</strong></span> <span class='ocrx_word' id='word_1_521' title='bbox 3568 2573 3667 2626; x_wconf 76' lang='lat' dir='ltr'><strong>NG’</strong></span> <span class='ocrx_word' id='word_1_522' title='bbox 3704 2577 3814 2644; x_wconf 63' lang='grc' dir='ltr'>Περὶ</span> 
     </span>
    </p>
   </div>
   <div class='ocr_carea' id='block_1_71' title="bbox 2264 2649 3815 2735">
    <p class='ocr_par' dir='ltr' id='par_1_71' title="bbox 2264 2649 3815 2735">
     <span class='ocr_line' id='line_1_71' title="bbox 2264 2649 3815 2735; baseline 0.011 -33"><span class='ocrx_word' id='word_1_523' title='bbox 2264 2649 2463 2718; x_wconf 84' lang='grc' dir='ltr'>ἐθους,</span> <span class='ocrx_word' id='word_1_524' title='bbox 2492 2652 2520 2704; x_wconf 83' lang='grc' dir='ltr'><strong>ὃ</strong></span> <span class='ocrx_word' id='word_1_525' title='bbox 2551 2655 2812 2724; x_wconf 88' lang='grc' dir='ltr'>πράττειν</span> <span class='ocrx_word' id='word_1_526' title='bbox 2837 2657 2936 2728; x_wconf 91' lang='grc' dir='ltr'><strong>μέν</strong></span> <span class='ocrx_word' id='word_1_527' title='bbox 2963 2659 3063 2714; x_wconf 81' lang='grc' dir='ltr'>ὅσα</span> <span class='ocrx_word' id='word_1_528' title='bbox 3087 2663 3114 2714; x_wconf 93' lang='lat'><strong>6</strong></span> <span class='ocrx_word' id='word_1_529' title='bbox 3144 2663 3314 2732; x_wconf 84' lang='grc' dir='ltr'>νόμος</span> <span class='ocrx_word' id='word_1_530' title='bbox 3338 2663 3696 2732; x_wconf 80' lang='grc' dir='ltr'>ἀποδείκνυσι,</span> <span class='ocrx_word' id='word_1_531' title='bbox 3720 2668 3815 2735; x_wconf 74' lang='grc' dir='ltr'>μεθ’</span> 
     </span>
    </p>
   </div>
   <div class='ocr_carea' id='block_1_72' title="bbox 2264 2741 3814 2825">
    <p class='ocr_par' dir='ltr' id='par_1_72' title="bbox 2264 2741 3814 2825">
     <span class='ocr_line' id='line_1_72' title="bbox 2264 2741 3814 2825; baseline 0.011 -32"><span class='ocrx_word' id='word_1_532' title='bbox 2264 2741 2460 2813; x_wconf 80' lang='grc' dir='ltr'>ἡδονῆς</span> <span class='ocrx_word' id='word_1_533' title='bbox 2493 2743 2548 2798; x_wconf 84' lang='grc' dir='ltr'><strong>δέ</strong></span> <span class='ocrx_word' id='word_1_534' title='bbox 2586 2747 2682 2799; x_wconf 77' lang='grc' dir='ltr'>καὶ</span> <span class='ocrx_word' id='word_1_535' title='bbox 2721 2747 2948 2814; x_wconf 78' lang='grc' dir='ltr'>πειθοῦς</span> <span class='ocrx_word' id='word_1_536' title='bbox 2997 2751 3198 2820; x_wconf 81' lang='grc' dir='ltr'>μᾶλλον</span> <span class='ocrx_word' id='word_1_537' title='bbox 3245 2753 3381 2825; x_wconf 64' lang='lat'><strong>[‘277</strong></span> <span class='ocrx_word' id='word_1_538' title='bbox 3414 2749 3562 2825; x_wconf 84' lang='grc' dir='ltr'>11.]ἢ</span> <span class='ocrx_word' id='word_1_539' title='bbox 3589 2755 3713 2825; x_wconf 84' lang='grc' dir='ltr'>βίας,</span> <span class='ocrx_word' id='word_1_540' title='bbox 3742 2759 3814 2810; x_wconf 74' lang='grc' dir='ltr'><strong>καὶ</strong></span> 
     </span>
    </p>
   </div>
   <div class='ocr_carea' id='block_1_73' title="bbox 2265 2834 3816 2917">
    <p class='ocr_par' dir='ltr' id='par_1_73' title="bbox 2265 2834 3816 2917">
     <span class='ocr_line' id='line_1_73' title="bbox 2265 2834 3816 2917; baseline 0.009 -29"><span class='ocrx_word' id='word_1_541' title='bbox 2265 2834 2690 2909; x_wconf 84' lang='grc' dir='ltr'>ἀσφαλέστερον.</span> <span class='ocrx_word' id='word_1_542' title='bbox 2722 2841 2826 2894; x_wconf 90' lang='grc' dir='ltr'>Δύο</span> <span class='ocrx_word' id='word_1_543' title='bbox 2854 2843 2910 2895; x_wconf 81' lang='grc' dir='ltr'><strong>δὲ</strong></span> <span class='ocrx_word' id='word_1_544' title='bbox 2941 2845 2990 2895; x_wconf 77' lang='grc' dir='ltr'><strong>οἱ</strong></span> <span class='ocrx_word' id='word_1_545' title='bbox 3039 2845 3237 2913; x_wconf 79' lang='grc' dir='ltr'>ἐφεξῆς</span> <span class='ocrx_word' id='word_1_546' title='bbox 3285 2846 3431 2914; x_wconf 78' lang='grc' dir='ltr'>Περί</span> <span class='ocrx_word' id='word_1_547' title='bbox 3469 2850 3683 2917; x_wconf 70' lang='grc' dir='ltr'>φθόνου</span> <span class='ocrx_word' id='word_1_548' title='bbox 3726 2849 3816 2902; x_wconf 81' lang='grc' dir='ltr'>δια-</span> 
     </span>
    </p>
   </div>
   <div class='ocr_carea' id='block_1_74' title="bbox 2265 2926 3814 3007">
    <p class='ocr_par' dir='ltr' id='par_1_74' title="bbox 2265 2926 3814 3007">
     <span class='ocr_line' id='line_1_74' title="bbox 2265 2926 3814 3007; baseline 0.009 -29"><span class='ocrx_word' id='word_1_549' title='bbox 2265 2926 2639 2998; x_wconf 78' lang='grc' dir='ltr'>λαμϐάνουσι,</span> <span class='ocrx_word' id='word_1_550' title='bbox 2700 2936 2794 2987; x_wconf 75' lang='grc' dir='ltr'><strong>καὶ</strong></span> <span class='ocrx_word' id='word_1_551' title='bbox 2843 2935 2871 2986; x_wconf 91' lang='lat'><strong>6</strong></span> <span class='ocrx_word' id='word_1_552' title='bbox 2929 2936 2982 2986; x_wconf 87' lang='lat' dir='ltr'><strong>B&#39;</strong></span> <span class='ocrx_word' id='word_1_553' title='bbox 3036 2936 3131 2990; x_wconf 61' lang='grc' dir='ltr'><strong>καὶ¹</strong></span> <span class='ocrx_word' id='word_1_554' title='bbox 3175 2939 3230 2989; x_wconf 85' lang='grc' dir='ltr'><strong>Ξ¹</strong></span> <span class='ocrx_word' id='word_1_555' title='bbox 3277 2939 3422 3007; x_wconf 79' lang='grc' dir='ltr'>Περὶ</span> <span class='ocrx_word' id='word_1_556' title='bbox 3472 2941 3738 3007; x_wconf 81' lang='grc' dir='ltr'>πλούτου,</span> <span class='ocrx_word' id='word_1_557' title='bbox 3767 2943 3814 2992; x_wconf 71' lang='grc' dir='ltr'>τὸ</span> 
     </span>
    </p>
   </div>
   <div class='ocr_carea' id='block_1_75' title="bbox 2265 3021 3812 3100">
    <p class='ocr_par' dir='ltr' id='par_1_75' title="bbox 2265 3021 3812 3100">
     <span class='ocr_line' id='line_1_75' title="bbox 2265 3021 3812 3100; baseline 0.007 -29"><span class='ocrx_word' id='word_1_558' title='bbox 2265 3021 2497 3092; x_wconf 79' lang='grc' dir='ltr'>ὀχληρὸν</span> <span class='ocrx_word' id='word_1_559' title='bbox 2528 3024 2693 3078; x_wconf 81' lang='grc' dir='ltr'>αὐτοῦ</span> <span class='ocrx_word' id='word_1_560' title='bbox 2719 3027 2812 3078; x_wconf 79' lang='lat' dir='ltr'><strong>xai.</strong></span> <span class='ocrx_word' id='word_1_561' title='bbox 2838 3026 3124 3080; x_wconf 75' lang='grc' dir='ltr'>ἐπίϐουλον</span> <span class='ocrx_word' id='word_1_562' title='bbox 3157 3031 3513 3100; x_wconf 83' lang='grc' dir='ltr'>στηλιτεύων,</span> <span class='ocrx_word' id='word_1_563' title='bbox 3552 3034 3636 3084; x_wconf 78' lang='grc' dir='ltr'><strong>καὶ</strong></span> <span class='ocrx_word' id='word_1_564' title='bbox 3669 3032 3812 3100; x_wconf 75' lang='grc' dir='ltr'>πολλῷ</span> 
     </span>
    </p>
   </div>
   <div class='ocr_carea' id='block_1_76' title="bbox 2267 3110 3811 3191">
    <p class='ocr_par' dir='ltr' id='par_1_76' title="bbox 2267 3110 3811 3191">
     <span class='ocr_line' id='line_1_76' title="bbox 2267 3110 3811 3191; baseline 0.008 -29"><span class='ocrx_word' id='word_1_565' title='bbox 2267 3110 2717 3188; x_wconf 88' lang='grc' dir='ltr'>λυσιτελεστέραν</span> <span class='ocrx_word' id='word_1_566' title='bbox 2757 3118 2922 3171; x_wconf 80' lang='grc' dir='ltr'>αὐτοῦ</span> <span class='ocrx_word' id='word_1_567' title='bbox 2955 3119 3237 3189; x_wconf 85' lang='grc' dir='ltr'>παριστῶν</span> <span class='ocrx_word' id='word_1_568' title='bbox 3283 3122 3387 3191; x_wconf 77' lang='grc' dir='ltr'><strong>τὴν</strong></span> <span class='ocrx_word' id='word_1_569' title='bbox 3416 3123 3553 3190; x_wconf 80' lang='grc' dir='ltr'>μετὰ</span> <span class='ocrx_word' id='word_1_570' title='bbox 3579 3123 3811 3176; x_wconf 75' lang='grc' dir='ltr'>δικαιοσύ-</span> 
     </span>
    </p>
   </div>
   <div class='ocr_carea' id='block_1_77' title="bbox 2265 3207 3811 3286">
    <p class='ocr_par' dir='ltr' id='par_1_77' title="bbox 2265 3207 3811 3286">
     <span class='ocr_line' id='line_1_77' title="bbox 2265 3207 3811 3286; baseline 0.006 -31"><span class='ocrx_word' id='word_1_571' title='bbox 2265 3220 2366 3273; x_wconf 87' lang='grc' dir='ltr'><strong>νης</strong></span> <span class='ocrx_word' id='word_1_572' title='bbox 2418 3207 2630 3260; x_wconf 83' lang='grc' dir='ltr'>πενίαν.</span> <span class='ocrx_word' id='word_1_573' title='bbox 2698 3209 2758 3260; x_wconf 87' lang='lat'><strong>&#39;0</strong></span> <span class='ocrx_word' id='word_1_574' title='bbox 2788 3211 2844 3262; x_wconf 82' lang='grc' dir='ltr'><strong>δὲ</strong></span> <span class='ocrx_word' id='word_1_575' title='bbox 2907 3211 3080 3265; x_wconf 75' lang='lat' dir='ltr'><strong>F’xai.</strong></span> <span class='ocrx_word' id='word_1_576' title='bbox 3134 3214 3187 3265; x_wconf 88' lang='grc' dir='ltr'><strong>Ξ¹</strong></span> <span class='ocrx_word' id='word_1_577' title='bbox 3212 3215 3582 3286; x_wconf 76' lang='grc' dir='ltr'>ἐπιγράφεται</span> <span class='ocrx_word' id='word_1_578' title='bbox 3641 3215 3735 3269; x_wconf 81' lang='grc' dir='ltr'><strong>τῶν</strong></span> <span class='ocrx_word' id='word_1_579' title='bbox 3769 3219 3811 3267; x_wconf 79' lang='grc' dir='ltr'><strong>ἐν</strong></span> 
     </span>
    </p>
   </div>
   <div class='ocr_carea' id='block_1_78' title="bbox 2265 3293 3810 3378">
    <p class='ocr_par' dir='ltr' id='par_1_78' title="bbox 2265 3293 3810 3378">
     <span class='ocr_line' id='line_1_78' title="bbox 2265 3293 3810 3378; baseline 0.007 -32"><span class='ocrx_word' id='word_1_580' title='bbox 2265 3293 2492 3365; x_wconf 74' lang='grc' dir='ltr'>Κιλικίᾳ</span> <span class='ocrx_word' id='word_1_581' title='bbox 2540 3298 2680 3366; x_wconf 80' lang='grc' dir='ltr'>Περὶ</span> <span class='ocrx_word' id='word_1_582' title='bbox 2759 3301 3140 3370; x_wconf 73' lang='grc' dir='ltr'>ἐλευθερίας,</span> <span class='ocrx_word' id='word_1_583' title='bbox 3189 3307 3401 3358; x_wconf 87' lang='grc' dir='ltr'>ἐκεῖνον</span> <span class='ocrx_word' id='word_1_584' title='bbox 3459 3307 3514 3360; x_wconf 85' lang='grc' dir='ltr'><strong>δέ</strong></span> <span class='ocrx_word' id='word_1_585' title='bbox 3573 3307 3810 3378; x_wconf 76' lang='grc' dir='ltr'>ἐλεύθερον</span> 
     </span>
    </p>
   </div>
   <div class='ocr_carea' id='block_1_79' title="bbox 2264 3389 3810 3468">
    <p class='ocr_par' dir='ltr' id='par_1_79' title="bbox 2264 3389 3810 3468">
     <span class='ocr_line' id='line_1_79' title="bbox 2264 3389 3810 3468; baseline 0.005 -28"><span class='ocrx_word' id='word_1_586' title='bbox 2264 3390 2532 3460; x_wconf 72' lang='grc' dir='ltr'>παριστᾷ,</span> <span class='ocrx_word' id='word_1_587' title='bbox 2585 3389 2643 3452; x_wconf 76' lang='lat'>6;</span> <span class='ocrx_word' id='word_1_588' title='bbox 2689 3390 2798 3443; x_wconf 83' lang='grc' dir='ltr'><strong>τῶν</strong></span> <span class='ocrx_word' id='word_1_589' title='bbox 2837 3395 2894 3444; x_wconf 88' lang='grc' dir='ltr'><strong>ἐν</strong></span> <span class='ocrx_word' id='word_1_590' title='bbox 2935 3396 3083 3465; x_wconf 81' lang='grc' dir='ltr'>αὑτῷ</span> <span class='ocrx_word' id='word_1_591' title='bbox 3132 3395 3324 3466; x_wconf 79' lang='grc' dir='ltr'>κύριος</span> <span class='ocrx_word' id='word_1_592' title='bbox 3369 3400 3453 3468; x_wconf 73' lang='grc' dir='ltr'>εἴη</span> <span class='ocrx_word' id='word_1_593' title='bbox 3507 3399 3700 3464; x_wconf 86' lang='grc' dir='ltr'>παθῶν,</span> <span class='ocrx_word' id='word_1_594' title='bbox 3733 3397 3810 3451; x_wconf 73' lang='grc' dir='ltr'>κᾶν</span> 
     </span>
    </p>
   </div>
   <div class='ocr_carea' id='block_1_80' title="bbox 2267 3479 3810 3558">
    <p class='ocr_par' dir='ltr' id='par_1_80' title="bbox 2267 3479 3810 3558">
     <span class='ocr_line' id='line_1_80' title="bbox 2267 3479 3810 3558; baseline 0.009 -29"><span class='ocrx_word' id='word_1_595' title='bbox 2267 3479 2452 3550; x_wconf 89' lang='grc' dir='ltr'>μυρίοι</span> <span class='ocrx_word' id='word_1_596' title='bbox 2484 3481 2682 3546; x_wconf 71' lang='grc' dir='ltr'>ἔξωθεν</span> <span class='ocrx_word' id='word_1_597' title='bbox 2708 3484 2871 3536; x_wconf 76' lang='grc' dir='ltr'>αὑτοῦ</span> <span class='ocrx_word' id='word_1_598' title='bbox 2905 3485 2998 3538; x_wconf 72' lang='grc' dir='ltr'><strong>τοῦ</strong></span> <span class='ocrx_word' id='word_1_599' title='bbox 3039 3487 3293 3558; x_wconf 80' lang='grc' dir='ltr'>σώματος</span> <span class='ocrx_word' id='word_1_600' title='bbox 3323 3486 3423 3544; x_wconf 78' lang='grc' dir='ltr'>ὦσι</span> <span class='ocrx_word' id='word_1_601' title='bbox 3455 3491 3717 3554; x_wconf 80' lang='grc' dir='ltr'>δεσπόται,</span> <span class='ocrx_word' id='word_1_602' title='bbox 3737 3493 3810 3543; x_wconf 71' lang='grc' dir='ltr'>καὶ</span> 
     </span>
    </p>
   </div>
   <div class='ocr_carea' id='block_1_81' title="bbox 2261 3571 3810 3649">
    <p class='ocr_par' dir='ltr' id='par_1_81' title="bbox 2261 3571 3810 3649">
     <span class='ocr_line' id='line_1_81' title="bbox 2261 3571 3810 3649; baseline 0.008 -27"><span class='ocrx_word' id='word_1_603' title='bbox 2261 3571 2449 3624; x_wconf 87' lang='grc' dir='ltr'>δοῦλον</span> <span class='ocrx_word' id='word_1_604' title='bbox 2505 3573 2732 3640; x_wconf 85' lang='grc' dir='ltr'>ἐκεῖνον,</span> <span class='ocrx_word' id='word_1_605' title='bbox 2790 3577 2848 3640; x_wconf 85' lang='grc' dir='ltr'>ὃς</span> <span class='ocrx_word' id='word_1_606' title='bbox 2896 3579 3230 3649; x_wconf 70' lang='grc' dir='ltr'>ἀνῖράποδὸν</span> <span class='ocrx_word' id='word_1_607' title='bbox 3285 3585 3404 3637; x_wconf 86' lang='grc' dir='ltr'>ἐστι</span> <span class='ocrx_word' id='word_1_608' title='bbox 3431 3585 3633 3649; x_wconf 79' lang='grc' dir='ltr'>παθῶν,</span> <span class='ocrx_word' id='word_1_609' title='bbox 3669 3587 3810 3638; x_wconf 72' lang='grc' dir='ltr'>είκαὶ</span> 
     </span>
    </p>
   </div>
   <div class='ocr_carea' id='block_1_82' title="bbox 2269 3665 3810 3747">
    <p class='ocr_par' dir='ltr' id='par_1_82' title="bbox 2269 3665 3810 3747">
     <span class='ocr_line' id='line_1_82' title="bbox 2269 3665 3810 3747; baseline 0.01 -33"><span class='ocrx_word' id='word_1_610' title='bbox 2269 3665 2565 3736; x_wconf 86' lang='grc' dir='ltr'>συμπάσης</span> <span class='ocrx_word' id='word_1_611' title='bbox 2597 3669 2641 3700; x_wconf 80' lang='grc'><strong><em>⁵³</em></strong></span> <span class='ocrx_word' id='word_1_612' title='bbox 2680 3669 2868 3740; x_wconf 76' lang='grc' dir='ltr'>ἄρχειν</span> <span class='ocrx_word' id='word_1_613' title='bbox 2901 3673 2997 3742; x_wconf 82' lang='grc' dir='ltr'>τῆς</span> <span class='ocrx_word' id='word_1_614' title='bbox 3028 3675 3360 3747; x_wconf 81' lang='grc' dir='ltr'>οἰκουμένης</span> <span class='ocrx_word' id='word_1_615' title='bbox 3397 3679 3560 3732; x_wconf 87' lang='grc' dir='ltr'>δοκεῖ.</span> <span class='ocrx_word' id='word_1_616' title='bbox 3608 3679 3689 3742; x_wconf 78' lang='grc' dir='ltr'><strong>Εἰς</strong></span> <span class='ocrx_word' id='word_1_617' title='bbox 3733 3677 3810 3744; x_wconf 76' lang='grc' dir='ltr'>τὴν</span> 
     </span>
    </p>
   </div>
   <div class='ocr_carea' id='block_1_83' title="bbox 2265 3757 3808 3840">
    <p class='ocr_par' dir='ltr' id='par_1_83' title="bbox 2265 3757 3808 3840">
     <span class='ocr_line' id='line_1_83' title="bbox 2265 3757 3808 3840; baseline 0.017 -32"><span class='ocrx_word' id='word_1_618' title='bbox 2265 3757 2437 3826; x_wconf 79' lang='grc' dir='ltr'>αὐτὴν</span> <span class='ocrx_word' id='word_1_619' title='bbox 2485 3758 2530 3810; x_wconf 85' lang='grc' dir='ltr'>δ’</span> <span class='ocrx_word' id='word_1_620' title='bbox 2587 3761 2920 3832; x_wconf 80' lang='grc' dir='ltr'>ἀναφέρεται</span> <span class='ocrx_word' id='word_1_621' title='bbox 2969 3767 3208 3820; x_wconf 80' lang='grc' dir='ltr'>διάνοιαν</span> <span class='ocrx_word' id='word_1_622' title='bbox 3249 3771 3346 3822; x_wconf 70' lang='grc' dir='ltr'>καὶ</span> <span class='ocrx_word' id='word_1_623' title='bbox 3377 3771 3404 3822; x_wconf 90' lang='lat'><strong>6</strong></span> <span class='ocrx_word' id='word_1_624' title='bbox 3442 3769 3653 3840; x_wconf 79' lang='grc' dir='ltr'>ἐφεξῆς,</span> <span class='ocrx_word' id='word_1_625' title='bbox 3700 3767 3808 3834; x_wconf 59' lang='grc' dir='ltr'><strong>Πείλ</strong></span> 
     </span>
    </p>
   </div>
   <div class='ocr_carea' id='block_1_84' title="bbox 2262 3847 3808 3936">
    <p class='ocr_par' dir='ltr' id='par_1_84' title="bbox 2262 3847 3808 3936">
     <span class='ocr_line' id='line_1_84' title="bbox 2262 3847 3808 3936; baseline 0.008 -36"><span class='ocrx_word' id='word_1_626' title='bbox 2262 3847 2544 3917; x_wconf 80' lang='grc' dir='ltr'>δουλείας</span> <span class='ocrx_word' id='word_1_627' title='bbox 2580 3855 2680 3907; x_wconf 79' lang='grc' dir='ltr'>καὶ</span> <span class='ocrx_word' id='word_1_628' title='bbox 2735 3855 3080 3926; x_wconf 71' lang='grc' dir='ltr'>ἐλευθερίας</span> <span class='ocrx_word' id='word_1_629' title='bbox 3113 3864 3430 3936; x_wconf 75' lang='grc' dir='ltr'>ἐπιγραφὴν</span> <span class='ocrx_word' id='word_1_630' title='bbox 3459 3863 3594 3933; x_wconf 78' lang='grc' dir='ltr'><strong>ἔχων</strong></span> <span class='ocrx_word' id='word_1_631' title='bbox 3619 3879 3631 3893; x_wconf 90' lang='grc'><strong>·</strong></span> <span class='ocrx_word' id='word_1_632' title='bbox 3655 3861 3808 3928; x_wconf 80' lang='grc' dir='ltr'>ὥσπερ</span> 
     </span>
    </p>
   </div>
   <div class='ocr_carea' id='block_1_85' title="bbox 2263 3942 3806 4025">
    <p class='ocr_par' dir='ltr' id='par_1_85' title="bbox 2263 3942 3806 4025">
     <span class='ocr_line' id='line_1_85' title="bbox 2263 3942 3806 4025; baseline 0.01 -34"><span class='ocrx_word' id='word_1_633' title='bbox 2263 3943 2356 3992; x_wconf 81' lang='grc' dir='ltr'>καὶ</span> <span class='ocrx_word' id='word_1_634' title='bbox 2389 3944 2416 3995; x_wconf 90' lang='lat'><strong>6</strong></span> <span class='ocrx_word' id='word_1_635' title='bbox 2450 3942 2647 4015; x_wconf 80' lang='grc' dir='ltr'>ἐφεξῆς</span> <span class='ocrx_word' id='word_1_636' title='bbox 2670 3946 2920 4018; x_wconf 88' lang='grc' dir='ltr'>δεύτερος</span> <span class='ocrx_word' id='word_1_637' title='bbox 2951 3953 3089 4019; x_wconf 75' lang='grc' dir='ltr'>Περὶ</span> <span class='ocrx_word' id='word_1_638' title='bbox 3136 3953 3374 4009; x_wconf 82' lang='grc' dir='ltr'>δούλων</span> <span class='ocrx_word' id='word_1_639' title='bbox 3403 3955 3495 4011; x_wconf 81' lang='grc' dir='ltr'>ὥν,</span> <span class='ocrx_word' id='word_1_640' title='bbox 3531 3957 3635 4010; x_wconf 76' lang='grc' dir='ltr'><strong>Καὶ</strong></span> <span class='ocrx_word' id='word_1_641' title='bbox 3671 3953 3806 4025; x_wconf 78' lang='grc' dir='ltr'>ὸμετ⁹</span> 
     </span>
    </p>
   </div>
   <div class='ocr_carea' id='block_1_86' title="bbox 2261 4029 3806 4117">
    <p class='ocr_par' dir='ltr' id='par_1_86' title="bbox 2261 4029 3806 4117">
     <span class='ocr_line' id='line_1_86' title="bbox 2261 4029 3806 4117; baseline 0.008 -36"><span class='ocrx_word' id='word_1_642' title='bbox 2261 4029 2424 4084; x_wconf 82' lang='grc' dir='ltr'>αὐτὸν</span> <span class='ocrx_word' id='word_1_643' title='bbox 2457 4033 2535 4096; x_wconf 83' lang='grc' dir='ltr'>δὲ,</span> <span class='ocrx_word' id='word_1_644' title='bbox 2573 4035 2713 4103; x_wconf 78' lang='grc' dir='ltr'>Περὶ</span> <span class='ocrx_word' id='word_1_645' title='bbox 2738 4039 2961 4106; x_wconf 83' lang='grc' dir='ltr'>λύπης,</span> <span class='ocrx_word' id='word_1_646' title='bbox 2994 4041 3070 4104; x_wconf 80' lang='grc' dir='ltr'>ὡς</span> <span class='ocrx_word' id='word_1_647' title='bbox 3103 4044 3163 4096; x_wconf 84' lang='grc' dir='ltr'><strong>οὐ</strong></span> <span class='ocrx_word' id='word_1_648' title='bbox 3200 4046 3305 4116; x_wconf 81' lang='grc' dir='ltr'><strong>χρὴ</strong></span> <span class='ocrx_word' id='word_1_649' title='bbox 3355 4047 3713 4117; x_wconf 74' lang='grc' dir='ltr'>παρεγγυᾶται</span> <span class='ocrx_word' id='word_1_650' title='bbox 3737 4043 3806 4095; x_wconf 75' lang='grc' dir='ltr'>τὸν</span> 
     </span>
    </p>
   </div>
   <div class='ocr_carea' id='block_1_87' title="bbox 2261 4126 3804 4206">
    <p class='ocr_par' dir='ltr' id='par_1_87' title="bbox 2261 4126 3804 4206">
     <span class='ocr_line' id='line_1_87' title="bbox 2261 4126 3804 4206; baseline 0.006 -32"><span class='ocrx_word' id='word_1_651' title='bbox 2261 4127 2510 4188; x_wconf 82' lang='grc' dir='ltr'>γενναῖον</span> <span class='ocrx_word' id='word_1_652' title='bbox 2545 4126 2640 4178; x_wconf 76' lang='grc' dir='ltr'><strong>καὶ</strong></span> <span class='ocrx_word' id='word_1_653' title='bbox 2665 4128 2788 4183; x_wconf 83' lang='grc' dir='ltr'>νοῦν</span> <span class='ocrx_word' id='word_1_654' title='bbox 2813 4129 3003 4200; x_wconf 75' lang='grc' dir='ltr'>ἔχοντα</span> <span class='ocrx_word' id='word_1_655' title='bbox 3034 4133 3203 4206; x_wconf 76' lang='grc' dir='ltr'>ἄνδρα</span> <span class='ocrx_word' id='word_1_656' title='bbox 3229 4136 3730 4191; x_wconf 83' lang='grc' dir='ltr'>ὑποκατακλίνεσθαι</span> <span class='ocrx_word' id='word_1_657' title='bbox 3748 4132 3804 4201; x_wconf 82' lang='grc' dir='ltr'><strong>τῷ</strong></span> 
     </span>
    </p>
   </div>
   <div class='ocr_carea' id='block_1_88' title="bbox 2261 4213 3803 4300">
    <p class='ocr_par' dir='ltr' id='par_1_88' title="bbox 2261 4213 3803 4300">
     <span class='ocr_line' id='line_1_88' title="bbox 2261 4213 3803 4300; baseline 0.009 -35"><span class='ocrx_word' id='word_1_658' title='bbox 2261 4213 2444 4279; x_wconf 85' lang='grc' dir='ltr'>πάθει,</span> <span class='ocrx_word' id='word_1_659' title='bbox 2480 4221 2742 4290; x_wconf 79' lang='grc' dir='ltr'>περιορᾷν</span> <span class='ocrx_word' id='word_1_660' title='bbox 2771 4219 2829 4273; x_wconf 89' lang='grc' dir='ltr'><strong>δέ</strong></span> <span class='ocrx_word' id='word_1_661' title='bbox 2867 4222 3066 4292; x_wconf 81' lang='grc' dir='ltr'>μᾶλλον</span> <span class='ocrx_word' id='word_1_662' title='bbox 3098 4229 3194 4280; x_wconf 77' lang='grc' dir='ltr'><strong>καὶ</strong></span> <span class='ocrx_word' id='word_1_663' title='bbox 3214 4229 3623 4300; x_wconf 76' lang='grc' dir='ltr'>ἀποτρίϐεσθαι.</span> <span class='ocrx_word' id='word_1_664' title='bbox 3675 4224 3803 4278; x_wconf 80' lang='grc' dir='ltr'><strong>Καὶὸ</strong></span> 
     </span>
    </p>
   </div>
   <div class='ocr_carea' id='block_1_89' title="bbox 2260 4305 3799 4390">
    <p class='ocr_par' dir='ltr' id='par_1_89' title="bbox 2260 4305 3799 4390">
     <span class='ocr_line' id='line_1_89' title="bbox 2260 4305 3799 4390; baseline 0.005 -33"><span class='ocrx_word' id='word_1_665' title='bbox 2260 4305 2400 4372; x_wconf 79' lang='grc' dir='ltr'>Περὶ</span> <span class='ocrx_word' id='word_1_666' title='bbox 2467 4309 2850 4377; x_wconf 79' lang='grc' dir='ltr'>πλεονεξίας,</span> <span class='ocrx_word' id='word_1_667' title='bbox 2905 4316 2959 4366; x_wconf 94' lang='lat' dir='ltr'><strong>Z&#39;</strong></span> <span class='ocrx_word' id='word_1_668' title='bbox 2995 4317 3090 4369; x_wconf 80' lang='grc' dir='ltr'><strong>καὶ</strong></span> <span class='ocrx_word' id='word_1_669' title='bbox 3121 4318 3176 4370; x_wconf 89' lang='grc' dir='ltr'><strong>Ξ¹</strong></span> <span class='ocrx_word' id='word_1_670' title='bbox 3207 4319 3254 4350; x_wconf 72' lang='grc'><strong><em>⁵⁸</em></strong></span> <span class='ocrx_word' id='word_1_671' title='bbox 3282 4317 3380 4384; x_wconf 79' lang='grc' dir='ltr'>ὣν,</span> <span class='ocrx_word' id='word_1_672' title='bbox 3437 4315 3799 4390; x_wconf 68' lang='grc' dir='ltr'>ἀποτρέπεσθαι</span> 
     </span>
    </p>
   </div>
   <div class='ocr_carea' id='block_1_90' title="bbox 2258 4399 3803 4484">
    <p class='ocr_par' dir='ltr' id='par_1_90' title="bbox 2258 4399 3803 4484">
     <span class='ocr_line' id='line_1_90' title="bbox 2258 4399 3803 4484; baseline 0.012 -34"><span class='ocrx_word' id='word_1_673' title='bbox 2258 4399 2464 4469; x_wconf 83' lang='grc' dir='ltr'>ταύτην</span> <span class='ocrx_word' id='word_1_674' title='bbox 2493 4405 2804 4475; x_wconf 85' lang='grc' dir='ltr'>παρεγγυᾷ.</span> <span class='ocrx_word' id='word_1_675' title='bbox 2854 4407 2962 4459; x_wconf 78' lang='grc' dir='ltr'><strong>Καὶ</strong></span> <span class='ocrx_word' id='word_1_676' title='bbox 2996 4411 3023 4460; x_wconf 91' lang='lat'><strong>6</strong></span> <span class='ocrx_word' id='word_1_677' title='bbox 3053 4409 3178 4474; x_wconf 80' lang='lat' dir='ltr'><strong>EH&#39;,</strong></span> <span class='ocrx_word' id='word_1_678' title='bbox 3210 4412 3400 4484; x_wconf 79' lang='grc' dir='ltr'>ὥσπερ</span> <span class='ocrx_word' id='word_1_679' title='bbox 3446 4413 3803 4482; x_wconf 76' lang='grc' dir='ltr'>ἐπιγέγραπται</span> 
     </span>
    </p>
   </div>
   <div class='ocr_carea' id='block_1_91' title="bbox 571 4484 2158 4576">
    <p class='ocr_par' dir='ltr' id='par_1_91' title="bbox 571 4484 2155 4556">
     <span class='ocr_line' id='line_1_91' title="bbox 571 4484 2155 4556; baseline 0.003 -18"><span class='ocrx_word' id='word_1_680' title='bbox 571 4488 841 4540; x_wconf 81' lang='lat' dir='ltr'><strong>obterere.</strong></span> <span class='ocrx_word' id='word_1_681' title='bbox 877 4484 1090 4540; x_wconf 80' lang='lat' dir='ltr'><strong>LXVII.</strong></span> <span class='ocrx_word' id='word_1_682' title='bbox 1131 4486 1203 4540; x_wconf 86' lang='lat' dir='ltr'><strong>De</strong></span> <span class='ocrx_word' id='word_1_683' title='bbox 1248 4488 1481 4541; x_wconf 82' lang='lat' dir='ltr'><strong>avaritia</strong></span> <span class='ocrx_word' id='word_1_684' title='bbox 1523 4487 1816 4556; x_wconf 79' lang='lat' dir='ltr'><strong>inseripta,</strong></span> <span class='ocrx_word' id='word_1_685' title='bbox 1848 4489 2023 4542; x_wconf 86' lang='lat' dir='ltr'><strong>vitare</strong></span> <span class='ocrx_word' id='word_1_686' title='bbox 2054 4490 2155 4542; x_wconf 87' lang='lat' dir='ltr'><strong>hoc</strong></span> 
     </span>
    </p>
   </div>
   <div class='ocr_carea' id='block_1_92' title="bbox 2254 4484 3803 4576">
    <p class='ocr_par' dir='ltr' id='par_1_92' title="bbox 2261 4491 3803 4576">
     <span class='ocr_line' id='line_1_92' title="bbox 2261 4491 3803 4576; baseline 0.018 -35"><span class='ocrx_word' id='word_1_687' title='bbox 2261 4491 2401 4559; x_wconf 83' lang='grc' dir='ltr'>Περὶ</span> <span class='ocrx_word' id='word_1_688' title='bbox 2459 4493 2646 4561; x_wconf 82' lang='grc' dir='ltr'>λόγου</span> <span class='ocrx_word' id='word_1_689' title='bbox 2702 4495 2799 4548; x_wconf 81' lang='grc' dir='ltr'>καὶ</span> <span class='ocrx_word' id='word_1_690' title='bbox 2846 4497 3204 4569; x_wconf 78' lang='grc' dir='ltr'>ἀσκήσεως,</span> <span class='ocrx_word' id='word_1_691' title='bbox 3270 4505 3524 4576; x_wconf 85' lang='grc' dir='ltr'>τοιαύτην</span> <span class='ocrx_word' id='word_1_692' title='bbox 3586 4504 3674 4557; x_wconf 74' lang='grc' dir='ltr'>καὶ</span> <span class='ocrx_word' id='word_1_693' title='bbox 3726 4499 3803 4567; x_wconf 67' lang='grc' dir='ltr'><strong>τὴν</strong></span> 
     </span>
    </p>
   </div>
   <div class='ocr_carea' id='block_1_93' title="bbox 572 4577 2154 4648">
    <p class='ocr_par' dir='ltr' id='par_1_93' title="bbox 572 4577 2154 4648">
     <span class='ocr_line' id='line_1_93' title="bbox 572 4577 2154 4648; baseline 0 -16"><span class='ocrx_word' id='word_1_694' title='bbox 572 4578 776 4632; x_wconf 86' lang='lat' dir='ltr'><strong>malum</strong></span> <span class='ocrx_word' id='word_1_695' title='bbox 803 4578 976 4646; x_wconf 90' lang='lat' dir='ltr'><strong>jubet.</strong></span> <span class='ocrx_word' id='word_1_696' title='bbox 1006 4577 1236 4633; x_wconf 78' lang='lat' dir='ltr'><strong>LXVIII.</strong></span> <span class='ocrx_word' id='word_1_697' title='bbox 1284 4581 1460 4632; x_wconf 88' lang='lat' dir='ltr'><strong>oratio</strong></span> <span class='ocrx_word' id='word_1_698' title='bbox 1515 4578 1726 4632; x_wconf 85' lang='lat' dir='ltr'><strong>titulum</strong></span> <span class='ocrx_word' id='word_1_699' title='bbox 1780 4577 2040 4648; x_wconf 76' lang='lat' dir='ltr'><strong>praefert:</strong></span> <span class='ocrx_word' id='word_1_700' title='bbox 2079 4578 2154 4632; x_wconf 83' lang='lat' dir='ltr'><strong>De</strong></span> 
     </span>
    </p>
   </div>
   <div class='ocr_carea' id='block_1_94' title="bbox 576 4671 2151 4743">
    <p class='ocr_par' dir='ltr' id='par_1_94' title="bbox 576 4671 2151 4743">
     <span class='ocr_line' id='line_1_94' title="bbox 576 4671 2151 4743; baseline 0.003 -22"><span class='ocrx_word' id='word_1_701' title='bbox 576 4672 703 4723; x_wconf 81' lang='lat' dir='ltr'><strong>bene</strong></span> <span class='ocrx_word' id='word_1_702' title='bbox 727 4671 938 4724; x_wconf 82' lang='lat' dir='ltr'><strong>dicendi</strong></span> <span class='ocrx_word' id='word_1_703' title='bbox 974 4672 1246 4734; x_wconf 75' lang='lat' dir='ltr'><strong>exercitio,</strong></span> <span class='ocrx_word' id='word_1_704' title='bbox 1277 4683 1444 4740; x_wconf 85' lang='lat' dir='ltr'><strong>atque</strong></span> <span class='ocrx_word' id='word_1_705' title='bbox 1475 4673 1575 4726; x_wconf 88' lang='lat' dir='ltr'><strong>hoc</strong></span> <span class='ocrx_word' id='word_1_706' title='bbox 1606 4673 1744 4727; x_wconf 88' lang='lat' dir='ltr'><strong>idem</strong></span> <span class='ocrx_word' id='word_1_707' title='bbox 1773 4681 2151 4743; x_wconf 82' lang='lat' dir='ltr'><strong>argumentum</strong></span> 
     </span>
    </p>
   </div>
   <div class='ocr_carea' id='block_1_95' title="bbox 573 4761 2156 4832">
    <p class='ocr_par' dir='ltr' id='par_1_95' title="bbox 573 4761 2156 4832">
     <span class='ocr_line' id='line_1_95' title="bbox 573 4761 2156 4832; baseline 0 -16"><span class='ocrx_word' id='word_1_708' title='bbox 573 4763 834 4830; x_wconf 78' lang='lat' dir='ltr'><strong>suggerit.</strong></span> <span class='ocrx_word' id='word_1_709' title='bbox 885 4761 1003 4816; x_wconf 76' lang='lat' dir='ltr'><strong>Mox</strong></span> <span class='ocrx_word' id='word_1_710' title='bbox 1056 4761 1243 4817; x_wconf 71' lang='lat' dir='ltr'><strong>LXIX.</strong></span> <span class='ocrx_word' id='word_1_711' title='bbox 1296 4765 1407 4832; x_wconf 78' lang='lat' dir='ltr'><strong>agit</strong></span> <span class='ocrx_word' id='word_1_712' title='bbox 1455 4763 1878 4832; x_wconf 86' lang='lat' dir='ltr'><strong>iuseribiturque</strong></span> <span class='ocrx_word' id='word_1_713' title='bbox 1937 4761 2016 4816; x_wconf 88' lang='lat' dir='ltr'><strong>De</strong></span> <span class='ocrx_word' id='word_1_714' title='bbox 2058 4779 2156 4816; x_wconf 76' lang='lat' dir='ltr'><strong>sua</strong></span> 
     </span>
    </p>
   </div>
   <div class='ocr_carea' id='block_1_96' title="bbox 574 4851 2155 4926">
    <p class='ocr_par' dir='ltr' id='par_1_96' title="bbox 574 4851 2155 4926">
     <span class='ocr_line' id='line_1_96' title="bbox 574 4851 2155 4926; baseline -0.001 -19"><span class='ocrx_word' id='word_1_715' title='bbox 574 4851 762 4926; x_wconf 71' lang='lat' dir='ltr'><strong>[alios]</strong></span> <span class='ocrx_word' id='word_1_716' title='bbox 790 4857 1039 4907; x_wconf 83' lang='lat' dir='ltr'><strong>audiendi</strong></span> <span class='ocrx_word' id='word_1_717' title='bbox 1058 4856 1369 4924; x_wconf 85' lang='lat' dir='ltr'><strong>cupiditate.</strong></span> <span class='ocrx_word' id='word_1_718' title='bbox 1388 4855 1816 4925; x_wconf 75' lang='lat' dir='ltr'><strong>Septuagesimze</strong></span> <span class='ocrx_word' id='word_1_719' title='bbox 1837 4856 2028 4910; x_wconf 88' lang='lat' dir='ltr'><strong>titulus</strong></span> <span class='ocrx_word' id='word_1_720' title='bbox 2047 4866 2155 4918; x_wconf 87' lang='lat' dir='ltr'><strong>est,</strong></span> 
     </span>
    </p>
   </div>
   <div class='ocr_carea' id='block_1_97' title="bbox 577 4946 2154 5017">
    <p class='ocr_par' dir='ltr' id='par_1_97' title="bbox 577 4946 2154 5017">
     <span class='ocr_line' id='line_1_97' title="bbox 577 4946 2154 5017; baseline 0.001 -16"><span class='ocrx_word' id='word_1_721' title='bbox 577 4946 652 5001; x_wconf 82' lang='lat' dir='ltr'><strong>De</strong></span> <span class='ocrx_word' id='word_1_722' title='bbox 682 4963 907 5011; x_wconf 76' lang='lat' dir='ltr'><strong>secessu,</strong></span> <span class='ocrx_word' id='word_1_723' title='bbox 934 4953 1197 5017; x_wconf 83' lang='lat' dir='ltr'><strong>docetque</strong></span> <span class='ocrx_word' id='word_1_724' title='bbox 1248 4965 1353 5002; x_wconf 89' lang='lat' dir='ltr'><strong>non</strong></span> <span class='ocrx_word' id='word_1_725' title='bbox 1394 4949 1509 5003; x_wconf 87' lang='lat' dir='ltr'><strong>loca</strong></span> <span class='ocrx_word' id='word_1_726' title='bbox 1548 4949 1657 5003; x_wconf 87' lang='lat' dir='ltr'><strong>sola</strong></span> <span class='ocrx_word' id='word_1_727' title='bbox 1707 4951 1988 5015; x_wconf 75' lang='lat' dir='ltr'><strong>sectando,</strong></span> <span class='ocrx_word' id='word_1_728' title='bbox 2033 4967 2154 5003; x_wconf 77' lang='lat' dir='ltr'><strong>mox</strong></span> 
     </span>
    </p>
   </div>
   <div class='ocr_carea' id='block_1_98' title="bbox 573 5036 2156 5102">
    <p class='ocr_par' dir='ltr' id='par_1_98' title="bbox 573 5036 2156 5102">
     <span class='ocr_line' id='line_1_98' title="bbox 573 5036 2156 5102; baseline 0.002 -11"><span class='ocrx_word' id='word_1_729' title='bbox 573 5036 738 5091; x_wconf 83' lang='lat' dir='ltr'><strong>etiam</strong></span> <span class='ocrx_word' id='word_1_730' title='bbox 771 5037 996 5091; x_wconf 86' lang='lat' dir='ltr'><strong>vitiosas</strong></span> <span class='ocrx_word' id='word_1_731' title='bbox 1044 5042 1208 5090; x_wconf 78' lang='lat' dir='ltr'><strong>animi</strong></span> <span class='ocrx_word' id='word_1_732' title='bbox 1259 5038 1596 5102; x_wconf 75' lang='lat' dir='ltr'><strong>aliectiones,</strong></span> <span class='ocrx_word' id='word_1_733' title='bbox 1630 5053 1694 5091; x_wconf 89' lang='lat' dir='ltr'><strong>ac</strong></span> <span class='ocrx_word' id='word_1_734' title='bbox 1727 5040 1848 5092; x_wconf 76' lang='lat' dir='ltr'><strong>vita:</strong></span> <span class='ocrx_word' id='word_1_735' title='bbox 1893 5041 2156 5094; x_wconf 86' lang='lat' dir='ltr'><strong>tumultus</strong></span> 
     </span>
    </p>
   </div>
   <div class='ocr_carea' id='block_1_99' title="bbox 573 5129 2154 5199">
    <p class='ocr_par' dir='ltr' id='par_1_99' title="bbox 573 5129 2154 5199">
     <span class='ocr_line' id='line_1_99' title="bbox 573 5129 2154 5199; baseline 0.003 -17"><span class='ocrx_word' id='word_1_736' title='bbox 573 5129 757 5195; x_wconf 85' lang='lat' dir='ltr'><strong>vitari,</strong></span> <span class='ocrx_word' id='word_1_737' title='bbox 785 5130 878 5185; x_wconf 88' lang='lat' dir='ltr'><strong>sed</strong></span> <span class='ocrx_word' id='word_1_738' title='bbox 903 5133 971 5184; x_wconf 87' lang='lat' dir='ltr'><strong>ad</strong></span> <span class='ocrx_word' id='word_1_739' title='bbox 1003 5134 1242 5199; x_wconf 86' lang='lat' dir='ltr'><strong>seipsum</strong></span> <span class='ocrx_word' id='word_1_740' title='bbox 1275 5145 1397 5184; x_wconf 85' lang='lat' dir='ltr'><strong>sese</strong></span> <span class='ocrx_word' id='word_1_741' title='bbox 1415 5133 1802 5197; x_wconf 79' lang='lat' dir='ltr'><strong>convertenda,</strong></span> <span class='ocrx_word' id='word_1_742' title='bbox 1853 5141 1907 5185; x_wconf 89' lang='lat' dir='ltr'><strong>et</strong></span> <span class='ocrx_word' id='word_1_743' title='bbox 1957 5134 2022 5186; x_wconf 88' lang='lat' dir='ltr'><strong>ad</strong></span> <span class='ocrx_word' id='word_1_744' title='bbox 2071 5135 2154 5187; x_wconf 83' lang='lat' dir='ltr'><strong>sui</strong></span> 
     </span>
    </p>
   </div>
   <div class='ocr_carea' id='block_1_100' title="bbox 576 5221 2150 5292">
    <p class='ocr_par' dir='ltr' id='par_1_100' title="bbox 576 5221 2150 5292">
     <span class='ocr_line' id='line_1_100' title="bbox 576 5221 2150 5292; baseline 0.002 -18"><span class='ocrx_word' id='word_1_745' title='bbox 576 5223 938 5292; x_wconf 79' lang='lat' dir='ltr'><strong>cognitionem</strong></span> <span class='ocrx_word' id='word_1_746' title='bbox 976 5222 1373 5282; x_wconf 87' lang='lat' dir='ltr'><strong>contendendo,</strong></span> <span class='ocrx_word' id='word_1_747' title='bbox 1429 5221 1649 5276; x_wconf 87' lang='lat' dir='ltr'><strong>aliunde</strong></span> <span class='ocrx_word' id='word_1_748' title='bbox 1679 5223 1990 5275; x_wconf 83' lang='lat' dir='ltr'><strong>accedentis</strong></span> <span class='ocrx_word' id='word_1_749' title='bbox 2027 5225 2150 5277; x_wconf 83' lang='lat' dir='ltr'><strong>mali</strong></span> 
     </span>
    </p>
   </div>
   <div class='ocr_carea' id='block_1_101' title="bbox 2259 4585 3802 4668">
    <p class='ocr_par' dir='ltr' id='par_1_101' title="bbox 2259 4585 3802 4668">
     <span class='ocr_line' id='line_1_101' title="bbox 2259 4585 3802 4668; baseline 0.01 -30"><span class='ocrx_word' id='word_1_750' title='bbox 2259 4585 2517 4638; x_wconf 82' lang='grc' dir='ltr'>ὑπόθεσιν</span> <span class='ocrx_word' id='word_1_751' title='bbox 2544 4586 2852 4643; x_wconf 81' lang='grc' dir='ltr'>ὑποϐάλλει.</span> <span class='ocrx_word' id='word_1_752' title='bbox 2897 4593 3035 4661; x_wconf 80' lang='grc' dir='ltr'>Περὶ</span> <span class='ocrx_word' id='word_1_753' title='bbox 3083 4595 3139 4648; x_wconf 89' lang='grc' dir='ltr'><strong>δέ</strong></span> <span class='ocrx_word' id='word_1_754' title='bbox 3181 4596 3293 4666; x_wconf 81' lang='grc' dir='ltr'>τῆς</span> <span class='ocrx_word' id='word_1_755' title='bbox 3319 4599 3504 4653; x_wconf 86' lang='grc' dir='ltr'>αὐτοῦ</span> <span class='ocrx_word' id='word_1_756' title='bbox 3528 4593 3802 4668; x_wconf 65' lang='grc' dir='ltr'>φιληκοΐας</span> 
     </span>
    </p>
   </div>
   <div class='ocr_carea' id='block_1_102' title="bbox 2261 4675 3801 4762">
    <p class='ocr_par' dir='ltr' id='par_1_102' title="bbox 2261 4675 3801 4762">
     <span class='ocr_line' id='line_1_102' title="bbox 2261 4675 3801 4762; baseline 0.004 -34"><span class='ocrx_word' id='word_1_757' title='bbox 2261 4679 2289 4729; x_wconf 94' lang='lat'><strong>6</strong></span> <span class='ocrx_word' id='word_1_758' title='bbox 2317 4675 2413 4730; x_wconf 82' lang='grc' dir='ltr'><strong>ΞΘ¹</strong></span> <span class='ocrx_word' id='word_1_759' title='bbox 2468 4678 2564 4730; x_wconf 79' lang='grc' dir='ltr'><strong>καὶ</strong></span> <span class='ocrx_word' id='word_1_760' title='bbox 2612 4681 2980 4751; x_wconf 74' lang='grc' dir='ltr'>ἐπιγράφεται</span> <span class='ocrx_word' id='word_1_761' title='bbox 3028 4687 3124 4740; x_wconf 79' lang='grc' dir='ltr'>καὶ</span> <span class='ocrx_word' id='word_1_762' title='bbox 3156 4689 3532 4762; x_wconf 77' lang='grc' dir='ltr'>διαλαμϐάνει.</span> <span class='ocrx_word' id='word_1_763' title='bbox 3582 4689 3633 4742; x_wconf 90' lang='lat'><strong>&#39;0</strong></span> <span class='ocrx_word' id='word_1_764' title='bbox 3675 4686 3723 4737; x_wconf 86' lang='grc' dir='ltr'><strong>δέ</strong></span> <span class='ocrx_word' id='word_1_765' title='bbox 3759 4687 3801 4734; x_wconf 82' lang='lat'><strong>0’</strong></span> 
     </span>
    </p>
   </div>
   <div class='ocr_carea' id='block_1_103' title="bbox 2263 4769 3801 4854">
    <p class='ocr_par' dir='ltr' id='par_1_103' title="bbox 2263 4769 3801 4854">
     <span class='ocr_line' id='line_1_103' title="bbox 2263 4769 3801 4854; baseline -0.009 -14"><span class='ocrx_word' id='word_1_766' title='bbox 2263 4769 2578 4840; x_wconf 62' lang='grc' dir='ltr'>ἐπιγραφῆς</span> <span class='ocrx_word' id='word_1_767' title='bbox 2604 4771 2701 4841; x_wconf 68' lang='grc' dir='ltr'><strong>μὲν</strong></span> <span class='ocrx_word' id='word_1_768' title='bbox 2725 4775 2864 4842; x_wconf 75' lang='grc' dir='ltr'>Περὶ</span> <span class='ocrx_word' id='word_1_769' title='bbox 2902 4777 3342 4851; x_wconf 81' lang='grc' dir='ltr'>ἀναχωρήσεως</span> <span class='ocrx_word' id='word_1_770' title='bbox 3370 4783 3636 4854; x_wconf 78' lang='grc' dir='ltr'>τυγχάνει,</span> <span class='ocrx_word' id='word_1_771' title='bbox 3667 4793 3801 4830; x_wconf 86' lang='grc' dir='ltr'>κατα-</span> 
     </span>
    </p>
   </div>
   <div class='ocr_carea' id='block_1_104' title="bbox 2267 4859 3799 4946">
    <p class='ocr_par' dir='ltr' id='par_1_104' title="bbox 2267 4859 3799 4946">
     <span class='ocr_line' id='line_1_104' title="bbox 2267 4859 3799 4946; baseline 0.011 -36"><span class='ocrx_word' id='word_1_772' title='bbox 2267 4859 2524 4924; x_wconf 81' lang='grc' dir='ltr'>σκευάζει</span> <span class='ocrx_word' id='word_1_773' title='bbox 2554 4862 2611 4915; x_wconf 83' lang='grc' dir='ltr'><strong>δέ</strong></span> <span class='ocrx_word' id='word_1_774' title='bbox 2643 4864 2718 4928; x_wconf 85' lang='grc' dir='ltr'>ὡς</span> <span class='ocrx_word' id='word_1_775' title='bbox 2750 4867 2871 4937; x_wconf 81' lang='grc' dir='ltr'>οὐχὶ</span> <span class='ocrx_word' id='word_1_776' title='bbox 2899 4870 2960 4921; x_wconf 75' lang='grc' dir='ltr'>τὸ</span> <span class='ocrx_word' id='word_1_777' title='bbox 2989 4871 3088 4935; x_wconf 82' lang='grc' dir='ltr'><strong>τὰς</strong></span> <span class='ocrx_word' id='word_1_778' title='bbox 3120 4876 3361 4946; x_wconf 81' lang='grc' dir='ltr'>ἐρήμους</span> <span class='ocrx_word' id='word_1_779' title='bbox 3390 4876 3596 4928; x_wconf 82' lang='grc' dir='ltr'>διώκειν</span> <span class='ocrx_word' id='word_1_780' title='bbox 3622 4866 3799 4937; x_wconf 80' lang='grc' dir='ltr'>ἀναχώ-</span> 
     </span>
    </p>
   </div>
   <div class='ocr_carea' id='block_1_105' title="bbox 2270 4955 3799 5040">
    <p class='ocr_par' dir='ltr' id='par_1_105' title="bbox 2270 4955 3799 5040">
     <span class='ocr_line' id='line_1_105' title="bbox 2270 4955 3799 5040; baseline -0.007 -17"><span class='ocrx_word' id='word_1_781' title='bbox 2270 4955 2426 5022; x_wconf 82' lang='grc' dir='ltr'>ρησίς</span> <span class='ocrx_word' id='word_1_782' title='bbox 2453 4955 2568 5008; x_wconf 83' lang='grc' dir='ltr'>ὲστι</span> <span class='ocrx_word' id='word_1_783' title='bbox 2596 4958 2788 5010; x_wconf 82' lang='grc' dir='ltr'>παθῶν</span> <span class='ocrx_word' id='word_1_784' title='bbox 2818 4967 2913 5015; x_wconf 73' lang='grc' dir='ltr'><strong>και</strong></span> <span class='ocrx_word' id='word_1_785' title='bbox 2942 4964 3050 5017; x_wconf 83' lang='grc' dir='ltr'>τῶν</span> <span class='ocrx_word' id='word_1_786' title='bbox 3084 4968 3145 5018; x_wconf 82' lang='grc' dir='ltr'>ὲν</span> <span class='ocrx_word' id='word_1_787' title='bbox 3176 4968 3276 5039; x_wconf 79' lang='grc' dir='ltr'><strong>βίῳ</strong></span> <span class='ocrx_word' id='word_1_788' title='bbox 3304 4969 3558 5040; x_wconf 80' lang='grc' dir='ltr'>θορύϐων,</span> <span class='ocrx_word' id='word_1_789' title='bbox 3589 4961 3709 5018; x_wconf 82' lang='grc' dir='ltr'>ἀλλὰ</span> <span class='ocrx_word' id='word_1_790' title='bbox 3753 4957 3799 5008; x_wconf 70' lang='grc' dir='ltr'>τὸ</span> 
     </span>
    </p>
   </div>
   <div class='ocr_carea' id='block_1_106' title="bbox 2265 5048 3796 5129">
    <p class='ocr_par' dir='ltr' id='par_1_106' title="bbox 2265 5048 3796 5129">
     <span class='ocr_line' id='line_1_106' title="bbox 2265 5048 3796 5129; baseline 0.002 -23"><span class='ocrx_word' id='word_1_791' title='bbox 2265 5048 2346 5106; x_wconf 80' lang='grc' dir='ltr'>εἰς</span> <span class='ocrx_word' id='word_1_792' title='bbox 2378 5048 2571 5101; x_wconf 76' lang='grc' dir='ltr'>ἑαυτὸν</span> <span class='ocrx_word' id='word_1_793' title='bbox 2599 5051 2977 5125; x_wconf 82' lang='grc' dir='ltr'>ἐπεστράφθαι</span> <span class='ocrx_word' id='word_1_794' title='bbox 3007 5060 3102 5112; x_wconf 72' lang='grc' dir='ltr'>καὶ</span> <span class='ocrx_word' id='word_1_795' title='bbox 3121 5060 3372 5114; x_wconf 88' lang='grc' dir='ltr'>σπεύδειν</span> <span class='ocrx_word' id='word_1_796' title='bbox 3397 5059 3590 5129; x_wconf 87' lang='grc' dir='ltr'>γνῶναι</span> <span class='ocrx_word' id='word_1_797' title='bbox 3620 5051 3796 5109; x_wconf 68' lang='grc' dir='ltr'>ἑαυτὸν,</span> 
     </span>
    </p>
   </div>
   <div class='ocr_carea' id='block_1_107' title="bbox 2264 5139 3793 5225">
    <p class='ocr_par' dir='ltr' id='par_1_107' title="bbox 2264 5139 3793 5225">
     <span class='ocr_line' id='line_1_107' title="bbox 2264 5139 3793 5225; baseline 0.015 -36"><span class='ocrx_word' id='word_1_798' title='bbox 2264 5139 2364 5208; x_wconf 80' lang='grc' dir='ltr'>τῆς</span> <span class='ocrx_word' id='word_1_799' title='bbox 2391 5139 2502 5193; x_wconf 84' lang='grc' dir='ltr'><strong>άπὸ</strong></span> <span class='ocrx_word' id='word_1_800' title='bbox 2527 5141 2637 5196; x_wconf 82' lang='grc' dir='ltr'>τῶν</span> <span class='ocrx_word' id='word_1_801' title='bbox 2653 5143 2826 5199; x_wconf 86' lang='grc' dir='ltr'>ἄλλων</span> <span class='ocrx_word' id='word_1_802' title='bbox 2855 5150 3053 5215; x_wconf 84' lang='grc' dir='ltr'>κακίας</span> <span class='ocrx_word' id='word_1_803' title='bbox 3074 5152 3122 5185; x_wconf 83' lang='grc'>⁸⁸</span> <span class='ocrx_word' id='word_1_804' title='bbox 3145 5154 3427 5225; x_wconf 88' lang='grc' dir='ltr'>φορολίγον</span> <span class='ocrx_word' id='word_1_805' title='bbox 3455 5153 3632 5223; x_wconf 77' lang='grc' dir='ltr'>ἔχοντα</span> <span class='ocrx_word' id='word_1_806' title='bbox 3649 5145 3793 5211; x_wconf 78' lang='grc' dir='ltr'>λόγον·</span> 
     </span>
    </p>
   </div>
   <div class='ocr_carea' id='block_1_108' title="bbox 2264 5232 3795 5313">
    <p class='ocr_par' dir='ltr' id='par_1_108' title="bbox 2264 5232 3795 5313">
     <span class='ocr_line' id='line_1_108' title="bbox 2264 5232 3795 5313; baseline -0.001 -29"><span class='ocrx_word' id='word_1_807' title='bbox 2264 5233 2402 5299; x_wconf 71' lang='grc' dir='ltr'>Περὶ</span> <span class='ocrx_word' id='word_1_808' title='bbox 2445 5233 2714 5302; x_wconf 80' lang='grc' dir='ltr'>κάλλους</span> <span class='ocrx_word' id='word_1_809' title='bbox 2765 5239 2819 5291; x_wconf 88' lang='grc' dir='ltr'><strong>δέ</strong></span> <span class='ocrx_word' id='word_1_810' title='bbox 2871 5242 2899 5292; x_wconf 86' lang='grc' dir='ltr'>ὁ</span> <span class='ocrx_word' id='word_1_811' title='bbox 2961 5243 3097 5310; x_wconf 78' lang='grc' dir='ltr'>μετὰ</span> <span class='ocrx_word' id='word_1_812' title='bbox 3127 5245 3316 5299; x_wconf 85' lang='grc' dir='ltr'>τοῦτον</span> <span class='ocrx_word' id='word_1_813' title='bbox 3361 5246 3528 5313; x_wconf 81' lang='grc' dir='ltr'>λόγος,</span> <span class='ocrx_word' id='word_1_814' title='bbox 3569 5241 3622 5293; x_wconf 81' lang='grc' dir='ltr'>ὃν</span> <span class='ocrx_word' id='word_1_815' title='bbox 3651 5232 3795 5299; x_wconf 75' lang='grc' dir='ltr'>ἐπιγέ-</span> 
     </span>
    </p>
   </div>
   <div class='ocr_carea' id='block_1_109' title="bbox 1876 5339 2542 5403">
    <p class='ocr_par' dir='ltr' id='par_1_109' title="bbox 1876 5339 2542 5403">
     <span class='ocr_line' id='line_1_109' title="bbox 1876 5339 2542 5403; baseline 0.015 -12"><span class='ocrx_word' id='word_1_816' title='bbox 1876 5339 2107 5396; x_wconf 70' lang='lat' dir='ltr'><strong>VARle</strong></span> <span class='ocrx_word' id='word_1_817' title='bbox 2142 5343 2542 5403; x_wconf 72' lang='lat' dir='ltr'><strong>LECTIONL‘S.</strong></span> 
     </span>
    </p>
   </div>
   <div class='ocr_carea' id='block_1_110' title="bbox 651 5457 1706 5528">
    <p class='ocr_par' dir='ltr' id='par_1_110' title="bbox 651 5457 1706 5528">
     <span class='ocr_line' id='line_1_110' title="bbox 651 5457 1706 5528; baseline 0.002 -17"><span class='ocrx_word' id='word_1_818' title='bbox 651 5457 697 5488; x_wconf 75' lang='grc'><strong>⁵⁸</strong></span> <span class='ocrx_word' id='word_1_819' title='bbox 727 5457 948 5522; x_wconf 78' lang='grc' dir='ltr'>διέξεισι</span> <span class='ocrx_word' id='word_1_820' title='bbox 1011 5458 1380 5528; x_wconf 76' lang='lat' dir='ltr'><strong>apographum</strong></span> <span class='ocrx_word' id='word_1_821' title='bbox 1445 5457 1706 5526; x_wconf 75' lang='lat' dir='ltr'><strong>Stephani</strong></span> 
     </span>
    </p>
   </div>
   <div class='ocr_carea' id='block_1_111' title="bbox 1765 5461 3275 5540">
    <p class='ocr_par' dir='ltr' id='par_1_111' title="bbox 1765 5461 3275 5540">
     <span class='ocr_line' id='line_1_111' title="bbox 1765 5461 3275 5540; baseline 0.016 -27"><span class='ocrx_word' id='word_1_822' title='bbox 1765 5477 1778 5513; x_wconf 89' lang='lat'><strong>:</strong></span> <span class='ocrx_word' id='word_1_823' title='bbox 1817 5461 2148 5540; x_wconf 37' lang='lat' dir='ltr'><strong>-Sedﬁ§€€l6-W</strong></span> <span class='ocrx_word' id='word_1_824' title='bbox 2213 5475 2295 5540; x_wconf 83' lang='lat' dir='ltr'><strong>est</strong></span> <span class='ocrx_word' id='word_1_825' title='bbox 2351 5469 2514 5524; x_wconf 88' lang='lat' dir='ltr'><strong>etiam</strong></span> <span class='ocrx_word' id='word_1_826' title='bbox 2572 5489 2622 5540; x_wconf 92' lang='lat' dir='ltr'><strong>p.</strong></span> <span class='ocrx_word' id='word_1_827' title='bbox 2695 5475 2797 5529; x_wconf 83' lang='lat' dir='ltr'>I66</span> <span class='ocrx_word' id='word_1_828' title='bbox 2837 5494 2868 5528; x_wconf 90' lang='lat' dir='ltr'><strong>a</strong></span> <span class='ocrx_word' id='word_1_829' title='bbox 2923 5491 2976 5532; x_wconf 79' lang='lat' dir='ltr'><strong>et</strong></span> <span class='ocrx_word' id='word_1_830' title='bbox 3011 5481 3094 5534; x_wconf 86' lang='lat' dir='ltr'><strong>I9.</strong></span> <span class='ocrx_word' id='word_1_831' title='bbox 3127 5485 3152 5534; x_wconf 74' lang='grc' dir='ltr'>ί)</span> <span class='ocrx_word' id='word_1_832' title='bbox 3185 5484 3275 5538; x_wconf 64' lang='lat'><strong>‘24-.</strong></span> 
     </span>
    </p>
   </div>
   <div class='ocr_carea' id='block_1_112' title="bbox 3362 5467 3791 5536">
    <p class='ocr_par' dir='ltr' id='par_1_112' title="bbox 3362 5467 3791 5536">
     <span class='ocr_line' id='line_1_112' title="bbox 3362 5467 3791 5536; baseline -0.028 -4"><span class='ocrx_word' id='word_1_833' title='bbox 3362 5484 3405 5516; x_wconf 75' lang='lat'>“</span> <span class='ocrx_word' id='word_1_834' title='bbox 3433 5487 3460 5536; x_wconf 82' lang='lat'><strong>6</strong></span> <span class='ocrx_word' id='word_1_835' title='bbox 3485 5480 3538 5533; x_wconf 80' lang='grc' dir='ltr'><strong>δέ</strong></span> <span class='ocrx_word' id='word_1_836' title='bbox 3572 5482 3606 5532; x_wconf 74' lang='grc' dir='ltr'><strong>Α</strong></span> <span class='ocrx_word' id='word_1_837' title='bbox 3632 5496 3642 5526; x_wconf 87' lang='lat'><strong>:</strong></span> <span class='ocrx_word' id='word_1_838' title='bbox 3672 5467 3791 5524; x_wconf 54' lang='grc' dir='ltr'>καλό</span> 
     </span>
    </p>
   </div>
   <div class='ocr_carea' id='block_1_113' title="bbox 575 5528 3784 5623">
    <p class='ocr_par' dir='ltr' id='par_1_113' title="bbox 575 5528 3784 5623">
     <span class='ocr_line' id='line_1_113' title="bbox 575 5528 3784 5623; baseline 0.003 -66"><span class='ocrx_word' id='word_1_839' title='bbox 575 5528 674 5596; x_wconf 63' lang='grc' dir='ltr'><strong>μέν</strong></span> <span class='ocrx_word' id='word_1_840' title='bbox 699 5545 758 5591; x_wconf 46' lang='grc' dir='ltr'><strong>ς.</strong></span> <span class='ocrx_word' id='word_1_841' title='bbox 833 5530 876 5560; x_wconf 71' lang='grc' dir='ltr'><strong>ει</strong></span> <span class='ocrx_word' id='word_1_842' title='bbox 892 5529 1472 5599; x_wconf 83' lang='grc' dir='ltr'>κατεσχηματισμένος</span> <span class='ocrx_word' id='word_1_843' title='bbox 1533 5529 1631 5612; x_wconf 59' lang='grc' dir='ltr'>ἤδη</span> <span class='ocrx_word' id='word_1_844' title='bbox 1658 5531 1752 5583; x_wconf 78' lang='grc' dir='ltr'><strong>καὶ</strong></span> <span class='ocrx_word' id='word_1_845' title='bbox 1782 5531 1873 5583; x_wconf 83' lang='grc' dir='ltr'><strong>τὸν</strong></span> <span class='ocrx_word' id='word_1_846' title='bbox 1924 5531 2038 5601; x_wconf 89' lang='grc' dir='ltr'>βίον</span> <span class='ocrx_word' id='word_1_847' title='bbox 2072 5535 2110 5584; x_wconf 90' lang='lat' dir='ltr'><strong>A</strong></span> <span class='ocrx_word' id='word_1_848' title='bbox 2146 5538 2249 5587; x_wconf 70' lang='grc' dir='ltr'>τού</span> <span class='ocrx_word' id='word_1_849' title='bbox 2284 5528 2849 5616; x_wconf 12' lang='grc' dir='ltr'>κατεσχηματισμνένῳ</span> <span class='ocrx_word' id='word_1_850' title='bbox 2904 5528 3147 5616; x_wconf 59' lang='grc' dir='ltr'><strong>εἴδεῖςῇ⁷</strong></span> <span class='ocrx_word' id='word_1_851' title='bbox 3188 5528 3456 5623; x_wconf 34' lang='lat' dir='ltr'><strong>lyram:</strong></span> <span class='ocrx_word' id='word_1_852' title='bbox 3627 5545 3704 5593; x_wconf 58' lang='grc' dir='ltr'><strong>διὸ</strong></span> <span class='ocrx_word' id='word_1_853' title='bbox 3725 5543 3784 5602; x_wconf 45' lang='grc' dir='ltr'><strong>ξς</strong></span> 
     </span>
     <span class='ocr_line' id='line_1_114' title="bbox 576 5596 3446 5623; baseline 0 0"><span class='ocrx_word' id='word_1_854' title='bbox 576 5615 616 5623; x_wconf 76' lang='lat'><em>_</em></span> <span class='ocrx_word' id='word_1_855' title='bbox 668 5598 726 5623; x_wconf 66' lang='lat'><strong>_\</strong></span> <span class='ocrx_word' id='word_1_856' title='bbox 820 5599 891 5623; x_wconf 38' lang='grc' dir='ltr'>Ρ.-.</span> <span class='ocrx_word' id='word_1_857' title='bbox 945 5617 976 5623; x_wconf 83' lang='lat'>_</span> <span class='ocrx_word' id='word_1_858' title='bbox 1078 5602 1121 5623; x_wconf 73' lang='lat' dir='ltr'><strong>tu</strong></span> <span class='ocrx_word' id='word_1_859' title='bbox 1167 5601 1366 5623; x_wconf 79' lang='lat'><strong>--_--:..-</strong></span> <span class='ocrx_word' id='word_1_860' title='bbox 1421 5600 1730 5623; x_wconf 69' lang='grc' dir='ltr'><strong>-----.ι---..ι</strong></span> <span class='ocrx_word' id='word_1_861' title='bbox 1776 5619 1815 5623; x_wconf 92' lang='lat'>__</span> <span class='ocrx_word' id='word_1_862' title='bbox 1848 5603 2065 5623; x_wconf 33' lang='lat'><strong>,,__4__-&#39;_,</strong></span> <span class='ocrx_word' id='word_1_863' title='bbox 2098 5604 2208 5623; x_wconf 64' lang='lat' dir='ltr'><strong>)‘I,,</strong></span> <span class='ocrx_word' id='word_1_864' title='bbox 2495 5615 2506 5623; x_wconf 83' lang='lat'><strong>.</strong></span> <span class='ocrx_word' id='word_1_865' title='bbox 3430 5596 3446 5616; x_wconf 73' lang='grc' dir='ltr'><strong>ν</strong></span> 
     </span>
    </p>
   </div>
   <div class='ocr_carea' id='block_1_114' title="bbox 575 5598 2522 5673">
    <p class='ocr_par' dir='ltr' id='par_1_114' title="bbox 575 5598 2522 5673">
     <span class='ocr_line' id='line_1_115' title="bbox 575 5598 2522 5673; baseline 0.007 -23"><span class='ocrx_word' id='word_1_866' title='bbox 575 5615 634 5652; x_wconf 90' lang='grc' dir='ltr'><strong>π.</strong></span> <span class='ocrx_word' id='word_1_867' title='bbox 666 5598 755 5653; x_wconf 88' lang='grc' dir='ltr'><strong>πλ.</strong></span> <span class='ocrx_word' id='word_1_868' title='bbox 817 5599 891 5651; x_wconf 80' lang='grc' dir='ltr'><strong>ὢν</strong></span> <span class='ocrx_word' id='word_1_869' title='bbox 938 5617 998 5664; x_wconf 82' lang='grc' dir='ltr'><strong>ς.</strong></span> <span class='ocrx_word' id='word_1_870' title='bbox 1078 5602 1121 5634; x_wconf 76' lang='grc'><strong>⁵³</strong></span> <span class='ocrx_word' id='word_1_871' title='bbox 1147 5598 1366 5658; x_wconf 78' lang='grc' dir='ltr'>κακίας</span> <span class='ocrx_word' id='word_1_872' title='bbox 1420 5598 1732 5671; x_wconf 71' lang='grc' dir='ltr'>φορολίγονι</span> <span class='ocrx_word' id='word_1_873' title='bbox 1771 5598 2067 5672; x_wconf 80' lang='grc' dir='ltr'>συμφορῶν</span> <span class='ocrx_word' id='word_1_874' title='bbox 2092 5604 2272 5673; x_wconf 85' lang='grc' dir='ltr'>ὀλίγον</span> <span class='ocrx_word' id='word_1_875' title='bbox 2297 5598 2522 5664; x_wconf 58' lang='lat' dir='ltr'><strong>curer</strong></span> 
     </span>
    </p>
   </div>
   <div class='ocr_carea' id='block_1_115' title="bbox 2555 5623 3086 5682">
    <p class='ocr_par' dir='ltr' id='par_1_115' title="bbox 2555 5623 3086 5682">
     <span class='ocr_line' id='line_1_116' title="bbox 2555 5623 3086 5682; baseline 0.013 -16"><span class='ocrx_word' id='word_1_876' title='bbox 2555 5633 2565 5666; x_wconf 76' lang='grc' dir='ltr'>ξ</span> <span class='ocrx_word' id='word_1_877' title='bbox 2601 5629 2683 5682; x_wconf 86' lang='lat' dir='ltr'><strong>pr.</strong></span> <span class='ocrx_word' id='word_1_878' title='bbox 2726 5632 2835 5672; x_wconf 89' lang='lat' dir='ltr'><strong>om.</strong></span> <span class='ocrx_word' id='word_1_879' title='bbox 2871 5623 3086 5677; x_wconf 71' lang='grc' dir='ltr'>κακίας.</span> 
     </span>
    </p>
   </div>
   <div class='ocr_carea' id='block_1_116' title="bbox 2101 5699 2333 5758">
    <p class='ocr_par' dir='ltr' id='par_1_116' title="bbox 2101 5699 2333 5758">
     <span class='ocr_line' id='line_1_117' title="bbox 2101 5699 2333 5758; baseline 0.017 -4"><span class='ocrx_word' id='word_1_880' title='bbox 2101 5699 2333 5758; x_wconf 63' lang='lat' dir='ltr'><strong>NOTAE.</strong></span> 
     </span>
    </p>
   </div>
   <div class='ocr_carea' id='block_1_117' title="bbox 645 5702 2460 5868">
    <p class='ocr_par' dir='ltr' id='par_1_117' title="bbox 645 5702 2460 5868">
     <span class='ocr_line' id='line_1_118' title="bbox 2101 5702 2333 5758; baseline 0.017 -4"><span class='ocrx_word' id='word_1_881' title='bbox 2101 5702 2239 5756; x_wconf 82' lang='lat' dir='ltr'><strong>NOT</strong></span> <span class='ocrx_word' id='word_1_882' title='bbox 2319 5744 2333 5758; x_wconf 95' lang='lat'><strong>.</strong></span> 
     </span>
     <span class='ocr_line' id='line_1_119' title="bbox 645 5702 2460 5868; baseline 0.011 -30"><span class='ocrx_word' id='word_1_883' title='bbox 645 5784 728 5849; x_wconf 77' lang='lat'><strong>(6)</strong></span> <span class='ocrx_word' id='word_1_884' title='bbox 745 5786 940 5844; x_wconf 82' lang='lat' dir='ltr'><strong>Cicero</strong></span> <span class='ocrx_word' id='word_1_885' title='bbox 983 5791 1038 5844; x_wconf 82' lang='lat' dir='ltr'><strong>in</strong></span> <span class='ocrx_word' id='word_1_886' title='bbox 1071 5790 1393 5858; x_wconf 68' lang='lat' dir='ltr'><strong>l’aradoxis,</strong></span> <span class='ocrx_word' id='word_1_887' title='bbox 1432 5803 1485 5848; x_wconf 85' lang='lat' dir='ltr'><strong>et</strong></span> <span class='ocrx_word' id='word_1_888' title='bbox 1534 5791 1688 5849; x_wconf 83' lang='lat' dir='ltr'><strong>Philo</strong></span> <span class='ocrx_word' id='word_1_889' title='bbox 1723 5793 1938 5852; x_wconf 66' lang='lat' dir='ltr'><strong>Judaeus</strong></span> <span class='ocrx_word' id='word_1_890' title='bbox 1989 5809 2151 5868; x_wconf 73' lang='lat' dir='ltr'><strong>atque</strong></span> <span class='ocrx_word' id='word_1_891' title='bbox 2185 5702 2460 5858; x_wconf 55' lang='lat' dir='ltr'><strong>Htfatius.</strong></span> 
     </span>
    </p>
   </div>
  </div>
