4022 6436
588 433 686 497 691

1704 434 1968 495 PHOTII
2009 432 2179 493 PATI

2282 432 2516 492 .RCH/E
2550 434 2639 492 cr
3693 448 3778 510 δίη

586 551 784 621 cuique
808 549 1093 605 assertioni
1125 547 1379 603 refutatio
1408 547 1589 601 statim
1617 560 2004 616 opponeretur.
2044 546 2161 614 Ipsa

2282 547 2475 615 τμένων
2504 545 2851 609 ἐσπούδαζεν,
2906 545 3107 614 ἑκάστῃ
3139 548 3439 615 κατασκευῇ
3476 547 3783 624 ἀντιπαρατι-

586 662 751 714 porro
801 645 1037 700 elocutio
1088 656 1263 710 neque
1313 640 1601 695 admodum
1632 650 1953 703 exornatur,
1990 654 2164 706 neque

588 750 771 791 tamen
822 736 940 788 sine
976 742 1261 787 venustate
1311 730 1644 801 negligitur:
1679 732 1982 799 praesertim
2043 744 2164 784 cum

588 843 692 884 non
723 828 789 881 ad
811 827 1231 881 ostentationem
1260 823 1518 894 aliquam,
1543 823 1638 879 sed
1661 823 1726 877 ad
1744 822 2163 890 disputationem

586 923 763 990 potius
780 936 912 988 opus
940 920 1042 974 hoc
1066 928 1440 987 comparatum
1460 917 1572 972 sita
1599 931 1697 970 suo
1719 927 1957 979 auctore,
1977 915 2061 970 cui
2084 925 2166 968 te-

588 1030 693 1068 nue
723 1012 933 1067 dicendi
959 1027 1129 1081 genus
1156 1019 1211 1064 et
1239 1020 1588 1078 cognatarum
1615 1024 1791 1061 rerum
1815 1008 1987 1063 series
2021 1023 2167 1061 cura:

589 1106 709 1158 fuit.
737 1104 899 1157 Utilis
929 1113 1105 1155 autem
1126 1099 1344 1154 liberiis
1366 1108 1469 1163 est,
1494 1098 1581 1165 qui
1608 1098 1659 1151 in
1685 1096 1984 1151 dialecticis
2003 1111 2165 1151 exer-

585 1207 798 1260 centur,
817 1204 982 1264 atque
1011 1194 1113 1247 ista
1137 1192 1249 1245 fere
1267 1207 1365 1247 suo
1394 1200 1717 1260 argumento
1748 1189 2164 1256 comprehensa.

592 1290 642 1344 1.
697 1291 778 1343 Ab
839 1301 1069 1356 utroque
1116 1295 1343 1357 parente
1380 1284 1517 1337 mitti
1568 1299 1776 1348 semen,
1833 1282 2167 1335 animantia-

589 1397 695 1451 que
721 1380 896 1451 gigni;
929 1390 1187 1434 etcontra
1212 1394 1317 1431 non
1336 1378 1401 1429 ab
1428 1386 1680 1444 utroque.
1719 1375 1774 1429 2.
1812 1374 1887 1428 Ex
1916 1376 2167 1427 universo

590 1487 821 1541 corpore
877 1487 1060 1525 semen
1119 1470 1333 1523 exccrni
1370 1486 1382 1522 ι
1419 1477 1607 1521 contra
1641 1483 1768 1521 vero
1805 1483 1833 1521 a
1880 1466 2166 1521 testiculis.

590 1567 646 1621 5.
683 1566 1101 1620 Concoetionem
1152 1563 1334 1616 calore
1410 1563 1522 1615 ﬁeri
1559 1582 1570 1616 :
1605 1571 1796 1615 contra
1876 1574 2005 1613 vero
2062 1572 2166 1611 non

594 1660 741 1712 item.
821 1658 876 1711 4.
917 1656 1116 1709 Attritu
1168 1654 1583 1709 concoctionem
1646 1653 1762 1707 ﬁeri
1808 1675 1820 1707 :
1866 1660 1922 1706 et
1974 1651 2167 1704 attritu

593 1751 815 1804 minime
849 1748 989 1801 ﬁeri.
1044 1748 1097 1802 5.
1130 1746 1531 1801 Putrefactione
1566 1745 1679 1799 ﬁeri
1713 1744 2120 1797 concoctionem
2148 1758 2167 1795 :

591 1851 781 1896 contra
813 1857 942 1895 vero
972 1840 1215 1895 minime.
1252 1838 1305 1892 6.
1384 1838 1577 1908 169a
1640 1835 1980 1906 Proprietate
2009 1836 2169 1903 spiri-

593 1946 681 1988 tus
708 1933 1115 1987 concoctionem
1160 1930 1274 1983 fieri
1309 1950 1323 1983 :
1359 1941 1543 1982 contra
1583 1944 1686 1983 non
1714 1929 1863 1981 item.
1941 1927 1991 1979 7.
2035 1927 2170 1979 Suc-
2203 1901 2245 1955 Β

592 2040 779 2079 corum
806 2025 1139 2094 proprietate
1161 2023 1442 2077 concoctio
1474 2022 1568 2086 tit;
1599 2021 1682 2073 vel
1701 2021 1947 2074 minime.
1966 2017 2171 2073 8.Pro-

595 2116 828 2183 prietate
860 2115 1059 2170 caloris
1095 2116 1152 2168 ﬁt
1178 2114 1459 2168 concoctio
1494 2130 1507 2166 :
1544 2124 1599 2166 et
1632 2127 1738 2165 non
1770 2113 1918 2165 item.
1982 2111 2036 2165 9.
2063 2108 2172 2164 Ca-

596 2209 709 2261 lore
737 2208 1095 2277 digestiouem
1139 2207 1252 2259 lieri
1292 2224 1308 2262 :
1346 2215 1401 2258 et
1436 2221 1540 2259 non
1582 2204 1734 2257 item.
1792 2203 1881 2257 10.
1917 2202 2172 2256 Ciborum

596 2298 1032 2353 distributionem
1059 2312 1153 2365 per
1184 2296 1383 2351 caloris
1412 2298 1476 2349 ad
1519 2311 1576 2349 se
1607 2295 1991 2348 attractionem
2027 2294 2173 2360 ﬁeri;

598 2390 677 2445 vel
704 2389 946 2444 minime.
986 2389 1071 2444 11.
1111 2389 1316 2457 Spiritu
1361 2388 1421 2442 ﬁt
1449 2388 1833 2454 digestio:aut
1874 2402 1977 2438 non
2021 2386 2173 2439 item.

600 2484 688 2538 12.
716 2483 1057 2536 Arteriarum
1108 2482 1470 2549 applicatione
1526 2479 1757 2547 digestio
1813 2478 1871 2531 iit
1907 2497 1920 2533 :
1953 2478 2178 2531 minime

598 2593 728 2630 vero
762 2578 860 2631 sic.
901 2577 989 2630 15.
1021 2576 1259 2645 Digestio
1295 2575 1355 2627 tit
1388 2590 1483 2643 per
1509 2574 1811 2628 absentiam
1845 2588 1966 2626 cum
1996 2571 2178 2624 vacui-

599 2678 709 2721 tate
737 2682 751 2719 :
788 2678 842 2721 et
869 2673 1011 2737 quod
1038 2684 1133 2735 per
1154 2668 1417 2720 incertam
1438 2667 1552 2718 sive
1573 2679 1955 2733 quamcunque
1982 2665 2179 2716 absen-

600 2756 727 2809 tiam
790 2756 905 2809 (leri
940 2755 1111 2809 soleat
1145 2755 1400 2824 digestio.
1442 2753 1525 2807 H.
1563 2751 1638 2806 Ex
1686 2767 1751 2805 eo
1790 2752 2049 2821 glaucedo
2084 2766 2179 2803 na-

597 2849 787 2914 scitur,
819 2849 962 2917 quod
978 2848 1239 2903 alimento
1261 2862 1359 2902 suo
1375 2847 1599 2901 visualis
1623 2862 1785 2917 porus
1809 2846 2139 2899 destituatur
2162 2863 2176 2899 :

598 2948 657 2997 et
684 2958 791 2997 non
829 2942 981 2996 item.
1017 2941 1104 2997 15.
1139 2940 1435 3011 Sanguinis
1456 2939 1646 3007 illapsu
1674 2940 1724 2991 in
1744 2937 1965 2993 visionis
1989 2951 2178 3003 porum

598 3035 862 3106 glaucedo
893 3034 951 3087 tit
982 3033 1267 3088 oculorum
1314 3050 1327 3086 :
1362 3041 1415 3085 et
1456 3046 1561 3086 non
1597 3030 1747 3083 item.
1804 3029 1892 3083 16.
1923 3028 2182 3083 Humido-

598 3145 718 3183 t'um
775 3127 1047 3190 crassitie,
1096 3136 1257 3194 atque
1303 3124 1649 3179 exhalatione
1695 3124 1753 3177 iit
1790 3122 2047 3192 glaucch
2079 3139 2092 3175 :
2126 3131 2183 3176 et

2270 640 2502 709 θεμένης
2529 640 2773 710 παρευθὺ
2799 642 2892 693 καὶ
2921 638 3061 691 κατά
3086 638 3365 706 συνέχειαν
3386 640 3478 707 τῆς
3499 642 3783 717 ἀνασκευῆς.

2283 733 2347 785 Ἥ
2372 734 2470 802 μὲν
2501 734 2763 804 ἑρμηνεία
2796 732 2890 785 τοῦ
2942 732 3103 799 λόγου
3138 732 3262 784 οὔτε
3293 733 3600 803 ὲξωράῖσται
3623 740 3661 771 ⁸⁸
3685 743 3788 799 οὒτε

2268 826 2523 896 ἐρῤιπται
2573 825 2667 877 τοῦ
2715 824 2966 886 κάλλους,
3022 823 3196 884 άλλως
3227 840 3285 875 τε
3345 826 3435 878 καὶ
3466 826 3541 880 ὅτι
3574 830 3790 887 οὐδ’ὲπι-

2268 922 2572 983 δεικτικῶς,
2605 920 2719 973 ἀλλ’
2764 922 2821 983 ἐς
2864 918 2926 972 τὸ
2966 919 3264 988 γυμνάσιον
3306 919 3381 988 τῷ
3433 930 3708 993 συγγραφεῖ
3743 930 3792 981 τὸ

2269 1014 2591 1082 σπούδασμα
2640 1013 2805 1065 τείνει
2852 1010 2920 1075 ⁵⁸,
2948 1012 3039 1063 καὶ
3074 1011 3382 1079 ἰσχνότητος
3430 1013 3567 1083 αὐτῷ
3601 1019 3682 1069 καὶ
3702 1020 3791 1073 τῶν

2270 1104 2563 1173 συστοίχων
2604 1102 2776 1170 μέλειο
2820 1100 3091 1173 χρήσιμον
3149 1100 3208 1153 δὲ
3262 1100 3324 1151 τὸ
3352 1099 3544 1170 βιϐλίον
3578 1108 3677 1170 τοῖς
3716 1112 3795 1180 τὴν

2267 1195 2611 1265 διαλεκτικὴν
2634 1194 2825 1265 τριϐὴν
2848 1193 3225 1263 ἀσκουμένοις.
3264 1192 3328 1245 Ἦ
3345 1192 3399 1245 δὲ
3423 1194 3659 1260 ὑπόθεσις
3675 1199 3797 1266 λέγει

2267 1286 2462 1347 ταῦτα,
2487 1286 2569 1338 ὅτι
2599 1286 2657 1351 ἐξ
2690 1284 3016 1356 ἀμφοτέρων
3042 1285 3076 1354 ἡ
3109 1281 3383 1353 καταϐολὴ
3418 1284 3510 1336 τοῦ
3533 1286 3799 1357 σπέρματος

2270 1381 2363 1433 καὶ
2392 1379 2653 1447 ζωογονία
2682 1378 2911 1445 γίνεται,
2951 1377 3045 1429 καὶ
3073 1376 3382 1429 τούναντίον
3418 1377 3515 1429 οὐκ
3564 1378 3621 1442 ἐξ
3650 1380 3798 1449 ἀμφι).

2268 1469 2463 1539 τέρων.
2519 1468 2781 1537 Δεύτερον
2824 1468 2908 1520 ὅτι
2961 1466 3053 1535 ἀφ’
3080 1466 3203 1519 ὅλου
3236 1465 3332 1519 τοῦ
3384 1466 3626 1537 σώματος
3661 1472 3689 1541 ἡ
3726 1472 3801 1526 τοῦ

2270 1560 2587 1629 σπέρματος
2616 1559 2882 1625 ἔκκρισις,
2913 1557 3009 1610 καὶ
3038 1557 3348 1610 τούναντίον
3366 1558 3446 1611 ὅτι
3473 1558 3576 1611 ἀπὸ
3595 1559 3748 1628 μόνων
3767 1564 3802 1598 ⁸⁷

2267 1651 2377 1703 τῶν
2406 1650 2661 1720 διδύμων.
2690 1647 2738 1717 γ’
2762 1650 2841 1702 ὅτι
2875 1651 2907 1720 ή
2942 1648 3107 1718 πέψις
3153 1648 3427 1719 θερμασίᾳ
3483 1651 3696 1719 γίνεται,
3732 1656 3805 1709 καὶ

2268 1744 2350 1797 ὅτι
2375 1746 2473 1813 οὑχ
2503 1743 2694 1806 οὕτως.
2735 1743 2776 1795 δ’
2810 1743 2891 1796 ὃτι
2918 1742 3100 1813 τρίψει
3134 1743 3166 1811 ἡ
3206 1741 3370 1811 πέψις
3400 1740 3620 1810 γίνεται,
3648 1745 3805 1800 atatim

2272 1838 2331 1888 οὐ
2357 1836 2555 1906 τρίψει.
2592 1842 2632 1889 ε’
2664 1836 2745 1888 ὃτι
2778 1835 2937 1906 σήψει
2969 1836 3001 1907 ἡ
3030 1834 3212 1903 πέψις,
3267 1835 3362 1887 καὶ
3389 1834 3554 1889 ὅτιού
3578 1836 3737 1906 σήψει.
3766 1854 3804 1902 ς*

2274 1931 2358 1983 ὅτι
2407 1930 2501 1982 τοῦ
2551 1928 2863 1999 πνεύματος
2926 1927 3147 1996 ἰδιότητι
3200 1930 3232 1999 ἠ
3291 1927 3474 1997 πέψις,
3507 1929 3597 1981 καὶ
3622 1930 3695 1982 ὅτι
3734 1931 3805 2001 οὐχ

2273 2020 2466 2082 οὕτως.
2503 2018 2548 2081 ζ’
2592 2020 2673 2072 ὅτι
2727 2018 2918 2088 χυμῶν
2954 2016 3176 2087 ἰδιότητι
3218 2018 3253 2087 ἠ
3284 2016 3465 2086 πέψις,
3506 2018 3595 2070 καὶ
3641 2018 3807 2089 ὅτιούχ

2274 2111 2464 2175 οὕτως.
2493 2108 2545 2181 η’
2575 2110 2658 2163 ὅτι
2682 2108 2983 2179 θερμασίας
3017 2108 3235 2180 ἰδιότητι
3266 2109 3301 2179 ἠ
3320 2107 3503 2177 πέψις,
3530 2110 3617 2160 καί
3645 2109 3717 2161 ότι
3736 2110 3807 2179 οὐχ

2275 2204 2468 2267 οὕτως.
2507 2203 2551 2256 θ’
2601 2204 2683 2256 ὅτι
2714 2202 2990 2273 θερμασίᾳ
3024 2203 3057 2272 ἠ
3090 2201 3367 2265 ἀνάδοσις,
3396 2201 3489 2252 καὶ
3530 2200 3609 2252 ὃτι
3631 2202 3717 2271 οὐ(
3742 2200 3809 2253 οὒ-

2276 2316 2403 2360 τως.
2441 2304 2470 2350 ι’
2515 2298 2655 2367 ὅτιή
2692 2295 2944 2358 ἀνάδοσις
2976 2293 3054 2365 τῷ
3091 2294 3191 2363 τὴν
3236 2292 3538 2363 θερμασίαν
3598 2294 3676 2360 ἐφ’
3717 2294 3811 2345 έαυ-

2276 2392 2376 2459 τὴν
2408 2390 2610 2453 ἕλκειν,
2647 2391 2740 2442 καὶ
2768 2390 2849 2441 ὅτι
2873 2388 2971 2458 οὐχ
3017 2386 3210 2449 οὕτως.
3251 2384 3317 2440 ια’
3370 2386 3450 2439 ὅτι
3481 2385 3557 2456 τῷ
3586 2384 3811 2454 πνεύματι

2278 2488 2310 2553 ἠ
2344 2484 2615 2545 ἀνάδοσις,
2647 2485 2743 2535 καὶ
2765 2483 2847 2535 ὃτι
2874 2482 2971 2551 οὐχ
2997 2480 3190 2543 οὕτως.
3243 2479 3312 2549 ιβ’
3350 2479 3432 2531 ὃτι
3461 2480 3525 2549 τῇ
3553 2477 3652 2529 τῶν
3681 2480 3814 2548 ἀρτη-

2282 2576 2413 2645 ριῶν
2452 2574 2746 2640 παραθέσει
2776 2576 2807 2644 ή
2856 2574 3139 2635 ἀνάδοσις,
3170 2571 3264 2625 καὶ
3293 2572 3377 2624 ὅτι
3411 2572 3509 2641 οὐχ
3543 2568 3719 2632 οὕτως.
3765 2577 3814 2635 ιγ’

2282 2669 2362 2720 ὅτι
2395 2672 2459 2737 τῇ
2516 2666 2658 2720 κατὰ
2687 2667 2841 2719 κενὸν
2898 2666 3137 2735 ἀπουσίᾳ
3166 2666 3199 2734 ἡ
3231 2664 3507 2726 ἀνάδοσις,
3542 2664 3631 2716 καὶ
3669 2664 3738 2715 ὄτι
3771 2662 3816 2714 οὗ

2283 2762 2497 2814 κατὰτὸ
2522 2760 2715 2829 ἄδηλον
2730 2760 3012 2828 ἀπουσίαὴ
3038 2757 3308 2818 ἀνάδοσις.
3350 2754 3411 2809 ιδ’
3431 2754 3583 2807 ὅτιδι⁹
3598 2753 3819 2824 ἀτροφίαν

2282 2852 2376 2906 τοῦ
2408 2853 2664 2921 ὁρατικοῦ
2703 2850 2871 2919 πόρου
2905 2850 2937 2919 ἡ
2972 2846 3399 2915 άπογλαὺκωσις
3432 2846 3724 2916 συμϐαίνει,
3749 2847 3821 2897 καὶ

2284 2948 2365 2999 ὅτι
2416 2949 2511 3015 οὐχ
2544 2944 2736 3006 οὕτως.
2761 2950 2821 2995 ιε’
2848 2945 2929 2995 ὅτι
2960 2943 3089 3012 παρ’
3119 2942 3412 3011 ἔμπτωσιν
3449 2940 3493 2973 ⁸⁸
3531 2942 3738 3009 αἵματος
3762 2940 3821 3001 είς

2284 3038 2374 3089 τὸν
2426 3035 2679 3107 ὁρατικὸν
2719 3035 2888 3106 πόρον
2937 3037 2969 3104 ὴ
3028 3033 3477 3100 ἀπογλαύκωσις,
3518 3033 3607 3085 καὶ
3658 3031 3821 3097 ὃτιούχ

2287 3128 2482 3192 οὕτως.
2545 3133 2619 3192 ις’
2650 3128 2732 3180 ὅτι
2785 3126 2907 3179 καθ’
2957 3125 3140 3195 ὑγρῶν
3188 3125 3365 3196 πάχος
3416 3128 3508 3177 καὶ
3547 3123 3821 3191 διαπνοὴν⁶⁸

599 3236 706 3275 non
765 3220 844 3273 tit.
910 3217 998 3271 17.
1054 3215 1423 3271 Phrenitidem
1487 3216 1601 3269 tieri
1656 3229 1750 3284 per
1792 3214 2177 3268 distensionem

2283 3231 2316 3300 ὴ
2345 3224 2787 3293 ἁπογλαύκωσις,
2818 3222 2912 3275 καὶ
2950 3224 3032 3275 ὅτι
3059 3223 3157 3290 οὐχ
3180 3220 3376 3282 οὕτως.
3420 3220 3535 3291 [5M
3562 3217 3647 3289 8.]
3673 3218 3726 3281 ιζ’
3762 3218 3822 3269 ὅτι

597 3310 905 3379 meningis,
959 3309 1347 3378 sanguinisque
1380 3309 1786 3374 corruptionem
1822 3326 1836 3361 :
1870 3317 1926 3361 et
1956 3323 2060 3363 non
2100 3307 2177 3362 ita

602 3403 743 3457 ﬁeri.
798 3403 884 3457 18.
921 3402 998 3454 Ex
1050 3402 1250 3455 caloris
1294 3416 1528 3454 excessu
1583 3401 1729 3453 nasci
1760 3399 2121 3467 phrenitidem
2162 3415 2177 3453 :

600 3504 655 3548 et
682 3510 790 3549 non
821 3495 971 3548 item.
1034 3494 1126 3547 19.
1159 3493 1265 3547 Per
1306 3492 1784 3547 inﬂammationem
1818 3492 2180 3561 phrenitidem

600 3588 747 3641 nasci
776 3603 791 3641 :
818 3597 871 3642 et
890 3602 995 3641 non
1014 3588 1163 3641 item.
1195 3586 1286 3641 20.
1320 3585 1646 3655 Lethargum
1670 3600 1732 3639 ex
1757 3584 2183 3639 inﬂammatione

604 3678 719 3732 tieri
749 3695 764 3731 :
796 3686 985 3732 etnon
1020 3676 1115 3729 ita.
1194 3675 1288 3729 2|.
1324 3673 1431 3727 Per
1457 3673 1848 3727 distensionem
1876 3671 2183 3740 corruptio-

605 3783 835 3837 nemque
862 3767 1201 3837 lethargicos
1230 3768 1341 3820 fieri
1370 3787 1382 3821 :
1411 3778 1584 3820 etnon
1619 3766 1771 3819 item.
1812 3765 1903 3818 22.
1934 3765 2036 3818 Per
2061 3764 2181 3815 uui-

604 3874 821 3912 versum
870 3874 1070 3927 corpus
1130 3857 1357 3911 diﬂ'undi
1406 3860 1702 3927 appetitum
1766 3859 1958 3913 edendi
2021 3869 2184 3925 atque

604 3951 821 4004 bibendi
862 3968 877 4004 :
915 3961 971 4004 et
1023 3958 1234 4003 tantum
1299 3950 1350 4004 itt
1401 3951 1685 4004 stomacho
1732 3952 2014 4004 exsistere.
2091 3949 2181 4003 25.

608 4043 813 4098 Edendi
863 4051 1027 4112 atque
1068 4043 1286 4099 bibendi
1344 4046 1643 4114 appetitum
1694 4047 1745 4097 itt
1796 4045 2186 4112 imaginatione

607 4135 772 4187 situm
814 4150 955 4189 esse.
1041 4136 1131 4190 24.
1172 4137 1244 4190 Ex
1279 4137 1562 4189 humorum
1600 4134 1779 4203 inopia
1811 4136 1956 4189 sitim
1987 4134 2138 4187 nasci
2170 4151 2183 4186 :

609 4236 662 4279 et
695 4243 799 4281 non
850 4228 999 4282 item.
1053 4228 1143 4284 25.
1201 4229 1255 4283 lu
1317 4231 1601 4284 stomacho
1637 4229 1905 4296 duplicem
1955 4229 2183 4295 spectari

610 4319 876 4374 elliciendi
912 4322 1020 4373 vim
1054 4339 1068 4375 :
1104 4331 1158 4375 et
1209 4338 1335 4375 vero
1382 4323 1629 4377 minimc.
1674 4322 1765 4377 26.
1822 4319 2185 4389 lnferior(ll)

610 4413 815 4467 cerebri
849 4413 1098 4484 pellicula
1133 4417 1182 4467 itt
1218 4418 1557 4470 concavitate
1584 4416 1906 4484 principium
1940 4425 2017 4467 est
2066 4431 2189 4466 uer-

610 4520 797 4559 vorum
832 4523 846 4558 :
885 4513 939 4557 et
973 4520 1102 4559 vero
1133 4506 1376 4567 minime,
1430 4508 1522 4560 sed
1549 4506 1810 4559 exterior.
1880 4504 1969 4558 27.
2012 4503 2186 4558 Phar—

613 4594 990 4650 maca-diﬂ'nsa
1030 4612 1126 4665 per
1160 4613 1356 4663 corpus
1390 4614 1651 4667 purgare;
1684 4608 1865 4650 etnon
1907 4598 2055 4661 item,
2096 4598 2188 4650 sed

613 4685 728 4753 ipso
779 4686 1005 4754 allapso.
1065 4686 1155 4741 28.
1216 4686 1331 4741 Non
1384 4703 1503 4741 esse
1530 4689 1789 4742 utendum
1832 4688 2188 4757 purgantibus

615 4775 1027 4829 medicamentis
1063 4794 1077 4830 :
1110 4778 1219 4831 imo
1252 4794 1392 4832 esse.
1451 4778 1540 4832 29.
1589 4780 1707 4832 Vitti
1745 4780 1993 4834 haustum
2027 4777 2194 4831 febri-

612 4863 906 4919 citantibus
955 4882 1075 4920 esse
1123 4870 1524 4921 concedendum
1562 4888 1574 4921 :
1612 4880 1665 4922 et
1720 4886 1822 4923 non
1871 4886 2012 4935 esse,
2071 4884 2192 4923 cum

616 4957 957 5023 perniciosus
990 4958 1082 5012 sit.
1154 4958 1244 5013 50.
1308 4958 1508 5013 Balnea
1560 4960 2005 5014 febricitantibus
2040 4960 2193 5013 utilia

613 5063 737 5102 esse
771 5068 783 5102 :
820 5050 926 5101 into
988 5051 1146 5104 noxia
1198 5066 1342 5104 esse.
1408 5052 1495 5104 51.
1548 5052 1605 5107 In
1658 5054 1973 5107 morborum
2011 5054 2189 5105 incre-

616 5140 1064 5213 mentist-lystere
1095 5145 1349 5197 utendum
1375 5160 1387 5196 :
1424 5154 1475 5195 et
1505 5160 1609 5196 non
1640 5146 1921 5198 utendum.
1966 5144 2054 5198 52.
2080 5142 2191 5196 Non

617 5247 738 5285 esse
797 5235 1110 5287 morborum
1160 5233 1313 5288 initio
1357 5235 1701 5289 unctionibus
1751 5240 2053 5289 utendum:
2088 5238 2197 5291 imo

617 5324 671 5375 id
696 5325 923 5392 perutile
941 5340 1081 5379 esse.
1110 5325 1199 5379 55.
1219 5326 1393 5385 Caput
1425 5326 1825 5389 cataplasmatis
1849 5330 2147 5382 curandum
2180 5348 2193 5383 :

616 5424 667 5467 et
718 5432 825 5468 non
882 5417 1038 5480 item,
1104 5418 1196 5471 sed
1246 5417 1545 5472 olfactoriis
1587 5418 1853 5473 duntaxat
1908 5423 2188 5476 utendum.

2288 3323 2322 3393 ἡ
2365 3323 2608 3392 φρενῖτις
2652 3318 2793 3371 κατὰ
2823 3316 3071 3370 διάτασιν
3098 3315 3200 3383 τῆς
3237 3316 3504 3385 μήνιγγος
3536 3314 3623 3367 καὶ
3660 3311 3825 3380 φθορὰν

2280 3414 2375 3467 τοῦ
2398 3413 2627 3481 αἵματος
2663 3409 2893 3477 γίνεται,
2928 3407 3019 3461 καὶ
3049 3408 3249 3477 ὃτιούχ
3286 3406 3485 3468 οὕτως.
3523 3412 3590 3474 ιη’
3621 3406 3695 3458 ὅτι
3720 3402 3827 3455 κατὰ

2283 3503 2588 3574 θερμασίας
2647 3500 2990 3569 πλεονασμὸν
3042 3501 3073 3569 ἡ
3132 3503 3381 3572 φρενῖτις
3433 3497 3721 3568 συμϐαίνει,
3756 3496 3828 3546 καὶ

2284 3596 2364 3648 ὅτι
2394 3596 2489 3663 οὐχ
2514 3591 2707 3656 οὕτως.
2777 3592 2840 3644 ιθ¹
2862 3592 2945 3644 ὅτι
2977 3591 3066 3645 διὰ
3086 3590 3400 3660 φλεγμονὴν
3434 3591 3468 3660 ἡ
3494 3590 3734 3659 φρενῖτις,
3758 3583 3829 3635 καὶ

2283 3687 2366 3739 ὅτι
2415 3688 2513 3755 οὐχ
2564 3684 2756 3747 οὕτως.
2786 3690 2832 3736 κ’
2887 3684 2969 3735 ὅτι
3029 3685 3057 3736 ὁ
3102 3682 3381 3753 λήθαργος
3436 3681 3523 3734 διὰ
3565 3675 3829 3749 φλεγμονὴν

2284 3775 2521 3841 γίνεται,
2567 3772 2658 3824 καὶ
2696 3773 2778 3824 ὅτι
2832 3771 2930 3840 οὐχ
2971 3769 3164 3834 οὕτως.
3199 3776 3283 3822 κα¹
3312 3770 3396 3821 ὅτι
3442 3768 3581 3821 κατά
3628 3765 3831 3818 διάτασιν

2285 3866 2334 3917 οἱ
2361 3863 2685 3934 ληθαργικοὶ
2732 3862 2827 3916 καὶ
2888 3862 3117 3933 φθορὰν,
3152 3862 3247 3914 καὶ
3289 3860 3373 3913 ὅτι
3412 3861 3510 3931 οὐχ
3539 3858 3717 3919 οὕτως.
3765 3853 3828 3921 κβ¹

2286 3959 2367 4011 ὅτι
2412 3958 2458 3988 "°
2504 3959 2633 4025 περῖ
2664 3957 2784 4009 ὅλον
2810 3955 2868 4008 τὸ
2900 3955 3059 4024 σῶμα
3116 3957 3150 4023 ἡ
3181 3954 3274 4007 τοῦ
3330 3956 3480 4007 πιεῖν
3533 3954 3622 4005 καὶ
3673 3949 3831 4015 φαγεῖν

2289 4049 2604 4101 συνίσταται
2630 4046 2832 4116 ὄρεξις,
2855 4046 2948 4099 καὶ
2984 4048 3065 4099 ὅτι
3093 4046 3220 4116 περὶ
3264 4044 3427 4115 μόνον
3454 4044 3544 4097 τὸν
3584 4042 3828 4110 στόμαχον.

2287 4140 2372 4207 κγ’
2405 4142 2486 4193 ὅτι
2540 4142 2573 4211 ὴ
2632 4140 2726 4193 τοῦ
2768 4142 2963 4207 φαγεῖν
3013 4139 3107 4191 καλ¹
3164 4142 3310 4192 πιεῖν
3359 4137 3539 4209 ὄρεξις
3594 4135 3713 4204 περὶ
3747 4132 3832 4183 διὰ·

2289 4251 2457 4287 νοιαν.
2494 4233 2572 4285 κδ’
2597 4234 2678 4286 ὅτι
2739 4233 2863 4285 καθ’
2908 4232 3091 4303 ὑγρῶν
3140 4230 3349 4284 ἔνδειαν
3383 4232 3444 4283 τὸ
3471 4230 3640 4298 δίψος,
3675 4226 3755 4279 καὶ
3773 4226 3831 4276 ὅτι

2288 4324 2385 4393 οὐχ
2418 4322 2612 4385 οὕτως.
2680 4330 2759 4375 κε’
2814 4324 2894 4375 ὅτι
2956 4323 3086 4393 περὶ
3123 4323 3213 4375 τὸν
3270 4322 3540 4391 στόμαχον
3588 4319 3732 4386 διπλῆ
3773 4330 3834 4375 τις

2288 4417 2481 4484 ὁρᾶται
2506 4415 2774 4484 ἐνέργεια,
2801 4415 2896 4467 καὶ
2916 4415 2996 4467 ὅτι
3023 4414 3121 4483 οὑχ
3142 4413 3337 4476 οὕτως.
3363 4420 3455 4478 κς⁹
3487 4414 3569 4465 ὅτι
3599 4413 3631 4481 ή
3656 4412 3695 4441 ⁷¹
3719 4410 3835 4464 ἐντὸς

2300 4506 2426 4579 [279
2458 4506 2550 4576 Η.)
2591 4504 2790 4575 μῆνιγξ
2833 4508 2865 4577 ή
2911 4509 2968 4558 ὲν
2993 4504 3071 4576 τῷ
3104 4504 3410 4573 κοιλώματι
3440 4504 3580 4575 ἀρχὴ
3612 4502 3711 4555 τῶν
3746 4496 3834 4550 νεύ-

2298 4618 2408 4668 ρων
2447 4601 2583 4663 ὲστὶ,
2626 4600 2719 4651 καὶ
2743 4600 2825 4651 ὅτι
2863 4601 2962 4669 οὐχ
3003 4598 3197 4663 οὕτως,
3231 4598 3346 4652 ἀλλ’
3377 4600 3411 4669 ἡ
3446 4598 3620 4659 ἐκτός.
3672 4593 3744 4654 κζ’
3777 4592 3835 4641 ὅτι

2290 4691 2725 4761 ἀναδιδόμενατά
2748 4692 3015 4762 φάρμακα
3037 4691 3315 4762 καθαίρει,
3336 4694 3432 4743 καὶ
3459 4692 3539 4743 ὃτι
3565 4690 3657 4758 οὐχ
3677 4685 3834 4743 οὕτως.

2292 4784 2426 4837 ἀλλὰ
2481 4784 2620 4837 κατά
2660 4784 2757 4854 τὴν
2810 4785 3182 4853 πρόσπτωσιν.
3243 4790 3327 4853 κη’
3371 4784 3453 4836 ὅτι
3500 4782 3561 4835 οὐ
3616 4775 3838 4849 χρηστέον

2295 4879 2408 4940 τοῖς
2459 4877 2833 4947 καθαρτικοῖς.
2861 4878 2955 4929 καὶ
3004 4877 3085 4929 ὅτι
3137 4875 3427 4946 χρηστέον.
3486 4873 3672 4927 κθ’ὅτι
3724 4868 3838 4920 οἶνον

2298 4966 2441 5019 δόσει
2479 4966 2745 5037 χρηστέον
2802 4965 3033 5019 ἐπὶτῶν
3080 4965 3486 5036 πυρεσσόντων,
3513 4964 3604 5015 καὶ
3652 4958 3839 5011 τούναν-

2299 5059 2413 5111 τίον
2437 5060 2517 5111 ὃτι
2545 5059 2882 5130 ἀσύμφορον.
2917 5059 2959 5111 λ’
2991 5058 3073 5110 ὅτι
3103 5056 3331 5127 λουτρὸν
3356 5058 3468 5118 τοῖς
3494 5045 3839 5124 πυρέσσουσι⁷¹

2301 5146 2590 5212 λυσιτελεῖ,
2619 5152 2711 5204 καὶ
2747 5153 2826 5204 ὅτι
2852 5150 3193 5221 ἀσύμφορον.
3216 5150 3295 5202 λα’
3322 5149 3402 5201 ὅτι
3433 5147 3515 5199 δεῖ
3539 5149 3595 5197 έν
3615 5144 3725 5204 ταῖς
3754 5141 3839 5191 ἐπι·

2301 5242 2491 5296 τάσεσι
2521 5242 2629 5295 τῶν
2658 5244 2828 5296 νόσων
2864 5243 3099 5307 κλύζειν,
3157 5244 3253 5294 καὶ
3276 5242 3356 5294 ὅτι
3388 5240 3447 5292 οὐ
3488 5236 3750 5309 προσῆκον
3789 5228 3841 5279 "-

2301 5334 2380 5403 λβ⁹
2411 5336 2493 5386 ὅτι
2517 5336 2578 5387 οὐ
2609 5336 2689 5387 δεῖ
2705 5334 2827 5386 κατ’
2866 5333 3039 5405 ἀρχὰς
3054 5330 3342 5401 ὑπαλείψει
3375 5329 3630 5401 χρῆσθαι,
3663 5323 3745 5377 καὶ
3776 5319 3839 5371 ὅτι

2303 5428 2603 5497 συμφέρον.
2662 5425 2740 5495 λγ⁹
2790 5427 2871 5478 ὅτι
2916 5426 2996 5479 δεῖ
3047 5424 3451 5477 καταπλάττειν
3499 5422 3595 5488 τὴν
3618 5412 3842 5483 κεφαλὴν,

1933 5533 2168 5590 νΑῐὶΙλΕ
2208 5538 2611 5597 LECTIONES.

692 5623 873 5695 ““_ﬂ-—-
895 5622 1221 5693 ὲξωράῖσται
1248 5624 1291 5679 Α
1317 5643 1329 5695 ι
1363 5623 1458 5677 καὶ
1486 5626 1591 5693 ἡσ-
1620 5625 1976 5695 ἐξωραῖζεται
2006 5647 2061 5692 ς.

622 5691 1018 5761 παρέμπτωσις
1043 5713 1102 5757 ς.
1178 5695 1222 5727 θ’
1252 5694 1339 5747 διὰ
1368 5691 1535 5766 πνοήν
1559 5714 1619 5759 ς.
1698 5691 1739 5729 τά
1757 5701 1838 5751 ὅτι
1862 5702 1921 5751 οὐ
1944 5691 2071 5770 περί
2103 5718 2163 5765 ς,

2143 5632 2186 5661 ⁶⁶
2215 5631 2473 5684 διατείνει
2506 5651 2565 5697 ς’.

2249 5702 2291 5731 τι
2328 5704 2360 5773 ἡ
2394 5706 2513 5759 add.
2549 5705 2614 5759 A.

2667 5634 2711 5665 ⁵⁷
2744 5633 2920 5702 μόνων
2954 5631 3073 5685 add.
3116 5634 3183 5689 Δ.
3259 5629 3304 5663 ⁸⁸
3329 5626 3744 5702 παρ’ᾼέμπτωριν
3772 5613 3836 5702 A_:

2689 5691 2889 5767 "I109;
2928 5703 3301 5772 πυρέσσοντας
3329 5691 3421 5767 ς.’
3463 5691 3835 5765 ⁷³ἀιροσήκεις·

2126 5794 2350 5852 NOTan

707 5878 818 5945 (ll)
859 5878 1019 5947 Supr.
1046 5899 1164 5949 cup.
1201 5882 1303 5946 8.3,
1402 5882 1576 5945 ἐκτός.

1540 5938 1547 5945 .
