4022 6446
302 396 411 457 693

1461 400 1982 461 BIBLIOTHECA.
2013 422 2081 434 --
2116 402 2277 462 COD.
2321 401 2545 461 CCXII-

3461 395 3566 457 694

300 509 398 563 καὶ
421 510 507 563 ὅτι
553 508 616 563 οὐ
643 508 744 573 δεῖ,
772 510 881 573 τοῖς
908 508 953 563 δ’
974 510 1304 580 ὀσφραντοῖς
1333 511 1495 580 μόνον
1521 512 1778 582 χρῆσθαι.
1810 506 1883 562 λδ¹

1992 509 2075 563 54.
2126 510 2374 565 Vomitus
2438 513 2876 580 provocationem
2935 511 3072 566 nihil
3118 510 3421 581 prodesse:
3455 509 3567 564 imo

300 602 385 654 ὃτι
440 599 761 671 ὲμετοποιία
811 601 1150 673 ἀσύμφορον,
1181 600 1277 654 καὶ
1327 602 1409 655 ὅτι
1457 602 1773 683 συμφέρον..
1807 601 1879 654 λε’

301 691 383 744 ὅτι
410 691 511 761 οὐχ
560 692 864 762 ἐπιπέμπει
898 694 931 762 ἠ
964 692 1163 762 καρδία
1191 687 1350 763 αἷμα,
1381 693 1476 746 καὶ
1512 694 1594 746 ὃτι
1647 692 1881 762 ἐπιπέμ-

301 798 417 834 πει.
451 782 543 846 λς’
574 783 656 835 ὅτι
684 782 783 852 οὐχ
832 782 866 852 ἡ
918 782 1118 853 καρδία
1157 783 1219 835 τὸ
1283 781 1502 852 πνεῦμα
1553 783 1879 853 ἐπιπέμπει,

301 872 419 923 ἀλλ’
449 875 506 924 αἱ
536 874 794 943 ἀρτηρίαι
845 873 1083 938 ἕλκουσι,
1119 874 1213 927 καὶ
1263 873 1344 927 ὅτι
1402 871 1662 944 ἔμπαλιν.
1697 873 1774 938 λζ’
1801 875 1882 927 ὅτι

300 964 360 1029 ἐξ
392 965 648 1035 ἑαυτῆς-1]
686 964 885 1036 καρδία
914 969 1166 1031 κινεῖται,
1193 966 1289 1020 καὶ
1306 966 1387 1018 ὅτι
1421 966 1521 1019 οὐκ
1554 966 1615 1030 ἐξ
1657 966 1879 1034 ἑαυτῆς.

298 1055 384 1125 λη’
418 1056 504 1108 ὅτι
538 1056 678 1109 κατά
699 1056 861 1127 φύσιν
892 1052 1031 1127 αἷμα
1068 1057 1126 1110 ὲν
1160 1057 1455 1129 ἀρτηρίαις
1501 1058 1759 1129 ὑπάρχει,
1783 1059 1880 1111 καὶ

296 1143 381 1194 ὅτι
412 1144 516 1214 οὐχ
553 1144 786 1214 αἵματος
818 1146 873 1197 αἱ
904 1144 1166 1215 ἀρτηρίαι
1187 1146 1429 1214 ἀγγεῖον.
1471 1144 1549 1198 λθ¹
1579 1146 1662 1198 ὅτι
1707 1145 1884 1198 πάντα

295 1234 364 1286 τὰ
393 1235 601 1303 ἀγγεῖα
629 1238 687 1289 ὲν
725 1235 805 1306 τῷ
835 1235 984 1307 ὄγκῳ
1007 1237 1154 1291 ἁπλᾶ
1185 1238 1324 1303 ἐστι,
1351 1238 1443 1290 καὶ
1461 1237 1542 1291 ὅτι
1595 1235 1885 1308 πλέγματά

302 1328 474 1382 ἐστιν.
529 1328 583 1397 μ’
622 1329 820 1382 ὅτιδιά
860 1330 903 1360 ⁷⁸
941 1330 1049 1382 τῶν
1105 1330 1377 1400 νεύρωνὴ
1416 1329 1669 1398 αἴσθησις
1721 1331 1814 1383 καὶ
1849 1331 1882 1401 ἡ

299 1418 524 1488 κίνησις
556 1419 651 1473 τοῦ
689 1421 849 1486 ζώου,
880 1424 974 1475 καί
1005 1423 1088 1475 ὅτι
1125 1424 1224 1493 οὐχ
1263 1422 1455 1485 οὕτως.
1486 1423 1577 1492 μα’
1605 1424 1685 1475 ὅτι
1739 1425 1882 1494 ἀρχὴ

296 1508 525 1577 φλεϐῶν
564 1512 597 1583 ἡ
626 1513 823 1583 καρδία
854 1554 869 1580 ,
902 1515 999 1565 καὶ
1028 1514 1111 1566 ὅτι
1150 1515 1249 1566 οὐκ
1277 1515 1442 1584 ἀρχή.
1478 1514 1564 1583 μβ¹
1592 1516 1674 1568 ὅτι
1729 1511 1883 1586 ἧπαρ

293 1602 445 1672 ἀρχὴ
477 1605 712 1673 φλεϐῶν,
742 1607 835 1658 καὶ
881 1608 959 1658 ὅτι
1010 1607 1109 1658 οὐκ
1146 1606 1309 1677 ἀρχή.
1382 1605 1472 1676 μγ¹
1498 1607 1581 1660 ὅτι
1618 1609 1650 1677 ή
1705 1609 1883 1660 κοιλία

295 1696 524 1763 φλεϐῶν
563 1698 728 1768 ἀρχὴ,
758 1701 849 1751 καὶ
868 1699 948 1751 ὅτι
978 1699 1078 1751 οὐκ
1104 1700 1265 1769 ἀρχή.
1305 1698 1391 1770 μδ’
1414 1700 1496 1751 ὅτι
1524 1700 1741 1752 πάντων
1776 1700 1883 1752 τῶν

293 1789 548 1855 ἀγγείων
576 1790 719 1858 ἀρχὴ
784 1789 1004 1858 μῆνιγξ,
1068 1789 1164 1842 καὶ
1206 1791 1252 1821 ’⁷⁵
1321 1790 1401 1841 ὅτι
1435 1789 1535 1841 οὐκ
1588 1789 1754 1859 ἀρχή.
1801 1796 1884 1858 με’

1989 602 2173 657 utilem
2220 618 2359 659 esse.
2421 604 2513 660 35.
2549 605 2660 660 Cor
2681 605 2932 661 emittere
2952 606 3272 677 sanguinem
3310 622 3324 660 :
3353 618 3409 660 et
3435 618 3569 660 con-

1989 702 2073 749 tra
2104 711 2209 750 non
2265 697 2537 755 emittere.
2603 698 2694 753 '56.
2736 698 2842 753 Cor
2863 714 2970 753 non
3014 699 3267 753 emittere
3292 697 3564 767 spiritum,

1988 790 2085 844 sed
2136 791 2367 844 arterias
2412 789 2595 859 potius
2645 790 2819 859 ipsum
2873 790 3201 845 attrahere:
3241 797 3296 844 et
3347 798 3563 844 contra.

1987 880 2076 934 37.
2118 880 2226 935 Cor
2248 896 2278 935 a
2308 880 2488 949 seipso
2506 881 2708 937 moveri
2738 898 2753 935 :
2788 882 2897 934 imo
2932 895 3038 936 non
3083 894 3113 934 a
3136 880 3335 949 seipse.
3373 876 3565 949 169i:

1988 973 2074 1028 58.
2095 972 2427 1042 Sanguinem
2461 985 2654 1030 natura
2701 974 2755 1028 in
2796 974 3014 1031 arteriis
3039 973 3304 1029 exsistere
3338 989 3352 1026 :
3390 982 3445 1026 et
3479 987 3567 1024 ar-

1991 1074 2158 1124 terias
2209 1084 2314 1122 non
2356 1083 2477 1125 esse
2505 1068 2786 1137 sanguinis
2815 1065 3237 1136 receptaculum.
3299 1065 3390 1120 59.
3423 1063 3565 1117 Vasa

1989 1161 2172 1215 omnia
2208 1162 2260 1214 in
2291 1174 2504 1215 summo
2536 1159 2727 1227 simpla
2759 1173 2881 1214 esse
2917 1176 2931 1213 :
2976 1158 3085 1212 imo
3110 1156 3306 1227 plicata
3333 1168 3455 1211 esse
3484 1163 3567 1208 at-

1989 1267 2096 1323 que
2143 1252 2404 1307 involuta.
2462 1250 2554 1306 40.
2588 1249 2695 1306 Per
2724 1265 2920 1307 nervos
2950 1264 3168 1305 sensum
3197 1261 3321 1303 esse
3364 1256 3419 1299 et
3449 1260 3569 1299 mo-

1993 1351 2104 1395 tum
2154 1340 2449 1395 animantis
2480 1358 2493 1393 :
2525 1347 2581 1395 et
2612 1354 2717 1393 non
2742 1354 2861 1394 esse
2883 1337 3234 1409 principium.
3272 1336 3364 1390 4t.
3392 1334 3570 1390 Vena-

1994 1447 2114 1486 rttm
2143 1446 2240 1486 cor
2265 1444 2388 1487 esse
2422 1430 2750 1501 principium
2777 1448 2790 1485 :
2824 1438 2877 1484 et
2920 1444 3025 1483 non
3051 1442 3172 1484 esse
3201 1426 3567 1498 principium;

1991 1523 2080 1578 42.
2112 1521 2261 1578 Jecui
2283 1539 2544 1579 venarum
2572 1537 2691 1578 esse
2711 1522 3039 1593 principium
3074 1538 3089 1576 :
3121 1530 3178 1577 et
3223 1533 3440 1575 rursum
3460 1531 3566 1571 non

1990 1631 2131 1673 esse.
2162 1616 2250 1670 45.
2280 1614 2323 1669 Ε
2345 1614 2643 1670 ventriculo
2661 1628 2827 1669 venas
2852 1613 3031 1669 nasci:
3053 1622 3108 1669 et
3137 1627 3247 1667 non
3276 1611 3449 1666 nasci.
3473 1607 3567 1664 44.

1992 1710 2244 1767 Omnium
2267 1723 2518 1764 vasorum
2534 1707 2858 1778 principium
2878 1706 3286 1772 essemeninga,
3308 1718 3403 1759 seu
3418 1718 3567 1757 cere-

1991 1805 2076 1860 bri
2108 1803 2344 1858 tunicam
2374 1810 2469 1856 :et
2506 1815 2612 1855 non
2642 1815 2785 1855 esse.
2842 1798 2935 1855 45.
2975 1798 3237 1870 Spiritum
3268 1810 3391 1851 esse
3417 1801 3565 1848 arte-

291 1879 379 1931 ὃτι
415 1877 633 1949 πνεῦμα
658 1879 935 1950 ἀρτηριῶν
966 1880 1131 1961 ἁρχὴ,
1163 1881 1256 1934 καὶ
1290 1881 1371 1932 ὅτι
1396 1880 1495 1933 οὐκ
1525 1880 1672 1932 ἐστιν
1715 1881 1879 1950 ἀρχή.

1992 1899 2192 1953 riarum
2225 1895 2491 1965 originem
2518 1910 2531 1947 :
2558 1902 2613 1948 et
2640 1904 2834 1949 contra
2882 1908 2989 1947 non
3033 1906 3175 1947 esse.
3227 1890 3319 1947 46.
3351 1889 3568 1944 Arteria

296 1977 398 2040 μςθ
427 1971 509 2023 ὅτι
532 1972 565 2041 ἡ
596 1972 747 2040 παρὰ
765 1971 863 2041 τὴν
883 1972 1102 2042 ῥάχιντ⁸
1123 1973 1364 2041 ἀρτηρία
1391 1972 1673 2042 ἀρτηριῶν
1715 1973 1879 2042 ἀρχὴ,

291 2064 397 2118 καὶ
416 2065 499 2117 ὃτι
527 2064 627 2117 οὐκ
651 2066 814 2134 ἀρχή.
841 2064 927 2133 tu?
953 2066 1088 2135 ὃτιὴ
1114 2065 1312 2135 καρδία
1340 2066 1485 2136 ἀρχὴ
1510 2065 1787 2137 ἀρτηριῶν
1808 2066 1879 2128 ⁷⁷,

292 2156 394 2209 καὶ
432 2156 517 2209 ὅτι
552 2154 652 2208 οὐκ
697 2156 861 2226 ἀρχή.
901 2153 989 2226 μη¹
1040 2156 1120 2209 ὅτι
1157 2156 1257 2226 οὺχ
1289 2155 1334 2187 ⁷⁸
1381 2157 1412 2226 ἡ
1485 2155 1683 2225 καρδία
1736 2154 1880 2225 ἀρχὴ

292 2246 530 2317 νεύρων,
563 2246 678 2300 ἀλλ’
714 2249 749 2317 ἡ
794 2247 1125 2318 περιέχουσα
1169 2247 1263 2300 τὸν
1322 2246 1631 2315 ἐγκέφαλον
1657 2244 1880 2317 μῆνιγξ,

293 2338 397 2391 καὶ
436 2338 521 2391 ὅτι
568 2338 669 2391 οὐκ
698 2337 865 2408 ἀρχὴ.
906 2338 997 2408 μθ’
1036 2337 1118 2391 ὅτι
1148 2338 1209 2390 οὐ
1245 2339 1374 2408 περὶ
1398 2337 1626 2407 καρδίαν
1654 2336 1716 2390 τὸ
1762 2336 1880 2390 δια-

293 2430 571 2498 νοητικδν,
614 2429 753 2483 ἀλλά
812 2430 945 2500 περὶ
994 2429 1262 2501 κεφαλὴν,
1303 2430 1398 2482 καὶ
1450 2431 1532 2483 ὃτι
1587 2429 1878 2484 ἀνάπαλιν.

290 2520 335 2572 ν’
377 2522 463 2573 ὅτι
502 2521 561 2575 τὸ
589 2522 927 2591 διανοητικόν
952 2523 1068 2575 ἐστι
1097 2524 1227 2593 περὶ
1255 2524 1355 2593 τὴν
1377 2523 1552 2593 μέσην
1576 2524 1671 2577 τοῦ
1722 2526 1881 2593 ἐγκε-

297 2613 474 2681 φάλου
499 2613 731 2679 κοιλίαν,
758 2614 853 2666 καὶ
878 2614 961 2667 ὅτι
982 2614 1081 2684 οὐχ
1115 2613 1309 2679 οὕτως.
1339 2612 1528 2668 Ταῦτα
1560 2616 1655 2670 καὶ
1676 2617 1711 2687 ἦ
1745 2617 1881 2670 ὑπό-

293 2708 450 2771 θεσις
474 2706 819 2761 διατείνεται.

1009 2801 1155 2857 ΣΙΒ’.

536 2895 953 2965 Αἰνησιδήμου
979 2897 1337 2965 Πυῤῥωνίων
1363 2900 1534 2968 λόγοι
1560 2898 1635 2965 η’.

380 2986 829 3058 Ἀνεγνώσθησαν
872 2987 1242 3059 Αἰνησιδήμου
1316 2991 1673 3058 Πυρῤωνίων
1736 2990 1882 3060 λόγοι

292 3085 367 3147 η’.
382 3078 444 3131 Ἥ
464 3078 562 3147 μὲν
579 3079 674 3147 ὅλη
694 3079 950 3149 πρόθεσις
968 3080 1061 3132 τοῦ
1080 3079 1285 3149 βιϐλίου
1302 3081 1597 3150 βεϐαιῶσαι
1624 3084 1705 3136 ὅτι
1730 3084 1884 3137 οὐδὲν

1986 1985 2101 2054 illa,
2131 1999 2252 2055 qua:
2280 1981 2433 2051 juxta
2461 1981 2607 2037 dorsi
2644 1981 2855 2048 Spinam
2890 1980 3016 2047 sita,
3067 1978 3392 2049 principium
3428 1985 3572 2030 arte-

1986 2077 2190 2132 riarum
2228 2083 2311 2130 est
2346 2091 2359 2128 :
2389 2082 2577 2128 etnon
2624 2081 2729 2127 est.
2789 2071 2881 2125 47.
2915 2068 3025 2125 Cor
3069 2084 3191 2123 esse
3244 2065 3569 2121 arteriarum

1984 2167 2311 2236 principium
2340 2184 2354 2220 :
2381 2174 2438 2220 et
2465 2180 2571 2220 non
2603 2179 2744 2219 esse.
2820 2162 2911 2220 48.
2942 2161 3125 2231 Neque
3145 2176 3241 2216 cor
3276 2173 3569 2214 nervorum

1984 2258 2313 2331 principium
2364 2266 2483 2324 est;
2536 2256 2633 2311 sed
2688 2254 2971 2310 cerebrum
3002 2252 3250 2307 ambiens
3275 2250 3566 2321 pellicula:

1982 2361 2040 2408 et
2065 2367 2171 2406 non
2203 2358 2308 2405 est.
2364 2349 2455 2405 49.
2484 2348 2542 2403 ln
2573 2347 2738 2403 corde
2762 2361 2866 2401 non
2894 2359 3018 2401 esse
3062 2341 3401 2413 intelligendi
3432 2341 3567 2403 vim,

1984 2447 2079 2501 sed
2108 2446 2164 2500 in
2199 2443 2418 2514 capite:
2451 2452 2509 2497 et
2552 2450 2767 2496 contra.
2830 2438 2919 2495 50.
2978 2436 3319 2506 Intelligendi
3365 2434 3474 2490 vim
3517 2435 3568 2486 in

1985 2535 2165 2591 medio
2194 2549 2317 2591 esse
2350 2532 2565 2588 cerebri
2600 2529 2903 2586 ventriculo
2937 2546 2951 2582 :
2987 2536 3043 2583 et
3080 2541 3186 2582 non
3228 2538 3368 2581 esse.
3444 2522 3572 2580 llzec

1986 2630 2151 2699 igitur
2173 2643 2311 2698 opus
2340 2626 2473 2682 illud
2504 2623 2526 2697 [
2558 2622 2775 2680 elﬁcere
2803 2619 2824 2694 ]
2855 2618 3155 2676 contendit.

2682 2800 2892 2859 CCXII.

2244 2900 2577 2957 AEnesidemi
2607 2898 2683 2953 De
2715 2894 3028 2967 Pyrrhoniis
3066 2890 3189 2947 libri
3212 2904 3332 2947 vrtt.

2057 2992 2184 3064 Legi
2217 2989 2553 3046 Euasidemi
2585 2986 3003 3057 Pyrrhoniorum
3032 2981 3205 3038 libros
3225 2988 3373 3035 octo.
3398 2976 3572 3048 Cujus

1990 3086 2210 3154 quidem
2264 3084 2447 3153 operis
2482 3095 2677 3149 scopus
2700 3089 2783 3133 est
2812 3079 2913 3131 hoc
2931 3089 3093 3128 unum
3124 3073 3392 3141 probare:
3427 3069 3572 3124 Nihil

297 3171 517 3241 βέϐαιον
539 3173 617 3233 είς
651 3172 973 3242 κατάληψιν,
1004 3171 1126 3224 οὔτε
1158 3174 1225 3226 δι’
1255 3175 1582 3244 αἰσθήσεως,
1612 3175 1728 3228 ἀλλ’
1754 3174 1880 3229 οὔτε

1992 3190 2139 3235 certo
2168 3175 2551 3246 comprehendi
2596 3183 2689 3227 aut
2735 3186 2897 3225 sensu
2947 3179 3041 3223 aut
3074 3170 3186 3234 ipsa
3222 3166 3385 3219 etiam
3411 3162 3575 3217 intel-

297 3262 410 3333 μὴν
456 3262 547 3316 διὰ
578 3265 815 3334 νοήσεως
851 3281 866 3295 ·
896 3263 978 3317 διὸ
1025 3263 1149 3317 οὔτε
1178 3267 1304 3328 τοὺς
1359 3266 1709 3338 Πυρῤωνίους
1756 3267 1882 3321 οὔτε

1992 3271 2212 3342 ligontia
2263 3281 2441 3337 posse.
2503 3265 2686 3330 Quare
2742 3275 2923 3330 neque
2974 3258 3331 3329 Pyrrhonios,
3394 3268 3572 3323 neque

292 3357 425 3419 τοὺς
460 3356 652 3420 ἄλλους
682 3357 878 3411 εἰδέναι
909 3357 1007 3428 τὴν
1028 3360 1086 3411 ὲν
1110 3361 1222 3422 τοῖς
1252 3357 1401 3411 οὖσιν
1452 3359 1731 3429 ἀλήθειαν,
1751 3360 1889 3414 ἀλλὰ

295 3451 425 3512 τοὺς
456 3449 555 3518 μὲν
585 3450 706 3501 κατ’
732 3448 898 3521 ἀλλην
919 3450 1136 3520 αἵρεσιν
1178 3451 1604 3520 φιλοσοφοῦντας
1661 3454 1877 3520 ἀγνοεῖν

294 3561 355 3595 τε
378 3539 549 3596 τᾶλλα
571 3544 662 3596 καὶ
682 3543 908 3606 ἑαυτοὺς
930 3543 1108 3613 μάτην
1136 3543 1488 3613 κατατρίϐειν
1514 3546 1611 3597 καὶ
1638 3545 1887 3615 δαπανᾷν

297 3633 586 3702 συνεχέσιν
613 3633 815 3695 ἀνίαις,
844 3631 970 3703 [544
986 3631 1078 3703 11.]
1110 3635 1202 3686 καὶ
1233 3635 1363 3687 αὐτὸ
1389 3635 1446 3687 δὲ
1466 3635 1623 3687 τοῦτο
1648 3637 1883 3702 ἀγνοεῖν,

294 3727 385 3778 ὃτι
412 3723 567 3776 οὐδὲν
594 3724 776 3786 αὐτοῖς
804 3725 909 3777 τῶν
935 3725 1204 3789 δοξάντων
1249 3728 1327 3789 είς
1359 3727 1666 3797 κατάληψιν
1691 3727 1885 3797 ἐληλυ-

295 3817 456 3869 θέναι
486 3815 870 3886 κατείληπται.
919 3817 983 3869 '0
1006 3817 1062 3869 δὲ
1109 3818 1251 3870 κατὰ
1284 3817 1552 3889 Πύρρωνα
1583 3818 1888 3887 φιλοσοφῶν

295 3910 370 3962 τά.
385 3927 446 3962 τε
484 3908 618 3962 ἄλλα
653 3910 959 3979 εὐδαιμονεῖ
998 3909 1092 3961 καὶ
1135 3909 1298 3976 σοφός
1332 3912 1448 3961 ἐστι
1505 3910 1601 3962 τοῦ
1647 3910 1887 3981 μάλιστα

296 4002 502 4055 εἰδέναι
526 4002 608 4055 ὃτι
671 4003 825 4055 οὐδὲν
850 4002 997 4070 αὐτῴ
1029 4002 1265 4071 βεϐαίως
1311 4002 1673 4073 κατείληπται
1707 4019 1720 4032 ·
1754 4002 1790 4056 ἃ
1831 4002 1888 4054 δὲ

297 4099 400 4152 καὶ
432 4097 620 4166 εἰδείη,
680 4098 836 4151 οὐδὲν
883 4097 1083 4167 μᾶλλον
1132 4097 1313 4151 αὐτῶν
1364 4102 1430 4168 τῇ
1492 4097 1805 4167 καταφάσει
1851 4097 1885 4168 ἢ

298 4194 369 4260 τῇ
387 4190 921 4259 ἀποφάσειγενναῖός
946 4191 1063 4241 ἐστι
1095 4189 1607 4258 συγκατατίθεσθαι.
1661 4190 1727 4242 Ἢ
1788 4188 1888 4257 μὲν

298 4284 398 4353 ὅλη
436 4284 483 4315 ’³
510 4281 605 4335 τοῦ
661 4282 867 4353 βιϐλίου
916 4282 1169 4353 διάληψις
1225 4282 1253 4335 ὃ
1314 4281 1585 4352 βούλεται,
1629 4282 1884 4353 εἴρηται*

299 4378 507 4446 γράφει
530 4376 587 4428 δὲ
612 4378 741 4437 τοὺς
767 4375 960 4443 λόγους
1009 4375 1375 4446 Αἰνησίδημος
1407 4374 1745 4445 προσφωνῶν
1790 4376 1891 4429 αὐ·-

300 4472 429 4533 τοὺς
452 4470 564 4523 τῶν
601 4470 661 4533 ἐξ
690 4470 1027 4540 Ἀκαδημίας
1072 4468 1181 4523 τινὶ
1219 4468 1620 4540 συναιρεσιώτῃ
1672 4469 1887 4541 Λευκίῳ

1990 3372 2237 3424 casteros,
2283 3372 2402 3426 qua:
2430 3357 2482 3409 in
2514 3355 2678 3409 rebus
2715 3352 2848 3420 ipsis
2876 3350 3060 3414 lateat,
3092 3347 3380 3401 veritatem
3406 3345 3571 3399 scire.

1989 3450 2343 3522 Reliquarum
2392 3462 2521 3518 ergo
2574 3453 2849 3501 sectarum
2905 3440 3261 3513 philosophos
3305 3451 3429 3491 cum
3466 3435 3571 3489 alia

1990 3545 2241 3613 ignorare
2268 3541 2459 3606 multa,
2508 3549 2620 3593 tum
2650 3538 2792 3607 quod
2821 3536 3023 3589 frustra
3053 3548 3176 3589 sese
3198 3528 3433 3586 assiduis
3458 3542 3573 3583 mo-

1989 3636 2161 3691 lestiis
2189 3642 2473 3703 torqueant
2499 3642 2664 3700 atque
2696 3629 3005 3694 absumant,
3053 3626 3184 3698 quin
3230 3635 3285 3679 et
3327 3623 3430 3677 huc
3492 3621 3576 3691 ip-

1990 3742 2108 3781 sum
2139 3727 2417 3796 ignorare,
2461 3722 2606 3792 quod
2633 3720 2771 3774 nihil
2799 3732 2993 3775 eorum
3028 3712 3571 3786 comprehenderint,

1990 3832 2109 3887 qtue
2169 3815 2277 3883 jam
2336 3813 2628 3882 opinentur
2680 3827 2740 3866 se
2806 3808 3306 3877 comprehendisse.
3374 3806 3573 3874 Atqui

1989 3926 2052 3965 ex
2072 3909 2185 3980 (12)
2203 3906 2502 3978 Pyrrhonis
2532 3904 2781 3959 instituto
2815 3901 2966 3975 [ait]
3000 3897 3574 3971 philosophatur(l3),

1991 4008 2190 4054 cmtera
2220 3996 2373 4062 felix,
2418 3997 2472 4050 in
2503 4009 2568 4049 eo
2593 4006 2810 4063 quoque
2832 3992 2993 4060 sapit,
3020 3990 3166 4060 quod
3199 3987 3282 4042 vel
3310 3988 3363 4042 in
3389 3985 3577 4057 primis

1992 4091 2284 4161 intelligat,
2345 4087 2481 4144 nihil
2539 4102 2569 4140 a
2616 4100 2677 4141 se
2725 4093 2881 4139 certo
2933 4082 3387 4152 comprehensum
3431 4092 3574 4132 esse.

1991 4185 2104 4239 lmo
2133 4194 2188 4236 et
2219 4184 2323 4236 hoc
2342 4179 2583 4235 studiose
2600 4188 2747 4248 agat,
2778 4192 2845 4231 ne
2876 4176 2964 4231 cui
2994 4188 3206 4238 eorum,
3244 4180 3577 4241 quaacogno-

1991 4278 2082 4343 rit,
2113 4272 2435 4329 aﬂirmando
2457 4272 2662 4341 potius,
2711 4284 2873 4339 quam
2920 4265 3171 4337 negando
3216 4262 3573 4320 assentiatur.

1992 4371 2163 4426 Porro
2198 4377 2308 4424 tota
2341 4366 2501 4436 hujus
2534 4365 2717 4432 operis
2752 4357 3145 4417 commentatio
3167 4355 3295 4426 quid
3325 4352 3575 4425 proposi-

1997 4476 2108 4519 tum
2139 4463 2360 4527 habeat,
2414 4461 2525 4528 jam
2558 4460 2785 4514 dictum.
2844 4453 3039 4508 Libros
3066 4453 3212 4519 ipsos
3248 4445 3578 4503 Academico

300 4563 577 4633 Ἰὀϐέρωνι
622 4563 691 4625 ⁸ο,
717 4535 911 4628 γένος--
933 4562 1031 4631 μὲν
1069 4560 1351 4631 Ῥωμαίῳ,
1380 4535 1505 4632 δόξῃ
1538 4535 1619 4614 δὲ.-
1646 4535 1883 4633 λαμπρῷ

1994 4556 2209 4609 cuidam
2235 4551 2407 4608 sodali
2428 4550 2595 4606 Lucio
2628 4545 2902 4602 Tuberoni
2934 4543 3050 4613 (l4)
3084 4538 3385 4633 inscripsit,
3413 4535 3577 4633 domo

299 4658 369 4707 ἐκ
410 4628 458 4687 “-
510 4654 792 4725 προγόνων
853 4628 947 4706 καί
984 4652 1112 4724 [280
1151 4628 1244 4723 In
1280 4628 1565 4715 πολιτικάς
1621 4628 1882 4723 ἀρχὰς-οὗ

1996 4646 2191 4708 Roma,
2213 4653 2268 4700 et
2291 4643 2453 4698 claris
2484 4642 2555 4695 ibi
2587 4638 2862 4695 natalibus
2893 4642 3037 4697 orto,
3062 4631 3266 4702 quique
3290 4628 3579 4699 magistra-

297 4751 399 4810 τὰς
424 4746 699 4817 τυχούσας
726 4746 985 4816 μετιόντι.

386 4840 476 4891 Ἐν
518 4841 617 4908 μὲν
645 4840 691 4870 ⁸¹
715 4838 806 4892 οὖν
836 4838 914 4908 τῷ
961 4838 1165 4909 πρώτῳ
1211 4838 1354 4908 λόγῳ
1384 4831 1655 4907 διαφορὰν
1676 4839 1786 4891 τῶν
1828 4856 1888 4891 τε

301 4933 637 5004 Πυρῤωνίων
660 4933 757 4985 καὶ
780 4932 890 4986 τῶν
943 4931 1364 5001 Ἀκαδημαϊκῶν
1392 4932 1632 4998 εἰσάγων
1686 4929 1886 5001 μικροῦ

300 5024 527 5096 γλώσσῃ
560 5025 696 5095 αὐτῇ
720 5025 896 5078 ταῦτά
930 5041 1114 5095 φησιν,
1139 5022 1213 5085 ὡς
1243 5023 1291 5075 οξ
1326 5023 1423 5093 μὲν
1454 5022 1562 5075 ἀπὸ
1583 5023 1697 5093 ,τῆς
1730 5022 1891 5075 Ἀκα-

299 5116 507 5187 δημίας
539 5099 859 5188 δογματικοί
894 5117 954 5171 τέ
989 5118 1096 5170 εἱσι
1129 5116 1222 5170 καὶ
1251 5117 1319 5170 τὰ
1347 5116 1448 5186 μὲν
1478 5116 1720 5169 τίθενται
1767 5116 1885 5170 ἀδι-

1998 4750 2081 4794 tus
2118 4735 2350 4808 gesserit
2376 4733 2566 4789 civiles
2602 4745 2710 4785 non
2734 4729 3011 4798 vulgares.

2066 4829 2250 4883 Primo
2293 4825 2459 4895 igitur
2478 4823 2640 4887 libro,
2671 4820 3100 4892 Pyrrhonion
3147 4828 3201 4875 et
3229 4817 3580 4875 Academico-

1990 4938 2110 4979 rum
2140 4919 2252 4992 (15)
2293 4916 2583 4972 discrimen
2645 4912 2915 4976 referens,
2971 4919 3182 4965 tantum
3230 4922 3337 4963 non
3376 4906 3576 4961 emissa

1988 5030 2125 5069 voce
2178 5013 2278 5067 ista
2307 5010 2440 5065 dicit
2473 5025 2487 5061 :
2518 5004 2879 5060 Academicos
2926 5003 3174 5072 dogmata
3219 4998 3578 5063 constituere,

1990 5117 2047 5164 et
2081 5107 2187 5163 alia
2224 5114 2373 5161 certa
2406 5112 2569 5173 atque
2600 5098 2903 5154 indubitata
2945 5110 3170 5168 ponere,
3220 5095 3326 5150 alia
3359 5106 3581 5149 rursum

1580 5252 1815 5307 VARle
1856 5247 2268 5307 LECTIONES.

376 5394 423 5426 "
445 5392 533 5446 διὰ
552 5391 741 5447 om.A.
817 5393 862 5426 ’⁷⁸
881 5391 1077 5463 μῆνίγξ
1105 5393 1220 5443 ἐστι
1252 5389 1347 5443 καί
1376 5408 1434 5453 ς.
1516 5392 1562 5427 ⁷⁸
1592 5390 1747 5460 ῥάχιν
1770 5392 1812 5445 Α
1841 5407 1854 5443 :
1878 5390 2065 5463 ἀρχήν
2090 5406 2202 5463 g_.__
2229 5386 2273 5417 '”
2303 5381 2748 5463 ἀρτηριῶνάρχή
2774 5397 2861 5463 ς.Δ
2908 5379 2957 5412 ⁷⁸
2971 5377 3104 5463 2:511
3118 5376 3241 5447 οὐχί
3270 5395 3360 5463 ς..
3407 5378 3453 5409 ⁷⁹
3477 5373 3580 5446 μὲν

302 5465 401 5519 οὖν
429 5464 528 5535 ὅλη
550 5480 613 5527 ς.

688 5463 734 5495 ⁸ο
760 5456 1036 5534 Τοϐἐρωνί
1067 5463 1268 5532 (littera
1308 5479 1336 5515 ο
1370 5479 1400 5514 a
1442 5456 1748 5515 correctore
1776 5456 2051 5530 ptisitaj'A
2086 5456 2204 5514 :Né

2510 5452 2554 5484 ⁸¹
2588 5448 2656 5505 ὲκ
2680 5448 2794 5508 ὃιίι.
2834 5454 2900 5506 Α.
2977 5450 3028 5481 ⁸⁸
3047 5448 3147 5519 μὲν
3184 5465 3296 5502 om.
3330 5448 3395 5500 Α.

2211 5471 2344 5527 ρωνι
2371 5471 2433 5520 ς.

1826 5599 2065 5657 ΝΟΤίΕ.

377 5720 493 5791 (12)
532 5719 696 5791 Alibi,
727 5720 904 5791 minus
927 5728 1092 5791 recte,
1121 5719 1465 5773 Onesidcmus
1498 5719 1714 5791 legitur.

379 5788 495 5859 (15)
534 5789 664 5859 Ejus
692 5789 856 5844 vitam
888 5806 950 5843 ac
979 5790 1174 5857 placita
1197 5792 1481 5856 descripsit
1514 5790 1644 5856 Diog
1688 5788 1890 5853 Lacrt.,

308 5864 408 5935 qui
440 5860 755 5930 frequenter
779 5862 935 5928 hu1us
967 5860 1306 5916 [Euesidcmi
1339 5862 1607 5915 meminit.

2071 5711 2185 5781 (ιιι)
2222 5714 2296 5765 αι.
2328 5708 2551 5781 Neroni,-

2072 5768 2186 5853 {lsj
2225 5784 2292 5853 Α.
2318 5779 2458 5835 Gell.
2488 5779 2582 5853 lib.
2604 5794 2676 5843 ιιι,
2708 5792 2827 5847 Cap.
2856 5774 3157 5853 Sljegend.
3180 5781 3239 5829 ct.
3264 5770 3418 5828 Sexti
3440 5768 3582 5841 Pyr-

2003 5848 2180 5912 rhonii
2215 5850 2486 5922 Hypotyp.
2521 5848 2614 5906 lib.
2654 5865 2699 5915 ι,
2730 5864 2850 5917 cap.
2890 5848 2987 5902 3'5.
