4022 6438
517 372 625 436 (‘95

1644 367 1907 428 PHOTII
1946 367 2138 426 PATR
2150 367 2448 430 IARCILE
2485 371 2593 432 ΟΡ.

3637 381 3726 442 696

518 489 636 538 sine
698 483 803 538 ulla
865 483 1204 538 dubitatione
1260 484 1448 538 tollere
1482 502 1496 538 :
1526 483 1857 552 Pyrrhonios
1907 493 2084 536 autem

2199 486 2454 552 ττάκτως,
2485 489 2551 542 τά
2577 488 2634 542 δὲ
2667 489 2912 560 αῐρουσιν
2942 487 3354 556 ἀναμφιϐόλως,
3388 491 3435 541 οἱ
3481 489 3522 542 δ’
3553 493 3651 546 ἀπὸ
3688 499 3727 531 ⁸³

523 581 712 635 dubios
751 581 981 642 haerere,
1040 581 1185 634 etab
1237 579 1382 632 omni
1417 579 1667 648 dogmate
1700 578 1898 633 liberos
1929 589 2093 647 atque

521 673 726 726 solutos
767 685 926 734 esse;
980 680 1037 724 ut
1086 687 1273 724 eorum
1319 673 1480 725 etiam
1513 688 1671 726 nemo
1699 673 1944 737 omnino,
1999 681 2094 724 aut

522 763 903 834 comprehendi
955 764 1136 817 omnia
1193 778 1350 830 posse
1409 763 1602 831 170a
1650 772 1743 816 aut
1788 777 1892 815 non
1933 778 2092 831 posse

521 859 751 923 dixerit;
784 856 878 913 sed
907 857 1075 911 nihilo
1103 858 1276 922 magis
1307 855 1456 919 talia,
1485 869 1645 921 quam
1677 854 1802 906 talia
1833 867 1972 918 esse,
2001 863 2093 904 aut

523 961 646 1002 tunc
671 949 884 1013 quidem
910 949 1056 1009 talia,
1091 948 1225 1002 alias
1260 963 1386 1000 veru
1420 964 1522 1000 nun
1557 946 1704 1011 talia,
1733 946 1812 997 vel
1847 947 1934 997 uni
1967 946 2089 1012 qui-

521 1041 638 1092 dem
699 1039 1026 1104 hujusmodi,
1079 1039 1166 1092 alii
1211 1054 1337 1090 vero
1387 1055 1490 1090 nun
1549 1037 1877 1102 bujusmodi,
1929 1039 2091 1089 tertio

519 1129 681 1184 etiam
729 1129 883 1198 plane
932 1145 1038 1181 non
1074 1142 1212 1182 esse.
1272 1126 1455 1195 Neque
1497 1144 1712 1180 rursum
1758 1125 1937 1178 (Munia
1969 1143 2089 1179 esse

519 1221 878 1276 communiter
905 1219 1192 1288 ejusmodi,
1225 1220 1511 1287 utussequi
1548 1220 1635 1271 illa
1667 1220 1936 1287 quispiam
1967 1234 2089 1284 pos-

519 1313 610 1375 sit,
662 1314 744 1365 vel
776 1311 1019 1380 quzedam
1047 1309 1239 1366 saltem
1270 1310 1460 1364 horum
1501 1310 1716 1378 assequi
1760 1326 1864 1362 non
1899 1310 2087 1375 possit,

518 1405 611 1457 sed
645 1419 748 1458 non
788 1403 961 1472 magis
996 1404 1108 1456 ﬁeri
1145 1417 1320 1471 posse,
1359 1410 1415 1454 ut
1469 1403 1592 1470 quis
1641 1417 1708 1458 ea
1742 1411 2086 1469 assequatur,

517 1510 680 1564 quam
712 1505 768 1547 ut
800 1509 905 1548 nou
934 1504 1297 1564 assequatur:
1333 1494 1411 1546 vel
1452 1510 1595 1547 nunc
1627 1497 1846 1563 quidem
1873 1493 2086 1562 assequi

518 1591 710 1654 possit,
769 1598 897 1642 tunc
924 1604 1052 1642 vero
1080 1603 1186 1642 non
1216 1588 1364 1641 item.
1405 1587 1518 1642 ltno
1549 1603 1724 1656 neque
1745 1603 1953 1651 verum,
1997 1604 2090 1640 tte-

516 1694 621 1746 quc
654 1679 872 1742 falsum,
906 1694 1081 1746 neque
1106 1679 1403 1747 probabile,
1443 1694 1618 1748 neque
1643 1694 1762 1744 eus,
1789 1695 1960 1745 neque
1982 1696 2087 1734 non

515 1784 635 1829 eus,
683 1768 776 1822 sed
823 1769 988 1831 idem,
1045 1777 1103 1822 ιιι
1132 1768 1212 1823 sic
1237 1770 1471 1831 dicatur,
1529 1785 1634 1822 non
1688 1770 1867 1837 potius
1898 1785 2084 1823 verum

515 1875 654 1924 esse,
711 1876 873 1929 quam
928 1859 1119 1916 falsum
1152 1878 1164 1913 :
1196 1871 1290 1914 aut
1339 1861 1618 1929 probabile
1667 1862 1868 1929 potius,
1922 1876 2082 1928 quam

519 1952 868 2020 improbabile
899 1969 913 2004 :
946 1961 1039 2003 aut
1068 1966 1185 2016 ens,
1219 1967 1379 2020 quam
1405 1967 1508 2005 non
1556 1968 1674 2016 ens,
1703 1962 1797 2006 aut
1821 1963 1933 2006 tum
1966 1953 2085 2021 qui-

517 2043 636 2095 dem
674 2042 797 2104 tale,
829 2042 964 2095 alias
995 2057 1123 2095 vero
1166 2043 1452 2096 aliusmodi
1486 2061 1499 2096 :
1531 2055 1622 2096 aut
1661 2047 1750 2097 uni
1796 2045 1923 2109 tale,
1962 2060 2085 2098 mox

516 2133 670 2186 alteri
732 2134 896 2186 etiam
960 2149 1066 2186 non
1131 2134 1259 2188 tale.
1312 2134 1453 2188 Nihil
1494 2135 1638 2189 enim
1671 2137 1722 2189 in
1777 2137 2082 2190 universum

519 2224 849 2293 l’yrrbonios
892 2227 1134 2291 tletinite,
1193 2244 1260 2281 ne
1290 2229 1392 2282 huc
1426 2229 1641 2298 quidem
1691 2231 1888 2297 ipsum,
1945 2229 2085 2298 quod

520 2315 650 2367 nihil
678 2315 986 2371 definiatur.
1020 2319 1214 2371 Verum
1239 2335 1361 2372 cmn
1387 2337 1490 2373 non
1519 2330 1791 2388 suppetat,
1826 2331 1884 2374 ut
1912 2323 2085 2386 aiunt,

517 2421 624 2474 quo
658 2421 819 2461 sensa
853 2409 1050 2462 mentis
1084 2407 1395 2474 efferamus,
1423 2412 1503 2464 sic
1536 2410 1679 2479 loqui
1709 2411 1966 2467 solemus.
2019 2413 2091 2468 At

518 2498 608 2563 qui
657 2497 723 2549 ad
775 2500 1144 2565 Academiam,
1197 2501 1542 2568 maximeque
1598 2503 1664 2555 ad
1713 2502 1856 2557 hanc
1894 2520 2086 2559 novatn

519 2589 817 2655 pertinent,
845 2591 1042 2660 inquit,
1077 2607 1199 2646 cum
1227 2593 1425 2647 Stoicis
1453 2595 1719 2647 interdum
1747 2597 2092 2664 opinionibus

519 2683 884 2748 consentiunt,
938 2694 993 2737 et
1047 2684 1114 2752 (si
1171 2699 1356 2738 verum
1412 2685 1564 2739 fateri
1610 2687 1876 2753 volumus)
1921 2687 2086 2743 Stoici

521 2774 646 2842 ipsi,
672 2775 765 2829 sed
793 2775 1025 2842 quicum
1055 2775 1255 2830 Stoicis
1286 2787 1545 2845 pugnent,
1583 2779 1850 2834 videntur.
1887 2779 2090 2834 Deinde

517 2875 572 2919 et
599 2865 667 2918 de
703 2864 886 2918 multis
917 2865 1134 2919 decreta
1157 2875 1421 2918 statuunt.
1457 2863 1725 2919 Virtutem
1758 2870 1900 2920 enim
1929 2879 2091 2936 atque

519 2956 810 3009 amentiam
845 2955 1108 3008 inducunt
1132 2974 1144 3009 :
1173 2943 1370 3008 bonum
1401 2972 1635 3025 quoque,
1659 2969 1712 3011 et
1737 2959 1935 3011 malum
1951 2960 2093 3012 velttt

521 3049 781 3116 principia
815 3059 1050 3116 ponunt;
1095 3062 1279 3100 verum
1306 3049 1456 3109 item.
1515 3063 1566 3103 et
1600 3050 1818 3117 falsum,
1879 3070 2091 3110 rursum

2199 579 2487 664 Πύρρωνος
2514 581 2839 650 ἀπορητικοί
2867 579 2928 632 τέ
2955 581 3064 632 εισι
3094 580 3187 632 καὶ
3204 579 3399 640 παντὸς
3424 579 3731 653 άτιολελυμέ.

2193 687 2273 722 νοι
2323 670 2615 740 δόγματος,
2649 674 2744 724 καὶ
2791 672 2964 734 οὐδεὶς
3010 671 3192 724 αὐτῶν
3221 671 3279 722 τὸ
3326 672 3578 739 παράπαν
3622 676 3729 732 οὔτε

2193 761 2554 830 ἀκατάληπτα
2605 764 2782 816 πάντα
2825 764 3050 832 εἴρηκεν
3091 761 3216 814 οὔτε
3263 763 3595 834 καταληπτά,
3625 768 3728 822 ἀλλ’

2192 854 2344 906 οὐδὲν
2378 855 2578 924 μᾶλλον
2609 857 2806 920 τοιάδε,
2837 856 2868 924 ἢ
2910 857 3110 913 τοιάδε,
3145 856 3176 925 ἢ
3212 856 3331 907 τότε
3353 857 3448 924 μὲν
3473 860 3602 920 τοῖα,
3628 863 3732 915 τότε

2190 945 2246 997 δὲ
2276 947 2336 997 οὐ
2357 949 2498 1009 τοῖα,
2533 947 2565 1016 ἢ
2609 941 2652 1014 ᾧ
2691 948 2790 1016 μὲν
2819 947 3044 1000 τοιαῦτα
3069 941 3113 1014 ᾧ
3157 948 3213 999 δὲ
3255 949 3316 1000 οὐ
3372 948 3587 1002 τοιαῦτα
3615 945 3656 1018 ᾧ
3693 954 3732 1005 δ’

2190 1037 2298 1090 οὐδ’
2324 1039 2460 1101 ὅλως
2492 1039 2619 1090 ὄντα
2647 1056 2662 1069 ο
2695 1039 2816 1092 οὐδὲ
2861 1040 2908 1071 ⁸⁸
2940 1039 3272 1108 μὴν”ὲφικτὰ
3332 1041 3504 1092 πάντα
3555 1044 3728 1109 κοινῶς

2191 1131 2223 1199 ἡ
2275 1147 2395 1181 τινα
2426 1131 2630 1183 τούτων
2661 1133 2693 1200 ἢ
2721 1132 2765 1164 ³⁸
2799 1133 2898 1183 οὐκ
2963 1132 3178 1198 ἐφικτὰ,
3212 1132 3327 1183 ἀλλ’
3357 1133 3507 1184 οὐδὲν
3557 1136 3737 1202 μᾶλλον

2190 1221 2384 1286 ἐφικτὰ
2409 1221 2440 1289 ἢ
2474 1222 2573 1274 οὐκ
2614 1224 2827 1290 ἐφικτὰ,
2871 1223 2901 1291 ἢ
2932 1222 3052 1274 τότε
3085 1224 3181 1292 μὲν
3206 1223 3401 1290 ἐφικτὰ
3423 1225 3539 1276 τότε
3559 1225 3600 1276 δ’
3623 1228 3712 1280 οὐκ

2191 1314 2274 1366 έτι
2300 1315 2367 1380 ⁸⁸,
2414 1315 2558 1384 ἢτῷ
2597 1317 2694 1384 μὲν
2750 1315 2946 1380 ἐφικτὰ
2983 1315 3062 1384 τῷ
3112 1315 3156 1366 δ’
3215 1315 3298 1368 οὔ.
3331 1317 3441 1367 Καὶ
3499 1318 3601 1385 μὴν
3645 1319 3740 1372 οὐδ’

2189 1407 2442 1475 ἀληθινὸν
2485 1409 2600 1460 οὐδὲ
2641 1407 2856 1476 ψεῦδος,
2897 1407 3017 1458 οὐδὲ
3051 1407 3307 1468 πιθανὸν,
3336 1407 3442 1458 οὐδ’
3480 1407 3738 1471 απίθανον,

2190 1497 2297 1548 οὐδ’
2318 1497 2374 1548 ὃν
2420 1498 2539 1548 οὐδὲ
2573 1497 2646 1566 μὴ
2678 1497 2760 1559 ὃν,
2791 1499 2926 1572 ἀλλὰ
2957 1499 3016 1549 τδ
3049 1499 3180 1550 αὐτὸ
3215 1498 3287 1559 ὡς
3323 1499 3496 1550 εἰπεῖν
3537 1499 3593 1549 οὐ
3629 1501 3743 1566 μᾶλ-

2190 1589 2279 1640 λον
2317 1588 2514 1655 ἀληθὲς
2543 1589 2574 1656 ἢ
2622 1589 2836 1654 ψεῦδος,
2871 1587 2902 1656 ἦ
2957 1588 3182 1640 πιθανὸν
3213 1588 3244 1658 ἦ
3277 1587 3560 1649 ἀπίθανον,
3589 1587 3619 1657 ἦ
3669 1588 3741 1647 ὃν.

2190 1680 2221 1748 ἢ
2254 1680 2353 1731 οὐκ
2383 1679 2461 1739 ὃν,
2494 1679 2526 1747 ἢ
2569 1679 2689 1730 τότε
2739 1680 2834 1746 μὲν
2865 1681 3026 1740 τοῖον,
3060 1679 3182 1730 τότε
3213 1680 3268 1730 δὲ
3302 1682 3466 1739 τοῖον,
3506 1679 3534 1746 ἢ
3569 1671 3611 1744 ᾧ
3657 1680 3745 1746 μὲν

2189 1773 2402 1832 τοιονδὶ,
2437 1764 2482 1837 ᾧ
2516 1771 2571 1822 δὲ
2606 1771 2758 1823 καιθ⁷
2785 1770 2846 1821 οὐ
2882 1770 3096 1823 τοιονδί.
3131 1771 3380 1822 Καθόλου
3411 1770 3519 1839 γὰρ
3548 1771 3685 1822 οὐδὲν
3719 1772 3745 1824 6

2193 1863 2504 1934 Πύῤῥὼνιος
2539 1861 2729 1932 ὁρίζει,
2779 1860 2892 1913 ἀλλ’
2940 1861 3061 1912 οὐδὲ
3122 1860 3253 1912 αὐτὸ
3280 1859 3463 1921 τοῦτο,
3497 1860 3576 1912 ὅτι
3607 1860 3746 1912 οὐδὲν

2191 1954 2520 2024 διορίζεται·
2568 1954 2682 2004 ἀλλ’
2737 1954 2838 2004 οὐκ
2879 1953 3114 2021 ἔχοντες,
3176 1953 3344 2019 φησιν
3391 1952 3458 2013 ⁸⁸,
3507 1953 3645 2014 ὅπως
3693 1951 3748 2005 τὸ

2191 2047 2477 2113 νοούμενον
2529 2045 2938 2112 ὲκλαλήσωμεν,
2975 2042 3118 2094 οὕτω
3148 2043 3454 2111 φράζομεν.
3475 2044 3539 2093 Οἱ
3583 2041 3623 2094 δ’
3653 2043 3749 2096 ἀπὸ

2192 2141 2290 2206 τῆς
2330 2138 2688 2205 Ἀκαδημίας.
2720 2141 2874 2205 φησι,
2913 2137 3148 2205 μάλιστα
3189 2135 3290 2202 τῆς
3327 2134 3445 2196 νῦν,
3473 2135 3562 2186 καὶ⁵
3601 2135 3749 2185 Στωϊ-

2194 2233 2315 2290 καῖς
2344 2229 2711 2297 συμφέρονται
2738 2229 2907 2280 ἐνίοτε
2959 2226 3159 2291 δόξαις,
3188 2227 3282 2278 καὶ
3316 2225 3367 2277 εἰ
3401 2224 3506 2293 χρὴ
3540 2222 3749 2290 τάληθὲς

2193 2321 2387 2380 εἰπεῖν,
2419 2319 2645 2370 Στωϊκοὶ
2672 2318 2953 2384 φαίνονται
2983 2318 3282 2385 μαχόμενοι
3308 2317 3585 2376 Στωϊκοῖς.
3635 2315 3751 2367 Atti-

2192 2429 2249 2463 τε
2262 2429 2351 2481 ρον
2385 2412 2429 2442 ⁸³
2453 2411 2578 2477 περὶ
2605 2408 2812 2460 πολλῶν
2841 2407 3280 2476 δογματίζουσιν.
3320 2409 3549 2477 Ἀρετήν
3571 2424 3626 2458 τε
3654 2408 3750 2475 γάρ

2196 2508 2290 2557 καὶ
2341 2503 2655 2571 ἀφροσύνην
2695 2500 2995 2568 εἰσάγουσι,
3052 2501 3149 2553 καὶ
3207 2500 3416 2567 ἀγαθὸν
3462 2501 3553 2552 καὶ
3600 2503 3752 2550 κακδν

2195 2593 2560 2655 ὑποτίθενται,
2607 2595 2700 2644 καὶ
2744 2593 3002 2660 ἀλήθειαν
3048 2594 3144 2644 καὶ⁷
3191 2592 3410 2661 ψεῦδπ,
3436 2591 3528 2644 καὶ
3567 2590 3627 2658 δὴ
3672 2590 3752 2642 καὶ

2197 2685 2422 2737 πιθανὸν
2491 2685 2584 2735 καὶ
2624 2683 2908 2747 ἀπίθανον,
2951 2683 3045 2735 καὶ
3077 2683 3136 2734 ὃν
3167 2686 3262 2734 καὶ
3315 2684 3392 2752 μὴ
3423 2681 3503 2745 ὃν,
3538 2680 3665 2734 ἄλλα
3701 2697 3753 2733 τε

2196 2778 2364 2830 πολλὰ
2399 2776 2630 2847 βεϐαίως
2664 2777 2924 2844 ὁρίζουσι,
2946 2775 3372 2844 διαμφισϐητεῖν
3406 2775 3462 2826 δέ
3489 2790 3614 2841 φασι
3643 2773 3756 2841 περὶ

2201 2871 2478 2940 μόνηςτῆς
2513 2869 2926 2936 καταληπτικῆς
2978 2869 3300 2935 φαντασίας.
3339 2866 3432 2918 Διδ
3457 2867 3626 2933 οἱμὲν
3663 2864 3757 2916 ἀπὸ

2202 2965 2488 3034 Πύρρωνος
2517 2963 2573 3013 ὲν
2600 2961 2678 3030 τῷ
2707 2961 2872 3030 μηδὲν
2903 2959 3105 3030 ὁρίζειν
3144 2961 3508 3028 ἀνεπίληπτοι
3536 2959 3595 3011 τὸ
3634 2975 3757 3027 παρ-

2201 3058 2345 3110 άπαν
2373 3053 2716 3122 διαμένουσιν
2733 3070 2746 3083 ο
2769 3054 2816 3104 οἱ
2843 3051 2886 3103 δ’
2908 3052 2966 3114 ἐξ
2997 3051 3355 3119 Ἀκαδημίας,
3379 3052 3562 3118 φησὶν,
3585 3049 3757 3115 ὁμοίας

520 3139 818 3206 probabile,
879 3148 935 3192 et
984 3139 1364 3208 improbabile,
1420 3155 1516 3194 eus
1564 3145 1708 3207 dein,
1747 3154 1800 3196 et
1831 3161 1936 3199 nou
1971 3161 2091 3210 ens,

2199 3148 2296 3210 15:;
2327 3146 2557 3208 εὐθύνας
2587 3150 2696 3205 τοῖς
2725 3145 2903 3203 ἄλλοις
2955 3142 3264 3211 φιλοσόφοις
3301 3143 3586 3210 ὑπέχουσι.
3617 3142 3683 3193 Τὸ
3709 3140 3757 3192 δὲ

517 3232 733 3299 aliaque
781 3248 889 3285 non
940 3247 1110 3300 pauca
1169 3242 1318 3284 certo
1367 3233 1675 3289 deﬁniunt:
1711 3237 1986 3306 ambigere
2034 3254 2096 3293 se

520 3334 726 3378 tantum
781 3325 1024 3380 dicentes
1071 3325 1138 3378 de
1183 3327 1629 3392 comprehensiva
1686 3329 2093 3398 imaginatione.

517 3420 879 3480 Quamobrem
917 3415 1228 3485 Pyrrltonii,
1282 3419 1407 3471 dum
1459 3419 1593 3472 nihil
1637 3420 1924 3486 deﬁniunt,
1975 3437 2098 3476 om-

521 3511 651 3562 nino
701 3509 1065 3575 irreprehensi
1109 3520 1463 3578 permanent;
1505 3527 1693 3565 verum
1734 3511 2097 3578 Academicis,

519 3603 618 3664 ait,
652 3615 810 3667 pares
837 3615 958 3654 cum
986 3599 1111 3654 aliis
1138 3600 1478 3670 philosophis
1519 3601 1758 3656 rationes
1789 3603 2094 3657 reddendae.

518 3691 654 3746 Illud
688 3706 847 3759 porro
879 3693 1206 3745 maximum:
1239 3694 1382 3760 quod
1420 3692 1492 3744 illi
1529 3693 1595 3746 de
1628 3707 1687 3747 re
1722 3693 1964 3761 qualibet
1995 3695 2096 3748 sibi

518 3786 697 3839 oblata
755 3784 1089 3849 dubitantes,
1139 3800 1243 3837 non
1296 3794 1502 3837 tantum
1544 3787 1792 3838 eumdem
1842 3797 2101 3854 perpetuo

523 3886 743 3930 teneant
788 3877 1056 3941 ordinem,
1113 3875 1210 3929 sed
1263 3890 1538 3943 nunquam
1569 3877 1736 3930 etiam
1776 3893 1961 3930 secum
1999 3879 2100 3946 ipsi

523 3981 782 4038 pugnent,
845 3984 966 4022 cum
1014 3969 1070 4022 bi
1116 3982 1301 4022 secum
1337 3983 1579 4036 pugnare
1627 3983 1708 4032 se,
1768 3983 1835 4022 ne
1862 3970 2102 4023 sentiant

523 4059 762 4127 quidem.
807 4059 981 4114 Simul
1009 4059 1154 4114 enim
1194 4073 1396 4127 ponere
1439 4059 1744 4128 quidpiam,
1789 4069 1842 4114 et
1886 4077 2100 4113 rursum

523 4152 898 4207 indubitanter
927 4151 1137 4214 tollere,
1179 4151 1338 4205 simul
1376 4151 1500 4205 item
1532 4152 1711 4205 dicere
1743 4154 2103 4206 communiter

523 4241 704 4308 aliqua
747 4254 869 4294 esse
915 4241 1446 4310 comprehensibilia,
1489 4250 1542 4294 et
1591 4259 1695 4294 nott
1724 4256 1864 4303 esse,
1932 4242 2104 4294 mani-

525 4333 718 4388 festam
767 4333 954 4402 utique
1007 4347 1242 4404 pugnam
1283 4334 1460 4388 alIert.
1528 4333 1780 4401 Alioquin
1831 4335 2105 4402 quomodo

526 4423 643 4478 tieri
670 4424 863 4494 possit,
915 4425 1096 4494 utqui
1132 4424 1382 4494 cognorit
1425 4426 1525 4480 hoc
1551 4439 1669 4479 esse
1713 4440 1923 4488 verum,
1973 4424 2104 4478 illud

2201 3241 2478 3310 μέγιστον,
2504 3241 2552 3291 οἱ
2581 3239 2680 3306 μὲν
2713 3238 2842 3306 περὶ
2872 3236 3070 3298 παντὸς
3092 3235 3184 3288 τοῦ
3212 3235 3569 3304 προτεθέντος
3587 3235 3759 3286 διαπο-

2201 3331 2419 3402 ροῦντες
2442 3330 2502 3382 τό
2530 3347 2588 3381 τε
2643 3328 2926 3397 σύστοιχον
2980 3326 3300 3395 διατηροῦσι
3335 3329 3428 3378 καὶ
3465 3328 3669 3386 ἑαυτοῖς
3705 3324 3759 3376 οὐ

2203 3426 2489 3494 μάχονται,
2522 3425 2570 3474 οἱ
2610 3422 2668 3474 δὲ
2696 3421 3020 3490 μαχομένοις
3059 3421 3106 3451 ⁹⁶
3139 3421 3356 3481 ἑαυτοῖς
3389 3419 3451 3470 οὐ
3493 3417 3759 3469 συνίσασιο

2197 3517 2258 3568 τὸ
2282 3515 2391 3585 γὰρ
2420 3515 2536 3584 ἆμα
2568 3514 2773 3565 τιθέναι
2802 3529 2854 3564 τι
2886 3511 2982 3564 καὶ
3003 3510 3181 3580 αἴρειν
3220 3509 3625 3578 ἀναμφιϐόλως,
3663 3507 3762 3575 ἃμα

2197 3625 2256 3661 τε
2289 3609 2453 3675 φάναι
2475 3604 2668 3666 κοινῶς
2700 3605 2964 3673 ὑπάρχειν
2995 3604 3038 3633 ⁹¹
3064 3602 3412 3671 καταληπτά.
3443 3602 3619 3671 μάχην
3645 3601 3760 3667 ὁμο-

2199 3698 2534 3766 λογουμένην
2571 3697 2803 3762 εἰσάγει.
2856 3695 2976 3748 ἐπεὶ
3023 3695 3141 3758 πῶς
3181 3690 3292 3747 οἷόν
3342 3712 3403 3746 τε
3453 3692 3765 3758 γινώσκοντα

2204 3791 2319 3844 τόδε
2359 3791 2455 3859 μὲν
2486 3786 2623 3841 εἶναι
2648 3789 2844 3856 ἀληθὲς
2881 3787 3000 3840 τόδε
3031 3787 3090 3840 δὲ
3141 3786 3336 3855 ψεῦδος
3385 3787 3468 3838 ἔτι
3512 3784 3767 3852 διαπορεῖν

2203 3885 2294 3936 καὶ
2314 3881 2583 3943 διστάσαι,
2604 3882 2696 3933 καὶ
2715 3882 2774 3932 οὐ
2793 3880 2978 3947 σαφῶς
3010 3879 3071 3931 τὸ
3093 3878 3192 3947 μὲν
3213 3878 3432 3931 ἑλέσθαι
3455 3879 3515 3930 τὸ
3543 3876 3598 3929 δὲ
3627 3891 3767 3944 περι-

2205 3973 2398 4044 στῆναι
2425 3989 2438 4035 ;
2467 3975 2515 4024 εἰ
2547 3971 2644 4039 μὲν
2674 3970 2783 4039 γὰρ
2813 3971 2858 4000 ⁹¹
2891 3970 3166 4035 ἀγνοεῖται
3189 3970 3271 4019 ὃτι
3306 3968 3427 4020 τόδε
3457 3967 3601 4020 ἐστὶν
3647 3965 3768 4032 ἁγα-

2205 4069 2294 4120 θὸν
2320 4066 2352 4136 ἢ
2381 4068 2567 4126 κακὸν,
2599 4064 2631 4132 ἢ
2660 4063 2777 4115 τόδε
2813 4062 2912 4130 μὲν
2947 4060 3145 4128 ἀληθὲς
3174 4059 3292 4113 τόδε
3325 4059 3383 4112 δὲ
3431 4057 3641 4125 ψεῦδος,
3687 4053 3767 4107 καὶ

2206 4159 2322 4211 τόδε
2355 4157 2452 4226 μὲν
2480 4155 2538 4208 ὃν
2561 4155 2679 4208 τόδε
2711 4155 2768 4206 δὲ
2817 4155 2890 4221 μὴ
2913 4153 2994 4214 ὃν,
3031 4153 3250 4214 πάντως
3274 4149 3635 4219 ὁμολογητέον
3658 4147 3767 4197 ἕκα-

2207 4267 2331 4301 στον
2356 4246 2742 4315 ἀκατάληπτον
2777 4241 2939 4296 εἶναι’
2968 4243 3093 4314 [543
3129 4242 3220 4312 R.]
3254 4244 3300 4293 εἰ
3335 4241 3378 4294 δ’
3393 4239 3636 4308 ἐναργῶς
3664 4235 3766 4289 κατ’

2206 4338 2459 4408 αἴσθησιν
2483 4337 2516 4408 ἢ
2538 4337 2676 4389 κατὰ
2693 4335 2877 4404 νόησιν
2909 4335 3410 4404 καταλαμϐάνεται,
3445 4327 3768 4398 καταληπτὸν

2206 4431 2437 4483 ἕκαστον
2495 4427 2710 4495 φατέον.
2746 4426 2934 4480 Ταῦτα
2973 4425 3072 4496 μὲν
3117 4426 3420 4494 ἀρχόμενος
3469 4423 3575 4475 τῶν
3616 4423 3768 4490 λόγων

527 4519 758 4584 ialsum,
812 4521 990 4576 adhuc
1036 4520 1296 4586 dubitet,
1353 4533 1518 4590 atque
1569 4522 1849 4592 ambigat:
1884 4531 1938 4575 et
1993 4536 2094 4575 non

2209 4521 2304 4572 καὶ
2323 4518 2526 4571 τοιαῦθ’
2550 4517 2734 4588 ἕτερα,
2770 4519 2870 4585 τὴν
2899 4517 3164 4586 διαφορὰν
3196 4517 3304 4568 τῶν
3331 4515 3658 4586 Πυρρωνίων
3688 4513 3768 4566 καὶ

524 4621 678 4667 certo
703 4615 853 4680 prius
883 4612 1016 4667 illud
1043 4612 1425 4682 amplectatur,
1459 4611 1802 4681 alterumque
1833 4611 2106 4668 declinet?

524 4701 658 4756 Nam
695 4703 740 4756 si
765 4703 1048 4770 ignoratur
1083 4703 1184 4758 hoc
1214 4703 1414 4759 bonum
1444 4719 1586 4766 esse,
1623 4713 1721 4758 aut
1747 4703 1945 4758 malum
1975 4721 1991 4758 :
2022 4703 2106 4758 vel

528 4796 632 4849 hoc
665 4811 882 4860 verum,
932 4795 1060 4850 illud
1111 4794 1436 4850 falsum:et
1483 4798 1586 4851 hoc
1638 4797 1924 4860 exsistere,
1979 4797 2107 4850 illud

528 4900 659 4940 vero
673 4887 893 4940 minime
915 4910 928 4940 .
951 4887 1174 4941 omnino
1205 4887 1481 4941 fatendum
1508 4888 1700 4942 horum
1727 4889 1936 4958 singula
1957 4903 2110 4942 cum-

531 4979 788 5045 prehendi
845 4995 954 5033 non
1015 4995 1208 5048 posse;
1251 4984 1336 5036 sin
1384 4981 1665 5035 evidenter
1712 4997 1874 5036 sensu
1907 4982 1988 5035 vel
2028 4983 2110 5034 in-

532 5069 828 5138 telligentia
862 5072 1053 5124 horum
1088 5072 1331 5140 quidque
1354 5072 1709 5140 percipiatur,
1748 5072 2109 5141 comprehcn-

529 5161 686 5215 sibile
705 5161 814 5231 jam
849 5165 1042 5217 horum
1065 5179 1187 5218 esse
1206 5165 1485 5231 quodlibet
1509 5165 1793 5218 dicendum
1824 5175 1930 5219 est.
1957 5167 2102 5231 Haec,

531 5254 747 5322 aliaque
785 5255 834 5307 id
854 5270 1047 5322 genus,
1103 5258 1171 5309 ab
1212 5256 1326 5322 ipso
1372 5271 1493 5308 mox
1527 5255 1790 5308 librormn
1825 5257 2106 5310 iuitiodis—

531 5346 737 5398 crimen
765 5345 1102 5418 Pyrrhonios
1146 5347 1290 5400 inter
1331 5358 1384 5400 et
1412 5346 1769 5402 Academicos
1790 5352 2108 5410 ostendens,

534 5435 621 5488 hic
634 5434 1018 5494 Etiesidetttus
1034 5436 1242 5508 Egens
1257 5446 1578 5508 pertractat,
1596 5439 1905 5495 universum
1916 5441 2107 5510 1706

2223 4609 2638 4682 Ἀκαδημαϊκῶν
2665 4611 3005 4672 ὑποδεικνὺς.
3038 4609 3346 4678 ἀναγράφει
3371 4609 3399 4661 6
3426 4605 3769 4674 Μνησίδημος

2210 4711 2238 4761 6
2268 4707 2327 4773 ἐξ
2364 4705 2544 4772 Αἰγῶν
2577 4721 2591 4734 ο
2622 4702 2821 4771 ἐφεξῆς
2864 4702 2921 4754 δὲ
2958 4705 3098 4755 κατά
3131 4704 3222 4755 τὸν
3256 4701 3420 4754 αὑτὸν
3456 4701 3610 4768 λόγον
3638 4695 3770 4768 πρῶ-

2213 4819 2304 4856 τον
2345 4801 2441 4854 καὶ
2466 4801 2564 4870 τὴν
2585 4799 2715 4868 ὅλην
2741 4798 2860 4864 ἁγω
2872 4797 2964 4865 τὴν
2989 4796 3063 4858 ὡς
3084 4796 3243 4867 τύπῳ
3283 4798 3378 4848 καὶ
3404 4787 3767 4861 κεφαλαιωδῶς

2214 4895 2322 4946 τῶν
2344 4891 2674 4962 Πυρρωνίων
2699 4889 3038 4959 παραδίδωσι
3055 4888 3250 4957 λόγων.
3287 4886 3373 4939 Ἐν
3402 4887 3458 4940 δὲ
3481 4885 3558 4948 τῷ
3583 4884 3624 4953 β’
3647 4877 3768 4935 κατὰ

2213 4987 2376 5060 μέρος
2405 4985 2504 5054 ἠδη
2544 4983 2844 5052 ἀρχόμενος
2863 4980 3134 5044 ἐπεξιέναι
3155 4981 3221 5033 τά
3252 4983 3310 5033 ἐν
3337 4977 3614 5046 κεφαλαίῳ
3641 4975 3769 5040 εἰρη-

2215 5079 2349 5148 μένα
2380 5075 2507 5146 περί
2528 5090 2588 5126 τε
2611 5071 2827 5144 ἀληθῶν
2849 5073 2943 5126 καὶ
2963 5072 3153 5126 αἰτίων
3173 5060 3412 5142 [28111]
3435 5064 3769 5136 διαλαμϐάνει

2212 5172 2308 5225 καὶ
2328 5167 2519 5222 παθῶν
2543 5167 2637 5220 καὶ
2659 5166 2946 5235 κινήσεως,
2978 5165 3249 5233 γενέσεώς
3267 5181 3326 5215 τε
3355 5163 3448 5215 καὶ
3475 5161 3670 5230 φθορᾶς
3686 5152 3767 5208 καὶ

2211 5261 2317 5313 τῶν
2339 5259 2546 5318 τούτοις
2563 5257 2840 5322 ἐναντίων,
2871 5255 3020 5309 κατὰ
3051 5256 3270 5309 πάντων
3293 5253 3472 5308 αὐτῶν
3500 5252 3559 5304 τὸ
3583 5245 3766 5317 ἄπορόν

2213 5370 2269 5404 τε
2293 5352 2337 5383 ’³
2364 5351 2459 5404 καὶ
2508 5349 2892 5418 ἀκατάληπτον
2933 5350 3176 5412 πυκνοῖς,
3203 5347 3280 5409 ὡς
3309 5346 3502 5408 οἴεται,
3544 5341 3763 5404 ἐπιλογι-

2223 5446 2380 5510 σμοῖς
2407 5443 2746 5505 ὑποδεικνύς.
2773 5441 2885 5495 Καὶ
2909 5443 2938 5494 6
2959 5448 3008 5510 γ’
3035 5441 3092 5494 δὲ
3122 5440 3273 5511 αὐτῷ
3301 5438 3454 5506 λόγος
3481 5434 3605 5506 περὶ
3627 5431 3764 5499 κινή-

1797 5555 2032 5612 VARUE
2092 5555 2500 5613 LECTIONES.

605 5665 650 5696 ⁸⁸
675 5665 782 5718 ὑπό
830 5684 888 5729 ς.
965 5665 1012 5698 ⁸⁸
1040 5666 1162 5719 οὐδέ
1192 5666 1272 5723 A:
1305 5667 1426 5722 οὔτε
1451 5686 1512 5733 ς.
1590 5671 1636 5701 ³⁵

1664 5670 1699 5742 ᾗ
1730 5672 1864 5742 add.
1889 5673 1952 5726 Α.
2025 5671 2070 5703 ⁸⁸
2086 5671 2295 5742 οὐκέτι,
2322 5673 2353 5742 ἢ
2385 5671 2463 5741 τῷ
2499 5672 2599 5740 μὲν
2655 5672 2852 5740 ἐφικτὰ
2893 5671 2971 5740 τῷ
3021 5672 3066 5724 δ’
3101 5671 3163 5726 οὔ
3189 5671 3230 5725 Α
3288 5689 3301 5727 :

3351 5670 3448 5722 οὐκ
3498 5661 3686 5733 ἐφικτὰ,
3706 5675 3754 5722 ς’.

536 5735 582 5766 ⁸⁷
624 5736 720 5793 καὶ
749 5737 963 5815 ιιιιιηΑε
1032 5735 1079 5815 τ’
1109 5738 1230 5791 libri
1261 5740 1445 5815 φασίν.
1591 5735 1869 5815 δεύτερον]
1902 5742 1946 5812 β’
1969 5742 2011 5796 Α
2037 5759 2057 5815 Δε
2091 5735 2464 5815 δεύτερον’καί
2635 5735 3047 5814 ’θ’μαχομὲνους
3084 5759 3146 5811 ς.
3219 5742 3263 5774 ’⁸
3293 5735 3578 5812 ὑπάρχειν]
3604 5735 3755 5799 ﬁmi"

542 5822 654 5876 χειν
699 5808 793 5862 καὶ
827 5809 901 5877 μὴ
941 5806 1210 5877 ὑπάρχειν
1236 5825 1346 5880 mg.
1378 5811 1444 5868 A.
1520 5811 1695 5884 ηγὰρ
1716 5806 1932 5868 ειίΜῘᾸ.
2006 5813 2054 5845 ⁸³
2070 5828 2128 5870 τε
2164 5806 2285 5866 add.
2322 5813 2387 5869 Δ.
