4022 6482
562 426 666 490 699

1620 424 1888 487 PHOTII
1918 419 2427 483 PATRIARGH/‘E
2465 421 2576 482 CP.

3702 414 3798 477 700

508 582 517 593 .
562 542 831 597 Asiaticos
884 556 973 597 res
1023 543 1177 597 libris
1232 544 1440 609 decem,
1483 551 1542 601 et
1580 543 1648 599 de
1690 542 1919 611 Eumpaa
1977 542 2139 596 rebus

2245 537 2456 609 Γράψαι
2500 537 2559 591 δὲ
2608 532 2703 590 τὸν
2748 534 2920 608 ἄνδρα
2965 528 3155 587 τοῦτον
3184 530 3253 583 τὰ
3285 528 3433 584 κατά
3486 528 3589 599 τὴν
3626 530 3802 588 Ἀσίαν

563 635 716 689 libris
767 634 906 703 (Π)
963 635 1320 707 quadraginta
1389 651 1581 691 novem
1649 635 1937 690 historiam
2012 648 2136 702 per-

561 726 819 790 texuisse,
859 725 1167 781 didicimus.
1209 726 1339 795 Ejus
1375 736 1554 781 autem
1591 725 1712 780 libri
1748 724 1863 795 (18)
1898 724 2137 794 quinque

566 818 805 873 Rubrum
852 832 1025 886 mare,
1065 833 1293 889 qumque
1344 819 1411 874 ad
1460 820 1591 874 illud
1636 820 1929 889 pertinent,
1965 831 2137 886 expo-

563 917 715 962 nunt.
748 907 815 963 Et
851 911 966 965 haec
997 911 1214 977 quidem
1252 912 1433 966 omnia
1470 912 1697 981 ipsemet
1724 920 1970 966 extremo
1999 908 2138 963 libro

563 1000 753 1068 quinto
782 1013 1195 1058 commemorat.
1233 1003 1332 1060 Ubi
1380 1014 1435 1060 et
1465 1006 1536 1060 ob
1569 1004 1704 1060 alias
1732 1013 1912 1059 certas
1940 1016 2139 1058 causas

561 1104 593 1143 a
638 1092 925 1146 scribendo
979 1108 1039 1148 se
1091 1108 1336 1149 cessasse
1381 1098 1476 1160 ait,
1510 1097 1761 1165 quodque
1800 1104 1990 1151 exacta
2026 1093 2140 1163 jam

564 1192 695 1237 retas
728 1184 778 1237 in
810 1185 1019 1239 senium
1054 1196 1323 1256 vergeret.
1373 1186 1514 1242 Sunt
1541 1187 1633 1258 qui
1665 1196 1861 1257 praeter
1894 1188 2009 1242 haec
2035 1185 2139 1242 alia

564 1274 634 1327 ab
674 1274 765 1329 illo
809 1278 1117 1347 conscripta
1154 1279 1395 1340 tradunt.
1440 1295 1559 1349 quae
1597 1280 1731 1334 mibi
1773 1281 1958 1335 videre
2001 1296 2142 1334 nun-

564 1379 729 1432 quam
783 1368 1032 1438 contigit.
1082 1368 1217 1423 Nam
1276 1380 1331 1425 et
1383 1370 1773 1441 Compendium
1833 1371 1983 1426 aiunt
2035 1385 2142 1427 uno

565 1454 706 1509 libro
752 1456 1036 1526 reliquisse
1080 1474 1293 1526 eorum,
1324 1476 1446 1530 quae
1492 1463 1557 1515 de
1602 1460 1787 1518 Rubro
1828 1462 1961 1517 mari
2002 1463 2142 1517 scri-

567 1547 791 1616 psisset;
830 1549 957 1604 item
991 1550 1069 1604 De
1103 1550 1440 1624 Troglodyu's
1475 1553 1641 1608 libros
1668 1554 1925 1624 quinque,
1960 1556 2055 1609 sed
2091 1563 2145 1607 et

566 1638 845 1706 Epiramen
899 1641 1074 1713 Lydes
1132 1644 1201 1699 ab
1241 1644 1566 1700 Antimacho
1616 1647 1865 1715 scriptzn;
1926 1661 2143 1699 rursum

564 1730 709 1783 aliud
735 1730 1068 1787 Breviarium
1114 1750 1303 1791 eorum
1348 1753 1468 1807 qua:
1506 1738 1575 1793 de
1616 1739 1939 1794 collectione
1973 1739 2146 1793 admi-

2239 629 2487 701 ἔγνωμεν
2514 628 2537 661 ⁸
2561 630 2620 682 ὲν
2664 626 2889 700 βιϐλίοις
2923 631 2955 678 ι’
2984 641 2998 655 ο
3038 622 3135 677 καὶ
3162 621 3271 676 τῶν
3298 621 3445 675 κατὰ
3483 621 3584 691 τὴν
3630 620 3803 693 Εὐρώ-

2239 741 2349 792 πην
2373 724 2430 776 δὲ
2462 722 2484 753 ⁹
2514 723 2595 785 είς
2626 722 2670 775 θ’
2690 720 2783 774 καὶ
2810 725 2861 791 μ’
2896 716 3286 788 παρατείνεται
3316 713 3472 784 αὐτῷ
3507 714 3542 784 ἡ
3570 714 3803 786 ἱστορία·

2239 816 2375 871 ἀλλὰ
2403 816 2494 869 καὶ
2521 812 2561 868 ε’
2590 813 2774 885 βιϐλία
2806 812 2906 883 τὴν
2934 809 3208 879 Ἐρυθρὰν
3244 806 3395 877 αύτῷ
3429 807 3613 860 πᾶσαν
3636 809 3809 861 καὶτὰ

2241 906 2368 976 περὶ
2384 904 2590 974 ταύτην
2620 900 2981 973 ἐξιστοροῦσι.
3020 900 3132 965 Τὴν
3163 893 3257 952 οῦν
3278 896 3585 969 εἰρημένην
3606 896 3807 953 ἃπασαν

2241 998 2569 1071 συγγραφὴν
2624 996 2754 1071 [282
2804 994 2901 1069 Η.]
2956 996 3047 1050 καὶ
3086 994 3249 1057 αὐτὸς
3296 994 3390 1046 ἐπὶ
3444 993 3592 1046 τέλει
3640 992 3732 1048 τοῦ
3772 1002 3807 1049 ε’

2238 1092 2401 1162 λόγου
2439 1092 2520 1155 είς
2570 1093 2792 1162 μνήμην
2821 1088 3036 1157 ἀνάγει,
3072 1087 3130 1141 ὲν
3161 1078 3206 1155 ᾧ
3233 1086 3326 1140 καὶ
3360 1083 3681 1139 πεπαῦσθαι
3723 1086 3809 1141 τοῦ

2240 1184 2475 1255 γράφειν
2506 1184 2594 1237 διά
2621 1182 2773 1246 τινάς
2817 1198 2879 1234 τε
2922 1179 3101 1243 αἰτίας
3135 1179 3291 1245 ἄλλα,
3339 1180 3439 1231 καὶ⁵
3481 1179 3565 1232 ὅτι
3624 1179 3692 1233 τά
3723 1180 3809 1250 τῆς

2240 1273 2461 1343 ἡλικίας
2514 1270 2799 1325 ἀποκλίνοι
2841 1270 2979 1342 πρὸς
3022 1269 3085 1322 τδ
3111 1267 3331 1339 ἔξωρον.
3365 1266 3521 1336 Πλήν
3578 1283 3642 1335 γε
3685 1268 3808 1321 είσὶν

2240 1366 2296 1418 οῖ
2326 1382 2490 1434 φασιν
2515 1364 2676 1418 αὐτὸν
2713 1362 2810 1418 καλ¹
2838 1362 3032 1433 ἐτέρας
3077 1358 3530 1431 συγγεγραφέναι
3561 1375 3807 1428 πραγμα-

2241 1457 2413 1523 τείας,
2450 1450 2525 1510 ὧν
2558 1458 2720 1527 ἡμεῖς
2748 1454 2937 1508 οὐδένα
2964 1451 3173 1506 ούδέπω
3206 1452 3249 1484 ιθ
3293 1452 3478 1521 ίσμεν.
3529 1449 3811 1522 Ἐπιτομὴν

2242 1546 2300 1600 δὲ
2328 1546 2489 1599 αὐτόν
2506 1563 2636 1614 φασι
2662 1544 2770 1598 τῶν
2801 1543 2930 1614 περὶ
2956 1544 3057 1612 τῆς
3084 1541 3351 1614 Ἐρυθρᾶς
3379 1540 3665 1610 θαλάσσης
3698 1542 3812 1595 ἀνα-

2245 1636 2646 1707 γεγραμμένων
2689 1638 2745 1688 ὲν
2787 1636 2868 1688 ἐνὶ
2926 1634 3183 1699 συντάξαι
3211 1634 3429 1704 βιϐλίῳ,
3463 1636 3559 1686 καὶ
3596 1635 3701 1703 μὴν
3731 1636 3810 1687 καὶ

2245 1731 2386 1797 Περὶ
2437 1727 2858 1797 Τρογλοδυτῶν
2900 1726 3080 1797 βιϐλία
3109 1733 3171 1793 ε’,
3211 1726 3347 1780 ἀλλὰ
3378 1726 3474 1779 καὶ
3502 1726 3811 1795 Ἐπιτομὴν

565 1819 817 1873 rabilium
865 1833 1149 1878 ventorum
1196 1826 1399 1895 scripta
1437 1838 1735 1883 exstarent.
1781 1829 2141 1885 Historiarum

2245 1823 2345 1893 τῆς
2372 1822 2700 1891 Ἀντιμάχου
2732 1820 2932 1892 Λύδης,
2969 1820 3066 1873 καὶ
3106 1818 3269 1874 πάλιν
3298 1820 3472 1889 ἄλλην
3501 1817 3811 1888 Ἐπιτομὴν

567 1910 755 1965 adhmc
803 1911 1074 1984 Excerpta
1103 1918 1493 1984 composuisse,
1528 1930 1691 1989 atque
1728 1920 1795 1976 de
1837 1923 2139 1976 amicorum

2245 1889 2353 1968 τῶν
2408 1889 2875 1985 συγγεγραφότων-
2934 1912 3064 1984 περὶ¹
3118 1912 3447 1981 συναγωγῆς
3509 1910 3811 1981 θαυμασίων

569 2001 713 2055 inter
746 2002 890 2072 ipsos
925 2008 1339 2062 consuetudine.

640 2181 736 2236 Est
774 2193 956 2238 autem
988 2183 1077 2240 hic
1114 2186 1218 2253 vir,
1254 2195 1518 2257 quantum
1553 2190 1670 2258 ejus
1706 2191 1857 2247 libris
1897 2194 2144 2265 legendis

567 2288 897 2344 cognoscere
931 2276 1104 2346 potui,
1136 2279 1545 2351 grandiloquus,
1575 2292 1631 2338 et
1658 2286 1940 2342 sententiis
1971 2288 2147 2344 abun-

569 2366 725 2420 dans.
768 2364 871 2433 Qui
918 2368 1188 2425 orationis
1233 2373 1608 2441 magnitudine
1643 2389 1706 2431 ac
1742 2376 2005 2446 dignitate
2036 2396 2147 2451 pm

569 2458 781 2513 caeteris
833 2458 1048 2528 quidem
1104 2463 1337 2529 gaudet,
1393 2465 1488 2519 sed
1539 2468 1721 2523 verbis
1770 2470 2147 2529 selectioribus

569 2563 675 2603 non
717 2549 1005 2604 admodum
1043 2551 1258 2609 videtur
1286 2556 1554 2613 addictus.
1590 2558 1776 2629 Neque
1806 2571 1984 2618 tamen
2019 2565 2145 2620 dum

569 2640 797 2696 usitatas
824 2657 921 2712 per
946 2644 1125 2697 omnia
1153 2656 1548 2718 consuetasque
1582 2666 1740 2707 voces
1767 2669 1872 2708 non
1902 2655 2145 2723 adhibet,

569 2748 739 2788 novas
777 2736 892 2804 ipse
923 2736 1125 2792 format
1152 2756 1166 2791 :
1201 2740 1304 2794 nisi
1346 2739 1489 2797 forte
1519 2747 1950 2814 usurpandorum
1981 2766 2146 2807 voca-

568 2825 822 2882 bulorum
868 2828 1066 2884 artifex
1118 2833 1407 2901 quispiam,
1446 2850 1636 2891 novam
1688 2842 1976 2907 quamdam
2022 2861 2147 2913 spe-

568 2920 708 2972 ciem
743 2919 1122 2988 praeferentem
1158 2925 1402 2991 phrasim
1444 2928 1509 2982 de
1547 2944 1652 2983 non
1687 2932 1841 2986 novis
1869 2934 2148 2990 vocabulis

568 3010 831 3070 effecerit.
875 3013 1030 3080 Quod
1074 3016 1290 3086 quidem
1340 3021 1631 3076 artificium
1683 3024 1965 3095 ingeniose
2012 3032 2147 3085 adeo

569 3104 667 3158 tibi
700 3105 944 3174 subjicit,
976 3118 1034 3162 ut
1064 3125 1163 3164 nec
1196 3111 1508 3167 innovatum
1549 3116 1841 3186 quidquam
1874 3122 2142 3191 videatur,

2245 2008 2486 2078 ἀνέμων,
2522 2006 2754 2076 ἐκλογάς
2783 2023 2841 2059 τε
2876 2002 3129 2076 ἱστοριῶν
3161 2003 3323 2057 αὐτὸν
3341 2001 3612 2069 συντάξαι
3638 2004 3701 2069 ιί,
3730 2005 3811 2057 καὶ

2248 2105 2375 2175 περὶ
2400 2105 2500 2170 τῆς
2531 2100 2861 2175 προσφιλοῦς
2895 2101 3133 2171 ὁμιλίας.

2321 2198 2475 2250 Ἔστι
2505 2195 2561 2248 δὲ
2591 2194 2651 2260 ἐξ
2679 2191 2753 2249 ὧν
2779 2194 2870 2247 τὸν
2897 2193 3064 2264 ἄνδρα
3098 2193 3229 2255 τοὺς
3250 2190 3453 2261 λόγους
3487 2189 3655 2245 αὐτοῦ
3688 2190 3810 2243 διελη

2247 2291 2431 2354 θόντες
2464 2289 2807 2358 ἐπέγνωμεν,
2854 2285 3286 2358 μεγαλοπρεπής
3320 2301 3382 2337 τε
3411 2285 3510 2336 καὶ⁸
3553 2284 3809 2351 γνωμολο-

2245 2384 2418 2453 γικὸς,
2435 2384 2615 2455 καὶτῷ
2639 2384 2739 2453 μὲν
2763 2382 2856 2435 τοῦ
2877 2382 3035 2450 λόγου
3062 2380 3284 2451 μεγέθει
3306 2380 3405 2432 καὶ
3423 2376 3699 2443 ἀξιώματι
3716 2377 3807 2428 τῶν

2245 2476 2419 2531 ἄλλων
2448 2474 2648 2545 μᾶλλον
2673 2474 2901 2544 χαίρων,
2934 2471 3111 2539 λέξεσι
3140 2471 3321 2541 μέντοι
3343 2470 3575 2537 λογάσιν
3601 2475 3661 2521 υὺ
3684 2470 3807 2521 πάνυ

2246 2567 2723 2640 προστεθειμένος,
2758 2564 2877 2618 οὐδὲ
2902 2564 2988 2618 διὰ
3021 2564 3131 2619 τῶν
3161 2564 3367 2634 ὲθίμων
3398 2561 3459 2616 δὲ
3491 2560 3583 2615 διὰ
3632 2561 3808 2624 παντὸς

2246 2662 2633 2732 πορευόμενος,
2665 2659 2869 2729 γεννῶν
2899 2658 2956 2712 δὲ
2995 2658 3159 2720 αὐτὸς
3181 2656 3243 2710 οὐ
3271 2655 3478 2721 λέξεις,
3514 2652 3631 2707 ἀλλ’
3659 2653 3709 2707 εί
3739 2669 3807 2713 τις

2245 2754 2404 2818 ἄλλος
2446 2756 2491 2786 ¹¹
2538 2752 2868 2825 δημιουργὸς
2914 2751 3012 2821 τῆς
3055 2749 3183 2822 περὶ
3216 2749 3315 2812 τὰς
3346 2746 3528 2812 λέξεις
3560 2744 3807 2817 χρήσεως.

2248 2846 2445 2917 καινήν
2474 2863 2597 2899 τινα
2619 2845 2696 2916 μὴ
2720 2847 2937 2908 καιναῖς
2969 2843 3012 2875 ¹³
3038 2840 3381 2912 κεχρημένος
3412 2838 3592 2905 λέξεσι
3625 2852 3804 2905 φαντα-

2248 2940 2368 2993 σίαν
2418 2940 2740 3009 πέμπουσαν
2786 2937 2830 2967 *⁸
2872 2935 3130 2989 ἀποτελεῖ
3176 2933 3274 3004 τὴν
3304 2931 3517 3003 φράσιν
3546 2944 3561 2959 ’
3600 2926 3735 2982 οῦτω
3763 2926 3808 2977 δὲ

2246 3031 2542 3103 προσφυῶς
2587 3027 2949 3083 ὑποϐάλλεται
2994 3026 3093 3097 τὴν
3125 3025 3345 3095 πρᾶξιν,
3379 3023 3459 3086 ὡς
3486 3022 3585 3093 τήν
3620 3037 3677 3072 τε
3706 3036 3807 3073 και-

2245 3121 2501 3191 νοτομίαν
2530 3121 2605 3191 μὴ
2631 3120 2808 3173 δοκεῖν
2851 3114 2990 3170 εῖναι
3026 3116 3407 3187 καινοτομίαν,
3441 3114 3537 3167 καὶ
3571 3113 3631 3166 τὸ
3660 3112 3806 3179 σαφὲς

565 3211 671 3251 nec
717 3198 894 3253 minor
944 3201 1035 3265 sit,
1072 3216 1233 3270 quam
1282 3203 1327 3257 si
1378 3206 1610 3262 usitatas
1663 3210 1934 3267 attulisset
1987 3230 2145 3272 voces

2249 3216 2349 3267 οὐκ
2373 3214 2594 3267 ἔλαττον
2619 3211 2728 3265 τῶν
2749 3211 2808 3277 ἐξ
2832 3210 2987 3273 ἔθους
3004 3209 3203 3273 λέξεων
3231 3208 3523 3278 παρέχειν.
3553 3205 3805 3275 Κέχρηται

565 3289 948 3360 perspicuitas.
979 3290 1161 3347 Utitur
1190 3296 1354 3350 etiam
1386 3301 1688 3368 sententiis,
1717 3318 1837 3372 qua:
1869 3307 1986 3373 ejus
2018 3322 2147 3376 pru-

564 3382 806 3436 dentiam
859 3399 966 3439 non
1018 3386 1222 3452 minus,
1266 3404 1427 3458 quam
1482 3391 1803 3450 industriam
1860 3399 2148 3457 manifeste

564 3472 865 3531 declarant.
918 3475 1001 3530 Ad
1057 3479 1347 3534 verborum
1398 3482 1525 3538 item
1580 3484 2013 3546 immutationem
2060 3508 2149 3550 re-

563 3565 706 3621 ctius
752 3568 1156 3637 assumendam,
1190 3572 1408 3642 egregie
1451 3590 1561 3645 prae
1594 3580 1809 3636 caeteris
1851 3596 2149 3652 compara-

563 3665 652 3712 tus
705 3666 811 3713 est.
870 3657 1274 3719 Iucunditatem
1332 3680 1534 3734 porro,
1589 3672 1842 3741 quodque
1906 3676 2145 3733 animum

563 3755 896 3822 demulcere,
946 3767 1041 3811 aut
1092 3759 1398 3818 diﬂundere
1451 3777 1634 3835 queat,
1687 3771 1894 3827 occulte
1944 3780 2146 3842 passim

565 3860 633 3900 ac
677 3845 907 3904 Iatemer
943 3849 1135 3920 17ιὸ
1166 3867 1262 3921 per
1295 3863 1467 3910 totum
1512 3874 1649 3928 opus
1690 3860 2032 3921 disseminat.
2066 3870 2149 3924 Ad

567 3947 753 4008 tropos
798 3954 1015 4009 quoque
1064 3942 1153 3997 ubi
1209 3959 1269 3998 se
1318 3947 1624 4015 applicarit,
1657 3952 1777 4008 sine
1822 3956 1933 4011 ullo
1981 3960 2150 4015 mole-

566 4028 686 4083 stia‘.
736 4043 897 4085 sensu
945 4030 1064 4086 illos
1109 4033 1351 4089 adhibet.
1390 4037 1543 4103 Quod
1585 4042 1802 4111 quidem
1848 4046 1901 4101 in
1939 4063 2005 4104 eo
2037 4050 2150 4106 efﬁ-

566 4119 644 4174 cit
689 4135 795 4175 non
837 4121 1123 4177 verborum
1168 4125 1282 4193 ipsa
1319 4143 1415 4196 per
1444 4144 1503 4184 se
1532 4138 1907 4203 commutatio,
1940 4142 2035 4195 sed
2065 4143 2149 4196 in-

566 4212 786 4281 geniosa
838 4213 1084 4283 quaedam
1128 4225 1185 4271 et
1237 4220 1419 4275 suavis
1463 4222 1530 4275 ad
1582 4239 1670 4279 res
1711 4225 1846 4282 alias
1900 4232 2149 4288 transitio

568 4312 732 4374 atque
773 4308 1077 4362 conversio.
1135 4309 1346 4364 Etenim
1393 4329 1589 4368 nomen
1641 4331 1739 4385 pro
1779 4320 1943 4374 verbo
1987 4338 2148 4377 assu-

570 4412 740 4463 mere,
786 4414 1113 4469 rursumque
1165 4402 1388 4456 verbum
1442 4405 1495 4458 in
1546 4422 1738 4462 nomen
1787 4423 2145 4481 commutare,

570 4503 729 4543 voces
777 4505 993 4560 quoque
1042 4491 1093 4545 in
1142 4494 1443 4549 orationem
1484 4496 1805 4567 diffundere,
1842 4512 1897 4556 et
1945 4505 2149 4560 oratio-

2247 3307 2306 3359 δὲ
2355 3306 2449 3360 καὶ
2487 3305 2734 3374 γνώμαις
2774 3303 2836 3357 τὸ
2883 3303 3132 3373 νουνεχὲς
3161 3302 3256 3355 καὶ
3286 3300 3618 3373 δραστήριον
3646 3297 3807 3364 ἐπιδη-

2247 3397 2488 3460 λούσαις.
2520 3396 2739 3468 Τροπὰς
2768 3395 2824 3449 δὲ
2855 3394 3130 3457 ὑπελθεῖν,
3182 3393 3236 3446 εἴ
3279 3409 3365 3455 τις
3404 3392 3587 3457 ἄλλος,
3634 3388 3805 3460 ἄριστα

2247 3488 2764 3559 παρεσκευασμένος
2792 3489 2854 3541 τὸ
2902 3487 3000 3558 μὲν
3045 3486 3143 3558 ἡδὺ
3191 3485 3288 3540 καὶ
3335 3484 3542 3555 κηλοῦν
3592 3485 3683 3537 καὶ
3724 3482 3806 3549 τὴν

2246 3583 2423 3655 ψυχὴν
2463 3583 2678 3652 διαχέον
2720 3581 3026 3651 λεληθότως
3052 3581 3120 3634 δι’
3144 3580 3265 3633 ὅλου
3296 3577 3608 3648 διασπείρει
3644 3575 3685 3606 ¹⁸
3727 3572 3805 3625 τοῦ

2248 3674 2595 3744 γράμματος,
2635 3674 2714 3735 εἰς
2747 3672 2956 3743 τροπὴν
2996 3671 3054 3724 δὲ
3092 3671 3174 3725 ὅτι
3214 3671 3643 3741 παρενήνεκται,
3677 3664 3806 3719 οὐδε-

2252 3768 2382 3836 μίαν
2429 3767 2604 3837 λύπην
2650 3765 2919 3836 δηλοῦσαν
2963 3763 3182 3835 άφίησι.
3230 3764 3383 3817 Ποιεῖ
3410 3762 3470 3815 δὲ
3504 3758 3649 3830 αὐτῷ
3671 3755 3804 3811 τοῦτο

2252 3860 2487 3928 μάλιστα
2515 3859 2638 3929 οὐχὶ
2666 3859 2700 3930 ἡ
2733 3856 2841 3911 τῶν
2878 3856 3077 3923 λέξεων
3109 3855 3249 3925 αὐτὴ
3272 3856 3396 3908 καθ’
3430 3853 3627 3922 ἑαυτὴν
3662 3866 3803 3922 μετα-

2249 3950 2401 4021 ϐολὴ,
2429 3949 2543 4004 ἀλλ’
2571 3950 2604 4020 ἡ
2635 3948 2742 4001 άπὸ
2772 3948 3114 4019 πραγμάτων
3141 3945 3346 4017 ἑτέρων
3377 3945 3460 4008 είς
3495 3942 3653 4011 ἔτερα
3687 3937 3803 4012 μετά

2246 4059 2393 4105 τινος
2421 4044 2596 4111 σοφῆς
2626 4041 2721 4093 καὶ
2765 4039 3040 4111 ἠρεμαίας
3091 4037 3523 4110 μεταχειρίσεως
3566 4037 3610 4068 ¹⁶
3667 4032 3803 4105 μετά-

2248 4135 2407 4199 ϐασίς
2434 4152 2491 4188 τε
2522 4135 2618 4188 καὶ
2648 4134 2991 4204 μετατροπή.
3037 4129 3201 4183 Ἀλλά
3233 4129 3343 4199 γὰρ
3384 4131 3484 4182 καὶ
3526 4124 3801 4181 ἀντιλαϐεῖν

2252 4229 2351 4300 μὲν
2380 4228 2553 4297 ὄνομα
2587 4228 2855 4299 ῥήματος,
2887 4223 3118 4295 ἀμεῖψαι
3153 4223 3211 4276 δὲ
3248 4223 3307 4276 τὸ
3342 4224 3497 4293 ῥῆμα.
3526 4220 3604 4283 είς
3634 4219 3797 4286 ὄνομα,

2248 4320 2344 4375 καὶ
2389 4318 2545 4373 λῦσαι
2593 4318 2691 4386 μὲν
2729 4316 2907 4380 λέξεις
2954 4315 3035 4379 είς
3058 4314 3271 4381 λόγους,
3311 4312 3634 4380 συναγαγεῖν
3658 4308 3709 4362 δὲ
3733 4305 3799 4357 λό-

2246 4429 2343 4481 γον
2378 4413 2458 4475 είς
2500 4410 2671 4463 τύπον
2704 4409 2970 4479 ὀνόματος
2992 4447 3008 4472 ,
3055 4405 3269 4469 οὐδενὸς
3328 4400 3797 4473 ἀνεπιτηδειότερυς

2247 4499 2324 4561 ὧν
2356 4505 2535 4575 ἴσμεν.
2565 4504 2673 4557 Καὶ
2693 4500 2940 4572 ζηλωτὴς
2970 4499 3069 4570 μέν
3100 4500 3217 4551 ὲστι
3241 4496 3563 4550 Θουκυδίδου
3592 4495 3648 4547 ἐν
3668 4509 3718 4545 τε
3743 4490 3794 4556 τῇ

570 4593 693 4633 nem
740 4578 792 4632 in
846 4580 1083 4637 nominis
1134 4584 1290 4652 quasi
1342 4584 1571 4639 formam
1612 4602 1827 4660 cogere,
1873 4608 2032 4649 nemo
2064 4605 2145 4652 est

2250 4600 2359 4653 τῶν
2391 4594 2743 4668 δημηγοριῶν
2770 4592 3023 4665 δαψιλείᾳ
3066 4609 3127 4645 τε
3165 4593 3261 4645 καὶ
3312 4592 3572 4660 διασκευῇ
3632 4587 3693 4649 ",
3735 4582 3797 4649 τῷ

568 4670 834 4736 omnium,
882 4688 1018 4739 quos
1070 4674 1337 4740 novimus,
1380 4676 1483 4732 hoc
1528 4678 1644 4747 ipso
1696 4684 1944 4751 peritior.
1997 4688 2143 4742 Idem

571 4761 941 4833 Thucydidem
988 4766 1041 4820 in
1090 4766 1449 4823 conciouibus
1495 4782 1755 4839 apparatu
1799 4784 1853 4829 et
1896 4778 2146 4835 ubertate

573 4853 844 4919 imitatus,
906 4857 1276 4926 magnitudine
1338 4860 1602 4913 oratiouis
1656 4874 1866 4932 :equat,
1936 4872 2145 4938 perspi-

570 4946 772 5001 cuilate
818 4956 997 5001 autem
1037 4948 1200 5002 etiam
1249 4951 1437 5006 vincit.
1483 4950 1632 5007 Talis
1669 4958 1893 5013 omnino
1935 4961 2019 5015 vir
2048 4963 2148 5018 iste

569 5047 676 5101 est,
713 5038 780 5092 ab
831 5039 947 5109 ipsa
990 5054 1205 5108 quoque
1246 5046 1600 5111 grammatica
1653 5046 1878 5115 gloriam
1925 5068 2147 5109 assecu-

571 5136 680 5183 tus.
719 5126 817 5181 Gui
880 5128 985 5185 etsi
1036 5132 1271 5187 rhetoris
1321 5147 1738 5203 cognomentum
1786 5139 2146 5209 improvidum

2256 4690 2528 4763 μεγαλείῳ
2582 4688 2640 4741 δὲ
2692 4688 2766 4757 μὴ
2813 4683 3146 4754 δευτερεύων
3196 4683 3290 4738 τοῦ
3334 4684 3496 4752 λόγου
3548 4679 3624 4751 τῷ
3664 4674 3800 4775 σαφεῖ

2254 4783 2583 4856 παρελαύνει
2612 4782 2703 4834 τὸν
2736 4780 2924 4851 ἄνδρα.
2974 4778 3136 4831 Ἀλλὰ
3165 4778 3274 4847 γὰρ
3299 4778 3327 4830 ὁ
3366 4777 3464 4847 μὲν
3490 4775 3625 4844 ἀνὴρ
3643 4785 3793 4856 τοιου-

2252 4854 2365 4936 τος,
2425 4870 2520 4924 καὶ
2568 4870 2629 4923 τὸ
2687 4869 2795 4922 ἀπὸ
2844 4869 2941 4938 τῆς
2998 4864 3399 4937 γραμματικῆς
3436 4863 3574 4933 ἔχων
3626 4854 3792 4914 κλέος·

2232 4965 2300 5019 ἐί
2325 4965 2382 5017 δὲ
2408 4964 2502 5017 καὶ
2530 4963 2591 5015 τὸ
2615 4962 2715 5032 τῆς
2757 4962 3053 5032 ῥητορικῆς
3080 4957 3368 5027 ἐπώνυμον
3393 4951 3539 5023 αὐτῷ
3563 4951 3594 5020 ὴ
3622 4946 3689 5019 μὴ
3716 4942 3793 5011 νή·

2251 5073 2427 5126 φουσα
2474 5053 2657 5123 ψῆφος
2703 5053 2803 5105 οὐκ
2843 5051 3069 5104 ἐπέθετο
3096 5067 3110 5081 ο
3148 5048 3286 5101 ἀλλὰ
3327 5047 3437 5117 γὰρ
3466 5044 3646 5135 ἔμοιγε
3673 5032 3794 5135 δοκε-ἰ

2251 5148 2408 5202 οὐδὲν
2439 5146 2662 5199 ἔλαττον
2697 5145 2739 5176 ’⁸
2788 5144 2898 5197 τῶν
2944 5140 3349 5213 γραμματικῶν
3392 5139 3453 5192 οὺ
3504 5132 3728 5199 δεύτερος
3762 5132 3788 5189 ἢ

1888 5304 2118 5364 VARl/E
2154 5309 2559 5367 LECTIONES.

645 5405 666 5436 "
697 5405 940 5501 ἕηνευμεν
968 5408 1047 5501 1};
1081 5410 1486 5501 érvcgcsévaf.
1547 5413 1653 5501 ξδὲ
1681 5417 1804 5471 add.
1827 5418 1890 5474 A.
1932 5421 2219 5501 ‘1008éval
2251 5425 2359 5501 imo
2383 5422 2534 5477 οὐδέν
2557 5421 2947 5501 ᾳιιιοὺδεμίαν.
3008 5420 3047 5450 ιι
3081 5396 3784 5501 ῳιηάξαιθαύτόνῃῖοηέξξξξ

572 5475 663 5563 λεοξ
704 5469 929 5558 f'u‘L'A'
952 5469 1245 5563 ,δ’ἐξ-ναῖς
1394 5469 1890 5554 ¹³ντὶρέπουσανῗέῗ
1957 5493 1998 5526 ’⁸
2557 5469 3102 5563 ἷῖξιὲὲὲιχέᾧῆσεωξ
3260 5469 3307 5517 ’ίτ
3334 5469 3583 5549 διασκευῇ
3611 5469 3758 5528 καὶδα

572 5546 756 5617 ψιλείᾳ
781 5565 840 5611 ς.
952 5547 995 5580 ³⁸
1034 5550 1270 5603 ἐλάττων
1299 5569 1360 5615 ς.

2082 5639 2319 5711 NOTAE.

649 5778 768 5854 (i7l_
796 5778 941 5854 Quos
975 5783 1105 5854 citat
1154 5798 1254 5834 mm
1297 5786 1462 5837 semel
1511 5787 1826 5854 Athenmus,
1865 5798 1921 5845 υι
1950 5798 2004 5846 et
2032 5788 2141 5847 Lu-

583 5847 725 5901 (ιλιι.
762 5850 811 5902 in
843 5848 1146 5917 Macrobiis,
1179 5868 1229 5907 Ix
1258 5856 1542 5912 Asiaticor.

2324 5791 2440 5861 (is)
2475 5793 2715 5857 Qum'um
2750 5789 2910 5859 Primi
2945 5798 3001 5847 et
3033 5789 3208 5861 quinti
3242 5787 3505 5856 Excerpta
3535 5769 3774 5836 occurrent

2256 5870 2446 5932 postea
2477 5862 2600 5919 cod.
2631 5861 2758 5917 250.
