  <div class='ocr_page' id='page_1' title='image "/cluster/home/n/w/nwhite01/storage/ocr_20150623/103:no.3/coo.31924054870070/364.png"; bbox 0 0 4022 6470; ppageno 0'>
   <div class='ocr_carea' id='block_1_1' title="bbox 404 435 504 500">
    <p class='ocr_par' dir='ltr' id='par_1_1' title="bbox 404 435 504 500">
     <span class='ocr_line' id='line_1_1' title="bbox 404 435 504 500; baseline -0.02 0"><span class='ocrx_word' id='word_1_1' title='bbox 404 435 504 500; x_wconf 82' lang='lat'><strong>701</strong></span> 
     </span>
    </p>
   </div>
   <div class='ocr_carea' id='block_1_2' title="bbox 1497 445 2613 507">
    <p class='ocr_par' dir='ltr' id='par_1_2' title="bbox 1497 445 2613 507">
     <span class='ocr_line' id='line_1_2' title="bbox 1497 445 2613 507; baseline -0.001 -1"><span class='ocrx_word' id='word_1_2' title='bbox 1497 445 2022 507; x_wconf 70' lang='lat' dir='ltr'><strong>BIBIJOTHECA.</strong></span> <span class='ocrx_word' id='word_1_3' title='bbox 2055 468 2127 481; x_wconf 92' lang='lat'><em>-</em></span> <span class='ocrx_word' id='word_1_4' title='bbox 2172 445 2335 506; x_wconf 86' lang='lat' dir='ltr'><strong>COD.</strong></span> <span class='ocrx_word' id='word_1_5' title='bbox 2372 445 2613 506; x_wconf 79' lang='lat' dir='ltr'><strong>CCXIV.</strong></span> 
     </span>
    </p>
   </div>
   <div class='ocr_carea' id='block_1_3' title="bbox 3555 447 3664 513">
    <p class='ocr_par' dir='ltr' id='par_1_3' title="bbox 3555 447 3664 513">
     <span class='ocr_line' id='line_1_3' title="bbox 3555 447 3664 513; baseline -0.009 0"><span class='ocrx_word' id='word_1_6' title='bbox 3555 447 3664 513; x_wconf 69' lang='grc'><strong>702</strong></span> 
     </span>
    </p>
   </div>
   <div class='ocr_carea' id='block_1_4' title="bbox 402 545 1963 625">
    <p class='ocr_par' dir='ltr' id='par_1_4' title="bbox 402 545 1963 625">
     <span class='ocr_line' id='line_1_4' title="bbox 402 545 1963 625; baseline 0.004 -23"><span class='ocrx_word' id='word_1_7' title='bbox 402 547 510 599; x_wconf 79' lang='grc' dir='ltr'><strong>τῶν</strong></span> <span class='ocrx_word' id='word_1_8' title='bbox 544 549 814 622; x_wconf 79' lang='grc' dir='ltr'>ρητόρων,</span> <span class='ocrx_word' id='word_1_9' title='bbox 853 551 922 606; x_wconf 82' lang='grc' dir='ltr'>δι’</span> <span class='ocrx_word' id='word_1_10' title='bbox 954 545 1031 606; x_wconf 84' lang='grc' dir='ltr'>ὧν</span> <span class='ocrx_word' id='word_1_11' title='bbox 1077 554 1173 607; x_wconf 73' lang='grc' dir='ltr'><strong>καὶ</strong></span> <span class='ocrx_word' id='word_1_12' title='bbox 1224 554 1425 625; x_wconf 83' lang='grc' dir='ltr'>γράφει</span> <span class='ocrx_word' id='word_1_13' title='bbox 1471 557 1567 609; x_wconf 78' lang='grc' dir='ltr'>καὶ</span> <span class='ocrx_word' id='word_1_14' title='bbox 1611 556 1851 610; x_wconf 79' lang='grc' dir='ltr'><strong>διδάσκει</strong></span> <span class='ocrx_word' id='word_1_15' title='bbox 1910 557 1963 603; x_wconf 56' lang='grc' dir='ltr'>¹⁹η</span> 
     </span>
    </p>
   </div>
   <div class='ocr_carea' id='block_1_5' title="bbox 2065 545 3657 625">
    <p class='ocr_par' dir='ltr' id='par_1_5' title="bbox 2082 553 3657 624">
     <span class='ocr_line' id='line_1_5' title="bbox 2082 553 3657 624; baseline 0.004 -19"><span class='ocrx_word' id='word_1_16' title='bbox 2082 553 2308 607; x_wconf 88' lang='lat' dir='ltr'><strong>aliorum</strong></span> <span class='ocrx_word' id='word_1_17' title='bbox 2354 555 2618 624; x_wconf 92' lang='lat' dir='ltr'><strong>judicium</strong></span> <span class='ocrx_word' id='word_1_18' title='bbox 2671 569 2777 609; x_wconf 92' lang='lat' dir='ltr'><strong>non</strong></span> <span class='ocrx_word' id='word_1_19' title='bbox 2831 554 3123 619; x_wconf 89' lang='lat' dir='ltr'><strong>concessit,</strong></span> <span class='ocrx_word' id='word_1_20' title='bbox 3160 570 3277 608; x_wconf 73' lang='lat' dir='ltr'><strong>mea</strong></span> <span class='ocrx_word' id='word_1_21' title='bbox 3333 564 3480 609; x_wconf 85' lang='lat' dir='ltr'><strong>certe</strong></span> <span class='ocrx_word' id='word_1_22' title='bbox 3531 572 3657 611; x_wconf 88' lang='lat' dir='ltr'><strong>sen-</strong></span> 
     </span>
    </p>
   </div>
   <div class='ocr_carea' id='block_1_6' title="bbox 401 642 860 708">
    <p class='ocr_par' dir='ltr' id='par_1_6' title="bbox 401 642 860 708">
     <span class='ocr_line' id='line_1_6' title="bbox 401 642 860 708; baseline 0.013 -17"><span class='ocrx_word' id='word_1_23' title='bbox 401 642 703 708; x_wconf 81' lang='grc' dir='ltr'>καταφαίνε</span> <span class='ocrx_word' id='word_1_24' title='bbox 714 643 860 698; x_wconf 90' lang='grc' dir='ltr'>σθαι.</span> 
     </span>
    </p>
   </div>
   <div class='ocr_carea' id='block_1_7' title="bbox 1101 909 1239 965">
    <p class='ocr_par' dir='ltr' id='par_1_7' title="bbox 1101 909 1239 965">
     <span class='ocr_line' id='line_1_7' title="bbox 1101 909 1239 965; baseline 0.014 -2"><span class='ocrx_word' id='word_1_25' title='bbox 1101 909 1239 965; x_wconf 87' lang='grc' dir='ltr'><strong>ΣῐΔ’.</strong></span> 
     </span>
    </p>
   </div>
   <div class='ocr_carea' id='block_1_8' title="bbox 406 993 1981 1132">
    <p class='ocr_par' dir='ltr' id='par_1_8' title="bbox 406 993 1981 1132">
     <span class='ocr_line' id='line_1_8' title="bbox 406 993 1981 1132; baseline 0.006 -86"><span class='ocrx_word' id='word_1_26' title='bbox 406 993 776 1063; x_wconf 68' lang='grc' dir='ltr'>Ἱεροκλέους</span> <span class='ocrx_word' id='word_1_27' title='bbox 814 1002 953 1068; x_wconf 74' lang='grc' dir='ltr'>Περὶ</span> <span class='ocrx_word' id='word_1_28' title='bbox 1004 1002 1298 1132; x_wconf 40' lang='lat' dir='ltr'><strong>ﬁgat???</strong></span> <span class='ocrx_word' id='word_1_29' title='bbox 1340 1001 1438 1057; x_wconf 77' lang='grc' dir='ltr'><strong>καί</strong></span> <span class='ocrx_word' id='word_1_30' title='bbox 1468 1003 1843 1072; x_wconf 78' lang='grc' dir='ltr'>Εἱμαρμένης</span> <span class='ocrx_word' id='word_1_31' title='bbox 1882 1001 1981 1068; x_wconf 73' lang='grc' dir='ltr'><strong>,βι-</strong></span> 
     </span>
    </p>
   </div>
   <div class='ocr_carea' id='block_1_9' title="bbox 465 1160 1972 1235">
    <p class='ocr_par' dir='ltr' id='par_1_9' title="bbox 465 1160 1972 1235">
     <span class='ocr_line' id='line_1_9' title="bbox 465 1160 1972 1235; baseline 0.005 -24"><span class='ocrx_word' id='word_1_32' title='bbox 465 1160 814 1231; x_wconf 77' lang='grc' dir='ltr'>Ἀνεγνὼσθη</span> <span class='ocrx_word' id='word_1_33' title='bbox 864 1162 1068 1233; x_wconf 86' lang='grc' dir='ltr'>βιϐλίον</span> <span class='ocrx_word' id='word_1_34' title='bbox 1110 1164 1441 1235; x_wconf 72' lang='grc' dir='ltr'><strong>Ἱεροκλέους</strong></span> <span class='ocrx_word' id='word_1_35' title='bbox 1494 1165 1635 1233; x_wconf 78' lang='grc' dir='ltr'>Περὶ</span> <span class='ocrx_word' id='word_1_36' title='bbox 1675 1165 1972 1233; x_wconf 82' lang='grc' dir='ltr'><strong>Προνοίας</strong></span> 
     </span>
    </p>
   </div>
   <div class='ocr_carea' id='block_1_10' title="bbox 374 1252 1977 1325">
    <p class='ocr_par' dir='ltr' id='par_1_10' title="bbox 374 1252 1977 1325">
     <span class='ocr_line' id='line_1_10' title="bbox 374 1252 1977 1325; baseline 0.002 -24"><span class='ocrx_word' id='word_1_37' title='bbox 374 1255 491 1302; x_wconf 76' lang='grc' dir='ltr'>’καὶ</span> <span class='ocrx_word' id='word_1_38' title='bbox 534 1252 930 1320; x_wconf 69' lang='grc' dir='ltr'><strong>Εἱμαρμένης,</strong></span> <span class='ocrx_word' id='word_1_39' title='bbox 962 1256 1055 1307; x_wconf 79' lang='grc' dir='ltr'>καὶ</span> <span class='ocrx_word' id='word_1_40' title='bbox 1105 1256 1203 1325; x_wconf 82' lang='grc' dir='ltr'>τῆς</span> <span class='ocrx_word' id='word_1_41' title='bbox 1245 1255 1341 1307; x_wconf 88' lang='grc' dir='ltr'><strong>τοῦ</strong></span> <span class='ocrx_word' id='word_1_42' title='bbox 1391 1255 1475 1324; x_wconf 82' lang='grc' dir='ltr'><strong>ἐφ’</strong></span> <span class='ocrx_word' id='word_1_43' title='bbox 1522 1256 1657 1325; x_wconf 84' lang='grc' dir='ltr'>ἡμῖν</span> <span class='ocrx_word' id='word_1_44' title='bbox 1705 1254 1841 1325; x_wconf 77' lang='grc' dir='ltr'>πρὸς</span> <span class='ocrx_word' id='word_1_45' title='bbox 1882 1254 1977 1324; x_wconf 86' lang='grc' dir='ltr'>τὴν</span> 
     </span>
    </p>
   </div>
   <div class='ocr_carea' id='block_1_11' title="bbox 386 1337 1975 1417">
    <p class='ocr_par' dir='ltr' id='par_1_11' title="bbox 386 1337 1975 1417">
     <span class='ocr_line' id='line_1_11' title="bbox 386 1337 1975 1417; baseline 0.003 -23"><span class='ocrx_word' id='word_1_46' title='bbox 386 1337 526 1411; x_wconf 64' lang='lat'><strong>[549</strong></span> <span class='ocrx_word' id='word_1_47' title='bbox 558 1342 652 1414; x_wconf 57' lang='grc' dir='ltr'><strong>Β]</strong></span> <span class='ocrx_word' id='word_1_48' title='bbox 689 1343 839 1397; x_wconf 85' lang='grc' dir='ltr'>θείαν</span> <span class='ocrx_word' id='word_1_49' title='bbox 871 1346 1161 1414; x_wconf 77' lang='grc' dir='ltr'>ἡγεμονίαν</span> <span class='ocrx_word' id='word_1_50' title='bbox 1197 1346 1520 1412; x_wconf 76' lang='grc' dir='ltr'>συντάξεως.</span> <span class='ocrx_word' id='word_1_51' title='bbox 1559 1347 1716 1398; x_wconf 88' lang='grc' dir='ltr'>Ἔστι</span> <span class='ocrx_word' id='word_1_52' title='bbox 1752 1346 1852 1417; x_wconf 86' lang='grc' dir='ltr'><strong>μὲν</strong></span> <span class='ocrx_word' id='word_1_53' title='bbox 1883 1343 1975 1399; x_wconf 82' lang='grc' dir='ltr'><strong>οῦν</strong></span> 
     </span>
    </p>
   </div>
   <div class='ocr_carea' id='block_1_12' title="bbox 384 1431 1974 1508">
    <p class='ocr_par' dir='ltr' id='par_1_12' title="bbox 384 1431 1974 1508">
     <span class='ocr_line' id='line_1_12' title="bbox 384 1431 1974 1508; baseline 0.008 -27"><span class='ocrx_word' id='word_1_54' title='bbox 384 1431 488 1499; x_wconf 80' lang='grc' dir='ltr'>τὴν</span> <span class='ocrx_word' id='word_1_55' title='bbox 526 1432 850 1503; x_wconf 87' lang='grc' dir='ltr'>προαίρεσιν</span> <span class='ocrx_word' id='word_1_56' title='bbox 891 1435 1232 1505; x_wconf 84' lang='grc' dir='ltr'>φιλόσοφοςὸ</span> <span class='ocrx_word' id='word_1_57' title='bbox 1267 1436 1430 1507; x_wconf 80' lang='grc' dir='ltr'>ἀνὴρ,</span> <span class='ocrx_word' id='word_1_58' title='bbox 1483 1438 1516 1507; x_wconf 85' lang='grc' dir='ltr'><strong>ή</strong></span> <span class='ocrx_word' id='word_1_59' title='bbox 1568 1437 1626 1489; x_wconf 84' lang='grc' dir='ltr'>δὲ</span> <span class='ocrx_word' id='word_1_60' title='bbox 1680 1437 1974 1508; x_wconf 81' lang='grc' dir='ltr'>συγγραφὴ</span> 
     </span>
    </p>
   </div>
   <div class='ocr_carea' id='block_1_13' title="bbox 388 1522 1973 1599">
    <p class='ocr_par' dir='ltr' id='par_1_13' title="bbox 388 1522 1973 1599">
     <span class='ocr_line' id='line_1_13' title="bbox 388 1522 1973 1599; baseline 0.006 -27"><span class='ocrx_word' id='word_1_61' title='bbox 388 1522 546 1592; x_wconf 83' lang='grc' dir='ltr'>αὑτῷ</span> <span class='ocrx_word' id='word_1_62' title='bbox 588 1524 1027 1597; x_wconf 76' lang='grc' dir='ltr'><strong>Ὀλυμπιόδωρον</strong></span> <span class='ocrx_word' id='word_1_63' title='bbox 1058 1527 1251 1598; x_wconf 82' lang='grc' dir='ltr'>κριτὴν</span> <span class='ocrx_word' id='word_1_64' title='bbox 1288 1527 1631 1599; x_wconf 76' lang='grc' dir='ltr'>προκαθίξει,</span> <span class='ocrx_word' id='word_1_65' title='bbox 1660 1528 1718 1581; x_wconf 83' lang='grc' dir='ltr'>ὃν</span> <span class='ocrx_word' id='word_1_66' title='bbox 1748 1531 1842 1582; x_wconf 71' lang='grc' dir='ltr'><strong>καὶ</strong></span> <span class='ocrx_word' id='word_1_67' title='bbox 1870 1547 1973 1581; x_wconf 84' lang='grc' dir='ltr'>πα-</span> 
     </span>
    </p>
   </div>
   <div class='ocr_carea' id='block_1_14' title="bbox 392 1617 1973 1689">
    <p class='ocr_par' dir='ltr' id='par_1_14' title="bbox 392 1617 1973 1689">
     <span class='ocr_line' id='line_1_14' title="bbox 392 1617 1973 1689; baseline 0.006 -24"><span class='ocrx_word' id='word_1_68' title='bbox 392 1618 621 1683; x_wconf 86' lang='grc' dir='ltr'>ρασχεῖν</span> <span class='ocrx_word' id='word_1_69' title='bbox 648 1617 742 1668; x_wconf 84' lang='grc' dir='ltr'><strong>τοῦ</strong></span> <span class='ocrx_word' id='word_1_70' title='bbox 772 1618 933 1685; x_wconf 83' lang='grc' dir='ltr'>λόγου</span> <span class='ocrx_word' id='word_1_71' title='bbox 962 1619 1059 1682; x_wconf 76' lang='grc' dir='ltr'>τὰς</span> <span class='ocrx_word' id='word_1_72' title='bbox 1090 1621 1349 1689; x_wconf 78' lang='grc' dir='ltr'>ἀφορμὰς</span> <span class='ocrx_word' id='word_1_73' title='bbox 1380 1621 1716 1685; x_wconf 82' lang='grc' dir='ltr'>ὑποτίθεται,</span> <span class='ocrx_word' id='word_1_74' title='bbox 1750 1623 1843 1674; x_wconf 70' lang='grc' dir='ltr'><strong>καὶ</strong></span> <span class='ocrx_word' id='word_1_75' title='bbox 1874 1622 1973 1674; x_wconf 82' lang='grc' dir='ltr'>σύ-</span> 
     </span>
    </p>
   </div>
   <div class='ocr_carea' id='block_1_15' title="bbox 385 1706 1974 1782">
    <p class='ocr_par' dir='ltr' id='par_1_15' title="bbox 385 1706 1974 1782">
     <span class='ocr_line' id='line_1_15' title="bbox 385 1706 1974 1782; baseline 0.006 -27"><span class='ocrx_word' id='word_1_76' title='bbox 385 1706 479 1756; x_wconf 61' lang='grc' dir='ltr'>τόν</span> <span class='ocrx_word' id='word_1_77' title='bbox 519 1706 711 1776; x_wconf 77' lang='grc' dir='ltr'>ἔχοντα</span> <span class='ocrx_word' id='word_1_78' title='bbox 754 1708 847 1761; x_wconf 87' lang='grc' dir='ltr'><strong>τοῦ</strong></span> <span class='ocrx_word' id='word_1_79' title='bbox 883 1710 1193 1780; x_wconf 77' lang='grc' dir='ltr'>φιλοσοφεῖν</span> <span class='ocrx_word' id='word_1_80' title='bbox 1238 1711 1436 1782; x_wconf 77' lang='grc' dir='ltr'>ἔρωτα,</span> <span class='ocrx_word' id='word_1_81' title='bbox 1478 1712 1537 1764; x_wconf 79' lang='grc' dir='ltr'><strong>οὐ</strong></span> <span class='ocrx_word' id='word_1_82' title='bbox 1575 1713 1681 1780; x_wconf 81' lang='grc' dir='ltr'><strong>μὴν</strong></span> <span class='ocrx_word' id='word_1_83' title='bbox 1724 1712 1843 1765; x_wconf 77' lang='grc' dir='ltr'>οὐδὲ</span> <span class='ocrx_word' id='word_1_84' title='bbox 1875 1713 1974 1781; x_wconf 78' lang='grc' dir='ltr'>τῆς</span> 
     </span>
    </p>
   </div>
   <div class='ocr_carea' id='block_1_16' title="bbox 384 1796 1972 1875">
    <p class='ocr_par' dir='ltr' id='par_1_16' title="bbox 384 1796 1972 1875">
     <span class='ocr_line' id='line_1_16' title="bbox 384 1796 1972 1875; baseline 0.006 -28"><span class='ocrx_word' id='word_1_85' title='bbox 384 1796 678 1867; x_wconf 76' lang='grc' dir='ltr'>πολιτικῆς</span> <span class='ocrx_word' id='word_1_86' title='bbox 724 1800 916 1867; x_wconf 78' lang='grc' dir='ltr'><strong>σοφίας</strong></span> <span class='ocrx_word' id='word_1_87' title='bbox 961 1802 1188 1872; x_wconf 85' lang='grc' dir='ltr'>ἄπειρον</span> <span class='ocrx_word' id='word_1_88' title='bbox 1223 1819 1236 1832; x_wconf 77' lang='grc' dir='ltr'><strong>ο</strong></span> <span class='ocrx_word' id='word_1_89' title='bbox 1290 1801 1572 1875; x_wconf 77' lang='grc' dir='ltr'>ἐμπρέψαι</span> <span class='ocrx_word' id='word_1_90' title='bbox 1614 1801 1743 1874; x_wconf 70' lang='grc'><strong>[285</strong></span> <span class='ocrx_word' id='word_1_91' title='bbox 1786 1801 1880 1873; x_wconf 81' lang='grc' dir='ltr'><strong>Η.]</strong></span> <span class='ocrx_word' id='word_1_92' title='bbox 1912 1821 1972 1857; x_wconf 87' lang='grc' dir='ltr'><strong>τε</strong></span> 
     </span>
    </p>
   </div>
   <div class='ocr_carea' id='block_1_17' title="bbox 2086 645 3661 714">
    <p class='ocr_par' dir='ltr' id='par_1_17' title="bbox 2086 645 3661 714">
     <span class='ocr_line' id='line_1_17' title="bbox 2086 645 3661 714; baseline -0.001 -13"><span class='ocrx_word' id='word_1_93' title='bbox 2086 646 2247 701; x_wconf 80' lang='lat' dir='ltr'><strong>tentia</strong></span> <span class='ocrx_word' id='word_1_94' title='bbox 2299 662 2405 700; x_wconf 92' lang='lat' dir='ltr'><strong>non</strong></span> <span class='ocrx_word' id='word_1_95' title='bbox 2453 647 2931 714; x_wconf 81' lang='lat' dir='ltr'><strong>grammaticorum</strong></span> <span class='ocrx_word' id='word_1_96' title='bbox 2980 645 3174 710; x_wconf 89' lang='lat' dir='ltr'><strong>solum,</strong></span> <span class='ocrx_word' id='word_1_97' title='bbox 3222 646 3317 699; x_wconf 85' lang='lat' dir='ltr'><strong>sed</strong></span> <span class='ocrx_word' id='word_1_98' title='bbox 3366 661 3434 698; x_wconf 92' lang='lat' dir='ltr'><strong>ne</strong></span> <span class='ocrx_word' id='word_1_99' title='bbox 3478 648 3661 700; x_wconf 84' lang='lat' dir='ltr'><strong>rheto-</strong></span> 
     </span>
    </p>
   </div>
   <div class='ocr_carea' id='block_1_18' title="bbox 2081 736 3656 805">
    <p class='ocr_par' dir='ltr' id='par_1_18' title="bbox 2081 736 3656 805">
     <span class='ocr_line' id='line_1_18' title="bbox 2081 736 3656 805; baseline 0.002 -16"><span class='ocrx_word' id='word_1_100' title='bbox 2081 752 2200 790; x_wconf 85' lang='lat' dir='ltr'><strong>rum</strong></span> <span class='ocrx_word' id='word_1_101' title='bbox 2241 737 2457 805; x_wconf 81' lang='lat' dir='ltr'><strong>quidem</strong></span> <span class='ocrx_word' id='word_1_102' title='bbox 2489 736 2578 791; x_wconf 89' lang='lat' dir='ltr'><strong>ulli</strong></span> <span class='ocrx_word' id='word_1_103' title='bbox 2620 737 2888 791; x_wconf 88' lang='lat' dir='ltr'><strong>secundus</strong></span> <span class='ocrx_word' id='word_1_104' title='bbox 2922 750 3044 791; x_wconf 87' lang='lat' dir='ltr'><strong>cum</strong></span> <span class='ocrx_word' id='word_1_105' title='bbox 3078 737 3345 802; x_wconf 86' lang='lat' dir='ltr'><strong>docendo,</strong></span> <span class='ocrx_word' id='word_1_106' title='bbox 3379 746 3491 790; x_wconf 91' lang='lat' dir='ltr'><strong>tum</strong></span> <span class='ocrx_word' id='word_1_107' title='bbox 3522 737 3656 792; x_wconf 82' lang='lat' dir='ltr'><strong>scri-</strong></span> 
     </span>
    </p>
   </div>
   <div class='ocr_carea' id='block_1_19' title="bbox 2082 827 2521 883">
    <p class='ocr_par' dir='ltr' id='par_1_19' title="bbox 2082 827 2521 883">
     <span class='ocr_line' id='line_1_19' title="bbox 2082 827 2521 883; baseline -0.002 -1"><span class='ocrx_word' id='word_1_108' title='bbox 2082 828 2255 883; x_wconf 88' lang='lat' dir='ltr'><strong>bendo</strong></span> <span class='ocrx_word' id='word_1_109' title='bbox 2288 827 2521 882; x_wconf 89' lang='lat' dir='ltr'><strong>videtur.</strong></span> 
     </span>
    </p>
   </div>
   <div class='ocr_carea' id='block_1_20' title="bbox 2752 916 2982 972">
    <p class='ocr_par' dir='ltr' id='par_1_20' title="bbox 2752 916 2982 972">
     <span class='ocr_line' id='line_1_20' title="bbox 2752 916 2982 972; baseline -0.013 0"><span class='ocrx_word' id='word_1_110' title='bbox 2752 916 2982 972; x_wconf 82' lang='lat' dir='ltr'><strong>CCXIV.</strong></span> 
     </span>
    </p>
   </div>
   <div class='ocr_carea' id='block_1_21' title="bbox 2242 1007 3515 1068">
    <p class='ocr_par' dir='ltr' id='par_1_21' title="bbox 2242 1007 3515 1068">
     <span class='ocr_line' id='line_1_21' title="bbox 2242 1007 3515 1068; baseline -0.004 0"><span class='ocrx_word' id='word_1_111' title='bbox 2242 1013 2500 1068; x_wconf 75' lang='lat' dir='ltr'><strong>Hieroclis</strong></span> <span class='ocrx_word' id='word_1_112' title='bbox 2532 1013 2609 1067; x_wconf 89' lang='lat' dir='ltr'><strong>De</strong></span> <span class='ocrx_word' id='word_1_113' title='bbox 2640 1012 2983 1068; x_wconf 74' lang='lat' dir='ltr'><strong>Providentia</strong></span> <span class='ocrx_word' id='word_1_114' title='bbox 3014 1018 3063 1065; x_wconf 86' lang='lat' dir='ltr'><strong>et</strong></span> <span class='ocrx_word' id='word_1_115' title='bbox 3096 1007 3241 1065; x_wconf 86' lang='lat' dir='ltr'><strong>Fato</strong></span> <span class='ocrx_word' id='word_1_116' title='bbox 3271 1010 3394 1065; x_wconf 83' lang='lat' dir='ltr'><strong>libri</strong></span> <span class='ocrx_word' id='word_1_117' title='bbox 3416 1025 3515 1064; x_wconf 85' lang='lat' dir='ltr'><strong>vn.</strong></span> 
     </span>
    </p>
   </div>
   <div class='ocr_carea' id='block_1_22' title="bbox 2152 1162 3659 1235">
    <p class='ocr_par' dir='ltr' id='par_1_22' title="bbox 2152 1162 3659 1235">
     <span class='ocr_line' id='line_1_22' title="bbox 2152 1162 3659 1235; baseline -0.005 -10"><span class='ocrx_word' id='word_1_118' title='bbox 2152 1170 2347 1225; x_wconf 86' lang='lat' dir='ltr'><strong>Lectus</strong></span> <span class='ocrx_word' id='word_1_119' title='bbox 2379 1178 2461 1224; x_wconf 85' lang='lat' dir='ltr'><strong>est</strong></span> <span class='ocrx_word' id='word_1_120' title='bbox 2502 1166 2766 1222; x_wconf 83' lang='lat' dir='ltr'><strong>Hieroclis</strong></span> <span class='ocrx_word' id='word_1_121' title='bbox 2797 1164 2907 1235; x_wconf 85' lang='lat' dir='ltr'><strong>(l9)</strong></span> <span class='ocrx_word' id='word_1_122' title='bbox 2947 1164 3085 1219; x_wconf 88' lang='lat' dir='ltr'><strong>liber</strong></span> <span class='ocrx_word' id='word_1_123' title='bbox 3118 1163 3195 1219; x_wconf 76' lang='lat' dir='ltr'><strong>De</strong></span> <span class='ocrx_word' id='word_1_124' title='bbox 3228 1162 3568 1218; x_wconf 71' lang='lat' dir='ltr'><strong>Providentia</strong></span> <span class='ocrx_word' id='word_1_125' title='bbox 3608 1174 3659 1219; x_wconf 81' lang='lat' dir='ltr'><strong>et</strong></span> 
     </span>
    </p>
   </div>
   <div class='ocr_carea' id='block_1_23' title="bbox 2082 1258 3661 1331">
    <p class='ocr_par' dir='ltr' id='par_1_23' title="bbox 2082 1258 3661 1331">
     <span class='ocr_line' id='line_1_23' title="bbox 2082 1258 3661 1331; baseline -0.004 -15"><span class='ocrx_word' id='word_1_126' title='bbox 2082 1262 2223 1317; x_wconf 86' lang='lat' dir='ltr'><strong>Fato</strong></span> <span class='ocrx_word' id='word_1_127' title='bbox 2260 1261 2395 1331; x_wconf 69' lang='lat'><strong>(20).</strong></span> <span class='ocrx_word' id='word_1_128' title='bbox 2427 1272 2588 1330; x_wconf 89' lang='lat' dir='ltr'><strong>atque</strong></span> <span class='ocrx_word' id='word_1_129' title='bbox 2624 1261 2692 1313; x_wconf 90' lang='lat' dir='ltr'><strong>de</strong></span> <span class='ocrx_word' id='word_1_130' title='bbox 2724 1259 2934 1313; x_wconf 77' lang='lat' dir='ltr'><strong>arbitrii</strong></span> <span class='ocrx_word' id='word_1_131' title='bbox 2977 1258 3147 1313; x_wconf 90' lang='lat' dir='ltr'><strong>nostri</strong></span> <span class='ocrx_word' id='word_1_132' title='bbox 3183 1272 3307 1311; x_wconf 90' lang='lat' dir='ltr'><strong>cum</strong></span> <span class='ocrx_word' id='word_1_133' title='bbox 3336 1258 3514 1311; x_wconf 86' lang='lat' dir='ltr'><strong>divina</strong></span> <span class='ocrx_word' id='word_1_134' title='bbox 3562 1273 3661 1327; x_wconf 81' lang='lat' dir='ltr'><strong>gn-</strong></span> 
     </span>
    </p>
   </div>
   <div class='ocr_carea' id='block_1_24' title="bbox 2082 1350 3659 1420">
    <p class='ocr_par' dir='ltr' id='par_1_24' title="bbox 2082 1350 3659 1420">
     <span class='ocr_line' id='line_1_24' title="bbox 2082 1350 3659 1420; baseline -0.006 -9"><span class='ocrx_word' id='word_1_135' title='bbox 2082 1356 2396 1411; x_wconf 89' lang='lat' dir='ltr'><strong>bernatione</strong></span> <span class='ocrx_word' id='word_1_136' title='bbox 2459 1353 2835 1420; x_wconf 77' lang='lat' dir='ltr'><strong>congruentia.</strong></span> <span class='ocrx_word' id='word_1_137' title='bbox 2893 1352 3101 1404; x_wconf 78' lang='lat' dir='ltr'><strong>Auctor</strong></span> <span class='ocrx_word' id='word_1_138' title='bbox 3170 1350 3256 1403; x_wconf 89' lang='lat' dir='ltr'><strong>hic</strong></span> <span class='ocrx_word' id='word_1_139' title='bbox 3324 1350 3659 1419; x_wconf 80' lang='lat' dir='ltr'><strong>professione</strong></span> 
     </span>
    </p>
   </div>
   <div class='ocr_carea' id='block_1_25' title="bbox 2079 1440 3661 1516">
    <p class='ocr_par' dir='ltr' id='par_1_25' title="bbox 2079 1440 3661 1516">
     <span class='ocr_line' id='line_1_25' title="bbox 2079 1440 3661 1516; baseline -0.006 -13"><span class='ocrx_word' id='word_1_140' title='bbox 2079 1447 2454 1516; x_wconf 82' lang='lat' dir='ltr'><strong>philosOphus,</strong></span> <span class='ocrx_word' id='word_1_141' title='bbox 2495 1445 2580 1499; x_wconf 90' lang='lat' dir='ltr'><strong>cui</strong></span> <span class='ocrx_word' id='word_1_142' title='bbox 2635 1444 2773 1498; x_wconf 87' lang='lat' dir='ltr'><strong>liber</strong></span> <span class='ocrx_word' id='word_1_143' title='bbox 2817 1443 2935 1510; x_wconf 85' lang='lat' dir='ltr'><strong>ipse</strong></span> <span class='ocrx_word' id='word_1_144' title='bbox 2981 1440 3423 1512; x_wconf 86' lang='lat' dir='ltr'><strong>Olympiodorum</strong></span> <span class='ocrx_word' id='word_1_145' title='bbox 3471 1454 3661 1509; x_wconf 85' lang='lat' dir='ltr'><strong>quem-</strong></span> 
     </span>
    </p>
   </div>
   <div class='ocr_carea' id='block_1_26' title="bbox 2078 1531 3655 1600">
    <p class='ocr_par' dir='ltr' id='par_1_26' title="bbox 2078 1531 3655 1600">
     <span class='ocr_line' id='line_1_26' title="bbox 2078 1531 3655 1600; baseline -0.005 -7"><span class='ocrx_word' id='word_1_146' title='bbox 2078 1540 2199 1593; x_wconf 91' lang='lat' dir='ltr'><strong>dam</strong></span> <span class='ocrx_word' id='word_1_147' title='bbox 2233 1536 2396 1593; x_wconf 88' lang='lat' dir='ltr'><strong>veluti</strong></span> <span class='ocrx_word' id='word_1_148' title='bbox 2439 1550 2720 1590; x_wconf 89' lang='lat' dir='ltr'><strong>censorem</strong></span> <span class='ocrx_word' id='word_1_149' title='bbox 2753 1533 3063 1594; x_wconf 90' lang='lat' dir='ltr'><strong>constituit,</strong></span> <span class='ocrx_word' id='word_1_150' title='bbox 3106 1532 3194 1600; x_wconf 92' lang='lat' dir='ltr'><strong>qui</strong></span> <span class='ocrx_word' id='word_1_151' title='bbox 3230 1531 3349 1599; x_wconf 86' lang='lat' dir='ltr'><strong>ejus</strong></span> <span class='ocrx_word' id='word_1_152' title='bbox 3384 1532 3655 1585; x_wconf 83' lang='lat' dir='ltr'><strong>scribendi</strong></span> 
     </span>
    </p>
   </div>
   <div class='ocr_carea' id='block_1_27' title="bbox 2077 1622 3658 1693">
    <p class='ocr_par' dir='ltr' id='par_1_27' title="bbox 2077 1622 3658 1693">
     <span class='ocr_line' id='line_1_27' title="bbox 2077 1622 3658 1693; baseline -0.004 -10"><span class='ocrx_word' id='word_1_153' title='bbox 2077 1644 2294 1683; x_wconf 79' lang='lat' dir='ltr'><strong>causam</strong></span> <span class='ocrx_word' id='word_1_154' title='bbox 2357 1628 2604 1689; x_wconf 88' lang='lat' dir='ltr'><strong>dederit,</strong></span> <span class='ocrx_word' id='word_1_155' title='bbox 2637 1642 2784 1685; x_wconf 90' lang='lat' dir='ltr'><strong>cum.</strong></span> <span class='ocrx_word' id='word_1_156' title='bbox 2839 1625 3196 1693; x_wconf 69' lang='lat' dir='ltr'><strong>philosophia:</strong></span> <span class='ocrx_word' id='word_1_157' title='bbox 3256 1639 3360 1677; x_wconf 91' lang='lat' dir='ltr'><strong>non</strong></span> <span class='ocrx_word' id='word_1_158' title='bbox 3416 1622 3658 1690; x_wconf 72' lang='lat' dir='ltr'><strong>vulgaris</strong></span> 
     </span>
    </p>
   </div>
   <div class='ocr_carea' id='block_1_28' title="bbox 2077 1713 3657 1784">
    <p class='ocr_par' dir='ltr' id='par_1_28' title="bbox 2077 1713 3657 1784">
     <span class='ocr_line' id='line_1_28' title="bbox 2077 1713 3657 1784; baseline -0.005 -11"><span class='ocrx_word' id='word_1_159' title='bbox 2077 1724 2381 1783; x_wconf 79' lang='lat' dir='ltr'><strong>adamator,</strong></span> <span class='ocrx_word' id='word_1_160' title='bbox 2426 1734 2494 1773; x_wconf 92' lang='lat' dir='ltr'><strong>ne</strong></span> <span class='ocrx_word' id='word_1_161' title='bbox 2535 1719 2708 1771; x_wconf 87' lang='lat' dir='ltr'><strong>civilis</strong></span> <span class='ocrx_word' id='word_1_162' title='bbox 2744 1717 2963 1784; x_wconf 85' lang='lat' dir='ltr'><strong>quidem</strong></span> <span class='ocrx_word' id='word_1_163' title='bbox 2991 1714 3275 1784; x_wconf 59' lang='lat' dir='ltr'><strong>sapientia:</strong></span> <span class='ocrx_word' id='word_1_164' title='bbox 3306 1713 3460 1768; x_wconf 88' lang='lat' dir='ltr'><strong>rudis</strong></span> <span class='ocrx_word' id='word_1_165' title='bbox 3487 1722 3657 1766; x_wconf 84' lang='lat' dir='ltr'><strong>esset.</strong></span> 
     </span>
    </p>
   </div>
   <div class='ocr_carea' id='block_1_29' title="bbox 2075 1803 3656 1879">
    <p class='ocr_par' dir='ltr' id='par_1_29' title="bbox 2075 1803 3656 1879">
     <span class='ocr_line' id='line_1_29' title="bbox 2075 1803 3656 1879; baseline -0.006 -12"><span class='ocrx_word' id='word_1_166' title='bbox 2075 1812 2291 1867; x_wconf 88' lang='lat' dir='ltr'><strong>Clarum</strong></span> <span class='ocrx_word' id='word_1_167' title='bbox 2325 1812 2468 1866; x_wconf 86' lang='lat' dir='ltr'><strong>enim</strong></span> <span class='ocrx_word' id='word_1_168' title='bbox 2502 1809 2864 1879; x_wconf 84' lang='lat' dir='ltr'><strong>legationibus</strong></span> <span class='ocrx_word' id='word_1_169' title='bbox 2893 1806 3154 1860; x_wconf 79' lang='lat' dir='ltr'><strong>Romanis</strong></span> <span class='ocrx_word' id='word_1_170' title='bbox 3200 1804 3385 1867; x_wconf 80' lang='lat' dir='ltr'><strong>fuisse,</strong></span> <span class='ocrx_word' id='word_1_171' title='bbox 3424 1803 3656 1857; x_wconf 87' lang='lat' dir='ltr'><strong>multas-</strong></span> 
     </span>
    </p>
   </div>
   <div class='ocr_carea' id='block_1_30' title="bbox 384 1890 1963 1974">
    <p class='ocr_par' dir='ltr' id='par_1_30' title="bbox 384 1890 1963 1964">
     <span class='ocr_line' id='line_1_30' title="bbox 384 1890 1963 1964; baseline 0.005 -25"><span class='ocrx_word' id='word_1_172' title='bbox 384 1890 499 1955; x_wconf 74' lang='grc' dir='ltr'>γὰρ</span> <span class='ocrx_word' id='word_1_173' title='bbox 543 1890 877 1959; x_wconf 80' lang='grc' dir='ltr'><strong>Ῥωμαϊκαῖς</strong></span> <span class='ocrx_word' id='word_1_174' title='bbox 909 1894 1247 1964; x_wconf 89' lang='grc' dir='ltr'>πρεσϐείαις,</span> <span class='ocrx_word' id='word_1_175' title='bbox 1282 1894 1375 1947; x_wconf 78' lang='grc' dir='ltr'><strong>καὶ</strong></span> <span class='ocrx_word' id='word_1_176' title='bbox 1401 1893 1574 1948; x_wconf 89' lang='grc' dir='ltr'>πολλά</span> <span class='ocrx_word' id='word_1_177' title='bbox 1612 1894 1708 1947; x_wconf 77' lang='grc' dir='ltr'>καὶ</span> <span class='ocrx_word' id='word_1_178' title='bbox 1741 1894 1963 1964; x_wconf 87' lang='grc' dir='ltr'>μέγιστα</span> 
     </span>
    </p>
   </div>
   <div class='ocr_carea' id='block_1_31' title="bbox 2065 1890 3653 1974">
    <p class='ocr_par' dir='ltr' id='par_1_31' title="bbox 2075 1895 3653 1974">
     <span class='ocr_line' id='line_1_31' title="bbox 2075 1895 3653 1974; baseline -0.005 -17"><span class='ocrx_word' id='word_1_179' title='bbox 2075 1922 2181 1973; x_wconf 89' lang='lat' dir='ltr'><strong>que</strong></span> <span class='ocrx_word' id='word_1_180' title='bbox 2235 1920 2298 1959; x_wconf 92' lang='lat' dir='ltr'><strong>ac</strong></span> <span class='ocrx_word' id='word_1_181' title='bbox 2346 1918 2568 1974; x_wconf 87' lang='lat' dir='ltr'><strong>magnas</strong></span> <span class='ocrx_word' id='word_1_182' title='bbox 2614 1917 2645 1955; x_wconf 92' lang='lat' dir='ltr'><strong>e</strong></span> <span class='ocrx_word' id='word_1_183' title='bbox 2694 1901 2942 1955; x_wconf 87' lang='lat' dir='ltr'><strong>barbaris</strong></span> <span class='ocrx_word' id='word_1_184' title='bbox 2988 1899 3240 1969; x_wconf 83' lang='lat' dir='ltr'><strong>gentibus</strong></span> <span class='ocrx_word' id='word_1_185' title='bbox 3283 1898 3528 1952; x_wconf 82' lang='lat' dir='ltr'><strong>Romano</strong></span> <span class='ocrx_word' id='word_1_186' title='bbox 3554 1895 3653 1950; x_wconf 83' lang='lat' dir='ltr'><strong>ad-</strong></span> 
     </span>
    </p>
   </div>
   <div class='ocr_carea' id='block_1_32' title="bbox 384 1980 1966 2057">
    <p class='ocr_par' dir='ltr' id='par_1_32' title="bbox 384 1980 1966 2057">
     <span class='ocr_line' id='line_1_32' title="bbox 384 1980 1966 2057; baseline 0.006 -27"><span class='ocrx_word' id='word_1_187' title='bbox 384 1980 500 2031; x_wconf 85' lang='grc' dir='ltr'><strong>τῶν</strong></span> <span class='ocrx_word' id='word_1_188' title='bbox 530 1981 824 2052; x_wconf 84' lang='grc' dir='ltr'>βαρϐάρων</span> <span class='ocrx_word' id='word_1_189' title='bbox 851 1984 1019 2036; x_wconf 79' lang='grc' dir='ltr'>ἐθνῶν</span> <span class='ocrx_word' id='word_1_190' title='bbox 1041 1988 1107 2055; x_wconf 82' lang='grc' dir='ltr'>τῇ</span> <span class='ocrx_word' id='word_1_191' title='bbox 1147 1985 1436 2057; x_wconf 78' lang='grc' dir='ltr'><strong>Ῥωμαϊκῇ</strong></span> <span class='ocrx_word' id='word_1_192' title='bbox 1466 1985 1701 2055; x_wconf 79' lang='grc' dir='ltr'>συνάψαι</span> <span class='ocrx_word' id='word_1_193' title='bbox 1719 1985 1870 2057; x_wconf 84' lang='grc' dir='ltr'>λήξει</span> <span class='ocrx_word' id='word_1_194' title='bbox 1898 1987 1966 2051; x_wconf 75' lang='grc'><strong>³⁸,</strong></span> 
     </span>
    </p>
   </div>
   <div class='ocr_carea' id='block_1_33' title="bbox 381 2072 1971 2149">
    <p class='ocr_par' dir='ltr' id='par_1_33' title="bbox 381 2072 1971 2149">
     <span class='ocr_line' id='line_1_33' title="bbox 381 2072 1971 2149; baseline 0.006 -25"><span class='ocrx_word' id='word_1_195' title='bbox 381 2072 591 2136; x_wconf 77' lang='grc' dir='ltr'>αἵτινες</span> <span class='ocrx_word' id='word_1_196' title='bbox 621 2074 770 2145; x_wconf 85' lang='grc' dir='ltr'>αύτῷ</span> <span class='ocrx_word' id='word_1_197' title='bbox 823 2077 917 2128; x_wconf 77' lang='grc' dir='ltr'><strong>καὶ</strong></span> <span class='ocrx_word' id='word_1_198' title='bbox 964 2075 1075 2130; x_wconf 91' lang='grc' dir='ltr'><strong>τῶν</strong></span> <span class='ocrx_word' id='word_1_199' title='bbox 1122 2077 1394 2148; x_wconf 81' lang='grc' dir='ltr'>μεγίστων</span> <span class='ocrx_word' id='word_1_200' title='bbox 1424 2078 1554 2149; x_wconf 87' lang='grc' dir='ltr'>παρ’</span> <span class='ocrx_word' id='word_1_201' title='bbox 1586 2079 1770 2141; x_wconf 81' lang='grc' dir='ltr'>αὐτοῖς</span> <span class='ocrx_word' id='word_1_202' title='bbox 1795 2079 1971 2149; x_wconf 84' lang='grc' dir='ltr'>τιμῶν</span> 
     </span>
    </p>
   </div>
   <div class='ocr_carea' id='block_1_34' title="bbox 379 2166 1971 2240">
    <p class='ocr_par' dir='ltr' id='par_1_34' title="bbox 379 2166 1971 2240">
     <span class='ocr_line' id='line_1_34' title="bbox 379 2166 1971 2240; baseline 0.004 -24"><span class='ocrx_word' id='word_1_203' title='bbox 379 2166 729 2229; x_wconf 82' lang='grc' dir='ltr'>κατέστησαν</span> <span class='ocrx_word' id='word_1_204' title='bbox 764 2167 956 2222; x_wconf 79' lang='grc' dir='ltr'>αἴτιαι.</span> <span class='ocrx_word' id='word_1_205' title='bbox 1007 2168 1065 2221; x_wconf 79' lang='grc' dir='ltr'><strong>Ὀ</strong></span> <span class='ocrx_word' id='word_1_206' title='bbox 1114 2169 1212 2239; x_wconf 84' lang='grc' dir='ltr'><strong>μὲν</strong></span> <span class='ocrx_word' id='word_1_207' title='bbox 1242 2172 1281 2201; x_wconf 82' lang='grc'>²¹</span> <span class='ocrx_word' id='word_1_208' title='bbox 1330 2170 1792 2240; x_wconf 75' lang='grc' dir='ltr'>Ὀλυμπιόδωρος,</span> <span class='ocrx_word' id='word_1_209' title='bbox 1834 2171 1971 2238; x_wconf 80' lang='grc' dir='ltr'>πρὸς</span> 
     </span>
    </p>
   </div>
   <div class='ocr_carea' id='block_1_35' title="bbox 374 2253 1969 2333">
    <p class='ocr_par' dir='ltr' id='par_1_35' title="bbox 374 2253 1969 2333">
     <span class='ocr_line' id='line_1_35' title="bbox 374 2253 1969 2333; baseline 0.004 -25"><span class='ocrx_word' id='word_1_210' title='bbox 374 2256 437 2308; x_wconf 83' lang='grc' dir='ltr'>ὃν</span> <span class='ocrx_word' id='word_1_211' title='bbox 462 2258 490 2309; x_wconf 81' lang='grc' dir='ltr'><strong>ὅ</strong></span> <span class='ocrx_word' id='word_1_212' title='bbox 518 2258 695 2326; x_wconf 80' lang='grc' dir='ltr'><strong>λόγος,</strong></span> <span class='ocrx_word' id='word_1_213' title='bbox 726 2259 967 2323; x_wconf 85' lang='grc' dir='ltr'>τοιοῦτος</span> <span class='ocrx_word' id='word_1_214' title='bbox 990 2277 1003 2291; x_wconf 89' lang='grc'><strong>·</strong></span> <span class='ocrx_word' id='word_1_215' title='bbox 1035 2253 1081 2327; x_wconf 82' lang='grc' dir='ltr'>ᾧ</span> <span class='ocrx_word' id='word_1_216' title='bbox 1114 2262 1177 2331; x_wconf 83' lang='grc' dir='ltr'>δὴ</span> <span class='ocrx_word' id='word_1_217' title='bbox 1204 2264 1299 2314; x_wconf 77' lang='grc' dir='ltr'><strong>καὶ</strong></span> <span class='ocrx_word' id='word_1_218' title='bbox 1324 2262 1747 2333; x_wconf 75' lang='grc' dir='ltr'>παραμυθικοὺς</span> <span class='ocrx_word' id='word_1_219' title='bbox 1777 2262 1969 2330; x_wconf 85' lang='grc' dir='ltr'>λόγους</span> 
     </span>
    </p>
   </div>
   <div class='ocr_carea' id='block_1_36' title="bbox 374 2348 1968 2423">
    <p class='ocr_par' dir='ltr' id='par_1_36' title="bbox 374 2348 1968 2423">
     <span class='ocr_line' id='line_1_36' title="bbox 374 2348 1968 2423; baseline 0.004 -24"><span class='ocrx_word' id='word_1_220' title='bbox 374 2348 785 2418; x_wconf 80' lang='grc' dir='ltr'>ὁσυγγραφεὺς</span> <span class='ocrx_word' id='word_1_221' title='bbox 830 2351 922 2403; x_wconf 75' lang='grc' dir='ltr'>ἐπὶ</span> <span class='ocrx_word' id='word_1_222' title='bbox 960 2351 1107 2404; x_wconf 88' lang='grc' dir='ltr'>τέλει</span> <span class='ocrx_word' id='word_1_223' title='bbox 1142 2352 1236 2405; x_wconf 88' lang='grc' dir='ltr'><strong>τοῦ</strong></span> <span class='ocrx_word' id='word_1_224' title='bbox 1272 2352 1492 2421; x_wconf 83' lang='grc' dir='ltr'>πρώτου</span> <span class='ocrx_word' id='word_1_225' title='bbox 1530 2352 1759 2423; x_wconf 79' lang='grc' dir='ltr'>βιϐλίου,</span> <span class='ocrx_word' id='word_1_226' title='bbox 1811 2352 1968 2405; x_wconf 87' lang='grc' dir='ltr'>θετοῦ</span> 
     </span>
    </p>
   </div>
   <div class='ocr_carea' id='block_1_37' title="bbox 376 2441 1967 2515">
    <p class='ocr_par' dir='ltr' id='par_1_37' title="bbox 376 2441 1967 2515">
     <span class='ocr_line' id='line_1_37' title="bbox 376 2441 1967 2515; baseline 0.004 -23"><span class='ocrx_word' id='word_1_227' title='bbox 376 2441 570 2504; x_wconf 84' lang='grc' dir='ltr'>παιδὸς</span> <span class='ocrx_word' id='word_1_228' title='bbox 598 2441 869 2512; x_wconf 78' lang='grc' dir='ltr'>ἀποϐολὴν</span> <span class='ocrx_word' id='word_1_229' title='bbox 902 2445 1259 2515; x_wconf 84' lang='grc' dir='ltr'>ποτνιωμένῳ</span> <span class='ocrx_word' id='word_1_230' title='bbox 1287 2446 1335 2477; x_wconf 74' lang='grc'><strong>’³</strong></span> <span class='ocrx_word' id='word_1_231' title='bbox 1367 2446 1462 2498; x_wconf 77' lang='grc' dir='ltr'><strong>καὶ</strong></span> <span class='ocrx_word' id='word_1_232' title='bbox 1493 2444 1967 2514; x_wconf 82' lang='grc' dir='ltr'>σκυθρωπάζοντι,</span> 
     </span>
    </p>
   </div>
   <div class='ocr_carea' id='block_1_38' title="bbox 374 2516 1967 2605">
    <p class='ocr_par' dir='ltr' id='par_1_38' title="bbox 374 2516 1967 2605">
     <span class='ocr_line' id='line_1_38' title="bbox 374 2516 1967 2605; baseline 0.003 -21"><span class='ocrx_word' id='word_1_233' title='bbox 374 2536 801 2605; x_wconf 84' lang='grc' dir='ltr'>προσενήνοχεν.</span> <span class='ocrx_word' id='word_1_234' title='bbox 840 2536 905 2587; x_wconf 83' lang='grc' dir='ltr'><em>Ἣ</em></span> <span class='ocrx_word' id='word_1_235' title='bbox 938 2534 983 2587; x_wconf 89' lang='grc' dir='ltr'>δ’</span> <span class='ocrx_word' id='word_1_236' title='bbox 1024 2535 1328 2603; x_wconf 75' lang='grc' dir='ltr'>ἐπαγγελία</span> <span class='ocrx_word' id='word_1_237' title='bbox 1363 2537 1464 2605; x_wconf 85' lang='grc' dir='ltr'>τῆς</span> <span class='ocrx_word' id='word_1_238' title='bbox 1513 2516 1799 2605; x_wconf 78' lang='grc' dir='ltr'>παρούσης</span> <span class='ocrx_word' id='word_1_239' title='bbox 1846 2535 1967 2588; x_wconf 84' lang='grc' dir='ltr'>σκέ-</span> 
     </span>
    </p>
   </div>
   <div class='ocr_carea' id='block_1_39' title="bbox 373 2624 1968 2699">
    <p class='ocr_par' dir='ltr' id='par_1_39' title="bbox 373 2624 1968 2699">
     <span class='ocr_line' id='line_1_39' title="bbox 373 2624 1968 2699; baseline 0.001 -23"><span class='ocrx_word' id='word_1_240' title='bbox 373 2624 527 2693; x_wconf 74' lang='grc' dir='ltr'>ψεως</span> <span class='ocrx_word' id='word_1_241' title='bbox 579 2626 719 2693; x_wconf 79' lang='grc' dir='ltr'>Περὶ</span> <span class='ocrx_word' id='word_1_242' title='bbox 760 2628 1057 2695; x_wconf 76' lang='grc' dir='ltr'>Προνοίας</span> <span class='ocrx_word' id='word_1_243' title='bbox 1093 2628 1212 2679; x_wconf 76' lang='grc' dir='ltr'>ἐστὶ</span> <span class='ocrx_word' id='word_1_244' title='bbox 1246 2628 1524 2680; x_wconf 88' lang='grc' dir='ltr'>διαλαϐεῖν</span> <span class='ocrx_word' id='word_1_245' title='bbox 1564 2630 1631 2699; x_wconf 85' lang='grc' dir='ltr'>τῇ</span> <span class='ocrx_word' id='word_1_246' title='bbox 1678 2628 1968 2690; x_wconf 84' lang='grc' dir='ltr'>Πλάτωνος</span> 
     </span>
    </p>
   </div>
   <div class='ocr_carea' id='block_1_40' title="bbox 372 2714 1966 2789">
    <p class='ocr_par' dir='ltr' id='par_1_40' title="bbox 372 2714 1966 2789">
     <span class='ocr_line' id='line_1_40' title="bbox 372 2714 1966 2789; baseline 0.005 -25"><span class='ocrx_word' id='word_1_247' title='bbox 372 2714 505 2789; x_wconf 82' lang='grc' dir='ltr'>δόξῃ</span> <span class='ocrx_word' id='word_1_248' title='bbox 541 2717 637 2769; x_wconf 82' lang='grc' dir='ltr'><strong>καὶ</strong></span> <span class='ocrx_word' id='word_1_249' title='bbox 672 2718 1084 2786; x_wconf 82' lang='grc' dir='ltr'>Ἀριστοτέλους</span> <span class='ocrx_word' id='word_1_250' title='bbox 1117 2719 1579 2788; x_wconf 81' lang='grc' dir='ltr'>συνδιατιθεμένῳ</span> <span class='ocrx_word' id='word_1_251' title='bbox 1614 2736 1627 2749; x_wconf 90' lang='grc'><strong>·</strong></span> <span class='ocrx_word' id='word_1_252' title='bbox 1669 2719 1966 2772; x_wconf 75' lang='grc' dir='ltr'>συνάπτειν</span> 
     </span>
    </p>
   </div>
   <div class='ocr_carea' id='block_1_41' title="bbox 370 2808 1967 2882">
    <p class='ocr_par' dir='ltr' id='par_1_41' title="bbox 370 2808 1967 2882">
     <span class='ocr_line' id='line_1_41' title="bbox 370 2808 1967 2882; baseline 0.003 -23"><span class='ocrx_word' id='word_1_253' title='bbox 370 2808 484 2878; x_wconf 81' lang='grc' dir='ltr'><strong>γὰρ</strong></span> <span class='ocrx_word' id='word_1_254' title='bbox 517 2808 765 2878; x_wconf 86' lang='grc' dir='ltr'>βούλεται</span> <span class='ocrx_word' id='word_1_255' title='bbox 792 2811 919 2872; x_wconf 77' lang='grc' dir='ltr'>τοὺς</span> <span class='ocrx_word' id='word_1_256' title='bbox 947 2810 1147 2882; x_wconf 82' lang='grc' dir='ltr'>ἄνδρας</span> <span class='ocrx_word' id='word_1_257' title='bbox 1187 2814 1308 2873; x_wconf 88' lang='grc' dir='ltr'>ταῖς</span> <span class='ocrx_word' id='word_1_258' title='bbox 1342 2810 1541 2875; x_wconf 78' lang='grc' dir='ltr'>δόξαις,</span> <span class='ocrx_word' id='word_1_259' title='bbox 1572 2812 1633 2864; x_wconf 83' lang='grc' dir='ltr'><strong>οὑ</strong></span> <span class='ocrx_word' id='word_1_260' title='bbox 1670 2814 1815 2863; x_wconf 83' lang='grc' dir='ltr'><strong>κατά</strong></span> <span class='ocrx_word' id='word_1_261' title='bbox 1838 2812 1967 2873; x_wconf 81' lang='grc' dir='ltr'>τοὺς</span> 
     </span>
    </p>
   </div>
   <div class='ocr_carea' id='block_1_42' title="bbox 369 2899 1965 2974">
    <p class='ocr_par' dir='ltr' id='par_1_42' title="bbox 369 2899 1965 2974">
     <span class='ocr_line' id='line_1_42' title="bbox 369 2899 1965 2974; baseline 0.002 -24"><span class='ocrx_word' id='word_1_262' title='bbox 369 2899 567 2965; x_wconf 85' lang='grc' dir='ltr'>λόγους</span> <span class='ocrx_word' id='word_1_263' title='bbox 613 2901 712 2970; x_wconf 76' lang='grc' dir='ltr'><strong>τῆς</strong></span> <span class='ocrx_word' id='word_1_264' title='bbox 769 2902 1029 2971; x_wconf 87' lang='grc' dir='ltr'>Προνοίας</span> <span class='ocrx_word' id='word_1_265' title='bbox 1072 2902 1257 2971; x_wconf 87' lang='grc' dir='ltr'>μόνον,</span> <span class='ocrx_word' id='word_1_266' title='bbox 1294 2902 1431 2954; x_wconf 82' lang='grc' dir='ltr'>ἀλλὰ</span> <span class='ocrx_word' id='word_1_267' title='bbox 1468 2902 1561 2954; x_wconf 67' lang='grc' dir='ltr'>καὶ</span> <span class='ocrx_word' id='word_1_268' title='bbox 1590 2903 1702 2955; x_wconf 82' lang='grc' dir='ltr'>ὅσοι</span> <span class='ocrx_word' id='word_1_269' title='bbox 1733 2903 1832 2974; x_wconf 82' lang='grc' dir='ltr'>τὴν</span> <span class='ocrx_word' id='word_1_270' title='bbox 1858 2901 1965 2971; x_wconf 75' lang='grc' dir='ltr'><strong>ψυ-</strong></span> 
     </span>
    </p>
   </div>
   <div class='ocr_carea' id='block_1_43' title="bbox 372 2988 1963 3063">
    <p class='ocr_par' dir='ltr' id='par_1_43' title="bbox 372 2988 1963 3063">
     <span class='ocr_line' id='line_1_43' title="bbox 372 2988 1963 3063; baseline 0.003 -21"><span class='ocrx_word' id='word_1_271' title='bbox 372 2988 474 3059; x_wconf 75' lang='grc' dir='ltr'><strong>χὴν</strong></span> <span class='ocrx_word' id='word_1_272' title='bbox 509 2991 804 3062; x_wconf 79' lang='grc' dir='ltr'>φρονοῦσιν</span> <span class='ocrx_word' id='word_1_273' title='bbox 833 2991 1124 3054; x_wconf 76' lang='grc' dir='ltr'>ἀθάνατον,</span> <span class='ocrx_word' id='word_1_274' title='bbox 1153 2993 1250 3045; x_wconf 77' lang='grc' dir='ltr'>καὶ</span> <span class='ocrx_word' id='word_1_275' title='bbox 1273 2993 1326 3045; x_wconf 82' lang='grc' dir='ltr'>εἰ</span> <span class='ocrx_word' id='word_1_276' title='bbox 1355 3009 1409 3045; x_wconf 87' lang='grc' dir='ltr'><strong>τι</strong></span> <span class='ocrx_word' id='word_1_277' title='bbox 1438 2994 1566 3062; x_wconf 79' lang='grc' dir='ltr'>περὶ</span> <span class='ocrx_word' id='word_1_278' title='bbox 1595 2992 1827 3063; x_wconf 80' lang='grc' dir='ltr'>οὐρανοῦ</span> <span class='ocrx_word' id='word_1_279' title='bbox 1866 2996 1963 3046; x_wconf 69' lang='grc' dir='ltr'><strong>καὶ</strong></span> 
     </span>
    </p>
   </div>
   <div class='ocr_carea' id='block_1_44' title="bbox 372 3081 1964 3153">
    <p class='ocr_par' dir='ltr' id='par_1_44' title="bbox 372 3081 1964 3153">
     <span class='ocr_line' id='line_1_44' title="bbox 372 3081 1964 3153; baseline 0 -19"><span class='ocrx_word' id='word_1_280' title='bbox 372 3084 582 3153; x_wconf 77' lang='grc' dir='ltr'>κόσμου</span> <span class='ocrx_word' id='word_1_281' title='bbox 609 3083 822 3146; x_wconf 83' lang='grc' dir='ltr'>τούτοις</span> <span class='ocrx_word' id='word_1_282' title='bbox 860 3085 1319 3153; x_wconf 86' lang='grc' dir='ltr'>πεφιλοσόφηται.</span> <span class='ocrx_word' id='word_1_283' title='bbox 1341 3082 1500 3136; x_wconf 84' lang='grc' dir='ltr'>Ὀσοι</span> <span class='ocrx_word' id='word_1_284' title='bbox 1526 3083 1582 3136; x_wconf 86' lang='grc' dir='ltr'>δὲ</span> <span class='ocrx_word' id='word_1_285' title='bbox 1610 3084 1739 3145; x_wconf 76' lang='grc' dir='ltr'>τοὺς</span> <span class='ocrx_word' id='word_1_286' title='bbox 1760 3081 1964 3152; x_wconf 77' lang='grc' dir='ltr'>ἄνδρας</span> 
     </span>
    </p>
   </div>
   <div class='ocr_carea' id='block_1_45' title="bbox 368 3173 1987 3246">
    <p class='ocr_par' dir='ltr' id='par_1_45' title="bbox 368 3173 1987 3246">
     <span class='ocr_line' id='line_1_45' title="bbox 368 3173 1987 3246; baseline -0.001 -19"><span class='ocrx_word' id='word_1_287' title='bbox 368 3176 449 3237; x_wconf 87' lang='grc' dir='ltr'><strong>είς</strong></span> <span class='ocrx_word' id='word_1_288' title='bbox 483 3174 783 3243; x_wconf 85' lang='grc' dir='ltr'>διαφωνίαν</span> <span class='ocrx_word' id='word_1_289' title='bbox 814 3176 1069 3246; x_wconf 78' lang='grc' dir='ltr'>ἔστησαν,</span> <span class='ocrx_word' id='word_1_290' title='bbox 1105 3176 1330 3238; x_wconf 83' lang='grc' dir='ltr'>τούτους</span> <span class='ocrx_word' id='word_1_291' title='bbox 1369 3177 1447 3237; x_wconf 88' lang='grc' dir='ltr'><strong>είς</strong></span> <span class='ocrx_word' id='word_1_292' title='bbox 1483 3174 1553 3227; x_wconf 79' lang='grc' dir='ltr'>τὰ</span> <span class='ocrx_word' id='word_1_293' title='bbox 1590 3173 1827 3244; x_wconf 87' lang='grc' dir='ltr'>μάλιστα</span> <span class='ocrx_word' id='word_1_294' title='bbox 1860 3188 1987 3226; x_wconf 72' lang='grc' dir='ltr'>πε-³</span> 
     </span>
    </p>
   </div>
   <div class='ocr_carea' id='block_1_46' title="bbox 2068 1986 3653 2062">
    <p class='ocr_par' dir='ltr' id='par_1_46' title="bbox 2068 1986 3653 2062">
     <span class='ocr_line' id='line_1_46' title="bbox 2068 1986 3653 2062; baseline -0.003 -19"><span class='ocrx_word' id='word_1_295' title='bbox 2068 1993 2320 2059; x_wconf 86' lang='lat' dir='ltr'><strong>jnnxisse</strong></span> <span class='ocrx_word' id='word_1_296' title='bbox 2351 1992 2600 2062; x_wconf 89' lang='lat' dir='ltr'><strong>imperio,</strong></span> <span class='ocrx_word' id='word_1_297' title='bbox 2625 2007 2744 2061; x_wconf 62' lang='lat' dir='ltr'><strong>quae</strong></span> <span class='ocrx_word' id='word_1_298' title='bbox 2776 1991 2878 2059; x_wconf 87' lang='lat' dir='ltr'><strong>ipsi</strong></span> <span class='ocrx_word' id='word_1_299' title='bbox 2916 2004 3129 2057; x_wconf 91' lang='lat' dir='ltr'><strong>quoque</strong></span> <span class='ocrx_word' id='word_1_300' title='bbox 3158 1991 3223 2043; x_wconf 82' lang='lat' dir='ltr'><strong>ad</strong></span> <span class='ocrx_word' id='word_1_301' title='bbox 3254 2003 3475 2058; x_wconf 87' lang='lat' dir='ltr'><strong>magnos</strong></span> <span class='ocrx_word' id='word_1_302' title='bbox 3511 1986 3653 2055; x_wconf 88' lang='lat' dir='ltr'><strong>apud</strong></span> 
     </span>
    </p>
   </div>
   <div class='ocr_carea' id='block_1_47' title="bbox 2074 2079 3658 2155">
    <p class='ocr_par' dir='ltr' id='par_1_47' title="bbox 2074 2079 3658 2155">
     <span class='ocr_line' id='line_1_47' title="bbox 2074 2079 3658 2155; baseline -0.004 -17"><span class='ocrx_word' id='word_1_303' title='bbox 2074 2086 2192 2138; x_wconf 63' lang='lat' dir='ltr'><strong>illus</strong></span> <span class='ocrx_word' id='word_1_304' title='bbox 2224 2084 2572 2155; x_wconf 79' lang='lat' dir='ltr'><strong>magistratus</strong></span> <span class='ocrx_word' id='word_1_305' title='bbox 2612 2082 2969 2151; x_wconf 76' lang='lat' dir='ltr'><strong>acquirendas</strong></span> <span class='ocrx_word' id='word_1_306' title='bbox 3016 2081 3160 2134; x_wconf 85' lang='lat' dir='ltr'><strong>viam</strong></span> <span class='ocrx_word' id='word_1_307' title='bbox 3199 2081 3516 2134; x_wconf 86' lang='lat' dir='ltr'><strong>straverint.</strong></span> <span class='ocrx_word' id='word_1_308' title='bbox 3552 2079 3658 2147; x_wconf 84' lang='lat' dir='ltr'><strong>Igi-</strong></span> 
     </span>
    </p>
   </div>
   <div class='ocr_carea' id='block_1_48' title="bbox 2075 2170 3657 2247">
    <p class='ocr_par' dir='ltr' id='par_1_48' title="bbox 2075 2170 3657 2247">
     <span class='ocr_line' id='line_1_48' title="bbox 2075 2170 3657 2247; baseline -0.003 -18"><span class='ocrx_word' id='word_1_309' title='bbox 2075 2189 2161 2229; x_wconf 91' lang='lat' dir='ltr'><strong>tur</strong></span> <span class='ocrx_word' id='word_1_310' title='bbox 2209 2176 2650 2247; x_wconf 85' lang='lat' dir='ltr'><strong>Olympiodorus,</strong></span> <span class='ocrx_word' id='word_1_311' title='bbox 2700 2175 2766 2228; x_wconf 87' lang='lat' dir='ltr'><strong>ad</strong></span> <span class='ocrx_word' id='word_1_312' title='bbox 2813 2188 2981 2242; x_wconf 83' lang='lat' dir='ltr'><strong>quem</strong></span> <span class='ocrx_word' id='word_1_313' title='bbox 3029 2172 3165 2225; x_wconf 79' lang='lat' dir='ltr'><strong>liber</strong></span> <span class='ocrx_word' id='word_1_314' title='bbox 3218 2171 3469 2236; x_wconf 88' lang='lat' dir='ltr'><strong>mittitur,</strong></span> <span class='ocrx_word' id='word_1_315' title='bbox 3529 2170 3657 2225; x_wconf 82' lang='lat' dir='ltr'><strong>talis</strong></span> 
     </span>
    </p>
   </div>
   <div class='ocr_carea' id='block_1_49' title="bbox 2073 2262 3658 2337">
    <p class='ocr_par' dir='ltr' id='par_1_49' title="bbox 2073 2262 3658 2337">
     <span class='ocr_line' id='line_1_49' title="bbox 2073 2262 3658 2337; baseline -0.004 -16"><span class='ocrx_word' id='word_1_316' title='bbox 2073 2268 2210 2333; x_wconf 80' lang='lat' dir='ltr'><strong>fnit;</strong></span> <span class='ocrx_word' id='word_1_317' title='bbox 2245 2271 2310 2321; x_wconf 89' lang='lat' dir='ltr'><strong>ad</strong></span> <span class='ocrx_word' id='word_1_318' title='bbox 2360 2283 2520 2337; x_wconf 89' lang='lat' dir='ltr'><strong>quem</strong></span> <span class='ocrx_word' id='word_1_319' title='bbox 2574 2268 2794 2333; x_wconf 87' lang='lat' dir='ltr'><strong>insuper</strong></span> <span class='ocrx_word' id='word_1_320' title='bbox 2843 2264 2981 2319; x_wconf 87' lang='lat' dir='ltr'><strong>libro</strong></span> <span class='ocrx_word' id='word_1_321' title='bbox 3037 2264 3215 2331; x_wconf 90' lang='lat' dir='ltr'><strong>primo</strong></span> <span class='ocrx_word' id='word_1_322' title='bbox 3267 2272 3514 2316; x_wconf 81' lang='lat' dir='ltr'><strong>extremo</strong></span> <span class='ocrx_word' id='word_1_323' title='bbox 3560 2262 3658 2315; x_wconf 86' lang='lat' dir='ltr'><strong>ad-</strong></span> 
     </span>
    </p>
   </div>
   <div class='ocr_carea' id='block_1_50' title="bbox 2067 2353 3651 2429">
    <p class='ocr_par' dir='ltr' id='par_1_50' title="bbox 2067 2353 3651 2429">
     <span class='ocr_line' id='line_1_50' title="bbox 2067 2353 3651 2429; baseline -0.004 -17"><span class='ocrx_word' id='word_1_324' title='bbox 2067 2360 2247 2429; x_wconf 79' lang='lat' dir='ltr'><strong>junxit</strong></span> <span class='ocrx_word' id='word_1_325' title='bbox 2282 2371 2475 2412; x_wconf 86' lang='lat' dir='ltr'><strong>auctor</strong></span> <span class='ocrx_word' id='word_1_326' title='bbox 2505 2356 2957 2422; x_wconf 84' lang='lat' dir='ltr'><strong>consolationem,</strong></span> <span class='ocrx_word' id='word_1_327' title='bbox 2990 2369 3111 2409; x_wconf 90' lang='lat' dir='ltr'><strong>cum</strong></span> <span class='ocrx_word' id='word_1_328' title='bbox 3155 2354 3245 2409; x_wconf 92' lang='lat' dir='ltr'><strong>ille</strong></span> <span class='ocrx_word' id='word_1_329' title='bbox 3282 2354 3518 2423; x_wconf 84' lang='lat' dir='ltr'><strong>adoptivi</strong></span> <span class='ocrx_word' id='word_1_330' title='bbox 3558 2353 3651 2407; x_wconf 87' lang='lat' dir='ltr'><strong>lilii</strong></span> 
     </span>
    </p>
   </div>
   <div class='ocr_carea' id='block_1_51' title="bbox 2072 2445 3657 2516">
    <p class='ocr_par' dir='ltr' id='par_1_51' title="bbox 2072 2445 3657 2516">
     <span class='ocr_line' id='line_1_51' title="bbox 2072 2445 3657 2516; baseline -0.004 -13"><span class='ocrx_word' id='word_1_331' title='bbox 2072 2449 2421 2504; x_wconf 85' lang='lat' dir='ltr'><strong>amissionem</strong></span> <span class='ocrx_word' id='word_1_332' title='bbox 2458 2464 2618 2516; x_wconf 89' lang='lat' dir='ltr'><strong>supra</strong></span> <span class='ocrx_word' id='word_1_333' title='bbox 2663 2448 2881 2501; x_wconf 86' lang='lat' dir='ltr'><strong>modum</strong></span> <span class='ocrx_word' id='word_1_334' title='bbox 2914 2447 3124 2515; x_wconf 78' lang='lat' dir='ltr'><strong>lugens,</strong></span> <span class='ocrx_word' id='word_1_335' title='bbox 3159 2461 3265 2500; x_wconf 89' lang='lat' dir='ltr'><strong>non</strong></span> <span class='ocrx_word' id='word_1_336' title='bbox 3300 2445 3505 2501; x_wconf 88' lang='lat' dir='ltr'><strong>dolenti</strong></span> <span class='ocrx_word' id='word_1_337' title='bbox 3537 2454 3657 2498; x_wconf 90' lang='lat' dir='ltr'><strong>tan-</strong></span> 
     </span>
    </p>
   </div>
   <div class='ocr_carea' id='block_1_52' title="bbox 2069 2534 3657 2603">
    <p class='ocr_par' dir='ltr' id='par_1_52' title="bbox 2069 2534 3657 2603">
     <span class='ocr_line' id='line_1_52' title="bbox 2069 2534 3657 2603; baseline -0.001 -12"><span class='ocrx_word' id='word_1_338' title='bbox 2069 2550 2182 2592; x_wconf 85' lang='lat' dir='ltr'><strong>tum</strong></span> <span class='ocrx_word' id='word_1_339' title='bbox 2232 2547 2378 2593; x_wconf 89' lang='lat' dir='ltr'><strong>esset</strong></span> <span class='ocrx_word' id='word_1_340' title='bbox 2424 2537 2631 2603; x_wconf 91' lang='lat' dir='ltr'><strong>animo,</strong></span> <span class='ocrx_word' id='word_1_341' title='bbox 2664 2538 2757 2591; x_wconf 89' lang='lat' dir='ltr'><strong>sed</strong></span> <span class='ocrx_word' id='word_1_342' title='bbox 2803 2540 2964 2590; x_wconf 90' lang='lat' dir='ltr'><strong>etiam</strong></span> <span class='ocrx_word' id='word_1_343' title='bbox 3018 2537 3165 2589; x_wconf 88' lang='lat' dir='ltr'><strong>vultu</strong></span> <span class='ocrx_word' id='word_1_344' title='bbox 3224 2536 3486 2590; x_wconf 90' lang='lat' dir='ltr'><strong>tristiore.</strong></span> <span class='ocrx_word' id='word_1_345' title='bbox 3536 2534 3657 2602; x_wconf 85' lang='lat' dir='ltr'><strong>Ipse</strong></span> 
     </span>
    </p>
   </div>
   <div class='ocr_carea' id='block_1_53' title="bbox 2068 2626 3657 2699">
    <p class='ocr_par' dir='ltr' id='par_1_53' title="bbox 2068 2626 3657 2699">
     <span class='ocr_line' id='line_1_53' title="bbox 2068 2626 3657 2699; baseline -0.001 -16"><span class='ocrx_word' id='word_1_346' title='bbox 2068 2642 2248 2685; x_wconf 88' lang='lat' dir='ltr'><strong>autem</strong></span> <span class='ocrx_word' id='word_1_347' title='bbox 2299 2630 2726 2683; x_wconf 84' lang='lat' dir='ltr'><strong>commentarius</strong></span> <span class='ocrx_word' id='word_1_348' title='bbox 2776 2627 2850 2683; x_wconf 73' lang='lat' dir='ltr'><strong>De</strong></span> <span class='ocrx_word' id='word_1_349' title='bbox 2910 2628 3283 2692; x_wconf 84' lang='lat' dir='ltr'><strong>Providentia,</strong></span> <span class='ocrx_word' id='word_1_350' title='bbox 3328 2626 3657 2699; x_wconf 45' lang='lat' dir='ltr'><strong>disputatio.</strong></span> 
     </span>
    </p>
   </div>
   <div class='ocr_carea' id='block_1_54' title="bbox 2070 2718 3654 2789">
    <p class='ocr_par' dir='ltr' id='par_1_54' title="bbox 2070 2718 3654 2789">
     <span class='ocr_line' id='line_1_54' title="bbox 2070 2718 3654 2789; baseline -0.003 -13"><span class='ocrx_word' id='word_1_351' title='bbox 2070 2738 2190 2776; x_wconf 87' lang='lat' dir='ltr'><strong>nem</strong></span> <span class='ocrx_word' id='word_1_352' title='bbox 2241 2719 2482 2789; x_wconf 71' lang='lat' dir='ltr'><strong>przefert,</strong></span> <span class='ocrx_word' id='word_1_353' title='bbox 2514 2720 2633 2787; x_wconf 84' lang='lat' dir='ltr'><strong>ejus</strong></span> <span class='ocrx_word' id='word_1_354' title='bbox 2681 2720 2772 2789; x_wconf 92' lang='lat' dir='ltr'><strong>qui</strong></span> <span class='ocrx_word' id='word_1_355' title='bbox 2832 2735 2959 2789; x_wconf 81' lang='lat' dir='ltr'><strong>erga</strong></span> <span class='ocrx_word' id='word_1_356' title='bbox 3017 2718 3263 2773; x_wconf 85' lang='lat' dir='ltr'><strong>Platonis</strong></span> <span class='ocrx_word' id='word_1_357' title='bbox 3314 2735 3418 2773; x_wconf 91' lang='lat' dir='ltr'><strong>non</strong></span> <span class='ocrx_word' id='word_1_358' title='bbox 3470 2720 3654 2783; x_wconf 89' lang='lat' dir='ltr'><strong>aliter,</strong></span> 
     </span>
    </p>
   </div>
   <div class='ocr_carea' id='block_1_55' title="bbox 2066 2811 3656 2885">
    <p class='ocr_par' dir='ltr' id='par_1_55' title="bbox 2066 2811 3656 2885">
     <span class='ocr_line' id='line_1_55' title="bbox 2066 2811 3656 2885; baseline -0.001 -16"><span class='ocrx_word' id='word_1_359' title='bbox 2066 2831 2230 2885; x_wconf 89' lang='lat' dir='ltr'><strong>quam</strong></span> <span class='ocrx_word' id='word_1_360' title='bbox 2280 2829 2407 2884; x_wconf 87' lang='lat' dir='ltr'><strong>erga</strong></span> <span class='ocrx_word' id='word_1_361' title='bbox 2456 2812 2767 2867; x_wconf 84' lang='lat' dir='ltr'><strong>Aristotelis</strong></span> <span class='ocrx_word' id='word_1_362' title='bbox 2817 2812 3141 2865; x_wconf 87' lang='lat' dir='ltr'><strong>sententiam</strong></span> <span class='ocrx_word' id='word_1_363' title='bbox 3198 2813 3382 2867; x_wconf 91' lang='lat' dir='ltr'><strong>animo</strong></span> <span class='ocrx_word' id='word_1_364' title='bbox 3427 2811 3656 2868; x_wconf 77' lang='lat' dir='ltr'><strong>aﬂectus</strong></span> 
     </span>
    </p>
   </div>
   <div class='ocr_carea' id='block_1_56' title="bbox 2067 2903 3655 2974">
    <p class='ocr_par' dir='ltr' id='par_1_56' title="bbox 2067 2903 3655 2974">
     <span class='ocr_line' id='line_1_56' title="bbox 2067 2903 3655 2974; baseline -0.001 -13"><span class='ocrx_word' id='word_1_365' title='bbox 2067 2916 2236 2963; x_wconf 89' lang='lat' dir='ltr'><strong>esset.</strong></span> <span class='ocrx_word' id='word_1_366' title='bbox 2270 2904 2579 2960; x_wconf 87' lang='lat' dir='ltr'><strong>Conciliare</strong></span> <span class='ocrx_word' id='word_1_367' title='bbox 2611 2903 2754 2958; x_wconf 89' lang='lat' dir='ltr'><strong>enim</strong></span> <span class='ocrx_word' id='word_1_368' title='bbox 2790 2904 2984 2958; x_wconf 82' lang='lat' dir='ltr'><strong>borum</strong></span> <span class='ocrx_word' id='word_1_369' title='bbox 3018 2903 3468 2974; x_wconf 60' lang='lat' dir='ltr'><strong>philosoguhorum</strong></span> <span class='ocrx_word' id='word_1_370' title='bbox 3509 2905 3655 2959; x_wconf 87' lang='lat' dir='ltr'><strong>inter</strong></span> 
     </span>
    </p>
   </div>
   <div class='ocr_carea' id='block_1_57' title="bbox 2068 2992 3658 3068">
    <p class='ocr_par' dir='ltr' id='par_1_57' title="bbox 2068 2992 3658 3068">
     <span class='ocr_line' id='line_1_57' title="bbox 2068 2992 3658 3068; baseline -0.004 -14"><span class='ocrx_word' id='word_1_371' title='bbox 2068 3014 2127 3054; x_wconf 90' lang='lat' dir='ltr'><strong>se</strong></span> <span class='ocrx_word' id='word_1_372' title='bbox 2156 2997 2443 3068; x_wconf 89' lang='lat' dir='ltr'><strong>opiniones</strong></span> <span class='ocrx_word' id='word_1_373' title='bbox 2473 2998 2676 3062; x_wconf 88' lang='lat' dir='ltr'><strong>studet,</strong></span> <span class='ocrx_word' id='word_1_374' title='bbox 2712 3010 2815 3049; x_wconf 91' lang='lat' dir='ltr'><strong>non</strong></span> <span class='ocrx_word' id='word_1_375' title='bbox 2848 2996 3027 3049; x_wconf 88' lang='lat' dir='ltr'><strong>solum</strong></span> <span class='ocrx_word' id='word_1_376' title='bbox 3070 2997 3124 3049; x_wconf 92' lang='lat' dir='ltr'><strong>in</strong></span> <span class='ocrx_word' id='word_1_377' title='bbox 3173 2996 3239 3050; x_wconf 88' lang='lat' dir='ltr'><strong>iis</strong></span> <span class='ocrx_word' id='word_1_378' title='bbox 3268 3010 3391 3064; x_wconf 68' lang='lat' dir='ltr'><strong>quae</strong></span> <span class='ocrx_word' id='word_1_379' title='bbox 3418 2996 3484 3050; x_wconf 90' lang='lat' dir='ltr'><strong>de</strong></span> <span class='ocrx_word' id='word_1_380' title='bbox 3521 2992 3658 3049; x_wconf 83' lang='lat' dir='ltr'><strong>Pro-</strong></span> 
     </span>
    </p>
   </div>
   <div class='ocr_carea' id='block_1_58' title="bbox 2067 3087 3657 3159">
    <p class='ocr_par' dir='ltr' id='par_1_58' title="bbox 2067 3087 3657 3159">
     <span class='ocr_line' id='line_1_58' title="bbox 2067 3087 3657 3159; baseline -0.003 -15"><span class='ocrx_word' id='word_1_381' title='bbox 2067 3090 2304 3145; x_wconf 87' lang='lat' dir='ltr'><strong>videntia</strong></span> <span class='ocrx_word' id='word_1_382' title='bbox 2341 3090 2637 3159; x_wconf 87' lang='lat' dir='ltr'><strong>disputant,</strong></span> <span class='ocrx_word' id='word_1_383' title='bbox 2663 3104 2853 3143; x_wconf 89' lang='lat' dir='ltr'><strong>verum</strong></span> <span class='ocrx_word' id='word_1_384' title='bbox 2880 3090 3045 3143; x_wconf 90' lang='lat' dir='ltr'><strong>etiam</strong></span> <span class='ocrx_word' id='word_1_385' title='bbox 3088 3088 3176 3143; x_wconf 90' lang='lat' dir='ltr'><strong>ubi</strong></span> <span class='ocrx_word' id='word_1_386' title='bbox 3214 3087 3427 3143; x_wconf 87' lang='lat' dir='ltr'><strong>animos</strong></span> <span class='ocrx_word' id='word_1_387' title='bbox 3459 3087 3657 3141; x_wconf 85' lang='lat' dir='ltr'><strong>docent</strong></span> 
     </span>
    </p>
   </div>
   <div class='ocr_carea' id='block_1_59' title="bbox 2066 3182 3653 3252">
    <p class='ocr_par' dir='ltr' id='par_1_59' title="bbox 2066 3182 3653 3252">
     <span class='ocr_line' id='line_1_59' title="bbox 2066 3182 3653 3252; baseline -0.003 -15"><span class='ocrx_word' id='word_1_388' title='bbox 2066 3199 2186 3238; x_wconf 90' lang='lat' dir='ltr'><strong>esse</strong></span> <span class='ocrx_word' id='word_1_389' title='bbox 2216 3183 2576 3247; x_wconf 87' lang='lat' dir='ltr'><strong>immortales,</strong></span> <span class='ocrx_word' id='word_1_390' title='bbox 2612 3193 2707 3236; x_wconf 90' lang='lat' dir='ltr'><strong>aut</strong></span> <span class='ocrx_word' id='word_1_391' title='bbox 2739 3183 2805 3237; x_wconf 90' lang='lat' dir='ltr'><strong>de</strong></span> <span class='ocrx_word' id='word_1_392' title='bbox 2840 3182 2980 3237; x_wconf 74' lang='lat' dir='ltr'><strong>cmlo</strong></span> <span class='ocrx_word' id='word_1_393' title='bbox 3010 3182 3291 3252; x_wconf 90' lang='lat' dir='ltr'><strong>quidpiam</strong></span> <span class='ocrx_word' id='word_1_394' title='bbox 3337 3196 3404 3236; x_wconf 90' lang='lat' dir='ltr'><strong>ac</strong></span> <span class='ocrx_word' id='word_1_395' title='bbox 3449 3182 3653 3234; x_wconf 91' lang='lat' dir='ltr'><strong>mundo</strong></span> 
     </span>
    </p>
   </div>
   <div class='ocr_carea' id='block_1_60' title="bbox 369 3269 1963 3344">
    <p class='ocr_par' dir='ltr' id='par_1_60' title="bbox 369 3269 1957 3342">
     <span class='ocr_line' id='line_1_60' title="bbox 369 3269 1957 3342; baseline -0.001 -19"><span class='ocrx_word' id='word_1_396' title='bbox 369 3271 681 3339; x_wconf 82' lang='grc' dir='ltr'>πλανῆσθαί</span> <span class='ocrx_word' id='word_1_397' title='bbox 725 3288 784 3323; x_wconf 93' lang='grc' dir='ltr'><strong>τε</strong></span> <span class='ocrx_word' id='word_1_398' title='bbox 831 3274 930 3341; x_wconf 84' lang='grc' dir='ltr'>τῆς</span> <span class='ocrx_word' id='word_1_399' title='bbox 964 3271 1071 3323; x_wconf 90' lang='grc' dir='ltr'><strong>τῶν</strong></span> <span class='ocrx_word' id='word_1_400' title='bbox 1104 3269 1313 3342; x_wconf 87' lang='grc' dir='ltr'>ἀνδρῶν</span> <span class='ocrx_word' id='word_1_401' title='bbox 1360 3269 1675 3340; x_wconf 82' lang='grc' dir='ltr'>προθέσεως</span> <span class='ocrx_word' id='word_1_402' title='bbox 1707 3269 1805 3322; x_wconf 74' lang='grc' dir='ltr'><strong>καὶ</strong></span> <span class='ocrx_word' id='word_1_403' title='bbox 1863 3269 1957 3321; x_wconf 78' lang='grc' dir='ltr'><strong>τοῦ</strong></span> 
     </span>
    </p>
   </div>
   <div class='ocr_carea' id='block_1_61' title="bbox 2065 3269 3653 3344">
    <p class='ocr_par' dir='ltr' id='par_1_61' title="bbox 2065 3270 3653 3344">
     <span class='ocr_line' id='line_1_61' title="bbox 2065 3270 3653 3344; baseline -0.004 -15"><span class='ocrx_word' id='word_1_404' title='bbox 2065 3277 2228 3330; x_wconf 90' lang='lat' dir='ltr'><strong>iidem</strong></span> <span class='ocrx_word' id='word_1_405' title='bbox 2284 3273 2759 3344; x_wconf 84' lang='lat' dir='ltr'><strong>philosophantur.</strong></span> <span class='ocrx_word' id='word_1_406' title='bbox 2807 3271 3087 3341; x_wconf 86' lang='lat' dir='ltr'><strong>Quotquot</strong></span> <span class='ocrx_word' id='word_1_407' title='bbox 3135 3283 3319 3325; x_wconf 87' lang='lat' dir='ltr'><strong>autem</strong></span> <span class='ocrx_word' id='word_1_408' title='bbox 3377 3271 3476 3325; x_wconf 88' lang='lat' dir='ltr'><strong>hos</strong></span> <span class='ocrx_word' id='word_1_409' title='bbox 3506 3270 3653 3325; x_wconf 85' lang='lat' dir='ltr'><strong>inter</strong></span> 
     </span>
    </p>
   </div>
   <div class='ocr_carea' id='block_1_62' title="bbox 368 3361 1959 3433">
    <p class='ocr_par' dir='ltr' id='par_1_62' title="bbox 368 3361 1959 3433">
     <span class='ocr_line' id='line_1_62' title="bbox 368 3361 1959 3433; baseline 0 -18"><span class='ocrx_word' id='word_1_410' title='bbox 368 3362 604 3433; x_wconf 82' lang='grc' dir='ltr'>ἀληθοῦς</span> <span class='ocrx_word' id='word_1_411' title='bbox 634 3365 888 3416; x_wconf 79' lang='grc' dir='ltr'>ἐκπεσεῖν</span> <span class='ocrx_word' id='word_1_412' title='bbox 919 3364 964 3394; x_wconf 86' lang='grc'><strong>²³</strong></span> <span class='ocrx_word' id='word_1_413' title='bbox 991 3363 1361 3427; x_wconf 84' lang='grc' dir='ltr'>ἀποτείνεται,</span> <span class='ocrx_word' id='word_1_414' title='bbox 1408 3363 1534 3425; x_wconf 84' lang='grc' dir='ltr'>τοὺς</span> <span class='ocrx_word' id='word_1_415' title='bbox 1585 3361 1683 3432; x_wconf 81' lang='grc' dir='ltr'><strong>μὲν</strong></span> <span class='ocrx_word' id='word_1_416' title='bbox 1730 3362 1959 3425; x_wconf 78' lang='grc' dir='ltr'>ἑκόντας</span> 
     </span>
    </p>
   </div>
   <div class='ocr_carea' id='block_1_63' title="bbox 366 3451 1957 3524">
    <p class='ocr_par' dir='ltr' id='par_1_63' title="bbox 366 3451 1957 3524">
     <span class='ocr_line' id='line_1_63' title="bbox 366 3451 1957 3524; baseline 0 -20"><span class='ocrx_word' id='word_1_417' title='bbox 366 3453 507 3522; x_wconf 75' lang='grc' dir='ltr'>ἔριδι</span> <span class='ocrx_word' id='word_1_418' title='bbox 541 3453 638 3508; x_wconf 79' lang='grc' dir='ltr'>καὶ</span> <span class='ocrx_word' id='word_1_419' title='bbox 666 3453 895 3524; x_wconf 81' lang='grc' dir='ltr'>ἀπονοίᾳ</span> <span class='ocrx_word' id='word_1_420' title='bbox 920 3456 1061 3524; x_wconf 83' lang='grc' dir='ltr'>σφᾶς</span> <span class='ocrx_word' id='word_1_421' title='bbox 1091 3455 1290 3516; x_wconf 81' lang='grc' dir='ltr'>αὐτοὺς</span> <span class='ocrx_word' id='word_1_422' title='bbox 1321 3451 1788 3524; x_wconf 85' lang='grc' dir='ltr'>προσαναθέντας,</span> <span class='ocrx_word' id='word_1_423' title='bbox 1831 3454 1957 3516; x_wconf 78' lang='grc' dir='ltr'>τοὺς</span> 
     </span>
    </p>
   </div>
   <div class='ocr_carea' id='block_1_64' title="bbox 364 3546 1958 3618">
    <p class='ocr_par' dir='ltr' id='par_1_64' title="bbox 364 3546 1958 3618">
     <span class='ocr_line' id='line_1_64' title="bbox 364 3546 1958 3618; baseline 0.001 -20"><span class='ocrx_word' id='word_1_424' title='bbox 364 3546 423 3599; x_wconf 87' lang='grc' dir='ltr'><strong>δὲ</strong></span> <span class='ocrx_word' id='word_1_425' title='bbox 469 3546 566 3599; x_wconf 78' lang='grc' dir='ltr'>καὶ</span> <span class='ocrx_word' id='word_1_426' title='bbox 615 3547 883 3616; x_wconf 78' lang='grc' dir='ltr'>προλήψει</span> <span class='ocrx_word' id='word_1_427' title='bbox 946 3548 1043 3601; x_wconf 73' lang='grc' dir='ltr'><strong>καὶ</strong></span> <span class='ocrx_word' id='word_1_428' title='bbox 1092 3546 1303 3618; x_wconf 81' lang='grc' dir='ltr'>ἀμαθίᾳ</span> <span class='ocrx_word' id='word_1_429' title='bbox 1340 3546 1794 3615; x_wconf 80' lang='grc' dir='ltr'>δεδουλωμένους.</span> <span class='ocrx_word' id='word_1_430' title='bbox 1849 3548 1958 3600; x_wconf 75' lang='grc' dir='ltr'>Καὶ</span> 
     </span>
    </p>
   </div>
   <div class='ocr_carea' id='block_1_65' title="bbox 364 3636 1956 3711">
    <p class='ocr_par' dir='ltr' id='par_1_65' title="bbox 364 3636 1956 3711">
     <span class='ocr_line' id='line_1_65' title="bbox 364 3636 1956 3711; baseline 0.001 -22"><span class='ocrx_word' id='word_1_431' title='bbox 364 3636 539 3690; x_wconf 82' lang='grc' dir='ltr'>πολὺν</span> <span class='ocrx_word' id='word_1_432' title='bbox 593 3640 720 3702; x_wconf 80' lang='grc' dir='ltr'>τοὺς</span> <span class='ocrx_word' id='word_1_433' title='bbox 777 3639 1088 3711; x_wconf 77' lang='grc' dir='ltr'>ἔμπροσθεν</span> <span class='ocrx_word' id='word_1_434' title='bbox 1134 3641 1328 3710; x_wconf 85' lang='grc' dir='ltr'>στῆσαι</span> <span class='ocrx_word' id='word_1_435' title='bbox 1367 3640 1550 3709; x_wconf 80' lang='grc' dir='ltr'>χορὸν,</span> <span class='ocrx_word' id='word_1_436' title='bbox 1582 3639 1778 3709; x_wconf 78' lang='grc' dir='ltr'>μέχρις</span> <span class='ocrx_word' id='word_1_437' title='bbox 1833 3640 1956 3691; x_wconf 85' lang='grc' dir='ltr'>ὅτου</span> 
     </span>
    </p>
   </div>
   <div class='ocr_carea' id='block_1_66' title="bbox 362 3728 1954 3801">
    <p class='ocr_par' dir='ltr' id='par_1_66' title="bbox 362 3728 1954 3801">
     <span class='ocr_line' id='line_1_66' title="bbox 362 3728 1954 3801; baseline 0.001 -19"><span class='ocrx_word' id='word_1_438' title='bbox 362 3731 398 3800; x_wconf 87' lang='grc' dir='ltr'><strong>ή</strong></span> <span class='ocrx_word' id='word_1_439' title='bbox 434 3730 752 3800; x_wconf 85' lang='grc' dir='ltr'>Ἀμμωνίου</span> <span class='ocrx_word' id='word_1_440' title='bbox 791 3731 951 3799; x_wconf 83' lang='grc' dir='ltr'>σοφία</span> <span class='ocrx_word' id='word_1_441' title='bbox 992 3732 1311 3801; x_wconf 72' lang='grc' dir='ltr'>διέλαμψεν,</span> <span class='ocrx_word' id='word_1_442' title='bbox 1337 3731 1394 3784; x_wconf 86' lang='grc' dir='ltr'>ὃν</span> <span class='ocrx_word' id='word_1_443' title='bbox 1429 3731 1523 3783; x_wconf 79' lang='grc' dir='ltr'>καὶ</span> <span class='ocrx_word' id='word_1_444' title='bbox 1553 3728 1954 3783; x_wconf 79' lang='grc' dir='ltr'>Θεοδίδακτον</span> 
     </span>
    </p>
   </div>
   <div class='ocr_carea' id='block_1_67' title="bbox 364 3820 1959 3894">
    <p class='ocr_par' dir='ltr' id='par_1_67' title="bbox 364 3820 1959 3894">
     <span class='ocr_line' id='line_1_67' title="bbox 364 3820 1959 3894; baseline -0.001 -22"><span class='ocrx_word' id='word_1_445' title='bbox 364 3821 749 3876; x_wconf 80' lang='grc' dir='ltr'>ἐπικαλεῖσθαι</span> <span class='ocrx_word' id='word_1_446' title='bbox 799 3823 960 3894; x_wconf 86' lang='grc' dir='ltr'>ὑμνεί</span> <span class='ocrx_word' id='word_1_447' title='bbox 991 3841 1007 3856; x_wconf 86' lang='grc'><strong>·</strong></span> <span class='ocrx_word' id='word_1_448' title='bbox 1045 3823 1234 3876; x_wconf 87' lang='grc' dir='ltr'>τοῦτον</span> <span class='ocrx_word' id='word_1_449' title='bbox 1277 3822 1386 3893; x_wconf 80' lang='grc' dir='ltr'>γὰρ</span> <span class='ocrx_word' id='word_1_450' title='bbox 1416 3823 1513 3884; x_wconf 80' lang='grc' dir='ltr'>τὰς</span> <span class='ocrx_word' id='word_1_451' title='bbox 1546 3821 1657 3874; x_wconf 69' lang='grc' dir='ltr'><strong>⁴τῶν</strong></span> <span class='ocrx_word' id='word_1_452' title='bbox 1711 3820 1959 3875; x_wconf 89' lang='grc' dir='ltr'>παλαιῶν</span> 
     </span>
    </p>
   </div>
   <div class='ocr_carea' id='block_1_68' title="bbox 362 3913 1959 3987">
    <p class='ocr_par' dir='ltr' id='par_1_68' title="bbox 362 3913 1959 3987">
     <span class='ocr_line' id='line_1_68' title="bbox 362 3913 1959 3987; baseline 0.003 -22"><span class='ocrx_word' id='word_1_453' title='bbox 362 3913 578 3984; x_wconf 84' lang='grc' dir='ltr'>ἀνδρῶν</span> <span class='ocrx_word' id='word_1_454' title='bbox 620 3915 1033 3987; x_wconf 85' lang='grc' dir='ltr'>διακαθάραντα</span> <span class='ocrx_word' id='word_1_455' title='bbox 1078 3918 1260 3983; x_wconf 81' lang='grc' dir='ltr'>δόξας,</span> <span class='ocrx_word' id='word_1_456' title='bbox 1309 3918 1405 3970; x_wconf 78' lang='grc' dir='ltr'><strong>καὶ</strong></span> <span class='ocrx_word' id='word_1_457' title='bbox 1451 3914 1578 3979; x_wconf 79' lang='grc' dir='ltr'>τοὺς</span> <span class='ocrx_word' id='word_1_458' title='bbox 1617 3915 1959 3985; x_wconf 76' lang='grc' dir='ltr'>ἑκατέρωθεν</span> 
     </span>
    </p>
   </div>
   <div class='ocr_carea' id='block_1_69' title="bbox 362 4005 1959 4079">
    <p class='ocr_par' dir='ltr' id='par_1_69' title="bbox 362 4005 1959 4079">
     <span class='ocr_line' id='line_1_69' title="bbox 362 4005 1959 4079; baseline 0.002 -23"><span class='ocrx_word' id='word_1_459' title='bbox 362 4005 777 4075; x_wconf 80' lang='grc' dir='ltr'>ἀναφυομένους</span> <span class='ocrx_word' id='word_1_460' title='bbox 829 4009 1354 4079; x_wconf 83' lang='grc' dir='ltr'>ἀποσκευασάμενον</span> <span class='ocrx_word' id='word_1_461' title='bbox 1391 4008 1611 4079; x_wconf 85' lang='grc' dir='ltr'>λήρους,</span> <span class='ocrx_word' id='word_1_462' title='bbox 1665 4006 1959 4077; x_wconf 86' lang='grc' dir='ltr'>σύμφωνον</span> 
     </span>
    </p>
   </div>
   <div class='ocr_carea' id='block_1_70' title="bbox 365 4096 1960 4170">
    <p class='ocr_par' dir='ltr' id='par_1_70' title="bbox 365 4096 1960 4170">
     <span class='ocr_line' id='line_1_70' title="bbox 365 4096 1960 4170; baseline 0.003 -24"><span class='ocrx_word' id='word_1_463' title='bbox 365 4096 424 4147; x_wconf 82' lang='grc' dir='ltr'>ἐν</span> <span class='ocrx_word' id='word_1_464' title='bbox 476 4099 591 4159; x_wconf 89' lang='grc' dir='ltr'>τοῖς</span> <span class='ocrx_word' id='word_1_465' title='bbox 636 4099 945 4170; x_wconf 81' lang='grc' dir='ltr'>ἐπικαίροις</span> <span class='ocrx_word' id='word_1_466' title='bbox 1002 4117 1062 4153; x_wconf 86' lang='grc' dir='ltr'><strong>τε</strong></span> <span class='ocrx_word' id='word_1_467' title='bbox 1098 4100 1192 4153; x_wconf 77' lang='grc' dir='ltr'>καὶ</span> <span class='ocrx_word' id='word_1_468' title='bbox 1233 4102 1685 4168; x_wconf 82' lang='grc' dir='ltr'>ἀναγκαιοτάτοις</span> <span class='ocrx_word' id='word_1_469' title='bbox 1718 4099 1827 4152; x_wconf 91' lang='grc' dir='ltr'><strong>τῶν</strong></span> <span class='ocrx_word' id='word_1_470' title='bbox 1874 4098 1960 4151; x_wconf 89' lang='grc' dir='ltr'>δο-</span> 
     </span>
    </p>
   </div>
   <div class='ocr_carea' id='block_1_71' title="bbox 364 4188 1960 4262">
    <p class='ocr_par' dir='ltr' id='par_1_71' title="bbox 364 4188 1960 4262">
     <span class='ocr_line' id='line_1_71' title="bbox 364 4188 1960 4262; baseline -0.001 -20"><span class='ocrx_word' id='word_1_471' title='bbox 364 4188 595 4261; x_wconf 84' lang='grc' dir='ltr'>γμάτων</span> <span class='ocrx_word' id='word_1_472' title='bbox 624 4189 912 4254; x_wconf 76' lang='grc' dir='ltr'>Πλάτωνός</span> <span class='ocrx_word' id='word_1_473' title='bbox 951 4208 1009 4243; x_wconf 90' lang='grc' dir='ltr'><strong>τε</strong></span> <span class='ocrx_word' id='word_1_474' title='bbox 1046 4192 1141 4244; x_wconf 76' lang='grc' dir='ltr'><strong>καὶ</strong></span> <span class='ocrx_word' id='word_1_475' title='bbox 1163 4191 1578 4262; x_wconf 88' lang='grc' dir='ltr'>Ἀριστοτέλους</span> <span class='ocrx_word' id='word_1_476' title='bbox 1603 4194 1702 4261; x_wconf 84' lang='grc' dir='ltr'>τὴν</span> <span class='ocrx_word' id='word_1_477' title='bbox 1730 4191 1960 4260; x_wconf 85' lang='grc' dir='ltr'>γνώμην</span> 
     </span>
    </p>
   </div>
   <div class='ocr_carea' id='block_1_72' title="bbox 302 4279 1957 4353">
    <p class='ocr_par' dir='ltr' id='par_1_72' title="bbox 302 4279 1957 4353">
     <span class='ocr_line' id='line_1_72' title="bbox 302 4279 1957 4353; baseline 0.002 -24"><span class='ocrx_word' id='word_1_478' title='bbox 302 4326 303 4329; x_wconf 45' lang='grc' dir='ltr'><strong>η</strong></span> <span class='ocrx_word' id='word_1_479' title='bbox 362 4279 669 4350; x_wconf 81' lang='grc' dir='ltr'>ἀποφῆναι.</span> <span class='ocrx_word' id='word_1_480' title='bbox 728 4279 914 4335; x_wconf 85' lang='grc' dir='ltr'>Ταῦτα</span> <span class='ocrx_word' id='word_1_481' title='bbox 975 4281 1065 4334; x_wconf 80' lang='grc' dir='ltr'>διὰ</span> <span class='ocrx_word' id='word_1_482' title='bbox 1111 4282 1212 4351; x_wconf 82' lang='grc' dir='ltr'>τῆς</span> <span class='ocrx_word' id='word_1_483' title='bbox 1248 4284 1468 4353; x_wconf 76' lang='grc' dir='ltr'>γραφῆς</span> <span class='ocrx_word' id='word_1_484' title='bbox 1520 4284 1548 4336; x_wconf 82' lang='grc' dir='ltr'>ὁ</span> <span class='ocrx_word' id='word_1_485' title='bbox 1622 4282 1957 4353; x_wconf 81' lang='grc' dir='ltr'>Ἱεροκλέους</span> 
     </span>
    </p>
   </div>
   <div class='ocr_carea' id='block_1_73' title="bbox 362 4365 1958 4442">
    <p class='ocr_par' dir='ltr' id='par_1_73' title="bbox 362 4365 1958 4442">
     <span class='ocr_line' id='line_1_73' title="bbox 362 4365 1958 4442; baseline 0.005 -25"><span class='ocrx_word' id='word_1_486' title='bbox 362 4365 521 4435; x_wconf 81' lang='grc' dir='ltr'>λόγος</span> <span class='ocrx_word' id='word_1_487' title='bbox 560 4368 874 4433; x_wconf 79' lang='grc' dir='ltr'>σπουδάζων</span> <span class='ocrx_word' id='word_1_488' title='bbox 897 4373 1299 4435; x_wconf 80' lang='grc' dir='ltr'>κατασκευάζει</span> <span class='ocrx_word' id='word_1_489' title='bbox 1326 4373 1425 4442; x_wconf 81' lang='grc' dir='ltr'><strong>μὲν</strong></span> <span class='ocrx_word' id='word_1_490' title='bbox 1459 4372 1495 4426; x_wconf 80' lang='grc' dir='ltr'>ἃ</span> <span class='ocrx_word' id='word_1_491' title='bbox 1533 4373 1775 4435; x_wconf 82' lang='grc' dir='ltr'>ἐκείνους</span> <span class='ocrx_word' id='word_1_492' title='bbox 1805 4372 1958 4441; x_wconf 85' lang='grc' dir='ltr'>φιλο-</span> 
     </span>
    </p>
   </div>
   <div class='ocr_carea' id='block_1_74' title="bbox 363 4463 1960 4536">
    <p class='ocr_par' dir='ltr' id='par_1_74' title="bbox 363 4463 1960 4536">
     <span class='ocr_line' id='line_1_74' title="bbox 363 4463 1960 4536; baseline 0.002 -22"><span class='ocrx_word' id='word_1_493' title='bbox 363 4464 601 4531; x_wconf 86' lang='grc' dir='ltr'>τιμεῖται</span> <span class='ocrx_word' id='word_1_494' title='bbox 628 4463 891 4530; x_wconf 77' lang='grc' dir='ltr'>δοξάζειν,</span> <span class='ocrx_word' id='word_1_495' title='bbox 916 4466 1338 4532; x_wconf 79' lang='grc' dir='ltr'>ἀνταγωνίζεται</span> <span class='ocrx_word' id='word_1_496' title='bbox 1361 4466 1417 4519; x_wconf 80' lang='grc' dir='ltr'>δὲ</span> <span class='ocrx_word' id='word_1_497' title='bbox 1439 4466 1577 4536; x_wconf 72' lang='grc' dir='ltr'>πρὸς</span> <span class='ocrx_word' id='word_1_498' title='bbox 1610 4466 1736 4530; x_wconf 83' lang='grc' dir='ltr'>τοὺς</span> <span class='ocrx_word' id='word_1_499' title='bbox 1764 4467 1960 4519; x_wconf 71' lang='grc' dir='ltr'>ἐσπου-</span> 
     </span>
    </p>
   </div>
   <div class='ocr_carea' id='block_1_75' title="bbox 360 4555 1959 4629">
    <p class='ocr_par' dir='ltr' id='par_1_75' title="bbox 360 4555 1959 4629">
     <span class='ocr_line' id='line_1_75' title="bbox 360 4555 1959 4629; baseline 0.003 -23"><span class='ocrx_word' id='word_1_500' title='bbox 360 4555 592 4618; x_wconf 89' lang='grc' dir='ltr'>δακότας</span> <span class='ocrx_word' id='word_1_501' title='bbox 671 4557 964 4623; x_wconf 85' lang='grc' dir='ltr'>τάναντία,</span> <span class='ocrx_word' id='word_1_502' title='bbox 1029 4558 1440 4627; x_wconf 80' lang='grc' dir='ltr'>Ἐπικουρείους</span> <span class='ocrx_word' id='word_1_503' title='bbox 1500 4559 1561 4611; x_wconf 85' lang='grc' dir='ltr'><strong>τέ</strong></span> <span class='ocrx_word' id='word_1_504' title='bbox 1642 4576 1786 4629; x_wconf 90' lang='grc' dir='ltr'>φημι</span> <span class='ocrx_word' id='word_1_505' title='bbox 1859 4560 1959 4612; x_wconf 74' lang='grc' dir='ltr'><strong>καὶ</strong></span> 
     </span>
    </p>
   </div>
   <div class='ocr_carea' id='block_1_76' title="bbox 359 4648 1952 4722">
    <p class='ocr_par' dir='ltr' id='par_1_76' title="bbox 359 4648 1952 4722">
     <span class='ocr_line' id='line_1_76' title="bbox 359 4648 1952 4722; baseline 0.003 -23"><span class='ocrx_word' id='word_1_506' title='bbox 359 4648 653 4711; x_wconf 77' lang='grc' dir='ltr'>Στωϊκοὺς,</span> <span class='ocrx_word' id='word_1_507' title='bbox 715 4650 809 4703; x_wconf 72' lang='grc' dir='ltr'>καὶ</span> <span class='ocrx_word' id='word_1_508' title='bbox 861 4652 974 4703; x_wconf 90' lang='grc' dir='ltr'>ὅσοι</span> <span class='ocrx_word' id='word_1_509' title='bbox 1015 4652 1279 4705; x_wconf 84' lang='grc' dir='ltr'>Πλάτωνα</span> <span class='ocrx_word' id='word_1_510' title='bbox 1335 4652 1434 4722; x_wconf 85' lang='grc' dir='ltr'><strong>μὲν</strong></span> <span class='ocrx_word' id='word_1_511' title='bbox 1480 4650 1808 4706; x_wconf 74' lang='grc' dir='ltr'>ὑποδύονται</span> <span class='ocrx_word' id='word_1_512' title='bbox 1855 4652 1952 4706; x_wconf 65' lang='grc' dir='ltr'><strong>καὶ⁵</strong></span> 
     </span>
    </p>
   </div>
   <div class='ocr_carea' id='block_1_77' title="bbox 357 4741 1950 4813">
    <p class='ocr_par' dir='ltr' id='par_1_77' title="bbox 357 4741 1950 4813">
     <span class='ocr_line' id='line_1_77' title="bbox 357 4741 1950 4813; baseline 0.002 -21"><span class='ocrx_word' id='word_1_513' title='bbox 357 4741 767 4812; x_wconf 80' lang='grc' dir='ltr'>Ἀριστοτέλην,</span> <span class='ocrx_word' id='word_1_514' title='bbox 799 4743 900 4798; x_wconf 85' lang='grc' dir='ltr'><strong>οὐκ</strong></span> <span class='ocrx_word' id='word_1_515' title='bbox 940 4742 1120 4813; x_wconf 85' lang='grc' dir='ltr'>ὀρθῶς</span> <span class='ocrx_word' id='word_1_516' title='bbox 1141 4742 1290 4795; x_wconf 81' lang='grc' dir='ltr'>δὲτὰ</span> <span class='ocrx_word' id='word_1_517' title='bbox 1316 4743 1543 4796; x_wconf 77' lang='grc' dir='ltr'>ἐκείνων</span> <span class='ocrx_word' id='word_1_518' title='bbox 1575 4742 1950 4812; x_wconf 81' lang='grc' dir='ltr'>εἰσηγοῦνται.</span> 
     </span>
    </p>
   </div>
   <div class='ocr_carea' id='block_1_78' title="bbox 355 4832 1949 4904">
    <p class='ocr_par' dir='ltr' id='par_1_78' title="bbox 355 4832 1949 4904">
     <span class='ocr_line' id='line_1_78' title="bbox 355 4832 1949 4904; baseline 0.001 -21"><span class='ocrx_word' id='word_1_519' title='bbox 355 4832 471 4884; x_wconf 60' lang='grc' dir='ltr'><strong>Καὶ⁵</strong></span> <span class='ocrx_word' id='word_1_520' title='bbox 530 4835 639 4903; x_wconf 78' lang='grc' dir='ltr'>μὴν</span> <span class='ocrx_word' id='word_1_521' title='bbox 688 4834 846 4896; x_wconf 82' lang='grc' dir='ltr'>ὅσους</span> <span class='ocrx_word' id='word_1_522' title='bbox 892 4836 919 4888; x_wconf 85' lang='grc' dir='ltr'>ὁ</span> <span class='ocrx_word' id='word_1_523' title='bbox 966 4835 1066 4904; x_wconf 83' lang='grc' dir='ltr'>τῆς</span> <span class='ocrx_word' id='word_1_524' title='bbox 1119 4834 1557 4903; x_wconf 85' lang='grc' dir='ltr'>γενεθλιαλογίας</span> <span class='ocrx_word' id='word_1_525' title='bbox 1601 4833 1949 4903; x_wconf 84' lang='grc' dir='ltr'>ἀνηρτήσατο</span> 
     </span>
    </p>
   </div>
   <div class='ocr_carea' id='block_1_79' title="bbox 354 4925 1949 4998">
    <p class='ocr_par' dir='ltr' id='par_1_79' title="bbox 354 4925 1949 4998">
     <span class='ocr_line' id='line_1_79' title="bbox 354 4925 1949 4998; baseline 0.001 -22"><span class='ocrx_word' id='word_1_526' title='bbox 354 4928 543 4990; x_wconf 84' lang='grc' dir='ltr'>πόνος,</span> <span class='ocrx_word' id='word_1_527' title='bbox 592 4926 661 4978; x_wconf 86' lang='grc' dir='ltr'>δι’</span> <span class='ocrx_word' id='word_1_528' title='bbox 712 4926 952 4996; x_wconf 78' lang='grc' dir='ltr'>ἐλέγχων</span> <span class='ocrx_word' id='word_1_529' title='bbox 1007 4926 1052 4958; x_wconf 73' lang='grc'><strong>²¹⁹</strong></span> <span class='ocrx_word' id='word_1_530' title='bbox 1097 4928 1242 4998; x_wconf 85' lang='grc' dir='ltr'>ἄγει,</span> <span class='ocrx_word' id='word_1_531' title='bbox 1296 4927 1574 4997; x_wconf 73' lang='grc' dir='ltr'>σφαλερὰν</span> <span class='ocrx_word' id='word_1_532' title='bbox 1613 4926 1795 4979; x_wconf 81' lang='grc' dir='ltr'>αὐτῶν</span> <span class='ocrx_word' id='word_1_533' title='bbox 1847 4925 1949 4997; x_wconf 84' lang='grc' dir='ltr'><strong>τὴν</strong></span> 
     </span>
    </p>
   </div>
   <div class='ocr_carea' id='block_1_80' title="bbox 2063 3360 3652 3435">
    <p class='ocr_par' dir='ltr' id='par_1_80' title="bbox 2063 3360 3652 3435">
     <span class='ocr_line' id='line_1_80' title="bbox 2063 3360 3652 3435; baseline -0.004 -14"><span class='ocrx_word' id='word_1_534' title='bbox 2063 3382 2122 3421; x_wconf 90' lang='lat' dir='ltr'><strong>se</strong></span> <span class='ocrx_word' id='word_1_535' title='bbox 2161 3366 2459 3419; x_wconf 85' lang='lat' dir='ltr'><strong>dissentire</strong></span> <span class='ocrx_word' id='word_1_536' title='bbox 2503 3380 2567 3418; x_wconf 85' lang='lat' dir='ltr'><strong>ac</strong></span> <span class='ocrx_word' id='word_1_537' title='bbox 2620 3378 2864 3435; x_wconf 90' lang='lat' dir='ltr'><strong>pugnare</strong></span> <span class='ocrx_word' id='word_1_538' title='bbox 2905 3363 3154 3418; x_wconf 84' lang='lat' dir='ltr'><strong>arbitrati</strong></span> <span class='ocrx_word' id='word_1_539' title='bbox 3209 3373 3355 3429; x_wconf 90' lang='lat' dir='ltr'><strong>sunt,</strong></span> <span class='ocrx_word' id='word_1_540' title='bbox 3395 3377 3489 3418; x_wconf 90' lang='lat' dir='ltr'><strong>cos</strong></span> <span class='ocrx_word' id='word_1_541' title='bbox 3532 3360 3652 3415; x_wconf 87' lang='lat' dir='ltr'><strong>lon—</strong></span> 
     </span>
    </p>
   </div>
   <div class='ocr_carea' id='block_1_81' title="bbox 2062 3453 3651 3528">
    <p class='ocr_par' dir='ltr' id='par_1_81' title="bbox 2062 3453 3651 3528">
     <span class='ocr_line' id='line_1_81' title="bbox 2062 3453 3651 3528; baseline -0.004 -15"><span class='ocrx_word' id='word_1_542' title='bbox 2062 3458 2285 3528; x_wconf 85' lang='lat' dir='ltr'><strong>gissime</strong></span> <span class='ocrx_word' id='word_1_543' title='bbox 2343 3457 2414 3512; x_wconf 84' lang='lat' dir='ltr'><strong>ab</strong></span> <span class='ocrx_word' id='word_1_544' title='bbox 2463 3470 2652 3510; x_wconf 89' lang='lat' dir='ltr'><strong>eorum</strong></span> <span class='ocrx_word' id='word_1_545' title='bbox 2707 3455 2977 3509; x_wconf 89' lang='lat' dir='ltr'><strong>sententia</strong></span> <span class='ocrx_word' id='word_1_546' title='bbox 3028 3454 3309 3520; x_wconf 87' lang='lat' dir='ltr'><strong>abductos,</strong></span> <span class='ocrx_word' id='word_1_547' title='bbox 3355 3469 3384 3507; x_wconf 92' lang='lat' dir='ltr'><strong>a</strong></span> <span class='ocrx_word' id='word_1_548' title='bbox 3422 3453 3651 3507; x_wconf 81' lang='lat' dir='ltr'><strong>veritate</strong></span> 
     </span>
    </p>
   </div>
   <div class='ocr_carea' id='block_1_82' title="bbox 2060 3544 3647 3612">
    <p class='ocr_par' dir='ltr' id='par_1_82' title="bbox 2060 3544 3647 3612">
     <span class='ocr_line' id='line_1_82' title="bbox 2060 3544 3647 3612; baseline -0.008 -6"><span class='ocrx_word' id='word_1_549' title='bbox 2060 3552 2282 3606; x_wconf 85' lang='lat' dir='ltr'><strong>omnino</strong></span> <span class='ocrx_word' id='word_1_550' title='bbox 2326 3552 2612 3603; x_wconf 89' lang='lat' dir='ltr'><strong>aberrasse</strong></span> <span class='ocrx_word' id='word_1_551' title='bbox 2644 3546 2943 3605; x_wconf 79' lang='lat' dir='ltr'><strong>contendit,</strong></span> <span class='ocrx_word' id='word_1_552' title='bbox 2984 3544 3119 3598; x_wconf 85' lang='lat' dir='ltr'><strong>alios</strong></span> <span class='ocrx_word' id='word_1_553' title='bbox 3154 3559 3249 3598; x_wconf 90' lang='lat' dir='ltr'><strong>sua</strong></span> <span class='ocrx_word' id='word_1_554' title='bbox 3289 3552 3485 3612; x_wconf 90' lang='lat' dir='ltr'><strong>sponte</strong></span> <span class='ocrx_word' id='word_1_555' title='bbox 3513 3556 3647 3595; x_wconf 88' lang='lat' dir='ltr'><strong>con-</strong></span> 
     </span>
    </p>
   </div>
   <div class='ocr_carea' id='block_1_83' title="bbox 2063 3633 3648 3708">
    <p class='ocr_par' dir='ltr' id='par_1_83' title="bbox 2063 3633 3648 3708">
     <span class='ocr_line' id='line_1_83' title="bbox 2063 3633 3648 3708; baseline -0.004 -13"><span class='ocrx_word' id='word_1_556' title='bbox 2063 3644 2318 3697; x_wconf 87' lang='lat' dir='ltr'><strong>tendendi</strong></span> <span class='ocrx_word' id='word_1_557' title='bbox 2373 3642 2555 3696; x_wconf 90' lang='lat' dir='ltr'><strong>studio</strong></span> <span class='ocrx_word' id='word_1_558' title='bbox 2602 3649 2767 3708; x_wconf 85' lang='lat' dir='ltr'><strong>atque</strong></span> <span class='ocrx_word' id='word_1_559' title='bbox 2817 3638 3012 3707; x_wconf 77' lang='lat' dir='ltr'><strong>172a</strong></span> <span class='ocrx_word' id='word_1_560' title='bbox 3057 3634 3293 3690; x_wconf 69' lang='lat' dir='ltr'><strong>ves:inia:</strong></span> <span class='ocrx_word' id='word_1_561' title='bbox 3326 3648 3447 3689; x_wconf 87' lang='lat' dir='ltr'><strong>sese</strong></span> <span class='ocrx_word' id='word_1_562' title='bbox 3493 3633 3648 3688; x_wconf 84' lang='lat' dir='ltr'><strong>addi—</strong></span> 
     </span>
    </p>
   </div>
   <div class='ocr_carea' id='block_1_84' title="bbox 2062 3725 3644 3803">
    <p class='ocr_par' dir='ltr' id='par_1_84' title="bbox 2062 3725 3644 3803">
     <span class='ocr_line' id='line_1_84' title="bbox 2062 3725 3644 3803; baseline -0.006 -14"><span class='ocrx_word' id='word_1_563' title='bbox 2062 3744 2269 3803; x_wconf 71' lang='lat' dir='ltr'><strong>centes,</strong></span> <span class='ocrx_word' id='word_1_564' title='bbox 2299 3734 2435 3788; x_wconf 90' lang='lat' dir='ltr'><strong>alios</strong></span> <span class='ocrx_word' id='word_1_565' title='bbox 2478 3743 2858 3803; x_wconf 79' lang='lat' dir='ltr'><strong>praeoccupata</strong></span> <span class='ocrx_word' id='word_1_566' title='bbox 2897 3730 3156 3797; x_wconf 88' lang='lat' dir='ltr'><strong>opinione</strong></span> <span class='ocrx_word' id='word_1_567' title='bbox 3201 3737 3370 3796; x_wconf 88' lang='lat' dir='ltr'><strong>atque</strong></span> <span class='ocrx_word' id='word_1_568' title='bbox 3414 3725 3644 3795; x_wconf 84' lang='lat' dir='ltr'><strong>imperi-</strong></span> 
     </span>
    </p>
   </div>
   <div class='ocr_carea' id='block_1_85' title="bbox 2063 3818 3645 3894">
    <p class='ocr_par' dir='ltr' id='par_1_85' title="bbox 2063 3818 3645 3894">
     <span class='ocr_line' id='line_1_85' title="bbox 2063 3818 3645 3894; baseline -0.006 -14"><span class='ocrx_word' id='word_1_569' title='bbox 2063 3828 2133 3881; x_wconf 80' lang='lat' dir='ltr'><strong>tia</strong></span> <span class='ocrx_word' id='word_1_570' title='bbox 2179 3829 2458 3881; x_wconf 88' lang='lat' dir='ltr'><strong>subactos.</strong></span> <span class='ocrx_word' id='word_1_571' title='bbox 2503 3824 2582 3879; x_wconf 82' lang='lat' dir='ltr'><strong>Ac</strong></span> <span class='ocrx_word' id='word_1_572' title='bbox 2628 3824 2827 3894; x_wconf 92' lang='lat' dir='ltr'><strong>prioris</strong></span> <span class='ocrx_word' id='word_1_573' title='bbox 2861 3823 3082 3891; x_wconf 88' lang='lat' dir='ltr'><strong>quidem</strong></span> <span class='ocrx_word' id='word_1_574' title='bbox 3123 3820 3335 3874; x_wconf 83' lang='lat' dir='ltr'><strong>ordinis</strong></span> <span class='ocrx_word' id='word_1_575' title='bbox 3370 3818 3645 3887; x_wconf 82' lang='lat' dir='ltr'><strong>ingentem</strong></span> 
     </span>
    </p>
   </div>
   <div class='ocr_carea' id='block_1_86' title="bbox 2066 3908 3648 3979">
    <p class='ocr_par' dir='ltr' id='par_1_86' title="bbox 2066 3908 3648 3979">
     <span class='ocr_line' id='line_1_86' title="bbox 2066 3908 3648 3979; baseline -0.004 -9"><span class='ocrx_word' id='word_1_576' title='bbox 2066 3918 2234 3972; x_wconf 76' lang='lat' dir='ltr'><strong>fuisse</strong></span> <span class='ocrx_word' id='word_1_577' title='bbox 2268 3931 2556 3970; x_wconf 90' lang='lat' dir='ltr'><strong>numerum</strong></span> <span class='ocrx_word' id='word_1_578' title='bbox 2594 3914 2785 3977; x_wconf 79' lang='lat' dir='ltr'><strong>refert,</strong></span> <span class='ocrx_word' id='word_1_579' title='bbox 2829 3916 3004 3967; x_wconf 89' lang='lat' dir='ltr'><strong>donec</strong></span> <span class='ocrx_word' id='word_1_580' title='bbox 3046 3910 3316 3965; x_wconf 86' lang='lat' dir='ltr'><strong>Ammonii</strong></span> <span class='ocrx_word' id='word_1_581' title='bbox 3351 3908 3648 3979; x_wconf 83' lang='lat' dir='ltr'><strong>aliquando</strong></span> 
     </span>
    </p>
   </div>
   <div class='ocr_carea' id='block_1_87' title="bbox 2062 4002 3647 4077">
    <p class='ocr_par' dir='ltr' id='par_1_87' title="bbox 2062 4002 3647 4077">
     <span class='ocr_line' id='line_1_87' title="bbox 2062 4002 3647 4077; baseline -0.006 -12"><span class='ocrx_word' id='word_1_582' title='bbox 2062 4009 2330 4077; x_wconf 84' lang='lat' dir='ltr'><strong>sapientia</strong></span> <span class='ocrx_word' id='word_1_583' title='bbox 2366 4008 2485 4061; x_wconf 88' lang='lat' dir='ltr'><strong>orbi</strong></span> <span class='ocrx_word' id='word_1_584' title='bbox 2536 4006 2736 4071; x_wconf 86' lang='lat' dir='ltr'><strong>illuxit,</strong></span> <span class='ocrx_word' id='word_1_585' title='bbox 2785 4020 2944 4075; x_wconf 88' lang='lat' dir='ltr'><strong>quem</strong></span> <span class='ocrx_word' id='word_1_586' title='bbox 2992 4005 3157 4059; x_wconf 76' lang='lat' dir='ltr'><strong>etiam</strong></span> <span class='ocrx_word' id='word_1_587' title='bbox 3211 4002 3472 4056; x_wconf 75' lang='lat' dir='ltr'><strong>Divinitus</strong></span> <span class='ocrx_word' id='word_1_588' title='bbox 3522 4003 3647 4055; x_wconf 85' lang='lat' dir='ltr'><strong>edo-</strong></span> 
     </span>
    </p>
   </div>
   <div class='ocr_carea' id='block_1_88' title="bbox 2062 4092 3646 4168">
    <p class='ocr_par' dir='ltr' id='par_1_88' title="bbox 2062 4092 3646 4168">
     <span class='ocr_line' id='line_1_88' title="bbox 2062 4092 3646 4168; baseline -0.004 -16"><span class='ocrx_word' id='word_1_589' title='bbox 2062 4108 2206 4153; x_wconf 83' lang='lat' dir='ltr'><strong>ctum</strong></span> <span class='ocrx_word' id='word_1_590' title='bbox 2248 4097 2508 4168; x_wconf 86' lang='lat' dir='ltr'><strong>appellari</strong></span> <span class='ocrx_word' id='word_1_591' title='bbox 2558 4096 2838 4165; x_wconf 71' lang='lat' dir='ltr'><strong>praedicat.</strong></span> <span class='ocrx_word' id='word_1_592' title='bbox 2875 4094 3033 4149; x_wconf 89' lang='lat' dir='ltr'><strong>Hunc</strong></span> <span class='ocrx_word' id='word_1_593' title='bbox 3065 4094 3211 4149; x_wconf 88' lang='lat' dir='ltr'><strong>enim</strong></span> <span class='ocrx_word' id='word_1_594' title='bbox 3248 4102 3493 4147; x_wconf 87' lang='lat' dir='ltr'><strong>veterum</strong></span> <span class='ocrx_word' id='word_1_595' title='bbox 3526 4092 3646 4161; x_wconf 88' lang='lat' dir='ltr'><strong>phi-</strong></span> 
     </span>
    </p>
   </div>
   <div class='ocr_carea' id='block_1_89' title="bbox 2063 4180 3647 4259">
    <p class='ocr_par' dir='ltr' id='par_1_89' title="bbox 2063 4180 3647 4259">
     <span class='ocr_line' id='line_1_89' title="bbox 2063 4180 3647 4259; baseline -0.005 -16"><span class='ocrx_word' id='word_1_596' title='bbox 2063 4190 2415 4259; x_wconf 84' lang='lat' dir='ltr'><strong>losophorum</strong></span> <span class='ocrx_word' id='word_1_597' title='bbox 2466 4187 2816 4258; x_wconf 90' lang='lat' dir='ltr'><strong>opinionibus</strong></span> <span class='ocrx_word' id='word_1_598' title='bbox 2875 4183 3257 4255; x_wconf 83' lang='lat' dir='ltr'><strong>perpurgatis,</strong></span> <span class='ocrx_word' id='word_1_599' title='bbox 3314 4194 3367 4238; x_wconf 90' lang='lat' dir='ltr'><strong>et</strong></span> <span class='ocrx_word' id='word_1_600' title='bbox 3418 4180 3647 4236; x_wconf 80' lang='lat' dir='ltr'><strong>resectis</strong></span> 
     </span>
    </p>
   </div>
   <div class='ocr_carea' id='block_1_90' title="bbox 2062 4272 3645 4351">
    <p class='ocr_par' dir='ltr' id='par_1_90' title="bbox 2062 4272 3645 4351">
     <span class='ocr_line' id='line_1_90' title="bbox 2062 4272 3645 4351; baseline -0.006 -17"><span class='ocrx_word' id='word_1_601' title='bbox 2062 4297 2184 4351; x_wconf 63' lang='lat' dir='ltr'><strong>qua;</strong></span> <span class='ocrx_word' id='word_1_602' title='bbox 2256 4280 2514 4348; x_wconf 89' lang='lat' dir='ltr'><strong>utrinque</strong></span> <span class='ocrx_word' id='word_1_603' title='bbox 2573 4286 2929 4332; x_wconf 84' lang='lat' dir='ltr'><strong>excreverant</strong></span> <span class='ocrx_word' id='word_1_604' title='bbox 2988 4276 3181 4347; x_wconf 88' lang='lat' dir='ltr'><strong>nugis,</strong></span> <span class='ocrx_word' id='word_1_605' title='bbox 3239 4275 3291 4329; x_wconf 92' lang='lat' dir='ltr'><strong>in</strong></span> <span class='ocrx_word' id='word_1_606' title='bbox 3353 4272 3645 4341; x_wconf 70' lang='lat' dir='ltr'><strong>praecipuis</strong></span> 
     </span>
    </p>
   </div>
   <div class='ocr_carea' id='block_1_91' title="bbox 2064 4368 3642 4443">
    <p class='ocr_par' dir='ltr' id='par_1_91' title="bbox 2064 4368 3642 4443">
     <span class='ocr_line' id='line_1_91' title="bbox 2064 4368 3642 4443; baseline -0.006 -16"><span class='ocrx_word' id='word_1_607' title='bbox 2064 4373 2370 4443; x_wconf 88' lang='lat' dir='ltr'><strong>quibusque</strong></span> <span class='ocrx_word' id='word_1_608' title='bbox 2398 4382 2452 4426; x_wconf 89' lang='lat' dir='ltr'><strong>et</strong></span> <span class='ocrx_word' id='word_1_609' title='bbox 2483 4371 2719 4425; x_wconf 80' lang='lat' dir='ltr'><strong>maxime</strong></span> <span class='ocrx_word' id='word_1_610' title='bbox 2753 4369 3085 4425; x_wconf 84' lang='lat' dir='ltr'><strong>necessariis</strong></span> <span class='ocrx_word' id='word_1_611' title='bbox 3116 4368 3481 4438; x_wconf 85' lang='lat' dir='ltr'><strong>dogmatibus,</strong></span> <span class='ocrx_word' id='word_1_612' title='bbox 3508 4381 3642 4421; x_wconf 89' lang='lat' dir='ltr'><strong>con-</strong></span> 
     </span>
    </p>
   </div>
   <div class='ocr_carea' id='block_1_92' title="bbox 2063 4453 3639 4519">
    <p class='ocr_par' dir='ltr' id='par_1_92' title="bbox 2063 4453 3639 4519">
     <span class='ocr_line' id='line_1_92' title="bbox 2063 4453 3639 4519; baseline -0.01 0"><span class='ocrx_word' id='word_1_613' title='bbox 2063 4465 2284 4519; x_wconf 91' lang='lat' dir='ltr'><strong>cordem</strong></span> <span class='ocrx_word' id='word_1_614' title='bbox 2334 4476 2459 4517; x_wconf 90' lang='lat' dir='ltr'><strong>esse</strong></span> <span class='ocrx_word' id='word_1_615' title='bbox 2512 4460 2755 4515; x_wconf 87' lang='lat' dir='ltr'><strong>Platonis</strong></span> <span class='ocrx_word' id='word_1_616' title='bbox 2816 4468 2868 4512; x_wconf 88' lang='lat' dir='ltr'><strong>et</strong></span> <span class='ocrx_word' id='word_1_617' title='bbox 2917 4457 3232 4512; x_wconf 80' lang='lat' dir='ltr'><strong>Aristotelis</strong></span> <span class='ocrx_word' id='word_1_618' title='bbox 3288 4453 3639 4517; x_wconf 87' lang='lat' dir='ltr'><strong>sententiam,</strong></span> 
     </span>
    </p>
   </div>
   <div class='ocr_carea' id='block_1_93' title="bbox 2064 4546 3644 4621">
    <p class='ocr_par' dir='ltr' id='par_1_93' title="bbox 2064 4546 3644 4621">
     <span class='ocr_line' id='line_1_93' title="bbox 2064 4546 3644 4621; baseline -0.008 -9"><span class='ocrx_word' id='word_1_619' title='bbox 2064 4557 2489 4612; x_wconf 87' lang='lat' dir='ltr'><strong>demonstrasse.</strong></span> <span class='ocrx_word' id='word_1_620' title='bbox 2523 4551 2639 4606; x_wconf 83' lang='lat' dir='ltr'><strong>Huc</strong></span> <span class='ocrx_word' id='word_1_621' title='bbox 2681 4551 2845 4621; x_wconf 87' lang='lat' dir='ltr'><strong>igitur</strong></span> <span class='ocrx_word' id='word_1_622' title='bbox 2874 4548 3137 4602; x_wconf 86' lang='lat' dir='ltr'><strong>Hieroclis</strong></span> <span class='ocrx_word' id='word_1_623' title='bbox 3182 4546 3406 4615; x_wconf 90' lang='lat' dir='ltr'><strong>scriptio</strong></span> <span class='ocrx_word' id='word_1_624' title='bbox 3447 4558 3644 4613; x_wconf 86' lang='lat' dir='ltr'><strong>magno</strong></span> 
     </span>
    </p>
   </div>
   <div class='ocr_carea' id='block_1_94' title="bbox 1988 4630 3642 4710">
    <p class='ocr_par' dir='ltr' id='par_1_94' title="bbox 1988 4630 3642 4710">
     <span class='ocr_line' id='line_1_94' title="bbox 1988 4630 3642 4710; baseline -0.007 -11"><span class='ocrx_word' id='word_1_625' title='bbox 1988 4630 2239 4700; x_wconf 86' lang='lat' dir='ltr'><strong>Dstudio</strong></span> <span class='ocrx_word' id='word_1_626' title='bbox 2285 4643 2600 4707; x_wconf 89' lang='lat' dir='ltr'><strong>connitens,</strong></span> <span class='ocrx_word' id='word_1_627' title='bbox 2636 4651 2692 4696; x_wconf 82' lang='lat' dir='ltr'><strong>et</strong></span> <span class='ocrx_word' id='word_1_628' title='bbox 2737 4638 3078 4710; x_wconf 89' lang='lat' dir='ltr'><strong>argumentis</strong></span> <span class='ocrx_word' id='word_1_629' title='bbox 3129 4636 3217 4692; x_wconf 91' lang='lat' dir='ltr'><strong>illa</strong></span> <span class='ocrx_word' id='word_1_630' title='bbox 3264 4635 3484 4699; x_wconf 89' lang='lat' dir='ltr'><strong>astruit,</strong></span> <span class='ocrx_word' id='word_1_631' title='bbox 3521 4650 3642 4705; x_wconf 68' lang='lat' dir='ltr'><strong>qua:</strong></span> 
     </span>
    </p>
   </div>
   <div class='ocr_carea' id='block_1_95' title="bbox 2056 4725 3640 4804">
    <p class='ocr_par' dir='ltr' id='par_1_95' title="bbox 2056 4725 3640 4804">
     <span class='ocr_line' id='line_1_95' title="bbox 2056 4725 3640 4804; baseline -0.009 -15"><span class='ocrx_word' id='word_1_632' title='bbox 2056 4735 2203 4804; x_wconf 87' lang='lat' dir='ltr'><strong>ipsos</strong></span> <span class='ocrx_word' id='word_1_633' title='bbox 2236 4730 2476 4787; x_wconf 86' lang='lat' dir='ltr'><strong>sensisse</strong></span> <span class='ocrx_word' id='word_1_634' title='bbox 2501 4728 2818 4792; x_wconf 90' lang='lat' dir='ltr'><strong>contendit;</strong></span> <span class='ocrx_word' id='word_1_635' title='bbox 2845 4737 2899 4781; x_wconf 90' lang='lat' dir='ltr'><strong>et</strong></span> <span class='ocrx_word' id='word_1_636' title='bbox 2933 4727 3138 4781; x_wconf 83' lang='lat' dir='ltr'><strong>acriter</strong></span> <span class='ocrx_word' id='word_1_637' title='bbox 3164 4740 3288 4780; x_wconf 89' lang='lat' dir='ltr'><strong>cum</strong></span> <span class='ocrx_word' id='word_1_638' title='bbox 3330 4725 3401 4779; x_wconf 89' lang='lat' dir='ltr'><strong>iis</strong></span> <span class='ocrx_word' id='word_1_639' title='bbox 3442 4731 3640 4786; x_wconf 80' lang='lat' dir='ltr'><strong>certat,</strong></span> 
     </span>
    </p>
   </div>
   <div class='ocr_carea' id='block_1_96' title="bbox 2055 4813 3645 4895">
    <p class='ocr_par' dir='ltr' id='par_1_96' title="bbox 2055 4813 3645 4895">
     <span class='ocr_line' id='line_1_96' title="bbox 2055 4813 3645 4895; baseline -0.008 -16"><span class='ocrx_word' id='word_1_640' title='bbox 2055 4828 2146 4895; x_wconf 89' lang='lat' dir='ltr'><strong>qui</strong></span> <span class='ocrx_word' id='word_1_641' title='bbox 2191 4825 2532 4879; x_wconf 88' lang='lat' dir='ltr'><strong>contrariam</strong></span> <span class='ocrx_word' id='word_1_642' title='bbox 2586 4819 2727 4875; x_wconf 85' lang='lat' dir='ltr'><strong>tueri</strong></span> <span class='ocrx_word' id='word_1_643' title='bbox 2780 4829 2990 4890; x_wconf 89' lang='lat' dir='ltr'><strong>partem</strong></span> <span class='ocrx_word' id='word_1_644' title='bbox 3039 4818 3218 4873; x_wconf 87' lang='lat' dir='ltr'><strong>conati</strong></span> <span class='ocrx_word' id='word_1_645' title='bbox 3264 4824 3412 4871; x_wconf 86' lang='lat' dir='ltr'><strong>sunt.</strong></span> <span class='ocrx_word' id='word_1_646' title='bbox 3454 4813 3645 4884; x_wconf 81' lang='lat' dir='ltr'><strong>Epicu-</strong></span> 
     </span>
    </p>
   </div>
   <div class='ocr_carea' id='block_1_97' title="bbox 2053 4906 3640 4982">
    <p class='ocr_par' dir='ltr' id='par_1_97' title="bbox 2053 4906 3640 4982">
     <span class='ocr_line' id='line_1_97' title="bbox 2053 4906 3640 4982; baseline -0.008 -12"><span class='ocrx_word' id='word_1_647' title='bbox 2053 4932 2176 4971; x_wconf 89' lang='lat' dir='ltr'><strong>reos</strong></span> <span class='ocrx_word' id='word_1_648' title='bbox 2212 4917 2352 4979; x_wconf 92' lang='lat' dir='ltr'><strong>dico,</strong></span> <span class='ocrx_word' id='word_1_649' title='bbox 2385 4928 2449 4967; x_wconf 92' lang='lat' dir='ltr'><strong>ac</strong></span> <span class='ocrx_word' id='word_1_650' title='bbox 2490 4911 2727 4976; x_wconf 91' lang='lat' dir='ltr'><strong>Stoicos,</strong></span> <span class='ocrx_word' id='word_1_651' title='bbox 2773 4922 2829 4968; x_wconf 91' lang='lat' dir='ltr'><strong>et</strong></span> <span class='ocrx_word' id='word_1_652' title='bbox 2866 4920 3134 4982; x_wconf 90' lang='lat' dir='ltr'><strong>quotquot</strong></span> <span class='ocrx_word' id='word_1_653' title='bbox 3176 4907 3319 4964; x_wconf 84' lang='lat' dir='ltr'><strong>forte</strong></span> <span class='ocrx_word' id='word_1_654' title='bbox 3360 4906 3640 4963; x_wconf 86' lang='lat' dir='ltr'><strong>Platonem</strong></span> 
     </span>
    </p>
   </div>
   <div class='ocr_carea' id='block_1_98' title="bbox 354 5006 1963 5089">
    <p class='ocr_par' dir='ltr' id='par_1_98' title="bbox 354 5016 1946 5089">
     <span class='ocr_line' id='line_1_98' title="bbox 354 5016 1946 5089; baseline 0.002 -20"><span class='ocrx_word' id='word_1_655' title='bbox 354 5017 487 5085; x_wconf 70' lang='grc' dir='ltr'>περὶ</span> <span class='ocrx_word' id='word_1_656' title='bbox 540 5016 643 5086; x_wconf 85' lang='grc' dir='ltr'>τῆς</span> <span class='ocrx_word' id='word_1_657' title='bbox 689 5019 1033 5089; x_wconf 81' lang='grc' dir='ltr'>εἱμαρμένης</span> <span class='ocrx_word' id='word_1_658' title='bbox 1072 5020 1385 5083; x_wconf 76' lang='grc' dir='ltr'>ἐπιδεικνὺς</span> <span class='ocrx_word' id='word_1_659' title='bbox 1426 5020 1605 5085; x_wconf 81' lang='grc' dir='ltr'>δόξαν.</span> <span class='ocrx_word' id='word_1_660' title='bbox 1658 5020 1770 5073; x_wconf 74' lang='grc' dir='ltr'>Καὶ</span> <span class='ocrx_word' id='word_1_661' title='bbox 1814 5019 1946 5081; x_wconf 82' lang='grc' dir='ltr'>τοὺς</span> 
     </span>
    </p>
   </div>
   <div class='ocr_carea' id='block_1_99' title="bbox 2065 5006 3635 5089">
    <p class='ocr_par' dir='ltr' id='par_1_99' title="bbox 2065 5006 3635 5081">
     <span class='ocr_line' id='line_1_99' title="bbox 2065 5006 3635 5081; baseline -0.005 -18"><span class='ocrx_word' id='word_1_662' title='bbox 2065 5020 2213 5081; x_wconf 71' lang='lat' dir='ltr'><strong>atque</strong></span> <span class='ocrx_word' id='word_1_663' title='bbox 2245 5008 2591 5063; x_wconf 88' lang='lat' dir='ltr'><strong>Aristotelem</strong></span> <span class='ocrx_word' id='word_1_664' title='bbox 2629 5007 2819 5063; x_wconf 89' lang='lat' dir='ltr'><strong>colunt</strong></span> <span class='ocrx_word' id='word_1_665' title='bbox 2856 5006 3097 5076; x_wconf 86' lang='lat' dir='ltr'><strong>quidem,</strong></span> <span class='ocrx_word' id='word_1_666' title='bbox 3125 5006 3220 5061; x_wconf 89' lang='lat' dir='ltr'><strong>sed</strong></span> <span class='ocrx_word' id='word_1_667' title='bbox 3250 5019 3439 5060; x_wconf 85' lang='lat' dir='ltr'><strong>eorum</strong></span> <span class='ocrx_word' id='word_1_668' title='bbox 3476 5018 3635 5057; x_wconf 85' lang='lat' dir='ltr'><strong>sensa</strong></span> 
     </span>
    </p>
   </div>
   <div class='ocr_carea' id='block_1_100' title="bbox 354 5109 1943 5182">
    <p class='ocr_par' dir='ltr' id='par_1_100' title="bbox 354 5109 1943 5182">
     <span class='ocr_line' id='line_1_100' title="bbox 354 5109 1943 5182; baseline 0.001 -22"><span class='ocrx_word' id='word_1_669' title='bbox 354 5111 631 5176; x_wconf 86' lang='grc' dir='ltr'>μηχαναῖς</span> <span class='ocrx_word' id='word_1_670' title='bbox 677 5110 723 5141; x_wconf 72' lang='grc'><strong>’⁸</strong></span> <span class='ocrx_word' id='word_1_671' title='bbox 754 5126 896 5163; x_wconf 87' lang='grc' dir='ltr'>τισιν</span> <span class='ocrx_word' id='word_1_672' title='bbox 953 5110 985 5180; x_wconf 81' lang='grc' dir='ltr'>ἢ</span> <span class='ocrx_word' id='word_1_673' title='bbox 1036 5111 1315 5181; x_wconf 86' lang='grc' dir='ltr'>γοητείαις</span> <span class='ocrx_word' id='word_1_674' title='bbox 1364 5112 1466 5182; x_wconf 83' lang='grc' dir='ltr'>τὴν</span> <span class='ocrx_word' id='word_1_675' title='bbox 1516 5110 1785 5182; x_wconf 89' lang='grc' dir='ltr'>Πρόνοιαν</span> <span class='ocrx_word' id='word_1_676' title='bbox 1831 5109 1943 5162; x_wconf 87' lang='grc' dir='ltr'><strong>τῶν</strong></span> 
     </span>
    </p>
   </div>
   <div class='ocr_carea' id='block_1_101' title="bbox 353 5200 1949 5273">
    <p class='ocr_par' dir='ltr' id='par_1_101' title="bbox 353 5200 1949 5273">
     <span class='ocr_line' id='line_1_101' title="bbox 353 5200 1949 5273; baseline 0.001 -20"><span class='ocrx_word' id='word_1_677' title='bbox 353 5202 530 5255; x_wconf 82' lang='grc' dir='ltr'>ὅντων</span> <span class='ocrx_word' id='word_1_678' title='bbox 577 5203 976 5268; x_wconf 81' lang='grc' dir='ltr'>ἀποσκευάζειν</span> <span class='ocrx_word' id='word_1_679' title='bbox 1026 5204 1344 5273; x_wconf 87' lang='grc' dir='ltr'>τολμῶντας</span> <span class='ocrx_word' id='word_1_680' title='bbox 1393 5205 1516 5266; x_wconf 85' lang='grc' dir='ltr'>ταῖς</span> <span class='ocrx_word' id='word_1_681' title='bbox 1567 5202 1780 5272; x_wconf 87' lang='grc' dir='ltr'>ὁμοίαις</span> <span class='ocrx_word' id='word_1_682' title='bbox 1836 5200 1949 5258; x_wconf 82' lang='grc' dir='ltr'><strong>τῶν</strong></span> 
     </span>
    </p>
   </div>
   <div class='ocr_carea' id='block_1_102' title="bbox 2051 5096 3642 5171">
    <p class='ocr_par' dir='ltr' id='par_1_102' title="bbox 2051 5096 3642 5171">
     <span class='ocr_line' id='line_1_102' title="bbox 2051 5096 3642 5171; baseline -0.007 -14"><span class='ocrx_word' id='word_1_683' title='bbox 2051 5103 2233 5157; x_wconf 88' lang='lat' dir='ltr'><strong>minus</strong></span> <span class='ocrx_word' id='word_1_684' title='bbox 2286 5110 2432 5156; x_wconf 89' lang='lat' dir='ltr'><strong>recte</strong></span> <span class='ocrx_word' id='word_1_685' title='bbox 2487 5100 2780 5171; x_wconf 76' lang='lat' dir='ltr'><strong>explicant.</strong></span> <span class='ocrx_word' id='word_1_686' title='bbox 2840 5097 2948 5154; x_wconf 88' lang='lat' dir='ltr'><strong>Eos</strong></span> <span class='ocrx_word' id='word_1_687' title='bbox 3004 5098 3159 5163; x_wconf 89' lang='lat' dir='ltr'><strong>item,</strong></span> <span class='ocrx_word' id='word_1_688' title='bbox 3219 5096 3312 5167; x_wconf 93' lang='lat' dir='ltr'><strong>qui</strong></span> <span class='ocrx_word' id='word_1_689' title='bbox 3366 5096 3421 5150; x_wconf 90' lang='lat' dir='ltr'><strong>in</strong></span> <span class='ocrx_word' id='word_1_690' title='bbox 3474 5110 3642 5163; x_wconf 83' lang='lat' dir='ltr'><strong>gene-</strong></span> 
     </span>
    </p>
   </div>
   <div class='ocr_carea' id='block_1_103' title="bbox 2056 5186 3637 5262">
    <p class='ocr_par' dir='ltr' id='par_1_103' title="bbox 2056 5186 3637 5262">
     <span class='ocr_line' id='line_1_103' title="bbox 2056 5186 3637 5262; baseline -0.008 -11"><span class='ocrx_word' id='word_1_691' title='bbox 2056 5196 2257 5251; x_wconf 79' lang='lat' dir='ltr'><strong>tltliaca</strong></span> <span class='ocrx_word' id='word_1_692' title='bbox 2313 5196 2582 5251; x_wconf 89' lang='lat' dir='ltr'><strong>desudant</strong></span> <span class='ocrx_word' id='word_1_693' title='bbox 2643 5202 2783 5258; x_wconf 89' lang='lat' dir='ltr'><strong>arte,</strong></span> <span class='ocrx_word' id='word_1_694' title='bbox 2842 5192 3157 5262; x_wconf 86' lang='lat' dir='ltr'><strong>redarguit,</strong></span> <span class='ocrx_word' id='word_1_695' title='bbox 3210 5191 3339 5246; x_wconf 90' lang='lat' dir='ltr'><strong>dum</strong></span> <span class='ocrx_word' id='word_1_696' title='bbox 3389 5186 3637 5242; x_wconf 81' lang='lat' dir='ltr'><strong>fallacem</strong></span> 
     </span>
    </p>
   </div>
   <div class='ocr_carea' id='block_1_104' title="bbox 1672 5330 2352 5392">
    <p class='ocr_par' dir='ltr' id='par_1_104' title="bbox 1672 5330 2352 5392">
     <span class='ocr_line' id='line_1_104' title="bbox 1672 5330 2352 5392; baseline -0.009 0"><span class='ocrx_word' id='word_1_697' title='bbox 1672 5335 1905 5392; x_wconf 63' lang='lat' dir='ltr'><strong>VARI/1&#39;3</strong></span> <span class='ocrx_word' id='word_1_698' title='bbox 1943 5330 2352 5391; x_wconf 81' lang='lat' dir='ltr'><strong>LECTIONES.</strong></span> 
     </span>
    </p>
   </div>
   <div class='ocr_carea' id='block_1_105' title="bbox 438 5437 3638 5522">
    <p class='ocr_par' dir='ltr' id='par_1_105' title="bbox 438 5437 3638 5522">
     <span class='ocr_line' id='line_1_105' title="bbox 438 5437 3638 5522; baseline -0.005 -18"><span class='ocrx_word' id='word_1_699' title='bbox 438 5452 480 5483; x_wconf 67' lang='lat'><strong>‘9</strong></span> <span class='ocrx_word' id='word_1_700' title='bbox 504 5451 739 5504; x_wconf 76' lang='grc' dir='ltr'>διδάσκει</span> <span class='ocrx_word' id='word_1_701' title='bbox 776 5453 867 5506; x_wconf 71' lang='grc' dir='ltr'><strong>καὶ</strong></span> <span class='ocrx_word' id='word_1_702' title='bbox 888 5453 1087 5522; x_wconf 79' lang='grc' dir='ltr'>γράφει</span> <span class='ocrx_word' id='word_1_703' title='bbox 1124 5470 1185 5517; x_wconf 80' lang='grc' dir='ltr'><strong>ς’.</strong></span> <span class='ocrx_word' id='word_1_704' title='bbox 1260 5453 1305 5483; x_wconf 76' lang='grc' dir='ltr'><strong>ὀ</strong></span> <span class='ocrx_word' id='word_1_705' title='bbox 1335 5450 1477 5518; x_wconf 81' lang='grc' dir='ltr'>λέξει</span> <span class='ocrx_word' id='word_1_706' title='bbox 1508 5453 1573 5504; x_wconf 83' lang='grc' dir='ltr'><strong>Λ.</strong></span> <span class='ocrx_word' id='word_1_707' title='bbox 1653 5451 1696 5522; x_wconf 59' lang='grc' dir='ltr'><strong>ξι</strong></span> <span class='ocrx_word' id='word_1_708' title='bbox 1721 5450 1818 5518; x_wconf 82' lang='grc' dir='ltr'><strong>μὲν</strong></span> <span class='ocrx_word' id='word_1_709' title='bbox 1839 5447 2064 5522; x_wconf 59' lang='grc' dir='ltr'><strong>οῦνᾭλἶ</strong></span> <span class='ocrx_word' id='word_1_710' title='bbox 2086 5447 2243 5522; x_wconf 73' lang='lat' dir='ltr'><strong>g.__&quot;</strong></span> <span class='ocrx_word' id='word_1_711' title='bbox 2263 5445 2619 5522; x_wconf 76' lang='grc' dir='ltr'>ποτνιωμένῳ</span> <span class='ocrx_word' id='word_1_712' title='bbox 2639 5444 2929 5522; x_wconf 76' lang='grc' dir='ltr'>περιαλγεῖ</span> <span class='ocrx_word' id='word_1_713' title='bbox 2964 5459 3023 5495; x_wconf 85' lang='grc' dir='ltr'><strong>τε</strong></span> <span class='ocrx_word' id='word_1_714' title='bbox 3050 5441 3163 5522; x_wconf 67' lang='grc' dir='ltr'>ὄντι</span> <span class='ocrx_word' id='word_1_715' title='bbox 3194 5440 3287 5493; x_wconf 89' lang='grc' dir='ltr'><strong>καί</strong></span> <span class='ocrx_word' id='word_1_716' title='bbox 3318 5455 3381 5503; x_wconf 77' lang='grc' dir='ltr'><strong>ς’.</strong></span> <span class='ocrx_word' id='word_1_717' title='bbox 3403 5512 3424 5522; x_wconf 35' lang='grc' dir='ltr'><em>υ</em></span> <span class='ocrx_word' id='word_1_718' title='bbox 3456 5437 3502 5468; x_wconf 78' lang='grc'><strong>’³</strong></span> <span class='ocrx_word' id='word_1_719' title='bbox 3543 5438 3638 5489; x_wconf 81' lang='grc' dir='ltr'><strong>ὲκ-</strong></span> 
     </span>
    </p>
   </div>
   <div class='ocr_carea' id='block_1_106' title="bbox 354 5512 3637 5594">
    <p class='ocr_par' dir='ltr' id='par_1_106' title="bbox 354 5512 3637 5594">
     <span class='ocr_line' id='line_1_106' title="bbox 354 5512 3637 5594; baseline -0.005 -19"><span class='ocrx_word' id='word_1_720' title='bbox 354 5526 544 5575; x_wconf 87' lang='grc' dir='ltr'>πεσείν</span> <span class='ocrx_word' id='word_1_721' title='bbox 572 5522 666 5575; x_wconf 86' lang='grc' dir='ltr'><strong>τοῦ</strong></span> <span class='ocrx_word' id='word_1_722' title='bbox 701 5512 1022 5593; x_wconf 58' lang='grc' dir='ltr'>ἀληθοῦξςξ</span> <span class='ocrx_word' id='word_1_723' title='bbox 1098 5512 1226 5576; x_wconf 52' lang='grc' dir='ltr'><strong>ἐδδ</strong></span> <span class='ocrx_word' id='word_1_724' title='bbox 1253 5512 1492 5594; x_wconf 70' lang='grc' dir='ltr'>ἐλέγχων</span> <span class='ocrx_word' id='word_1_725' title='bbox 1524 5512 1800 5594; x_wconf 77' lang='lat' dir='ltr'><strong>Bentleius</strong></span> <span class='ocrx_word' id='word_1_726' title='bbox 1848 5518 1991 5588; x_wconf 87' lang='lat' dir='ltr'><strong>apud</strong></span> <span class='ocrx_word' id='word_1_727' title='bbox 2021 5517 2325 5594; x_wconf 60' lang='lat' dir='ltr'><strong>Needham.</strong></span> <span class='ocrx_word' id='word_1_728' title='bbox 2355 5534 2408 5587; x_wconf 78' lang='grc' dir='ltr'><strong>υ.</strong></span> <span class='ocrx_word' id='word_1_729' title='bbox 2440 5512 2549 5572; x_wconf 60' lang='lat'><strong>“0</strong></span> <span class='ocrx_word' id='word_1_730' title='bbox 2583 5512 2600 5566; x_wconf 68' lang='grc' dir='ltr'><em>ἐ</em></span> <span class='ocrx_word' id='word_1_731' title='bbox 2632 5512 2927 5585; x_wconf 82' lang='grc' dir='ltr'>διελέγχων</span> <span class='ocrx_word' id='word_1_732' title='bbox 2960 5530 3019 5576; x_wconf 82' lang='grc' dir='ltr'>ς.</span> <span class='ocrx_word' id='word_1_733' title='bbox 3097 5514 3142 5544; x_wconf 80' lang='grc'><strong><em>⁸⁵</em></strong></span> <span class='ocrx_word' id='word_1_734' title='bbox 3180 5512 3453 5581; x_wconf 88' lang='grc' dir='ltr'>μηχαναῖς</span> <span class='ocrx_word' id='word_1_735' title='bbox 3492 5524 3637 5561; x_wconf 81' lang='grc' dir='ltr'>τισιν</span> 
     </span>
    </p>
   </div>
   <div class='ocr_carea' id='block_1_107' title="bbox 356 5589 2272 5665">
    <p class='ocr_par' dir='ltr' id='par_1_107' title="bbox 356 5589 2272 5665">
     <span class='ocr_line' id='line_1_107' title="bbox 356 5589 2272 5665; baseline -0.003 -20"><span class='ocrx_word' id='word_1_736' title='bbox 356 5595 392 5664; x_wconf 84' lang='grc' dir='ltr'>ἢ</span> <span class='ocrx_word' id='word_1_737' title='bbox 419 5594 693 5663; x_wconf 84' lang='grc' dir='ltr'>γοητείαις</span> <span class='ocrx_word' id='word_1_738' title='bbox 745 5589 862 5663; x_wconf 78' lang='lat' dir='ltr'><strong>post</strong></span> <span class='ocrx_word' id='word_1_739' title='bbox 891 5595 1205 5663; x_wconf 87' lang='grc' dir='ltr'>τολμῶντας</span> <span class='ocrx_word' id='word_1_740' title='bbox 1236 5589 1492 5665; x_wconf 38' lang='lat' dir='ltr'><strong>punitus,</strong></span> <span class='ocrx_word' id='word_1_741' title='bbox 1527 5592 1714 5645; x_wconf 85' lang='lat' dir='ltr'><strong>addito</strong></span> <span class='ocrx_word' id='word_1_742' title='bbox 1741 5590 1797 5644; x_wconf 85' lang='grc' dir='ltr'><strong>δὲ</strong></span> <span class='ocrx_word' id='word_1_743' title='bbox 1833 5600 1954 5659; x_wconf 87' lang='lat' dir='ltr'><strong>post</strong></span> <span class='ocrx_word' id='word_1_744' title='bbox 1987 5589 2272 5654; x_wconf 87' lang='grc' dir='ltr'>πρόνοιαν.</span> 
     </span>
    </p>
   </div>
   <div class='ocr_carea' id='block_1_108' title="bbox 1936 5706 2173 5764">
    <p class='ocr_par' dir='ltr' id='par_1_108' title="bbox 1936 5706 2173 5764">
     <span class='ocr_line' id='line_1_108' title="bbox 1936 5706 2173 5764; baseline -0.017 0"><span class='ocrx_word' id='word_1_745' title='bbox 1936 5706 2173 5764; x_wconf 59' lang='grc' dir='ltr'><strong>ΝΟΤᾸΕ.</strong></span> 
     </span>
    </p>
   </div>
   <div class='ocr_carea' id='block_1_109' title="bbox 398 5822 1933 5901">
    <p class='ocr_par' dir='ltr' id='par_1_109' title="bbox 398 5822 1933 5901">
     <span class='ocr_line' id='line_1_109' title="bbox 398 5822 1933 5901; baseline 0.006 -27"><span class='ocrx_word' id='word_1_746' title='bbox 398 5893 404 5898; x_wconf 87' lang='lat'><em>_</em></span> <span class='ocrx_word' id='word_1_747' title='bbox 432 5822 545 5894; x_wconf 78' lang='lat' dir='ltr'><strong>(l9)</strong></span> <span class='ocrx_word' id='word_1_748' title='bbox 580 5824 657 5879; x_wconf 88' lang='lat' dir='ltr'><strong>De</strong></span> <span class='ocrx_word' id='word_1_749' title='bbox 688 5840 795 5894; x_wconf 88' lang='lat' dir='ltr'><strong>quo</strong></span> <span class='ocrx_word' id='word_1_750' title='bbox 826 5824 979 5881; x_wconf 88' lang='lat' dir='ltr'><strong>Suid.</strong></span> <span class='ocrx_word' id='word_1_751' title='bbox 1009 5835 1063 5881; x_wconf 89' lang='lat' dir='ltr'><strong>et</strong></span> <span class='ocrx_word' id='word_1_752' title='bbox 1094 5826 1284 5884; x_wconf 83' lang='lat' dir='ltr'><strong>Liban.</strong></span> <span class='ocrx_word' id='word_1_753' title='bbox 1317 5828 1414 5886; x_wconf 82' lang='lat' dir='ltr'><strong>lib.</strong></span> <span class='ocrx_word' id='word_1_754' title='bbox 1450 5845 1465 5887; x_wconf 87' lang='grc' dir='ltr'><strong>ι</strong></span> <span class='ocrx_word' id='word_1_755' title='bbox 1501 5826 1672 5901; x_wconf 69' lang='lat' dir='ltr'><strong>Epist.</strong></span> <span class='ocrx_word' id='word_1_756' title='bbox 1704 5830 1771 5884; x_wconf 77' lang='lat' dir='ltr'><strong>ad</strong></span> <span class='ocrx_word' id='word_1_757' title='bbox 1798 5830 1933 5883; x_wconf 81' lang='lat' dir='ltr'><strong>Aca-</strong></span> 
     </span>
    </p>
   </div>
   <div class='ocr_carea' id='block_1_110' title="bbox 357 5909 515 5947">
    <p class='ocr_par' dir='ltr' id='par_1_110' title="bbox 357 5909 515 5947">
     <span class='ocr_line' id='line_1_110' title="bbox 357 5909 515 5947; baseline 0 -5"><span class='ocrx_word' id='word_1_758' title='bbox 357 5909 515 5947; x_wconf 64' lang='lat' dir='ltr'><strong>(tunc,</strong></span> 
     </span>
    </p>
   </div>
   <div class='ocr_carea' id='block_1_111' title="bbox 2116 5818 3629 5893">
    <p class='ocr_par' dir='ltr' id='par_1_111' title="bbox 2116 5818 3629 5893">
     <span class='ocr_line' id='line_1_111' title="bbox 2116 5818 3629 5893; baseline -0.007 -15"><span class='ocrx_word' id='word_1_759' title='bbox 2116 5824 2228 5893; x_wconf 64' lang='lat'><strong>(“20)</strong></span> <span class='ocrx_word' id='word_1_760' title='bbox 2265 5823 2417 5879; x_wconf 85' lang='lat' dir='ltr'><strong>Unde</strong></span> <span class='ocrx_word' id='word_1_761' title='bbox 2465 5824 2729 5888; x_wconf 82' lang='lat' dir='ltr'><strong>impressa</strong></span> <span class='ocrx_word' id='word_1_762' title='bbox 2770 5819 2997 5876; x_wconf 80' lang='lat' dir='ltr'><strong>Lutetia:</strong></span> <span class='ocrx_word' id='word_1_763' title='bbox 3051 5818 3297 5891; x_wconf 78' lang='lat' dir='ltr'><strong>quazdam</strong></span> <span class='ocrx_word' id='word_1_764' title='bbox 3344 5823 3629 5888; x_wconf 72' lang='lat' dir='ltr'><strong>excerpta,</strong></span> 
     </span>
    </p>
   </div>
   <div class='ocr_carea' id='block_1_112' title="bbox 2046 5893 2590 5968">
    <p class='ocr_par' dir='ltr' id='par_1_112' title="bbox 2046 5893 2590 5968">
     <span class='ocr_line' id='line_1_112' title="bbox 2046 5893 2590 5968; baseline -0.009 -16"><span class='ocrx_word' id='word_1_765' title='bbox 2046 5897 2188 5968; x_wconf 84' lang='lat' dir='ltr'><strong>apud</strong></span> <span class='ocrx_word' id='word_1_766' title='bbox 2221 5895 2353 5951; x_wconf 81' lang='lat' dir='ltr'><strong>Fed.</strong></span> <span class='ocrx_word' id='word_1_767' title='bbox 2388 5893 2590 5949; x_wconf 81' lang='lat' dir='ltr'><strong>.‘llorcll.</strong></span> 
     </span>
    </p>
   </div>
  </div>
