4022 6464
515 427 620 487 703

1648 426 1914 485 ΡΗΟΤΙῐ
1955 425 2087 484 ΡΛἸ

2191 427 2228 482 Α
2243 422 2459 482 “Cl-LE
2498 423 2607 481 (ΣΡ.
3640 412 3730 472 7M

514 551 702 588 eorum
737 549 861 590 esse
887 549 953 591 ac
972 535 1237 590 lubricam
1269 535 1336 590 de
1365 534 1478 590 fato
1509 536 1818 604 opinionem
1841 536 2087 590 ostendit.

2204 535 2378 602 λόγων
2435 531 2726 587 ὑποϐάλλει
2781 528 3053 601 βασάνοις.
3113 525 3223 579 Καὶ
3279 521 3502 577 καθόλου
3555 525 3730 590 φάναι,

513 625 626 681 11110
653 638 708 682 et
733 629 826 697 qui
849 626 1254 682 Providentiam
1280 642 1459 682 rerum
1485 639 1795 682 creatarum
1813 641 2088 682 commen-

514 718 582 771 tis
603 719 925 787 quibusdam
953 728 1048 773 aut
1090 719 1382 789 praestigiis
1421 720 1607 774 tollere
1632 720 1865 783 audent,
1897 719 2086 774 iisdem

514 825 735 873 prorsus
777 813 1047 867 rationum
1097 813 1254 881 quasi
1298 814 1687 881 quaestionibus
1730 813 2088 881 explorandos

2200 627 2336 696 πρδς
2394 626 2495 689 τὰς
2554 623 2852 693 ὑπολήψεις
2906 619 3186 672 ἐνίσταται
3243 616 3438 679 πάσας,
3487 614 3601 665 ὅσαι
3645 615 3733 682 τὴν

2197 719 2347 773 Θείαν
2380 719 2482 772 οὐκ
2525 715 2662 770 εἷναι
2693 713 2975 786 Πρόνοιαν,
3021 711 3054 781 ἢ
3105 705 3244 762 εἶναι
3287 709 3383 776 μὲν
3427 705 3622 776 φαύλην
3662 705 3733 770 δὲ,

2195 813 2322 873 τοὺς
2353 809 2763 880 ἀμαθεστέρους
2800 807 3046 859 πείθουσι
3083 798 3344 870 νομίζειν.

511 903 748 970 subjicit.
781 900 846 956 Ut
868 911 1050 956 autem
1069 903 1428 957 simulotnnia
1446 904 1643 968 dicam,
1671 905 1929 961 adversus
1958 919 2147 960 omnes
2174 904 2291 959 illas
2308 905 2591 973 opiniones
2618 905 2862 972 insurgit,
2894 915 3013 970 qua
3033 896 3357 952 indoctiores
3376 908 3442 945 eo
3468 892 3734 959 adducunt,

513 1003 569 1046 ut
595 994 832 1047 divinam
867 996 1264 1050 Providentiam
1301 996 1382 1051 vel
1438 996 1660 1049 omnino
1694 1013 1800 1050 non
1829 1011 1952 1053 esse
1975 1039 1991 1060 ,
2021 998 2102 1050 vel
2133 997 2330 1052 nullius
2363 1013 2482 1051 esse
2513 997 2767 1050 momenti
2801 1011 2863 1050 ac
2889 991 3189 1062 deSpicatni
3225 988 3519 1041 ducendam
3550 994 3733 1052 putent.

585 1087 659 1140 Ex
693 1085 933 1141 Platonis
964 1089 1130 1158 igitur
1162 1089 1434 1143 sententia
1467 1090 1718 1158 supponit
1752 1091 1864 1143 haec
1893 1089 2085 1157 dispu-

513 1181 646 1231 tatio
689 1181 852 1233 Deum
901 1191 1093 1233 natura
1136 1191 1260 1233 ante
1295 1181 1440 1234 illam
1473 1178 1912 1252 [providentiam]
1943 1195 2086 1243 esse,

512 1272 659 1325 velut
701 1271 967 1326 universae
1015 1273 1175 1325 simul
1227 1273 1577 1341 aspectabilis
1617 1281 1673 1326 et
1718 1270 2088 1340 inspectabilis

511 1365 677 1432 hujus
728 1364 1022 1418 molitionis
1053 1365 1324 1433 opificem,
1358 1379 1518 1432 quam
1563 1380 1626 1417 ex
1679 1362 1821 1418 nulla
1868 1377 1928 1417 re
1967 1363 2088 1416 sub-

504 1459 644 1524 jm-ta
691 1457 804 1509 vult
848 1472 876 1510 a
915 1471 1011 1510 suo
1047 1457 1258 1509 artiﬁce
1309 1459 1628 1525 productam
1682 1477 1694 1511 :
1742 1465 1797 1508 ut
1839 1454 1924 1510 cui
1971 1454 2085 1508 sola

509 1546 782 1599 sulliceret
829 1546 1102 1609 voluntas,
1137 1561 1244 1614 quo
1294 1561 1473 1599 rerum
1518 1555 1708 1599 natura
1744 1546 2083 1600 subsisteret.

508 1639 777 1691 (Zazterum
815 1652 1075 1706 corporea
1122 1639 1421 1691 substantia
1464 1653 1558 1707 per
1587 1639 1917 1692 creationem
1961 1654 2083 1692 cum

511 1732 830 1799 incerporea
877 1731 1190 1800 conjuncta,
1237 1733 1494 1784 nmndum
1528 1746 1594 1784 ex
1630 1741 1860 1800 utraque
1891 1742 2084 1784 natura

509 1824 985 1892 perfectissimum,
1029 1823 1296 1892 duplicem
1349 1823 1508 1878 simul
1553 1831 1608 1878 et
1649 1840 1836 1889 unum,
1877 1824 2081 1878 consti-

511 1925 688 1967 tutum
729 1931 851 1970 esse
878 1933 895 1968 :
926 1917 976 1968 in
1022 1930 1131 1984 quo
1177 1931 1409 1981 summa,
1450 1914 1643 1980 Inedia,
1681 1924 1737 1966 et
1764 1915 1869 1967 ima
1898 1912 2085 1967 mundi

509 2005 686 2073 opifex
734 2006 1001 2074 sapientia
1034 2007 1188 2077 juxta
1236 2005 1496 2074 cujusque
1537 2015 1786 2057 naturam
1831 2003 2086 2057 decreve-

511 2098 600 2150 rit.
635 2094 835 2150 llorum
871 2099 1042 2166 prima
1090 2099 1292 2151 ratione
1324 2098 1544 2166 prmdita
1589 2095 1839 2162 cwlestia,
1874 2106 1930 2150 et
1963 2097 2086 2148 deos

506 2186 687 2240 vocari
719 2188 794 2240 ait
833 2205 846 2241 :
889 2187 1018 2253 Quae
1075 2203 1201 2242 vero
1233 2187 1490 2258 proxima:
1526 2196 1643 2253 post
1668 2185 1810 2240 hunc
1840 2185 2084 2238 ordinem

512 2277 716 2344 regioni
759 2277 1020 2331 atlrﬂtnla
1083 2290 1252 2342 sunt,
1307 2294 1368 2330 ea
1431 2293 1550 2328 cum
1609 2277 1809 2329 ratione
1864 2273 2089 2343 pra'dita

507 2370 752 2434 a’therea,
809 2379 920 2423 tum
982 2371 1250 2423 dtrmonas
1306 2371 1464 2422 bonos
1517 2368 1767 2436 appellat,
1821 2367 2083 2418 bonorum

507 2463 638 2515 item
672 2463 982 2516 hominibus
1019 2463 1344 2530 interpretes
1389 2471 1442 2515 et
1483 2463 1701 2515 nuntios
1731 2460 1903 2514 factos
1933 2476 1948 2512 :
1984 2458 2084 2511 htt-

506 2569 723 2606 lnanum
760 2553 995 2624 denique
1021 2569 1191 2624 genus
1225 2553 1468 2606 inﬁmum
1506 2563 1688 2604 tenere
1724 2550 1924 2612 locum,
1958 2563 2084 2602 eos-

505 2657 611 2710 que
657 2654 862 2697 terrena
909 2645 1227 2703 animantia,
1263 2652 1312 2696 et
1354 2645 1618 2695 humanas
1657 2642 1892 2704 animas,
1923 2651 2086 2710 atque

507 2738 590 2799 (ut
623 2732 778 2790 Plato
831 2735 1058 2804 diceret)
1115 2737 1364 2788 mortales
1405 2735 1638 2788 homines
1680 2733 1938 2803 appellari
1980 2743 2086 2786 tra-

505 2827 607 2878 dit.
641 2825 765 2878 [hee
794 2841 958 2895 porro
995 2829 1096 2880 tria
1129 2844 1327 2896 genera
1368 2829 1419 2880 in
1455 2843 1561 2882 uno
1603 2827 1753 2880 velut
1786 2827 2083 2890 animante,

505 2919 589 2971 vel
623 2919 790 2974 choro
823 2929 985 2992 atque
1023 2932 1286 2984 concentu
1341 2922 1413 2975 ita
1455 2935 1574 2974 esse
1623 2928 1804 2990 aptata
1853 2919 2084 2975 invicem

506 3025 669 3082 atque
713 3027 984 3080 connexa,
1017 3024 1077 3068 ut
1126 3013 1390 3069 naturalis
1437 3030 1625 3068 eorum
1674 3013 1951 3067 distinctio
1991 3028 2088 3081 per

509 3105 765 3156 unionem
809 3105 977 3169 illam,
1016 3122 1078 3160 ac
1131 3122 1328 3160 nexum
1384 3114 1628 3160 mutuum
1682 3106 1906 3160 minime
1955 3121 2086 3159 con-

507 3196 622 3247 fusa
655 3209 1030 3251 conservetur.
1061 3199 1141 3253 Ac
1173 3212 1406 3268 praeesse
1446 3198 1664 3269 quidem
1707 3197 2082 3267 praestantiora

509 3289 862 3344 inferioribus
915 3307 930 3345 :
977 3292 1230 3346 omnibus
1289 3301 1466 3344 tamen
1530 3291 1752 3344 omnino
1816 3292 2085 3358 imperare

509 3383 750 3449 ipsorum
799 3383 1009 3438 Patrem
1060 3395 1221 3451 atque
1249 3384 1598 3438 Conditorem
1649 3386 1840 3440 Deum.
1896 3382 2086 3453 172b

510 3472 624 3524 line
691 3489 822 3543 ergo
877 3473 994 3541 ejus
1055 3483 1310 3544 tanquam
1375 3490 1402 3528 a
1471 3487 1622 3543 patre
1683 3475 2087 3528 denominatutn

425 3603 436 3624 μ
503 3579 752 3631 regnum,
789 3574 840 3617 et
875 3565 1068 3628 videri,
1097 3577 1150 3618 et
1187 3581 1309 3618 vere
1341 3581 1462 3618 esse
1501 3563 1929 3630 Providentiam,
1971 3581 2091 3633 qute

505 3656 649 3722 quod
687 3657 882 3725 cuique
917 3659 1101 3727 generi
1150 3659 1422 3720 convenit,
1473 3658 1574 3711 hoc
1614 3657 1688 3710 illi
1739 3655 2035 3710 distribuat
2073 3676 2086 3710 :

506 3757 561 3800 at
621 3761 748 3800 vero
791 3745 1058 3814 justitiam
1117 3749 1296 3810 illam.
1355 3763 1476 3818 quae
1530 3747 1622 3802 Dei
1689 3747 2089 3803 Providentiam

508 3841 822 3903 comitatur,
854 3841 1034 3895 vocari
1072 3841 1260 3894 fatum.
1300 3837 1420 3894 Uno
1458 3839 1603 3893 enim
1640 3838 1734 3893 fati
1780 3840 1998 3893 nomine
2036 3839 2089 3893 in

505 3934 691 4001 plures
739 3934 1009 3998 notiones,
1046 3935 1112 3986 ab
1157 3934 1223 3987 iis
1273 3933 1363 4004 qui
1415 3933 1657 3987 novitate
1689 3933 1947 4002 gaudent,
1982 3932 2092 3987 dis-

508 4037 702 4088 tracto,
761 4041 869 4080 non
918 4025 1062 4077 aliud
1113 4033 1288 4076 tamen
1330 4023 1498 4077 fatum
1551 4023 1653 4077 sibi
1694 4023 1890 4092 videri,
1925 4039 2090 4093 quam

508 4119 560 4170 id
593 4117 740 4185 quod
769 4115 1120 4170 Aristotelem
1152 4125 1207 4169 et
1240 4113 1522 4168 Platonem
1557 4113 1856 4168 credidisse
1904 4114 2090 4168 tradit.

508 4209 698 4277 Neque
731 4208 875 4263 enim
913 4208 1058 4260 illum
1121 4218 1322 4261 temere
1361 4206 1590 4276 positam
1631 4205 2090 4276 genethliacorum

509 4298 891 4354 necessitatem
928 4297 1034 4350 ullo
1067 4297 1224 4351 modo
1257 4296 1515 4359 admittit,
1565 4311 1665 4351 nec
1697 4297 1926 4350 stoicam
1962 4296 2089 4350 item

507 4392 665 4454 vim,
711 4404 888 4460 neque
948 4387 1079 4442 illud
1134 4390 1297 4442 etiam
1358 4387 1551 4453 fatum,
1596 4387 1739 4457 quod
1786 4387 2094 4441 Alexander

510 4483 950 4561 Aplirodisiensis
999 4481 1208 4547 statuit,
1260 4496 1434 4551 eoque
1486 4481 1704 4534 tandem
1751 4479 1990 4546 deducit,
2034 4490 2093 4534 ut

2269 1089 2377 1140 Kal.
2433 1087 2572 1140 κατὰ
2634 1087 2894 1140 Πλάτωνα
2942 1082 3076 1136 Θεὸν
3110 1079 3260 1150 αὐτῷ
3290 1077 3336 1110 ⁸⁸
3369 1077 3736 1149 προῦφίστησιν

2193 1179 2226 1248 ἡ
2261 1177 2472 1246 σκέψις,
2507 1178 2685 1246 πάσης
2721 1174 3002 1244 ἐμφανοῦς
3033 1191 3092 1226 τε
3123 1173 3217 1224 καὶ
3240 1170 3478 1239 ἀφανοῦς
3500 1169 3737 1240 δημιουρ-

2195 1268 2289 1336 γὸν
2324 1268 2759 1336 διακοσμήσεως,
2779 1267 2845 1336 ἢν
2870 1267 2932 1318 ἐκ
2959 1263 3184 1334 μηδενός
3213 1277 3377 1329 φησιν
3404 1259 3737 1328 ὑποκειμένου

2195 1362 2528 1430 προαγαγεῖν
2557 1359 2648 1411 τὸν
2671 1357 2922 1428 τεχνίτην
2949 1373 2963 1387 ⁶
3008 1357 3197 1425 ἀρκεῖν
3222 1353 3330 1422 γὰρ
3353 1351 3501 1418 αὐτῷ
3525 1352 3600 1413 είς
3627 1351 3740 1404 61:6-

2195 1468 2381 1504 στασιν
2423 1451 2531 1502 τῶν
2586 1451 2756 1503 ὄντων
2788 1449 2848 1501 τὸ
2881 1447 3149 1519 βούλημα.
3205 1445 3316 1514 Τῆς
3369 1443 3426 1495 δὲ
3450 1442 3740 1512 σωματικῆς

2191 1540 2497 1602 ούσιώσεως
2524 1544 2590 1612 τῇ
2620 1541 2897 1612 ἀσωμάτῳ
2932 1536 3372 1608 συντεταγμένης
3413 1533 3738 1606 δημιουργίᾳ,

2193 1631 2396 1702 κόσμον
2431 1633 2491 1696 ἐξ
2523 1633 2725 1702 ἀμφοῖν
2778 1634 3128 1696 τελεώτατον,
3165 1628 3385 1684 διπλοῦν
3419 1645 3475 1680 τε
3515 1627 3624 1698 ἃμα
3659 1627 3742 1680 καὶ

2192 1723 2309 1788 ἕνα,
2344 1725 2633 1794 συστῆσαι,
2658 1726 2717 1778 ἐν
2754 1717 2799 1792 ᾧ
2837 1725 2981 1796 ἄκρα
3011 1723 3108 1778 καὶ
3147 1723 3290 1794 μέσα
3332 1721 3428 1774 κα)⁵
3478 1719 3742 1772 τελευταία

2193 1820 2292 1892 τὴν
2318 1819 2646 1890 κοσμοποιδν
2670 1819 2864 1888 σοφίαν
2887 1819 3029 1873 κατὰ
3058 1818 3220 1888 φύσιν
3248 1817 3523 1888 διακρῖναι
3554 1829 3566 1841 ·
3597 1809 3666 1866 ὧν
3683 1813 3742 1866 τὰ

2192 1913 2292 1981 μὲν
2315 1910 2509 1982 πρῶτα
2534 1914 2752 1982 λογικὰ
2794 1908 3046 1978 οὐράνιά
3064 1927 3124 1961 τε
3146 1909 3242 1962 καὶ
3263 1907 3439 1972 θεοὺς
3460 1905 3740 1971 καλεῖσθαι,

2188 2001 2223 2057 ἃ
2255 2003 2312 2055 δὲ
2341 2005 2374 2075 ὴ
2409 2004 2527 2074 μετ’
2558 2006 2736 2058 ἐκεῖνο
2764 2004 2825 2057 τὺ
2857 2003 3111 2074 σύστημα
3129 2002 3272 2072 ἔχειν
3302 2001 3459 2072 ἔλαχε
3484 1999 3631 2072 χώρα
3652 2005 3743 2055 ,Ιο-

2187 2097 2344 2165 γικά,
2379 2094 2607 2164 αὶθέριά
2635 2114 2692 2149 τε
2728 2096 2826 2149 κα)⁵
2871 2097 3135 2166 ἀγαθοὺς
3166 2095 3458 2163 δαίμονας
3490 2091 3743 2162 ὀνομάζει,

2191 2185 2317 2258 [552
2352 2186 2444 2258 IL]
2476 2187 2580 2240 τῶν
2609 2205 2668 2240 τε
2711 2188 3100 2259 συμφερόντων
3143 2185 3455 2256 ἀνθρώποις
3497 2185 3746 2255 ἑρμηνέας

2187 2294 2246 2329 τε
2281 2278 2375 2331 καὶ
2404 2278 2671 2346 ἀγγέλους
2715 2279 3044 2348 γενομένους
3071 2293 3084 2307 ο
3118 2278 3181 2330 τὸ
3211 2277 3268 2330 δὲ
3298 2275 3629 2346 ἀνθρώπειον
3657 2273 3744 2343 φῦ-

2187 2368 2279 2423 λον
2323 2370 2421 2440 τὴν
2464 2369 2786 2423 τελευταίαν
2830 2369 2986 2433 τάξιν
3021 2368 3260 2438 ἐπέχειν,
3297 2365 3394 2428 οὓς
3420 2363 3673 2434 περίγειὰ
3695 2381 3744 2417 τε

2187 2462 2300 2525 ζῶα
2349 2463 2447 2518 καί
2479 2463 2818 2527 ἀθανάτους
2849 2461 3056 2540 ψυχὰς
3087 2461 3181 2514 καὶ
3217 2458 3312 2531 (ὡς
3349 2459 3414 2512 ἂν
3458 2457 3596 2510 εἴποι
3626 2457 3748 2508 Πλά-

2187 2564 2315 2622 των)
2365 2558 2704 2624 ἀθανάτους
2749 2557 3110 2627 ὀνομάζεσθαι
3165 2553 3544 2622 ἀνθρώπους.
3585 2551 3660 2604 Τὰ
3699 2550 3746 2604 δὲ

2187 2651 2313 2721 τρία
2344 2649 2514 2702 ταῦτα
2545 2651 2678 2720 γένη
2726 2649 2850 2720 [281
2884 2648 2975 2721 IL]
2997 2648 3070 2711 ὡς
3105 2649 3161 2700 ἐν
3193 2647 3273 2700 ἐνὶ
3304 2645 3483 2716 ζὼῳῆ
3508 2643 3645 2717 χορῷ
3667 2644 3746 2698 καὶ

2192 2738 2486 2809 συμφωνίᾳ.
2524 2739 2897 2810 συνηρτῆσθαι
2938 2739 3035 2808 μὲν
3064 2737 3344 2809 ἀλλήλοις,
3379 2737 3671 2806 άσύγχυτον
3700 2734 3747 2786 δὲ

2186 2833 2254 2900 τῇ
2305 2829 2493 2883 ὲνώσει
2547 2832 2640 2884 καὶ
2686 2831 3021 2902 ἀλληλουχίᾳ
3069 2829 3164 2899 τὴν
3192 2828 3338 2883 κατὰ
3383 2828 3544 2894 φύσιν
3591 2825 3748 2878 αὐτῶν

2186 2922 2461 2993 διάκρισιν
2493 2923 2904 2993 συντηρεῖσθαι.
2953 2923 3063 2977 Καὶ
3101 2921 3359 2993 ἡγεῖσθαι
3411 2921 3506 2990 μὲν
3533 2921 3633 2972 τῶν
3658 2937 3746 2973 κα-

2187 3014 2558 3084 ταδεεστέρων
2617 3015 2685 3068 τὰ
2734 3014 3172 3086 προτεταγμένα,
3224 3015 3446 3068 πάντων
3485 3012 3540 3065 δὲ
3591 3010 3748 3064 αὐτῶν

2190 3103 2498 3175 βασιλεύειν
2527 3107 2620 3160 τὸν
2663 3109 2883 3179 Πατέρα
2918 3108 3052 3162 Θεὸν
3102 3107 3196 3161 καὶ
3247 3105 3608 3177 Δημιουργόν.
3655 3104 3748 3157 Καὶ

2187 3197 2394 3268 ταύτην
2445 3199 2545 3270 τὴν
2579 3201 2991 3272 πατρονομικὴν
3034 3201 3080 3232 ’⁷
3123 3199 3289 3252 αὐτοῦ
3326 3198 3598 3270 βασιλείαν
3629 3196 3748 3267 πρό-

2189 3308 2340 3344 νοιαν
2385 3293 2481 3346 καὶ
2529 3291 2850 3363 νομίζεσθαι
2883 3293 2980 3345 καὶ
3017 3288 3180 3356 εἶναι,
3211 3292 3333 3363 ἥτις
3366 3293 3578 3362 ἑκάστῳ
3621 3290 3748 3358 γένει

2189 3381 2256 3434 τὰ
2288 3384 2634 3453 προσήκοντα
2660 3384 2930 3455 διανέμει.
2959 3385 3070 3457 Τὴν
3112 3385 3297 3455 μέντοι
3329 3401 3394 3454 γε
3427 3386 3491 3456 τῇ
3540 3381 3750 3455 Προνοίᾳ⁵

2191 3477 2570 3545 συνεπομένην
2599 3475 2759 3546 δίκην
2786 3477 3131 3548 εἱμαρμένην
3166 3476 3451 3530 καλεῖσθαι
3483 3492 3498 3507 ⁸
3548 3475 3623 3538 είς
3649 3473 3750 3536 ἑνὸς

2188 3566 2300 3638 γὰρ
2327 3566 2500 3619 πλείω
2540 3568 2919 3638 σημαινόμενα
2953 3567 3048 3622 τοῦ
3085 3569 3184 3640 τῆς
3215 3567 3556 3638 εἱμαρμένης
3577 3564 3750 3635 ὀνόμα·
3806 3629 3810 3633 ,

2189 3677 2281 3721 τος
2311 3660 2417 3712 ὑπὸ
2442 3661 2551 3713 τῶν
2598 3660 2904 3732 χαιρόντων
2931 3663 3053 3725 ταῖς
3090 3661 3476 3731 καινοτομίαις
3501 3672 3751 3711 κατασκε-

2188 3750 2500 3816 δασθέντος,
2551 3752 2651 3805 οὐκ
2697 3752 2866 3823 ἄλλην
2911 3753 3156 3822 νομίζειν
3215 3751 3383 3805 αὑτὸν
3435 3747 3752 3820 είμαρμένην

2189 3841 2307 3894 ἀλλ’
2336 3842 2404 3915 ἢν
2436 3841 2808 3912 Ἀριστοτέλει
2841 3842 2940 3897 καὶ
2987 3844 3236 3898 Πλάτωνι
3280 3843 3526 3914 νομίζειν
3568 3839 3750 3893 δίδωσι.

2192 3934 2307 4005 Τήν
2351 3951 2410 3986 τε
2455 3934 2564 4004 γὰρ
2608 3934 2718 3988 τῶν
2767 3935 3198 4005 γενεθλιαλόγων
3222 3934 3507 4003 ἀλόγιστον
3532 3930 3754 3999 ἀνάγκην

2191 4026 2304 4081 οὐδ’
2331 4026 2470 4089 ὅλως
2505 4027 2814 4097 προσίεται,
2853 4027 2976 4082 οὐδέ
3002 4027 3102 4098 τὴν
3130 4027 3378 4098 Στωῖκὴν
3409 4026 3549 4097 βίαν,
3578 4023 3636 4075 οὐ
3663 4021 3753 4090 μὴν

2191 4118 2308 4171 ἀλλ’
2344 4117 2456 4170 οὐδ’
2484 4117 2552 4188 ἢν
2583 4119 2612 4171 ὁ
2633 4118 2693 4185 ἐξ
2721 4119 3132 4190 Ἀφροδισιάδος
3159 4119 3374 4183 δοξάζει
3405 4115 3749 4185 Ἀλέξανδρος,

2191 4215 2258 4282 τῇ
2289 4210 2609 4282 Πλατωνικὴ
2641 4211 2752 4264 τῶν
2804 4213 3078 4281 σωμάτων
3131 4212 3293 4282 φύσει
3341 4213 3422 4275 εἰς
3472 4208 3753 4276 ταυτότητα

2194 4304 2479 4376 περιάγων
2512 4304 2714 4376 ταύτην
2747 4322 2760 4336 ·
2803 4305 2920 4360 ἀλλ’
2973 4305 3093 4358 οὐδὲ
3131 4307 3230 4375 τὴν
3267 4305 3500 4375 ἐπῳδαῖς
3550 4300 3640 4354 καὶ
3678 4299 3753 4350 θυ-

2194 4395 2339 4459 σίαις
2377 4398 2878 4470 παρατρεπομένην
2921 4399 3160 4466 γένεσιν.
3198 4396 3446 4467 Ἐκείνην
3475 4395 3551 4459 δὲ,
3591 4387 3752 4449 καθὼς

2194 4488 2429 4560 ἔφημεν,
2469 4491 2790 4561 πρεσϐεύει,
2824 4492 2893 4563 ἢν
2919 4492 2970 4546 οἱ
3000 4491 3129 4561 περὶ
3156 4489 3423 4545 Πλάτωνα
3450 4486 3712 4560 βούλονται
3738 4497 3750 4509 ·

510 4579 652 4628 idem
686 4591 914 4646 prorsus
952 4592 1074 4630 cum
1127 4585 1316 4628 natura
1361 4589 1651 4644 corporum
1685 4573 2086 4628 Platonicorum

2195 4581 2319 4652 ἥτις
2341 4583 2450 4636 τῶν
2473 4583 2839 4639 ἐκὸαινόντων
2868 4584 3010 4638 κατὰ
3037 4584 3130 4638 τὸν
3162 4584 3264 4654 τῆς
3295 4581 3554 4656 Προνοίας
3575 4573 3752 4645 θεσμὸν

507 4669 705 4724 eﬂiciat
752 4686 766 4724 :
808 4674 901 4725 sed
950 4684 1049 4724 nec
1103 4684 1246 4730 eam,
1284 4683 1402 4736 quae
1459 4665 1798 4719 carminibus
1862 4665 2086 4735 magicis

507 4773 602 4816 aut
646 4762 934 4817 sacriﬁciis
960 4777 989 4814 a
1021 4771 1282 4815 consueto
1345 4768 1551 4812 naturae
1603 4757 1798 4812 ordine
1838 4757 2090 4812 deﬂecta-

513 4867 620 4920 tur,
671 4855 927 4924 geuesin;
987 4855 1078 4908 sed
1131 4853 1258 4907 illud
1321 4843 1696 4904 taniummodo
1749 4846 1956 4912 fatum,
2009 4852 2082 4904 uti

2194 4674 2488 4747 δικαστικὴ
2522 4675 2616 4730 τοῦ
2672 4676 2831 4731 Θείου
2871 4678 3113 4750 ὑπάρχει
3163 4678 3439 4749 ἐνέργεια,
3488 4671 3635 4738 τάξει
3674 4667 3754 4720 καὶ

2196 4766 2374 4840 εἱρμῷ
2405 4768 2542 4839 πρὸς
2570 4769 2670 4833 τὰς
2699 4772 3095 4843 προαιρετικὰς
3117 4770 3408 4834 ύποθέσεις
3446 4767 3554 4821 τῶν
3589 4756 3753 4823 αὐτεξ-

2192 4863 2394 4916 ουσίων
2448 4863 2628 4936 ἔργων
2653 4864 3109 4938 ὲπανορθουμένη
3137 4865 3208 4918 τὰ
3229 4862 3354 4918 καθ’
3384 4862 3548 4934 ἡμᾶς·

510 4951 791 5012 diximus,
857 4949 1111 5014 extollit,
1183 4949 1329 5018 quod
1379 4962 1501 5000 cum
1574 4942 1688 4996 suis
1736 4939 1892 4997 Plato
1936 4946 2048 5001 vult
2085 4966 2102 5005 :
2137 4965 2318 5009 rerum
2373 4956 2584 5012 scilicet
2639 4958 3006 5012 evenieutium
3065 4957 3368 5012 secundum
3418 4945 3752 5009 Providentiae

509 5036 656 5114 Ieges
696 5041 1014 5110 iudicialem
1089 5043 1398 5113 quamdam,
1431 5035 1680 5095 Numinis
1747 5041 2139 5120 operationem,
2200 5045 2345 5101 bono
2396 5050 2587 5104 ordine
2637 5066 2703 5105 ac
2755 5051 2902 5106 serie
2953 5065 3040 5105 res
3091 5061 3310 5106 nostras
3359 5048 3664 5118 dirigentem
3703 5039 3748 5092 in

508 5137 656 5195 illum
714 5135 908 5199 linem,
967 5135 1021 5189 in
1078 5149 1238 5204 quem
1299 5135 1480 5190 liberae
1531 5137 1780 5190 actiones
1829 5150 1897 5188 ex
1946 5147 2097 5190 certo
2130 5142 2407 5209 proposito
2446 5140 2726 5200 feruntur.

583 5227 650 5280 At
676 5227 818 5282 enim
849 5226 1040 5280 isthth
1069 5225 1229 5295 hujus
1272 5224 1373 5279 viri
1411 5225 1616 5293 scripto
1653 5241 1776 5280 cum
1818 5225 2085 5280 contineri

516 5321 722 5385 videas,
757 5318 1016 5390 frequens
1058 5318 1409 5374 nihilominus
1441 5318 1544 5389 ipsi
1579 5327 1637 5372 et
1670 5333 1920 5388 magnum
1967 5333 2092 5372 cer-

515 5422 695 5465 tamen
741 5423 825 5468 est
876 5413 942 5466 de
990 5411 1352 5466 humanorum
1403 5412 1708 5465 animorum
1741 5412 1924 5480 priore
1960 5411 2092 5475 vita,

514 5507 688 5572 deque
719 5519 906 5560 eorum
936 5503 990 5558 iu
1024 5503 1128 5558 alia
1159 5482 1389 5573 corpora
1427 5503 1924 5572 transmigratione.
1960 5503 2094 5559 Nam

2271 5228 2434 5284 Ἀλλὰ
2465 5231 2574 5303 γὰρ
2601 5231 2776 5285 ταῦτα
2813 5232 2914 5302 μέν
2949 5229 3096 5285 ἐστιν
3153 5230 3285 5284 ἰδεῖν
3330 5226 3408 5299 τῷ
3450 5225 3542 5280 τοῦ
3584 5217 3749 5290 ἀνδρὸς

2200 5323 2557 5393 ἐμφερόμενα
2584 5324 2629 5354 ³⁸
2670 5323 2964 5394 γράμματι
2994 5338 3009 5354 ο
3045 5322 3075 5374 ὁ
3110 5320 3364 5383 πλεῖστος
3398 5317 3443 5371 δ’
3489 5311 3627 5383 αὐτῷ
3668 5305 3748 5359 καὶ

2207 5411 2382 5479 μέγας
2410 5409 2561 5480 ἀγὼν
2605 5411 2640 5480 ή
2681 5411 2794 5465 τῶν
2843 5410 3207 5482 ἀνθρωπίνων
3248 5409 3435 5480 ψυχῶν
3480 5407 3588 5460 ἐστι
3630 5413 3747 5469 προ·

2203 5501 2358 5571 ϐιοτὴ
2409 5503 2505 5555 καὶ⁸
2554 5501 3075 5572 μετενσωμάτωσις,
3113 5501 3209 5556 τὸν
3258 5501 3356 5571 μὲν
3390 5499 3434 5532 ⁸³
3477 5496 3533 5562 ἐξ
3564 5491 3744 5556 ἀλόγων

1825 5663 2059 5720 νΑιιιΑς
2100 5663 2512 5720 LECTIONES.

595 5807 641 5836 “
670 5807 808 5876 αὐτῇ
849 5823 909 5870 ς.

527 5877 572 5908 ³⁸
611 5876 709 5948 μέν
734 5879 776 5931 Α
815 5896 827 5931 :
861 5878 964 5947 γάρ
988 5895 1048 5942 ς.

1026 5809 1069 5840 ³⁷
1128 5809 1249 5865 libri
1309 5808 1765 5878 πατρωνυμικήν.
1815 5806 1890 5862 cf;
1933 5821 1988 5876 p.
2029 5806 2097 5866 Β.
2133 5805 2293 5873 1581,
2324 5804 2414 5862 54.

2506 5806 2553 5837 ³⁸
2581 5801 2936 5876 ὲμφερόμενα
2985 5816 3097 5873 mg.
3157 5820 3172 5857 :
3233 5798 3354 5856 libri
3397 5781 3734 5866 ἐμφερομένίιι·
