4022 6448
303 347 386 408 705
1329 333 1853 394 BIBLIOTUECA.
1895 362 1966 372 --
1995 337 2158 397 COD.
2189 337 2431 397 CCXIV.

3412 334 3520 396 706

304 457 428 521 ἵζώων
469 449 498 518 ἦ
544 447 620 510 εις
643 443 810 512 ἄλογα
845 445 1222 514 μεταγγισμδν
1259 445 1362 499 οὐκ
1410 445 1828 516 ἀναδεχόμενος,

1937 462 1998 501 ex
2045 448 2414 503 animantibus
2453 447 2672 516 quidem
2709 445 2922 497 ratione
2963 444 3294 508 carentibus,
3334 457 3430 500 aut
3465 451 3517 500 iu

297 549 378 617 τὴν
395 543 444 596 δὲ
462 539 518 604 ἐξ
538 537 833 609 ἀνθρώπων
862 537 943 599 είς
978 537 1307 608 ἀνθρώπους
1339 537 1646 608 μεταϐολὴν
1663 554 1832 591 σπον-

293 633 712 702 ὅαιολογούμενος.
751 630 974 702 Ταύτην
1011 629 1068 682 δὲ
1113 632 1216 701 τὴν
1262 630 1541 700 ἐπισφαλῆ
1587 631 1682 684 καὶ
1725 649 1833 702 μα-

295 731 420 784 ταίαν
447 723 704 793 ὑπόληψιν
723 722 838 776 ἀνω
860 724 956 777 καὶ
980 724 1131 777 κάτω
1156 721 1536 792 περιστρέφει,
1570 723 1637 776 δι’
1659 722 1832 791 αὐτῆς

293 822 388 883 μὲν,
415 816 484 879 ὡς
532 809 718 878 οἴεται,
761 815 860 886 τὴν
901 815 997 868 τοῦ
1032 815 1181 868 θείου
1216 815 1480 884 Πρόνοιαν
1523 815 1829 885 κρατύνων,

281 912 337 966 δι’
351 908 503 977 αὐτῆς
521 905 577 959 δὲ
597 906 657 960 τὸ
680 907 766 975 ἐφ’
789 909 924 978 ἡμῖν
940 909 1034 960 καὶ
1062 907 1458 961 αὑτοδέσποτον
1485 907 1833 962 κατασκευά-

285 1006 390 1068 ζων.
421 1001 504 1054 ναὶ
528 1001 590 1071 δὴ
618 1001 711 1054 καὶ
738 1001 840 1072 τὴν
889 1003 1052 1072 φίλην
1095 1001 1245 1073 αὑτῷ
1279 1003 1590 1073 ἐπικουρῶν
1637 1005 1833 1074 εἱμαρ-

281 1095 441 1165 μένην,
481 1093 537 1158 ὲξ
562 1093 870 1146 ἀλλοκότων
902 1094 1004 1162 μὲν
1033 1095 1291 1149 ἐπινοιῶν
1313 1095 1658 1167 ὁρμώμενος,
1696 1097 1832 1148 ἁσυ-

280 1187 476 1247 στάτους
501 1185 544 1216 ³⁸
575 1184 633 1237 δὲ
679 1185 790 1238 τῶν
835 1187 1286 1258 ἐπιχειρημάτων
1329 1188 1430 1250 τὰς
1468 1188 1833 1258 νομιζομένας

275 1276 400 1348 αὐτῷ
423 1278 464 1309 ³¹
485 1279 829 1342 κατασκευὰς
860 1280 1139 1350 προάγων,
1176 1281 1235 1348 ἐξ
1273 1274 1347 1335 ὧν
1395 1281 1441 1335 δ’
1483 1281 1560 1344 ὡς
1613 1282 1832 1352 ἀληθῶς

274 1370 439 1438 τὸτῆς
465 1370 728 1439 Προνοίας
753 1371 820 1424 ἂν
853 1373 1168 1441 παρασταίη
1213 1373 1414 1444 δόγμα,
1471 1373 1580 1426 οὐδ’
1640 1374 1685 1405 ³³
1739 1374 1832 1426 ἐπὶ

274 1463 374 1516 νοῦν
393 1461 716 1533 βαλλόμενος
751 1463 816 1516 ³³.
857 1464 1078 1518 Μᾶλλον
1102 1465 1159 1518 δὲ
1181 1466 1236 1520 εί
1261 1483 1346 1529 τις
1379 1465 1476 1518 τοῦ
1504 1465 1700 1537 ἀνδρὸς
1733 1466 1832 1536 τὴν

275 1556 499 1627 ἀλήθειαν
522 1558 802 1628 προτιμᾷν
831 1557 1026 1618 ἐθέλοι,
1060 1559 1127 1612 δι’
1159 1550 1234 1612 ὧν
1263 1559 1470 1630 ταύτην
1498 1557 1830 1628 ἀγωνίζεται

275 1645 696 1710 κατασκευάζειν.
730 1647 1012 1710 παντελῶς
1033 1649 1206 1719 αὐτῆς
1238 1650 1336 1721 τὴν
1376 1649 1660 1720 ἀναίρεσιν
1697 1667 1828 1704 συν-

271 1739 450 1806 εισάγει
479 1754 494 1768 ο
538 1737 752 1808 σαθρὰν
794 1739 901 1810 γὰρ
945 1741 1083 1812 αὐτῇ
1129 1741 1334 1814 βάθραν
1365 1743 1610 1806 ὑποθεὶς,
1650 1743 1728 1806 ὡς
1771 1744 1831 1795 ἐν

1937 538 2093 592 bruta
2130 539 2550 592 transfusionem
2601 553 2705 590 non
2765 535 3051 605 recipiens.
3086 545 3140 587 at
3178 551 3308 588 vero
3349 537 3522 592 homi-

1935 645 2064 683 num
2125 631 2177 683 in
2232 629 2509 683 hominem
2565 630 2852 682 transitum
2903 627 3146 680 studiose
3200 626 3518 691 defendens,

1934 720 2296 791 periculosam
2360 721 2500 774 hanc
2545 730 2708 787 atque
2760 720 2998 787 ineptam
3047 716 3360 786 opinionem
3407 735 3524 774 sur-

1934 830 2054 868 sum
2089 815 2342 868 deorsum
2374 823 2578 866 versat.
2621 812 2722 866 Per
2764 811 2908 865 illam
2953 811 3199 879 quidem,
3230 817 3292 862 ut
3324 809 3520 871 credit,

1934 908 2172 960 divinam
2218 906 2617 975 providentiam
2673 906 3069 969 corroborans;
3119 918 3216 971 per
3254 903 3416 968 hanc,
3461 902 3524 954 li-

1935 1000 2122 1053 berum
2164 999 2473 1064 arbitrium,
2527 998 2871 1067 liberumque
2923 998 3005 1052 sui
3061 999 3226 1066 ipsius
3267 1000 3524 1054 domina-

1938 1101 2046 1143 tmn
2091 1101 2378 1158 astruens;
2432 1091 2543 1145 fato
2596 1099 2744 1144 certe
2801 1101 2909 1143 tam
2960 1090 3008 1144 ei
3056 1101 3214 1160 grato
3258 1091 3520 1144 auxilium

1938 1185 2116 1237 l'erens
2161 1201 2176 1237 :
2230 1182 2389 1251 idque
2446 1198 2551 1236 non
2609 1181 2862 1234 absurdis
2934 1190 3145 1234 tantum
3199 1182 3523 1236 commentis

1937 1273 2213 1338 incitatus,
2238 1277 2333 1327 sed
2369 1275 2531 1327 etiam
2572 1289 2636 1328 ex
2677 1275 2898 1328 minime
2928 1277 3328 1331 cohaerentibus
3362 1292 3524 1342 argui.

1935 1366 2359 1420 mentatiouibus
2409 1382 2556 1431 suas,
2607 1381 2742 1434 quas
2790 1374 2960 1434 putat,
3001 1366 3354 1435 probationes
3399 1383 3524 1432 pru-

1934 1461 2136 1512 duceus
2167 1476 2179 1510 :
2215 1475 2336 1512 cum
2373 1458 2607 1518 interim,
2646 1473 2741 1525 per
2770 1473 2890 1526 quae
2929 1473 3118 1511 revera
3165 1456 3524 1511 Providentia:

1934 1549 2130 1616 dogma
2181 1548 2436 1601 coastitui
2471 1557 2707 1616 poterat,
2741 1562 2806 1599 ne
2843 1549 2894 1598 in
2929 1557 3162 1600 mentem
3196 1547 3411 1615 quidem
3447 1544 3521 1597 illi

1936 1642 2200 1696 venerint.
2238 1639 2350 1693 luto
2388 1656 2539 1705 vero,
2584 1641 2628 1692 si
2679 1642 2800 1707 quis
2833 1641 2956 1692 huic
2991 1639 3196 1693 homini
3234 1640 3520 1693 veritatem

1934 1745 2263 1802 anteponere
2337 1734 2591 1795 Sltttlvat,
2675 1735 2872 1801 quibus
2960 1733 3108 1787 illam
3187 1734 3524 1801 argumentis

271 1831 423 1894 ἄλλοις
465 1830 565 1900 τῆς
608 1831 924 1895 ὑποθέσεως
953 1833 1296 1905 ἀπαιτούσης
1341 1835 1681 1908 πλατύτερον
1727 1835 1830 1888 ὑπ-

1938 1837 2185 1877 astruere
2222 1826 2434 1885 nititur,
2470 1826 2555 1879 his
2587 1826 2718 1893 ipsis
2747 1828 2992 1878 eamdem
3034 1826 3260 1880 omnino
3302 1827 3519 1880 evertit.

271 1923 542 1992 τδείξαμεν,
590 1923 994 1996 εὐπερίτρεπον
1035 1926 1080 1958 ³⁵
1115 1928 1287 1995 αὐτὴν
1336 1929 1473 2000 πρὸς
1516 1931 1828 1983 τούναντίον

270 2015 344 2067 καὶ
377 2013 748 2096 ἀνυπόστατον
781 2015 1182 2086 συναπέφηνεν.
1214 2019 1326 2089 Τῆς
1362 2023 1472 2090 γὰρ
1503 2019 1612 2074 τῶν
1640 2020 1828 2090 ψυχῶν

269 2103 530 2174 προειοτῆς
566 2104 669 2157 καὶ¹
701 2106 1274 2176 μετενσωματώσεως,
1307 2109 1376 2180 ἢν
1403 2110 1565 2173 αὐτὸς
1595 2110 1828 2181 ἔρεισμα

268 2197 342 2249 καί
363 2195 603 2265 θεμέλιον
641 2197 742 2266 τῆς
773 2199 1042 2268 Προνοίας
1070 2199 1366 2253 ὑποϐάλλει
1413 2201 1508 2254 καὶ
1554 2201 1650 2254 τοῦ
1707 2203 1836 2254 αὑτ-

268 2286 475 2352 εξουσίου
552 2289 655 2340 καὶ
702 2289 801 2355 τῆς
846 2289 1215 2360 εἱμαρμένης,
1265 2291 1474 2362 ταύτης
1553 2291 1837 2356 παντελῶς

265 2381 328 2444 εἰς
356 2379 411 2431 τὺ
432 2379 628 2448 ἄλογόν
660 2397 720 2433 τε
752 2382 845 2435 καὶ
886 2381 1148 2436 ἀδύνατον
1177 2384 1284 2437 ὑπὸ
1322 2385 1423 2454 τῆς
1456 2384 1718 2452 ἀληθείας
1744 2385 1835 2451 ἐξ·

264 2471 744 2540 οστρακιζομὲνης,
802 2472 964 2543 δῆλον
1014 2475 1098 2528 ὅτι
1155 2479 1704 2549 συγκαταστρέφεται
1755 2478 1836 2549 τῷ

262 2563 316 2617 δι’
343 2565 554 2617 ἐκείνων
601 2563 782 2618 ταῦτα
825 2571 1342 2641 πραγματευομένῳ
1387 2572 1482 2624 καὶ
1530 2574 1562 2642 ἡ
1596 2571 1832 2642 Πρόνοια

263 2655 340 2707 καὶ
379 2654 438 2707 τὺ
482 2655 568 2722 ἐφ’
603 2657 744 2725 ἡμῖν
796 2644 889 2708 καὶ
926 2658 960 2726 ἡ
1010 2658 1346 2730 ειμαρμένη,
1397 2662 1492 2713 καὶ
1537 2662 1617 2722 είς
1661 2659 1830 2730 λῆρον

261 2745 387 2817 αὐτῷ
411 2746 470 2798 τὸ
503 2745 854 2816 πολύμοχθον
885 2746 1162 2801 διαλύεται
1194 2748 1539 2820 σπούδασμα.

1937 1917 2073 1970 Nam
2133 1918 2224 1985 qui
2291 1918 2566 1971 inlirmum
2628 1929 3009 1987 argumentum
3068 1918 3239 1972 semel
3301 1919 3522 1972 veritati

1937 2009 2235 2064 Substravit
2277 2008 2360 2080 (ut
2399 2009 2550 2073 alibi,
2591 2025 2712 2064 cum
2752 2026 2840 2063 res
2879 2011 2950 2062 ita
2989 2011 3312 2078 postularet,
3348 2012 3524 2076 copio-

1935 2100 2048 2153 sius
2077 2099 2460 2169 ostendimus),
2484 2100 2529 2154 is
2549 2101 2598 2152 in
2618 2101 2948 2153 contrariam
2978 2099 3135 2153 facile
3160 2109 3366 2167 partem
3387 2115 3524 2155 con-

1937 2192 2071 2244 verti
2111 2192 2257 2245 illam
2309 2206 2492 2260 posse,
2528 2191 2659 2260 quiu
2706 2202 2761 2244 et
2811 2207 3153 2262 nequaquam
3205 2193 3521 2252 subsistere,

1935 2283 2099 2339 simul
2144 2284 2563 2339 demonstravit.
2614 2284 2708 2337 llla
2750 2285 2953 2353 quippe
2995 2286 3299 2339 animorum
3343 2285 3524 2354 priore

1935 2383 2078 2446 vita,
2131 2391 2186 2435 et
2237 2381 2289 2433 in
2341 2394 2570 2448 corpora
2632 2380 3111 2449 transmigratione
3169 2379 3367 2449 (quam
3412 2380 3525 2449 ipse

1933 2471 2104 2524 basim
2139 2486 2201 2524 ac
2235 2470 2645 2525 fundamentum
2693 2471 3071 2534 Providentiae,
3111 2471 3394 2540 liberoque
3437 2486 3526 2524 ar-

1941 2563 2126 2628 bitrio,
2161 2577 2226 2615 ac
2273 2561 2386 2616 fato
2421 2561 2495 2615 illi
2540 2562 2802 2631 subiicit),
2829 2564 3052 2617 omnino
3099 2564 3242 2616 inter
3285 2564 3522 2618 absurda

1937 2664 1989 2706 et
2028 2653 2384 2722 impossibilia
2417 2653 2614 2724 173a
2663 2669 2758 2721 per
2793 2655 3078 2707 veritatem
3131 2654 3399 2722 ablegata,
3437 2654 3523 2705 ni-

1940 2750 2136 2800 mirum
2174 2764 2277 2801 una
2319 2764 2442 2802 cum
2487 2749 2598 2807 illo.
2637 2751 2726 2816 qui
2758 2764 2855 2816 per
2886 2751 2986 2801 ista
3016 2750 3130 2803 haec
3162 2749 3387 2802 molitur
3411 2746 3526 2801 elli-

262 2853 381 2900 cere,
425 2837 589 2890 etiam
654 2837 1022 2903 Providentia,
1057 2851 1110 2893 et
1164 2841 1393 2894 liberum
1447 2842 1733 2896 arbitrium
1770 2851 1826 2896 et
1858 2840 2027 2893 fatum
2058 2842 2339 2902 evertitur,
2388 2851 2548 2910 atque
2581 2842 2633 2894 in
2668 2857 2838 2910 nugas
2868 2858 3096 2911 operosa
3165 2842 3255 2895 illa
3319 2841 3526 2894 machi-

263 2931 385 2986 natio
415 2935 545 2996 abit,

319 3025 433 3096 [553
461 3027 551 3099 IL]
590 3028 771 3081 Ἑπτὰ
794 3028 850 3081 δὲ
882 3028 1030 3096 λόγοι
1080 3029 1246 3083 αὐτοῦ
1283 3030 1698 3102 ἐπιμερίζονται
1728 3031 1830 3096 τὴν

263 3114 492 3184 σπουδήν.
522 3117 643 3170 Καὶ
666 3119 693 3169 ό
724 3118 822 3187 μὲν
841 3118 885 3149 ³³
917 3116 965 3171 α’
998 3121 1078 3182 είς
1110 3119 1328 3174 ἔκθεσιν
1360 3120 1714 3175 διατυποῦται
1753 3116 1830 3175 ὧν

261 3205 398 3270 αὐτὸς
422 3208 503 3276 ἐφ’
527 3209 714 3280 ἐαυτῷ
739 3212 866 3280 περὶ
884 3211 1146 3280 Προνοίας
1171 3212 1266 3265 καὶ
1283 3213 1438 3282 δίκης
1461 3215 1555 3266 καὶ
1577 3213 1680 3284 τῆς
1697 3215 1832 3266 κατ’
1859 3249 1904 3307 c

261 3298 395 3364 ἀξίαν
437 3300 546 3353 τῶν
580 3301 766 3373 ἔργων
797 3304 878 3365 είς
907 3305 1058 3373 ἡμᾶς
1087 3305 1388 3375 κατιούσης
1432 3306 1670 3378 κρίσεως
1708 3323 1834 3359 συν-

261 3390 580 3458 εγυμνάσατό
608 3408 672 3443 τε
694 3391 790 3444 καὶ
816 3391 1155 3460 διεσκέψατο,
1190 3393 1249 3447 '0
1272 3394 1316 3465 β’
1345 3396 1402 3449 δὲ
1431 3397 1530 3459 τὰς
1563 3397 1838 3451 Πλατωνι-

260 3478 344 3541 κὰς
373 3480 651 3549 συλλέγων
677 3480 860 3547 δόξας,
881 3485 980 3552 τὴν
1012 3485 1195 3537 πίστιν
1223 3483 1280 3550 ἐξ
1306 3487 1486 3540 αὐτῶν
1509 3484 1582 3541 ὧν
1606 3488 1835 3542 Πλάτων

261 3568 470 3641 ἔγραψεν
511 3573 850 3644 ἐπιτίθησιν.
903 3573 961 3626 Ὁ
982 3575 1106 3645 δὲγ¹
1145 3577 1244 3640 τὰς
1289 3579 1604 3650 ύποφορὰς,
1635 3575 1727 3644 αἷς
1770 3581 1836 3634 ἄν

260 3677 330 3723 τις
351 3665 615 3732 χρήσαιτο
646 3664 784 3735 πρὸς
812 3667 1132 3722 ἐναντίωσιν
1170 3671 1280 3724 τῶν
1306 3669 1432 3742 [285
1465 3672 1557 3744 H.]
1579 3673 1837 3745 δεδογμέ-

259 3771 382 3819 νων,
435 3759 772 3830 παρατιθεὶς
814 3760 1056 3815 διαλύειν
1107 3764 1289 3817 αὐτῶν
1337 3766 1438 3836 τὴν
1482 3768 1835 3839 ὲπι6ουλὴν³⁶

261 3850 714 3914 πραγματεύεται.
768 3850 827 3904 '0
847 3851 904 3904 δὲ
936 3853 979 3906 δ’
1007 3855 1076 3908 τὰ
1104 3855 1370 3924 λεγόμενοι
1399 3859 1554 3927 λόγια
1583 3861 1679 3915 καὶ¹
1709 3863 1836 3924 τοὺς

261 3936 547 4009 ίερατικοὺς
574 3941 812 4013 θεσμοὺς
833 3947 912 4007 είς
946 3950 1267 4016 συμφωνίαν
1300 3952 1555 4017 συνάγειν
1572 3949 1654 4015 οἷς
1681 3954 1832 4008 Πλά-

258 4045 350 4081 των
398 4031 725 4103 ἐδογμάτισε
760 4034 1029 4105 βούλεται.
1084 4040 1141 4092 '0
1192 4040 1250 4092 δὲ
1301 4047 1342 4092 ε’
1375 4045 1454 4106 είς
1480 4043 1688 4113 Ὀρφέα
1740 4045 1833 4098 καὶ

261 4119 508 4194 Ὅμηρον,
547 4128 646 4178 καὶ
679 4129 794 4180 ὅσοι
841 4128 991 4181 ἄλλοι
1025 4130 1131 4201 πρὸ
1177 4131 1278 4199 τῆς
1314 4133 1603 4197 Πλάτωνος
1635 4137 1834 4204 ἐπιφα-

259 4213 384 4276 νείας
427 4217 814 4286 ἐγνωρίζοντο.
846 4219 944 4290 τὴν
972 4220 1328 4292 Πλατωνικὴν
1363 4224 1496 4293 περὶ
1542 4224 1651 4278 τῶν
1699 4242 1834 4296 προ-

258 4308 504 4375 κειμένων
555 4308 878 4378 φιλοσοφίαν
923 4311 1176 4369 ἀνάπτει.
1210 4314 1269 4368 '0
1312 4315 1369 4368 δὲ
1415 4323 1468 4380 ς’
1513 4318 1639 4379 τοὺς
1695 4321 1835 4388 μετὰ

258 4395 501 4452 Πλάτωνα
536 4400 771 4466 πάντας,
801 4403 965 4456 αὑτὸν
997 4404 1378 4478 Ἀριστοτέλην
1406 4411 1703 4478 κορυφαῖον
1737 4410 1833 4464 λα-

259 4486 379 4552 ὃὼν,
435 4494 632 4563 μέχρις
655 4495 968 4565 Ἀμμωνίου
1017 4498 1110 4551 τοῦ
1139 4499 1572 4572 Ἀλεξανδρέως,
1615 4496 1677 4557 οὗ
1722 4505 1832 4558 τῶν

2009 3029 2181 3083 Porro
2214 3029 2265 3082 in
2300 3040 2508 3097 septem
2550 3027 2664 3099 (21)
2706 3027 2873 3083 libros
2922 3029 3237 3082 universum
3273 3041 3411 3097 opus
3440 3026 3526 3080 di-

1939 3121 2143 3174 viditur
2174 3137 2188 3174 :
2219 3137 2450 3190 quormu
2479 3121 2688 3189 primus
2723 3121 2939 3188 quidem
2981 3135 3255 3188 exponere
3287 3119 3528 3173 instituit

1936 3227 1997 3267 ea
2033 3227 2153 3282 quae
2181 3213 2295 3283 ipse
2325 3211 2469 3281 apud
2494 3227 2554 3267 se
2580 3213 2646 3267 de
2676 3211 3058 3277 Providentia,
3092 3215 3160 3268 de
3186 3213 3403 3283 justitia
3425 3255 3440 3277 ,
3472 3223 3527 3265 et

1938 3305 2004 3358 de
2033 3304 2303 3358 sententia
2345 3303 2398 3356 in
2444 3318 2541 3356 nos
2583 3317 2679 3370 pro
2721 3303 2989 3356 factorum
3025 3304 3222 3357 merito
3278 3303 3523 3367 ferenda,

1940 3396 2228 3451 meditatus
2247 3407 2417 3450 esset.
2449 3393 2732 3450 Secundus
2762 3397 2906 3460 dein,
2932 3395 3244 3449 Platonicas
3267 3397 3526 3464 colligens

1937 3490 2240 3557 opiniones,
2283 3503 2411 3542 suas
2439 3489 2636 3557 cuique
2667 3488 3011 3557 probationes
3030 3502 3092 3541 ex
3119 3487 3250 3557 ipsis
3285 3487 3527 3540 Platonis

1939 3583 2198 3652 Operibus
2239 3583 2481 3650 apponit.
2527 3580 2767 3644 Tertius,
2806 3581 3144 3648 objectiones
3190 3595 3523 3650 preponens,

1937 3674 2136 3743 quibus
2169 3675 2242 3729 uti
2277 3675 2552 3745 quispiam
2587 3676 2851 3728 adversus
2881 3689 2942 3728 ea
2983 3690 3104 3744 qua:
3137 3675 3350 3727 tradita
3373 3684 3522 3740 sunt,

1937 3777 2145 3838 queat,
2215 3768 2515 3822 dissolvere
2571 3769 2762 3820 harum
2828 3766 3208 3820 cavillationes
3273 3777 3523 3820 conatur.

1936 3858 2175 3924 Quartus
2217 3859 2457 3920 oracula,
2497 3874 2617 3928 quae
2664 3870 2947 3920 voeantur,
2983 3874 3045 3911 ac
3080 3857 3424 3912 sacerdotum
3449 3858 3527 3912 le-

1936 3965 2052 4016 ges,
2075 3961 2130 4003 et
2159 3949 2404 4002 Platonis
2441 3951 2693 4016 dogmata
2732 3948 2967 4002 invicem
2996 3947 3292 4001 conciliare
3321 3947 3522 4000 studet.

1940 4041 2195 4106 Quintus,
2225 4040 2463 4108 Orpheo,
2498 4041 2752 4104 Homero,
2780 4050 2835 4095 et
2870 4028 3082 4094 caeteris
3113 4040 3203 4110 qui
3238 4050 3362 4094 ante
3401 4038 3527 4091 Pla-

1939 4144 2118 4188 tonem
2169 4136 2627 4198 celebrabantur,
2679 4134 3010 4188 Platonicam
3049 4133 3114 4187 de
3160 4132 3320 4186 modo
3362 4133 3524 4187 dictis

1935 4228 2238 4283 doctrinam
2257 4229 2472 4281 tribuit.
2498 4227 2722 4291 Sextus,
2749 4241 2964 4289 Omnes,
2990 4227 3080 4295 qui
3104 4235 3224 4294 post
3242 4225 3522 4278 Platonem

1935 4322 2109 4385 fuere,
2161 4321 2280 4390 ipso
2320 4335 2536 4390 quoque
2588 4318 2886 4373 Aristotele
2927 4318 3175 4386 principe
3219 4330 3521 4386 assumpto,

1937 4429 2107 4484 usque
2134 4414 2200 4467 ad
2223 4413 2572 4467 Ammoniutn
2607 4410 3058 4471 Alexandrinum,
3096 4408 3249 4478 cujus
3286 4408 3339 4461 in
3361 4408 3522 4461 fami-

1936 4507 2168 4561 liaribus
2217 4505 2567 4561 celeberrimi
2607 4501 2849 4557 Plotinus
2890 4511 2944 4555 et
2982 4501 3272 4569 Origenes,
3304 4499 3368 4551 ad
3400 4500 3521 4564 bos,

256 4583 530 4652 γνωρίμων
558 4585 609 4638 οἱ
641 4587 1062 4654 ἐπιφανέστατοι
1102 4592 1366 4656 Πλωτίνός
1397 4611 1457 4647 τε
1492 4596 1585 4649 καὶ
1615 4597 1832 4666 Ὠριγέ-

1941 4600 2187 4664 inquam,
2245 4613 2418 4668 usque
2462 4596 2707 4651 Platonis
2732 4605 3001 4665 posteros,
3029 4591 3123 4662 qui
3163 4593 3383 4660 quidem
3417 4593 3523 4646 ali-

257 4687 358 4740 νης,
386 4677 509 4738 τοὺς
553 4674 650 4730 οὖν
699 4679 836 4748 μετὰ
863 4681 1124 4735 Πλάτωνα
1163 4684 1324 4754 μέχρι
1357 4686 1466 4738 τῶν
1517 4688 1828 4758 εἰρημένων

257 4762 466 4834 ἀνδρῶν,
499 4769 648 4830 ὅσοις
692 4770 786 4822 ἐπὶ
824 4773 986 4843 σοφία
1012 4773 1236 4841 γέγονεν
1264 4777 1436 4847 ὄνομα
1471 4777 1668 4842 λιπεῖν,
1705 4780 1827 4832 τού-

257 4874 364 4923 τους
403 4862 650 4926 ἆπαντας
693 4866 966 4934 ὁμοδοξεῖν
1015 4871 1080 4940 τῇ
1107 4870 1392 4936 Πλάτωνος
1423 4876 1826 4940 κατασκευάζει

257 4952 452 5020 κρίσει,
489 4957 584 5009 καὶ
611 4958 726 5010 ὅσοι
755 4959 965 5030 διιστᾷν
993 4962 1092 5032 τῆς
1121 4963 1409 5032 ὁμοδοξίας
1438 4965 1705 5020 Πλάτωνα
1737 4970 1829 5022 καὶ

268 5041 626 5124 Ἀριστοτέλην
658 5050 1020 5122 ἐπεχείρησαν
1041 5096 1058 5120 ,
1086 5054 1194 5106 τῶν
1219 5056 1441 5118 φαύλων
1467 5075 1527 5110 τε
1563 5061 1657 5111 καί
1689 5061 1824 5113 ἀπο-

255 5137 514 5202 τροπαίων
539 5139 741 5208 τίθησι,
775 5143 946 5197 πολλά
973 5161 1033 5197 τε
1055 5145 1309 5200 νοθεῦσαι
1334 5147 1442 5202 τῶν
1463 5150 1828 5204 Πλατωνικῶν

258 5221 434 5294 λόγων,
452 5232 631 5288 καίτοι
650 5235 909 5291 Πλάτωνα
927 5239 1247 5293 διδάσκαλον
1265 5243 1745 5314 ἐπιγραφομένους
1760 5245 1826 5311 ³⁷,

1930 4693 2076 4761 quod
2111 4693 2211 4746 sibi
2236 4706 2431 4746 nomen
2473 4689 2754 4758 sapientiae
2786 4695 3137 4755 pepererunt,
3175 4685 3421 4752 ejusdem
3456 4686 3522 4737 ad

1933 4799 2099 4838 unum
2134 4799 2327 4838 omnes
2345 4799 2469 4838 cum
2497 4781 2724 4834 Platone
2750 4794 2874 4834 esse
2898 4779 3204 4842 sententiae,
3231 4793 3524 4847 argumen-

1932 4879 2004 4932 tis
2030 4881 2244 4947 probat.
2291 4876 2449 4943 Quod
2491 4877 2535 4929 si
2587 4875 2679 4944 qui
2726 4873 3136 4928 consentientes
3181 4869 3428 4924 Platonis
3468 4879 3525 4924 et

1938 4970 2249 5025 Aristotelis
2288 4969 2574 5038 Opiniones
2609 4967 2870 5021 dirimere
2890 4966 3132 5036 aggressi
3161 4964 3386 5027 fuerint,
3423 4977 3521 5018 eos

1937 5074 1994 5118 et
2029 5063 2184 5117 nihili
2231 5062 2502 5128 homines,
2533 5072 2587 5115 et
2621 5060 2905 5128 fugiendos
2934 5060 3146 5113 statuit.
3181 5057 3346 5112 Multa
3377 5057 3522 5110 insn-

1937 5168 2034 5222 per
2061 5152 2464 5207 Platonicorum
2495 5153 2824 5221 scriptorum
2860 5152 3202 5204 adulterassc
3234 5165 3329 5202 eos
3354 5147 3518 5201 etiam

1938 5247 2028 5316 qui
2055 5247 2198 5300 hunc
2229 5245 2334 5300 sibi
2378 5257 2766 5316 praeceptorem
2804 5243 3160 5308 ascriberent,
3213 5253 3270 5295 ut
3316 5250 3369 5294 et
3392 5242 3519 5293 Art-

1528 5380 1759 5437 VARIA'S
1803 5383 2213 5439 LECTIONES.

340 5492 727 5568 ³ξλασυστὰτων
756 5515 816 5561 ς.
891 5497 933 5528 ³¹
952 5497 1099 5568 αὐτῷ
1117 5498 1240 5550 add.
1279 5500 1342 5550 A.

263 5560 316 5610 Α.
366 5563 408 5594 ³⁸
439 5566 698 5636 ἐπιϐολήν
742 5560 1035 5622 Bentleius.
1072 5560 1083 5568 ’
1143 5570 1183 5601 ³⁷
1216 5569 1654 5640 ἐπιγραφόμενος
1689 5589 1750 5634 ς.

1421 5498 1601 5571 ’τοῦδ’
1628 5503 1701 5553 Αε
1741 5501 1832 5555 ὁδ’
1866 5519 1929 5566 ς.
1999 5502 2043 5534 ³³
2069 5501 2362 5571 βαλόμενος
2393 5505 2457 5555 Α.

2559 5499 2604 5531 ³⁸
2636 5497 3040 5569 ἀπερίτρεπτον
3068 5513 3129 5561 ς.
3199 5496 3242 5529 ³⁸
3279 5492 3380 5565 μὲν
3409 5504 3519 5545 out.

1719 5682 1947 5738 NOTAE.

328 5795 430 5863 (21)
473 5793 514 5847 E
543 5811 771 5866 quorum
825 5795 997 5851 tribus
1046 5794 1235 5864 primis
1272 5808 1528 5868 excerpta
1587 5800 1834 5868 quadam
1866 5799 2171 5856 olIeruntur
2202 5802 2330 5856 infr.
2371 5801 2491 5857 cod.
2524 5798 2651 5855 202.
