4022 6442
507 320 610 387 ’107

1671 312 1936 375 ΡΗΟΤΙΙ
1974 309 2482 373 ΡΑΤΒΙΑΒΕΗΑΞ
2518 310 2627 371 CP.

3635 318 3728 382 708

514 435 890 497 stotelicorum
918 445 1145 503 operum
1164 443 1281 497 eos,
1303 428 1395 498 qui
1415 442 1475 483 se
1504 427 1666 499 hujus
1690 439 1899 497 partem
1920 427 2092 481 maxi-

2200 425 2456 489 ὡσαύτως
2486 425 2543 479 δὲ
2560 423 2654 477 καὶ
2679 422 2786 478 τῶν
2810 420 3261 494 Ἀριστοτελικῶν
3287 425 3609 495 γραμμάτων
3622 436 3731 494 τοὺς

516 533 588 587 mi
634 529 814 586 facere
851 526 1241 597 proﬁterentur
1270 539 1286 579 :
1316 536 1420 576 non
1456 520 1617 574 aliam
1682 519 1737 574 id
1788 519 1976 589 utique
2021 521 2093 573 ob

514 637 760 687 causam,
808 634 971 689 quam
1006 627 1066 672 ut
1112 615 1459 671 committere
1499 616 1643 667 inter
1688 626 1749 668 se
1797 612 2093 682 Stagiriten

516 724 684 781 atque
710 708 983 765 Aristonis
1007 705 1173 761 tilium
1202 712 1445 776 possent.
1474 702 1754 773 Septimus
1785 702 2091 771 liber,pro-

514 808 636 876 prio
682 804 787 859 sibi
837 811 1057 869 sumpto
1097 808 1442 869 argumento,
1486 799 1553 853 de
1584 796 1855 857 Ammonii
1904 811 2097 860 supra-

515 897 705 965 scripti
726 896 1106 966 Disputatione
1126 894 1370 947 studiose
1387 891 1628 955 disserit,
1655 901 1821 957 utque
1846 887 2096 943 Plotinus

510 1001 568 1045 et
601 987 886 1058 Origenes,
943 989 1051 1041 imo
1079 996 1135 1040 et
1158 985 1494 1056 Porphyrius
1527 994 1692 1053 atque
1733 982 2091 1045 Jamblichus,

513 1092 569 1136 et
589 1084 845 1151 deinceps
878 1080 1071 1136 ordine
1115 1079 1323 1143 creteri,
1360 1077 1450 1147 qui
1496 1076 1677 1130 divina
1727 1074 2097 1146 (quemadmo-

515 1175 643 1229 dum
684 1174 803 1242 ipse
835 1173 1055 1241 quidem
1093 1169 1357 1241 loquitur)
1391 1167 1742 1238 generatione
1788 1174 1915 1221 sunt
1939 1165 2091 1231 editi,

514 1281 692 1337 usque
722 1266 788 1321 ad
831 1263 1185 1319 Plutarchum
1244 1262 1675 1325 Atheniensem,
1725 1274 1884 1329 quem
1931 1259 2093 1312 etiam

512 1369 794 1412 auctorem
843 1358 1029 1411 talium
1086 1360 1201 1424 Ipse
1252 1356 1495 1410 nominat
1537 1354 1870 1423 dogmatum,
1905 1359 1983 1413 ut,
2014 1353 2097 1403 in-

512 1465 701 1518 quam,
735 1448 788 1502 hi
825 1464 1016 1503 onmes
1059 1456 1299 1518 purgata:
1342 1445 1586 1499 Platonis
1624 1444 1979 1514 philosophia:
2006 1442 2095 1498 ad-

512 1543 642 1596 dicti
671 1544 799 1596 sint.

587 1633 705 1702 Ipsa
751 1648 881 1687 vero
918 1632 1078 1700 hujus
1113 1633 1351 1689 auctoris
1394 1632 1561 1685 dictio
1590 1629 1869 1700 perspicua
1913 1637 1998 1681 est
2032 1644 2095 1681 ac

512 1740 668 1794 pura,
722 1733 777 1779 et
806 1724 1239 1794 philosophicum
1297 1724 1497 1777 decens
1556 1722 1839 1776 studium:
1877 1721 2090 1775 tametsi

517 1814 710 1887 173b
760 1815 957 1870 tucatis
995 1825 1049 1869 et
1080 1814 1504 1882 supervacaneis
1530 1813 1825 1877 coloribus.
1861 1822 1957 1866 aut
1994 1812 2089 1866 be-

514 1923 583 1962 ne
601 1907 816 1962 dicendi
845 1912 1111 1961 varietate
1141 1921 1247 1958 non
1275 1914 1592 1958 exornetur.

1200 1992 1408 2049 CCXV.

519 2088 749 2141 Ioannes
810 2088 1141 2158 Philoponus
1221 2089 1423 2142 Contra
1479 2085 1772 2141 Jamblichi
1831 2101 1959 2140 onus
2018 2083 2093 2138 De

1152 2159 1480 2212 simulacris.

586 2253 714 2320 Legi
760 2250 988 2306 Joannis
1031 2260 1396 2321 cognomento
1439 2249 1723 2319 Philoponi
1752 2248 1948 2303 librum
1979 2248 2093 2301 Ad-

511 2365 690 2405 versus
727 2344 1017 2400 Jamblichi
1060 2362 1189 2414 opus
1231 2345 1375 2415 quod
1414 2343 1488 2398 De
1542 2342 1844 2396 simulacris
1890 2343 2093 2397 inscri-

510 2442 641 2513 psit.
668 2438 878 2509 Scopus
907 2449 1086 2492 autem
1105 2435 1412 2491 Jamblicho
1436 2436 1746 2506 propositus
1775 2445 1879 2500 est,
1906 2446 2093 2491 osten-
2119 2498 2125 2506 ,

512 2534 666 2595 dere,
717 2544 841 2585 cum
898 2528 1083 2584 divina
1144 2544 1266 2583 esse
1300 2528 1438 2583 idola
1473 2526 1620 2598 (nam
1672 2528 1774 2582 ista
1806 2528 1991 2597 etiam;
2019 2530 2093 2583 si-

513 2620 743 2677 mulacri
766 2620 986 2674 nomine
1002 2618 1426 2689 complectitur),
1454 2626 1564 2672 tum
1585 2619 1872 2688 praesentia
1896 2619 2093 2673 Numi-

516 2719 601 2773 nis
665 2716 868 2771 rel'erta
908 2731 922 2766 :
961 2728 1067 2767 non
1114 2713 1288 2767 solum
1334 2728 1456 2782 quae
1513 2713 1796 2767 hominum
1844 2715 2095 2769 manibus

512 2808 723 2863 occulta
756 2806 991 2875 quadam
1016 2814 1134 2858 arte
1162 2802 1537 2868 fabricata,ob
1564 2804 1898 2873 incognitum
1929 2806 2092 2859 nimi-

514 2913 634 2952 rum
667 2896 934 2950 artiticem
967 2893 1110 2947 ctelo
1138 2893 1363 2964 delapsa
1394 2896 1748 2950 nominentur
1780 2896 1919 2966 (haec
1946 2899 2092 2950 enim

512 3001 570 3045 et
598 2987 838 3043 caelestis
867 3001 991 3040 esse
1018 2995 1245 3053 naturae,
1270 2995 1326 3040 et
1354 2986 1478 3041 inde
1502 2985 1556 3040 in
1581 2995 1779 3041 terram
1806 2988 2091 3053 decidisse,

513 3081 658 3135 unde
679 3084 841 3135 etiam
864 3079 975 3133 sint
991 3078 1183 3132 merita
1208 3079 1710 3147 nomengaccipere),
1725 3092 1913 3133 verum
1928 3080 2092 3133 etiam

512 3186 849 3242 quaecunque
882 3169 1141 3224 fundendi
1168 3176 1303 3235 arte,
1335 3180 1388 3223 et
1418 3171 1701 3240 sculpendi
1736 3179 1899 3241 atque
1930 3170 2096 3226 fabri-

512 3264 553 3318 li
588 3273 734 3318 certa
765 3261 928 3315 simul
960 3260 1214 3314 mercede
1236 3268 1292 3314 et
1310 3275 1475 3328 opera
1505 3258 1599 3332 [ab
1624 3259 1950 3333 artiﬁcibus]
1968 3277 2099 3316 con-

514 3357 754 3408 formata
786 3360 991 3407 essent.
1030 3349 1233 3404 Horum
1267 3350 1429 3419 igitur
1461 3352 1709 3406 omnium
1735 3366 1900 3422 opera
1933 3362 2099 3407 natu-

515 3462 631 3501 ram
668 3444 957 3511 excedere,
1005 3452 1063 3497 et
1102 3442 1389 3498 hominum
1428 3445 1687 3513 opinione
1734 3445 1945 3515 majora
1978 3460 2100 3500 esse

510 3536 855 3593 Jambliclius
885 3536 1113 3605 scribit;
1135 3537 1301 3591 multa
1321 3537 1521 3605 partim
1540 3537 1879 3593 incredibilia
1896 3552 1925 3591 e
1939 3538 2098 3591 fabu-

516 3631 583 3685 lis
609 3630 883 3686 narrando
908 3671 926 3698 ,
963 3631 1161 3699 partim
1186 3628 1241 3683 in
1264 3630 1531 3685 obscuras
1558 3645 1754 3685 causas
1789 3631 2097 3695 referendo,

514 3724 713 3794 partim
761 3723 929 3777 etiam
965 3733 1157 3777 contra
1192 3734 1354 3790 atque
1378 3721 1553 3778 oculis
1596 3732 1911 3791 cernantur,
1959 3726 2102 3779 scri-

515 3818 650 3872 bere
684 3815 821 3868 nihil
860 3816 1175 3869 metuendu.
1197 3816 1347 3882 Opus
1371 3818 1643 3886 integrum
1676 3816 1813 3869 duas
1840 3816 1889 3868 in
1918 3827 2102 3884 partes

515 3919 693 3965 secat.
732 3907 1101 3980 Majoremque
1129 3908 1384 3973 alteram,
1429 3908 1659 3963 alteram
1707 3908 1966 3963 Minorem
2005 3925 2102 3964 no-

518 4004 713 4057 minat.
754 4000 1065 4070 Utramque
1112 3998 1448 4069 Philoponus
1495 4012 1795 4072 oppugnat,
1841 4015 2104 4058 consueto

517 4093 787 4149 orationis
835 4105 1033 4162 genere
1082 4105 1238 4154 usus,
1289 4091 1431 4160 quin
1463 4102 1520 4144 et
1551 4093 2001 4162 compositionem
2035 4095 2102 4148 ad

521 4184 740 4240 solitam
785 4183 890 4237 sibi
934 4181 1164 4236 fortnam
1198 4183 1482 4252 adaptatis.
1516 4183 1563 4237 Α
1594 4198 1732 4255 puro
1761 4186 1905 4239 enim
1937 4196 1991 4240 et
2019 4186 2103 4240 di~

520 4274 702 4331 lucido
733 4290 838 4329 non
866 4275 1072 4329 recedit
1104 4294 1117 4329 :
1155 4290 1330 4345 neque
1356 4285 1535 4331 tamen
1576 4278 1844 4348 elegantia
1880 4287 1936 4333 et
1966 4278 2105 4331 Atti—

520 4382 583 4423 ca
618 4368 798 4436 phrasi
835 4375 1138 4419 exornatus
1163 4366 1320 4420 nitet.
1352 4364 1649 4422 Rationum
1679 4368 2101 4438 praeterealam-

2193 519 2294 590 τὴν
2323 519 2535 572 ἐκείνου
2586 516 2778 588 μερίδα
2808 516 2978 587 τιμᾷν
3004 513 3428 585 ὁμολογοῦντας·
3458 521 3544 573 καὶ
3568 523 3629 577 δι’
3650 527 3732 579 οὗ-

2192 614 2281 667 δὲν
2325 614 2511 685 ἕτερον
2547 611 2761 675 τούτοις
2793 610 2862 664 τὰ
2889 608 3115 665 τοιαῦτα
3143 611 3578 681 μεμηχανῆσθαι,
3608 617 3639 688 ἢ
3668 619 3737 672 ἶν’

2195 706 2371 777 ἔχοιεν
2399 705 2721 778 συγκρούειν
2745 705 2837 757 τὸν
2870 704 3224 773 Σταγειρίτην
3248 703 3379 774 πρὸς
3401 703 3739 777 τὸνἈρίστω.

2195 816 2303 862 νος.
2322 799 2378 852 '0
2406 798 2462 852 δὲ
2494 798 2539 863 ζ’
2567 798 2722 867 λόγος
2770 798 2945 869 ἀρχὴν
2980 798 3116 850 ίδίαν
3151 796 3587 867 ὑποστησάμενος
3628 804 3739 870 περὶ

2194 894 2292 961 τῆς
2348 892 2629 962 διατριϐῆς
2696 890 2790 945 τοῦ
2851 890 3252 961 προειρημένου
3308 888 3607 959 Ἀμμωνίου
3655 894 3741 964 τήν

2196 984 2433 1057 σπουδὴν
2466 983 2839 1054 ἀναλαμϐάνει
2858 998 2871 1013 ·
2910 985 3004 1037 καὶ¹
3032 983 3108 1047 ὡς
3135 982 3400 1046 Πλωτῖνὸς
3427 1000 3483 1036 τε
3505 985 3594 1038 καὶ
3617 985 3743 1056 Ὦρι-

2195 1079 2381 1147 γένης,
2421 1080 2515 1132 καὶ
2546 1082 2653 1149 μὴν
2682 1079 2777 1132 καὶ
2810 1076 3118 1147 Πορφύριος
3144 1078 3236 1129 καὶ
3270 1076 3570 1145 Ἰάμϐλιχος
3600 1081 3682 1132 καὶ
3701 1083 3745 1133 oi

2195 1171 2415 1242 ἑφεξῆς,
2439 1173 2554 1225 ὅσοι
2576 1171 2675 1241 τῆς
2704 1172 2854 1240 ἱερᾶς
2883 1171 2980 1240 (ὡς
3001 1169 3164 1231 αὐτός
3184 1168 3340 1239 φησι)
3371 1170 3555 1237 γενεᾶς
3580 1169 3746 1239 ἔτυχον

2196 1267 2425 1335 φύντες,
2460 1267 2565 1329 ἕως
2595 1266 2943 1334 Πλουτάρχου
2973 1262 3067 1317 τοῦ
3092 1262 3398 1334 Ἀθηναίου,
3430 1262 3488 1315 ὃν
3518 1264 3605 1316 καὶ
3627 1264 3747 1317 καθ-

2192 1359 2404 1430 ηγητὴν
2434 1358 2658 1412 αὐτοῦ’⁸
2697 1356 2807 1409 τῶν
2848 1354 3104 1409 τοιούτων
3132 1356 3440 1425 ἀναγράφει
3467 1355 3746 1425 δογμάτων,

2195 1446 2341 1507 οὗτοι
2376 1452 2577 1516 πάντες
2595 1453 2659 1523 τῇ
2680 1450 2965 1513 Πλάτωνος
2982 1447 3317 1517 διακεκαθαρ
3327 1448 3461 1519 μένῃ
3493 1448 3749 1520 συνᾴδουσι

2196 1545 2503 1617 φιλοσοφίᾳ.

2271 1636 2428 1689 Ἐστι
2448 1634 2506 1687 δὲ
2531 1635 2563 1704 ή
2594 1636 2794 1704 φράσις
2820 1630 2897 1703 τῷ
2928 1631 3081 1703 ἀνδρὶ
3107 1632 3287 1701 σαφὴς
3318 1630 3417 1699 μὲν
3445 1631 3538 1683 καὶ
3560 1629 3751 1701 καθαρὰ

2197 1728 2291 1781 καὶ
2328 1726 2530 1797 σπουδῇ
2568 1726 2841 1795 φιλοσόφῳ
2872 1725 3155 1795 πρέπουσα
3176 1764 3189 1789 ,
3222 1724 3283 1777 ού
3314 1725 3422 1793 μήν
3451 1740 3513 1790 γε
3541 1726 3645 1786 τοῖς
3670 1741 3751 1777 κε·

2195 1820 2665 1888 καλλωπισμένοις
2685 1820 2780 1872 καὶ
2802 1819 3078 1887 περιττοῖς
3096 1815 3504 1887 ὲξωραῖζομένη
3522 1815 3752 1887 χρώμασί

2193 1930 2253 1965 τε
2281 1914 2374 1966 καὶ
2409 1913 2729 1983 ποικίλμασι
2758 1911 2857 1981 τῆς
2893 1910 3195 1982 ῥητορείας.

2914 2004 3057 2056 ΣΙΕ’.

2210 2096 2490 2151 Ἰωάννου
2522 2097 2864 2151 Φιλοπόνου
2897 2094 3059 2149 Κατὰ
3079 2092 3185 2161 τῆς
3207 2091 3484 2160 σπουδῆς
3515 2091 3752 2161 Ἰαμϐλί-

2550 2187 2664 2236 χου
2695 2169 2835 2235 Περὶ
2863 2169 2984 2220 τῶν
3008 2167 3389 2234 ἀγαλμάτων.

2266 2264 2609 2333 Ἀνεγνὼσθη
2661 2263 2909 2317 Ἰωάννου
2973 2262 3067 2317 τοῦ
3114 2262 3407 2315 Φιλοπόνου
3456 2259 3611 2315 Κατὰ
3660 2258 3754 2326 τῆς

2194 2359 2475 2428 σπουδῆς
2505 2360 2870 2427 Ἰαμϐλίχοίυ,
2899 2360 2965 2429 ἣν
3013 2356 3292 2427 ἐπέγραψε
3326 2353 3465 2421 Περὶ
3512 2351 3755 2422 ἀγαλμά-

2193 2454 2499 2506 των.Ἔστι
2531 2454 2628 2524 μὲν
2657 2449 2751 2506 οὖν
2778 2455 2805 2506 ὁ
2832 2452 3034 2516 σκοπὸς
3053 2450 3353 2520 Ίαμϐλίχῳ
3386 2448 3505 2501 θεῖά
3530 2464 3588 2500 τε
3606 2446 3755 2511 δεῖξαι

2194 2546 2264 2599 τά
2292 2546 2488 2600 εἴδωλα
2524 2545 2737 2617 (ταῦτα
2783 2544 2891 2615 γὰρ
2939 2543 3233 2598 ὑποϐάλλει
3281 2542 3363 2612 τῷ
3415 2541 3629 2609 ὀνόματι
3672 2537 3754 2593 τοῦ

2195 2639 2552 2709 ἀγάλματος)
2600 2639 2695 2692 καὶ
2727 2636 2875 2702 θείας
2901 2636 3186 2707 μετουσίας
3219 2634 3489 2697 ἀνάπλεα,
3522 2632 3580 2685 ού
3612 2630 3753 2702 μόνον

2195 2730 2297 2784 ὅσα
2346 2733 2526 2801 χεῖρες
2560 2729 2876 2801 ’ἀνθρώπων
2913 2728 3120 2800 κρυφίᾳ
3152 2727 3353 2797 πράξει
3382 2723 3757 2795 τεχνησάμεναι

2195 2823 2283 2876 διὰ
2328 2824 2389 2877 τὸ
2429 2823 2624 2893 ἄδηλον
2684 2822 2777 2876 τοῦ
2827 2822 3072 2892 τεχνίτου
3128 2819 3357 2891 διοπετῆ
3420 2820 3757 2888 ἐπωνόμασαν

2198 2913 2391 2981 (ταῦτα
2440 2914 2549 2983 γὰρ
2591 2912 2849 2983 οὐρανίας
2875 2929 2936 2964 τε
2969 2912 3187 2981 φύσεως
3228 2908 3374 2964 εἶναι
3409 2910 3656 2964 κάκεῖθεν
3679 2908 3759 2963 ἐπὶ

2196 3006 2300 3076 γῆς
2342 3008 2549 3067 πεσεῖν,
2584 3003 2643 3067 ἐξ
2691 2998 2753 3058 οὗ
2807 3004 2903 3058 καὶ¹
2948 3004 3049 3075 τὴν
3096 3004 3419 3072 ἐπωνυμίαν
3448 3002 3628 3072 φέρειν
3653 3019 3759 3055 συν·

2197 3101 2550 3170 εστήσαντο),
2596 3099 2732 3153 ἀλλά
2759 3099 2851 3153 καὶ
2882 3099 2983 3153 ὅσα
3015 3098 3179 3169 τέχνη
3206 3097 3538 3168 χαλκευτικὴ
3583 3113 3639 3150 τε
3678 3097 3759 3149 καὶ

2200 3192 2491 3264 λαξευτικὴ
2518 3193 2610 3245 καὶ
2634 3195 2665 3263 ή
2698 3191 2966 3244 τεκτόνων
2993 3192 3085 3243 ἐπὶ
3109 3190 3251 3260 δήλῳ
3289 3189 3471 3260 μισθῷ
3500 3189 3591 3243 καὶ
3618 3189 3762 3260 ἐργα-

2202 3284 2294 3355 σίᾳ
2338 3284 2801 3356 διεμορφώσαντο.
2839 3285 3056 3336 Τούτων
3105 3279 3198 3335 οὖν
3242 3281 3504 3335 ἁπάντων
3545 3280 3675 3351 ἔργα
3709 3297 3760 3333 τε

2200 3379 2454 3450 ὑπερφυῆ
2488 3378 2582 3431 καὶ
2611 3377 2769 3446 δόξης
2809 3374 3160 3446 ἀνθρωπίνης
3200 3373 3487 3445 κρείττονα
3528 3372 3761 3443 γράφειό

2211 3470 2535 3539 Ἰάμϐλιχος,
2565 3467 2691 3540 [556
2713 3465 2805 3538 {1.}
2838 3466 3011 3519 πολλὰ
3042 3466 3141 3535 μὲν
3174 3464 3421 3519 ἀπίθανα
3452 3462 3759 3535 μυθολογῶν,

2202 3563 2373 3617 πολλά
2397 3562 2455 3615 δὲ
2484 3564 2560 3624 είς
2595 3559 2824 3632 ἀδήλους
2842 3559 2886 3591 ³9
2925 3558 3105 3630 φέρων
3134 3557 3315 3619 αἰτίας
3342 3598 3357 3621 ,
3391 3556 3561 3611 πολλὰ
3592 3554 3647 3609 δὲ
3681 3554 3763 3608 καὶ

2201 3659 2312 3720 τοῖς
2346 3657 2646 3727 δρωμένοις
2688 3651 2906 3706 ἐναντία
2949 3651 3185 3723 γράφειν
3226 3652 3329 3704 οὐκ
3380 3651 3758 3721 αἰσχυνόμενος.

2202 3751 2298 3813 Εἰς
2342 3748 2435 3802 δύο
2464 3749 2520 3802 δὲ
2553 3746 2651 3819 τὴν
2692 3745 2877 3811 δλην⁸⁰
2927 3745 3313 3816 πραγματείαν
3361 3744 3650 3814 διατέμνει,
3678 3743 3762 3809 τὴν

2208 3843 2308 3914 μὲν
2337 3841 2591 3904 Μείζονα
2614 3841 2817 3907 καλῶν,
2836 3840 2934 3913 τήν
2967 3841 3023 3893 δὲ
3052 3841 3394 3895 Ἐλάττονα.
3430 3838 3565 3892 Καθ’
3591 3834 3762 3889 ἑκατέ-

2208 3955 2307 4008 ρας
2353 3937 2408 3990 δὲ
2457 3937 2661 3989 τούτων
2705 3935 2800 3988 καὶ
2845 3936 2874 3988 ὁ
2905 3935 3197 3995 Φιλὸπονος
3240 3934 3479 3997 ἵσταται,
3507 3929 3645 3995 λέξει
3678 3926 3763 3999 μὲν

2204 4030 2543 4100 κεχρημένος
2571 4025 2714 4100 ᾗπερ
2742 4027 2944 4093 εἰώθει,
2973 4028 3067 4080 καὶ
3084 4026 3182 4097 τὴν
3210 4024 3486 4096 συνθήκην
3515 4023 3572 4077 δὲ
3595 4023 3669 4083 είς
3685 4018 3762 4071 τὸν

2205 4124 2389 4192 ὅμοιον
2422 4122 2601 4191 ἐαυτῷ
2623 4122 2789 4174 τύπον
2816 4120 3217 4191 ἀρμοζόμενος’
3242 4118 3335 4171 τοῦ
3363 4117 3463 4187 μὲν
3484 4116 3588 4186 γὰρ
3616 4113 3765 4167 καθα-

2208 4212 2304 4286 ροῦ
2337 4215 2432 4266 καὶ
2461 4213 2743 4283 εὐκρινοῦς
2773 4212 2899 4284 [Ξ86
2935 4210 3025 4284 H.]
3058 4212 3157 4264 οὐκ
3186 4211 3489 4273 ἀποκλίνει,
3514 4208 3572 4261 οὐ
3604 4206 3763 4275 μέντοι

2204 4323 2268 4375 γε
2293 4308 2360 4377 τῇ
2397 4305 2580 4371 λογάδι
2617 4306 2712 4358 καὶ
2739 4304 3092 4376 ὰττικιζούσῃ
3130 4303 3327 4373 φράσει
3363 4298 3761 4362 καλλωπίζεται.

2204 4399 2315 4453 Καὶ
2342 4398 2469 4461 τοὺς
2493 4396 2753 4467 ἐλέγχους
2776 4396 2833 4449 δὲ
2862 4396 2969 4448 τῶν
2989 4395 3300 4466 Ἰαμϐλίχου
3323 4394 3495 4461 λόγων
3522 4387 3764 4457 πολλαχοῦ

522 4459 691 4514 blichi
741 4457 1201 4527 reprehensiones
1230 4472 1364 4512 sane
1394 4473 1712 4528 generosas,
1743 4469 1799 4514 et
1831 4474 1925 4528 per
1957 4461 2097 4529 ipsas

2213 4492 2311 4563 μὲν
2339 4457 2712 4559 γενναίουςητε
2735 4457 2836 4544 ’καὶ
2865 4489 2932 4542 δι’
2955 4457 3134 4542 αὑτων
3160 4457 3491 4558 ἐρχομένους
3518 4483 3623 4536 τῶν
3644 4498 3763 4551 πρα-

522 4563 740 4620 quoque
775 4559 1127 4618 penetrantes
1159 4563 1362 4604 causas
1392 4548 1708 4619 frequenter
1733 4552 1826 4606 tibi
1851 4552 2101 4619 exhibet;

524 4673 662 4728 quas
690 4656 964 4711 interdum
1004 4653 1294 4723 superﬁcie
1337 4664 1495 4707 tenus
1531 4662 1737 4706 tantum
1773 4651 2104 4714 refellentes,

528 4759 586 4803 et
633 4748 701 4802 ad
762 4747 877 4801 sola
927 4748 1150 4800 nomina
1192 4744 1414 4808 relatas,
1463 4742 1787 4813 longiusque
1817 4760 1848 4797 a
1880 4759 1941 4799 re
1980 4759 2109 4799 con-

533 4856 777 4899 troversa
815 4840 1133 4895 recedentes
1179 4836 1361 4910 [affert
1379 4833 1421 4907 ;]
1444 4836 1605 4891 etiam
1633 4852 1755 4890 cum
1789 4838 1903 4892 haec
1929 4838 2112 4893 redar-

528 4931 714 5001 gucnti
748 4932 903 4985 valde
937 4939 1023 4983 est
1060 4928 1316 4994 obnoxia,
1345 4936 1401 4982 et
1440 4940 1535 4995 per
1572 4940 1635 4983 se
1676 4927 2104 4985 imbecillitatem

527 5038 684 5081 suam
708 5022 906 5094 prodit.

1204 5117 1434 5175 CCXVI.

979 5210 1213 5267 Oribasii
1242 5213 1434 5267 medici
1473 5230 1650 5281 Opera.

599 5301 731 5373 Legi
785 5301 1058 5357 volumina
1111 5313 1387 5373 quatuor,
1435 5307 1635 5373 quibus
1672 5306 1939 5360 medicam
1994 5322 2106 5361 rem

528 5395 814 5454 Oribasius
848 5394 963 5466 (22)
1011 5409 1041 5449 a
1103 5410 1163 5451 se
1202 5397 1561 5466 compositam
1607 5400 1924 5469 complexus
1972 5412 2103 5455 est:

2202 4586 2429 4654 γμάτων
2461 4585 2848 4648 ἐπιδείκνυσιν,
2882 4583 3052 4635 ἐνίοτε
3086 4582 3141 4635 δὲ
3170 4581 3491 4634 ἐπιπόλαιον
3530 4580 3625 4649 τὴν
3652 4578 3768 4630 ἀνα-

2208 4678 2409 4746 σκευὴν
2456 4677 2719 4746 φέροντας
2766 4677 2860 4728 καὶ
2915 4674 3053 4744 πρὸς
3098 4674 3271 4742 ὄνομα
3334 4673 3645 4742 γινομένους
3684 4667 3764 4721 καὶ

2209 4771 2399 4841 πόρρω
2432 4768 2524 4821 τοῦ
2562 4768 2833 4822 ἅπτεσθαι
2872 4767 2977 4820 τῶν
3012 4766 3387 4837 εὐθυνομένων
3432 4763 3762 4834 φερομένους,

2210 4857 2387 4911 καίτοι
2438 4857 2640 4929 ῥᾳδίων
2662 4856 2708 4887 “
2768 4856 3038 4909 κάκείνων
3090 4857 3225 4926 πρὸς
3272 4856 3493 4925 ἔλεγχον
3532 4850 3762 4920 ἐκκειμέ-

2212 4966 2318 5003 νων
2333 4949 2401 5015 ⁸²,
2432 4947 2527 5003 καὶ
2552 4949 2611 5017 ἐξ
2633 4948 2840 5002 ἑαυτῶν
2870 4948 3329 5019 προϐαλλομένων
3361 4949 3422 5001 τὸ
3447 4948 3733 5016 ἀνίσχυρον.

2929 5130 3039 5184 ΣΙιίὶ
3072 5169 3085 5184 .

2930 5147 2988 5182 ιιι
3072 5169 3085 5184 .

2701 5147 3070 5289 Ὀρειϐασίϊυ
3089 5220 3319 5285 βιϐλία.

2288 5311 2735 5382 Ἀνεγνώσθησαν
2787 5313 2967 5384 βιϐλία
3016 5313 3080 5377 δ’,
3114 5314 3151 5366 ἆ
3198 5313 3296 5385 τὴν
3312 5312 3357 5344 ⁸³
3410 5302 3761 5379 πραγματείαν

2220 5404 2473 5475 ἰατρικὴν
2502 5406 2826 5477 Ὀρειϐασίῳ
2844 5405 2890 5438 ⁸⁸
2930 5405 3368 5477 συντεταγμένην
3393 5402 3652 5475 περιεῖχε’
3682 5393 3759 5449 καὶ

1831 5492 2069 5549 νΑιιιιλΕ
2097 5494 2505 5553 LECTIONES.

600 5582 647 5614 ³⁸
675 5581 840 5637 αὐτοῦ
877 5583 922 5635 Α
948 5580 1139 5644 ιαύτός
1167 5597 1228 5644 ς.

530 5654 725 5709 verim.
790 5653 837 5685 “
859 5650 1159 5723 Ὀριϐασίῳ
1189 5651 1254 5706 Α.

1334 5580 1378 5613 ³⁸
1405 5581 1615 5653 ἀδήλως
1648 5601 1710 5649 ς.
1779 5585 1825 5618 ιθ
1853 5586 1983 5657 ὅλην
2023 5589 2125 5657 τήν
2153 5607 2213 5654 ς.
2286 5591 2329 5624 ⁸⁸
2364 5592 2489 5650 libri
2524 5593 2730 5667 ῥᾴδιον.
2814 5594 2858 5626 δ’
2891 5592 3227 5664 ἐγκειμένων
3250 5610 3311 5657 ς.

3412 5589 3457 5622 ⁸³
3483 5586 3574 5658 τὴν
3632 5580 3756 5638 dele-

2042 5725 2269 5783 NOTAE.

605 5814 716 5888 (οε)
750 5815 822 5871 De
862 5817 964 5871 hoc
996 5819 1206 5888 Eunap.
1235 5827 1287 5872 et
1324 5815 1477 5872 Suid.
1516 5820 1834 5875 meminere.
