4022 6436
270 340 353 404 709
1197 329 1561 389 BIBLIOTH
1573 328 1730 387 ECA.
1768 352 1837 361 -
1863 327 2025 388 COD.
2052 327 2541 388 CCXV-CCXVII

3370 324 3476 388 710

264 454 329 507 ἔτι
349 448 489 516 ἕτερα
514 442 556 508 ζ’
576 440 759 513 ἀνδρός
783 457 841 494 τε
862 440 953 495 τοῦ
984 442 1148 496 αὑτοῦ
1177 445 1271 497 καὶ
1294 447 1376 509 είς
1406 445 1785 516 παραπλήσιον

1910 443 2103 513 iliaque
2135 455 2397 515 praeterea
2421 453 2651 514 septem,
2682 446 2871 499 eadem
2905 457 3042 513 pene
3074 442 3245 496 forma
3278 442 3347 496 ab
3383 458 3476 496 en-

262 536 607 609 έξενηνεγμένα
620 533 665 566 ⁸⁸
690 532 877 588 τύπον.

296 627 618 700 Ὀρσιᾶισίσυ
660 624 941 750 Ἐπιτοιᾶἡ
970 626 1078 713 τοᾷ
1115 627 1405 696 Γαληνοῦ
1429 628 1579 697 πρὸς
1602 631 1753 683 Ἰου-

917 713 1111 750 mror.

917 717 933 749 ι
939 713 1111 752 ανον.

319 793 374 845 Ἥ
418 790 509 859 μὲν
549 787 641 841 οὖν
674 788 865 860 πρώτη
911 790 1115 861 σπουδὴ
1157 790 1234 862 τῷ
1282 792 1456 862 ἀνδρὶ,
1489 792 1525 846 ἀ
1552 791 1791 862 Γαληνὸς

256 886 335 957 μὲν
355 880 574 951 ἔγραψεν
595 882 623 933 ό
652 880 854 951 ἰατρὸς,
887 880 1196 951 συντέμνει,
1216 883 1490 954 Ἰουλιανῷ
1510 884 1567 937 δὲ
1591 884 1668 955 τῷ
1688 883 1790 954 τῆς

253 976 488 1037 εὐσεϐείας
536 974 820 1046 ἀποστάτῃ
863 974 1202 1046 ἀναγράφειο
1250 977 1285 1049 ἢ
1336 980 1429 1031 κα¹ι
1482 977 1790 1050 ἀπάρχεται

251 1069 409 1129 οὕτως*

305 1178 322 1210 ι
351 1154 672 1210 Κελεύσαντί
696 1174 801 1223 σοι,
846 1158 1092 1215 θειότατε
1137 1160 1477 1233 αὐτοκράτορ
1511 1161 1788 1229 Ἰουλιανὲ,

253 1253 343 1315 τοὺς
366 1248 438 1319 τῷ
467 1250 759 1321 θαυμασίῳ
786 1251 1013 1325 Γαληνῷ
1042 1254 1344 1326 χρησίμους
1375 1256 1455 1319 είς
1484 1257 1583 1325 τὴν
1616 1258 1790 1327 ίατριν

258 1345 323 1412 τὴν
367 1342 552 1412 τέχνην
602 1343 1025 1413 γεγραμμένους
1080 1343 1271 1413 λόγους
1326 1343 1667 1414 συντεμεῖν¹⁵⁶
1710 1346 1792 1409 είς

254 1436 424 1490 ἔλαττον
444 1473 459 1498 ,
495 1434 793 1505 προθύμως
822 1437 1135 1507 ὑπήκουσα.
1164 1437 1290 1501 Τοῖς
1320 1454 1379 1490 τε
1407 1438 1514 1508 γὰρ
1548 1438 1792 1508 μετιέναι

251 1526 319 1597 τὴν
338 1522 516 1595 τέχνην
548 1524 755 1595 ταύτην
788 1526 1248 1596 προαιρουμένοις
1268 1566 1281 1589 ,
1310 1525 1385 1589 ὡς
1411 1527 1576 1591 αὐτός
1602 1545 1791 1597 φησιν,

249 1618 339 1672 οὔτε
363 1616 413 1671 δὲ
452 1616 669 1688 φύσεως
704 1618 1024 1690 ἐπιτηδείως
1045 1619 1113 1685 ⁸⁷,
1131 1618 1245 1673 οὔθ’
1274 1619 1490 1690 ἡλικίας
1518 1620 1794 1690 ἁρμοζού-

249 1726 322 1779 σης
336 1708 675 1777 τετυχηκόσι,
704 1708 967 1772 πολλάκις
989 1710 1047 1763 δὲ
1070 1710 1191 1764 οὐδὲ
1217 1709 1326 1763 τῶν
1354 1710 1586 1781 πρώτων
1612 1711 1792 1781 μαθη-

1893 537 2014 589 dem
2052 536 2219 590 edita.

1894 626 2132 682 Oribasii
2169 628 2359 681 medici
2417 626 2604 708 Caleni
2654 628 3029 693 Compendium
3075 631 3143 680 ad
3194 624 3476 680 lulianum

2518 710 2883 765 tmperatorem
2894 738 2908 752 .

1965 787 2155 845 Priore
2175 806 2305 859 ergo
2336 790 2635 853 volumine,
2672 805 2792 859 quae
2817 790 3053 843 Galenus
3082 788 3326 844 medicus
3347 803 3478 844 con-

1893 885 2208 952 scripserat,
2247 897 2310 936 ea
2349 883 2438 937 hic
2488 882 2541 934 in
2579 883 2960 950 compendium
2998 881 3214 950 redigit.
3258 880 3473 934 Juliauo

1892 986 2071 1031 autem
2099 975 2424 1029 Christiana:
2448 974 2727 1045 religionis
2751 973 3015 1028 desertori
3060 974 3205 1029 hunc
3230 974 3472 1029 laborem

1893 1065 2193 1134 inscripsit,
2216 1065 2320 1119 hoc
2361 1063 2474 1118 fere
2500 1080 2629 1117 usus
2662 1064 2932 1132 principio
2962 1082 2975 1117 :

1969 1175 1989 1208 σ
2024 1156 2217 1213 Jussus
2244 1174 2272 1209 a
2309 1167 2381 1221 te,
2409 1154 2760 1211 diveJuliane
2794 1156 3113 1223 imperator,
3148 1152 3335 1208 Galeni
3374 1152 3477 1207 hu-

1892 1252 2055 1307 minis
2096 1249 2396 1305 admirandi
2430 1249 2693 1318 perutiles
2728 1246 2923 1318 174a
2968 1248 3033 1301 de
3088 1262 3147 1301 re
3181 1248 3385 1301 medica
3424 1246 3482 1297 li-

1893 1344 2020 1400 bros
2049 1341 2117 1397 ad
2147 1341 2406 1412 pauciora
2440 1340 2709 1407 redigere,
2761 1339 2994 1394 libenter
3039 1352 3174 1393 sane
3213 1337 3478 1391 voluntati

1896 1446 2001 1492 tute
2044 1451 2165 1492 sum
2192 1435 2511 1489 obsecutus.
2546 1433 2617 1487 Iis
2655 1433 2800 1487 enim
2847 1434 2938 1503 qui
2977 1434 3043 1486 ad
3079 1433 3223 1487 hanc
3251 1447 3371 1486 sese
3396 1448 3481 1485 nr-

1896 1543 2003 1587 tem
2044 1531 2322 1601 applicare
2358 1532 2565 1596 volent,
2609 1531 2691 1600 (ut
2726 1531 2841 1599 ipse
2878 1530 3001 1600 ait),
3046 1540 3101 1583 et
3142 1539 3331 1582 natura
3370 1529 3480 1580 I'or-

1896 1627 2035 1682 sitan
2070 1626 2461 1689 destituuntur,
2494 1639 2670 1693 neque
2702 1634 2883 1692 aptam
2913 1631 3038 1677 sunt
3065 1621 3204 1676 nacti
3239 1631 3475 1682 :etatetn,

1897 1734 1963 1773 ne
1994 1717 2268 1787 prioribus
2295 1716 2513 1787 quidem
2542 1728 2916 1785 saepenumero
2949 1712 3255 1781 disciplinis
3278 1711 3479 1765 initiati

249 1800 394 1873 μάτων
420 1799 773 1872 ἀρξαμένοις,
808 1803 904 1855 καὶ
949 1802 1038 1855 διὰ
1080 1802 1259 1857 ταῦτα
1300 1804 1579 1867 ἀδυνάτως
1609 1803 1793 1874 ἔχουσι

1910 1808 1978 1878 ξιιι
2011 1808 2080 1861 ob
2110 1821 2203 1861 eas
2233 1820 2429 1860 causas
2461 1804 2635 1858 libros
2678 1802 2798 1857 illos
2826 1802 3061 1855 fusiores
3094 1800 3341 1854 ediscere
3381 1815 3480 1851 nc-

245 1897 340 1957 τοὺς
366 1894 497 1947 κατά
522 1893 759 1961 διέξοδον
803 1894 997 1963 λόγους
1044 1894 1430 1965 ἐκμανθάνειν,
1464 1895 1693 1967 ἀρκέσει
1724 1896 1793 1949 τὰ

245 1986 316 2040 νῦν
347 1985 737 2057 γραφησόμενα
756 2028 770 2051 ,
803 1988 997 2059 χρόνου
1044 2004 1103 2040 τε
1157 1987 1497 2057 βραχυτέρου
1528 1988 1664 2059 πρὸς
1694 1988 1793 2059 τὴν

244 2078 505 2148 ὲκμὰθησιν
528 2076 826 2148 χρῄζοντα,
859 2080 955 2131 καὶ
982 2077 1080 2149 τὴν
1112 2080 1298 2150 νόησιν
1330 2080 1728 2152 εύπετεστέραν
1748 2082 1793 2113 ⁸⁸

242 2171 394 2235 ἕξοντα
420 2171 495 2242 τῷ
514 2172 613 2241 τὴν
641 2172 958 2241 συναίρεσιν
984 2174 1065 2236 εἰς
1094 2172 1461 2243 βραχυλογίαν
1487 2174 1586 2226 οὐκ
1608 2174 1792 2244 ἀσαφῆ

242 2262 550 2332 γενήσεσθαι.
577 2262 709 2325 Τοῖς
753 2280 811 2315 τε
828 2263 871 2295 ⁴⁵⁹
917 2264 975 2315 ὲν
1009 2263 1337 2334 προπαιδεία
1383 2263 1792 2332 γεγενημένοις,

238 2355 312 2407 καὶ
340 2356 463 2425 μήτε
500 2354 603 2406 ὑπὸ
644 2354 860 2422 φύσεως
906 2356 1046 2425 μήτε
1097 2354 1316 2423 ἡλικίας
1368 2354 1661 2407 κωλυθεῐσι
1705 2372 1793 2408 τε·

238 2450 378 2513 λείαις
417 2449 727 2520 χρήσεσθαι
778 2452 898 2512 ταῖς
947 2448 1342 2513 διδασκαλίαις,
1374 2448 1607 2519 ἁρμόζοι
1648 2448 1714 2502 ἂν
1758 2450 1793 2520 ἡ

236 2539 421 2613 τοιαύτη
453 2540 683 2611 σύνοψις
714 2542 799 2594 ἐπ’
822 2540 1136 2595 αὐτῶντῶν
1168 2540 1345 2612 ἔργων
1366 2542 1463 2611 τῆς
1489 2542 1587 2611 μὲν
1610 2542 1796 2613 χρείας

239 2633 548 2703 ἐπαιγούσης,
583 2636 650 2686 ὲν
682 2634 877 2705 βραχεῖ
900 2634 955 2686 δὲ
985 2633 1082 2704 τῆς
1106 2632 1465 2703 ἀναμνήσεως
1492 2631 1600 2685 τῶν
1629 2635 1797 2701 ἀναγ-

237 2727 501 2780 καιοτάτων
523 2726 851 2796 γενομένης.
888 2746 906 2779 ι
1220 2726 1229 2735 ’

290 2820 429 2872 Οὕτω
459 2819 555 2889 μὲν
603 2822 637 2873 ὁ
660 2819 1001 2890 Ὀρειὸάσιος
1036 2820 1093 2871 ὲν
1130 2817 1303 2889 ταύτῃ
1333 2820 1399 2889 τῇ
1443 2816 1801 2889 πραγματείᾳ

236 2911 647 2983 προοιμιάζεται,
674 2912 1046 2983 ὑποσχόμενος
1074 2913 1259 2965 ἐκεῖνα
1284 2912 1420 2980 μόνα
1446 2914 1796 2980 συναγαγεῖν,

236 3002 264 3055 ἃ
284 3002 377 3055 τῶν
399 3003 748 3073 ἀρεσκόντων
781 3004 897 3056 ἐστὶ
925 3002 1002 3073 τῷ
1026 3003 1180 3073 ἀνδρὶ
1209 3004 1303 3055 καὶ
1331 3003 1467 3074 πρὸς
1498 3003 1597 3075 τὴν
1627 3005 1801 3075 ἰατρι-

240 3093 322 3162 κὴν
343 3095 514 3165 ἀφορᾷ
544 3095 751 3165 τέχνην
793 3111 855 3146 τε
901 3096 996 3147 καὶ
1025 3094 1126 3161 τῆς
1157 3094 1355 3163 τέχνης
1402 3094 1797 3165 μεταχείρισιν.

239 3185 510 3257 Πεπόνηται
539 3186 606 3240 δὲ
640 3185 789 3258 αὐτῷ
816 3188 851 3257 ή
884 3186 1109 3256 τοιαύτη
1143 3185 1346 3256 σπουδὴ
1378 3188 1435 3239 ἐν
1464 3186 1735 3256 λόγοις....

920 3278 1065 3331 Σ1Ζ’.

238 3361 331 3417 Τοῦ
375 3364 556 3420 αὑτοῦ
590 3369 972 3438 Πραγματειά
1012 3370 1083 3423 ἐν
1122 3371 1325 3442 λόγοις
1361 3370 1797 3441 ἐϐδομήκοντα.

300 3455 357 3510 Ἦ
384 3457 437 3512 δὲ
458 3459 697 3532 δευτέρα
729 3462 1088 3533 πραγματεία
1106 3463 1381 3535 Ἰουλιανῷ
1410 3465 1510 3536 μὲν
1540 3466 1634 3518 καὶ⁹
1661 3464 1801 3535 αὐτὴ

232 3548 311 3620 τὴν
340 3553 727 3625 προσφώνησιν
761 3557 1018 3621 ποιεῖται,
1046 3556 1105 3608 ὲν
1137 3556 1238 3608 ο¹⁸⁰
1271 3556 1329 3609 δὲ
1364 3557 1682 3627 περαίνεται
1712 3555 1801 3608 λό-

232 3658 346 3709 γοις,
372 3647 463 3698 καὶ
488 3646 549 3699 τὸ
578 3649 854 3719 χρήσιμον
879 3648 981 3702 οὐκ
1010 3647 1257 3715 ἔλαττον,
1292 3649 1432 3704 ἀλλά
1471 3650 1565 3704 καὶ
1598 3650 1800 3720 μᾶλλον

235 3733 259 3802 ἢ
282 3739 313 3804 ἡ
334 3740 571 3810 προτέρα
602 3740 697 3793 τοῦ
724 3740 1056 3812 πολυστίχου
1092 3742 1414 3813 παρέχεται.
1445 3741 1805 3813 Προοιμιάζε-

232 3842 304 3879 ται
349 3828 403 3881 δὲ
448 3835 542 3883 καὶ
581 3833 721 3906 αὕτη
764 3834 955 3888 τοῦτον
1003 3835 1097 3889 τὸν
1141 3838 1344 3907 τρόπον
1374 3851 1392 3869 ⁶

288 3915 306 3987 Ῐ
311 3918 401 3973 557
418 3918 509 3993 R.]
536 3942 554 3971 ι
568 3922 683 3986 Τὰς
699 3926 1407 3998 προσταχθείσαςὲπιτομὰς
1425 3927 1687 4000 Μράτῆς
1704 3928 1803 3998 σῆς

233 4008 497 4083 θειότητος,
532 4016 881 4087 αὐτοκράτορ
907 4019 1186 4085 Ἰουλιανὲ,
1202 4022 1487 4093 πρότερον,
1511 4022 1677 4090 ἡνίκα
1697 4022 1805 4075 διε-

234 4103 456 4177 τρίῦομεν
480 4109 539 4162 ὲν
570 4109 810 4181 Γαλατία
830 4114 899 4184 τῇ
941 4113 1078 4185 πρὸς
1104 4114 1364 4185 ἑσπέραν,
1395 4116 1476 4179 είς
1498 4115 1649 4179 τέλος
1665 4116 1805 4186 ἤγα-

232 4211 310 4263 γον
327 4199 499 4264 καθὼς
510 4201 842 4274 ἠϐουλήθης,
862 4204 1091 4269 ἀςτινας
1108 4207 1172 4260 ὲκ
1190 4207 1365 4277 μόνων
1382 4210 1491 4265 τῶν
1512 4210 1616 4263 ὑπὸ
1631 4210 1807 4282 Γαλη-

233 4285 306 4339 νοῦ
325 4291 638 4360 γραφέντων
662 4294 1028 4367 ἐποιησάμην.
1047 4296 1269 4368 Ἐπειδὴ
1288 4298 1344 4351 δὲ
1360 4300 1657 4364 ἐπαινέσας
1676 4299 1809 4353 ταύ-

231 4392 313 4439 τας
339 4379 594 4451 δευτέραν
612 4383 883 4450 ἐπέταξας
916 4387 1139 4456 πρᾶξιν,
1178 4388 1395 4442 πάντων
1427 4388 1536 4443 τῶν
1566 4390 1806 4460 ἀρίστων

232 4470 414 4541 ἀνδρῶν
460 4475 882 4546 ἀναζητήσαντά
934 4496 1004 4549 με
1049 4481 1119 4535 τά
1163 4483 1507 4555 καιριώτατα
1565 4500 1805 4552 συναγα-

232 4565 379 4626 γείν⁶¹
411 4568 506 4621 καὶ
534 4569 715 4623 πάντα
744 4570 848 4624 ὅσα
882 4574 1212 4644 χρησιμεύει
1238 4576 1377 4646 πρὸς
1406 4576 1468 4630 τὸ
1496 4576 1628 4631 αὐτὸ
1651 4577 1805 4641 τέλος

230 4657 316 4725 τῆς
362 4659 635 4731 ίατρικῆς,
676 4661 963 4717 καὶτοῦτο
992 4667 1257 4738 πράττειν
1290 4669 1368 4732 ὡς
1413 4664 1527 4732 οἶός
1575 4669 1635 4722 τέ
1684 4672 1801 4739 είμι

232 4747 505 4820 προθύμως
543 4751 839 4821 διέγνωκα.
874 4755 1139 4828 Περιττὸν
1177 4757 1235 4811 δὲ
1279 4759 1504 4829 νομίσας
1541 4754 1679 4812 εἶναι
1707 4760 1806 4813 καὶ

234 4842 487 4907 παντελῶς
520 4842 717 4915 εὔηθες
747 4846 809 4899 τὸ
834 4848 1135 4919 ἐγγράφειν
1159 4850 1230 4903 τά
1258 4850 1399 4904 αύτά
1423 4850 1684 4915 πολλάκις
1708 4853 1804 4904 καὶ

232 4930 326 4985 τῶν
372 4934 568 5006 ἄριστα
618 4939 1053 5009 συγγραψάντων
1104 4940 1201 4995 καὶ
1252 4943 1362 4995 τῶν
1408 4942 1483 5014 μὴ
1512 4943 1715 5014 ὁμοίως
1738 4943 1800 4997 τὸ

234 5024 437 5095 ἀκριϐὲς
467 5032 1005 5103 ὲξεργασαμένων⁵⁸,
1058 5034 1196 5105 μόνα
1234 5036 1304 5090 τὰ
1334 5038 1443 5089 τῶν
1471 5037 1695 5107 ἄμεινον
1724 5037 1801 5088 εί-

235 5115 422 5176 πόντων
448 5125 685 5191 συνάξω,
717 5125 885 5197 μηδὲν
916 5118 993 5180 ὧν
1025 5125 1268 5197 Γαληνὸς
1292 5122 1415 5181 εἷπε
1448 5125 1799 5199 παραλιπὼν,

236 5210 402 5266 καθότι
447 5217 554 5271 τῶν
602 5219 1037 5289 συγγραψάντων
1087 5220 1350 5273 ἁπάντων
1393 5222 1473 5284 είς
1502 5220 1603 5284 τὰς
1631 5219 1802 5283 αύτάς

238 5300 497 5371 ὑποθέσεις
523 5308 684 5373 αὐτὸς
712 5313 926 5382 κρατεῖ,
961 5310 1208 5382 μεθόδοις
1248 5310 1345 5365 καὶ
1368 5310 1671 5383 διορισμοῖς
1692 5312 1806 5374 τοῖς

1895 1903 2119 1969 queant)
2163 1898 2437 1954 sullicient
2490 1912 2611 1965 qua:
2656 1896 2769 1965 jam
2824 1894 3135 1949 scribentur
3190 1911 3203 1947 :
3248 1909 3369 1945 eum
3425 1901 3483 1945 et

1897 2003 2140 2061 tempore
2168 2001 2365 2062 egeant
2391 1992 2456 2044 ad
2484 1988 2832 2045 ediscendum
2870 1986 3140 2048 breviore,
3175 1996 3228 2039 et
3257 1999 3480 2040 sensum

1897 2085 2153 2140 habitura
2190 2086 2300 2139 sint
2353 2083 2696 2148 faciliorem;
2728 2082 2948 2151 quando
3006 2079 3057 2131 in
3110 2093 3279 2146 pauca
3317 2076 3481 2129 verba

1898 2179 2002 2233 boc
2025 2178 2407 2247 compendium
2435 2176 2603 2229 vitata
2631 2173 2848 2228 interim
2875 2169 3239 2233 obscuritate,
3270 2167 3484 2236 redige-

1900 2282 2005 2324 tur.
2043 2270 2139 2323 His
2168 2284 2297 2324 vero
2326 2269 2417 2338 qui
2464 2266 2900 2339 praecedentibus
2939 2262 3266 2318 medicinam
3305 2260 3485 2314 scien-

1900 2362 1992 2415 tiis
2018 2360 2246 2422 exculti,
2290 2374 2469 2427 neque
2495 2372 2593 2427 per
2618 2368 2897 2420 naturam,
2934 2368 3112 2423 neque
3146 2366 3245 2421 per
3262 2358 3483 2406 aetatem

1898 2454 2257 2525 prohibentur
2281 2435 2703 2523 'perl'ectioribus
2730 2451 2818 2504 hic
2840 2446 3007 2503 imbui
3028 2445 3339 2515 praeceptis,
3369 2443 3486 2496 haec

1898 2565 2115 2621 quoque
2163 2550 2416 2621 synopsis
2444 2545 2733 2601 conveniet
2770 2561 2784 2597 :
2812 2559 2935 2598 cum
2966 2540 3202 2594 maxime
3233 2550 3488 2592 necessa-

1902 2645 1978 2698 ria
2011 2658 2239 2713 quaeque
2290 2641 2527 2696 breviter
2554 2640 2622 2693 iis
2663 2648 3027 2707 suggerentur
3068 2644 3218 2697 tune,
3263 2629 3485 2702 quando

1900 2737 1954 2791 in
1984 2736 2102 2805 ipso
2128 2733 2354 2788 curandi
2394 2748 2558 2801 opere
2586 2729 2799 2797 urgebit
2828 2727 3152 2783 necessitas.
3190 2746 3209 2779 ι

1972 2827 2067 2883 Sic
2102 2827 2268 2898 igitur
2312 2825 2593 2882 Oribasius
2623 2824 2675 2877 in
2719 2824 2822 2877 bne
2866 2835 3033 2891 opere
3072 2817 3352 2889 praefatus,
3394 2816 3488 2871 illa

1900 2923 2076 2978 solum
2118 2921 2406 2993 pollicetur
2436 2917 2796 2972 collecturunt
2844 2927 2924 2979 se,
2965 2928 3086 2983 quae
3133 2910 3342 2966 Galeno
3372 2909 3491 2980 pla-

1901 3013 2167 3076 cuissent,
2203 3023 2433 3079 quaeque
2483 3007 2550 3060 ad
2589 3005 2854 3059 medicam
2888 3011 3088 3067 artem,
3138 3012 3193 3055 et
3222 3000 3341 3069 ejus
3370 3008 3491 3051 tra-

1904 3102 2200 3155 ctationem
2248 3099 2513 3151 lacerent.
2552 3082 2802 3149 Absolvit
2848 3100 3031 3146 autem
3077 3087 3209 3145 illud
3254 3103 3393 3159 opus
3423 3087 3494 3142 li-

1905 3194 2061 3249 bris.
2098 3235 2111 3249 .
2145 3232 2159 3246 .

2558 3280 2814 3336 CCXVII.

1927 3373 2187 3444 Ejusdem
2213 3372 2617 3427 Medisinalium
2655 3372 2767 3442 (25)
2795 3372 3145 3427 collectorum
3182 3371 3308 3425 libri
3332 3387 3463 3427 LXX.

1971 3467 2216 3522 Alterum
2264 3481 2480 3537 quoque.
2528 3481 2668 3535 opus
2707 3467 2882 3521 eidem
2912 3465 3131 3521 Juliano
3178 3465 3491 3520 dedicatum

1902 3560 2246 3629 septuaginta
2293 3557 2450 3615 libris
2484 3557 2789 3613 absolvitur
2823 3577 2837 3613 :
2872 3560 3042 3613 niltilo
3071 3560 3288 3613 interim
3322 3557 3499 3612 mino-

1905 3666 2042 3716 rem,
2074 3666 2238 3721 quam
2271 3651 2403 3705 illud
2436 3653 2611 3721 prius,
2640 3653 2735 3707 sed
2784 3652 3044 3719 majorem
3080 3653 3259 3719 potius
3286 3651 3498 3705 utilita-

1905 3754 2013 3798 tem
2047 3759 2143 3798 sua
2173 3743 2314 3799 mole
2336 3743 2595 3801 aﬂerens.
2621 3743 2752 3813 Ejus
2775 3754 2956 3799 autem
2982 3744 3331 3814 proloquium
3351 3744 3497 3799 hunc

1905 3838 1959 3893 itt
2002 3838 2220 3891 modum
2257 3836 2566 3892 instituitur
2606 3856 2620 3893 :

1981 3932 2315 4001 «Epitomas,
2371 3946 2508 4001 quas
2552 3941 2610 3986 tu
2651 3932 2803 3997 olim,
2852 3933 2974 3987 dive
3018 3929 3231 3986 Juliane
3285 3928 3495 3993 Carnar,

1906 4024 2036 4079 mihi
2096 4024 2469 4081 conﬁciendas
2518 4026 2898 4091 mandaveras,
2926 4026 3037 4094 jam
3098 4025 3307 4092 pridem
3341 4027 3494 4094 (eum

1908 4116 1960 4171 in
2017 4116 2255 4172 Occidua
2316 4117 2495 4174 Gallia
2531 4120 3009 4187 versaremur)ad
3064 4117 3251 4185 linem,
3306 4130 3499 4185 quem-

1907 4208 2198 4264 admodum
2249 4218 2305 4263 tu
2339 4210 2581 4275 voluisti,
2631 4211 3104 4278 perduximus:et
3146 4224 3241 4263 eas
3276 4209 3496 4279 quidem

1908 4313 1976 4352 ex
2007 4297 2075 4352 iis
2102 4297 2233 4353 solis
2274 4296 2575 4363 confectas,
2619 4312 2741 4367 quae
2773 4298 3013 4353 Galenus
3049 4297 3495 4363 conscripsisset.

1911 4388 2110 4443 Verum
2168 4389 2260 4443 ubi
2321 4398 2373 4443 tu
2437 4388 2505 4443 iis
2568 4389 2799 4443 laudatis
2861 4390 3093 4445 alterum
3156 4390 3285 4443 mihi
3348 4387 3499 4443 labo-

1912 4496 2025 4536 rem
2080 4481 2401 4550 adiunxisti,
2454 4489 2513 4534 ut
2570 4480 2885 4550 perquisitis
2928 4479 3182 4534 omnibus
3228 4495 3350 4549 qua:
3386 4494 3501 4533 me-

1909 4572 2016 4627 dici
2049 4572 2486 4642 praestantissimi
2550 4573 2786 4626 maxime
2840 4581 3148 4641 opportuna
3198 4570 3496 4633 dixissent,

1905 4673 1959 4719 et
2007 4679 2341 4734 quaecunque
2372 4665 2438 4719 ad
2493 4666 2743 4719 eumdem
2799 4664 2944 4718 hunc
3002 4663 3287 4717 medicinae
3336 4662 3497 4717 linem

1905 4757 2264 4827 pertinerent,
2317 4772 2484 4812 unum
2530 4757 2584 4811 in
2610 4757 2863 4811 volumen
2902 4757 3230 4826 redigerem.
3264 4755 3321 4809 Id
3354 4769 3498 4824 quo-

1904 4866 2011 4921 que
2071 4865 2173 4920 ego
2217 4865 2316 4921 pro
2368 4850 2512 4905 virili
2567 4860 2747 4920 parte,
2796 4858 2851 4905 et
2893 4856 3147 4920 prompto
3190 4848 3373 4902 animo
3410 4847 3499 4901 fa-

1906 4958 2033 4997 cere
2082 4943 2317 4998 decrevi.
2385 4942 2865 5014 Supervacaneum
2930 4944 3117 5013 igitur,
3169 4950 3224 4995 et
3271 4938 3498 4994 omnino

1908 5035 2151 5105 ineptum
2183 5036 2478 5091 arbitratus
2518 5039 2710 5091 eadem
2768 5049 2911 5103 sirpe
2940 5035 3204 5099 scribere,
3232 5033 3348 5088 sive
3374 5044 3497 5100 qua:

1907 5126 1977 5183 ab
2032 5128 2253 5197 optimis
2308 5127 2555 5191 medicis,
2595 5128 2711 5183 sive
2753 5142 2874 5197 quae
2903 5128 2971 5181 ab
3013 5127 3080 5182 iis
3117 5126 3209 5191 qui
3265 5138 3369 5177 non
3421 5122 3494 5176 ita

1910 5220 2196 5289 diligenter
2265 5234 2351 5275 res
2404 5230 2799 5285 tractaverunt,
2858 5221 3062 5288 scripta
3126 5217 3361 5270 fuerint:
3429 5230 3494 5270 ea

1914 5312 2085 5366 solum
2136 5311 2412 5383 colligam,
2482 5327 2603 5383 qua:
2684 5311 2840 5367 nobis
2910 5311 3245 5379 reliquerunt
3306 5309 3342 5364 ii
3400 5310 3495 5380 qui

1494 5423 1731 5479 VARUE
1764 5424 2174 5481 LECTIONES.

299 5539 341 5573 “
357 5542 776 5621 ἐξενηνεγμένην
809 5547 874 5603 A.
938 5547 997 5621 ξ’
1029 5547 1304 5621 συντελεῖν
1333 5564 1394 5615 ς.
1421 5546 1901 5621 -ᾲδτμ-ὲπιτηδείως]
1932 5550 2039 5621 imo
2053 5548 2385 5621 ἐπιτηδείας.
2422 5620 2425 5621 ν
2462 5549 2508 5580 ⁵⁸
2535 5546 2988 5621 εὐπρεπεστέραν
3004 5562 3076 5621 Ag,
3107 5543 3250 5597 unde
3271 5541 3488 5621 βοέου-

240 5605 859 5689 Μουεὶύτρεπὲστέραν.
935 5618 980 5650 ⁸³
1002 5634 1061 5671 τε
1084 5622 1124 5671 Α
1154 5636 1167 5671 :
1192 5618 1249 5671 δέ
1280 5605 1361 5682 ςῘ
1419 5618 1465 5649 ⁸⁰
1480 5615 1545 5689 οῚ
1571 5618 1647 5688 οβ’
1676 5605 1968 5675 Ξυίιιοῖν.
1988 5605 2360 5691 Ὀρειϐὀίσιοςί
2416 5620 2458 5653 ³¹
2493 5605 2746 5689 συνάγειν
2781 5636 2841 5683 ς.
2884 5605 2896 5619 ’
2918 5618 2965 5649 ⁵⁸
3000 5605 3393 5686 ἐργασαμένων
3422 5630 3487 5675 ς,

1731 5708 1965 5767 NOTAE.

305 5797 410 5871 (εδ)
440 5798 513 5855 lla
547 5804 637 5859 hic
670 5803 863 5861 titulus
892 5803 945 5857 in
974 5785 1138 5860 editis
1162 5802 1363 5873 legitur
1394 5803 1568 5859 libris.
