4022 6440
558 316 661 382 ’111
1731 309 1993 372 ΡΗΟΤΙΙ
2033 308 2146 370 PM

2193 307 2536 369 RIARCH/E
2574 309 2682 369 (ΞΡ.
3692 318 3781 379 712

559 428 772 484 ceteris
808 427 1199 498 praestiterunt,
1235 424 1370 479 nihil
1425 439 1612 480 eorum
1651 421 1976 487 omittendo,
2016 435 2138 491 qua:

2194 420 2659 493 ιὰκριόεστάτοις
2728 417 3011 489 χρώμενος
3036 456 3051 482 ,
3097 416 3193 470 ἅτε
3244 420 3360 479 ταῖς
3397 404 3782 494 Ἱπποκρατείοις

558 521 802 577 Galenus
854 520 1093 583 dixerit;
1144 518 1186 573 si
1223 517 1441 588 quidem
1495 516 1731 579 caeteris,
1789 515 1883 584 qui
1929 514 2146 569 easdem

2247 514 2442 583 ἀρχαῖς
2476 512 2571 565 καὶ
2614 510 2794 577 δῗξαις
2823 508 3215 576 ὲξακολουθῶν.
3251 510 3534 581 Χρήσομαι
3574 514 3626 567 δὲ
3673 520 3786 571 κάν-

560 598 1190 684 ταδ’ρονιτοοιανοιιυιιι,
1239 610 1443 679 optima
1502 608 1639 678 ipse,
1688 617 1742 661 et
1798 607 1884 661 via
1940 620 2007 660 ac
2062 620 2148 659 ra-

2246 600 2422 655 ταῦθα
2458 600 2684 673 τοιαύτῃ
2730 599 2901 663 τάξει.
2942 600 3166 670 Πρῶτον
3218 599 3314 668 μὲν
3365 600 3570 664 συνάξω
3602 603 3666 656 τὰ
3707 609 3786 660 τοῦ

560 709 725 772 tione,
768 717 823 761 et
862 705 1209 760 distinctione
1263 702 1526 767 adhibita,
1562 700 1821 755 omnibus
1858 696 2148 763 antecellit,

2249 691 2434 746 ὑλικοῦ
2463 693 2683 764 μέρους,
2706 690 2825 746 εἶτα
2850 694 2951 745 ὅσα
2980 693 3103 761 περὶ
3129 690 3341 759 φύσεως
3366 692 3460 745 καὶ
3480 700 3789 768 κατασκευῆς

561 812 618 855 ut
686 801 775 867 qui
854 798 1119 867 principia
1205 806 1260 851 et
1323 793 1517 866 1741)
1579 792 1885 848 sententias
1957 789 2149 859 Hippo-

2249 784 2465 856 εἴρηται
2487 784 2801 856 ἀνθρώπου,
2838 784 2961 854 μεθ’
2991 784 3027 837 ἃ
3058 784 3127 837 τὰ
3159 784 3257 852 τῆς
3286 785 3523 855 ὑγιεινῆς
3560 790 3645 841 καὶ
3682 789 3792 842 ἀνα·

560 891 727 943 cratis
769 888 986 941 assidue
1050 895 1418 940 consectetur.
1472 882 1587 953 Ego
1647 896 1777 937 vero
1828 881 1920 937 hic
1961 880 2146 950 hujus-

2250 880 2524 949 ληπτικῆς
2552 879 2959 951 πραγματείας,
2993 876 3132 947 μετὰ
3156 876 3327 929 ταῦτα
3350 878 3450 930 ὅσα
3477 879 3573 949 τῆς
3598 880 3795 950 διαγνω-

564 983 704 1035 modi
774 994 895 1033 utar
935 980 1144 1033 ordine.
1197 977 1449 1047 Inprimis
1508 976 1759 1047 colligam
1792 989 1855 1029 ea
1903 987 2023 1043 qua:
2078 973 2145 1027 ad

2252 973 2445 1041 στικῆς
2477 973 2569 1025 καὶ
2598 972 3015 1040 προγνωστικῆς
3048 969 3233 1040 ἔχεται
3260 969 3512 1041 θεωρίας,
3543 972 3619 1040 ἐφ’
3644 969 3716 1037 οἷς
3741 977 3795 1028 τὰ

562 1084 769 1145 partem
812 1072 1144 1125 materialem
1184 1081 1451 1139 spectant,
1501 1071 1694 1124 deinde
1737 1083 1855 1137 qua:
1919 1068 1984 1119 de
2046 1067 2145 1120 ho-

2254 1081 2321 1117 πε
2332 1066 2383 1133 pi.
2414 1066 2737 1134 νοσημάτων
2762 1064 2855 1117 καὶ
2886 1063 3311 1133 συμπτωμάτων
3339 1064 3433 1117 καὶ
3452 1063 3582 1129 ὅλως
3599 1064 3690 1135 τῆς
3705 1067 3797 1119 τῶν

560 1168 725 1221 minis
778 1175 974 1219 natura
1019 1172 1184 1233 atque
1256 1164 1461 1217 fabrica
1530 1164 1670 1215 dicta
1733 1172 1891 1225 sunt;
1922 1169 2033 1213 tum
2084 1158 2148 1213 de

1539 1164 1670 1215 dicta
1733 1172 1891 1225 sunt;
1922 1169 2033 1213 tum
2084 1158 2151 1213 de
2256 1157 2407 1227 παρὰ
2434 1155 2596 1225 φύσιν
2624 1154 3071 1228 ἐπανορθώσεως.
3108 1174 3127 1207 ι

560 1263 756 1316 tuenda
800 1261 1055 1324 sanitate,
1090 1270 1144 1311 et
1204 1258 1513 1311 reﬁciendis
1579 1257 1898 1325 corporibus
1944 1262 2165 1322 agetur:
2227 1252 2425 1319 quibus
2486 1252 2750 1306 confectis
2801 1252 2994 1305 addam
3058 1266 3178 1320 quae
3229 1252 3295 1304 ad
3345 1250 3693 1320 dignotiouem
3757 1264 3800 1306 et

561 1355 949 1424 praenotionem
1014 1353 1317 1421 pertinent:
1374 1351 1439 1403 ad
1487 1353 1621 1417 haec,
1670 1366 1789 1417 qua:
1839 1349 1906 1403 de
1948 1346 2151 1401 morbis
2179 1346 2352 1412 deque
2406 1346 2787 1416 symptomatis
2834 1354 2960 1398 sunt
3010 1345 3289 1411 accedent,
3347 1355 3401 1399 et
3469 1344 3685 1414 denique
3752 1363 3802 1401 ea

560 1460 683 1515 quas
742 1446 923 1497 valent
979 1444 1041 1497 ad
1090 1444 1469 1513 corrigendum
1515 1458 1601 1503 ea,
1634 1457 1753 1510 qua:
1802 1448 2001 1509 prteter
2048 1447 2297 1493 naturam
2332 1448 2483 1500 sunt,
2525 1437 2984 1493 adhibebuntur.»

636 1539 747 1592 Iloc
822 1540 982 1607 igitur
1042 1540 1386 1606 proloqttium
1446 1536 1671 1591 secundi
1727 1536 1934 1603 aperis,
1994 1532 2155 1601 cujus

2325 1532 2418 1595 Ἐς
2447 1532 2694 1587 τοιοῦτον
2727 1532 2825 1603 μὲν
2854 1533 3026 1586 τύπον
3052 1534 3147 1587 καὶ
3175 1533 3460 1604 ήδευτέρα
3494 1536 3805 1605 προοιμιάζε-

566 1631 832 1701 (perinde
890 1645 953 1682 ac
1007 1630 1497 1698 pr.ecedentis)ab
1537 1643 1601 1681 eo
1650 1635 1980 1696 argumento
2057 1627 2150 1679 du-

2254 1641 2343 1679 ται
2374 1626 2766 1698 πραγματεία,
2802 1627 2897 1678 ἀπ’
2928 1627 3145 1697 ἐκείνης
3189 1627 3468 1698 ἀρχομένη
3504 1631 3599 1695 τῆς
3640 1629 3804 1682 61:00a-

564 1725 708 1776 citur
741 1723 975 1784 initium,
1046 1723 1186 1787 quod
1262 1722 1640 1774 alimentorum
1678 1720 1829 1773 nobis
1872 1718 2152 1772 facultates

2254 1734 2412 1782 σεως,
2445 1718 2696 1790 καθάπερ
2724 1720 2817 1772 καὶ
2852 1721 2883 1790 ὴ
2920 1723 3027 1789 πρὸ
3056 1721 3247 1790 αὐτῆς,
3301 1721 3334 1791 ἦ
3382 1738 3467 1784 τις
3497 1722 3596 1784 τὰς
3628 1725 3680 1774 ὲν
3703 1740 3805 1794 τρο-

564 1814 809 1883 exponit.
852 1813 1211 1883 Septuaginta
1256 1826 1384 1867 vero
1435 1814 1546 1883 (2i)
1604 1813 1775 1874 libris,
1826 1825 1944 1881 quae
1992 1825 2146 1863 rece-

2254 1816 2381 1882 φαῖς
2427 1814 2687 1884 δυνάμεις
2736 1814 3112 1867 ἀναδιδάσκει·
3146 1815 3271 1887 [287
3303 1816 3397 1887 IL]
3426 1819 3482 1868 ὲν
3507 1813 3545 1869 o'
3579 1815 3631 1870 δὲ
3658 1817 3807 1887 λόγοις

566 1919 747 1978 perat,
818 1917 1141 1975 pertractat.
1226 1907 1373 1974 Opus
1434 1908 1706 1975 equidem,
1786 1915 1840 1956 ut
1913 1915 2154 1973 tempore

2220 1942 2229 1990 ι
2257 1906 2510 1972 διέξεισιν
2538 1907 2574 1961 ἃ.
2602 1908 3023 1975 ἐπαγγέλλεται.
3065 1910 3172 1962 Καὶ
3197 1909 3431 1978 δευτέρα
3483 1909 3579 1979 μέν
3625 1911 3729 1964 ἐστι
3751 1912 3808 1981 τῷ

567 2002 859 2069 posterius,
910 2000 981 2051 ita
1034 1999 1267 2053 utilitate
1326 2000 1491 2067 prius.
1539 2000 1721 2066 Neque
1777 1998 1922 2051 enim
1969 2013 2030 2051 ea
2064 2013 2155 2049 so-

2259 2001 2459 2073 χρόνῳ,
2492 2001 2813 2072 προτερεύει
2838 2002 2895 2054 δὲ
2916 2006 2981 2073 τῇ
3014 2003 3192 2074 χρείᾳ,
3221 2002 3317 2056 ἅτε
3351 2003 3426 2073 μὴ
3461 2003 3596 2072 μόνα
3622 2004 3712 2057 ὅσα
3733 2003 3808 2057 Γα-

569 2092 703 2153 ιιιιη,
746 2106 866 2159 qua:
916 2090 1155 2145 Galenus
1207 2103 1356 2145 recte
1428 2093 1727 2144 litterarum
1786 2088 2156 2143 monumentis

2258 2090 2417 2161 ληνὸς
2448 2091 2625 2161 ὀρθῶς
2657 2091 2865 2161 ἔγραψε
2894 2092 3250 2162 περιέχουσα,
3276 2090 3416 2143 ἀλλὰ
3445 2091 3539 2142 καὶ
3574 2091 3667 2144 ὅσα
3690 2090 3808 2157 αὐτῴ

570 2182 901 2249 prodiderat,
934 2183 1193 2246 continet,
1241 2185 1335 2235 scd
1379 2184 1542 2235 etiam
1599 2197 1719 2251 quae.
1767 2181 1833 2235 ab
1866 2182 1982 2249 ipso
2022 2195 2158 2249 pm-

2265 2182 2365 2253 μὲν
2399 2185 2675 2253 παρεῖται,
2705 2182 2887 2244 ἄλλοις
2909 2182 2966 2235 δὲ
2989 2183 3069 2245 είς
3097 2180 3450 2234 διδασκαλίαν
3480 2179 3805 2249 προτέθειται.

572 2277 819 2328 terruissa
853 2274 941 2327 alii
988 2275 1245 2328 discenda
1297 2284 1715 2343 proposuerunt.
1769 2277 1847 2327 Ac
1884 2274 2013 2326 mihi
2039 2274 2160 2343 qui-

2262 2275 2371 2327 Καί
2396 2275 2461 2343 γέ
2490 2294 2577 2345 μοι
2608 2275 2750 2328 δοκῶ
2768 2276 2816 2307 ⁸³
2844 2274 3200 2345 χρησιμεύειν
3229 2274 3328 2345 τὴν
3358 2272 3591 2342 σπουδὴν
3618 2272 3806 2343 ταύτην,

572 2364 696 2415 dem
761 2378 894 2416 sane
956 2364 1103 2417 utilis
1166 2366 1253 2419 hic
1317 2366 1471 2418 labor
1523 2366 1756 2429 videtur,
1814 2364 1859 2419 si
1914 2380 2018 2418 non
2060 2379 2160 2418 ca:-

2263 2368 2350 2420 ῖνα
2403 2368 2476 2439 μὴ
2528 2367 2702 2435 λέγων
2736 2367 2927 2420 πασῶν
2956 2357 3065 2419 τῶν
3096 2367 3272 2420 ἄλλων
3303 2367 3428 2419 ὅσαι
3476 2368 3553 2427 είς
3600 2366 3809 2436 ἰατρικὴν

576 2455 711 2508 teris
752 2456 1023 2517 omnilms,
1070 2468 1333 2525 quotquot
1374 2459 1423 2510 in
1468 2460 1690 2511 medicae
1728 2458 1861 2512 artis
1902 2473 2056 2511 usum
2082 2466 2162 2511 at-

2262 2457 2453 2528 χρείαν
2484 2475 2544 2509 τε
2590 2458 2684 2510 καὶ
2715 2457 2949 2524 θεωρίαν
2991 2457 3414 2527 κατεϐλήθησαν
3454 2459 3808 2527 πραγματεῖαι,

571 2560 678 2615 que
740 2548 1254 2615 contenqilationem
1316 2551 1576 2602 hactenus
1644 2549 1820 2603 collati
1884 2560 2049 2615 sunt;
2104 2560 2159 2604 at

2263 2550 2401 2603 ἀλλὰ
2431 2551 2653 2612 πάντως
2684 2565 2747 2617 γε
2774 2548 2883 2601 τῶν
2917 2548 3179 2601 πλειόνων
3209 2547 3285 2617 τῷ
3314 2565 3378 2600 τε
3408 2546 3588 2614 σαφῶς
3601 2546 3642 2577 ⁸⁸
3666 2547 3812 2615 ἀπηγο

571 2651 717 2694 certe
764 2654 875 2707 prze
917 2644 1199 2709 plurimis;
1251 2644 1411 2712 idque
1459 2644 1541 2696 vel
1606 2659 1671 2697 eo
1734 2644 1977 2709 nomine,
2020 2644 2159 2711 quod

2264 2646 2453 2715 γέλθαι
2482 2646 2548 2698 τὰ
2580 2644 2976 2714 ἀπηγγελμένα
3000 2684 3014 2707 ,
3047 2644 3141 2696 καὶ
3170 2642 3247 2713 τῷ
3282 2641 3455 2711 μηδὲν
3489 2640 3809 2710 παραλιπεῖν,

570 2746 681 2787 non
741 2737 1028 2803 perspicue
1071 2746 1278 2787 tantum
1334 2750 1428 2788 sua
1485 2737 1683 2801 tradat,
1729 2736 1971 2804 nihilque
2028 2750 2158 2805 pra:-

2266 2740 2359 2790 καὶ
2385 2737 2463 2806 τῷ
2500 2738 2703 2804 φωναῖς
2732 2735 3011 2803 διαφόροις
3049 2735 3118 2785 τὰ
3148 2733 3320 2785 πλείω
3349 2731 3461 2786 τῶν
3493 2732 3813 2799 συντεταγμέ-

572 2824 861 2889 termittat,
908 2827 1001 2877 scd
1054 2839 1241 2878 eorum
1311 2829 1473 2879 etiam
1527 2843 1647 2895 qua:
1721 2827 1995 2895 congessit
2049 2826 2160 2894 ple-

2265 2846 2373 2881 νων
2402 2828 2654 2899 ῥηθῆναι,
2689 2827 2746 2892 ἐξ
2774 2821 2848 2880 ὧν
2879 2829 2971 2880 καὶ
2999 2828 3052 2879 εί
3077 2843 3129 2877 τι
3159 2826 3365 2893 ἀσαφὲς
3397 2827 3453 2875 ὲν
3482 2824 3681 2886 τούτοις
3711 2840 3812 2875 συν-

573 2929 743 2983 raque
778 2918 944 2970 variis
979 2919 1201 2971 vocibus
1230 2916 1547 2971 eﬂerautur.
1584 2917 1735 2974 Unde
1765 2920 1808 2972 si
1864 2919 1991 2987 quid
2024 2917 2161 2969 forte

2267 2921 2367 2991 έὸη
2416 2922 2527 2975 τινὶ
2570 2922 2824 2992 ῥηθῆναι,
2859 2921 2946 2973 διὰ
2976 2921 3076 2990 τῆς
3105 2920 3279 2974 ἄλλων
3295 2921 3340 2951 ⁸⁸
3375 2917 3710 2982 ἁναπτύξεως
3738 2931 3812 2968 σα-

572 3008 861 3061 obscurius
914 3009 1001 3062 hic
1056 3020 1138 3062 est
1196 3013 1264 3064 ab
1325 3011 1509 3079 aliquo
1566 3013 1855 3079 prolatum,
1924 3010 1978 3062 id
2041 3024 2160 3063 mox

2269 3012 2573 3083 φηνίζεται.
2599 3014 2707 3066 Καὶ
2740 3014 2817 3084 τῷ
2844 3030 2907 3080 γε
2945 3014 3193 3082 ἰατρικὴν
3227 3012 3469 3079 μετιόντι
3496 3009 3631 3061 κατὰ
3647 3007 3814 3073 ταύτην

574 3114 672 3167 per
721 3100 950 3152 aliormn
998 3100 1419 3167 explicationem
1485 3104 1812 3156 declaratur.
1874 3100 2053 3166 Quare
2102 3101 2162 3153 ad

2269 3108 2445 3176 ἔγωγε
2480 3105 2873 3177 παραινέσαιμ’
2899 3107 2965 3159 ἂν
2992 3106 3089 3175 τὴν
3112 3105 3157 3135 ⁵⁶
3196 3102 3579 3173 πραγματείαν
3604 3102 3695 3170 τὴν
3722 3099 3813 3152 δια-

574 3191 859 3245 medicinae
917 3194 1153 3247 Studium
1184 3208 1306 3248 sese
1364 3194 1763 3263 applicantibus
1819 3203 2012 3246 auctor
2068 3206 2162 3258 ego

2269 3200 2466 3271 τριϐὴν
2499 3200 2581 3251 ὅτι
2608 3198 2844 3268 μάλιστα
2875 3198 3165 3250 ποιεῖσθαι.
3188 3196 3347 3249 Ἀλλὰ
3376 3193 3595 3262 τοιαύτη
3627 3192 3716 3262 μὲν
3741 3189 3816 3244 καὶ

573 3282 702 3345 sitit,
765 3294 823 3335 ut
886 3284 985 3335 hoc
1039 3286 1381 3351 potissimum
1438 3301 1575 3351 opus
1637 3285 1858 3337 assidue
1917 3292 2157 3336 versent.

2228 3282 2231 3332 ἶ
2267 3296 2300 3364 ἡ
2325 3293 2555 3363 δευτέρα
2582 3291 2909 3362 ὐρειϐασίῳ
2926 3291 2972 3321 ⁵⁷
3006 3290 3106 3359 τῆς
3141 3289 3392 3360 ἰατρικῆς
3423 3284 3816 3359 μεταχειρήσεώς

570 3373 748 3441 Atque
798 3375 1110 3443 ltujusmodi
1154 3376 1374 3445 quidem
1428 3374 1665 3433 Oribasii
1722 3377 1892 3429 altera
1950 3375 2036 3427 illa
2085 3385 2158 3427 est

1483 3380 1665 3431 ribasii
1722 3377 1892 3429 altera
1950 3375 2036 3427 illa
2085 3385 2168 3427 est
2268 3382 2448 3437 τεκαὶ
2477 3382 2713 3453 θεωρίας
2748 3382 3062 3449 συναγωγή.

575 3464 800 3521 medicae
860 3469 1201 3523 tractationis
1235 3480 1287 3524 et
1318 3470 1799 3540 contemplationis
1855 3469 2130 3522 collectio.

1241 3562 1524 3617 CCXVIII.
2998 3562 3147 3613 SIH'.

835 3650 1090 3721 Ejusdem
1139 3654 1446 3723 Compendii
1481 3660 1547 3707 ad
1583 3655 1923 3711 Eustutltium
2275 3654 2423 3709 Toiit

2275 3654 2390 3709 Τοῦ
2418 3654 2606 3708 αὐτοῦ
2632 3654 2932 3721 Συντομία
2970 3651 3082 3720 τῆς
3126 3651 3411 3719 δευτέρας
3445 3650 3819 3723 Πραγματεία(-

1140 3722 1307 3792 [ilium
1354 3725 1475 3779 libri
1518 3744 1570 3781 ι.
2498 3726 2728 3793 πρὸςΕι

2498 3726 2647 3793 πρὸς
2665 3725 3008 3778 Εὐστάθιον
3044 3724 3201 3787 υἱὸν,
3232 3724 3303 3776 ἐν
3334 3724 3540 3791 λόγοις
3561 3722 3628 3776 θ’.

645 3810 889 3867 Tertium
938 3815 1067 3869 item
1122 3825 1189 3868 ah
1248 3820 1439 3871 eodem
1500 3830 1587 3872 est
1640 3821 1980 3877 elaboratum
2005 3838 2164 3892 Opus,

2343 3818 2516 3888 Τρίτη
2542 3818 2600 3870 δὲ
2632 3816 2782 3887 αὺτῷ
2808 3815 3250 3879 διεσπούδασται,
3286 3816 3363 3877 ὡς
3404 3814 3498 3869 καὶ
3527 3807 3678 3870 αὐτὸς
3701 3805 3816 3857 ἐκεῖ·

572 3916 633 3958 ut
698 3905 927 3974 ipsemet
976 3907 1029 3960 in
1092 3910 1356 3976 protentio
1422 3918 1675 3966 testatur.
1728 3914 1965 3969 Secundi
2022 3918 2160 3970 illius

2272 3930 2363 3974 νος
2393 3910 2890 3981 προοιμιαζόμενος
2920 3910 3090 3977 λέγει,
3127 3906 3425 3975 συντομίαν
3449 3902 3595 3971 αὑτῴ
3621 3900 3709 3969 τῆς
3727 3898 3818 3950 δευ-

572 4000 987 4068 Compendiutu,
1060 4000 1346 4056 Eustathio
1404 4001 1514 4058 (ilio
1573 4006 1921 4073 inscriptum,
1980 4024 2043 4063 ac
2097 4010 2160 4064 li-

2268 4006 2434 4075 τέρας
2457 4004 2790 4075 περιέχουσα
2817 4002 3228 4073 πραγματείας.
3261 3996 3543 4066 Εὑσταθίῳ
3565 3994 3619 4047 δὲ
3647 3991 3717 4062 τῷ
3738 3988 3816 4057 υἱῷ

574 4090 688 4143 bris
736 4105 927 4143 novent
985 4091 1319 4156 distinctum,
1362 4096 1558 4163 quibus
1597 4113 1659 4150 ea
1701 4098 2013 4152 morborum
2057 4116 2162 4155 me-

2269 4097 2331 4150 τδ
2361 4095 2565 4165 βιϐλίον
2591 4096 2886 4161 ἀναφωνεῖ,
2911 4093 2953 4145 θ’
2978 4092 3314 4163 διῃρημένον
3340 4090 3540 4156 λόγοις,
3560 4087 3614 4136 ὲν
3636 4080 3711 4146 οἷς
3727 4084 3816 4135 ἐστι

574 4180 877 4235 dicatuenta
937 4197 1333 4251 proponuntur,
1396 4203 1517 4256 qua:
1571 4191 1747 4255 parari
1812 4191 1973 4244 facile
2035 4208 2162 4261 pos-

2268 4188 2378 4241 τῶν
2404 4186 2592 4240 παθῶν
2623 4188 2852 4256 ίάματα,
2882 4186 2982 4238 ὅσα
3016 4185 3077 4237 τδ
3103 4182 3425 4250 εὐπόριστον
3453 4179 3545 4231 καὶ
3572 4176 3817 4247 πρόχειρον

577 4272 707 4335 sint,
777 4273 833 4326 in
890 4287 1250 4344 promptuque
1310 4282 1439 4333 sint.
1513 4278 1781 4335 (Steterunt
1863 4283 2157 4354 chirurgiae

2271 4279 2587 4334 ὑποτίθεται
2614 4297 2629 4312 ’
2659 4280 2722 4332 τὸ
2758 4280 2939 4348 μέντοι
2974 4274 3355 4347 χειρουργικὸν
3400 4270 3537 4333 εἶδος
3584 4265 3817 4324 παντελῶς

577 4365 820 4431 speciem
878 4382 1097 4421 onmem
1165 4370 1313 4423 hisce
1363 4371 1725 4441 collectaneis}
1756 4372 1973 4439 penitus
2028 4390 2165 4443 pra:-

2270 4369 2419 4439 αὐτῷ
2471 4371 2613 4423 κατὰ
2645 4370 2869 4438 ιταύτην
2922 4369 3021 4438 τὴν
3068 4363 3393 4435 συναγωγὴν
3427 4365 3691 4433 παρεῖται.
3720 4355 3819 4428 [διο

574 4456 827 4511 termisit.
886 4458 1069 4527 Itaque
1132 4460 1265 4514 liber
1296 4462 1381 4516 hic
1430 4464 1751 4517 memoriam
1781 4466 2074 4519 excitando
2111 4468 2162 4520 in

2275 4460 2367 4534 8.]
2395 4462 2551 4515 Ἐστι
2600 4461 2659 4514 δὲ
2706 4462 2767 4513 τὸ
2813 4459 2987 4529 παρὸν
3018 4458 3220 4528 βιϐλίον
3250 4458 3385 4526 πρὸς
3428 4456 3527 4524 μὲν
3554 4456 3816 4521 ἀνάμνησιν

574 4550 643 4601 iis
691 4550 780 4616 qui
844 4553 895 4604 in
929 4552 1152 4606 medica:
1207 4556 1340 4606 artis
1393 4554 1784 4609 exercitatione
1814 4572 1878 4611 ac
1907 4558 2159 4625 specula-

2270 4554 2387 4613 τοῖς
2415 4550 2557 4605 κατά
2582 4552 2682 4612 τὰς
2716 4552 2967 4620 ἰατρικὰς
2999 4546 3224 4617 πράξεις
3256 4562 3315 4598 τε
3349 4546 3444 4599 καὶ
3478 4541 3696 4610 θεωρίας
3722 4555 3819 4589 συν-

574 4639 723 4695 tione
762 4642 872 4709 jam
919 4645 1117 4696 versati
1152 4656 1297 4707 sunt,
1353 4661 1461 4699 non
1522 4646 1790 4700 modicam
1853 4648 2012 4702 alfert
2070 4662 2162 4703 aut

2232 4638 2245 4687 ⁵
2273 4647 2607 4719 ησκημένοις
2636 4647 2697 4698 ού
2734 4646 2947 4713 φαύλην
2980 4641 3222 4711 παρέχον
3251 4639 3351 4709 τὴν
3374 4637 3579 4708 χρείαν,
3606 4634 3692 4686 καὶ
3717 4629 3820 4701 μᾶλ-

575 4746 770 4800 parum
816 4747 1120 4803 promptam
1162 4736 1469 4791 utilitatem.
1497 4736 1739 4803 Iisitem,
1793 4738 1885 4808 qui
1934 4742 2163 4808 primum

2271 4737 2363 4789 λον
2397 4736 2724 4806 πρόχειρονο
2763 4737 2877 4796 τοῖς
2924 4733 2970 4786 δ’
3001 4734 3066 4784 ὲκ
3113 4730 3347 4799 πρώτων
3379 4731 3457 4790 εἰς
3490 4726 3712 4796 μάθησιν
3743 4721 3819 4808 τῆς

574 4825 643 4877 ad
678 4826 814 4878 artis
851 4828 1012 4897 hujus
1058 4830 1424 4897 cognitionem
1485 4832 1586 4885 hoc
1650 4806 1977 4902 compendio
2037 4848 2162 4903 per-

2270 4827 2468 4897 τέχνης
2495 4826 2582 4879 διὰ
2614 4826 2777 4895 τῆσδε
2822 4826 2921 4895 τῆς
2967 4823 3241 4893 συνόψεως
3271 4822 3444 4874 ἐλθεῖν
3474 4816 3743 4888 ἡλπικόσιν
3762 4806 3820 4863 εἶ-

576 4916 765 4971 venire
813 4933 873 4972 se
927 4934 1087 4987 posse
1152 4931 1394 4988 sperant,
1437 4923 1675 4977 dicerem
1724 4925 1873 4979 brevi
1924 4934 2164 4993 tempore

2267 4941 2371 4977 πον
2404 4924 2471 4977 ἂν
2520 4924 2596 4986 ὡς
2630 4926 2719 4976 ἐπ’
2750 4924 2933 4991 ὀλίγον
2984 4922 3070 4991 εἴη
3102 4921 3163 4974 τὸ
3197 4919 3472 4980 λυσιτελὲς
3514 4915 3753 4984 παρέχον,
3786 4914 3820 4960 εἰ

578 5023 684 5061 non
759 5010 1032 5064 modicum
1101 5012 1394 5065 allaturum
1466 5015 1753 5068 utilitatis:
1826 5015 1931 5069 nisi
1981 5027 2051 5067 ex
2099 5029 2164 5068 eo

2268 5016 2343 5087 μὴ
2373 5018 2433 5069 τὸ
2462 5017 2582 5068 κατ’
2610 5017 2779 5085 αὐτὴν
2824 5015 3091 5085 ἁμέθοδόν
3136 5031 3196 5065 τε
3218 5014 3262 5043 ⁵⁸
3297 5014 3388 5063 καὶ
3418 5006 3818 5080 ἀπροσδιόριστον

576 5100 723 5170 quod
782 5105 1038 5158 methodo
1097 5118 1305 5171 careat,
1366 5117 1421 5159 et
1476 5107 1608 5159 nihil
1665 5108 1889 5162 deﬁnite
1925 5123 2157 5177 pronun-

2273 5107 2399 5167 τοὺς
2434 5106 2791 5175 ἀπειρότερον
2822 5106 2953 5175 περὶ
2992 5104 3166 5157 ταῦτα
3192 5102 3567 5171 διακειμένους
3601 5098 3683 5148 καὶ
3708 5094 3820 5145 ἐτοι-

581 5194 700 5256 tiet,
776 5200 1040 5262 quosdam
1126 5213 1292 5267 parva
1368 5214 1548 5252 rerum
1606 5201 1797 5253 harutn
1866 5201 2164 5255 instructos

2281 5198 2510 5268 μότερον
2539 5198 2676 5269 πρὸς
2705 5202 2802 5261 τὰς
2829 5198 3129 5267 θεραπείας
3175 5196 3486 5267 χωροῦντας
3525 5195 3601 5255 είς
3628 5190 3713 5250 τὰς
3741 5199 3816 5253 μία

1911 5338 2145 5393 ΥΑΒΙᾹΞ
2170 5337 2574 5393 LECTIONES.

650 5427 1161 5503 ’διδοδεῶἩίοτιεξεδϐ
1186 5431 1478 5503 it'gcntlnut
1511 5432 1676 5485 δοκεῖ.
1753 5434 1799 5463 ⁸⁸
1832 5433 2003 5500 σαφές
2043 5450 2103 5496 ς’.
2207 5434 2254 5464 ⁸⁵
2289 5431 2491 5503 ἄλλων]
2535 5432 2646 5485 τῶν
2679 5431 2854 5486 ἄλλων
2893 5446 2969 5483 rt‘.
3010 5431 3073 5483 Α.
3173 5429 3218 5459 ⁸⁸
3251 5428 3349 5498 τὴν
3389 5435 3502 5495 post
3528 5424 3589 5477 ἂν
3632 5418 3737 5475 add.
3761 5415 3811 5465 Α.

582 5496 625 5529 ⁸⁷
684 5496 1015 5567 Ὀριὸασίων
1038 5500 1104 5554 Α.
1184 5496 1318 5553 "Es
1387 5503 1609 5556 atld.A.

2138 5617 2368 5675 ΝΟΤᾸΞ.

678 5708 799 5787 tibi)
832 5710 1069 5771 Quorum
1121 5714 1279 5768 hodie
1321 5715 1710 5782 septemdecim
1778 5723 1985 5767 tantum
2050 5714 2240 5769 Latine
2271 5724 2510 5776 exstant,
2552 5714 2728 5781 ptimo
2783 5730 2997 5782 quoque
3058 5728 3122 5764 eo
3172 5710 3462 5772 volumint‘,
3523 5714 3574 5757 ιιι
3633 5697 3805 5765 Upim”,

585 5792 801 5833 31111580.
