4022 6456
267 404 347 466 713
1253 376 1779 440 BIBLIOTHECA.
1812 401 1879 413 -
1903 376 2066 436 COD.
2092 374 2398 435 CCXVIII.

3360 363 3464 430 ’71⁸-

263 515 419 582 fissa;
445 497 630 573 βλάϐας
660 491 768 547 τῶν
799 490 1138 563 καμνόντων,
1172 487 1286 542 ἔσθ’
1313 489 1402 542 ὅτε
1450 486 1507 541 δὲ
1551 486 1643 539 καὶ
1671 484 1781 537 τῶν

1915 483 2242 554 xperientia,
2315 479 2508 552 175a
2570 489 2627 535 et
2684 494 2839 550 aequo
2915 488 3095 533 tamen
3165 484 3468 549 promptius

263 575 580 670 oytatvéwwv,
608 587 691 640 ἐπ’
721 585 901 639 αὐτῶν
927 584 1035 637 τῶν
1065 583 1242 653 έργων
1269 576 1411 634 εῐδον
1441 575 1784 646 συνωθουμέ-

260 664 372 749 vri-4;.
403 681 534 751 Πλὴν
571 676 678 730 ἀλλ’
707 675 765 727 ἓν
799 690 864 742 γε
905 675 1018 736 τοῖς
1042 670 1357 743 εἰρημένοις
1389 667 1571 736 λόγοις
1607 666 1651 718 θ’
1675 664 1784 717 τῶν

255 791 289 836 o’
312 777 503 850 βιϐλίων
533 769 626 839 τὴν
657 766 880 836 σύνοψιν
912 763 1267 836 περιγράφει.

313 1041 407 1096 Καὶ
443 1039 496 1092 ὲν
537 1037 636 1108 μὲν
668 1035 744 1106 τῷ
775 1042 825 1089 α’
857 1034 1218 1106 διαλαμϐάνει
1267 1032 1399 1104 περί
1431 1049 1491 1086 τε
1523 1033 1622 1102 τῆς
1649 1029 1792 1084 κατὰ

257 1137 307 1188 τὰ
328 1131 583 1202 γυμνάσια
621 1127 977 1199 προφυλακῆς
1027 1127 1123 1180 καὶ
1168 1127 1346 1180 αὐτῶν
1373 1127 1483 1179 τῶν
1501 1126 1546 1157 ⁸⁸
1577 1141 1793 1194 γυμνα-

257 1228 374 1287 σίων,
400 1221 674 1275 κενώσεών
710 1236 772 1273 τε
801 1218 1033 1272 καθόλου
1058 1217 1154 1271 καὶ
1184 1217 1280 1272 ἐπὶ
1337 1217 1558 1288 μέρους,
1590 1215 1698 1268 τῶν
1733 1231 1793 1266 τε

257 1318 301 1371 δι’
317 1313 540 1374 ἐπινοίας
565 1311 660 1364 καὶ
689 1311 830 1364 ὅσων
868 1310 902 1379 ἠ
941 1309 1104 1378 φύσις
1130 1309 1297 1381 κυρία
1317 1325 1331 1339 ⁸
1364 1308 1491 1379 περί
1529 1325 1589 1361 τε
1616 1306 1795 1377 ἀέρων

261 1405 327 1458 καὶ
354 1400 600 1470 λουτρῶν,
632 1399 937 1468 αὐτοφυῶν
951 1416 1012 1451 τε
1038 1400 1134 1454 καὶ
1179 1399 1290 1453 τῶν
1335 1401 1400 1452 ὲκ
1431 1398 1626 1468 τέχνης
1647 1413 1661 1427 ·
1700 1399 1796 1452 καὶ

259 1496 356 1564 περὶ
399 1493 654 1566 ἱδρώτων,
685 1493 774 1547 ναὶ
793 1493 841 1524 ⁸⁸
871 1493 935 1563 δὴ
969 1492 1066 1546 καὶ
1113 1493 1244 1562 περὶ
1290 1491 1795 1559 καταπλασμάτων,

257 1587 354 1657 περί
378 1604 432 1639 τε
467 1587 562 1655 τῆς
594 1587 675 1650 είς
713 1584 892 1638 ἔλαιον
933 1585 1026 1638 καὶ
1052 1584 1332 1656 ὐδρέλαιον
1359 1583 1669 1655 ὲμϐάσεως,
1701 1583 1797 1636 καὶ⁵

256 1681 330 1732 ὅσα
366 1677 423 1729 τὸ
468 1676 642 1746 δέρμα
686 1675 954 1730 δάκνοντα
984 1674 1018 1746 ἢ
1049 1673 1224 1738 ἄλλως
1277 1673 1637 1744 διαφοροῦντα
1689 1671 1799 1725 τῶν

255 1769 569 1842 χρονιζόντων
623 1768 814 1823 παθῶν
860 1768 977 1836 τὴν
1023 1765 1593 1836 μετασυγκριτικῆνν
1623 1766 1699 1829 ὡς
1732 1766 1799 1819 ἂν

255 1862 493 1935 μεθοδικδς
509 1861 552 1892 ⁸⁸
581 1862 718 1934 φαίη
749 1862 911 1933 ἀνὴρ,
941 1859 1314 1931 ἀπεργάζεται
1348 1859 1665 1930 θεραπείαν.

325 2155 404 2207 Ἐν
444 2153 500 2206 δὲ
537 2153 624 2225 τῷ
678 2151 724 2224 β’
750 2151 882 2226 περί
919 2169 980 2205 τε
1016 2151 1118 2223 τῆς
1163 2151 1450 2220 δυνάμεως
1476 2150 1586 2204 τῶν
1617 2149 1805 2205 ἁπλῶν

248 2244 568 2316 διαλαμϐάνει
608 2245 940 2315 φαρμάκων,
975 2244 1072 2298 καὶ
1105 2243 1237 2314 περὶ
1282 2243 1384 2314 τῆς
1411 2242 1618 2296 τούτων
1647 2243 1802 2295 ἐκλο-

249 2339 351 2407 γῆς,
386 2337 476 2391 καὶ
504 2337 644 2407 περὶ
671 2335 1024 2405 κατασκευῆς
1049 2336 1159 2390 τῶν
1185 2353 1245 2389 τε
1277 2335 1507 2389 άκόπων
1537 2333 1806 2404 καλουμέ-

250 2450 335 2483 νων
352 2427 671 2501 χρισμάτων
697 2429 794 2483 καὶ
826 2429 1217 2500 ὲμπλάστρων,
1243 2430 1336 2483 καὶ
1368 2428 1499 2500 περὶ
1527 2426 1804 2497 σταθμῶν,

251 2525 355 2594 περί
383 2539 438 2576 τε
475 2523 594 2576 τῶν
631 2521 850 2576 κοπτῶν
881 2523 1235 2592 καλουμένων
1259 2521 1683 2592 πλατυσμάτων,
1712 2519 1808 2572 καὶ

252 2616 358 2684 περὶ
394 2615 646 2685 ἑψήσεως
687 2615 798 2668 τῶν
858 2614 1282 2686 ἐμϐαλλομένων
1338 2614 1421 2678 είς
1465 2615 1565 2676 τὰς
1595 2611 1806 2683 ὲμπλά·

254 2723 420 2778 στρους
450 2696 590 2779 [288
615 2705 712 2780 IL]
736 2707 1066 2778 φαρμάκων.

306 2898 371 2951 Τὸ
420 2897 478 2952 δὲ
516 2904 575 2967 γ’
613 2897 892 2964 συνθέσεις
939 2899 1088 2971 αύτῷ
1115 2899 1422 2972 φαρμάκων
1453 2901 1810 2956 παντοδαπῶν

251 2989 485 3044 πεοιέγει.

342 3007 382 3042 ιε
419 3007 485 3044 ει.

305 3007 370 3132 is
385 3009 448 3133 ὶδὲ
476 3081 517 3134 δ’
552 3080 691 3152 περὶ
715 3080 938 3152 τροφῶν
976 3080 1127 3135 ἐστὶν
1173 3079 1324 3152 αὐτῷ
1377 3083 1809 3153 συντεταγμένον

1892 577 1960 632 ad
1989 575 2300 632 curationes
2329 573 2734 644 aggredientes,
2767 573 2821 625 in
2850 573 2967 640 ipso
3014 572 3272 627 vidissem
3304 587 3468 641 opere

1892 668 2139 737 compelli
2197 667 2263 720 ad
2319 665 2586 721 maximas
2642 678 2812 719 noxas
2869 674 2983 718 tum
3016 665 3195 733 aegris,
3231 673 3343 719 tum
3386 666 3472 719 in-

1895 763 2109 816 terdum
2163 760 2327 814 etiam
2383 759 2534 813 sanis
2609 756 2938 812 inferendas.
3011 755 3211 811 Verum
3278 772 3472 812 ποι-θοι

1899 856 2054 911 hisce
2107 854 2263 910 libris
2321 854 2534 910 illorum
2581 852 2923 922 septuaginta
2965 851 3344 922 compendium
3393 851 3474 908 in-

1897 945 2084 1002 cludit.

1967 1036 2152 1092 Primo
2185 1037 2298 1109 (25)
2322 1051 2452 1106 ergo
2514 1036 2657 1093 libro
2725 1036 2944 1091 disserit
2992 1036 3059 1090 de
3112 1036 3363 1092 cautione
3421 1037 3473 1088 in

1899 1130 2142 1201 corporis
2195 1128 2680 1186 exercitationibus
2736 1129 3065 1193 adhibenda,
3135 1138 3192 1183 et
3233 1129 3300 1183 de
3344 1128 3478 1196 ipsis

1900 1220 2402 1286 exercitationibus,
2441 1222 2508 1276 de
2544 1220 2988 1275 evacuationibus
3021 1235 3143 1274 cum
3200 1221 3476 1282 universe,

1902 1321 2014 1365 tum
2042 1311 2345 1382 singulatim
2387 1330 2401 1367 :
2432 1322 2487 1366 et
2518 1313 2604 1378 iis,
2635 1311 2719 1366 vel
2751 1328 2845 1383 per
2872 1327 2935 1367 ea
2963 1327 3083 1381 qua:
3104 1311 3326 1380 ingenio
3351 1323 3480 1365 sunt

1902 1404 2225 1473 excogitata,
2276 1404 2361 1459 vel
2396 1419 2494 1474 per
2534 1419 2599 1459 ea
2644 1420 2872 1475 quorum
2907 1406 3121 1461 domina
3153 1415 3344 1460 natura
3375 1415 3477 1459 est.

1905 1493 1984 1548 De
2040 1510 2169 1549 aere
2213 1495 2279 1551 ad
2337 1496 2473 1562 haec,
2521 1505 2576 1550 et
2630 1496 2839 1553 balneis
2896 1506 3006 1552 tam
3047 1497 3261 1565 nativis,
3316 1512 3481 1568 quam

1905 1587 2233 1644 artiﬁciosis.
2306 1586 2438 1644 Item
2479 1589 2547 1644 de
2586 1590 2875 1646 sudoribus
2913 1600 2971 1645 et
3031 1590 3478 1659 cataplasmatis:

1907 1682 1973 1737 de
1999 1681 2101 1737 olei
2148 1683 2305 1749 meri,
2357 1689 2413 1736 et
2462 1683 2566 1738 olei
2616 1700 2754 1753 aqua
2812 1685 2971 1740 diluti
3031 1685 3208 1741 labro.
3250 1684 3378 1759 [De
3413 1687 3483 1741 iis

1908 1774 2321 1848 denique]quae
2349 1785 2530 1831 cutem
2573 1777 2835 1842 rodendo,
2891 1788 2983 1832 aut
3034 1779 3226 1834 saltem
3286 1779 3484 1835 dissol-

1838 1859 1882 1918 Β
1910 1869 2108 1934 vendo,
2161 1870 2307 1924 illam
2352 1869 2732 1925 diuturnorum
2783 1871 3097 1926 morborum
3145 1873 3482 1926 curationem

1905 1961 2162 2029 efficiunt,
2224 1976 2386 2033 quam
2423 1963 2899 2034 metasyncriticam
2941 1964 3234 2020 methodici
3298 1964 3486 2035 appel-

1904 2052 2037 2106 lant.

1981 2145 2242 2202 Secundo
2302 2145 2442 2203 libro
2487 2145 2603 2218 (26)
2630 2147 2698 2203 de
2725 2147 3056 2215 simplicium
3123 2149 3489 2204 medicamen-

1904 2247 2082 2294 torum
2133 2239 2395 2294 facultate
2441 2247 2658 2306 tractat,
2741 2255 3043 2312 eorumque
3110 2241 3365 2297 delectu:
3424 2246 3491 2296 de

1906 2340 2191 2402 apparatu,
2243 2348 2365 2387 cum
2398 2331 2623 2387 άκόπων
2666 2333 2779 2404 (27)
2811 2348 2932 2404 qua:
2989 2337 3342 2391 nominantur
3389 2353 3491 2390 11η-

1906 2434 2256 2493 ςιιοηιοτυηι,
2308 2432 2420 2478 tum
2460 2423 2906 2494 emplastrorum.
2938 2426 3067 2483 Post
3100 2429 3214 2482 haec
3251 2429 3317 2484 de
3351 2445 3492 2500 pon-

1907 2518 2160 2572 deribus:
2219 2517 2285 2571 de
2332 2516 2456 2571 latis
2507 2517 2841 2586 emplastris,
2903 2534 3024 2589 quae
3100 2520 3281 2574 κοπτὰ
3321 2520 3342 2594 [
3377 2522 3492 2575 sive

1908 2607 2181 2682 confusa]
2228 2610 2522 2679 appellant,
2585 2611 2762 2682 deque
2822 2614 3068 2667 coelione
3127 2615 3492 2670 medicamen-

1909 2708 2112 2764 torum,
2153 2714 2276 2771 quze
2331 2701 2399 2755 ad
2445 2701 2726 2772 emplastri
2787 2705 3184 2761 confectionem
3262 2708 3494 2762 commi-

1907 2803 2092 2849 scentu
2102 2811 2147 2851 1⁸.

1983 2887 2171 2944 Tertio
2238 2891 2376 2947 libro
2461 2890 2892 2961 compositiones
2967 2890 3491 2945 medicamentorqu

1911 2983 2090 3037 omnis
2137 2985 2355 3053 generis
2412 2986 2777 3055 persequitur.

1985 3076 2221 3144 Quartus
2253 3076 2364 3148 (ἳὸ)
2383 3078 2448 3133 de
2476 3079 2853 3132 alimentorum
2879 3077 3156 3144 facultate,
3205 3078 3379 3148 deque
3402 3077 3491 3132 ho-

248 3170 521 3242 δυνάμεως,
549 3173 651 3225 καὶ
698 3175 830 3243 περὶ
863 3174 964 3244 τῆς
991 3174 1199 3229 τούτοιν
1233 3177 1550 3242 σκευασίας,
1585 3176 1715 3244 περί
1745 3193 1806 3229 τε

1914 3185 2032 3223 rum
2052 3181 2331 3241 apparatu,
2355 3171 2804 3241 conscriptuszde
2854 3169 3028 3224 mulso
3071 3170 3221 3230 item,
3260 3170 3501 3222 caeteris-

252 3261 558 3333 μελικράτου
607 3264 704 3316 καὶ
750 3266 1016 3335 πομάτων
1041 3266 1237 3333 ἄλλων,
1277 3265 1378 3319 ὅσα
1417 3268 1676 3337 χρήσιμα
1699 3268 1811 3329 τοῖς

248 3354 598 3424 ἀρρωστοῦσι,
640 3357 770 3428 περί
816 3374 878 3410 τε
920 3357 1383 3428 γαλακτοποσίας,
1418 3359 1515 3413 καὶ
1564 3357 1645 3412 ἔτι
1685 3358 1817 3430 περὶ

249 3447 453 3503 ὑδάτων.

307 3539 373 3591 Τὸ
409 3540 465 3594 δὲ
503 3539 550 3593 ε’
581 3541 683 3593 ὅσα
725 3557 790 3594 τε
807 3542 853 3572 ⁸⁸
877 3543 999 3606 ταῖς
1039 3543 1305 3607 κυούσαις
1355 3543 1644 3615 συμϐαίνει
1673 3543 1817 3598 διδά-

251 3642 374 3690 σκει,
406 3629 622 3683 δίαιτάν
653 3647 712 3681 τε
759 3629 963 3697 αὐτῶν,
1012 3633 1106 3685 καὶ
1154 3635 1335 3687 ὁποῖαι
1369 3635 1427 3686 αἱ
1458 3633 1657 3699 τιτθαὶ,
1690 3632 1816 3704 περί

250 3733 298 3768 τε
332 3719 556 3790 κομιδῆς
589 3721 830 3785 παιδίου,
881 3723 977 3775 καὶ
1015 3722 1116 3776 ὅσα
1176 3723 1335 3777 εἴωθε
1371 3724 1690 3794 συμϐαίνειν
1741 3723 1819 3794 τῷ

249 3809 398 3862 Ταιδί.
436 3811 581 3881 Περί
610 3829 671 3865 τε
701 3813 910 3879 κόπων,
947 3814 1041 3878 οὒς
1068 3816 1275 3869 ποιεῖ⁶³
1305 3816 1374 3868 τά
1401 3817 1698 3886 γυμνάσια,
1723 3819 1818 3869 καὶ

248 3895 310 3954 ὧν
338 3904 433 3957 οὐκ
485 3906 608 3958 ἔστι
655 3907 841 3960 λαϐεῖν
898 3909 964 3961 ἐκ
1020 3909 1118 3961 τοῦ
1166 3912 1493 3980 φαινομένου
1527 3910 1589 3964 τὸ
1622 3911 1814 3965 αἴτιον.

248 3991 341 4045 Καὶ
365 3997 492 4065 περὶ
546 3998 902 4066 στεγνώσεως
945 4000 1236 4070 δέρματος.
1275 4003 1551 4072 Γερόντων
1579 4020 1638 4056 τε
1677 4003 1818 4056 δίαι-

247 4099 332 4136 ταν
376 4087 643 4160 εὑρήσεις
689 4089 748 4142 ἐν
781 4091 982 4162 τούτῳ,
1019 4091 1115 4144 καὶ
1143 4092 1244 4144 ὅσα
1271 4091 1366 4146 τοῦ
1400 4092 1650 4163 σώματος
1679 4094 1822 4148 κατὰ

247 4176 329 4245 τὴν
368 4180 697 4249 ἐπιφάνειαν
741 4183 1093 4253 συμπεσόντα
1134 4185 1302 4256 ἄχαρι
1352 4185 1450 4257 τὴν
1485 4186 1606 4257 ὖψιν
1655 4191 1816 4252 ποιεῖ,

247 4268 436 4323 τούτων
466 4273 796 4345 ἀπαλλαγὴν
821 4275 918 4328 καὶ
944 4275 1041 4345 τῆς
1089 4281 1455 4349 παρατροπῆς
1509 4280 1822 4351 ἐπανόρθω-

248 4375 338 4425 σιν,
365 4363 600 4418 ὀδόντων
622 4383 692 4428 ,τε
714 4365 985 4438 φυλακὴν,
1018 4370 1113 4422 καὶ
1148 4369 1485 4441 βαρυηκοῖας
1512 4372 1821 4442 καὶιάχλύος

246 4453 495 4523 ὀμμάτων
544 4457 858 4528 διόρθωσιν,
887 4463 984 4515 καὶ
1042 4462 1146 4532 τῆς
1192 4465 1300 4516 ἀπὸ
1351 4464 1451 4533 τῆς
1501 4465 1822 4536 πλησμονῆς

1916 3277 2020 3332 que
2051 3263 2284 3332 potionis
2318 3263 2626 3332 generibus,
2659 3277 2778 3332 qua:
2827 3262 3042 3332 quidem
3108 3261 3504 3330 aegrotantibus

1917 3355 2069 3410 utilia
2105 3357 2235 3410 sint.
2297 3355 2373 3410 De
2425 3356 2582 3410 Iactis
2624 3356 2844 3424 insuper
2888 3365 3041 3424 potu,
3071 3368 3136 3408 ac
3170 3351 3404 3422 denique
3433 3353 3499 3407 dc

1917 3449 2099 3518 aquis.

1988 3544 2223 3609 Quintus
2269 3540 2570 3612 Iiber(29),
2604 3556 2724 3611 quae
2779 3541 3016 3611 gravidis
3047 3555 3111 3594 ac
3161 3540 3498 3609 praegnanti-

1919 3637 2022 3691 bus
2063 3637 2339 3700 accidant,
2398 3637 2592 3701 tradit,
2640 3649 2943 3703 earumque
3016 3635 3238 3698 victum,
3272 3644 3327 3688 et
3361 3648 3500 3701 qua-

1919 3724 1999 3781 les
2032 3726 2272 3779 nutrices
2313 3725 2592 3792 eligendae.
2630 3724 2706 3778 De
2741 3722 2964 3776 infantis
2990 3721 3330 3788 educatione,
3361 3738 3503 3789 quae-

1919 3833 2023 3887 que
2053 3817 2101 3871 ei
2148 3816 2293 3870 aetati
2349 3817 2597 3870 accidere
2657 3816 2854 3869 solent.
2891 3816 2964 3868 De
3005 3813 3322 3868 lassitudine
3376 3829 3500 3866 cum

1920 3912 1989 3966 ab
2024 3911 2417 3966 exercitatione
2463 3919 2611 3974 nata,
2663 3918 2773 3961 tum
2813 3922 2877 3960 ea
2923 3907 3078 3974 cujus
3128 3921 3293 3959 causa
3345 3914 3499 3957 exte-

1921 4006 2038 4059 rius
2103 4003 2326 4058 minime
2359 4013 2611 4072 apparet:
2642 4001 2882 4069 itemque
2899 3999 2966 4054 de
2992 3998 3133 4054 cutis
3161 3998 3498 4052 astrictione.

1923 4095 2125 4149 Senum
2189 4108 2405 4164 quoque
2468 4093 2668 4146 victum
2711 4092 2798 4145 hic
2850 4091 3114 4158 reperias,
3143 4099 3197 4143 et
3241 4103 3502 4157 quascun-

1923 4203 2031 4257 que
2092 4187 2309 4256 corpori
2374 4186 2715 4241 extrinsecus
2777 4183 3122 4238 advenientia
3185 4181 3507 4236 deformita-

1926 4285 2032 4331 tem
2093 4276 2408 4338 conciliant,
2473 4275 2777 4341 horumque
2833 4271 3208 4340 depulsionem
3259 4277 3507 4322 etcura-

1925 4370 2150 4424 tionem.
2211 4367 2462 4422 Dentium
2519 4377 2779 4435 praeterea
2811 4365 3139 4428 custodiam,
3168 4372 3222 4417 et
3262 4376 3382 4428 qua:
3412 4375 3506 4412 au-

1925 4463 2106 4518 diendi
2167 4462 2535 4517 difﬁcultatem
2631 4470 2793 4529 atque
2861 4459 3142 4513 oculorum
3219 4456 3505 4524 caliginem

247 4542 437 4615 βλάϐης
469 4547 795 4618 θεραπείαν,
829 4551 1061 4621 ἁσχόλου
1094 4571 1153 4606 τε
1185 4552 1302 4622 βίου
1326 4553 1537 4609 δίαιταν
1559 4571 1572 4583 ’
1604 4555 1733 4626 περί
1756 4573 1806 4608 τε

1921 4556 2218 4610 restituunt
2258 4554 2482 4609 :damni
2538 4553 2604 4606 ad
2647 4553 2764 4606 hac
2806 4566 2836 4604 a
2896 4550 3182 4604 saturitate
3225 4547 3357 4602 illati
3415 4563 3511 4599 cn-

247 4629 341 4682 τῶν
384 4639 814 4711 διαφθειρόντων
853 4643 921 4697 τὰ
971 4645 1138 4698 σιτία.
1186 4645 1556 4723 Ὀδοιποροῦσί
1602 4665 1662 4700 τε
1725 4651 1806 4700 καῖ

1918 4650 2208 4712 rationem,
2241 4654 2297 4701 et
2349 4645 2642 4714 negotiosas
2701 4645 2824 4698 vita:
2867 4644 3090 4696 victum.
3132 4641 3208 4695 De
3237 4641 3302 4693 iis
3342 4637 3506 4693 etiam

249 4720 611 4796 πλοῖξομένοις
660 4734 935 4788 ἐκτίθεται
969 4738 1204 4805 δίαιταν,
1248 4739 1503 4809 καὶπερὶ
1555 4739 1806 4809 καθαιρὲ-

1919 4738 2120 4808 quibus
2173 4739 2431 4793 alimenta
2485 4747 2940 4806 corrumpuntur:
2978 4746 3033 4789 et
3071 4737 3174 4790 iter
3226 4735 3509 4806 agentibus

250 4824 374 4872 σεως
400 4823 624 4883 σαρκῶν
668 4825 1031 4896 διαλαμϐάνει
1076 4829 1428 4900 ἀναθρέψεώς
1453 4849 1535 4896 τε,
1564 4832 1660 4885 καὶ
1710 4831 1806 4885 διάη

1923 4846 1988 4884 ac
2018 4831 2404 4900 navigantibus
2448 4831 2624 4884 victus
2663 4828 2927 4883 rationem
2965 4829 3291 4899 praescribit.
3326 4828 3507 4880 DISSo-

248 4915 434 4997 γνῳσιν
466 4904 743 4976 κράσεως,
771 4921 865 4973 καὶ
902 4922 1358 4995 παρατραπείσης
1379 4924 1426 4955 ⁸⁸
1458 4924 1626 4995 αὐτῆς
1657 4925 1806 4997 θερα·

1925 4923 1997 4977 rit
2028 4929 2082 4976 et
2123 4924 2187 4976 de
2216 4924 2400 4977 carnis
2424 4924 2809 4978 extenuatione
2833 4933 2995 4991 atque
3030 4923 3349 4984 nutritione,
3391 4930 3512 4989 post

251 4993 418 5048 πείαν.
1927 5026 2046 5080 qua:
2093 5015 2506 5083 temperamenti
2558 5014 2924 5086 cognitionem
2948 5023 3004 5070 et
3031 5015 3147 5082 ejus
3195 5013 3369 5068 eversi
3409 5027 3508 5066 cu.

1931 5104 2198 5159 rationem
2249 5106 2434 5162 tradit.

1520 5260 1755 5319 VARIIE
1795 5265 2198 5323 LECTIONES.

253 5331 354 5434 Mf"
376 5332 500 5434 :5”!
517 5334 679 5434 "fidi:
693 5337 1147 5434 Aﬁﬂ‘i’jﬂ-Aj
1179 5344 1272 5396 καὶ
1300 5362 1361 5408 ς.
1437 5349 1480 5380 ⁶¹
1502 5353 1794 5427 μεθοδικὴν
1827 5359 1909 5413 A:
1940 5358 2242 5428 μεθοδικῶς
2273 5379 2332 5424 ς.
2411 5362 2456 5395 ⁸⁸
2475 5380 2536 5416 τε
2569 5364 2694 5420 add.
2728 5366 2793 5419 Δ.
2873 5365 2918 5396 ⁸³
2945 5366 3094 5417 ποιεῖ
3123 5362 3191 5416 τά
3213 5363 3258 5416 Δ
3296 5380 3310 5417 :
3339 5365 3512 5417 ποιεῖ..

263 5413 332 5450 ται
376 5419 438 5464 ς.
517 5411 562 5434 ⁵⁵
612 5411 1045 5481 περιτραπείσης
1075 5429 1136 5474 ς.

1793 5559 2026 5619 ΝΟΤΕ.

2005 5683 2120 5758 (ἓξ)
2148 5686 2340 5758 βαρῖῑιι
2378 5690 2428 5744 ei
2460 5691 2657 5746 tributa
2702 5693 2755 5748 in
2796 5693 2958 5750 editis
2992 5695 3082 5750 41.

2000 5755 2113 5826 (29)
2142 5755 2334 5814 Sectus
2376 5761 2426 5814 in
2461 5764 2636 5832 capita
2678 5763 2769 5818 55.

551 5659 617 5734 _in
643 5657 713 5712 55
736 5660 895 5714 hodie
937 5666 1113 5734 capita
1147 5668 1433 5725 dissectus.

469 5724 633 5803 Ilujus
676 5746 837 5784 unum
866 5742 920 5786 et
946 5722 1018 5788 δσ
1046 5722 1246 5803 capita.

322 5790 434 5863 (Ἥ)
466 5790 719 5860 Quaenam
756 5815 819 5854 ea
849 5803 978 5867 sint,
1040 5790 1254 5864 docebit
1297 5811 1551 5869 Gorraaus
1599 5814 1652 5869 in
1697 5815 1817 5873 Def.

497 5889 766 5951 PATBOL.
808 5894 926 5955 GR.
961 5897 1124 5958 CIII.
3072 5917 3152 5981 23
