4022 6456
529 373 638 439 715

603 482 763 557 175
779 484 807 538 ὸ
824 483 880 539 1η
897 491 1112 541 sextum
1129 481 1325 539 librum
1346 481 1463 555 (30)
1480 498 1542 539 ea
1560 492 1687 537 sunt
1715 482 1983 553 conjecta.
2004 496 2124 552 qua:
2148 481 2201 541 Α

528 582 683 652 signa
711 588 837 635 sunt
866 579 932 633 ad
965 587 1111 633 recte
1139 585 1363 647 tutoque
1391 578 1458 631 de
1488 577 1693 631 morbis
1730 574 2105 644 iudicandum.

529 673 754 728 Curatio
804 671 956 733 item,
983 684 1047 722 ac
1080 669 1341 739 praenotio
1388 668 1621 722 febrium
1664 677 1828 737 atque
1865 677 2105 740 sympto-

531 770 768 816 matum:
806 759 1080 827 adjtmctis
1107 766 1164 813 et
1196 757 1427 813 febrium
1478 758 1773 829 generibus
1810 773 2109 829 earumque

529 853 807 909 remediis.
868 852 941 906 De
984 851 1147 915 fame,
1197 851 1265 905 de
1303 850 1468 905 animi
1517 850 1821 907 defeetione
1866 866 1932 907 ac
1979 868 2109 924 syn-

531 957 686 1011 copa,
739 950 904 1010 atque
933 941 1001 995 de
1034 940 1243 1007 dolore,
1296 948 1350 995 et
1395 941 1634 1013 singultu
1675 941 1807 1013 agit.
1856 941 1992 997 Item
2038 926 2107 999 de

530 1034 726 1087 canina
782 1034 1114 1102 appetentia,
1163 1043 1220 1088 et
1266 1042 1453 1090 contra
1503 1035 1571 1091 de
1626 1045 1902 1106 prostrato
1946 1050 2111 1106 appe-

530 1124 653 1187 titu,
700 1133 757 1179 et
804 1123 1086 1179 curatione
1149 1124 1427 1181 immensa:
1488 1125 1670 1182 famis.
1724 1126 1991 1184 Praeterea
2040 1129 2110 1183 de

528 1230 731 1271 nausea
760 1224 817 1271 et
843 1216 1071 1283 vomitu,
1097 1225 1152 1271 et
1182 1218 1249 1270 de
1275 1216 1566 1283 insomnia,
1587 1228 1824 1287 torpore,
1849 1219 2111 1290 colliqua-

528 1308 700 1374 tione,
734 1308 850 1372 siti,
892 1318 1054 1377 atque
1084 1308 1386 1363 exulcerati
1413 1309 1552 1364 ossis
1585 1311 1727 1365 sacri
1763 1312 2046 1368 medicina.

605 1398 848 1470 Septimo
880 1397 993 1471 (51)
1029 1415 1159 1454 vero
1216 1399 1358 1455 libro
1389 1400 1458 1456 de
1492 1400 1761 1458 ulceribus
1820 1402 2107 1468 universis,

528 1502 640 1547 tam
676 1507 796 1563 qua:
815 1492 1108 1563 simplicia,
1144 1507 1306 1562 quam
1335 1509 1458 1564 quae
1486 1509 1617 1548 cava
1669 1494 1924 1550 dicuntur
1952 1513 1966 1550 :
2000 1496 2108 1552 imo

526 1586 667 1641 etde
696 1579 761 1640 iis
795 1586 993 1655 quibus
1038 1586 1294 1643 cicatrice
1323 1597 1407 1643 est
1460 1603 1618 1659 opus,
1658 1597 1824 1659 atque
1851 1590 1918 1645 de
1947 1604 2111 1645 carne

527 1682 932 1739 abundantibus
961 1683 1075 1754 agit
1105 1699 1121 1738 :
1150 1684 1242 1739 ubi
1270 1692 1325 1739 et
1354 1685 1476 1755 igne
1517 1685 1783 1740 ambustis
1812 1686 2109 1741 remedium

526 1773 703 1829 aliert.
738 1773 869 1829 Item
902 1776 970 1830 de
991 1775 1220 1846 papulis,
1249 1776 1315 1829 de
1348 1777 1587 1846 pruritu,
1616 1775 1686 1831 de
1715 1776 1966 1846 pustulis,
1989 1792 2111 1849 qua:

522 1866 848 1937 phlyctaenae
884 1877 1170 1930 vocantur.
1224 1876 1278 1922 et
1319 1868 1385 1922 de
1437 1866 1710 1923 ulceribus
1752 1867 1986 1939 diruptis
2043 1883 2108 1924 ac

524 1960 805 2030 malignis.
828 1960 909 2013 Ad
954 1958 1316 2015 carbunculus
1358 1974 1572 2029 quoque
1597 1969 1653 2015 et
1686 1974 1915 2017 cancros
1943 1977 2107 2016 cura-

530 2053 710 2106 tiones
750 2052 973 2106 ascribit
1004 2070 1019 2107 :
1051 2052 1433 2107 convulsorum
1471 2054 1597 2108 item
1626 2067 1691 2107 ac
1716 2053 2026 2109 luxatorum
2054 2066 2109 2111 et

526 2156 846 2215 ruptorum:
882 2145 1078 2214 quibus
1112 2146 1177 2200 ad
1230 2144 1346 2200 haec
1402 2147 1565 2201 rebus
1618 2147 1820 2217 cuspis,
1876 2149 2109 2216 arundo,

525 2237 705 2307 spina,
734 2245 828 2291 aut
865 2239 1027 2291 sudes
1073 2239 1226 2293 carni
1284 2237 1448 2291 infixa
1478 2238 1799 2294 evellantur.
1846 2239 1923 2295 De
1954 2243 2112 2297 redu-

529 2328 653 2391 viis,
709 2328 1062 2382 articulorum
1125 2328 1422 2393 ulceribus,
1484 2331 1767 2398 sanguinis
1806 2334 2106 2403 eruptione.

525 2418 604 2475 De
636 2420 820 2474 nervis
854 2421 1174 2483 vulneratis,
1203 2429 1258 2475 et
1292 2421 1793 2490 articulisluxatis;
1824 2423 2111 2479 deinllant-

526 2510 785 2573 matione,
818 2520 872 2565 et
917 2510 985 2564 de
1039 2507 1349 2576 affectione,
1406 2526 1526 2580 qua:
1584 2528 1651 2567 ex
1701 2514 2109 2571 deiiuxionibus

527 2602 581 2655 ﬁt
614 2618 629 2669 ;
662 2602 726 2657 de
752 2616 1044 2671 gangrena,
1076 2613 1132 2655 et
1196 2603 1559 2671 Spitacelismo
1589 2621 1604 2671 ;
1638 2604 1705 2659 de
1757 2607 2110 2673 apostematis

524 2709 620 2747 seu
644 2692 988 2749 abscessibus
1010 2703 1065 2748 et
1097 2694 1325 2762 fistulis;
1354 2696 1420 2751 de
1445 2697 1767 2766 erysipelate
1785 2709 1837 2753 et
1863 2699 2106 2768 berpete.

525 2784 658 2841 Item
708 2787 775 2839 de
809 2783 1056 2852 scirrbis,
1089 2788 1395 2851 oedematis,
1432 2790 1750 2854 terntintho,
1782 2792 2105 2861 epinyctide.

526 2879 603 2932 Ite
633 2877 888 2933 dissectis
916 2878 1224 2948 ligamentis
1253 2890 1307 2934 et
1338 2880 1552 2951 thymo,
1572 2881 1688 2935 ﬁcis
1719 2891 1883 2951 atque
1916 2881 2112 2936 furun-

525 2970 683 3024 culis.
720 2969 797 3023 De
834 2971 1079 3024 verrucis
1138 2980 1192 3024 et
1226 2973 1559 3043 myrmeciis,
1609 2983 1773 3043 atque
1811 2975 2107 3030 similibus.

524 3061 607 3115 Ad
647 3061 885 3131 ganglia,
913 3076 1032 3129 quae
1087 3062 1451 3131 appellantur,
1479 3065 1545 3117 ad
1583 3066 1892 3133 perniones,
1919 3082 1983 3121 ac
2012 3066 2107 3121 iis-

524 3168 681 3206 suras
710 3153 823 3207 edit
853 3154 1247 3208 medicamenta
1277 3171 1293 3222 ;
1327 3164 1383 3209 et
1432 3155 1501 3211 ad
1542 3156 1787 3212 ulcerata
1834 3160 2105 3227 pudenda.

1703 369 1969 432 ΡΗΟΤΙΙ
2007 369 2110 430 ΡΑ¹

2216 370 2516 432 ΙΑΒΟΗᾹΞ
2553 371 2663 433 CP.
3694 378 3787 442 716

2309 480 2398 532 ’Ev
2425 480 2483 533 δὲ
2510 479 2591 547 τῷ
2630 486 2683 544 ς’
2718 478 3072 535 συντέτακται
3109 479 3260 553 αὐτῷ
3297 481 3404 536 ὅσα
3434 498 3496 537 τε
3519 484 3567 517 ⁸⁵
3599 487 3677 551 είς
3707 507 3794 561 οη.

2222 570 2450 642 μείωσιν
2484 570 2705 641 ἀσφαλῆ
2745 572 2914 625 τείνει
2944 573 3038 626 xui
3068 575 3249 644 κρίσιν
3273 574 3474 646 ὀρθὴν,
3513 576 3789 648 θεραπεῖαί

2211 684 2279 721 τε
2311 667 2408 720 καὶ
2442 666 2782 737 προγνώσεις
2807 665 3062 737 πυρετῶν
3104 670 3201 721 xui
3234 672 3690 742 συμπτωμάτων.
3722 676 3795 730 Τά

2210 778 2270 814 τε
2310 760 2423 831 εἴδη
2444 759 2553 813 τῶν
2576 759 2831 831 πυρετῶν
2864 760 3083 824 καὶτὰς
3120 760 3317 828 ίάσεις,
3351 762 3487 832 περί
3516 779 3577 815 τε
3602 763 3794 835 λοιμῶν

2211 847 2567 917 λειποθυμίας
2584 864 2643 900 τε
2666 847 2759 900 xui
2786 848 3064 918 συγκοπῆς
3098 849 3193 901 xui
3219 849 3421 919 ὀδύνης
3474 850 3568 905 xui
3600 850 3794 923 λυγμοῦ

2210 936 2592 1008 διαλαμϐάνει,
2623 935 2897 1001 κυνώδους
2916 954 2975 990 τε
3005 937 3236 1009 ὀρέξεως
3266 940 3367 993 xui
3394 941 3682 1011 ἀνορεξίας
3709 947 3794 998 καὶ

2213 1028 2470 1100 βουλίμου
2499 1027 2819 1101 θεραπείας,
2852 1027 2971 1102 [561
3004 1030 3097 1102 R.]
3118 1031 3200 1084 ἔτι
3219 1032 3277 1085 δὲ
3299 1033 3441 1102 περὶ
3472 1034 3694 1099 ναυτίας
3715 1040 3797 1091 xui

2210 1117 2424 1187 ἐμέτων
2474 1118 2785 1189 ἀγρυπνίας
2833 1136 2894 1172 τε
2932 1120 3029 1174 xui
3072 1123 3420 1191 καταφορᾶς,
3462 1123 3558 1175 xui
3611 1129 3795 1196 συντή-

2212 1211 2349 1278 ξεως
2404 1209 2499 1263 xui
2538 1210 2745 1281 δίψους,
2792 1212 2887 1266 καὶ
2941 1212 3269 1277 ἑλκωθέντος
3296 1212 3401 1267 τοῦ
3464 1213 3615 1284 ἱεροῦ
3652 1215 3796 1272 ὀστοῦ

2214 1305 2515 1378 θεραπείας
2532 1306 2601 1360 ⁵⁸.

2283 1398 2445 1452 Κατὰ
2479 1397 2537 1451 δὲ
2563 1398 2626 1451 τὸ
2658 1395 2705 1459 ζ’
2733 1397 2908 1451 ἑλκῶν
2944 1398 3043 1470 μὲν
3083 1398 3367 1464 ἁπάντων,
3419 1398 3538 1452 τῶν
3576 1417 3635 1453 τε
3662 1400 3798 1470 λεγο-

2216 1490 2393 1560 μένων
2450 1489 2641 1543 ἁπλῶν
2674 1491 2773 1543 xui
2806 1490 2916 1542 τῶν
2944 1491 3160 1555 κοίλων,
3197 1492 3292 1545 καί
3328 1508 3399 1559 γε
3452 1493 3552 1545 xui
3583 1494 3692 1547 τῶν
3718 1498 3797 1549 οὐ-

2217 1580 2316 1651 λῆς
2341 1581 2613 1651 δεομένων
2657 1582 2753 1635 καὶ
2782 1581 3277 1650 ὑπερσαρκούντων
3307 1583 3651 1643 ἐκδιδάσκει,
3678 1590 3798 1657 πρὸς

2212 1690 2271 1726 τε
2310 1673 2379 1726 τά
2414 1673 2739 1744 πυρίκαυτα
2775 1674 3073 1745 θεραπείας
3096 1676 3333 1744 είσάγει,
3368 1676 3474 1729 xui
3508 1678 3640 1748 περὶ
3661 1680 3797 1746 ἐξαν-

2214 1765 2475 1835 θημάτων
2510 1766 2605 1819 xui
2640 1766 2900 1837 κνησμῶν
2931 1767 3023 1820 xui
3052 1767 3433 1837 φλυκταινῶν,
3460 1770 3797 1842 ἀναρρηγνυ-

2218 1857 2394 1928 μένων
2423 1875 2485 1910 τε
2517 1856 2692 1911 ἑλκῶν
2738 1859 2835 1912 xui
2888 1860 3209 1930 κακοήθων·
3242 1861 3388 1932 πρὸς
3435 1861 3714 1932 ἄνθρακάς
3744 1882 3795 1917 τε

2214 1949 2310 2002 xui
2359 1950 2657 2020 καρκίνους
2695 1951 2867 2017 ἰάσεις
2914 1952 3246 2023 ἀναγράφει,
3297 1951 3586 2022 σπασμῶν
3626 1970 3682 2005 τε
3715 1957 3797 2007 xui

2217 2044 2582 2112 στρεμμάτων
2609 2042 2705 2096 xui
2726 2043 3050 2113 θλασμάτων
3069 2059 3085 2076 ο
3104 2043 3239 2107 οἵοις
3260 2060 3321 2097 τε
3345 2045 3416 2097 ἂν
3434 2045 3565 2108 dxi;
3590 2044 3622 2115 ἢ
3644 2046 3794 2099 κάλα-

2219 2135 2380 2206 μοςῆ
2421 2134 2632 2189 ἄκανθα
2662 2135 2696 2205 ἢ
2743 2135 2944 2206 σκόλοψ
2988 2136 3310 2207 ὲμπαγέντα
3354 2139 3527 2207 σαρκὶ
3561 2138 3792 2203 άποσπαο

2218 2227 2388 2297 σθείη·
2417 2228 2545 2299 περί
2572 2245 2630 2280 τε
2655 2229 3013 2299 παρωνυχιῶν
3039 2230 3136 2283 καὶ
3152 2230 3259 2285 τῶν
3284 2231 3345 2283 ἐν
3368 2230 3598 2302 ἄρθροις
3619 2230 3789 2296 ἑλκῶν,

2216 2320 2583 2390 αίμορραγίας
2607 2318 2667 2373 τε
2694 2322 2788 2374 xui
2828 2323 3234 2393 νευροτρώτων,
3286 2323 3389 2377 xui
3421 2340 3491 2375 πε
3501 2323 3557 2394 pi
3582 2324 3794 2392 κεχαλα-

2218 2410 2431 2479 σμένων
2462 2410 2702 2481 ἄρθρων,
2734 2411 2859 2481 περί
2892 2430 2952 2465 τε
2985 2413 3296 2485 φλεγμονῆς
3337 2414 3435 2467 xui
3472 2414 3791 2483 ρευματικῆς

2216 2500 2534 2569 διαθέσεως,
2570 2503 2698 2572 περί
2744 2520 2801 2556 τε
2855 2507 3201 2575 γαγγραίνης
3255 2506 3355 2559 xui
3411 2506 3795 2575 σφακελισμοῦ,

2216 2596 2310 2648 xui
2344 2596 2473 2667 περὶ
2502 2598 2912 2667 ἀποστημάτων
2942 2601 3036 2652 xui
3079 2599 3386 2669 συρίγγων,
3420 2599 3791 2670 ἐρυσιπέλατός

2214 2701 2276 2738 τε
2310 2686 2405 2739 xui
2449 2685 2712 2756 ἓρπητος,
2747 2684 2845 2738 xui
2903 2686 3036 2756 περὶ
3068 2686 3315 2757 σκίρρων
3340 2687 3387 2719 ⁸⁷
3437 2686 3538 2765 xui
3588 2686 3792 2757 οἰδημὰο

2214 2794 2344 2843 των,
2379 2777 2675 2849 τερμίνθου
2708 2794 2768 2830 τε
2797 2778 2891 2831 xui
2927 2778 3287 2844 ἐπινυκτίδος,
3320 2779 3455 2850 περί
3494 2796 3554 2833 τε
3579 2778 3791 2849 διατμηο

2217 2864 2417 2920 θέντων
2451 2866 2787 2936 συνδέσμων,
2819 2866 2916 2919 xui
2947 2866 3119 2937 θύμου
3154 2868 3248 2920 xui
3285 2868 3480 2921 συκῶν
3513 2868 3607 2921 xui
3629 2866 3791 2937 δοθιῆ-

2216 2978 2347 3026 νων,
2385 2960 2794 3030 ἀκροχορδόνων
2836 2977 2896 3012 τε
2926 2962 3024 3013 xui
3066 2959 3409 3031 μυρμηκιῶν
3445 2960 3542 3012 xui
3570 2959 3674 3011 τῶν
3710 2976 3790 3011 συ-

2219 3051 2468 3123 στοίχων.
2528 3052 2673 3122 Πρός
2709 3069 2769 3105 τε
2803 3050 2873 3104 τὰ
2925 3050 3196 3121 λεγόμενα
3241 3051 3491 3120 γαγγλία
3545 3051 3637 3104 xui
3691 3054 3788 3119 χεί-

2220 3145 2391 3215 μεθλα
2411 3145 2457 3176 ⁸⁸
2485 3146 2579 3199 καὶ
2618 3145 2857 3218 ῥαγάδας
2882 3146 3159 3199 ἐκτίθεται
3200 3145 3403 3210 ίάσεις,
3432 3145 3532 3199 xui
3565 3144 3696 3216 πρὸς
3722 3145 3779 3194 τὰ

525 3242 602 3296 De
620 3242 772 3297 leuce
805 3253 1088 3312 praeterea,
1133 3244 1317 3313 alpbo,
1357 3244 1530 3312 lepra,
1560 3248 1762 3312 scabie,
1787 3249 2102 3319 impctigine

2216 3239 2509 3309 ἡλκωμένα
2539 3238 2647 3293 τῶν
2689 3240 2925 3293 αἰδοίων.
2968 3240 3104 3309 Περί
3129 3256 3188 3292 τε
3222 3238 3431 3308 λεύκης
3490 3238 3584 3291 xui
3619 3236 3786 3305 ἀλφῶν

529 3342 747 3398 tractat,
782 3344 837 3389 et
871 3335 939 3388 de
969 3334 1377 3391 inﬂationibus:
1407 3348 1572 3406 utque
1594 3339 1834 3394 tberiaca
1857 3356 1888 3395 e
1909 3341 2111 3411 viperis

528 3439 725 3491 magno
746 3422 821 3479 sit
852 3423 1247 3494 elepltantiacis
1286 3426 1622 3496 adiumento.
1651 3422 1719 3483 Et
1743 3431 1859 3486 haec
1892 3432 2109 3501 quidem

496 3516 759 3586 ,scptimo
792 3517 1149 3605 continentur
1172 3518 1332 3573 libro.

597 3689 911 3763 Insequenti
937 3708 1065 3748 vero
1085 3694 1154 3748 de
1181 3695 1456 3750 memoriae
1474 3695 1708 3766 jactura,
1729 3697 1908 3767 deque
1925 3697 1990 3753 iis
2019 3700 2111 3769 qui

528 3783 693 3836 nimia
728 3784 1028 3853 vigilia,vel
1064 3788 1215 3855 gravi
1246 3788 1607 3843 somnolentia
1637 3800 1980 3860 torquentur,
2004 3793 2115 3862 agit

529 3874 815 3930 Oribasius
840 3876 953 3947 (52)
988 3893 1001 3930 :
1048 3887 1159 3931 tum
1198 3880 1327 3948 quid
1366 3880 1633 3948 epltialtes
1667 3883 1760 3949 sit,
1786 3885 2113 3953 morbusque

528 3966 915 4029 comitialis,et
948 3970 1179 4037 vertigo,
1212 3969 1517 4038 ap0plexia,
1551 3980 1671 4025 atra
1703 3972 1849 4038 bilis,
1877 3975 2111 4039 insania,

529 4055 823 4111 vehemens
854 4073 1028 4123 amor,
1054 4073 1116 4111 ac
1151 4059 1525 4131 chanthropia
1554 4080 1567 4116 :
1605 4063 1909 4133 horumque
1938 4080 2115 4119 reme-

529 4147 637 4201 dia.
659 4147 735 4199 De
766 4148 975 4202 cerebri
993 4150 1059 4203 ad
1078 4150 1193 4205 haec
1220 4153 1700 4217 morbis,etrabidi
1730 4157 1884 4211 canis
1906 4172 2110 4211 morsu.

530 4238 607 4293 De
646 4240 907 4311 paralysi,
956 4256 1050 4296 seu
1098 4258 1388 4298 nervorum
1444 4245 1799 4313 resolutione,
1830 4249 2110 4319 etrigore,

456 4372 467 4383 .
530 4332 622 4398 qui
649 4332 887 4386 calelieri
941 4345 1198 4402 nequeat.
1250 4336 1325 4390 De
1357 4337 1803 4393 convulsionibus
1829 4356 1892 4394 ac
1924 4342 2115 4395 distin-

528 4424 729 4486 ctione,
769 4423 944 4493 deque
982 4426 1175 4495 capitis
1210 4427 1510 4485 doloribus.
1554 4431 1634 4484 Ad
1692 4446 1981 4497 puerorum
2034 4434 2114 4485 in-

2212 3334 2309 3387 xui
2330 3333 2541 3403 λέπρας
2574 3333 2668 3386 xui
2699 3332 2891 3404 ψώρας
2933 3331 3029 3385 καὶ
3072 3332 3339 3401 λειχήνων
3357 3333 3403 3363 ⁸⁸
3430 3326 3786 3398 διαλαμϐάνει,

2211 3426 2457 3494 καὶπερὶ
2494 3425 2926 3494 ὲμφυσημάτων,
2956 3423 3049 3476 καὶ
3082 3422 3159 3486 ὡς
3195 3424 3228 3494 ή
3265 3423 3381 3476 τῶν
3414 3422 3639 3491 ἐχιδνῶν
3671 3419 3785 3471 eam-

2212 3515 2275 3585 δὴ
2300 3517 2519 3587 ἄριστον
2550 3517 2800 3587 βοήθημα
2819 3519 2932 3581 τοῖς
2950 3516 3332 3587 ὲλεφαντιῶσι.
3358 3513 3552 3569 Ταῦτα
3585 3513 3679 3584 μὲν
3708 3510 3787 3564 xui

2212 3608 2355 3661 κατὰ
2380 3608 2437 3661 τὸ
2470 3608 2717 3678 ἕϐδομον.

2286 3702 2443 3754 Κατὰ
2476 3700 2533 3753 δὲ
2563 3699 2625 3754 τὸ
2664 3708 2712 3773 η’
2752 3702 2882 3772 περὶ
2915 3701 3016 3772 τῆς
3065 3700 3210 3753 κατὰ
3257 3698 3363 3772 τὴν
3435 3699 3656 3769 μνήμην
3696 3695 3785 3748 ἀπ-

2214 3792 2410 3855 ωλείας
2446 3793 2537 3845 καὶ
2572 3793 2680 3846 τῶν
2700 3792 2873 3857 ἄλλως
2899 3792 3328 3863 ἁγρυπνητικῶν
3356 3792 3390 3863 ἢ
3424 3786 3782 3858 κιταφορικῶν

2216 3882 2598 3952 διαλαμϐάνει,
2642 3884 2725 3947 τίς
2761 3902 2820 3939 τε
2848 3885 2876 3937 ὁ
2907 3885 3170 3954 ὲφιάλτης
3221 3884 3315 3937 xui
3351 3886 3385 3953 ή
3422 3879 3679 3951 ἐπιληψία
3704 3879 3782 3930 xui

2216 3975 2276 4028 τὸ
2311 3975 2440 4047 [289
2468 3975 2563 4047 IL]
2590 3979 3001 4047 σκοτωματικὺν
3043 3977 3239 4040 πάθος,
3273 3975 3595 4045 ἁποπληξία
3627 3989 3681 4023 τε
3702 3970 3781 4022 καί

2218 4068 2553 4139 μελαγχολία
2586 4071 2679 4123 xui
2705 4071 2874 4139 μανία
2899 4071 2995 4123 xui
3022 4071 3163 4140 ἔρως
3197 4068 3343 4135 ὀξὺς,
3368 4070 3464 4121 καὶ
3492 4067 3575 4129 τίς
3601 4068 3630 4135 ἡ
3664 4063 3777 4114 λυκ-

2216 4160 2519 4232 ανθρωπίσ,
2574 4164 2668 4215 xui
2711 4161 2921 4217 τούτων
2974 4161 3329 4232 ἰάσειςοπερί
3385 4177 3447 4213 τε
3498 4157 3607 4211 τῶν
3657 4151 3776 4208 κατὰ

2216 4246 2306 4299 τὸν
2340 4248 2647 4315 ἐγκέφαλον
2694 4248 2907 4316 παθῶν,
2954 4250 3049 4303 xui
3090 4251 3221 4319 περὶ
3267 4249 3664 4319 λυσσοδήκτων,
3699 4242 3779 4295 καὶ

2218 4338 2350 4408 περὶ
2386 4339 2747 4410 παραλύσεως
2798 4342 2893 4395 xui
2946 4341 3392 4413 ἁνεκθερμάντου
3438 4341 3641 4411 ῥίγους,
3668 4331 3776 4401 περί

2216 4448 2279 4483 τε
2331 4433 2600 4501 σπασμῶν
2654 4434 2751 4486 καὶ
2793 4435 3039 4499 τετάνου,
3066 4435 3162 4489 xui
3218 4434 3349 4505 περὶ
3378 4433 3490 4487 τῶν
3527 4429 3661 4485 κατὰ
3692 4426 3775 4493 τὴν

529 4528 691 4581 super
718 4516 1053 4583 adustiones,
1076 4518 1141 4571 ad
1170 4516 1373 4573 foedum
1398 4521 1609 4573 narium
1640 4522 1884 4589 odorem,
1904 4521 2110 4594 176a

2219 4519 2466 4591 κεφαλὴν
2519 4521 2731 4574 παθῶν.
2771 4523 2915 4593 Πρός
2957 4539 3016 4575 τε
3070 4523 3138 4576 τά
3196 4521 3553 4593 σειριῶντα⁷⁰
3587 4512 3767 4569 παιδία,

2311 4611 2321 4619 ι
2482 4612 2505 4619 μ
2632 4612 2676 4619 -.
2791 4617 2800 4619 μ
2868 4614 2877 4619 -
3040 4616 3049 4619 -
3180 4615 3190 4619 -
3275 4616 3285 4619 _
3363 4614 3372 4619 -
3615 4610 3626 4619 ι
3706 4598 3767 4619 ,ὶι

528 4604 595 4656 ad
627 4604 1030 4674 suggillationes
1060 4607 1161 4661 sub
1186 4609 1395 4673 oculos,
1432 4620 1484 4663 et
1508 4610 1575 4664 ad
1596 4610 1999 4681 cccltytnomata
2028 4615 2111 4666 in-

529 4706 772 4751 veterata
803 4698 942 4767 (5'5).
964 4697 1097 4753 Item
1131 4700 1196 4753 de
1228 4701 1501 4754 labiorum
1567 4702 1804 4757 ﬁssione.
1837 4704 1918 4757 Ad
1946 4706 2112 4774 eplte-

522 4782 691 4840 ‘lidem
728 4802 943 4856 quoque
978 4804 1043 4843 ac
1074 4788 1232 4843 faciei
1266 4805 1473 4855 naevos,
1506 4791 1897 4861 oculorumque
1924 4797 2111 4864 nigras

532 4880 795 4944 maculas,
831 4889 886 4933 et
933 4896 1113 4944 varos,
1174 4896 1237 4936 ac
1304 4882 1498 4937 ﬁcosas
1548 4884 1717 4937 menti
1766 4885 2109 4941 eminentiae.

529 4970 608 5024 De
634 4970 782 5025 foedo
816 4973 1022 5026 alarum
1051 4974 1219 5027 odore
1248 4992 1261 5027 :
1297 4974 1363 5027 de
1394 4976 1564 5030 variis
1595 4975 1876 5030 oculorum
1900 4976 2113 5032 dolori-

529 5062 650 5123 bus,
676 5061 744 5116 de
778 5062 1075 5130 pediculari
1107 5064 1317 5129 morbo,
1355 5064 1422 5117 de
1478 5065 1691 5119 narium
1728 5068 2108 5123 obstructione

526 5159 583 5204 et
609 5152 675 5207 de
703 5152 1072 5222 strangulatis.
1104 5154 1280 5222 Atque
1310 5155 1399 5209 hic
1427 5166 1653 5211 octavus
1680 5156 1818 5211 liber
1850 5167 1956 5213 est.

2218 4611 2354 4679 πρός
2388 4629 2447 4663 τε
2479 4612 2747 4676 δυσωδίας
2775 4614 2942 4685 ῥινὸς,
2968 4616 3061 4668 xui
3100 4615 3235 4685 πρὸς
3266 4614 3512 4677 ὑπώπια,
3547 4610 3635 4661 καὶ
3659 4598 3773 4668 πρδς

2212 4702 2654 4773 ὲκλίυίίιιῖ)ίιι(²ι⁴¹εοι’¹
2686 4708 3105 4777 κεχρονισμένα.
3160 4707 3296 4777 Περί
3340 4723 3399 4759 τε
3447 4698 3660 4773 χειλέων
3688 4694 3770 4757 ῥα-

2213 4794 2397 4862 γάδος,
2424 4799 2518 4848 καὶ
2548 4796 2686 4865 πρὸς
2706 4798 2931 4869 ὲφήλεις
2960 4799 3054 4852 xui
3084 4799 3305 4862 σπίλους
3328 4799 3424 4852 xui
3456 4790 3651 4864 φακοὺς
3691 4778 3769 4834 καίὶ

2218 4887 2428 4951 ἰὸνθους
2475 4888 2572 4941 xui
2610 4890 2710 4951 τὰς
2740 4892 2798 4944 ὲν
2849 4890 2927 4961 τῷ
2956 4892 3151 4963 γενείῳ
3189 4891 3447 4948 συκιίθεις
3493 4872 3767 4931 ἐπαναστά·

2218 4996 2332 5042 σεις
2351 4996 2364 5009 ·
2396 4978 2525 5051 περί
2576 4998 2637 5033 τε
2668 4983 2967 5053 μασχαλῶν
2995 4975 3280 5039 δυσωσῐας,
3313 4971 3410 5027 καὶ
3440 4973 3563 5041 περὶ
3591 4967 3689 5020 τῶν
3718 4967 3767 5016 ἐν

2219 5073 2335 5134 τοῖς
2383 5071 2688 5143 ὀφθαλμοῖς.-
2740 5063 2955 5130 παθῶν,
2995 5067 3126 5136 περί
3185 5083 3244 5119 τε
3299 5066 3651 5137 φθειριάσεως
3682 5056 3762 5109 καὶ

2218 5163 2547 5234 ἐμφράξεως
2601 5158 2960 5231 μυξωτήρων,
3002 5160 3097 5212 xui
3139 5160 3268 5231 περὶ
3310 5160 3418 5214 τῶν
3466 5150 3759 5223 ἀπαγχομέ-

2224 5271 2352 5307 νων.
2393 5254 2481 5308 Ἐν
2506 5252 2716 5315 τούτοις
2745 5250 2846 5322 μὲν
2873 5251 2967 5305 καὶ
2989 5252 3018 5304 ὁ
3050 5252 3101 5323 η’
3124 5252 3300 5323 λόγος.

1810 5384 2046 5442 VARIAE
2086 5388 2383 5446 LECTION
2389 5391 2492 5445 ES.

600 5486 645 5519 ⁸⁸
663 5506 722 5541 τε
740 5490 875 5572 add.
1127 5494 1422 5574 θεραπείας
1450 5512 1526 5551 rc.
1554 5499 1605 5574 1A“
1632 5517 1646 5555 :
1672 5498 1941 5574 θεραπείᾳ
1969 5518 2031 5565 ς.
2110 5504 2383 5574 σκίρων
2403 5503 2469 5558 Α.
2547 5499 2595 5574 ⁸9
2614 5502 2863 5573 χήμεθλα
2883 5502 2931 5557 Α
2955 5520 2969 5558 :
2995 5501 3233 5574 χέμεθλα
3261 5519 3323 5566 ς.
3401 5502 3443 5534 ⁸⁸
3462 5498 3672 5568 λιχήνων
3694 5488 3733 5544 Α

529 5555 574 5588 ’⁰
600 5561 877 5629 σηριῶντα
909 5563 976 5619 Α.
1050 5563 1095 5594 “
1128 5555 1509 5636 ἐκχυμώματα
1569 5555 2027 5641 Βοιιιάιηοεεῖιεῖε
2058 5590 2069 5625 :
2116 5555 2242 5627 libri
2275 5555 2472 5644 scrip—ti
2500 5555 2771 5644 ὲχύρἶίὲα.

2052 5663 2280 5721 NOT/E.

746 5740 1181 5817 gontinetnunc
1220 5748 1396 5817 capita
1436 5751 1529 5805 47-

604 5809 715 5879 t51)
746 5810 861 5867 Uno
899 5824 952 5867 et
975 5815 1046 5869 50
1069 5809 1359 5885 capitibus.

2281 5753 2867 5830 (ξὲὶρξηρίιῖυιιδδπ
2936 5828 2946 5830 Α
3014 5825 3026 5830 _
3246 5826 3259 5830 _
3564 5819 3574 5830 .

2294 5809 2409 5899 155’)
2444 5809 2785 5898 Vi'tioselegi
2809 5809 2905 5882 llic
2931 5825 3179 5898 ἐκύματα
3229 5826 3419 5883 docent
3463 5819 3574 5877 libri
3610 5809 3734 5867 editi-
