4032 6438
252 332 359 401 717

1355 318 1884 383 BIBLIOTHECA.
1910 341 1979 352 --
2014 317 2182 379 COD.
2212 315 2460 378 CCXIX.

3419 316 3528 383 718

329 450 391 502 Ὁ
443 447 505 502 δὲ
555 447 602 502 θ’
631 444 799 517 αὐτῷ.
830 444 931 499 ὅσα
988 439 1134 512 πάθη
1192 437 1321 511 περί
1368 456 1429 492 τε
1488 435 1716 508 θώρακα
1748 432 1844 489 καὶ

2020 432 2206 486 Nonus
2274 437 2456 486 autem
2488 435 2543 485 et
2569 426 2818 495 ultimus,
2852 426 2993 513 (54),
3044 424 3176 483 illud
3214 425 3529 485 morborum

253 542 551 611 σπλάγχνα
600 537 917 592 συνίσταται
972 534 1069 587 καὶ
1094 528 1200 594 ἕως
1255 530 1473 585 αἰδοίων
1503 529 1703 600 διήκει,
1729 526 1846 580 δια-

250 629 553 700 λαμϐάνει,
584 628 656 682 τά
688 643 747 680 τε
771 625 1060 694 γυναικεῖα
1084 620 1379 690 καταλέγει
1402 618 1573 690 πάθη,
1601 617 1695 671 καὶ
1718 617 1846 685 περὶ

251 722 541 792 ποδάγρας
588 721 683 775 καὶ
739 716 1048 788 ἀρθρίτιδος
1104 715 1198 769 καὶ
1249 712 1488 785 ἰσχιάδος
1537 709 1842 781 θεραπείας

204 804 207 805 ν
250 813 588 884 ἀναγράφει.
621 809 859 880 Τοιαύτη
888 811 983 863 καὶ
1009 809 1044 880 ἡ
1064 808 1223 880 τρίτη
1256 806 1334 877 τῷ
1377 802 1699 876 Ὀρειὸασίῳ
1722 816 1845 853 συν.

249 904 576 975 τεταγμένη
612 900 989 973 πραγματεία.

1011 1080 1158 1132 ΣΙΘ’.

458 1174 580 1230 Τοῦ
621 1172 812 1230 αὐτοῦ
839 1171 989 1242 πρὸς
1026 1169 1332 1226 Εὺνὰπιον
1354 1170 1525 1239 λόγοι
1561 1162 1631 1222 δ’.

346 1268 409 1323 Ἦ
436 1269 486 1322 δὲ
520 1268 769 1340 τετάρτη
801 1265 1143 1334 Συντομίαν
1172 1263 1270 1334 μὲν
1294 1262 1390 1315 καὶ
1420 1260 1558 1332 αύτὴ
1588 1260 1840 1332 βούλεται

270 1362 409 1431 αὐτῷ
429 1359 545 1429 τῆς
574 1359 819 1429 τέχνης,
851 1357 909 1410 ὲν
932 1357 973 1410 δ’
999 1356 1058 1410 δὲ
1084 1353 1449 1423 ἀπαρτίζεται
1489 1352 1669 1422 λόγοις
1700 1393 1717 1419 ,
1754 1352 1849 1405 καὶ

266 1453 349 1506 τὸν
376 1451 656 1505 Εύνάπιον
699 1448 1017 1513 ὑποϐάλλει,
1058 1447 1120 1500 ὃν
1168 1446 1264 1501 καὶ
1291 1445 1622 1516 λογιώτατον
1661 1446 1841 1516 ὑμνεῖ,

260 1549 430 1601 αἴτιον
460 1545 623 1617 αύτῷ
650 1544 746 1600 τοῦ
781 1544 1160 1615 συντάγματος
1201 1543 1589 1615 γεγενημένον.
1630 1541 1713 1594 Τὰ
1756 1542 1847 1594 εὐ·

256 1641 493 1710 πόριστα
554 1639 612 1693 δὲ
666 1636 815 1708 αὑτῷ
852 1636 960 1691 τῶν
998 1637 1245 1708 ίαμάτων
1302 1631 1584 1690 κάνταῦθα
1620 1632 1847 1704 γνώμην

1950 538 2121 595 genus
2157 522 2561 593 complectitur,
2580 521 2725 591 quod
2754 520 2901 581 circa
2934 519 3211 575 thoracem
3238 535 3301 576 ac
3318 521 3529 576 viscera

1948 616 2224 678 consistit,
2256 623 2311 668 et
2338 614 2406 667 ad
2431 611 2668 668 verenda
2696 626 2870 681 usque
2916 612 3199 684 pertingit.
3238 610 3532 668 Muliebres

1946 709 2109 762 etiam
2145 706 2366 760 morbos
2428 712 2695 768 recenset,
2735 705 2996 759 adversus
3044 704 3365 775 podagram,
3397 703 3531 756 arti-

1948 799 2187 853 cnlat‘em
2225 795 2495 859 morbum,
2519 804 2574 847 et
2598 792 2893 848 ischiadem
2922 792 3156 848 remedia
3200 793 3528 864 praescribit.

1947 891 2101 955 Quod
2127 888 2345 957 quidem
2372 887 2592 941 tertium
2624 895 2708 941 est
2737 888 2804 940 ab
2838 885 3093 941 Uribasio
3137 886 3401 957 scriptum
3464 885 3533 940 de

1947 996 2008 1035 re
2037 980 2241 1033 medica
2268 992 2428 1048 opus.

2647 1064 2894 1143 cexrx.

2253 1157 2505 1232 Ejusdem
2532 1160 2602 1214 ad
2626 1158 2930 1227 Eunapium
2951 1157 3075 1213 libri
3105 1172 3180 1214 tv.

2019 1251 2281 1320 Quartum
2317 1252 2446 1305 item
2500 1262 2637 1320 opus
2666 1248 2915 1315 ejusdem
2939 1262 3061 1303 esse
3089 1246 3239 1301 Artis
3274 1245 3536 1316 Compen-

1950 1343 2415 1410 dium,0ribasius
2439 1341 2575 1406 vult,
2595 1351 2829 1411 quatuor
2858 1340 2990 1396 illud
3024 1340 3178 1396 libris
3207 1340 3523 1397 absolvens.

1947 1437 2112 1505 Cujus
2142 1436 2363 1506 quidem
2385 1432 2742 1502 componendi
2768 1430 3073 1503 Eunapium
3103 1433 3291 1503 (quem
3326 1441 3381 1487 et
3415 1433 3533 1487 elo-

1948 1528 2369 1600 quentissimum
2400 1525 2682 1598 praedicat)
2707 1534 2991 1581 auctorem
3028 1526 3134 1582 sibi
3164 1525 3337 1580 fuisse
3368 1540 3531 1580 com-

1947 1632 2242 1680 memorat.
2296 1622 2559 1678 Remedia
2626 1635 2782 1687 vero,
2838 1633 2963 1690 qua:
3016 1618 3180 1674 facile
3246 1627 3533 1688 parantur,

254 1732 596 1799 συναγαγεῖν
642 1730 875 1798 εἰσάγει,
905 1720 980 1782 ὧν
1030 1729 1127 1782 καὶ¹
1152 1729 1252 1800 τὴν
1295 1727 1647 1782 διδασκαλίαν
1695 1726 1844 1796 τρισὶ

1957 1718 2169 1774 tradere
2198 1717 2302 1772 sibi
2343 1714 2681 1786 propositum
2727 1713 2805 1768 ait
2834 1728 2849 1767 :
2878 1727 3042 1787 quam
3087 1712 3255 1767 etiam
3321 1711 3532 1766 doctri-

247 1784 534 1893 διέρχεται
565 1784 810 1891 τρόποις,
844 1784 925 1873 έν).
959 1819 1056 1891 μὲν
1079 1819 1179 1882 τάς
1208 1784 1267 1871 τε
1302 1818 1534 1871 καθόλου
1582 1784 1841 1886 δυνάμεις

1957 1828 2075 1867 nam
2104 1810 2299 1881 triplici
2330 1810 2443 1864 fere
2472 1808 2630 1863 modo
2656 1805 2897 1862 coniicit.
2950 1804 3196 1859 Primum
3227 1805 3371 1858 enim
3402 1804 3535 1858 sim-

249 1917 345 1969 καὶ
394 1916 501 1979 τὰς
563 1915 657 1968 ἐπὶ
719 1913 919 1985 μέρους
966 1913 1197 1984 χρήσεις
1248 1906 1477 1965 ἑκάστου
1513 1902 1623 1963 τῶν
1658 1908 1846 1963 ἁπλῶν

250 2009 451 2067 ἐπιὼν,
478 2006 612 2080 [564
649 2005 745 2079 3.]
773 2006 1016 2077 δευτέρῳ
1044 2005 1103 2059 δὲ
1135 2004 1345 2067 πάθους
1394 2004 1626 2058 ἑκάστου
1669 2000 1738 2055 τὰ
1765 2003 1847 2055 ἰά-

254 2120 403 2173 ματα
444 2101 793 2155 συντάττων·
860 2100 944 2168 ἐφ’
979 2093 1062 2161 οἷς
1110 2099 1210 2169 τήν
1262 2113 1322 2149 τε
1381 2094 1718 2163 κατανόησιν
1751 2092 1847 2147 τοῦ

254 2192 594 2255 πεπονθότος
624 2190 818 2262 μορίου
858 2189 953 2244 καὶ
978 2189 1077 2261 τὴν
1107 2189 1364 2260 διήγησιν
1390 2187 1450 2252 ἐξ
1478 2179 1553 2241 ὧν
1584 2186 1651 2240 ἂν
1682 2186 1847 2258 θερα-

256 2286 519 2356 πευθείη.
562 2285 847 2356 Τετάρτην
905 2283 963 2336 δὲ
992 2281 1254 2336 ὑπόθεσιν
1292 2278 1757 2352 μεταχειρίζεται,
1784 2279 1850 2350 ἣν

255 2380 353 2433 καὶ
380 2378 497 2431 τῶν
532 2376 844 2447 εἰρημένων
879 2375 1197 2446 προτάττει,
1236 2372 1330 2425 τοῦ
1362 2372 1621 2441 ὑγιεινοῦ
1656 2370 1853 2440 τυγχάο

257 2486 455 2524 νουσαν
508 2468 731 2540 μέρους.
774 2467 890 2521 Καὶ
943 2466 1176 2537 ἄρχεται
1220 2464 1276 2519 δὲ
1328 2464 1525 2517 αὐτίκα
1558 2464 1616 2529 ἐξ
1647 2458 1724 2516 ὧν
1758 2463 1852 2515 καὶ

257 2565 289 2633 ἡ
326 2562 516 2632 φύσις,
548 2561 676 2631 περὶ
706 2558 923 2613 παιδίου
964 2554 1109 2625 λέγω
1140 2557 1370 2627 τροφῆς.

318 2647 482 2706 Ἔστι
514 2652 612 2723 μὲν
627 2646 771 2720 οὖνὴ
802 2648 938 2720 πρὸς
962 2648 1236 2701 Εύνάπιον
1264 2644 1415 2716 αύτῷ
1443 2642 1852 2714 συντεταγμένη

260 2744 467 2814 σπουδὴ
488 2741 679 2814 σχεδὸν
706 2744 740 2812 η
779 2740 917 2811 αὑτὴ
932 2742 998 2811 τῇ
1023 2736 1389 2810 γεγραμμένῃ
1419 2737 1553 2806 πρὸς
1577 2730 1668 2787 τὸν
1701 2733 1816 2786 υἱόν
1838 2750 1853 2764 ·

1948 1902 2170 1972 plicium
2224 1898 2511 1954 facultates
2555 1898 2832 1963 universe,
2868 1905 2923 1950 et
2987 1895 3303 1966 singulatim
3374 1910 3532 1949 usum

1950 1988 2215 2062 cujusque
2245 1998 2515 2045 recenset.
2559 1988 2765 2043 Deinde
2797 1986 2971 2042 morbi
2996 1986 3264 2056 cujusque
3287 1989 3525 2041 curatio-

1951 2094 2073 2135 nem
2093 2077 2472 2135 docet.Tertio
2490 2088 2689 2150 praeter
2717 2078 2891 2148 partis
2913 2075 3117 2133 all‘ectze
3143 2078 3534 2149 cognitionem,

1951 2174 2116 2228 etiam
2152 2171 2461 2227 medicandi
2493 2170 2764 2225 rationem
2828 2170 3072 2239 exponit.
3131 2169 3341 2236 Quarto
3382 2171 3538 2226 dani-

1952 2280 2058 2335 que
2096 2262 2218 2318 loco
2247 2261 2378 2317 illud
2415 2269 2798 2327 argumentum
2852 2268 3075 2322 tractat,
3104 2260 3247 2328 quod
3280 2261 3346 2314 ad
3390 2262 3539 2314 sani-

1954 2366 2120 2411 tatem
2147 2356 2444 2408 curandam
2477 2359 2719 2422 spectat:
2755 2353 2897 2421 quod
2928 2361 2982 2404 et
3011 2352 3224 2406 caeteris
3247 2352 3359 2421 jam
3395 2368 3535 2406 eun-

1954 2449 2179 2505 rneratis
2209 2445 2517 2518 praemittit.
2550 2444 2675 2499 Mox
2702 2460 2833 2513 ergo
2865 2459 2991 2499 cum
3024 2453 3215 2498 natura
3248 2447 3317 2500 ab
3353 2444 3538 2500 infan-

1958 2543 2027 2596 tis
2053 2540 2378 2596 educatione
2428 2539 2761 2607 auspicatur.

2028 2631 2296 2684 Cmterum
2334 2628 2426 2684 hic
2487 2628 2555 2682 ad
2597 2625 2902 2697 Eunapium
2932 2627 3086 2681 labor
3117 2627 3261 2681 idem
3320 2626 3434 2682 fere
3473 2643 3543 2684 ac

1957 2723 2210 2792 geminus
2238 2731 2324 2776 est
2343 2736 2468 2775 cum
2510 2735 2575 2775 eo
2616 2733 2801 2788 opere,
2830 2719 2973 2788 quod
3002 2720 3069 2772 ad
3104 2720 3270 2773 lilium
3298 2720 3539 2789 scripsit.

259 2837 380 2891 Τῶν
400 2810 467 2889 τε
484 2810 595 2907 γάρ
612 2810 1118 2908 χειρήουργουμένων
1146 2829 1399 2899 οὐδετέρα
1419 2828 1576 2898 λόγον
1606 2829 1737 2897 ἔχει,
1754 2828 1850 2881 κάν

1958 2813 2223 2868 Neutrum
2255 2814 2400 2867 enim
2444 2810 2739 2880 chirurgia:
2772 2810 3042 2864 rationem
3072 2810 3221 2864 ducit
3256 2824 3275 2876 ;
3324 2819 3380 2864 et
3413 2824 3539 2865 verc

258 2931 369 2991 τοῖς
388 2901 574 2990 ἄλλοις
675 2901 1035 2999 συμιρέῆρεται,
1065 2923 1206 2993 πλὴν
1227 2924 1327 2975 ὅσα
1356 2920 1454 2993 τὴν
1491 2917 1642 2984 τάξιν
1669 2921 1729 2972 οὐ
1758 2920 1850 2990 τὴν

1961 2907 2016 2961 in
2042 2905 2258 2959 caeteris
2308 2917 2529 2973 quoque
2588 2901 2935 2970 conspirant,
2972 2902 3075 2955 nisi
3116 2903 3261 2971 quod
3295 2902 3541 2956 ordinen-

262 3023 384 3092 ἔσην
420 3022 520 3074 καὶ
560 2993 758 3091 ὁμοίαν
795 2993 1075 3081 διασώζει.
1124 3013 1246 3068 Ἐπ’
1276 3012 1439 3075 ἐνίοις
1470 3010 1526 3063 δὲ
1560 3010 1756 3081 μικρόν
1793 3026 1850 3061 τι

1964 2999 2143 3067 aliqua
2171 2998 2421 3053 eumdem
2453 2995 2540 3050 vel
2569 2993 2803 3049 similem
2831 3010 2938 3048 non
2961 3005 3207 3049 servant.
3242 2993 3300 3048 ln
3319 2994 3547 3066 quibus-

260 3085 355 3167 καί
381 3116 553 3187 ἑτέρα
585 3085 686 3182 τῆς
725 3112 925 3183 ἑτέρας
954 3109 1290 3172 πλεονεκτεῖ,
1327 3103 1517 3174 ὥσπερ
1546 3106 1603 3157 ὲν
1638 3102 1850 3164 πολλοῖς

1962 3092 2084 3146 dant
2151 3090 2278 3146 item
2334 3088 2567 3143 alterum
2598 3087 2772 3141 altero
2821 3085 3067 3141 nonnihil
3100 3094 3341 3157 praestat,
3397 3095 3457 3140 ut
3488 3087 3543 3139 in

258 3208 367 3261 τῶν
395 3207 545 3261 κατὰ
570 3207 700 3270 τοὺς
729 3205 932 3268 τόπους
964 3202 1156 3257 παθῶν
1187 3203 1220 3272 ἡ
1256 3199 1397 3269 πρὸς
1432 3197 1725 3260 Εύνάπιον,
1759 3195 1850 3248 καὶ

1959 3184 2238 3254 plerisque
2272 3184 2518 3235 locorum
2556 3179 2785 3245 morbis,
2816 3188 2872 3232 et
2900 3190 3168 3248 quantutn
3204 3179 3272 3233 ad
3334 3178 3547 3249 simpli-

260 3305 343 3365 εἰς
374 3302 479 3370 τὴν
521 3299 630 3352 τῶν
676 3269 868 3353 άπλῶν
916 3269 1227 3367 φαρμάκων
1278 3291 1605 3360 διάγνωσιν*
1635 3289 1751 3341 ἔστι
1799 3286 1850 3340 δὲ

1957 3277 2100 3331 cium
2152 3273 2674 3327 medicamentorum
2701 3271 3076 3341 cognitionem
3113 3269 3264 3334 illud,
3284 3269 3431 3338 quod
3473 3270 3544 3324 ad

260 3390 323 3447 οὗ
355 3394 455 3445 καὶ
486 3392 522 3462 ἡ
548 3390 685 3462 πρὸς
716 3387 1016 3443 Εὑστάθιον
1056 3386 1172 3457 ἔχει
1202 3402 1256 3439 τι
1313 3383 1515 3453 ταύτης
1550 3380 1711 3435 πλέον
1761 3396 1850 3432 σε-

1958 3366 2260 3434 Eunapium
2306 3362 2587 3428 scribitur,
2647 3377 2803 3432 opus.
2832 3361 2897 3416 Et
2930 3362 3093 3416 habet
3122 3360 3364 3417 vicissim
3416 3360 3547 3416 alibi

263 3453 735 3555 μνολογήσασθαι.
780 3482 945 3537 Ἀλλά
972 3499 1035 3550 γε
1067 3453 1238 3550 [χάρις
1265 3476 1406 3547 ὑπὲρ
1450 3475 1719 3543 ἑκατέρας
1750 3472 1850 3524 τῶν

1958 3458 2237 3530 quidpiam
2272 3455 2337 3508 ad
2365 3454 2710 3509 Eustathium
2742 3454 2904 3519 liber,
2935 3454 3000 3509 de
3017 3469 3125 3523 quo
3161 3470 3270 3524 pra:
3303 3453 3394 3508 illo
3424 3454 3546 3522 glo-

262 3580 447 3631 πόνων
496 3575 574 3645 τῷ
618 3574 808 3646 ἀνδρί·
846 3574 906 3627 τὸ
956 3575 1063 3643 γὰρ
1094 3569 1262 3625 αὑτοῦ
1323 3569 1489 3639 μέρος
1539 3567 1598 3618 οὐ
1651 3563 1857 3634 βλάϐης

260 3670 468 3734 οὐδενὶ,
517 3668 633 3721 ἀλλ’
663 3666 934 3736 ὠφελείας
983 3663 1245 3733 ἑκατέρα,
1281 3661 1469 3730 ῶσπερ
1518 3658 1582 3727 δὴ
1626 3657 1721 3708 καὶ
1762 3656 1858 3717 τὰς

263 3763 377 3829 πρὸ
426 3760 634 3813 τούτων
684 3757 997 3822 συνέταξεν.
1030 3754 1289 3827 Φράσεως
1313 3752 1369 3805 δὲ
1406 3750 1732 3822 χαρακτῆρα
1774 3746 1863 3798 λέ-

266 3869 387 3917 γειν
444 3850 541 3903 τοῦ
584 3851 743 3918 λόγου
790 3848 908 3919 ἅμα.
949 3865 1009 3900 τε
1057 3848 1263 3917 ἄπορον
1313 3843 1408 3896 καὶ
1438 3840 1693 3912 περιττὸν
1722 3835 1860 3891 εἶναι

264 3945 445 3997 δοκεῖ·
486 3944 552 3997 ἐκ
579 3962 637 3997 τε
658 3944 705 3976 τ’
733 3943 840 4014 γὰρ
879 3941 1152 4011 διαφόρων
1186 3939 1282 3991 καὶ
1312 3932 1674 3989 παντοδαπῶν
1702 3928 1853 3999 αύτῷ

266 4039 334 4089 τὰ
393 4038 756 4106 συντάγματα
805 4034 1216 4106 συνήθροισται,
1252 4034 1347 4081 κπιί
1404 4026 1587 4095 ἰατρὸς
1631 4022 1768 4094 ἀνὴρ
1799 4021 1860 4074 οὗ

1965 3552 2091 3605 riari
2122 3544 2531 3618 possit.Verum
2557 3561 2653 3615 pro
2688 3555 2921 3615 utroque
2948 3556 3206 3616 suscepto
3228 3546 3415 3601 labore
3429 3545 3546 3614 (55‘,

1963 3642 2209 3697 habenda
2230 3639 2433 3694 homini
2453 3637 2623 3709 gratia
2640 3647 2741 3693 est.
2759 3637 2911 3704 Quod
2931 3636 3074 3691 enim
3092 3638 3146 3691 in
3166 3637 3433 3704 scriptore
3446 3622 3549 3691 fuit

1964 3749 2074 3787 non
2123 3731 2460 3786 incommodi
2491 3727 2816 3799 cujuSpiam,
2854 3729 2951 3783 sed
2985 3728 3336 3784 emolumenti
3364 3728 3550 3798 potius

1964 3839 2129 3879 causa
2158 3823 2272 3894 (56)
2304 3832 2599 3890 utrumque
2626 3818 2710 3890 (ut
2746 3830 2801 3874 et
2860 3835 2981 3891 qua).
3024 3830 3184 3875 antea
3228 3821 3548 3889 scripserat)

1965 3917 2285 3972 elaboravit.
2309 3914 2464 3981 Quod
2494 3923 2676 3967 autem
2703 3913 2772 3968 ad
2806 3912 3025 3968 dicendi
3047 3912 3427 3969 characterem
3467 3924 3550 3967 at-

1969 4012 2125 4074 tinet,
2195 4009 2416 4064 dubium
2468 4022 2589 4063 esse
2620 4022 2687 4062 ac
2764 4019 3229 4075 supervacaneum
3278 4004 3551 4068 videatur,

266 4129 363 4181 τοῦ
400 4130 460 4180 ἐν
494 4097 637 4199 λόγω
668 4127 899 4188 κάλλους
923 4097 1017 4176 irati.
1045 4121 1146 4191 τῆς
1176 4119 1366 4187 σοφίας
1396 4115 1624 4177 εὐθύνας
1655 4115 1719 4168 ἄν
1754 4128 1850 4166 τινι

1968 4101 2264 4172 quidquam
2296 4100 2563 4166 judicare.
2588 4097 2725 4152 Nam
2757 4112 2837 4153 ea:
2889 4098 3058 4152 variis
3095 4107 3260 4167 atque
3307 4098 3557 4166 omnige-

269 4221 380 4272 τῶν
433 4216 858 4290 σωφρονούντων
906 4212 1203 4283 παράσχοι,
1240 4207 1357 4262 ἀλλ’
1388 4207 1520 4259 εἴτι
1578 4204 1688 4256 τῶν
1723 4201 1850 4255 κατέ

1971 4190 2056 4244 nis
2086 4187 2278 4258 17Gb
2310 4187 2427 4241 haec
2448 4195 2575 4241 sunt
2601 4187 2670 4242 ab
2693 4200 2760 4240 eo
2782 4185 3011 4242 collecta
3070 4187 3381 4241 volumina:
3406 4186 3558 4241 etvir

270 4314 371 4383 τὴν
408 4277 659 4382 ἰατρικὴν
696 4307 874 4377 ἔργων
904 4277 1007 4358 οὐκ
1034 4277 1211 4375 ὀρθῶς
1256 4294 1612 4370 διῆλθενοούδ
1652 4294 1850 4347 ἐπεδεί-

1973 4283 2217 4335 medicus
2246 4295 2355 4333 non
2389 4278 2663 4334 sermonis
2686 4277 2969 4348 elegantiae
2992 4279 3307 4347 peritiaeque
3331 4278 3559 4331 reddere

1976 4374 2248 4430 rationem
2283 4372 2645 4441 prudentibus
2672 4371 2853 4437 debet,
2876 4372 2969 4425 sed
2993 4370 3037 4424 si
3068 4385 3230 4439 quam
3270 4368 3411 4422 forte
3441 4382 3559 4421 me-

1902 4478 1946 4532 D
1976 4467 2222 4521 dicarum
2249 4464 2590 4520 functionum
2635 4464 2818 4518 minus
2868 4472 3018 4518 recte
3056 4472 3150 4516 aut
3180 4461 3435 4527 reddidit,
3467 4468 3563 4512 aut

1970 4559 2385 4614 demonstravit.

347 4660 509 4716 Εἶδον
538 4662 595 4717 δὲ
640 4664 818 4734 ἔγωγε
851 4661 947 4717 τοῦ
993 4661 1186 4733 ἀνδρὸς
1221 4660 1317 4713 καὶ
1363 4657 1562 4727 ἑτέραν
1610 4672 1850 4726 πραγμαι

2045 4650 2169 4704 Vidi
2198 4664 2302 4718 ego
2333 4649 2566 4703 alterum
2600 4645 2843 4716 ejusdem
2878 4643 3123 4699 auctoris
3145 4657 3302 4710 opus,
3331 4640 3559 4695 totidem

277 4753 432 4805 τείαν
478 4758 537 4808 ὲν
580 4756 622 4809 δ’
667 4756 849 4824 λόγοις
901 4753 1353 4823 συντεθειμένην.
1399 4748 1750 4818 Εὐπόριστα
1807 4746 1850 4798 δὲ

1970 4743 2131 4797 libris
2159 4743 2506 4805 distinctum,
2538 4734 3410 4807 inscriptumqneParata-facilia
3422 4734 3558 4803 (37).

282 4844 634 4914 ἐπεγράφετο
668 4848 729 4900 τὸ
772 4848 998 4919 βιϐλίον,
1045 4845 1264 4899 καὶτὸν
1306 4844 1570 4911 Εύγένυον
1609 4840 1850 4894 ύπόθεσιπ

1970 4832 2027 4891 ld
2057 4836 2123 4889 ad
2155 4833 2458 4902 Eugenium
2481 4832 2772 4900 quemdam
2799 4839 3183 4896 argumentum
3220 4842 3377 4882 suum
3412 4825 3562 4879 relc-

282 4938 382 4990 ·τοῦ
434 4936 815 5003 συντάγματος
870 4942 1132 4992 ἐποιεῖτο.
1166 4938 1515 5004 Λογιὼτατον
1544 4934 1602 4987 δὲ
1650 4934 1747 4986 καὶ
1780 4933 1850 4984 τὸτ

1977 4927 2156 4990 rebat,
2183 4940 2344 4994 quem
2376 4934 2429 4978 et
2462 4923 2727 4978 disertum
2792 4922 3065 4975 nominat.
3119 4916 3317 4974 Utilem
3347 4932 3563 4986 quoque

282 5028 547 5092 Εὑγένιον
594 5025 888 5095 ὀνομάζει·
937 5024 1034 5077 καὶ
1082 5027 1442 5096 χρησιμεύειν
1488 5024 1619 5097 [290
1650 5024 1744 5095 H.]
1775 5024 1850 5093 τὴε

1981 5018 2339 5089 scriptionem
2399 5013 2518 5072 fore
2594 5012 2996 5070 rusticantibus
3058 5012 3298 5073 additur,
3358 5008 3565 5077 iterque

284 5117 684 5192 πραγματείαν
731 5117 874 5171 κατά
924 5132 983 5169 τε
1033 5115 1238 5187 ἀγροὺς
1274 5120 1369 5169 καὶ
1415 5117 1731 5187 ὁδοιπορίας
1780 5133 1849 5168 κα

1982 5113 2292 5180 agentibus,
2326 5120 2382 5166 et
2412 5110 2725 5179 ubicunque
2757 5106 2999 5163 locorum
3038 5106 3233 5165 medici
3269 5102 3422 5172 copia
3456 5116 3563 5156 non

1554 5252 1795 5306 νΑῐιιΑεῑ
1827 5247 2232 5307 [ΕΟΤΙΟΝΕΞ.

272 4404 427 4468 ξατο.

355 5348 571 5401 τ’τεΑ
609 5362 807 5427 ιγες.

1825 5455 2059 5514 NOTAE.
2148 5512 2151 5517 .

2060 5614 2173 5683 (56)
2214 5614 2417 5666 Ἕνεκα
2453 5625 2655 5683 repono
2686 5582 2791 5683 pro
2813 5609 3073 5679 ἑκατέρα.

2065 5674 2177 5754 (37)
2214 5684 2315 5751 Qui
2344 5674 2536 5754 titulus
2556 5674 2731 5754 modo
2781 5674 3039 5737 libroruin
3089 5679 3155 5735 ad
3188 5677 3490 5748 Eunaptum
3510 5674 3564 5733 in

1994 5751 2241 5811 excusaris
2270 5751 2697 5822 exetnplaribus.

386 5625 482 5692 54)
508 5620 612 5677 Per
649 5619 823 5692 capita
849 5618 939 5692 δί.

387 5684 483 5765 55}
505 5684 912 5765 Ιιζιιιοιιιίὸώπὲρ
935 5686 1202 5758 ἑκατέρας
1219 5684 1328 5739 τῶν
1352 5685 1618 5754 σπονδῶν,
1639 5696 1730 5743 aut
1752 5688 1881 5744 έκαο

296 5769 356 5821 τέ
366 5762 594 5837 ρουτῷν
627 5762 827 5819 πόνων.
