4032 6468
582 385 687 449 719

1710 343 1991 446 ΡΗοΤιί
2010 387 2147 447 PAT

2250 388 2516 448 ARCH/E
2560 391 2670 451 ΟΡ.
3684 412 3767 472 720

586 503 935 565 suppeteret:
973 502 1343 549 verumtamen
1408 494 1497 549 hic
1548 495 1687 550 liber
1728 497 1831 550 etsi
1882 496 2059 560 titulo,
2102 508 2147 552 et

2258 497 2512 569 ἀλλαχοῦ,
2549 499 2658 570 ὅπη
2709 499 2983 569 παρουσία
3045 501 3232 573 ίατροῦ
3284 504 3383 559 οὐκ
3436 507 3767 584 ἐπιχωριάζει,

583 585 832 657 apposita
899 585 1224 641 dedicationi
1285 600 1540 656 persona,
1602 586 1847 640 nonnihil
1901 586 2147 649 dill‘crat,

580 689 774 732 caetera
822 688 1005 732 tamen
1062 678 1275 733 nonnisi
1336 678 1669 747 descriptum
1721 694 1842 734 esse
1875 678 2057 747 operis
2088 680 2191 731 adv

581 770 884 840 Eunapium
917 771 1051 825 satis
1112 770 1398 825 manifeste
1451 780 1698 842 apparet.
1746 771 1924 837 Quare
1958 771 2008 824 in
2036 785 2155 824 eam

583 861 872 930 cogitando
893 861 1224 915 sententiam
1254 860 1398 926 veni,
1424 876 1532 915 non
1556 875 1680 915 esse
1718 860 1770 914 id
1823 874 2058 928 unquam
2088 859 2155 913 ab

584 952 835 1007 Uri-basio
859 951 1064 1008 factum
1109 971 1122 1008 :
1160 952 1252 1006 sed
1286 954 1369 1004 vel
1402 968 1645 1006 errorem
1674 950 1811 1019 ejus,
1837 951 1929 1020 qui
1960 951 2027 1004 ab
2050 951 2156 1005 inin

586 1046 662 1099 tio
688 1045 914 1105 missum
946 1047 1014 1100 ad
1036 1043 1337 1115 Eunapium
1382 1045 1578 1099 librum
1613 1043 1995 1108 describendo,
2027 1045 2157 1098 titu-

587 1138 693 1191 lum
725 1139 943 1207 quidem
974 1139 1029 1191 in
1053 1137 1485 1206 Parata-[acilia
1523 1137 1900 1202 commutarit,
1929 1152 2027 1206 pro
2046 1138 2155 1190 Eu-

586 1234 748 1303 napio
779 1246 911 1287 vero
952 1231 1251 1300 Eugenium
1295 1230 1589 1299 subjecerit
1621 1247 1635 1283 :
1672 1230 1754 1285 vel
1802 1230 1965 1284 alium
2006 1240 2154 1285 certe

585 1322 895 1392 quempiam
925 1321 1153 1393 gloriam
1184 1323 1286 1377 sibi
1312 1336 1380 1376 ex
1425 1322 1764 1378 dedicatione
1794 1331 2152 1392 quaerentem,

583 1416 649 1468 ad
694 1415 800 1469 hoc
848 1414 1159 1486 confugisse
1208 1426 1597 1480 commentum,
1642 1424 1702 1469 ut
1758 1430 1857 1484 pro
1910 1414 2154 1483 Eunapio

586 1506 909 1576 Eugenium,
937 1514 992 1562 et
1019 1522 1120 1578 pro
1165 1507 1372 1577 scripto
1417 1507 1491 1562 ibi
1555 1508 1713 1563 titulo
1742 1507 2153 1576 Puram-facilia

581 1599 869 1655 scriberet.

1264 1772 1470 1831 CCXX.

1003 1867 1231 1923 Theonis
1257 1868 1519 1923 archiatri
1545 1868 1733 1923 Homo.

653 1960 782 2032 Legi
810 1961 1053 2016 Theonis
1078 1963 1336 2016 archiatri
1374 1961 1723 2016 Alexandrini
1761 1960 1956 2016 librum
1981 1961 2151 2016 medi-

578 2069 726 2118 cum,
754 2054 846 2118 qui
866 2053 1038 2107 Homo
1066 2053 1404 2118 inscribitur,
1431 2052 1813 2109 etTheoctisto
1846 2053 2145 2108 dedicatur.

578 2147 902 2201 Curationes
923 2158 1102 2202 autem
1134 2147 1451 2218 auspicatur
1472 2148 1541 2202 ab
1581 2148 1831 2211 hominis
1853 2147 2029 2217 capite
2055 2162 2149 2202 us-

578 2254 684 2308 que
722 2240 789 2293 ad
812 2238 1329 2306 pedes,ali‘ectorum
1360 2239 1608 2293 onmium
1637 2238 1864 2294 humani
1896 2239 2142 2309 corporis

581 2335 813 2404 partium
833 2334 1035 2388 morbis
1063 2332 1304 2388 remedia
1348 2332 1592 2402 quazdam
1622 2331 1875 2388 all‘erens.
1911 2332 2026 2386 Non
2067 2343 2148 2387 ta-

580 2443 703 2480 men
729 2436 822 2479 aut
849 2425 1024 2478 morbi
1058 2435 1334 2485 naturam,
1361 2424 1465 2477 nisi
1489 2425 1542 2477 in
1578 2422 1765 2492 paucis
1791 2426 1949 2490 forte,
1973 2426 2149 2495 expli~

578 2528 689 2583 cat,
725 2516 972 2570 autsatis
1024 2516 1279 2570 distincte
1304 2515 1425 2568 illas
1496 2530 1582 2569 res
1628 2517 1795 2570 tradit
1843 2517 1907 2570 de
1948 2517 2145 2585 quibus

578 2610 847 2661 disserere
920 2608 1197 2677 prolionit.
1260 2605 1559 2675 Dcscriptis
1610 2621 1738 2660 vero
1793 2607 1902 2676 jam
1955 2622 2143 2661 eorum

578 2700 893 2753 morborum
933 2698 1210 2769 remediis,
1232 2697 1325 2767 qui
1359 2697 1519 2766 pedes
1558 2706 1722 2767 atque
1771 2699 2030 2754 articulos
2061 2700 2146 2754 in-

577 2786 777 2842 vadere
812 2788 1008 2852 solent,
1072 2785 1141 2841 de
1205 2786 1565 2856 purgantibus
1645 2785 1840 2839 deinde
1906 2786 2146 2841 medica—

577 2879 774 2932 mentis
849 2878 1188 2947 simplicibus
1240 2878 1373 2947 agit,
1430 2886 1765 2946 conaturque
1831 2887 1887 2931 et
1941 2893 2143 2934 causas

577 2971 838 3039 quasdam
889 2970 1118 3023 reddere
1146 2969 1327 3040 idque,
1383 2980 1438 3022 ut
1477 2969 1609 3024 mihi
1650 2970 1865 3039 quidem
1909 2971 2140 3035 videtur,

577 3077 682 3114 non
724 3071 890 3126 recte,
944 3075 1119 3127 neque
1168 3059 1453 3114 veritatem
1482 3072 1726 3126 secutus,
1756 3075 1851 3115 cur
1879 3060 2144 3132 purgandi

576 3150 889 3206 faettltatem
922 3152 1338 3221 pharmacorum
1389 3161 1582 3206 natura
1625 3161 1834 3207 exerat.
1868 3150 2006 3207 Hinc
2031 3168 2145 3207 me-

577 3247 1006 3299 dicamentorum
1069 3243 1245 3297 onmis
1302 3243 1515 3314 generis
1544 3242 1986 3311 compositionem
2021 3258 2145 3313 per-

580 3345 803 3398 tractat,
854 3350 974 3403 quee
1000 3332 1356 3388 sullicientem
1389 3333 1453 3386 ad
1482 3348 1645 3401 supra
1681 3331 1986 3387 nominatos
2008 3347 2146 3386 mor-

573 3428 694 3491 bos,
720 3436 1058 3495 caetcrasque
1094 3426 1316 3481 humani
1346 3424 1592 3494 corporis
1624 3421 1945 3481 all'ectiones
1982 3439 2142 3479 usum

574 3524 876 3595 prtebeaut,
913 3522 1146 3593 singulis
1210 3522 1479 3575 morbosis
1531 3518 1795 3589 partibus,
1824 3533 1961 3588 quas
2011 3519 2146 3573 cuii-

572 3626 739 3682 serat,
770 3618 1009 3670 remedia
1045 3614 1240 3685 177a
1305 3613 1611 3669 ascribens.
1641 3609 1945 3681 Emplastra
1983 3609 2144 3665 insu-

571 3724 692 3777 per,
748 3716 804 3761 et
862 3708 1127 3760 adversus
1180 3703 1551 3759 lassitudinem
1608 3702 1869 3766 remedia,
1920 3700 2145 3773 collyria

575 3800 724 3863 item,
765 3813 830 3852 ac
860 3798 1039 3850 varias
1092 3797 1364 3849 antidotus
1391 3812 1421 3848 a
1447 3794 1616 3847 variis
1648 3792 1993 3863 praescriptas
2028 3807 2145 3847 me-

574 3889 711 3943 dicis
743 3886 919 3942 aﬂ‘erl.
955 3887 1069 3953 Qua
1106 3887 1158 3939 iu
1198 3901 1334 3954 Optts
1379 3885 1509 3938 illud
1568 3884 1931 3938 consumitur.
1986 3883 2146 3938 Liber

571 3994 752 4034 autem
788 3982 874 4033 hic
902 3978 1148 4033 eamdem
1178 3978 1292 4033 fere
1348 3975 1660 4042 utilitatem,
1695 3991 1859 4047 qualn
1908 3974 2143 4032 Oribasii

571 4074 843 4145 synopsis,
876 4071 1087 4128 aﬂ‘erat.

1273 4247 1508 4305 CCXXI.

790 4341 926 4394 Aelii
958 4340 1202 4396 Amideni
1239 4341 1423 4411 Operi;
1450 4340 1637 4395 medici
1664 4340 1787 4395 libri
1821 4355 1930 4394 xvi.

644 4434 899 4500 Legimus
928 4434 1067 4488 Aetii
1097 4433 1342 4487 Amideni
1384 4433 1460 4487 De
1481 4450 1535 4486 re
1556 4433 1758 4486 medica
1788 4434 1955 4489 libros
1988 4433 2145 4488 sede-

2176 1848 2225 1908 B

2271 589 2430 642 Ἀλλά
2458 590 2616 642 τοῦτο
2646 592 2705 643 τὸ
2735 590 2938 661 βιϐλίον
2964 592 3106 645 κατὰ
3138 595 3237 663 μὲν
3260 595 3356 667 τὴν
3383 598 3668 675 ἐπιγραφὴν
3692 608 3770 665 κάλ

2258 682 2319 734 τὸ
2361 682 2794 751 ὑποϐαλλόμενον
2845 686 2924 747 εἲς
2967 687 3067 757 τὴν
3096 688 3475 761 προσφώνησιν
3522 698 3771 765 πρόσωπον

2256 775 2522 845 διαφορὰν
2577 777 2711 846 ἔχει,
2759 776 2827 830 τά
2876 778 2919 830 δ’
2945 778 3080 832 ἄλλα
3115 777 3259 848 μάλα
3309 786 3606 851 περιφανῶς
3638 806 3775 858 μετα.

2258 863 2443 932 γραφὴ
2480 863 2612 933 μόνη
2654 864 2771 917 ἐστὶ
2799 865 2900 933 τῆς
2930 865 3068 935 πρὸς
3097 867 3365 921 Εὐνάπιον
3410 878 3772 948 πραγματείας,

2256 952 2396 1005 ὥστε
2422 954 2597 1021 ἔγωγε
2625 956 2719 1007 καὶ
2744 956 2826 1018 είς
2848 956 3142 1024 λογισμοὺς
3168 959 3439 1029 ἀφικόμην
3467 962 3539 1024 ὼς
3563 964 3659 1034 ἄρα
3689 972 3775 1038 μή-

2259 1060 2392 1096 ποτε
2418 1045 2519 1097 οὐκ
2548 1045 2633 1114 εἴη
2658 1044 2816 1097 τοῦτο
2845 1045 3166 1117 Ὀρειϐασίῳ
3187 1048 3663 1120 διαπεπραγμένον,
3683 1058 3773 1113 ἀλλ’

2255 1133 2290 1205 ἢ
2328 1134 2636 1207 ἁμάρτημα
2665 1136 2759 1189 τοῦ
2789 1137 2883 1189 ἀπ’
2914 1138 3087 1208 ἀρχῆς
3119 1139 3427 1209 γράψαντος
3450 1143 3509 1196 τὸ
3537 1147 3660 1214 πρὸς
3694 1151 3777 1203 Εὖ-

2255 1227 2447 1282 νάπιον
2496 1226 2720 1296 βιϐλίον,
2753 1227 2812 1291 ὃς
2838 1230 2938 1298 τήν
2969 1246 3031 1282 τε
3068 1230 3379 1303 ἐπιγραφὴν
3405 1233 3484 1295 είς
3519 1233 3585 1285 τά
3614 1237 3777 1291 Euad-

2246 1337 2429 1389 ριστα
2458 1320 2787 1391 μετετάξατο
2817 1322 2913 1376 καὶ
2945 1323 3069 1376 ἀντὶ
3101 1324 3371 1377 Εὑναπίου
3402 1324 3643 1393 Εὑγένιον
3692 1332 3777 1385 ὑπ-

2255 1412 2498 1478 εϐάλετο,
2533 1412 2567 1483 ἢ
2600 1413 2788 1483 ἔτερόν
2807 1430 2929 1466 τινα
2952 1413 3109 1481 δόξαν
3142 1414 3321 1486 έαυτῷ
3352 1418 3416 1469 ὲκ
3442 1417 3537 1487 τῆς
3564 1433 3779 1491 προσφω.

2252 1506 2461 1576 νήσεως
2509 1504 2792 1575 μνώμενον
2837 1505 2916 1569 είς
2957 1505 3059 1576 τὴν
3105 1506 3365 1577 τοιαύτην
3409 1513 3780 1583 περιενεχθῆναι

2252 1595 2521 1660 ἐπίνοιαν,
2556 1596 2651 1649 καὶ
2681 1595 2914 1666 ἀμεῖψαι
2943 1597 3038 1650 τόν
3067 1614 3127 1650 τε
3158 1597 3428 1653 Εὑνάπιον
3456 1601 3533 1663 είς
3563 1601 3779 1669 Εὐγένιον

2251 1688 2347 1742 καὶ
2376 1687 2475 1759 τὴν
2504 1689 2763 1759 κειμένην
2797 1688 3107 1760 ἐπιγραφὴν
3128 1690 3232 1757 Είς
3263 1693 3589 1761 εὐπόριστα
3608 1693 3669 1749 τ’.

2963 1778 3110 1832 .ΣΚ’.

2502 1868 2732 1936 Θέωνος
2779 1869 3100 1940 ἀρχιατροῦ
3147 1872 3183 1925 ό
3216 1871 3575 1939 Ἀνθρωπος.

2338 1961 2681 2034 ’Δνεγνὼσθη
2713 1962 2921 2027 Θέωνος
2953 1962 3253 2035 άρχιητροῦ
3296 1964 3675 2035 Ἀλεξανδρέως
3721 1969 3783 2021 ία-

2251 2054 2440 2126 τρικδν
2475 2054 2700 2125 βιϐλίον,
2728 2054 2757 2108 ὃ
2810 2055 3104 2125 ἐπιγράφει
3133 2057 3493 2125 Ἄνθρωπον.
3522 2060 3784 2129 θεοκτὶστῳ

2256 2144 2354 2213 μὲν
2383 2143 2445 2197 τὸ
2476 2143 2762 2215 σύνταγμα
2796 2148 3133 2217 προσφωνεῖ,
3182 2147 3496 2219 ἀπάρχεται
3524 2147 3577 2198 δὲ
3608 2149 3695 2217 τῆς
3719 2150 3785 2202 θε-

2257 2237 2491 2309 ραπείας
2530 2237 2640 2291 ἀπὸ
2672 2237 2915 2309 κεφαλῆς
2942 2239 3036 2291 καὶ
3062 2237 3241 2310 διήκει
3271 2239 3435 2309 μέχρι
3466 2238 3653 2301 ποδῶν,
3680 2240 3785 2292 πάνυ

2250 2346 2360 2382 των
2390 2328 2499 2381 τῶν
2537 2328 2887 2383 πεπονθότων
2939 2330 3146 2400 μορίων
3202 2329 3299 2383 τοῦ
3357 2330 3603 2401 σώματος
3653 2331 3783 2403 θερα-

2251 2421 2413 2485 πείας
2439 2421 2594 2486 τινὰς
2623 2423 2977 2493 ἀναγράφων.
3011 2422 3151 2477 Οὔτε
3178 2422 3237 2476 δὲ
3265 2424 3368 2495 τὴν
3400 2422 3493 2476 τοῦ
3523 2426 3786 2495 νοσήματος

2250 2513 2416 2584 φύσιν
2471 2515 2612 2587 πλὴν
2654 2515 2747 2568 ἐπί
2794 2532 2858 2583 γε
2908 2516 3157 2587 βραχέων
3194 2516 3529 2583 ἐκδιδάσκει,
3559 2516 3671 2569 οὔτε
3702 2521 3788 2582 toi;

2250 2607 2525 2679 πρέπουσι
2561 2608 3093 2679 πῳσδιορισμοίςτδ,
3125 2608 3256 2679 περὶ
3288 2602 3366 2662 ὧν
3399 2608 3686 2679 προάγεται
3721 2609 3790 2662 λέ-

2249 2716 2390 2769 γειν,
2418 2701 2519 2772 τὴν
2544 2701 2895 2755 διδασκαλίαν
2926 2702 3150 2769 ὑπάγει.
3185 2702 3343 2756 Μετὰ
3374 2701 3433 2755 δέ
3476 2718 3538 2771 γε
3583 2703 3639 2754 τὸ
3684 2703 3790 2773 γρά-

2248 2791 2415 2861 eam
2446 2792 2553 2846 τῶν
2587 2792 2934 2863 ποδαγρικῶν
2976 2794 3074 2846 καί⁵
3121 2792 3462 2864 ἅρθριτικῶν
3514 2792 3686 2846 παθῶν
3727 2792 3792 2846 id-

2251 2902 2416 2955 ματα,
2474 2885 2693 2951 διέξεισι
2737 2886 2836 2955 μὲν
2890 2887 3017 2953 περὶ
3076 2884 3186 2937 τῶν
3240 2884 3434 2938 ἁπλῶν
3486 2882 3789 2955 καθαρτικῶν

2249 2977 2580 3047 φαρμάκων,
2613 2978 2875 3049 πειρᾶται
2899 2977 2957 3030 δὲ
2984 2976 3080 3031 καὶ
3110 2978 3292 3041 αἰτίας
3316 2976 3472 3040 τινάς
3497 2976 3788 3039 ἀποδιδόναι,

2250 3066 2379 3139 [565
2434 3068 2526 3133 3.]
2561 3070 2663 3124 οὐκ
2704 3069 2894 3141 ἔμοιγε
2950 3068 3141 3123 δοκοῦν
3190 3070 3371 3141 ὀρθῶς
3405 3071 3525 3123 οὐδὲ
3552 3071 3642 3139 τῆς
3681 3069 3788 3139 ἀλη-

2250 3159 2400 3223 θείας
2437 3161 2769 3232 ἐξημμένος,
2802 3164 2872 3216 δι’
2902 3161 2971 3226 ἃς
3006 3162 3105 3233 τὴν
3154 3161 3494 3234 καθαρτικὴν
3539 3162 3789 3231 δύναμινή

2247 3252 2357 3304 τῶν
2383 3255 2691 3325 φαρμάκων
2734 3255 3068 3308 ἐπιδείκνυσι
3122 3255 3303 3326 φύσις.
3338 3255 3475 3309 Εἶτα
3524 3255 3645 3326 περὶ
3692 3272 3790 3307 συν-

2248 3342 2449 3408 θέσεως
2485 3345 2841 3400 παντοδαπῶν
2868 3346 3223 3416 διαλαμϐάνει
3257 3348 3588 3418 φαρμάκων,
3639 3347 3723 3398 ὅσα
3744 3362 3790 3398 τι

2249 3435 2399 3506 αὐτῷ
2430 3436 2566 3508 πρὸς
2593 3438 2665 3490 τά
2692 3438 3072 3509 προειρημένα
3117 3439 3232 3493 τῶν
3283 3439 3607 3510 νοσημάτων
3635 3436 3790 3507 ἱκανὴν

2248 3527 2551 3597 παρέχεται
2582 3527 2682 3600 τὴν
2710 3529 2923 3600 χρείαν,
2956 3531 3051 3584 καὶ
3074 3531 3211 3603 πρὸς
3233 3529 3304 3584 τά
3336 3530 3503 3584 λοιπά
3531 3530 3695 3584 πάντα
3714 3529 3789 3581 τοῦ

2250 3617 2502 3689 σώματος
2548 3620 2720 3691 πάθη,
2761 3620 2798 3676 ἃ
2831 3626 3049 3693 παρῆκε
3094 3624 3195 3693 τὴν
3224 3624 3371 3677 κατὰ
3409 3623 3478 3676 τὰ
3524 3622 3790 3676 πεπονθότα

2251 3710 2415 3781 μόρια
2445 3710 2746 3781 θεραπείαν
2787 3714 3149 3783 ἀναγράφων,
3198 3713 3585 3784 ἑμπλάστρους
3629 3729 3682 3764 τε
3715 3711 3789 3764 καὶ

2248 3801 2430 3855 ἄκοπα
2466 3803 2560 3857 καὶ
2602 3804 2926 3875 κουλλούρια
2955 3807 3050 3860 καὶ
3092 3807 3407 3870 άντιδότους
3441 3807 3715 3877 διαφόρους
3740 3805 3789 3855 ἐκ

2245 3893 2521 3964 διαφόρων
2548 3895 2760 3963 ἀνδρῶν
2785 3901 3303 3971 κατεσκευασμένας
3358 3901 3681 3970 ἀναγράφει.
3703 3896 3789 3952 Καὶ

2246 3986 2305 4037 ὲν
2330 3985 2541 4049 τούτοις
2594 3987 2741 4057 αὐτῷ
2773 3989 2805 4059 ή
2831 3988 3058 4059 τοιαύτη
3087 3989 3527 4060 συμπεραίνεται
3561 4004 3787 4060 πραγμα-

2245 4076 2388 4131 τεία.
2433 4078 2591 4130 Ἔστι
2638 4080 2819 4148 μέντοι
2854 4080 2955 4151 τὴν
3005 4080 3192 4151 χρείαν
3221 4080 3283 4134 τδ
3331 4080 3538 4150 βιϐλίον
3565 4083 3674 4142 ταῖς
3714 4075 3787 4131 τοῦ

2259 4168 2601 4239 Ὀρειϐασίου
2632 4170 2890 4241 συνόψεσι
2928 4170 3306 4241 παρεχόμενον
3334 4170 3727 4243 παραπλησίαν.

2900 4261 3071 4315 ΣΚΛ¹.

2434 4349 2659 4405 ’Δετίου
2697 4351 3015 4420 Ἀμιδηγοῦ
3057 4349 3329 4421 Ἰατρικοί
3373 4352 3543 4422 λόγοι
3568 4348 3657 4415 ις’.

2326 4441 2674 4512 Ἀνεγνώσθη
2714 4443 2921 4496 ’Δετίου
2954 4442 3242 4514 Ἀμιδηνοῦ
3286 4445 3534 4499 Βιϐλίων·
3562 4439 3786 4509 ίατρικὸν

571 4529 674 4582 ciui
709 4529 842 4598 (58).
877 4528 1107 4596 Collegit
1134 4537 1312 4580 autem
1368 4535 1538 4579 totum
1572 4525 1741 4579 hocce
1774 4542 1910 4595 opus
1948 4541 2053 4579 non
2075 4540 2142 4579 ex

2250 4534 2307 4586 ὲν
2341 4533 2522 4602 λόγοις
2548 4532 2643 4598 ις’.
2679 4536 2837 4588 Ἔστι
2867 4535 2968 4605 μὲν
2997 4535 3088 4589 οῦν
3117 4539 3269 4609 αὐτῴ
3301 4540 3452 4592 πᾶσα
3482 4539 3515 4607 ὴ
3555 4547 3780 4607 πραγμα-

572 4620 637 4672 iis
682 4630 890 4672 tantum
953 4618 1336 4687 scriptoribus,
1371 4632 1402 4670 e
1455 4616 1653 4684 quibus
1684 4616 1972 4670 Uribasius
2013 4631 2143 4670 suos

2250 4626 2367 4677 τεία
2390 4627 2796 4697 συντεταγμένη
2832 4627 2896 4680 ἐκ
2923 4644 2982 4679 τε
3005 4621 3081 4681 ῶν
3124 4630 3462 4700 Ὀρειϐάσιος
3495 4629 3626 4697 πρὸς
3684 4622 3786 4674 Ἰου·

571 4713 687 4763 sive
722 4712 787 4763 ad
814 4708 1090 4763 lulianum
1126 4709 1510 4777 imperatorem
1543 4709 1659 4763 sive
1704 4709 1770 4763 ad
1800 4707 2141 4763 Eustathiqu

2250 4716 2431 4769 λιανὸν
2456 4715 2664 4786 ἔγραψε
2692 4717 2829 4788 πρός
2847 4734 2909 4770 τε
2932 4720 3231 4773 Εὑστάθιον
3271 4723 3367 4776 καὶ
3408 4721 3687 4780 Εὑνάπιον,
3721 4712 3785 4761 ἔτι

569 4813 622 4855 et
645 4802 949 4870 Eunapium
983 4800 1171 4867 libros,
1207 4802 1300 4854 sed
1364 4815 1429 4854 ex
1466 4800 1853 4868 therapeuticis
1884 4811 2144 4869 praeterea

2250 4811 2307 4864 δὲ
2333 4810 2428 4863 καὶ
2452 4811 2517 4862 ὲκ
2548 4809 2657 4862 τῶν
2689 4809 3103 4879 θεραπευτικῶν
3150 4811 3371 4881 βιϐλίων
3416 4802 3668 4874 Γαληνοῦ.
3711 4800 3785 4853 καὶ

568 4894 756 4948 Caleni
799 4892 975 4959 libris,
1007 4902 1171 4961 atque
1207 4907 1271 4947 ex
1290 4892 1595 4963 Archigene
1624 4900 1679 4945 et
1704 4890 1867 4946 Rufo.
1898 4892 1978 4945 Ad
2028 4893 2144 4947 haec

2255 4900 2361 4971 μὴν
2388 4901 2480 4952 καὶ
2508 4899 2858 4970 Ἀρχιγένους
2890 4900 2983 4953 καὶ
3027 4899 3279 4968 Ῥούφου,
3317 4901 3395 4951 ἑτι
3421 4895 3477 4945 δὲ
3504 4887 3779 4957 Διοσκουρί-

567 5004 597 5040 e
633 4984 964 5050 Dioscoride,
1009 4982 1303 5050 Herodoto,
1354 4982 1585 5050 Sorano,
1628 4981 1927 5053 Philagrio.
1958 4983 2141 5037 Philo-

568 5090 747 5138 mene,
778 5073 1093 5139 Posidonio,
1129 5075 1360 5143 aliisque
1426 5074 1726 5138 nonnullis,
1759 5075 1851 5142 qui
1886 5073 2139 5128 medendi

567 5178 684 5219 arte
718 5182 914 5221 nomen
954 5167 1055 5221 sibi
1080 5166 1417 5237 gloriamque
1452 5176 1798 5235 pepererunt.
1828 5164 1873 5219 A
1904 5164 2138 5221 faculta-

2245 4991 2336 5044 δου
2363 5032 2378 5057 ,
2413 4992 2509 5046 καί⁵
2550 4992 2835 5061 Ἡροδότου
2865 4992 2962 5044 καὶ
2996 4982 3271 5054 Σωμνοῦ,
3305 4982 3594 5053 Φιλαγρίου
3625 4996 3679 5031 τε
3708 4978 3783 5029 καὶ

2244 5080 2577 5150 Φιλουμένου
2612 5082 2707 5133 καὶ
2734 5074 3093 5133 Ποσειδωνίου
3124 5074 3219 5126 καὶ
3243 5073 3448 5143 ἐτέρων
3497 5072 3653 5125 τινῶν
3691 5068 3781 5118 τῶν

2246 5173 2339 5224 ἐπὶ
2369 5176 2434 5243 τῇ
2464 5173 2630 5243 τέχνῃ
2667 5173 2765 5241 τῆς
2827 5166 3079 5236 ἰατρικῆς
3136 5165 3307 5234 όνομα
3366 5165 3645 5218 λιπόντων.
3691 5160 3783 5215 Καὶ

2245 5263 2555 5334 ἁπάρχεται
2586 5265 2684 5335 μὲν
2735 5259 2844 5313 ἀπὸ
2871 5258 2971 5327 τῆς
3004 5258 3113 5310 τῶν
3162 5257 3348 5310 ἁπλῶν
3396 5257 3690 5329 φαρμάκων
3733 5267 3780 5302 τε

2246 5354 2342 5406 καὶ
2366 5354 2583 5425 τροφῶν
2630 5352 2916 5423 δυνάμεως
2964 5348 3230 5420 Γαληνοῦ,
3263 5350 3324 5403 ὲν
3364 5347 3579 5417 συνόψει
3636 5340 3780 5397 ταῦτα

566 5263 711 5314 tibus
737 5271 915 5315 autem
953 5259 1282 5328 simpliciqu
1320 5258 1866 5322 medicamentorum,
1900 5272 1963 5313 ac
1988 5258 2138 5312 cibo-

564 5368 682 5406 rum
719 5367 750 5406 e
777 5352 984 5407 Caleno
1014 5353 1255 5407 breviter
1281 5352 1397 5405 haec
1423 5365 1882 5411 commemorans,
1919 5351 2135 5404 initium

1825 5459 2064 5515 VARIIE
2102 5461 2513 5519 LECTIONES.

630 5558 679 5589 "
746 5565 866 5625 post
886 5556 1183 5626 εὐπόριστα
1227 5554 1287 5626 in
1321 5554 1367 5606 Α
1411 5555 1565 5626 vacui
1612 5569 1804 5626 versus
1832 5554 1903 5608 28
1930 5570 2055 5626 cum
2086 5553 2283 5626 pagina
2324 5556 2549 5611 adversa
2577 5556 2627 5611 in
2649 5554 2691 5611 C
2735 5570 2917 5611 versus
2945 5552 2980 5606 2
3011 5552 3136 5625 1/2.
3210 5552 3255 5584 '”
3282 5552 3548 5626 πρέπουσι
3572 5542 3776 5609 τοῖςδιο·

566 5624 777 5697 οισμοίς
806 5645 864 5692 ς.
942 5628 991 5660 ’⁸
1023 5624 1080 5680 δέ
1106 5642 1167 5694 γε
1190 5624 1252 5678 τὸ
1282 5625 1489 5697 γράψαι
1512 5628 1556 5677 A
1584 5644 1598 5680 :
1632 5625 1689 5678 δὲ
1717 5625 1778 5677 τὸ
1806 5624 2014 5695 γράψαι
2074 5625 2169 5677 κα)⁸
2202 5642 2260 5688 ς’.

2078 5738 2315 5794 NOTAE.

637 5836 744 5892 (38)
785 5835 1024 5900 Quorum
1050 5836 1270 5907 priores
1305 5834 1369 5889 18
1434 5833 1619 5890 Graece
1664 5835 1870 5904 pridem
1932 5832 2175 5889 Venetiis
2205 5832 2412 5889 excusi.
