4032 6468
278 397 361 461 nt
1144 391 1665 459 BIBIJOTHECA.
1699 419 1768 428 —
1806 393 2024 458 conn.
2064 394 2280 470 ccxx,
2312 394 2559 463 CCXXI.
3393 396 3500 463 72?.

284 502 461 571 διεξιών
483 504 499 521 ⁸
528 494 1028 570 συμπεραίνεταιδὲ
1062 501 1213 574 αὑτῷ
1243 503 1447 576 τὸ[291
1480 503 1574 575 Η.]
1603 503 1809 573 βιϐλίον
1836 514 1876 565 Δ

1916 505 2080 571 ducit,
2117 507 2407 579 tlniturque
2432 525 2567 580 opus
2615 508 2755 563 libro
2802 517 2956 566 sexto
3011 508 3241 577 decimo,
3293 514 3380 583 qui
3431 513 3500 568 de

284 603 346 661 εἰς
364 596 444 650 τὸν
482 599 553 658 ις’
581 592 757 660 λόγον,
787 594 915 666 περὶ
945 597 1275 662 γυναικείων
1308 597 1409 668 τὴν
1455 597 1810 652 διδασκαλίαν

1909 598 2193 654 mulierum
2246 602 2449 657 morbis
2480 613 2746 673 prmcepta
2772 604 2939 658 tradit
2969 619 2983 655 :
3020 604 3218 675 quibus
3241 619 3361 659 cum
3390 606 3497 660 alia

284 688 560 759 ποιούμενον
607 686 818 741 παθῶν.
860 682 957 753 Οἷς
1002 688 1096 741 καὶ
1139 689 1303 760 ἕτερά
1359 706 1481 743 τινα
1524 690 1810 744 συντάττει

1909 689 2364 762 adnectitcapita,
2395 703 2509 748 tum
2540 696 2811 765 tergenda:
2841 695 3024 764 faciei,
3051 696 3353 767 reliquique
3369 712 3496 752 cor-

282 782 528 853 κεφάλαια,
568 779 872 849 σμήγματά
897 797 958 833 τε
986 779 1161 850 ὅψεως
1182 781 1515 851 παραδιδοὺς
1566 782 1664 835 καὶ
1708 780 1807 835 τοῦ

1903 780 2055 850 poris
2085 782 2352 839 rationem
2377 783 2561 853 docet,
2597 787 3072 842 mnanthariorum
3106 786 3329 857 insuper
3356 802 3494 856 pra:-

282 870 430 927 λοιποῦ
475 867 741 939 σώματος,
797 870 1099 935 σκευασίας
1146 887 1209 925 τε
1271 872 1655 943 οἱνανθαρίων,
1708 872 1806 927 καὶ

1905 872 2213 942 paratione,
2233 884 2287 931 et
2327 877 2378 932 id
2408 890 2579 947 genus
2598 878 2720 933 aliis
2736 879 3061 949 quibusdam
3099 879 3346 945 adjectis.
3378 880 3492 944 Sic,

281 964 409 1035 ἕτερά
429 978 538 1015 τινα
570 961 984 1035 τοιουτότροπα.

1903 967 1981 1021 uti
2018 964 2297 1034 diximus,
2329 984 2470 1038 opus
2522 971 2836 1027 universum
2904 978 2960 1027 et
3006 970 3195 1041 incipit
3255 980 3309 1026 et
3348 969 3494 1025 desi-

287 1058 363 1111 nit.
394 1052 701 1123 Singulatim
755 1065 987 1124 autem;
1042 1054 1258 1127 primus
1312 1055 1452 1113 liber
1492 1053 1819 1128 simplicium
1848 1054 2237 1116 alimentorum
2287 1074 2351 1117 ac
2398 1062 2923 1118 medicamentorum
3003 1061 3295 1119 facultates
3367 1064 3492 1117 bre-

287 1150 395 1202 viter
419 1146 743 1214 perstringit.

354 1242 403 1294 Ἥ
424 1240 495 1311 μὲν
520 1234 615 1294 οὖν
637 1240 735 1314 ὅλη
764 1241 914 1314 αὐτῷ
952 1246 1311 1317 πραγματεία
1341 1246 1402 1315 ἐξ
1426 1240 1502 1301 ῶν
1526 1264 1589 1301 τε
1634 1245 1803 1319 ἄρχε-

1973 1243 2125 1299 Alter
2150 1244 2273 1300 dein
2304 1246 2695 1303 metallieorum
2723 1243 3039 1302 facultatem
3074 1256 3129 1300 et
3158 1260 3338 1311 usum,
3364 1244 3488 1299 ani-

296 1350 374 1397 ται,
390 1331 584 1401 εἴρηται,
606 1331 708 1384 καὶ
748 1334 805 1385 ἐν
831 1329 914 1397 οἷς
945 1335 1009 1387 τὸ
1036 1337 1209 1406 πέρας
1239 1336 1654 1409 ἀπολαμϐάνειο
1698 1354 1800 1392 κα-

1900 1336 2283 1407 mantiumque
2313 1338 2400 1394 vel
2424 1339 2759 1411 integrorum
2786 1339 2872 1395 vel
2897 1339 3131 1408 partium
3163 1353 3352 1393 eorum
3382 1336 3490 1391 uti-

295 1426 342 1477 τὰ
358 1424 481 1491 μέρος
510 1420 567 1474 δέ
595 1423 659 1477 τὸ
692 1426 794 1495 μὲν
824 1424 871 1481 α’
900 1427 1050 1499 αὑτῷ
1075 1428 1282 1499 βιόλίον
1311 1431 1421 1485 τῶν
1456 1430 1645 1485 ἁπλῶν
1672 1445 1799 1500 τροο

1898 1427 2111 1484 litatem
2143 1431 2338 1501 paucis
2373 1433 2427 1487 in
2476 1434 2716 1491 medium
2749 1431 2950 1489 aﬂert:
2992 1432 3169 1503 possit
3195 1441 3373 1485 autem
3403 1440 3486 1484 to-

288 1513 367 1583 φῶν
398 1511 609 1566 καὶτῶν
654 1516 970 1587 φαρμάκων
1016 1520 1077 1573 ἐν
1127 1521 1349 1591 συνόψει⁹
1383 1522 1485 1587 τὰς
1533 1520 1797 1592 δυνάμεις

1898 1521 2007 1577 tius
2030 1522 2096 1577 de
2118 1522 2458 1591 simplicibus
2509 1525 2924 1581 medicamentis
2976 1523 3323 1581 tractationis
3357 1537 3484 1594 pars

280 1602 523 1669 καταλέγει,
546 1604 574 1657 ό
603 1606 663 1659 δὲ
701 1606 749 1677 β’
767 1607 869 1673 τὰς
900 1608 1013 1663 τῶν
1044 1611 1390 1679 μεταλλικῶν
1413 1611 1679 1684 δυνάμεις
1698 1609 1795 1664 καὶ

1088 1611 1390 1667 εταλλικῶν
1413 1611 1679 1684 δυνάμεις
1698 1609 1795 1664 καὶ
1900 1609 2020 1668 hmc
2052 1628 2159 1669 non
2191 1616 2405 1670 modica
2446 1618 2680 1671 censeri.

270 1698 441 1768 χρήσεις
458 1698 550 1750 καὶ
577 1698 678 1764 τὰς
714 1701 823 1755 ἀπὸ
849 1701 961 1757 τῶν
988 1702 1143 1768 ζώων
1164 1706 1304 1761 ὅλων
1344 1724 1403 1762 τε
1433 1707 1528 1763 καὶ
1574 1705 1782 1779 μορίων
1810 1702 2081 1774 ὠφελείας
2104 1710 2164 1762 ἐν
2194 1709 2415 1781 συνόψει
2460 1710 2857 1784 παρατίθεται·
2906 1712 2993 1783 εἴη
3062 1710 3121 1766 δὲ
3152 1710 3249 1765 καὶ
3323 1708 3490 1764 τοῦτο.

267 1790 336 1859 τῆς
355 1789 467 1859 περὶ
495 1790 603 1845 τῶν
622 1793 817 1848 ἁπλῶν
839 1795 1150 1866 φαρμάκων
1192 1800 1579 1871 πραγματείας
1624 1798 1791 1872 μέρος
1820 1797 1920 1852 οὒκ
1945 1799 2248 1872 ἐλάχιστον.

319 1880 366 1932 '0
388 1881 440 1935 δὲ
465 1887 511 1951 γ’
537 1883 690 1956 αὐτῷ
711 1885 873 1956 λόγος
894 1888 1027 1959 περί
1054 1907 1115 1943 τε
1148 1892 1469 1964 γυμνασίων
1517 1892 1783 1948 παντοδα-
1815 1895 1857 1951 Β

1956 1889 2175 1949 Tertius
2208 1895 2325 1965 eius
2351 1894 2489 1950 liber
2514 1896 2626 1967 agit
2680 1897 2747 1952 de
2799 1896 2977 1952 omnis
3007 1896 3227 1968 generis
3262 1897 3477 1951 exerci-

255 1973 347 2025 πῶν
373 1973 742 2045 διαλαμϐάνει,
769 1979 865 2033 καὶ
892 1980 995 2035 ὅσα
1016 1985 1437 2054 παρασκευάζει
1466 1985 1531 2040 τὸ
1578 1987 1793 2058 γυμνά-

1898 1986 2219 2053 tationibus,
2258 2004 2488 2059 quaeque
2553 1989 3009 2045 exercitationem
3072 1996 3286 2056 parent.
3340 1986 3478 2042 Hinc

254 2082 359 2121 σιον.
386 2061 507 2120 Εῐτα
552 2069 699 2139 μετὰ
753 2072 853 2136 τὰς
884 2075 1210 2148 κενώσειςῆ
1279 2078 1380 2142 τὰς
1434 2079 1790 2151 διαφορήσεις

1892 2089 2016 2151 post
2036 2082 2444 2147 evacuationes,
2484 2094 2579 2137 seu
2632 2082 2920 2137 humerum
2979 2080 3295 2137 eductiones
3358 2078 3478 2133 illas

248 2158 414 2223 ταύτας
432 2161 524 2224 τὰς
553 2162 657 2217 οὐκ
681 2164 979 2239 ἐπιδήλους
1003 2170 1130 2241 περὶ
1157 2167 1523 2240 φλεϐοτομίας
1567 2171 1790 2244 διαλαμ-

1890 2170 2160 2239 occultas,
2191 2172 2259 2227 de
2286 2185 2436 2226 vente
2460 2172 2703 2227 sectione
2733 2178 3051 2242 pertractat,
3084 2184 3189 2225 non
3217 2168 3476 2224 sectionis

247 2251 385 2318 δάνει,
414 2252 641 2323 τρόπους
657 2273 723 2310 τε
740 2257 844 2329 τῆς
869 2262 1043 2332 τομῆς
1084 2262 1430 2335 διευκρινῶν,
1473 2265 1569 2318 καὶ
1624 2266 1788 2336 μεγέ-

1888 2271 2105 2318 tantum
2140 2262 2332 2319 modos
2372 2263 2714 2325 discernens,
2743 2261 2839 2317 sed
2866 2260 3032 2315 etiam
3060 2256 3478 2328 magnitudinis,

243 2340 343 2403 llou;
366 2343 450 2395 καὶ
471 2347 775 2415 σχημάτων
796 2351 890 2403 καὶ
918 2350 1115 2424 καιροῦ
1141 2355 1237 2408 καὶ
1257 2355 1462 2428 μέτρου
1492 2355 1786 2423 ,κενώσεως

1890 2352 2215 2419 formarum,
2287 2354 2549 2424 temporis
2584 2350 2899 2422 opportuni,
2954 2360 3120 2421 atque
3173 2348 3473 2403 evacuandi

240 2434 504 2503 ἀναγράφει
531 2451 547 2468 ο
580 2439 718 2509 περί
746 2456 806 2493 τε
830 2442 1257 2515 ἀρτηριοτομίας
1295 2447 1393 2500 καὶ
1438 2449 1782 2520 ὰρτηριακοῦ

1885 2460 2154 2501 mensurze
2179 2445 2518 2501 describens.
2554 2444 2679 2500 Mox
2705 2445 2771 2500 de
2788 2444 3007 2498 arteria:
3030 2443 3298 2507 sectione,
3330 2451 3384 2496 et
3408 2441 3474 2495 de

240 2525 475 2596 ίσχαίμου,
506 2530 601 2583 καὶ
625 2533 845 2599 σικύας,
878 2535 973 2589 καὶ
1010 2538 1377 2610 ἐγχαράξεως,
1414 2542 1509 2594 καὶ
1541 2541 1775 2612 βδελλῶν

1884 2537 2203 2606 sanguinem
2222 2536 2453 2591 sistente
2475 2536 2806 2591 arteriarum
2844 2534 3265 2601 medicamento,
3289 2535 3356 2590 de
3376 2550 3471 2588 cu-

236 2619 426 2691 ἰκλογῆς
444 2638 501 2675 τε
520 2622 568 2655 ⁷⁸
589 2625 693 2679 καὶ
716 2627 926 2700 διαίτης
955 2630 1052 2684 καλ⁹
1085 2631 1360 2703 χρήσεως,
1399 2633 1526 2705 περί
1547 2652 1606 2688 τε
1638 2635 1778 2689 καθ-

1884 2627 2123 2691 curbita,
2184 2625 2610 2692 scarificatione,
2642 2634 2697 2681 et
2748 2624 3063 2680 ltirudinum
3128 2623 3473 2680 delectu.De

235 2711 461 2782 αιρόντων
506 2718 843 2788 φαρμάκων,
875 2721 971 2775 καὶ
1025 2724 1183 2777 οίνων
1211 2726 1564 2797 καθαρτικῶν
1586 2727 1776 2798 διαφό-

1880 2718 2056 2774 victus
2092 2716 2306 2772 ratione
2330 2724 2386 2771 et
2412 2731 2533 2783 usu,
2568 2715 2638 2772 de
2656 2716 3010 2787 purgantibus
3036 2714 3469 2780 medicamentis,

234 2820 335 2874 ρους
354 2806 392 2837 ⁷⁷
426 2808 747 2875 σκευασίας,
775 2813 872 2865 καὶ
912 2813 1250 2884 οἰνομέλιτος
1302 2816 1637 2890 καθαρτικοῦ
1680 2818 1777 2873 καὶ
1880 2821 1937 2868 οι
1964 2812 2217 2869 Vitiorum
2255 2810 2607 2882 purgantium
2660 2811 2811 2863 νπίο
2868 2817 3157 2879 εὶββπθῑυ·
3219 2806 3297 2862 De
3347 2821 3473 2875 Pu"

232 2894 433 2949 κονδίτου
457 2898 550 2953 καὶ
576 2900 879 2971 ἀψινθάτου
912 2904 1007 2958 καὶ
1034 2904 1285 2977 ροσάτου,
1310 2908 1405 2961 καὶ
1431 2908 1776 2981 ῥοδομέλιτος

1878 2915 2044 2980 gante
2098 2903 2225 2960 vino
2271 2903 2472 2970 mulso,
2553 2902 2795 2967 condito,
2850 2901 3200 2966 absintltiato,
3259 2911 3464 2963 rosato,

231 2988 306 3040 καὶ
328 2988 654 3061 ὀξυμέλιτος,
693 2995 864 3067 γάρου
898 3013 959 3049 τε
1018 2996 1352 3070 καθαρτικοῦ
1400 3002 1496 3055 καὶ
1557 3000 1775 3071 μέλιτος

1878 2997 2036 3057 melle
2068 3010 2314 3061 rosaceo,
2348 3004 2507 3050 aceto
2560 2994 2760 3058 mulso,
2796 2992 3035 3062 itemque
3074 2993 3140 3048 de
3176 3007 3307 3063 garo
3339 3008 3470 3061 pur-

227 3080 299 3131 καὶ
322 3082 591 3154 οἰνογάρου
630 3085 678 3118 ⁷⁸
711 3087 807 3141 καὶ
836 3086 1130 3156 όξυγάρου,
1170 3088 1357 3158 ζωμοῦ
1408 3108 1467 3144 τε
1500 3092 1774 3162 μαλακτι-

1877 3100 2057 3157 trante.
2091 3090 2167 3145 De
2198 3087 2378 3154 melle,
2417 3088 2548 3143 vino
2596 3088 2793 3153 mulso,
2825 3096 3062 3157 oxygato
3083 3128 3099 3153 ,
3151 3102 3213 3140 ac
3249 3085 3469 3155 jusculo

223 3168 301 3229 κοῦ
330 3172 415 3225 καὶ
444 3175 725 3243 γάλακτος
748 3178 845 3233 καὶ
868 3178 1067 3233 ἐλαιῶν
1092 3179 1467 3251 καθαρτικῶν,
1493 3185 1623 3254 περὶ
1646 3184 1772 3238 τού·
1802 3235 1815 3254 ,

1877 3180 2190 3237 molliente:
2220 3180 2291 3234 de
2343 3178 2507 3245 lacte,
2558 3188 2728 3248 atque
2786 3176 2948 3233 olivis
2981 3176 3358 3247 purgantibus.
3391 3177 3468 3232 De

455 3231 467 3243 .
704 3231 723 3241 -
795 3231 839 3233 ρ
938 3231 948 3233 ἡ
1500 3231 1623 3254 --τ-
1658 3231 1739 3238 --ν

221 3279 305 3314 των
325 3263 569 3320 ἁπάντων
610 3268 710 3339 τὴν
759 3270 1110 3327 διδασκαλίαν
1142 3273 1398 3345 προάγει.
1427 3275 1550 3329 Ἔτι
1593 3276 1651 3329 δὲ
1677 3276 1771 3330 καὶ
1800 3236 1813 3292 ⁴

2344 3231 2609 3326 omnibus
2635 3231 3059 3340 'praeception'es
3084 3231 3283 3323 tradit.
3324 3231 3467 3323 Prae;

224 3354 324 3424 περὶ
344 3357 616 3414 συνθέτων
639 3360 950 3433 ὁξυπορίων
1000 3362 1098 3419 καὶ
1147 3364 1541 3438 καθαρτηρίων
1584 3367 1772 3440 διαφά-

1884 3380 2035 3425 terea
2065 3376 2124 3423 et
2175 3368 2244 3423 de
2276 3364 2594 3435 compositis
2623 3364 2814 3439 177i;
2854 3362 3134 3435 exyporis,
3187 3377 3253 3417 ac
3294 3362 3464 3420 variis

222 3461 326 3513 ρων,
354 3449 442 3503 καὶ
474 3452 795 3508 παστίλλων
820 3454 915 3509 καὶ
971 3455 1350 3527 βουκελλάτων
1389 3459 1765 3532 καθαρτικῶν.

1873 3458 2222 3531 purgatoriis,
2253 3459 2428 3528 deque
2457 3458 2707 3527 pastillis,
2728 3466 2795 3518 ,et
2831 3456 3149 3513 buccellatis
3182 3456 3464 3526 purganti-

218 3538 497 3615 Ἀλοηδάριά
543 3562 611 3599 τε
663 3546 972 3619 καθαρτικὰ
1012 3550 1359 3622 ἀναγράφει,
1422 3554 1519 3608 καὶ
1595 3554 1769 3612 ἆλατα

1872 3551 1994 3606 bus.
2027 3548 2311 3605 Aloedaria
2342 3564 2557 3619 quoque
2585 3547 2872 3620 purgantia
2905 3548 3188 3615 describit,
3216 3546 3448 3602 similia-

220 3635 404 3704 ὁμοίως,
433 3640 527 3694 καὶ
558 3641 667 3706 τὰς
714 3642 758 3696 ε’
788 3643 959 3717 ἱερὰς,
1006 3645 1135 3714 [568
1169 3644 1264 3720 [ὶ.]
1317 3646 1648 3720 βοηθήματά
1705 3668 1765 3705 τε

1886 3656 1978 3712 que
2004 3655 2035 3695 e
2056 3641 2190 3706 sale,
2216 3648 2275 3696 et
2298 3640 2419 3695 illas
2457 3638 2695 3709 quinque
2723 3639 3027 3695 celebratas
3071 3639 3274 3694 hieras.
3301 3638 3478 3693 Auxi-.

218 3728 307 3791 τοῖς
325 3730 539 3787 λαϐοῦσι
563 3733 632 3787 τὸ
655 3735 1028 3809 καθαρτήριον
1069 3738 1162 3791 καὶ
1195 3738 1257 3792 οὐ
1316 3740 1761 3813 καθαιρομένοις,

1872 3733 2057 3790 liantia
2088 3746 2307 3804 quoque
2328 3732 2395 3787 iis
2430 3746 2568 3802 quos
2592 3746 2831 3804 purgans
2866 3732 3320 3788 medicamentum
3352 3748 3459 3787 non

216 3820 400 3885 καὶτοῖς
427 3824 569 3898 ὑπὲρ
607 3826 812 3901 μέτρον
834 3829 1141 3884 κενωθεῖσι.
1168 3830 1306 3903 Περί
1325 3848 1383 3885 τε
1404 3832 1637 3905 ἐμέτων,
1670 3835 1765 3888 καὶ

1882 3827 2143 3897 purgavit,
2162 3835 2256 3879 aut
2278 3824 2369 3895 qui
2391 3838 2551 3894 supra
2577 3825 2817 3890 modum,
2832 3823 3077 3879 evacuati
3099 3831 3249 3879 sunt.
3273 3822 3347 3879 De
3364 3838 3462 3879 vo-

216 3908 305 3963 τίσι
332 3912 501 3969 δοτέον
531 3917 628 3970 τὸν
659 3918 968 3991 ἐλλέϐορον,
994 3921 1090 3975 καὶ
1119 3922 1172 3975 τί
1203 3922 1461 3991 δύναται,
1492 3926 1588 3979 καὶ
1618 3925 1764 3992 τίνες

1870 3920 2027 3988 mitu,
2047 3926 2101 3975 et
2116 3918 2317 3990 quibus
2338 3918 2575 3973 dandum
2605 3916 2995 3983 sitveratrum,
3015 3915 3146 3987 quid
3167 3915 3297 3971 illud
3327 3930 3458 3986 pos-

215 4001 325 4070 πρὸς
352 4006 507 4062 αὑτὸν
572 4011 901 4081 ἐπιτήδειοι,
954 4012 1279 4085 δοκιμασίας
1325 4032 1387 4068 τε
1447 4015 1759 4090 ἐλλεϐόρου,

1869 4009 1962 4076 sit,
1977 4024 2041 4065 ac
2062 4011 2152 4079 qui
2173 4008 2239 4063 ad
2258 4009 2575 4064 sumendum
2595 4007 2723 4077 apti.
2741 4006 2818 4063 De
2836 4006 3207 4076 exploratione
3233 4008 3455 4075 veratri,

214 4090 288 4144 καὶ
315 4102 768 4172 προπαρασκευὰς
788 4102 884 4157 τοῦ
924 4103 1216 4174 μέλλοντος
1243 4106 1409 4161 αὑτὸν
1437 4107 1638 4178 πίνειν,
1661 4110 1762 4174 τάς

1878 4112 1923 4158 et
1937 4102 2332 4173 praeparatione
2349 4103 2593 4159 bibituri.
2616 4103 2691 4159 De
2713 4103 2868 4159 vario
2891 4102 3115 4159 ellebori
3139 4117 3232 4157 seu
3253 4103 3470 4159 veratri.

211 4196 256 4233 ἰε
293 4183 539 4261 διαφοράς
596 4192 697 4262 τῆς
736 4192 830 4247 τοῦ
887 4195 1175 4266 ἐλλεϐόρου
1212 4198 1482 4271 χρήσεως,
1518 4201 1616 4255 καὶ
1660 4201 1760 4274 τὴν

1866 4211 1967 4251 usu
1991 4205 2151 4265 atque
2165 4194 2594 4261 exhibitione,-et
2608 4195 2674 4251 de
2694 4211 2822 4251 cura
2836 4210 3025 4251 eorum
3044 4195 3135 4266 qui
3159 4195 3289 4251 illud
3302 4195 3458 4251 bibe-

214 4276 315 4345 περὶ
340 4281 458 4345 τοὺς
487 4283 717 4350 πιόντας
738 4286 905 4341 αὐτὸν
938 4288 1277 4360 ἐπιμέλειαν.
1306 4291 1443 4362 Περί
1489 4309 1548 4346 τε
1575 4294 1761 4349 ἐπιθε-

1866 4298 2014 4345 runt.
2042 4290 2120 4344 De
2172 4286 2527 4357 epithematis
2568 4287 2930 4357 purgantibus
2990 4288 3361 4358 prosequitur,
3403 4294 3458 4341 et

211 4362 365 4439 μάτων
416 4374 768 4447 καθαρτικῶν
808 4378 1161 4452 διαλαμόάνει
1185 4397 1200 4411 ο
1249 4381 1346 4435 καὶ
1412 4384 1513 4437 ὅσα
1546 4384 1654 4438 τῶν
1700 4386 1759 4438 ἐν

1872 4393 2204 4451 quaecunque
2235 4379 2289 4434 in
2319 4378 2477 4434 nobis
2497 4387 2684 4449 partes
2714 4387 3045 4449 purgentur,
3085 4387 3215 4447 puta
3244 4378 3464 4443 oculos,

210 4457 318 4545 1ξιμϊν
347 4466 552 4534 μορίων
599 4469 718 4523 ἐστὶ
746 4470 1078 4544 καθαρτικὰ,
1123 4472 1418 4544 ὀφθαλμῶν
1474 4475 1618 4545 λέγω
1661 4477 1758 4531 καὶ

1867 4487 2050 4539 aures,
2074 4470 2411 4540 etreliquas..
2441 4469 2516 4525 De
2574 4468 2887 4526 sufﬁmento
2915 4470 2983 4524 ad
3039 4468 3292 4525 eumdem
3327 4467 3458 4522 εσθ-

209 4542 448 4649 ἄιτωνᾳκαὶ
480 4556 593 4612 τῶν
646 4542 908 4632 ἐφεξῆς(
932 4563 1061 4636 περί
1093 4542 1614 4639 τενὺποκαπνισμοῦ
1676 4570 1757 4632 είς
1793 4594 1801 4649 1

1865 4575 2013 4621 ctum
2048 4563 2381 4635 pertinente,
2417 4572 2473 4618 et
2533 4563 2601 4617 de
2654 4563 2725 4618 iis
2773 4576 2896 4632 quae
2941 4560 3124 4616 tenuia
3170 4560 3455 4625 intestina,

207 4636 285 4707 τὴν
309 4644 468 4718 αὐτὴν
488 4650 775 4723 ἐνέργειαν
808 4654 1194 4721 συντελοῦντος
1221 4673 1237 4689 θ
1269 4659 1365 4712 καὶ
1399 4636 1532 4729 περὶ
1585 4677 1759 4716 κενω-
1793 4636 1799 4649 ⁸

1865 4672 2154 4726 semasque
2203 4656 2404 4727 iecoris
2445 4666 2655 4726 partes,
2711 4663 2768 4709 et
2797 4655 2883 4710 his
2917 4653 3119 4709 similia
3165 4664 3453 4709 evacuant.

207 4731 364 4797 τικῶν,
394 4736 606 4796 λεπτῶν
632 4761 692 4797 τε
722 4745 963 4817 ἐντέρων
995 4746 1093 4801 καὶ
1121 4748 1229 4803 τῶν
1272 4750 1453 4822 σιμῶν
1475 4750 1572 4806 τοῦ
1608 4754 1758 4825 ἥπα-

1867 4750 1941 4807 De
1974 4765 2122 4815 aere,
2157 4751 2334 4807 ventis
2398 4763 2463 4803 ac
2518 4748 2799 4803 stellarum
2833 4746 3340 4817 significationibus.
3384 4748 3458 4801 De

207 4834 279 4884 τος
308 4827 396 4879 καὶ
419 4831 526 4886 τῶν
548 4836 970 4908 παραπλησίων.
1011 4841 1149 4912 Περί
1173 4858 1233 4895 τε
1266 4842 1446 4914 ἀέρων
1490 4845 1585 4900 καὶ
1627 4846 1757 4900 ἀνέ-

1865 4842 2020 4911 aquis
2051 4841 2181 4898 item
2215 4850 2271 4896 et
2292 4840 2524 4907 balneis,
2551 4840 2754 4909 partim
2786 4840 3022 4895 artificio
3065 4839 3305 4909 paratis,
3332 4855 3457 4909 par-

209 4925 304 5008 μίαν
322 4918 408 4971 καὶ
427 4921 829 4995 ἐπισημασιῶν,
872 4930 1082 4987 ὑδάτων
1125 4950 1185 4986 τε
1215 4934 1311 4991 καὶ
1350 4934 1614 5008 λουτρῶν,
1640 4938 1751 4993 τῶν

1866 4935 1962 4988 tim
1994 4943 2193 4987 natura
2226 4933 2530 5003 productis.
2592 4931 2670 4987 De
2736 4931 2935 5002 frigida
2979 4930 3209 4995 lotione,
3278 4930 3456 4999 deque

205 5005 319 5101 τεέκ
335 5008 519 5082 τέχνης
547 5016 643 5071 καὶ
674 5018 775 5072 ὅσα
803 5022 837 5091 ὴ
866 5022 1031 5092 φύσις
1077 5024 1389 5097 προήγαγε,
1444 5005 1749 5101 ψυχρολου-

1864 5026 2083 5082 iusessu
2134 5025 2255 5081 solii
2308 5041 2376 5081 ex
2430 5025 2577 5091 oleo,
2613 5026 2748 5080 etde
2798 5025 2956 5079 faciei
3005 5024 3344 5093 aspersione,
3390 5026 3456 5076 de

209 5091 306 5190 de;
326 5115 382 5153 τε
406 5106 497 5157 καὶ
518 5105 620 5178 τῆς
649 5108 731 5173 είς
764 5091 943 5165 ἔλαιον
973 5091 1291 5184 ἐμϐάσεως·
1312 5091 1422 5171 ⁷κάι
1638 5120 1750 5175 τῶν

1863 5118 2189 5190 perfusione,
2236 5118 2653 5182 insessionibus,
2714 5118 3147 5181 Iunnectatione,
3194 5127 3249 5171 et
3308 5115 3455 5169 sicco

207 5184 284 5280 ’ξοῦ
329 5195 615 5263 προσώπου
670 5199 1024 5273 κλυσμάτων,
1082 5207 1487 5278 καταιονήσεὼς
1536 5227 1597 5264 τε
1646 5211 1742 5264 καὶ

1861 5212 2123 5268 fomento.
2173 5212 2248 5266 De
2288 5211 2458 5265 variis
2504 5212 2956 5280 cataplasmatum
3001 5208 3311 5279 generibus.
3382 5208 3453 5260 De

212 5274 579 5358 ιΥκειθίσματος
623 5292 720 5347 καὶ
765 5294 1045 5369 ἐμϐροχῆς
1101 5299 1197 5352 καὶ
1247 5274 1585 5371 πυριάσεως.
1647 5304 1759 5356 Καὶ

1862 5304 2116 5372 dr0pace,
2155 5302 2451 5372 picatione,
2510 5302 2837 5371 sinapismo,
2901 5299 3291 5361 rubricationc,
3318 5307 3375 5352 et
3401 5298 3451 5351 in

212 5372 315 5441 περὶ
332 5375 596 5468 διαφόρων
627 5385 1142 5458 ικαταπλασμάτων,
1200 5390 1493 5463 δροπάκων
1551 5410 1612 5446 τε
1664 5394 1762 5453 καὶ

1862 5396 2062 5468 quibus
2115 5396 2187 5450 sit
2231 5395 2714 5466 metasyncriticis.
2767 5396 2883 5449 sive
2930 5394 3187 5448 humores
3238 5405 3302 5444 ex
3342 5390 3450 5443 alto

211 5464 488 5565 ﬁtﬂtboswg
511 5475 603 5529 καὶ
638 5479 966 5551 σιναπισμοῦ
1013 5482 1110 5536 καὶ
1139 5483 1430 5554 φοινιγμοῦ
1453 5500 1467 5516 ⁸
1520 5486 1618 5539 καὶ
1649 5486 1743 5539 ἐπὶ

1865 5464 2224 5543 evocantibus
2253 5464 2495 5551 auxiliis,
2534 5487 2814 5541 utendum.
2857 5482 2922 5539 Et
2975 5484 3092 5540 hanc
3135 5482 3351 5552 quidem
3388 5481 3451 5540 li-

212 5563 300 5646 f‘fﬂ
328 5563 581 5632 χρηστέον
613 5565 743 5639 [292
784 5567 878 5639 HJ
927 5573 1042 5635 τοῖς
1076 5578 1592 5644 μετασυγκριτικοῖς
1626 5576 1753 5646 βοη-

970 5573 1042 5635 οῖς
1076 5578 1592 5644 μετασυγκριτικοῖς
1626 5576 1753 5646 βοη-
1869 5579 1967 5633 bro
1998 5578 2163 5633 tertio
2189 5578 2562 5633 continentur.

213 5637 409 5711 θῆμασι.
460 5637 642 5713 Ταῦτα
675 5658 778 5731 μὲν
804 5637 898 5714 καὶ
922 5662 951 5715 ό
994 5667 1043 5733 γ’
1077 5637 1235 5736 ἀὐτῷ
1260 5637 1542 5720 συντάττει

1478 5757 1712 5815 VARUE
1743 5756 2148 5814 LECTIONES.

268 5828 378 5890 ²⁶τι
406 5838 525 5897 add.
564 5844 630 5899 Α.
702 5845 746 5877 ⁷⁷
779 5844 1037 5919 διαφόρου
1100 5868 1159 5915 ς’.
1238 5854 1282 5884 ⁷³
1308 5853 1592 5925 οἰνογάρου
1628 5856 1664 5908 Α
1716 5854 2083 5924 εοῑνομέλιτος
2138 5872 2195 5917 ς.
