4032 6442
564 406 671 470 723

637 518 878 587 Quartus
894 519 1053 587 liber,
1070 533 1190 590 qua:
1220 518 1289 575 ad
1322 518 1579 575 tuendam
1612 517 1980 575 valetudinem
2025 534 2146 589 per-
2176 521 2223 577 Δ

570 616 768 680 tinent,
808 614 1037 681 colligit.
1069 614 1397 686 Auspicatus
1436 629 1567 685 ergo
1593 613 1662 672 ab
1695 614 1987 670 inlantium
2018 615 2155 669 edu-

568 707 806 773 catione,
830 708 1023 762 horum
1059 722 1182 762 cum
1214 709 1458 773 morbos,
1497 718 1611 764 tum
1639 707 1878 763 remedia
1907 696 2150 777 eitponit.

567 799 696 870 Agit
725 810 780 856 et
808 802 875 854 de
910 800 1154 855 omnium
1198 810 1419 855 aetatum
1465 816 1530 856 ac
1564 802 1940 856 conditionum
1977 801 2152 857 victus

569 893 799 947 ratione.
826 892 902 949 De
933 892 1182 947 carnium
1209 891 1340 947 item
1374 892 1759 958 diminutione,
1788 900 1843 946 et
1870 891 2151 961 gracilium

568 984 988 1040 instauratione.
1022 983 1098 1039 De
1146 985 1470 1044 lassitudine
1518 985 1587 1041 ab
1641 984 2150 1047 exercitationibus,

568 1077 743 1145 deque
769 1074 930 1145 hujus
962 1073 1323 1143 differentiis;
1350 1076 1416 1132 de
1441 1091 1503 1130 ea
1533 1077 1818 1146 item,qute
1848 1090 1913 1130 ex
1938 1072 2154 1129 Venere

569 1169 768 1235 oritur,
797 1178 852 1225 et
868 1167 1022 1236 cujus
1055 1184 1224 1226 causa
1266 1170 1576 1240 ignoratur,
1604 1184 1766 1237 quam
1813 1178 2153 1237 spontaneum

566 1260 875 1316 nominant.
929 1260 1045 1328 Qua
1091 1274 1221 1317 cura
1278 1262 1345 1316 ad
1395 1261 1701 1316 coctionem
1763 1260 2021 1316 utendum
2058 1261 2149 1325 sit,

568 1361 628 1408 et
663 1354 729 1407 de
748 1355 991 1409 densata:
1019 1354 1163 1409 cutis
1186 1354 1496 1421 curatione,
1521 1362 1685 1423 atque
1707 1353 1774 1406 de
1796 1363 2031 1408 aestuoso
2062 1370 2152 1407 ar-

579 1444 713 1499 dore
742 1452 797 1499 et
828 1443 1082 1499 frictione
1118 1454 1446 1515 opportuna.
1485 1444 1562 1499 De
1614 1446 1907 1510 cruditate,
1938 1462 2002 1503 ac
2030 1462 2153 1502 cra-

564 1535 713 1606 pula,
741 1544 796 1590 et
831 1536 1027 1607 aequali
1062 1543 1453 1605 temperatura.
1495 1533 1699 1605 Optimi
1726 1547 1988 1605 praeterea
2015 1548 2154 1592 tem-

567 1629 868 1697 peramenti
904 1627 1265 1695 dinotionem,
1303 1638 1359 1683 et
1415 1629 1576 1683 calidi
1630 1630 1993 1700 aliorumque,
2028 1646 2150 1685 cmn

566 1718 923 1788 simplicium,
955 1727 1068 1775 tum
1112 1721 1540 1791 compositorum
1595 1730 2149 1789 temperamentorum

566 1820 724 1866 notas
746 1811 931 1882 (idque
972 1827 1082 1867 non
1118 1811 1282 1868 modo
1326 1814 1573 1882 corporis
1609 1813 1799 1879 totius,
1851 1814 1944 1868 sed
1979 1821 2034 1867 et
2059 1827 2153 1867 ca-

567 1904 695 1975 pitis
720 1905 954 1972 cerebri,
985 1907 1213 1973 ventris,
1263 1906 1472 1971 cordis,
1495 1906 1725 1976 jecoris,
1765 1920 1829 1961 ac
1862 1904 2147 1961 testiculo-

570 1997 717 2067 rum)
748 1997 941 2054 edocet
975 1998 1319 2071 :horumque
1353 2000 1617 2066 omnium,
1662 2001 1708 2056 si
1744 1999 1887 2061 forte
1919 2016 1949 2057 a
1992 2011 2152 2057 natu-

574 2091 674 2147 rali
711 2102 856 2148 statu
895 2091 1241 2161 deﬂexerint,
1275 2096 1517 2151 remedia
1553 2096 1725 2167 ponit.

639 2360 873 2428 Quintus
901 2361 1044 2418 Aetii
1086 2361 1247 2425 liber,
1301 2363 1368 2417 de
1396 2363 1621 2428 morbis,
1655 2374 1710 2419 et
1754 2365 1807 2418 in
1861 2364 2051 2434 primis
2087 2368 2153 2425 de

570 2452 813 2510 febribus
853 2454 1136 2523 disputat,
1177 2455 1376 2526 178a
1430 2471 1659 2526 quorum
1707 2457 1885 2526 signa,
1935 2473 2151 2527 praeno-

571 2545 770 2610 tiones,
798 2543 1129 2609 dinotiones,
1175 2547 1488 2601 curationes
1525 2547 1818 2615 diligenter
1865 2563 1997 2602 sane
2031 2565 2154 2618 per-

570 2646 790 2701 tractat,
820 2646 875 2692 et
902 2652 1241 2708 quaecunque
1287 2648 1551 2707 praeterea
1586 2640 1652 2693 ad
1697 2639 1835 2693 hanc
1887 2640 2151 2696 medicam

568 2727 1087 2798 contemplationem
1123 2737 1373 2800 spectant
1415 2732 1727 2798 :quodnam
1785 2729 1958 2784 morbi
2003 2734 2154 2802 prin-

567 2819 767 2888 cipium
798 2820 869 2875 sit
895 2820 1273 2890 iudicandum,
1319 2820 1695 2889 trifariamque
1721 2821 1850 2877 illud
1868 2824 1992 2877 dici.
2025 2825 2155 2890 Qute

570 2914 698 2970 item
731 2913 973 2969 accessio
1021 2912 1219 2979 morbi,
1255 2928 1483 2983 quaeque
1515 2913 1766 2969 remiSsio
1799 2934 1812 2969 :
1842 2915 1996 2986 vigor
2023 2916 2151 2971 item

566 3014 733 3073 atque
760 3004 1074 3069 declinatio,
1114 3021 1235 3059 cum
1266 3006 1514 3075 partialis
1583 3007 1757 3061 morbi
1817 3008 2147 3067 accessione.

568 3107 681 3152 tum
707 3099 955 3165 corporis
978 3098 1242 3153 universi.
1278 3101 1408 3165 Quae
1426 3098 1534 3153 sint
1565 3100 1819 3154 sanitatis
1851 3100 2029 3169 signa,
2068 3100 2150 3155 vel

1692 403 1956 464 PHOTII
1993 405 2151 465 ΡΑΤΙ

2254 403 2498 463 lRCH/E
2538 403 2648 462 (ΣΡ.
3691 408 3776 473 πει

2330 516 2388 569 .0
2417 516 2475 569 δὲ
2508 515 2550 577 δι
2579 514 2902 585 συναγωγήν
2934 528 2995 566 τε
3018 510 3127 565 τῶν
3156 508 3407 578 ὑγιεινῶν
3433 515 3674 588 περιέχει,
3694 523 3778 593 ἀρ-

2258 609 2485 681 χόμενος
2519 607 2627 661 ἀπὸ
2652 607 2753 678 τῆς
2798 604 2895 658 τοῦ
2926 604 3162 677 βρέφους
3198 602 3425 672 διαίτης,
3481 606 3546 660 τά
3594 626 3648 663 τε
3675 616 3781 689 περὶ

2257 702 2318 756 τὸ
2350 700 2552 773 βρέφος
2584 699 2735 769 πάθη
2789 698 2885 751 καὶ¹
2935 696 3037 760 τὰς
3095 695 3395 766 θεραπείας
3437 696 3659 765 διέξεισι,
3702 707 3783 759 καὶ

2258 798 2385 861 περὶ
2412 794 2626 865 διαίτης
2652 791 2844 847 πασῶν
2867 791 2975 844 τῶν
3002 789 3231 861 ἡλικιῶν
3268 790 3363 842 καὶ
3410 790 3514 844 τῶν
3548 793 3784 866 διαφόρων

2259 886 2413 957 βίων,
2446 885 2666 956 σαρκῶν
2691 900 2750 936 τε
2779 881 3164 953 καθαιρέσεως
3194 882 3287 934 καὶ
3341 882 3530 945 ἐνδεῶς
3581 886 3786 955 ἐχουσῶν

2255 978 2579 1047 ἀναλήψεως
2604 992 2618 1006 ·
2655 975 2786 1046 περί
2811 991 2873 1027 τε
2897 972 3085 1025 κόπων
3111 970 3221 1024 τῶν
3251 972 3341 1025 ἐπὶ
3369 975 3690 1042 γυμνασίοις,
3711 980 3787 1031 καὶ

2254 1072 2354 1141 τῆς
2385 1069 2652 1138 διαφορᾶς
2677 1065 2881 1131 αὐτῶν,
2912 1063 3127 1120 καὶτοῦ
3179 1063 3238 1128 ἐξ
3269 1064 3587 1136 ἀφροδισίων
3627 1069 3786 1135 κόπου,

2254 1164 2350 1219 καὶ
2373 1161 2484 1223 τῶν
2514 1160 2708 1231 ἄδηλον
2741 1158 2977 1230 ἐχόντων
3020 1156 3119 1227 τὴν
3149 1155 3330 1209 αἰτίαν
3365 1157 3564 1222 κόπων,
3599 1158 3680 1223 οὓς
3721 1161 3789 1213 λέ-

2253 1273 2443 1325 γουσιν
2479 1252 2889 1323 αὐτομάτους·
2936 1249 3069 1303 ποία
3095 1266 3155 1302 τε
3210 1248 3496 1319 ἐπιμέλεια
3541 1250 3666 1320 πρὸς
3709 1255 3789 1317 τὰς

2254 1347 2449 1418 πέψεις
2486 1344 2762 1421 χρησίμη,
2842 1342 2939 1396 καὶ
2992 1338 3088 1394 τοῦ
3138 1338 3515 1405 πυκνωθέντος
3562 1341 3789 1412 δέρματος

2256 1439 2545 1513 θεραπεία,
2577 1439 2671 1493 καὶ
2707 1436 2840 1508 περὶ
2897 1435 3238 1505 ὲγκαὺσεως,
3276 1434 3371 1487 καὶ
3416 1434 3546 1505 ’περὶ⁸
3587 1436 3789 1507 τρίψεως

2254 1532 2536 1602 εὐκαίρου,
2558 1529 2801 1601 ἀπεψίας
2843 1546 2903 1583 τε
2948 1527 3044 1582 καὶ
3084 1527 3399 1605 κραιπάλης
3444 1527 3539 1581 καὶ
3588 1529 3787 1597 ὁμαλοῦς

2253 1624 2591 1692 δυσκρασίας
2623 1638 2636 1649 ·
2678 1620 2912 1691 ἀρίστης
2965 1636 3026 1672 τε
3079 1619 3333 1690 κράσεως
3379 1618 3670 1672 ἐκδιδάσκει
3699 1619 3788 1684 διά-

2254 1733 2482 1787 γνωσιν,
2541 1714 2638 1769 καὶ
2684 1712 2895 1785 θερμῆς
2942 1711 3329 1781 γνωρίσματα,
3365 1710 3460 1764 καὶ
3505 1709 3607 1763 τῶν
3650 1710 3790 1769 ἄλλων

2256 1808 2647 1879 ἁπλουστέρων
2694 1823 2753 1859 τε
2785 1805 2880 1860 καὶ
2924 1804 3196 1857 συνθέτων
3229 1803 3503 1873 κράσεων,
3556 1803 3650 1874 οὐχ
3694 1803 3790 1864 ὅλου

2261 1904 2424 1975 μόνον
2463 1899 2560 1953 τοῦ
2586 1899 2633 1931 ⁷⁸
2674 1897 2950 1969 σώματος,
2981 1896 3119 1950 ἀλλά
3157 1894 3254 1949 καὶ
3276 1894 3520 1965 κεφαλῆς
3547 1896 3637 1948 καὶ
3659 1897 3788 1964 ἐγκε-

2256 1995 2430 2067 φάλου
2456 1994 2552 2047 καὶ
2584 1991 2821 2062 γαστρὸς
2849 1990 2943 2044 καὶ
2974 1988 3277 2058 πνεύμονος
3311 1988 3407 2042 καὶ
3453 1987 3668 2056 καρδίας
3713 1989 3787 2041 καὶ

2255 2090 2467 2162 ἥπατος
2500 2086 2597 2140 καὶ
2635 2085 2866 2156 ὄρχεων,
2917 2081 3012 2136 καὶ
3067 2080 3167 2151 τῆς
3194 2079 3402 2133 τούτων
3435 2078 3676 2133 ἀπάντων
3708 2080 3790 2134 ἀπὸ

2254 2183 2354 2253 τῆς
2383 2178 2481 2233 τοῦ
2517 2177 2661 2233 κατὰ
2691 2175 2857 2247 φύσιν
2896 2175 2978 2239 είς
3002 2174 3064 2227 τδ
3096 2172 3250 2244 παρὰ
3279 2172 3445 2242 φύσιν
3476 2172 3792 2245 παρατροπῆς

2259 2274 2487 2346 ἰάματα.

2338 2366 2398 2420 '0
2420 2365 2477 2419 δὲ
2506 2371 2547 2418 ε’
2574 2363 2723 2435 αὐτῷ
2757 2363 2914 2432 λόγος
2945 2360 3074 2433 περλ
3106 2359 3432 2430 νοσημάτων
3457 2355 3793 2426 διαλαμϐάνει,

2255 2461 2353 2514 καὶ
2386 2459 2494 2531 πρὸ
2530 2458 2640 2512 τῶν
2692 2456 2869 2511 ἄλλων
2915 2454 3044 2525 περὶ
3104 2450 3435 2522 πυρετωδῶν
3490 2449 3793 2520 νοσημάτων,

2254 2554 2354 2616 τάς
2380 2569 2439 2605 τε
2470 2549 2801 2622 σημειώσεις
2829 2546 3011 2602 αὐτῶν
3054 2547 3151 2600 καὶ
3182 2542 3523 2615 προγνώσεις
3580 2542 3665 2595 καὶ
3704 2541 3796 2594 δια-

2255 2643 2490 2712 γνώσεις
2524 2644 2620 2698 καὶ
2648 2641 2948 2713 θεραπείας
2997 2640 3057 2693 οὐ
3094 2639 3395 2710 παρέργως
3443 2634 3685 2702 ἐπεξιὼν,
3724 2635 3799 2687 καὶ

2256 2738 2355 2792 ὅσα
2384 2737 2519 2793 ἀλλα
2539 2736 2585 2769 ⁸ο
2616 2736 2756 2807 πρὸς
2784 2736 2883 2807 τὴν
2931 2732 3184 2806 ίατρικὴν
3212 2732 3424 2802 ταύτην
3458 2727 3676 2799 θεωρίαν
3694 2744 3801 2779 συν-

2253 2832 2401 2887 τελεῖ
2425 2848 2438 2862 '
2477 2830 2599 2884 τίνα
2626 2847 2686 2882 τε
2717 2829 2799 2882 δεῖ
2825 2827 2919 2889 τοῦ
2944 2828 3249 2899 νοσήματος
3278 2824 3462 2895 ἀρχὴν
3508 2824 3696 2890 λέγειν,
3726 2822 3799 2873 καὶ

2254 2927 2335 2980 ὅτι
2366 2923 2570 2996 τριχῶς
2596 2923 2839 2991 λέγεται.
2877 2920 2990 2975 Καὶ
3018 2920 3104 2984 τίς
3133 2921 3162 2973 ὁ
3189 2916 3568 2989 παροξυσμὸς,
3601 2914 3687 2968 καὶ
3733 2914 3800 2987 τίς

2253 3022 2286 3091 ἡ
2320 3019 2506 3083 ἄνεσις
2535 3018 2629 3073 καὶ
2656 3019 2688 3088 ἡ
2719 3016 2873 3089 ἀκμὴ
2912 3014 3055 3087 καὶὴ
3089 3012 3374 3084 παρακμὴ
3388 3010 3481 3065 τοῦ
3518 3027 3575 3063 τε
3610 3006 3801 3079 μερικοῦ

2254 3107 2614 3182 παροξυσμοῢ
2644 3108 2742 3162 καὶ
2768 3108 2893 3161 ὅλου
2914 3104 3011 3159 τοῦ
3050 3104 3304 3175 σώματος
3324 3119 3338 3134 ⁸
3374 3101 3497 3155 τίνα
3553 3117 3609 3154 τε
3638 3101 3802 3169 σημεῖα

568 3188 759 3244 mortis
792 3187 845 3243 in
873 3197 1174 3258 aegrotante
1201 3204 1214 3243 :
1240 3198 1294 3243 et
1316 3203 1564 3257 quaenam
1586 3187 1794 3259 .horum
1819 3187 2028 3243 tardius
2060 3199 2149 3244 aut

2261 3202 2536 3273 σωτηρίας
2558 3199 2652 3254 τοῦ
2675 3198 2980 3263 νοσοῦντος,
3001 3198 3100 3252 καὶ
3150 3197 3273 3251 τίνα
3306 3194 3556 3267 ὀλέθρια,
3604 3194 3720 3246 ποῖά
3757 3208 3802 3243 τε

565 3280 730 3335 citius
762 3280 847 3335 vel
899 3280 1077 3335 medio
1109 3280 1291 3341 modo,
1327 3280 1393 3333 ad
1435 3280 1724 3334 sanitatem
1753 3279 1835 3334 vel
1867 3279 2145 3334 interitum

565 3375 845 3445 pertinere
873 3371 1213 3440 judiceutur.
1252 3372 1327 3425 De
1363 3372 1615 3441 pulsuum
1650 3372 1824 3442 signis
1867 3382 1922 3427 et
1957 3372 2146 3426 urina-

566 3480 683 3518 rum
719 3464 997 3519 dinotione
1027 3482 1040 3518 :
1068 3479 1134 3519 ac
1178 3465 1307 3534 quid
1340 3464 1455 3519 haec
1493 3464 1796 3536 designent.
1830 3464 1908 3519 De
1958 3480 2149 3521 excre-

565 3564 872 3610 mentorum
913 3557 1077 3623 notis,
1105 3557 1451 3627 vomitusque
1486 3557 1826 3624 prtenotione
1874 3571 1939 3611 ac
1982 3558 2149 3626 signi-

562 3646 836 3705 ﬁcatione.
894 3647 971 3701 De
1029 3648 1307 3717 sanguinis
1366 3664 1397 3703 e
1454 3650 1683 3703 naribus
1729 3649 2032 3716 eruptione.
2092 3659 2148 3704 et

563 3736 815 3810 muliebri
836 3739 1177 3810 purgatione.
1204 3738 1277 3794 De
1293 3741 1438 3795 notis
1460 3741 1670 3796 criticis
1697 3740 1958 3796 sudorum
1982 3749 2148 3808 atque

561 3833 915 3905 abscessuum
951 3849 968 3902 ς
1006 3842 1060 3887 et
1084 3834 1149 3888 de
1185 3834 1386 3889 indicio
1413 3848 1444 3889 e
1489 3845 1670 3902 sputo.
1714 3832 1977 3889 Medicum
2010 3848 2150 3903 prae-

566 3934 713 3987 terea
740 3923 879 3989 bene
915 3924 1155 3993 peritum
1189 3926 1561 3996 cogniturum,
1594 3924 1886 3981 morbusne
1907 3923 2149 3994 perfecte

565 4016 775 4071 solutus
805 4016 898 4080 sit,
932 4030 1137 4087 annon,
1178 4017 1396 4072 etiamsi
1433 4016 1572 4073 forte
1601 4016 1809 4073 solutus
1858 4018 2144 4073 videatur:

562 4106 707 4160 diem
724 4107 888 4161 etiam
916 4117 1080 4177 atque
1111 4106 1246 4162 adeo
1274 4107 1489 4175 horam,
1525 4124 1628 4177 qua
1654 4109 1725 4163 sit
1759 4118 2148 4178 tegrotusmo-

564 4195 792 4266 riturus.
816 4193 894 4251 De
915 4196 1273 4277 popularibus
1293 4206 1349 4251 et
1382 4198 1765 4265 communibus
1792 4213 1857 4253 ac
1873 4197 2148 4267 pestiferis

565 4287 775 4343 morbis
813 4289 1094 4362 tractatio,
1127 4300 1185 4345 et
1215 4292 1283 4346 de
1311 4291 1378 4346 iis
1409 4291 1503 4360 qui
1534 4291 1703 4349 variis
1730 4306 1796 4347 ex
1826 4291 2005 4347 causis
2022 4307 2149 4362 syn-

561 4395 695 4450 cope
726 4382 1117 4452 corripiuntur,
1139 4383 1318 4455 deque
1356 4383 1523 4437 animi
1557 4383 1815 4454 deliquio,
1859 4384 2001 4451 quod
2056 4400 2148 4437 va-

562 4473 659 4527 riis
681 4474 811 4527 item
845 4488 912 4529 ex
945 4475 1133 4545 causis
1166 4475 1429 4547 animanti
1456 4458 1696 4538 obvenit.
1725 4477 1797 4531 De
1825 4477 2146 4532 febricitan-

2255 3293 2438 3349 αὐτῶν
2475 3292 2695 3364 βράδιον
2726 3290 2761 3361 ἢ
2793 3290 2981 3363 τάχιον
3021 3291 3054 3363 ἢ
3092 3289 3179 3344 διὰ
3228 3288 3323 3342 τοῦ
3380 3288 3545 3360 μέσου
3597 3285 3803 3356 κρίνεται

2257 3385 2398 3458 πρὸς
2423 3385 2522 3455 τὴν
2548 3383 2739 3453 ὑγείαν
2795 3383 2829 3454 ἢ
2859 3383 2953 3436 καὶ
2978 3383 3116 3453 πρὸς
3174 3382 3266 3436 τὸν
3297 3381 3556 3435 θάνατον.
3612 3375 3731 3446 Περί
3756 3391 3802 3426 τε

2257 3477 2531 3550 σφυγμῶν
2563 3475 2922 3548 σημειώσεως
2972 3476 3069 3529 καὶ
3098 3472 3277 3545 οὔρων
3323 3470 3680 3542 διαγνώσεως,
3729 3467 3805 3525 καὶ

2254 3567 2308 3622 τί
2332 3567 2555 3638 δηλοῦσι
2580 3566 2757 3622 ταῦτα
2789 3582 2804 3599 ο
2834 3566 2931 3620 καὶ
2962 3566 3095 3638 περί
3109 3564 3558 3637 διαχωρημάτων
3594 3557 3803 3632 σημειώ-

2257 3677 2396 3723 σεως
2418 3659 2629 3731 ἐμέτων
2656 3677 2717 3713 τε
2747 3657 3131 3731 προγνώσεως.
3161 3658 3257 3721 καὶ
3282 3658 3389 3729 τῆς
3434 3656 3493 3723 ἐξ
3522 3654 3691 3710 αὐτῶν
3724 3668 3802 3731 οη·

2262 3753 2549 3823 μειώσεως
2582 3767 2597 3782 ⁸
2623 3750 2999 3824 αἱμοῤῥαγίας
3027 3768 3087 3804 τε
3127 3752 3193 3804 ὲκ
3232 3748 3423 3821 ῥινῶν,
3457 3748 3552 3802 καὶ
3599 3747 3689 3816 τῆς
3728 3760 3805 3810 γυ·

2255 3845 2503 3909 ναικείας
2551 3843 2914 3915 καθάρσεωςο
2983 3841 3112 3914 περί
3160 3859 3222 3901 τε
3260 3840 3371 3894 τῶν
3439 3835 3691 3909 κριτικῶν
3730 3849 3806 3908 ση-

2258 3936 2428 4007 μείων
2448 3935 2560 3989 τῶν
2593 3934 2735 3989 κατά
2750 3935 2878 3998 τοὺς
2913 3932 3145 4005 ἱδρῶτας
3188 3931 3284 3986 καὶ
3327 3930 3433 3995 τὰς
3488 3926 3802 3985 ἀποστάσεις.

2254 4027 2353 4080 καὶ
2383 4025 2486 4097 τῆς
2512 4025 2623 4081 ἀπὸ
2661 4024 2772 4079 τῶν
2790 4024 3038 4079 πτυέλων
3072 4022 3505 4096 τεκμηριώσεως
3526 4037 3540 4051 '
3573 4019 3665 4074 καὶ
3695 4015 3804 4081 ὅτιό

2254 4118 2478 4190 ἄριστος
2510 4118 2695 4189 ἰατρὸς
2716 4117 2926 4171 εἵσεται
2949 4120 2999 4172 εί
3024 4117 3259 4188 βεόαίως
3288 4117 3351 4170 τὸ
3378 4115 3595 4188 νόσημα
3618 4111 3803 4165 λέλυται

2254 4212 2349 4266 καὶ
2381 4212 2431 4265 εί
2464 4210 2539 4283 μὴ
2556 4210 2799 4277 λέλυται,
2826 4210 2932 4265 κᾶν
2973 4210 3104 4281 δοκῇ
3124 4211 3194 4276 ⁸⁸,
3224 4209 3326 4280 τήν
3379 4226 3443 4262 τε
3499 4207 3701 4278 ἡμέραν
3730 4202 3803 4255 καὶ

2254 4303 2405 4376 ὥραν
2426 4305 2485 4358 ὲν
2573 4305 2603 4357 ὁ
2634 4303 2809 4358 νοσῶν
2829 4302 2922 4356 τὸν
2956 4302 3072 4374 βίον
3099 4301 3411 4372 ἀπολείψει.
3444 4300 3573 4374 [569
3596 4290 3805 4373 R.1Il£pl

2253 4412 2315 4448 τε
2342 4394 2644 4465 πανδήμων
2678 4394 2774 4447 καὶ
2808 4392 3092 4464 ὲπιδήμων
3111 4393 3233 4447 κκαὶ
3263 4391 3551 4463 λοιμωδῶν
3598 4384 3803 4456 νοσημά-

2254 4504 2363 4540 των
2390 4486 2609 4541 ἔκθεσιν
2643 4488 2904 4552 ποιεῖτα.,
2935 4485 3033 4539 καὶ
3086 4486 3218 4557 περὶ
3249 4485 3360 4540 τῶν
3382 4484 3526 4539 κατὰ
3554 4481 3801 4551 διαφόρους

562 4565 696 4618 tium
753 4566 972 4638 capitis,
1021 4568 1258 4637 aurium,
1337 4576 1498 4639 atque
1577 4570 1861 4629 oculorum
1937 4568 2143 4632 dolore,

2254 4580 2436 4644 αἰτίας
2460 4579 2950 4651 συγκοπτομένων,
2982 4578 3079 4633 καὶ
3108 4578 3239 4651 περὶ
3269 4578 3371 4650 τῆς
3389 4576 3533 4632 κατὰ
3554 4573 3803 4641 διαφόρους
3854 4610 3857 4615 ι

561 4658 856 4725 insomnia,
900 4660 1126 4724 luminis
1154 4661 1523 4731 hebetatione,
1556 4678 1622 4718 ac
1653 4665 1720 4718 de
1753 4678 1941 4717 eorum
1990 4677 2143 4731 cura-

563 4751 709 4804 tione
729 4752 928 4828 quibus
944 4754 1264 4827 sanguinem
1291 4769 1386 4833 per
1399 4770 1558 4809 nares
1590 4755 1643 4808 in
1666 4753 1911 4827 febribus
1937 4752 2155 4809 eﬂluere

560 4840 853 4910 contingit,
880 4851 937 4896 et
966 4843 1239 4921 quomodo
1282 4844 1354 4899 sit
1409 4844 1801 4917 providendum
1833 4842 2154 4916 febricitau—

563 4931 727 4986 tibus.
762 4931 838 5006 De
864 4932 1070 5007 vesica,
1123 4933 1294 5001 urina:
1338 4933 1673 4999 dtﬂicultate,
1702 4934 2008 4989 lumborum
2048 4935 2149 4989 do-

561 5022 793 5089 loribus,
828 5024 896 5080 de
942 5025 1187 5080 ulcerato
1212 5027 1325 5097 jam
1374 5042 1499 5103 osse
1545 5039 1727 5092 sacro,
1783 5041 1847 5081 ac
1897 5025 2145 5090 testibus,

560 5121 616 5170 et
655 5130 779 5168 auo.
819 5113 893 5170 De
951 5116 1185 5191 pustulis
1218 5132 1317 5185 per
1356 5125 1525 5190 totum
1558 5133 1757 5186 corpus
1787 5116 2024 5188 diiiusis,
2057 5118 2146 5184 vel

562 5213 615 5264 in
641 5211 889 5281 corporis
920 5221 1075 5281 parte
1101 5212 1268 5277 natis,
1289 5228 1353 5268 ac
1386 5215 1454 5268 de
1477 5213 1827 5278 tremoribus,
1854 5220 1908 5268 et
1933 5212 2150 5267 convul-

558 5301 829 5357 sionibus.
867 5302 1075 5381 Quibus
1111 5304 1240 5358 item
1280 5304 1465 5376 dulces
1510 5304 1762 5389 potiones
1806 5304 1859 5376 in
1908 5302 2147 5369 febribus

562 5395 797 5451 maxime
830 5394 994 5452 utiles
1027 5396 1159 5471 sint,
1194 5396 1539 5468 praescribit:
1581 5395 1762 5478 ibique
1808 5394 1946 5450 liber
1991 5397 2150 5477 quin-

562 5497 647 5540 tus
682 5488 904 5545 desiult.
1762 5500 1767 5503 ‘

2252 4672 2434 4737 αἰτίοις
2457 4672 2965 4745 ὲπισυμϐαινοῠσης
2983 4672 3061 4745 τῷ
3082 4671 3210 4742 ζώῳ
3228 4671 3449 4725 λειποθυ
3460 4669 3611 4733 μίας,
3625 4659 3739 4732 περὶ
3756 4673 3803 4709 τε

2250 4764 2352 4834 τῆς
2406 4766 2465 4819 ὲν
2494 4766 2754 4835 πυρετοῖς
2799 4764 3173 4835 κεφαλαλγίας
3237 4763 3331 4816 καὶ
3376 4758 3679 4833 ἀγρυπνίας
3731 4754 3803 4802 καὶ

2252 4855 2534 4925 ώταλγίας
2561 4856 2655 4911 καὶ
2690 4856 2999 4929 ὀφθαλμίας
3024 4856 3120 4911 καὶ
3156 4852 3554 4926 ἀμαυρώσεως,
3603 4844 3690 4899 κειὶ
3732 4837 3800 4908 ἐφ’

2253 4939 2330 5001 ὧν
2365 4948 2601 5018 αἵματος
2656 4948 2813 5022 ῥύσις
2847 4951 2907 5003 ὲν
2932 4949 3188 5021 πυρετοῖς
3231 4942 3536 5014 συμϐαίνει,
3574 4940 3667 5008 τῆς
3700 4930 3803 4986 τού-

2252 5052 2361 5088 των
2394 5035 2829 5108 άποθεραπείας,
2864 5038 3016 5101 ὅπως
3047 5054 3108 5090 τε
3153 5030 3483 5106 προνοητέον
3528 5026 3665 5081 κατά
3698 5023 3803 5083 τοὺς

2254 5130 2526 5200 πυρετοὺς
2550 5128 2797 5194 κύστεώς
2824 5147 2883 5183 τε
2917 5130 3013 5184 καὶ
3034 5126 3345 5199 δυσουρίας,
3401 5121 3497 5177 καὶ
3535 5119 3639 5173 τῶν
3695 5112 3805 5183 ’περὶ

2251 5222 2425 5293 ὀσφὺν
2447 5222 2785 5292 ἀλγημάτων
2818 5221 3151 5284 ἑλκωθέντος
3200 5219 3295 5273 τοῦ
3330 5215 3475 5288 ίεροῦ
3519 5210 3670 5267 ὀστοῦ
3722 5204 3804 5259 καὶ

2256 5311 2450 5382 ὀσχέου
2482 5312 2587 5385 "ﬁ
2618 5314 2928 5369 δακτυλίου.
2960 5316 3072 5368 Καὶ
3107 5313 3235 5384 περὶ
3267 5308 3651 5382 ἐξανθημάτων
3698 5298 3802 5356 καθ’

2256 5402 2379 5475 ἦλον
2409 5405 2471 5458 τὸ
2491 5405 2652 5477 σῶμα
2675 5406 2709 5479 ἢ
2746 5408 2840 5460 καὶ
2864 5406 3009 5460 κατά
3031 5405 3161 5478 [295
3188 5404 3281 5478 IL]
3313 5403 3477 5476 μέρος
3512 5393 3803 5470 συμϐαινόν-

2257 5512 2368 5548 των
2417 5498 2559 5550 κατά
2587 5497 2716 5561 τοὺς
2766 5499 3038 5569 πυρετοὺς
3054 5496 3128 5563 ⁸³,
3182 5497 3277 5552 καὶ
3308 5495 3438 5567 περὶ
3484 5493 3689 5564 τρόμων
3722 5482 3800 5538 καὶ

563 5583 872 5651 σπασμῶν·
902 5578 987 5648 οἷς
1036 5585 1260 5656 πόματα
1315 5584 1447 5655 ἡδέα
1499 5584 1642 5639 κατὰ
1687 5588 1813 5650 τοὺς
1870 5588 2137 5657 πυρετοὺς
2189 5589 2426 5658 μάλιστα
2489 5593 2896 5665 χρησιμεύοντα
2950 5594 3257 5648 συντάττει.
3310 5592 3396 5645 Ἐν
3472 5588 3638 5658 τούτῳ
3714 5577 3797 5652 μὲν

563 5671 658 5722 καὶ
677 5671 707 5723 ό
738 5670 778 5725 ε’
802 5674 982 5744 λόγος.

1887 5766 2124 5823 VARle
2160 5766 2456 5823 LECTION
2466 5768 2567 5824 ES.

633 5852 679 5884 ⁷³
707 5853 955 5945 τοῦηίιόιί.
989 5860 1054 5915 Α.
1132 5859 1175 5894 ⁸ο
1203 5861 1339 5917 ἄλλα
1372 5862 1500 5920 add.
1535 5862 1599 5919 A.
1692 5864 1732 5895 ⁸¹
1770 5864 1946 5918 δοκεῖν
2006 5882 2064 5929 ς.
2144 5864 2415 5936 ⁸²ὀσχέων
2444 5882 2503 5929 ς.
2548 5865 2630 5941 ἣ⁸³
2667 5879 2806 5919 κατα
2831 5864 2955 5929 τοὺς
2995 5863 3260 5937 πυρετοὺς
3312 5860 3434 5919 add.
3470 5859 3534 5913 Α.

2548 5932 2580 5941 -,
