4032 6506
440 378 544 443 727

1610 370 1872 430 PliOTlI
1910 363 2418 428 PATRIARCHJE
2457 362 2569 420 CP.

3613 354 3714 416 7.9.8

443 492 657 551 nanchc
695 492 750 548 in
777 490 1027 548 faucibus
1056 490 1417 546 consistentes
1446 485 1621 542 morbi
1646 499 1661 536 :
1692 483 1800 537 imo
1825 490 1879 535 et
1903 490 2022 534 ton-

2146 476 2284 545 ιαὶή
2340 473 2588 543 κυνὰγχη
2652 471 2747 523 καὶ
2807 470 3076 539 συνάγχη,
3125 468 3266 538 περὶ
3325 461 3425 518 τὸν
3471 461 3723 532 φάρυγγα

440 586 680 642 sillarum
714 593 954 640 tumores
985 580 1366 652 suprascriptis
1387 578 1669 634 accedunt.
1702 574 1869 629 Docet
1899 572 2025 626 item

440 692 546 747 qua
573 676 783 732 ratione
819 675 1014 746 179a
1032 673 1372 745 strangulati,
1406 671 1642 726 nondum
1671 677 1852 720 tamen
1883 677 2029 717 mor-

447 766 545 828 tui,
576 763 876 820 refocillari
908 762 1155 830 possint,
1182 770 1293 814 tum
1330 760 1398 814 de
1427 759 1750 812 arteriarum
1779 750 2025 806 affectio-

443 857 606 912 nibus
641 871 707 910 ac
733 854 988 911 remediis
1014 854 1275 922 disputat.
1330 851 1405 906 De
1434 851 1693 905 catharro
1725 857 1942 915 quoque
1965 856 2028 898 ac

444 949 579 1002 tussi
601 962 790 1018 agens,
819 946 1116 1016 pharmaca
1147 944 1310 1000 simul
1342 943 1511 998 tussis
1530 939 1770 996 dolorem
1795 934 2029 990 levantia

441 1040 736 1105 describit,
767 1054 890 1094 cum
909 1038 1269 1094 suﬂitionibus
1296 1047 1350 1091 et
1365 1033 1734 1106 epithematis.
1755 1029 1829 1082 De
1849 1026 2035 1082 ortho-

443 1130 648 1196 pnoicis
663 1130 922 1200 posthaec,
936 1129 1296 1194 etanhelosis,
1314 1140 1561 1197 :egreque
1587 1123 1832 1193 spiritum
1845 1120 2037 1174 ducen-

445 1221 588 1276 tibus
619 1221 876 1287 disserit,
932 1236 998 1276 ac
1034 1222 1102 1276 de
1134 1219 1575 1290 palpitationibus
1630 1215 1774 1269 circa
1817 1225 1931 1266 cor.
1961 1210 2036 1265 De

446 1310 720 1378 pulmonis
783 1312 1018 1387 denique
1069 1325 1134 1366 ac
1190 1309 1426 1380 pectoris
1486 1303 1688 1361 morbis
1752 1309 2035 1372 postquam

448 1401 949 1467 tractavit,librum
988 1401 1203 1457 tandem
1253 1400 1509 1455 claudunt
1557 1393 1944 1466 praeceptiones
1972 1393 2038 1444 de

448 1491 768 1558 pleuritide,
795 1503 901 1546 tam
936 1506 1058 1562 quae
1084 1507 1212 1546 vere
1259 1491 1446 1552 adest,
1486 1501 1650 1558 quam
1680 1497 1801 1555 quae
1841 1482 2038 1536 adesse

449 1594 709 1652 putatur,
761 1586 1050 1655 utriusque
1103 1584 1293 1638 harum
1347 1578 1743 1650 descriptione,
1812 1587 2039 1646 quaeque

449 1674 516 1726 ad
537 1688 632 1729 eas
665 1675 934 1730 curandas
962 1673 1185 1741 faciunt,
1212 1671 1465 1742 adjectis.

2139 567 2507 636 συνιστάμενα
2545 561 2715 633 πάθη.
2744 562 2854 615 Καὶ
2871 564 2927 616 αἱ
2961 559 3212 622 ἁντιάδες
3237 558 3290 592 ⁸ο
3333 557 3396 610 δὲ
3421 556 3537 618 τοῖς
3582 557 3726 626 εἰρησ

2139 657 2321 728 μένοις
2350 653 2833 725 συμπεριέχονται.
2858 652 2983 713 Πῶς
3009 650 3071 704 τέ
3102 651 3225 702 ἐστι
3260 645 3499 702 δυνατὸν
3526 646 3725 699 ἀνακα-

2135 747 2395 802 λέσασθαι
2451 747 2580 808 τοὺς
2641 743 3097 814 ἀπαγχομένους,
3152 740 3336 811 μήπω
3392 737 3474 806 τῷ
3524 738 3724 807 θανάτῳ

2140 838 2633 912 παραδεδομένους.
2653 838 2860 908 Περίτε
2879 834 3234 906 ἀμηριακῶν
3255 829 3460 884 παθῶν
3479 828 3578 882 καὶ
3596 845 3727 901 φαρ-

2142 931 2686 1006 μάκων-ἀναγραφὴν
2718 932 2977 993 ποιεῖται,
3010 927 3104 982 καὶ
3125 926 3263 996 περὶ
3295 921 3592 993 κατάρρου
3641 922 3731 976 καὶ

2139 1027 2308 1100 βηχὸς
2331 1045 2344 1059 '
2374 1030 2470 1081 καὶ
2506 1026 2749 1079 ἀνώδυνα
2781 1024 2984 1094 βηχικὰ
3013 1023 3294 1094 φάρμακα
3327 1016 3568 1087 γράφει,
3605 1016 3733 1069 ὑπο-

2140 1119 2486 1190 καπνισμούς
2525 1137 2585 1172 τε
2635 1119 2729 1172 καὶ¹
2771 1117 3101 1184 έπιθέματα.
3163 1111 3314 1183 Περὶ
3356 1109 3732 1179 όρθοπνοῖκῶν

2141 1231 2201 1267 τε
2229 1213 2321 1267 καὶ
2342 1210 2697 1281 ἀσθματικῶν
2715 1211 2810 1263 καὶ
2832 1206 3174 1262 δυσπνοῖκῶν
3196 1201 3609 1272 διαλαμϐάνει,
3636 1218 3730 1253 πε-

2146 1304 2198 1372 ρί
2222 1321 2282 1357 τε
2321 1303 2553 1373 παλμῶν
2581 1303 2690 1355 τῶν
2718 1301 2861 1354 κατὰ
2886 1300 2985 1370 τὴν
3012 1298 3244 1369 καρδίαν
3271 1312 3289 1328 ⁸
3343 1295 3446 1349 καὶ
3479 1292 3564 1346 ἔτι
3607 1293 3732 1363 περί

2145 1394 2250 1468 [τε]
2279 1397 2388 1450 τῶν
2412 1395 2507 1450 τοῦ
2537 1393 2838 1465 πνεύμονος
2860 1393 2956 1446 καὶ
2991 1391 3246 1460 θώρακος
3270 1386 3475 1442 παθῶν
3522 1384 3733 1451 διεξιὼν

2147 1485 2508 1556 συμπεραίνει
2526 1485 2620 1539 τὸν
2645 1484 2803 1553 λόγον
2828 1484 2908 1546 είς
2930 1482 3028 1553 τὴν
3056 1479 3426 1534 διδασκαλίαν
3443 1477 3549 1546 τῆς
3570 1475 3733 1528 πλευ-

2147 1575 2366 1646 ρίτιδος,
2400 1576 2500 1645 τῆς
2521 1592 2584 1628 τε
2624 1574 2788 1645 οὔσης
2836 1574 3057 1644 καὶτῆς
3084 1570 3496 1642 νομιζομένης,
3548 1568 3633 1630 τίς
3677 1584 3735 1620 τε

2147 1666 2385 1739 ἑκατέρα
2411 1666 2639 1733 τούτων,
2657 1664 3015 1738 ὑπογράφων,
3047 1663 3144 1717 καὶ¹
3177 1663 3286 1716 ὅσα
3319 1661 3406 1724 είς
3439 1657 3735 1731 θεραπείαν

2147 1759 2329 1813 αὐτῶν
2368 1758 2635 1813 συντελεῖ.

520 1840 676 1897 Νοηο
699 1842 838 1899 libro
871 1843 1061 1915 incipit
1092 1843 1160 1900 de
1186 1843 1451 1900 cardiacis
1490 1843 1726 1909 morbis,
1757 1844 2040 1914 pergitque

2212 1849 2370 1904 Κατὰ
2395 1850 2453 1903 δὲ
2493 1850 2583 1903 τὸν
2620 1849 2664 1903 θ’
2697 1848 2858 1916 λόγον
2913 1847 3226 1919 ἀπάρχεται
3281 1844 3390 1915 μὲν
3429 1843 3564 1914 περῖ¹
3607 1861 3734 1916 καρ-

452 1949 613 2002 porro
668 1934 852 1991 dehis
911 1950 1105 2006 agere,
1152 1936 1350 2006 quibus
1409 1944 1526 1990 atra
1565 1936 1672 1992 bile
1729 1939 2044 1992 stomachus

453 2026 839 2092 perturbatur:
893 2035 987 2080 aut
1032 2027 1192 2096 siqui
1239 2036 1503 2096 praeterea
1553 2028 1726 2083 morbi
1755 2026 2042 2082 ventriculi

452 2132 513 2172 ns
578 2116 855 2171 infestant.
911 2117 1312 2188 Cataplasmata
1364 2119 1430 2174 iis
1461 2130 1626 2190 atque
1658 2118 1902 2184 auxilia,
1951 2120 2042 2187 qui

454 2206 623 2261 variis
650 2208 918 2263 stomachi
975 2210 1133 2264 malis
1160 2220 1482 2279 torquentur
1504 2240 1539 2278 ,ι
1559 2224 1908 2267 enumerans.
1941 2209 2043 2264 lbi-

451 2299 574 2353 dem
606 2300 672 2355 de
710 2299 777 2356 iis
796 2315 1011 2371 quoque
1051 2301 1196 2370 agit,
1219 2303 1365 2372 quia
1408 2303 1695 2359 stomacho
1730 2302 2045 2372 epileptico-

453 2405 570 2443 rum
592 2405 743 2445 more
767 2392 1165 2458 convelluntur;
1194 2394 1430 2463 itemque
1461 2395 1526 2449 de
1559 2393 1945 2464 inappetentia;
1979 2393 2046 2447 de

452 2482 646 2537 canino
676 2485 954 2553 appetitu,
1014 2486 1323 2551 cruditate,
1389 2495 1444 2540 et
1500 2487 1690 2540 borum
1739 2485 2042 2540 curatione.

462 2575 625 2629 Docet
650 2575 718 2628 ad
741 2576 854 2631 haec
883 2592 986 2647 qua
1022 2578 1232 2632 ratione
1253 2578 1474 2646 crapula
1506 2577 1880 2632 laborantibus
1923 2575 2046 2645 cpi-

454 2663 729 2720 tulandum
754 2666 847 2730 sit,
873 2675 929 2721 et
956 2666 1058 2722 alvi
1075 2667 1314 2722 astricta:
1337 2682 1522 2722 curam
1539 2667 1888 2736 prmscripsit.
1920 2664 2046 2736 Agit

452 2755 672 2826 insuper
703 2757 769 2810 de
807 2758 1113 2824 inﬂatione,
1144 2764 1198 2812 et
1265 2757 1480 2812 volvulo
1505 2798 1520 2823 ,
1578 2773 1672 2813 seu
1727 2757 2033 2828 gracilioris

454 2849 692 2904 intestini
721 2849 1091 2906 obstructione
1111 2891 1126 2918 ,
1155 2865 1220 2906 ac
1247 2851 1480 2919 denique
1510 2851 1576 2906 de
1629 2850 1881 2905 omnibus
1907 2891 1923 2916 ,
1953 2849 2045 2919 qui

450 2939 640 2996 colicis
677 2940 953 2996 doloribus
991 2941 1323 2997 cruciantur.
1349 2940 1426 2996 De
1455 2942 1663 2996 ventris
1692 2940 1945 3008 ﬂuxioue,
1968 2925 2049 2995 at.

451 3045 558 3100 que
584 3031 651 3086 de
680 3032 926 3096 cmliaca,
955 3047 1117 3102 quam
1148 3039 1380 3097 vocantr,
1436 3029 1739 3085 aﬂ‘eCtione.
1786 3030 1860 3083 De
1897 3030 2048 3084 colli~

451 3123 711 3191 quatione
742 3139 758 3177 :
819 3124 884 3178 de
915 3122 1196 3177 lumbricis
1223 3139 1343 3178 cum
1400 3122 1650 3177 rotundis
1673 3163 1688 3189 ,
1731 3131 1842 3175 tum
1874 3121 1998 3176 latis
2029 3140 2043 3176 :

453 3219 520 3268 de
553 3214 620 3270 iis
640 3229 760 3285 qua:
781 3216 1058 3271 ascarides
1073 3217 1442 3282 nominantur,
1467 3215 1640 3284 deque
1669 3215 2046 3270 intestinorum

454 3306 1031 3373 passionibus.Eorum
1074 3320 1290 3377 quoque
1334 3306 1573 3361 remedia
1629 3307 1910 3373 describit,
1959 3307 2052 3376 qui

453 3413 664 3466 aurum,
700 3399 792 3468 qui
816 3414 922 3465 aes,
955 3398 1038 3453 vel
1078 3399 1182 3454 tale
1215 3399 1342 3467 quid
1374 3399 1770 3469 deglutiverunt
1802 3416 1815 3452 :
1849 3399 2053 3470 dysen-

455 3489 639 3543 tericis
662 3491 790 3544 item
819 3506 938 3560 qua:
962 3490 1301 3560 velsuperne
1333 3490 1417 3545 vel
1455 3490 1666 3546 inferne
1694 3492 2055 3554 immittuntur

456 3580 691 3635 remedia
713 3590 1104 3637 commemorat
1125 3595 1142 3637 :
1160 3581 1422 3650 pastillos,
1443 3583 1741 3652 supposita,
1761 3591 2053 3652 unguenta.

452 3680 785 3749 rpithemata
806 3720 821 3744 ,
861 3678 1036 3734 donec
1066 3677 1282 3733 tandem
1315 3677 1371 3732 in
1404 3691 1655 3734 sermone
1711 3678 1958 3734 lienteria
1973 3678 2055 3750 .li-

453 3774 608 3825 brum
644 3769 815 3825 liuiat.

523 3948 799 4004 Decimum
843 3948 1039 4003 librum
1070 3948 1385 4018 auspicatur
1418 3949 1485 4003 ab
1513 3949 1880 4004 imbecillitate
1904 3950 2057 4019 jeco-

2140 1941 2372 2007 διακῶν,
2412 1940 2771 2011 διαλαμϐάνει
2817 1939 2874 1992 δὲ
2917 1939 3116 2010 ἑφεξῆς
3166 1937 3302 2008 περί
3357 1953 3421 1988 τε
3477 1935 3591 1988 τῶν
3639 1935 3736 1988 ὑπὸ

2145 2034 2406 2103 μελαίνης
2446 2033 2611 2103 χολῆς
2657 2031 3065 2102 ἐνοχλουμένων
3090 2029 3184 2083 τὸν
3207 2029 3254 2060 ’⁸
3286 2028 3603 2097 στόμαχον,
3644 2027 3733 2080 καὶ

2142 2125 2329 2188 ἁπλῶς
2359 2125 2461 2179 ὅσα
2505 2125 2653 2194 πάθη
2689 2126 2833 2180 κατὰ
2871 2123 2934 2176 τὸ
2977 2122 3152 2190 στόμα
3192 2120 3300 2190 τῆς
3347 2118 3568 2181 κοιλίας
3618 2134 3734 2170 συν-

2145 2217 2375 2282 ίσταται,
2399 2215 2838 2286 καταπλάσματα
2871 2231 2928 2268 τε
2963 2214 3060 2267 καὶ
3093 2211 3433 2282 βοηθήματα
3462 2211 3579 2271 τοῖς
3600 2207 3733 2263 κατὰ

2141 2308 2375 2379 διάφορα
2421 2307 2568 2376 πάθη
2609 2308 2700 2360 τὸν
2747 2306 3020 2376 στόμαχον
3052 2301 3482 2372 κεκακωμένοις
3518 2317 3734 2368 συναρι-

2145 2401 2319 2472 θμῶν.
2362 2401 2449 2452 Ἐν
2478 2394 2558 2462 οἷς
2588 2399 2683 2452 καὶ
2712 2397 2842 2468 περὶ
2866 2398 2978 2450 τῶν
3003 2397 3112 2450 ἀπὸ
3142 2395 3431 2464 στομάχου
3457 2391 3732 2462 ἐπιληπτι-

2145 2492 2257 2555 κῶς
2286 2491 2590 2561 σπωμένων
2618 2489 2891 2554 διέξεισιν,
2920 2487 3205 2558 ἀνορεξίας
3234 2503 3298 2539 τε
3332 2485 3432 2538 καὶ
3473 2483 3733 2548 κυνὼδους

2145 2581 2376 2652 ὀρέξεως
2407 2580 2501 2634 καὶ
2533 2578 2804 2648 ἀπεψίας,
2852 2577 2948 2632 καὶ¹
2986 2576 3288 2648 θεραπείας
3319 2574 3554 2628 τούτων.
3586 2573 3731 2626 Διδά-

2147 2689 2268 2726 σκει
2318 2672 2376 2724 δὲ
2431 2671 2526 2725 καὶ
2584 2671 2734 2734 ὅπως
2801 2668 3096 2741 βοηθητέον
3153 2669 3270 2732 τοῖς
3333 2665 3728 2737 κραιπαλῶσιν.

2158 2761 2496 2832 Ἐπεχομένῃ
2518 2778 2579 2814 τε
2611 2760 2808 2831 γαστρὶ
2833 2759 3106 2813 διατάττει
3140 2757 3497 2828 ἐπιμέλειαν,
3533 2755 3658 2826 περί
3676 2771 3730 2806 τε

2147 2852 2662 2923 ὲμπνευματώσεως
2699 2853 2795 2906 καὶ
2843 2851 3020 2916 ίλεοῦ,
3068 2851 3161 2904 καὶ⁵
3212 2849 3409 2913 ἁπλῶς
3457 2849 3586 2918 περὶ
3629 2845 3730 2899 τῶν

2146 2943 2499 3014 όδυνωμένων
2536 2943 2598 2995 τὸ
2643 2942 2838 2996 κῶλον·
2876 2942 2970 2995 καὶ
3004 2942 3133 3013 περὶ
3164 2940 3384 3002 κοιλίας
3415 2937 3730 3010 ῥευματιζο-

2153 3036 2344 3106 μένης,
2377 3037 2475 3105 τῆς
2521 3051 2581 3087 τε
2630 3033 2913 3105 κοιλιακῆς
2954 3033 3258 3103 λεγομένης
3294 3031 3613 3094 διαθέσεως,
3643 3029 3730 3082 καὶ

2151 3127 2280 3198 περὶ
2313 3125 2639 3197 συντήξεως,
2669 3124 2796 3196 περί
2830 3142 2891 3178 τε
2915 3123 3207 3195 ἑλμίνθων,
3237 3123 3352 3175 τῶν
3381 3140 3440 3174 τε
3479 3117 3730 3190 στρογγύ-

2152 3218 2259 3270 λων
2284 3217 2378 3270 καὶ⁸
2409 3215 2506 3286 τῆς
2537 3215 2800 3280 πλατείας
2818 3214 2913 3268 καὶ
2934 3215 3043 3268 τῶν
3065 3212 3382 3285 ἀσκαρίδων
3410 3211 3725 3281 λεγομένων.

2153 3308 2288 3379 Περί
2322 3325 2378 3362 τε
2414 3307 2525 3360 τῶν
2568 3307 2710 3360 κατὰ
2750 3307 2818 3361 τὰ
2851 3307 3046 3378 ἔντερα
3080 3303 3499 3374 συνισταμένων
3531 3300 3728 3364 παθῶν,

2154 3400 2250 3453 καὶ
2288 3400 2432 3461 ὅσοις
2468 3397 2666 3468 χρυσὸς
2706 3397 2740 3468 ἢ
2786 3397 2985 3467 χαλκὸς
3017 3397 3052 3468 ἦ
3096 3413 3150 3450 τι
3191 3395 3443 3450 τοιοῦτον
3472 3394 3518 3426 ⁸³
3547 3391 3724 3461 έπόθη.

2155 3493 2372 3546 Τούτων
2391 3508 2450 3544 τε
2488 3489 2810 3561 βοηθήματα
2840 3489 3170 3560 ἀναγράφει,
3213 3488 3310 3542 καὶ¹
3345 3485 3728 3556 δυσεντερικοῖς

2155 3584 2225 3637 τὰ
2275 3582 2545 3651 λεγόμενα
2599 3579 2908 3651 ἀνωτερικὰ
2958 3581 3054 3634 καὶ
3097 3577 3452 3649 κατωτερικὰ
3503 3578 3726 3645 ὲνέματα

2158 3673 2446 3741 καταλέγει
2475 3672 2540 3737 ⁹³,
2580 3675 2903 3742 τροχίσκους
2927 3688 2987 3724 τε
3017 3671 3111 3725 καὶ
3143 3669 3387 3724 ὑποθετὰ
3417 3667 3513 3722 καὶ
3539 3664 3728 3736 ἐπιχρί-

2160 3783 2343 3834 σματα
2375 3765 2470 3818 καὶ
2493 3763 2822 3833 ὲπιθέματα,
2855 3763 2950 3816 καὶ⁵
2972 3762 3158 3816 λοιπὸν
3183 3761 3263 3824 είς
3284 3761 3380 3814 τὸν
3410 3758 3538 3829 περὶ
3571 3758 3726 3809 λειεν-

2157 3862 2346 3934 τερίας
2377 3859 2676 3930 καταλήγει
2714 3860 2892 3928 λόγον.

2242 3955 2300 4008 '0
2327 3953 2383 4006 δὲ
2409 3960 2435 4006 ι’
2468 3953 2620 4023 αὐτῷ
2650 3952 2696 3984 ’⁸
2723 3952 2879 4019 λόγος
2907 3951 3216 4019 ἀπάρχεται
3247 3946 3348 4018 μὲν
3379 3944 3507 4014 περὶ¹
3533 3942 3724 4013 ἥπατος

459 4041 554 4106 ris,
588 4043 815 4108 indeque
839 4041 905 4095 de
926 4041 1174 4095 omnibus
1226 4041 1438 4109 hepatis
1473 4042 1701 4106 morbis,
1731 4051 1788 4096 et
1824 4058 1920 4110 per
1937 4057 2044 4110 qua

2160 4046 2400 4109 ἀτονίας,
2450 4043 2705 4097 κάκεῖθεν
2751 4043 2879 4112 περὶ
2923 4041 3138 4094 πάντων
3179 4037 3345 4092 αὑτοῦ
3383 4036 3491 4088 τῶν
3533 4030 3722 4093 παθῶν,

458 4139 648 4191 bonum
691 4132 806 4184 fieri
851 4130 1114 4185 medicina
1150 4138 1332 4199 queat,
1360 4131 1539 4185 tradit.
1581 4131 1717 4186 Hinc
1751 4133 1819 4186 ad
1859 4130 2044 4202 spleni:

2163 4138 2259 4194 καὶ
2282 4137 2348 4192 δι’
2378 4133 2453 4192 ὧν
2482 4137 2548 4192 ἂν
2582 4135 2946 4208 θεραπευθείη
2969 4134 3162 4198 ταῦτα,
3198 4128 3575 4199 διαλαμϐάνει.
3605 4117 3721 4175 Εἶτα

459 4230 630 4296 pergit
658 4222 971 4276 affectiones
992 4259 1010 4287 ,
1039 4219 1267 4290 ejusque
1292 4222 1894 4291 variamliutemperiem
1938 4239 2040 4277 cun

2166 4232 2482 4304 μεταϐαίνει
2507 4229 2642 4300 πρὸς
2665 4227 2763 4292 τὰς
2785 4229 2842 4280 ὲν
2870 4228 3066 4296 σπληνὶ
3092 4225 3384 4286 διαθέσεις,
3407 4214 3721 4288 δυσκρασίας

457 4317 680 4374 curandi
708 4315 880 4371 modis
901 4317 1064 4372 refert
1093 4313 1305 4388 :[tales]
1329 4314 1647 4378 inﬂationes,
1688 4314 2044 4373 inﬂammatio-

2163 4343 2225 4378 τε
2271 4323 2434 4380 αὑτοῦ
2488 4325 2583 4377 καὶ
2623 4320 2918 4391 θεραπείας
2963 4318 3197 4384 διεξιὼν,
3255 4310 3721 4386 ἐμπνευματώσεις

459 4425 572 4474 nes,
585 4408 800 4484 scirrht.
822 4416 1062 4463 tumores
1075 4415 1266 4478 praeter
1284 4415 1531 4460 naturam
1555 4414 1715 4474 atque
1732 4406 1974 4462 durities.
1990 4407 2044 4460 De

2167 4417 2262 4471 καὶ
2313 4414 2620 4484 φλεγμονὰς
2653 4413 2749 4466 κα)⁸
2779 4412 3040 4482 σκίρρους
3060 4409 3104 4440 ⁸⁵
3127 4408 3221 4461 καὶ
3249 4408 3377 4468 τοὺς
3404 4399 3554 4473 παρᾶ
3576 4397 3724 4470 φύσιν

460 4503 626 4554 ictero
658 4509 770 4552 tum
814 4498 946 4567 agit,
979 4513 1072 4553 seu
1108 4499 1296 4554 morbo
1319 4505 1567 4565 arquato,
1592 4505 1647 4550 et
1681 4497 1745 4551 de
1775 4497 1912 4551 mala
1937 4514 2044 4553 cor-

2163 4511 2358 4578 ὄγκους
2391 4509 2484 4562 καὶ
2517 4508 2613 4571 τὰς
2647 4505 2940 4577 σκληρίας·
2975 4503 3103 4574 περί
3142 4519 3200 4555 τε
3243 4500 3456 4570 ἰκτέρου
3488 4497 3576 4549 καὶ
3603 4507 3719 4558 καχ-

459 4594 604 4660 poris
624 4594 937 4648 habitudine
961 4606 976 4645 :
1002 4593 1234 4662 itemque
1262 4592 1327 4646 de
1349 4591 1605 4660 hydrope.
1624 4591 1738 4646 sive
1761 4606 1900 4662 aqua
1925 4593 2044 4647 inte!

2167 4601 2336 4667 εξίας,
2377 4601 2473 4653 καὶ
2505 4599 2635 4670 περὶ
2668 4599 2894 4668 ὑδέρων,
2934 4595 3056 4649 ὅθεν
3090 4611 3150 4647 τε
3182 4593 3386 4646 τούτων
3423 4586 3717 4641 συνίσταται

459 4695 637 4739 cutem
660 4703 673 4738 :
696 4685 837 4738 unde
858 4683 1053 4752 singuli
1080 4683 1136 4754 hi
1164 4682 1336 4737 morbi
1363 4691 1679 4742 nascantur,
1698 4690 1754 4734 et
1792 4685 2044 4750 qnomodt

2165 4695 2395 4747 ἕκαστον
2422 4692 2517 4745 καὶ
2549 4691 2665 4753 πῶς
2701 4689 2768 4744 ἂν
2795 4686 3182 4758 θεραπευθείη,
3220 4683 3473 4754 μεθόδους
3505 4673 3715 4744 παραδι-

459 4774 641 4828 ς-υτστί
665 4776 874 4845 possint
903 4777 992 4829 via
1015 4789 1079 4830 ac
1107 4775 1313 4828 ratione
1348 4773 1513 4828 tradit
1546 4789 1563 4828 ι
1595 4772 2040 4842 quolibridecim

2165 4786 2309 4849 δούς.
2341 4785 2431 4838 Ἐν
2465 4777 2545 4846 οἷς
2574 4781 2726 4853 αὐτῷ
2759 4781 2852 4835 καὶ
2877 4783 2906 4834 ὁ
2938 4785 2966 4834 ι’
2995 4777 3425 4849 συμπεραίνεται
3450 4771 3620 4830 πόνος·

463 4870 612 4922 labor
645 4867 984 4924 terminatur.

539 4959 732 5030 l79b
783 4957 1082 5013 Undecimo
1108 4958 1248 5013 libro
1285 4959 1350 5013 de
1376 4957 1591 5012 diabete
1625 4958 1750 5024 (hoc
1777 4957 1873 5021 {est
1896 4957 2065 5011 urina:

463 5049 750 5121 proﬂuvio)
779 5057 1010 5112 tractat,
1045 5060 1096 5104 et
1129 5049 1196 5104 de
1236 5065 1421 5102 renum
1457 5049 1824 5103 imbecillitate
1868 5057 2068 5101 cruen‘

467 5160 570 5196 nam
630 5142 839 5196 urinam
905 5141 1328 5197 excernentium.
1373 5139 1509 5193 Hinc
1531 5143 1595 5194 de
1623 5140 1901 5193 calculosis
1934 5141 2072 5192 reui-

466 5240 599 5296 hus,
643 5233 911 5288 calculosa
942 5234 1155 5297 vesica,
1188 5248 1249 5286 ac
1285 5233 1349 5285 de
1398 5247 1583 5284 renum
1632 5229 2044 5285 inﬂammatione

2173 5235 2482 5304 φλεγμονῆς
2509 5252 2568 5287 τε
2600 5235 2812 5306 νεφρῶν
2844 5235 2935 5287 καὶ
2967 5234 3231 5304 σκληρίας
3258 5232 3351 5286 καὶ
3378 5224 3703 5306 διαπυήσεωςτ

467 5326 689 5389 duritia,
719 5325 1124 5395 suppuratione.
1151 5325 1224 5378 De
1246 5323 1460 5395 dysuria
1489 5337 1702 5391 quoque
1735 5335 1786 5375 et
1818 5331 2044 5391 strangu

2169 5302 2453 5395 Suscepia,
2484 5343 2542 5378 τε
2583 5302 2681 5378 καὶ.
2705 5302 3117 5396 ⁷στραγγουρίας
3156 5324 3250 5377 καὶ
3287 5315 3567 5390 ἰσχουρίας,
3596 5302 3704 5373 περί

470 5417 584 5483 ria,
613 5425 772 5486 atque
809 5416 1068 5471 ischuria.
1108 5415 1184 5470 De
1232 5413 1464 5470 resoluta
1500 5414 1676 5468 vesica
1701 5453 1716 5476 ,
1741 5413 1935 5474 dehis,
1975 5428 2041 5480 qu

2166 5433 2228 5468 τε
2255 5417 2663 5488 παραλυθείσης
2691 5417 2955 5481 κύστεως,
2977 5418 3070 5469 καὶ
3092 5415 3200 5468 τῶν
3226 5412 3363 5468 κατὰ
3387 5410 3504 5469 τοὺς
3530 5403 3704 5456 ὕπνους

472 5523 531 5562 se
590 5508 646 5562 in
701 5509 909 5564 somnis
953 5506 1344 5578 permingunt:
1393 5507 1458 5560 de
1515 5504 1844 5559 inﬂammata
1885 5504 2044 5558 vesic:

2166 5508 2228 5558 οὐ
2261 5508 2598 5579 κατεχόντων
2631 5508 2758 5580 [575
2781 5507 2870 5581 ἢ]
2900 5509 2960 5561 τὸ
2981 5509 3029 5541 ⁹⁶
3049 5507 3230 5578 οὖρονο
3260 5502 3386 5574 περί
3407 5516 3464 5552 τε
3490 5493 3700 5549 κύστεως

1703 5634 1939 5691 VARUE
1979 5635 2382 5693 LECTIONES.

985 5735 1038 5805 οξ
1069 5733 1160 5785 τὸν
1201 5732 1324 5805 add.
1537 5731 1580 5805 ’ξ
1612 5730 1871 5805 τοιοῦτον]
1906 5728 2147 5805 τοιοῦτον
2192 5731 2382 5805 ἕτερον
2442 5734 2814 5805 apographum
2865 5734 3147 5803 Stephani.

796 5803 842 5835 “
880 5803 1042 5858 αὑτοῦ
1073 5821 1130 5866 ς.
1208 5803 1254 5837 9'
1295 5804 1510 5872 σκίρους
1549 5801 1608 5854 Λ.
1677 5803 1720 5831 θ’
1755 5801 1814 5852 τὸ
1845 5802 1968 5853 add.
1997 5803 2061 5854 Α.

2247 4960 2335 5012 Ἐν
2368 4958 2424 5011 δὲ
2456 4959 2534 5029 τῷ
2564 4967 2631 5012 ια’
2663 4959 2793 5031 περί
2836 4977 2897 5012 τε
2937 4957 3192 5027 διαϐήτου
3221 4951 3598 5024 διαλαμϐάνει,
3631 4941 3713 4996 καὶ

2168 5052 2385 5114 ἀτονίας
2430 5051 2663 5122 νεφρῶν,
2706 5052 2940 5123 αἵματός
2980 5051 3107 5123 [295
3139 5049 3234 5121 ιι]
3278 5066 3337 5102 τε
3378 5042 3706 5111 ἐξουρήσεως,

2171 5144 2265 5196 καὶ
2312 5144 2439 5214 περὶ
2465 5143 2762 5196 λιθιώντων
2795 5144 3008 5213 νεφρῶν
3056 5143 3151 5195 καὶ⁴
3186 5139 3443 5208 λιθιώσης
3473 5132 3705 5188 κύστεωςν

543 5736 588 5767 ⁹⁰
609 5733 817 5796 ἅντιδες
850 5752 909 5799 ς.

3253 5731 3297 5764 9³
3334 5724 3597 5792 καταλέγει
3620 5719 3651 5770 Α
3680 5730 3689 5765 ι

473 5805 617 5874 λέγει
640 5822 701 5869 ς.
