4032 6434
222 349 306 414 129
1260 344 1783 412 BIBLIOTHECA.
1801 376 1871 385 —
1899 352 2061 414 COD.
2102 355 2350 418 CCXXI.
3334 369 3440 431 730

236 458 604 536 φλεγμαινούσης
627 494 644 522 ,
685 457 784 513 ml
816 455 919 528 τῆς
965 457 1086 512 κατ’
1134 456 1302 529 αὐτὴν
1334 460 1733 532 αἱμορραγίας,
1764 468 1813 526 Α

1850 478 1903 518 Ic
1924 466 1988 519 de
2008 470 2285 538 sanguinis
2307 485 2405 542 per
2434 486 2552 527 eam
2597 475 2879 543 eruptione
2898 515 2914 541 ,
2944 475 3121 547 deque
3180 479 3442 535 exsisten-

235 555 308 611 ml
347 552 441 606 τῶν
493 548 885 620 συνισταμένων
932 548 993 602 ὲν
1040 550 1177 620 αὐτῇ
1227 551 1484 622 θρόμϐων
1536 570 1596 606 τε
1644 555 1737 608 καὶ

1848 555 1984 611 Libus
2010 558 2063 612 in
2103 575 2166 615 ea
2198 563 2439 631 grumis,
2474 565 2770 622 tuberculis
2794 608 2810 633 ,
2843 568 3151 624 ulceribus:
3205 571 3440 643 itemque

236 645 448 717 pvpéswv
483 643 571 696 ml
599 640 769 694 ἑλκῶν
794 657 809 673 ⁸
842 641 937 694 ml
976 642 1105 710 περὶ
1135 644 1603 715 ρευματιζομένης
1643 646 1739 700 ml

1851 648 1903 703 ie
1935 653 2123 706 vesicae
2155 654 2388 711 llnxione
2432 672 2497 715 ac
2530 660 2730 714 scabie.
2776 662 2849 715 De
2894 662 3177 731 satyriasi.
3241 640 3443 731 priapi-

235 736 472 809 ψωριιῖηης
503 733 773 796 κύστεως·
805 732 934 803 περί
952 750 1011 786 τε
1046 736 1418 805 σατυριάσεως
1455 739 1549 791 καί
1570 755 1740 809 πρια-

1848 746 1955 790 smo
1977 777 1991 801 ,
2025 740 2250 796 seminis
2295 741 2438 797 ﬂuxu
2461 784 2476 812 ,
2504 760 2567 800 ac
2593 746 2644 801 in
2679 748 2883 802 somnis
2930 748 3213 817 proﬂuvio.
3239 750 3440 804 llornm

238 824 397 898 πισμοῦ
448 822 535 877 καὶ
582 822 897 893 γονορῤοίας
949 822 1045 875 καὶ
1113 822 1465 894 ὀνειρώξεως.
1520 826 1740 880 Τούτων

1846 827 2075 881 omnium
2128 831 2441 888 morborum
2473 850 2667 892 causas
2689 878 2705 903 ,
2734 838 2906 907 quoad
2930 839 3047 906 ejus
3077 840 3192 894 lieri
3228 850 3438 908 potest,

240 920 438 975 ἁπάντων
460 911 559 965 τῶν
603 912 911 983 εἰρημένων
956 912 1145 965 παθῶν
1178 914 1276 977 τάς
1312 931 1372 968 τε
1416 915 1626 983 αἰτίας,
1663 917 1741 980 ὡς

1850 916 2113 987 explicat,
2154 932 2209 976 et
2241 924 2519 983 cautiones
2546 929 2963 999 curationesque
3006 946 3214 984 eorum.
3251 931 3440 984 Extre-

242 1009 325 1064 οἷόν
353 1007 402 1060 τέ
437 1006 561 1068 ἐστι,
608 1003 933 1071 καταλέγει,
974 1006 1070 1058 ml
1109 1005 1207 1069 τὰς
1248 1007 1603 1077 προφυλακὰς
1645 1010 1743 1064 ml

1847 1023 1938 1063 mo
1957 1024 2085 1066 vero
2114 1013 2250 1069 libro
2280 1015 2349 1073 iis
2392 1033 2631 1091 quoque,
2662 1022 2752 1090 qui
2794 1020 3005 1078 Venere
3036 1024 3114 1076 uti
3147 1034 3437 1093 nequeant,

249 1097 473 1172 θεραπείας
502 1093 704 1150 αὐτῶν.
741 1095 877 1149 Κατ’
907 1097 1040 1150 αὐτὸ
1068 1097 1126 1151 δὲ
1168 1097 1229 1150 τὸ
1260 1098 1411 1163 τέλος
1449 1097 1540 1151 τοῦ
1580 1098 1740 1168 λόγου

1449 1097 1540 1151 τοῦ
1580 1098 1740 1168 λόγου
1848 1102 2106 1159 exercitia
2134 1108 2547 1181 curationesque
2584 1114 2793 1169 statuit.
3026 1155 3032 1164 .

255 1200 330 1253 καὶ
350 1198 446 1265 περὶ
466 1191 556 1246 τῶν
592 1192 671 1264 μὴ
708 1191 1020 1263 δυναμένων
1053 1193 1357 1263 χρήσασθαι
1393 1194 1748 1265 ἀφροδισίοις,
1780 1198 2087 1268 γυμνασίας
2115 1219 2173 1255 τε
2205 1201 2512 1260 αὐτῶν’καὶ
2541 1207 2839 1281 θεραπείας
2872 1209 3173 1265 διατάττει.

323 1290 384 1341 Ἐν
399 1286 440 1339 δὲ
453 1282 520 1354 τῷ
543 1282 607 1354 ιβ’
631 1282 779 1353 λόγῳ
801 1284 929 1354 περὶ
954 1284 1189 1353 ίσχιάδος
1215 1285 1307 1338 ml
1328 1287 1459 1357 περὶ
1478 1284 1753 1357 ποδάγρας

1934 1290 2260 1350 Duodecimn
2310 1297 2450 1354 libro
2490 1300 2557 1355 de
2604 1300 2848 1357 ischiade
2877 1311 2932 1356 et
2984 1304 3221 1372 podagra
3277 1309 3441 1369 atque

264 1380 331 1434 καὶ
360 1374 619 1446 ἁρθρίτιδος
672 1373 1060 1443 διαλαμϐάνει,
1116 1372 1299 1439 αἰτίας
1348 1391 1409 1427 τε
1456 1374 1752 1438 καθολικὰς

1860 1383 2152 1441 arthritide
2202 1388 2319 1445 sive
2373 1391 2657 1447 articulari
2720 1394 2912 1448 morbo
2938 1395 3099 1463 agit:
3133 1395 3324 1446 borum
3367 1396 3441 1445 si-

261 1471 334 1523 τῶν
352 1465 496 1520 παθῶν
517 1463 728 1517 τούτων
756 1463 1093 1533 καταλέγων,
1128 1463 1225 1517 καὶ
1253 1464 1376 1518 ὅσαι
1403 1464 1498 1519 ἐπὶ
1530 1466 1753 1536 μέρους,

1862 1476 1972 1530 mul
1999 1492 2195 1535 causas
2225 1496 2347 1536 cum
2388 1486 2692 1554 generales,
2764 1496 2875 1541 tum
2928 1488 3233 1556 singulares
3268 1505 3440 1549 ευθει-

254 1562 319 1616 ul
342 1555 651 1620 παντοδαπάς
688 1556 985 1629 θεραπείας
1035 1555 1214 1610 αὐτῶν
1261 1572 1321 1609 τε
1357 1556 1453 1610 ml
1492 1556 1593 1610 ὅσα
1631 1557 1755 1612 κατ’

1860 1581 2017 1635 nens,
2049 1584 2154 1625 una
2186 1586 2309 1628 cum
2340 1575 2509 1631 variis
2536 1579 2932 1641 curationibus,
2960 1555 3080 1633 etsi
3116 1581 3207 1648 qni
3247 1582 3313 1633 ad
3339 1580 3438 1636 hos

249 1653 343 1707 αὐτὰ
381 1647 749 1718 ὲπισυμϐαίνει
796 1649 1080 1717 νοσήματα
1125 1648 1325 1717 ἕτερα,
1384 1645 1646 1711 κενώσεις
1693 1665 1754 1701 τε
1787 1696 1831 1755 Β

276 1744 286 1755 .
322 1742 341 1752 -
392 1740 412 1755 .
514 1740 527 1755 .
798 1738 813 1755 .
930 1738 944 1755 .
1239 1740 1252 1755 .
1371 1737 1391 1755 ς
1420 1740 1431 1754 .
1731 1739 1745 1755 .

1862 1662 2122 1718 accedere
2170 1665 2263 1721 alii
2314 1668 2489 1724 morbi
2548 1669 2747 1725 solent.
2816 1670 3010 1727 Varias
3047 1672 3177 1726 item
3243 1674 3434 1726 horum

243 1742 372 1797 αὐτῶν
388 1740 691 1812 διαφόρους,
727 1738 822 1793 ml
855 1738 1131 1809 χρίσματα
1165 1740 1262 1793 καὶ
1292 1737 1628 1810 μαλάγματα
1660 1739 1755 1793 ml
1787 1737 1831 1755 ”

1856 1755 2263 1824 evacuationes,
2302 1761 2615 1827 unctiones,
2650 1762 2997 1834 malagmata,
3022 1764 3430 1831 pernnctiones,

240 1830 560 1903 συγχρίσματα
605 1830 707 1883 καὶ
733 1830 915 1885 ἄκοπα
944 1829 1040 1883 καὶ
1067 1828 1383 1900 ἀλείμματα
1422 1829 1753 1894 συντάττων,

1858 1859 2048 1913 ac0pa,
2084 1859 2360 1918 unguenta
2381 1853 2685 1921 praescribit
2715 1869 2730 1908 :
2759 1828 3043 1921 purgantia
3072 1869 3289 1923 quoque
3328 1828 3436 1909 illis

235 1921 483 1992 καθαρτικά
504 1937 562 1974 τε
595 1921 914 1991 ἁρμόζοντα
938 1920 1147 1981 τούτοις
1172 1920 1269 1972 ml
1296 1918 1629 1987 ἀντιδότους,
1661 1920 1755 1972 καὶ

1857 1940 2262 1994 accommodata
2292 1948 2348 1996 et
2380 1918 2675 2008 antidotos,
2724 1918 2943 2014 aliaque
2990 1918 3247 2015 plurima,
3309 1962 3433 2016 quae

233 2017 307 2070 ὅσα
329 2013 444 2068 ἄλλα
471 2013 604 2084 πρὸς
641 2013 747 2085 τὴν
783 2012 894 2066 τῶν
936 2011 1244 2084 εἰρημένων
1273 2012 1597 2084 νοσημάτων
1630 2010 1758 2084 βοή-

1306 2012 1597 2084 οσημάτων
1630 2010 1758 2084 βοή“
1858 2042 2017 2100 opem
2059 2030 2164 2086 illis
2191 2034 2399 2090 morbis
2426 2035 2625 2092 all'erre
2666 2010 2898 2106 possint.

232 2105 350 2159 θειαν
371 2105 556 2175 ἀφορᾷ.

291 2196 362 2261 Ἐν
398 2195 451 2249 δὲ
490 2194 565 2267 τῷ
610 2194 686 2266 ιγ’
735 2195 883 2268 λόγῳ
933 2200 1064 2272 περὶ
1108 2197 1353 2253 δακετῶν
1402 2194 1763 2267 διαλαμϐάνει

1939 2209 2124 2267 Tertio
2146 2211 2357 2267 decimo
2387 2212 2527 2268 libro
2568 2214 2634 2269 de
2691 2228 2875 2269 morsu
2908 2214 3120 2271 infestis
3145 2215 3438 2270 animanti-

229 2285 367 2352 ζώων,
393 2286 453 2350 ἃς
481 2286 699 2341 ποιῶσι
735 2289 1005 2355 διαθέσεις
1035 2291 1131 2345 καὶ
1164 2290 1312 2361 πάθη
1346 2289 1476 2359 περὶ
1505 2288 1632 2351 τοὺς
1664 2287 1759 2358 δη-

1863 2307 1964 2362 ltus
1992 2322 2182 2377 agens,
2222 2307 2385 2361 simul
2408 2322 2543 2376 quas
2577 2308 2691 2363 haec
2723 2310 2920 2363 morsis
2961 2309 3045 2363 vel
3098 2308 3437 2370 aﬂ‘ectiones.

227 2377 445 2448 χθέντας,
474 2380 566 2432 καὶ
595 2380 704 2443 τὰς
731 2380 939 2435 τούτων
975 2382 1148 2446 ἰάσεις
1177 2378 1619 2451 ἐκδιηγούμενος.
1654 2378 1765 2431 Kal

1863 2398 1948 2454 vel
1978 2400 2195 2453 morbos
2221 2395 2475 2461 all'eraut,
2512 2399 2962 2469 singulorumque
3008 2400 3244 2454 medelas
3272 2415 3442 2463 expo-

227 2471 276 2543 δὴ
304 2472 380 2524 καὶ
404 2471 522 2542 περὶ
547 2472 660 2526 τῶν
695 2473 915 2526 ἰοϐόλων
943 2473 1150 2545 θηρίων
1177 2474 1277 2543 τὴν
1300 2472 1495 2545 ὁμοίαν
1522 2473 1765 2525 ποιεῖται

1864 2490 1969 2545 nit.
2002 2488 2137 2544 llinc
2161 2501 2215 2543 et
2240 2491 2307 2543 de
2334 2489 2461 2543 feris
2485 2505 2752 2545 venenum
2776 2490 3173 2560 ejaculantibus
3206 2490 3448 2545 similem

228 2562 549 2619 διδασκαλίαν.
580 2564 662 2617 Οὐ
697 2564 856 2635 μόνον
884 2565 962 2632 δὲ,
984 2566 1121 2619 ἀλλὰ
1144 2567 1239 2619 ml
1268 2565 1368 2619 ὅσα
1389 2565 1500 2618 τῶν
1523 2562 1703 2633 φυτῶν
1728 2562 1762 2635 ἦ

1867 2581 2170 2635 doctrinam
2197 2581 2380 2636 tradit.
2409 2581 2547 2648 Quin
2576 2591 2631 2635 et
2650 2581 2861 2651 plantas
2886 2594 3050 2652 atque
3079 2584 3297 2647 herbas,
3324 2599 3452 2653 qua}

230 2654 427 2725 βοτανῶν
463 2654 773 2726 δηλητήρια
812 2656 1021 2725 γίνεται
1070 2659 1184 2720 τοῖς
1227 2655 1552 2728 χρωμένοις,
1590 2652 1766 2723 δηλῶ-

1867 2688 2071 2727 venena
2106 2674 2235 2737 sint,
2291 2684 2347 2728 et
2383 2675 2661 2729 utentibus
2716 2665 2904 2740 noxia,
2966 2678 3082 2746 pari
3121 2677 3302 2731 studio
3341 2652 3438 2731 de-

229 2759 301 2796 σαι
325 2744 363 2775 ⁸⁷
394 2745 625 2814 σπουδὴν
680 2748 937 2800 ποιεῖται.
962 2746 1074 2825 Kal
1106 2747 1236 2818 περὶ
1281 2746 1538 2830 μυκήτων
1578 2743 1635 2797 δὲ
1673 2743 1769 2796 ml

1867 2774 2158 2818 monstrat.
2196 2763 2272 2817 De
2323 2762 2506 2829 fungis
2538 2764 2729 2828 etiam,
2767 2780 2830 2819 ac
2875 2743 3139 2836 sanguine
3211 2768 3448 2831 taurino,

228 2835 419 2903 αἵματος
457 2834 713 2908 ταυρείου
757 2837 854 2891 καὶ
899 2837 1311 2910 θρομϐωθέντος
1355 2839 1415 2890 ὲν
1460 2839 1526 2908 τῇ
1570 2835 1770 2905 γαστρὶ

1871 2852 2045 2920 deque
2108 2851 2246 2906 lacte
2295 2852 2351 2906 in
2398 2864 2586 2908 ventre
2647 2865 2836 2909 coacto
2884 2834 3158 2924 ingrnmos
3217 2858 3452 2925 amplius

228 2924 457 2992 γάλακτος
488 2925 897 2998 παραπλησίως
927 2927 974 2961 ³⁸
1011 2926 1370 2997 διαλαμϐάνει
1390 2941 1407 2957 ο
1443 2926 1545 2979 ὅσα
1572 2943 1631 2979 τε
1658 2926 1769 2979 τῶν

1872 2944 2049 2999 docet.
2089 2945 2219 3012 Qua:
2246 2945 2374 2999 item
2424 2945 2696 3001 metallica
2754 2948 3017 3001 anintattti
3072 2949 3231 3002 noxia
3292 2951 3337 3003 si
3398 2950 3453 3003 itt

229 3015 524 3086 μεταλλικῶν
551 3019 833 3092 φθαρτικὰ
856 3018 934 3090 τῷ
968 3019 1091 3091 ζώῳ
1118 3020 1331 3088 γίνεται
1359 3016 1501 3072 κατὰ
1525 3016 1767 3088 γαστέρα
1793 3046 1821 3109 ί

1870 3047 2111 3091 ventrem
2148 3037 2457 3103 mittantur,
2504 3048 2558 3093 et
2604 3040 2797 3094 borum
2847 3040 3181 3111 explanatio.
3231 3042 3310 3095 Ad
3341 3043 3462 3096 haec

224 3111 492 3180 ληφθέντα,
536 3113 643 3167 καὶ
694 3114 821 3183 περὶ
870 3112 1049 3166 αὐτῶν
1094 3111 1310 3165 ἔκθεσιν
1357 3112 1611 3164 ποιεῖται.
1662 3110 1770 3162 Καὶ

1872 3130 1938 3186 de
1981 3129 2190 3201 frigidae
2248 3130 2331 3186 vel
2361 3130 2472 3185 vini
2513 3142 2665 3200 potu,
2698 3132 2793 3201 qui
2834 3110 3039 3187 homini
3098 3144 3311 3188 noceat.
3381 3133 3456 3188 De

225 3203 327 3273 περὶ
351 3203 725 3275 ψυχροποσίας
756 3204 790 3275 ἢ
832 3203 1143 3267 οίνοποσίας
1176 3201 1508 3266 ὲπιϐλαϐοὗς
1536 3201 1614 3272 τῷ
1647 3199 1773 3274 ζώῳ

1874 3199 2242 3294 strangulatis,
2284 3232 2338 3278 et
2364 3225 2455 3293 qui
2485 3199 2535 3276 in
2574 3199 2731 3293 aquis
2764 3238 2795 3278 a
2851 3222 3205 3281 suffocatione
3234 3223 3456 3293 pericli-

225 3297 597 3367 γεγενημένης·
633 3298 761 3368 περί
803 3313 863 3350 τε
910 3297 1020 3350 τῶν
1069 3297 1492 3367 ἀπαγχομένων,
1526 3295 1623 3348 ml
1660 3295 1779 3355 ὅσοι

1876 3323 2080 3379 tantur,
2112 3324 2204 3368 aut
2232 3330 2298 3369 ex
2333 3316 2483 3369 edito
2513 3314 2633 3370 loco
2663 3316 3093 3386 praecipitarunt.
3131 3316 3204 3369 De
3227 3330 3455 3384 prazser-

228 3391 273 3440 ἐν
303 3389 440 3443 ὕδασι
480 3391 895 3446 κινδυνεύουσιν
938 3392 1342 3461 ἀποπνιγῆναι,
1384 3392 1479 3445 ml
1515 3390 1625 3444 τῶν
1667 3388 1777 3451 ἀπὸ

1875 3405 2130 3464 vantibus
2169 3422 2234 3459 ac
2294 3407 2550 3477 prmsagis
2590 3409 2976 3469 animantibus,
3024 3407 3325 3477 prmsertim
3358 3406 3458 3459 do-

232 3482 471 3554 μετεώρου
501 3501 660 3549 τινος
692 3484 1095 3551 πεπτωκότων,
1129 3484 1227 3537 καὶ
1274 3484 1339 3555 δὴ
1374 3485 1469 3541 καὶ
1512 3482 1781 3554 περὶτῶν

1879 3498 2141 3553 mesticis.
2184 3497 2322 3552 llinc
2376 3498 2443 3553 de
2481 3498 2849 3553 Andromachi
2904 3498 3145 3553 theriaca
3190 3513 3259 3552 ex
3311 3498 3462 3566 vipe-

232 3576 656 3644 προφυλακτικῶν
697 3576 794 3629 καὶ
833 3574 1262 3644 προγνωστικῶν
1305 3574 1463 3639 ζώων
1494 3574 1604 3628 τῶν
1637 3572 1783 3635 κατὰ

1881 3587 1979 3652 ris,
2005 3590 2277 3656 quomodo
2335 3597 2650 3656 apparetur,
2684 3588 2881 3659 180a
2906 3589 3028 3659 quis
3068 3604 3218 3653 usus,
3244 3590 3472 3658 quando.

231 3661 308 3724 τὰς
348 3664 513 3728 οίκίας
542 3666 598 3699 θ’
629 3664 1001 3736 τρεφομένων.
1065 3664 1189 3717 Ἐπὶ
1236 3663 1447 3727 τούτοις
1503 3664 1632 3737 περὶ
1683 3667 1783 3734 τῆς

1883 3681 2165 3745 utendum,
2205 3681 2473 3749 quomodo
2511 3681 2871 3749 exploranda,
2907 3695 3010 3749 qua
3066 3696 3325 3735 mensura
3367 3695 3464 3733 ex-

229 3753 419 3822 ὲχιδνῶν
446 3755 722 3828 θηριακῆς
768 3755 1134 3828 Ἀνδρομάχου
1168 3756 1556 3828 διαλαμϐάνει,
1594 3756 1697 3826 τήν
1723 3771 1784 3811 τε

1885 3770 2143 3836 bibenda,
2183 3772 2382 3840 quibus
2416 3772 2650 3843 denique
2679 3771 2883 3827 morbis
2928 3772 3273 3842 potissimum
3329 3787 3466 3825 con-

232 3850 541 3920 κατασκευὴν
579 3850 749 3920 αὐτῆς
775 3851 871 3904 καὶ
898 3850 998 3918 τὴν
1029 3849 1229 3920 χρῆσιν
1264 3851 1360 3902 καὶ
1390 3848 1481 3901 τὸν
1508 3847 1610 3918 τῆς
1644 3847 1785 3918 χρή-

1887 3863 2092 3929 veniat,
2124 3863 2406 3918 describit.
2440 3864 2516 3919 De
2540 3864 2663 3918 aliis
2691 3864 2819 3918 item
2853 3863 3135 3927 tberiacis,
3194 3864 3307 3932 agit
3337 3879 3476 3919 vero.

235 3956 349 4005 σεως
370 3943 581 4013 χρόνον,
605 3942 930 4013 δοκιμασίας
955 3959 1015 3994 τε
1048 3942 1142 3997 ml
1170 3942 1369 4014 μέτρον
1398 3942 1415 3972 ¹
1449 3940 1666 4004 δόσεως.
1693 3940 1789 3997 ml

1888 3952 1959 4006 de
2023 3951 2272 4007 antidoto
2326 3951 2690 4007 Mitltridatica
2740 3952 2881 4024 (40),
2919 3952 3145 4021 ejusque
3195 3968 3466 4022 prepara-

234 4031 351 4086 τίσιν
379 4034 609 4106 ἁρμόζει
640 4034 748 4089 τῶν
780 4034 1128 4106 νοσημάτων,
1163 4034 1518 4105 ἀναγράφων.
1560 4032 1698 4103 Περί
1726 4048 1789 4086 τε

1893 4044 2063 4105 tione,
2095 4059 2216 4109 usu,
2242 4054 2406 4112 atque
2437 4045 2490 4098 in
2521 4045 2719 4115 quibus
2746 4046 2959 4115 prosit:
2995 4046 3081 4099 cui
3118 4045 3284 4099 etiam
3327 4044 3464 4099 alias

236 4119 381 4177 ἄλλων
422 4124 744 4197 θηριακῶν,
790 4127 884 4179 καὶ
927 4125 1026 4195 τῆς
1067 4123 1454 4195 Μιθριδατείου
1488 4123 1790 4188 ἀντιδότου,

1894 4136 2123 4189 antidoti
2153 4137 2361 4206 species
2393 4137 2673 4208 subiungit
2701 4155 2717 4204 ;
2750 4136 2821 4192 de
2873 4136 3085 4193 duobus
3126 4137 3250 4191 inde
3298 4135 3480 4207 Cyplti.

238 4218 547 4289 κατασκευῆς
578 4234 639 4271 τε
666 4220 761 4272 καὶ
790 4219 1063 4289 χρήσεως,
1091 4217 1188 4269 ml
1217 4216 1304 4286 ἐφ’
1330 4211 1407 4269 ὧν
1437 4214 1790 4287 χρησιμεύει.

1894 4226 2184 4295 generibus
2214 4225 2425 4281 scribit.
2457 4224 2595 4282 Hinc
2646 4226 2713 4281 de
2755 4226 3140 4296 elephantiasi,
3193 4227 3260 4281 de
3291 4227 3474 4295 pruri-

248 4302 443 4378 Ἑτέρας
489 4327 556 4363 τε
605 4310 896 4382 διαφόρους
949 4309 1257 4373 ἀντιδότους
1307 4308 1624 4379 καταλέγει.
1676 4309 1795 4364 Καὶ

1899 4317 2105 4393 ginosis
2128 4319 2526 4387 eruptionibus,
2561 4321 2629 4374 de
2658 4318 2941 4391 psydracis
2995 4318 3249 4389 pustulis,
3305 4328 3485 4387 atque

240 4398 347 4469 περὶ
378 4402 483 4456 τῶν
524 4401 622 4456 δύο
661 4400 906 4470 κύφεων,
949 4400 1047 4456 καὶ
1078 4400 1141 4473 δὴ
1174 4401 1270 4456 καὶ
1312 4403 1441 4473 περὶ⁵
1472 4399 1832 4472 ὲλεφαντιάο]

1899 4410 2154 4464 esudore
2199 4409 2441 4466 subortis
2473 4411 2707 4480 papulis,
2767 4410 2835 4465 de
2894 4410 3147 4465 tibiarum
3214 4408 3491 4464 ulcerosis.

242 4504 358 4553 σεως
388 4495 479 4547 ml
507 4493 849 4567 κνησμωδῶν
876 4494 897 4524 ⁸
925 4493 1317 4565 ἐξανθημάτων
1338 4534 1353 4559 ,
1393 4495 1487 4547 καὶ
1526 4495 1655 4565 περὶ
1690 4494 1797 4565 ψυ-

1901 4501 2291 4568 eruptionibus,
2318 4512 2372 4556 et
2402 4504 2470 4556 de
2518 4502 2889 4565 cicatricibus,
2921 4516 3041 4571 qua:
3084 4516 3148 4554 ex
3208 4500 3493 4555 ulceribus.

242 4581 428 4654 δράκων
455 4588 551 4641 ml
587 4585 897 4657 ίδρωτίδων,
924 4586 1020 4639 ml
1043 4587 1171 4657 περὶ
1195 4586 1304 4640 τῶν
1330 4588 1388 4639 ὲν
1410 4589 1533 4650 ταῖς
1558 4587 1799 4656 κνήμαις

1895 4592 2110 4646 relictae
2136 4608 2337 4664 corpus
2369 4595 2693 4662 denigrant;
2726 4595 2793 4649 de
2817 4594 3028 4648 duobus
3076 4590 3354 4661 vitiliginis
3385 4606 3487 4645 seu

243 4673 464 4729 ὲλκωδῶν
509 4677 934 4750 ὲκϐρασμάτων,
980 4679 1078 4732 xal
1118 4680 1248 4749 περὶ
1285 4678 1393 4732 τῶν
1427 4678 1601 4735 οὐλῶν
1642 4678 1701 4732 αἳ
1732 4681 1799 4733 ὲκ

1896 4682 2038 4753 alplti
2074 4686 2526 4756 generibusmgit,
2555 4687 2702 4741 etde
2734 4685 2910 4748 leuce,
2967 4698 3032 4739 ac
3065 4683 3282 4737 tandem
3315 4683 3380 4735 de
3412 4683 3488 4737 le-

241 4763 334 4816 τῶν
376 4766 547 4820 ἑλκῶν
595 4767 906 4838 μελαίνουσι
938 4766 999 4821 τὸ
1040 4765 1224 4838 σῶμα.
1271 4768 1397 4823 Ἐπὶ
1427 4767 1637 4832 τούτοις
1666 4768 1799 4840 περὶ

1896 4791 2012 4847 pra,
2043 4793 2226 4831 earum
2249 4786 2426 4832 ortum
2452 4788 2507 4832 et.
2532 4793 2751 4843 causas,
2783 4776 2928 4831 unde
2949 4776 3215 4846 originem
3242 4778 3488 4838 trahant,

242 4855 335 4910 τῶν
362 4858 451 4911 δύο
480 4858 639 4913 είδῶν
663 4858 793 4932 [296
825 4858 918 4931 Η.]
949 4858 1043 4913 τοῦ
1077 4858 1248 4928 ἀλφοῦ
1280 4859 1666 4931 διαλαμϐάνει,
1703 4861 1800 4915 ml

1907 4870 2352 4940 curationetnque
2374 4870 2637 4925 referens.
2667 4870 2847 4940 Atque
2875 4871 2989 4925 lucc
3018 4869 3263 4924 decimus
3296 4866 3496 4923 tertius

246 4949 357 5015 περὶ
385 4947 583 5021 λεύκης
604 4990 620 5016 ,
655 4951 751 5004 καὶ
777 4949 839 5003 τὸ
864 4949 1175 5003 τελευταῖον
1206 4950 1336 5018 περὶ
1368 4951 1575 5019 λέπρας
1596 4994 1610 5017 ,
1646 4953 1801 5017 γενέ-

660 4951 751 5004 ml
777 4949 839 5003 τὸ
864 4949 1175 5003 τελευταῖον
1206 4950 1336 5018 περὶ
1368 4951 1575 5019 λέπρας
1596 4994 1610 5017 ,
1646 4953 1801 5017 γενέ·
1907 4959 2045 5015 liber
2076 4962 2252 5016 docet.

250 5059 348 5107 σεις
370 5061 427 5097 τε
456 5045 637 5100 αὐτῶν
668 5045 765 5101 ml
792 5045 971 5109 αίτίας
999 5043 1068 5099 δι’
1095 5043 1163 5108 ἃς
1197 5044 1553 5115 συμϐαίνουσι
1590 5050 1933 5125 καταλέγων,
1972 5056 2069 5111 καὶ
2110 5056 2211 5120 τὰς
2251 5055 2455 5113 τούτων
2519 5056 2840 5129 θεραπείας.
2921 5055 3090 5111 Τοῦτο
3162 5054 3262 5126 μὲν
3313 5052 3409 5106 καὶ
3461 5053 3492 5105 ὁ

254 5138 312 5202 ιγ’
337 5132 507 5205 λόγος.

322 5226 405 5282 Ἐν
441 5229 499 5283 δὲ
537 5229 617 5303 τῷ
658 5228 719 5284 ιδ’
765 5230 895 5304 περί
932 5247 991 5286 τε
1029 5230 1140 5285 τῶν
1179 5229 1237 5285 ὲν
1272 5229 1406 5303 ἕδρᾳ
1449 5230 1818 5301 φιλοπονετται

1998 5235 2203 5303 Quarto
2237 5235 2448 5291 decimo
2476 5234 2616 5290 libro
2648 5233 2715 5290 de
2747 5234 2896 5290 sedis
2924 5232 3092 5289 variis
3141 5228 3343 5285 morbis
3374 5227 3494 5283 dili-

1521 5384 1760 5443 VARUE
1805 5390 2213 5448 LECTIONES.

379 5480 614 5562 δηλῷσαι
652 5481 891 5562 σπουδὴν
940 5485 1178 5562 ποιεῖται
1228 5484 1275 5539 Α
1313 5483 1456 5557 ιτὴν
1505 5484 1630 5557 ἴσην
1679 5486 1959 5543 δείκνυται
2016 5492 2254 5562 σπουδήν
2286 5506 2346 5554 ς.
2443 5490 2489 5522 ⁸⁸
2518 5487 2899 5559 παραπλήσιον
2957 5500 3019 5547 ς.
3112 5482 3159 5514 ⁹⁹
3190 5477 3397 5541 οἰκείας
3427 5492 3488 5542 ς-

264 5544 412 5607 'libt'i
430 5544 661 5625 μέτρου.
737 5554 757 5584 ²
784 5544 973 5623 κνίσμ.
1003 5555 1071 5609 A.

1761 5692 1995 5753 ΝΟΤΔΕ.

269 5775 371 5852 llo)
400 5780 531 5855 Vide
570 5784 711 5845 Gell.
745 5784 841 5844 lib.
869 5790 1002 5855 xvu,
1040 5800 1159 5858 cap.
1194 5785 1281 5843 ιϐ.
