4032 6472
522 399 632 463 731

1703 396 1969 458 PHOTII
2010 395 2517 457 PATRIARCILE
2555 397 2667 455 CP.

3659 399 3749 464 732

527 520 722 581 genter
747 508 985 576 disserit,
1015 515 1073 564 et
1092 506 1158 563 de
1183 505 1385 578 thymis
1430 504 1484 560 in
1527 505 1813 575 pudendis.
1870 510 1937 561 de
1973 506 2124 561 rimis

2236 506 2584 561 παντοδαπῶν
2610 503 2821 567 παθῶν,
2855 503 2948 557 καὶ
2981 503 3111 575 περὶ
3138 502 3244 557 τῶν
3276 506 3334 559 ἐν
3362 504 3566 571 αἰδοίοις
3591 508 3754 581 θύμων

530 616 695 675 atque
753 601 1204 665 inﬂammatione,
1232 602 1297 654 de
1328 614 1487 653 noma
1530 609 1584 653 et
1639 600 2006 665 carbunculis,
2056 608 2112 653 et

529 695 596 747 de
653 692 925 747 ulceribus
966 691 1245 743 urinarum
1288 699 1527 744 meatum
1562 689 1980 757 occupantibus.
2037 688 2111 742 De

530 786 785 842 scabioso
814 799 882 837 ac
914 782 1264 852 pruriginoso
1312 793 1514 841 scroto.
1544 779 1773 850 ejusque
1805 790 1858 832 et
1890 780 2109 835 testium

533 877 981 939 inﬂammatione,
1014 886 1177 943 atque
1211 877 1276 927 de
1305 876 1334 927 b
1354 874 1523 926 eruite
1550 873 1857 941 speciebus.
1900 872 1973 927 De
2000 888 2113 927 etn-

538 972 874 1040 plastrorum
913 968 1275 1032 confectione,
1309 974 1363 1020 et
1392 981 1581 1020 eorum
1613 964 1877 1033 coquendi
1931 966 2110 1030 modo,

532 1044 653 1130 quae
688 1062 773 1114 bis
798 1060 1139 1128 injiciuntur.
1175 1060 1255 1112 Ad
1286 1060 1399 1113 haec
1443 1060 1511 1113 de
1557 1058 1738 1112 nervis
1771 1057 2027 1111 sauciatis
2051 1072 2115 1111 ac

530 1154 774 1207 contusis
806 1169 818 1204 :
851 1161 905 1205 et
934 1153 1001 1205 de
1033 1150 1297 1221 glandulis
1320 1150 1573 1220 inguinis,
1608 1150 1779 1218 deque
1815 1148 2115 1203 inﬂamma-

536 1248 682 1299 ti0ue
742 1244 1065 1312 generatim.
1123 1242 1201 1296 De
1256 1226 1610 1312 apostematis
1671 1242 1822 1305 item,
1878 1248 1934 1295 et
1967 1241 2116 1295 cavis

534 1336 811 1389 ulceribus
844 1353 858 1389 :
887 1335 1016 1403 quid
1055 1334 1438 1403 praedictorum
1484 1349 1651 1386 unum
1714 1333 1968 1403 quodque
2019 1333 2113 1397 sit,

535 1426 793 1492 subjectis
822 1424 1152 1494 singulorum
1217 1422 1493 1487 remediis,
1535 1428 1875 1492 exponendo.
1918 1422 2120 1495 Praeter

538 1518 653 1571 lucc
696 1530 830 1569 vero
860 1517 1049 1579 etiam,
1082 1518 1344 1569 adversus
1367 1530 1580 1569 vermes
1620 1515 1671 1568 in
1705 1515 1978 1569 ulceribus
1999 1531 2120 1569 ena-

544 1619 649 1671 tos,
680 1617 735 1661 et
767 1609 831 1661 ad
860 1622 1049 1662 nomas
1074 1621 1136 1661 ac
1163 1608 1477 1675 putredines
1501 1607 1765 1670 ulcerum,
1791 1608 2027 1676 itemque
2052 1608 2117 1662 ad

538 1699 823 1769 sanguinis
853 1699 1195 1769 eruptionem
1238 1699 1477 1753 remedia
1524 1700 1768 1768 apponit.
1819 1697 2021 1753 Scribit
2068 1709 2122 1753 et

540 1788 606 1839 de
644 1787 876 1849 sinibus.
913 1786 1133 1848 ﬁstulis,
1170 1802 1484 1856 gangraena,
1514 1787 1789 1855 sphacelo,
1816 1789 2120 1843 tumoribus

542 1879 873 1944 cam-eratis,
909 1878 1276 1939 carbunculis.
1326 1878 1673 1949 erysipelate,
1707 1891 1910 1948 erpete,
1937 1882 2119 1951 epiny-
2152 1874 2195 1928 B

544 1972 708 2034 ctide,
739 1970 1055 2031 terminlbo,
1086 1981 1139 2022 et
1187 1970 1399 2039 papulis
1452 1971 1565 2025 sive
1621 1970 1876 2039 puStulis,
1930 1973 2119 2026 horum

543 2072 699 2116 ortus
740 2061 900 2117 simul
935 2071 991 2116 et
1037 2071 1162 2129 apta
1215 2062 1452 2115 remedia
1494 2076 1809 2117 recensens.
1861 2063 2123 2119 Medelam

547 2154 735 2225 adjicit
767 2157 889 2225 igne
950 2166 1045 2211 aut
1090 2173 1226 2226 aqua
1259 2158 1655 2226 ambustorum,
1719 2159 1902 2229 ﬂagris
1959 2178 2127 2218 cmso-

549 2262 690 2312 rum,
724 2248 1096 2313 abrasionum,
1143 2250 1570 2321 intertriginum,
1623 2253 1803 2308 carnis
1860 2264 2122 2319 contusaa,

549 2337 632 2391 vel
659 2347 848 2405 ruptae,
890 2339 1281 2405 convulsiouis,
1311 2342 1698 2405 contorsionis,
1729 2352 1784 2397 et
1828 2342 1896 2397 de
1932 2343 2125 2398 luxatis

550 2430 817 2495 articulis,
850 2446 914 2485 ac
945 2432 1315 2500 pernionibus.
1347 2432 1478 2488 Item
1512 2436 1578 2489 de
1619 2436 1905 2505 digitorum
1944 2447 2127 2508 ptery-

551 2522 674 2591 giis,
718 2523 786 2578 (le
842 2526 1213 2596 parenycbiis,
1269 2528 1338 2581 de
1383 2530 1653 2598 unguibus
1687 2532 1954 2597 contusis,
1994 2532 2125 2584 sub-

550 2616 815 2679 cruentis,
848 2630 952 2670 non
1008 2618 1152 2681 fixis,
1208 2619 1417 2674 scabris
1462 2635 1525 2674 ae
1590 2619 1817 2689 leprosis
1864 2641 1878 2677 :
1935 2625 2129 2694 quibus

550 2706 717 2762 etiam
746 2709 1001 2765 remediis
1026 2710 1163 2765 eﬂici
1189 2711 1380 2779 possit.
1413 2721 1469 2765 ut
1500 2728 1599 2781 pro
1644 2714 1879 2784 delapsis
1930 2718 2127 2784 ungui-

553 2802 675 2864 bus,
700 2802 790 2855 alii
846 2804 1263 2859 subnascantur.
1321 2806 1395 2859 De
1430 2807 1647 2860 annulis
1679 2822 1812 2873 quos
1841 2808 2130 2877 aliquando

552 2894 819 2965 contingit
847 2895 1221 2966 digitisinﬂgi.
1260 2897 1335 2952 De
1384 2898 1556 2951 clavis
1607 2907 1661 2952 et
1711 2900 1905 2967 pedum
1954 2902 2128 2967 rimis,

554 3003 646 3042 seu
670 2988 899 3053 fissuris,
931 3000 986 3045 et
1015 2991 1080 3045 de
1112 2992 1406 3047 varicibus.
1448 2993 1639 3063 18οὸ
1682 2991 1811 3060 Quae
1846 3005 2129 3065 postquam

555 3079 761 3133 ntiliter
788 3081 991 3147 omnia,
1020 3092 1183 3150 atque
1205 3099 1269 3137 ex
1305 3084 1553 3139 medendi
1582 3088 1714 3140 artis
1758 3085 1968 3154 legibus
1998 3101 2131 3155 prae-

2217 614 2276 651 τε
2339 596 2434 650 καὶ
2489 595 2739 667 ῥαγάδων
2795 594 2890 648 καὶ
2952 593 3260 664 φλεγμονῆς
3324 596 3417 648 καὶ
3471 599 3627 668 νομῆς
3676 606 3757 658 κα)⁴

2220 689 2527 760 ἀνθράκων,
2561 690 2655 742 καὶ
2684 690 2791 744 τῶν
2822 689 2965 743 κατά
2999 688 3098 758 τὴν
3138 687 3411 758 οὐρηθραν
3440 690 3620 744 ἑλκῶν·
3649 682 3758 766 περί

2218 800 2279 835 τε
2307 782 2624 853 ψωριῶντος
2657 783 2868 851 ὀσχέου,
2910 782 3005 835 καὶ
3050 779 3362 850 φλεγμονῆς
3402 780 3559 835 αὐτοῦ
3593 800 3644 835 τε
3680 789 3761 841 καὶ

2220 875 2457 946 ὄρχεωνο
2488 874 2585 928 καὶ¹
2628 877 2754 945 περὶ
2793 873 2901 927 τῶν
2948 873 3049 944 τῆς
3104 872 3279 943 κήλης
3328 873 3520 926 εἰδῶν·
3556 878 3672 945 περί
3713 897 3762 934 τε

2223 967 2522 1030 συνθέσεως
2570 967 2964 1039 ὲμπλάστρων,
3010 966 3107 1020 καὶ
3150 968 3353 1036 τρόπου
3389 964 3496 1020 τῶν
3538 969 3766 1037 ἐμϐαλλο-

2225 1060 2402 1129 μένων
2439 1059 2704 1131 ἑψήσεως.
2743 1060 2863 1112 Ἔτι
2908 1060 2965 1113 δὲ
3010 1060 3139 1129 περὶ¹
3187 1059 3295 1113 τῶν
3341 1058 3411 1112 τά
3454 1057 3614 1130 νεῦρα
3647 1080 3767 1132 τρω-

2224 1152 2424 1206 θέντων
2475 1153 2509 1221 ἦ
2568 1151 2943 1215 θλασθέντων,
3005 1151 3099 1205 καὶ
3156 1151 3283 1221 περὶ
3339 1149 3649 1219 βουϐώνων,
3689 1156 3769 1209 καὶ

2224 1244 2537 1315 φλεγμονῆς
2594 1243 2870 1305 καθόλου,
2933 1242 3063 1314 περί
3120 1260 3181 1295 τε
3243 1242 3639 1312 ἀποστημάτων
3688 1246 3769 1298 καὶ

2225 1335 2421 1389 κοίλων
2459 1336 2631 1390 ἑλκῶν
2651 1378 2665 1403 ,
2699 1337 2751 1389 τί
2782 1336 2842 1389 τέ
2876 1338 3023 1388 ἐστιν
3055 1334 3288 1388 ἕκαστον
3320 1334 3429 1387 τῶν
3462 1334 3769 1404 εἰρημένων,

2224 1428 2319 1481 καὶ
2344 1428 2639 1497 θεραπείας
2672 1428 2851 1481 αὐτῶν
2886 1426 3139 1490 ὲκτιθείς.
3176 1425 3305 1499 [576
3337 1425 3432 1498 R.]
3470 1427 3587 1479 Ἔτι
3619 1427 3669 1480 δὲ
3697 1430 3769 1481 καὶ

2226 1522 2362 1592 πρὸς
2390 1524 2515 1584 τοὺς
2559 1523 2617 1574 ἐν
2662 1520 2844 1573 ἕλκεσι
2884 1519 3193 1588 σκώληκας,
3227 1518 3320 1571 κα)⁵
3354 1518 3490 1589 πρὸς
3516 1518 3674 1586 νομὰς
3698 1523 3770 1572 καὶ

2226 1615 2294 1666 τά
2328 1611 2673 1683 σηπεδονώδη
2708 1612 2815 1664 τῶν
2850 1611 3022 1664 ἑλκῶν
3046 1650 3062 1676 ,
3113 1609 3210 1663 καὶ
3259 1609 3398 1679 πρὸς
3442 1609 3768 1679 αἱμορραγίας

2232 1706 2405 1769 ίάσεις
2465 1704 2921 1772 συγκατατάττει.
2987 1702 3356 1770 Διαλαμὸάνει
3409 1699 3468 1752 δὲ
3524 1701 3613 1753 ml.
3669 1702 3771 1771 περὶ

2229 1798 2446 1851 κόλπων
2477 1796 2573 1849 καὶ
2602 1796 2898 1867 συρίγγων,
2927 1792 3270 1864 γαγγραίνης
3303 1808 3363 1843 τε
3398 1792 3489 1845 καὶ
3519 1791 3769 1859 σφακέλου,

2224 1891 2318 1944 καὶ
2372 1890 2501 1959 περὶ
2556 1889 2740 1957 ὄγκων
2800 1885 3154 1959 καρκινωδῶν
3215 1885 3309 1938 καὶ
3370 1883 3649 1953 ἀνθράκων
3700 1885 3771 1935 καὶ

2225 1982 2613 2053 ἐρυσιπέλατος
2636 2024 2651 2047 ,
2688 1979 2929 2051 ἓρπητός
2958 1996 3020 2032 τε
3056 1978 3148 2032 καὶ
3178 1976 3520 2039 ὲπινυκτίδος
3560 1976 3647 2027 καὶ
3672 1992 3772 2045 τερ-

2229 2075 2417 2143 μίνθου
2472 2074 2565 2126 καὶ
2602 2071 2968 2143 φλυκταινῶν,
3014 2071 3113 2133 τάς
3145 2086 3205 2122 τε
3234 2068 3480 2138 γενέσεις
3515 2065 3680 2119 αὐτῶν
3710 2067 3772 2118 δι-

2226 2166 2405 2233 εξιὼν,
2445 2166 2540 2219 καὶ
2577 2167 2698 2220 ὅσαι
2727 2164 2939 2227 τούτοις
2964 2162 3269 2234 ἀρμόζουσι
3297 2160 3319 2191 ³
3355 2158 3656 2228 θεραπεῖαι.
3680 2156 3772 2209 Ἔτι

2226 2261 2282 2314 δὲ
2314 2260 2405 2314 ml.
2433 2259 2562 2330 περὶ
2591 2258 2613 2290 ⁸
2644 2257 2755 2310 τῶν
2797 2257 2862 2309 ὲκ
2898 2256 3069 2328 πυρὸς
3099 2256 3132 2325 ἢ
3165 2252 3360 2314 ὓδατος
3404 2248 3772 2311 κατακαέντων,

2231 2353 2328 2405 καὶ
2356 2351 2652 2418 θεραπείας
2682 2349 2790 2404 τῶν
2827 2346 3281 2421 μαστιγωθέντων
3312 2341 3410 2397 καὶ
3438 2340 3544 2395 τῶν
3568 2340 3772 2408 ἀποσυρ-

2233 2448 2418 2517 μάτων
2442 2444 2552 2497 τῶν
2574 2461 2632 2496 τε
2650 2442 3123 2515 παρατριμμάτων
3146 2440 3239 2493 καὶ
3269 2435 3471 2508 σαρκὸς
3495 2432 3775 2500 θλασθείσης

2228 2540 2262 2611 ἣ
2309 2539 2602 2610 ῥαγείσης,
2649 2539 2743 2591 καί
2784 2536 3106 2605 σπάσματος
3152 2532 3247 2586 καὶ
3300 2529 3671 2600 στρέμματος,
3703 2525 3777 2579 καὶ

2232 2632 2360 2703 περὶ
2382 2630 2807 2701 κεχαλασμένων
2838 2627 3077 2699 ἄρθρων,
3100 2623 3195 2677 καὶ
3216 2619 3493 2693 χιμέθ).ων
3512 2615 3777 2686 πτερυγίων

2230 2743 2289 2778 τε
2343 2724 2455 2778 τῶν
2508 2726 2567 2777 ὲν
2619 2721 2904 2784 δακτύλοις
2956 2719 3052 2772 καὶ
3097 2713 3492 2788 παρωνυχίας,
3540 2710 3631 2765 καὶ
3676 2708 3781 2778 περὶ

2230 2815 2609 2886 τεθλασμὲνων
2650 2815 2861 2884 ὀνύχων
2902 2812 2996 2864 καὶ
3028 2809 3286 2880 ὑφαίμων
3319 2807 3414 2859 καὶ
3446 2802 3780 2871 σαλευομένων

2232 2910 2325 2962 καὶ
2352 2907 2685 2978 ψωριῶντων
2714 2906 2748 2977 ἢ
2781 2904 3152 2973 λεπριώντων,
3182 2901 3277 2955 καὶ
3309 2900 3374 2952 δι’
3402 2892 3477 2952 ὧν
3506 2896 3614 2951 ἔστι
3636 2910 3781 2963 παρα-ι

2235 3003 2496 3056 σκευάσαι
2523 3001 2642 3053 ἀντὶ
2673 2999 2780 3051 τῶν
2821 2995 3161 3051 ἐκπεσόντων
3193 2992 3405 3064 ὀνύχων
3452 2990 3637 3050 ἄλλους
3672 2988 3785 3043 ἀνα-ι

2235 3092 2419 3164 φῦναι·
2454 3092 2582 3163 περί
2621 3109 2680 3145 τε
2714 3090 2820 3144 τῶν
2862 3088 3273 3159 συμϐαινόντων
3324 3081 3661 3155 ἐσφηνῶσθαι
3706 3078 3785 3130 ὃα-.

558 3170 722 3237 cepit,
760 3170 812 3224 in
865 3171 1013 3224 illam
1058 3173 1275 3226 tandem
1329 3174 1547 3227 medica:
1605 3173 1865 3228 doctrina:
1922 3184 2127 3241 partem

2236 3180 2469 3234 κτυλίων
2512 3180 2641 3250 περὶ
2678 3180 2804 3241 τοὺς
2848 3176 3171 3239 δακτύλους·
3218 3176 3319 3230 καὶ
3372 3173 3501 3243 περὶ
3541 3172 3673 3242 ἥλων
3709 3168 3781 3271 καὶ

558 3261 779 3324 desinit,
823 3277 942 3330 qua:
971 3264 1036 3317 de
1062 3262 1410 3318 brachiorum
1444 3280 1508 3320 ac
1534 3280 1753 3320 crurum
1781 3266 2128 3321 dracunculis

2239 3272 2487 3344 ραγάδων
2535 3273 2643 3325 τῶν
2688 3271 2831 3325 κατὰ
2877 3272 3005 3333 τοὺς
3043 3269 3241 3334 πόδας,
3287 3266 3388 3325 καὶ
3433 3265 3558 3335 περὶ
3593 3259 3783 3333 κιρσῶν.

556 3352 669 3420 agit
700 3368 715 3404 :
752 3360 912 3419 atque
942 3353 1013 3407 ibi
1049 3354 1263 3408 decimo
1295 3365 1490 3423 quarto
1520 3355 1657 3411 libro
1686 3358 1844 3412 finem
1874 3358 2118 3426 imponit.

2232 3362 2419 3415 Ταῦτα
2479 3362 2659 3415 πάντα
2707 3360 2997 3431 ὠφελίμως
3045 3359 3141 3412 καλ⁹
3185 3357 3332 3412 κατά
3380 3356 3505 3420 τοὺς
3553 3350 3784 3423 ίατρικοὺς

556 3445 755 3512 νόμους
779 3442 1015 3510 διεξιὼν.
1051 3445 1279 3517 τελευτᾷ
1307 3447 1387 3510 είς
1408 3447 1507 3516 τὴν
1532 3448 1662 3520 περὶ
1693 3449 1802 3503 τῶν
1828 3450 1887 3503 ὲν
1921 3450 2137 3507 σκέλεσι
2186 3453 2280 3507 καὶ
2307 3452 2556 3525 βραχίοσι
2593 3451 2957 3524 δρακοντείων
3019 3447 3274 3521 ίατρικὴν
3316 3444 3693 3501 οδιδασκαλίαν·
3738 3439 3789 3491 ἐν

556 3529 639 3599 οἷς
662 3536 758 3589 καὶ
781 3538 811 3588 ὁ
842 3536 901 3588 ιδ’
933 3536 1368 3608 συμπεραίνεται
1398 3538 1576 3607 λόγος.

631 3635 849 3690 Decimo
871 3635 1061 3704 quinto
1113 3634 1250 3690 libro
1325 3645 1630 3705 pertractat
1714 3636 1781 3692 de
1838 3640 2139 3697 tumoribus

560 3728 718 3782 laxis.
752 3726 828 3783 De
885 3728 1374 3791 inﬂationibusmle
1412 3729 1715 3785 tumoribus
1762 3732 1929 3796 duris,
1986 3735 2142 3789 athe-

560 3822 783 3878 romatis
808 3865 822 3888 ,
849 3822 1092 3885 strumis,
1125 3822 1521 3887 bronchocelis,
1548 3823 1969 3888 meliceridibus,
2000 3835 2142 3881 stea-

563 3915 878 3975 tomatibns,
914 3914 1165 3983 gangliis,
1223 3925 1628 3984 aneurysmate,
1665 3915 1825 3981 favis,
1855 3926 1906 3971 el
1940 3917 2142 3989 hydro-

2317 3639 2474 3696 Κατά
2505 3637 2564 3693 δὲ
2593 3637 2685 3691 τὸν
2709 3643 2769 3690 ιε’
2794 3633 3150 3705 διαλαμϐάνει
3179 3633 3342 3703 λόγον
3368 3632 3497 3703 περὶ
3523 3628 3788 3699 οἰδημάτων

2244 3750 2305 3787 τε
2362 3732 2457 3787 καὶ
2500 3729 2948 3803 ὲμφυσημάτων,
3003 3728 3210 3798 σκίρων
3261 3743 3328 3779 τε
3388 3725 3481 3780 καὶ
3534 3718 3785 3794 χοιράδων,

2249 3824 2631 3897 βρογχοκηλῶν
2663 3840 2723 3877 τε
2757 3823 2851 3876 καὶ
2882 3820 3276 3891 ἀθερωμάτων,
3326 3818 3421 3872 καὶ
3463 3812 3782 3887 μελικηρίδων

2240 3919 2336 3973 καὶ
2370 3917 2770 3987 στεατωμάτων
2802 3915 2898 3968 καὶ
2930 3914 3231 3984 γαγγλίων,
3266 3906 3669 3982 ἀνευρύσματός
3695 3905 3713 3936 ⁵
3734 3919 3781 3955 τε

560 4008 806 4077 cephalis
841 4025 855 4060 :
886 4009 1080 4061 borum
1112 4021 1330 4075 quoque
1355 4008 1618 4077 origines.
1672 4023 1890 4074 causas,
1928 4010 2132 4064 chirur-

2241 4011 2337 4066 καὶ
2378 4010 2587 4082 κηρίων
2640 4010 2735 4064 καὶ
2786 4006 3190 4080 ὑδροκεφάλων,
3246 4005 3494 4067 γένεσεις
3542 4018 3598 4054 τε
3642 3996 3787 4053 αὐτῶν

564 4102 727 4171 giam,
787 4101 1031 4169 aliasque
1084 4101 1397 4155 curationes
1475 4103 1821 4171 exponendo,
1866 4118 1973 4157 una
2017 4117 2132 4157 cum

2251 4103 2598 4173 ἐκτιθέμενος
2624 4101 2719 4155 καὶ
2747 4100 2927 4164 αίτίας
2953 4100 3054 4171 τῆς
3075 4097 3366 4166 γενέσεως,
3399 4091 3719 4167 χειρουργίας
3742 4103 3788 4139 τε

564 4194 856 4248 multorum
892 4194 1138 4264 variique
1168 4194 1384 4265 generis
1417 4194 1840 4264 emplastrorum
1868 4210 2146 4266 praepara-

568 4287 734 4341 tione.

638 4377 801 4432 Libro
850 4377 1064 4434 decimo
1100 4388 1252 4434 sexto
1335 4389 1390 4434 et
1447 4378 1673 4445 ultimo,
1719 4379 1789 4435 de
1827 4379 1968 4435 uteri
2022 4380 2154 4443 situ,

566 4469 961 4539 magnitudine,
1002 4468 1172 4523 forma
1197 4469 1407 4525 scribit.
1437 4469 1675 4537 Tempus
1720 4470 1849 4524 item
1888 4484 1995 4539 quo
2025 4485 2154 4539 pur-

566 4559 706 4629 gari,
739 4574 805 4614 ac
837 4559 1112 4614 seminare
1143 4559 1347 4614 femina
1388 4561 1548 4615 solet.
1585 4562 1659 4615 De
1711 4570 2010 4628 conceptus
2047 4573 2142 4615 ea—

2253 4196 2349 4248 καὶ
2376 4196 2476 4258 τὰς
2516 4194 2682 4257 ἄλλας
2719 4192 3017 4264 θεραπείας
3045 4190 3141 4244 καὶ
3172 4189 3537 4260 ὲμπλάστρων
3574 4181 3788 4239 ποικίλων

2256 4303 2317 4341 τε
2345 4286 2442 4340 καὶ
2469 4286 2741 4357 διαφόρων
2770 4283 3085 4347 σκευασίας.

2339 4379 2430 4433 Ἐν
2458 4377 2516 4430 δὲ
2542 4377 2622 4448 τῷ
2648 4377 2946 4448 τελευταίῳ
2971 4393 3031 4430 τε
3061 4374 3155 4429 καὶ
3182 4371 3257 4439 ις’
3282 4373 3429 4444 λόγῳ
3461 4370 3587 4441 περὶ
3616 4368 3788 4439 μήτρας

2256 4468 2460 4534 θέσεως
2499 4486 2559 4523 τε
2590 4469 2686 4523 καὶ
2720 4468 2985 4541 μεγέθους
3029 4468 3124 4522 καὶ
3156 4467 3256 4536 τῆς
3295 4466 3463 4536 ἄλλης
3495 4459 3787 4516 διαπλάσεως

2256 4558 2585 4630 ἀναγράφει,
2620 4557 2715 4611 καὶ
2746 4556 2838 4611 τὸν
2873 4555 3063 4628 καιρὸν
3104 4554 3227 4609 καθ’
3275 4554 3335 4607 ὅν
3373 4570 3431 4608 τε
3476 4544 3787 4619 καθαίρεσθαι

568 4666 689 4703 rum
730 4662 995 4720 tempore,
1038 4660 1093 4706 et
1151 4652 1353 4708 indicio
1412 4668 1536 4707 cum
1595 4651 1963 4710 fecunditatis.
2034 4660 2132 4706 tntr

2254 4653 2349 4705 καὶ
2395 4649 2752 4723 σπερμαίνειν
2796 4651 2917 4713 ταῖς
2973 4647 3192 4718 γυναιξὶ
3240 4646 3544 4718 συμϐαίνει.
3591 4637 3712 4709 Περί
3742 4649 3789 4686 τε

570 4756 639 4793 an
701 4741 810 4810 jam
855 4745 1248 4812 conceperint,
1315 4742 1493 4814 deque
1567 4744 1687 4799 aliis
1752 4744 2147 4814 prmgnantium

572 4831 969 4889 affectionibus.
1008 4836 1083 4889 De
1116 4850 1244 4890 cura
1270 4835 1399 4890 item
1433 4851 1497 4890 ac
1538 4835 1907 4891 sollicitudine
1953 4834 2019 4888 iis
2055 4834 2152 4888 ad-

573 4923 831 4991 hibenda,
865 4935 975 4980 tmn
1015 4942 1136 4996 qua:
1173 4929 1344 4997 magis
1382 4928 1447 4982 ad
1482 4928 1801 4997 pariendum
1838 4936 1997 4996 aplm,
2033 4941 2152 4996 qua:

572 5016 810 5087 ineptae;
878 5020 944 5073 de
978 5035 1123 5089 aegro
1176 5031 1359 5089 partu,
1391 5033 1463 5076 -οι
1497 5037 1616 5094 quae
1645 5034 1842 5091 praater
1900 5031 2149 5077 naturam

572 5118 910 5175 nascuntur;
967 5111 1034 5165 de
1087 5111 1312 5165 infantis
1360 5113 1697 5176 exsectione,
1727 5121 1782 5166 et
1816 5112 2029 5167 defectu
2068 5127 2153 5167 se-

571 5200 784 5265 cundat,
827 5216 923 5255 seu
953 5204 1264 5258 secundarii
1304 5204 1592 5257 involucri.
1633 5202 1845 5271 Quibus
1907 5205 2034 5258 item
2087 5204 2154 5259 tle

573 5295 754 5348 causis
777 5294 861 5349 vir
905 5305 998 5349 aut
1020 5297 1217 5351 femina
1249 5295 1464 5353 steriles
1496 5297 1626 5350 sint.
1670 5294 1873 5350 florum
1910 5297 2150 5350 omnium

575 5386 959 5454 prtedictorum
993 5389 1230 5444 remedia
1267 5389 1368 5442 hoc
1390 5387 1528 5443 libro
1555 5398 1929 5453 recensentur,
1966 5396 2024 5441 ut
2053 5403 2153 5456 po-

578 5476 773 5544 tiones,
805 5479 950 5546 pessi
986 5488 1042 5533 et
1078 5480 1287 5535 suﬂitus
1345 5480 1411 5533 ad
1440 5480 1876 5550 concipiendum.
1920 5479 2055 5534 Hinc
2087 5478 2154 5533 de

577 5569 832 5635 uberum,
864 5585 1331 5638 tnamtnarutnque
1388 5569 1593 5625 morbis
1648 5569 1903 5625 omnibus
1951 5582 2153 5624 conve-

2253 4743 2551 4816 κυοφορίας
2607 4742 2807 4805 αὐτῶν,
2853 4740 2980 4813 [297
3026 4740 3120 4813 Η.]
3170 4742 3265 4795 καὶ
3322 4736 3662 4810 σημειώσεως
3708 4727 3790 4782 τῶν

2250 4836 2574 4906 πφυκυιῶν
2607 4834 2915 4900 cumam,
2945 4834 3040 4887 καὶ
3068 4835 3116 4886 εί
3144 4833 3244 4903 ἤδη
3276 4829 3582 4886 συνέλαϐονο
3615 4824 3697 4879 καὶ
3714 4822 3791 4873 ὅσα

2249 4928 2385 4984 ἄλλα
2418 4930 2537 4991 ταίς
2569 4925 2972 4999 κυοφορούσαις
3001 4925 3150 4995 πάθη
3183 4924 3515 4993 ἐπιγίνεται·
3546 4918 3579 4989 ἥ
3606 4932 3661 4970 τε
3691 4908 3791 4981 περὶ

2251 5020 2423 5084 αὑτὰς
2461 5019 2780 5090 ἐπιμέλεια,
2812 5017 2910 5073 καὶ
2941 5020 3089 5071 ποῖαι
3124 5016 3325 5087 μᾶλλον
3362 5011 3647 5082 ἐπιτήδειοι
3682 5001 3791 5073 πρὸς

2251 5112 2431 5179 τόκον,
2468 5114 2621 5165 ποῖαι
2668 5111 2726 5164 δὲ
2775 5110 3172 5181 ἀνεπιτήδειοι·
3205 5108 3300 5163 καὶ
3344 5106 3473 5177 περὶ
3526 5095 3790 5156 δυστοκίας,

2253 5204 2351 5257 καὶ
2381 5204 2481 5257 ὅσα
2511 5201 2666 5274 παρά
2695 5201 2859 5273 φύσιν
2888 5201 3153 5265 τίκτεται,
3187 5198 3318 5271 περί
3345 5213 3405 5250 τε
3433 5182 3792 5266 ὲμὸρυοτομίας

2255 5298 2352 5353 καὶ
2386 5296 2681 5367 ἐκλείψεως
2714 5297 2899 5368 χορίου
2925 5312 2940 5326 ·
2972 5295 3069 5349 καὶ
3098 5293 3243 5347 κατὰ
3272 5293 3444 5353 πόσας
3483 5282 3648 5344 αἰτίας
3675 5277 3789 5368 (Ml?

2259 5390 2355 5446 καὶ
2388 5387 2527 5460 γυνὴ
2550 5362 2671 5458 ἑῆς
2698 5362 3045 5450 τὶᾶίδοποιίας
3090 5384 3482 5455 στερίσκονται.
3512 5362 3787 5469 Πάντωνξὲ

2260 5454 2548 5554 θεραπεῖαι
2575 5454 2684 5535 των
2711 5480 3019 5552 εἰρημένων
3051 5480 3110 5533 ὲν
3136 5454 3309 5546 τούτῳ
3334 5473 3410 5545 τῷ
3436 5471 3572 5538 λόγῳ
3596 5454 3783 5554 καταλέ-

2261 5552 2473 5640 γονται,
2522 5572 2615 5625 καὶ
2655 5570 2876 5643 πόματα
2911 5570 3009 5625 καὶ
3050 5567 3241 5622 modo!
3279 5566 3371 5622 καὶ
3413 5552 3782 5626 ὑποθυμιάματα

1898 5722 2138 5778 VARl/E
2175 5720 2585 5781 LECTIONES.

651 5840 672 5873 ³
694 5841 1031 5912 ἁρμόζουσαι
1066 5860 1129 5906 ςε
1202 5842 1221 5876 ⁸
1252 5843 1380 5915 περὶ
1402 5842 1527 5899 add.
1559 5841 1628 5896 A.
1704 5842 1723 5873 ³
1750 5838 2123 5910 άνευρύματος
2155 5857 2213 5905 ς.
