4032 6446
329 380 420 441 T33

1394 379 1921 443 BIBLIOTHECA.
1962 409 2031 419 -
2071 385 2234 445 COD.
2271 384 2520 445 CCXXI.

3477 374 3583 440 734

339 486 674 556 συλληπτικά.
715 486 958 542 Ἐκεῖθέν
1001 504 1060 543 τε
1092 489 1222 561 περί
1262 490 1373 544 τῶν
1416 492 1475 545 ἐν
1515 496 1627 557 τοῖς
1672 498 1900 565 μαστοῖς

2007 498 2175 551 nienti
2207 498 2331 552 huic
2358 499 2462 552 arti
2495 497 2721 552 scientia
2766 503 3088 566 pertractat,
3122 506 3421 561 eorumque
3450 506 3583 547 ccn-

338 582 507 639 παθῶν
560 580 809 635 ἁπάντων
869 582 1007 651 μετὰ
1061 582 1162 653 τῆς
1213 584 1530 657 πρεπούσης
1594 589 1660 658 τῇ
1723 587 1891 659 τέχνη

336 676 502 745 σοφίας
530 674 789 743 διηγεῖται
810 712 824 737 ,
860 674 1148 739 συστάσεις
1182 693 1243 730 τε
1271 676 1477 730 τούτων
1514 678 1610 732 καί⁹
1648 679 1894 747 γενέσεις

338 771 417 824 καὶ
457 766 791 837 χειρουργίας
838 766 934 820 καὶ
963 767 1061 838 τὴν
1088 769 1108 799 ⁵
1142 768 1309 839 ἄλλην
1341 773 1682 838 συνυφαίνων
1724 771 1892 843 θεραο

336 863 488 917 πείαν.
540 857 679 911 Μεθ’
724 857 759 911 ἃ
792 859 813 889 ⁷
849 860 976 929 περί
1024 860 1132 914 τῶν
1182 862 1329 915 κατὰ
1379 862 1670 933 διαφόρους
1714 864 1895 926 αἰτίας

347 951 662 1022 ὲπεχομένων
690 952 811 1013 ταῖς
832 951 1079 1018 γυναιξὶν
1103 954 1364 1025 ἐμμήνων
1393 955 1734 1024 καθάρσεων,
1763 954 1893 1026 περί

343 1065 389 1101 τε
434 1042 887 1114 ὑπερκαθάρσεως
942 1046 1035 1098 καὶ
1100 1048 1412 1115 γυναικείου
1480 1047 1614 1117 ροῦ,
1674 1050 1768 1102 τοῦ
1832 1066 1892 1101 τε

349 1134 531 1207 ἐρυθροῦ
562 1134 659 1186 καὶ
692 1133 786 1187 τοῦ
819 1134 1015 1189 λευκοῦ
1036 1179 1050 1203 ,
1087 1137 1215 1208 περί
1262 1156 1322 1192 τε
1372 1140 1671 1208 ύστερικῆς
1702 1142 1894 1209 πνιγὸς

356 1232 427 1284 καὶ
453 1229 553 1297 τερί
607 1231 931 1300 γονορῤοίας
984 1233 1377 1303 διαλαμϐάνει,
1425 1235 1525 1306 τὴν
1573 1236 1781 1290 τούτων
1831 1233 1891 1292 εῦ

362 1324 469 1394 μάλα
510 1320 771 1385 διατιθεὶς
800 1323 822 1355 ⁸
855 1324 1171 1395 θεραπείαν’
1229 1329 1325 1380 καὶ
1376 1330 1505 1399 περὶ
1553 1330 1662 1384 τῶν
1718 1331 1894 1385 ἄλλων

356 1412 429 1479 τῆς
452 1412 652 1479 μήτρας
686 1413 1045 1466 παντοδαπῶν
1080 1416 1289 1481 παθῶν,
1316 1417 1720 1487 ἀποστημάτων
1748 1419 1893 1487 λέγω

350 1504 415 1557 ιιιί
435 1501 715 1570 οἰδήματος
742 1503 833 1555 καὶ
862 1504 1035 1574 μύλης
1062 1507 1155 1558 καί
1191 1505 1441 1577 ὕδρωπος
1464 1510 1557 1561 καὶ
1582 1509 1773 1571 ἕλκους
1800 1511 1894 1564 καὶ

342 1595 427 1647 τῶν
453 1593 851 1664 παραπλησίων
872 1612 884 1625 ·
913 1598 971 1648 ἐν
1004 1592 1085 1661 οἷς
1114 1600 1243 1669 περί
1268 1617 1327 1653 τε
1355 1599 1647 1670 φιμώσεως
1679 1603 1891 1673 μήτρας

340 1688 414 1739 καὶ
435 1686 661 1756 άτρήτου
696 1687 931 1758 ὑστέρας
961 1690 1057 1741 καὶ
1089 1690 1196 1743 τῶν
1227 1693 1627 1762 παραπλησίων
1661 1693 1893 1759 ἐπεξιὼν

334 1779 504 1846 γράφει
539 1778 750 1832 τούτων
792 1780 1109 1853 θεραπείας.
1143 1785 1280 1853 Περί
1305 1802 1365 1837 τε
1395 1788 1769 1855 νυμφοτομίας
1799 1790 1893 1842 καὶ

1995 590 2329 654 stitutiones,
2365 601 2538 655 ortus,
2571 588 2923 659 chirurgiam,
2978 588 3223 654 aiiasque
3274 585 3582 640 curationes

1995 679 2207 735 attexit.
2245 678 2371 733 Mox
2405 680 2472 732 de
2514 680 2683 733 variis
2710 679 2818 749 agit
2846 677 3050 741 causis,
3102 691 3203 730 cur
3264 674 3318 728 in
3354 673 3577 728 feminis

1997 781 2276 828 menstrua
2303 772 2529 826 sistatur
2558 771 2831 841 purgatio.
2871 772 2943 825 De
2975 768 3143 822 nimia
3179 781 3398 837 quoque
3432 782 3583 820 men-

1998 865 2142 919 sium
2207 865 2554 935 purgatione,
2582 874 2636 917 et
2668 862 2919 917 muliebri
2956 861 3101 915 fluxu
3157 861 3355 929 partim
3391 859 3581 925 rubro,

1998 957 2195 1026 partim
2233 955 2355 1010 albo
2394 974 2408 1010 :
2448 965 2557 1009 tum
2592 956 2658 1009 de
2700 955 2839 1008 uteri
2875 952 3331 1023 strangulatione,
3380 948 3449 1004 de
3487 964 3579 1003 se—

2006 1046 2170 1100 minis
2204 1047 2387 1114 fluxu;
2424 1047 2713 1102 admodum
2746 1047 2883 1100 bona
2913 1045 2998 1099 his
3031 1053 3232 1098 statuta
3268 1043 3577 1097 curatione.

1994 1138 2075 1192 Ad
2097 1137 2230 1193 alias
2259 1154 2473 1209 quoque
2505 1139 2761 1192 matricis
2796 1137 2976 1191 varias
3023 1136 3197 1205 pergit
3244 1132 3581 1196 aﬂeclioues,

1995 1240 2126 1301 puta
2192 1239 2569 1299 apostemata,
2629 1241 2918 1291 tumorem,
2978 1227 3197 1292 molam,
3262 1226 3581 1295 hydropem,

1997 1327 2201 1388 ulcera,
2233 1332 2288 1377 et
2335 1323 2388 1377 id
2420 1336 2591 1391 genus
2631 1321 2781 1374 alia:
2822 1320 2909 1373 uhi
2959 1320 3025 1373 de
3058 1329 3215 1372 utero
3274 1319 3578 1379 obstructo,

1997 1433 2101 1470 non
2139 1418 2437 1486 perforato,
2470 1414 2697 1483 aliisque
2741 1413 3010 1467 similibus
3059 1412 3293 1474 locutos,
3360 1410 3583 1463 medici-

1998 1525 2097 1563 nas
2158 1524 2376 1577 quoque
2439 1508 2647 1576 adiicit.
2709 1507 2841 1562 ltem
2891 1508 2958 1559 de
3012 1505 3260 1575 nympha:
3318 1504 3580 1560 sectione.

1997 1606 2191 1668 cauda,
2227 1606 2474 1657 varicosa
2513 1603 2728 1667 hernia,
2790 1600 3011 1671 thymis,
3045 1596 3421 1664 similibusque
3453 1595 3581 1663 agit,

1996 1708 2050 1752 et
2085 1698 2272 1749 eadem
2307 1697 2375 1750 iis
2412 1696 2663 1749 methodo
2695 1692 2928 1747 remedia
2967 1688 3291 1759 pratscribit.
3356 1688 3451 1741 llis
3502 1686 3583 1738 fa-

1999 1791 2122 1852 ciei,
2183 1799 2616 1856 caeterarumque
2691 1784 2937 1854 corporis
3002 1784 3233 1851 partium
3285 1786 3582 1844 smegmata

331 1871 439 1939 περί
467 1871 796 1942 κερκώσεως
838 1876 1175 1944 κιρσοκήλης
1212 1894 1270 1929 τε
1301 1877 1394 1931 καί
1432 1877 1621 1949 θύμων
1656 1880 1748 1933 καὶ
1784 1883 1892 1933 τῶν

2007 1880 2185 1949 ηυηεῑι,
2214 1889 2269 1935 et
2305 1878 2538 1932 sumtum
2592 1874 3037 1944 compositiones.
3100 1872 3279 1939 Atque
3334 1870 3424 1923 hic
3466 1868 3586 1919 uni-

326 1963 502 2032 ὁμοίων
527 1965 671 2017 κατὰ
695 1964 795 2033 τὴν
824 1965 947 2034 ῖσην
978 1966 1201 2034 μέθοδον
1229 1967 1327 2030 τὰς
1358 1970 1529 2032 ἰάσεις
1556 1971 1887 2040 ἀναγράφει.

328 2052 409 2119 οἷς
436 2056 740 2125 σμήγματά
768 2074 827 2109 τε
866 2057 1041 2127 ὅψεως
1074 2060 1167 2111 καὶ
1196 2059 1288 2112 τοῦ
1323 2061 1481 2113 ἄλλου
1516 2061 1764 2131 σώματος
1793 2065 1889 2117 καὶ

1999 1986 2219 2023 versum
2290 1969 2513 2023 medicae
2554 1964 2831 2021 facultatis
2863 1978 3001 2032 opus
3036 1976 3195 2017 suum
3250 1959 3439 2014 Aetius
3486 1958 3581 2010 ab-

1997 2063 2177 2117 solvit.

326 2148 668 2218 θυμιαμάτων
714 2150 1007 2213 σκευασίας
1037 2148 1168 2221 [5'77
1203 2150 1295 2224 R.]
1331 2156 1631 2217 συντάττει,
1665 2155 1725 2207 τὸ
1765 2155 1885 2208 ὅλον
1923 2154 2160 2208 ἐνταῦθα
2182 2154 2283 2226 τῆς
2316 2150 2749 2222 σπουδασθείσης
2818 2146 2967 2219 αὐτῷ
3012 2145 3263 2217 ἰατρικῆς
3319 2164 3581 2220 πραγμα-

322 2242 454 2304 τείας
480 2244 978 2313 συμπερανάμενος
1011 2245 1238 2315 βιϐλίον.

384 2337 485 2389 Καὶ
511 2338 611 2390 ὅσα
646 2355 715 2404 γε
746 2338 844 2409 ἐμὲ
876 2339 1098 2403 εἰδέναι,
1132 2343 1160 2394 ὁ
1192 2342 1554 2411 προκείμενος
1588 2343 1678 2397 τοῦ
1709 2344 1905 2414 ἀνδρὸς

325 2427 467 2490 πόνος
510 2428 620 2480 τῶν
688 2428 787 2499 μὲν
833 2430 1173 2501 Ὀρειϐασίου
1222 2433 1515 2501 συνόψεων,
1554 2436 1620 2505 ἦν
1663 2453 1722 2488 τε
1770 2437 1906 2505 πρὸς

324 2518 601 2573 Εὑστάθιον
656 2519 751 2572 καὶ
778 2520 847 2591 ἣν
879 2522 1016 2592 πρὸς
1046 2522 1318 2576 Εύνάπιον
1350 2524 1579 2596 ἔγραψε,
1624 2530 1737 2591 τοῖς
1768 2531 1903 2582 πᾶσι

323 2612 526 2677 κρατεῖ·
558 2611 923 2679 αἰτιολογίαις
952 2630 1011 2664 τε
1040 2614 1151 2683 γὰρ
1179 2614 1403 2684 προέχει
1437 2616 1535 2668 καὶ
1577 2616 1904 2685 διαγνώσεσι

322 2702 405 2752 καὶ
434 2697 779 2767 προγνώσεσι
808 2701 903 2754 καὶ
922 2703 1367 2773 προσδιορισμοῖς
1394 2705 1489 2758 καὶ
1512 2704 1589 2772 τῷ
1612 2707 1712 2773 τῆς
1744 2706 1907 2776 θερα-

321 2792 462 2856 πείας
520 2793 736 2847 πλάτει.
767 2792 842 2849 Οὐ
879 2793 1084 2849 τούτων
1117 2796 1173 2848 δὲ
1196 2797 1356 2865 μόνον
1387 2799 1445 2849 ἐν
1479 2798 1719 2869 ὑπεροχῇ
1771 2799 1904 2868 ὁρᾶ-

320 2901 418 2945 ται,
480 2884 631 2939 ἀλλὰ
668 2888 763 2938 καὶ
798 2887 966 2957 ἧτιςθ
1013 2888 1161 2957 αὐτῷ
1217 2888 1326 2940 τῶν
1383 2888 1624 2959 Γαληνοῦ
1681 2889 1903 2959 βιϐλίων

323 2974 528 3045 σύνοψις
575 2977 971 3048 ἐφιλοπονήθη,
1034 2980 1129 3031 καὶ
1181 2977 1388 3049 ταύτης
1423 2981 1716 3052 ἐπικρατεῖ
1737 2982 1813 3053 τῷ
1840 2999 1900 3035 τε

2069 2343 2268 2413 181a
2318 2341 2419 2408 Qui
2467 2341 2687 2411 quidem
2738 2334 2901 2403 hujus
2960 2336 3066 2389 viri
3096 2335 3249 2389 labor
3292 2334 3581 2405 (quantum

2005 2448 2104 2501 ego
2122 2445 2453 2501 cognoscere
2484 2430 2658 2499 potui)
2682 2427 2928 2497 jOribasii
2954 2441 3239 2498 synopses,
3267 2426 3381 2479 sive
3423 2440 3582 2493 quam

2008 2523 2308 2587 Eustathio,
2345 2522 2461 2576 sive
2494 2537 2659 2591 quam
2711 2520 2956 2587 Eunapio
3008 2514 3307 2587 inscripsit,
3346 2516 3400 2568 in
3462 2530 3583 2567 om-

2006 2614 2163 2668 nibus
2184 2621 2422 2682 superat.
2460 2612 2641 2673 Neque
2672 2610 2816 2665 enim
2847 2608 3101 2664 eosolum
3131 2607 3409 2677 przecedit,
3440 2605 3584 2675 quod

2014 2720 2206 2760 causas
2234 2705 2446 2765 reddat,
2473 2704 2726 2772 quodque
2753 2702 3083 2763 dinotiones,
3121 2699 3494 2769 pernotiones,
3523 2713 3588 2751 ac

2013 2795 2356 2849 definitiones
2393 2792 2581 2847 afferat
2612 2810 2626 2847 :
2662 2808 2850 2848 verum
2884 2806 2948 2845 eo
3006 2792 3195 2856 etiam,
3237 2789 3381 2859 quod
3416 2804 3579 2843 cura-

2010 2890 2185 2942 tiones
2218 2886 2489 2956 copiosius
2540 2885 2737 2938 tradat.
2773 2882 2957 2953 Neque
3001 2897 3216 2936 rursum
3272 2881 3373 2934 hos
3427 2879 3589 2934 modo

2012 2987 2274 3032 tractatus
2294 2977 2629 3046 conspicitur
2652 2991 2929 3045 superare,
2974 2974 3066 3029 sed
3095 2985 3149 3028 et
3188 2988 3526 3043 quaecunque
3557 2991 3587 3025 e

316 3071 388 3133 εἰς
436 3069 701 3124 ἐλάττονα
751 3071 915 3139 ὄγκον
962 3071 1587 3143 ταύτην’συνεστάλθαι
1616 3112 1633 3136 ,
1688 3075 1782 3127 καὶ
1825 3074 1900 3144 τῷ

2011 3070 2219 3126 Galeno
2242 3070 2329 3125 ille
2354 3072 2408 3124 in
2439 3070 2708 3136 epitomen
2734 3075 2990 3122 accurate
3013 3065 3223 3134 redegit
3257 3088 3269 3121 :
3306 3075 3420 3119 tum
3447 3066 3587 3135 quod

317 3163 650 3233 σαφεστέραν
699 3134 966 3235 παρέχειν
1025 3134 1136 3235 τὴν.
1173 3165 1547 3233 διδασκαλίαν,
1606 3134 1701 3221 καὶ
1732 3167 1775 3198 ¹⁰
1820 3134 1900 3238 τῷ

2010 3163 2215 3232 majore
2266 3177 2390 3217 cum
2426 3160 2822 3231 perspicuitate
2877 3173 3030 3213 suam
3095 3158 3400 3213 doctrinam
3457 3172 3588 3227 pro-

315 3255 431 3323 περί
476 3254 748 3308 πλειόνων
796 3255 984 3309 παθῶν
1042 3256 1433 3326 διαλαμϐάνειν
1466 3257 1672 3326 ταύτην
1699 3257 1899 3328 μᾶλλον

314 3345 343 3415 ἢ
373 3346 609 3419 ἐκείνην.
677 3348 789 3416 Τῆς
818 3347 875 3400 δὲ
899 3348 977 3417 τῷ
1009 3347 1160 3418 αὐτῷ
1223 3350 1380 3421 ἀνδρὶ
1413 3350 1491 3415 εἰς
1524 3351 1902 3422 ἐϐδομήκοντα

316 3435 485 3503 βιϐλία
539 3437 991 3508 συντεταγμένης
1017 3437 1117 3509 τὴν
1140 3437 1306 3508 ἄλλην
1349 3439 1586 3511 ἅμιλλαν
1615 3442 1715 3494 ούκ
1740 3442 1901 3496 εύλα-

316 3524 565 3596 6ουμένη,
596 3529 729 3590 ἴσως
757 3528 823 3581 ἂν
855 3529 1189 3601 ἐλαττωθείη
1213 3526 1296 3595 οἷς
1322 3548 1382 3584 τε
1407 3531 1479 3586 τὰ
1500 3535 1599 3602 τῆς
1640 3532 1902 3603 ἀνατομι-

317 3618 408 3687 κῆς
469 3619 831 3690 ἐγχειρίσεως
858 3620 931 3692 μὴ
966 3623 1439 3695 παραδραμούσης
1491 3625 1710 3695 ἐκείνης
1762 3626 1903 3697 αῦτη

318 3712 699 3781 παρατρέχει,
762 3712 857 3765 καὶ
916 3711 1017 3783 τὴν
1067 3713 1304 3785 θεωρίαν
1367 3715 1467 3786 τῆς
1524 3716 1632 3769 τῶν
1694 3716 1903 3788 μορίων

318 3800 509 3891 χρείας,
574 3803 863 3873 φιλοσόφου
918 3804 1118 3875 μᾶλλον
1166 3805 1332 3860 οὖσαν
1386 3806 1684 3877 σπουδῆςῆ
1735 3806 1901 3879 θερα-

318 3893 464 3957 πείας
489 3893 675 3964 ἔργον,
696 3895 963 3961 ὡσαύτως
994 3897 1264 3968 παρῆλθε.
1295 3900 1421 3963 Τοῖς
1458 3899 1641 3963 αὐτοῖς
1677 3900 1733 3953 δέ
1771 3900 1900 3955 τού-

317 4000 419 4048 τοις
445 3986 537 4039 καὶ
566 3987 666 4055 τῆς
689 3990 1099 4061 προειρημένης
1131 3990 1241 4043 τῶν
1269 3992 1576 4063 Γαληνείων
1631 3992 1907 4063 συνόψεως

317 4074 403 4127 τοῦ
457 4081 683 4147 κρατεῖν
742 4079 811 4133 ἂν
889 4080 1330 4152 ύπαναχωροῦσα
1387 4083 1495 4152 εἴη.
1565 4082 1728 4137 Ἀλλὰ
1797 4084 1906 4155 γὰρ

318 4166 480 4237 ἔγωγε
511 4170 683 4240 φαίην
716 4170 782 4224 ἂν
809 4171 885 4235 ὡς
924 4172 1067 4227 κατὰ
1094 4173 1193 4243 τὴν
1234 4174 1517 4246 παροῦσαν
1546 4176 1654 4230 τῶν
1688 4176 1903 4251 ἀνθρὼ-

319 4278 429 4314 πων
488 4262 765 4334 ρᾳθυμίαν
806 4265 902 4318 καὶ
950 4265 1049 4336 τὴν
1079 4267 1209 4338 περί
1237 4267 1307 4320 τὰ
1340 4268 1475 4323 ἄλλα
1504 4269 1706 4334 μᾶλλον
1730 4269 1908 4342 ὁρμὴν

318 4352 348 4422 ἧ
381 4355 504 4425 περὶ
534 4348 611 4409 ὧν
646 4358 679 4427 ἡ
707 4356 971 4427 θεραπεία
1020 4360 1391 4432 κατορθωθείη
1460 4364 1575 4426 τοῖς
1611 4363 1905 4431 κάμνουσι,

318 4444 513 4514 ταύτην
551 4448 615 4499 ἐκ
626 4448 859 4519 μελετᾷν
890 4453 989 4518 τὴν
1018 4452 1337 4521 συναγωγὴν
1360 4452 1470 4507 τῶν
1498 4452 1674 4508 ἄλλων
1703 4453 1908 4523 μᾶλλον

322 4537 750 4609 σπουδασμᾰπων
795 4540 922 4612 χρὴ,
980 4543 1218 4613 μάλιστά
1242 4561 1304 4613 γε
1342 4544 1488 4609 ὅσοις
1547 4544 1623 4616 μὴ
1686 4545 1824 4616 πρὸς
1848 4545 1910 4599 τὸ

322 4626 475 4697 βάθος
538 4630 640 4699 τῆς
697 4632 951 4704 ἰατρικῆς
984 4635 1219 4706 θεωρίας
1265 4635 1457 4690 ἐλάσαι
1496 4636 1590 4690 καί¹
1633 4636 1733 4708 τὴν
1765 4639 1909 4691 κατὰ

320 4721 664 4790 φυσιολογίαν
724 4726 918 4793 σοφίαν
944 4742 1001 4778 τε
1036 4727 1131 4779 καί⁸
1180 4726 1442 4796 ἀλήθειαν
1506 4727 1710 4790 σκοπός
1758 4728 1907 4780 ἐστιν

320 4810 586 4881 ἀνευρεῖν,
627 4812 767 4884 πρὸς
803 4810 972 4884 μόνην
1007 4814 1064 4867 δὲ
1091 4814 1188 4886 τὴν
1216 4816 1322 4869 τῶν
1346 4815 1472 4888 [298
1500 4816 1595 4889 Π.]
1632 4816 1906 4887 σωμάτων

323 4898 615 4969 θεραπείαν
645 4905 679 4972 ἡ
708 4904 969 4974 πρόθεσις
1032 4907 1233 4976 ἀφορᾷ,
1288 4907 1384 4960 καὶ
1451 4908 1614 4978 μηδὲν
1643 4908 1751 4961 τῶν
1778 4909 1908 4980 περί

326 4990 488 5063 αὐτὴν
514 4993 607 5047 ἐπὶ
646 4993 749 5064 τῆς
774 4995 963 5066 χρείας
992 4995 1260 5065 ὑστερεῖν.
1291 4998 1417 5060 Τοῖς
1449 4999 1557 5070 γὰρ
1596 4999 1695 5062 τὰς
1736 4998 1907 5063 ἰάσεις

328 5082 490 5137 νόσων
542 5086 836 5151 ἀπελάσεις
911 5087 1190 5157 ἑλομένοις
1242 5089 1561 5159 ἐμφανίζειν
1610 5091 1680 5144 δι’
1724 5093 1905 5162 ἔργων

325 5175 478 5229 τοῦτο
500 5178 561 5230 τδ
596 5177 803 5247 βιϐλίον
850 5178 1129 5257 ἐπιμελῶς
1159 5180 1636 5251 μεταχειρίζεσθαι
1678 5183 1778 5247 δεῖ,
1812 5184 1907 5237 καὶ

326 5266 419 5334 τὴν
441 5269 633 5342 σχολὴν
666 5273 747 5335 εἰς
771 5271 905 5325 αὐτὸ
940 5273 1345 5344 συντεταμένην
1370 5275 1408 5304 ⁸³
1464 5274 1628 5343 ἔχειν,
1667 5275 1761 5328 καί
1788 5276 1815 5329 ὃ
1842 5292 1905 5343 γε

332 5360 559 5425 μεισθείς
593 5363 661 5434 τῇ
693 5362 1009 5434 παραινέσει
1041 5365 1099 5418 ἐν
1132 5365 1271 5435 αὐτῇ
1314 5367 1379 5436 τῇ
1414 5365 1579 5436 πείρᾳ
1618 5365 1679 5420 τὸ
1721 5368 1912 5439 κέρδος

330 5447 567 5522 εὑρήσει.

2004 3264 2185 3325 ponat,
2220 3264 2334 3308 tum
2369 3254 2689 3323 etiamquod
2714 3252 2781 3307 de
2810 3252 3053 3322 pluribus
3106 3261 3228 3321 agat
3262 3252 3489 3306 morbis.
3519 3252 3584 3305 At

2007 3361 2132 3402 cum
2168 3345 2406 3400 Oribasii
2458 3346 2802 3411 collectione,
2856 3360 2977 3414 quae
3026 3345 3368 3415 septuaginta
3419 3345 3587 3397 libros

2004 3440 2403 3508 complectitur,
2438 3440 2782 3494 committere
2820 3453 2879 3493 se
2908 3453 3070 3492 ausus
3128 3438 3267 3492 Aetii
3305 3437 3477 3503 labor,
3509 3437 3589 3489 in-

2006 3531 2178 3586 ferior
2232 3531 2467 3586 fortasse
2492 3530 2808 3598 iudicetur:
2848 3540 2960 3585 tum
2994 3529 3139 3598 quod
3194 3529 3584 3583 tractationem

2008 3624 2075 3678 de
2111 3624 2388 3678 anatomia
2423 3632 2734 3693 praztcreat,
2760 3637 2926 3692 quam
2960 3620 3049 3674 illa
3085 3621 3381 3691 explicavit
3410 3637 3425 3675 :
3469 3628 3583 3673 tum

2007 3718 2149 3787 quod
2173 3717 2667 3772 considerationem
2696 3716 2765 3770 de
2808 3731 2906 3768 usu
2942 3716 3197 3784 partium,
3252 3730 3373 3785 quae
3404 3715 3580 3784 philo-

2006 3808 2161 3878 sophi
2187 3808 2368 3877 potius
2393 3816 2537 3872 erat,
2562 3822 2723 3877 quam
2759 3807 2950 3862 medici
2967 3808 3213 3862 curantis
3240 3821 3396 3876 opus,
3429 3806 3585 3861 simi-

2009 3900 2134 3954 liter
2165 3899 2254 3954 hic
2304 3900 2677 3967 praetermisit.
2720 3897 2861 3965 Quin
2892 3908 2947 3953 et
2973 3900 3190 3953 easdem
3244 3899 3472 3953 forsitan
3509 3898 3585 3953 ob

2007 4006 2203 4047 causas
2264 3990 2511 4045 nonnihil
2562 3990 2743 4055 cedat,
2790 4000 2851 4045 ut
2902 3992 3078 4044 minus
3136 3989 3280 4044 illam
3312 4005 3343 4043 e
3396 3989 3583 4045 Galeni

2009 4084 2228 4154 scriptis
2256 4083 2541 4138 collectam
2564 4083 2858 4152 epitomam
2890 4082 3099 4136 vincat.
3134 4082 3329 4137 Verum
3352 4083 3584 4136 dixerim

2009 4176 2259 4242 equidem
2316 4173 2718 4243 (animadversa
2775 4187 2895 4239 qua:
2950 4187 3095 4227 nunc
3166 4182 3253 4228 est
3308 4173 3586 4227 hominum

2014 4265 2366 4337 negligentia,
2398 4274 2452 4320 et
2484 4264 2839 4319 inclinatione
2891 4267 3103 4335 majore
3136 4264 3188 4318 in
3234 4262 3337 4317 alia
3375 4264 3581 4323 omnia.

2014 4371 2176 4425 quam
2208 4359 2258 4411 in
2284 4373 2370 4423 ea,
2405 4356 2606 4427 quibus
2654 4371 2927 4425 agrorum
2974 4357 3187 4411 curatio
3241 4356 3583 4427 perficiatur)

2014 4450 2155 4504 hanc
2182 4450 2558 4505 collectionem
2595 4465 2707 4519 prae
2734 4450 2855 4503 aliis
2879 4450 3099 4517 scriptis
3130 4450 3183 4501 in
3218 4462 3373 4503 usum
3409 4448 3583 4501 dedu-

2017 4544 2220 4597 cenda:
2248 4544 2314 4597 iis
2348 4544 2679 4612 priesertim,
2724 4541 2922 4611 quibus
2982 4541 3375 4595 abstrusiorem
3414 4540 3590 4593 medi-

2016 4639 2195 4694 cinam
2213 4638 2469 4705 scrutari,
2489 4648 2581 4691 aut
2598 4636 2948 4708 physiologia‘
2963 4634 3207 4689 subsidio
3224 4633 3591 4703 cognitionem

2014 4739 2069 4785 et
2106 4730 2393 4785 veritatem
2424 4729 2706 4797 consequi,
2734 4727 3072 4796 propositum
3112 4740 3217 4779 non
3246 4730 3355 4789 'est,
3392 4724 3489 4779 sed
3524 4724 3591 4776 ad

2012 4824 2183 4878 solam
2236 4836 2527 4891 corporum
2586 4820 2921 4875 medicinam
2976 4829 3285 4888 respectum
3363 4818 3590 4879 habere,

2015 4913 2270 4981 nulloque
2301 4913 2443 4982 quod
2470 4912 2535 4966 ad
2570 4913 2687 4982 ejus
2720 4928 2875 4965 usum
2914 4911 3184 4980 pertineat
3215 4910 3459 4965 destitui.
3488 4908 3592 4974 Qui

2015 5007 2157 5062 enim
2176 5007 2350 5076 reipsa
2365 5005 2743 5059 demonstrare
2762 5008 2949 5057 volent
2971 5002 3349 5057 curationibus
3376 5002 3594 5053 morbos

2013 5098 2229 5168 depelli,
2261 5113 2355 5152 eos
2374 5098 2517 5150 hunc
2548 5096 2747 5152 librum
2772 5096 3024 5149 manibus
3054 5093 3346 5163 diligenter
3393 5101 3591 5153 terere,

2013 5190 2295 5257 eidemque
2339 5203 2561 5257 operam
2602 5204 2665 5243 ac
2722 5186 2967 5241 studium
3030 5198 3234 5237 navare
3294 5180 3587 5249 oportebit.

2019 5281 2116 5336 Cui
2155 5280 2514 5334 admonitioni
2549 5280 2797 5349 quisquis
2839 5275 3074 5346 parebit,
3112 5290 3194 5328 na:
3218 5273 3306 5329 ille
3332 5287 3454 5327 mox
3493 5284 3592 5325 ex-

2019 5372 2285 5440 periundo
2322 5368 2525 5424 laboris
2556 5369 2638 5424 sui
2678 5368 2912 5423 fructum
2948 5364 3170 5421 referet.

1618 5632 1853 5689 VARUE
1896 5633 2300 5690 LECTIONES.

399 5738 693 5823 fxai'sitv]
720 5741 820 5799 κὰν
841 5744 939 5816 τὴν
967 5746 1031 5801 Α.
1110 5747 1130 5781 'I
1160 5745 1196 5801 ἂ
1226 5746 1267 5802 Δ
1298 5742 1393 5805 ξιξ
1430 5765 1488 5815 ς,
1567 5749 1588 5782 δ
1621 5746 1884 5814 διατεθεὶς
1914 5766 1975 5813 ς,
2052 5750 2072 5783 ο
2126 5746 2268 5823 ἥτις]
2302 5749 2403 5802 εἴτε

334 5812 662 5883 πιὲαγμένην
680 5812 749 5877 ίς.

2410 5767 2434 5814 ς
2488 5764 2631 5805 corr.
2665 5750 2731 5805 Α.
2812 5746 2857 5781 ⁸³
2890 5747 3007 5822 καὶ]
3036 5748 3156 5805 libri
3188 5748 3307 5803 κάν.
3387 5745 3428 5779 υ
3467 5763 3588 5799 τυν-
