  <div class='ocr_page' id='page_1' title='image "/cluster/home/n/w/nwhite01/storage/ocr_20150623/103:no.3/coo.31924054870070/381.png"; bbox 0 0 4032 6470; ppageno 0'>
   <div class='ocr_carea' id='block_1_1' title="bbox 471 367 572 427">
    <p class='ocr_par' dir='ltr' id='par_1_1' title="bbox 471 367 572 427">
     <span class='ocr_line' id='line_1_1' title="bbox 471 367 572 427; baseline -0.01 0"><span class='ocrx_word' id='word_1_1' title='bbox 471 367 572 427; x_wconf 84' lang='grc'><strong>735</strong></span> 
     </span>
    </p>
   </div>
   <div class='ocr_carea' id='block_1_2' title="bbox 1152 476 1361 537">
    <p class='ocr_par' dir='ltr' id='par_1_2' title="bbox 1152 476 1361 537">
     <span class='ocr_line' id='line_1_2' title="bbox 1152 476 1361 537; baseline 0.024 -6"><span class='ocrx_word' id='word_1_2' title='bbox 1152 476 1361 537; x_wconf 75' lang='lat' dir='ltr'><strong>CXXII.</strong></span> 
     </span>
    </p>
   </div>
   <div class='ocr_carea' id='block_1_3' title="bbox 695 567 1801 628">
    <p class='ocr_par' dir='ltr' id='par_1_3' title="bbox 695 567 1801 628">
     <span class='ocr_line' id='line_1_3' title="bbox 695 567 1801 628; baseline 0.006 -7"><span class='ocrx_word' id='word_1_3' title='bbox 695 567 841 622; x_wconf 65' lang='lat' dir='ltr'><strong>Jolvii</strong></span> <span class='ocrx_word' id='word_1_4' title='bbox 874 568 1117 622; x_wconf 82' lang='lat' dir='ltr'><strong>monachi</strong></span> <span class='ocrx_word' id='word_1_5' title='bbox 1154 569 1539 627; x_wconf 83' lang='lat' dir='ltr'><strong>Commentarii</strong></span> <span class='ocrx_word' id='word_1_6' title='bbox 1573 572 1699 627; x_wconf 84' lang='lat' dir='ltr'><strong>libri</strong></span> <span class='ocrx_word' id='word_1_7' title='bbox 1725 589 1801 628; x_wconf 71' lang='grc' dir='ltr'><strong>ιχ.</strong></span> 
     </span>
    </p>
   </div>
   <div class='ocr_carea' id='block_1_4' title="bbox 540 657 2041 734">
    <p class='ocr_par' dir='ltr' id='par_1_4' title="bbox 540 657 2041 734">
     <span class='ocr_line' id='line_1_4' title="bbox 540 657 2041 734; baseline 0.003 -21"><span class='ocrx_word' id='word_1_8' title='bbox 540 658 758 713; x_wconf 85' lang='lat' dir='ltr'><strong>Lectum</strong></span> <span class='ocrx_word' id='word_1_9' title='bbox 794 657 935 712; x_wconf 85' lang='lat' dir='ltr'><strong>Jobii</strong></span> <span class='ocrx_word' id='word_1_10' title='bbox 972 660 1223 713; x_wconf 95' lang='lat' dir='ltr'><strong>monachi</strong></span> <span class='ocrx_word' id='word_1_11' title='bbox 1274 676 1412 729; x_wconf 92' lang='lat' dir='ltr'><strong>opus</strong></span> <span class='ocrx_word' id='word_1_12' title='bbox 1449 662 1607 718; x_wconf 86' lang='lat' dir='ltr'><strong>libris</strong></span> <span class='ocrx_word' id='word_1_13' title='bbox 1635 679 1852 730; x_wconf 83' lang='lat' dir='ltr'><strong>novem,</strong></span> <span class='ocrx_word' id='word_1_14' title='bbox 1889 665 2041 734; x_wconf 83' lang='lat' dir='ltr'><strong>capi.-</strong></span> 
     </span>
    </p>
   </div>
   <div class='ocr_carea' id='block_1_5' title="bbox 472 749 2039 823">
    <p class='ocr_par' dir='ltr' id='par_1_5' title="bbox 472 749 2039 823">
     <span class='ocr_line' id='line_1_5' title="bbox 472 749 2039 823; baseline 0.004 -21"><span class='ocrx_word' id='word_1_15' title='bbox 472 749 614 802; x_wconf 88' lang='lat' dir='ltr'><strong>tibus</strong></span> <span class='ocrx_word' id='word_1_16' title='bbox 632 764 758 802; x_wconf 80' lang='lat' dir='ltr'><strong>vero</strong></span> <span class='ocrx_word' id='word_1_17' title='bbox 787 750 1025 817; x_wconf 81' lang='lat' dir='ltr'><strong>quinque</strong></span> <span class='ocrx_word' id='word_1_18' title='bbox 1059 749 1274 816; x_wconf 82' lang='lat' dir='ltr'><strong>quidem</strong></span> <span class='ocrx_word' id='word_1_19' title='bbox 1314 752 1422 807; x_wconf 88' lang='lat' dir='ltr'><strong>illis</strong></span> <span class='ocrx_word' id='word_1_20' title='bbox 1462 767 1622 823; x_wconf 83' lang='lat' dir='ltr'><strong>supra</strong></span> <span class='ocrx_word' id='word_1_21' title='bbox 1656 753 2039 823; x_wconf 75' lang='lat' dir='ltr'><strong>quadraginta,</strong></span> 
     </span>
    </p>
   </div>
   <div class='ocr_carea' id='block_1_6' title="bbox 469 839 2042 914">
    <p class='ocr_par' dir='ltr' id='par_1_6' title="bbox 469 839 2042 914">
     <span class='ocr_line' id='line_1_6' title="bbox 469 839 2042 914; baseline 0.007 -23"><span class='ocrx_word' id='word_1_22' title='bbox 469 839 564 893; x_wconf 78' lang='lat' dir='ltr'><strong>sed</strong></span> <span class='ocrx_word' id='word_1_23' title='bbox 595 840 794 908; x_wconf 82' lang='lat' dir='ltr'><strong>quibus</strong></span> <span class='ocrx_word' id='word_1_24' title='bbox 821 840 923 892; x_wconf 84' lang='lat' dir='ltr'><strong>alia</strong></span> <span class='ocrx_word' id='word_1_25' title='bbox 943 841 1201 895; x_wconf 88' lang='lat' dir='ltr'><strong>nonnulla</strong></span> <span class='ocrx_word' id='word_1_26' title='bbox 1232 843 1633 912; x_wconf 82' lang='lat' dir='ltr'><strong>iuterjieiantur</strong></span> <span class='ocrx_word' id='word_1_27' title='bbox 1661 863 1676 910; x_wconf 92' lang='lat'><strong>;</strong></span> <span class='ocrx_word' id='word_1_28' title='bbox 1702 846 1816 914; x_wconf 90' lang='lat' dir='ltr'><strong>ipse</strong></span> <span class='ocrx_word' id='word_1_29' title='bbox 1846 856 2042 903; x_wconf 90' lang='lat' dir='ltr'><strong>auctor</strong></span> 
     </span>
    </p>
   </div>
   <div class='ocr_carea' id='block_1_7' title="bbox 471 931 2042 993">
    <p class='ocr_par' dir='ltr' id='par_1_7' title="bbox 471 931 2042 993">
     <span class='ocr_line' id='line_1_7' title="bbox 471 931 2042 993; baseline 0.007 -11"><span class='ocrx_word' id='word_1_30' title='bbox 471 931 684 983; x_wconf 88' lang='lat' dir='ltr'><strong>titulum</strong></span> <span class='ocrx_word' id='word_1_31' title='bbox 724 932 864 987; x_wconf 85' lang='lat' dir='ltr'><strong>libro</strong></span> <span class='ocrx_word' id='word_1_32' title='bbox 890 933 1082 989; x_wconf 86' lang='lat' dir='ltr'><strong>dedit:</strong></span> <span class='ocrx_word' id='word_1_33' title='bbox 1123 936 1199 987; x_wconf 81' lang='lat' dir='ltr'><strong>De</strong></span> <span class='ocrx_word' id='word_1_34' title='bbox 1243 933 1409 990; x_wconf 86' lang='lat' dir='ltr'><strong>Verbo</strong></span> <span class='ocrx_word' id='word_1_35' title='bbox 1453 935 1737 991; x_wconf 76' lang='lat' dir='ltr'><strong>incuruata</strong></span> <span class='ocrx_word' id='word_1_36' title='bbox 1777 954 2042 993; x_wconf 82' lang='lat' dir='ltr'><strong>commen-</strong></span> 
     </span>
    </p>
   </div>
   <div class='ocr_carea' id='block_1_8' title="bbox 468 1022 2043 1102">
    <p class='ocr_par' dir='ltr' id='par_1_8' title="bbox 468 1022 2043 1102">
     <span class='ocr_line' id='line_1_8' title="bbox 468 1022 2043 1102; baseline 0.008 -28"><span class='ocrx_word' id='word_1_37' title='bbox 468 1022 662 1089; x_wconf 71' lang='lat' dir='ltr'><strong>tarius.</strong></span> <span class='ocrx_word' id='word_1_38' title='bbox 698 1022 989 1092; x_wconf 76' lang='lat' dir='ltr'><strong>Propterea</strong></span> <span class='ocrx_word' id='word_1_39' title='bbox 1050 1026 1331 1091; x_wconf 91' lang='lat' dir='ltr'><strong>nimirum,</strong></span> <span class='ocrx_word' id='word_1_40' title='bbox 1365 1027 1509 1093; x_wconf 92' lang='lat' dir='ltr'><strong>quod</strong></span> <span class='ocrx_word' id='word_1_41' title='bbox 1570 1027 1653 1100; x_wconf 91' lang='lat' dir='ltr'><strong>(ut</strong></span> <span class='ocrx_word' id='word_1_42' title='bbox 1682 1027 1782 1102; x_wconf 85' lang='lat' dir='ltr'><strong>ait)</strong></span> <span class='ocrx_word' id='word_1_43' title='bbox 1840 1029 2043 1087; x_wconf 87' lang='lat' dir='ltr'><strong>multas</strong></span> 
     </span>
    </p>
   </div>
   <div class='ocr_carea' id='block_1_9' title="bbox 470 1113 2042 1189">
    <p class='ocr_par' dir='ltr' id='par_1_9' title="bbox 470 1113 2042 1189">
     <span class='ocr_line' id='line_1_9' title="bbox 470 1113 2042 1189; baseline 0.004 -21"><span class='ocrx_word' id='word_1_44' title='bbox 470 1115 559 1169; x_wconf 86' lang='lat' dir='ltr'><strong>hic</strong></span> <span class='ocrx_word' id='word_1_45' title='bbox 590 1116 654 1170; x_wconf 91' lang='lat' dir='ltr'><strong>de</strong></span> <span class='ocrx_word' id='word_1_46' title='bbox 700 1113 835 1169; x_wconf 88' lang='lat' dir='ltr'><strong>Filio</strong></span> <span class='ocrx_word' id='word_1_47' title='bbox 871 1118 962 1171; x_wconf 90' lang='lat' dir='ltr'><strong>Dei</strong></span> <span class='ocrx_word' id='word_1_48' title='bbox 995 1118 1214 1171; x_wconf 83' lang='lat' dir='ltr'><strong>homine</strong></span> <span class='ocrx_word' id='word_1_49' title='bbox 1247 1119 1580 1187; x_wconf 66' lang='lat' dir='ltr'><strong>quaestiones</strong></span> <span class='ocrx_word' id='word_1_50' title='bbox 1630 1129 1949 1189; x_wconf 82' lang='lat' dir='ltr'><strong>pertraclet.</strong></span> <span class='ocrx_word' id='word_1_51' title='bbox 1984 1122 2042 1175; x_wconf 93' lang='lat' dir='ltr'><strong>lu</strong></span> 
     </span>
    </p>
   </div>
   <div class='ocr_carea' id='block_1_10' title="bbox 472 1207 2040 1283">
    <p class='ocr_par' dir='ltr' id='par_1_10' title="bbox 472 1207 2040 1283">
     <span class='ocr_line' id='line_1_10' title="bbox 472 1207 2040 1283; baseline 0.008 -25"><span class='ocrx_word' id='word_1_52' title='bbox 472 1208 774 1261; x_wconf 85' lang='lat' dir='ltr'><strong>tractandis</strong></span> <span class='ocrx_word' id='word_1_53' title='bbox 808 1207 973 1278; x_wconf 82' lang='lat' dir='ltr'><strong>igitur</strong></span> <span class='ocrx_word' id='word_1_54' title='bbox 1036 1212 1429 1265; x_wconf 83' lang='lat' dir='ltr'><strong>controversiis</strong></span> <span class='ocrx_word' id='word_1_55' title='bbox 1478 1213 1547 1283; x_wconf 89' lang='lat' dir='ltr'><strong>(si</strong></span> <span class='ocrx_word' id='word_1_56' title='bbox 1604 1214 1909 1282; x_wconf 73' lang='lat' dir='ltr'><strong>generatim</strong></span> <span class='ocrx_word' id='word_1_57' title='bbox 1956 1215 2040 1270; x_wconf 86' lang='lat' dir='ltr'><strong>lo-</strong></span> 
     </span>
    </p>
   </div>
   <div class='ocr_carea' id='block_1_11' title="bbox 471 1302 2043 1373">
    <p class='ocr_par' dir='ltr' id='par_1_11' title="bbox 471 1302 2043 1373">
     <span class='ocr_line' id='line_1_11' title="bbox 471 1302 2043 1373; baseline 0.01 -25"><span class='ocrx_word' id='word_1_58' title='bbox 471 1302 679 1368; x_wconf 83' lang='lat' dir='ltr'><strong>quaris)</strong></span> <span class='ocrx_word' id='word_1_59' title='bbox 716 1317 822 1354; x_wconf 88' lang='lat' dir='ltr'><strong>non</strong></span> <span class='ocrx_word' id='word_1_60' title='bbox 879 1304 1224 1369; x_wconf 71' lang='lat' dir='ltr'><strong>pmuitendus</strong></span> <span class='ocrx_word' id='word_1_61' title='bbox 1276 1305 1493 1371; x_wconf 84' lang='lat' dir='ltr'><strong>quidem</strong></span> <span class='ocrx_word' id='word_1_62' title='bbox 1541 1305 1628 1360; x_wconf 89' lang='lat' dir='ltr'><strong>ille</strong></span> <span class='ocrx_word' id='word_1_63' title='bbox 1696 1316 1797 1373; x_wconf 82' lang='lat' dir='ltr'><strong>est,</strong></span> <span class='ocrx_word' id='word_1_64' title='bbox 1830 1315 1923 1361; x_wconf 83' lang='lat' dir='ltr'><strong>aut</strong></span> <span class='ocrx_word' id='word_1_65' title='bbox 1955 1323 2043 1363; x_wconf 84' lang='lat' dir='ltr'><strong>re-</strong></span> 
     </span>
    </p>
   </div>
   <div class='ocr_carea' id='block_1_12' title="bbox 472 1389 2045 1453">
    <p class='ocr_par' dir='ltr' id='par_1_12' title="bbox 472 1389 2045 1453">
     <span class='ocr_line' id='line_1_12' title="bbox 472 1389 2045 1453; baseline 0.007 -11"><span class='ocrx_word' id='word_1_66' title='bbox 472 1389 707 1444; x_wconf 83' lang='lat' dir='ltr'><strong>missus:</strong></span> <span class='ocrx_word' id='word_1_67' title='bbox 770 1401 820 1445; x_wconf 86' lang='lat' dir='ltr'><strong>at</strong></span> <span class='ocrx_word' id='word_1_68' title='bbox 870 1408 976 1446; x_wconf 87' lang='lat' dir='ltr'><strong>non</strong></span> <span class='ocrx_word' id='word_1_69' title='bbox 1033 1392 1105 1444; x_wconf 87' lang='lat' dir='ltr'><strong>ita</strong></span> <span class='ocrx_word' id='word_1_70' title='bbox 1160 1393 1321 1446; x_wconf 85' lang='lat' dir='ltr'><strong>etiam</strong></span> <span class='ocrx_word' id='word_1_71' title='bbox 1384 1404 1531 1448; x_wconf 88' lang='lat' dir='ltr'><strong>recte</strong></span> <span class='ocrx_word' id='word_1_72' title='bbox 1573 1396 1626 1449; x_wconf 92' lang='lat' dir='ltr'><strong>iu</strong></span> <span class='ocrx_word' id='word_1_73' title='bbox 1680 1396 2045 1453; x_wconf 89' lang='lat' dir='ltr'><strong>solutionibus</strong></span> 
     </span>
    </p>
   </div>
   <div class='ocr_carea' id='block_1_13' title="bbox 471 1481 2045 1564">
    <p class='ocr_par' dir='ltr' id='par_1_13' title="bbox 471 1481 2045 1564">
     <span class='ocr_line' id='line_1_13' title="bbox 471 1481 2045 1564; baseline 0.01 -35"><span class='ocrx_word' id='word_1_74' title='bbox 471 1482 739 1547; x_wconf 74' lang='lat' dir='ltr'><strong>procedit.</strong></span> <span class='ocrx_word' id='word_1_75' title='bbox 765 1481 899 1535; x_wconf 87' lang='lat' dir='ltr'><strong>Nam</strong></span> <span class='ocrx_word' id='word_1_76' title='bbox 934 1491 991 1536; x_wconf 92' lang='lat' dir='ltr'><strong>ut</strong></span> <span class='ocrx_word' id='word_1_77' title='bbox 1022 1484 1256 1537; x_wconf 80' lang='lat' dir='ltr'><strong>maxime</strong></span> <span class='ocrx_word' id='word_1_78' title='bbox 1314 1484 1640 1539; x_wconf 81' lang='lat' dir='ltr'><strong>solutionem</strong></span> <span class='ocrx_word' id='word_1_79' title='bbox 1672 1487 1725 1540; x_wconf 93' lang='lat' dir='ltr'><strong>in</strong></span> <span class='ocrx_word' id='word_1_80' title='bbox 1770 1488 2045 1564; x_wconf 85' lang='lat' dir='ltr'><strong>plerisque</strong></span> 
     </span>
    </p>
   </div>
   <div class='ocr_carea' id='block_1_14' title="bbox 471 1571 2044 1651">
    <p class='ocr_par' dir='ltr' id='par_1_14' title="bbox 471 1571 2044 1651">
     <span class='ocr_line' id='line_1_14' title="bbox 471 1571 2044 1651; baseline 0.008 -28"><span class='ocrx_word' id='word_1_81' title='bbox 471 1571 740 1641; x_wconf 81' lang='lat' dir='ltr'><strong>vestiget:</strong></span> <span class='ocrx_word' id='word_1_82' title='bbox 790 1572 843 1626; x_wconf 93' lang='lat' dir='ltr'><strong>in</strong></span> <span class='ocrx_word' id='word_1_83' title='bbox 890 1574 1214 1642; x_wconf 85' lang='lat' dir='ltr'><strong>quibusdam</strong></span> <span class='ocrx_word' id='word_1_84' title='bbox 1272 1576 1489 1630; x_wconf 86' lang='lat' dir='ltr'><strong>interim</strong></span> <span class='ocrx_word' id='word_1_85' title='bbox 1540 1578 1652 1633; x_wconf 83' lang='lat' dir='ltr'><strong>sola</strong></span> <span class='ocrx_word' id='word_1_86' title='bbox 1692 1580 1792 1646; x_wconf 90' lang='lat' dir='ltr'><strong>illi,</strong></span> <span class='ocrx_word' id='word_1_87' title='bbox 1850 1581 2044 1651; x_wconf 74' lang='grc' dir='ltr'><strong>18ιὸ</strong></span> 
     </span>
    </p>
   </div>
   <div class='ocr_carea' id='block_1_15' title="bbox 472 1667 2044 1734">
    <p class='ocr_par' dir='ltr' id='par_1_15' title="bbox 472 1667 2044 1734">
     <span class='ocr_line' id='line_1_15' title="bbox 472 1667 2044 1734; baseline 0.008 -21"><span class='ocrx_word' id='word_1_88' title='bbox 472 1678 591 1730; x_wconf 71' lang='lat' dir='ltr'><strong>quae</strong></span> <span class='ocrx_word' id='word_1_89' title='bbox 626 1675 871 1731; x_wconf 84' lang='lat' dir='ltr'><strong>apparet,</strong></span> <span class='ocrx_word' id='word_1_90' title='bbox 912 1668 1124 1734; x_wconf 78' lang='lat' dir='ltr'><strong>species</strong></span> <span class='ocrx_word' id='word_1_91' title='bbox 1175 1667 1467 1733; x_wconf 78' lang='lat' dir='ltr'><strong>satisfacit,</strong></span> <span class='ocrx_word' id='word_1_92' title='bbox 1502 1679 1560 1722; x_wconf 92' lang='lat' dir='ltr'><strong>ut</strong></span> <span class='ocrx_word' id='word_1_93' title='bbox 1594 1670 1727 1724; x_wconf 87' lang='lat' dir='ltr'><strong>nihil</strong></span> <span class='ocrx_word' id='word_1_94' title='bbox 1756 1670 1920 1726; x_wconf 90' lang='lat' dir='ltr'><strong>altius</strong></span> <span class='ocrx_word' id='word_1_95' title='bbox 1978 1672 2044 1726; x_wconf 88' lang='lat' dir='ltr'><strong>ad</strong></span> 
     </span>
    </p>
   </div>
   <div class='ocr_carea' id='block_1_16' title="bbox 472 1755 2048 1828">
    <p class='ocr_par' dir='ltr' id='par_1_16' title="bbox 472 1755 2048 1828">
     <span class='ocr_line' id='line_1_16' title="bbox 472 1755 2048 1828; baseline 0.008 -23"><span class='ocrx_word' id='word_1_96' title='bbox 472 1755 763 1807; x_wconf 86' lang='lat' dir='ltr'><strong>certiorem</strong></span> <span class='ocrx_word' id='word_1_97' title='bbox 800 1757 1080 1811; x_wconf 78' lang='lat' dir='ltr'><strong>veritatem</strong></span> <span class='ocrx_word' id='word_1_98' title='bbox 1119 1767 1407 1827; x_wconf 88' lang='lat' dir='ltr'><strong>penetret:</strong></span> <span class='ocrx_word' id='word_1_99' title='bbox 1438 1760 1566 1828; x_wconf 87' lang='lat' dir='ltr'><strong>quin</strong></span> <span class='ocrx_word' id='word_1_100' title='bbox 1596 1761 1772 1817; x_wconf 87' lang='lat' dir='ltr'><strong>ethoc</strong></span> <span class='ocrx_word' id='word_1_101' title='bbox 1795 1761 2048 1817; x_wconf 78' lang='lat' dir='ltr'><strong>fortassis</strong></span> 
     </span>
    </p>
   </div>
   <div class='ocr_carea' id='block_1_17' title="bbox 1664 366 2636 429">
    <p class='ocr_par' dir='ltr' id='par_1_17' title="bbox 1664 366 2636 429">
     <span class='ocr_line' id='line_1_17' title="bbox 1664 366 2636 429; baseline -0.004 0"><span class='ocrx_word' id='word_1_102' title='bbox 1664 368 1933 429; x_wconf 83' lang='lat' dir='ltr'><strong>PHOTII</strong></span> <span class='ocrx_word' id='word_1_103' title='bbox 1976 366 2487 429; x_wconf 59' lang='lat' dir='ltr'><strong>PATRIARCHIE</strong></span> <span class='ocrx_word' id='word_1_104' title='bbox 2525 367 2636 427; x_wconf 71' lang='grc' dir='ltr'><strong>(ΞΡ.</strong></span> 
     </span>
    </p>
   </div>
   <div class='ocr_carea' id='block_1_18' title="bbox 2081 501 2130 556">
    <p class='ocr_par' dir='ltr' id='par_1_18' title="bbox 2081 501 2130 556">
     <span class='ocr_line' id='line_1_18' title="bbox 2081 501 2130 556; baseline 0 -2"><span class='ocrx_word' id='word_1_105' title='bbox 2081 501 2130 556; x_wconf 77' lang='grc' dir='ltr'><strong>Λ</strong></span> 
     </span>
    </p>
   </div>
   <div class='ocr_carea' id='block_1_19' title="bbox 3592 370 3686 431">
    <p class='ocr_par' dir='ltr' id='par_1_19' title="bbox 3592 370 3686 431">
     <span class='ocr_line' id='line_1_19' title="bbox 3592 370 3686 431; baseline 0.043 -4"><span class='ocrx_word' id='word_1_106' title='bbox 3592 370 3686 431; x_wconf 75' lang='grc'><strong>’136</strong></span> 
     </span>
    </p>
   </div>
   <div class='ocr_carea' id='block_1_20' title="bbox 2822 475 2992 533">
    <p class='ocr_par' dir='ltr' id='par_1_20' title="bbox 2822 475 2992 533">
     <span class='ocr_line' id='line_1_20' title="bbox 2822 475 2992 533; baseline 0.018 -3"><span class='ocrx_word' id='word_1_107' title='bbox 2822 475 2992 533; x_wconf 71' lang='grc' dir='ltr'><strong>ΣΚΒό</strong></span> 
     </span>
    </p>
   </div>
   <div class='ocr_carea' id='block_1_21' title="bbox 2520 567 3638 637">
    <p class='ocr_par' dir='ltr' id='par_1_21' title="bbox 2520 567 3638 637">
     <span class='ocr_line' id='line_1_21' title="bbox 2520 567 3638 637; baseline -0.002 -11"><span class='ocrx_word' id='word_1_108' title='bbox 2520 572 2746 627; x_wconf 80' lang='grc' dir='ltr'>Ἰωϐιου</span> <span class='ocrx_word' id='word_1_109' title='bbox 2784 567 3055 637; x_wconf 86' lang='grc' dir='ltr'>μοναχοῦ</span> <span class='ocrx_word' id='word_1_110' title='bbox 3078 567 3246 636; x_wconf 73' lang='grc' dir='ltr'>λόγοι</span> <span class='ocrx_word' id='word_1_111' title='bbox 3271 571 3343 625; x_wconf 82' lang='grc' dir='ltr'><strong>θ’.</strong></span> <span class='ocrx_word' id='word_1_112' title='bbox 3635 626 3638 630; x_wconf 69' lang='grc'><strong>,</strong></span> 
     </span>
    </p>
   </div>
   <div class='ocr_carea' id='block_1_22' title="bbox 2230 659 3691 735">
    <p class='ocr_par' dir='ltr' id='par_1_22' title="bbox 2230 659 3691 735">
     <span class='ocr_line' id='line_1_22' title="bbox 2230 659 3691 735; baseline 0.022 -46"><span class='ocrx_word' id='word_1_113' title='bbox 2230 662 2569 735; x_wconf 68' lang='grc' dir='ltr'>οΔνεγνώσθη</span> <span class='ocrx_word' id='word_1_114' title='bbox 2619 664 2823 735; x_wconf 75' lang='grc' dir='ltr'>βιϐλίον</span> <span class='ocrx_word' id='word_1_115' title='bbox 2895 660 3098 715; x_wconf 74' lang='grc' dir='ltr'>Ἰωῦίου</span> <span class='ocrx_word' id='word_1_116' title='bbox 3151 659 3382 729; x_wconf 80' lang='grc' dir='ltr'>μονα.χοῦ</span> <span class='ocrx_word' id='word_1_117' title='bbox 3432 660 3488 716; x_wconf 71' lang='grc' dir='ltr'>ἐν</span> <span class='ocrx_word' id='word_1_118' title='bbox 3534 662 3691 733; x_wconf 78' lang='grc' dir='ltr'><strong>λόγοις</strong></span> 
     </span>
    </p>
   </div>
   <div class='ocr_carea' id='block_1_23' title="bbox 2151 746 3694 830">
    <p class='ocr_par' dir='ltr' id='par_1_23' title="bbox 2151 746 3694 830">
     <span class='ocr_line' id='line_1_23' title="bbox 2151 746 3694 830; baseline -0.022 -16"><span class='ocrx_word' id='word_1_119' title='bbox 2151 759 2251 830; x_wconf 80' lang='grc' dir='ltr'>μὲν</span> <span class='ocrx_word' id='word_1_120' title='bbox 2284 756 2351 824; x_wconf 86' lang='grc' dir='ltr'>θ’,</span> <span class='ocrx_word' id='word_1_121' title='bbox 2403 755 2720 826; x_wconf 75' lang='grc' dir='ltr'><strong>κεφαλαίοις</strong></span> <span class='ocrx_word' id='word_1_122' title='bbox 2778 754 2837 807; x_wconf 85' lang='grc' dir='ltr'>δὲ</span> <span class='ocrx_word' id='word_1_123' title='bbox 2895 755 2948 823; x_wconf 86' lang='grc' dir='ltr'>μ’</span> <span class='ocrx_word' id='word_1_124' title='bbox 2972 753 3065 807; x_wconf 74' lang='grc' dir='ltr'>καὶ</span> <span class='ocrx_word' id='word_1_125' title='bbox 3089 757 3152 815; x_wconf 86' lang='grc' dir='ltr'>ε’,</span> <span class='ocrx_word' id='word_1_126' title='bbox 3205 746 3284 815; x_wconf 76' lang='grc' dir='ltr'>οἷς</span> <span class='ocrx_word' id='word_1_127' title='bbox 3334 754 3694 812; x_wconf 60' lang='grc' dir='ltr'><strong>πωποδάλλει</strong></span> 
     </span>
    </p>
   </div>
   <div class='ocr_carea' id='block_1_24' title="bbox 2149 844 3697 921">
    <p class='ocr_par' dir='ltr' id='par_1_24' title="bbox 2149 844 3697 921">
     <span class='ocr_line' id='line_1_24' title="bbox 2149 844 3697 921; baseline -0.005 -13"><span class='ocrx_word' id='word_1_128' title='bbox 2149 855 2242 908; x_wconf 86' lang='grc' dir='ltr'><strong>καί</strong></span> <span class='ocrx_word' id='word_1_129' title='bbox 2275 868 2401 906; x_wconf 91' lang='grc' dir='ltr'>τινα</span> <span class='ocrx_word' id='word_1_130' title='bbox 2431 852 2615 921; x_wconf 74' lang='grc' dir='ltr'>ἕτερα.</span> <span class='ocrx_word' id='word_1_131' title='bbox 2642 848 2754 920; x_wconf 83' lang='grc' dir='ltr'>Τὴν</span> <span class='ocrx_word' id='word_1_132' title='bbox 2785 847 2844 901; x_wconf 79' lang='grc' dir='ltr'>δὲ</span> <span class='ocrx_word' id='word_1_133' title='bbox 2874 846 2968 901; x_wconf 84' lang='grc' dir='ltr'>τοῦ</span> <span class='ocrx_word' id='word_1_134' title='bbox 2994 844 3199 916; x_wconf 75' lang='grc' dir='ltr'>βιϐλίου</span> <span class='ocrx_word' id='word_1_135' title='bbox 3224 844 3529 916; x_wconf 75' lang='grc' dir='ltr'>ἐπιγραφὴν</span> <span class='ocrx_word' id='word_1_136' title='bbox 3547 849 3697 903; x_wconf 74' lang='grc' dir='ltr'>οίκοο</span> 
     </span>
    </p>
   </div>
   <div class='ocr_carea' id='block_1_25' title="bbox 2147 935 3697 1014">
    <p class='ocr_par' dir='ltr' id='par_1_25' title="bbox 2147 935 3697 1014">
     <span class='ocr_line' id='line_1_25' title="bbox 2147 935 3697 1014; baseline -0.001 -20"><span class='ocrx_word' id='word_1_137' title='bbox 2147 943 2407 1014; x_wconf 79' lang='grc' dir='ltr'><strong>νομικὴν</strong></span> <span class='ocrx_word' id='word_1_138' title='bbox 2431 940 2745 1013; x_wconf 78' lang='grc' dir='ltr'>ἐπέγραψεν</span> <span class='ocrx_word' id='word_1_139' title='bbox 2765 939 2795 992; x_wconf 93' lang='lat'><strong>6</strong></span> <span class='ocrx_word' id='word_1_140' title='bbox 2824 936 3092 1003; x_wconf 79' lang='grc' dir='ltr'><strong>συντάξας</strong></span> <span class='ocrx_word' id='word_1_141' title='bbox 3112 935 3536 1004; x_wconf 79' lang='grc' dir='ltr'>Πραγματείαν,</span> <span class='ocrx_word' id='word_1_142' title='bbox 3560 938 3697 1005; x_wconf 84' lang='grc' dir='ltr'>διότι,</span> 
     </span>
    </p>
   </div>
   <div class='ocr_carea' id='block_1_26' title="bbox 2150 1027 3702 1107">
    <p class='ocr_par' dir='ltr' id='par_1_26' title="bbox 2150 1027 3702 1107">
     <span class='ocr_line' id='line_1_26' title="bbox 2150 1027 3702 1107; baseline -0.006 -16"><span class='ocrx_word' id='word_1_143' title='bbox 2150 1037 2336 1107; x_wconf 67' lang='grc' dir='ltr'>φησιν,</span> <span class='ocrx_word' id='word_1_144' title='bbox 2379 1038 2438 1090; x_wconf 81' lang='grc' dir='ltr'>ὲν</span> <span class='ocrx_word' id='word_1_145' title='bbox 2475 1033 2624 1104; x_wconf 84' lang='grc' dir='ltr'>αύτῷ</span> <span class='ocrx_word' id='word_1_146' title='bbox 2686 1030 2861 1086; x_wconf 88' lang='grc' dir='ltr'>πολλά</span> <span class='ocrx_word' id='word_1_147' title='bbox 2911 1027 3021 1083; x_wconf 82' lang='grc' dir='ltr'>τῶν</span> <span class='ocrx_word' id='word_1_148' title='bbox 3080 1028 3209 1098; x_wconf 78' lang='grc' dir='ltr'>περὶ</span> <span class='ocrx_word' id='word_1_149' title='bbox 3258 1027 3359 1095; x_wconf 88' lang='grc' dir='ltr'><strong>τῆς</strong></span> <span class='ocrx_word' id='word_1_150' title='bbox 3416 1028 3702 1098; x_wconf 75' lang='grc' dir='ltr'><strong>οἰκονομίας</strong></span> 
     </span>
    </p>
   </div>
   <div class='ocr_carea' id='block_1_27' title="bbox 2150 1119 3703 1201">
    <p class='ocr_par' dir='ltr' id='par_1_27' title="bbox 2150 1119 3703 1201">
     <span class='ocr_line' id='line_1_27' title="bbox 2150 1119 3703 1201; baseline -0.008 -17"><span class='ocrx_word' id='word_1_151' title='bbox 2150 1130 2465 1201; x_wconf 80' lang='grc' dir='ltr'><strong>περιέχεται</strong></span> <span class='ocrx_word' id='word_1_152' title='bbox 2525 1124 2887 1198; x_wconf 79' lang='grc' dir='ltr'><strong>ζητημάτων.</strong></span> <span class='ocrx_word' id='word_1_153' title='bbox 2935 1123 3024 1177; x_wconf 87' lang='grc' dir='ltr'>Ἐν</span> <span class='ocrx_word' id='word_1_154' title='bbox 3063 1122 3163 1189; x_wconf 82' lang='grc' dir='ltr'>μὲν</span> <span class='ocrx_word' id='word_1_155' title='bbox 3201 1119 3294 1173; x_wconf 76' lang='grc' dir='ltr'>οὖν</span> <span class='ocrx_word' id='word_1_156' title='bbox 3319 1121 3438 1183; x_wconf 79' lang='grc' dir='ltr'>ταῖς</span> <span class='ocrx_word' id='word_1_157' title='bbox 3472 1121 3703 1190; x_wconf 74' lang='grc' dir='ltr'>ἀπορίαις</span> 
     </span>
    </p>
   </div>
   <div class='ocr_carea' id='block_1_28' title="bbox 2150 1212 3703 1289">
    <p class='ocr_par' dir='ltr' id='par_1_28' title="bbox 2150 1212 3703 1289">
     <span class='ocr_line' id='line_1_28' title="bbox 2150 1212 3703 1289; baseline -0.006 -13"><span class='ocrx_word' id='word_1_158' title='bbox 2150 1223 2381 1276; x_wconf 77' lang='grc' dir='ltr'>καθόλου</span> <span class='ocrx_word' id='word_1_159' title='bbox 2418 1220 2585 1289; x_wconf 80' lang='grc' dir='ltr'>φάναι</span> <span class='ocrx_word' id='word_1_160' title='bbox 2611 1223 2640 1274; x_wconf 93' lang='lat'><strong>6</strong></span> <span class='ocrx_word' id='word_1_161' title='bbox 2665 1216 3020 1289; x_wconf 84' lang='grc' dir='ltr'>συγγραφεὺς</span> <span class='ocrx_word' id='word_1_162' title='bbox 3045 1215 3145 1267; x_wconf 81' lang='grc' dir='ltr'>οὐκ</span> <span class='ocrx_word' id='word_1_163' title='bbox 3172 1213 3402 1281; x_wconf 81' lang='grc' dir='ltr'>ἀγεννής</span> <span class='ocrx_word' id='word_1_164' title='bbox 3431 1213 3576 1264; x_wconf 81' lang='grc' dir='ltr'>ἔστιν</span> <span class='ocrx_word' id='word_1_165' title='bbox 3594 1212 3703 1266; x_wconf 70' lang='grc' dir='ltr'>οὔτε</span> 
     </span>
    </p>
   </div>
   <div class='ocr_carea' id='block_1_29' title="bbox 2150 1302 3704 1383">
    <p class='ocr_par' dir='ltr' id='par_1_29' title="bbox 2150 1302 3704 1383">
     <span class='ocr_line' id='line_1_29' title="bbox 2150 1302 3704 1383; baseline -0.01 -12"><span class='ocrx_word' id='word_1_166' title='bbox 2150 1316 2339 1378; x_wconf 79' lang='grc' dir='ltr'>ἄτονος</span> <span class='ocrx_word' id='word_1_167' title='bbox 2363 1332 2377 1346; x_wconf 89' lang='grc'>·</span> <span class='ocrx_word' id='word_1_168' title='bbox 2408 1314 2507 1383; x_wconf 74' lang='grc' dir='ltr'>οὐχ</span> <span class='ocrx_word' id='word_1_169' title='bbox 2538 1311 2740 1383; x_wconf 81' lang='grc' dir='ltr'>ὁμοίως</span> <span class='ocrx_word' id='word_1_170' title='bbox 2771 1310 2829 1364; x_wconf 80' lang='grc' dir='ltr'>δὲ</span> <span class='ocrx_word' id='word_1_171' title='bbox 2882 1307 2974 1362; x_wconf 88' lang='grc' dir='ltr'>διὰ</span> <span class='ocrx_word' id='word_1_172' title='bbox 3033 1305 3142 1360; x_wconf 83' lang='grc' dir='ltr'>τῶν</span> <span class='ocrx_word' id='word_1_173' title='bbox 3192 1302 3401 1356; x_wconf 82' lang='grc' dir='ltr'><strong>λύσεων</strong></span> <span class='ocrx_word' id='word_1_174' title='bbox 3460 1304 3704 1371; x_wconf 80' lang='grc' dir='ltr'>πρόεισιν,</span> 
     </span>
    </p>
   </div>
   <div class='ocr_carea' id='block_1_30' title="bbox 2150 1392 3707 1471">
    <p class='ocr_par' dir='ltr' id='par_1_30' title="bbox 2150 1392 3707 1471">
     <span class='ocr_line' id='line_1_30' title="bbox 2150 1392 3707 1471; baseline -0.009 -12"><span class='ocrx_word' id='word_1_175' title='bbox 2150 1405 2265 1459; x_wconf 80' lang='grc' dir='ltr'>ἀλλ’</span> <span class='ocrx_word' id='word_1_176' title='bbox 2295 1405 2355 1456; x_wconf 76' lang='grc' dir='ltr'>ἐν</span> <span class='ocrx_word' id='word_1_177' title='bbox 2381 1403 2596 1466; x_wconf 80' lang='grc' dir='ltr'>πολλοῖς</span> <span class='ocrx_word' id='word_1_178' title='bbox 2630 1401 2731 1471; x_wconf 77' lang='grc' dir='ltr'>μὲν</span> <span class='ocrx_word' id='word_1_179' title='bbox 2756 1396 3058 1469; x_wconf 85' lang='grc' dir='ltr'>ίχνηλατῶν</span> <span class='ocrx_word' id='word_1_180' title='bbox 3084 1394 3340 1465; x_wconf 79' lang='grc' dir='ltr'>τυγχάνει</span> <span class='ocrx_word' id='word_1_181' title='bbox 3379 1393 3475 1462; x_wconf 83' lang='grc' dir='ltr'>τῆς</span> <span class='ocrx_word' id='word_1_182' title='bbox 3498 1392 3707 1462; x_wconf 73' lang='grc' dir='ltr'><strong>λύσεωςι</strong></span> 
     </span>
    </p>
   </div>
   <div class='ocr_carea' id='block_1_31' title="bbox 2151 1485 3709 1564">
    <p class='ocr_par' dir='ltr' id='par_1_31' title="bbox 2151 1485 3709 1564">
     <span class='ocr_line' id='line_1_31' title="bbox 2151 1485 3709 1564; baseline -0.009 -14"><span class='ocrx_word' id='word_1_183' title='bbox 2151 1497 2265 1551; x_wconf 74' lang='grc' dir='ltr'>ἔστι</span> <span class='ocrx_word' id='word_1_184' title='bbox 2283 1496 2328 1549; x_wconf 84' lang='grc' dir='ltr'>δ’</span> <span class='ocrx_word' id='word_1_185' title='bbox 2362 1494 2447 1564; x_wconf 77' lang='grc' dir='ltr'><strong>ἐφ’</strong></span> <span class='ocrx_word' id='word_1_186' title='bbox 2478 1488 2553 1548; x_wconf 83' lang='grc' dir='ltr'>ὧν</span> <span class='ocrx_word' id='word_1_187' title='bbox 2594 1494 2705 1556; x_wconf 83' lang='grc' dir='ltr'>τοῖς</span> <span class='ocrx_word' id='word_1_188' title='bbox 2735 1489 3083 1560; x_wconf 76' lang='grc' dir='ltr'>φαινομένοις</span> <span class='ocrx_word' id='word_1_189' title='bbox 3111 1487 3383 1556; x_wconf 81' lang='grc' dir='ltr'>ἀρκεῖται,</span> <span class='ocrx_word' id='word_1_190' title='bbox 3419 1485 3709 1554; x_wconf 79' lang='grc' dir='ltr'>περαιτέρω</span> 
     </span>
    </p>
   </div>
   <div class='ocr_carea' id='block_1_32' title="bbox 2156 1573 3707 1660">
    <p class='ocr_par' dir='ltr' id='par_1_32' title="bbox 2156 1573 3707 1660">
     <span class='ocr_line' id='line_1_32' title="bbox 2156 1573 3707 1660; baseline -0.008 -19"><span class='ocrx_word' id='word_1_191' title='bbox 2156 1589 2321 1660; x_wconf 80' lang='grc' dir='ltr'>μηδὲν</span> <span class='ocrx_word' id='word_1_192' title='bbox 2357 1586 2493 1657; x_wconf 86' lang='grc' dir='ltr'>πρὸς</span> <span class='ocrx_word' id='word_1_193' title='bbox 2519 1585 2620 1655; x_wconf 84' lang='grc' dir='ltr'>τὴν</span> <span class='ocrx_word' id='word_1_194' title='bbox 2638 1584 2736 1653; x_wconf 86' lang='grc' dir='ltr'>τῆς</span> <span class='ocrx_word' id='word_1_195' title='bbox 2759 1579 3016 1651; x_wconf 78' lang='grc' dir='ltr'>ἀληθείας</span> <span class='ocrx_word' id='word_1_196' title='bbox 3056 1574 3384 1647; x_wconf 76' lang='grc' dir='ltr'>ὲμῦαθύνων</span> <span class='ocrx_word' id='word_1_197' title='bbox 3417 1573 3707 1644; x_wconf 78' lang='grc' dir='ltr'>ἀκρίϐειαν.</span> 
     </span>
    </p>
   </div>
   <div class='ocr_carea' id='block_1_33' title="bbox 2153 1666 3711 1749">
    <p class='ocr_par' dir='ltr' id='par_1_33' title="bbox 2153 1666 3711 1749">
     <span class='ocr_line' id='line_1_33' title="bbox 2153 1666 3711 1749; baseline -0.009 -15"><span class='ocrx_word' id='word_1_198' title='bbox 2153 1682 2307 1749; x_wconf 83' lang='grc' dir='ltr'><strong>Τάχα</strong></span> <span class='ocrx_word' id='word_1_199' title='bbox 2342 1678 2386 1731; x_wconf 88' lang='grc' dir='ltr'>δ’</span> <span class='ocrx_word' id='word_1_200' title='bbox 2415 1678 2479 1733; x_wconf 74' lang='grc' dir='ltr'>ἄν</span> <span class='ocrx_word' id='word_1_201' title='bbox 2529 1693 2614 1740; x_wconf 81' lang='grc' dir='ltr'><strong>τις</strong></span> <span class='ocrx_word' id='word_1_202' title='bbox 2662 1673 2853 1745; x_wconf 72' lang='grc' dir='ltr'>ἕτερος</span> <span class='ocrx_word' id='word_1_203' title='bbox 2896 1671 3042 1725; x_wconf 76' lang='grc' dir='ltr'>εἴποι</span> <span class='ocrx_word' id='word_1_204' title='bbox 3103 1669 3199 1722; x_wconf 70' lang='grc' dir='ltr'>καὶ</span> <span class='ocrx_word' id='word_1_205' title='bbox 3252 1666 3349 1720; x_wconf 78' lang='grc' dir='ltr'>τοῦ</span> <span class='ocrx_word' id='word_1_206' title='bbox 3410 1666 3711 1737; x_wconf 82' lang='grc' dir='ltr'>φαινομένου</span> 
     </span>
    </p>
   </div>
   <div class='ocr_carea' id='block_1_34' title="bbox 2154 1757 3713 1840">
    <p class='ocr_par' dir='ltr' id='par_1_34' title="bbox 2154 1757 3713 1840">
     <span class='ocr_line' id='line_1_34' title="bbox 2154 1757 3713 1840; baseline -0.012 -13"><span class='ocrx_word' id='word_1_207' title='bbox 2154 1772 2414 1834; x_wconf 78' lang='grc' dir='ltr'>πολλάκις</span> <span class='ocrx_word' id='word_1_208' title='bbox 2446 1770 2545 1840; x_wconf 84' lang='grc' dir='ltr'><strong>τὴν</strong></span> <span class='ocrx_word' id='word_1_209' title='bbox 2593 1766 2759 1823; x_wconf 81' lang='grc' dir='ltr'>αὑτοῦ</span> <span class='ocrx_word' id='word_1_210' title='bbox 2798 1762 3034 1839; x_wconf 77' lang='grc' dir='ltr'>σπουδὴν</span> <span class='ocrx_word' id='word_1_211' title='bbox 3058 1758 3439 1828; x_wconf 75' lang='grc' dir='ltr'>καθυφίεσθαι.</span> <span class='ocrx_word' id='word_1_212' title='bbox 3463 1757 3572 1827; x_wconf 82' lang='grc' dir='ltr'><strong>Τῆς</strong></span> <span class='ocrx_word' id='word_1_213' title='bbox 3598 1758 3713 1827; x_wconf 78' lang='grc' dir='ltr'>μέν-</span> 
     </span>
    </p>
   </div>
   <div class='ocr_carea' id='block_1_35' title="bbox 474 1845 2044 1933">
    <p class='ocr_par' dir='ltr' id='par_1_35' title="bbox 474 1845 2044 1919">
     <span class='ocr_line' id='line_1_35' title="bbox 474 1845 2044 1919; baseline 0.007 -22"><span class='ocrx_word' id='word_1_214' title='bbox 474 1845 618 1899; x_wconf 86' lang='lat' dir='ltr'><strong>alius</strong></span> <span class='ocrx_word' id='word_1_215' title='bbox 671 1847 944 1917; x_wconf 83' lang='lat' dir='ltr'><strong>quispiam</strong></span> <span class='ocrx_word' id='word_1_216' title='bbox 1007 1849 1230 1913; x_wconf 82' lang='lat' dir='ltr'><strong>dixerit,</strong></span> <span class='ocrx_word' id='word_1_217' title='bbox 1268 1852 1366 1919; x_wconf 89' lang='lat' dir='ltr'><strong>ipsi</strong></span> <span class='ocrx_word' id='word_1_218' title='bbox 1417 1853 1583 1905; x_wconf 90' lang='lat' dir='ltr'><strong>etiam</strong></span> <span class='ocrx_word' id='word_1_219' title='bbox 1628 1867 1750 1913; x_wconf 84' lang='lat' dir='ltr'><strong>sese</strong></span> <span class='ocrx_word' id='word_1_220' title='bbox 1798 1852 2044 1909; x_wconf 71' lang='lat' dir='ltr'><strong>offerenti</strong></span> 
     </span>
    </p>
   </div>
   <div class='ocr_carea' id='block_1_36' title="bbox 2148 1845 3711 1933">
    <p class='ocr_par' dir='ltr' id='par_1_36' title="bbox 2148 1849 3711 1933">
     <span class='ocr_line' id='line_1_36' title="bbox 2148 1849 3711 1933; baseline -0.011 -14"><span class='ocrx_word' id='word_1_221' title='bbox 2148 1883 2229 1919; x_wconf 90' lang='grc' dir='ltr'><strong>τοι</strong></span> <span class='ocrx_word' id='word_1_222' title='bbox 2249 1881 2315 1933; x_wconf 82' lang='grc' dir='ltr'><strong>γε</strong></span> <span class='ocrx_word' id='word_1_223' title='bbox 2355 1860 2660 1926; x_wconf 81' lang='grc' dir='ltr'>εὐσεϐείας,</span> <span class='ocrx_word' id='word_1_224' title='bbox 2712 1860 2814 1913; x_wconf 86' lang='grc' dir='ltr'>ὃσα</span> <span class='ocrx_word' id='word_1_225' title='bbox 2841 1873 2907 1926; x_wconf 85' lang='grc' dir='ltr'><strong>γε</strong></span> <span class='ocrx_word' id='word_1_226' title='bbox 2943 1856 3045 1926; x_wconf 71' lang='grc' dir='ltr'><strong>ἐμὲ</strong></span> <span class='ocrx_word' id='word_1_227' title='bbox 3070 1853 3294 1914; x_wconf 74' lang='grc' dir='ltr'>εἰδέναι,</span> <span class='ocrx_word' id='word_1_228' title='bbox 3322 1849 3379 1903; x_wconf 68' lang='grc' dir='ltr'>ἐν</span> <span class='ocrx_word' id='word_1_229' title='bbox 3406 1867 3465 1903; x_wconf 80' lang='grc' dir='ltr'><strong>τε</strong></span> <span class='ocrx_word' id='word_1_230' title='bbox 3491 1849 3566 1916; x_wconf 81' lang='grc' dir='ltr'><strong>τῷ</strong></span> <span class='ocrx_word' id='word_1_231' title='bbox 3589 1868 3711 1921; x_wconf 86' lang='grc' dir='ltr'>παρ-</span> 
     </span>
    </p>
   </div>
   <div class='ocr_carea' id='block_1_37' title="bbox 475 1937 2047 2015">
    <p class='ocr_par' dir='ltr' id='par_1_37' title="bbox 475 1937 2047 2015">
     <span class='ocr_line' id='line_1_37' title="bbox 475 1937 2047 2015; baseline 0.007 -25"><span class='ocrx_word' id='word_1_232' title='bbox 475 1937 673 2004; x_wconf 88' lang='lat' dir='ltr'><strong>spcciei</strong></span> <span class='ocrx_word' id='word_1_233' title='bbox 705 1949 959 1993; x_wconf 84' lang='lat' dir='ltr'><strong>conatum</strong></span> <span class='ocrx_word' id='word_1_234' title='bbox 976 1940 1093 2009; x_wconf 90' lang='lat' dir='ltr'><strong>ejus</strong></span> <span class='ocrx_word' id='word_1_235' title='bbox 1115 1944 1332 1998; x_wconf 85' lang='lat' dir='ltr'><strong>cedere.</strong></span> <span class='ocrx_word' id='word_1_236' title='bbox 1369 1944 1479 1998; x_wconf 90' lang='lat' dir='ltr'><strong>Etsi</strong></span> <span class='ocrx_word' id='word_1_237' title='bbox 1512 1960 1633 1999; x_wconf 93' lang='lat' dir='ltr'><strong>cum</strong></span> <span class='ocrx_word' id='word_1_238' title='bbox 1663 1946 1716 1997; x_wconf 92' lang='lat' dir='ltr'><strong>in</strong></span> <span class='ocrx_word' id='word_1_239' title='bbox 1737 1946 1837 2000; x_wconf 91' lang='lat' dir='ltr'><strong>hoc</strong></span> <span class='ocrx_word' id='word_1_240' title='bbox 1858 1960 2047 2015; x_wconf 87' lang='lat' dir='ltr'><strong>opere,</strong></span> 
     </span>
    </p>
   </div>
   <div class='ocr_carea' id='block_1_38' title="bbox 477 2031 2050 2107">
    <p class='ocr_par' dir='ltr' id='par_1_38' title="bbox 477 2031 2050 2107">
     <span class='ocr_line' id='line_1_38' title="bbox 477 2031 2050 2107; baseline 0.008 -25"><span class='ocrx_word' id='word_1_241' title='bbox 477 2039 588 2083; x_wconf 90' lang='lat' dir='ltr'><strong>tum</strong></span> <span class='ocrx_word' id='word_1_242' title='bbox 627 2031 680 2084; x_wconf 91' lang='lat' dir='ltr'><strong>in</strong></span> <span class='ocrx_word' id='word_1_243' title='bbox 726 2046 792 2085; x_wconf 88' lang='lat' dir='ltr'><strong>eo</strong></span> <span class='ocrx_word' id='word_1_244' title='bbox 821 2034 966 2101; x_wconf 91' lang='lat' dir='ltr'><strong>quod</strong></span> <span class='ocrx_word' id='word_1_245' title='bbox 995 2044 1188 2088; x_wconf 89' lang='lat' dir='ltr'><strong>contra</strong></span> <span class='ocrx_word' id='word_1_246' title='bbox 1222 2034 1485 2090; x_wconf 84' lang='lat' dir='ltr'><strong>Severum</strong></span> <span class='ocrx_word' id='word_1_247' title='bbox 1515 2037 1760 2107; x_wconf 88' lang='lat' dir='ltr'><strong>scripsit,</strong></span> <span class='ocrx_word' id='word_1_248' title='bbox 1794 2049 1849 2093; x_wconf 90' lang='lat' dir='ltr'><strong>et</strong></span> <span class='ocrx_word' id='word_1_249' title='bbox 1886 2048 2050 2095; x_wconf 75' lang='lat' dir='ltr'><strong>rectze</strong></span> 
     </span>
    </p>
   </div>
   <div class='ocr_carea' id='block_1_39' title="bbox 474 2122 2045 2200">
    <p class='ocr_par' dir='ltr' id='par_1_39' title="bbox 474 2122 2045 2200">
     <span class='ocr_line' id='line_1_39' title="bbox 474 2122 2045 2200; baseline 0.008 -26"><span class='ocrx_word' id='word_1_250' title='bbox 474 2122 755 2191; x_wconf 82' lang='lat' dir='ltr'><strong>religionis</strong></span> <span class='ocrx_word' id='word_1_251' title='bbox 786 2135 871 2177; x_wconf 86' lang='lat' dir='ltr'><strong>est</strong></span> <span class='ocrx_word' id='word_1_252' title='bbox 920 2124 1084 2195; x_wconf 88' lang='lat' dir='ltr'><strong>(quod</strong></span> <span class='ocrx_word' id='word_1_253' title='bbox 1116 2130 1330 2196; x_wconf 89' lang='lat' dir='ltr'><strong>quidem</strong></span> <span class='ocrx_word' id='word_1_254' title='bbox 1366 2129 1799 2200; x_wconf 83' lang='lat' dir='ltr'><strong>observaverim)</strong></span> <span class='ocrx_word' id='word_1_255' title='bbox 1832 2146 2045 2198; x_wconf 89' lang='lat' dir='ltr'><strong>amans,</strong></span> 
     </span>
    </p>
   </div>
   <div class='ocr_carea' id='block_1_40' title="bbox 476 2211 2049 2285">
    <p class='ocr_par' dir='ltr' id='par_1_40' title="bbox 476 2211 2049 2285">
     <span class='ocr_line' id='line_1_40' title="bbox 476 2211 2049 2285; baseline 0.009 -20"><span class='ocrx_word' id='word_1_256' title='bbox 476 2211 744 2283; x_wconf 89' lang='lat' dir='ltr'><strong>laudeque</strong></span> <span class='ocrx_word' id='word_1_257' title='bbox 772 2217 986 2285; x_wconf 79' lang='lat' dir='ltr'><strong>dignus,</strong></span> <span class='ocrx_word' id='word_1_258' title='bbox 1032 2226 1087 2272; x_wconf 84' lang='lat' dir='ltr'><strong>et</strong></span> <span class='ocrx_word' id='word_1_259' title='bbox 1120 2219 1419 2285; x_wconf 70' lang='lat' dir='ltr'><strong>diligentia:</strong></span> <span class='ocrx_word' id='word_1_260' title='bbox 1465 2237 1574 2275; x_wconf 88' lang='lat' dir='ltr'><strong>non</strong></span> <span class='ocrx_word' id='word_1_261' title='bbox 1631 2223 2049 2278; x_wconf 63' lang='lat' dir='ltr'><strong>contemnendae</strong></span> 
     </span>
    </p>
   </div>
   <div class='ocr_carea' id='block_1_41' title="bbox 475 2306 2054 2380">
    <p class='ocr_par' dir='ltr' id='par_1_41' title="bbox 475 2306 2054 2380">
     <span class='ocr_line' id='line_1_41' title="bbox 475 2306 2054 2380; baseline 0.007 -24"><span class='ocrx_word' id='word_1_262' title='bbox 475 2313 641 2373; x_wconf 91' lang='lat' dir='ltr'><strong>atque</strong></span> <span class='ocrx_word' id='word_1_263' title='bbox 678 2306 731 2360; x_wconf 94' lang='lat' dir='ltr'><strong>in</strong></span> <span class='ocrx_word' id='word_1_264' title='bbox 757 2322 1036 2362; x_wconf 89' lang='lat' dir='ltr'><strong>sacrarum</strong></span> <span class='ocrx_word' id='word_1_265' title='bbox 1068 2319 1329 2379; x_wconf 66' lang='lat' dir='ltr'><strong>praeterea</strong></span> <span class='ocrx_word' id='word_1_266' title='bbox 1354 2309 1758 2380; x_wconf 88' lang='lat' dir='ltr'><strong>Scripturarum</strong></span> <span class='ocrx_word' id='word_1_267' title='bbox 1778 2327 2054 2367; x_wconf 85' lang='lat' dir='ltr'><strong>commen-</strong></span> 
     </span>
    </p>
   </div>
   <div class='ocr_carea' id='block_1_42' title="bbox 479 2398 2054 2470">
    <p class='ocr_par' dir='ltr' id='par_1_42' title="bbox 479 2398 2054 2470">
     <span class='ocr_line' id='line_1_42' title="bbox 479 2398 2054 2470; baseline 0.005 -20"><span class='ocrx_word' id='word_1_268' title='bbox 479 2398 686 2452; x_wconf 88' lang='lat' dir='ltr'><strong>tatione</strong></span> <span class='ocrx_word' id='word_1_269' title='bbox 744 2400 1031 2470; x_wconf 75' lang='lat' dir='ltr'><strong>insigniter</strong></span> <span class='ocrx_word' id='word_1_270' title='bbox 1076 2403 1430 2458; x_wconf 75' lang='lat' dir='ltr'><strong>exercitatus.</strong></span> <span class='ocrx_word' id='word_1_271' title='bbox 1496 2402 1659 2460; x_wconf 84' lang='lat' dir='ltr'><strong>Jussu</strong></span> <span class='ocrx_word' id='word_1_272' title='bbox 1717 2413 1901 2459; x_wconf 90' lang='lat' dir='ltr'><strong>autem</strong></span> <span class='ocrx_word' id='word_1_273' title='bbox 1948 2404 2054 2458; x_wconf 85' lang='lat' dir='ltr'><strong>viri</strong></span> 
     </span>
    </p>
   </div>
   <div class='ocr_carea' id='block_1_43' title="bbox 473 2490 2056 2561">
    <p class='ocr_par' dir='ltr' id='par_1_43' title="bbox 473 2490 2056 2561">
     <span class='ocr_line' id='line_1_43' title="bbox 473 2490 2056 2561; baseline 0.005 -17"><span class='ocrx_word' id='word_1_274' title='bbox 473 2490 753 2557; x_wconf 89' lang='lat' dir='ltr'><strong>cujusdam</strong></span> <span class='ocrx_word' id='word_1_275' title='bbox 815 2492 1018 2548; x_wconf 84' lang='lat' dir='ltr'><strong>virtute</strong></span> <span class='ocrx_word' id='word_1_276' title='bbox 1061 2494 1229 2561; x_wconf 60' lang='lat' dir='ltr'><strong>‘clari</strong></span> <span class='ocrx_word' id='word_1_277' title='bbox 1297 2496 1366 2550; x_wconf 92' lang='lat' dir='ltr'><strong>ad</strong></span> <span class='ocrx_word' id='word_1_278' title='bbox 1420 2496 1567 2552; x_wconf 87' lang='lat' dir='ltr'><strong>hunc</strong></span> <span class='ocrx_word' id='word_1_279' title='bbox 1642 2511 1765 2553; x_wconf 89' lang='lat' dir='ltr'><strong>sese</strong></span> <span class='ocrx_word' id='word_1_280' title='bbox 1814 2496 2056 2554; x_wconf 82' lang='lat' dir='ltr'><strong>laborem</strong></span> 
     </span>
    </p>
   </div>
   <div class='ocr_carea' id='block_1_44' title="bbox 474 2584 1011 2652">
    <p class='ocr_par' dir='ltr' id='par_1_44' title="bbox 474 2584 1011 2652">
     <span class='ocr_line' id='line_1_44' title="bbox 474 2584 1011 2652; baseline 0.013 -18"><span class='ocrx_word' id='word_1_281' title='bbox 474 2596 791 2652; x_wconf 74' lang='lat' dir='ltr'><strong>aggressum</strong></span> <span class='ocrx_word' id='word_1_282' title='bbox 823 2584 1011 2641; x_wconf 80' lang='lat' dir='ltr'><strong>refert.</strong></span> 
     </span>
    </p>
   </div>
   <div class='ocr_carea' id='block_1_45' title="bbox 2150 1943 3713 2023">
    <p class='ocr_par' dir='ltr' id='par_1_45' title="bbox 2150 1943 3713 2023">
     <span class='ocr_line' id='line_1_45' title="bbox 2150 1943 3713 2023; baseline -0.01 -14"><span class='ocrx_word' id='word_1_283' title='bbox 2150 1957 2265 2011; x_wconf 87' lang='grc' dir='ltr'>όντι</span> <span class='ocrx_word' id='word_1_284' title='bbox 2322 1954 2465 2023; x_wconf 89' lang='grc' dir='ltr'>λόγῳ</span> <span class='ocrx_word' id='word_1_285' title='bbox 2506 1953 2601 2007; x_wconf 86' lang='grc' dir='ltr'>καὶ</span> <span class='ocrx_word' id='word_1_286' title='bbox 2664 1952 2722 2005; x_wconf 75' lang='grc' dir='ltr'>ὲν</span> <span class='ocrx_word' id='word_1_287' title='bbox 2763 1952 2830 2021; x_wconf 83' lang='grc' dir='ltr'>τῇ</span> <span class='ocrx_word' id='word_1_288' title='bbox 2890 1946 3034 2005; x_wconf 70' lang='grc' dir='ltr'>κατὰ</span> <span class='ocrx_word' id='word_1_289' title='bbox 3083 1944 3326 2015; x_wconf 80' lang='grc' dir='ltr'>Σεϐήρου</span> <span class='ocrx_word' id='word_1_290' title='bbox 3383 1943 3713 2015; x_wconf 70' lang='grc' dir='ltr'>πραγματείᾳ</span> 
     </span>
    </p>
   </div>
   <div class='ocr_carea' id='block_1_46' title="bbox 2149 2032 3712 2117">
    <p class='ocr_par' dir='ltr' id='par_1_46' title="bbox 2149 2032 3712 2117">
     <span class='ocr_line' id='line_1_46' title="bbox 2149 2032 3712 2117; baseline -0.006 -18"><span class='ocrx_word' id='word_1_291' title='bbox 2149 2046 2385 2117; x_wconf 68' lang='grc' dir='ltr'>ἐραστής</span> <span class='ocrx_word' id='word_1_292' title='bbox 2415 2043 2475 2096; x_wconf 86' lang='grc' dir='ltr'><strong>τέ</strong></span> <span class='ocrx_word' id='word_1_293' title='bbox 2499 2045 2647 2096; x_wconf 79' lang='grc' dir='ltr'>ἐστιν</span> <span class='ocrx_word' id='word_1_294' title='bbox 2676 2040 3013 2106; x_wconf 76' lang='grc' dir='ltr'>ἀξιέπαινος,</span> <span class='ocrx_word' id='word_1_295' title='bbox 3082 2037 3177 2090; x_wconf 80' lang='grc' dir='ltr'><strong>καὶ</strong></span> <span class='ocrx_word' id='word_1_296' title='bbox 3207 2033 3269 2088; x_wconf 82' lang='grc' dir='ltr'>τὸ</span> <span class='ocrx_word' id='word_1_297' title='bbox 3298 2033 3581 2102; x_wconf 84' lang='grc' dir='ltr'>φιλόπονον</span> <span class='ocrx_word' id='word_1_298' title='bbox 3627 2032 3712 2089; x_wconf 77' lang='grc' dir='ltr'>οὐκ</span> 
     </span>
    </p>
   </div>
   <div class='ocr_carea' id='block_1_47' title="bbox 2149 2122 3714 2213">
    <p class='ocr_par' dir='ltr' id='par_1_47' title="bbox 2149 2122 3714 2213">
     <span class='ocr_line' id='line_1_47' title="bbox 2149 2122 3714 2213; baseline -0.012 -21"><span class='ocrx_word' id='word_1_299' title='bbox 2149 2138 2429 2207; x_wconf 84' lang='grc' dir='ltr'>ἀδόκιμος,</span> <span class='ocrx_word' id='word_1_300' title='bbox 2476 2132 2573 2188; x_wconf 75' lang='grc' dir='ltr'>καὶ</span> <span class='ocrx_word' id='word_1_301' title='bbox 2600 2135 2699 2204; x_wconf 79' lang='grc' dir='ltr'>τῆς</span> <span class='ocrx_word' id='word_1_302' title='bbox 2743 2130 2851 2184; x_wconf 85' lang='grc' dir='ltr'><strong>τῶν</strong></span> <span class='ocrx_word' id='word_1_303' title='bbox 2884 2128 3044 2201; x_wconf 84' lang='grc' dir='ltr'>ίερῶν</span> <span class='ocrx_word' id='word_1_304' title='bbox 3076 2124 3313 2199; x_wconf 87' lang='grc' dir='ltr'>Γραφῶν</span> <span class='ocrx_word' id='word_1_305' title='bbox 3370 2123 3594 2194; x_wconf 81' lang='grc' dir='ltr'>μελέτης</span> <span class='ocrx_word' id='word_1_306' title='bbox 3627 2122 3714 2213; x_wconf 62' lang='grc' dir='ltr'>οὐκ</span> 
     </span>
    </p>
   </div>
   <div class='ocr_carea' id='block_1_48' title="bbox 2147 2214 3699 2299">
    <p class='ocr_par' dir='ltr' id='par_1_48' title="bbox 2147 2214 3699 2299">
     <span class='ocr_line' id='line_1_48' title="bbox 2147 2214 3699 2299; baseline -0.012 -15"><span class='ocrx_word' id='word_1_307' title='bbox 2147 2233 2395 2299; x_wconf 77' lang='grc' dir='ltr'>ἄπειρος.</span> <span class='ocrx_word' id='word_1_308' title='bbox 2450 2227 2538 2293; x_wconf 79' lang='grc' dir='ltr'>Ἐξ</span> <span class='ocrx_word' id='word_1_309' title='bbox 2594 2224 2968 2293; x_wconf 79' lang='grc' dir='ltr'>ἐπιτάγματος</span> <span class='ocrx_word' id='word_1_310' title='bbox 3025 2222 3124 2292; x_wconf 79' lang='grc' dir='ltr'>μὲν</span> <span class='ocrx_word' id='word_1_311' title='bbox 3169 2214 3265 2274; x_wconf 84' lang='grc' dir='ltr'>οὖν</span> <span class='ocrx_word' id='word_1_312' title='bbox 3307 2216 3453 2279; x_wconf 86' lang='grc' dir='ltr'>τινὸς</span> <span class='ocrx_word' id='word_1_313' title='bbox 3496 2214 3599 2269; x_wconf 82' lang='grc' dir='ltr'>τῶν</span> <span class='ocrx_word' id='word_1_314' title='bbox 3637 2215 3699 2273; x_wconf 72' lang='grc' dir='ltr'>ἐπ</span> 
     </span>
    </p>
   </div>
   <div class='ocr_carea' id='block_1_49' title="bbox 2148 2304 3713 2394">
    <p class='ocr_par' dir='ltr' id='par_1_49' title="bbox 2148 2304 3713 2394">
     <span class='ocr_line' id='line_1_49' title="bbox 2148 2304 3713 2394; baseline -0.012 -18"><span class='ocrx_word' id='word_1_315' title='bbox 2148 2324 2319 2394; x_wconf 85' lang='grc' dir='ltr'>ἀρετῇ</span> <span class='ocrx_word' id='word_1_316' title='bbox 2376 2318 2668 2390; x_wconf 88' lang='grc' dir='ltr'>γνωρίμων</span> <span class='ocrx_word' id='word_1_317' title='bbox 2734 2316 2826 2371; x_wconf 85' lang='grc' dir='ltr'>τὸν</span> <span class='ocrx_word' id='word_1_318' title='bbox 2873 2313 3233 2386; x_wconf 83' lang='grc' dir='ltr'>προκείμενον</span> <span class='ocrx_word' id='word_1_319' title='bbox 3282 2306 3532 2365; x_wconf 77' lang='grc' dir='ltr'>ὑπελθεῖν</span> <span class='ocrx_word' id='word_1_320' title='bbox 3570 2304 3713 2359; x_wconf 80' lang='grc' dir='ltr'>πόνον</span> 
     </span>
    </p>
   </div>
   <div class='ocr_carea' id='block_1_50' title="bbox 2150 2415 2440 2487">
    <p class='ocr_par' dir='ltr' id='par_1_50' title="bbox 2150 2415 2440 2487">
     <span class='ocr_line' id='line_1_50' title="bbox 2150 2415 2440 2487; baseline -0.003 -16"><span class='ocrx_word' id='word_1_321' title='bbox 2150 2415 2440 2487; x_wconf 84' lang='grc' dir='ltr'>διηγεῖται.</span> 
     </span>
    </p>
   </div>
   <div class='ocr_carea' id='block_1_51' title="bbox 917 2712 3287 2792">
    <p class='ocr_par' dir='ltr' id='par_1_51' title="bbox 917 2712 3287 2792">
     <span class='ocr_line' id='line_1_51' title="bbox 917 2712 3287 2792; baseline -0.003 -19"><span class='ocrx_word' id='word_1_322' title='bbox 917 2718 1035 2781; x_wconf 88' lang='lat' dir='ltr'><strong>Lib.</strong></span> <span class='ocrx_word' id='word_1_323' title='bbox 1076 2735 1094 2775; x_wconf 85' lang='grc' dir='ltr'><strong>ι</strong></span> <span class='ocrx_word' id='word_1_324' title='bbox 1125 2732 1180 2776; x_wconf 91' lang='lat' dir='ltr'><strong>et</strong></span> <span class='ocrx_word' id='word_1_325' title='bbox 1200 2736 1261 2775; x_wconf 82' lang='grc' dir='ltr'>ιι.</span> <span class='ocrx_word' id='word_1_326' title='bbox 1294 2751 1368 2765; x_wconf 91' lang='lat'><strong>-</strong></span> <span class='ocrx_word' id='word_1_327' title='bbox 1399 2721 1511 2778; x_wconf 82' lang='lat' dir='ltr'><strong>Cur</strong></span> <span class='ocrx_word' id='word_1_328' title='bbox 1528 2722 1629 2778; x_wconf 77' lang='lat' dir='ltr'><strong>Dei</strong></span> <span class='ocrx_word' id='word_1_329' title='bbox 1667 2721 1843 2779; x_wconf 74' lang='lat' dir='ltr'><strong>Filius</strong></span> <span class='ocrx_word' id='word_1_330' title='bbox 1878 2765 1893 2792; x_wconf 93' lang='lat'><strong>,</strong></span> <span class='ocrx_word' id='word_1_331' title='bbox 1920 2740 2022 2779; x_wconf 87' lang='lat' dir='ltr'><strong>non</strong></span> <span class='ocrx_word' id='word_1_332' title='bbox 2058 2721 2240 2789; x_wconf 82' lang='lat' dir='ltr'><strong>Pater,</strong></span> <span class='ocrx_word' id='word_1_333' title='bbox 2265 2731 2357 2777; x_wconf 85' lang='lat' dir='ltr'><strong>aut</strong></span> <span class='ocrx_word' id='word_1_334' title='bbox 2389 2720 2617 2792; x_wconf 72' lang='lat' dir='ltr'><strong>Spiritus</strong></span> <span class='ocrx_word' id='word_1_335' title='bbox 2642 2724 2855 2773; x_wconf 74' lang='lat' dir='ltr'><strong>sanctus</strong></span> <span class='ocrx_word' id='word_1_336' title='bbox 2883 2714 3053 2785; x_wconf 77' lang='lat' dir='ltr'><strong>factus</strong></span> <span class='ocrx_word' id='word_1_337' title='bbox 3090 2712 3287 2767; x_wconf 68' lang='lat' dir='ltr'><strong>Iconio?</strong></span> 
     </span>
    </p>
   </div>
   <div class='ocr_carea' id='block_1_52' title="bbox 544 2833 2045 2907">
    <p class='ocr_par' dir='ltr' id='par_1_52' title="bbox 544 2833 2045 2907">
     <span class='ocr_line' id='line_1_52' title="bbox 544 2833 2045 2907; baseline 0.003 -19"><span class='ocrx_word' id='word_1_338' title='bbox 544 2835 598 2890; x_wconf 97' lang='grc'><strong>1.</strong></span> <span class='ocrx_word' id='word_1_339' title='bbox 625 2833 859 2887; x_wconf 85' lang='lat' dir='ltr'><strong>Primam</strong></span> <span class='ocrx_word' id='word_1_340' title='bbox 912 2834 1097 2903; x_wconf 86' lang='lat' dir='ltr'><strong>itaque</strong></span> <span class='ocrx_word' id='word_1_341' title='bbox 1144 2834 1408 2890; x_wconf 90' lang='lat' dir='ltr'><strong>librorum</strong></span> <span class='ocrx_word' id='word_1_342' title='bbox 1433 2852 1658 2892; x_wconf 92' lang='lat' dir='ltr'><strong>suorum</strong></span> <span class='ocrx_word' id='word_1_343' title='bbox 1687 2838 2045 2907; x_wconf 66' lang='lat' dir='ltr'><strong>quaestionem</strong></span> 
     </span>
    </p>
   </div>
   <div class='ocr_carea' id='block_1_53' title="bbox 473 2924 2049 3003">
    <p class='ocr_par' dir='ltr' id='par_1_53' title="bbox 473 2924 2049 3003">
     <span class='ocr_line' id='line_1_53' title="bbox 473 2924 2049 3003; baseline 0.003 -24"><span class='ocrx_word' id='word_1_344' title='bbox 473 2927 768 2996; x_wconf 83' lang='lat' dir='ltr'><strong>proponit:</strong></span> <span class='ocrx_word' id='word_1_345' title='bbox 805 2924 916 2979; x_wconf 85' lang='lat' dir='ltr'><strong>Cur</strong></span> <span class='ocrx_word' id='word_1_346' title='bbox 938 2925 1036 2979; x_wconf 87' lang='lat' dir='ltr'><strong>Dei</strong></span> <span class='ocrx_word' id='word_1_347' title='bbox 1064 2925 1242 2981; x_wconf 75' lang='lat' dir='ltr'><strong>Filius</strong></span> <span class='ocrx_word' id='word_1_348' title='bbox 1274 2939 1321 2982; x_wconf 88' lang='lat' dir='ltr'><strong>et</strong></span> <span class='ocrx_word' id='word_1_349' title='bbox 1363 2946 1467 2983; x_wconf 87' lang='lat' dir='ltr'><strong>non</strong></span> <span class='ocrx_word' id='word_1_350' title='bbox 1500 2927 1684 2994; x_wconf 81' lang='lat' dir='ltr'><strong>Pater,</strong></span> <span class='ocrx_word' id='word_1_351' title='bbox 1716 2947 1876 3003; x_wconf 83' lang='lat' dir='ltr'><strong>neque</strong></span> <span class='ocrx_word' id='word_1_352' title='bbox 1926 2931 2049 2999; x_wconf 82' lang='lat' dir='ltr'><strong>Spi-</strong></span> 
     </span>
    </p>
   </div>
   <div class='ocr_carea' id='block_1_54' title="bbox 471 3019 2047 3093">
    <p class='ocr_par' dir='ltr' id='par_1_54' title="bbox 471 3019 2047 3093">
     <span class='ocr_line' id='line_1_54' title="bbox 471 3019 2047 3093; baseline 0.003 -21"><span class='ocrx_word' id='word_1_353' title='bbox 471 3021 606 3072; x_wconf 75' lang='lat' dir='ltr'><strong>ritus</strong></span> <span class='ocrx_word' id='word_1_354' title='bbox 638 3028 852 3073; x_wconf 75' lang='lat' dir='ltr'><strong>sanctus</strong></span> <span class='ocrx_word' id='word_1_355' title='bbox 880 3019 1167 3073; x_wconf 83' lang='lat' dir='ltr'><strong>humanam</strong></span> <span class='ocrx_word' id='word_1_356' title='bbox 1195 3020 1421 3088; x_wconf 81' lang='lat' dir='ltr'><strong>formam</strong></span> <span class='ocrx_word' id='word_1_357' title='bbox 1445 3022 1719 3077; x_wconf 82' lang='lat' dir='ltr'><strong>induerit?</strong></span> <span class='ocrx_word' id='word_1_358' title='bbox 1751 3025 1904 3093; x_wconf 90' lang='lat' dir='ltr'><strong>cujus</strong></span> <span class='ocrx_word' id='word_1_359' title='bbox 1925 3038 2047 3079; x_wconf 91' lang='lat' dir='ltr'><strong>esse</strong></span> 
     </span>
    </p>
   </div>
   <div class='ocr_carea' id='block_1_55' title="bbox 468 3112 2046 3182">
    <p class='ocr_par' dir='ltr' id='par_1_55' title="bbox 468 3112 2046 3182">
     <span class='ocr_line' id='line_1_55' title="bbox 468 3112 2046 3182; baseline 0.004 -17"><span class='ocrx_word' id='word_1_360' title='bbox 468 3113 790 3182; x_wconf 63' lang='lat' dir='ltr'><strong>quaestionis</strong></span> <span class='ocrx_word' id='word_1_361' title='bbox 861 3112 1185 3169; x_wconf 76' lang='lat' dir='ltr'><strong>ablutionem</strong></span> <span class='ocrx_word' id='word_1_362' title='bbox 1235 3114 1379 3167; x_wconf 91' lang='lat' dir='ltr'><strong>hanc</strong></span> <span class='ocrx_word' id='word_1_363' title='bbox 1440 3115 1755 3169; x_wconf 87' lang='lat' dir='ltr'><strong>arbitratur.</strong></span> <span class='ocrx_word' id='word_1_364' title='bbox 1817 3114 2046 3182; x_wconf 86' lang='lat' dir='ltr'><strong>Quando</strong></span> 
     </span>
    </p>
   </div>
   <div class='ocr_carea' id='block_1_56' title="bbox 470 3201 2046 3275">
    <p class='ocr_par' dir='ltr' id='par_1_56' title="bbox 470 3201 2046 3275">
     <span class='ocr_line' id='line_1_56' title="bbox 470 3201 2046 3275; baseline 0.003 -19"><span class='ocrx_word' id='word_1_365' title='bbox 470 3202 642 3257; x_wconf 85' lang='lat' dir='ltr'><strong>Filius</strong></span> <span class='ocrx_word' id='word_1_366' title='bbox 666 3201 902 3257; x_wconf 84' lang='lat' dir='ltr'><strong>Verbum</strong></span> <span class='ocrx_word' id='word_1_367' title='bbox 928 3212 1011 3257; x_wconf 90' lang='lat' dir='ltr'><strong>est</strong></span> <span class='ocrx_word' id='word_1_368' title='bbox 1036 3213 1089 3258; x_wconf 88' lang='lat' dir='ltr'><strong>et</strong></span> <span class='ocrx_word' id='word_1_369' title='bbox 1140 3203 1304 3259; x_wconf 90' lang='lat' dir='ltr'><strong>homo</strong></span> <span class='ocrx_word' id='word_1_370' title='bbox 1353 3202 1537 3258; x_wconf 87' lang='lat' dir='ltr'><strong>Verbo</strong></span> <span class='ocrx_word' id='word_1_371' title='bbox 1584 3216 1750 3274; x_wconf 91' lang='lat' dir='ltr'><strong>atque</strong></span> <span class='ocrx_word' id='word_1_372' title='bbox 1807 3206 2046 3275; x_wconf 76' lang='lat' dir='ltr'><strong>imagine</strong></span> 
     </span>
    </p>
   </div>
   <div class='ocr_carea' id='block_1_57' title="bbox 2222 2828 3713 2907">
    <p class='ocr_par' dir='ltr' id='par_1_57' title="bbox 2222 2828 3713 2907">
     <span class='ocr_line' id='line_1_57' title="bbox 2222 2828 3713 2907; baseline -0.005 -16"><span class='ocrx_word' id='word_1_373' title='bbox 2222 2834 2457 2907; x_wconf 84' lang='grc' dir='ltr'>Πρώτην</span> <span class='ocrx_word' id='word_1_374' title='bbox 2498 2835 2556 2889; x_wconf 83' lang='grc' dir='ltr'>δὲ</span> <span class='ocrx_word' id='word_1_375' title='bbox 2590 2833 2802 2901; x_wconf 86' lang='grc' dir='ltr'>τίθησιν</span> <span class='ocrx_word' id='word_1_376' title='bbox 2850 2828 3016 2885; x_wconf 79' lang='grc' dir='ltr'>αὑτοῦ</span> <span class='ocrx_word' id='word_1_377' title='bbox 3071 2829 3179 2882; x_wconf 85' lang='grc' dir='ltr'><strong>τῶν</strong></span> <span class='ocrx_word' id='word_1_378' title='bbox 3200 2828 3378 2897; x_wconf 87' lang='grc' dir='ltr'>λόγων</span> <span class='ocrx_word' id='word_1_379' title='bbox 3415 2828 3458 2860; x_wconf 80' lang='grc'>¹¹</span> <span class='ocrx_word' id='word_1_380' title='bbox 3484 2828 3713 2898; x_wconf 78' lang='grc' dir='ltr'>ἀπορίαν,</span> 
     </span>
    </p>
   </div>
   <div class='ocr_carea' id='block_1_58' title="bbox 2150 2919 3713 2997">
    <p class='ocr_par' dir='ltr' id='par_1_58' title="bbox 2150 2919 3713 2997">
     <span class='ocr_line' id='line_1_58' title="bbox 2150 2919 3713 2997; baseline -0.006 -16"><span class='ocrx_word' id='word_1_381' title='bbox 2150 2928 2255 2981; x_wconf 89' lang='grc' dir='ltr'><strong>Διὰ</strong></span> <span class='ocrx_word' id='word_1_382' title='bbox 2311 2927 2368 2980; x_wconf 84' lang='grc' dir='ltr'><strong>τί</strong></span> <span class='ocrx_word' id='word_1_383' title='bbox 2398 2929 2431 2981; x_wconf 83' lang='grc' dir='ltr'><strong>ό</strong></span> <span class='ocrx_word' id='word_1_384' title='bbox 2462 2926 2594 2992; x_wconf 86' lang='grc' dir='ltr'>Υίὸς</span> <span class='ocrx_word' id='word_1_385' title='bbox 2637 2923 2765 2997; x_wconf 83' lang='grc'><strong>[580</strong></span> <span class='ocrx_word' id='word_1_386' title='bbox 2787 2920 2881 2994; x_wconf 65' lang='grc'><strong>8.]</strong></span> <span class='ocrx_word' id='word_1_387' title='bbox 2922 2919 3116 2990; x_wconf 79' lang='grc' dir='ltr'>καὶμὴ</span> <span class='ocrx_word' id='word_1_388' title='bbox 3166 2923 3200 2975; x_wconf 82' lang='grc' dir='ltr'><strong>ό</strong></span> <span class='ocrx_word' id='word_1_389' title='bbox 3236 2920 3443 2988; x_wconf 81' lang='grc' dir='ltr'>Πατὴρ</span> <span class='ocrx_word' id='word_1_390' title='bbox 3472 2919 3616 2989; x_wconf 77' lang='grc' dir='ltr'>μηδὲ</span> <span class='ocrx_word' id='word_1_391' title='bbox 3657 2920 3713 2973; x_wconf 85' lang='grc' dir='ltr'>τὸ</span> 
     </span>
    </p>
   </div>
   <div class='ocr_carea' id='block_1_59' title="bbox 2152 3011 3715 3089">
    <p class='ocr_par' dir='ltr' id='par_1_59' title="bbox 2152 3011 3715 3089">
     <span class='ocr_line' id='line_1_59' title="bbox 2152 3011 3715 3089; baseline -0.006 -15"><span class='ocrx_word' id='word_1_392' title='bbox 2152 3020 2325 3089; x_wconf 82' lang='grc' dir='ltr'>ἅγιον</span> <span class='ocrx_word' id='word_1_393' title='bbox 2353 3017 2594 3087; x_wconf 83' lang='grc' dir='ltr'>Πνεῦμα</span> <span class='ocrx_word' id='word_1_394' title='bbox 2624 3016 2738 3083; x_wconf 84' lang='grc' dir='ltr'>τὴν</span> <span class='ocrx_word' id='word_1_395' title='bbox 2764 3014 3059 3084; x_wconf 76' lang='grc' dir='ltr'>ἡμετέραν</span> <span class='ocrx_word' id='word_1_396' title='bbox 3106 3012 3349 3082; x_wconf 69' lang='grc' dir='ltr'>μορφὴν</span> <span class='ocrx_word' id='word_1_397' title='bbox 3380 3011 3585 3067; x_wconf 81' lang='grc' dir='ltr'>ὑπέδυ.</span> <span class='ocrx_word' id='word_1_398' title='bbox 3620 3012 3715 3065; x_wconf 72' lang='grc' dir='ltr'><strong>Καὶ</strong></span> 
     </span>
    </p>
   </div>
   <div class='ocr_carea' id='block_1_60' title="bbox 2151 3102 3712 3178">
    <p class='ocr_par' dir='ltr' id='par_1_60' title="bbox 2151 3102 3712 3178">
     <span class='ocr_line' id='line_1_60' title="bbox 2151 3102 3712 3178; baseline -0.008 -13"><span class='ocrx_word' id='word_1_399' title='bbox 2151 3111 2340 3165; x_wconf 84' lang='grc' dir='ltr'>τούτου</span> <span class='ocrx_word' id='word_1_400' title='bbox 2381 3109 2476 3163; x_wconf 80' lang='grc' dir='ltr'>τοῦ</span> <span class='ocrx_word' id='word_1_401' title='bbox 2536 3108 2893 3178; x_wconf 81' lang='grc' dir='ltr'>ἀπορήματος</span> <span class='ocrx_word' id='word_1_402' title='bbox 2950 3106 3102 3168; x_wconf 87' lang='grc' dir='ltr'>λύσις</span> <span class='ocrx_word' id='word_1_403' title='bbox 3146 3103 3298 3173; x_wconf 83' lang='grc' dir='ltr'>αὐτῷ</span> <span class='ocrx_word' id='word_1_404' title='bbox 3322 3102 3614 3173; x_wconf 81' lang='grc' dir='ltr'>νομίζεται,</span> <span class='ocrx_word' id='word_1_405' title='bbox 3643 3102 3712 3153; x_wconf 82' lang='grc' dir='ltr'>ὅτι</span> 
     </span>
    </p>
   </div>
   <div class='ocr_carea' id='block_1_61' title="bbox 2150 3192 3716 3271">
    <p class='ocr_par' dir='ltr' id='par_1_61' title="bbox 2150 3192 3716 3271">
     <span class='ocr_line' id='line_1_61' title="bbox 2150 3192 3716 3271; baseline -0.008 -14"><span class='ocrx_word' id='word_1_406' title='bbox 2150 3203 2337 3271; x_wconf 75' lang='grc' dir='ltr'>ἐπειδὴ</span> <span class='ocrx_word' id='word_1_407' title='bbox 2361 3201 2531 3267; x_wconf 81' lang='grc' dir='ltr'>Λόγος</span> <span class='ocrx_word' id='word_1_408' title='bbox 2564 3203 2591 3254; x_wconf 90' lang='grc' dir='ltr'><strong>ό</strong></span> <span class='ocrx_word' id='word_1_409' title='bbox 2616 3198 2760 3265; x_wconf 78' lang='grc' dir='ltr'>Υίὸς,</span> <span class='ocrx_word' id='word_1_410' title='bbox 2788 3199 2816 3250; x_wconf 97' lang='lat'><strong>6</strong></span> <span class='ocrx_word' id='word_1_411' title='bbox 2854 3198 2910 3251; x_wconf 85' lang='grc' dir='ltr'>δὲ</span> <span class='ocrx_word' id='word_1_412' title='bbox 2941 3196 3227 3267; x_wconf 73' lang='grc' dir='ltr'>ἄνθρωπος</span> <span class='ocrx_word' id='word_1_413' title='bbox 3249 3195 3413 3264; x_wconf 83' lang='grc' dir='ltr'>Λόγῳ</span> <span class='ocrx_word' id='word_1_414' title='bbox 3440 3196 3530 3246; x_wconf 81' lang='grc' dir='ltr'>καὶ</span> <span class='ocrx_word' id='word_1_415' title='bbox 3568 3192 3716 3245; x_wconf 86' lang='grc' dir='ltr'>είκόνι</span> 
     </span>
    </p>
   </div>
   <div class='ocr_carea' id='block_1_62' title="bbox 468 3287 2044 3367">
    <p class='ocr_par' dir='ltr' id='par_1_62' title="bbox 468 3294 2042 3367">
     <span class='ocr_line' id='line_1_62' title="bbox 468 3294 2042 3367; baseline 0.004 -20"><span class='ocrx_word' id='word_1_416' title='bbox 468 3294 564 3348; x_wconf 77' lang='lat' dir='ltr'><strong>Dei</strong></span> <span class='ocrx_word' id='word_1_417' title='bbox 593 3294 721 3350; x_wconf 79' lang='lat' dir='ltr'><strong>olim</strong></span> <span class='ocrx_word' id='word_1_418' title='bbox 745 3296 1150 3362; x_wconf 87' lang='lat' dir='ltr'><strong>cohonestatus,</strong></span> <span class='ocrx_word' id='word_1_419' title='bbox 1187 3296 1335 3352; x_wconf 91' lang='lat' dir='ltr'><strong>hisce</strong></span> <span class='ocrx_word' id='word_1_420' title='bbox 1367 3308 1550 3367; x_wconf 86' lang='lat' dir='ltr'><strong>postea</strong></span> <span class='ocrx_word' id='word_1_421' title='bbox 1586 3299 1792 3353; x_wconf 77' lang='lat' dir='ltr'><strong>excidit</strong></span> <span class='ocrx_word' id='word_1_422' title='bbox 1823 3316 1836 3353; x_wconf 93' lang='lat'><strong>:</strong></span> <span class='ocrx_word' id='word_1_423' title='bbox 1883 3298 2042 3353; x_wconf 85' lang='lat' dir='ltr'><strong>Com-</strong></span> 
     </span>
    </p>
   </div>
   <div class='ocr_carea' id='block_1_63' title="bbox 2148 3287 3718 3367">
    <p class='ocr_par' dir='ltr' id='par_1_63' title="bbox 2148 3287 3718 3365">
     <span class='ocr_line' id='line_1_63' title="bbox 2148 3287 3718 3365; baseline -0.008 -16"><span class='ocrx_word' id='word_1_424' title='bbox 2148 3295 2279 3349; x_wconf 80' lang='grc' dir='ltr'>Θεοῡ</span> <span class='ocrx_word' id='word_1_425' title='bbox 2310 3294 2558 3365; x_wconf 71' lang='grc' dir='ltr'>τιμηθεὶς</span> <span class='ocrx_word' id='word_1_426' title='bbox 2578 3290 2779 3345; x_wconf 81' lang='grc' dir='ltr'>τούτων</span> <span class='ocrx_word' id='word_1_427' title='bbox 2808 3308 2867 3343; x_wconf 88' lang='grc' dir='ltr'><strong>τε</strong></span> <span class='ocrx_word' id='word_1_428' title='bbox 2894 3288 3240 3343; x_wconf 84' lang='grc' dir='ltr'>διαπέπτωκε</span> <span class='ocrx_word' id='word_1_429' title='bbox 3301 3287 3398 3341; x_wconf 75' lang='grc' dir='ltr'><strong>καὶ</strong></span> <span class='ocrx_word' id='word_1_430' title='bbox 3445 3298 3718 3352; x_wconf 80' lang='grc' dir='ltr'>παρεσυν-</span> 
     </span>
    </p>
   </div>
   <div class='ocr_carea' id='block_1_64' title="bbox 465 3387 2045 3457">
    <p class='ocr_par' dir='ltr' id='par_1_64' title="bbox 465 3387 2045 3457">
     <span class='ocr_line' id='line_1_64' title="bbox 465 3387 2045 3457; baseline 0.006 -19"><span class='ocrx_word' id='word_1_431' title='bbox 465 3396 789 3455; x_wconf 76' lang='lat' dir='ltr'><strong>paratusque</strong></span> <span class='ocrx_word' id='word_1_432' title='bbox 852 3397 928 3440; x_wconf 76' lang='lat' dir='ltr'><strong>est</strong></span> <span class='ocrx_word' id='word_1_433' title='bbox 952 3387 1212 3457; x_wconf 76' lang='lat' dir='ltr'><strong>jumentis</strong></span> <span class='ocrx_word' id='word_1_434' title='bbox 1290 3389 1680 3457; x_wconf 73' lang='lat' dir='ltr'><strong>insipientibus,</strong></span> <span class='ocrx_word' id='word_1_435' title='bbox 1744 3401 1793 3447; x_wconf 82' lang='lat' dir='ltr'><strong>et</strong></span> <span class='ocrx_word' id='word_1_436' title='bbox 1853 3395 2045 3449; x_wconf 74' lang='lat' dir='ltr'><strong>similis</strong></span> 
     </span>
    </p>
   </div>
   <div class='ocr_carea' id='block_1_65' title="bbox 468 3477 2047 3549">
    <p class='ocr_par' dir='ltr' id='par_1_65' title="bbox 468 3477 2047 3549">
     <span class='ocr_line' id='line_1_65' title="bbox 468 3477 2047 3549; baseline 0.008 -20"><span class='ocrx_word' id='word_1_437' title='bbox 468 3479 644 3545; x_wconf 72' lang='lat' dir='ltr'><strong>[actus</strong></span> <span class='ocrx_word' id='word_1_438' title='bbox 659 3488 734 3531; x_wconf 79' lang='lat' dir='ltr'><strong>est</strong></span> <span class='ocrx_word' id='word_1_439' title='bbox 757 3478 883 3544; x_wconf 73' lang='lat' dir='ltr'><strong>ipsis</strong></span> <span class='ocrx_word' id='word_1_440' title='bbox 896 3477 973 3545; x_wconf 84' lang='grc'><strong>⁹⁵;</strong></span> <span class='ocrx_word' id='word_1_441' title='bbox 1005 3489 1292 3549; x_wconf 73' lang='lat' dir='ltr'><strong>propterea</strong></span> <span class='ocrx_word' id='word_1_442' title='bbox 1318 3481 1570 3535; x_wconf 90' lang='lat' dir='ltr'><strong>nimirum</strong></span> <span class='ocrx_word' id='word_1_443' title='bbox 1596 3483 1831 3538; x_wconf 86' lang='lat' dir='ltr'><strong>Verbum</strong></span> <span class='ocrx_word' id='word_1_444' title='bbox 1863 3485 1929 3538; x_wconf 91' lang='lat' dir='ltr'><strong>ad</strong></span> <span class='ocrx_word' id='word_1_445' title='bbox 1953 3501 2047 3542; x_wconf 85' lang='lat' dir='ltr'><strong>eos</strong></span> 
     </span>
    </p>
   </div>
   <div class='ocr_carea' id='block_1_66' title="bbox 466 3568 2044 3641">
    <p class='ocr_par' dir='ltr' id='par_1_66' title="bbox 466 3568 2044 3641">
     <span class='ocr_line' id='line_1_66' title="bbox 466 3568 2044 3641; baseline 0.008 -21"><span class='ocrx_word' id='word_1_446' title='bbox 466 3568 558 3638; x_wconf 90' lang='lat' dir='ltr'><strong>qui</strong></span> <span class='ocrx_word' id='word_1_447' title='bbox 584 3570 638 3623; x_wconf 90' lang='lat' dir='ltr'><strong>in</strong></span> <span class='ocrx_word' id='word_1_448' title='bbox 659 3569 1193 3625; x_wconf 88' lang='lat' dir='ltr'><strong>irrationabilitatem</strong></span> <span class='ocrx_word' id='word_1_449' title='bbox 1213 3572 1348 3641; x_wconf 85' lang='lat' dir='ltr'><strong>lapsi</strong></span> <span class='ocrx_word' id='word_1_450' title='bbox 1370 3584 1528 3627; x_wconf 90' lang='lat' dir='ltr'><strong>erant</strong></span> <span class='ocrx_word' id='word_1_451' title='bbox 1544 3575 1799 3641; x_wconf 89' lang='lat' dir='ltr'><strong>accessit,</strong></span> <span class='ocrx_word' id='word_1_452' title='bbox 1826 3578 2044 3633; x_wconf 88' lang='lat' dir='ltr'><strong>ruinam</strong></span> 
     </span>
    </p>
   </div>
   <div class='ocr_carea' id='block_1_67' title="bbox 466 3664 2045 3739">
    <p class='ocr_par' dir='ltr' id='par_1_67' title="bbox 466 3664 2045 3739">
     <span class='ocr_line' id='line_1_67' title="bbox 466 3664 2045 3739; baseline 0.005 -23"><span class='ocrx_word' id='word_1_453' title='bbox 466 3672 709 3716; x_wconf 84' lang='lat' dir='ltr'><strong>nostram</strong></span> <span class='ocrx_word' id='word_1_454' title='bbox 764 3677 1051 3733; x_wconf 88' lang='lat' dir='ltr'><strong>reparans,</strong></span> <span class='ocrx_word' id='word_1_455' title='bbox 1088 3678 1152 3718; x_wconf 90' lang='lat' dir='ltr'><strong>ac</strong></span> <span class='ocrx_word' id='word_1_456' title='bbox 1182 3679 1279 3718; x_wconf 89' lang='lat' dir='ltr'><strong>nos</strong></span> <span class='ocrx_word' id='word_1_457' title='bbox 1304 3664 1357 3717; x_wconf 93' lang='lat' dir='ltr'><strong>in</strong></span> <span class='ocrx_word' id='word_1_458' title='bbox 1387 3666 1670 3734; x_wconf 84' lang='lat' dir='ltr'><strong>pristinam</strong></span> <span class='ocrx_word' id='word_1_459' title='bbox 1726 3668 2045 3739; x_wconf 86' lang='lat' dir='ltr'><strong>dignitatem</strong></span> 
     </span>
    </p>
   </div>
   <div class='ocr_carea' id='block_1_68' title="bbox 464 3750 2046 3841">
    <p class='ocr_par' dir='ltr' id='par_1_68' title="bbox 464 3750 2046 3841">
     <span class='ocr_line' id='line_1_68' title="bbox 464 3750 2046 3841; baseline 0.008 -36"><span class='ocrx_word' id='word_1_460' title='bbox 464 3750 803 3819; x_wconf 77' lang='lat' dir='ltr'><strong>postliminio</strong></span> <span class='ocrx_word' id='word_1_461' title='bbox 833 3768 1098 3809; x_wconf 85' lang='lat' dir='ltr'><strong>revocans</strong></span> <span class='ocrx_word' id='word_1_462' title='bbox 1130 3770 1144 3806; x_wconf 90' lang='lat'><strong>:</strong></span> <span class='ocrx_word' id='word_1_463' title='bbox 1222 3753 1450 3811; x_wconf 82' lang='lat' dir='ltr'><strong>Verbum</strong></span> <span class='ocrx_word' id='word_1_464' title='bbox 1493 3760 1656 3824; x_wconf 80' lang='lat' dir='ltr'><strong>enim,</strong></span> <span class='ocrx_word' id='word_1_465' title='bbox 1689 3760 1885 3841; x_wconf 80' lang='lat' dir='ltr'><strong>inquit,</strong></span> <span class='ocrx_word' id='word_1_466' title='bbox 1918 3780 2046 3817; x_wconf 88' lang='lat' dir='ltr'><strong>caro</strong></span> 
     </span>
    </p>
   </div>
   <div class='ocr_carea' id='block_1_69' title="bbox 468 3844 2045 3915">
    <p class='ocr_par' dir='ltr' id='par_1_69' title="bbox 468 3844 2045 3915">
     <span class='ocr_line' id='line_1_69' title="bbox 468 3844 2045 3915; baseline 0.01 -19"><span class='ocrx_word' id='word_1_467' title='bbox 468 3844 665 3911; x_wconf 81' lang='lat' dir='ltr'><strong>factum</strong></span> <span class='ocrx_word' id='word_1_468' title='bbox 691 3855 764 3899; x_wconf 74' lang='lat' dir='ltr'><strong>est</strong></span> <span class='ocrx_word' id='word_1_469' title='bbox 798 3846 875 3915; x_wconf 83' lang='lat' dir='ltr'><strong>(id</strong></span> <span class='ocrx_word' id='word_1_470' title='bbox 915 3857 1021 3913; x_wconf 89' lang='lat' dir='ltr'><strong>est,</strong></span> <span class='ocrx_word' id='word_1_471' title='bbox 1074 3858 1328 3904; x_wconf 88' lang='lat' dir='ltr'><strong>naturam</strong></span> <span class='ocrx_word' id='word_1_472' title='bbox 1375 3862 1625 3907; x_wconf 89' lang='lat' dir='ltr'><strong>nostram</strong></span> <span class='ocrx_word' id='word_1_473' title='bbox 1658 3854 1712 3909; x_wconf 90' lang='lat' dir='ltr'><strong>in</strong></span> <span class='ocrx_word' id='word_1_474' title='bbox 1751 3856 2045 3911; x_wconf 89' lang='lat' dir='ltr'><strong>irrationa-</strong></span> 
     </span>
    </p>
   </div>
   <div class='ocr_carea' id='block_1_70' title="bbox 466 3934 2044 4013">
    <p class='ocr_par' dir='ltr' id='par_1_70' title="bbox 466 3934 2044 4013">
     <span class='ocr_line' id='line_1_70' title="bbox 466 3934 2044 4013; baseline 0.008 -23"><span class='ocrx_word' id='word_1_475' title='bbox 466 3934 730 3990; x_wconf 86' lang='lat' dir='ltr'><strong>bililatem</strong></span> <span class='ocrx_word' id='word_1_476' title='bbox 762 3938 1094 4008; x_wconf 87' lang='lat' dir='ltr'><strong>prolapsam,</strong></span> <span class='ocrx_word' id='word_1_477' title='bbox 1128 3952 1182 3996; x_wconf 89' lang='lat' dir='ltr'><strong>et</strong></span> <span class='ocrx_word' id='word_1_478' title='bbox 1213 3943 1343 3997; x_wconf 90' lang='lat' dir='ltr'><strong>nihil</strong></span> <span class='ocrx_word' id='word_1_479' title='bbox 1376 3942 1487 4010; x_wconf 83' lang='lat' dir='ltr'><strong>jam</strong></span> <span class='ocrx_word' id='word_1_480' title='bbox 1532 3944 1911 4013; x_wconf 64' lang='lat' dir='ltr'><strong>intelligentiae</strong></span> <span class='ocrx_word' id='word_1_481' title='bbox 1943 3948 2044 4002; x_wconf 76' lang='lat' dir='ltr'><strong>lia-</strong></span> 
     </span>
    </p>
   </div>
   <div class='ocr_carea' id='block_1_71' title="bbox 467 4027 2044 4104">
    <p class='ocr_par' dir='ltr' id='par_1_71' title="bbox 467 4027 2044 4104">
     <span class='ocr_line' id='line_1_71' title="bbox 467 4027 2044 4104; baseline 0.006 -25"><span class='ocrx_word' id='word_1_482' title='bbox 467 4027 707 4094; x_wconf 86' lang='lat' dir='ltr'><strong>hentem,</strong></span> <span class='ocrx_word' id='word_1_483' title='bbox 742 4028 837 4082; x_wconf 90' lang='lat' dir='ltr'><strong>sed</strong></span> <span class='ocrx_word' id='word_1_484' title='bbox 875 4039 1041 4084; x_wconf 90' lang='lat' dir='ltr'><strong>lotam</strong></span> <span class='ocrx_word' id='word_1_485' title='bbox 1074 4032 1142 4085; x_wconf 86' lang='lat' dir='ltr'><strong>ad</strong></span> <span class='ocrx_word' id='word_1_486' title='bbox 1184 4047 1270 4092; x_wconf 86' lang='lat' dir='ltr'><strong>ea,</strong></span> <span class='ocrx_word' id='word_1_487' title='bbox 1304 4049 1424 4102; x_wconf 92' lang='lat' dir='ltr'><strong>qu:e</strong></span> <span class='ocrx_word' id='word_1_488' title='bbox 1460 4035 1645 4089; x_wconf 89' lang='lat' dir='ltr'><strong>carnis</strong></span> <span class='ocrx_word' id='word_1_489' title='bbox 1679 4046 1830 4104; x_wconf 91' lang='lat' dir='ltr'><strong>sunt,</strong></span> <span class='ocrx_word' id='word_1_490' title='bbox 1881 4039 2044 4094; x_wconf 55' lang='lat' dir='ltr'><strong>incli.</strong></span> 
     </span>
    </p>
   </div>
   <div class='ocr_carea' id='block_1_72' title="bbox 468 4121 2043 4191">
    <p class='ocr_par' dir='ltr' id='par_1_72' title="bbox 468 4121 2043 4191">
     <span class='ocr_line' id='line_1_72' title="bbox 468 4121 2043 4191; baseline 0.011 -22"><span class='ocrx_word' id='word_1_491' title='bbox 468 4127 674 4182; x_wconf 83' lang='lat' dir='ltr'><strong>natam,</strong></span> <span class='ocrx_word' id='word_1_492' title='bbox 709 4121 1024 4191; x_wconf 87' lang='lat' dir='ltr'><strong>assumpsit)</strong></span> <span class='ocrx_word' id='word_1_493' title='bbox 1060 4132 1111 4177; x_wconf 80' lang='lat' dir='ltr'><strong>et</strong></span> <span class='ocrx_word' id='word_1_494' title='bbox 1157 4123 1413 4179; x_wconf 81' lang='lat' dir='ltr'><strong>habitavit</strong></span> <span class='ocrx_word' id='word_1_495' title='bbox 1442 4128 1498 4181; x_wconf 87' lang='lat' dir='ltr'><strong>in</strong></span> <span class='ocrx_word' id='word_1_496' title='bbox 1524 4130 1672 4183; x_wconf 78' lang='lat' dir='ltr'><strong>nobis</strong></span> <span class='ocrx_word' id='word_1_497' title='bbox 1689 4131 1756 4184; x_wconf 73' lang='grc'><strong>³⁸.</strong></span> <span class='ocrx_word' id='word_1_498' title='bbox 1813 4131 1868 4185; x_wconf 78' lang='grc'><strong>2.</strong></span> <span class='ocrx_word' id='word_1_499' title='bbox 1906 4130 2043 4189; x_wconf 87' lang='lat' dir='ltr'><strong>Nam</strong></span> 
     </span>
    </p>
   </div>
   <div class='ocr_carea' id='block_1_73' title="bbox 470 4209 2045 4287">
    <p class='ocr_par' dir='ltr' id='par_1_73' title="bbox 470 4209 2045 4287">
     <span class='ocr_line' id='line_1_73' title="bbox 470 4209 2045 4287; baseline 0.012 -27"><span class='ocrx_word' id='word_1_500' title='bbox 470 4209 615 4262; x_wconf 82' lang='lat' dir='ltr'><strong>hanc</strong></span> <span class='ocrx_word' id='word_1_501' title='bbox 649 4210 819 4263; x_wconf 87' lang='lat' dir='ltr'><strong>etiam</strong></span> <span class='ocrx_word' id='word_1_502' title='bbox 846 4211 916 4266; x_wconf 92' lang='lat' dir='ltr'><strong>ob</strong></span> <span class='ocrx_word' id='word_1_503' title='bbox 948 4226 1198 4278; x_wconf 84' lang='lat' dir='ltr'><strong>causam,</strong></span> <span class='ocrx_word' id='word_1_504' title='bbox 1236 4214 1336 4280; x_wconf 92' lang='lat' dir='ltr'><strong>ait,</strong></span> <span class='ocrx_word' id='word_1_505' title='bbox 1374 4217 1646 4287; x_wconf 82' lang='lat' dir='ltr'><strong>virgineos</strong></span> <span class='ocrx_word' id='word_1_506' title='bbox 1674 4234 1863 4277; x_wconf 90' lang='lat' dir='ltr'><strong>recens</strong></span> <span class='ocrx_word' id='word_1_507' title='bbox 1892 4222 2045 4279; x_wconf 89' lang='lat' dir='ltr'><strong>sinus</strong></span> 
     </span>
    </p>
   </div>
   <div class='ocr_carea' id='block_1_74' title="bbox 466 4299 2041 4379">
    <p class='ocr_par' dir='ltr' id='par_1_74' title="bbox 466 4299 2041 4379">
     <span class='ocr_line' id='line_1_74' title="bbox 466 4299 2041 4379; baseline 0.01 -27"><span class='ocrx_word' id='word_1_508' title='bbox 466 4312 746 4367; x_wconf 81' lang='lat' dir='ltr'><strong>egressum</strong></span> <span class='ocrx_word' id='word_1_509' title='bbox 785 4299 1020 4358; x_wconf 83' lang='lat' dir='ltr'><strong>Verbum</strong></span> <span class='ocrx_word' id='word_1_510' title='bbox 1066 4308 1283 4375; x_wconf 83' lang='lat' dir='ltr'><strong>excepit</strong></span> <span class='ocrx_word' id='word_1_511' title='bbox 1340 4310 1686 4379; x_wconf 63' lang='lat' dir='ltr'><strong>priesepium,</strong></span> <span class='ocrx_word' id='word_1_512' title='bbox 1752 4313 2041 4368; x_wconf 87' lang='lat' dir='ltr'><strong>brutorum</strong></span> 
     </span>
    </p>
   </div>
   <div class='ocr_carea' id='block_1_75' title="bbox 467 4393 2038 4472">
    <p class='ocr_par' dir='ltr' id='par_1_75' title="bbox 467 4393 2038 4472">
     <span class='ocr_line' id='line_1_75' title="bbox 467 4393 2038 4472; baseline 0.01 -30"><span class='ocrx_word' id='word_1_513' title='bbox 467 4404 675 4457; x_wconf 88' lang='lat' dir='ltr'><strong>mensa,</strong></span> <span class='ocrx_word' id='word_1_514' title='bbox 728 4393 898 4450; x_wconf 86' lang='lat' dir='ltr'><strong>bobus</strong></span> <span class='ocrx_word' id='word_1_515' title='bbox 939 4405 1102 4466; x_wconf 87' lang='lat' dir='ltr'><strong>atque</strong></span> <span class='ocrx_word' id='word_1_516' title='bbox 1166 4400 1336 4454; x_wconf 89' lang='lat' dir='ltr'><strong>asinis</strong></span> <span class='ocrx_word' id='word_1_517' title='bbox 1389 4401 1711 4455; x_wconf 88' lang='lat' dir='ltr'><strong>alimentum</strong></span> <span class='ocrx_word' id='word_1_518' title='bbox 1768 4404 2038 4472; x_wconf 64' lang='lat' dir='ltr'><strong>praebens.</strong></span> 
     </span>
    </p>
   </div>
   <div class='ocr_carea' id='block_1_76' title="bbox 464 4482 2039 4563">
    <p class='ocr_par' dir='ltr' id='par_1_76' title="bbox 464 4482 2039 4563">
     <span class='ocr_line' id='line_1_76' title="bbox 464 4482 2039 4563; baseline 0.01 -31"><span class='ocrx_word' id='word_1_519' title='bbox 464 4482 647 4536; x_wconf 90' lang='lat' dir='ltr'><strong>Bobus</strong></span> <span class='ocrx_word' id='word_1_520' title='bbox 675 4484 918 4553; x_wconf 91' lang='lat' dir='ltr'><strong>quidem,</strong></span> <span class='ocrx_word' id='word_1_521' title='bbox 961 4488 1106 4558; x_wconf 91' lang='lat' dir='ltr'><strong>quod</strong></span> <span class='ocrx_word' id='word_1_522' title='bbox 1140 4489 1261 4558; x_wconf 91' lang='lat' dir='ltr'><strong>puri</strong></span> <span class='ocrx_word' id='word_1_523' title='bbox 1316 4506 1438 4545; x_wconf 86' lang='lat' dir='ltr'><strong>cum</strong></span> <span class='ocrx_word' id='word_1_524' title='bbox 1465 4491 1592 4557; x_wconf 87' lang='lat' dir='ltr'><strong>sint,</strong></span> <span class='ocrx_word' id='word_1_525' title='bbox 1618 4493 1823 4547; x_wconf 85' lang='lat' dir='ltr'><strong>veteris</strong></span> <span class='ocrx_word' id='word_1_526' title='bbox 1853 4494 2039 4563; x_wconf 90' lang='lat' dir='ltr'><strong>populi</strong></span> 
     </span>
    </p>
   </div>
   <div class='ocr_carea' id='block_1_77' title="bbox 464 4572 2043 4656">
    <p class='ocr_par' dir='ltr' id='par_1_77' title="bbox 464 4572 2043 4656">
     <span class='ocr_line' id='line_1_77' title="bbox 464 4572 2043 4656; baseline 0.008 -27"><span class='ocrx_word' id='word_1_527' title='bbox 464 4572 679 4630; x_wconf 85' lang='lat' dir='ltr'><strong>lsraelis</strong></span> <span class='ocrx_word' id='word_1_528' title='bbox 709 4577 1013 4646; x_wconf 84' lang='lat' dir='ltr'><strong>symbolum</strong></span> <span class='ocrx_word' id='word_1_529' title='bbox 1046 4580 1375 4649; x_wconf 67' lang='lat' dir='ltr'><strong>praeferant;</strong></span> <span class='ocrx_word' id='word_1_530' title='bbox 1416 4584 1586 4639; x_wconf 84' lang='lat' dir='ltr'><strong>asinis</strong></span> <span class='ocrx_word' id='word_1_531' title='bbox 1620 4600 1771 4651; x_wconf 84' lang='lat' dir='ltr'><strong>vero,</strong></span> <span class='ocrx_word' id='word_1_532' title='bbox 1800 4588 1941 4656; x_wconf 91' lang='lat' dir='ltr'><strong>quod</strong></span> <span class='ocrx_word' id='word_1_533' title='bbox 1972 4586 2043 4642; x_wconf 93' lang='lat' dir='ltr'><strong>ob</strong></span> 
     </span>
    </p>
   </div>
   <div class='ocr_carea' id='block_1_78' title="bbox 2146 3375 3718 3454">
    <p class='ocr_par' dir='ltr' id='par_1_78' title="bbox 2146 3375 3718 3454">
     <span class='ocr_line' id='line_1_78' title="bbox 2146 3375 3718 3454; baseline -0.008 -12"><span class='ocrx_word' id='word_1_534' title='bbox 2146 3387 2366 3454; x_wconf 77' lang='grc' dir='ltr'>εϐλήθη</span> <span class='ocrx_word' id='word_1_535' title='bbox 2392 3387 2434 3418; x_wconf 84' lang='grc'><strong>¹³</strong></span> <span class='ocrx_word' id='word_1_536' title='bbox 2468 3385 2592 3451; x_wconf 85' lang='grc' dir='ltr'>τοῖς</span> <span class='ocrx_word' id='word_1_537' title='bbox 2634 3383 2885 3449; x_wconf 75' lang='grc' dir='ltr'>κτήνεσι</span> <span class='ocrx_word' id='word_1_538' title='bbox 2922 3383 3045 3448; x_wconf 82' lang='grc' dir='ltr'>τοῖς</span> <span class='ocrx_word' id='word_1_539' title='bbox 3083 3379 3389 3447; x_wconf 77' lang='grc' dir='ltr'>ἀνοήτοις,</span> <span class='ocrx_word' id='word_1_540' title='bbox 3410 3375 3718 3447; x_wconf 75' lang='grc' dir='ltr'>καίώμοιώ-</span> 
     </span>
    </p>
   </div>
   <div class='ocr_carea' id='block_1_79' title="bbox 2146 3468 3718 3548">
    <p class='ocr_par' dir='ltr' id='par_1_79' title="bbox 2146 3468 3718 3548">
     <span class='ocr_line' id='line_1_79' title="bbox 2146 3468 3718 3548; baseline -0.01 -13"><span class='ocrx_word' id='word_1_541' title='bbox 2146 3482 2219 3548; x_wconf 85' lang='grc' dir='ltr'><strong>θη</strong></span> <span class='ocrx_word' id='word_1_542' title='bbox 2273 3478 2510 3544; x_wconf 77' lang='grc' dir='ltr'>αὐτοῖς’</span> <span class='ocrx_word' id='word_1_543' title='bbox 2563 3476 2656 3530; x_wconf 83' lang='grc' dir='ltr'>διὰ</span> <span class='ocrx_word' id='word_1_544' title='bbox 2707 3474 2866 3529; x_wconf 81' lang='grc' dir='ltr'>τοῦτο</span> <span class='ocrx_word' id='word_1_545' title='bbox 2895 3474 2923 3527; x_wconf 92' lang='lat'><strong>6</strong></span> <span class='ocrx_word' id='word_1_546' title='bbox 2973 3473 3147 3541; x_wconf 80' lang='grc' dir='ltr'>Λόγος</span> <span class='ocrx_word' id='word_1_547' title='bbox 3193 3475 3311 3535; x_wconf 81' lang='grc' dir='ltr'>τοῖς</span> <span class='ocrx_word' id='word_1_548' title='bbox 3382 3472 3461 3535; x_wconf 86' lang='grc' dir='ltr'><strong>είς</strong></span> <span class='ocrx_word' id='word_1_549' title='bbox 3519 3468 3718 3536; x_wconf 87' lang='grc' dir='ltr'>ἀλογίαν</span> 
     </span>
    </p>
   </div>
   <div class='ocr_carea' id='block_1_80' title="bbox 2146 3557 3715 3641">
    <p class='ocr_par' dir='ltr' id='par_1_80' title="bbox 2146 3557 3715 3641">
     <span class='ocr_line' id='line_1_80' title="bbox 2146 3557 3715 3641; baseline -0.01 -14"><span class='ocrx_word' id='word_1_550' title='bbox 2146 3572 2405 3627; x_wconf 77' lang='grc' dir='ltr'>πεσοῦσιν</span> <span class='ocrx_word' id='word_1_551' title='bbox 2440 3569 2814 3641; x_wconf 78' lang='grc' dir='ltr'>ἐπεδήμησεν,</span> <span class='ocrx_word' id='word_1_552' title='bbox 2840 3567 2902 3621; x_wconf 89' lang='grc' dir='ltr'><strong>τό</strong></span> <span class='ocrx_word' id='word_1_553' title='bbox 2934 3584 2994 3619; x_wconf 89' lang='grc' dir='ltr'><strong>τε</strong></span> <span class='ocrx_word' id='word_1_554' title='bbox 3019 3565 3295 3635; x_wconf 82' lang='grc' dir='ltr'>ὀλίσθημα</span> <span class='ocrx_word' id='word_1_555' title='bbox 3318 3563 3477 3635; x_wconf 79' lang='grc' dir='ltr'>ήμῶν</span> <span class='ocrx_word' id='word_1_556' title='bbox 3504 3557 3715 3630; x_wconf 78' lang='grc' dir='ltr'>ἐξιώμε-</span> 
     </span>
    </p>
   </div>
   <div class='ocr_carea' id='block_1_81' title="bbox 2147 3650 3717 3736">
    <p class='ocr_par' dir='ltr' id='par_1_81' title="bbox 2147 3650 3717 3736">
     <span class='ocr_line' id='line_1_81' title="bbox 2147 3650 3717 3736; baseline -0.007 -16"><span class='ocrx_word' id='word_1_557' title='bbox 2147 3683 2236 3727; x_wconf 90' lang='grc' dir='ltr'><strong>νος</strong></span> <span class='ocrx_word' id='word_1_558' title='bbox 2255 3664 2351 3719; x_wconf 75' lang='grc' dir='ltr'>καὶ</span> <span class='ocrx_word' id='word_1_559' title='bbox 2384 3667 2522 3736; x_wconf 78' lang='grc' dir='ltr'>πρὸς</span> <span class='ocrx_word' id='word_1_560' title='bbox 2537 3662 2597 3716; x_wconf 82' lang='grc' dir='ltr'>τὸ</span> <span class='ocrx_word' id='word_1_561' title='bbox 2620 3663 2847 3734; x_wconf 85' lang='grc' dir='ltr'>ἀρχαῖον</span> <span class='ocrx_word' id='word_1_562' title='bbox 2876 3659 3118 3714; x_wconf 82' lang='grc' dir='ltr'>ἀνέλκων</span> <span class='ocrx_word' id='word_1_563' title='bbox 3148 3658 3285 3723; x_wconf 79' lang='grc' dir='ltr'>ἀξίω</span> <span class='ocrx_word' id='word_1_564' title='bbox 3294 3675 3392 3729; x_wconf 90' lang='grc' dir='ltr'>μα.</span> <span class='ocrx_word' id='word_1_565' title='bbox 3411 3656 3473 3709; x_wconf 90' lang='lat'><strong>&#39;0</strong></span> <span class='ocrx_word' id='word_1_566' title='bbox 3489 3654 3661 3724; x_wconf 65' lang='grc' dir='ltr'>Λόγος</span> <span class='ocrx_word' id='word_1_567' title='bbox 3678 3650 3717 3683; x_wconf 85' lang='grc'><strong>¹³</strong></span> 
     </span>
    </p>
   </div>
   <div class='ocr_carea' id='block_1_82' title="bbox 2145 3743 3718 3826">
    <p class='ocr_par' dir='ltr' id='par_1_82' title="bbox 2145 3743 3718 3826">
     <span class='ocr_line' id='line_1_82' title="bbox 2145 3743 3718 3826; baseline -0.013 -11"><span class='ocrx_word' id='word_1_568' title='bbox 2145 3756 2254 3826; x_wconf 86' lang='grc' dir='ltr'>γάρ</span> <span class='ocrx_word' id='word_1_569' title='bbox 2278 3772 2434 3826; x_wconf 84' lang='grc' dir='ltr'>φησι,</span> <span class='ocrx_word' id='word_1_570' title='bbox 2464 3753 2620 3824; x_wconf 77' lang='grc' dir='ltr'>σὰρξ</span> <span class='ocrx_word' id='word_1_571' title='bbox 2647 3752 2910 3823; x_wconf 80' lang='grc' dir='ltr'>ἐγένετο,</span> <span class='ocrx_word' id='word_1_572' title='bbox 2961 3750 3211 3804; x_wconf 79' lang='grc' dir='ltr'>τουτέστι</span> <span class='ocrx_word' id='word_1_573' title='bbox 3234 3750 3337 3821; x_wconf 83' lang='grc' dir='ltr'>τὴν</span> <span class='ocrx_word' id='word_1_574' title='bbox 3406 3749 3485 3810; x_wconf 84' lang='grc' dir='ltr'><strong>είς</strong></span> <span class='ocrx_word' id='word_1_575' title='bbox 3518 3743 3718 3812; x_wconf 81' lang='grc' dir='ltr'>ἀλογίαν</span> 
     </span>
    </p>
   </div>
   <div class='ocr_carea' id='block_1_83' title="bbox 2147 3838 3716 3925">
    <p class='ocr_par' dir='ltr' id='par_1_83' title="bbox 2147 3838 3716 3925">
     <span class='ocr_line' id='line_1_83' title="bbox 2147 3838 3716 3925; baseline -0.01 -22"><span class='ocrx_word' id='word_1_576' title='bbox 2147 3846 2562 3903; x_wconf 79' lang='grc' dir='ltr'>καταπεσοῦσαν</span> <span class='ocrx_word' id='word_1_577' title='bbox 2598 3845 2763 3916; x_wconf 87' lang='grc' dir='ltr'>φύσιν</span> <span class='ocrx_word' id='word_1_578' title='bbox 2800 3841 2983 3915; x_wconf 79' lang='grc' dir='ltr'>ἡμῶν,</span> <span class='ocrx_word' id='word_1_579' title='bbox 3030 3841 3127 3895; x_wconf 65' lang='grc' dir='ltr'><strong>καὶ⁵</strong></span> <span class='ocrx_word' id='word_1_580' title='bbox 3164 3841 3333 3925; x_wconf 84' lang='grc' dir='ltr'>μηδὲν</span> <span class='ocrx_word' id='word_1_581' title='bbox 3363 3840 3498 3911; x_wconf 81' lang='grc' dir='ltr'>πρὸς</span> <span class='ocrx_word' id='word_1_582' title='bbox 3523 3838 3580 3891; x_wconf 85' lang='grc' dir='ltr'>τὸ</span> <span class='ocrx_word' id='word_1_583' title='bbox 3613 3850 3716 3925; x_wconf 81' lang='grc' dir='ltr'>νοε-</span> 
     </span>
    </p>
   </div>
   <div class='ocr_carea' id='block_1_84' title="bbox 2148 3924 3716 4012">
    <p class='ocr_par' dir='ltr' id='par_1_84' title="bbox 2148 3924 3716 4012">
     <span class='ocr_line' id='line_1_84' title="bbox 2148 3924 3716 4012; baseline -0.01 -18"><span class='ocrx_word' id='word_1_584' title='bbox 2148 3941 2264 4012; x_wconf 81' lang='grc' dir='ltr'>ρὸν,</span> <span class='ocrx_word' id='word_1_585' title='bbox 2320 3939 2449 4009; x_wconf 85' lang='grc' dir='ltr'>ὅλην</span> <span class='ocrx_word' id='word_1_586' title='bbox 2478 3938 2535 3992; x_wconf 79' lang='grc' dir='ltr'>δὲ</span> <span class='ocrx_word' id='word_1_587' title='bbox 2561 3937 2697 4007; x_wconf 82' lang='grc' dir='ltr'>πρὸς</span> <span class='ocrx_word' id='word_1_588' title='bbox 2721 3936 2783 3989; x_wconf 84' lang='grc' dir='ltr'>τὸ</span> <span class='ocrx_word' id='word_1_589' title='bbox 2818 3933 3083 4007; x_wconf 84' lang='grc' dir='ltr'>σαρκικδν</span> <span class='ocrx_word' id='word_1_590' title='bbox 3109 3924 3513 3992; x_wconf 86' lang='grc' dir='ltr'>ἀπονεύσασαν,</span> <span class='ocrx_word' id='word_1_591' title='bbox 3545 3924 3716 3982; x_wconf 76' lang='grc' dir='ltr'>ἀνελά-</span> 
     </span>
    </p>
   </div>
   <div class='ocr_carea' id='block_1_85' title="bbox 2147 4019 3716 4099">
    <p class='ocr_par' dir='ltr' id='par_1_85' title="bbox 2147 4019 3716 4099">
     <span class='ocr_line' id='line_1_85' title="bbox 2147 4019 3716 4099; baseline -0.01 -14"><span class='ocrx_word' id='word_1_592' title='bbox 2147 4032 2293 4097; x_wconf 76' lang='grc' dir='ltr'>ϐετο,</span> <span class='ocrx_word' id='word_1_593' title='bbox 2322 4031 2421 4085; x_wconf 77' lang='grc' dir='ltr'>καὶ</span> <span class='ocrx_word' id='word_1_594' title='bbox 2453 4029 2813 4099; x_wconf 76' lang='grc' dir='ltr'>ἐσκήνωσεν</span> <span class='ocrx_word' id='word_1_595' title='bbox 2843 4028 2913 4081; x_wconf 83' lang='grc' dir='ltr'>ἐν</span> <span class='ocrx_word' id='word_1_596' title='bbox 2941 4026 3106 4096; x_wconf 71' lang='grc' dir='ltr'>ἡμῖν.</span> <span class='ocrx_word' id='word_1_597' title='bbox 3167 4025 3267 4078; x_wconf 85' lang='grc' dir='ltr'>Διά</span> <span class='ocrx_word' id='word_1_598' title='bbox 3329 4041 3411 4077; x_wconf 87' lang='grc' dir='ltr'><strong>τοι</strong></span> <span class='ocrx_word' id='word_1_599' title='bbox 3456 4019 3563 4090; x_wconf 79' lang='grc' dir='ltr'>γάρ</span> <span class='ocrx_word' id='word_1_600' title='bbox 3597 4031 3716 4084; x_wconf 65' lang='grc' dir='ltr'>φησι</span> 
     </span>
    </p>
   </div>
   <div class='ocr_carea' id='block_1_86' title="bbox 2144 4106 3719 4191">
    <p class='ocr_par' dir='ltr' id='par_1_86' title="bbox 2144 4106 3719 4191">
     <span class='ocr_line' id='line_1_86' title="bbox 2144 4106 3719 4191; baseline -0.015 -14"><span class='ocrx_word' id='word_1_601' title='bbox 2144 4122 2304 4177; x_wconf 79' lang='grc' dir='ltr'>τοῦτο</span> <span class='ocrx_word' id='word_1_602' title='bbox 2355 4122 2450 4177; x_wconf 78' lang='grc' dir='ltr'>καὶ</span> <span class='ocrx_word' id='word_1_603' title='bbox 2479 4123 2587 4176; x_wconf 83' lang='grc' dir='ltr'><strong>τῶν</strong></span> <span class='ocrx_word' id='word_1_604' title='bbox 2636 4118 2985 4191; x_wconf 86' lang='grc' dir='ltr'>παρθενικῶν</span> <span class='ocrx_word' id='word_1_605' title='bbox 3007 4116 3224 4171; x_wconf 85' lang='grc' dir='ltr'>κόλπων</span> <span class='ocrx_word' id='word_1_606' title='bbox 3259 4115 3388 4187; x_wconf 76' lang='grc' dir='ltr'>ἄρτι</span> <span class='ocrx_word' id='word_1_607' title='bbox 3410 4106 3719 4183; x_wconf 81' lang='grc' dir='ltr'>προελθόντα</span> 
     </span>
    </p>
   </div>
   <div class='ocr_carea' id='block_1_87' title="bbox 2143 4194 3718 4284">
    <p class='ocr_par' dir='ltr' id='par_1_87' title="bbox 2143 4194 3718 4284">
     <span class='ocr_line' id='line_1_87' title="bbox 2143 4194 3718 4284; baseline -0.018 -11"><span class='ocrx_word' id='word_1_608' title='bbox 2143 4218 2237 4272; x_wconf 83' lang='grc' dir='ltr'>τὸν</span> <span class='ocrx_word' id='word_1_609' title='bbox 2272 4215 2443 4281; x_wconf 89' lang='grc' dir='ltr'>Λόγον</span> <span class='ocrx_word' id='word_1_610' title='bbox 2470 4215 2647 4284; x_wconf 85' lang='grc' dir='ltr'>φάτνη</span> <span class='ocrx_word' id='word_1_611' title='bbox 2679 4211 3075 4283; x_wconf 85' lang='grc' dir='ltr'>ὑποδέχεται,ή</span> <span class='ocrx_word' id='word_1_612' title='bbox 3110 4208 3219 4261; x_wconf 84' lang='grc' dir='ltr'><strong>τῶν</strong></span> <span class='ocrx_word' id='word_1_613' title='bbox 3247 4207 3460 4275; x_wconf 89' lang='grc' dir='ltr'>ἀλόγων</span> <span class='ocrx_word' id='word_1_614' title='bbox 3491 4194 3718 4272; x_wconf 79' lang='grc' dir='ltr'>τράπεζα</span> 
     </span>
    </p>
   </div>
   <div class='ocr_carea' id='block_1_88' title="bbox 2146 4288 3714 4390">
    <p class='ocr_par' dir='ltr' id='par_1_88' title="bbox 2146 4288 3714 4390">
     <span class='ocr_line' id='line_1_88' title="bbox 2146 4288 3714 4390; baseline -0.015 -26"><span class='ocrx_word' id='word_1_615' title='bbox 2146 4310 2240 4365; x_wconf 74' lang='grc' dir='ltr'>καὶ</span> <span class='ocrx_word' id='word_1_616' title='bbox 2270 4307 2408 4380; x_wconf 83' lang='grc' dir='ltr'>βοῶν</span> <span class='ocrx_word' id='word_1_617' title='bbox 2443 4322 2504 4359; x_wconf 89' lang='grc' dir='ltr'><strong>τε</strong></span> <span class='ocrx_word' id='word_1_618' title='bbox 2530 4306 2624 4359; x_wconf 71' lang='grc' dir='ltr'>καὶ</span> <span class='ocrx_word' id='word_1_619' title='bbox 2654 4304 2791 4358; x_wconf 77' lang='grc' dir='ltr'>ὄνων</span> <span class='ocrx_word' id='word_1_620' title='bbox 2812 4304 3034 4375; x_wconf 85' lang='grc' dir='ltr'>τροφὸς,</span> <span class='ocrx_word' id='word_1_621' title='bbox 3064 4303 3176 4356; x_wconf 85' lang='grc' dir='ltr'><strong>τῶν</strong></span> <span class='ocrx_word' id='word_1_622' title='bbox 3210 4303 3311 4371; x_wconf 79' lang='grc' dir='ltr'>μὲν</span> <span class='ocrx_word' id='word_1_623' title='bbox 3340 4298 3437 4353; x_wconf 78' lang='grc' dir='ltr'><strong>ἀτε</strong></span> <span class='ocrx_word' id='word_1_624' title='bbox 3468 4288 3714 4390; x_wconf 34' lang='grc' dir='ltr'>δή-καθα-</span> 
     </span>
    </p>
   </div>
   <div class='ocr_carea' id='block_1_89' title="bbox 2148 4385 3715 4489">
    <p class='ocr_par' dir='ltr' id='par_1_89' title="bbox 2148 4385 3715 4489">
     <span class='ocr_line' id='line_1_89' title="bbox 2148 4385 3715 4489; baseline -0.014 -33"><span class='ocrx_word' id='word_1_625' title='bbox 2148 4401 2259 4473; x_wconf 82' lang='grc' dir='ltr'><strong>ρῶν</strong></span> <span class='ocrx_word' id='word_1_626' title='bbox 2297 4398 2543 4470; x_wconf 72' lang='grc' dir='ltr'>σύμϐολα</span> <span class='ocrx_word' id='word_1_627' title='bbox 2594 4397 2870 4468; x_wconf 82' lang='grc' dir='ltr'>φερόντων</span> <span class='ocrx_word' id='word_1_628' title='bbox 2929 4396 3023 4449; x_wconf 84' lang='grc' dir='ltr'><strong>τοῦ</strong></span> <span class='ocrx_word' id='word_1_629' title='bbox 3074 4391 3311 4449; x_wconf 87' lang='grc' dir='ltr'>παλαιοῦ</span> <span class='ocrx_word' id='word_1_630' title='bbox 3352 4385 3585 4460; x_wconf 80' lang='grc' dir='ltr'>Ἰσραὴλ,</span> <span class='ocrx_word' id='word_1_631' title='bbox 3620 4385 3715 4489; x_wconf 48' lang='grc' dir='ltr'>τίὲν</span> 
     </span>
    </p>
   </div>
   <div class='ocr_carea' id='block_1_90' title="bbox 2144 4483 3717 4560">
    <p class='ocr_par' dir='ltr' id='par_1_90' title="bbox 2144 4483 3717 4560">
     <span class='ocr_line' id='line_1_90' title="bbox 2144 4483 3717 4560; baseline -0.009 -14"><span class='ocrx_word' id='word_1_632' title='bbox 2144 4493 2202 4546; x_wconf 78' lang='grc' dir='ltr'>δὲ</span> <span class='ocrx_word' id='word_1_633' title='bbox 2222 4492 2311 4546; x_wconf 82' lang='grc' dir='ltr'>διὰ</span> <span class='ocrx_word' id='word_1_634' title='bbox 2330 4492 2391 4545; x_wconf 79' lang='grc' dir='ltr'>τὸ</span> <span class='ocrx_word' id='word_1_635' title='bbox 2424 4489 2735 4560; x_wconf 81' lang='grc' dir='ltr'>ἀκάθαρτον</span> <span class='ocrx_word' id='word_1_636' title='bbox 2755 4487 2816 4540; x_wconf 84' lang='grc' dir='ltr'>τὸ</span> <span class='ocrx_word' id='word_1_637' title='bbox 2836 4488 2900 4540; x_wconf 83' lang='grc' dir='ltr'>ὲκ</span> <span class='ocrx_word' id='word_1_638' title='bbox 2927 4486 3039 4540; x_wconf 85' lang='grc' dir='ltr'><strong>τῶν</strong></span> <span class='ocrx_word' id='word_1_639' title='bbox 3092 4485 3265 4540; x_wconf 81' lang='grc' dir='ltr'>ὲθνῶν</span> <span class='ocrx_word' id='word_1_640' title='bbox 3324 4483 3574 4548; x_wconf 85' lang='grc' dir='ltr'>σύστημα</span> <span class='ocrx_word' id='word_1_641' title='bbox 3607 4491 3622 4505; x_wconf 89' lang='grc'>⁶</span> <span class='ocrx_word' id='word_1_642' title='bbox 3648 4483 3717 4524; x_wconf 71' lang='grc' dir='ltr'>ων</span> 
     </span>
    </p>
   </div>
   <div class='ocr_carea' id='block_1_91' title="bbox 2147 4567 3715 4654">
    <p class='ocr_par' dir='ltr' id='par_1_91' title="bbox 2147 4567 3715 4654">
     <span class='ocr_line' id='line_1_91' title="bbox 2147 4567 3715 4654; baseline -0.015 -16"><span class='ocrx_word' id='word_1_643' title='bbox 2147 4584 2407 4654; x_wconf 74' lang='grc' dir='ltr'>ἑκάτερον</span> <span class='ocrx_word' id='word_1_644' title='bbox 2436 4582 2621 4654; x_wconf 70' lang='grc' dir='ltr'>ἔργοις</span> <span class='ocrx_word' id='word_1_645' title='bbox 2660 4598 2720 4634; x_wconf 85' lang='grc' dir='ltr'><strong>τε</strong></span> <span class='ocrx_word' id='word_1_646' title='bbox 2758 4582 2854 4639; x_wconf 78' lang='grc' dir='ltr'>καὶ</span> <span class='ocrx_word' id='word_1_647' title='bbox 2883 4578 3149 4650; x_wconf 82' lang='grc' dir='ltr'>δόγμασιν</span> <span class='ocrx_word' id='word_1_648' title='bbox 3209 4579 3287 4641; x_wconf 88' lang='grc' dir='ltr'><strong>είς</strong></span> <span class='ocrx_word' id='word_1_649' title='bbox 3318 4571 3539 4641; x_wconf 86' lang='grc' dir='ltr'>ἀλογίαν</span> <span class='ocrx_word' id='word_1_650' title='bbox 3569 4567 3715 4621; x_wconf 76' lang='grc' dir='ltr'>ἀπεν·</span> 
     </span>
    </p>
   </div>
   <div class='ocr_carea' id='block_1_92' title="bbox 467 4659 2044 4747">
    <p class='ocr_par' dir='ltr' id='par_1_92' title="bbox 467 4663 2041 4744">
     <span class='ocr_line' id='line_1_92' title="bbox 467 4663 2041 4744; baseline 0.01 -29"><span class='ocrx_word' id='word_1_651' title='bbox 467 4663 838 4733; x_wconf 88' lang='lat' dir='ltr'><strong>impuritatem</strong></span> <span class='ocrx_word' id='word_1_652' title='bbox 891 4671 1133 4739; x_wconf 79' lang='lat' dir='ltr'><strong>gentium</strong></span> <span class='ocrx_word' id='word_1_653' title='bbox 1166 4681 1367 4726; x_wconf 73' lang='lat' dir='ltr'><strong>coetum</strong></span> <span class='ocrx_word' id='word_1_654' title='bbox 1423 4682 1855 4741; x_wconf 70' lang='lat' dir='ltr'><strong>repraasentent:</strong></span> <span class='ocrx_word' id='word_1_655' title='bbox 1904 4690 2041 4744; x_wconf 86' lang='lat' dir='ltr'><strong>quos</strong></span> 
     </span>
    </p>
   </div>
   <div class='ocr_carea' id='block_1_93' title="bbox 2148 4659 3715 4747">
    <p class='ocr_par' dir='ltr' id='par_1_93' title="bbox 2148 4659 3715 4747">
     <span class='ocr_line' id='line_1_93' title="bbox 2148 4659 3715 4747; baseline -0.01 -17"><span class='ocrx_word' id='word_1_656' title='bbox 2148 4676 2301 4747; x_wconf 83' lang='grc' dir='ltr'>εχθὲν</span> <span class='ocrx_word' id='word_1_657' title='bbox 2324 4678 2353 4729; x_wconf 92' lang='grc' dir='ltr'><strong>ό</strong></span> <span class='ocrx_word' id='word_1_658' title='bbox 2378 4676 2550 4743; x_wconf 85' lang='grc' dir='ltr'>Λόγος</span> <span class='ocrx_word' id='word_1_659' title='bbox 2605 4673 2988 4735; x_wconf 66' lang='grc' dir='ltr'>ἀνεκαλέσατο,</span> <span class='ocrx_word' id='word_1_660' title='bbox 3024 4670 3101 4734; x_wconf 84' lang='grc' dir='ltr'>ὥς</span> <span class='ocrx_word' id='word_1_661' title='bbox 3140 4688 3244 4724; x_wconf 90' lang='grc' dir='ltr'><strong>που</strong></span> <span class='ocrx_word' id='word_1_662' title='bbox 3275 4670 3371 4724; x_wconf 82' lang='grc' dir='ltr'>καὶ</span> <span class='ocrx_word' id='word_1_663' title='bbox 3399 4667 3427 4720; x_wconf 90' lang='lat'><strong>6</strong></span> <span class='ocrx_word' id='word_1_664' title='bbox 3453 4659 3715 4735; x_wconf 80' lang='grc' dir='ltr'>προφήτης</span> 
     </span>
    </p>
   </div>
   <div class='ocr_carea' id='block_1_94' title="bbox 468 4757 2040 4835">
    <p class='ocr_par' dir='ltr' id='par_1_94' title="bbox 468 4757 2040 4835">
     <span class='ocr_line' id='line_1_94' title="bbox 468 4757 2040 4835; baseline 0.009 -29"><span class='ocrx_word' id='word_1_665' title='bbox 468 4764 729 4825; x_wconf 89' lang='lat' dir='ltr'><strong>utrosque</strong></span> <span class='ocrx_word' id='word_1_666' title='bbox 753 4757 866 4827; x_wconf 88' lang='lat' dir='ltr'><strong>jam</strong></span> <span class='ocrx_word' id='word_1_667' title='bbox 901 4775 1065 4830; x_wconf 88' lang='lat' dir='ltr'><strong>opere</strong></span> <span class='ocrx_word' id='word_1_668' title='bbox 1091 4770 1255 4835; x_wconf 89' lang='lat' dir='ltr'><strong>atque</strong></span> <span class='ocrx_word' id='word_1_669' title='bbox 1289 4763 1642 4833; x_wconf 80' lang='lat' dir='ltr'><strong>Opinionibus</strong></span> <span class='ocrx_word' id='word_1_670' title='bbox 1671 4766 1723 4819; x_wconf 90' lang='lat' dir='ltr'><strong>in</strong></span> <span class='ocrx_word' id='word_1_671' title='bbox 1750 4765 2040 4820; x_wconf 85' lang='lat' dir='ltr'><strong>irrationa-</strong></span> 
     </span>
    </p>
   </div>
   <div class='ocr_carea' id='block_1_95' title="bbox 464 4845 2036 4925">
    <p class='ocr_par' dir='ltr' id='par_1_95' title="bbox 464 4845 2036 4925">
     <span class='ocr_line' id='line_1_95' title="bbox 464 4845 2036 4925; baseline 0.01 -28"><span class='ocrx_word' id='word_1_672' title='bbox 464 4845 729 4909; x_wconf 83' lang='lat' dir='ltr'><strong>bilitatem</strong></span> <span class='ocrx_word' id='word_1_673' title='bbox 762 4848 1008 4917; x_wconf 87' lang='lat' dir='ltr'><strong>illapsos,</strong></span> <span class='ocrx_word' id='word_1_674' title='bbox 1061 4850 1299 4909; x_wconf 82' lang='lat' dir='ltr'><strong>Verbum</strong></span> <span class='ocrx_word' id='word_1_675' title='bbox 1331 4858 1630 4913; x_wconf 84' lang='lat' dir='ltr'><strong>revocavit.</strong></span> <span class='ocrx_word' id='word_1_676' title='bbox 1664 4860 2036 4925; x_wconf 82' lang='lat' dir='ltr'><strong>Quemadmo-</strong></span> 
     </span>
    </p>
   </div>
   <div class='ocr_carea' id='block_1_96' title="bbox 2158 4748 3711 4855">
    <p class='ocr_par' dir='ltr' id='par_1_96' title="bbox 2158 4748 3711 4855">
     <span class='ocr_line' id='line_1_96' title="bbox 2158 4748 3711 4855; baseline -0.009 -31"><span class='ocrx_word' id='word_1_677' title='bbox 2158 4770 2386 4832; x_wconf 75' lang='grc' dir='ltr'>Ἠσαίας</span> <span class='ocrx_word' id='word_1_678' title='bbox 2423 4768 2466 4800; x_wconf 76' lang='grc'><strong>³⁸</strong></span> <span class='ocrx_word' id='word_1_679' title='bbox 2529 4767 2931 4839; x_wconf 81' lang='grc' dir='ltr'>προεμήνυσεν,</span> <span class='ocrx_word' id='word_1_680' title='bbox 2964 4764 3064 4818; x_wconf 84' lang='grc' dir='ltr'>Ἐν</span> <span class='ocrx_word' id='word_1_681' title='bbox 3083 4762 3254 4833; x_wconf 81' lang='grc' dir='ltr'>μέσῳ</span> <span class='ocrx_word' id='word_1_682' title='bbox 3281 4762 3393 4816; x_wconf 85' lang='grc' dir='ltr'><strong>δύο</strong></span> <span class='ocrx_word' id='word_1_683' title='bbox 3427 4755 3580 4855; x_wconf 47' lang='grc' dir='ltr'>ζιθωνξ</span> <span class='ocrx_word' id='word_1_684' title='bbox 3599 4748 3711 4855; x_wconf 58' lang='grc' dir='ltr'><strong><em>(ξηι-</em></strong></span> 
     </span>
    </p>
   </div>
   <div class='ocr_carea' id='block_1_97' title="bbox 2145 4848 3711 4930">
    <p class='ocr_par' dir='ltr' id='par_1_97' title="bbox 2145 4848 3711 4930">
     <span class='ocr_line' id='line_1_97' title="bbox 2145 4848 3711 4930; baseline -0.011 0"><span class='ocrx_word' id='word_1_685' title='bbox 2145 4859 2446 4930; x_wconf 76' lang='grc' dir='ltr'><strong>κεκραγὼς</strong></span> <span class='ocrx_word' id='word_1_686' title='bbox 2473 4856 2803 4927; x_wconf 75' lang='grc' dir='ltr'>μνησθήση</span> <span class='ocrx_word' id='word_1_687' title='bbox 2827 4875 2841 4889; x_wconf 89' lang='grc'><strong>·</strong></span> <span class='ocrx_word' id='word_1_688' title='bbox 2872 4856 2943 4923; x_wconf 77' lang='grc' dir='ltr'>ἐν</span> <span class='ocrx_word' id='word_1_689' title='bbox 2992 4855 3074 4921; x_wconf 77' lang='grc' dir='ltr'>τῷ</span> <span class='ocrx_word' id='word_1_690' title='bbox 3098 4854 3350 4925; x_wconf 75' lang='grc' dir='ltr'>ἐγγίζειν</span> <span class='ocrx_word' id='word_1_691' title='bbox 3370 4852 3440 4906; x_wconf 87' lang='grc' dir='ltr'>τὰ</span> <span class='ocrx_word' id='word_1_692' title='bbox 3461 4848 3579 4912; x_wconf 61' lang='grc' dir='ltr'><strong>ἐτη</strong></span> <span class='ocrx_word' id='word_1_693' title='bbox 3599 4848 3711 4893; x_wconf 72' lang='grc' dir='ltr'><strong>ἐπι⁶</strong></span> 
     </span>
    </p>
   </div>
   <div class='ocr_carea' id='block_1_98' title="bbox 462 4935 2044 5024">
    <p class='ocr_par' dir='ltr' id='par_1_98' title="bbox 462 4935 2036 5021">
     <span class='ocr_line' id='line_1_98' title="bbox 462 4935 2036 5021; baseline 0.013 -35"><span class='ocrx_word' id='word_1_694' title='bbox 462 4935 590 4988; x_wconf 90' lang='lat' dir='ltr'><strong>dum</strong></span> <span class='ocrx_word' id='word_1_695' title='bbox 621 4945 675 4990; x_wconf 88' lang='lat' dir='ltr'><strong>et</strong></span> <span class='ocrx_word' id='word_1_696' title='bbox 700 4938 899 4995; x_wconf 90' lang='lat' dir='ltr'><strong>alicubi</strong></span> <span class='ocrx_word' id='word_1_697' title='bbox 954 4945 1221 5013; x_wconf 87' lang='lat' dir='ltr'><strong>propheta</strong></span> <span class='ocrx_word' id='word_1_698' title='bbox 1276 4947 1447 5001; x_wconf 83' lang='lat' dir='ltr'><strong>Isaias</strong></span> <span class='ocrx_word' id='word_1_699' title='bbox 1471 4951 1754 5017; x_wconf 75' lang='lat' dir='ltr'><strong>praedixit:</strong></span> <span class='ocrx_word' id='word_1_700' title='bbox 1789 4952 1904 5021; x_wconf 67' lang='lat' dir='ltr'><strong>(ll)</strong></span> <span class='ocrx_word' id='word_1_701' title='bbox 1966 4949 2036 5004; x_wconf 86' lang='lat' dir='ltr'><strong>In</strong></span> 
     </span>
    </p>
   </div>
   <div class='ocr_carea' id='block_1_99' title="bbox 2148 4935 3705 5024">
    <p class='ocr_par' dir='ltr' id='par_1_99' title="bbox 2148 4937 3705 5024">
     <span class='ocr_line' id='line_1_99' title="bbox 2148 4937 3705 5024; baseline -0.006 -17"><span class='ocrx_word' id='word_1_702' title='bbox 2148 4952 2491 5024; x_wconf 72' lang='grc' dir='ltr'>γνωσθήσῃ.</span> <span class='ocrx_word' id='word_1_703' title='bbox 2522 4952 2631 5004; x_wconf 78' lang='grc' dir='ltr'><strong>Καὶ</strong></span> <span class='ocrx_word' id='word_1_704' title='bbox 2663 4950 2760 5022; x_wconf 82' lang='grc' dir='ltr'>τὴν</span> <span class='ocrx_word' id='word_1_705' title='bbox 2788 4950 3034 5020; x_wconf 86' lang='grc' dir='ltr'>σαγήνην</span> <span class='ocrx_word' id='word_1_706' title='bbox 3063 4949 3120 5001; x_wconf 84' lang='grc' dir='ltr'>δὲ</span> <span class='ocrx_word' id='word_1_707' title='bbox 3150 4947 3251 5018; x_wconf 80' lang='grc' dir='ltr'>τὴν</span> <span class='ocrx_word' id='word_1_708' title='bbox 3284 4947 3340 4998; x_wconf 80' lang='grc' dir='ltr'>ὲν</span> <span class='ocrx_word' id='word_1_709' title='bbox 3369 4941 3446 5013; x_wconf 82' lang='grc' dir='ltr'>τῷ</span> <span class='ocrx_word' id='word_1_710' title='bbox 3487 4937 3705 5024; x_wconf 66' lang='grc' dir='ltr'>Εὐαγγε·</span> 
     </span>
    </p>
   </div>
   <div class='ocr_carea' id='block_1_100' title="bbox 461 5026 2037 5109">
    <p class='ocr_par' dir='ltr' id='par_1_100' title="bbox 461 5026 2037 5109">
     <span class='ocr_line' id='line_1_100' title="bbox 461 5026 2037 5109; baseline 0.015 -33"><span class='ocrx_word' id='word_1_711' title='bbox 461 5026 635 5080; x_wconf 80' lang='lat' dir='ltr'><strong>medio</strong></span> <span class='ocrx_word' id='word_1_712' title='bbox 672 5028 897 5085; x_wconf 83' lang='lat' dir='ltr'><strong>duorum</strong></span> <span class='ocrx_word' id='word_1_713' title='bbox 927 5034 1239 5090; x_wconf 86' lang='lat' dir='ltr'><strong>animalium</strong></span> <span class='ocrx_word' id='word_1_714' title='bbox 1274 5042 1401 5092; x_wconf 86' lang='lat' dir='ltr'><strong>dum</strong></span> <span class='ocrx_word' id='word_1_715' title='bbox 1438 5039 1778 5109; x_wconf 81' lang='lat' dir='ltr'><strong>clamaveris,</strong></span> <span class='ocrx_word' id='word_1_716' title='bbox 1840 5058 2037 5097; x_wconf 84' lang='lat' dir='ltr'><strong>memo-</strong></span> 
     </span>
    </p>
   </div>
   <div class='ocr_carea' id='block_1_101' title="bbox 2140 5023 3708 5117">
    <p class='ocr_par' dir='ltr' id='par_1_101' title="bbox 2140 5023 3708 5117">
     <span class='ocr_line' id='line_1_101' title="bbox 2140 5023 3708 5117; baseline -0.011 -19"><span class='ocrx_word' id='word_1_717' title='bbox 2140 5045 2303 5117; x_wconf 79' lang='grc' dir='ltr'><strong>λέῳ¹⁸</strong></span> <span class='ocrx_word' id='word_1_718' title='bbox 2335 5044 2469 5114; x_wconf 76' lang='grc' dir='ltr'>φησὶ</span> <span class='ocrx_word' id='word_1_719' title='bbox 2510 5041 2807 5114; x_wconf 85' lang='grc' dir='ltr'>μαρτύριον</span> <span class='ocrx_word' id='word_1_720' title='bbox 2869 5035 3010 5093; x_wconf 77' lang='grc' dir='ltr'>εἶναι</span> <span class='ocrx_word' id='word_1_721' title='bbox 3041 5039 3142 5109; x_wconf 84' lang='grc' dir='ltr'>τῆς</span> <span class='ocrx_word' id='word_1_722' title='bbox 3198 5037 3431 5109; x_wconf 72' lang='grc' dir='ltr'>ἐσχάτης</span> <span class='ocrx_word' id='word_1_723' title='bbox 3486 5023 3708 5117; x_wconf 58' lang='grc' dir='ltr'>ἀλογίξιςν</span> 
     </span>
    </p>
   </div>
   <div class='ocr_carea' id='block_1_102' title="bbox 463 5111 2044 5221">
    <p class='ocr_par' dir='ltr' id='par_1_102' title="bbox 463 5115 2035 5204">
     <span class='ocr_line' id='line_1_102' title="bbox 463 5115 2035 5204; baseline 0.015 -38"><span class='ocrx_word' id='word_1_724' title='bbox 463 5115 702 5184; x_wconf 78' lang='lat' dir='ltr'><strong>ruberis;</strong></span> <span class='ocrx_word' id='word_1_725' title='bbox 765 5136 885 5175; x_wconf 84' lang='lat' dir='ltr'><strong>cum</strong></span> <span class='ocrx_word' id='word_1_726' title='bbox 929 5126 1403 5196; x_wconf 79' lang='lat' dir='ltr'><strong>appropinquarint</strong></span> <span class='ocrx_word' id='word_1_727' title='bbox 1455 5134 1610 5197; x_wconf 86' lang='lat' dir='ltr'><strong>anni,</strong></span> <span class='ocrx_word' id='word_1_728' title='bbox 1667 5135 2035 5204; x_wconf 77' lang='lat' dir='ltr'><strong>&quot;cognosceris.</strong></span> 
     </span>
    </p>
   </div>
   <div class='ocr_carea' id='block_1_103' title="bbox 2148 5111 3703 5221">
    <p class='ocr_par' dir='ltr' id='par_1_103' title="bbox 2148 5111 3703 5221">
     <span class='ocr_line' id='line_1_103' title="bbox 2148 5111 3703 5221; baseline -0.021 -21"><span class='ocrx_word' id='word_1_729' title='bbox 2148 5111 2224 5201; x_wconf 60' lang='grc' dir='ltr'>εῐέ</span> <span class='ocrx_word' id='word_1_730' title='bbox 2250 5137 2316 5208; x_wconf 73' lang='grc' dir='ltr'>ἣν</span> <span class='ocrx_word' id='word_1_731' title='bbox 2342 5111 2651 5205; x_wconf 24' lang='grc' dir='ltr'>έεάτηννὲχθη</span> <span class='ocrx_word' id='word_1_732' title='bbox 2674 5111 2735 5187; x_wconf 71' lang='grc' dir='ltr'>τὸ</span> <span class='ocrx_word' id='word_1_733' title='bbox 2761 5131 3125 5221; x_wconf 77' lang='grc' dir='ltr'>ἀνθρώπινον,</span> <span class='ocrx_word' id='word_1_734' title='bbox 3189 5129 3331 5184; x_wconf 85' lang='grc' dir='ltr'>ὥστε</span> <span class='ocrx_word' id='word_1_735' title='bbox 3383 5123 3477 5180; x_wconf 71' lang='grc' dir='ltr'>καὶ</span> <span class='ocrx_word' id='word_1_736' title='bbox 3530 5111 3703 5188; x_wconf 67' lang='grc' dir='ltr'>ίχούωῖ</span> 
     </span>
    </p>
   </div>
   <div class='ocr_carea' id='block_1_104' title="bbox 530 5248 1590 5331">
    <p class='ocr_par' dir='ltr' id='par_1_104' title="bbox 530 5248 1590 5331">
     <span class='ocr_line' id='line_1_104' title="bbox 530 5248 1590 5331; baseline 0.014 -27"><span class='ocrx_word' id='word_1_737' title='bbox 530 5252 578 5283; x_wconf 73' lang='grc'><strong><em>’⁵</em></strong></span> <span class='ocrx_word' id='word_1_738' title='bbox 606 5248 753 5308; x_wconf 84' lang='lat' dir='ltr'><strong>Psal.</strong></span> <span class='ocrx_word' id='word_1_739' title='bbox 788 5271 977 5325; x_wconf 77' lang='lat' dir='ltr'><strong>xcvm,</strong></span> <span class='ocrx_word' id='word_1_740' title='bbox 1019 5259 1107 5317; x_wconf 83' lang='grc'><strong>15.</strong></span> <span class='ocrx_word' id='word_1_741' title='bbox 1184 5260 1407 5318; x_wconf 78' lang='lat' dir='ltr'><strong>“Joan.</strong></span> <span class='ocrx_word' id='word_1_742' title='bbox 1435 5278 1475 5331; x_wconf 83' lang='grc' dir='ltr'><strong>ι,</strong></span> <span class='ocrx_word' id='word_1_743' title='bbox 1503 5264 1590 5319; x_wconf 63' lang='lat' dir='ltr'><strong>ll.</strong></span> 
     </span>
    </p>
   </div>
   <div class='ocr_carea' id='block_1_105' title="bbox 1750 5376 2426 5435">
    <p class='ocr_par' dir='ltr' id='par_1_105' title="bbox 1750 5376 2426 5435">
     <span class='ocr_line' id='line_1_105' title="bbox 1750 5376 2426 5435; baseline -0.007 0"><span class='ocrx_word' id='word_1_744' title='bbox 1750 5376 1989 5435; x_wconf 66' lang='lat' dir='ltr'><strong>VARIE</strong></span> <span class='ocrx_word' id='word_1_745' title='bbox 2019 5376 2426 5433; x_wconf 78' lang='lat' dir='ltr'><strong>LECTIONES.</strong></span> 
     </span>
    </p>
   </div>
   <div class='ocr_carea' id='block_1_106' title="bbox 537 5454 3698 5549">
    <p class='ocr_par' dir='ltr' id='par_1_106' title="bbox 537 5454 3698 5549">
     <span class='ocr_line' id='line_1_106' title="bbox 537 5454 3698 5549; baseline -0.001 -26"><span class='ocrx_word' id='word_1_746' title='bbox 537 5462 593 5549; x_wconf 49' lang='grc' dir='ltr'><strong>’ξ</strong></span> <span class='ocrx_word' id='word_1_747' title='bbox 612 5464 922 5549; x_wconf 57' lang='grc' dir='ltr'>τῶχλόγων</span> <span class='ocrx_word' id='word_1_748' title='bbox 950 5470 1116 5549; x_wconf 66' lang='grc' dir='ltr'>αὑτοῦ</span> <span class='ocrx_word' id='word_1_749' title='bbox 1148 5489 1210 5549; x_wconf 70' lang='grc' dir='ltr'>ς.</span> <span class='ocrx_word' id='word_1_750' title='bbox 1288 5474 1644 5549; x_wconf 63' lang='lat' dir='ltr'><strong>&quot;ii-apsan</strong></span> <span class='ocrx_word' id='word_1_751' title='bbox 1681 5475 1821 5531; x_wconf 85' lang='lat' dir='ltr'><strong>Psal.</strong></span> <span class='ocrx_word' id='word_1_752' title='bbox 1882 5490 2073 5539; x_wconf 77' lang='lat' dir='ltr'><strong>XLVIII,</strong></span> <span class='ocrx_word' id='word_1_753' title='bbox 2102 5474 2191 5528; x_wconf 82' lang='grc'><strong>15.</strong></span> <span class='ocrx_word' id='word_1_754' title='bbox 2268 5474 2310 5505; x_wconf 71' lang='grc' dir='ltr'>ιδ</span> <span class='ocrx_word' id='word_1_755' title='bbox 2353 5476 2383 5528; x_wconf 89' lang='lat'><strong>6</strong></span> <span class='ocrx_word' id='word_1_756' title='bbox 2420 5471 2763 5546; x_wconf 65' lang='grc' dir='ltr'>λόγοςμοιιη.</span> <span class='ocrx_word' id='word_1_757' title='bbox 2796 5487 2837 5536; x_wconf 87' lang='grc' dir='ltr'><strong>ι,</strong></span> <span class='ocrx_word' id='word_1_758' title='bbox 2869 5470 2957 5525; x_wconf 77' lang='grc'><strong>14.</strong></span> <span class='ocrx_word' id='word_1_759' title='bbox 3036 5470 3079 5504; x_wconf 82' lang='grc'><strong>¹⁵</strong></span> <span class='ocrx_word' id='word_1_760' title='bbox 3120 5466 3368 5541; x_wconf 73' lang='grc' dir='ltr'>Ἡσαΐας]</span> <span class='ocrx_word' id='word_1_761' title='bbox 3423 5464 3526 5519; x_wconf 86' lang='lat' dir='ltr'><strong>imo</strong></span> <span class='ocrx_word' id='word_1_762' title='bbox 3555 5454 3698 5510; x_wconf 64' lang='lat'><strong>“33°-</strong></span> 
     </span>
    </p>
   </div>
   <div class='ocr_carea' id='block_1_107' title="bbox 465 5532 1495 5612">
    <p class='ocr_par' dir='ltr' id='par_1_107' title="bbox 465 5532 1495 5612">
     <span class='ocr_line' id='line_1_107' title="bbox 465 5532 1495 5612; baseline 0.016 -27"><span class='ocrx_word' id='word_1_763' title='bbox 465 5532 617 5598; x_wconf 72' lang='lat' dir='ltr'><strong>Iu,2.</strong></span> <span class='ocrx_word' id='word_1_764' title='bbox 689 5536 734 5567; x_wconf 82' lang='lat'>“</span> <span class='ocrx_word' id='word_1_765' title='bbox 772 5532 991 5612; x_wconf 82' lang='grc' dir='ltr'>εύαγγ.]</span> <span class='ocrx_word' id='word_1_766' title='bbox 1020 5532 1211 5596; x_wconf 79' lang='lat' dir='ltr'><strong>Matth.</strong></span> <span class='ocrx_word' id='word_1_767' title='bbox 1244 5560 1377 5611; x_wconf 81' lang='lat' dir='ltr'><strong>xvu,</strong></span> <span class='ocrx_word' id='word_1_768' title='bbox 1403 5532 1495 5601; x_wconf 61' lang='lat'><strong>2&#39;7.</strong></span> 
     </span>
    </p>
   </div>
   <div class='ocr_carea' id='block_1_108' title="bbox 1993 5635 2226 5692">
    <p class='ocr_par' dir='ltr' id='par_1_108' title="bbox 1993 5635 2226 5692">
     <span class='ocr_line' id='line_1_108' title="bbox 1993 5635 2226 5692; baseline -0.004 -1"><span class='ocrx_word' id='word_1_769' title='bbox 1993 5635 2132 5692; x_wconf 84' lang='lat' dir='ltr'><strong>NOT</strong></span> <span class='ocrx_word' id='word_1_770' title='bbox 2146 5636 2226 5691; x_wconf 68' lang='grc' dir='ltr'><strong>Ε.</strong></span> 
     </span>
    </p>
   </div>
   <div class='ocr_carea' id='block_1_109' title="bbox 540 5723 2009 5803">
    <p class='ocr_par' dir='ltr' id='par_1_109' title="bbox 540 5723 2009 5803">
     <span class='ocr_line' id='line_1_109' title="bbox 540 5723 2009 5803; baseline 0.008 -27"><span class='ocrx_word' id='word_1_771' title='bbox 540 5723 653 5803; x_wconf 47' lang='lat' dir='ltr'><strong>(id)</strong></span> <span class='ocrx_word' id='word_1_772' title='bbox 676 5723 801 5803; x_wconf 87' lang='lat' dir='ltr'><strong>_Non</strong></span> <span class='ocrx_word' id='word_1_773' title='bbox 832 5726 945 5782; x_wconf 60' lang='lat' dir='ltr'><strong>hare</strong></span> <span class='ocrx_word' id='word_1_774' title='bbox 976 5728 1386 5803; x_wconf 28' lang='lat' dir='ltr'><strong>apudhlsaiam,</strong></span> <span class='ocrx_word' id='word_1_775' title='bbox 1421 5732 1515 5803; x_wconf 79' lang='lat' dir='ltr'><strong>sed</strong></span> <span class='ocrx_word' id='word_1_776' title='bbox 1550 5734 1691 5803; x_wconf 88' lang='lat' dir='ltr'><strong>apud</strong></span> <span class='ocrx_word' id='word_1_777' title='bbox 1716 5734 2009 5797; x_wconf 88' lang='lat' dir='ltr'><strong>llabacum,</strong></span> 
     </span>
    </p>
   </div>
   <div class='ocr_carea' id='block_1_110' title="bbox 2119 5712 3690 5790">
    <p class='ocr_par' dir='ltr' id='par_1_110' title="bbox 2119 5712 3690 5790">
     <span class='ocr_line' id='line_1_110' title="bbox 2119 5712 3690 5790; baseline -0.007 -2"><span class='ocrx_word' id='word_1_778' title='bbox 2119 5743 2246 5788; x_wconf 87' lang='lat' dir='ltr'><strong>sunt</strong></span> <span class='ocrx_word' id='word_1_779' title='bbox 2293 5734 2360 5790; x_wconf 91' lang='lat' dir='ltr'><strong>ad</strong></span> <span class='ocrx_word' id='word_1_780' title='bbox 2389 5731 2554 5789; x_wconf 75' lang='lat' dir='ltr'><strong>Vetus</strong></span> <span class='ocrx_word' id='word_1_781' title='bbox 2585 5732 2994 5790; x_wconf 84' lang='lat' dir='ltr'><strong>Testamentum</strong></span> <span class='ocrx_word' id='word_1_782' title='bbox 3037 5728 3213 5787; x_wconf 79' lang='lat' dir='ltr'><strong>Graec.</strong></span> <span class='ocrx_word' id='word_1_783' title='bbox 3235 5743 3342 5787; x_wconf 78' lang='lat' dir='ltr'><strong>sec.</strong></span> <span class='ocrx_word' id='word_1_784' title='bbox 3370 5717 3525 5781; x_wconf 74' lang='lat' dir='ltr'><strong>LXX.</strong></span> <span class='ocrx_word' id='word_1_785' title='bbox 3554 5712 3690 5765; x_wconf 46' lang='lat' dir='ltr'><strong>“om.</strong></span> 
     </span>
    </p>
   </div>
   <div class='ocr_carea' id='block_1_111' title="bbox 482 5794 2248 5874">
    <p class='ocr_par' dir='ltr' id='par_1_111' title="bbox 482 5794 2248 5874">
     <span class='ocr_line' id='line_1_111' title="bbox 482 5794 2248 5874; baseline 0.01 -30"><span class='ocrx_word' id='word_1_786' title='bbox 482 5808 542 5859; x_wconf 73' lang='grc' dir='ltr'><strong>ιι,</strong></span> <span class='ocrx_word' id='word_1_787' title='bbox 583 5794 641 5859; x_wconf 79' lang='lat'><strong>2,</strong></span> <span class='ocrx_word' id='word_1_788' title='bbox 676 5794 949 5865; x_wconf 72' lang='lat' dir='ltr'><strong>leguntur,</strong></span> <span class='ocrx_word' id='word_1_789' title='bbox 976 5794 1221 5855; x_wconf 77' lang='lat' dir='ltr'><strong>nonnihil</strong></span> <span class='ocrx_word' id='word_1_790' title='bbox 1253 5794 1431 5859; x_wconf 83' lang='lat' dir='ltr'><strong>aliter.</strong></span> <span class='ocrx_word' id='word_1_791' title='bbox 1466 5794 1601 5859; x_wconf 78' lang='lat' dir='ltr'><strong>Vide</strong></span> <span class='ocrx_word' id='word_1_792' title='bbox 1653 5820 1773 5874; x_wconf 63' lang='lat' dir='ltr'><strong>quae</strong></span> <span class='ocrx_word' id='word_1_793' title='bbox 1822 5794 2007 5861; x_wconf 81' lang='lat' dir='ltr'><strong>notata</strong></span> <span class='ocrx_word' id='word_1_794' title='bbox 2117 5804 2248 5861; x_wconf 88' lang='lat' dir='ltr'><strong>edit.</strong></span> 
     </span>
    </p>
   </div>
  </div>
