4032 6440
290 368 372 431 131

1352 356 1876 417 BIBLIOTHECA.
1901 380 1968 392 -
2003 356 2164 417 COD.
2192 357 2473 417 CCXXII.

3429 360 3532 426 738

299 486 390 531 τών
413 468 758 540 ἀφωνοτάτων
781 480 839 518 τε
864 464 959 519 καὶ
988 463 1348 533 ἀλογωτάτων
1382 465 1549 535 μηδὲν
1603 466 1840 534 διενηνο-

1951 464 2005 517 3.
2040 462 2308 535 Sagenam
2364 478 2583 535 quoque
2617 462 2669 518 in
2715 463 3033 536 evangelica
3091 466 3351 537 parabole
3379 473 3533 525 testi-

299 571 457 641 χέναι·
491 561 581 622 οὓς
610 560 642 627 ή
672 555 898 625 σαγήνη,
953 556 1114 626 δῆλον
1138 556 1195 609 δὲ
1231 556 1307 620 ὡς
1336 557 1492 627 παρά
1533 556 1628 610 τοῦ
1676 557 1852 625 Λόγου

298 657 543 730 βληθεῖσα,
601 649 805 702 ἐκεῖθέν
824 665 883 701 τε
909 650 1205 719 ἀνήγαγεν,
1229 649 1325 702 καὶ
1350 649 1412 701 τὸ
1435 649 1652 717 λογικὸν
1680 648 1854 719 δῶρον

297 753 391 810 τοῖς
436 740 808 813 ἐστερημένοις
858 740 1390 811 ἀπεκατέστησενη.
1449 741 1561 794 Καὶ
1587 741 1649 793 τὸ
1690 741 1853 811 πρόσ-

297 857 455 909 ταγμα
486 836 537 888 δὲ
563 834 658 887 τοῦ
691 834 887 902 Λόγου,
912 833 940 886 6
969 835 997 887 6
1035 835 1242 907 Πέτρος
1306 832 1486 887 λαϐὼν
1530 834 1626 887 καὶ
1666 834 1727 887 τὸ
1756 832 1852 887 τοῦ

302 932 450 1003 ἰχθύος
474 924 741 988 διανοίξας
772 925 948 994 στόμα
980 917 1108 994 εὗρε
1145 925 1412 995 στατῆρα,
1467 922 1739 995 σύμϐολον
1776 920 1856 978 εἷ-

300 1045 369 1081 ναι
399 1018 475 1074 τοῦ
524 1016 629 1069 ὑπὸ
676 1016 773 1070 τοῦ
802 1017 976 1086 Λόγου
1020 1019 1121 1088 τῆς
1144 1018 1367 1087 ἀλογίας
1394 1017 1729 1089 ἀπολυθῆναι
1760 1018 1854 1071 τδν

308 1117 537 1185 ἄνθρωπον
557 1124 571 1138 ⁸
594 1107 693 1161 τὸν
729 1109 829 1179 μὲν
862 1111 975 1182 γὰρ
1008 1112 1253 1182 στατῆρα
1286 1109 1679 1182 συμϐάλλειν¹⁹
1717 1121 1855 1181 φησι

313 1210 364 1263 τὸ
389 1200 626 1277 βασιλικὸν
670 1201 916 1272 νόμισμα
966 1201 1221 1275 [29911.]
1276 1202 1397 1273 ῆτοι
1450 1202 1521 1257 τὰ
1550 1203 1852 1257 δεσποτικὰ

316 1300 431 1367 λόγια
453 1294 527 1364 (τὰ
570 1294 750 1363 λόγια
791 1289 904 1364 γὰρ’
959 1295 1183 1363 Κυρίου
1204 1295 1486 1363 ἀργύριον
1511 1293 1855 1364 πεπυρωμέ-

316 1398 427 1466 νον),
444 1395 495 1447 τὸ
518 1393 573 1447 δὲ
600 1394 661 1448 ὲν
682 1391 760 1465 τῷ
795 1392 1023 1463 στόματι
1049 1388 1355 1459 κεκρύφθαι
1383 1387 1475 1441 τὸν
1498 1386 1740 1458 στατῆρα
1757 1386 1853 1441 τοῦ

310 1489 445 1560 ιχθύος
460 1485 517 1539 τδ
542 1483 925 1555 συγκεχῶσθαι
942 1481 1036 1536 καὶ
1062 1480 1485 1551 κατορωρύχθαι
1507 1480 1608 1550 τὴν
1629 1478 1854 1551 λογικήν

300 1582 477 1648 δύναμιν
503 1578 597 1630 καὶ¹
628 1577 793 1648 χάριν
821 1577 879 1629 ὲν
903 1577 1016 1639 τοῖς
1051 1573 1252 1645 ἰχθύων
1284 1573 1441 1643 δίκην
1493 1572 1853 1640 ἑξαλογωθεί-

294 1687 371 1723 σιν.
402 1662 491 1720 Ὧν
524 1666 633 1721 ὑπὸ
690 1664 788 1720 τοῦ
838 1666 1018 1735 Λόγου
1050 1665 1280 1737 ῥωσθεὶς
1310 1666 1336 1717 6
1364 1663 1569 1735 Πέτρος
1600 1663 1697 1717 καὶ
1724 1663 1850 1716 δια-

288 1759 432 1823 νοέξις
481 1757 541 1811 τὸ
595 1757 777 1828 στόμα
808 1798 823 1824 ,
876 1757 1235 1827 ἀνακαθαίρει
1278 1772 1339 1809 τε
1394 1754 1457 1808 τὸ
1511 1754 1685 1825 δῶρον
1750 1753 1846 1808 καὶ

1954 560 2195 612 monium
2228 572 2353 611 esse
2379 556 2612 611 aﬂlrmat
2632 567 2893 613 extrema:
2925 558 3436 621 irrationabilitatis,
3476 562 3530 617 in

1954 663 2118 717 quam
2149 648 2386 702 delatum
2419 648 2492 701 sit
2517 649 2812 702 humanum
2852 664 3046 718 genus,
3079 660 3139 705 ut
3166 653 3251 705 vel
3299 666 3329 703 a
3366 653 3531 719 pisci-

1954 737 2057 792 bus
2086 738 2324 792 maxime
2351 738 2536 804 mutis,
2556 748 2611 793 et
2638 741 3108 796 irrationabilibus
3137 743 3271 797 nihil
3290 743 3529 813 dilIerat,

1953 844 2093 898 quos
2138 844 2358 896 sageua,
2400 844 2563 899 quam
2600 846 2629 884 a
2683 829 2861 887 Verbo
2884 834 3087 901 jactam
3123 850 3245 889 esse
3279 848 3525 904 constat,

1955 915 2080 968 inde
2113 916 2320 981 eduxit,
2344 928 2400 970 et
2459 918 2692 973 rationis
2725 922 2923 975 donum
2954 937 3023 976 eo
3062 926 3337 980 destitutis
3365 932 3527 982 resti-

1956 1006 2080 1061 tuit.
2116 1005 2169 1059 4.
2200 1005 2335 1061 Illud
2388 1007 2517 1063 item
2571 1010 2731 1065 Verbi
2796 1013 3132 1077 mandatum,
3169 1031 3277 1085 quo
3310 1029 3529 1089 recepto

1953 1093 2171 1160 Petrus,
2207 1108 2262 1150 et
2316 1098 2486 1167 piscis
2518 1113 2613 1153 ore
2668 1112 2881 1169 aperto,
2923 1111 3184 1159 staterem
3224 1107 3526 1177 invenerit,

1954 1196 2329 1254 argumentum
2366 1202 2487 1243 esse
2524 1187 2741 1244 liberati
2774 1206 2871 1259 per
2914 1190 3152 1249 Verbum
3181 1194 3407 1252 humani
3436 1210 3530 1269 ge-

1955 1280 2102 1332 neris
2118 1278 2186 1331 ab
2216 1278 2712 1337 irrationabilitate.
2745 1283 3019 1339 Staterem
3074 1288 3220 1342 enim
3252 1288 3528 1346 indicasse

1952 1371 2151 1425 asserit
2172 1371 2352 1441 regale
2368 1374 2658 1439 numisma,
2688 1376 2771 1430 vel
2790 1386 2939 1431 certe
2962 1377 3239 1433 Dominica
3267 1382 3525 1437 oracula:

1954 1461 2183 1533 Eloquia
2205 1466 2344 1518 enim
2370 1463 2582 1519 Domini
2610 1478 2885 1536 argentum
2938 1469 3134 1539 182a
3174 1472 3294 1541 igne
3326 1475 3529 1527 exami-

1952 1563 2137 1607 natum
2159 1554 2225 1608 "'.
2258 1555 2411 1621 Quod
2447 1563 2629 1612 autem
2666 1558 2720 1612 in
2754 1559 2923 1626 piscis
2955 1573 3053 1615 ore
3101 1570 3276 1617 stater
3296 1565 3526 1619 abscon-

1951 1646 2097 1701 ditus
2130 1646 2310 1713 latuit,
2336 1649 2619 1703 conl‘usam
2648 1661 2814 1719 atque
2844 1650 3118 1707 defossam
3158 1655 3525 1712 ratiocinandi

1952 1737 2061 1791 vim
2080 1748 2133 1791 et
2160 1739 2393 1809 gratiam
2425 1740 2479 1794 iu
2512 1742 2598 1806 iis,
2629 1743 2723 1808 qui
2756 1742 2985 1810 piscium
3019 1744 3195 1800 instar
3221 1746 3368 1802 bruti
3392 1763 3525 1803 eva-

283 1849 551 1920 ἐμφανίζει,
608 1850 710 1904 καὶ
778 1852 859 1913 εἰς
886 1849 949 1903 τὸ
982 1850 1146 1921 μέσον
1192 1847 1588 1919 προαγαγὼν²⁰
1621 1848 1721 1919 τὴν
1748 1850 1832 1901 oi-

1947 1839 2137 1884 serant
2187 1828 2611 1904 [signiﬁcasse],
2672 1847 2903 1901 quorum
2979 1834 3173 1892 Petrus
3240 1839 3523 1903 donum.a

280 1942 409 1996 κείαν
442 1941 633 2010 χρῆσιν
661 1942 743 2006 είς
772 1940 970 2011 πρᾶξιν
1006 1942 1361 2011 προενεγκεῖν
1406 1939 1827 2012 ωνειργάσατο.

281 2033 445 2087 Καὶτδ
488 2032 581 2085 ἐπὶ
631 2031 848 2086 bvov’“
879 2031 936 2085 δὲ
958 2035 1053 2086 καὶ
1104 2030 1285 2085 πῶλον
1338 2030 1563 2085 καθίσαι
1602 2030 1696 2084 τὸν
1731 2048 1825 2084 σε-

280 2124 603 2194 σαρκωμένον
664 2124 841 2194 Λόγον
896 2124 957 2177 τὸ
993 2124 1127 2178 αύτό
1178 2139 1343 2195 φησιν
1396 2122 1828 2177 ὑπαινίττεσθαι.

276 2212 365 2267 Ναὶ
395 2214 454 2285 δὴ
482 2214 579 2268 καὶ
615 2214 714 2269 τὸν
766 2215 903 2286 μετά
925 2214 1024 2286 τὴν
1056 2215 1355 2268 ἀνάστασιν
1386 2213 1480 2266 ἐπὶ
1507 2212 1609 2283 τῆς
1636 2210 1833 2285 ἀνθρα-

275 2308 381 2368 κιᾶς
400 2305 773 2378 ὀπτώμενον,¹¹
811 2306 1049 2378 ίχθῦν²¹’
1070 2322 1085 2338 ·
1113 2306 1174 2359 τὸ
1202 2305 1310 2376 γὰρ
1337 2306 1467 2376 πρὶν
1497 2305 1697 2374 ἄλογον
1723 2305 1830 2360 ὑπὸ

273 2395 353 2449 τοῦ
403 2396 571 2464 Λόγου
636 2397 981 2469 πυρούμενον
1032 2396 1133 2466 τῆς
1156 2412 1214 2449 τε
1244 2395 1471 2463 ἀλογίας
1506 2394 1826 2459 ἐξίστασθαι

270 2490 352 2542 καὶ
380 2487 571 2559 βρῶμα
600 2489 792 2561 νοερὸν
832 2489 926 2543 τοῦ
953 2489 1129 2557 Λόγου
1164 2488 1502 2559 καθορᾶσθαι
1524 2487 1831 2558 γινόμενον.

275 2580 379 2633 Ἔτι
399 2581 452 2633 δὲ
482 2580 577 2633 καὶ
616 2582 729 2634 τῶν
774 2580 1040 2650 γλωσσῶν
1057 2581 1102 2612 ⁸³
1128 2579 1230 2649 τὴν
1255 2579 1418 2650 χάριν
1439 2579 1555 2642 τοῖς
1590 2578 1832 2632 suam.

270 2672 367 2733 λοις
412 2672 699 2744 διδομένην
743 2674 840 2744 τῆς
872 2672 1236 2741 ἀποστολικῆς
1267 2671 1451 2726 αὐτῶν
1495 2670 1836 2743 χειροτονίας

273 2766 478 2835 μηνύειν
507 2765 569 2817 τὸ
594 2764 881 2835 ψήφισμα,
911 2764 988 2828 ὼς
1019 2764 1085 2818 ἂν
1117 2764 1214 2817 καὶ
1236 2763 1313 2834 τῷ
1345 2764 1584 2834 σχήματι
1612 2762 1837 2833 μάθοιεν

269 2856 334 2917 ὡς
357 2854 429 2924 τῷ
457 2857 617 2926 Λόγῳ
636 2856 707 2910 τὰ
721 2855 816 2908 τοῦ
838 2856 1014 2923 Λόγου
1048 2854 1486 2926 ύπηρετήσοντες
1513 2851 1837 2922 ἀπήλαυσαν

268 2945 349 2999 τοῦ
403 2947 651 3001 τοιούτδυ
706 2946 1063 3018 χαρίσματος.
1124 2946 1237 3000 Καὶ
1282 2945 1374 2998 τὸν
1395 2943 1711 3016 Πρόδρομον
1755 2941 1835 3009 δὲ,

264 3038 457 3105 φωνὴν
475 3039 523 3069 ¹³
554 3036 815 3103 ,βοῶσαν
856 3038 965 3093 τοῦ
992 3038 1188 3107 Λόγου
1213 3036 1365 3107 παρά
1399 3035 1511 3089 τῶν
1548 3033 1712 3107 ἱερῶν
1737 3049 1840 3104 κη-

264 3131 585 3201 ρυττόμενον
629 3131 1001 3201 Γραμμάτων,
1048 3128 1148 3187 οὐκ
1182 3108 1309 3180 ἄλλο
1339 3144 1393 3182 τι
1425 3126 1574 3197 παρά
1594 3126 1665 3179 τὰ
1688 3126 1839 3195 εἰρη-

265 3195 386 3295 μένα
415 3195 654 3294 δηλοῦν,
675 3195 808 3277 -ἀλλδ
855 3222 939 3275 ὅτι
968 3220 1031 3275 τὸ
1057 3221 1159 3289 τῆς
1209 3219 1435 3287 ἀλογίας
1485 3195 1832 3289 ἀρρώστημα
1861 3195 1908 3259 C

261 3313 286 3364 6
312 3315 473 3383 Λόγος
525 3314 886 3384 ἐπεδήμησεν
936 3310 1273 3377 ὲξιάσασθαι.
1307 3312 1373 3365 '0
1398 3308 1495 3364 καὶ
1526 3310 1621 3362 τὸν
1668 3308 1834 3362 Δαόὶδ

262 3403 423 3471 λέγειν
453 3421 469 3437 ο
526 3402 957 3470 Ἔξαπέστειλε
998 3404 1047 3440 ³⁸
1084 3403 1192 3458 τόν
1239 3404 1438 3472 Λόγον
1495 3400 1705 3469 αὐτοῦ,
1732 3401 1832 3455 καί

262 3493 457 3550 ἰάσατο
486 3496 743 3563 αὐτούς.

328 3762 440 3835 [581
481 3762 582 3836 IL]
635 3732 826 3818 Ταῦτα
878 3762 979 3833 μὲν
1020 3758 1115 3818 οὖν
1157 3763 1217 3817 ὲν
1261 3764 1376 3827 τοῖς
1416 3761 1539 3817 δυσὶ
1591 3758 1832 3832 πρώτοις

261 3855 632 3927 διεξέρχεται,
687 3844 862 3924 ἀγῶνι
928 3856 1315 3927 προαγωνιστῇ
1368 3852 1831 3921 νεανιευσάμενος

264 3949 389 4000 κατά
428 3949 542 4001 τῶν
598 3948 868 4017 λεγόντων
914 3945 1005 4000 διὰ
1056 3945 1215 3999 τοῦτο
1266 3944 1361 3998 τὸν
1390 3944 1519 3997 Υίδν
1542 3942 1831 4012 ἄνθρωπον

262 4041 503 4107 γενέσθαι
530 4042 626 4094 καὶ
648 4040 883 4111 Σωτῆρα
929 4036 1358 4109 παραγενέσθαι,
1387 4035 1524 4089 διότι
1546 4035 1662 4098 τοῖς
1691 4033 1831 4104 πρὸς

264 4135 524 4187 υἱοθεσίαν
563 4134 923 4204 καλουμένοις
950 4131 1043 4186 τὸν
1072 4130 1203 4185 Υίδν
1231 4129 1360 4194 ἔδει,
1387 4126 1525 4183 ἀλλὰ
1558 4127 1634 4198 μὴ
1668 4125 1828 4180 ἄλλον

262 4224 393 4289 τινὰ,
426 4223 787 4296 καθηγεμόνα
831 4223 926 4277 καὶ
974 4222 1366 4293 ἀνακαινιστὴν
1399 4223 1501 4293 τῆς
1546 4217 1829 4282 υἱοθεσίας

262 4314 348 4368 καὶ
378 4315 715 4386 γεγενῆσθαι
746 4313 844 4369 καὶ
865 4311 1257 4386 κηρύττεσθαι.

1941 1922 2119 1977 Verbo
2143 1924 2333 1993 utique
2360 1924 2742 1991 conﬁrmatus,
2780 1936 2976 1996 aperto
3006 1928 3172 1998 piscis
3202 1945 3321 1995 ore,
3359 1933 3522 1996 tollit,

1935 2015 2293 2084 conspicuum
2378 2016 2623 2081 exhibet,
2682 2028 2737 2071 et
2794 2018 2848 2072 in
2913 2020 3149 2075 medium
3200 2024 3521 2091 productum

1936 2122 2135 2161 munus
2164 2116 2223 2162 ut
2250 2116 2654 2177 exsequeretur
2686 2124 2843 2162 suum
2877 2108 3060 2165 eﬂicit.
3088 2110 3144 2166 5.
3179 2112 3333 2167 idem
3367 2123 3421 2169 ct
3455 2129 3524 2168 ex

1934 2213 2001 2256 eo
2033 2198 2332 2267 signiﬁcari
2365 2200 2466 2263 ait,
2514 2200 2659 2268 quod
2689 2198 2925 2255 Verbunt
2958 2202 3303 2258 lncarnatum
3353 2208 3523 2260 asina:

1936 2305 1999 2347 ac
2031 2292 2176 2361 pullo
2206 2291 2465 2347 insederit
2496 2291 2562 2346 ⁸⁸.
2623 2292 2677 2348 6.
2713 2292 2970 2361 Quiuimo
2994 2302 3050 2350 et
3101 2311 3169 2350 ex
3201 2296 3295 2352 illo
3348 2297 3520 2368 pisce,

1934 2387 2026 2455 qui
2058 2395 2183 2455 post
2238 2374 2697 2440 resurrectionem
2757 2386 2947 2455 prunis
3005 2385 3291 2456 impositus
3346 2400 3523 2443 torre-

1935 2477 2099 2534 batur
2122 2478 2193 2530 ⁸⁸.
2229 2476 2283 2531 Id
2309 2477 2455 2532 enim
2473 2479 2617 2547 quod
2648 2478 2803 2548 prius
2828 2488 2950 2533 erat
2973 2479 3372 2543 irrationabile,
3392 2482 3518 2536 dum

1936 2584 1967 2624 a
1985 2570 2149 2624 verbo
2170 2568 2317 2623 velut
2332 2568 2401 2624 ab
2423 2569 2546 2640 igne
2564 2579 2823 2635 torretur,
2848 2586 2956 2625 non
2981 2571 3514 2627 irrationabilitatem

1935 2659 2112 2717 solum
2143 2661 2417 2727 amittere,
2452 2662 2547 2717 sed
2592 2662 2900 2732 spiritalem
2928 2663 3094 2718 etiam
3122 2661 3288 2719 Verbi
3331 2666 3512 2720 cibum

1938 2753 2228 2808 manifeste
2262 2752 2400 2807 ﬁeri.
2435 2753 2487 2809 7.
2516 2753 2854 2824 Linguarum
2890 2756 3112 2825 insuper
3145 2756 3274 2810 illud
3302 2768 3520 2826 aposto-

1935 2844 2005 2901 lis
2030 2846 2285 2900 donatum
2339 2861 2561 2911 munus,
2610 2846 2746 2900 nihil
2824 2846 3071 2901 indicare
3124 2847 3295 2912 aliud,
3352 2863 3517 2918 quam

1937 2940 2252 3009 apostolica!
2278 2941 2643 2996 ordinationis
2665 2941 2967 3005 decretum,
3002 2950 3060 2994 ut
3088 2942 3296 2997 scilicet
3328 2943 3411 2995 vel
3449 2958 3519 2997 ex

1937 3030 2053 3101 ipsa
2082 3031 2253 3100 ﬁgura
2285 3032 2581 3097 discerent,
2616 3043 2901 3103 propterea
2927 3048 2986 3088 se
3006 3034 3138 3088 illud
3168 3050 3289 3089 esse
3316 3036 3519 3090 donum

1938 3132 2282 3187 consecutos,
2346 3137 2457 3190 quo
2499 3122 2685 3178 verbis
2732 3122 2896 3179 Verbi
2951 3126 3207 3178 mandata
3257 3127 3521 3181 submini-

1938 3222 2201 3269 strarent.
2220 3214 2274 3269 8.
2306 3215 2707 3270 Praecursorem
2734 3217 2897 3270 etiam
2927 3216 3102 3282 illum,
3131 3232 3309 3270 vacem
3330 3220 3518 3289 utique

1936 3304 2249 3360 clamantem
2287 3304 2443 3361 Verbi
2474 3308 2516 3372 ¹,
2552 3322 2713 3377 quem
2736 3322 2907 3363 sacra}
2944 3306 3163 3363 Littera!
3195 3310 3513 3377 prwdicuut,

1936 3397 2071 3451 nihil
2098 3398 2242 3453 aliud
2264 3412 2361 3467 per
2392 3415 2455 3454 ea
2489 3414 2611 3469 qua:
2642 3400 2800 3464 dixit,
2833 3400 3109 3466 indicare,
3161 3418 3321 3471 quam
3372 3405 3513 3471 quod

1938 3488 2175 3543 Verbum
2229 3489 2296 3543 ad
2335 3490 2635 3544 curandum
2706 3489 3200 3545 irrationabilitatis
3267 3494 3514 3546 morbum

1938 3580 2251 3635 accesserit.
2292 3578 2408 3634 Hoc
2457 3588 2513 3634 et
2566 3577 2829 3634 Davidem
2868 3581 3046 3649 ipsum
3109 3585 3512 3651 pronuntiare:

1939 3666 2088 3723 Misit
2121 3667 2344 3724 Verbum
2361 3687 2540 3735 suum,
2569 3680 2617 3726 el
2643 3673 2847 3726 sanavit
2880 3688 2967 3727 eos
2996 3674 3042 3729 ⁹.

2007 3759 2135 3815 llaec
2155 3761 2318 3829 igitur
2337 3762 2548 3818 duobus
2569 3762 2758 3832 primis
2786 3764 2939 3819 libris
2969 3765 3051 3820 sic
3086 3767 3426 3836 exsequitur,
3459 3775 3517 3820 ut

1938 3850 2112 3907 altero
2134 3853 2435 3908 certamine
2460 3852 2779 3921 prazlusorio
2794 3856 3110 3925 iuveniliter
3127 3859 3302 3927 egerit
3327 3869 3516 3913 contra

1940 3940 2310 4007 adversarios,
2337 3940 2625 3997 dicentes:
2662 3941 2955 4012 Propterea
2990 3944 3084 4000 Dei
3120 3946 3314 4001 Filiqu
3343 3949 3517 4003 homi-

1940 4048 2061 4088 nem
2098 4032 2323 4098 factum,
2358 4045 2524 4101 atque
2576 4033 2915 4091 Salvatorem
2951 4038 3257 4103 advenisse,
3289 4055 3352 4094 eo
3375 4041 3518 4109 quod

1938 4120 1993 4175 in
2025 4121 2368 4191 adeptionem
2397 4123 2626 4187 vocatis,
2664 4140 2772 4180 non
2812 4125 2978 4180 alium
3037 4128 3272 4198 aliquem
3324 4142 3520 4199 ρτιιεινι·

1940 4214 2117 4282 ipsum
2148 4212 2347 4269 Filium
2378 4226 2656 4285 oporteret
2684 4221 2875 4273 ducem
2901 4227 3067 4291 atque
3099 4221 3517 4277 instauratorem

1937 4308 2247 4378 adoptionis
2272 4317 2327 4364 et
2345 4323 2489 4375 esse,
2509 4318 2564 4364 et
2595 4310 2882 4381 appellari.

1309 4449 1429 4505 Lib.
1460 4466 1543 4505 lll.
1570 4478 1640 4491 —
1659 4447 1770 4503 Cur
1794 4446 1891 4502 Dei
1932 4444 2106 4500 Filius
2132 4448 2201 4501 sit
2228 4447 2384 4501 homo
2406 4448 2579 4518 facta:
2610 4448 2635 4502 7

336 4564 424 4620 Ἐν
444 4565 508 4619 δὲ
541 4565 620 4637 τῷ
648 4571 698 4635 γ’
720 4563 841 4637 [καὶ
870 4564 938 4637 β’]
957 4563 1102 4637 λόγῳ
1151 4564 1331 4619 αἰτίαν
1374 4563 1564 4634 ὑπέχει
1587 4563 1667 4615 Δι’
1699 4559 1780 4630 ἦν
1801 4563 1835 4615 ὀ

2010 4558 2259 4615 9.Tertio
2281 4575 2410 4615 vero
2434 4560 2575 4616 libro
2590 4576 2809 4617 causam
2842 4563 3015 4617 reddit
3040 4579 3056 4617 :
3090 4562 3200 4616 Cur
3219 4562 3315 4617 Dei
3342 4564 3520 4620 Filius

261 4657 383 4724 Υίὸς
407 4656 786 4727 σεσὰρκωται
804 4698 821 4724 ,
849 4658 944 4712 καί
973 4673 1138 4728 φησιν
1154 4656 1228 4721 ὡς
1253 4656 1419 4726 ἐχρῆν
1447 4655 1539 4709 τὸν
1561 4655 1833 4724 Δημιουρ-

261 4749 350 4817 γὸν
402 4753 504 4803 καὶ
536 4749 787 4821 πλάστην
817 4748 982 4802 αὐτὸν
1013 4748 1110 4801 καὶ
1133 4747 1451 4802 ἀναπλάσαι
1471 4746 1567 4799 καὶ
1594 4745 1830 4798 ἀνακαι-

260 4841 399 4894 νίσαι
458 4841 743 4913 συντριὸὲν
800 4840 863 4895 τὸ
914 4840 1327 4912 δημιούργημα.
1386 4839 1451 4893 Ei
1498 4838 1606 4909 γὰρ
1669 4837 1765 4890 καὶ
1801 4835 1832 4889 6

262 4926 447 4999 Πατὴρ
511 4927 774 4991 ὡσαύτως
828 4927 1172 4998 Δημιουργὺς
1223 4926 1320 4980 καὶ
1369 4927 1431 4980 τὸ
1480 4925 1711 4996 Πνεῦμα
1768 4924 1831 4977 τὸ

263 5017 433 5087 ἅγιον,
464 5021 605 5091 πλὴν
636 5020 774 5075 ἀλλὰ
802 5021 980 5075 πάντα
1003 5018 1070 5073 δι’
1091 5018 1222 5072 Υίοῦ
1248 5018 1575 5089 γεγενῆσθαι
1601 5018 1663 5072 τὸ
1685 5017 1830 5090 ἱερὸν

265 5113 497 5183 συνεχῶς
551 5112 987 5185 ἑπιμαρτύρεται
1032 5113 1290 5183 γράμμα.
1323 5111 1471 5165 Ἔδει
1500 5111 1682 5166 τοίνυν
1737 5109 1829 5164 τὸν

264 5202 654 5273 πλαστουργὸν,
702 5203 1049 5275 διαρῤυᾶντος
1095 5202 1190 5256 τοῦ
1228 5202 1569 5273 πλάσματος,
1601 5201 1735 5256 αὑτό
1766 5215 1828 5257 τι

265 5297 340 5357 εἰς
374 5296 561 5350 ἑαυτὸν
596 5294 888 5352 ἀναλαϐεῖν
916 5297 1009 5349 καὶ
1041 5294 1322 5349 ἀνασῶσαι
1351 5295 1419 5348 δι’
1445 5294 1825 5360 ἀναπλάσεως.

332 5428 375 5459 ’⁷
397 5427 539 5483 Psal.
565 5446 627 5496 ιι,
666 5430 720 5484 7.
792 5431 838 5463 ⁸⁸
865 5429 1052 5485 Matth.
1097 5448 1208 5496 xxi,
1239 5432 1295 5485 7.
1386 5432 1437 5464 ”
1472 5430 1631 5488 Joan.
1654 5450 1745 5489 xx:
1782 5474 1799 5501 ,
1824 5434 1881 5488 5.

1937 4650 2094 4704 homo
2128 4650 2348 4719 factus?
2379 4650 2557 4720 Ipsum
2595 4666 2726 4721 ergo
2752 4652 2829 4706 ait
2858 4653 3167 4721 oportuisse
3199 4653 3517 4710 Creatorem

1940 4759 2005 4798 ac
2050 4744 2403 4799 formatorem
2465 4754 2781 4813 corruptam
2841 4754 3151 4800 creaturam
3221 4746 3520 4802 reformare

1937 4846 2102 4905 atque
2145 4836 2423 4889 ilmovare.
2462 4834 2575 4889 Etsi
2602 4847 2783 4890 autem
2813 4835 2972 4890 Pater
2996 4844 3213 4906 quoque
3255 4838 3369 4904 ipse
3397 4853 3518 4907 per-

1936 4927 2065 4981 inde
2093 4936 2309 4981 creator
2338 4936 2509 4993 est,ut
2535 4936 2590 4980 et
2612 4927 2849 4996 Spiritus
2880 4939 3121 4987 sanctus.
3143 4927 3311 4981 nihilo
3335 4939 3515 4983 tamen

1936 5021 2116 5074 minus
2143 5019 2326 5073 omnia
2359 5035 2455 5088 per
2513 5017 2711 5074 Filium
2743 5019 2884 5074 facta
2913 5035 3034 5075 esse
3094 5036 3261 5074 sacrae
3292 5018 3514 5073 Littera:

1937 5122 2197 5180 perpetuo
2265 5112 2483 5170 docent.
2536 5111 2720 5178 Quare
2772 5112 3160 5182 plasmatorem
3224 5110 3514 5181 oportebat

1937 5204 2145 5273 lapsam
2188 5213 2496 5259 creaturam
2533 5207 2600 5259 ad
2632 5222 2694 5261 se
2733 5206 2999 5276 recipere,
3032 5214 3089 5260 et
3121 5219 3218 5274 per
3249 5204 3511 5258 reforma-

1936 5296 2138 5353 tionem
2169 5311 2413 5354 servare.
2446 5298 2586 5365 Quid
2616 5311 2746 5353 vero
2780 5298 2846 5354 de
2888 5297 2977 5353 his
3028 5312 3199 5353 sacra:
3251 5294 3510 5350 litterae?

1957 5436 1976 5468 ⁸
2006 5436 2111 5491 lsa.
2141 5450 2233 5503 ιι,
2263 5436 2319 5491 5.
2395 5438 2415 5467 ²
2443 5434 2586 5491 Psal.
2643 5449 2752 5502 οτι,
2776 5433 2868 5489 20.

1558 5565 1787 5621 VARl/E
1825 5566 2232 5624 LECTIONES.

336 5650 837 5727 f'ﬁrcsgaréprqcev
856 5654 895 5707 Α
917 5669 931 5707 :
954 5655 1394 5727 ἀποκατέστησεν
1418 5675 1479 5722 ς.

271 5717 473 5797 “fini
501 5722 642 5797 ὄνον]
691 5717 879 5797 biattlt.
909 5742 1020 5797 agn.
1072 5726 1143 5797 77.
1221 5717 1585 5796 ²⁸ἀπτόμξνον
1621 5745 1685 5791 ς.

271 5787 381 5863 νῆν]
442 5791 541 5847 ιιι..
578 5787 663 5858 si,
699 5794 752 5849 5.
828 5796 871 5825 ⁸⁵
898 5794 1079 5867 ἐξαπ.]
1124 5796 1263 5852 l’sal.
1287 5812 1390 5860 cvi,
1424 5787 1510 5853 '20.

1558 5658 1601 5690 ¹⁸
1625 5657 1926 5730 συμϐαλεῖν
1949 5662 2015 5716 Α.

1738 5730 1829 5787 .¹¹⁶
1858 5730 2036 5802 ίχθύν]
2072 5728 2230 5787 Joan.
2270 5728 2386 5797 ut,
2428 5728 2483 5786 9'.

2121 5660 2166 5693 "
2199 5660 2267 5714 τὰ
2293 5659 2473 5733 λόγια]
2514 5660 2777 5733 Psa|._xl,
2800 5658 2876 5733 _7._
2948 5658 3014 5733 A“
3066 5654 3409 5733 παραγαγῲν
3443 5671 3502 5718 ς.

2558 5733 2606 5761 ’³
2634 5730 2742 5783 τῶν
2764 5726 2877 5799 γλ.]
2935 5729 3054 5783 Act.
3090 5726 3155 5791 ll,
3189 5728 3244 5782 5.
3318 5728 3364 5759 ”
3396 5742 3508 5795 φω·
