4032 6450
486 336 517 394 7
529 334 598 396 39

1674 324 1935 388 ΡΗΟΤΙΙ
1974 316 2482 382 ΡΑΤΒῙΑΠΕΗᾸΞ
2518 316 2633 379 CP.

3611 329 3707 399 740

489 442 706 505 Omnia,
735 440 936 510 inquit,
987 456 1082 509 per
1110 441 1285 510 ipsum
1325 438 1469 509 facta
1521 444 1665 501 sunt,
1692 446 1742 488 et
1787 436 1900 488 sine
1948 433 2063 501 ipso

2170 430 2232 483 Ti
2260 430 2316 481 δὲ
2344 429 2416 481 τὰ
2445 427 2569 498 ἱερὰ
2595 426 2768 495 Λόγια
2793 442 2810 493 ;
2834 419 3039 479 Πάντα
3066 422 3113 455 ⁸⁵
3148 422 3288 510 φησι,
3316 425 3386 480 δι’
3414 433 3582 489 αὐτοῦ
3599 438 3708 510 ἑτέ-

482 533 683 605 factum
713 543 788 587 est
821 533 953 586 nihil
980 533 1023 587 ⁸.
1056 534 1123 588 Et
1151 551 1164 586 :
1194 530 1280 585 Ea:
1307 533 1446 601 ipso,
1471 530 1570 591 ait,
1592 543 1683 597 per
1716 529 1891 595 ipsum
1924 534 1972 578 et
2004 524 2058 576 in

482 640 596 690 ipso
627 633 749 677 sunt
780 621 1017 677 omnia‘.
1058 622 1333 690 Itemque:
1372 618 1476 673 Per
1508 634 1660 688 quem
1706 616 1828 684 fecit
1869 623 1919 667 et
1961 628 2060 667 sa:-

490 717 611 770 rula
630 716 674 771 ⁵.
708 716 870 771 Certe
902 716 992 784 qui
1035 715 1163 768 inde
1192 724 1356 767 natus
1380 723 1463 766 est
1502 722 1713 781 patrum
1747 717 2058 761 nostrormn

485 810 708 872 chorus,
748 822 843 876 per
875 807 1072 909 Filium
1101 805 1286 860 omnia
1312 803 1529 859 Patrem
1566 802 1767 864 facere,
1798 797 2060 859 divinitus

486 901 841 954 tradiderunt.

552 1079 647 1136 Sic
671 1080 761 1134 illa
792 1077 1091 1146 quastione
1116 1075 1420 1146 proﬂigata,
1448 1090 1569 1130 mox
1600 1073 1666 1128 ad
1684 1072 1910 1128 alteram
1935 1070 2061 1125 huic

480 1175 734 1229 adnatant
764 1172 993 1225 accedit.
1037 1169 1124 1223 10.
1158 1170 1381 1236 Ωυωτίι,
1419 1167 1793 1232 Quamobrem,
1820 1181 1938 1217 cum
1954 1179 2061 1216 una

489 1275 643 1332 atque
671 1262 854 1317 eadem
880 1263 1125 1331 efﬁcacia,
1150 1260 1345 1330 gloria,
1371 1260 1605 1327 potentia
1636 1260 1693 1311 in
1730 1263 1917 1311 sancta
1952 1253 2063 1307 Tri-

483 1357 648 1409 uitute
703 1354 1060 1407 consideretur
1115 1369 1178 1406 ac
1222 1352 1551 1405 celebretur:
1610 1358 1857 1419 perpetuo
1888 1356 2063 1399 tamen

485 1464 602 1501 rum
632 1462 786 1500 sacra
819 1445 1121 1511 Scriptura,
1163 1452 1275 1497 tum
1314 1440 1418 1497 SS.
1468 1440 1685 1506 Patres,
1736 1455 1827 1508 per
1862 1436 2063 1490 Filium

481 1539 692 1609 quidem
724 1537 941 1592 Patrem
974 1538 1152 1591 omnia
1199 1536 1385 1605 fecisse
1419 1534 1700 1604 aﬁirment,
1731 1547 1835 1585 non
1886 1539 2063 1582 autem

490 1629 699 1698 Filium
733 1646 827 1697 per
862 1628 1118 1683 Patrem?
1155 1628 1306 1681 Adeo
1350 1627 1422 1681 ibi
1485 1625 1690 1679 acriter
1738 1624 1875 1678 hanc
1904 1636 2058 1691 qua:-

482 1724 715 1778 stionem
745 1721 899 1777 texit.
942 1720 1137 1791 182b
1197 1718 1465 1774 Caeterum
1514 1718 1630 1788 ipsa
1678 1717 1878 1772 solutio
1915 1730 2062 1769 com-

2165 535 2324 582 νετο,
2360 518 2457 572 καί
2494 518 2677 586 χωρὶς
2710 516 2898 570 αὑτοῦ
2935 513 3171 584 ἐγένετο
3193 507 3388 582 οὐδὲν,
3418 525 3538 587 καὶ,
3562 507 3651 594 Ἐξ
3672 538 3710 569 n

2165 611 2373 676 αὑτοῦ,
2399 611 2554 681 φησὶ,
2594 610 2693 663 καί
2715 609 2790 663 δι’
2819 608 3026 672 αὑτοῦ,
3050 607 3150 662 καί
3176 610 3262 674 είς
3292 612 3470 667 αὐτὸν
3492 618 3558 673 τὰ
3582 624 3711 679 πάν-

2165 718 2259 767 τα,
2293 701 2383 754 καὶ
2407 695 2577 756 Διόὖ
2599 701 2646 732 ’⁷
2665 699 2807 766 τοὺς
2834 697 3056 766 αἰῶνας
3083 700 3348 768 ἐποίησε.
3377 704 3479 759 Ναὶ
3503 709 3562 779 δὴ
3588 719 3712 772 καὶαι

2166 792 2381 847 ἐκεῖθεν
2406 793 2567 862 φυεὶς
2597 792 2707 845 τῶν
2738 793 2991 864 πατέρων
3019 792 3176 862 ἡμῶν
3204 794 3358 865 χορὸς
3382 796 3466 852 διὰ
3483 802 3566 855 τοῦ
3596 806 3708 863 Tios

2166 883 2237 937 τὰ
2283 882 2462 938 πάντα
2513 884 2607 940 τὸν
2659 883 2880 955 Πατέρα
2913 884 3180 955 πράττειν
3225 884 3529 959 θεοπρεπῶς
3556 892 3709 952 aveat.

2169 976 2348 1041 δαξεν.

2240 1067 2397 1122 Οὕτω
2432 1066 2534 1140 τὴν
2572 1067 2729 1121 λύσιν
2765 1067 2868 1139 τῆς
2923 1068 3295 1141 προκειμένης
3345 1071 3567 1139 ἀποδοὺς
3594 1079 3716 1134 ὰπο-

2174 1159 2317 1231 ρίας,
2348 1160 2434 1229 ἐφ’
2464 1160 2660 1231 ἑτέραν
2711 1158 2989 1229 φυομένην
3033 1158 3093 1223 ἐξ
3115 1160 3287 1231 αὐτῆς
3316 1160 3604 1232 διαὸαίνει,
3637 1168 3720 1225 καὶ

2186 1251 2364 1320 ζητεῖ,
2403 1252 2507 1306 Διά
2532 1253 2590 1305 τί
2610 1250 2751 1321 μιᾶς
2778 1252 2877 1305 καί
2920 1250 3032 1319 τῆς
3058 1251 3253 1321 αὐτῆς
3303 1253 3591 1324 ἐνεργείας
3637 1263 3722 1316 καί

2168 1342 2356 1409 δόξης
2413 1342 2513 1396 καὶ
2569 1343 2784 1411 ἰσχύος
2827 1342 2928 1395 ἐπὶ
2971 1342 3081 1412 τῆς
3122 1343 3296 1413 ἁγίας
3347 1346 3574 1413 Τριάδος
3604 1354 3724 1405 θεω-

2164 1435 2470 1505 ρουμένης
2510 1436 2610 1489 καί
2640 1434 3025 1505 ὑμνουμένης
3079 1433 3354 1504 συνεχῶς
3410 1438 3505 1491 καί
3534 1441 3602 1493 τὰ
3632 1436 3725 1496 Ad.

2170 1544 2271 1597 για
2302 1526 2402 1581 καί
2439 1531 2493 1581 οί
2523 1518 2786 1594 Πατέρες
2814 1524 2913 1579 διὰ
2941 1524 3059 1594 μὲν
3083 1525 3191 1579 τοῦ
3228 1524 3363 1581 Υιοῦ
3393 1522 3499 1582 τόν
3522 1522 3726 1600 Πατέρα

2171 1620 2369 1674 πάντα
2419 1619 2812 1688 πεποιηκέναι
2846 1618 3059 1699 φασιν,
3095 1620 3168 1673 οὐ
3203 1612 3333 1690 μὴν
3360 1621 3465 1675 τὸν
3485 1615 3613 1677 Υίὸν
3639 1616 3723 1682 διὰ

2173 1705 2282 1759 τοῦ
2316 1708 2567 1776 Πατρός.
2603 1708 2717 1776 Τὴν
2756 1700 2854 1777 μὲν
2906 1702 3001 1760 οὖν
3037 1707 3276 1777 ἀπορίαν
3328 1706 3467 1762 οὕτω
3510 1704 3724 1783 δριμέως

484 1816 665 1869 munia
694 1827 813 1868 esse
841 1814 992 1878 dicit,
1021 1826 1358 1881 quaecunque
1387 1812 1504 1865 sive
1561 1810 1614 1863 iu
1643 1807 1824 1873 Patre,
1858 1807 1972 1861 sive
2010 1806 2061 1859 in

2170 1798 2473 1864 διαπλέκει,
2507 1801 2540 1869 ή
2579 1799 2637 1852 δὲ
2660 1798 2817 1863 λύσις
2872 1794 3021 1869 αὐτῷ
3072 1800 3228 1853 κοινὰ
3258 1801 3357 1871 μὲν
3384 1799 3521 1858 εἶναι
3563 1805 3718 1876 λέγει,

483 1907 621 1961 Filio
676 1906 911 1960 divinam
955 1905 1149 1959 decent
1198 1891 1571 1972 tuajestatem,
1624 1910 1679 1954 et
1726 1914 1854 1953 vero
1906 1896 2055 1951 Patri

483 2000 650 2051 etiam
702 1996 955 2062 attribui,
984 2011 1325 2064 quaecunque
1356 1997 1421 2050 de
1473 1994 1613 2047 Filio
1666 1992 2052 2060 praedicantur,

484 2090 753 2158 siquidem
811 2088 929 2159 ipse
982 2085 1154 2143 Filius
1212 2103 1318 2141 non
1380 2086 1591 2155 repellit.
1626 2083 1847 2138 Patrem
1894 2082 1963 2136 ab
1995 2082 2062 2135 iis

484 2181 762 2251 operibus,
799 2195 922 2250 qua:
976 2179 1180 2235 dicitur
1260 2178 1445 2233 facere
1491 2177 1696 2231 Filius:
1756 2176 1886 2245 quin
1954 2190 2061 2229 una

483 2274 668 2341 potius
704 2273 911 2327 inducit
939 2279 1100 2339 atque
1129 2270 1416 2325 collaudat.
1453 2268 1681 2335 Quando
1705 2269 1830 2322 item
1867 2265 2061 2322 Dexte-

488 2380 549 2418 ra
582 2363 768 2419 Patris
814 2375 899 2419 est
940 2362 1135 2428 Filius,
1166 2375 1220 2418 ct
1248 2362 1538 2417 Bracltium
1560 2363 1601 2427 ⁸,
1633 2371 1687 2415 et
1713 2359 1988 2430 Sapientia
2015 2359 2059 2426 ",

485 2464 541 2509 ct
582 2454 840 2517 Verbum,
880 2466 933 2508 et
959 2453 1208 2507 Potentia
1231 2454 1275 2515 ⁸,
1310 2453 1493 2517 Pater,
1535 2452 1671 2506 nihil
1720 2452 1911 2506 borum
1940 2465 2064 2505 esse

486 2545 685 2597 dicitur
716 2543 836 2598 Filii
868 2561 882 2597 :
917 2547 1112 2599 merito
1144 2560 1238 2613 per
1272 2544 1470 2598 Filiqu
1494 2545 1678 2599 omnia
1708 2543 1885 2597 facere
1906 2542 2064 2596 Pater

485 2634 593 2689 dici
628 2636 799 2704 possit
827 2634 971 2705 (cum
1015 2644 1070 2688 et
1102 2635 1153 2687 in
1185 2634 1341 2688 nobis
1374 2635 1562 2688 cadent
1582 2641 1841 2688 cernatur
1876 2628 2061 2701 ratio),

486 2744 593 2782 non
628 2744 657 2781 e
691 2729 906 2781 diverso
932 2725 1103 2782 Filius
1129 2742 1223 2797 per
1260 2726 1501 2781 Patrem.

559 2898 731 2954 Aﬂ'ert
767 2909 823 2954 et
850 2901 1009 2954 aliam
1044 2916 1264 2955 causam
1316 2902 1444 2973 (non
1466 2901 1578 2968 jam
1616 2900 1796 2955 allatae
1830 2910 2063 2956 contro-

489 2993 709 3057 versim,
740 2996 835 3047 sed
881 2995 1128 3063 proxime
1172 2993 1550 3066 prarcedentis)
1585 3009 1691 3048 non
1717 2994 1850 3049 satis
1890 2994 2063 3059 illam,

486 3094 549 3139 ut
610 3086 742 3139 mibi
796 3085 1032 3151 videtur,
1090 3097 1538 3142 consentaneam.
1601 3087 1813 3142 Asserit
1870 3088 2060 3142 enim:

488 3177 940 3247 Quandoquidem
973 3181 1155 3233 omnia
1196 3195 1294 3250 per
1317 3180 1512 3234 Filiqu
1541 3178 1683 3234 facta
1715 3194 1837 3234 esse
1870 3180 2063 3235 dicun-

488 3278 603 3331 tur,
639 3269 740 3323 nisi
784 3269 951 3324 etiam
986 3271 1296 3326 iucarnatio
1326 3286 1425 3341 per
1479 3271 1634 3325 illum
1685 3273 2065 3341 processisset,

484 3356 741 3413 lalsitatis
765 3360 952 3429 utique
980 3374 1361 3431 argumentum
1386 3365 1525 3419 hanc
1554 3366 1875 3419 sententiam
1896 3364 2067 3421 fuisse

487 3455 762 3509 daturam.
800 3453 867 3507 At
902 3468 1007 3508 non
1036 3457 1127 3524 qui
1178 3456 1328 3511 dicat
1354 3471 1451 3526 per
1499 3456 1696 3512 Filium
1756 3456 1899 3512 facta
1944 3473 2069 3513 esse

484 3543 693 3607 omnia,
747 3544 922 3613 ipsum
987 3560 1112 3600 mox
1147 3549 1388 3601 onmium
1436 3560 1659 3604 naturas
1709 3550 1942 3604 subiisse
1985 3550 2069 3603 di-

486 3633 670 3698 xerit;
706 3634 845 3689 absit
878 3635 893 3689 ί
930 3634 1036 3691 Sed
1084 3635 1213 3708 [hoc
1276 3636 1475 3710 solum]
1532 3638 1699 3709 ipsius
1741 3640 1854 3694 haec
1902 3638 2069 3693 fuisse

486 3735 787 3784 creaturas.

564 3817 854 3887 Sapienter
886 3821 1082 3876 deinde
1129 3824 1387 3877 mundum
1423 3824 1491 3878 ab
1516 3825 1706 3879 eodem
1737 3836 1984 3879 creatum
2017 3832 2074 3878 et

491 3920 803 3965 recreatum
854 3916 1078 3968 asserit.
1144 3915 1543 3986 Argumentum
1599 3920 1745 3970 enim
1796 3917 1900 3971 hoc
1948 3931 2073 3971 esse

487 4004 736 4068 evidens,
764 4019 873 4072 quo
926 4007 1015 4073 qui
1052 4006 1282 4062 Manetis
1332 4010 1559 4063 insanias
1609 4011 1945 4074 adhaereant,
1987 4025 2072 4063 re-

488 4093 677 4163 dargui
719 4095 951 4162 possint.
1003 4097 1137 4151 Nam
1165 4100 1210 4152 si
1250 4099 1414 4169 impia
1495 4100 1582 4154 illa
1634 4098 2061 4154 Maniclnrorum

491 4185 671 4250 turba,
704 4202 828 4240 cum
844 4188 909 4241 ab
932 4188 1121 4243 eodem
1150 4202 1442 4261 utrumque
1465 4207 1618 4246 sacra
1647 4190 1927 4261 Scriptura
1958 4206 2075 4261 per-

490 4274 692 4331 lectum
758 4279 981 4343 clamat,
1029 4291 1209 4335 tamen
1259 4283 1497 4337 universi
1521 4284 1794 4352 opilicium
1827 4283 1948 4337 Filii
1987 4284 2077 4335 ad-

489 4372 733 4426 versario
769 4374 1060 4429 nesciocui
1093 4378 1382 4432 attribuit:
1416 4379 1481 4432 ad
1536 4393 1657 4447 quae
1709 4393 1816 4432 non
1867 4374 2072 4449 [putas]

2166 1890 2266 1943 ὅσα
2303 1890 2621 1966 θεοπρεπῆ,
2657 1887 2870 1961 Πατρός
2913 1903 2972 1944 τε
3000 1891 3095 1945 καὶ
3125 1891 3284 1959 Υίοῦ,
3327 1894 3420 1947 ἐπὶ
3449 1895 3623 1966 μέντοι
3650 1900 3728 1953 τὸν

2178 1960 2398 2050 Πατέρα
2429 1960 2726 2049 ἀνάγεσθαι
2758 1960 2855 2035 καὶ
2888 1982 2989 2036 ὅσα
3023 1980 3242 2051 λέγεται
3274 1986 3404 2056 περὶ
3444 1960 3536 2040 τοῦ
3596 1988 3729 2058 Υίοῦ,

2166 2072 2325 2141 εῐπερ
2384 2068 2477 2125 καὶ
2527 2066 2689 2136 αὐτὸς
2713 2075 2741 2126 ὁ
2772 2072 2935 2137 Υίός⁸
2968 2074 3167 2128 οὐκοῦν
3204 2076 3306 2129 οὐκ
3350 2077 3589 2149 ἐξίστησι
3635 2082 3728 2136 τῶν

2163 2164 2343 2236 ἔργων
2374 2164 2465 2218 τὸν
2494 2165 2735 2236 Πατέρα,
2766 2162 2804 2220 ἃ
2836 2166 3056 2235 λέγεται
3105 2168 3371 2239 πράττειν
3403 2172 3431 2224 ὁ
3460 2171 3600 2237 Υἱὸς,
3629 2192 3731 2228 συν-

2164 2256 2372 2325 εισάγει
2428 2256 2485 2309 δὲ
2501 2256 2546 2288 ’⁸
2581 2250 2784 2326 μᾶλλον
2829 2259 2923 2312 καὶ
2976 2264 3330 2332 συνανυμνεῖ.
3364 2263 3484 2317 Ἔτι
3529 2264 3582 2318 δὲ
3622 2267 3729 2320 ἐπεὶ

2163 2348 2313 2415 δεξιὰ
2336 2348 2429 2402 τοῦ
2447 2349 2660 2419 Πατρδς
2679 2344 2870 2416 όΥίὸς,
2902 2352 2996 2405 καὶ
3026 2354 3297 2423 Βραχίων,
3326 2348 3418 2408 καὶ⁸
3444 2356 3621 2426 Σοφία,
3655 2357 3733 2413 καὶ

2163 2440 2355 2509 Λόγος,
2387 2440 2481 2494 καὶ
2509 2441 2750 2511 Δύναμις
2778 2458 2793 2472 ο
2826 2438 2854 2495 ό
2881 2442 2939 2496 δὲ
2972 2444 3164 2515 Πατὴρ
3186 2445 3395 2497 τούτων
3421 2445 3571 2500 οὐδὲν
3616 2444 3734 2501 εἴναι

2164 2532 2381 2601 λέγεται
2417 2533 2511 2586 τοῦ
2542 2533 2695 2599 Υίοῦ,
2731 2534 2955 2599 εἰκότως
2994 2535 3084 2588 διὰ
3117 2537 3216 2606 μὲν
3252 2535 3352 2589 τοῦ
3390 2537 3521 2591 Υίοῦ
3574 2538 3730 2592 πάντα

2166 2627 2337 2678 ποιεῖν
2356 2626 2383 2676 ὁ
2410 2624 2600 2696 Πατὴρ
2632 2626 2824 2697 ῥηθείη
2844 2626 2931 2694 ἂν,
2968 2629 3093 2681 ἐπεὶ
3126 2629 3222 2680 καὶ
3254 2629 3346 2697 ἐφ’
3376 2629 3531 2698 ἡμῶν
3553 2630 3723 2702 ήαύτὴ

2166 2713 2450 2786 θεωρεῖται
2494 2715 2671 2783 τάξις,
2723 2718 2782 2771 οὑ
2820 2716 2928 2789 μὴν
2970 2719 3242 2774 ἀνάπαλιν
3286 2720 3316 2770 ὁ
3344 2719 3469 2784 Υἱὸς
3519 2719 3604 2774 διὰ
3644 2716 3727 2776 τοῦ

2167 2807 2402 2878 Πατρός.

2251 2901 2479 2970 Ἐπὰγει
2508 2901 2565 2953 δὲ
2590 2903 2683 2956 καὶ
2711 2900 2906 2973 ἑτέραν
2937 2901 3138 2969 αἰτίαν,
3172 2902 3234 2955 οὐ
3266 2902 3370 2974 τῆς
3402 2900 3497 2956 νῦν
3524 2902 3735 2974 εἰρημέο

2168 3008 2266 3064 νης
2296 2994 2551 3063 ἀπορίας,
2580 2995 2680 3064 τῆς
2700 2994 2757 3047 δὲ
2780 2994 2886 3065 πρὸ
2919 2993 3170 3064 βραχέος,
3202 2995 3307 3047 οὐκ
3338 2995 3459 3063 ἐμοὶ
3485 2995 3731 3050 δοκοῦσαν

2167 3087 2228 3139 τὸ
2250 3087 2543 3140 ἀκόλουθον
2597 3087 2811 3152 σώζειν.
2848 3088 3011 3155 Λέγει
3045 3088 3152 3160 γὰρ
3182 3087 3256 3151 ὼς
3296 3088 3421 3142 ἐπεὶ
3450 3090 3621 3143 πάντα
3656 3089 3731 3141 διὰ

2167 3179 2259 3231 τοῦ
2296 3177 2425 3232 Υἱοῦ
2455 3179 2787 3248 γεγενῆσθαι
2816 3179 3055 3248 λέγεται,
3091 3181 3141 3233 εί
3178 3179 3253 3251 μὴ
3295 3180 3391 3235 καὶ
3416 3182 3448 3252 ἡ
3478 3180 3731 3250 σάρκωσις

2163 3274 2231 3325 δι’
2261 3271 2426 3324 αὐτοῦ
2451 3272 2710 3343 προῆλθε,
2744 3270 2973 3342 ψεύδους
2992 3271 3059 3325 ἂν
3087 3273 3115 3325 ὁ
3145 3273 3326 3341 Λόγος
3382 3268 3601 3344 ἔλεγχον
3632 3273 3728 3327 ὲδί⁴

2167 3364 2281 3417 δου.
2339 3364 2414 3417 Οὐ
2441 3361 2550 3434 γὰρ
2602 3363 2823 3417 ἐπειδὰν
2851 3362 2985 3435 λέγῃ
3015 3362 3105 3416 διὰ
3127 3362 3222 3417 τοῦ
3252 3363 3390 3417 Υίοῦ
3436 3363 3741 3434 γεγενῆσθαι

2168 3457 2368 3521 πάντα,
2415 3456 2577 3508 αὑτὸν
2607 3454 2704 3526 τὴν
2731 3454 2956 3508 ἐκείνων
2987 3454 3148 3524 φύσιν
3184 3456 3529 3527 ὑποδραμεῖν
3567 3454 3733 3523 λέγοιο

2173 3549 2251 3619 μὴ
2284 3550 2527 3618 γένοιτοο
2577 3547 2692 3601 ἀλλ’
2728 3548 2813 3601 ὅτι
2864 3546 3031 3601 αὑτοῦ
3097 3547 3563 3621 δημιουργήματα
3606 3549 3744 3616 γέγο-

2178 3656 2290 3693 νεν.

2242 3816 2377 3873 Εἶτα
2433 3818 2614 3889 σοφῶς
2641 3816 2700 3872 δὲ
2732 3819 2833 3891 τήν
2878 3835 2938 3871 τε
2964 3818 3338 3889 δημιουργίαν
3382 3817 3477 3872 καὶ
3505 3817 3601 3887 τὴν
3628 3816 3744 3869 ἀνά-

2173 3914 2368 3967 πλασιν
2405 3913 2470 3965 δι’
2500 3911 2665 3965 αὐτοῦ
2717 3911 2855 3982 φησὶ
2883 3909 3168 3982 προελθεῖν
3190 3927 3204 3941 '
3239 3908 3463 3981 ἔλεγχον
3490 3910 3595 3980 γὰρ
3628 3903 3748 3962 εἶναι

2173 4006 2362 4059 τοῦτον
2381 4006 2426 4037 ²⁰
2486 4004 2635 4074 σαφῆ
2663 4003 2773 4057 τῶν
2823 4003 2933 4057 ἀπὸ
2979 4003 3083 4074 τῆς
3112 4004 3156 4036 ³ο
3212 4003 3496 4066 Μανὲντος
3544 4000 3742 4071 μανίας.

2174 4098 2237 4150 Εἰ
2258 4095 2368 4167 γὰρ
2430 4096 2523 4150 καὶ
2551 4095 2620 4148 δι’
2651 4094 2818 4149 αὐτοῦ
2854 4094 3118 4163 ἑκάτερον
3171 4093 3274 4164 τῆς
3330 4095 3486 4165 ἱερᾶς
3540 4091 3743 4162 Γραφῆς

2174 4187 2506 4258 γεγενῆσθαι
2564 4187 2777 4258 βοὼσης
2822 4187 2974 4259 ὅμως
3000 4189 3100 4259 τὴν
3130 4186 3224 4241 τοῦ
3258 4188 3464 4247 παντὸς
3492 4187 3743 4256 δημιουρ-

2175 4283 2301 4351 γίαν
2352 4283 2432 4346 είς
2487 4281 2868 4351 ἀντικείμενόν
2916 4298 3039 4335 τινα
3093 4279 3175 4350 τῷ
3229 4279 3347 4351 Υίῷ
3391 4280 3454 4332 τὸ
3508 4276 3746 4337 δυσσεϐὲς

2176 4375 2354 4427 ἐκεῖνο
2414 4374 2603 4442 στῖφος
2631 4372 2991 4444 ἀναφέρουσι,
3038 4370 3175 4443 πρὸς
3197 4371 3322 4425 τίνα
3355 4369 3424 4424 ἂν
3447 4366 3742 4437 δυσφημίαν

489 4461 778 4517 maledicta
809 4464 1210 4536 confugissent,
1240 4467 1286 4521 si
1339 4467 1407 4521 ab
1462 4468 1635 4521 altero
1664 4466 1866 4521 factum
1908 4483 2064 4521 mun-

2176 4467 2279 4520 οὐκ
2331 4465 2581 4536 ἦλασαν,
2638 4464 2688 4516 εί
2727 4463 2795 4516 δι’
2864 4463 3057 4535 ἑτέρου
3129 4462 3231 4532 μὲν
3288 4461 3391 4533 τὴν
3437 4459 3634 4513 πλάσιν
3681 4456 3739 4509 δι’

486 4550 637 4617 dum.
692 4556 761 4611 ab
800 4557 974 4613 altero
1025 4560 1286 4616 refectum
1323 4576 1495 4616 sacra:
1550 4560 1770 4614 Litterae
1819 4574 2065 4628 pronun-

488 4645 719 4700 tiassent
736 4648 761 4700 ?

556 4738 637 4793 Ad
667 4755 732 4794 ea
777 4756 898 4810 qua:
954 4744 1115 4797 modo
1149 4744 1433 4799 retulimus
1476 4744 1657 4813 capita
1713 4743 2063 4798 undecimum

487 4826 619 4880 illud
645 4829 851 4897 adjicit.
888 4831 1053 4905 Cum,
1090 4834 1265 4903 inquit
1302 4833 1510 4900 Jobius,
1549 4834 1834 4903 Scriptura
1871 4833 2069 4888 Filium

489 4936 586 4987 per
601 4923 977 4979 excellentiam
995 4927 1285 4994 quamdam
1305 4927 1627 4982 Creatorem
1654 4941 1853 4981 vocare
1878 4926 2070 4989 soleat,

483 5013 634 5078 justa
669 5014 831 5069 simul
875 5018 1280 5084 distributione,
1314 5028 1369 5073 et
1420 5034 1488 5073 ex
1545 5018 1901 5087 consequenti
1951 5032 2076 5073 cum

2172 4562 2364 4629 ἐτέρου
2385 4559 2443 4612 δὲ
2461 4558 2562 4628 τὴν
2605 4555 2915 4611 ἀνάπλασιν
2941 4555 3013 4609 τὰ
3042 4555 3165 4627 ίερὰ
3231 4554 3367 4626 ἡμῖν
3423 4548 3744 4624 ἐχρησμῴδει

2170 4654 2344 4721 Λόγια
2358 4668 2374 4718 ;

2257 4745 2383 4797 Ἐπὶ
2410 4742 2469 4797 δὲ
2510 4744 2624 4806 τοῖς
2656 4741 2974 4814 εἰρημένοις
3022 4740 3343 4811 κεφαλαίοις
3409 4742 3642 4793 ποιεῖται
3665 4730 3741 4801 ια’,

2177 4839 2251 4903 ὡς
2277 4838 2404 4910 [584
2420 4835 2512 4908 3.]
2532 4837 2822 4907 συνήθωςή
2848 4835 3041 4907 Γραφὴ
3059 4836 3179 4889 κατ’
3194 4834 3475 4905 ἐξαίρετον
3494 4836 3744 4903 Δημιουρ-

2181 4932 2279 4999 γὸν
2313 4928 2556 4983 καλοῦσα
2580 4927 2675 4980 τὸν
2733 4926 2862 4979 Υίὸν
2915 4925 3279 4994 οἰκονομικῶς
3329 4925 3483 4994 αὐτῷ
3534 4919 3667 4975 κατὰ
3694 4918 3744 4968 τὸ

2182 5017 2476 5073 ἀκόλουθον
2497 5016 2592 5069 καὶ
2606 5015 2705 5085 τὴν
2732 5014 2913 5087 κρίσιν
2938 5016 3034 5068 καί⁸
3056 5017 3155 5084 τὴν
3176 5013 3503 5086 νομοθεσίαν
3537 5009 3743 5079 ἐξαιρεῖ,

484 5104 794 5186 iudicandi,
836 5120 946 5163 tum
1000 5110 1146 5179 leges
1203 5111 1409 5165 ferendi
1448 5120 1775 5179 potestatem
1824 5108 2061 5178 privatin

2185 5108 2367 5180 πολλῷ
2413 5109 2471 5160 δὲ
2514 5107 2715 5178 μᾶλλον
2766 5106 2864 5161 καὶ
2912 5105 3012 5175 τὴν
3086 5107 3234 5174 (ἐπεὶ
3295 5103 3614 5174 συνετρίϐη)
3661 5097 3744 5150 τοῦ

486 5192 593 5265 Ipsi
618 5200 887 5265 decernit,
922 5217 987 5256 ac
1021 5202 1191 5257 multo
1246 5203 1410 5255 etiam
1464 5203 1634 5271 magis
1689 5198 1932 5271 (quando
1963 5201 2081 5253 hinc

488 5287 793 5344 deformata
835 5291 978 5362 erat)
1016 5304 1285 5347 creaturae
1342 5291 1676 5347 renovandae
1730 5290 2070 5347 facultatem.

2188 5203 2508 5271 πλάσματος
2561 5199 2883 5252 ἀνανέωσιν.
2915 5195 3266 5267 Δημιουργοῦ
3292 5195 3395 5266 μὲν
3425 5195 3534 5265 γὰρ
3564 5190 3744 5245 εἰδέναι

2182 5293 2281 5363 τὴν
2303 5289 2489 5361 φύσιν,
2520 5288 2699 5341 εἰδότα
2717 5287 2774 5340 δὲ
2806 5285 2950 5341 κατὰ
2978 5285 3138 5354 λόγον
3170 5285 3281 5339 τῶν
3307 5283 3613 5355 δεχομένων
3633 5275 3744 5337 τοὺς

561 5447 823 5519 'Joan.t,
846 5452 901 5507 5.
978 5453 1001 5484 ⁸
1034 5455 1194 5509 Rom.
1224 5469 1285 5521 ιι,
1322 5452 1412 5509 56.
1491 5453 1512 5485 ³
1544 5451 1712 5508 Hebr.
1745 5469 1788 5519 ι,
1815 5451 1872 5506 2.
1949 5453 1970 5483 ⁸
1996 5449 2064 5506 Ps

2184 5465 2340 5513 mu,
2374 5450 2427 5503 5.
2502 5443 2720 5501 "lCor.
2759 5444 2913 5510 κει.
2988 5442 3191 5501 ‘Joan.
3231 5460 3270 5508 ι,
3328 5442 3351 5495 1
3414 5433 3739 5511 seqq.;Psal.

494 5532 670 5585 mm,
697 5522 752 5574 8.

1792 5608 2024 5666 VARle
2067 5607 2473 5666 LECTIONES.

561 5724 830 5798 "_7:dvca]
883 5724 1036 5782 Joan.
1073 5743 1110 5797 ι,
1139 5726 1199 5781 ’5.
1281 5728 1325 5759 ⁸⁸
1363 5724 1443 5797 ἐξ]
1482 5725 1639 5781 Rom.
1675 5740 1750 5791 XI,
1785 5724 1873 5779 56.

500 5794 545 5826 ³ο
571 5795 671 5865 τῆς
698 5794 905 5851 οιιιῘΛ.
996 5860 1009 5867 ς

1972 5725 2014 5755 ²⁷
2050 5722 2115 5777 δι’
2138 5715 2223 5792 οὗ]
2289 5722 2451 5777 llcbr.
2503 5736 2540 5785 t,
2571 5718 2625 5772 ἓ.

2735 5720 2781 5751 ³⁸
2808 5719 2864 5772 δὲ
2907 5718 2945 5771 Α
2986 5737 2997 5772 :
3037 5718 3093 5772 δὲ
3140 5716 3233 5772 καὶ
3282 5734 3341 5782 ς.
3447 5717 3491 5749 ²⁹
3512 5713 3659 5767 τοῦτο
3682 5710 3736 5763 Δ.
