4032 6454
308 341 410 405 741

1397 326 1921 392 BIBIJOTHECA.
1943 348 2011 361 —
2037 322 2199 384 COD.
2229 320 2513 382 CCXXII.

3464 313 3571 377 742

304 454 510 520 νόμους
540 447 839 517 εἰσφέρειν,
872 443 1160 516 νομοθέτου
1205 442 1262 495 δὲ
1291 441 1386 496 καὶ
1419 441 1517 509 τὴν
1547 438 1724 509 κρίσιν
1766 435 1896 506 ἔχειι

2011 430 2318 485 Conditoris
2365 431 2563 484 etenim
2602 436 2686 483 est
2726 436 3034 483 creaturam
3068 441 3253 489 nosse,
3282 436 3336 480 et
3357 426 3444 481 ubi
3474 444 3571 482 no-

303 542 418 593 τῶν
454 556 521 591 τε
556 539 599 570 ³¹
636 539 764 601 τοὺς
788 537 984 607 νόμους
1018 533 1381 603 ὑπεριδόντων
1425 532 1522 584 καὶ
1536 531 1651 584 ὅσοι
1680 527 1799 581 κατ’
1829 526 1898 579 αὑ

301 633 434 694 τοὺς
469 629 917 683 ἐπολιτεύσαντο.
942 625 1035 679 Διὸ
1051 627 1146 679 καὶ
1171 622 1416 691 όηατὴρ
1432 623 1475 654 ³¹
1505 621 1658 691 φησὶ,
1684 618 1902 687 κρίνει-

300 720 554 784 abderet,
582 720 751 773 ἀλλὰ
774 717 888 785 τὴν
928 716 1131 784 κρίσιν
1156 714 1364 769 πᾶσαν
1390 713 1610 767 δέδωκε
1628 710 1710 776 τῷ
1747 704 1857 772 Υίῷ
1882 721 1896 735 ο

299 812 399 864 καὶ
425 810 623 872 πάλιν,
640 808 705 861 Ὀ
741 806 945 874 Πατὴρ
969 806 1012 838 ³³
1031 804 1233 875 ἀγαπᾷ
1266 803 1374 858 τὸν
1401 802 1557 867 Υίὸν,
1579 800 1681 855 καί
1703 799 1903 852 πάντα

289 904 568 959 δέδωκεν
591 902 667 954 ἐν
706 900 784 969 τῇ
832 899 983 969 χειρὶ
1026 899 1233 954 αὑτοῦ.
1282 898 1380 959 Ὃς
1434 893 1791 950 ἀναπλάττων
1839 886 1900 944 τὸ

2002 523 2167 587 verit,
2200 536 2297 589 pro
2317 520 2725 588 suscipientiqu
2757 518 3069 575 conditione
3094 517 3239 585 leges
3269 519 3429 571 ferre.
3462 518 3565 573 Le-

2002 612 2279 682 gislatoris
2313 613 2509 685 183a
2544 627 2671 667 vero
2698 620 2782 666 est
2833 609 3099 678 judicium
3150 608 3317 673 ferre,
3346 624 3468 662 cum
3513 609 3569 662 in

2000 718 2097 757 eos
2122 702 2213 770 qui
2234 702 2404 772 legem
2428 702 2760 772 spreverint,
2778 709 2890 755 tum
2923 700 2976 754 in
3000 714 3115 762 eos,
3148 699 3241 769 qui
3278 698 3571 753 secundum

2000 793 2150 848 illam
2182 792 2413 847 vixerint
2447 809 2460 845 :
2502 794 2702 859 Quare,
2740 792 2935 863 inquit,
2985 789 3148 845 Pater
3211 808 3313 844 non
3360 790 3575 860 judicat

1998 900 2330 954 quamquam,
2386 886 2475 938 sed
2521 900 2671 937 omne
2718 884 2981 952 judicium
3039 883 3183 936 dedit
3235 879 3457 936 Filio’.
3512 880 3577 933 Et

1998 974 2236 1030 iterum:
2297 973 2461 1028 Pater
2506 974 2675 1044 diligit
2722 972 2951 1041 Filium,
3000 983 3047 1027 et
3108 974 3286 1026 omnia
3333 973 3474 1025 dedit
3522 974 3575 1024 in

1998 1085 2160 1122 manu
2185 1067 2302 1135 ejus
2328 1067 2395 1122 ¹⁶.
2430 1066 2531 1134 Qui
2559 1078 2868 1121 creaturam
2897 1080 2995 1135 per
3052 1074 3229 1120 semet
3281 1064 3573 1133 refingens,

1996 1172 2049 1215 et
2077 1160 2287 1229 primus
2320 1157 2466 1229 leges
2492 1157 2739 1226 implens,
2774 1157 3079 1226 exemplum
3114 1156 3269 1211 nobis
3314 1156 3573 1224 degenda:

1994 1251 2121 1306 vita:
2162 1251 2399 1320 seipsum
2459 1250 2766 1319 praescrihit
2798 1268 2811 1303 :
2849 1265 3009 1318 quam
3044 1249 3210 1303 vitam
3270 1247 3427 1302 facile
3495 1258 3575 1300 est

1999 1353 2146 1397 recte
2192 1340 2499 1403 instituere.
2552 1340 2599 1393 si
2656 1340 2819 1394 modo
2872 1341 2923 1393 in
2985 1339 3308 1409 principem,
3331 1348 3385 1393 et
3414 1354 3576 1392 manu

1999 1434 2286 1488 ducentem
2332 1431 2708 1501 respiciamus.
2750 1430 2997 1498 Optimus
3039 1431 3235 1499 quippe
3292 1429 3572 1497 legislator

1998 1523 2107 1586 ille,
2142 1523 2232 1591 qui
2261 1536 2366 1576 non
2388 1521 2567 1576 verbis
2587 1521 2744 1574 modo
2768 1521 2893 1589 quid
2916 1524 3205 1589 agendum,
3239 1519 3334 1574 sed
3363 1521 3578 1575 actione

1996 1615 2173 1685 potius
2207 1615 2319 1682 ipsa
2350 1613 2525 1682 pncit,
2558 1627 2716 1682 quam
2741 1614 2903 1666 etiam
2927 1614 2997 1667 ob
3026 1626 3140 1666 rem
3183 1612 3415 1667 dicitur:
3444 1610 3576 1678 Qua:

1996 1707 2146 1776 cwpit
2175 1705 2328 1759 Jesus
2352 1705 2522 1773 facere
2545 1712 2595 1756 et
2616 1703 2796 1756 docere
2822 1705 2885 1758 “.

373 1811 631 1883 Ἒφεξῆς
658 1810 716 1865 δὲ
750 1809 905 1881 ζητεῖ
934 1808 1039 1864 Διὰ
1068 1808 1126 1862 τί
1144 1807 1231 1878 μὴ
1256 1805 1331 1861 δι’
1360 1802 1677 1873 ἀνθρώπου
1705 1802 1744 1869 ἡ
1778 1814 1896 1854 σω-

2072 1794 2159 1858 ll,
2195 1791 2402 1859 Quaerit
2431 1790 2653 1844 deinde:
2688 1790 2867 1854 Quare
2917 1806 3022 1845 non
3078 1806 3173 1858 per
3210 1789 3472 1843 hominem
3504 1788 3570 1839 sit

270 1878 482 1969 τηρίά
509 1920 529 1968 ;
622 1902 726 1956 Διά
757 1878 817 1955 τί
843 1900 926 1969 μὴ
973 1899 1232 1969 ἄγγελος
1280 1893 1750 1964 ἑνηνθρώπησε;
1777 1889 1888 1943 Καί

2000 1885 2144 1953 facta
2177 1881 2402 1935 saluatio
2438 1880 2621 1934 ?aut:
2662 1878 2839 1944 Quare
2892 1896 2995 1933 non
3041 1879 3257 1949 angelus
3313 1880 3577 1948 quispiam

271 1967 474 2063 φησιν
624 1967 1118 2066 πεπραγμάτευται
1156 1990 1257 2061 μὲν
1286 1988 1549 2050 πολλάκις
1576 1985 1642 2038 δι’
1682 1982 1892 2055 ἀνθρώ-

2000 1988 2205 2026 carnem
2225 1971 2456 2025 induerit
2482 1971 2507 2023 ?
2539 1967 2870 2039 Respondet,
2907 1978 3166 2023 tentatam
3209 1970 3425 2037 quidem
3477 1972 3575 2021 hn-

266 2055 415 2138 αιτιοι)
455 2055 584 2140 τῶν.
613 2055 892 2157 ὁμογενέῐίν
933 2086 967 2155 ἡ
997 2055 1265 2154 σωτηρία,
1293 2080 1488 2150 ὥσπερ
1522 2077 1611 2131 διὰ
1649 2075 1891 2138 Μωσέως

2000 2061 2204 2115 tninum
2252 2060 2479 2115 salutem
2514 2073 2611 2128 per
2630 2058 2875 2112 homines
2898 2072 3001 2111 non
3041 2056 3229 2120 semel,
3254 2074 3349 2126 per
3374 2055 3577 2109 Mosem

267 2182 391 2231 καὶ
424 2178 528 2231 διὰ
553 2147 661 2230 τῶν
689 2147 1006 2248 προφητῶν,
1028 2147 1292 2228 ἀλλῗούδὲ
1320 2172 1379 2226 ἒν
1399 2147 1692 2240 ὁλόκληρον
1715 2167 1889 2234 ἔθνος,

2001 2153 2259 2208 nimirum
2314 2161 2370 2206 et
2423 2150 2743 2219 pr0phetas:
2808 2150 2902 2204 sed
2971 2164 3245 2215 nunquam
3296 2147 3380 2201 vel
3418 2162 3579 2200 unam

268 2270 408 2323 τῶν
452 2241 936 2338 Ἰουδαίων-λέγω,
965 2267 1061 2320 τοῦ
1088 2265 1269 2319 κοινοῦ
1291 2262 1614 2335 ἀνερρώσθη
1649 2260 1892 2333 νοσήμα-
2000 2247 2235 2317 aliquam
2312 2254 2550 2317 Semel“,
2601 2253 2768 2338 ῑοίίξηᾟ
2820 2241 3127 2297 δυάτθοτυιη
3170 2252 3322 2310 Pmao
3365 2241 3433 2294 ³1)
3487 2242 3578 2294 Ῐ¹¹ο

269 2380 412 2426 τος.
437 2362 571 2424 Πῶς
598 2360 657 2413 δὲ
679 2361 772 2414 καὶ
794 2334 1085 2431 ἀνθρώπου
1114 2357 1175 2410 τὸ
1201 2357 1324 2410 ὅλον
1347 2334 1577 2427 φῦραμα
1602 2354 1895 2426 νενοσηκὸς

2002 2339 2277 2398 communi
2302 2339 2494 2393 morbo
2520 2336 2864 2391 convaluisse
2900 2353 2914 2389 :
2951 2334 3223 2405 quomodo
3255 2335 3423 2405 igitur
3473 2334 3573 2388 hu-

274 2454 658 2520 ὲξιάσασθαι,
692 2452 727 2523 ἢ
762 2451 851 2505 τὸν
895 2450 1113 2521 ἰσχυρὸν
1139 2448 1333 2519 δῆσαι,
1379 2447 1477 2500 καὶ
1512 2447 1704 2500 τούτου
1738 2445 1895 2517 διαρ-

2002 2449 2218 2489 manum
2270 2448 2440 2503 genus
2470 2431 2782 2485 universum
2813 2469 2830 2492 ,
2883 2430 3074 2484 morbo
3120 2437 3453 2498 correptum,
3489 2444 3576 2483 3a-

276 2547 489 2599 πᾶσαι
521 2549 590 2599 τὰ
621 2520 824 2614 metu;
851 2520 979 2614 [soi
1009 2520 1103 2613 H.]
1132 2541 1256 2603 Πῶς
1289 2539 1346 2593 δὲ
1367 2540 1461 2592 καὶ
1496 2537 1650 2607 ψιλὸς
1684 2537 1895 2607 ἄνθρω-

2001 2534 2245 2590 nossent,
2278 2533 2371 2577 aut
2433 2522 2628 2577 fortem
2676 2523 2938 2592 ligasseut
2966 2520 3031 2586 ¹³,
3067 2532 3231 2590 atque
3269 2522 3385 2591 ejus
3426 2536 3579 2575 arma

280 2656 406 2699 πος
436 2638 507 2691 τὸ
534 2635 793 2706 ὁμογενὲς
830 2632 1188 2704 ὲξεκάθηρεν,
1224 2631 1387 2693 αὐτὸς
1432 2629 1656 2700 μέτοχος
1696 2627 1774 2680 ὢν
1800 2626 1893 2680 τοῦ

2003 2614 2400 2671 abstulissent?
2436 2614 2716 2681 Quomodo
2756 2629 2886 2668 vero
2917 2628 3088 2684 purus
3124 2616 3285 2667 homo
3329 2614 3573 2681 ejusdem

282 2731 709 2803 ρυπάσματος;
757 2727 968 2793 Οὐδεὶς
997 2726 1042 2758 ⁸⁸
1081 2727 1191 2796 γὰρ
1228 2726 1343 2780 ἀπὸ
1372 2724 1572 2792 ῥύπου
1613 2722 1893 2788 καθαρός.

291 998 533 1066 πλάσμα
559 993 633 1047 δι’
661 992 882 1057 ἑαυτοῦ,
930 992 1028 1046 καὶ
1055 990 1272 1061 πρῶτος
1299 989 1426 1052 τοὺς
1460 987 1659 1057 νόμους
1691 982 1899 1053 ἐκπλη-

296 1090 437 1160 ρῶν,
466 1086 845 1157 ὑπογραμμὸν
889 1087 1020 1155 ἡμῖν
1048 1084 1243 1138 ἑαυτὸν
1271 1084 1565 1154 προτάττει
1596 1078 1895 1140 πολιτείας,

296 1181 371 1253 ἣν
396 1181 463 1234 οὺ
500 1177 850 1248 κατορθῶσαι
900 1177 1136 1248 χαλεπὸν
1186 1175 1324 1247 πρὸς
1374 1174 1465 1227 τὸν
1519 1169 1761 1241 ἀρχηγὸν
1795 1169 1895 1235 ἀφ·

304 1275 559 1345 ορῶντις
587 1271 681 1325 καὶ
708 1270 1072 1342 χειραγωγόν.
1106 1270 1365 1339 ’Ἄριστος
1400 1267 1457 1320 δὲ
1487 1263 1808 1336 νομοθέτης,
1836 1259 1897 1323 ὃς

309 1368 389 1435 μὴ
420 1366 560 1434 λόγῳ
608 1363 777 1434 μόνον
820 1363 883 1416 τὸ
923 1361 1232 1434 πρακτέον,
1299 1360 1480 1432 ἔργοις
1496 1360 1543 1391 ⁸⁵
1584 1357 1640 1410 δὲ
1693 1355 1891 1426 μᾶλλον

300 1457 620 1525 νομοθετεῖ·
651 1455 734 1508 διὸ
774 1456 869 1511 καί
913 1471 1078 1524 φησιν
1099 1472 1115 1487 ο
1147 1447 1324 1509 ’Ὧν-³⁸
1345 1452 1573 1522 ἤρξατο
1593 1452 1637 1505 δ’
1660 1446 1893 1517 Ἰησοῦς

290 1547 501 1601 ποιεῖν
531 1564 601 1601 τε
639 1547 744 1603 καί
778 1545 1113 1601 διδάσκειν.

2002 2721 2187 2762 secum
2237 2715 2445 2760 natura:
2503 2705 2779 2760 hominem
2830 2714 3209 2774 expurgasset,
3254 2705 3570 2759 earumdem

2002 2799 2119 2867 ipse
2144 2800 2409 2868 particeps
2430 2798 2715 2853 sordium?
2750 2796 2916 2852 Nemo
2950 2800 3090 2850 enim
3120 2817 3151 2852 a
3201 2799 3355 2852 sorde
3402 2815 3564 2850 mun-

285 2824 435 2878 Οὐδ’
468 2822 705 2891 ἀγγέλου
755 2820 814 2873 δέ
861 2836 1007 2882 τινος
1046 2813 1137 2889 ἦν,
1171 2818 1219 2870 εί
1250 2815 1347 2886 τὴν
1394 2815 1671 2885 σάρκωσιν
1704 2810 1895 2864 ἐπετέ-

2002 2890 2102 2943 dus
2132 2888 2195 2944 “‘.
2234 2888 2419 2958 Neque
2446 2903 2633 2942 rursus
2666 2888 2841 2958 angeli
2871 2887 3031 2941 ullius
3062 2897 3202 2955 erat,
3236 2888 3280 2943 si
3329 2887 3405 2942 illi
3430 2902 3579 2941 com-

283 2936 321 2967 τ
331 2931 549 2986 parum,
572 2913 671 2976 τὰς
700 2912 875 2982 ἀρχὰς
906 2911 1001 2964 καὶ
1031 2909 1127 2972 τὰς
1163 2906 1411 2974 ἐξουσίας
1446 2902 1810 2977 θριαμϐεῦσαι
1836 2920 1896 2955 τε

288 2978 405 3064 καὶ
452 2978 984 3080 παραδειγματίσαι.
1023 3002 1147 3065 Πῶς
1174 3002 1217 3054 δ’
1264 3001 1331 3055 ἂν
1377 2999 1561 3062 δοῦλος
1594 2996 1671 3049 ὢν
1717 2996 1784 3049 τὰ
1814 2996 1896 3048 δε-

2003 2983 2163 3035 missa
2198 2979 2733 3043 fuissetiucarnatio,
2755 2979 3088 3049 principatus
3117 2990 3172 3035 et
3211 2988 3508 3049 potestates
3533 2978 3578 3009 ’⁵

294 3070 555 3153 σποτικά
586 3098 678 3151 καὶ
702 3070 978 3167 βασιλικὰ,
996 3093 1088 3147 τοῦ
1119 3093 1285 3163 νόμου
1309 3091 1473 3158 λέγω,
1500 3088 1896 3161 προστάγματα

2004 3071 2059 3126 in
2114 3073 2446 3141 triumphum
2503 3072 2724 3135 ducere,
2766 3086 2829 3125 ac
2863 3072 3039 3140 palam
3074 3072 3389 3125 traducere.
3421 3070 3571 3135 Quo-

292 3194 453 3265 πρὸς
485 3192 586 3263 τὴν
615 3160 987 3259 εὐαγγελικὴν
1014 3160 1314 3250 πολιτείαν,
1337 3184 1406 3235 δι’
1437 3178 1505 3254 ἦς
1537 3160 1668 3251 ἡμῖν
1699 3181 1732 3250 ή
1763 3180 1896 3248 πρὸς

2003 3162 2164 3216 modo
2212 3162 2376 3216 etiam
2431 3177 2624 3215 servus
2660 3162 2926 3229 potuisset
2979 3160 3255 3214 Dominica
3305 3176 3369 3215 ac
3434 3160 3581 3229 regia

290 3251 582 3357 o6poivoii;
617 3251 824 3346 ἄνοδος,
877 3251 1280 3353 μετερρὑμιζέ
1315 3295 1377 3331 τε
1426 3251 1522 3332 καὶ
1549 3275 1895 3347 μετέταττεν,

2001 3261 2295 3322 prmcepta,
2350 3252 2504 3321 legis,
2536 3253 2777 3323 inquam,
2812 3252 2866 3306 in
2910 3253 3105 3306 melius
3156 3251 3284 3305 illud
3344 3264 3581 3319 evange-

291 3341 508 3446 ὥσπερ
534 3341 1075 3446 6-2wrijp,;Ejipé0'17I,
1101 3341 1372 3438 δίλέγων,
1392 3366 1474 3432 τῷ
1524 3341 1688 3434 γίόμῳ
1734 3361 1896 3427 τάδε,

2002 3345 2165 3398 licum
2195 3344 2503 3397 institutum
2541 3343 2660 3415 (per
2685 3344 2827 3412 quod
2859 3344 3014 3398 nobis
3040 3341 3262 3414 [solum]
3290 3344 3340 3395 in
3366 3341 3565 3395 cmlum

291 3468 424 3540 ἐγὼ
459 3433 532 3520 δὲ
562 3433 1094 3536 λέτωῖδλιῖῖτάδο,
1126 3433 1321 3525 πῶς’δ’
1363 3460 1429 3514 ἂν
1471 3457 1763 3529 ὁμοδούλου
1802 3472 1896 3509 κε-

2002 3440 2267 3489 asceu‘sus
2292 3434 2473 3492 datur)
2506 3435 2790 3489 immutato
2840 3435 3034 3487 ordine
3072 3434 3393 3495 reformare,
3434 3433 3575 3499 quod

290 3523 567 3622 λεύοντος
614 3523 686 3612 τθι
725 3523 981 3628 δοιιμὸνια
1036 3523 1132 3608 καὶ
1176 3523 1465 3608 ὁήτούτων
1504 3523 1688 3621 άρχων
1725 3548 1804 3612 είς
1839 3544 1896 3599 τὸ

2001 3526 2248 3582 Salvator
2300 3527 2450 3587 fecit,
2478 3527 2857 3581 cumdiceret:
2893 3525 3047 3579 Dicta
3080 3534 3198 3579 sunt
3226 3524 3334 3578 hazc
3371 3525 3425 3576 in
3451 3523 3583 3591 lege,

294 3654 511 3714 σκότος
547 3615 940 3720 ⁷ἀπεπέμπετο,
979 3648 1113 3702 ὅπου
1160 3664 1225 3716 γε
1261 3647 1290 3698 ὁ
1333 3615 1672 3716 ἀρχάγγελος
1714 3642 1759 3673 ³⁸
1798 3640 1896 3693 Μι-

2000 3628 2053 3672 αι
2101 3635 2193 3688 ego
2216 3619 2333 3672 dico
2365 3618 2510 3672 vobis
2541 3618 2604 3671 ⁸⁸.
2668 3618 2951 3683 Quomodo
2999 3617 3127 3670 item
3178 3615 3401 3685 jubeute
3449 3629 3582 3668 cor.-

2000 3722 2181 3775 servo,
2231 3708 2493 3763 da'monia
2552 3723 2849 3778 eorumque
2909 3709 3161 3777 princeps
3215 3707 3268 3760 in
3329 3706 3582 3761 tenebras

2002 3799 2349 3854 mitterentur
2377 3838 2391 3865 ,
2428 3800 2886 3869 quandoquidem,
2938 3798 3166 3854 Michael
3223 3796 3583 3864 archangelus

2001 3900 2100 3960 pro
2137 3891 2253 3947 solo
2309 3890 2497 3956 Mosis,
2550 3900 2607 3946 et
2654 3892 2869 3960 quidem
2920 3892 3079 3961 justi,
3126 3905 3379 3960 corpore,
3444 3905 3565 3944 cum

2002 3983 2218 4037 diabolo
2242 3983 2545 4052 disputans,
2579 3996 2675 4051 per
2703 3998 2761 4037 se
2786 3999 2891 4036 non
2920 3992 3009 4037 est
3032 3998 3202 4038 ausus
3231 3982 3492 4052 judicium
3516 3982 3571 4035 ei

2003 4070 2208 4125 inferre
2264 4073 2616 4141 blasphemia:
2636 4073 2678 4104 ε’
2707 4073 2730 4126 ?
2759 4072 3041 4139 Quomodo
3103 4088 3292 4127 servus
3328 4072 3441 4141 ipse
3480 4087 3583 4125 uos

2003 4164 2070 4217 ad
2103 4162 2353 4218 ordinem
2410 4165 2789 4234 adoptivorum
2849 4168 3083 4221 evehere
3137 4163 3440 4234 potuisset?
3492 4173 3585 4216 aut

2002 4257 2274 4324 quomodo
2334 4264 2391 4308 ut
2439 4271 2581 4310 nunc
2641 4272 2737 4324 per
2793 4257 3005 4322 Filium,
3071 4258 3346 4325 cognitum
3395 4254 3590 4310 fuisset

2003 4362 2172 4417 genus
2197 4358 2581 4413 nostrum_uua
2605 4348 2918 4402 considendi
2958 4348 3010 4401 in
3040 4350 3215 4415 patrio
3244 4348 3442 4400 throno
3485 4362 3586 4414 po-

2008 4448 2259 4494 testatem
2298 4453 2421 4492 esse
2458 4437 2718 4491 nactum?

369 4552 583 4609 Ταῦτα
626 4550 851 4606 διελθὼν
898 4548 1284 4616 αἰτιολογεῖται
1336 4544 1412 4609 ὡς
1456 4545 1484 4598 6
1516 4541 1789 4612 Ἰορδάνης
1817 4539 1896 4593 κα¹

2090 4527 2216 4582 "me
2243 4527 2333 4581 ubi
2372 4528 2652 4589 disseruit,
2684 4542 2902 4581 causam
2940 4524 3135 4587 reddit,
3184 4539 3281 4576 cur
3324 4523 3591 4578 Jordanes

281 4653 323 4720 ἡ
356 4645 623 4716 Ἐρυθρὰ
658 4643 902 4696 θάλασσα
930 4614 1128 4694 Musaei
1153 4639 1250 4708 μὲν
1290 4638 1383 4694 καὶ
1412 4634 1569 4707 Ἠλίᾳ
1604 4633 1697 4687 καὶ
1729 4630 1896 4720 Ἐλισ-

2006 4630 2062 4675 et
2095 4634 2251 4674 mare
2305 4618 2570 4682 Rubrum,
2624 4618 2770 4673 Mose
2799 4618 2843 4649 ⁸⁸
2888 4617 3104 4686 quidem
3154 4625 3313 4684 atque
3364 4614 3481 4668 Elia
3537 4625 3591 4669 et

284 4709 460 4806 έαίιρ
505 4709 845 4786 διαϐαίνουσι
893 4728 1194 4799 σχίζονται,
1231 4726 1327 4780 καὶ
1373 4724 1498 4777 τότε
1542 4721 1603 4775 τὸ
1639 4720 1686 4752 δ⁰
1729 4719 1896 4780 αὐτοῖς

2008 4710 2204 4766 ΕΙίεαξο
2261 4711 2667 4765 transeuntibus
2692 4710 2733 4741 ¹⁹
2795 4709 3140 4763 dividantur:
3196 4719 3327 4761 tunc
3383 4722 3589 4776 przece-

281 4799 658 4903 πρόσταγμα
712 4822 806 4876 τοῦ
841 4820 1113 4875 Δεσπὸτου
1167 4815 1597 4885 δυσωπούμενα;
1646 4808 1896 4903 ἔργον-δὲ

2009 4815 2159 4876 ptum
2212 4805 2451 4868 Domini,
2483 4804 2626 4872 quod
2682 4802 2735 4856 in
2770 4802 2903 4870 ipsis
2931 4808 3074 4868 erat,
3102 4799 3333 4853 reverita
3365 4801 3594 4869 (naturm

279 4890 633 4995 (phoenica?)
661 4915 862 4986 βάρους
888 4909 1223 4981 ἐμπεσόντος
1247 4906 1325 4976 τῷ
1355 4905 1508 4958 ὕδατι
1541 4897 1889 4972 διασχίζεσθα

2010 4900 2209 4969 quippe
2240 4913 2378 4968 opus
2411 4906 2517 4963 est,
2558 4896 2800 4966 pondere
2828 4895 3038 4963 illapso,
3069 4909 3269 4963 aquam
3310 4890 3483 4945 scindi
3521 4906 3590 4946 ac

274 4983 350 5070 ’τε
381 5012 499 5066 καὶ
542 4983 866 5071 διίστασθαι,
901 5005 1043 5058 ὥστε
1099 5001 1160 5053 τὸ
1214 4997 1490 5070 ὑπερφυὲς
1529 4995 1596 5049 δι’
1627 4993 1809 5047 αὐτῶν
1844 4991 1896 5045 οε

2015 4991 2332 5055 discedere;
2370 4988 2558 5061 133s
2600 4988 2734 5039 sicut
2763 5001 2859 5055 per
2890 4985 3209 5039 miraculum
3242 4985 3311 5039 ab
3356 4983 3462 5038 illis
3498 4998 3593 5052 pa-

281 5101 716 5181 βελτιουμένης
755 5096 1058 5152 ἐτελειοῦτο
1095 5093 1196 5163 τῆς
1226 5091 1439 5161 φύσεως
1462 5106 1477 5119 ·
1520 5085 1825 5155 δεσποτικῷ
1851 5083 1896 5136 δὲ

2021 5090 2220 5136 tratum
2257 5082 2429 5135 nihilo
2498 5079 2664 5133 fuerit
2724 5088 2917 5131 natura
2973 5077 3324 5147 prmstantior
3375 5075 3591 5141 elfecta)

282 5166 447 5255 ἒποδὶ
494 5166 835 5248 ἐπιϐαίνοντι
879 5189 1070 5242 οὐκέτι
1120 5184 1219 5255 μὲν
1268 5185 1301 5252 ἡ
1354 5181 1599 5236 θάλασσα
1636 5182 1702 5249 τῇ
1751 5178 1889 5247 φύσε

2022 5172 2235 5226 Domini
2271 5167 2401 5227 vero
2433 5172 2567 5240 pede
2597 5170 2864 5233 calcante,
2924 5184 3030 5222 non
3068 5168 3182 5236 jam
3230 5166 3462 5235 amplius
3496 5180 3593 5234 pe-

282 5285 656 5348 δουλεύουσα
690 5282 959 5354 σχίζεται,
1009 5275 1309 5347 ὑπερφυῶς
1350 5273 1409 5325 δὲ
1440 5270 1785 5341 συντηροῦσα
1814 5267 1896 5339 τὴι

2025 5265 2178 5335 lagus
2220 5274 2429 5319 naturae
2482 5277 2591 5318 suae
2624 5263 2871 5317 serviens
2918 5261 3229 5314 dividatur:
3274 5260 3370 5313 sed
3424 5273 3592 5326 supra

383 5436 414 5468 ν
439 5430 603 5486 Joan.
637 5424 805 5490 v,22.
885 5422 928 5453 ¹⁰
954 5419 1110 5475 Joan.
1143 5432 1223 5490 tu,
1260 5415 1360 5490 a5:
1423 5413 1469 5490 _“
1502 5409 1792 5490 l__Pet_rLtt,

2000 5407 2203 5490 :’_Act..n
2229 5405 2362 5490 εινιὲ
2442 5404 2486 5437 ¹³
2506 5403 2637 5490 Luc.
2666 5418 2726 5469 ll,
2766 5401 2857 5457 22.
2935 5400 2980 5431 “
3000 5399 3101 5456 Job
3147 5416 3259 5465 nv,
3285 5400 3341 5454 4.
3419 5400 3461 5430 ⁸⁵
3490 5399 3597 5455 Co-

288 5473 693 5566 ιοεοῖἶῖζὶεἶ
716 5473 805 5527 Ἦ
827 5473 1019 5547 Matth.
1046 5506 1099 5554 ν,
1132 5473 1221 5541 ea;
1257 5485 1299 5516 ιτ
1332 5481 1485 5539 Judae
1520 5482 1574 5536 ε’.
1610 5483 1652 5514 ιο
1683 5473 1896 5536 Emme

2000 5478 2084 5533 21.
2162 5477 2203 5509 ¹⁹
2234 5475 2300 5531 lV
2324 5474 2458 5545 Reg.
2500 5490 2562 5540 tt,
2586 5473 2639 5528 8.

1602 5600 1838 5657 VARIA‘J
1878 5594 2288 5654 LECTIONES.

289 3743 478 3815 χαὴλ,
530 3741 658 3809 περὶ
698 3740 817 3802 ἑνὸς
866 3739 1120 3804 σώματος
1151 3735 1245 3789 τοῦ
1283 3736 1551 3798 Μωσέως,
1593 3732 1688 3784 καὶ
1730 3729 1900 3782 ταῦτα

285 3835 550 3895 δικαίου,
597 3832 675 3903 τῷ
726 3830 960 3900 διαϐόλῳ
1018 3827 1447 3899 διαφερόμενος,
1487 3825 1587 3877 οὐκ
1630 3821 1899 3891 ἐτόλμησε

289 3927 447 3998 παρ’
484 3923 680 3977 ἑαυτοῦ
715 3922 1041 3992 βλάσφημον
1075 3917 1379 3985 ἐξενεγκεῖν
1412 3916 1531 3969 κατ’
1572 3912 1737 3968 αὑτοῦ
1774 3911 1900 3982 κρί-

289 4036 435 4085 σιν;
483 4016 629 4088 Πρὸς
673 4014 950 4068 υἱοθεσίαν
982 4011 1039 4065 δὲ
1084 4010 1188 4062 ποῦ
1234 4008 1300 4062 ἂν
1345 4006 1506 4069 αὐτὸς
1538 4006 1689 4075 ἡμᾶς
1717 4001 1903 4065 δοῦλος

287 4112 377 4166 ὢν
408 4111 698 4179 ἀνήγαγεν
722 4106 805 4174 ³⁹;
844 4105 879 4177 ἢ
936 4103 1055 4165 πῶς
1104 4101 1170 4155 ἂν
1229 4098 1483 4170 σύνεδρον
1531 4096 1610 4168 τῷ
1649 4093 1901 4166 πατρικῷ

293 4204 498 4275 Θρόνῳ
529 4201 590 4254 τὸ
616 4198 910 4272 ἡμέτερον,
929 4196 1005 4259 ὡς
1042 4193 1134 4248 νῦν
1156 4191 1246 4246 διὰ
1274 4191 1368 4245 τοῦ
1399 4188 1552 4255 Υἰοῦ,
1578 4187 1903 4259 ὲγνωρίζετο

290 4298 576 4367 φύραμα.

394 5722 442 5752 ³¹
474 5734 539 5770 τε
573 5715 696 5769 add.
729 5713 795 5765 Δ.
873 5709 917 5740 ³²
947 5707 976 5760 6
1006 5702 1219 5777 Πατὴρ]
1250 5701 1407 5757 Joan.
1434 5714 1490 5760 v,
1518 5697 1611 5771 22.
1689 5695 1733 5727 ³³
1758 5696 1785 5748 6
1814 5691 2027 5816 Πατῢὶρ]
2053 5690 2209 5745 Joan.
2238 5705 2317 5751 Ill,
2337 5690 2434 5743 55.
2510 5686 2554 5719 “
2584 5687 2763 5753 ἔργοις
2789 5683 2843 5735 δὲ
2862 5697 3035 5763 ntnpr.
3072 5683 3137 5736 Α.
3214 5683 3258 5713 ³⁸
3286 5680 3384 5753 ων]
3418 5682 3533 5734 Art.
3554 5696 3594 5747 ι,

459 5787 516 5816 ια
565 5781 763 5816 magna
821 5779 915 5816 ιηιι
972 5786 1077 5816 νηοί
1116 5776 1150 5816 Α
1248 5774 1291 5806 87
1319 5767 1541 5816 ὲὸὸἐθηί
1590 5764 1784 5816 Matth.
1824 5781 1876 5816 ι’.
1904 5764 1959 5816 2'
1983 5804 1996 5816 .
2075 5762 2117 5793 ³⁸
2145 5763 2173 5813 6
2207 5760 2448 5816 ἀργάγγ.
2486 5756 2612 5811 Jud.
2646 5757 2700 5809 9.
2780 5754 2821 5784 "
2854 5753 3053 5816 ἁνηγεν
3086 5770 3146 5816 ς.
3221 5753 3266 5783 ⁴⁰
3294 5754 3355 5806 τὸ
3375 5752 3498 5807 add.
3526 5753 3592 5807 A.

298 5795 376 5853 1,
459 5752 539 5823 ³ἶῦ
565 5752 1219 5854 ,ιοῡῖκῐῖνξλῖη
1248 5752 1542 5844 ἱίὲβρέθή]
1590 5764 1784 5821 Matth.
1824 5781 1876 5829 ι’,
1904 5752 2027 5818 Ξέί
2075 5762 2117 5793 ³⁸
2145 5763 2173 5813 6
2207 5760 2448 5830 άρχάγγ.
2486 5752 2625 5811 Jud.
2646 5757 2700 5809 9.
2780 5754 2821 5784 "
2854 5752 3053 5821 ἀνῆγεν
3086 5770 3146 5817 ς.
3221 5753 3266 5783 ⁴⁰
3294 5754 3355 5806 τὸ
3375 5752 3498 5807 add.
3526 5753 3592 5807 A.
