4032 6454
546 371 651 436 743

1700 354 1965 418 ΡΠΟΤΙΙ
2002 351 2134 413 ΡΑἸ

2237 351 2509 413 ARCH/E
2544 352 2654 414 (ΞΡ.
3671 362 3759 426 ’144

545 492 825 543 naturam,
851 476 936 533 sui
974 474 1389 539 continuatione
1418 479 1657 534 servata,
1676 468 1986 524 subserviat
2010 464 2117 520 Do-

2237 464 2507 535 ιυνέχειαν
2544 463 2901 535 ὑπηρετεῖται
2922 461 3000 533 τῷ
3016 460 3279 535 Δεσπότῃ,
3304 463 3436 534 πρὸς
3462 464 3519 521 τὸ
3553 476 3761 542 κρεῖττον

548 574 719 637 mino,
756 570 939 639 seipso
973 567 1207 621 validius
1233 564 1510 620 eﬂ'ectum.
1543 561 1715 631 Igitur
1749 574 1901 615 mare
1954 559 2129 614 Imbe-

548 662 796 719 cillitatis
842 676 951 715 suae
990 658 1245 723 oblitum,
1283 666 1531 710 naturain
1598 653 1816 723 quidem
1875 665 1984 705 non
2032 651 2131 705 ab-

551 761 744 821 negat;
776 766 964 805 verurn
1002 749 1263 803 miraculo
1298 755 1521 802 retentas
1561 743 1994 800 continuatioois
2018 741 2130 796 Do-

552 845 706 909 mini,
731 858 830 913 per
867 841 997 895 illud
1039 840 1464 893 ambulationem
1497 837 1644 892 clare
1678 838 1813 889 satis
1852 835 2129 903 praedicat.

550 937 731 1003 Quare
786 950 889 990 non
932 934 1186 995 absurde,
1229 933 1324 995 ait,
1371 930 1630 999 conjiciat
1680 929 1880 998 aliquis
1940 929 2133 982 indivi-

551 1028 866 1081 sibilitatem
890 1027 1036 1079 illam
1069 1027 1119 1079 iu
1146 1024 1357 1077 Dmnini
1393 1038 1491 1093 per
1513 1038 1707 1091 aquam
1740 1020 2131 1085 ambulatione,

552 1119 780 1174 Deitatis
864 1116 1394 1183 iudivisibilitatem,
1450 1115 1767 1169 divisionem
1826 1128 1972 1178 vero,
2016 1127 2135 1182 quae

551 1209 741 1273 Mosis,
770 1217 825 1262 et
884 1208 1113 1262 aliorum
1163 1207 1498 1275 temporibus
1554 1203 1772 1267 accidit,
1844 1202 2132 1256 humanam

554 1300 979 1357 crassitudinem
1038 1299 1353 1368 signiﬁcare
1414 1296 1668 1366 quodque
1711 1309 1873 1350 nose
1927 1292 2135 1348 duobus

556 1394 727 1448 simus
770 1390 1080 1460 compositi,
1118 1389 1350 1443 materia
1399 1397 1455 1443 ct
1490 1388 1687 1455 forma,
1736 1401 1769 1441 e
1820 1384 2016 1455 quibus
2082 1392 2138 1441 et

554 1485 735 1540 omnia
761 1491 1018 1538 constant
1061 1496 1313 1550 corpora.

628 1579 716 1633 15.
743 1575 841 1631 His
855 1576 1038 1640 dictis,
1067 1575 1133 1628 ad
1169 1574 1385 1628 tertium
1416 1570 1686 1627 decimum
1738 1569 1932 1624 transit
1954 1578 2135 1639 caput,

555 1685 664 1738 qun
686 1667 880 1735 qumrit
911 1684 926 1721 :
963 1664 1075 1721 Cur
1104 1664 1373 1718 hominum
1402 1679 1564 1733 genus
1593 1665 1787 1716 nudam
1821 1677 1914 1731 per
1944 1660 2140 1715 divini-

556 1771 713 1814 tatem
754 1759 984 1814 Verbum
1021 1774 1125 1811 non
1167 1756 1463 1811 redemerit.
1504 1754 1583 1809 Ac
1627 1754 1859 1823 primum
1916 1753 2133 1824 quidem

557 1854 733 1908 dicit:
770 1851 999 1905 Etiamsi
1034 1851 1271 1903 maxime
1302 1849 1404 1902 hoc
1430 1847 1500 1902 ita
1532 1846 1735 1901 factum
1764 1845 1974 1911 fuisset,
2001 1844 2134 1899 nihil

554 1956 736 2001 tamen
803 1944 1109 2013 impediret,
1167 1942 1455 2011 quominus
1501 1939 1822 2008 stultiloqui,
1856 1948 1912 1993 et
1954 1937 2135 1992 omnia

556 2040 821 2093 audentes
855 2037 874 2109 (
904 2037 1169 2106 siquidem
1216 2049 1284 2088 ex
1332 2050 1394 2088 re
1434 2034 1674 2103 qualibet
1721 2031 1908 2087 vesani
1937 2030 2009 2085 illi
2040 2029 2139 2084 lio-

557 2131 734 2185 mines
751 2130 1020 2184 rationem
1050 2142 1080 2181 a
1106 2126 1217 2181 Deo
1248 2140 1534 2196 reposcere
1558 2124 1854 2180 insolenter
1880 2122 2135 2191 audeant)

555 2226 721 2278 alium
786 2236 980 2277 rursus
1046 2220 1265 2275 modum
1323 2218 1516 2275 salutis
1563 2217 1869 2288 requirant,
1927 2229 1993 2270 eo
2045 2214 2136 2284 qui

556 2315 756 2372 fuisset
793 2302 904 2369 non
938 2311 1202 2377 contenti,
1241 2324 1572 2379 rursumque
1602 2308 1712 2364 alio
1744 2309 1896 2372 dato,
1932 2315 2133 2362 etcum

558 2406 1005 2477 reprehendant,
1069 2412 1124 2459 et
1175 2403 1341 2457 alium
1397 2403 1776 2457 inconcessum
1834 2399 2135 2469 inquirant.

556 2498 781 2563 Deinde,
814 2510 934 2565 qua:
962 2496 1062 2549 hac
1094 2494 1267 2563 major
1291 2507 1412 2547 esse
1457 2490 1731 2546 dementia
1759 2490 1948 2560 possit,
1976 2504 2136 2559 quam

554 2589 608 2643 id
635 2588 975 2653 existimare,
1014 2601 1075 2641 se
1097 2588 1239 2654 quod
1265 2584 1530 2647 conferat,
1568 2595 1728 2636 nosse
1755 2595 1864 2651 pm
1890 2579 2021 2646 Deo,
2046 2578 2138 2649 qui

556 2693 615 2737 ut
644 2682 899 2737 universa
927 2678 984 2735 in
1014 2676 1284 2750 sapientia
1315 2674 1593 2747 produxit,
1625 2673 1702 2731 ita
1729 2673 1893 2730 etiam
1917 2686 2141 2730 conser-

552 2783 644 2827 vat
674 2773 698 2828 τ

627 2864 870 2918 Solvitur
911 2876 1041 2918 vero
1074 2861 1238 2916 etiam
1278 2857 1407 2914 illud
1459 2858 1594 2914 hic:
1643 2855 1925 2923 Quomodo
1967 2854 2137 2909 Deum

556 2968 668 3010 tutu
698 2955 1003 3011 communis
1032 2967 1250 3016 sensus,
1276 2962 1389 3007 tum
1416 2950 1595 3006 divina
1630 2948 1915 3019 Scriptura
1954 2947 2139 3003 omni-

552 3057 825 3119 potentem
880 3045 1161 3111 celebret;
1211 3043 1425 3099 divinus
1481 3056 1612 3097 vero
1677 3040 1876 3096 Paulus
1940 3040 2135 3097 dicat:

2233 556 2438 626 ἑαυτῆς
2490 555 2954 628 διακρατουμένη.
3011 554 3104 608 Διὸ
3157 556 3253 608 καὶ
3308 556 3371 609 τὸ
3438 560 3571 615 κατά
3622 566 3764 632 φύσιν

2233 649 2505 719 ἀγνοοῦσα
2522 650 2695 713 πάθος
2720 648 2819 719 τὴν
2842 648 3005 717 φύσιν
3036 647 3132 717 μὲν
3148 648 3247 700 οὑκ
3266 648 3523 718 ἀρνεῖται,
3557 651 3670 725 [585
3684 658 3766 736 8.]

2231 741 2309 811 τῷ
2328 740 2386 795 δ’
2422 741 2693 812 ὑπερφυεῖ
2716 742 2817 810 τῆς
2853 738 3133 809 συνεχείας
3174 739 3273 807 τὴν
3313 740 3628 814 Δεσποτικὴν
3659 750 3766 804 σαλ-

2236 835 2384 899 πίζει
2425 834 2673 905 πορείαν.
2733 831 3010 901 Συμόάλοι
3042 830 3090 884 δ’
3131 832 3196 886 ἄν
3228 848 3315 895 τις
3356 831 3423 899 ⁸⁸,
3473 836 3644 905 φησὶν,
3683 842 3768 895 οὐκ

2232 926 2541 990 ἀπεικότως
2569 926 2630 980 τὸ
2658 925 2756 995 μὲν
2784 925 3024 995 ἄτμητον
3056 924 3155 994 τῆς
3185 925 3511 994 Δεσποτικῆς
3540 929 3668 983 κατά
3689 936 3768 988 τοῦ

2236 1016 2405 1089 ὑγροῦ
2458 1018 2825 1088 πεζοπορείας
2862 1018 2923 1071 τὸ
2963 1020 3063 1088 τῆς
3093 1016 3354 1088 Θεότητος
3396 1018 3695 1090 ἀδιαίρετον,
3719 1024 3769 1080 τι

2236 1109 2292 1164 δὲ
2323 1110 2616 1181 διαιρεθὲν,
2651 1109 2727 1173 ὡς
2777 1108 2869 1162 ἐπὶ
2900 1109 3148 1172 Μωσέως
3189 1110 3286 1162 καὶ
3328 1108 3437 1163 τῶν
3469 1111 3652 1177 ἄλλων,
3688 1116 3771 1187 τὴν

2236 1202 2593 1274 ἀνθρωπίνην
2624 1201 2915 1274 παχύτητα
2947 1202 3043 1255 καὶ
3075 1201 3156 1254 ὅτι
3205 1200 3361 1271 ἡμῶν
3389 1204 3452 1255 ὲκ
3481 1202 3570 1257 δύο
3606 1207 3636 1275 ἠ
3668 1207 3772 1261 σύν-

2239 1294 2410 1361 θεσις,
2459 1292 2595 1366 ὕλης
2626 1312 2687 1348 τε
2718 1294 2814 1349 καὶ
2856 1293 3054 1359 εἴδους,
3084 1293 3145 1358 ἐξ
3195 1287 3270 1349 ὧν
3296 1295 3391 1347 καὶ
3429 1295 3496 1349 τὰ
3540 1296 3661 1352 ἄλλα
3690 1301 3773 1354 σῶ-

2240 1402 2408 1457 ματα.

2309 1565 2499 1621 Ταῦτα
2526 1565 2696 1621 εἰπὼν
2738 1566 2830 1620 ἐπὶ
2857 1567 2919 1621 τὸ
2951 1572 3020 1637 ιγ’
3063 1567 3363 1639 κεφάλαιον
3392 1569 3639 1640 μέτεισιν,
3668 1571 3769 1647 ένῷ

2241 1658 2397 1728 ζητεῖ
2447 1659 2552 1713 Διὰ
2588 1660 2648 1713 τί
2693 1658 2781 1729 μὴ
2826 1659 3024 1731 γυμνῇ
3056 1660 3131 1731 τῇ
3188 1662 3424 1730 θεότητι
3455 1667 3486 1717 ό
3514 1668 3688 1732 Λόγος
3719 1673 3767 1724 τὸ

2241 1752 2620 1821 ἀνθρώπινον
2646 1754 2902 1808 ἔσωσεν·
2940 1753 3051 1808 Καὶ
3080 1754 3297 1826 πρῶτον
3332 1755 3430 1826 μέν
3458 1773 3613 1826 φησιν
3647 1757 3711 1824 ὡς
3734 1763 3768 1817 εί

2241 1844 2335 1898 καὶ
2374 1845 2534 1899 τοῦτο
2566 1845 2842 1916 διήνυστο,
2878 1843 3030 1899 οὐδὲν
3067 1844 3133 1899 ἂν
3164 1843 3405 1899 ἐκώλυσε
3427 1847 3551 1910 τοὺς
3580 1866 3765 1918 ματαιο-

2238 1935 2434 2006 λόγους
2479 1937 2574 1991 καὶ
2620 1938 2800 1992 πάντα
2838 1938 3175 2009 τολμῶντας,
3206 1938 3365 2009 εἰπερ
3410 1937 3476 1991 ἐκ
3517 1939 3697 2005 παντὸς
3725 1942 3767 1997 τὸ

2238 2027 2394 2081 Θεῖον
2425 2028 2476 2081 οἱ
2512 2028 2877 2098 παραπλῆγες
2909 2028 3215 2099 λογοθετεῖν
3236 2029 3615 2101 ἐφρυάττοντο,
3644 2032 3770 2087 πάλιν

2238 2120 2400 2175 ἄλλον
2442 2121 2648 2193 τρόπον
2692 2122 2976 2192 ἐπιζητεῖν
3010 2121 3320 2193 σωτηρίας,
3362 2120 3423 2174 τὸ
3452 2124 3770 2193 γεγενημένον

2238 2214 2299 2267 οὑ
2362 2213 2713 2284 στέργοντας,
2760 2215 2854 2267 καὶ
2910 2213 3073 2267 πάλιν
3120 2215 3282 2268 ἄλλου
3322 2213 3567 2279 δοθέντος
3614 2217 3771 2288 τὸμὲν

2242 2306 2577 2377 μωμεῖσθαι,
2602 2304 2783 2378 ζητεῖν
2816 2306 2873 2360 δὲ
2903 2308 3041 2378 ὅπερ
3069 2307 3143 2379 μὴ
3173 2308 3404 2362 δέδοται.
3434 2308 3653 2363 Ἔπειτα
3677 2311 3772 2365 τίνα

2238 2400 2418 2455 λείπει
2457 2400 2653 2471 μανίας
2685 2402 3019 2473 ὑπερϐολὴν,
3054 2402 3283 2468 ἑαυτοὺς
3313 2404 3555 2474 νομίζειν
3588 2404 3643 2458 τδ
3666 2423 3774 2476 συμ-

2239 2492 2406 2566 φέρον
2436 2493 2639 2549 είδέναι
2685 2496 2889 2565 μᾶλλον
2921 2495 3016 2549 τοῦ
3054 2498 3235 2553 πάντα
3270 2498 3331 2551 ὲν
3369 2497 3530 2570 σοφία
3560 2499 3645 2552 καί
3668 2516 3769 2560 προο

2238 2586 2544 2658 αγαγόντος
2563 2584 2614 2621 ⁸⁸
2644 2589 2740 2642 καὶ
2772 2587 3124 2660 συνέχοντος;

2321 2860 2636 2917 Ἐπιλὺεται
2666 2859 2723 2915 δὲ
2766 2861 2862 2916 καὶ
2900 2859 3019 2926 πῶς
3051 2860 3150 2932 μὲν
3197 2858 3262 2915 ατ
3301 2876 3363 2915 τε
3392 2860 3566 2915 κοιναὶ
3610 2877 3777 2914 εννοιαι

2240 2950 2335 3009 καὶ
2366 2953 2428 3007 τὸ
2475 2954 2620 3008 θεῖον
2649 2954 2888 3026 γράμμα
2922 2953 3338 3024 παντοδύναμον
3382 2953 3605 3024 ὑμνοῦσι
3633 2953 3673 2985 ⁵³
3702 2954 3776 3007 τὸν

2240 3046 2396 3112 Θεὸν,
2424 3048 2453 3101 ὁ
2480 3046 2539 3101 δὲ
2589 3045 2877 3109 θεσπέσιος
2904 3044 3117 3111 Παῦλός
3150 3062 3320 3116 φησιν
3348 3044 3479 3099 Ὀτι
3514 3044 3561 3076 ⁸⁵
3597 3047 3628 3099 ό
3661 3045 3778 3110 Θεὸς

552 3140 697 3194 Deus
732 3139 962 3207 «ipsum
1008 3152 1195 3208 negare
1235 3152 1339 3189 non
1377 3144 1542 3203 potest
1569 3133 1703 3205 (ιε).
1738 3134 1876 3202 Quin
1911 3132 2015 3188 alia
2045 3133 2133 3187 in-

2237 3137 2618 3209 ἀρνήσασθαι
2656 3136 2703 3171 ⁸³
2760 3136 2981 3192 ἑαυτὸν
3039 3137 3111 3191 οὐ
3166 3137 3444 3192 δύναται.
3510 3134 3657 3189 Ἀλλά
3700 3136 3778 3188 καὶ

552 3243 718 3299 super
775 3236 1035 3283 sexcenta
1089 3238 1399 3297 suppetere,
1425 3242 1547 3297 qua:
1601 3225 1771 3279 Deum
1823 3240 1930 3279 non
1978 3239 2139 3295 posse

550 3335 767 3389 :equum
801 3318 874 3374 sit
901 3320 1081 3374 dicere
1117 3336 1131 3373 :
1180 3326 1263 3383 ut,
1309 3333 1411 3373 non
1442 3332 1600 3388 posse
1633 3318 1924 3372 bonitatem
1975 3317 2138 3373 amit-

553 3421 690 3476 tere,
740 3425 920 3480 neque
952 3409 1240 3464 mutationi
1270 3408 1318 3441 ¹⁶
1362 3408 1659 3464 obnoxium
1690 3423 1838 3474 esse,
1863 3416 1919 3464 et
1944 3407 2050 3463 alia
2083 3407 2140 3464 id

551 3517 744 3571 genus.
790 3501 891 3558 Cui
943 3500 1159 3572 quidem
1224 3501 1545 3557 dubitationi
1599 3500 1796 3557 solutio
1846 3516 1971 3557 mox
2031 3501 2139 3557 ista

550 3593 839 3663 subjicitur
864 3612 879 3650 :
917 3594 1049 3662 Qua:
1073 3593 1238 3649 Deum
1266 3609 1372 3648 non
1394 3607 1557 3664 posse
1585 3594 1837 3659 dicimus,
1865 3608 1927 3650 ea
1965 3607 2141 3665 neque

551 3696 701 3753 sunt,
729 3702 905 3756 neque
938 3685 993 3741 in
1024 3701 1203 3741 rerum
1235 3695 1481 3739 naturam
1528 3687 1727 3741 cadere
1770 3686 1992 3741 omnino
2013 3701 2142 3758 pos-

551 3788 704 3832 sunt.
740 3776 837 3833 Ubi
888 3778 1035 3833 enim
1070 3777 1347 3847 proditum
1378 3786 1460 3833 est
1489 3793 1748 3848 unquam,
1793 3788 1852 3832 ut
1876 3778 2020 3836 Deus
2052 3777 2139 3834 vel

554 3881 781 3939 negaret
808 3869 1069 3940 seipsum,
1102 3868 1190 3924 vel
1240 3879 1565 3935 mutaretur,
1593 3869 1676 3923 vel
1716 3870 1956 3926 bonitate
1985 3870 2137 3926 exci-

550 3960 749 4025 deret;
801 3967 892 4013 aut
919 3959 1062 4028 quod
1096 3973 1283 4014 verum
1314 3968 1459 4024 erat,
1493 3958 1687 4015 falsum
1716 3961 1873 4018 ﬁeret
1901 3961 1926 4017 Ἰ
1950 3961 2139 4017 Omni-

557 4062 752 4123 potens
795 4066 926 4106 vero
949 4060 1003 4107 et
1050 4051 1269 4119 dicitur,
1312 4058 1371 4107 et
1417 4052 1762 4121 praedicatur,
1811 4054 1954 4125 quod
2014 4069 2138 4126 qua:

558 4145 732 4213 ipsum
765 4142 981 4209 decent,
1028 4151 1085 4198 et
1112 4142 1372 4198 salutaria
1418 4154 1547 4198 sunt
1597 4145 1757 4200 rebus
1805 4146 2027 4210 creatis,
2069 4160 2136 4201 ea

557 4236 740 4289 facere
773 4236 945 4306 possit
967 4234 1172 4302 omnia,
1208 4249 1330 4289 cum
1371 4235 1510 4293 vult.
1540 4236 1792 4306 Alioquin
1826 4238 1927 4293 hoc
1960 4238 2134 4308 ipsum

550 4326 733 4382 dicere
768 4345 782 4383 :
837 4324 956 4382 Non
988 4342 1146 4398 posse
1178 4326 1371 4393 Deum,
1402 4342 1524 4398 quas
1550 4344 1657 4384 non
1699 4331 1888 4386 decent
1936 4331 2133 4401 ipsum,

547 4419 613 4473 ad
662 4420 955 4491 potentiam
993 4420 1235 4491 pertinet
1279 4436 1491 4477 revera.
1527 4420 1583 4477 Si
1608 4420 1753 4477 enim
1793 4423 1911 4478 haec
1946 4424 2129 4478 omnia

547 4514 779 4582 privatio
831 4523 996 4584 atque
1027 4513 1345 4584 impotentia
1394 4515 1641 4585 quaedam
1679 4524 1825 4580 sunt,
1856 4518 2128 4586 quomodo

546 4622 650 4659 non
706 4620 934 4661 summa:
966 4606 1073 4661 hoc
1121 4607 1229 4660 erit.
1260 4607 1513 4674 potentiae
1544 4621 1608 4660 ac
1639 4604 1998 4674 fortitudinis,
2038 4608 2125 4663 in-

546 4697 699 4750 linito
740 4697 974 4766 quodam
1005 4698 1182 4767 spatio
1229 4712 1396 4769 supra
1435 4696 1552 4753 haec
1593 4697 1773 4753 omnia
1805 4698 2127 4756 collocatum

543 4801 664 4842 esse
693 4787 717 4841 Ἰ

619 4879 814 4952 184α
828 4879 1149 4953 Quanquam
1172 4896 1276 4938 nec
1294 4881 1382 4937 ille
1402 4881 1625 4938 forsitan
1647 4896 1678 4936 a
1694 4892 1842 4938 recto
1863 4882 2124 4952 discedat,

544 4974 634 5041 qui
678 4973 821 5028 istud
845 4991 1061 5046 quoque
1087 4977 1155 5033 iis
1177 4991 1297 5048 quae
1329 4976 1441 5047 jam
1462 4977 1629 5041 dicta,
1652 4976 1871 5046 adjiciat
1897 5016 1913 5046 ,
1935 4992 2130 5049 nempe

546 5065 1023 5122 ratiocinationem
1074 5068 1215 5125 hanc
1256 5083 1361 5125 non
1418 5068 1659 5125 divinum
1700 5069 1875 5126 solum
1921 5086 2125 5128 numen

616 5205 664 5237 ὀ
701 5202 936 5260 Malach.
968 5220 1051 5274 ιιι,
1087 5205 1161 5273 6;
1212 5202 1332 5261 Jac.
1366 5218 1449 5271 ιιι,
1476 5203 1533 5259 6.

2240 3227 2379 3286 ἄλλα
2411 3223 2553 3283 εἶναι
2607 3228 2800 3302 μυρία,
2851 3225 2889 3282 ἃ.
2935 3226 3011 3298 μὴ
3057 3225 3324 3281 δύνασθαι
3387 3225 3563 3296 λέγειν
3603 3225 3778 3296 πρέπον

2240 3320 2359 3376 ἐστὶ
2389 3320 2482 3375 τὸν
2533 3320 2688 3385 Θεὸν,
2721 3320 2796 3383 ὡς
2840 3318 2904 3373 τὸ
2930 3318 3006 3391 μὴ
3058 3317 3319 3373 δύνασθαι
3348 3317 3448 3389 τῆς
3482 3317 3779 3387 ἀγαθότητος

2243 3413 2503 3467 ἐκπεσεῖν
2556 3411 2694 3483 μηδὲ
2735 3410 2947 3483 τροπὴν
2997 3409 3334 3481 ὑποστῆναι,
3371 3409 3467 3464 καὶ
3494 3410 3589 3463 ὅσα
3627 3424 3778 3478 παρα-

2240 3506 2468 3579 πλήσια.
2503 3505 2629 3579 [5οἳ
2655 3503 2752 3578 Η.]
2787 3503 2930 3559 Ἀλλ’
2958 3504 3157 3575 ἀπορεῖ
3186 3503 3289 3574 μὲν
3310 3502 3503 3570 οὑτως,
3539 3500 3779 3555 ὲπιλύεται

2239 3598 2318 3664 δὲ,
2349 3598 2426 3663 ὡς
2462 3598 2500 3654 ἃ
2529 3614 2710 3669 φαμεν
2749 3597 2825 3669 μὴ
2871 3594 3132 3651 δύνασθαι
3169 3595 3232 3648 τὸ
3271 3594 3451 3659 Θεῖον,
3494 3593 3654 3649 ταῦτα
3691 3592 3779 3645 τῶν

2242 3691 2384 3762 μήτε
2424 3689 2596 3744 ὅντων
2644 3689 2763 3742 ἐστὶ
2786 3688 2924 3758 μήτε
2960 3685 3201 3741 δυνατῶν
3244 3686 3385 3750 ὅλως
3436 3686 3693 3755 ὑφέστηκε
3730 3681 3780 3735 τδ

2239 3779 2584 3853 ἀρνήσασθαι
2624 3780 2719 3833 τὸν
2768 3777 2904 3832 Θεδν
2954 3776 3169 3841 ἑαυτὸν,
3201 3776 3234 3848 ἢ
3270 3778 3306 3847 ἡ
3340 3775 3537 3848 τροπὴ,
3572 3776 3604 3843 ἦ
3632 3776 3662 3845 ἠ
3697 3772 3779 3841 τῆς

2238 3873 2578 3946 ἀγαθότητος
2604 3871 2901 3935 ἔκπτωσις,
2937 3869 2973 3942 ἢ
3003 3869 3103 3941 τὴν
3134 3867 3399 3939 ἀλήθειαν
3437 3866 3623 3937 ψεῦδος
3648 3864 3776 3933 γενέ-

2239 3968 2399 4035 σθαι;
2441 3964 2856 4036 Παντοδύναμος
2880 3963 2938 4018 δὲ
2975 3963 3227 4033 ὑμνεῖται
3255 3960 3355 4015 καί⁵
3390 3959 3604 4030 λέγεται
3638 3957 3703 4019 ὡς
3724 3956 3778 4009 τά

2236 4077 2298 4115 τε
2326 4058 2612 4131 πρέποντα
2644 4057 2795 4129 αὑτῷ
2822 4056 2918 4112 καὶ
2960 4056 3207 4127 σωτήρια
3250 4053 3362 4108 τῶν
3400 4050 3777 4124 δημιουργημά-

2235 4169 2345 4206 των
2378 4152 2560 4207 πάντα
2587 4151 2904 4222 δυνάμενος,
2924 4149 3013 4203 ὅτε
3049 4146 3320 4218 βούλεται.
3343 4145 3612 4198 Ἀλλωστε
3634 4142 3683 4195 δὲ
3705 4140 3777 4194 καὶ

2234 4244 2298 4299 τὸ
2350 4243 2532 4312 λέγειν
2571 4243 2649 4314 μὴ
2686 4241 2947 4296 δύνασθαι
2993 4239 3030 4296 ἃ
3064 4240 3141 4312 μὴ
3193 4238 3407 4314 πρέπον
3451 4234 3613 4306 αὐτῷ,
3644 4232 3775 4287 δυνά·

2239 4335 2386 4409 μεώς
2417 4312 2675 4398 ἐστινὼς
2701 4332 2943 4405 ἀληθῶς.
2980 4334 3046 4385 Ei
3071 4332 3183 4403 γὰρ
3209 4312 3397 4385 ἐκεῖνα
3417 4330 3592 4384 πάντα
3616 4326 3774 4394 στέρη-

2237 4447 2323 4493 σις
2350 4427 2448 4485 καὶ
2475 4427 2753 4491 ἀσθένεια,
2778 4425 2840 4478 τὸ
2866 4423 3073 4479 τούτων
3108 4424 3364 4478 ἁπάντων
3384 4421 3591 4492 ἀπείρῳ
3624 4417 3773 4488 μέτρῳ

2236 4517 2631 4592 ὑπεριδρῦσθαι
2664 4516 2782 4581 πῶς
2806 4516 2869 4571 οὑ
2897 4515 2998 4581 τῆς
3031 4515 3346 4588 ἀκροτάτης
3382 4512 3478 4568 καὶ
3512 4508 3771 4565 πανσθενε·

2237 4614 2441 4681 στάτης
2465 4610 2750 4682 δυνάμεως
2770 4625 2786 4677 ;

2308 4885 2466 4957 Τάχα
2504 4884 2551 4938 δ’
2580 4883 2646 4938 ἄν
2672 4898 2756 4946 τις
2795 4881 2898 4934 οὐκ
2942 4879 3048 4946 ἔξω
3094 4872 3194 4950 τῆς
3223 4872 3512 4951 ὀρθότητος
3543 4866 3772 4967 προσθείη

2235 4981 2349 5043 τοῖς
2399 4975 2738 5048 εἰρημένοις,
2774 4972 2852 5036 ὡς
2893 4971 2955 5026 τὸ
2989 4970 3148 5040 λόγος
3172 4965 3323 5033 οὗτος
3362 4969 3483 5038 οὐχὶ
3530 4965 3660 5020 κατά
3695 4965 3769 5012 τοῦ

2237 5071 2385 5126 θείου
2421 5068 2581 5141 μόνον
2612 5065 2675 5120 τὸ
2704 5062 3117 5131 παντοδύναμον
3148 5061 3501 5135 περιτρέπειν
3526 5054 3767 5129 πειρᾶται,

1824 5316 2063 5375 VARUE
2116 5315 2527 5375 LECTIONES.

615 5436 658 5467 δι
683 5454 777 5510 τις-
814 5437 1030 5510 abesset
1079 5435 1273 5510 melius
1301 5455 1316 5491 :
1354 5452 1498 5510 nam!
1531 5437 1859 5510 συμϐάλλειν
1894 5457 1926 5495 τ
1982 5449 2068 5496 est
2099 5439 2361 5510 σύμϐολα
2379 5438 2568 5507 φέρειν
2602 5434 2747 5510 τινος
2784 5432 3490 5510 εἶινρηαίνίττεσθαί-τι.δι’.
3522 5446 3573 5504 p.
3608 5426 3687 5484 185
3717 5424 3757 5476 ινα

545 5504 616 5558 40
632 5517 685 5560 et
708 5507 802 5563 ‘25.
877 5508 922 5540 “
954 5507 1289 5577 προαγόντος
1323 5525 1385 5573 ς.
1458 5507 1505 5540 ⁵³
1522 5504 1822 5580 ἀνυμνοῦσι
1858 5528 1919 5576 ς’.

1996 5510 2042 5543 ⁴⁵
2070 5503 2213 5565 sua
2238 5527 2254 5566 :
2281 5503 2420 5565 διότι
2449 5503 2512 5571 ς.
2586 5506 2633 5541 ⁸⁸
2664 5503 2885 5577 ἀρνήσ.]
2914 5503 2954 5559 ll
2985 5505 3125 5560 Tim.
3160 5520 3223 5573 ιι,
3252 5503 3336 5559 l3.

2016 5676 2250 5734 NOTIE.

620 5800 731 5872 (42)
762 5802 803 5856 ll
836 5801 978 5860 Tim.
1009 5824 1066 5875 ιι,
1101 5809 1188 5865 15.
1234 5810 1373 5884 Lege
1416 5829 1534 5885 qu:e
1564 5816 1630 5871 de
1659 5818 1759 5874 hac
1794 5820 2094 5888 quaestione
2124 5820 2361 5889 disputat
2395 5816 2458 5872 D.
2493 5818 2743 5872 Ambros.
2776 5815 2934 5886 epist.
2972 5814 3053 5869 '57.
