4032 6492
393 327 502 391 745

1425 324 1957 388 BIBLIOTHECA.
1998 350 2068 359 —-
2095 325 2260 385 COD.
2285 324 2568 385 CCXXII.

3564 327 3671 388 746

390 445 532 497 ἀλλὰ
564 441 664 497 καὶ
698 441 883 505 ἁπλῶς
915 442 1136 495 πάντων
1163 440 1273 494 τῶν
1303 441 1472 493 ὄντων
1506 442 1604 512 τὴν
1636 440 1797 508 φύσιν
1851 455 1984 506 συγ-

2101 440 2473 508 oppugnando,
2528 439 2719 493 conari
2773 438 2891 508 ejus
2921 440 3370 510 omnipotentiarn
3402 450 3669 502 evertere,

388 536 511 603 χείν
559 549 623 585 τε
672 534 767 586 καὶ
809 530 1237 600 μετασκευάζειν
1270 530 1539 602 βιάζεται.
1577 531 1639 583 Ei
1685 530 1793 601 γάρ
1825 533 1860 601 ὴ
1904 529 1984 580 δι-

387 624 666 695 καιοσύνη
695 623 756 676 ού
791 622 1015 675 δύναται
1048 622 1193 695 ἅπερ
1236 624 1263 692 ἡ
1296 621 1480 675 ἀδικία
1521 621 1601 691 (ού
1628 624 1739 691 γὰρ
1773 622 1838 673 ἂν
1868 621 1985 673 ἀδι-

383 719 621 786 κήσειεν
672 719 706 785 ἠ
759 715 1127 786 δικαιοσύνη),
1165 715 1601 786 ὲπικρατεστέρα
1629 713 1737 785 ἄρα
1780 715 1844 783 τῇ
1892 713 1985 764 δυ-

384 808 560 877 νάμει
616 809 719 877 τῆς
772 809 1039 879 ἀρετῆςή
1073 807 1272 860 κακία·
1317 808 1411 860 καὶ
1449 809 1496 859 εί
1552 808 1579 860 ὁ
1612 792 1897 876 ἄνθρωπος
1925 803 1985 855 οὐ

379 902 623 955 δύναται
667 901 815 963 λίθος
866 898 1031 964 εἶναι,
1063 901 1265 971 μᾶλλον
1302 900 1366 953 ἂν
1401 899 1487 969 εἴη
1517 899 1742 961 δυνατὸς
1785 900 1812 948 ὁ
1840 896 1987 958 λίθος

379 994 415 1062 ἦ
453 994 517 1043 τὸ
547 993 775 1059 λογικὸν
808 993 969 1055 ζῶον.
1008 993 1196 1044 Καίτοι
1227 1009 1287 1059 γε
1313 990 1487 1043 ταῦτα
1524 990 1685 1043 πάλιν
1718 988 1986 1057 ἀναστρέ-

375 1084 556 1153 ψασιν
583 1084 741 1135 οὐδὲν
778 1078 943 1155 ἦττον
981 1084 1198 1153 ὀφθείη.
1232 1083 1267 1137 ἂ
1298 1083 1435 1151 πρὸς
1477 1084 1574 1149 τὴν
1600 1081 1831 1149 δύναμιν
1871 1083 1987 1133 ἐνο-

391 1175 563 1245 μίσθη
616 1175 856 1244 ἀμείνω,
907 1174 1274 1245 ἀσθενέστερα
1310 1173 1474 1227 πάλιν
1512 1167 1587 1225 ὧν
1620 1174 1885 1242 ἐκράτουν
1919 1171 1985 1239 τῇ

395 1266 654 1334 δυνάμειο
690 1266 787 1318 καὶ
809 1266 905 1319 ἐπὶ
932 1265 1041 1319 τῶν
1071 1265 1247 1320 ἄλλων
1286 1266 1490 1336 ὁμοίως
1520 1265 1799 1319 ἁπάντων.
1830 1262 1988 1316 Οὕτω

398 1358 648 1425 παίγνιὸν
710 1361 862 1411 ἐστιν
922 1360 950 1411 ὁ
1003 1358 1248 1423 τοιοῦτος
1302 1360 1458 1428 λόγος
1516 1360 1611 1412 καὶ
1665 1357 1988 1425 σοφιστικῆς

390 1456 621 1525 ἄθυρμα
648 1456 878 1526 λέσχης.
906 1455 1372 1529 Ἐπιρῤαπισθείη
1401 1455 1445 1508 δ’
1483 1455 1549 1507 ἂν
1588 1454 1697 1506 τῶν
1731 1452 1987 1505 τοιούτων

384 1550 450 1602 τὸ
481 1548 863 1621 κακοῦργονῆ
896 1550 931 1620 ἡ
979 1550 1192 1619 ἄγνοια,
1236 1550 1312 1613 ὡς
1350 1550 1450 1602 οὐκ
1478 1548 1710 1620 ἴσασινῆ
1760 1547 1820 1599 ού
1861 1545 1986 1617 βού-

380 1642 579 1697 λονται
616 1643 797 1697 διττὸν
829 1637 975 1696 εἶναι
1006 1643 1069 1695 τὸ
1100 1644 1198 1713 τῆς
1229 1642 1514 1711 δυνάμεως
1555 1640 1746 1709 ὄνομα.
1771 1639 1844 1691 Τὸ
1887 1636 1987 1707 μὲν

376 1733 504 1803 γὰρ
541 1732 840 1805 σημαίνειν
887 1734 989 1805 τὴν
1022 1733 1230 1803 κυρίως
1276 1731 1527 1802 δύναμιν,
1561 1729 1681 1784 καθ’
1721 1730 1749 1783 ὃ
1802 1729 1897 1781 καὶ
1928 1729 1987 1782 τὸ

2088 528 2181 583 sed
2219 527 2349 582 illud
2387 530 2551 582 etiam
2575 532 2720 583 omni
2754 530 2968 597 penitus
3001 531 3051 585 vi
3089 529 3287 595 moliri,
3341 542 3401 585 ut
3429 531 3672 585 omnium

2089 633 2273 674 rerum
2333 630 2580 674 naturam
2628 621 2927 676 confundat
2959 631 3122 691 atque
3168 622 3221 676 in
3255 622 3413 675 aliam
3443 619 3674 677 fortnam

2093 720 2440 769 transmutet.
2472 713 2604 767 Nam
2630 715 2677 769 si
2699 712 2909 782 iustitia
2941 724 3266 784 nonpotest
3291 714 3433 783 quod
3456 714 3677 782 injusti-

2092 806 2165 861 tia
2202 807 2503 877 (nunquam
2530 805 2676 862 enim
2708 806 2961 876 iniuriam
2992 805 3462 877 feceritjustitia),
3484 807 3676 861 vitium

2091 898 2277 965 utique
2305 896 2424 965 plus
2446 898 2647 967 poterit
2668 913 2829 967 quam
2860 897 3039 952 virtus
3064 913 3081 949 :
3117 899 3419 967 eademque
3441 897 3675 964 rationc,

2090 988 2136 1039 si
2154 987 2315 1039 homo
2338 987 2475 1054 lapis
2490 1003 2608 1042 esse
2630 1003 2733 1041 non
2748 997 2943 1057 potest,
2958 988 3100 1059 lapis
3118 988 3388 1057 potentior
3410 989 3499 1052 sit,
3513 1003 3675 1056 quant

2091 1076 2321 1129 rationis
2364 1078 2636 1146 particeps
2684 1079 2953 1132 animans.
2997 1079 3162 1147 Atqui
3223 1081 3266 1133 si
3323 1080 3435 1133 base
3481 1081 3676 1133 iterum

2091 1166 2350 1234 invertas,
2401 1159 2754 1225 nihilominus
2801 1168 2935 1242 qua!
2956 1174 3163 1227 viribus
3212 1173 3418 1242 potiora
3460 1173 3679 1242 judica-

2090 1257 2313 1321 bantnr,
2344 1275 2558 1312 rursum
2605 1261 2957 1316 imbecilliora
2990 1264 3315 1317 videbuntur
3344 1263 3410 1318 iis
3440 1279 3560 1332 quae
3588 1278 3681 1333 po-

2094 1357 2288 1402 testate
2330 1350 2658 1406 vincebant:
2696 1364 2749 1405 ot
2775 1357 2839 1405 de
2870 1354 3085 1407 caeteris
3128 1356 3381 1409 omnibus
3411 1357 3476 1409 ad
3530 1372 3683 1407 enm-

2091 1442 2211 1494 dem
2244 1443 2481 1495 modum.
2504 1442 2577 1495 Ita
2608 1443 2875 1498 ludicrum
2898 1445 3027 1514 quid
3059 1444 3362 1514 hujusmodi
3391 1448 3684 1501 ratiocina-

2093 1532 2167 1586 tio
2196 1546 2301 1598 cst,
2354 1545 2407 1587 et
2448 1536 2757 1605 nttgationis
2792 1538 3105 1605 ευριιὶειίοιε
3154 1537 3466 1591 ludibrium.
3500 1538 3682 1593 Helel—

2093 1626 2232 1678 latnr
2260 1627 2423 1695 igitur
2452 1626 2641 1680 borum
2671 1627 2751 1681 vel
2780 1628 3042 1696 nequitia,
3070 1630 3151 1683 vel
3181 1628 3421 1692 inscitia,
3451 1628 3497 1683 si
3533 1630 3653 1682 dica
3679 1663 3685 1669 ε

2093 1726 2199 1782 tur,
2235 1721 2376 1788 quod
2398 1730 2492 1774 aut
2529 1735 2637 1775 non
2672 1720 2878 1785 norint,
2916 1732 3011 1775 aut
3043 1732 3194 1777 certe
3236 1723 3450 1776 novisse
3486 1722 3680 1787 nolint,

376 1826 542 1881 Θεῖον
584 1828 803 1896 λέγεται
850 1824 1267 1896 παντοδύναμον
1297 1826 1393 1879 καὶ
1426 1825 1658 1878 ἕκαστον
1690 1822 1797 1877 τῶν
1821 1821 1990 1875 ὄντων

2101 1813 2289 1882 duplex
2338 1829 2460 1868 esse
2517 1815 2775 1883 potentiae
2803 1831 3021 1870 nomen.
3064 1815 3213 1871 Alias
3261 1817 3404 1871 enim
3466 1816 3684 1886 proprie

378 1918 543 1973 κατά
565 1919 664 1990 τὴν
728 1918 972 1989 ἔμφυτον
1035 1918 1127 1971 καὶ
1171 1918 1381 1971 οἰκείαν
1434 1917 1666 1987 δύναμιν
1718 1917 1787 1970 τὰ
1846 1914 1991 1967 κατὰ

378 2010 565 2082 φύσιν
600 2011 889 2082 πράττειν,
926 2009 1057 2082 [588
1084 2008 1179 2081 R.]
1213 2009 1273 2061 τὸ
1295 2009 1352 2062 δὲ
1382 2008 1445 2061 τὸ
1476 2010 1688 2078 πρέπον
1727 2004 1823 2059 καὶ
1860 2004 1993 2058 καθ-

379 2106 535 2176 ῆκον
583 2104 1010 2173 ὑποσημαίνειν.
1041 2102 1214 2154 Ὅταν
1256 2103 1301 2131 ⁵⁸
1331 2096 1422 2153 οῦν
1462 2116 1642 2168 φαμεν
1684 2098 1771 2168 μὴ
1813 2097 1995 2150 δύναι

378 2200 542 2251 σθαι
599 2196 661 2247 τὸ
694 2194 867 2249 Θεῖον
906 2192 1290 2262 ἀρνήσασθαι
1328 2190 1568 2254 ἑαυτὸν,
1609 2189 1695 2258 μὴ
1744 2188 1996 2256 πρέπειν

392 2287 612 2356 φαμὲν,
642 2284 802 2353 μηδὲ
832 2281 1106 2352 καθῆκον
1139 2280 1293 2337 εἶναι
1334 2282 1378 2312 ⁸⁷
1424 2279 1544 2345 Θεῷ
1578 2280 1838 2346 ἔξαρνον·
1877 2276 1990 2344 τῆς

381 2379 555 2444 ιδίας
579 2378 795 2442 οὐσίας
827 2375 1110 2447 γενέσθαι
1125 2393 1137 2405 ·
1158 2375 1422 2438 ὡσαύτως
1440 2372 1533 2426 καὶ
1552 2373 1677 2425 ὅταν
1692 2370 1778 2440 μὴ
1811 2371 1988 2424 δύνα-

382 2476 540 2527 σθαι
572 2472 807 2539 τροπὴν
826 2470 1164 2539 ὑφεστάναι
1182 2468 1220 2538 ἣ
1241 2468 1353 2537 τῆς
1389 2467 1757 2537 ἁγαθότητος
1771 2461 1993 2530 ἐκστῆ-

382 2580 521 2621 ναι.
551 2563 610 2615 τὸ
641 2563 715 2633 μὴ
749 2564 985 2633 πρέπειν
1015 2560 1164 2631 αὐτῷ
1188 2560 1323 2631 μηδὲ
1353 2558 1595 2627 καθῆκον
1626 2552 1767 2610 εἶναι
1796 2554 1865 2607 τὰ
1891 2554 1994 2623 τῆς

380 2655 609 2726 τροπῆς
658 2653 692 2724 ἢ
750 2654 849 2725 τῆς
896 2653 1242 2716 ἀλλοιώσεως
1285 2652 1643 2722 προσάπτειν.
1694 2648 1871 2716 Ὅπερ
1932 2646 1992 2700 ού

385 2749 574 2819 μόνον
617 2747 876 2819 οὐδαμῶς
930 2748 1194 2817 οὐδεμιᾶς
1236 2744 1538 2815 ἀδυναμίας
1581 2742 1819 2813 ἔμφασιν
1856 2738 1994 2809 ἔχει,

380 2840 539 2894 ἀλλά
584 2839 679 2894 καὶ
739 2839 1156 2908 παντοδυνάμου
1218 2838 1504 2908 δυνάμεως
1557 2834 1997 2904 ἀπαράγραπτος

387 2933 706 3002 μαρτυρία.
751 2934 865 2986 Καὶ
915 2932 1012 2985 ἐπὶ
1062 2933 1173 2986 τῶν
1210 2931 1386 2984 ἄλλων
1416 2930 1472 2982 δὲ
1506 2928 1788 2990 ὡσαύτως.
1831 2923 1995 2980 Ἀλλά

385 3025 579 3079 ταῦτα
617 3025 717 3096 μὲν
750 3026 827 3088 ὡς
858 3027 916 3079 ἐν
948 3024 1301 3096 παρενθήκης
1333 3023 1509 3095 μέρει.

390 3135 557 3173 ιιιιιιιι

387 3304 617 3376 βιϐλίου
650 3303 695 3336 ⁸⁸
723 3303 1021 3372 κεφάλαιον
1051 3304 1096 3335 δ’
1131 3305 1368 3356 ποιεῖται
1403 3302 1486 3367 ιδ’,
1516 3301 1545 3355 ὃ
1575 3300 1822 3373 μείζονος
1858 3294 1998 3353 εἶναι

389 3400 503 3452 καὶ
556 3397 721 3467 τιμῆς
775 3396 872 3449 καὶ⁸
915 3396 1109 3465 σοφίας
1160 3393 1568 3458 κατασκευάζει
1613 3395 1711 3464 τῆς
1745 3392 2000 3455 πλάσεως

390 3492 505 3560 τὴν
541 3490 874 3551 ἀνάπλασιν,
906 3489 976 3545 τά
1012 3507 1072 3543 τε
1112 3489 1249 3543 ἄλλα
1278 3490 1375 3543 καὶ
1433 3491 1515 3543 ὅτι
1573 3490 1608 3558 ὴ
1646 3488 1745 3558 μὲν
1799 3486 1999 3547 πλάσις

392 3586 551 3655 λόγῳ
616 3582 911 3655 προήχθη,
983 3584 1288 3655 αὐτουργίᾳ
1353 3583 1410 3637 δὲ
1484 3581 1579 3637 τοῦ
1652 3579 1998 3651 Δημιουργοῦ

388 3682 429 3749 ὴ
496 3677 827 3737 ἀνάπλασις.
887 3675 999 3729 Καὶ
1044 3676 1254 3729 Παῦλον
1314 3675 1371 3729 δέ
1429 3691 1564 3743 φησι
1617 3674 1817 3743 λέγειν,
1855 3674 1999 3738 ἐξαί-

394 3788 575 3842 ροντα
616 3770 678 3823 τὸ
727 3770 827 3840 τῆς
893 3768 1088 3837 σοφίας
1126 3768 1392 3840 μέγεθος,
1444 3769 1578 3824 Ἵνα
1600 3769 1647 3801 ⁸⁸
1695 3764 2001 3837 γνωρισθῇ

385 3863 526 3919 νῦν
574 3862 704 3928 ταῖς
748 3861 963 3931 ἀρχαῖς
998 3860 1099 3915 καί
1185 3863 1317 3926 ταῖς
1372 3860 1685 3925 ἐξουσίαις
1744 3859 1811 3912 ὲν
1874 3857 2000 3923 τοῖς

385 3955 795 4022 ἐπουρανίοις
845 3954 943 4007 διὰ
1006 3952 1117 4021 τῆς
1166 3953 1533 4020 Ἐκκλησίας
1594 3954 1633 4021 ἠ
1698 3951 1996 4005 πολυποί-

391 4050 583 4110 κιλος
631 4046 822 4113 σοφία
882 4044 991 4099 τοῦ
1054 4043 1224 4109 Θεοῦ,
1292 4043 1373 4111 ἣν
1417 4045 1709 4111 ἐποίησεν
1761 4044 1831 4097 ἐν
1870 4046 2003 4112 Χρι-

386 4135 536 4203 στῷ
579 4136 807 4205 Ἰησοῦ.
853 4136 968 4191 Καὶ
1003 4136 1065 4189 τὸ
1093 4138 1195 4205 τῆς
1221 4138 1444 4209 ἀγάπης
1474 4137 1532 4190 δὲ
1566 4136 1662 4189 τοῦ
1694 4136 1831 4190 Θεοῦ
1864 4137 2002 4210 πρὸς

390 4230 561 4300 ἡμᾶς
582 4230 756 4281 ἀνυπέ
766 4228 998 4300 ρὸλητον
1020 4228 1431 4300 ἐνδεικνύμενον
1461 4230 1561 4301 οὐχ
1579 4231 1662 4283 ὅτι
1685 4230 1807 4284 κατ’
1828 4232 2002 4300 ἀρχὰς

386 4322 503 4375 τὸν
537 4320 830 4390 ἄνθρωπον
855 4319 1061 4374 ἔπλασε
1092 4321 1281 4391 φάναι,
1316 4320 1444 4394 [505
1473 4321 1568 4395 Η.]
1602 4323 1713 4376 οὐδ’
1747 4323 1830 4375 ὅτι
1861 4323 2005 4376 κατά

387 4416 510 4485 τὴν
534 4412 707 4467 αὑτοῦ
752 4414 941 4467 εἰκόνα
987 4414 1495 4487 ὲπλαστούργησεν,
1526 4417 1637 4470 οὐδ’
1678 4417 1759 4470 ὅτι
1797 4416 1925 4473 ἄλλο
1951 4435 2004 4470 τι

2094 1904 2403 1973 significare
2455 1906 2776 1974 potentiam,
2822 1921 2927 1975 qua
2995 1914 3051 1961 et
3126 1906 3271 1961 Deus
3339 1908 3683 1976 omnipotens

2097 1996 2420 2073 appelletur,
2480 2009 2535 2052 et
2579 2001 2762 2053 omnia
2794 2016 2915 2068 qua:
2944 1998 3215 2054 exsistant
3237 2015 3304 2055 ex
3332 2000 3517 2054 innata
3577 2000 3682 2055 sibi

2098 2104 2162 2143 ac
2210 2092 2426 2160 propria
2481 2092 2556 2157 vi,
2593 2108 2716 2162 quae
2741 2094 2807 2148 ad
2860 2107 3108 2149 naturain
3158 2110 3314 2150 suam
3369 2094 3684 2163 pertinent,

2098 2182 2311 2251 Operari
2340 2182 2617 2237 dicantur:
2647 2184 2781 2239 alias
2800 2202 2928 2241 vero
2951 2186 3236 2253 duntaxat,
3259 2187 3401 2256 quod
3426 2188 3685 2240 decorum

2099 2281 2155 2325 et
2219 2275 2545 2329 conveniens
2593 2276 2696 2342 sit,
2759 2277 3089 2347 signiﬁcare.
3137 2278 3273 2335 Cum
3320 2279 3504 2348 itaque
3544 2278 3686 2334 dici-

2099 2382 2221 2421 mus
2268 2384 2369 2421 non
2410 2385 2560 2436 posse
2597 2369 2768 2424 Deum
2800 2373 3032 2439 seipsum
3060 2388 3271 2442 negare,
3294 2372 3403 2429 hoc
3432 2371 3684 2437 dicimus,

2099 2474 2263 2525 neque
2313 2461 2499 2514 decens
2550 2480 2661 2516 esse
2705 2462 2845 2528 Deo,
2895 2480 3059 2531 neque
3104 2466 3379 2520 convenire
3417 2465 3687 2533 propriam

2098 2550 2345 2605 naturam
2377 2555 2626 2621 inﬁciari.
2670 2554 2935 2612 Similiter
2967 2574 3088 2613 cum
3118 2558 3353 2613 dicimus
3392 2574 3493 2611 non
3535 2574 3688 2625 posse

2098 2642 2266 2697 ullam
2292 2650 2635 2701 mutationem
2658 2652 2954 2717 admittere,
2983 2652 3061 2706 vel
3092 2669 3124 2705 a
3161 2652 3396 2706 bonitate
3422 2650 3683 2716 excidere,

2101 2751 2206 2789 non
2238 2739 2429 2793 decere
2463 2741 2636 2811 ipsum
2674 2744 2925 2809 dicimus,
2960 2760 3137 2815 neque
3177 2747 3468 2800 convenire
3500 2756 3558 2799 ut
3587 2745 3688 2798 ali-

2101 2844 2205 2897 qua
2231 2831 2307 2885 illi
2338 2833 2419 2887 vel
2450 2838 2678 2891 mutatio
2743 2837 2827 2891 vel
2862 2838 3114 2894 alteratio
3146 2838 3478 2894 attribuatur
3500 2853 3519 2892 :
3542 2837 3687 2907 quod

2106 2938 2211 2978 non
2247 2927 2406 2980 modo
2435 2929 2634 2982 nullam
2665 2931 2983 2987 mutationis
3014 2933 3467 3003 significationem
3502 2932 3685 2995 habet,

2104 3015 2197 3068 sed
2234 3021 2642 3087 omnipotentiae
2688 3026 2871 3091 potius
2910 3026 3281 3082 ﬁrmissimum
3316 3037 3401 3084 est
3447 3024 3691 3085 testimo-

611 3138 626 3184 ;
679 3121 983 3189 eademque
1014 3120 1065 3172 in
1103 3119 1314 3172 caeteris
1358 3117 1521 3173 ratio.
1574 3113 1678 3169 Sed
1712 3114 1825 3166 haec
1853 3108 1873 3181 [
1899 3108 2006 3161 illis
2042 3111 2398 3184 argumentis]
2432 3115 2611 3170 obiter
2643 3118 2958 3188 interposita
2989 3135 3175 3179 sunto.

480 3212 564 3265 ιδ’.
599 3212 658 3265 '0
681 3211 738 3263 δὲ
759 3211 1047 3274 σπουδαῖος
1078 3204 1229 3273 οὗτος
1255 3208 1605 3280 συγγραφεὺς
1621 3205 1713 3260 τοῦ
1734 3205 2000 3276 παρόντος
2027 3201 2071 3259 C

2179 3208 2265 3262 M.
2323 3208 2441 3263 Jam
2508 3226 2636 3265 vero
2685 3214 2884 3281 probus
2932 3232 3068 3272 sane
3112 3228 3300 3275 noster
3334 3219 3432 3277 hic
3500 3232 3692 3277 auctor

2100 3313 2353 3372 quartum
2392 3304 2661 3359 decimum
2700 3306 2861 3376 hujus
2901 3310 3085 3377 operis
3107 3322 3269 3381 caput
3303 3313 3430 3369 illud
3474 3315 3687 3381 statuit,

2105 3397 2247 3460 quod
2288 3397 2510 3464 lnajoris
2546 3414 2668 3453 esse
2706 3410 2760 3453 et
2788 3404 3114 3467 praestantia
3140 3415 3194 3459 et
3226 3406 3505 3473 sapientiae
3530 3408 3693 3463 docet

2102 3499 2369 3544 creatura:
2401 3491 2866 3557 reformationem,
2901 3511 3060 3565 quam
3099 3498 3480 3555 formationem
3514 3518 3530 3564 ;
3564 3516 3688 3555 cum

2101 3584 2316 3636 caeteris
2372 3584 2437 3638 de
2481 3587 2698 3653 causis,
2744 3596 2856 3640 tum
2911 3590 3053 3657 quod
3104 3606 3201 3659 per
3243 3592 3416 3644 solum
3461 3592 3688 3649 verbum

2101 3675 2358 3731 formatio
2415 3676 2663 3732 confecta
2716 3679 2809 3743 sit,
2857 3681 3180 3736 reformatio
3229 3694 3411 3743 autem
3472 3683 3687 3740 notmisi

2101 3782 2198 3835 per
2236 3767 2519 3836 ipsiusmet
2541 3766 2821 3825 Creatoris
2847 3773 3244 3838 operationem.
3271 3772 3497 3829 Paulum
3525 3775 3690 3841 igitur

2104 3858 2389 3927 sapientia:
2436 3862 2863 3928 magnitudinem
2908 3864 3208 3929 efferendo,
3254 3867 3357 3925 ista
3391 3867 3539 3936 loqui
3566 3869 3686 3923 ait;

2106 3952 2175 4008 Ut
2205 3957 2499 4009 innotescat
2518 3958 2845 4026 principibus
2867 3970 2913 4011 et
2938 3960 3282 4024 potestatibus
3309 3962 3363 4014 in
3398 3961 3691 4016 caestibus

2101 4067 2194 4116 per
2222 4050 2513 4105 Ecclesium
2564 4052 2909 4121 multiformis
2937 4054 3199 4119 sapientia
3229 4053 3344 4118 Dei,
3383 4069 3544 4124 quam
3567 4053 3691 4121 fecit

2102 4143 2156 4194 in
2187 4143 2398 4198 Christo
2428 4144 2560 4199 Jesu
2584 4144 2651 4197 “.
2674 4144 2813 4199 Eum
2836 4144 2989 4208 item,
3015 4145 3108 4216 qui
3138 4146 3561 4214 insuperabilem
3598 4144 3692 4202 Dei

2101 4247 2231 4304 erga
2266 4252 2364 4289 nos
2402 4250 2643 4288 amorem
2673 4238 2967 4291 ostendere
2996 4246 3250 4301 conatur,
3280 4253 3385 4291 non
3417 4239 3521 4294 hoc
3541 4255 3694 4295 eom-

2105 4342 2414 4383 memorare
2442 4367 2458 4393 ,
2502 4327 2648 4395 quod
2690 4327 2758 4380 ab
2800 4327 2961 4383 initio
3021 4329 3295 4383 hominem
3340 4328 3691 4396 formaverit,

2109 4433 2283 4487 neque
2317 4419 2461 4488 quod
2491 4433 2644 4472 suam
2676 4421 2747 4473 ad
2804 4420 3093 4489 imaginem
3138 4420 3286 4475 hunc
3308 4421 3605 4481 elllnxerit.
3638 4430 3699 4475 ut

389 4509 521 4560 τῶν
577 4507 835 4578 μεγάλων
892 4508 986 4561 καὶ
1052 4507 1388 4579 θαυμαστῶν
1442 4508 1622 4580 ἔργων
1671 4511 1997 4581 ύπέστησεν.

2110 4525 2209 4565 nec
2246 4511 2391 4579 quod
2439 4526 2694 4583 niagnnm
2735 4511 2955 4580 aliquod
3002 4522 3095 4567 aut
3137 4514 3516 4567 admirandum
3556 4529 3699 4583 opus

390 4602 578 4655 ’Ἀλλὰ
610 4605 695 4671 τί;
744 4603 843 4675 τὴν
870 4604 1134 4677 ἔνσαρκον
1170 4609 1470 4679 παρουσίαν
1514 4608 1608 4661 τοῦ
1649 4608 1779 4664 Υίοῦ
1814 4612 2002 4678 αὑτοῦ,

385 4694 477 4748 δι’
507 4687 571 4746 οῦ
599 4696 732 4767 ἡμῖν
765 4698 798 4766 ὴ
835 4697 1165 4761 ἀνάπλασις.
1202 4700 1365 4752 Οὕτω
1392 4700 1436 4731 ⁵¹
1470 4701 1602 4770 γὰρ,
1637 4703 1824 4770 φησὶν,
1857 4703 2005 4770 ἠγά-

386 4802 619 4854 πησεν
646 4792 685 4865 ό
707 4791 851 4856 Θεὸς
880 4795 990 4844 τὸν
1021 4789 1279 4860 κόσμον,
1305 4790 1463 4845 ὥστε
1502 4793 1612 4845 τὸν·
1654 4794 1794 4848 Υίὸν
1818 4796 2006 4849 αὑτοῦ

390 4880 523 4934 τὸν
534 4882 851 4953 μονογενῆ
879 4882 1107 4937 ἔδωκεν
1130 4881 1285 4949 ὑπὲρ
1315 4883 1426 4952 τῆς
1452 4885 1561 4938 τοῦ
1575 4886 1810 4955 κόσμον
1831 4884 2003 4955 ζωῆς.

391 4974 718 5052 Τίνοςνγὰρ
747 4975 848 5028 οὐκ
907 4974 973 5028 ἂν
1009 4973 1231 5043 ἀγάπης
1282 4975 1389 5044 εἴη,
1422 4976 1481 5027 ού
1520 4975 1664 5044 λέγω
1718 4978 1779 5029 τὸ
1823 4977 2007 5031 δοῦναι

400 5067 515 5119 τὺν
546 5066 834 5135 Μονογενῆ
862 5066 1003 5135 ὑπὲρ
1023 5067 1055 5137 ἡ
1065 5065 1181 5135 μῶν
1207 5067 1287 5129 είς
1321 5066 1724 5129 θάνατον,ἀλλά
1749 5069 1843 5122 κα)⁸
1875 5070 2007 5124 αὑτό

386 5174 475 5227 γε
510 5157 693 5222 τοῦτο,
722 5158 785 5210 τὸ
812 5158 1105 5227 εύδωιῆσαι
1138 5156 1228 5209 τὸν
1264 5158 1411 5221 Υίδν,
1440 5160 1720 5229 Δεσπότην
1748 5163 2006 5217 ἁπάντων

388 5252 565 5314 ὄντα,
600 5252 815 5321 μορφὴν
837 5250 1126 5302 ἀναλαϐεῖν
1153 5251 1196 5281 δ’
1219 5250 1426 5315 δούλου,
1457 5253 1538 5304 ὅτι
1565 5254 1689 5322 μηδ’
1722 5251 1789 5325 ἦν
1821 5259 2003 5327 γυμνῇ

393 5348 477 5417 τῇ
511 5344 730 5413 θεότητι
771 5343 895 5396 οὔτε
957 5344 1035 5406 είς
1072 5343 1262 5413 ὅρασιν
1305 5344 1597 5415 ἀνθρώπου
1641 5346 1845 5413 ἐλθεῖν,
1883 5348 2006 5402 οὕτε

392 5436 503 5491 διὰ
561 5435 671 5487 τῶν
731 5434 1065 5501 σωματικῶν
1115 5433 1297 5503 ἔργων
1348 5451 1410 5486 τε
1476 5435 1571 5488 καὶ
1622 5438 1874 5507 πράξεων
1908 5442 2009 5513 τὴν

483 5554 532 5585 ’ί
563 5553 761 5622 Eplies.
812 5567 896 5617 ιιι,
932 5551 1016 5606 10.
1097 5551 1143 5581 ²¹
1172 5549 1331 5606 Jonn.
1386 5567 1472 5618 ιιι,
1501 5552 1585 5606 16.

2113 4604 2435 4672 susceperit.
2501 4604 2692 4676 18Ᾱῦ
2730 4603 2869 4669 Quid
2925 4604 3141 4674 igitur?
3196 4602 3320 4658 Filii
3380 4605 3549 4675 ipsius
3603 4621 3701 4674 per

2092 4712 2334 4755 .carnetn
2389 4698 2677 4754 adventum
2728 4698 2913 4761 refert,
2949 4714 3045 4767 per
3091 4714 3250 4766 quem
3293 4700 3480 4768 utique
3513 4714 3698 4753 nostra

2094 4798 2200 4843 ,est
2242 4798 2455 4857 patrata
2491 4788 2831 4843 reformatio.
2872 4789 2966 4845 Sic
3001 4792 3166 4856 enim,
3202 4791 3399 4860 inquit,
3437 4791 3576 4845 Deus
3614 4792 3701 4845 di-

2098 4883 2243 4949 lexit
2264 4884 2540 4944 mundum,
2571 4891 2625 4934 ut
2648 4881 2851 4935 Filium
2868 4900 3023 4937 suum
3042 4885 3367 4953 unigenitum
3387 4885 3585 4938 dederit
3607 4902 3703 4953 pro

2114 4977 2301 5030 ntuudi
2352 4978 2458 5031 rita
2506 4978 2572 5030 ".
2624 4973 2759 5029 Nam
2801 4985 3037 5044 quanta,
3096 4976 3345 5042 obsecro,
3400 4977 3706 5031 dilectionis

2113 5069 2303 5135 fuerit,
2353 5085 2462 5123 non
2494 5069 2617 5124 dico
2646 5069 2990 5138 unigenitum
3028 5084 3184 5123 suum
3224 5084 3320 5136 pro
3358 5069 3513 5124 nobis
3545 5070 3704 5122 morti

2116 5163 2393 5227 addicere,
2428 5163 2524 5217 sed
2546 5161 2632 5215 vel
2660 5161 2762 5216 hoc
2800 5162 2999 5229 ipsum,
3029 5161 3430 5229 complaenisse
3456 5160 3699 5222 omnino,

2118 5265 2176 5310 ut
2206 5256 2398 5320 Filius,
2431 5269 2554 5308 cum
2581 5255 2764 5307 mundi
2792 5253 3045 5307 dominus
3086 5262 3253 5317 esset,
3283 5250 3510 5306 formam
3559 5252 3706 5305 servi

2116 5352 2387 5419 acciperet
2426 5366 2439 5402 :
2497 5362 2563 5402 eo
2612 5345 2755 5414 quod
2813 5361 2920 5400 non
2950 5353 3136 5412 posset
3156 5346 3298 5398 nuda
3333 5344 3505 5398 deitas
3542 5344 3622 5405 vel
3652 5345 3705 5398 in

2119 5443 2402 5497 hominum
2448 5453 2507 5495 se
2555 5445 2907 5507 conspectum
2963 5434 3115 5497 dare,
3152 5434 3231 5488 vel
3284 5447 3380 5502 per
3420 5447 3710 5502 corporeas

1736 5645 1974 5705 VARIA’I
2015 5647 2424 5707 LECTIONES.

492 5738 541 5814 ’ξ
574 5736 842 5814 ὅταν-μὲν
870 5732 966 5791 οῦν
999 5754 1059 5800 ς.
1085 5808 1096 5814 _
1118 5737 1184 5814 _"
1214 5734 1357 5814 sive;
1398 5736 1475 5814 τῷ
1500 5737 1620 5814 θεῷ
1649 5756 1710 5814 ς.
1786 5736 1834 5814 ξ⁸
1869 5738 2136 5814 Δβιϐλίου]
2178 5742 2301 5798 libri
2350 5740 2417 5811 β’.
2499 5740 2545 5771 ⁸⁸
2575 5738 2874 5809 κεφαλαίου
2909 5758 2969 5803 ς·.
3047 5742 3092 5772 ⁵ο
3128 5738 3237 5811 ἵνα]
3268 5738 3469 5808 Epltes.
3500 5751 3583 5803 ιιι,
3617 5733 3707 5791 10.

394 5809 450 5839 ⁸¹
479 5806 651 5880 οὕτω]
702 5807 863 5862 Joan.
922 5823 1004 5871 ιιι,
1078 5808 1164 5863 16.
1232 5811 1277 5841 ⁸¹
1332 5806 1624 5864 ἀναλαϐεῖν
1662 5810 1705 5862 Α
1740 5828 1753 5863 :
1786 5806 1972 5865 λαϐεῖν
2006 5829 2069 5875 ς.

654 5904 933 5965 ΡΛτιιοι.
968 5902 1086 5962 Gn.
1120 5903 1279 5963 Clll.

3308 5900 3385 5961 2's
