4032 6448
508 339 609 404 747
1690 352 1955 413 ΡΗΟΤΙΙ
1998 353 2511 414 PATRIARCIUE
2553 352 2665 414 (ΣΡ.
3624 377 3715 442 ’με

512 456 757 516 actiones
798 470 855 516 et
891 476 1077 533 opera,
1124 478 1243 518 eam
1283 465 1624 522 instituenda!
1657 469 1783 522 vitm
1826 471 2092 524 rationem

2203 468 2295 521 ὑπ’
2324 468 2489 523 αὺτοῦ
2529 471 2944 541 κηρυττομένην
2991 466 3295 565 πολιτείαν,
3343 476 3406 528 δι’
3436 474 3499 551 ἧς
3533 484 3650 555 ἡμῖν
3692 496 3721 565 ἡ

514 563 949 622 praemonstrare,
983 570 1144 624 quam
1196 555 1284 611 ille
1315 558 1653 626 praedicaret,
1683 576 1747 615 ac
1783 577 1880 632 per
1927 577 2092 630 quam

2201 558 2474 627 σωτηρία,
2533 559 2955 630 ύποδειχθῆναι,
2988 562 3082 614 καὶ
3136 561 3275 633 πρὸς
3336 566 3550 638 μάθησιν
3600 555 3723 648 ὴμᾶξ

509 645 665 701 nobis
703 646 850 702 salus
897 648 1186 717 quaerenda
1220 658 1409 714 esset;
1455 650 1536 704 vel
1568 666 1666 707 nos
1696 652 1763 705 ad
1803 652 2092 706 educatum

2204 652 2550 721 καταστῆναι
2582 652 2902 723 σύντροφον.
2935 653 3045 706 Καί
3086 654 3151 721 γέ
3186 670 3317 724 φησι
3345 658 3494 713 τοῦτο
3533 645 3656 721 stygii
3677 645 3728 725 τδ

508 736 788 791 nobiscum
820 754 925 792 una
943 738 1243 808 disciplina:
1268 743 1550 810 exemplar
1569 757 1898 813 componere
1930 754 2092 813 atque

2199 742 2608 812 καταλείψαντα
2645 743 2693 774 ⁸³
2725 744 2794 796 τά
2843 742 2927 810 Lﬁ'
2962 744 3213 815 πρόϐατα
3251 745 3332 814 ἐφ’
3379 746 3433 801 ἒν
3477 752 3630 809 ἐλθεῖν
3678 764 3729 814 τδ

506 827 798 882 moderari.
861 826 1041 896 Atque
1090 828 1193 883 hoc
1241 830 1373 885 illud
1432 834 1604 902 ipsum
1639 848 1762 889 esse
1806 834 1903 900 ait,
1951 834 2092 903 quod

2200 833 2582 904 πλανώμενον,
2614 832 2642 885 ὂ
2665 833 2762 886 καὶ
2788 834 2881 886 ἐπὶ
2910 833 3017 886 τῶν
3052 832 3218 903 ὤμων
3243 830 3364 904 ἦρε.
3400 838 3504 892 Καὶ
3544 846 3642 915 γὰρ
3680 852 3731 902 ος,

507 917 711 972 relictis
746 918 941 973 ovibus
979 919 1268 988 nonaginta
1327 938 1520 977 novem
1552 925 1619 989 ’³,
1654 926 1718 977 ad
1748 941 1906 979 unam
1946 926 2092 983 illam

2198 926 2343 979 κατά
2376 926 2477 997 τὴν
2515 929 2702 996 κοινὴν
2752 926 2848 979 καὶ
2880 924 3084 997 συνήθη
3115 926 3224 978 τῶν
3254 926 3387 981 ὅλων
3415 930 3734 1005 δημιουργίαν

503 1017 776 1063 errantem
805 1014 1124 1076 accesserit,
1149 1028 1310 1081 quam
1336 1024 1389 1069 et
1419 1016 1471 1070 in
1504 1017 1759 1073 humeros
1794 1020 2092 1076 sustulerit.

2198 1018 2345 1088 λόγῳ
2393 1019 2488 1071 καὶ
2535 1017 2637 1086 τὴν
2685 1018 2963 1088 ἡμετέραν
3033 1016 3197 1087 φύσιν
3256 1018 3579 1077 ἀνέπλασεν·
3638 1028 3734 1082 ἀλλ’

504 1097 692 1168 Neque
741 1101 885 1156 enim
935 1107 1210 1160 communi
1258 1105 1347 1161 illa
1380 1117 1436 1167 et
1479 1110 1676 1163 usitata
1711 1111 1944 1176 ratione,
1988 1128 2092 1183 qua

2199 1113 2339 1183 ὅπερ
2365 1112 2412 1144 ⁸⁸
2439 1110 2526 1165 ἐπ’
2563 1110 2776 1174 οὐδενὸς
2806 1110 2915 1164 τῶν
2947 1108 3121 1163 ἄλλων
3144 1110 3417 1181 ἠνέσχετο,
3440 1114 3534 1168 οὐκ
3560 1117 3637 1171 ἐπ’
3656 1121 3738 1190 ἀγ.

505 1191 820 1247 universum
851 1196 1075 1263 creavit,
1107 1201 1275 1255 verbo
1305 1214 1523 1271 quoque
1559 1212 1813 1257 naturam
1850 1214 2092 1259 nostram

2198 1203 2393 1272 γέλων,
2442 1204 2543 1256 οὐκ
2592 1203 2680 1256 ἐπ’
2711 1202 2879 1273 ἄλλης
2924 1202 3070 1267 τινδς
3116 1202 3351 1272 φύσεως.
3386 1204 3536 1261 τοῦτο
3566 1210 3650 1262 ἐπὶ
3683 1217 3738 1285 τῇ

507 1288 824 1347 reformavit
861 1311 876 1348 :
926 1292 1021 1348 sed
1063 1296 1207 1363 quod
1241 1311 1339 1366 pro
1385 1310 1445 1349 re
1470 1296 1614 1351 nulla
1645 1298 1748 1352 alia
1788 1300 2092 1364 sustinuit,

2198 1296 2309 1348 τῶν
2360 1293 2667 1367 ἀνθρώπων
2716 1294 2923 1365 ὑπέστη
2979 1294 3260 1366 σωτηρίᾳ,
3323 1296 3441 1350 ἀντὶ
3496 1300 3739 1357 Δεσπότου

505 1397 612 1437 non
664 1398 763 1453 pro
816 1386 1073 1456 angelis,
1118 1402 1222 1442 non
1274 1403 1373 1458 pro
1424 1389 1529 1443 ulla
1565 1389 1670 1445 alia
1722 1400 1937 1456 natura,
1995 1392 2092 1450 hoc

2198 1385 2387 1451 δοῦλος
2418 1386 2789 1459 χρηματίσας.
2822 1386 3064 1448 Εἰκότως
3115 1381 3209 1439 οὖν
3243 1385 3288 1418 ⁵⁸
3315 1386 3408 1441 καὶ
3434 1390 3741 1459 καταλιπεῖν,

506 1474 573 1528 ad
613 1475 894 1530 hominum
936 1478 1188 1533 toleravit
1230 1478 1486 1545 salutem,
1520 1495 1711 1538 servus
1739 1498 1836 1553 pro
1874 1483 2092 1539 domino

2198 1479 2275 1543 ὡς
2315 1480 2475 1549 ἔφην,
2506 1479 2575 1532 τὰ
2628 1479 2711 1547 ιιθο
2740 1478 2990 1549 πρόϐατα
3035 1476 3327 1547 λέγεσθαι,
3380 1478 3475 1552 τὴν
3512 1482 3587 1546 είς
3637 1484 3744 1541 ἄλλο

508 1567 907 1625 factuleerito
925 1571 1111 1641 igitur,
1123 1574 1269 1643 quod
1288 1575 1450 1629 modo
1466 1575 1790 1644 referebam,
1812 1575 2092 1647 reliquisse

2202 1569 2642 1644 παραδοξότερον
2669 1572 2765 1625 καὶ
2795 1569 3248 1641 θαυμασιώτερον
3290 1570 3389 1642 τῆς
3414 1573 3744 1646 δημιουργίας

503 1677 625 1717 eum
666 1676 797 1718 oves
844 1665 1139 1735 nonaginta
1182 1667 1334 1734 dici;
1367 1668 1625 1738 parabola
1677 1669 1934 1725 nimirum
1968 1670 2092 1726 aani-

2200 1663 2558 1737 ἀναχώρησιν
2595 1680 2655 1717 τε
2712 1663 2807 1718 καὶ
2855 1664 3191 1734 μετάστασιν
3237 1663 3333 1717 καὶ
3371 1662 3468 1736 τὴν
3512 1666 3606 1736 τῆς
3645 1685 3744 1721 συν.

504 1754 734 1822 gmatice
762 1754 1054 1821 indicante,
1074 1775 1176 1814 non
1205 1768 1412 1813 tantum
1449 1760 1515 1816 ad
1552 1761 1886 1829 inopinatum
1920 1763 2092 1832 magis

2202 1757 2397 1829 ηθείας
2421 1755 2779 1827 καινοτομίαν
2804 1757 2903 1826 τῆς
2924 1756 3241 1828 παραϐολῆς
3270 1758 3743 1830 αἰνιγματιζούσης,

502 1859 638 1913 opus
655 1847 933 1918 magisque
950 1851 1267 1906 admirabile
1279 1868 1441 1924 quam
1459 1855 1529 1909 sit
1547 1855 1903 1922 creatio,eum
1921 1870 2092 1911 reces-

2202 1818 2298 1907 καὶ
2327 1818 2405 1915 ὡς
2428 1851 2490 1903 οὐ
2520 1818 2735 1903 καθ’-ὂν
2763 1818 2967 1920 τρόπον
2992 1818 3052 1902 τὸ
3082 1818 3280 1913 πᾶνέξ
3317 1818 3490 1920 ἀρχῆς
3519 1818 3745 1924 caveat-ii.

502 1935 640 1991 sisse
652 1946 817 2007 atque
836 1941 1270 2009 transivisse,sed
1287 1944 1456 2014 ipsam
1469 1944 1633 1999 etiam
1649 1946 2092 2002 consuetudinem

2203 1961 2356 2006 σατο,
2405 1942 2543 1997 ἀλλά
2577 1943 2921 2013 καινοπρεπῆ
2968 1958 3031 1995 τε
3080 1942 3177 1994 καὶ
3209 1941 3352 2012 ὑπὲρ
3398 1943 3569 1996 πάντα
3614 1945 3746 2015 λόγον

504 2027 816 2096 inuovasse,
835 2046 957 2086 cum
988 2047 1094 2087 non
1126 2048 1193 2089 eo
1228 2034 1407 2103 modo,
1436 2052 1543 2105 quo
1569 2036 1723 2092 initio
1754 2038 1858 2093 hoc
1883 2038 2092 2093 univer«

2204 2036 2296 2090 τὸν
2324 2036 2594 2107 ήμέτεοον
2626 2034 3021 2105 ἀνακαινισμδν
3049 2034 3427 2106 ἐξειργάσατο.

505 2136 627 2178 sum
646 2126 913 2195 condidit,
935 2128 1031 2183 sed
1046 2142 1184 2183 novo
1221 2133 1479 2199 quodam,
1501 2131 1701 2202 quique
1724 2132 1865 2186 nulla
1892 2134 2099 2189 oratio-

508 2230 577 2270 ne
600 2216 833 2287 exprimi
861 2221 1053 2289 possit,
1074 2223 1728 2279 renovationemnostram
1759 2223 2072 2295 perfecerit.

575 2307 667 2363 i5.
700 2309 867 2365 Addit
899 2315 1139 2380 insuper,
1176 2313 1325 2385 justa
1359 2329 1483 2369 cum
1513 2317 1723 2372 ratione
1750 2332 1815 2373 ac
1848 2332 2101 2373 necessa-

505 2400 590 2456 rio
627 2401 861 2459 Verbum
916 2406 1074 2463 nobis
1101 2422 1199 2477 per
1231 2423 1449 2464 carnem
1493 2410 1725 2465 salutem
1754 2425 1876 2466 esse
1902 2426 2099 2481 opera-

506 2507 642 2552 tum.
686 2496 915 2565 Quando
944 2500 1088 2555 enim
1128 2500 1240 2570 jam
1286 2514 1445 2558 antea
1484 2504 1632 2559 omni
1666 2505 1772 2559 alia
1803 2506 1889 2561 via
1920 2521 1985 2561 ac
2013 2521 2101 2561 ra-

503 2587 649 2643 tione
671 2587 871 2645 frustra
890 2588 1133 2647 adhibita
1187 2592 1412 2665 (etenim
1447 2606 1501 2652 et
1525 2598 1825 2667 propheta,
1847 2599 2102 2670 etpopuli

501 2680 688 2749 «luces,
716 2690 771 2736 et
805 2682 1036 2740 mirifica
1066 2686 1335 2756 prodigia,
1377 2697 1434 2743 et
1473 2679 1762 2755 beneficia,
1801 2691 2099 2760 minaeque,

502 2787 570 2827 ac
599 2787 792 2843 preme,
820 2776 903 2830 vel
929 2791 993 2831 ex
1020 2786 1175 2849 parte
1196 2780 1280 2834 vel
1313 2780 1477 2835 etiam
1508 2781 1562 2835 in
1594 2781 1909 2837 universum
1936 2782 2092 2854 [prie-

2206 2754 2335 2829 [589
2357 2756 2453 2831 IL]
2480 2760 2638 2813 τοῦτο
2661 2761 2759 2831 μὲν
2798 2762 2891 2815 ἐπὶ
2922 2763 3145 2833 μέρους,
3181 2760 3344 2815 τοῦτο
3370 2760 3425 2813 δὲ
3463 2760 3554 2813 καὶ
3577 2761 3756 2828 παγκό⁶

500 2865 843 2940 cesserant])
879 2870 1173 2925 humanum
1207 2879 1387 2927 tamen
1428 2886 1601 2942 genus
1621 2873 1671 2928 in
1703 2873 1900 2929 melius
1929 2852 2092 2929 muta-

2207 2852 2380 2921 σμιοι)
2434 2852 2557 2904 ἐπεὶ
2595 2852 2658 2905 τὸ
2712 2852 3058 2925 ἀνθρώπινον
3099 2855 3200 2924 τὴν
3243 2854 3384 2925 πρὸς
3438 2854 3505 2908 τὰ
3552 2855 3757 2923 κρείττω

503 2955 709 3012 tionem
778 2960 977 3015 nullam
1048 2961 1313 3029 admisit,
1397 2965 1728 3034 morbosque
1787 2965 2092 3022 insanabili:

2212 2943 2519 3015 μεταϐολὴν
2567 2945 2668 2998 οὐκ
2711 2946 3023 3015 ἠσπάσατο,
3070 2946 3131 2999 τὸ
3172 2946 3230 3000 δὲ
3284 2947 3497 3018 νόσημα
3551 2947 3676 3019 πρὸς
3708 2947 3758 2999 τδ

502 3051 684 3120 potius
717 3049 895 3108 factus
927 3063 1009 3109 est
1041 3072 1056 3110 :
1088 3070 1153 3109 ex
1183 3056 1509 3111 necessitate
1532 3057 1742 3113 scilicet
1773 3067 1910 3123 tum,
1945 3071 2092 3130 atqut

2208 3035 2426 3089 ἀνίατον
2448 3037 2649 3107 μᾶλλον
2671 3038 2891 3107 ἐχώρει,
2916 3040 3060 3093 κατά
3088 3039 3149 3092 τὸ
3177 3042 3515 3107 ἀναγακαίον
3542 3041 3629 3091 καὶ
3647 3040 3756 3091 ἀκό-

501 3145 920 3215 consequentia,
953 3146 1037 3201 vel
1061 3146 1238 3217 potius
1263 3162 1327 3202 ex
1360 3147 1611 3203 ineﬂ‘abili
1636 3152 1893 3208 bonitatis
1924 3152 2092 3207 abun-

2210 3126 2419 3193 λουθον,
2468 3127 2669 3198 μᾶλλον
2706 3128 2763 3181 δὲ
2810 3130 3036 3201 ἀρρήτῳ
3082 3130 3502 3201 φιλανθρωπίας
3547 3130 3756 3198 πλούτῳ,

500 3234 710 3299 dantia,
766 3233 1003 3291 Verbum
1060 3243 1367 3309 (assumpta
1424 3240 1614 3310 carne)
1672 3241 1867 3297 ducem
1920 3258 1981 3299 se
2033 3259 2092 3298 ac

2205 3220 2269 3271 ὲα
2283 3221 2408 3274 υτὸν
2436 3221 2463 3272 ό
2494 3220 2689 3288 Λόγος,
2722 3221 2904 3293 σάρκα
2941 3222 3293 3293 προσλαϐὼν,
3338 3224 3647 3294 καθηγητὴν
3681 3226 3758 3276 καὶ

500 3338 917 3400 praceptorem,
946 3337 1110 3399 atque
1137 3331 1555 3388 instauratorem
1587 3335 1729 3391 bona
1765 3350 1888 3391 cum
1919 3336 2092 3405 Patris

2201 3312 2525 3365 διδάσκαλον
2574 3314 2668 3367 καὶ
2711 3315 3127 3385 ἀνακαινιστὴν,
3178 3316 3404 3388 εὐδοκία
3444 3316 3647 3388 Πατρός
3682 3317 3759 3369 καὶ

501 3423 803 3488 voluntate,
830 3430 1018 3478 sancto
1040 3422 1204 3477 etiam
1231 3423 1437 3493 Spiritu
1463 3436 1814 3495 cooperante,
1842 3428 2092 3498 praebuit.

2202 3409 2466 3479 συνεργίᾳ
2495 3406 2590 3461 τοῦ
2627 3406 2785 3476 ἁγίου
2827 3406 3173 3478 Πνεύματος,
3210 3408 3568 3480 εἰσηγήσατο.
3601 3411 3659 3461 Ὃ
3681 3410 3760 3461 καὶ

502 3519 679 3583 Quam
729 3515 895 3570 etiam
926 3528 1049 3570 esse
1077 3529 1299 3569 causam
1337 3516 1818 3587 contemplationis
1851 3529 2092 3576 amantes

2199 3502 2371 3555 αἴτιον
2400 3504 2512 3564 τοῖς
2577 3499 2968 3573 φιλοθεάμοσιν
3011 3503 3209 3574 ὁρᾶται
3252 3501 3355 3555 τοῦ
3403 3502 3490 3555 ἐπ’
3544 3502 3762 3573 ἐσχάτων

497 3610 817 3673 observant,
847 3621 949 3663 cur
983 3608 1293 3663 novissimis
1337 3609 1557 3663 demum
1596 3610 1947 3679 temporibus.
1983 3628 2092 3668 non

2198 3592 2308 3646 τῶν
2340 3592 2587 3665 ἡμερῶν,
2611 3592 2708 3647 καὶ
2750 3594 2829 3665 μὴ
2855 3593 2916 3658 ἐξ
2945 3593 3144 3665 ἀρχῆς,
3170 3594 3251 3657 είς
3292 3594 3474 3665 σάρκα
3496 3595 3585 3647 τὸν
3612 3595 3761 3661 Λόγον

503 3704 575 3756 ab
604 3701 778 3765 initio,
815 3700 883 3754 ad
911 3714 1134 3756 carnem
1174 3716 1347 3771 usque
1379 3699 1615 3757 Verbum
1650 3702 1812 3758 fuerit
1845 3704 2092 3759 exinani-

2198 3686 2526 3757 κενωθῆναι,
2561 3686 2699 3740 ἀλλὰ
2732 3686 2912 3757 πάσης
2948 3684 3186 3754 σπουδῆς
3224 3686 3325 3739 καὶ
3363 3687 3617 3755 προνοίας
3640 3688 3761 3756 ἡγη-

504 3807 642 3851 tum.
695 3794 830 3849 Cum
861 3793 1008 3851 enim
1034 3796 1435 3863 praecedentem
1465 3811 1681 3852 omnem
1712 3813 1897 3853 curam
1928 3809 2091 3871 atque

2197 3780 2465 3851 σαμένης,
2504 3775 2623 3833 εἷτα
2657 3779 2866 3849 ταύτην
2908 3778 2970 3830 ού
3017 3776 3472 3849 προσδεχομένων
3500 3778 3608 3831 τῶν
3644 3794 3760 3848 προ-

2191 3872 2527 3943 νοουμένων,
2572 3869 2717 3923 οὖτω
2771 3868 2958 3922 λοιπὸν
2994 3870 3206 3939 καιροῖς
3236 3870 3495 3939 ἐσχάτοις
3526 3869 3592 3925 δι’
3616 3868 3759 3923 αὐτοῦ

2276 2304 2360 2351 ιε’.
2399 2292 2536 2352 Εἶτά
2561 2314 2725 2368 φησιν
2759 2297 2998 2368 εὐλόγως
3022 2315 3081 2351 τε
3104 2299 3199 2353 καὶ
3228 2298 3542 2367 ἀναγκαίως
3568 2299 3657 2372 τὴν
3680 2301 3749 2357 διὰ

2204 2392 2409 2463 σαρκὸς
2436 2391 2713 2464 σωτηρίαν
2744 2391 2836 2446 τὸν
2851 2391 3026 2461 Λόγον
3052 2394 3086 2464 ὴ
3095 2394 3187 2461 μίν
3221 2393 3747 2464 πραγματεύσασθαι.

2204 2482 2394 2552 Πάσης
2422 2484 2532 2555 γὰρ
2561 2482 2730 2553 ἄλλης
2762 2482 2988 2554 μεθόδου
3013 2484 3557 2557 προκαταϐληθείσης
3584 2486 3625 2517 ⁵⁸
3656 2486 3752 2557 (καὶ

2201 2573 2309 2645 γὰρ
2363 2578 2461 2628 καὶ
2511 2576 2792 2646 προφῆται
2840 2577 2936 2631 καὶ
3002 2576 3331 2647 δημαγωγοὶ
3383 2577 3478 2629 καὶ
3530 2577 3752 2648 ὑπερφυῆ

2201 2665 2409 2737 τέρατα
2469 2660 2785 2739 εὐεργεσίαι
2847 2686 2908 2722 τε
2952 2670 3047 2722 καὶ
3089 2668 3317 2723 ἀπειλαὶ
3375 2669 3470 2721 καὶ
3524 2669 3754 2739 τιμωρίαι

502 3888 902 3958 providentiam
935 3901 1041 3943 non
1073 3888 1430 3944 admitterent
1460 3890 1496 3944 ii
1524 3890 1719 3959 quibus
1740 3891 1857 3947 haec
1880 3892 2088 3963 impen-

501 3979 753 4045 debatur,
799 3987 913 4033 tum
967 3978 1204 4048 denique
1259 3980 1571 4036 novissimis
1617 3959 1974 4053 temporibus-
1992 3998 2090 4054 per

2197 3965 2290 4035 τὴν
2321 3963 2480 4035 ἡμῶν
2505 3962 2692 4016 οὐσίαν
2714 3959 3126 4017 ἀνασώσασθαι.

500 4070 739 4137 seipsnm
768 4078 1013 4123 nostram
1047 4083 1335 4139 reparasse
1366 4080 1640 4125 naturam.

578 4158 773 4229 185a
802 4158 899 4214 His
918 4157 1081 4213 aliam
1099 4158 1389 4227 quamdam
1411 4160 1651 4215 adnectit
1687 4161 2040 4231 quaestionem
2067 4204 2083 4230 ,

2260 4165 2485 4228 Τούτοις
2533 4162 2769 4234 ἀπορίαν
2834 4162 3099 4217 συνάπτει
3154 4162 3230 4226 ὡς
3292 4160 3354 4228 ἐξ
3402 4161 3759 4233 ἀνθυποφορᾶς

500 4267 622 4321 qua:
678 4258 868 4305 contra
899 4248 1062 4319 objici
1110 4263 1272 4318 posse
1297 4249 1566 4304 videatur.
1618 4249 1726 4306 Sed
1773 4254 2079 4322 oportebat,

2197 4257 2633 4331 προτεινομένην.
2671 4257 2811 4311 Ἀλλ’
2844 4257 2973 4324 ἔδει,
3002 4257 3159 4327 φασὶ,
3204 4259 3300 4312 τὸν
3341 4259 3628 4330 ἄνθρωπον
3679 4257 3761 4314 ἀπ’

499 4345 673 4408 aiunt,
722 4342 997 4397 hominem
1044 4341 1114 4396 ab
1147 4342 1382 4411 ipsomet
1431 4341 1698 4411 principio
1750 4342 1977 4413 probum
2016 4359 2083 4399 ac

2197 4351 2362 4423 ὶρχῆς
2389 4351 2552 4405 καλόν
2576 4368 2635 4404 τε
2656 4350 2753 4404 καὶ
2774 4348 2979 4419 ἀγαθὸν
2999 4349 3315 4419 ὑφεστάναι,
3340 4350 3430 4406 ἵνα
3470 4353 3606 4424 μήτε
3641 4350 3763 4423 πρά-

500 4437 699 4490 bonum
740 4433 1000 4489 constitui
1034 4448 1050 4499 ;
1106 4448 1216 4503 quo
1244 4446 1420 4501 neque
1464 4432 1835 4488 molestiarum
1871 4444 2078 4489 tantum

2197 4460 2378 4515 γματα
2409 4443 2643 4497 τοσαῦτα
2678 4444 2929 4515 παρεῖχε,
2982 4442 3123 4514 ῥέων
3150 4460 3209 4496 τε
3250 4443 3493 4515 συνεχῶς
3524 4444 3656 4516 πρὸς
3703 4444 3760 4495 τὰ

497 4523 812 4588 facesseret,
851 4538 973 4578 cum
1000 4522 1066 4575 ad
1088 4520 1358 4576 deteriora
1395 4519 1737 4577 continenter
1776 4518 2082 4584 deﬂuendo,

2197 4537 2358 4610 χείρω
2402 4537 2496 4591 καὶ
2546 4535 2635 4589 διὰ
2665 4534 2824 4589 τοῦτο
2872 4534 3212 4605 πολυτρόπου
3272 4534 3413 4609 [504
3443 4538 3512 4591 Η.
3539 4537 3553 4608 J
3582 4553 3640 4590 τε
3682 4538 3762 4589 καὶ

500 4614 816 4669 multiformi
864 4613 1002 4668 adeo
1032 4627 1098 4667 ac
1137 4612 1286 4666 varia
1312 4612 1669 4681 gubernantis
1707 4611 1801 4668 Dei
1853 4628 1983 4668 cura
2014 4614 2083 4668 ad

2197 4629 2447 4699 ποικίλης
2495 4627 2807 4698 οίκονομίας
2845 4628 2927 4691 είς
2967 4625 3029 4679 τὸ
3088 4627 3445 4699 ἀνασωθῆναι
3503 4628 3759 4699 δεόμενος,

496 4708 729 4763 salutem
771 4706 1197 4777 recuperandam
1240 4705 1544 4776 indigeret:
1588 4720 1765 4776 neque
1797 4722 1895 4777 per
1939 4707 2083 4775 inju-

2197 4721 2334 4792 μήτε
2363 4720 2425 4774 τὸ
2462 4721 2612 4785 ἅπαξ
2663 4721 2784 4773 κατ’
2836 4718 3026 4772 εἰκόνα
3067 4716 3203 4772 Θεοῦ
3230 4719 3640 4793 δημιουργηθὲν
3685 4720 3762 4772 tv-

500 4800 637 4855 riam
672 4799 962 4868 aliquando
987 4798 1306 4862 violaretur,
1338 4798 1482 4866 quod
1513 4798 1681 4852 semel
1721 4798 1787 4851 ad
1820 4797 1913 4853 Dei
1939 4798 2083 4853 ima-

2197 4811 2485 4883 υϐρίζοιτο.
2536 4810 2676 4864 Ἀλλ’
2709 4811 2743 4882 ἡ
2774 4811 2873 4881 μὲν
2904 4808 3176 4875 ἀντίθεσις
3226 4812 3456 4885 τοιαύτη
3481 4827 3495 4841 ·
3550 4809 3760 4865 ἀκούσε-

496 4892 679 4964 ginem
719 4892 999 4946 conditum
1041 4891 1252 4945 fuisset.
1310 4886 1484 4957 Objici
1517 4890 1633 4945 haec
1680 4890 1898 4960 quidem
1930 4890 2007 4945 ait
2063 4905 2081 4945 :

2197 4902 2285 4957 σθε
2320 4904 2366 4935 ⁵⁷
2396 4903 2454 4956 δὲ
2488 4902 2619 4973 ἄρα,
2656 4903 2812 4972 φησί,
2842 4905 2969 4967 τοὺς
2999 4903 3275 4966 τοιούτους
3300 4903 3459 4976 παρὰ
3489 4903 3587 4973 τῆς
3625 4902 3763 4967 Ἀλη-

498 5001 688 5043 verum
720 4986 912 5040 audire
945 4982 1254 5052 huiusmodi
1280 4981 1529 5036 homines
1554 4981 1625 5035 ab
1652 4982 1766 5051 ipsa
1790 4979 2032 5038 Veritate
2064 5001 2082 5040 :

2197 4994 2363 5061 θείας,
2390 4995 2465 5059 ὡς
2481 4995 2699 5050 Αἰτεῖτε
2714 4995 2760 5027 ³⁸
2779 4997 2878 5049 καὶ
2900 4998 2971 5050 οὐ
2986 4996 3339 5065 λαμϐάνετε,
3356 4996 3509 5051 διότι
3530 4994 3715 5060 κακῶς
3724 4992 3763 5024 ⁸⁹

498 5078 707 5143 Petilii.
754 5088 802 5133 ει
850 5094 952 5131 ηοη
1001 5076 1263 5143 Μάρδων
1316 5090 1376 5128 εο
1405 5073 1545 5144 φισά
1594 5072 1734 5127 ’παῖε
1782 5075 1968 5142 Palam
2013 5075 2083 5130 ’⁸ο
2192 5088 2473 5142 αἰτεῖσθε.
2508 5086 2668 5142 Ἀλλά
2695 5087 2791 5141 καὶ
2819 5088 3006 5159 ἕτερον
3029 5089 3213 5152 αὐτοῖς
3242 5086 3760 5145 άτοτιηνθοέπεσθαι.

496 5173 637 5239 Quin
686 5181 743 5227 et
790 5171 921 5224 illud
961 5170 1181 5239 insuper
1205 5183 1270 5222 ex
1319 5166 1402 5221 his
1451 5166 1750 5222 absurdum
1801 5170 2087 5237 consequi,

497 5266 640 5335 quod
695 5264 789 5318 Dei
853 5278 1025 5333 neque
1082 5261 1447 5332 providentia,
1509 5275 1685 5329 neque
1728 5260 1934 5329 judicio
1975 5263 2085 5316 ullo

496 5358 655 5412 modo
708 5358 973 5420 contenti,
1028 5356 1204 5426 ipsum
1244 5354 1583 5408 conditorem
1641 5354 1805 5407 velint
1863 5370 1928 5409 ex
1984 5372 2085 5409 suo

2194 5180 2254 5232 τὸ
2278 5178 2353 5250 μὴ
2368 5179 2467 5250 τὴν
2488 5180 2744 5250 πρόνοιαν
2766 5179 2860 5234 καὶ
2887 5180 2989 5250 τὴν
3011 5180 3189 5249 κρίσιν
3213 5178 3313 5251 τὴν
3332 5180 3487 5232 θείαν
3505 5178 3760 5248 στέργειν,

2194 5272 2394 5334 αὐτοὺς
2417 5271 2737 5325 δ’άπαιτεῖν
2766 5273 2857 5323 τὸν
2888 5270 3135 5340 πλάστην
3155 5272 3275 5331 ταῖς
3303 5270 3532 5323 ἐκείνων
3560 5267 3763 5337 βουλαῖς

2192 5378 2250 5414 τε
2273 5362 2367 5414 καὶ
2392 5359 2642 5430 γνώμαις
2670 5360 2972 5414 τυποῦσθαί
2993 5377 3053 5413 τε
3085 5360 3181 5413 καὶ
3200 5357 3661 5430 μεθαρμόζεσθαι,
3678 5354 3761 5407 καὶ

566 5516 611 5546 ⁸³
642 5513 770 5569 Luc.
816 5532 904 5579 xv,
957 5517 1009 5569 4.
1089 5518 1135 5545 ’⁸
1163 5512 1278 5566 Jac.
1332 5528 1407 5571 Iv.
1441 5513 1492 5563 3.

1796 5648 2031 5705 VARIE
2074 5644 2481 5705 LECTIONES.

566 5745 612 5776 ⁸³
634 5744 691 5796 τὸ
729 5746 943 5818 καταλ.1
970 5747 1100 5818 huc.
1132 5762 1220 5807 xv,
1254 5748 1306 5799 4.
1382 5744 1663 5818 ’ξὸπερᾼΛ
1704 5762 1717 5797 :
1750 5746 1943 5818 ὅτιπερ
1972 5760 2032 5818 gf.
2061 5814 2081 5818 η
2110 5744 2157 5774 ⁵⁸
2190 5740 2547 5818 o~5v_add._A.
2626 5744 2674 5777 ⁵⁸
2703 5746 3213 5818 προκαταλυθείσης
3241 5764 3299 5811 ς.
3370 5746 3417 5778 ⁸⁷
3473 5740 3751 5799 ἀκούεσθιι

495 5812 639 5868 libri.
716 5816 760 5845 "'
784 5812 1009 5885 αἰτεῖτε]
1040 5816 1231 5869 Jacoh.
1278 5832 1350 5881 tv,
1420 5816 1473 5868 5.
1562 5815 1605 5844 ⁵⁹
1668 5816 1814 5868 κακά
1847 5830 1908 5876 ς.
1985 5814 2029 5843 ⁶⁰
2053 5814 2255 5869 ἄτοπον
2285 5814 2324 5867 Α
2361 5831 2376 5868 :
2406 5814 2571 5866 τόπον
2603 5832 2663 5878 ς’.

3938 2394 3946 2427 1
