4032 6490
377 369 488 435 ’ἷίι9

1471 356 1999 422 BIBLIOTHECA.
2037 380 2106 392 —
2135 354 2301 416 COD.
2329 352 2595 414 CCXXII

3532 352 3643 418 750

371 480 519 538 κατά
545 479 647 543 τὰς
676 476 900 532 ἐκείνων
932 468 1171 547 ψήφους,
1202 472 1306 529 κᾶν
1330 473 1412 536 είς
1438 472 1610 540 αὐγὰς
1636 471 1789 523 obsto.»
1830 470 1961 540 ἦκα-

2069 465 2300 521 consilio
2330 474 2494 534 atque
2514 462 2790 518 voluntate
2804 470 2855 517 el
2887 461 3135 532 lormari,
3162 474 3219 521 et
3242 464 3639 527 reconcinnari.

370 592 458 629 σιν
491 572 669 644 ἡλίου.
704 570 801 641 τὴν
845 569 1209 643 δημιουργίαν
1244 563 1694 620 κατευθύνεσθαι.
1729 562 1847 614 Ἔτι
1901 562 1960 613 δὲ

369 667 493 736 ἅμα
528 679 591 715 τε
618 661 668 714 oi
700 659 854 713 αὐτοὶ
895 658 1058 711 καλὸν
1092 657 1189 712 καὶ
1220 656 1423 726 φαῦλον
1470 655 1582 708 δεῖν
1611 654 1654 685 ⁶¹
1704 647 1842 704 εἶναι
1870 653 1960 704 τὸν

366 756 667 827 ἄνθρωπον
699 752 1085 822 ἀποφαίνουσι.
1120 751 1193 805 Τὸ
1243 749 1351 819 γάρ
1382 748 1546 802 καλὸν
1574 746 1672 817 μὲν
1703 741 1842 798 εἶναι
1865 745 1961 814 ζη-

360 851 501 911 τεῖν,
529 846 751 917 ἀνάγκῃ
784 845 841 897 δὲ
876 844 984 917 [τὸ]
1022 843 1260 897 τοιοῦτον
1290 837 1428 893 εἶναι
1458 839 1873 911 προσαπαιτεῖν,
1901 835 1960 888 τό

359 961 420 996 τε
454 940 815 1004 αὑτεξούσιόν
864 940 1015 991 ἐστιν
1060 935 1301 1004 ἀφελεῖν,
1331 933 1427 986 καὶ
1486 930 1653 1001 μηδὲν
1679 924 1754 982 ὧν
1784 928 1961 999 πράτ-

360 1050 550 1086 τουσιν
575 1030 859 1099 ἄνθρωποι
901 1029 1039 1097 μήτε
1072 1026 1241 1096 γέρας
1269 1020 1407 1076 εἶναι
1444 1022 1581 1093 μήτε
1633 1018 1906 1071 ἀντίδοσιν
1937 1032 1953 1047 ·

366 1123 430 1175 τὸ
455 1124 559 1191 γὰρ
578 1120 839 1172 ἀκούσιον
859 1116 981 1170 οὔτε
1004 1116 1272 1187 ἔμμισθον
1291 1114 1413 1167 οὔτε
1436 1112 1759 1167 ὑπεύθυνον.
1777 1110 1959 1173 Ἀλλὰ,

374 1213 513 1274 Nai,
542 1228 672 1279 φησι
703 1227 716 1240 ·
749 1208 803 1261 τί
833 1209 940 1278 γὰρ
977 1206 1202 1270 ἐκώλυε,
1236 1206 1489 1274 καθάπερ
1515 1206 1643 1269 τοὺς
1673 1204 1959 1273 ἀγγέλους,

377 1303 520 1356 οὓτω
546 1302 633 1353 καὶ
693 1301 820 1363 τοὺς
854 1298 1174 1370 ἀνθρώπους
1213 1297 1457 1351 ἐκτίσθαι
1490 1316 1505 1365 ;
1542 1296 1637 1351 καὶ
1667 1297 1773 1367 μὴν
1824 1294 1961 1347 κάπὶ

376 1392 486 1444 τῶν
513 1390 768 1459 ἀγγέλων
793 1392 825 1460 ἡ
853 1388 1047 1459 γνώμη
1077 1392 1287 1457 κρατεῖ,
1340 1390 1433 1442 καὶ
1487 1387 1639 1441 οὐδὲν
1676 1387 1795 1439 κατ’
1825 1386 1959 1438 ἀνά-

371 1502 513 1553 γκην
537 1484 728 1545 αὐτοῖς
754 1483 1075 1553 πράττεται.
1105 1482 1213 1533 Καὶ
1242 1482 1450 1551 μάρτυς
1469 1483 1496 1534 ὁ
1518 1478 1767 1533 ἐκπεσὼν
1788 1479 1959 1530 Ἑωσ-

363 1576 553 1644 φόρος,
596 1574 693 1626 καὶ
723 1575 849 1628 ὅσον
907 1571 1056 1643 αὑτῴ
1098 1572 1407 1644 συναπέστη
1443 1572 1607 1640 φῦλον
1654 1571 1955 1639 δαιμόνιον.

355 1666 492 1728 Πῶς
519 1665 580 1718 δὲ
612 1666 706 1719 καὶ
726 1666 948 1735 ἄμεινον
977 1665 1097 1718 κατ’
1122 1664 1385 1733 ἀγγέλους
1416 1664 1791 1734 προαχθῆναι,
1826 1665 1958 1717 ὅπου

352 1759 419 1811 τὸ
456 1760 563 1829 μὲν
590 1756 935 1827 ἁμαρτάνειν
993 1758 1053 1809 ὲν
1082 1757 1269 1819 αὐτοῖς
1322 1756 1693 1826 ἀμετανόητον
1724 1760 1817 1807 καὶ
1871 1754 1961 1807 διὰ

2068 558 2347 625 ipsamque
2397 555 2534 609 adeo
2566 553 2750 609 mundi
2788 553 3121 611 molitionem
3166 572 3264 612 suo
3287 572 3356 613 ex
3398 559 3641 621 decreto,

2065 648 2278 703 etiamsi
2333 656 2460 701 tunc
2509 646 2683 702 lucem
2738 646 2977 703 nondum
3034 649 3405 718 aspexissent,
3459 652 3638 722 dirigi.

2066 740 2213 794 ldem
2256 736 2452 811 [addit]
2496 738 2623 793 illud
2655 753 2870 808 quoque
2903 738 3051 795 clare
3086 742 3477 805 demonstrant,
3513 759 3639 812 pro-

2068 832 2197 887 bum
2250 832 2412 886 simul
2460 842 2515 886 et
2555 831 2855 900 improbum
2885 847 3005 887 esse
3054 833 3325 888 hominem
3366 846 3618 903 oportere

2070 923 2206 977 Dum
2246 925 2390 977 enim
2445 926 2671 993 probum
2718 924 2932 992 quidem
2983 924 3131 977 illum
3180 940 3299 980 esse
3340 926 3543 992 volunt,
3588 937 3644 981 ct

2067 1018 2226 1072 simul
2258 1020 2568 1073 necessario
2591 1019 2756 1072 talem
2785 1033 2905 1072 esse
2932 1018 3225 1086 postulant,
3268 1035 3373 1073 non
3410 1022 3641 1076 liberum

2066 1110 2239 1166 solum
2268 1110 2371 1164 hoc
2402 1120 2561 1179 pacto
2587 1109 2781 1165 tollunt
2811 1110 3120 1175 arbitrium,
3147 1114 3244 1167 sed
3278 1113 3481 1166 nullum
3508 1129 3643 1181 quo-

2066 1218 2171 1273 que
2198 1217 2386 1257 eorum
2427 1218 2547 1272 quae
2586 1204 2654 1255 ab
2704 1203 3012 1257 hominibus
3062 1213 3321 1272 gerantur
3358 1209 3639 1274 prmmiuut

2066 1310 2187 1349 esse
2233 1294 2314 1349 vel
2350 1293 2843 1349 remunerationem
2899 1304 3163 1349 statuunt.
3211 1294 3639 1351 lnvoluntarium

2065 1387 2208 1442 enim
2253 1387 2392 1455 quod
2431 1395 2534 1450 est,
2563 1383 2617 1438 id
2662 1399 2836 1454 neque
2864 1387 3142 1455 praemium
3182 1397 3438 1451 meretur,
3467 1404 3641 1458 neque

2066 1494 2240 1549 pruna).
2272 1479 2362 1533 ulli
2390 1487 2476 1534 est
2508 1477 2822 1533 obnoxium.
2862 1478 2932 1531 At
2961 1490 3109 1534 certe
3135 1480 3264 1533 nihil
3299 1482 3638 1549 prohibebat,

2069 1570 2264 1639 inquit,
2317 1571 2505 1624 eadem
2575 1569 2824 1624 homines
2870 1569 3180 1624 conditione
3232 1585 3335 1639 qua
3394 1571 3638 1641 angelos,

2066 1662 2247 1716 condi.
2281 1660 2572 1715 Enimvero
2602 1661 2654 1714 in
2683 1660 2890 1729 angelis
2915 1660 3163 1715 voluntas
3186 1662 3354 1715 libera
3390 1663 3639 1718 domina-

2067 1761 2175 1819 tur,
2216 1760 2270 1805 et
2305 1751 2438 1804 nihil
2475 1751 2545 1805 ab
2572 1750 2680 1804 illis
2718 1748 3025 1803 necessario
3069 1749 3266 1818 agitur.
3327 1749 3505 1805 Testis
3554 1762 3635 1808 est

347 1849 533 1904 τοῦτο
566 1850 752 1919 πάσης
784 1848 1117 1917 συγγνώμης
1165 1847 1469 1918 ἀλλότριον,
1502 1848 1560 1901 τὸ
1585 1848 1642 1901 δὲ
1687 1846 1956 1919 ἡμέτερον

2066 1843 2311 1911 delapsus
2358 1840 2596 1907 Lucifer,
2636 1849 2693 1896 et
2746 1849 3010 1910 quotquot
3051 1856 3172 1895 cum
3219 1840 3333 1909 ipso
3365 1840 3641 1896 daemones

348 1941 526 2009 γένος
550 1944 646 1995 καὶ
671 1943 964 2006 πίπτοντες
990 1943 1081 1997 διὰ
1105 1944 1393 2014 μετανοίας
1419 1944 1580 1998 πάλιν
1602 1943 1915 1998 ἀνίστανται
1943 1960 1958 2003 ;

350 2032 489 2086 ἐστι
521 2034 707 2104 μέντοι
742 2051 807 2102 γε
832 2034 971 2104 μετά
995 2034 1091 2106 τὴν
1122 2034 1464 2105 Δεσποτικὴν
1515 2034 1810 2105 ἐπιδημίαν
1866 2036 1961 2087 καὶ

355 2127 423 2179 ὲν
454 2124 774 2197 ἀνθρώποις
819 2126 961 2196 ἔργα
1018 2127 1195 2196 μείζω
1230 2126 1470 2197 καθορᾷν
1501 2126 1534 2196 ἢ
1561 2127 1660 2179 ὃσα
1689 2127 1961 2197 πράττου-

354 2232 455 2267 σιν
496 2216 721 2283 ἄγγελοι
745 2232 763 2245 ⁸
801 2215 928 2269 Ἴδε
959 2214 1067 2286 γάρ
1089 2216 1204 2284 ἐγὼ
1237 2215 1476 2281 Παῦλος
1497 2214 1653 2284 λέγω
1686 2214 1849 2284 ὑμῖν,
1879 2214 1961 2280 ὠς

352 2312 421 2363 ει
453 2308 562 2363 καί
603 2311 645 2340 ⁸³
667 2310 927 2378 ἄγγελος
968 2308 1037 2373 ἐξ
1060 2309 1321 2376 οὐρανοῦ
1343 2307 1780 2377 εὐαγγελίζεται
1817 2305 1962 2376 ὑμῖν

352 2401 515 2468 παρ’
562 2400 595 2454 ὃ
637 2400 1027 2468 παρελάϐετε,
1056 2398 1325 2469 ἀνάθεμα
1371 2397 1549 2452 ἔστω.
1606 2400 1715 2452 Καὶ
1750 2400 1910 2452 πάλιν
1943 2413 1957 2427 ο

374 2491 448 2545 '0
510 2491 628 2559 μὲν
680 2488 1059 2559 ἀρχάγγελος
1087 2489 1136 2521 ⁸³
1173 2488 1416 2557 Μιχαὴλ
1475 2489 1586 2542 οὐκ
1623 2487 1962 2555 ἐτόλμησεν

354 2582 718 2650 ἐξενεγκεῖν
739 2582 1114 2650 βλάσφημον
1153 2582 1360 2649 κρίσιν
1397 2580 1550 2635 κατὰ
1601 2581 1706 2635 τοῦ
1759 2580 1958 2634 διαϐό-

354 2676 515 2735 λου,
545 2675 704 2743 ἡμεῖς
731 2673 788 2726 δὲ
814 2673 911 2743 τὴν
951 2671 1203 2737 ἐξουσίαν
1218 2671 1265 2703 ⁸⁸
1295 2670 1562 2741 ἐλάϐομεν
1602 2674 1793 2723 πατεῖν
1822 2671 1959 2724 ἐπά-

365 2782 451 2817 νω
479 2764 660 2831 δφεων
691 2764 787 2817 καὶ
832 2763 1112 2833 σκορπίων
1156 2762 1250 2815 καὶ
1280 2763 1372 2813 ἐπὶ
1400 2764 1582 2815 πᾶσαν
1612 2762 1709 2829 τὴν
1731 2761 1962 2827 δύναμιν

357 2856 472 2909 τοῦ
505 2854 720 2926 ἐχθροῦ.
754 2856 865 2909 Kal.
919 2854 1170 2923 ἀγγέλων
1222 2853 1323 2924 μὲν
1366 2853 1565 2917 οὐδεὶς,
1597 2853 1788 2907 οὐδένα
1834 2852 1960 2905 οὔτε

361 2946 544 3009 αὐτὸς
584 2946 801 3007 ἑαυτὸν,
851 2946 1049 3017 Θεὸνῆ
1107 2946 1245 2999 Θεοῦ
1277 2945 1402 2998 Υίὸν
1458 2947 1633 2999 εἰπεῖν
1659 2945 1725 2999 ἂν
1760 2945 1963 3017 τολμή-

363 3054 529 3092 σειεν
561 3028 719 3109 ’[592
743 3036 837 3110 R.]
866 3040 930 3091 τὸ
974 3038 1030 3091 δὲ
1061 3038 1326 3109 ἡμέτερον
1356 3036 1509 3105 γένος
1541 3040 1635 3091 καὶ
1665 3039 1775 3092 θεοὶ
1798 3037 1846 3070 ⁸⁵
1865 3036 1963 3092 καὶ

2063 1932 2403 1987 defecerunt.
2443 1932 2641 1986 Verum
2669 1931 2938 2000 quomodo
2985 1931 3143 1985 nobis
3179 1931 3433 1999 expedire
3468 1934 3640 2002 magis

2062 2024 2233 2093 possit
2271 2024 2584 2093 angelorum
2621 2022 2932 2078 conditione
2974 2023 3219 2092 produci,
3260 2024 3482 2091 quando
3510 2038 3640 2093 pec-

2063 2126 2241 2173 catum
2297 2117 2535 2186 ipsorum
2582 2114 2956 2184 penitentiam
3004 2131 3107 2169 non
3158 2116 3385 2184 recipit,
3416 2123 3472 2170 et
3514 2132 3638 2184 pro-

2062 2219 2247 2277 pterea
2269 2206 2412 2262 omni
2440 2220 2653 2275 quoque
2695 2208 2850 2261 venia
2897 2216 3084 2261 careat
3116 2224 3129 2260 :
3166 2215 3413 2261 nostrum
3460 2217 3639 2264 autem

2064 2302 2289 2356 mortale
2332 2314 2500 2369 genus
2524 2300 2687 2352 etiam
2718 2313 2947 2365 peccans
2979 2304 3073 2366 per
3115 2298 3491 2368 paenitentiam
3524 2316 3642 2354 rur-

2062 2409 2181 2447 sum
2218 2400 2463 2461 resurgat
2488 2393 2512 2444 Ἰ
2534 2391 2598 2444 Ει
2628 2398 2778 2445 certe
2811 2399 2932 2459 post
2956 2388 3162 2444 Christi
3194 2389 3410 2444 Domini
3442 2392 3643 2447 adven-

2063 2494 2198 2548 tum,
2220 2485 2384 2538 etiam
2421 2485 2473 2538 in
2510 2482 2818 2538 hominibus
2851 2482 3055 2550 majora
3085 2496 3247 2551 opera
3280 2483 3461 2537 videre
3491 2483 3639 2549 licet,

2060 2594 2222 2648 quam
2275 2591 2610 2647 quacunque
2670 2576 2738 2629 ab
2785 2574 2993 2643 angelis
3022 2574 3157 2628 [lunt
3187 2593 3202 2629 :
3241 2574 3373 2629 Ecce
3395 2592 3487 2646 ego
3521 2576 3642 2628 dico

2062 2673 2204 2726 vobis
2229 2670 2425 2743 (inquit
2444 2668 2689 2736 Paulus),
2714 2668 2834 2720 licet
2857 2669 3073 2737 angelus
3101 2666 3164 2720 de
3180 2668 3305 2721 calo
3330 2667 3643 2737 evangelise:

2062 2766 2228 2827 vobis,
2293 2772 2485 2833 preter
2530 2761 2608 2825 id,
2658 2761 2798 2830 quod
2847 2762 3143 2825 accepistis,
3170 2759 3450 2813 anathema
3477 2761 3543 2812 sit
3573 2760 3641 2812 ".

2064 2857 2131 2912 Et
2182 2860 2375 2910 iterum
2414 2870 2430 2907 :
2473 2851 2698 2907 Michael
2746 2852 2955 2920 quidem
3008 2852 3355 2921 archangelus
3415 2868 3520 2905 non
3568 2863 3645 2905 est

2062 2967 2224 3003 ausus
2269 2948 2534 3017 judicium
2564 2945 2757 3013 inferre
2799 2944 3130 3012 blasphemia:
3176 2944 3386 2998 diabolo
3416 2945 3462 2976 ⁸⁸
3499 2962 3514 3012 ;
3552 2960 3648 2999 nos

2062 3054 2195 3094 vero
2251 3039 2561 3107 accepimus
2625 3043 2955 3104 potestatem
3006 3032 3248 3088 calt-andi
3306 3048 3467 3102 supra
3528 3048 3648 3087 sero

365 3129 493 3181 viai.
564 3128 820 3198 Ὑψίστου
877 3129 1216 3200 κεκλήμεθα.
1282 3128 1445 3182 Καὶὸ
1488 3128 1589 3199 μὲν
1629 3130 1687 3181 ἐν
1730 3130 1961 3195 ἐκείνοις

2067 3142 2261 3205 pentes
2314 3141 2369 3187 et
2418 3129 2755 3199 scorpiones,
2798 3135 2853 3180 et
2914 3142 3075 3195 super
3124 3142 3338 3181 omnem
3391 3128 3647 3181 virtutem

377 3219 698 3289 Ἑωσφόρος
727 3219 775 3251 ⁸⁸
806 3220 1225 3291 ὀνομαζόμενος,
1281 3217 1453 3274 εἰπὼν
1518 3221 1703 3291 ὅμοιος
1747 3220 1967 3275 ἔσεσθαι

364 3309 455 3381 τῷ
500 3309 746 3380 Ὑψίστῳ
773 3311 872 3364 καὶ
918 3312 1011 3365 τὸν
1045 3310 1234 3380 θρόνον
1289 3313 1543 3384 ὑπεράνω
1572 3314 1617 3346 ⁸⁷
1657 3313 1829 3368 θεῖναι
1857 3314 1969 3369 τῶν

361 3403 666 3473 οὐρανῶν,
700 3404 795 3456 καὶ
843 3396 919 3458 ὧν
975 3400 1090 3474 εἶχε
1140 3404 1321 3459 καλῶν
1362 3406 1612 3460 ἐκπεσὼν
1655 3407 1748 3460 τὸν
1795 3407 1968 3460 αίῶνα

362 3495 608 3563 γελᾶται
652 3495 748 3549 καὶ
799 3498 1192 3565 κατακρίνεται
1219 3514 1230 3525 ·
1261 3500 1409 3569 ἡμᾶς
1454 3498 1510 3551 δὲ
1563 3499 1780 3568 ὁμοίους
1826 3495 1965 3551 εἶναι

364 3583 474 3637 τοῦ
531 3585 745 3655 Πατρὸς
809 3586 903 3638 καὶ
956 3586 1278 3655 συνθρόνους
1321 3589 1577 3656 γενέσθαι
1630 3590 1675 3621 ⁸⁸
1707 3589 1801 3644 τοῦ
1834 3590 1964 3643 Υίοῦ

363 3676 553 3731 αὑτοῦ
584 3678 617 3748 ἡ
646 3677 747 3747 τῆς
782 3677 1041 3748 ἀληθείας
1070 3679 1249 3748 ψῆφος
1280 3680 1381 3751 τὴν
1417 3682 1599 3734 ἄδειαν
1633 3681 1821 3736 ἔδωκε.
1853 3684 1964 3735 Kal.

366 3768 435 3818 τὸ
475 3766 661 3836 μεῖζον
689 3782 703 3795 ·
774 3766 1100 3836 Συνήγεῳε
1136 3770 1180 3800 ⁸⁸
1209 3769 1307 3822 καὶ
1363 3770 1772 3825 συνεκάθισεν
1807 3769 1965 3839 ἡμᾶς

362 3861 447 3912 ἐν
472 3859 600 3924 τοῖς
634 3859 1020 3928 ἐποιῳανίοις
1063 3861 1132 3914 ἐν
1184 3862 1415 3930 Χριστῷ
1453 3862 1679 3929 Ἰησοῦ.
1717 3862 1848 3924 Kal,
1898 3863 1965 3914 El

363 3951 765 4020 ὑπομένομεν
787 3953 855 4014 ⁷⁰,
885 3954 983 4005 καὶ
1016 3954 1604 4022 συμϐασιλεύσομεν.
1629 3954 1757 4018 Καὶ,
1796 3952 1967 4006 Οἶδα-

353 4058 496 4110 μεν
527 4040 595 4107 ⁷¹,
620 4042 780 4094 πάλιν
812 4041 970 4105 ἄλλος
993 4042 1101 4095 τῶν
1125 4042 1382 4113 μαθητῶν
1401 4043 1852 4115 διαμαρτύρεται,
1874 4043 1965 4097 ὅτι

360 4135 496 4188 ἐὰν
522 4132 862 4203 φανερωθῇ,
915 4133 1105 4203 ὅμοιοι
1140 4132 1301 4199 αὐτῷ
1326 4136 1603 4205 ἐσόμεθα.
1642 4137 1803 4188 Ὥστε
1848 4136 1962 4199 τοῖς

362 4225 733 4296 βουλομένοις
784 4226 930 4295 ἔχειν
959 4229 1053 4280 καὶ
1081 4229 1180 4297 τὴν
1210 4228 1457 4297 ἀγγέλων
1488 4229 1654 4303 τιμὴν
1701 4228 1800 4299 ἤδη
1865 4245 1960 4282 κε·-

358 4319 643 4390 χάρισται

2074 3222 2277 3279 inimici
2301 3222 2367 3276 ".
2394 3220 2582 3290 Neque
2607 3220 2923 3290 angelorum
2952 3219 3236 3287 quisquam
3261 3232 3319 3271 se
3352 3216 3436 3271 vel
3482 3218 3646 3271 alium

2074 3331 2236 3371 ausus
2274 3324 2360 3369 est
2400 3316 2588 3380 Deum,
2618 3322 2711 3367 aut
2752 3311 2842 3366 Dei
2868 3311 3063 3365 Filium
3113 3309 3431 3379 appellare:
3477 3311 3650 3364 homi-

2074 3425 2200 3462 num
2245 3422 2375 3465 vero
2426 3421 2616 3475 genus,
2650 3414 2708 3459 et
2734 3404 2807 3459 dii
2834 3413 2889 3458 et
2930 3403 3021 3457 lilii
3069 3401 3159 3457 Dei
3202 3403 3541 3456 nominamur
3579 3402 3646 3457 ".

2072 3499 2205 3554 Cum
2255 3499 2378 3552 item
2431 3498 2678 3563 dixisset,
2714 3496 2803 3564 qui
2848 3496 2989 3549 inter
3015 3495 3134 3548 illos
3189 3492 3406 3548 Lucifer
3455 3494 3648 3565 185b

2074 3592 2390 3653 vocabatur,
2414 3590 2644 3644 similem
2669 3603 2729 3643 se
2761 3587 2998 3641 futurum
3019 3586 3317 3651 Altissimo,
3344 3586 3650 3657 soliumque

2070 3698 2230 3753 supra
2266 3681 2461 3736 caelum
2516 3681 2908 3735 collocaturum
2937 3679 3003 3742 ⁸³,
3038 3678 3145 3733 illis
3197 3678 3350 3747 ipsis,
3385 3694 3507 3749 quae
3536 3690 3645 3733 tum

2071 3773 2402 3842 possidebat,
2452 3770 2609 3825 bonis
2660 3770 2898 3833 amissis,
2938 3770 2990 3823 in
3035 3769 3229 3825 saecula
3277 3769 3507 3823 ludibrio
3541 3782 3645 3831 est.

2072 3875 2237 3934 atque
2273 3864 2666 3920 condemnatus
2710 3872 2935 3917 manet:
2980 3863 3133 3917 nobis
3175 3875 3353 3918 tamen
3405 3863 3649 3918 veritatis

2072 3958 2347 4011 decretum
2404 3964 2722 4024 potestatem
2779 3954 2926 4006 illam
2972 3952 3121 4017 fecit,
3156 3964 3214 4006 ut
3260 3954 3464 4008 similes
3500 3954 3647 4010 Patri

2071 4047 2428 4109 ell‘tcercmur,
2472 4061 2686 4114 unaque
2714 4061 2837 4099 cum
2871 4044 2991 4112 ejus
3021 4045 3161 4099 Filio
3192 4046 3244 4098 in
3280 4048 3488 4100 throuis
3517 4062 3649 4101 con-

2072 4139 2393 4194 sideremus.
2437 4136 2567 4190 illud
2609 4137 2839 4203 amplius
2878 4134 3387 4202 :Conresuscilavit,
3439 4147 3485 4190 et
3517 4153 3645 4191 con-

2068 4230 2246 4283 sedere
2282 4244 2372 4281 nos
2401 4228 2519 4297 fecit
2551 4228 2606 4280 in
2631 4226 2922 4281 cwlestibus
2952 4229 3005 4280 in
3040 4227 3253 4281 Christo
3282 4226 3413 4281 Jesu
3442 4229 3507 4281 ³⁸.
3538 4228 3643 4282 Et:

2069 4320 2128 4375 Si
2170 4320 2565 4383 sustinebimus,
2605 4321 2765 4373 etiam
2802 4322 3231 4390 conregnabimus
3260 4322 3324 4374 υ.
3357 4320 3425 4375 Et
3464 4338 3477 4373 :
3527 4321 3646 4378 Sci-

355 4428 501 4465 mus
533 4412 694 4480 (alius
734 4409 933 4465 iterum
973 4413 1248 4482 apostolus
1281 4413 1531 4481 testatur)
1559 4414 1810 4483 quoniam
1835 4431 1954 4467 cum
1977 4412 2523 4483 apparuerit,similes
2549 4415 2597 4468 ei
2649 4414 2846 4469 erimus
2875 4415 2940 4470 υ.
2991 4415 3174 4485 Itaque
3226 4415 3313 4470 his
3360 4414 3511 4483 ipsis,
3554 4417 3645 4485 qui

357 4503 695 4573 angelorum
726 4503 985 4557 honorem
1015 4514 1293 4575 lantopere
1314 4506 1577 4571 ambiunt,
1602 4505 1713 4574 jam
1733 4520 2024 4561 concessus
2057 4507 2148 4562 ille
2182 4516 2286 4563 est.

464 4594 611 4647 Ἀλλ’
675 4595 1066 4664 ἁμαρτάνομεν
1090 4636 1106 4658 ,
1148 4599 1332 4666 φησὶν,
1382 4598 1773 4670 εὐχερέστερον
1800 4616 1816 4629 ο
1847 4598 1961 4652 ἀλλ’

2139 4600 2302 4670 Atqui
2323 4614 2628 4671 peccamus,
2660 4599 2857 4669 inquit,
2883 4601 3201 4669 promptius.
3231 4599 3504 4676 [Verum.]
3538 4605 3645 4661 Sed

345 4692 505 4743 ὅσον
538 4688 800 4757 συνεχῶς,
856 4689 1111 4741 τοσοῦτον
1167 4689 1384 4757 θᾶττον,
1416 4692 1483 4746 ἂν
1533 4692 1642 4764 ἄρα
1699 4692 1961 4761 θέλωμεν,

2066 4704 2268 4763 quanto
2286 4693 2336 4748 id
2360 4692 2679 4762 promptius,
2714 4702 2860 4746 tanto
2881 4692 3041 4745 etiam
3062 4693 3225 4746 citius
3256 4696 3585 4765 resurgimus
3615 4716 3630 4765 ;

343 4778 724 4849 ἀνιπάμεθα
752 4792 767 4808 °
818 4780 1021 4852 μυρίας
1069 4781 1177 4852 γὰρ
1210 4783 1254 4813 ⁷²
1282 4783 1433 4846 ὁδοὺς
1468 4784 1569 4854 τῆς
1602 4783 1961 4855 μεταμελείας

2066 4784 2109 4839 si
2142 4785 2300 4840 modo
2351 4784 2618 4838 volumus.
2654 4782 2798 4837 Mille
2826 4786 2969 4838 enim
3001 4784 3118 4839 vias
3153 4786 3470 4853 pmnitendi,
3517 4807 3641 4844 nos-

348 4874 478 4928 καὶ
512 4871 610 4938 τῆς
648 4872 924 4942 σωτηρίας
950 4874 983 4942 ὴ
994 4871 1110 4939 μῶν
1142 4874 1169 4923 ὁ
1194 4871 1321 4943 [305
1350 4873 1444 4946 Η.]
1472 4876 1777 4944 ὕπέρσοφος
1805 4875 1961 4945 κηδε-

2066 4890 2171 4942 que
2239 4873 2484 4928 solvendi
2545 4873 2980 4941 sapientissimus
3069 4882 3330 4942 patronus
3405 4878 3643 4933 donavit.

358 4961 508 5034 μὼν
542 4961 857 5030 ἐχαρίσατο.
892 4960 1032 5013 Ἀλλ’
1056 4962 1292 5030 ἐραστὴς
1319 4963 1383 5015 σὺ
1406 4962 1506 5031 τῆς
1541 4962 1677 5032 πρὸς
1697 4963 1961 5031 ἀγγέλους

2070 4965 2162 5030 At,
2190 4964 2330 5020 heus
2366 4973 2423 5019 tu
2466 4965 2723 5035 angelicae
2765 4965 3110 5034 cognationis
3155 4978 3365 5022 amator
3394 4984 3410 5021 :
3444 4969 3648 5035 majore

347 5054 727 5119 συγγενείας.
785 5054 896 5108 Καὶ
929 5053 1037 5125 μὴν
1063 5054 1107 5085 ⁷³
1134 5053 1362 5122 ἠξίωσαι
1392 5054 1636 5123 μείζονος
1658 5070 1671 5084 ·
1714 5054 1808 5108 τοῦ
1855 5054 1961 5126 γὰρ

2072 5058 2234 5110 etiam
2275 5071 2498 5111 munere
2546 5056 2739 5125 digntts
2766 5070 2826 5111 es
2861 5056 3096 5111 habitus.
3128 5056 3262 5111 Nam
3296 5060 3506 5129 cognati
3534 5061 3645 5129 jam

342 5146 655 5201 Δεσπότου
694 5150 976 5215 συγγενεῖς
1002 5150 1144 5198 κατά
1179 5147 1357 5217 σάρκα
1383 5147 1710 5217 γεγόναμεν.
1744 5149 1865 5201 Ἔτι
1907 5148 1961 5202 δὲ

2071 5148 2275 5205 Christi
2306 5163 2404 5217 per
2432 5162 2650 5202 cantem
2681 5145 2857 5202 effecti
2885 5160 3094 5203 sumus.
3113 5148 3266 5214 Quod
3299 5150 3423 5205 item
3453 5151 3522 5205 ab
3542 5152 3648 5207 illis

444 5322 500 5396 ff
525 5319 704 5396 Galat.
744 5335 783 5380 I.
811 5320 930 5396 8_et
968 5321 1045 5396 9L
1082 5321 1152 5396 _“_
1176 5318 1329 5375 Iudae
1359 5322 1413 5375 9.
1449 5320 1538 5396 ,ν’
1578 5319 1709 5377 Luc.
1744 5285 1929 5389 x,.l9.

2081 5321 2225 5379 Psal.
2286 5337 2474 5387 Lxxxt,
2513 5323 2568 5379 6.
2643 5322 2817 5381 "lsa.
2857 5321 2990 5391 'xw,
3025 5326 3113 5382 14.
3191 5324 3237 5357 ³⁸
3268 5326 3463 5396 Ephes.
3502 5341 3563 5390 tt,
3592 5326 3646 5381 6.

344 5396 404 5427 ³³
454 5391 500 5445 ιι
563 5390 707 5446 Tim.
740 5407 803 5456 ll,
840 5392 927 5447 12.
1002 5392 1048 5424 ³³
1080 5389 1096 5444 Ι
1123 5390 1281 5446 Joan.
1322 5406 1408 5454 ιιι,
1446 5390 1501 5445 Ξο..

1664 5502 1896 5559 VARUE
1935 5501 2332 5560 LECTIONES.

446 5608 493 5639 “
521 5606 607 5658 δεῖ
626 5623 691 5679 ς.
760 5605 815 5679 ξ’
843 5603 1030 5679 sistat]
1072 5602 1191 5679 Gal.
1230 5618 1269 5666 I,
1309 5602 1362 5657 8.
1406 5599 1486 5679 ρ’
1514 5598 1674 5679 ὁμὲν
1710 5596 1863 5679 ἁρχ.]
1901 5595 2056 5679 Αιυό.
2106 5598 2199 5679 9.__
2236 5598 2282 5679 ’ξ
2311 5601 2410 5679 τὴν
2455 5601 2754 5679 ἐξουσίαν]⁸
2780 5605 2934 5679 Luc._
2960 5606 3159 5679 καί).
3215 5603 3448 5679 ⁸³ηθεοὶ]
3500 5605 3647 5665 Psal.

346 5693 573 5754 ικιικι,
617 5667 671 5729 6.
723 5676 799 5754 ⁸⁸⁸
844 5667 1060 5754 έωσςρξ]
1111 5674 1217 5754 lsa.
1246 5672 1487 5754 x_t_v,_"l2.
1562 5667 1605 5701 ⁸⁷
1636 5667 1991 5754 pyragmo-5v
2016 5687 2075 5733 ς’.
2105 5738 2125 5754 Ἰ
2152 5670 2204 5754 ’ξ
2223 5667 2469 5754 γίνεσθαι
2504 5667 2875 5754 εμοετεῄίιιιηι
2901 5667 3183 5754 Stephani,
3260 5667 3646 5754 "ncuvijmpsj

350 5738 581 5821 Ephes.
612 5762 676 5811 ιι,
715 5747 772 5805 6.
851 5749 898 5781 "
920 5738 1193 5817 δί’ὑπομ.]
1259 5743 1304 5798 ll
1340 5743 1487 5798 Tim.
1534 5756 1594 5809 ιι,
1629 5739 1720 5794 12.
1754 5738 1759 5739 “
1795 5739 1838 5772 ’⁸
1878 5738 2125 5811 οἴδαμεν]
2184 5738 2204 5792 l
2263 5739 2423 5797 Joan.
2469 5738 2552 5808 tu,
2587 5738 2643 5796 εἴ
2709 5738 2761 5777 ’⁷⁸
2817 5747 2925 5816 γὰρ
2973 5738 3100 5800 add.
3153 5745 3223 5800 Α.
3297 5747 3343 5779 ’⁸
3386 5738 3494 5802 καῖ
3538 5738 3648 5820 μὴν

349 5818 465 5881 xii.
498 5818 590 5885 ἡξ.
614 5834 679 5883 ς’.
