4032 6470
549 369 651 440 751

1719 387 1984 447 ΡΠΟἸΊΙ
2027 389 2108 447 PA

2209 391 2538 454 lIARCll/E
2577 397 2687 460 (ΙΙ).
3646 419 3733 484 752

550 509 825 570 peccatum
879 505 981 564 est,
1027 499 1241 554 tametsi
1294 489 1519 556 forsit-an
1553 504 1730 560 minus
1772 519 1850 560 est
1912 518 2108 560 nostro.

2228 511 2288 562 τὸ
2329 512 2426 582 μὲν
2466 513 2593 588 παρ’
2634 514 2858 567 ἐκείνων
2894 515 3218 586 ἁμάρτημα,
3252 517 3348 571 κᾶν
3394 522 3591 581 ἔλαττόν
3637 533 3733 592 ἐστι

549 593 736 660 majori
772 599 948 644 tamen
983 606 1136 660 paena
1162 593 1400 660 punitur.
1444 594 1680 649 Potentes
1713 598 1848 650 enim
1876 607 2112 664 potenter

545 687 801 737 tormenta
824 684 1096 752 patientur
1118 684 1182 740 ³³.
1209 685 1418 740 Rursus
1446 687 1584 754 quod
1612 686 1716 742 illis
1737 688 2110 757 gravissimam

545 773 700 828 aliert
730 789 964 844 poenam,
1008 791 1110 828 non
1143 791 1325 843 parent
1355 777 1508 834 nobis
1541 778 1590 831 in
1625 780 1739 847 pari
1769 777 1965 833 delicto
1994 794 2111 849 pae-

545 880 626 919 na:
673 864 884 918 adducit
918 866 1256 934 gravitatem.
1305 868 1441 934 Quin
1491 869 1652 922 etiam
1684 869 1736 923 in
1769 870 1924 924 nobis
1951 871 2111 927 citius

541 953 774 1017 deletur,
802 970 923 1008 cum
962 955 1066 1008 illis
1090 957 1254 1011 semel
1287 956 1520 1012 infusum
1564 971 1864 1028 peccatum,
1898 972 2114 1016 maneat

545 1043 845 1100 indelebile.
906 1045 971 1100 Et
1020 1046 1179 1102 nobis
1210 1047 1428 1117 quidem
1476 1059 1661 1103 nostra
1712 1066 1835 1104 cum
1885 1067 2114 1121 corpore

542 1137 872 1204 coniunctio,
896 1137 1062 1191 venite
1082 1153 1297 1192 causam
1332 1139 1532 1208 praebet
1561 1159 1576 1207 ;
1610 1140 1713 1196 illis
1735 1155 1884 1208 vero,
1911 1153 2113 1212 quanto

543 1241 767 1297 corpore
787 1230 1185 1296 prmstantiores
1235 1230 1520 1296 habentur,
1557 1241 1709 1286 tanto
1742 1233 1904 1287 etiam
1939 1235 2114 1289 minus

541 1317 896 1389 deprecabilis
963 1321 1248 1390 castigatio
1318 1323 1592 1392 inﬂigitur.
1647 1323 2005 1389 Quamobrem
2061 1335 2115 1380 et

549 1425 645 1465 vas
679 1410 958 1466 electionis
1014 1412 1090 1466 ait
1137 1431 1150 1464 :
1209 1412 1434 1482 Angelos
1482 1413 1864 1482 judicabimus,
1919 1425 2114 1484 quanto

542 1505 706 1576 magis
740 1507 1022 1561 sweularia
1051 1505 1116 1560 “.
1152 1505 1236 1572 Et,
1271 1505 1454 1560 Sancti
1487 1508 1740 1561 mundum
1774 1508 2108 1576 judicabant.

547 1599 806 1654 Nimirum
847 1614 1044 1654 crassae
1097 1600 1223 1654 huic
1256 1601 1406 1654 carni
1453 1599 1675 1667 alligati,
1709 1603 1801 1655 sed
1833 1618 1951 1670 qua:
2002 1616 2114 1654 me-

543 1693 674 1746 liora
703 1702 849 1756 sunt,
884 1701 1027 1748 recte
1048 1704 1388 1762 peragentes,
1411 1692 1607 1746 liberos
1637 1692 1755 1748 illos
1778 1708 1807 1746 a
1831 1693 2112 1764 corporeis

542 1785 790 1849 vinculis,
839 1786 932 1840 sed
969 1785 1065 1854 qui
1100 1795 1192 1837 aut
1227 1799 1330 1838 non
1363 1785 1512 1854 paria
1557 1786 1774 1848 nostris,
1801 1795 1895 1840 aut
1933 1786 2114 1855 pejora

539 1872 698 1930 etiam
732 1885 968 1947 patrant,
996 1875 1325 1946 judicamus,
1365 1885 1528 1944 atque
1557 1876 1973 1945 compescimus,
2005 1876 2108 1929 mi-
2145 1859 2185 1914 Β

542 1984 671 2025 "ore
699 1986 820 2024 cum
853 1977 1140 2040 potestate,
1179 1971 1320 2037 quod
1351 1968 1542 2022 melius
1574 1977 1711 2031 erat,
1740 1967 2108 2038 perﬁcientes,

541 2071 649 2129 prae
683 2061 768 2122 iis,
807 2060 896 2128 qui
932 2059 1190 2128 majorem
1234 2058 1539 2113 facultatem
1570 2059 1913 2114 obtinebant.
1947 2058 2112 2114 Nobis

540 2153 758 2221 insuper
795 2152 1142 2222 peccantibus
1193 2161 1300 2206 tota
1332 2162 1414 2205 est
1459 2153 1570 2206 vita
1620 2153 1686 2206 ad
1739 2153 2111 2222 pmnitentiam

537 2246 699 2313 atque
722 2243 1151 2297 emendationem
1183 2245 1478 2312 proposita,
1527 2258 1647 2297 cum
1694 2242 1914 2312 angelos
1944 2243 2110 2298 semel

539 2337 713 2405 lapsos
734 2349 890 2404 poma
911 2349 1033 2389 mox
1052 2345 1339 2389 consecuta
1371 2335 1458 2388 sit.
1483 2333 1714 2406 Caligini
1730 2337 1890 2399 enim,
1915 2337 2108 2405 inquit,

538 2428 731 2495 inferni
787 2427 1053 2480 immersos
1104 2427 1323 2480 tradidit
1355 2428 1406 2480 in
1432 2427 1700 2497 judicium
1747 2427 2110 2483 custodiendos

539 2537 742 2576 servare
771 2519 908 2590 (45).
936 2519 1072 2574 Aliis
1103 2520 1370 2574 sexcentis
1399 2521 1731 2590 argumentis
1771 2521 2110 2590 sapientissi-

541 2631 624 2667 ma
658 2615 750 2668 Dei
781 2629 905 2684 erga
957 2627 1056 2668 nos
1087 2613 1418 2682 providentia
1451 2614 1799 2683 perspicitur.
1833 2623 1887 2669 et
1917 2631 2106 2669 eorum

537 2705 626 2773 qui
665 2704 762 2756 nos
792 2701 1011 2774 angelos
1059 2704 1236 2774 potius
1267 2701 1463 2776 186a
1498 2719 1659 2774 quam
1693 2705 1941 2761 homines
1978 2722 2110 2763 con-

538 2799 680 2848 ditos
706 2793 915 2859 volunt,
947 2795 1216 2850 dementia
1244 2808 1404 2865 atque
1427 2797 1636 2851 insania
1671 2797 1847 2868 palam
1877 2800 2106 2869 exponi-

539 2901 646 2942 tur.
681 2888 1019 2957 Quanquam,
1075 2889 1120 2944 si
1167 2891 1459 2944 secundum
1491 2891 1800 2961 angelorum
1858 2905 2104 2948 naturam

535 2980 805 3034 hominem
835 2979 1157 3038 fabricasset
1191 2981 1404 3054 [Deus],
1440 2998 1509 3037 ne
1539 2983 1617 3038 sic
1660 2983 1876 3052 quidem
1906 3000 2106 3054 repre-

535 3071 804 3127 hendendi
860 3072 1097 3128 studium
1167 3090 1472 3143 repressum
1527 3073 1666 3131 foret
1712 3093 1727 3143 ;
1788 3077 1881 3131 sed
1943 3077 2104 3133 aliam

536 3176 722 3216 rursus
770 3173 1019 3216 naturam
1047 3176 1331 3232 quaereret,
1366 3181 1485 3234 qua:
1530 3167 1830 3236 angelicum
1868 3167 2106 3223 vinceret

533 3262 753 3307 statum.
805 3253 1021 3308 Interim
1075 3263 1127 3308 tn
1175 3263 1229 3309 et
1263 3257 1364 3310 hoc
1414 3257 1541 3311 mihi
1579 3258 1858 3315 considera
1903 3277 1917 3314 :
1957 3260 2000 3314 si
2039 3260 2106 3315 ad

534 3343 825 3410 imaginem
869 3343 962 3398 Dei
1001 3344 1251 3399 conditus
1288 3347 1456 3401 Adam
1485 3349 1796 3415 angelorum
1831 3366 1928 3420 par
1970 3348 2107 3405 fuls-

535 3444 636 3500 set,
681 3446 737 3490 et
791 3452 965 3507 neque
1007 3455 1108 3495 nos
1154 3439 1464 3510 angelorum
1507 3441 1675 3510 gloria
1718 3443 2106 3510 cahrissemus,

535 3527 623 3582 ille
657 3537 835 3583 tamen
869 3529 1028 3599 paulo
1058 3530 1194 3584 infra
1224 3532 1441 3601 angelos
1471 3531 1721 3598 effectus,
1755 3535 1825 3590 ob
1870 3545 2105 3590 mentem

535 3620 742 3674 scilicet
769 3619 986 3686 elatam,
1021 3622 1243 3676 minime
1289 3623 1434 3694 quod
1475 3635 1758 3693 acceperat
1791 3641 2109 3682 conservas-

534 3722 638 3777 set,
663 3728 766 3782 quo
808 3712 1015 3784 [quaeso
1048 3713 1122 3785 te]
1155 3725 1334 3782 pacto,
1371 3717 1413 3769 si
1450 3717 1705 3786 majorem
1745 3729 1936 3774 nactus
1963 3729 2110 3773 esset

533 3809 962 3875 praerogativam,
1002 3823 1106 3860 non
1140 3808 1299 3860 etiam
1337 3809 1747 3879 graviorelapsu
1771 3811 2107 3866 corruisset?

535 3892 718 3963 Neque
781 3894 907 3948 illud
960 3895 1235 3951 omiseris.
1284 3897 1413 3963 Quae
1465 3914 1559 3967 per
1615 3900 1988 3954 necessitatem
2049 3899 2108 3954 lit

533 3987 697 4052 actio,
742 4002 803 4040 ea
837 4003 940 4040 non
972 3987 1180 4041 ratione
1213 3990 1557 4056 praeditorum
1594 4002 1699 4057 est,
1746 3993 1838 4047 sed
1869 3994 1933 4047 ad
1967 3993 2108 4045 irra-

537 4078 840 4130 tionabilem
874 4091 1035 4148 atque
1066 4079 1356 4133 inanimatn
1377 4094 1627 4135 naturam
1650 4084 1902 4151 pertinet.
1927 4081 2107 4150 Quare

533 4187 652 4239 qum.
682 4171 904 4223 liberum
942 4172 1219 4224 arbitrium
1255 4171 1459 4227 homini
1507 4175 1696 4228 adimit
1744 4175 2102 4242 ratiocinatio,

536 4265 646 4316 ha'c
678 4279 874 4331 equum
913 4263 1064 4318 nobis
1093 4273 1187 4318 aut
1219 4265 1432 4331 bovem,
1467 4274 1560 4318 aut
1603 4266 1826 4333 piscem,
1863 4277 1955 4320 aut
1987 4281 2107 4333 qua:

535 4355 780 4426 stirpium
851 4370 1096 4410 naturam
1164 4357 1400 4420 habent,
1452 4373 1553 4427 pro
1607 4359 1815 4413 ratione
1879 4359 2106 4428 praedito

534 4448 772 4513 animali,
801 4447 1023 4503 inducit.
1055 4449 1208 4516 Quod
1250 4450 1295 4502 si
1326 4459 1507 4504 autem
1544 4450 1611 4514 is,
1637 4450 1725 4518 qui
1757 4449 1882 4502 talia
1917 4451 2101 4515 sentit,

2218 602 2326 654 τῶν
2354 605 2486 673 παρ’
2525 606 2655 673 ἡμῖν
2684 643 2701 665 .
2761 606 2980 659 κολάσει
3037 607 3490 668 καθυποϐάλλεται
3544 621 3734 689 μείζονιε

2213 694 2500 760 (Auram!
2557 695 2603 725 ⁷⁸
2630 695 2738 764 τὰρ
2769 696 3034 764 δυνατῶς
3059 700 3540 774 ἑτιισθήσονται).
3589 713 3644 765 '0
3691 717 3737 772 δὲ

2214 785 2443 848 ἐκείνοις
2475 788 2672 856 ἐπάγει
2703 790 2802 862 τὴν
2836 790 3141 861 βαρυτάτην
3172 792 3406 855 κόλασιν,
3432 799 3523 868 οὐχ
3575 803 3738 871 ὁμοίαν

2213 879 2343 946 ⁴ἡμῖν
2372 879 2465 932 ἐπὶ
2492 881 2602 940 τοῖς
2636 881 2841 948 ὁμοίοις
2876 882 2975 951 τῆς
3006 884 3195 946 ποινῆς
3248 885 3435 952 ἐπάγει
3462 889 3552 960 τὴν
3601 896 3742 966 βαρύ.

2212 985 2368 1038 τητα.
2422 970 2581 1022 Ἀλλά
2613 973 2702 1024 καὶ
2732 973 2863 1041 ἡμῖν
2894 972 2992 1042 μὲν
3025 973 3212 1026 θᾶττον
3238 975 3598 1047 ἀπαλείφεται,
3624 988 3743 1040 ἐκεί-

2214 1077 2322 1122 νοις
2373 1060 2428 1112 δὲ
2461 1061 2605 1127 ἅπαξ
2646 1063 2870 1116 ἐντακὲν
2908 1063 3153 1132 διαμένει
3207 1065 3608 1131 ἁνεξὰλειπτον·
3670 1083 3748 1132 καὶ

2215 1153 2348 1223 ἡμῖν
2396 1153 2494 1222 μὲν
2527 1156 2558 1223 ἡ
2596 1155 2730 1222 πρὸς
2761 1156 2820 1206 τὸ
2854 1155 3011 1224 σῶμα
3058 1157 3317 1225 συνάφεια
3350 1161 3653 1234 συγγνώμης
3682 1172 3750 1221 αἱ-

2215 1243 2332 1296 τίαν
2365 1245 2682 1315 χαρίζεται,
2732 1249 2842 1309 τοῖς
2893 1245 2951 1300 δὲ
2983 1247 3090 1316 ὅσῳ
3130 1248 3408 1318 κρείττους
3449 1253 3647 1308 δοκοῦσι
3673 1260 3750 1312 τοῦ

2219 1329 2488 1400 σώματος,
2549 1335 2642 1386 ἐπὶ
2686 1323 2940 1388 τοσοῦτον
2989 1336 3363 1408 ἀπαραίτητος
3395 1341 3498 1413 ⁷³η
3546 1349 3751 1416 τιμωρία

2216 1423 2584 1490 περιίσταται.
2621 1425 2712 1476 Διὸ
2731 1425 2822 1478 καὶ
2845 1427 2904 1479 τὸ
2938 1425 3170 1500 ἐκλογῆς
3203 1430 3392 1494 σκεῦος
3420 1430 3610 1502 ἔλεγεν·
3649 1437 3753 1507 Ἀγ.

2214 1512 2432 1581 γέλους
2457 1515 2502 1544 ⁷⁸
2560 1515 2903 1586 κρινοῦμεν,
2936 1519 3081 1588 μήτι
3119 1538 3187 1591 τε
3231 1519 3478 1586 βιωτικά
3507 1540 3521 1554 ·
3557 1526 3640 1578 καὶ
3664 1569 3676 1589 ,
3703 1533 3754 1584 οι

2214 1603 2367 1673 ἅγιοι
2400 1604 2506 1657 τὸν
2531 1609 2760 1676 κόσμον
2798 1610 3135 1676 κρινοῦσιν,
3173 1609 3286 1665 οἷον
3313 1607 3358 1643 ⁷⁷
3389 1613 3580 1682 σαρκὸς
3610 1621 3755 1688 πο.χὺ-

2213 1711 2336 1763 τητι
2368 1693 2709 1758 συνδεθέντες
2741 1696 2835 1750 καλ⁵
2865 1698 3254 1769 κατορθοῦντες
3274 1697 3342 1751 τὰ
3359 1699 3636 1769 κρείττονα
3657 1707 3754 1769 τοὺς

2217 1786 2534 1857 ἐλευθέρους
2570 1787 2667 1858 μὲν
2718 1789 2815 1859 τῆς
2871 1790 3194 1860 σωματικῆς
3238 1790 3425 1860 πέδης,
3468 1791 3635 1862 μὴτά
3685 1796 3754 1850 ἶσα

2213 1876 2269 1930 δὲ
2299 1877 2331 1948 ἢ
2360 1879 2452 1931 καὶ
2485 1878 2552 1932 τὰ
2577 1879 2747 1950 χείρω
2790 1881 3127 1950 πράττοντας
3157 1883 3560 1953 κατακρίνομέν
3607 1903 3661 1938 τε
3682 1889 3754 1940 καὶ

2215 1967 2664 2038 ἑπιστομίζομεν,
2704 1970 2944 2025 ἐλάττονι
2973 1971 3200 2042 δυνάμει
3255 1973 3364 2027 τῶν
3396 1976 3620 2046 ἐχόντων
3678 1977 3755 2047 τὴν

2217 2060 2387 2130 μείζω
2420 2060 2620 2129 μᾶλλον
2647 2062 2709 2114 τὸ
2741 2062 2964 2131 ἄμεινον
2996 2062 3469 2138 κατορθώσαντες.
3505 2065 3658 2119 Ἀλλὰ
3683 2069 3758 2120 καὶ

2213 2153 2348 2220 ἡμῖν
2384 2153 2480 2225 μὲν
2511 2151 2632 2215 ὅλος
2678 2153 2706 2206 ὀ
2743 2152 2857 2223 βίος
2926 2155 3339 2225 ἁμαρτάνουσιν
3375 2159 3456 2220 είς
3508 2157 3757 2229 διόρθωσιν

2211 2260 2269 2295 τε
2301 2243 2394 2296 καὶ
2432 2244 2792 2314 μεταμέλειαν
2836 2246 3144 2318 πρόκειται,
3181 2248 3430 2316 ἀγγέλων
3458 2249 3513 2302 δὲ
3546 2251 3662 2312 τοὺς
3694 2251 3760 2313 ἐξ·

2212 2337 2559 2405 αμαρτόντας
2616 2335 2775 2399 εὐθὺς
2831 2337 2864 2407 ἡ
2919 2338 3160 2409 τιμωρὸς
3212 2338 3374 2392 ἔλαϐε
3421 2337 3564 2409 δίκη·
3617 2339 3761 2406 Ζόφῳ

2212 2425 2322 2494 γὰρ
2339 2426 2384 2457 ’⁷⁸
2402 2425 2554 2495 φησὶ,
2580 2426 2963 2495 ταρταρώσας
2983 2427 3330 2496 παρέδωκεν
3349 2429 3436 2495 είς
3463 2429 3655 2496 κρίσιν
3668 2448 3759 2497 ςεν-

2210 2518 2614 2586 λαττομένους
2637 2518 2858 2588 τηρεῖν.
2886 2520 2996 2572 Καὶ
3027 2521 3239 2591 μυρίοις
3269 2520 3454 2583 ἀλλοις
3483 2521 3517 2592 ἦ
3557 2539 3612 2573 τε
3650 2524 3762 2575 πάν-

2212 2626 2375 2678 oca-oo;
2401 2608 2496 2663 τοῦ
2531 2609 2666 2664 Θεοῦ
2704 2612 2832 2682 περὶ
2879 2613 3026 2683 ἡμᾶς
3065 2611 3392 2684 γνωρίζεται
3423 2613 3658 2683 πρόνοια,
3686 2614 3764 2665 καὶ

2208 2701 2316 2755 τῶν
2361 2702 2622 2770 ἀγγέλους
2658 2705 2702 2735 τ’
2735 2702 2931 2772 μᾶλλον
2959 2704 3295 2775 βουλομένων
3347 2705 3496 2775 ἡμᾶς
3527 2704 3662 2776 ἢπερ
3686 2705 3764 2755 ἀνι

2210 2791 2460 2863 θρώπους
2516 2795 2842 2864 γεγενῆσθαι
2891 2796 2950 2848 τὸ
3010 2798 3334 2868 παράφορον
3407 2795 3502 2848 καὶ
3553 2794 3766 2865 ἐμμανὲς

2209 2883 2603 2956 στηλιτεύεται.
2631 2887 2695 2939 Εἰ
2726 2886 2781 2939 δὲ
2807 2887 2897 2940 καὶ
2925 2888 3066 2941 κατὰ
3102 2889 3200 2960 τὴν
3238 2888 3490 2957 ἀγγέλων
3522 2887 3669 2956 φύσιν
3692 2887 3767 2939 τὸν

2207 2973 2492 3044 ἄνθρωπον
2520 2974 2776 3038 ἔπλασεν,
2806 2975 2917 3028 οὐδ’
2961 2974 3133 3039 οὓτως
3157 2975 3222 3030 ἂν
3243 2975 3520 3046 ἐπεσχέθη
3545 2975 3604 3027 τὸ
3640 2972 3769 3042 φιλό-

2191 3071 2432 3136 ’μωμον,
2469 3067 2604 3120 ἀλλὰ
2654 3067 2814 3135 φύσιν
2846 3068 3008 3120 πάλιν
3056 3067 3221 3139 ἄλλην
3253 3067 3516 3138 ἐπεζήτει
3553 3067 3645 3135 τὴν
3681 3067 3767 3132 ἀγ-

2136 3203 2180 3260 C
2212 3157 2435 3229 γελικὴν
2495 3157 2732 3213 νικῶσαν
2790 3160 3144 3214 κατάστασιν.
3192 3159 3262 3214 Σὺ
3326 3157 3386 3213 δέ
3426 3176 3518 3229 μοι
3577 3157 3771 3211 κάκεῖνο

2213 3249 2423 3302 σκόπει.
2458 3251 2594 3302 Κατ’
2637 3251 2819 3303 εἰκόνα
2849 3250 2984 3303 Θεοῦ
3021 3250 3282 3314 πλασθεὶς
3327 3253 3358 3304 ὁ
3397 3251 3570 3322 Ἀδὰμ
3617 3251 3661 3302 εί
3685 3249 3768 3317 μὲν

2210 3336 2321 3410 εἷχε
2343 3343 2403 3393 τὸ
2436 3343 2743 3411 ίσάγγελον,
2795 3342 2915 3394 οὐδὲ
2954 3344 3050 3413 τῆς
3080 3343 3331 3412 ἀγγέλων
3361 3342 3522 3411 δόξης
3564 3343 3770 3412 ἐστερή-

2212 3434 2372 3503 μεθα·
2418 3435 2550 3488 εἰδὲ
2586 3434 2756 3505 βραχύ
2787 3452 2837 3486 τι
2882 3435 3010 3507 παρ’
3037 3435 3304 3503 ἀγγέλους
3363 3434 3599 3505 γεγονὼς
3643 3435 3772 3503 ὅμως

2210 3523 2495 3595 ὑπερήρθη
2524 3524 2614 3578 τὸν
2662 3525 2786 3577 νοῦν
2818 3526 2913 3578 καὶ
2943 3525 3050 3577 οὐδ’
3081 3527 3217 3595 ὅπερ
3251 3525 3418 3578 ἔλαϐε
3474 3524 3772 3586 διεσώσατο,

2209 3615 2328 3680 πῶς
2359 3617 2446 3679 ἂν,
2478 3617 2526 3669 εί
2559 3616 2818 3686 μειζόνων
2845 3617 3160 3688 προνομίων
3219 3617 3440 3688 ἔτυχεν,
3474 3617 3593 3688 οὐχὶ
3657 3615 3768 3684 μᾶλ-

2208 3705 2298 3759 λον
2346 3707 2482 3778 πρὸς
2527 3707 2587 3760 τὸ
2621 3706 3002 3780 χαλεπώτερον
3060 3707 3170 3760 τῶν
3201 3710 3520 3778 πτωμάτων
3562 3707 3774 3774 κατενή-

2206 3814 2405 3867 νεκτο;
2440 3799 2562 3870 μηδ’
2612 3803 2788 3854 ἐκεῖνο
2837 3800 2893 3853 δὲ
2941 3802 3220 3873 παρέλθῃς
3263 3817 3278 3831 °
3334 3802 3399 3856 Ἦ
3457 3801 3518 3867 ἐξ
3550 3801 3773 3867 ἀνάγκης

2208 3891 2407 3962 πρᾶξις
2443 3894 2504 3946 οὗ
2536 3892 2643 3946 τῶν
2698 3893 2930 3960 λογικῶν
2960 3897 3095 3957 ὲστι,
3127 3895 3226 3964 τῆς
3277 3894 3323 3946 δ’
3352 3894 3560 3962 ἀλόγου
3590 3909 3647 3946 τε
3695 3891 3775 3942 καὶ

2207 3980 2417 4052 ἀψύχου
2442 3980 2674 4051 φύσεως
2695 3981 2822 4054 [595
2845 3981 2938 4054 IL]
2955 3981 3095 4035 ὥστε
3123 3985 3151 4036 ὁ
3172 3983 3234 4035 τὸ
3250 3983 3607 4048 αὐτεξούσιον
3637 3981 3774 4048 λόγος

2211 4075 2465 4146 ἀφαιρῶν
2523 4074 2847 4146 ἀνθρώπους
2906 4075 3330 4130 ἀνταλλάττεται
3402 4074 3501 4129 τοῦ
3571 4069 3773 4143 λογικοῦ

2207 4165 2347 4231 ζὼου
2403 4166 2494 4220 τὸν
2540 4167 2708 4221 ἵππον
2758 4168 2791 4237 ἢ
2850 4167 2943 4221 τὸν
2981 4165 3105 4238 βοῦν
3139 4169 3171 4240 ἢ
3208 4170 3334 4232 τοὺς
3394 4167 3630 4239 ίχθῦς,ἢ
3688 4165 3774 4218 ὅσα

2207 4259 2390 4328 φυτῶν
2419 4259 2692 4329 ἀνιχνεύει
2719 4261 2904 4329 φύσιν.
2947 4262 3007 4314 Εἰ
3042 4260 3086 4314 δ’
3115 4261 3198 4314 ὅτι
3227 4261 3459 4314 τοιαῦτα
3489 4255 3643 4322 οὗτος
3678 4257 3775 4310 δια-

2207 4355 2432 4419 νοεῖται,
2459 4352 2703 4406 τοιοῦτον
2732 4353 2882 4423 αὐτῷ
2913 4353 2974 4405 τὸ
3002 4354 3221 4424 τίμημα
3247 4352 3447 4422 ὁρίζει,
3469 4354 3572 4404 οὐκ
3609 4349 3775 4409 ἄδικος

2210 4445 2308 4512 μὲν
2335 4446 2413 4508 εἰς
2458 4445 2686 4517 κρίσιν(
2725 4441 2850 4517 εὗρε
2897 4445 3005 4514 γὰρ
3043 4446 3197 4511 ἀξίαν
3225 4445 3303 4516 τῷ
3354 4443 3775 4514 πλημμελήματι

535 4540 831 4609 hujusmodi
856 4541 955 4596 sibi
983 4555 1194 4610 poenam
1220 4542 1441 4610 irrogat,
1469 4545 1572 4595 hoc
1593 4556 1767 4610 neque
1798 4541 2102 4609 injustoju-

2209 4532 2302 4604 τὴν
2338 4535 2528 4605 ποινὴν
2567 4535 2623 4604 ),
2660 4535 2820 4598 αὐτὸς
2850 4535 2907 4587 δὲ
2941 4535 3019 4621 Ιδι’
3060 4535 3256 4588 ἑαυτοῦ
3292 4536 3351 4587 τὸ
3379 4533 3674 4604 βδελυκτὸν
3697 4528 3775 4582 τοῦ

532 4629 673 4684 dicio
705 4630 762 4684 lit
787 4632 1011 4697 (invenit
1037 4635 1178 4687 enim
1197 4639 1379 4699 parem
1408 4632 1604 4687 delicto
1623 4633 1881 4703 poenam),
1907 4645 1961 4688 et
1985 4633 2101 4703 ipse

533 4737 626 4788 per
656 4737 714 4776 se
758 4726 1309 4779 exsecrandamsuam
1361 4725 1668 4794 opinionem
1723 4726 1919 4790 arguit.
1943 4721 2093 4782 Talia

535 4812 698 4875 igitur
726 4814 970 4879 quaedam
1009 4813 1094 4865 ubi
1126 4815 1496 4882 disseruit,qui
1523 4816 1794 4882 proposita
1823 4818 1980 4869 modo
2007 4830 2095 4868 ar-

529 4913 780 4968 gumenta
836 4903 1056 4970 exponit
1100 4901 1358 4976 [Jobius],
1400 4905 1451 4957 in
1483 4904 1634 4957 liberi
1682 4905 1889 4960 arbitrii
1940 4905 2098 4960 laude

527 4994 772 5062 quintum
801 4993 1069 5055 decimum
1097 5004 1256 5063 caput
1285 4994 1573 5049 concludit.
2070 4983 2075 4990 ’

607 5087 687 5140 16.
707 5086 875 5155 Caput
895 5100 1024 5139 vero
1042 5085 1305 5138 decimum
1321 5097 1530 5140 sextum
1549 5104 1652 5140 non
1670 5088 1945 5158 vulgarem
1966 5105 2094 5142 con-

527 5181 656 5232 tinet
686 5181 1058 5247 que-stionem.
1086 5177 1290 5243 Quaerit
1326 5178 1468 5232 enim
1521 5179 1806 5234 admodum
1853 5182 2090 5247 curiose,

549 5351 551 5354 ,
593 5293 636 5323 ³³
669 5291 796 5359 Sup.
830 5308 906 5352 Vl,
942 5291 994 5347 7.
1075 5290 1119 5322 ³⁸
1150 5289 1322 5345 lCor.
1363 5305 1435 5354 vt,
1471 5291 1524 5344 5.

2205 4622 2542 4692 δοξάσματος
2569 4625 2800 4695 ἐλέγχει.
2833 4625 3072 4679 Τοιαῦτά
3124 4645 3246 4678 τινα
3281 4626 3579 4690 διεξελθὼν
3622 4623 3650 4676 ὁ
3682 4621 3776 4673 τῶν

2204 4715 2584 4784 προκειμένων
2621 4716 2931 4770 ὑποθέσεων
2989 4718 3274 4788 ὑφηγητὴς
3307 4720 3388 4778 είς
3431 4718 3658 4771 ἔπαινον
3693 4711 3776 4764 τοῦ

2205 4805 2550 4868 αὐτεξουσίου
2571 4809 2633 4860 τὸ
2665 4813 2724 4859 ιε’
2761 4808 3056 4875 κεφάλαιον
3077 4808 3438 4878 διαπεραίνει.

2270 5091 2343 5143 Τὸ
2371 5091 2429 5144 δὲ
2454 5098 2529 5157 ις’
2543 5092 2650 5144 τῶν
2679 5094 2989 5162 κεφαλαίων
3013 5095 3071 5147 οὐ
3092 5094 3199 5147 τῶν
3219 5094 3467 5162 ἀγεννῶν
3486 5095 3603 5146 ἐστι
3624 5091 3778 5159 ζητη-

2205 5184 2406 5253 μάτων
2430 5183 3026 5257 πολυπραγμονείγὰρ,
3050 5186 3155 5241 Διὰ
3190 5187 3246 5239 τι
3282 5189 3314 5238 ό
3355 5184 3675 5251 ἄνθρωπος
3711 5179 3775 5231 ἐκ

1819 5382 2052 5438 VABIIE
2083 5383 2491 5441 LECTIUNES.
2717 5423 2726 5432 ι
3567 5419 3570 5421 ·

591 5473 906 5558 ’ξδυνατοίὶ
969 5475 1096 5558 Sap.
1129 5491 1209 5558 vr,
1396 5478 1440 5510 ⁷⁸
1473 5477 1843 5558 ἀπαραίτητον
1875 5477 2021 5533 libri;

2225 5480 2442 5558 afri-Eli]
2492 5484 2683 5558 lCor._
2731 5499 2803 5558 vt,
2839 5486 2894 5558 5r.
3007 5487 3050 5517 ⁷⁷
3076 5481 3208 5558 οἷον]
3269 5486 3317 5538 οἳ
3373 5489 3443 5540 Α.
3530 5484 3576 5519 ⁷⁸
3605 5480 3770 5549 ζόφῳ]

526 5544 562 5596 ll
613 5545 756 5600 Petr.
791 5563 848 5610 tt,
881 5546 934 5599 4.

1041 5549 1086 5578 ’³⁸
1117 5547 1382 5616 ἀγγέλους
1413 5564 1472 5616 μ.
1504 5547 1841 5617 βουλομένων
1865 5562 1973 5617 mg.
2007 5565 2046 5612 ς
2084 5566 2097 5600 :
2133 5549 2252 5603 Iibt’i
2277 5547 2524 5620 ἀγγέλων
2565 5572 2625 5624 μ.
2660 5554 3036 5625 βουλομένους.

1993 5631 2244 5702 'NO’DE.

614 5731 703 5814 si?)
736 5731 1055 5814 II.P(‘:II".”|!.
1083 5733 1135 5786 4.
1168 5733 1336 5785 Aliter
1381 5733 1492 5814 tunc
1533 5735 1782 5804 leguntur
1805 5735 1858 5789 in
1901 5733 2052 5805 Vulg.
2091 5735 2409 5797 (ludentibus
2434 5744 2638 5814 inferni
2678 5746 2939 5801 detractos
2979 5748 3036 5800 in
3076 5754 3331 5801 tartarum
3365 5744 3594 5798 tradidit
3624 5755 3760 5796 cru-

523 5801 758 5862 ciandos,
789 5801 840 5852 in
857 5803 1120 5870 judicium
1147 5805 1426 5857 reservari.
