4032 6456
388 361 499 426 753

1438 367 1967 427 BIBLIOTHECA.
2002 389 2073 404 -
2110 364 2274 426 COD.
2308 363 2597 424 CCXXII.

3536 357 3643 422 754

376 476 492 531 δύο
513 471 678 527 πολὺ
694 469 765 540 τῇ
786 470 1307 542 φύσει-διεστώτων
1328 476 1603 543 συνέστη
1617 474 1683 506 ⁸ο·
1703 474 1797 528 καὶ
1813 474 1967 527 λύσει

2090 471 2182 526 Zur
2204 474 2355 527 homo
2377 489 2404 526 e
2421 471 2625 527 duobus
2650 470 2935 537 plurimum
2952 477 3145 522 natura
3166 467 3481 523 distantibus
3498 486 3644 523 com-

380 566 485 635 μὲν
513 565 750 633 ὑπάγειν
768 565 831 617 τὸ
853 565 1070 635 ζήτημα
1103 568 1382 635 πειρᾶται,
1419 568 1760 637 ἐνδεέστερον
1781 566 1838 618 δὲ
1863 566 1962 636 τῆς

2065 566 2298 632 positum
2311 563 2419 616 sit?
2446 562 2525 616 Ac
2553 560 2837 632 proﬂigare
2859 559 3078 628 quidem
3095 556 3373 613 etsolvere
3391 560 3647 627 quastio—

374 658 619 729 ἀπορίας
672 656 796 729 ἶ506
814 655 908 729 Η.]
929 658 1172 728 φέρεται.
1208 660 1316 713 Καὶ
1337 660 1553 727 πρῶτον
1578 659 1677 729 μὲν
1716 658 1965 729 Πατρικά

2090 674 2192 711 tem
2216 655 2526 719 nititur,sed
2541 654 2714 724 ipsam
2734 651 3124 708 dubitationem
3143 664 3245 705 non
3263 650 3395 711 satis
3410 653 3645 721 attingit.

378 749 754 802 ὑποϐάλλεται
778 750 843 819 ρή
854 765 1019 817 ματα’
1043 749 1295 827 δεύτερον
1310 751 1367 804 δεῖ
1389 768 1553 820 φησιν
1573 751 1648 815 ὡς
1670 751 1775 804 ἔδει
1795 750 1874 822 τῷ
1889 750 1968 805 λὸο

373 862 461 914 γῳ
485 843 903 914 διακοσμεῖσθαι
921 846 979 898 τὸ
1005 846 1302 916 περίγειον,
1325 846 1514 916 ὥσπερ
1533 850 1656 907 ταῖς
1694 847 1967 917 οὐρανίοις

372 936 646 1007 δυνάμεσι
669 936 737 989 τὰ
755 936 1001 1003 οὐράνια,
1026 939 1119 990 καὶ
1144 939 1231 992 διὰ
1248 938 1405 991 τοῦτο
1431 938 1686 991 σύνθετον
1716 938 1853 1002 ζῶον
1878 938 1972 991 ἐπὶ

374 1031 485 1099 γῆς
504 1026 779 1102 προῆλθεν
804 1030 836 1081 ὁ
855 1028 1160 1099 ἄνθρωπος.
1188 1029 1371 1083 Ταῦτα
1394 1029 1459 1101 δὴ
1487 1032 1580 1084 καὶ
1605 1031 1769 1101 ἕτερα
1792 1028 1973 1084 τοιαῦ-

380 1141 457 1175 τα
486 1120 932 1191 συνυφηνάμενος
959 1121 1253 1191 ἀπαρτίζει
1280 1123 1345 1176 τὸ
1378 1123 1695 1193 κεφάλαιον.

476 1295 598 1352 Εἶτα
624 1298 803 1368 ζητεῖ,
829 1300 932 1352 Διὰ
949 1299 1007 1351 τί
1031 1300 1359 1365 σαρκοῧται
1389 1304 1420 1354 ό
1440 1300 1582 1364 Θεὸς
1608 1302 1799 1367 Λόγος
1827 1318 1845 1365 ;
1882 1300 1978 1353 καὶ

394 1380 666 1444 ἐπιλύεται
680 1392 737 1442 τὸ
758 1392 977 1461 ζήτημα
991 1391 1112 1444 καθ’
1133 1391 1189 1443 ἓν
1216 1391 1335 1463 μὲν,
1357 1392 1462 1449 ἵνα.
1485 1394 1670 1460 φησὶν,
1695 1394 1828 1459 ἡμῖν
1850 1392 1978 1445 ὑποο

392 1484 649 1553 γραμμὸν
671 1484 712 1515 ⁸¹
739 1484 937 1554 ἀρετῆς
960 1483 1260 1554 καταλίπῃ.
1283 1484 1352 1537 δι’
1375 1478 1435 1536 οὗ
1458 1486 1568 1545 τοῖς
1592 1485 1793 1551 ἴχνεσιν
1813 1481 1977 1535 αὑτοῦ

383 1575 732 1646 περιγίνεται
752 1577 884 1647 ἡμῖν
907 1576 1006 1627 οὐκ
1029 1574 1089 1639 ἐξ
1113 1576 1381 1646 ἀνάγκης,
1418 1576 1532 1631 ἀλλ’
1556 1574 1823 1645 ἑκουσίως»
1839 1574 1980 1625 κατὰ

381 1668 632 1735 μίμησιν
689 1668 1083 1737 περιπατῆσαι.
1135 1669 1369 1721 Ἔπειτα
1390 1668 1448 1720 δὲ
1490 1666 1549 1720 τὸ
1591 1666 1684 1719 τοῦ
1717 1665 1978 1732 Θεολόγου

2070 751 2312 805 Primum
2360 762 2489 815 ergo
2522 745 2744 800 Patrum
2789 744 2954 798 verba
2988 743 3223 812 subjicit,
3253 743 3454 798 deinde
3486 759 3647 813 Opor-

2074 841 2241 895 luisse
2265 843 2340 892 ait
2366 839 2575 891 ratione
2597 836 2852 891 adornari
2876 846 3150 889 terrenam
3172 834 3501 903 portionem,
3528 848 3651 903 per-

2075 932 2199 986 inde
2244 941 2303 985 ut
2342 928 2654 985 caelestibus
2703 925 2997 982 virtutibus
3038 924 3163 979 οωιὶ
3214 925 3389 978 ornati
3420 924 3643 987 fuerint,

2074 1035 2471 1095 proptereaque
2523 1020 2880 1089 compositum
2921 1018 3121 1071 animal
3164 1018 3216 1070 in
3273 1017 3432 1073 terris
3474 1016 3652 1071 homi-

2076 1130 2200 1169 nem
2221 1114 2505 1182 prodiisse.
2534 1109 2659 1165 Haec
2674 1117 2727 1162 et
2754 1109 2805 1163 id
2828 1124 2997 1179 genus
3024 1108 3128 1162 alia
3153 1117 3468 1171 contexens,
3489 1112 3653 1175 caput

2080 1205 2183 1258 hoc
2216 1202 2465 1256 absolvit.

2153 1298 2241 1351 Π.
2270 1296 2473 1361 Quaerit
2504 1294 2648 1357 hinc,
2699 1293 2807 1347 Cur
2845 1289 2981 1343 Deus
3014 1287 3238 1341 Verbum
3281 1289 3434 1341 horno
3461 1287 3528 1340 sit
3567 1286 3653 1355 [a-

2082 1389 2235 1443 ctus?
2278 1388 2556 1457 Solvitque
2592 1385 3005 1439 dubitationem.
3048 1381 3256 1433 Partim
3284 1380 3530 1449 quidem,
3569 1379 3653 1433 iu—

2083 1483 2221 1550 quit,
2254 1490 2308 1532 ut
2332 1478 2490 1532 nobis
2518 1477 2796 1544 exemplar
2844 1473 3063 1528 virtutis
3094 1472 3432 1538 relinqueret
3458 1472 3522 1535 ³⁵,
3561 1484 3658 1538 per

2083 1569 2225 1638 qttod
2260 1568 2413 1620 nobis
2447 1582 2508 1621 ea
2546 1564 2775 1619 facultas
2815 1567 2978 1630 adsit,
3019 1582 3125 1635 qua
3169 1582 3276 1620 non
3327 1562 3654 1624 necessario,

2085 1661 2175 1715 sed
2206 1660 2375 1714 libere
2404 1675 2467 1713 ac
2495 1670 2691 1728 sponte
2725 1674 2847 1712 eum
2888 1658 3173 1721 imitando,
3218 1656 3455 1724 ejusdem
3490 1652 3654 1707 resti—

377 1754 696 1830 Γρηγορίου
720 1759 905 1829 τίθησι
935 1760 1118 1829 ῥητόψ
1145 1758 1345 1826 Σάρκα
1367 1760 1478 1826 γὰρ
1499 1758 1684 1827 φορεῖ,
1709 1759 1861 1827 φησι,
1886 1758 1983 1811 διὰ

2090 1760 2188 1829 giis
2250 1756 2582 1811 insistamus.
2650 1753 2751 1810 Ubi
2821 1769 2943 1808 mox
3002 1752 3246 1823 Gregorii
3299 1757 3658 1819 cognomento

376 1849 506 1917 τὴν
538 1828 693 1920 ἐμὴν
734 1828 963 1919 σάρκα,
990 1851 1088 1904 καί
1119 1849 1292 1919 ψυχῇ
1330 1849 1510 1919 νοερᾷ
1534 1850 1632 1903 διὰ
1688 1850 1804 1917 τὴν
1826 1850 1981 1919 ἐμὴν

2090 1850 2348 1919 Theologi
2379 1847 2493 1919 (44)
2523 1847 2687 1901 verba
2747 1847 2971 1915 apponit
3002 1862 3017 1900 :
3050 1844 3277 1899 Carnem
3324 1845 3457 1896 enim
3492 1852 3657 1913 gestat

377 1942 609 2011 ’Ψυχὴν
619 1943 921 2012 μίγνυται,
942 1942 1021 2009 τῷ
1041 1945 1222 2013 ὁμοίῳ
1237 1944 1303 1996 τὸ
1318 1943 1523 2012 ὅμοιον
1542 1943 1975 2011 ἀνακαθαιρων.

384 2035 506 2086 Καὶ
526 2034 628 2099 ἔτι,
653 2034 741 2088 ἴνα
761 2035 820 2088 τὸ
836 2034 1054 2103 λογικὸν
1076 2036 1180 2089 ὑπὸ
1216 2034 1310 2090 τοῦ
1340 2036 1537 2103 ἀλόγου
1575 2034 1980 2089 καταδουλωθὲν

382 2127 563 2191 αὐτὸς
600 2128 770 2196 Λόγος
792 2126 868 2181 ὢν
910 2127 1255 2201 ἐλευθερώσῃ
1300 2127 1803 2197 ἀνακαλεσάμενος.
1859 2126 1981 2179 Ἐπὶ

383 2222 607 2274 τούτοις
626 2219 683 2271 δὲ
699 2219 796 2273 κα)⁴
819 2221 942 2272 ἐπεὶ
964 2221 991 2272 ὁ
1020 2219 1193 2289 Ἀδὰμ
1216 2219 1458 2286 νικηθεὶς
1483 2219 1543 2271 τὸ
1568 2220 1625 2273 ἐν
1643 2218 1791 2289 αὐτῷ
1814 2218 1981 2272 θεοει-

384 2311 486 2376 se;
500 2314 613 2375 τοῖς
634 2312 736 2379 τῆς
755 2312 957 2382 σαρκὸς
978 2313 1192 2384 μυρίοις
1210 2311 1489 2382 κατέχωσε
1514 2310 1714 2364 πάθεσι
1752 2312 1844 2364 καὶ
1868 2314 1983 2374 τοῖς

386 2401 459 2466 ἑξ
487 2400 650 2454 αὑτοῦ
687 2400 890 2471 βλάϐην
911 2400 1156 2464 διέδωκε,
1188 2398 1276 2455 διὰ
1295 2399 1454 2454 τοῦτο
1482 2398 1780 2469 σαρκοῦται
1811 2399 1838 2450 ὁ
1869 2398 1981 2450 Κύ-

390 2510 535 2563 ριος,
555 2493 742 2563 καὶτῷ
766 2492 993 2560 πελάγει
1014 2495 1113 2560 τῆς
1134 2491 1267 2554 ιδίας
1285 2490 1538 2561 θεότητος
1554 2490 1649 2560 τὴν
1667 2492 1763 2560 τῆς
1788 2490 1983 2561 ἡμετέ-

391 2598 501 2651 ρας
530 2580 741 2649 φύσεως
776 2583 1094 2652 ὑποδέχεται
1151 2582 1413 2650 σταγόνα,
1462 2583 1535 2644 ὡς
1585 2580 1651 2634 ἂν
1696 2582 1756 2634 τὸ
1791 2582 1982 2652 θνητὸν

390 2672 508 2723 ὑπὸ
536 2674 634 2741 τῆς
683 2672 829 2741 ζωῆς
863 2673 1146 2743 καταποθῇ
1172 2673 1265 2725 καὶ
1298 2674 1377 2736 είς
1438 2674 1499 2724 τὸ
1532 2672 1689 2740 γένος
1723 2671 1843 2725 ὅλον
1873 2688 1981 2724 πα-

395 2768 542 2833 ραπέ
554 2764 668 2834 μψῃ
698 2765 759 2817 τὸ
794 2765 988 2836 δῶρον,
1021 2766 1117 2818 καὶ
1154 2766 1242 2819 ἴνα
1272 2765 1335 2818 τὸ
1366 2764 1572 2833 ἄφατον
1600 2764 1835 2832 πέλαγος
1883 2764 1983 2834 τῆς

391 2856 567 2910 αὑτοῦ
616 2857 753 2928 πρὸς
773 2858 922 2927 ἡμᾶς
968 2857 1378 2928 φιλανθρωπίας
1406 2857 1732 2927 ἐνδείξηται.
1764 2856 1875 2911 Καὶ
1900 2856 1982 2909 ὅτι

391 2949 492 3003 τὸν
517 2949 850 3021 δημιουργὸν
878 2950 1041 3004 αὐτὸν
1069 2950 1175 3004 ἔδει
1204 2950 1300 3004 καὶ
1325 2950 1419 3003 τοῦ
1474 2950 1677 3002 οἰκείου
1728 2949 1982 3019 πλάσμα-

389 3058 493 3104 τος
549 3042 900 3113 διαρῤυέντος
966 3042 1221 3110 γενέσθαι
1275 3042 1689 3111 ἀνακαινιστήν.
1756 3042 1984 3109 Ἐπὰγει

391 3134 457 3186 δὲ
482 3133 558 3197 ὼς
607 3134 699 3189 καί
730 3152 853 3188 τινα
882 3136 990 3189 τῶν
1018 3136 1110 3188 ἐπὶ
1140 3136 1240 3207 τῆς
1269 3136 1501 3206 Τριὰδος
1535 3137 1732 3196 κοινῶς
1760 3135 1984 3206 λεγομέ-

392 3240 510 3276 νων
558 3225 817 3290 πολλάκις
848 3226 910 3279 τὸ
964 3227 1108 3297 ἱερὸν
1142 3228 1379 3297 γράμμα
1425 3226 1501 3291 ὡς
1554 3229 1676 3281 κατ’
1711 3226 1988 3297 ἐξαίρετον

396 3317 662 3386 φέρουσιν
689 3321 776 3387 ἐφ’
801 3320 921 3383 ἑνὸς
947 3321 1057 3373 τῶν
1087 3320 1401 3390 σεϐασμίων
1432 3321 1810 3383 ὁποστάσεων.
1838 3318 1987 3374 Ταύ-

392 3426 471 3479 τῃ
505 3428 587 3462 τοι
621 3413 681 3464 τὸ
735 3414 1129 3482 δημιουργικὸν
1179 3415 1274 3466 καὶ
1308 3416 1399 3468 ἐπὶ
1436 3414 1649 3485 Πατρὸς
1686 3415 1781 3468 καὶ
1816 3414 1988 3469 Πνεύ-

399 3520 581 3570 ματος
612 3504 768 3569 ἁγίου
800 3506 1083 3575 ὁμοτίμοις
1130 3506 1482 3576 ταττόμενον,
1539 3507 1689 3576 ὅμως
1716 3508 1991 3577 οἰκονομιο

354 3638 359 3641 .
396 3592 518 3655 κῶς
570 3595 649 3664 τῷ
672 3595 786 3665 Υἱῴ
831 3597 993 3650 πάλιν
1041 3597 1115 3659 ὼς
1161 3595 1439 3666 ἐξαίρετον
1459 3596 1800 3667 ἀφορίζεται.
1832 3593 1988 3648 Οὕτω

396 3682 500 3734 καὶ
529 3683 627 3754 τὴν
684 3686 959 3756 σωτηρίαν
1023 3688 1181 3759 ἡμῶν
1210 3730 1224 3750 ,
1270 3690 1336 3760 ἢν
1385 3692 1414 3742 ό
1453 3690 1625 3755 Λόγος
1674 3689 1985 3758 εἰργάσατο,

396 3780 553 3832 ἔστιν
590 3782 771 3854 εὑρεῖν
818 3785 1239 3856 ἀναφερομένην
1278 3790 1358 3849 είς
1389 3787 1480 3840 τὸν
1532 3789 1772 3857 Πατέρα.
1820 3788 1991 3843 Ἐλὰο

394 3874 561 3937 λησε
581 3872 625 3903 θ’
646 3875 754 3942 γὰρ
770 3875 934 3944 ἡμῖν,
957 3879 1140 3944 φησιν,
1162 3877 1432 3942 arma“.
1458 3878 1731 3944 Καὶ,”1να
1753 3880 1820 3912 ⁸³“
1843 3898 1990 3951 γνω-

392 3964 590 4033 ρισθῇ
616 3966 734 4020 νῦν
760 3970 799 4037 ἡ
845 3972 1286 4035 πολυποίκιλος
1338 3971 1444 4025 τοῦ
1478 3972 1627 4025 Θεοῦ
1659 3974 1866 4041 σοφία,
1911 3972 1992 4041 ἢν

396 4056 696 4123 ἐποίησεν
723 4058 794 4112 ἐν
827 4060 906 4125 τῷ
926 4061 1176 4129 Χριστῷ’
1212 4063 1326 4127 καὶ,
1363 4063 1559 4117 Αὐτοῦ
1589 4064 1633 4095 ⁸⁸
1664 4064 1774 4132 γάρ
1805 4065 1993 4134 ἐσμεν

400 4148 673 4218 ποίημα,
722 4151 1069 4219 κτισθέντες
1124 4154 1195 4207 ἐν
1230 4153 1463 4221 Χριστῷ
1510 4154 1716 4220 Ἰησοῦ
1747 4156 1845 4209 ἐπὶ
1894 4155 1990 4225 ἕρ-

401 4256 537 4304 τοις
587 4239 855 4310 ἀγαθοῖς,
914 4244 1128 4313 ποίημα
1179 4245 1272 4297 καὶ
1324 4242 1529 4313 κτίσμα
1597 4244 1843 4315 δηλονότι
1894 4246 1993 4317 τὴν

400 4329 717 4385 ἀνάπλασιν
754 4333 853 4403 τῆς
904 4336 1274 4406 ἀποστολικῆς
1296 4337 1481 4405 φωνῆς
1535 4337 1829 4405 καλούσης.
1883 4337 1994 4392 Καὶ

402 4420 591 4481 πρὶλιν·
616 4424 929 4492 Γνωρισας
945 4427 990 4459 ⁸⁵
1014 4426 1155 4495 ἡμῖν
1174 4429 1241 4481 τὸ
1253 4427 1596 4497 μυστήριον
1616 4429 1724 4482 τοῦ
1744 4427 1995 4498 θελήμα-

2086 1946 2288 2018 (inquit
2343 1944 2451 2014 ille)
2503 1951 2714 2011 pmpter
2754 1957 2922 1992 meum
2954 1954 3187 2001 carnem,
3231 1946 3277 1990 et
3309 1934 3660 1988 animointel-

2086 2040 2275 2108 ligente
2307 2046 2519 2106 propter
2548 2050 2712 2088 meum
2744 2035 2977 2084 animam
3006 2031 3274 2093 miscetur,
3300 2026 3461 2081 simili
3494 2024 3662 2080 simile

2088 2147 2394 2201 repurgans.
2447 2128 2713 2183 Praeterea
2749 2135 2807 2178 ut
2835 2123 3155 2177 rationalem
3189 2131 3393 2191 partem
3423 2121 3491 2174 ab
3523 2122 3659 2173 irra-

2093 2222 2335 2275 tionaliili
2388 2221 2439 2274 in
2497 2218 2811 2273 servitutem
2870 2215 3170 2276 redactam,
3223 2213 3337 2281 ipse
3393 2210 3663 2266 rationale

2096 2310 2332 2366 Verbum
2364 2309 2636 2365 exsistens
2690 2312 3006 2374 repararet,
3056 2312 3218 2370 atque
3252 2302 3304 2355 in
3354 2301 3661 2357 libertatem

2091 2404 2421 2457 restitueret.
2465 2399 2547 2453 Ad
2595 2399 2731 2461 hasc,
2788 2392 2979 2464 18611
3020 2391 3459 2462 quandoquidem
3492 2391 3662 2449 Adam

2089 2498 2281 2557 victus,
2313 2493 2405 2547 Dei
2435 2493 2487 2544 in
2512 2506 2573 2545 se
2596 2490 2885 2558 imaginem
2911 2484 3214 2539 innumeris
3240 2483 3421 2543 carnis
3451 2481 3665 2552 passio-

2090 2588 2248 2642 nibus
2292 2585 2492 2647 obruit,
2557 2592 2611 2637 et
2657 2582 2724 2635 ad
2780 2588 3027 2649 posteros
3076 2594 3273 2633 noxam
3323 2577 3664 2639 transmisit,

2090 2683 2210 2736 ideo
2241 2694 2457 2733 carnem
2493 2676 2753 2730 Dominus
2804 2672 3003 2734 induit,
3064 2680 3120 2725 et
3169 2672 3221 2724 in
3257 2670 3391 2725 mari
3438 2669 3667 2725 Deitatis

2090 2787 2202 2826 sua:
2268 2780 2467 2824 nostra:
2517 2766 2850 2822 conditionis
2891 2774 3100 2834 guttam
3151 2766 3410 2835 suscepit,
3445 2780 3567 2818 cum
3609 2771 3667 2815 ut

2090 2865 2321 2919 mortale
2356 2880 2384 2915 a
2420 2864 2527 2917 vita
2579 2860 2993 2923 absorberetur,
3040 2874 3205 2931 atque
3245 2863 3298 2915 in
3349 2859 3662 2912 universum

2090 2975 2260 3025 genus
2288 2960 2612 3014 beneficium
2636 2956 2961 3020 effunderet,
3019 2969 3132 3012 tum
3183 2967 3240 3009 ut
3284 2950 3666 3022 inexplicabile

2091 3052 2311 3123 pelagus
2359 3053 2616 3107 bonitatis
2652 3069 2766 3108 suae
2807 3068 2935 3122 erga
2976 3068 3076 3107 nos
3130 3052 3446 3104 ostenderet
3491 3064 3507 3100 :
3553 3054 3665 3101 tum

2092 3143 2253 3196 etiam
2308 3145 2434 3211 quia
2479 3145 2727 3213 Opificem
2785 3147 2962 3215 ipsum
3008 3141 3295 3212 oportebat
3349 3154 3460 3193 suae
3516 3152 3672 3192 crea-

2092 3246 2261 3301 turae,
2314 3251 2435 3304 qua:
2483 3237 2595 3300 jam
2636 3236 2979 3302 dimuxerat,
3039 3236 3461 3289 instanratorem
3520 3229 3661 3283 fieri.

2091 3329 2258 3384 Addit
2286 3331 2527 3398 insuper,
2574 3340 2632 3385 ut
2681 3345 2869 3383 eorum
2903 3328 3105 3397 aliqua,
3139 3341 3260 3396 quae
3307 3322 3668 3403 communiter

2091 3424 2159 3476 de
2188 3421 2459 3476 Trinitate
2483 3421 2587 3476 dici
2644 3421 2839 3487 solent,
2883 3432 3262 3491 swpenumero
3308 3430 3465 3470 sacra
3512 3412 3668 3469 Scri-

2091 3521 2249 3581 ptura
2272 3512 2339 3564 ad
2370 3525 2529 3564 unam
2570 3510 2917 3579 peculiariter
2957 3507 3351 3563 venerabilium
3405 3519 3669 3575 persona-

2097 3618 2214 3655 rum
2246 3600 2468 3657 referat.
2504 3602 2578 3655 Ita
2607 3617 2739 3655 sane
2787 3600 3011 3656 creandi
3043 3601 3124 3654 vis
3154 3599 3304 3653 Patri
3330 3613 3399 3651 ex
3429 3612 3587 3667 asque
3609 3611 3675 3649 ac

2092 3706 2283 3751 sancto
2318 3694 2546 3763 Spiritui
2574 3697 2861 3760 attributa,
2889 3706 3039 3750 certa
3072 3693 3427 3749 nihilominus
3462 3692 3672 3746 ratione

2097 3788 2238 3843 Filio
2278 3804 2469 3843 rursus
2512 3800 2571 3843 ut
2620 3789 2891 3846 excellens
2943 3789 3072 3859 quid
3114 3788 3445 3855 assignatur.
3486 3786 3577 3839 Sic
3621 3793 3676 3838 et

2095 3880 2314 3934 humani
2341 3879 2557 3949 generis
2591 3880 3043 3949 redemptionem,
3069 3894 3230 3949 quam
3263 3877 3498 3931 Verbum
3543 3890 3669 3944 per-

2096 3971 2243 4032 fecit,
2277 3972 2519 4040 reperias
2551 3972 2603 4025 in
2641 3972 2855 4026 Patrem
2878 3971 3071 4025 referri
3097 3990 3111 4025 :
3139 3969 3370 4022 Locutus
3399 3977 3474 4020 est
3509 3968 3668 4027 enim,

2096 4062 2292 4132 inquit,
2324 4064 2550 4121 nobisin
2580 4061 2724 4116 Filio
2749 4063 2816 4097 ³⁸“
2839 4072 2861 4129 ;’
2886 4070 2939 4116 et
2972 4082 2986 4117 :
3026 4059 3092 4115 Ut
3130 4064 3472 4115 innotescere!
3493 4058 3666 4112 multi-

2095 4152 2283 4222 formis
2315 4155 2574 4221 sapientia
2604 4153 2723 4217 Dei,
2766 4169 2922 4222 quam
2960 4153 3078 4219 fecit
3120 4152 3173 4205 in
3220 4152 3429 4205 Christo
3454 4150 3540 4211 ⁸⁸;
3574 4156 3630 4202 et.
3660 4166 3674 4200 :

2096 4245 2276 4313 Ipsius
2303 4246 2439 4299 enim
2467 4261 2649 4299 sumus
2681 4245 2915 4314 factura,
2938 4246 3102 4297 creati
3126 4245 3181 4297 in
3205 4243 3421 4297 Christo
3451 4241 3581 4295 Iesu
3619 4240 3676 4293 in

2096 4340 2337 4406 operibus
2364 4338 2511 4391 bonis
2537 4340 2579 4370 ³⁷
2599 4356 2611 4391 :
2630 4338 2894 4406 facturam
2925 4337 3176 4392 videlicet
3193 4347 3247 4391 et
3266 4352 3403 4404 opus
3415 4334 3681 4389 reforma-

2100 4432 2300 4483 tionem
2353 4439 2510 4483 vocat
2563 4431 2871 4497 Apostolus.
2903 4430 2967 4482 Et
3021 4443 3239 4483 rursum
3271 4444 3286 4481 :
3318 4426 3452 4480 Cum
3490 4436 3676 4479 notum

402 4527 512 4576 τος
546 4514 735 4568 αὐτοῦ
756 4517 908 4570 κατὰ
931 4516 1047 4585 τὴν
1061 4519 1347 4573 εὐδοκίαν
1363 4520 1576 4585 αὐτοῦ,
1602 4519 1683 4587 ἢν
1709 4520 1984 4589 προέθετο

2099 4516 2302 4585 fecisset
2335 4535 2472 4572 nunc
2497 4520 2645 4572 nobis
2690 4529 3077 4573 sacramentum
3122 4517 3404 4572 uoluntatis
3431 4531 3565 4577 sure,
3596 4531 3680 4568 u-

356 4672 359 4673 ν
398 4602 476 4654 ἐν
523 4602 683 4669 αὐτῷ
719 4606 1390 4676 ἀνακεφαλαιώσασθαι,
1447 4614 1522 4669 τὰ
1562 4610 1763 4669 πάντα
1798 4612 1867 4667 ἐν
1910 4612 1992 4678 τῷ

398 4696 661 4761 Χριστῷ,
684 4699 779 4750 καὶ
797 4700 966 4770 μυρία
988 4701 1143 4758 ἄλλα.
1163 4701 1289 4773 [596
1319 4703 1413 4775 R.]
1429 4704 1491 4757 Εἰ
1518 4704 1627 4775 γὰρ
1649 4705 1742 4757 καὶ
1767 4705 1833 4759 δι’
1859 4704 1990 4759 Υἱοῦ

399 4785 478 4837 τὰ
504 4787 683 4841 πάντα
709 4790 964 4855 γενέσθαι
998 4795 1353 4865 πιστεύομεν,
1390 4796 1505 4848 ἀλλ’
1539 4795 1631 4849 οὖν
1649 4796 1862 4865 ἀνάγκη
1899 4799 1992 4850 καὶ

400 4877 498 4927 τὸν
532 4878 749 4948 Πατέρα
793 4880 1125 4954 δημιουργὸν
1168 4885 1450 4955 ὁμολογεῖν
1480 4887 1526 4917 ⁸⁸
1557 4887 1647 4940 διὰ
1694 4886 1754 4940 τὸ
1792 4887 1993 4941 ταυτὸν

401 4969 508 5035 τῆς
539 4987 596 5021 τε
626 4970 824 5041 βουλῆς
847 4976 940 5027 καὶ
968 4977 1249 5045 ἐνεργείας
1279 4979 1372 5033 καὶ
1403 4979 1706 5048 δυνάμεως,
1733 4978 1995 5042 ὡσαύτως

406 5060 467 5112 δὲ
501 5066 594 5113 καὶ
625 5064 684 5116 τὸ
718 5066 941 5136 Πνεῦμα
970 5068 1033 5123 τὸ
1062 5069 1237 5137 ἆγιον.
1266 5070 1378 5124 Kal.
1410 5070 1649 5139 μάλιστά
1676 5089 1740 5140 γε
1774 5073 1833 5124 τὸ
1863 5073 1998 5135 ἀπο-

405 5153 598 5207 λαύειν
618 5157 742 5219 τοὺς
765 5159 1214 5224 ἀναπλασθέντας
1242 5164 1336 5215 τοῦ
1363 5164 1663 5233 ἀαγιασμοῦ,
1682 5166 1776 5217 καὶ
1799 5164 1993 5234 διαμέ-

430 5360 439 5367 ⁴
488 5292 531 5322 ³³
556 5290 572 5343 l
598 5294 751 5367 Petr.
781 5310 841 5361 ιι,
881 5297 973 5350 21.
1047 5300 1115 5331 ³⁵⁸
1145 5298 1311 5355 llebr.
1342 5316 1383 5362 ι,
1414 5299 1468 5353 2.

409 5363 617 5427 Iaceret
658 5364 812 5434 Vulg.

1571 5300 1615 5331 ³⁵
1643 5301 1841 5370 Eplies.
1896 5316 1976 5363 ιιι,
2012 5301 2078 5354 l0
2104 5310 2158 5353 et
2190 5300 2278 5357 11.

2100 4611 2329 4673 cundum
2356 4611 2731 4681 beneplacitum
2765 4628 2943 4676 suum,
2992 4614 3129 4683 quod
3166 4614 3442 4681 proposuit
3492 4613 3549 4665 iu
3594 4626 3679 4675 eo,

2100 4703 2168 4755 ad
2218 4702 2624 4756 instaurandum
2669 4704 2848 4757 omnia
2888 4706 2945 4757 in
2988 4701 3198 4757 Christo
3221 4704 3288 4756 ³⁸.
3345 4703 3576 4773 Aliaque
3628 4704 3681 4758 id

2100 4808 2268 4863 genus
2290 4794 2540 4862 plurima.
2562 4793 2619 4848 Si
2638 4795 2782 4848 enim
2805 4811 2898 4864 per
2916 4794 3107 4850 Filium
3127 4797 3308 4851 omnia
3327 4811 3449 4852 esse
3466 4796 3684 4851 condita

2102 4886 2393 4963 credimus,
2428 4886 2795 4940 necessarium
2826 4897 2975 4941 certe
2995 4886 3209 4941 Patrem
3230 4902 3445 4957 quoque
3470 4895 3685 4941 create-

2101 4990 2221 5028 rem
2244 4976 2514 5041 conﬁteri,
2533 4977 2724 5032 saltem
2748 4993 2970 5046 propter
2988 4978 3128 5031 idem
3148 4978 3306 5041 velle,
3327 4992 3508 5044 posse,
3523 4991 3587 5029 ac
3605 4974 3688 5029 fa-

2105 5082 2245 5121 cere.
2302 5066 2568 5123 Similiter
2594 5078 2651 5122 et
2687 5067 2950 5137 Spiritum
2985 5080 3255 5126 sanctum.
3286 5068 3498 5138 Quippe
3539 5068 3695 5136 quod.

2099 5157 2210 5226 jam
2243 5160 2521 5214 reformati
2544 5161 2969 5215 sanctimoniam
2998 5172 3419 5231 consequantur,
3443 5161 3685 5230 atquein

2372 5298 2414 5329 ⁸⁷
2446 5295 2643 5366 Ephes.
2684 5314 2745 5362 ιι,
2798 5298 2880 5352 10.
2952 5299 2996 5330 ³⁸
3023 5298 3221 5368 Ephes.
3258 5315 3293 5363 ι,
3330 5298 3382 5361 9,
3425 5306 3480 5349 ut
3509 5306 3686 5349 notum

1684 5452 1915 5506 VARIAB
1970 5453 2383 5511 LECTIONES.

490 5545 544 5626 δῖ
582 5547 809 5626 συνέστη
840 5547 883 5599 Α
917 5564 929 5599 :
962 5546 1225 5626 συνετέθη
1255 5565 1349 5626 ς..
1392 5545 1857 5626 ⁸[ῥπργραμμὺν]
1912 5547 2128 5626 ίΛΡθιιξε
2151 5551 2332 5626 ψει,

410 5614 485 5647 ⁸³·
522 5615 629 5687 ἵνα]
673 5614 869 5685 Ephes.
916 5632 997 5681 ιιι,
1031 5618 1115 5672 10.
1192 5618 1237 5648 ⁸³
1293 5615 1482 5687 αὐτοῦ]
1551 5614 1749 5684 Epltes.
1790 5614 1878 5682 ni,
1910 5617 1995 5671 10.

1293 5615 1482 5689 αὑτοῦ]

2418 5553 2462 5624 ξ’
2517 5550 2692 5624 suam]
2731 5553 2891 5609 Hebr.
2948 5570 3005 5617 ι,
3033 5554 3087 5608 Ξ.
3165 5552 3211 5585 ⁸³
3240 5555 3312 5624 Ῠὲν
3357 5550 3433 5621 τῷ
3467 5549 3572 5618 υίῴ
3621 5564 3682 5613 ς.

2083 5620 2129 5651 ⁸⁸
2169 5622 2334 5675 αὑτοῦ
2398 5621 2597 5693 Eplies.
2629 5620 2691 5690 1,-
2722 5625 2775 5679 9.
2850 5624 2894 5656 ⁸⁸
2920 5624 3076 5694 ὁμολ.
3113 5625 3207 5677 καὶ
3231 5623 3319 5676 διὰ
3341 5640 3402 5688 ς.

1933 5709 2168 5768 ΝΟΤΑΕ.

492 5795 602 5868 (ivi)
643 5794 839 5852 llomil.
877 5798 941 5851 de
985 5796 1169 5851 Natat.
1207 5798 1426 5853 Clitisti.
