4032 6444
490 378 600 443 755

1646 383 1909 443 PHOTII
1949 384 2080 443 PA‘I

2182 384 2452 444 ΑΠΟΗᾸΞ
2490 389 2597 448 CP.
3607 402 3697 467 756

497 491 882 545 reformatione
917 503 1289 561 perseverent,
1322 495 1375 549 id
1405 496 1576 550 sancti
1602 495 1840 565 Spiritus
1870 485 2080 549 crean?

2182 513 2277 549 iEtV
2291 499 2348 549 ὲν
2362 500 2428 568 τῇ
2451 498 2879 569 ἀναπλάσει,τῆς
2898 498 2994 551 τοῦ
3014 499 3279 566 παναγίου
3294 501 3585 573 Πνεύμττός
3602 512 3702 570 ἐστι

497 582 570 637 tis
600 591 768 651 alque
787 584 1163 639 conservantis
1212 580 1482 654 praecipue
1532 601 1670 656 opus
1714 595 1819 642 est.
1871 585 2077 654 Spiritu

496 688 736 744 quoque,
767 673 896 747 [de]:
909 676 1068 731 rebus
1104 678 1300 731 creatis
1323 677 1399 731 ait
1428 678 1595 733 David
1622 678 1688 743 ",
1718 679 1885 731 omnis
1914 677 2076 731 virtus

497 781 697 820 corum.
732 767 794 821 Et
821 783 950 821 vero
980 769 1185 823 clarum
1218 769 1385 837 quod,
1416 770 1541 824 dum
1575 769 1844 838 Propheta
1879 769 2074 823 Ibidem

498 858 676 911 dicit:
718 858 881 911 Verbo
928 858 1141 913 Domini
1169 860 1285 913 caeli
1316 862 1515 929 ﬁrmati
1565 872 1708 926 sunt,
1748 859 1971 914 Verbum
2020 869 2077 913 ut

498 950 745 1018 Opiﬁcem
773 951 1031 1005 celebrat.
1069 950 1451 1007 Firmationem
1481 954 1622 1007 enim
1666 963 1823 1007 vocat
1846 952 2074 1021 primam

502 1040 646 1093 illam
682 1042 1212 1109 coagmentationcm
1271 1044 1812 1114 productionemque.
1893 1043 1963 1098 Ut
2024 1051 2079 1095 ct

501 1132 641 1199 quod
672 1130 933 1187 elliciendi
970 1132 1389 1202 perﬁciendique
1411 1134 1703 1202 potentiam
1729 1132 1952 1201 Spiritui
1980 1132 2079 1185 tri-

506 1225 651 1289 buat,
680 1239 775 1292 per
789 1238 851 1276 ea
881 1239 1000 1293 quae
1015 1223 1259 1292 adjunxit
1291 1242 1304 1278 :
1339 1224 1403 1277 Et
1428 1225 1614 1293 spiritu
1642 1225 1747 1277 oris
1777 1222 1891 1292 ejus
1912 1225 2078 1277 omnis

502 1315 671 1368 virtus
699 1331 896 1372 eorum.
931 1315 1227 1385 Gregorius
1260 1316 1370 1387 (45)
1397 1331 1614 1386 quoque
1645 1316 1827 1370 divino
1853 1332 1949 1367 suo
1983 1331 2080 1370 ore

504 1405 632 1460 dicit
656 1424 669 1459 :
698 1405 939 1460 Primum
973 1407 1236 1476 angelicas
1260 1417 1538 1472 potestates
1556 1408 1772 1475 cogitat,
1795 1418 1950 1475 atque
1984 1406 2078 1459 illa

503 1498 752 1566 cogitatio
783 1511 895 1552 erat
925 1514 1072 1566 opus,
1103 1500 1240 1568 quod
1278 1497 1447 1553 Verbo
1472 1500 1849 1567 complebatur,
1874 1510 1920 1550 et
1954 1498 2079 1566 Spi-

504 1589 609 1642 ritu
640 1589 1030 1658 perﬁciebatur,
1080 1590 1292 1659 aliaque
1326 1598 1602 1645 sexcenta.
1638 1590 1831 1659 187a
1864 1588 2079 1643 Utiliter

504 1695 654 1746 ergo,
680 1692 733 1734 et
754 1681 816 1733 ad
846 1680 1241 1735 institutionem
1272 1694 1434 1749 atque
1460 1682 1911 1735 introductioneut
1946 1682 2079 1735 satis

504 1772 924 1825 accommodata:
961 1770 1154 1824 divina:
1185 1772 1513 1839 cognitionis
1571 1771 1897 1840 przeconinm
1951 1784 2048 1837 pro

502 1862 685 1917 cessit.
724 1863 937 1916 Etenim
969 1863 1022 1916 in
1050 1861 1233 1917 Veteri
1270 1862 1642 1926 Testamento,
1685 1863 1829 1917 velut
1857 1863 2072 1917 univer-
2105 1841 2151 1900 Β

502 1971 687 2009 eorum
734 1953 845 2024 (46)
908 1971 1076 2011 causa
1142 1957 1397 2025 primaria
1463 1957 1693 2026 primum
1754 1956 2077 2025 praedicatur

502 2048 683 2101 Pater.
724 2047 929 2102 Deinde
956 2046 1128 2101 Filius
1159 2056 1413 2117 tanquam
1462 2050 1739 2119 operatrix
1786 2064 1946 2103 causa
1981 2050 2075 2102 de-

501 2138 764 2192 claratur.
813 2136 1000 2192 Tertio
1029 2139 1282 2207 denique,
1317 2148 1375 2193 ut
1403 2154 1564 2193 causa
1597 2138 1906 2207 perﬁciens,
1950 2138 2076 2207 Spi-

500 2228 640 2285 ritus
665 2241 908 2286 sanctus.
948 2229 1079 2298 Qua!
1112 2233 1255 2286 enim
1288 2231 1602 2301 perficiendi
1630 2233 1733 2284 vim
1755 2231 1976 2294 habent,
2013 2244 2076 2283 ea

500 2338 601 2390 pro
635 2338 736 2378 suo
789 2323 931 2393 quod
966 2338 998 2377 a
1045 2323 1149 2377 line
1184 2324 1386 2378 habent
1421 2324 1638 2377 nomine
1681 2339 1713 2377 e
1748 2324 1993 2392 profectu
2021 2331 2079 2375 et

501 2415 842 2469 incremento
908 2431 1090 2471 rerum
1162 2424 1581 2485 temporumque
1637 2414 2077 2475 tnanil’estautur,

500 2521 721 2562 coronae
755 2507 1009 2562 videlicet
1046 2506 1189 2562 illius
1249 2509 1460 2573 instar,
1518 2522 1639 2574 qua:
1674 2507 1743 2558 ob
1792 2506 2077 2559 athleticos

500 2595 731 2652 sudores
778 2597 832 2651 in
898 2597 1004 2652 line
1060 2600 1373 2651 renuntiato
1440 2596 1683 2669 [victori]
1739 2596 2073 2666 adaptatur:

499 2690 855 2758 quamobrem
879 2689 1042 2743 etiam
1072 2701 1357 2758 postquam
1387 2690 1660 2743 hominem
1691 2689 1924 2759 primum
1970 2690 2081 2742 lor-

501 2781 668 2835 rnavit
716 2780 880 2842 Deus,
923 2792 982 2833 ut
1013 2781 1262 2834 eumdem
1292 2780 1486 2834 deinde
1528 2780 1837 2848 perliceret,
1902 2777 2083 2847 Inspi-

500 2874 630 2926 rauit
656 2874 711 2925 in
740 2872 932 2938 {aciem
953 2872 1068 2939 ejus
1090 2871 1414 2937 spiraculum
1444 2872 1561 2925 vita:
1584 2871 1653 2925 "°.

571 2964 659 3019 18.
689 2964 814 3019 Hac
837 2964 1051 3033 aliaque
1081 2964 1303 3028 similia,
1328 2964 1524 3033 quibus
1548 2964 1810 3032 Spiritum
1833 2975 2079 3017 sanctum

501 3056 874 3125 perlicientem
916 3070 1039 3110 esse
1072 3057 1287 3117 doceat,
1324 3057 1413 3109 ubi
1456 3056 1761 3110 laboriosus
1803 3057 1892 3110 hic
1919 3058 2082 3109 homo

499 3148 743 3203 studiose
773 3146 993 3217 collegit
1026 3163 1040 3200 :
1071 3145 1394 3215 Pmpterea,
1426 3147 1627 3215 inquit,
1656 3147 1944 3201 illuminati
1990 3162 2083 3200 ca-

502 3237 810 3291 techumeni
841 3238 1034 3291 diebus
1065 3247 1270 3304 septem
1306 3238 1579 3291 candidati
1636 3238 1913 3291 incedunt.
1945 3235 2077 3301 Qua:

500 3330 630 3383 item
651 3344 817 3385 causa
847 3329 971 3393 fuit,
1004 3344 1101 3383 cur
1126 3336 1281 3383 vetus
1306 3327 1760 3391 lustrutneutnm,
1785 3330 1928 3397 quod
1964 3344 2081 3380 unt-

508 3420 757 3474 bratilem
785 3419 1035 3488 baptismi
1070 3429 1253 3489 typum
1296 3419 1544 3489 gerebat,
1580 3422 1683 3473 hoc
1720 3419 1861 3472 idem
1890 3420 2080 3472 obser-

501 3520 655 3569 varet
686 3529 699 3565 :
735 3509 1002 3565 Comedite
1023 3527 1227 3579 quoque
1259 3509 1378 3580 (ait)
1408 3527 1570 3575 panes
1591 3550 1605 3573 ,
1640 3511 1732 3580 qui
1768 3510 1927 3576 positi
1958 3520 2081 3562 sunt

502 3604 558 3656 in
584 3602 816 3656 canistro
858 3603 1267 3656 consecrationis
1299 3602 1368 3655 “.
1407 3603 1482 3655 Dc
1512 3604 1650 3655 ostio
1682 3617 1885 3671 quoque
1909 3599 2081 3654 taber-

504 3696 681 3749 naculi
714 3696 999 3749 testimonii
1046 3712 1148 3748 nou
1196 3696 1409 3749 exibitis
1454 3705 1650 3758 septem
1700 3697 1883 3750 diebus
1912 3695 1982 3751 ".
2018 3695 2084 3749 Et

504 3805 610 3842 non
662 3789 874 3843 dierum
933 3790 1195 3843 duntaxat
1265 3804 1551 3842 numerum
1603 3790 1893 3859 descripsit
1953 3790 2081 3842 olim

509 3880 674 3936 Vetus
730 3881 1163 3943 Testamentum,
1212 3882 1307 3934 sed
1357 3890 1413 3933 et
1453 3897 1791 3949 quaecunque
1832 3883 1935 3936 alia
1998 3881 2085 3935 hic

503 3984 932 4041 consequuntur.
952 3971 1130 4027 Primo
1142 3973 1341 4025 etenim
1357 3987 1499 4025 nunc
1511 3972 1875 4041 haptizamur,
1894 3974 2086 4028 deinde

506 4072 783 4132 unguento
817 4063 1092 4131 ungimur,
1144 4061 1270 4115 inde
1313 4062 1552 4129 pretioso
1599 4063 1863 4131 sanguine
1896 4064 2088 4133 digna-

507 4172 648 4209 mur.
683 4155 775 4209 Sic
810 4169 1032 4224 prorsus
1061 4164 1117 4207 et
1149 4153 1326 4208 Moses
1360 4156 1473 4208 haec
1506 4155 1860 4222 adumbrans,
1914 4155 2087 4210 abluit

507 4248 685 4315 primo
713 4263 852 4315 aqua
883 4261 977 4302 eos
1004 4248 1093 4312 qui
1134 4248 1621 4311 consecrabantur,
1666 4263 1792 4301 mox
1829 4248 2006 4302 induit
2032 4258 2088 4303 et

505 4343 698 4410 cingit,
738 4342 931 4396 deinde
956 4339 1169 4394 confert
1206 4341 1310 4393 olei
1353 4341 1693 4404 unctionem,
1718 4352 1774 4394 et
1808 4352 1919 4395 tum
1955 4357 2087 4396 san-

505 4433 665 4499 guine
690 4434 946 4503 aspergit,
979 4443 1143 4501 atque
1171 4434 1236 4483 ad
1279 4432 1432 4498 panis
1458 4431 1821 4499 sumptionum
1842 4433 2085 4486 adducit.

2176 587 2538 657 δημιουργίας
2560 605 2619 641 τε
2648 590 2741 642 καὶ
2774 590 3021 659 συνοχῆς.
3061 589 3171 642 Kal
3206 588 3341 654 τῷ⁸⁷
3368 597 3633 664 Πνεύματι
3656 604 3705 658 δὲ

2175 679 2284 729 τῶν
2320 678 2731 747 παραχθέντων,
2764 682 2930 747 φησὶν
2957 680 2985 730 ὁ
3021 678 3205 741 Δαόὶδ,
3238 678 3399 734 πᾶσα
3425 683 3460 749 ἡ
3487 685 3709 758 δύναμις

2176 767 2394 823 αὐτῶν.
2430 771 2537 823 Kal
2567 770 2723 840 δῆλον
2756 771 2830 833 ὡς
2864 770 2928 823 δι’
2957 764 3031 823 ὧν
3072 772 3170 839 μὲν
3201 773 3228 824 6
3267 776 3534 853 προφήτης
3560 777 3710 848 λέγει,

2181 860 2264 927 Τῷ
2276 863 2440 930 Λόγῳ
2459 863 2679 929 Κυρίου
2694 866 2751 916 οἱ
2770 863 3013 930 οὐρανοὶ
3035 863 3494 931 ἐστερεώθησαν,
3514 874 3721 943 ποιητὴν

2174 953 2266 1004 τὸν
2292 953 2460 1021 Λόγον
2484 955 2643 1023 ὑμνεί
2668 956 2986 1025 (στερέωσιν
3007 956 3114 1026 γὰρ
3136 956 3234 1025 τὴν
3260 956 3474 1026 πρώτην
3494 958 3610 1030 [507
3633 965 3714 1037 H.]

2179 1044 2341 1113 πῆξιν
2371 1046 2467 1097 καὶ
2498 1047 2715 1113 γένεσιν
2761 1047 2976 1115 καλεῖ),
3031 1048 3374 1101 τελειωτικδν
3423 1049 3477 1102 δὲ
3523 1053 3607 1105 καὶ
3644 1055 3721 1109 δυο

2176 1137 2473 1205 ναμοποιὸν
2496 1137 2558 1188 τὸ
2590 1136 2811 1207 Πνεῦμα
2843 1137 2912 1190 δι’
2930 1132 3004 1191 ὧν
3036 1140 3303 1207 ἐπήγαγε·
3328 1139 3438 1192 Καὶ
3464 1139 3538 1206 τῷ
3560 1148 3720 1199 πνεύ-

2175 1246 2312 1295 ματι
2337 1229 2441 1283 τοῦ
2463 1230 2762 1298 στόματος
2778 1230 2965 1285 αὑτοῦ
2988 1230 3158 1285 πᾶσα
3184 1233 3222 1299 ἡ
3246 1231 3499 1302 δύναμις
3525 1235 3721 1293 αὐτῶν.

2181 1320 2293 1373 Kal
2328 1322 2360 1389 ἡ
2397 1320 2672 1390 Γρήγορος
2713 1319 2769 1372 δὲ
2798 1321 2892 1373 καὶ
2923 1321 3042 1375 θεία
3069 1323 3292 1389 γλῶσσά
3329 1342 3479 1393 φησι·
3514 1326 3728 1394 Πρῶτον

2176 1410 2378 1463 errer
2398 1411 2505 1477 τὰς
2536 1411 2857 1482 dweltde
2897 1412 3206 1481 δυνάμεις,
3250 1414 3348 1467 καὶ
3386 1414 3451 1468 τὸ
3492 1416 3729 1492 ἐννόημα

2176 1505 2353 1572 ἔργον
2392 1501 2471 1573 ἦν
2504 1507 2665 1575 λόγῳ
2728 1508 3281 1575 συμπληρούμενον
3317 1507 3411 1559 καὶ
3461 1509 3729 1576 Πνεύιιατι

2176 1597 2617 1664 τελειούμενον,
2634 1600 2727 1651 καὶ
2747 1600 2918 1669 μυρία
2941 1598 3092 1653 ἄλλα.
3112 1598 3415 1667 Ὠφελίμως
3435 1598 3489 1650 δὲ
3503 1600 3589 1651 καὶ
3606 1602 3732 1655 παιῦ

2178 1686 2425 1753 αγωγίας
2470 1688 2565 1740 καὶ
2610 1691 2919 1757 εἰσαγωγῆς
2960 1689 3175 1750 οἰκείως
3216 1689 3278 1741 τὸ
3307 1689 3401 1756 τῆς
3433 1688 3731 1756 θεογνωσίας

2180 1777 2513 1847 προελήλυθε
2546 1781 2833 1851 κήρυγμα.
2870 1781 2980 1833 Kal
3010 1780 3119 1852 γὰρ
3141 1780 3229 1833 διὰ
3262 1781 3360 1850 μὲν
3384 1781 3482 1850 τῆς
3518 1782 3733 1846 “alata;

2178 1867 2254 1929 ὡς
2284 1872 2761 1939 προκαταρκτικὸν
2798 1871 2909 1924 τῶν
2960 1871 3096 1925 ὅλων
3126 1872 3301 1925 αἴτιον
3332 1873 3358 1923 6
3389 1874 3576 1943 Πατὴρ
3601 1874 3732 1944 πρώ-

2176 1974 2283 2019 τως
2305 1958 2652 2027 κηρύττεται,
2674 1963 2769 2014 καὶ
2795 1961 3063 2031 δευτέρως
3091 1962 3147 2015 δὲ
3179 1963 3207 2015 6
3237 1961 3367 2024 Υἱὸς
3397 1961 3470 2025 ὡς
3499 1962 3733 2034 δημιουρ-

2177 2049 2332 2116 γικὸν
2359 2048 2532 2102 αἴτιον
2573 2051 2953 2121 ἐμφανίζεται,
2996 2055 3088 2106 καὶ
3140 2054 3343 2125 τρίτως
3376 2052 3451 2115 ὡς
3495 2052 3735 2106 τελειωτι-

2178 2141 2273 2194 κδν
2307 2141 2367 2193 τὸ
2401 2141 2625 2212 Πνεῦμα
2664 2145 2724 2196 τὸ
2761 2146 2936 2213 ἆγιον.
2970 2145 3051 2198 Τὰ
3076 2145 3401 2198 τελειωτικὰ
3428 2144 3535 2215 γὰρ
3560 2144 3633 2212 τῷ
3659 2146 3727 2198 τέ·

2177 2231 2258 2285 λει
2283 2233 2619 2304 φερωνύμως
2649 2237 3010 2307 ἀναφαίνεται
3036 2240 3101 2309 τῇ
3136 2240 3389 2309 προκοπῇ
3420 2238 3511 2291 καὶ
3540 2236 3736 2307 αὐξήσει

2178 2323 2287 2378 τῶν
2334 2342 2391 2377 τε
2416 2326 2462 2357 ⁸³
2496 2328 2838 2397 πραγμάτιον
2861 2330 2972 2399 ,καὶ
3014 2329 3124 2382 τῶν
3164 2331 3397 2400 χρόνων,
3445 2326 3532 2383 οἷα
3563 2330 3759 2399 στέφαο·

2179 2434 2270 2478 νος
2318 2418 2674 2489 ἀναρρήσεως
2736 2420 2834 2472 ἐπὶ
2884 2424 2995 2485 τοῖς
3037 2422 3353 2493 ἀθλητικοῖς
3400 2422 3737 2491 ίδρῶσικατὰ

2178 2509 2240 2560 τὸ
2270 2508 2424 2572 τέλος
2457 2512 2919 2581 ὲναρμοζόμενος.
2956 2512 3048 2566 Διὸ
3086 2514 3297 2567 καὶτὸν
3326 2512 3603 2583 ἄνθρωπον
3632 2512 3741 2566 ald-

2182 2615 2282 2661 σας
2313 2600 2342 2651 6
2374 2599 2507 2663 Θεὸς
2542 2601 2780 2672 πρῶτον,
2806 2599 2924 2655 εἶτα
2958 2603 3185 2657 τελειῶν
3232 2604 3302 2666 ⁸⁹,
3352 2604 3743 2673 Ἐνεφύσησεν

2179 2690 2266 2754 εὶς
2299 2688 2366 2742 τὸ
2398 2689 2727 2758 πρόσωπον
2758 2692 2948 2746 αὑτοῦ
2972 2690 3208 2762 πνεῦμα
3234 2689 3406 2761 ζωῆς.

2257 2959 2445 3013 Ταῦτα
2495 2959 2590 3012 καὶ
2638 2957 2865 3012 τοιαῦτα
2898 2957 3063 3026 ἕτερα
3114 2953 3247 3028 περὶ
3289 2954 3386 3007 τοῦ
3415 2954 3494 3007 ὅτι
3534 2952 3591 3005 τὸ
3632 2969 3747 3004 παν-

2187 3051 2342 3118 ἀγιον
2366 3050 2592 3121 Πνεῦμα
2612 3051 2957 3103 τελειωτικόν
2987 3050 3104 3101 ἐστι
3127 3046 3555 3119 διηγωνισμένος
3570 3045 3597 3098 6
3618 3043 3747 3113 φιλὸ-

2187 3160 2346 3207 πονος
2383 3137 2537 3207 οὗτος
2556 3145 2602 3175 ’⁸
2633 3142 2793 3214 ἀνὴρ,
2825 3143 2924 3196 Διὰ
2953 3142 3134 3207 τοῦτο,
3172 3142 3366 3211 φησιν,
3396 3141 3445 3193 οἱ
3474 3137 3749 3207 φωτιζόμε-

2188 3236 2327 3289 νοι⁹¹
2383 3235 2523 3288 ἑπτὰ
2566 3236 2779 3306 ἡμέρας
2813 3232 3285 3306 λαμπροφοροῦσι,
3318 3229 3567 3284 διότικαὶ
3595 3230 3626 3298 ἡ
3657 3229 3750 3280 Πα-

2186 3327 2337 3392 λαιὰ,
2390 3328 2551 3389 σκιᾶς
2606 3326 2883 3397 ἐπέχουσα
2932 3327 3069 3397 πρὸς
3118 3324 3180 3378 τὸ
3230 3324 3516 3395 βάπτισμα
3563 3319 3749 3383 τύπον,

2187 3417 2346 3471 τοῦτο
2399 3417 2705 3486 ὲφύλαττευ
2762 3416 2870 3471 Kal
2923 3417 3244 3486 φάγεσθε⁹¹
3295 3408 3754 3489 γὰρ,φησὶ,τοῦς

2188 3509 2411 3578 ἄρτους
2451 3509 2593 3575 τοὺς
2619 3510 2689 3563 ἐν
2714 3509 2797 3575 τῷ
2829 3508 2993 3574 κανῷ
3015 3510 3061 3541 ’³
3085 3510 3197 3578 τῆς
3229 3508 3593 3571 τελειώσεως
3614 3545 3629 3570 ,
3666 3501 3751 3555 καὶ

2188 3604 2310 3659 ἀπὸ
2340 3602 2451 3671 τῆς
2485 3605 2665 3670 θύρας
2711 3602 2821 3671 τῆς
2852 3601 3092 3670 σκηνῆς
3136 3601 3243 3656 τοῦ
3284 3598 3611 3670 μαρτυρίου
3656 3596 3753 3647 οὐκ

2188 3695 2592 3759 ὲξελεύσεσθε
2615 3693 2763 3747 ἑπτὰ
2793 3693 3043 3763 ἡμέρας.
3077 3695 3187 3747 Kal
3215 3694 3278 3746 οὐ
3304 3693 3395 3746 τὸν
3416 3689 3641 3762 ἀριθμὸν
3660 3684 3754 3738 τῶν

2191 3786 2414 3858 ἡμερῶν
2437 3788 2470 3857 ἡ
2494 3785 2708 3838 Παλαιὰ
2734 3787 2897 3854 μόνον
2927 3786 3382 3857 προῦπέγραφεν,
3404 3782 3540 3836 ἀλλὰ
3566 3780 3653 3833 καὶ
3670 3777 3757 3847 τὴν

2190 3877 2358 3947 ἄλλην
2411 3877 2753 3930 ἀκολουθίαν.
2800 3878 2911 3929 Kal
2957 3878 3066 3944 γὰρ
3113 3875 3351 3929 ἐνταῦθα
3407 3874 3618 3943 πρῶτον
3669 3869 3755 3939 μὲν

2193 3969 2589 4040 βαπτιζόμεθα,
2634 3966 2753 4022 εἶτα
2787 3968 2865 4038 τῷ
2915 3969 3073 4039 μύρῳ
3114 3969 3408 4038 χριόμεθα,
3444 3968 3644 4022 ἐκεῖθεν
3673 3960 3754 4014 τοῦ

2191 4060 2376 4131 τιμίου
2407 4060 2707 4130 ἀξιούμεθα
2728 4060 2980 4130 αἵματος.
3006 4059 3166 4113 Οὐτω
3194 4061 3259 4132 δὴ
3286 4063 3383 4115 καὶ
3404 4060 3605 4129 Μωσῆς
3628 4071 3755 4109 σκιο-

2192 4155 2423 4225 γραφῶν
2470 4154 2646 4207 ταῦτα
2676 4154 2821 4207 λούει
2853 4155 3067 4225 πρῶτον
3112 4156 3238 4218 τοὺς
3264 4155 3664 4224 τελειουμένους
3690 4148 3757 4218 τῷ

2196 4244 2376 4307 ὕδατι,
2410 4239 2531 4298 εἷτα
2583 4244 2882 4298 ἐνδιδύσκει
2930 4246 3021 4298 καὶ
3059 4246 3444 4315 περιζωννύει,
3477 4242 3575 4298 εἷθ’
3603 4242 3755 4302 οὕτως

2194 4340 2446 4408 ἐπιφέρει
2477 4337 2581 4405 τὴν
2606 4337 2701 4389 τοῦ
2733 4339 2914 4391 ὲλαίου
2944 4338 3146 4407 χρίσιν,
3193 4341 3289 4393 καὶ
3325 4339 3469 4392 οὕτω
3502 4337 3666 4407 ῥαίνει
3692 4332 3757 4400 τῷ

2194 4430 2388 4500 αἵματι
2421 4430 2515 4482 καὶ
2542 4429 2679 4501 πρὸς
2699 4430 2802 4495 τὴν
2831 4430 2939 4483 τῶν
2971 4433 3150 4500 ἄρτων
3179 4431 3302 4499 ἄγει
3335 4428 3653 4500 μετάληψιν.
3682 4424 3760 4477 Διὸ

508 4529 850 4597 Quapmpter
882 4535 936 4581 et
993 4530 1185 4582 beatus
1241 4526 1417 4583 Lucas
1454 4529 1505 4582 in
1554 4526 1851 4598 Evangelio
1877 4527 1925 4559 "
1976 4529 2080 4598 pri-

2197 4525 2291 4577 καὶ
2318 4524 2347 4575 6
2372 4523 2513 4585 θεῖος
2560 4524 2774 4586 Λουκᾶς
2790 4523 2837 4555 9‘
2868 4526 2925 4576 ἐν
2957 4523 3035 4593 τῷ
3072 4524 3390 4594 Εὐαγγελίῳ
3426 4521 3635 4591 πρῶτόν
3667 4536 3758 4586 ot;-

507 4633 656 4669 rnum
692 4618 770 4671 ait
807 4618 1051 4672 benedici
1108 4619 1375 4672 Dominici
1456 4620 1738 4689 sanguinis
1793 4621 1970 4684 calici,
2034 4631 2080 4674 et

2195 4632 2278 4667 σιν
2308 4613 2651 4681 εὐλογεῖσθαι
2671 4613 2768 4666 τοῦ
2799 4613 3134 4667 Δεσποτικοῦ
3170 4616 3405 4683 αἵματος
3431 4614 3490 4665 τὸ
3520 4610 3756 4679 ποτήριον

509 4707 695 4761 lideles
720 4709 1015 4776 participes
1041 4709 1179 4774 ﬁeri,
1209 4721 1375 4777 atque
1394 4710 1466 4763 ita
1502 4714 1718 4764 (lentum
1757 4726 1951 4780 panem
1995 4726 2080 4764 su-

2193 4706 2287 4759 καὶ
2312 4704 2438 4766 τοὺς
2472 4705 2698 4766 πιστοὺς
2727 4707 2977 4775 μετέχειν
2997 4747 3010 4768 ,
3049 4707 3143 4758 καὶ
3171 4705 3311 4758 οὕτω
3338 4701 3757 4773 μεταλαμϐάνειν

512 4814 692 4863 mere;
726 4816 1036 4868 quanquam
1070 4800 1285 4855 divinus
1305 4801 1599 4869 Apostolus
1631 4801 1821 4856 calicis
1857 4802 2080 4857 benedi-

2192 4800 2286 4852 τοῦ
2320 4802 2506 4869 ἄρτου.
2528 4796 2586 4849 'U
2621 4800 2807 4871 μέντοι
2840 4799 2981 4861 θεῖος
3022 4798 3345 4859 Ἀπόστολος
3398 4795 3496 4866 τὴν
3526 4790 3754 4858 εὐλογίαν

508 4890 744 4945 ctionetn
796 4892 993 4947 alicubi
1038 4893 1337 4961 praemittit,
1398 4895 1671 4948 interdum
1714 4909 1846 4949 vero
1888 4910 2080 4962 corpo-

2194 4894 2290 4948 τοῦ
2340 4896 2603 4967 ποτηρίου
2648 4894 2779 4948 ποτὲ
2830 4894 2928 4962 μὲν
2976 4893 3289 4960 προτάττει,
3315 4890 3445 4942 ποτὲ
3481 4887 3537 4940 δὲ
3574 4883 3662 4937 τοῦ
3683 4888 3758 4933 Δε-

511 4984 586 5037 ris
622 4983 887 5038 Dominici
918 4985 1280 5039 benedictioni
1310 4986 1553 5054 subiicit.
1594 4987 1685 5041 Ait
1709 4989 1855 5041 enim
1886 5006 1899 5039 :
1931 4987 2080 5041 Catia

2200 4987 2461 5040 σποτικοῧ
2509 4986 2759 5056 σώματος
2810 4986 3119 5039 ὐποτάττει.
3178 4985 3289 5037 Kal
3336 4982 3445 5050 γάρ
3496 4991 3656 5047 φησι·
3695 4970 3756 5025 Τὸ

508 5074 594 5128 cui
649 5074 1035 5143 benedicimus,
1095 5093 1265 5131 nonne
1333 5079 1734 5132 communicatio
1803 5079 2079 5148 sanguinis

2187 5080 2538 5149 ποτήριοιιι⁸⁸
2567 5081 2599 5135 ὃ
2623 5078 3017 5150 εὐλογοῦμεν,
3044 5077 3181 5147 οὐχι
3216 5076 3497 5130 κοινωνία
3537 5071 3638 5125 τοῦ
3674 5066 3756 5121 a1-

594 5211 640 5243 ³⁹
664 5209 1001 5278 Psal.xxxn,
1041 5210 1097 5265 6.
1159 5210 1207 5241 ⁸⁰
1237 5209 1376 5267 Gen.
1412 5228 1472 5279 il,
1528 5212 1581 5265 7.
1692 5212 1739 5243 ⁵³
1775 5211 1950 5278 Levit,
1988 5229 2080 5266 vm

2182 5215 2219 5268 I.
2281 5214 2328 5245 "
2360 5215 2492 5269 ibid.
2524 5215 2616 5270 52.
2692 5215 2737 5249 ⁸⁵
2765 5214 2897 5268 Luc.
2934 5228 3072 5274 XXII,
3106 5213 3192 5267 17.

1823 5306 2052 5361 νΑΒΙᾹΞ
2088 5306 2489 5363 LECTIONES.

580 5405 627 5436 ⁸⁷
661 5406 757 5458 καὶ
788 5406 868 5459 τῶ
896 5406 1040 5459 Psal.
1069 5420 1245 5467 xutl,
1277 5402 1332 5458 6.
1406 5404 1452 5436 ⁸⁸
1481 5420 1539 5455 τε
1561 5404 1685 5458 add.
1717 5403 1781 5457 A.
1855 5404 1903 5435 3°
1927 5403 2147 5456 τελειῶν
2171 5404 2213 5455 A
2250 5424 2263 5459 :
2297 5403 2442 5456 τελεῖ
2468 5421 2529 5467 ς.
2606 5404 2653 5434 ⁹⁰
2681 5396 2836 5464 οὗτος
2859 5401 2983 5456 add.
3010 5400 3073 5453 Α.
3152 5399 3195 5431 ⁹¹
3234 5396 3284 5450 οἱ
3329 5391 3676 5460 φωτιζόμενοι
3718 5384 3749 5436 ί·

593 5476 642 5525 οἱ
691 5404 1096 5540 βαπτὶὲόμενοι.
1123 5491 1178 5529 v.
1207 5475 1419 5532 Suicer.
1498 5476 1543 5506 ⁵⁸
1581 5472 1846 5540 φάγεσθεῖ
1900 5473 2071 5529 Levit.
2102 5488 2224 5538 vm,
2256 5475 2346 5529 3i.
2433 5475 2480 5506 ⁹³
2498 5473 2669 5540 καινῷ
2715 5474 2776 5538 ς.
2852 5472 2899 5504 ⁸⁵
2925 5467 3165 5540 Λουκᾶς]
3186 5467 3282 5529 ‘22,
3316 5464 3401 5520 i7.
3478 5463 3590 5513 "rb
3616 5451 3749 5524 ποτ.]

512 5451 1419 5602 ”ιῖσὶπξὶἔόιῖἔῦἱ›ιῗῖ’ἐυῖὁετ.
1492 5451 1846 5546 ὶῖῖξᾶἧεὲὸε]
1900 5451 2224 5538 Lall—vni,
2252 5451 3282 5543 σίζ”ἰιζξαινῷτξζτέιλδδέᾶς]22,
3316 5451 3401 5520 1-7,
3478 5451 3752 5524 δεξδποη

614 5561 697 5602 or.
731 5562 789 5611 ι,
884 5584 901 5601 .

2026 5655 2262 5714 NOTAE.

2202 5755 2376 5802 sauct.
2433 5760 2554 5810 cap.
2597 5744 2683 5804 l6.
2735 5743 2974 5813 itemque
3022 5740 3187 5811 (ἔτος.
3250 5735 3410 5809 Nyss.
3468 5725 3660 5788 Homil.
3699 5720 3751 5777 ίη

2194 5828 2364 5874 sanet.
2402 5816 2685 5882 baptisma.

592 5753 704 5817 (45)
740 5750 937 5806 Homil.
971 5753 1061 5817 38,
1093 5769 1210 5818 quae
1231 5762 1314 5805 est
1348 5754 1401 5806 in
1425 5752 1721 5808 Nativilate
1748 5752 1973 5807 Christi.

591 5822 702 5890 tio)
731 5824 859 5888 Quae
899 5834 955 5878 et
996 5826 1059 5877 Il.
1096 5822 1274 5876 Basilii
1308 5822 1554 5879 doctrina
1596 5835 1679 5877 est
1712 5822 1806 5877 lib.
1832 5823 1907 5877 De
1939 5823 2083 5890 Spir.
