4032 6440
425 354 534 419 757
1491 347 2017 410 BIBLIOTIIECA.

2090 370 2121 380 -
2151 346 2322 405 COD.
2356 345 2637 404 CCXXII.
3577 337 3682 397 758

418 482 612 538 ματος
658 462 768 517 τοῦ
808 461 1075 531 Χριστοῦ
1105 461 1309 526 ἐστιν-ς
1365 456 1531 516 Εἶτα·
1572 450 1684 517 Τὸίυ
1707 460 1892 530 ἄρτον
1935 456 2008 511 ὃν

2109 457 2308 513 Christi
2327 468 2400 511 est
2423 458 2447 512 2
2475 465 2525 511 et
2557 456 2709 524 panis
2730 469 2879 524 quem
2907 451 3201 522 frangimus
3226 450 3271 482 “
3289 491 3303 516 ,
3341 447 3537 521 [nonne
3563 464 3686 515 par-

415 558 667 628 κλῶμεν
685 571 701 586 ο
742 554 837 608 καὶ
878 553 1072 607 πάλινο
1121 555 1205 608 Οὐ
1252 549 1522 608 ddi-atrae
1567 551 1855 621 ποτήριον
1891 552 2007 604 Κυ-

2111 548 2346 617 ticipatio
2371 547 2607 617 corporis
2642 544 2853 601 Domini
2882 541 3016 616 est]?
3042 541 3108 595 Et
3156 557 3408 597 rursum:
3440 539 3561 593 Non
3593 556 3690 607 po-

410 651 563 719 ρίου
588 650 788 702 πίνειν
811 644 910 699 καί
932 642 1219 714 ποτήριον
1255 643 1577 714 δαιμονίων
1598 659 1612 674 ·
1647 643 1764 704 καὶ,
1788 644 1871 696 Οὺ
1908 641 2002 695 δύ-

2112 640 2259 695 testis
2284 639 2503 692 calicem
2524 637 2738 691 Domini
2761 638 2950 702 bibere,
2975 646 3022 690 et
3052 635 3264 689 calicem
3285 633 3687 687 darmoniorum.

418 744 623 796 νασθε
651 735 940 805 τραπέζης
966 736 1189 805 Κυρίου
1212 737 1509 806 μετέχειν.
1527 733 1786 805 Ἀλλαχοῦ
1819 733 1878 787 δέ
1904 751 2010 804 φη-

2113 732 2181 786 Et
2214 748 2228 783 :
2261 727 2385 783 Non
2404 728 2619 799 potestis
2637 744 2828 782 mensae
2870 727 3078 780 Domini
3097 726 3374 794 participes
3402 741 3513 779 esse
3541 725 3588 755 “
3620 723 3691 795 [et

417 849 506 885 σι’
572 826 653 897 Τῇ
683 829 729 860 ⁰⁶
754 828 933 883 νυκτί
970 822 1011 901 ᾖ
1039 828 1414 897 παρεδίδοτο,
1450 828 1579 901 περί
1607 827 1702 881 τοῦ
1736 826 2009 880 Δεσπότου

2112 838 2307 877 meum
2328 819 2758 892 daemoniorum].
2788 820 2934 874 Alibi
2956 834 3085 874 vero
3108 819 3242 873 dicit
3270 837 3284 873 :
3311 816 3378 872 In
3401 834 3505 886 qua
3546 828 3693 869 nocte

413 924 623 989 λέγων,
652 922 834 976 ἔλαϐε
859 921 969 975 τὸν
994 919 1198 990 ἄρτον,
1220 914 1339 974 εἶτα
1354 920 1481 991 ἑξῆς
1515 920 1609 974 καὶ
1636 919 1765 991 περὶ
1792 918 1888 972 τοῦ
1912 935 2005 970 πο-

2115 912 2428 967 tradebatur
2452 912 2543 981 (de
2598 912 2830 966 Domino
2862 909 3133 980 loquens),
3183 908 3590 978 accepitpanem
3623 904 3690 973 “,

426 1032 499 1085 τη
507 1014 628 1085 ρίου
681 1012 1063 1083 διαλαμϐάνει.

2115 1022 2179 1060 ac
2213 1005 2336 1059 dein
2384 1006 2449 1059 de
2473 1005 2641 1059 calice
2677 1003 2912 1060 disserit.

500 1105 631 1180 [597
689 1103 778 1176 ἢ]
810 1104 948 1178 Περὶ
990 1103 1172 1158 τοίνυν
1212 1103 1417 1157 τούτων
1454 1102 1727 1157 διαλαϐὼν
1755 1102 2013 1171 πειρᾶται

2188 1098 2314 1154 Haec
2338 1098 2498 1169 igitur
2529 1099 2617 1152 ubi
2652 1097 2858 1161 retulit,
2891 1111 3112 1152 causam
3154 1094 3315 1163 huius
3352 1094 3490 1150 varii
3539 1093 3691 1148 ordi-

439 1199 612 1253 αἰτίαν
634 1196 1053 1266 ἀπδιδόναιτῆς
1068 1195 1365 1266 εἰρημένης
1383 1194 1639 1266 διαφόρου
1664 1193 1869 1259 τάξεως
1885 1210 1899 1224 ·
1920 1193 2015 1247 καί

2118 1191 2203 1246 nis
2246 1190 2473 1245 reddere
2514 1199 2765 1253 conatur,
2813 1189 2941 1243 dum
2996 1186 3589 1255 aitzQuandoquidem
3639 1185 3691 1239 in

443 1308 617 1359 φησιν,
634 1289 712 1353 ὡς
729 1288 948 1359 Ἐπειδὴ
965 1289 1025 1343 ἐν
1049 1291 1080 1358 η
1091 1290 1182 1358 μῖν
1200 1287 1417 1359 πρῶτον
1437 1287 1499 1340 τὸ
1518 1282 1659 1357 αἷμα
1676 1286 2014 1351 συνίσταται,

2121 1284 2277 1339 nobis
2307 1285 2515 1353 primus
2544 1282 2769 1353 sanguis
2797 1282 3169 1349 constituitur,
3195 1280 3286 1350 qui
3318 1279 3447 1334 hinc
3484 1278 3642 1349 187
3666 1277 3694 1330 ἰν

435 1377 552 1432 εἶτα
574 1379 969 1449 μεταϐάλλεται
990 1382 1070 1443 εἰς
1087 1380 1285 1449 σάρκα,
1326 1379 1570 1448 φυσικῶς
1603 1380 1637 1449 ὴ
1668 1379 1858 1449 Γραφὴ
1879 1394 2017 1431 κινο-

2120 1376 2173 1431 in
2210 1391 2431 1430 carnem
2463 1376 2823 1437 convertitur,
2856 1373 3093 1427 naturali
3127 1374 3211 1426 via
3245 1372 3533 1440 Scriptura
3564 1384 3696 1439 pro-

432 1470 609 1538 υμένη
625 1471 726 1539 τὴν
755 1468 908 1533 τάξιν
935 1468 1062 1541 [508
1096 1467 1186 1540 Η.]
1216 1468 1419 1540 ταύτην
1440 1468 1533 1520 καὶ
1586 1469 1729 1522 κατὰ
1765 1466 1863 1537 τὴν
1910 1466 2018 1519 τῶν

2121 1468 2339 1534 cedens,
2368 1468 2509 1523 hunc
2531 1469 2697 1523 etiam
2729 1466 2976 1522 ordinem
3000 1467 3053 1520 in
3091 1464 3475 1536 mysteriorum
3507 1477 3702 1518 narra-

429 1559 751 1629 μυστηρίων
788 1558 1039 1630 διήγησιν
1061 1556 1344 1628 ἐφύλαξεν.
1386 1557 1453 1611 Ἦ
1480 1557 1537 1610 δὲ
1572 1557 1842 1612 ἀνάπαλιν
1868 1557 2020 1625 τάξις

2123 1561 2270 1617 tione
2306 1562 2550 1617 retinuit.
2596 1560 2764 1615 Porro
2814 1560 3123 1615 contrarius
3181 1558 3308 1613 huic
3346 1559 3503 1623 ordo,
3543 1569 3697 1610 com-

422 1649 528 1717 τῆς
555 1650 741 1719 κοινῆς
762 1649 1039 1720 τραπέζης
1068 1651 1315 1721 μιμεῖται
1338 1648 1439 1719 τὴν
1460 1648 1632 1715 τάξιν·
1670 1651 1885 1723 πρῶτον
1912 1650 2014 1722 γὰρ

2121 1653 2305 1710 munis
2338 1669 2537 1709 mensae
2585 1654 2746 1708 ritum
2782 1653 3048 1707 imitatur.
3079 1650 3262 1705 Primo
3305 1650 3453 1705 enim
3487 1648 3540 1702 in
3585 1648 3699 1717 ipsa

423 1740 519 1791 ἐπ’
536 1740 707 1810 αὐτῆς
722 1743 749 1794 ό
769 1741 931 1812 άρτος
962 1741 1297 1813 προτίθεται,
1333 1738 1450 1798 εἰτα
1471 1745 1500 1797 ό
1519 1741 1661 1809 οἶνος
1676 1743 2015 1815 ἐπιφέρεται.

2125 1749 2282 1821 panis
2317 1748 2629 1819 apponitur.
2664 1762 2728 1801 ac
2768 1754 2880 1800 tum
2922 1746 3102 1799 vinum
3143 1742 3394 1799 infertur.
3439 1740 3701 1797 Commu-

422 1829 547 1901 Τὴν
578 1832 634 1885 δὲ
664 1805 847 1904 κοινην
870 1805 1075 1905 ταύτην
1101 1805 1384 1905 τράπεζαν
1413 1805 1700 1908 μιμεῖσθαι
1732 1805 1896 1892 πάλιν
1923 1840 2014 1910 τὴν

2126 1856 2250 1897 nem
2279 1850 2458 1895 autem
2495 1839 2641 1894 illam
2674 1852 2945 1900 mensam,
2974 1851 3190 1889 rursum
3226 1831 3555 1902 respondere
3607 1845 3704 1885 no-

422 1924 633 1977 πλάσιν
653 1924 812 1994 ἡμῶν
831 1942 845 1955 ·
861 1926 1049 1997 ἐπειδὴ
1070 1927 1199 1998 γὰρ,
1229 1926 1304 1992 ὡς
1324 1928 1565 2000 δοκείτῷ
1600 1928 1717 1982 Ἰὼϐ
1742 1930 1811 1995 ⁸⁷,
1832 1932 1897 1983 ὲκ
1913 1949 2014 2003 πη-

2124 1942 2251 1984 stne
2306 1929 2616 1984 formationi
2673 1925 2893 1999 [addit].
2925 1925 3221 1995 Postquam
3274 1924 3417 1978 enim
3466 1922 3549 1993 (ut
3589 1919 3703 1975 vult

422 2013 524 2067 λοῦ
549 2016 975 2088 διεπλάσθημεν,
1006 2021 1035 2072 ό
1063 2019 1120 2073 δὲ
1150 2020 1321 2092 πηλὸς
1342 2024 1405 2075 ὲκ
1428 2024 1529 2091 γῆς
1546 2024 1663 2076 ἐστι
1684 2024 1779 2077 καὶ
1810 2024 2014 2090 ὓδατος¹

2124 2019 2224 2074 Job
2252 2018 2319 2090 ⁸⁷)
2382 2021 2448 2073 de
2479 2018 2593 2084 luto
2645 2016 2861 2071 formati
2910 2031 3100 2069 sumus
3155 2012 3349 2083 (quod
3382 2027 3413 2067 e
3459 2020 3605 2065 terra
3651 2019 3706 2064 et

424 2106 633 2171 πλάσις
653 2107 709 2161 δέ
741 2111 861 2162 ὲστι
890 2110 1089 2181 τρόπον
1110 2112 1232 2165 τινὰ
1252 2114 1346 2166 καὶ
1362 2115 1394 2185 ἡ
1411 2114 1607 2184 τροφὴ,
1629 2116 2016 2186 ἁναπληροῦσα

2125 2122 2265 2176 aqua
2315 2105 2693 2176 temperatur),
2748 2103 2976 2159 nutritio
3029 2112 3209 2155 autem
3243 2100 3490 2169 quaedam
3549 2096 3704 2167 quasi

427 2199 530 2252 καὶ
552 2200 1041 2255 ἀναπλάττουσατὺ
1060 2204 1353 2275 ἀπορρέον,
1382 2207 1471 2262 διὰ
1488 2206 1647 2260 τοῦτο
1665 2206 1855 2279 ὥσπερ
1883 2212 1939 2263 ἐν
1955 2212 2019 2281 τῇ

2126 2199 2380 2254 formatio
2401 2209 2505 2265 est,
2537 2197 2753 2267 replens
2783 2212 2848 2251 ac
2876 2196 3146 2258 reficiens,
3172 2192 3319 2264 quod
3360 2190 3658 2246 deﬂuxerat
3688 2205 3703 2243 :

428 2292 591 2360 παρὰ
616 2291 753 2345 Θεοῦ
788 2293 985 2347 πλάσει
1014 2294 1076 2348 τὸ
1104 2294 1270 2369 ξηρὸν
1312 2297 1676 2369 προείληπται
1705 2300 1801 2354 τοῦ
1825 2278 2020 2373 Ϋὺγροῦ,

2127 2290 2330 2345 idcirco
2357 2289 2816 2359 quemadmodum
2858 2287 2913 2341 in
2946 2302 3008 2341 ea
3039 2301 3203 2355 quam
3240 2283 3382 2338 Deus
3422 2280 3550 2336 fecit
3595 2278 3707 2334 for-

428 2380 582 2437 οὕτω
626 2385 721 2438 καὶ
766 2387 825 2439 ὲν
869 2390 936 2458 τῇ
972 2394 1202 2460 μιμήσει
1244 2391 1346 2460 τῆς
1383 2394 1512 2462 παρ’
1547 2395 1680 2462 ἡμῖν
1712 2372 2020 2458 πλάσεωςό

2126 2384 2386 2450 matione,
2420 2384 2634 2436 aridum
2674 2389 2804 2435 ante
2852 2379 3132 2433 humidum
3175 2385 3453 2444 sumptum
3488 2382 3594 2435 est,
3627 2372 3708 2425 sie

428 2475 603 2543 ἄρτος
634 2476 728 2529 τοῦ
755 2478 898 2538 οἴνου
932 2480 1396 2550 προλαμϐάνεται.
1425 2460 1536 2537 Καὶ
1568 2460 1733 2549 αὐτὸς
1776 2487 1874 2557 μὲν
1918 2505 2020 2541 τοι-

2124 2484 2177 2530 et
2208 2478 2258 2529 in
2289 2490 2373 2541 ea,
2403 2490 2563 2543 quam
2613 2487 2714 2528 nos
2758 2469 2920 2539 hujus
2960 2468 3271 2523 imitatione
3315 2463 3550 2520 facimus
3592 2460 3707 2516 [οι-ο

433 2566 583 2619 αὐτά
623 2584 747 2623 τινα
781 2571 911 2639 περὶ
939 2571 1040 2641 τῆς
1069 2572 1276 2636 τάξεως
1309 2575 1641 2644 φυσιολογεῖ,
1678 2580 1726 2631 εἰ
1754 2553 1850 2631 καὶ
1882 2577 2025 2632 θειο-

2128 2569 2385 2635 matioue,
2419 2567 2575 2638 panis
2602 2578 2731 2622 ante
2760 2566 2944 2620 vinum
2974 2562 3233 2618 sumitur.
3268 2555 3586 2627 llujusmodi
3618 2553 3708 2608 ille

431 2658 606 2730 τέρας
637 2661 870 2733 θεωρίας
895 2666 1298 2735 ταπεινότερον.

2128 2658 2241 2711 fere
2269 2659 2333 2713 de
2360 2658 2553 2712 ordine
2585 2671 2651 2712 ex
2676 2667 2871 2710 natura
2895 2650 3343 2723 philosophatur;
3374 2646 3477 2702 etsi
3522 2644 3575 2699 id
3599 2658 3707 2698 non

512 2750 588 2803 Τὸ
618 2752 802 2821 μέντοι
835 2753 1252 2827 λαμπροφορείν
1274 2800 1290 2824 ,
1319 2758 1457 2829 φησί
1479 2800 1494 2823 ,
1529 2762 1656 2825 τοὺς
1702 2761 2031 2835 βαπτιζομέο

1426 2758 1457 2811 τὶ
1479 2800 1494 2823 ,
1529 2762 1656 2825 τοὺς
1702 2761 2031 2835 βαπτιζομέ.
2127 2750 2261 2804 satis
2290 2765 2389 2821 pro
2411 2749 2679 2820 dignitate
2713 2745 3018 2816 theologiae.

435 2859 590 2907 νους,
624 2844 723 2915 τῆς
751 2846 861 2900 τῶν
889 2847 1139 2917 ἀγγέλων
1166 2851 1284 2904 ἐστὶ
1332 2852 1599 2923 σύμϐολον
1621 2854 2026 2927 λαμπρότητος,

2211 2844 2362 2913 Quod
2401 2856 2581 2899 autem
2611 2840 2924 2903 candidam,
2953 2837 3046 2908 qui
3087 2835 3460 2906 baptizantur,
3503 2838 3709 2886 vestem

436 2934 501 2988 τὸ
535 2937 777 3009 καθαρὸν
809 2940 1040 3005 ἐκείνοις
1087 2941 1183 2996 τοῦ
1220 2944 1313 2996 νοῦ
1360 2947 1454 2999 καί
1504 2924 1706 3017 ἀμιγὲς
1752 2924 1853 3019 τῆς
1897 2924 2028 3021 ὗλης

2130 2950 2343 3012 gerant,
2376 2938 2575 3008 inquit,
2608 2935 2825 3004 signum
2854 2931 2982 2985 illud
3009 2940 3094 2985 est
3118 2927 3347 2996 angelici
3376 2924 3707 2996 splendoris,

439 3029 539 3081 καὶ
566 3029 673 3083 τῶν
702 3031 892 3085 παθῶν
920 3033 1287 3107 διατυπούσης
1308 3053 1321 3067 ’
1371 3034 1446 3091 ὧν
1480 3040 1587 3110 χρὴ
1618 3041 1713 3095 καὶ
1740 3017 1832 3095 τὸν
1859 3017 2030 3111 φωτὶ-

2133 3035 2220 3104 qui
2260 3031 2552 3104 puritatem
2575 3027 2774 3083 mentis
2798 3024 2926 3090 illis,
2952 3022 3072 3077 sine
3096 3020 3354 3074 mistione
3384 3017 3627 3073 materiae
3650 3030 3714 3069 ac

440 3120 642 3176 σθέντα
670 3124 729 3177 ἐν
755 3124 969 3195 μεθέξει
989 3128 1088 3198 τῆς
1107 3130 1328 3199 χάριτος
1348 3133 1629 3200 γεγονότα,
1650 3135 1710 3187 ὲν
1731 3138 1843 3200 τοῖς
1865 3137 1965 3214 τῆς
1981 3138 2026 3169 ⁹⁸

2154 3130 2471 3189 passionum,
2521 3121 2772 3184 exhibet;
2807 3132 3043 3187 quorum
3080 3115 3300 3185 quidem
3356 3110 3547 3182 gratiae
3591 3123 3746 3163 cum.

437 3214 826 3285 λαμπρότητος
867 3220 1171 3290 χαρίσμασι
1223 3228 1509 3295 συντηρεῖν
1562 3202 1947 3282 sameram;
1969 3233 2027 3285 ἐν

2131 3221 2466 3280 illuminatus
2509 3215 2581 3270 sit
2611 3213 2885 3283 particeps
2914 3208 3160 3273 eﬂectus,
3204 3206 3256 3259 in
3290 3202 3486 3258 nitoris
3507 3203 3714 3269 accepti

436 3306 655 3372 τούτοις
704 3309 805 3380 μὲν
857 3310 1007 3383 αὐτῷ
1055 3314 1241 3369 καὶτὸ
1286 3324 1355 3388 ιη’
1377 3292 1684 3389 *κεφάλαιον
1716 3323 1799 3387 εἰς
1852 3324 2028 3397 πέρας

2128 3313 2285 3369 donis
2319 3311 2560 3379 seipsum
2601 3317 2930 3361 conservare
2966 3301 3147 3354 debet.
3174 3297 3356 3364 Atque
3402 3295 3457 3349 in
3506 3292 3594 3348 bis
3623 3293 3718 3347 de-

436 3398 605 3469 ἢχθη·
1927 3390 1939 3397 ⁷
2010 3390 2017 3391 ί
2129 3407 2273 3462 cimo
2304 3414 2500 3458 octavo
2533 3399 2697 3467 capiti
2721 3397 2788 3451 ab
2814 3410 2880 3450 eo
2915 3394 3037 3447 linis
3072 3390 3394 3460 imponitur.

516 3492 1029 3552 Ἐννεακαιδέκατον
1084 3499 1143 3553 δὲ
1204 3502 1502 3572 κεφάλαιον
1574 3509 2029 3577 πραγματεύεται

2202 3498 2291 3553 19.
2313 3495 2503 3563 Capite
2536 3492 2746 3547 decimo
2780 3502 2922 3542 nono
2954 3499 3150 3540 causas
3194 3490 3476 3537 recenset:
3503 3477 3615 3533 Cur
3661 3477 3718 3531 in

437 3583 623 3646 αἰτίας
685 3586 1053 3657 διερχόμενον·
1109 3590 1191 3644 Δι’
1341 3594 1454 3661 τῆς
1512 3568 1944 3666 κοοίμοῇγίενείας
1996 3602 2029 3653 d

2130 3588 2314 3642 mundi
2330 3584 2533 3656 fabrica
2548 3580 2843 3651 referenda,
2862 3575 3034 3631 Moses
3056 3575 3120 3627 ab
3141 3570 3445 3643 anget'ornm
3458 3568 3718 3623 creatione

438 3674 666 3745 Μωσῆς
709 3680 822 3734 οὐκ
869 3680 941 3746 ἐξ
984 3681 1257 3751 ἀγγέλων
1294 3683 1540 3752 ἤρξατο.
1579 3662 1689 3742 καί
1716 3662 2030 3759 *φησινῗότι

2130 3681 2344 3737 initium
2363 3694 2468 3731 non
2488 3674 2724 3729 duxerit.
2758 3671 2944 3726 Mosen
2968 3682 3100 3736 ergo
3128 3667 3275 3737 leges
3308 3662 3615 3720 hominibus
3638 3662 3719 3716 Ia-

442 3769 655 3838 Μωσῆς
702 3771 1016 3842 νομοθετεῖν
1044 3773 1254 3842 μέλλων
1297 3775 1609 3848 ἀνθρώποις
1632 3819 1646 3845 ,
1683 3755 1778 3832 καὶ
1801 3755 2032 3849 Ἵάγαθῶν

2136 3784 2187 3829 tu
2197 3788 2338 3837 rum,
2352 3785 2474 3825 cum
2494 3775 2638 3822 recte
2656 3764 2872 3835 quidem
2894 3762 3177 3832 agentibus
3190 3759 3458 3815 bonorum
3484 3755 3719 3826 promis-

448 3859 550 3927 μὲν
588 3860 925 3928 ἐπαγγελίαν
955 3864 1065 3925 τοῖς
1097 3864 1456 3934 κατορθοῦσιν
1482 3869 1715 3933 ἀπειλὰς
1738 3871 1795 3923 δὲ
1830 3870 1926 3924 καὶ
1949 3890 2032 3926 τι-

2131 3861 2551 3927 sionem,minas
2581 3873 2709 3913 vero
2727 3874 2757 3910 a
2781 3856 2889 3909 Deo
2918 3863 2972 3910 et
2992 3867 3208 3923 pmnam
3228 3849 3516 3907 sceleratis
3536 3850 3720 3905 inten-

447 3950 662 4020 μωρίαν
694 3953 846 4024 παρὰ
869 3954 1003 4007 Θεοῦ
1022 3957 1130 4018 τοῖς
1148 3956 1587 4028 ἐξαμαρτάνουσι
1610 3962 2035 4033 ἐπανατεινόμε-

2134 3959 2307 4019 deret,
2325 3954 2520 4009 merito
2555 3952 2633 4006 ait
2664 3966 2760 4020 pro
2780 3947 3133 4003 hismriarum
3152 3943 3532 3999 moreillorum
3551 3941 3717 3995 etiam

444 4059 558 4105 νος,
590 4043 855 4111 εἰκότως,
894 4044 970 4109 ὡς
1020 4048 1079 4099 ἐν
1124 4048 1365 4120 ἱστορίας
1408 4051 1619 4121 τρόπῳ,
1653 4054 1748 4105 καὶ
1796 4053 1895 4124 τὴν
1939 4030 2034 4124 οη-

2133 4048 2375 4102 omnium
2407 4044 2740 4098 creationem
2772 4039 3062 4099 adducere,
3094 4051 3326 4106 quorum
3361 4047 3493 4087 usus
3527 4030 3611 4085 vel
3652 4030 3719 4084 ad

448 4134 738 4202 μιουργίαν
771 4134 996 4188 ἐκείνων
1022 4137 1240 4190 πάντων
1270 4140 1503 4207 εἰσάγει,
1534 4137 1610 4194 ὧν
1638 4143 1671 4210 ἡ
1704 4123 1862 4214 χρεία
1895 4123 2034 4215 πρός

2134 4136 2548 4193 beneﬁcentiam
2577 4173 2593 4198 ,
2620 4133 2712 4203 qui
2745 4130 3005 4185 admoniti
3037 4127 3212 4193 fuere,
3244 4124 3328 4180 vel
3357 4123 3425 4178 ad
3454 4134 3718 4178 terrorem

445 4239 507 4274 τε
534 4224 854 4294 εὐεργεσίαν
876 4227 970 4280 καὶ
991 4228 1222 4299 ἀπειλὴν
1246 4230 1356 4283 τῶν
1376 4208 1877 4303 νουθετουμένξυνθθ
1904 4208 2031 4290 σὺν..
2135 4224 2505 4281 iucutiendum
2562 4221 2788 4277 valeret.
2847 4217 2967 4273 Erit
3023 4216 3208 4279 enim,
3259 4213 3470 4283 inquit,
3534 4208 3723 4264 caelum

446 4314 621 4368 τελεῖν
640 4318 845 4371 Ἔσται
863 4319 878 4348 ¹
902 4320 1032 4390 γάρ,
1054 4324 1243 4390 φησὶν,
1270 4326 1303 4377 ό
1319 4325 1577 4392 οὐρανὸς
1596 4300 1865 4395 χαλκοῦς
1882 4331 1902 4361 ³
1932 4328 2031 4383 καί

2136 4332 2363 4380 wneum,
2384 4326 2431 4369 et
2454 4324 2595 4368 terra
2619 4311 2795 4380 ferrea
2817 4308 2884 4366 “.
2913 4308 2981 4362 Et
3004 4320 3350 4378 quaecunque
3378 4301 3499 4357 alia:
3530 4300 3721 4371 hujus-

444 4408 484 4472 ἡ
516 4406 594 4476 γῆ
628 4408 869 4477 σιδηρᾶ.
900 4413 1140 4488 Καίὃσα
1168 4415 1305 4469 ἄλλα
1325 4416 1414 4470 διὰ
1442 4417 1550 4471 τῶν
1578 4393 1893 4490 κτισμάτων
1918 4439 2033 4475 τοι-

2141 4409 2286 4464 modi
2315 4417 2583 4463 creaturae
2611 4419 2797 4460 eorum
2828 4402 2912 4458 vel
2936 4401 3004 4456 ad
3036 4414 3193 4454 usum
3233 4404 3379 4452 recte
3417 4393 3720 4465 agentium,

444 4496 589 4550 αὕτα
636 4499 669 4569 ἢ
721 4502 860 4570 πρὸς
907 4503 1204 4559 ἀπόλαυσιν
1250 4509 1360 4561 τῶν
1388 4487 1800 4581 κατορθούντων
1832 4512 1866 4583 ἢ
1901 4515 2036 4585 πρὸς

2138 4501 2222 4557 vel
2268 4499 2337 4555 ad
2384 4497 2787 4567 correptionem
2837 4491 3179 4564 peccautimn
3229 4487 3518 4557 descripta
3569 4491 3721 4541 sunt.

446 4590 673 4645 κόλασιν
697 4592 806 4645 τῶν
840 4595 1266 4664 ἁμαρτανόντων
1301 4579 1739 4671 ἀναγέγραπται.
1759 4604 1815 4655 Ἐ
1826 4579 1913 4658 res!
1940 4579 2036 4659 οὖν

2138 4593 2275 4648 Cum
2318 4591 2482 4662 igitur
2525 4586 2821 4657 legislatori
2877 4582 3212 4654 propositum
3259 4579 3444 4643 fuerit,
3478 4586 3535 4633 et
3580 4592 3726 4631 litor-

447 4681 652 4744 σκοπὸς
698 4680 767 4755 ἦν
815 4684 893 4755 τῷ
944 4687 1209 4760 νομοθέτῃ
1255 4689 1375 4758 καὶ,
1394 4667 1837 4765 τῷἰάνθρωπίνῳ
1886 4696 2035 4763 γένει

2141 4683 2235 4739 tali
2284 4682 2469 4752 generi
2504 4679 2655 4749 leges
2703 4678 2846 4733 ferre
2896 4674 3187 4735 salutares,
3238 4681 3295 4725 et
3344 4669 3481 4740 ipsis
3515 4667 3733 4739 legibus

447 4774 816 4843 σωτηριώδεις
860 4777 1063 4848 νόμους
1108 4781 1442 4848 εἰσαγαγεῖν,
1477 4783 1572 4835 καὶ
1603 4762 1711 4837 τῶν
1740 4762 2033 4857 νομοθετη-

2142 4779 2266 4834 latis
2291 4774 2630 4847 praesidium,
2652 4770 3040 4840 suppliciorum
3073 4765 3256 4832 minis,
3282 4779 3347 4820 ac
3374 4762 3734 4834 praemiorum

446 4865 655 4918 θέντων
680 4868 983 4937 ἀσφάλειαν
1010 4871 1099 4924 διά
1146 4888 1206 4925 τε
1248 4872 1349 4941 τῆς
1376 4873 1486 4926 τῶν
1515 4875 1769 4944 χαλεπῶν
1801 4878 2035 4947 ἀπειλῆς

2141 4873 2524 4945 promissione,
2571 4880 2837 4939 quaerere,
2873 4873 3166 4930 utrumque
3209 4859 3404 4914 borum
3451 4870 3521 4912 ex
3565 4869 3725 4911 eneae-

445 4954 549 5007 καὶ
578 4955 679 5025 τῆς
706 4958 816 5010 τῶν
846 4957 1135 5027 βελτιόνων
1176 4962 1521 5031 ὑποσχέσεως
1552 4967 2032 5038 περιποιήσασθαι,

2143 4968 2280 5022 turis
2331 4962 2669 5020 desumendo
2702 4976 2717 5014 :
2753 4965 3043 5028 propterea
3090 4963 3429 5024 quaecunque
3469 4948 3535 5003 ad
3580 4947 3727 5001 hunc

448 5048 712 5118 ἑκάτερον
739 5050 796 5102 δὲ
824 5050 1030 5105 τούτων
1061 5053 1125 5105 ὲκ
1150 5053 1261 5106 τῶν
1305 5056 1624 5125 κτισμάτων
1668 5060 2037 5131 παραλαμὸά-

2142 5073 2369 5127 scopum
2422 5053 2787 5117 conducunt,
2837 5050 3036 5105 horum
3084 5046 3247 5099 etiam
3291 5040 3585 5099 creationis
3642 5039 3727 5093 hi-

447 5154 586 5200 νειν,
618 5138 706 5191 διὰ
754 5139 913 5193 τοῦτο
960 5141 1062 5194 ὅσα
1098 5143 1198 5211 μὲν
1234 5146 1510 5197 συνετέλει
1546 5147 1683 5217 πρὸς
1710 5148 1803 5202 τὸν
1831 5151 1996 5205 αὑτοῦ
2018 5151 2039 5183 ³

2138 5151 2367 5206 storiam
2404 5146 2701 5218 pertexuit,
2735 5143 2802 5198 iis
2830 5156 2950 5213 quae
2982 5154 3051 5196 eo
3088 5153 3201 5194 non
3242 5133 3592 5209 pertinebant
3633 5148 3720 5188 ro-

451 5228 686 5291 σκοπὸν,
718 5229 923 5285 τούτων
972 5230 1068 5284 καὶ
1114 5233 1358 5302 ἱστορίαν
1387 5234 1488 5304 τῆς
1538 5236 1809 5303 γενέσεως
1840 5239 2037 5292 ἀνετά-
2132 5244 2314 5314 jectis.

452 5324 606 5388 ξατο,
639 5322 739 5375 ὅσα
765 5322 821 5375 δὲ
845 5325 983 5389 τέως
1009 5324 1071 5377 οὐ
1104 5326 1464 5395 κατήπειγεν,
1501 5328 1875 5400 ὑπερτίθεται.

527 5480 616 5534 "'I
653 5482 775 5537 Cor.
802 5501 854 5551 κ,
889 5486 975 5540 16.
1039 5488 1085 5521 ⁵⁵
1119 5489 1249 5544 ibid.
1273 5488 1478 5555 20,21.
1546 5491 1590 5524 ‘°
1627 5493 1645 5547 l
1679 5494 1807 5550 Cor.
1840 5514 1914 5562 τι,
1952 5499 2042 5555 ει.
2136 5498 2179 5531 ⁸⁷
2210 5497 2312 5553 Job
2356 5510 2555 5560 xum,
2588 5495 2639 5547 6.
2709 5492 2759 5525 ⁸⁸
2794 5492 2950 5547 Dent.
3007 5507 3200 5554 xxvut,
3240 5490 3333 5544 23.

1742 5612 1974 5670 VARIJE
2010 5612 2307 5671 LECTION
2317 5613 2418 5669 ES.

530 5719 688 5804 ’δτῇἰ
752 5723 767 5776 Ι
798 5723 925 5804 ρον.
980 5741 1054 5789 xl,
1088 5726 1188 5804 ⁸φῶ.
1262 5730 1311 5804 "_
1365 5729 1535 5804 Ἰὼϐ]
1564 5732 1652 5795 5'5,
1679 5731 1742 5804 6.Δ
1810 5733 1855 5804 ξε
1890 5733 2119 5787 alterum
2150 5734 2249 5803 τῆς
2300 5734 2422 5788 add.
2455 5732 2539 5804 A._
2593 5731 2640 5804 τ’
2663 5726 3101 5804 νουθετουμένων
3130 5728 3170 5781 Α
3206 5722 3724 5804 ιινενουθετημένων

456 5805 523 5855 ς.
564 5794 656 5847 sed
707 5795 891 5849 malim
949 5797 1442 5869 νομοθετουμένων.
1491 5794 1539 5834 ἰ
1568 5794 1742 5857 ἔσταιῖ
1804 5803 1959 5858 Deut.
2017 5794 2332 5869 ιινιιιξλὲὄ.
2412 5804 2432 5835 ²
2457 5801 2655 5873 χαλκὸς
2694 5802 2759 5855 Δ,
2838 5794 3048 5852 ἀὐτοῦ
3074 5800 3117 5851 Δ
3147 5816 3164 5855 :
3197 5795 3359 5851 αὐτὸν
3391 5813 3450 5861 ς.
