4032 6440
451 361 556 425 759

1605 359 1874 420 ΡΗΟΤΙΙ
1911 357 2422 418 ΡΑΤΒΙΛΗΟΗ.Έ
2453 359 2559 418 (ΣΡ.
3593 355 3684 426 760

523 472 724 544 188a
773 471 976 529 Deinde
1027 487 1124 543 per
1181 472 1492 527 sensibilem
1545 475 1832 537 mundum,
1912 481 2031 525 tan-

2209 470 2472 538 Δεύτερον
2517 467 2608 520 διὰ
2635 464 2727 519 τοῦ
2755 463 3017 533 αίσθητοῦ
3064 462 3467 532 κόσμου-ὡς’δο
3500 467 3689 537 εἰκόνος

453 580 614 634 quam
652 579 749 634 per
798 565 1116 634 imaginem.
1148 564 1320 618 voluit
1350 563 1527 618 Moses
1579 565 1844 618 artiﬁcem
1895 561 2033 630 ejus,

457 669 509 709 et
538 657 879 721 Creatorem,
917 658 981 710 iis
1010 658 1210 725 quibus
1257 658 1428 728 legem
1461 657 1668 712 ferebat
1714 658 1975 712 exhibere
2016 673 2032 710 τ

456 748 544 814 qui
572 763 693 799 enm
730 757 859 801 tunc
881 750 1060 802 adhuc
1085 749 1388 804 crassiores
1416 761 1619 814 essent,
1648 761 1700 803 et
1725 753 1814 804 vix
1851 765 1880 805 e
1907 766 2034 806 sen-

457 840 645 894 silibus
695 850 858 908 atque
889 841 1134 908 cognatis
1181 841 1367 908 rebus,
1402 857 1589 896 eorum
1632 843 2035 911 qnze't'identur

455 934 768 986 Creatorem
808 943 1029 1002 possent
1057 948 1430 1002 cognOscere;
1474 944 1623 987 recte
1657 933 1786 987 Illud
1835 931 2030 987 conlici

457 1041 560 1076 nott
598 1024 792 1093 pomit,
822 1035 998 1092 empta
1022 1025 1090 1077 ab
1123 1025 1332 1094 angelis
1365 1025 1700 1078 narratione.
1727 1022 1800 1076 Ex
1835 1022 2034 1092 ignotis

456 1116 622 1179 enim,
659 1129 759 1169 non
807 1125 986 1168 autem
1018 1131 1084 1170 ex
1125 1116 1517 1185 apparentibus
1569 1115 1818 1168 notitiam
1867 1113 2035 1182 ignoti

457 1221 646 1275 parare
697 1209 852 1271 t'elle,
901 1208 1108 1262 inutilis
1157 1223 1289 1262 sane
1332 1218 1558 1261 conatus
1604 1215 1721 1269 est,
1771 1205 2035 1274 valdeque

456 1299 729 1356 infirmus.
763 1300 981 1370 Alioqui
1008 1300 1176 1356 Deum
1206 1302 1251 1357 si
1287 1315 1391 1356 non
1426 1312 1594 1366 recte,
1633 1311 1686 1355 at
1718 1300 1900 1370 aliquo
1928 1301 2037 1354 sal-

457 1395 566 1445 tem
601 1395 758 1447 modo
797 1391 1024 1449 Judaica
1075 1410 1227 1466 gens,
1263 1396 1424 1449 etiam
1459 1403 1586 1448 ante
1637 1394 1807 1459 legem
1849 1393 2034 1458 latam,

457 1484 777 1550 glorificavit
815 1504 830 1539 :
869 1503 994 1539 cum
1029 1487 1345 1556 angelorum
1379 1503 1444 1542 ne
1473 1485 1885 1556 appellationem
1914 1486 2039 1556 qui-

456 1576 577 1628 dem
626 1577 865 1630 novisset
893 1593 999 1630 uno
1031 1577 1256 1632 forsitan
1307 1589 1364 1634 et
1412 1578 1541 1633 item
1574 1577 1745 1632 altero
1787 1586 2035 1644 excepto,

455 1667 653 1732 quibus
709 1667 760 1721 id
806 1669 980 1723 sancti
1015 1670 1250 1739 Spiritus
1316 1672 1488 1740 gratia
1562 1671 1846 1726 revelarat.
1893 1667 2038 1725 Con-

456 1759 635 1810 lirmat
665 1773 782 1827 «tute
811 1760 1042 1815 dicimus
1068 1762 1169 1816 hoc
1199 1763 1265 1827 δ’,
1312 1764 1455 1831 quod
1484 1762 1782 1816 etiamnum
1828 1761 2036 1817 Saddu-

455 1848 550 1900 r-zei
604 1849 768 1902 Deum
822 1851 1041 1917 quidem
1073 1854 1360 1918 exsistere,
1401 1863 1455 1906 et
1501 1852 1865 1906 arebitecmm
1913 1869 2037 1909 esse

455 1938 643 1991 tnnmli
683 1940 942 2006 fatentur,
974 1959 1094 1996 cum
1121 1953 1298 1997 tamen
1335 1945 1556 2013 angelos
1591 1947 1729 2001 ullos
1759 1961 1880 2002 esse
1913 1962 2038 2018 per--

457 2030 705 2083 tinaciter
786 2045 998 2102 negent.
1051 2034 1376 2104 Angeiorunt
1434 2051 1566 2091 vero
1622 2048 1812 2092 natura
1875 2046 2039 2109 atque

454 2122 743 2190 appellatio
765 2139 792 2176 a
824 2125 1092 2193 principio
1128 2127 1331 2194 ignota,
1354 2128 1478 2182 inde
1510 2129 1742 2197 primum
1780 2129 1832 2183 in
1859 2131 2038 2185 notio-

457 2229 579 2267 nem
611 2215 782 2282 Venit,
805 2233 870 2270 ex
899 2231 1007 2285 quo
1031 2219 1264 2272 Abrahae
1297 2217 1550 2274 inDeutn
1583 2223 1757 2288 pietas
1783 2224 2036 2290 cognosci

454 2303 621 2372 empit
671 2320 684 2355 :
741 2305 883 2359 unde
927 2315 1083 2359 aucta
1132 2318 1295 2374 atque
1340 2308 1703 2376 ampliﬁcata,
1752 2308 1803 2362 in
1847 2325 2037 2364 etnnes

451 2395 646 2448 deinde
700 2396 815 2464 pios
873 2396 1118 2451 derivata
1177 2409 1281 2454 est.
1326 2399 1647 2471 Quanquam
1713 2401 1813 2455 hos
1867 2402 2032 2455 etiam

452 2482 628 2539 Moses
660 2485 712 2539 in
747 2485 850 2539 ﬁne
885 2501 995 2542 suae
1023 2487 1276 2543 Historia“.
1305 2505 1425 2544 cum
1463 2491 1567 2545 alia
1619 2502 1866 2547 creatura
1899 2509 2035 2549 con-

446 2576 683 2648 jtmgens
719 2595 733 2633 :
774 2575 1075 2646 memini,
1126 2582 1322 2653 inquit,
1373 2582 1509 2650 caeli,
1541 2593 1588 2636 et
1640 2586 1857 2640 adorent
1914 2603 2033 2640 eum

449 2683 626 2723 oumes
659 2671 835 2740 angeli
867 2672 980 2740 ejus
1011 2674 1081 2728 ".

522 2763 765 2817 Tertium
799 2764 926 2818 illud
959 2769 1106 2819 addit
1129 2763 1322 2825 Jobius
1343 2785 1356 2822 :
1380 2770 1426 2824 si
1459 2771 1694 2826 visibilia
1719 2772 1876 2827 nobis
1897 2772 2032 2827 vicio

451 2854 630 2918 uiora,
667 2867 829 2924 atque
856 2859 922 2910 ad
950 2863 1386 2926 cognoscendum
1416 2865 1651 2932 aptiora,
1683 2880 1846 2934 quam
1895 2867 2034 2919 invi-

419 2947 628 3015 ~sibilia
659 2959 803 3015 sunt,
835 2963 980 3005 recte
1009 2951 1349 3009 sensibilium
1377 2961 1600 3015 tradens
1627 2973 1806 3014 ortum
1832 2959 2028 3026 Moses,

453 3037 661 3104 majora
720 3043 988 3112 tantisper
1039 3047 1263 3102 rudibus
1316 3049 1532 3106 tradere
1577 3051 1647 3107 ob
1695 3055 2030 3109 inaccessam

2137 562 2163 612 ό
2192 558 2399 626 Μωσῆς
2431 557 2525 610 τὸν
2556 556 2804 626 τεχνίτην
2838 553 3005 608 αὑτοῦ
3055 555 3149 605 καὶ
3199 554 3524 624 δημιουργὸν
3551 558 3692 612 ὲϐοὑ.

2135 653 2257 706 λετο
2287 657 2399 716 τοῖς
2429 650 2916 720 νομοθετουμένοις
2943 647 3345 710 ὑποδεικνύναι,
3380 650 3474 702 ἅτε
3493 652 3554 720 δὴ
3577 651 3689 723 [309

2135 744 2229 816 IL]
2262 744 2590 814 παχυτέροις
2619 741 2739 795 οὖσι
2768 739 3072 809 τηνικαῦτα
3100 737 3194 792 καὶ
3228 739 3378 807 μόλις
3412 741 3474 792 ἐκ
3500 739 3602 792 τῶν
3623 745 3694 796 αἱ·

2137 837 2352 908 σθητῶν
2385 837 2480 889 καὶ
2517 835 2830 904 συντρόφων
2879 835 3062 895 αὐτοῖς
3089 832 3401 902 δυναμένοις
3433 839 3694 890 κατανοεῖν

2135 931 2224 984 τὸν
2255 927 2599 999 Δημιουργὸν
2626 929 2720 980 καὶ
2750 926 2998 995 τεχνίτην
3041 922 3151 976 τῶν
3186 924 3498 992 ὁρωμένων.
3541 925 3697 979 Τοῦτο

2135 1023 2190 1075 δὲ
2222 1022 2329 1073 ἀπὸ
2363 1021 2460 1088 τῆς
2497 1020 2623 1088 περὶ
2662 1018 2922 1086 ἀγγέλους
2967 1016 3275 1085 διηγήσεως
3303 1015 3402 1065 οὐκ
3430 1014 3552 1085 ἐνῆν
3581 1033 3698 1068 κατ-

2136 1113 2359 1186 ορθοῦν·
2395 1114 2452 1179 ἐξ
2485 1112 2694 1182 ἀδήλων
2725 1112 2834 1180 γὰρ
2865 1110 2959 1162 καὶ
2993 1110 3092 1162 οὐκ
3123 1112 3185 1160 ἐκ
3208 1109 3349 1160 τῶνδ
3381 1108 3699 1177 φαινομένων

2136 1206 2230 1261 τοῦ
2265 1208 2461 1276 ἀδήλου
2507 1205 2607 1272 τὴν
2642 1204 2845 1272 γνῶσιν
2878 1206 3141 1273 παρέχειν
3185 1201 3503 1270 ἀσύμφορόν
3532 1219 3586 1253 τε
3618 1205 3702 1258 καὶ

2137 1303 2258 1355 λίαν
2291 1297 2752 1361 ἀσθενές.”Αλλως
2784 1313 2842 1348 τε
2867 1296 2922 1348 δὲ
2969 1298 3066 1348 καὶ
3109 1296 3244 1347 Θεὸν
3294 1295 3412 1362 μὲν,
3447 1296 3493 1345 εί
3523 1295 3610 1346 καὶ
3636 1297 3703 1366 μὴ

2141 1395 2337 1465 ὀρθῶς.
2355 1393 2470 1446 ἀλλ’
2488 1387 2582 1445 οὗν
2599 1393 2619 1422 ⁵
2648 1391 2913 1460 ἀμηγέπη
2939 1389 2998 1441 τὸ
3032 1387 3301 1441 Ἰουδαίων
3328 1388 3477 1451 ἔθνος
3499 1391 3589 1441 καὶ
3611 1390 3706 1458 πρὸ

2139 1488 2239 1556 τῆς
2271 1485 2592 1556 νομοθεσίας
2626 1483 2895 1546 ἐδόξαζεν,
2932 1481 3057 1545 [(300
3089 1479 3182 1551 IL]
3232 1479 3479 1548 ἀγγέλων
3511 1479 3565 1532 δὲ
3598 1482 3707 1536 οὐδὲ

2140 1574 2513 1646 προσηγορίαν
2555 1573 2825 1644 ἠπίστατο
2878 1571 3045 1642 χωρὶς
3080 1570 3261 1640 ἐνί)ςῆ
3306 1572 3399 1623 καὶ
3445 1569 3706 1642 δευτέρου,

2139 1661 2219 1730 οἷς
2255 1669 2287 1738 ἡ
2320 1666 2412 1720 τοῦ
2450 1665 2769 1735 Πνεύματος
2800 1663 3118 1732 ἁπεκάλυψε
3148 1663 3329 1734 χάρις.
3365 1661 3709 1734 Μαρτυρείδὲ

2139 1759 2200 1810 τὸ
2233 1759 2553 1828 λεγόμενον,
2582 1759 2663 1811 ὅτι
2697 1756 2793 1810 καὶ
2845 1757 3006 1827 μέχρι
3053 1756 3149 1808 νῦν
3196 1756 3257 1808 τὸ
3306 1755 3666 1808 Σαδδουκαίων
3691 1755 3711 1786 ⁸

2066 1817 2114 1878 Β
2142 1817 2458 1917 ἐθνοςἾΘιεὸν
2491 1817 2590 1924 μέν
2617 1847 2757 1905 εἶναι
2804 1817 2898 1904 καὶ
2918 1817 3283 1920 ’,δημιουργὸν
3321 1849 3588 1919 ὁμολογεῖ,
3619 1853 3709 1918 ἁγ-

2141 1948 2332 2018 γέλους
2377 1946 2436 2000 δὲ
2493 1945 2758 2016 μηδαμῶς
2807 1944 3076 2013 ὑπάρχειν
3110 1939 3708 2004 ἀπαυθαδίζεται.Ἦδὲ

2139 2041 2248 2097 τῶν
2295 2037 2542 2108 ἀγγέλων
2588 2035 2751 2106 φύσις
2796 2035 2889 2089 καὶ
2924 2033 3114 2103 κλῆσις
3146 2030 3268 2086 κατ’
3299 2032 3472 2100 ἀρχὰς
3502 2032 3709 2098 ἀγνοουο

2142 2135 2281 2206 μένη
2315 2132 2524 2186 ἐκεῖθεν
2556 2132 2636 2193 εἰς
2662 2129 2862 2197 γνῶσιν
2895 2126 3159 2198 κατέστη,
3180 2125 3277 2192 ἀφ’
3296 2118 3361 2179 οὗ
3388 2124 3446 2177 τὸ
3477 2123 3708 2186 θεοσεϐὲς

2137 2226 2234 2279 τοῦ
2272 2223 2522 2295 Ἀϐραὰμ
2572 2221 2915 2292 ἐγνωρίσθη·
2964 2220 3216 2274 ἐντεῦθεν
3260 2217 3536 2289 αὐξομένη
3583 2217 3707 2269 κατὰ

2138 2317 2424 2389 προκοπὴν
2454 2318 2535 2378 εἰς
2582 2316 2690 2368 πᾶν
2733 2313 2795 2366 τὸ
2845 2313 2955 2366 τῶν
2999 2311 3238 2366 εὐσεϐῶν
3283 2309 3500 2380 διεδόθη
3533 2309 3708 2378 γένος’

2138 2411 2278 2482 πλήν
2306 2427 2368 2480 γε
2395 2412 2492 2462 καὶ
2518 2411 2545 2462 ὁ
2564 2409 2771 2476 Μωσῆς
2791 2409 2810 2439 ⁷
2842 2405 2939 2460 ἐπὶ
2966 2405 3226 2476 τέλειτῆς
3245 2405 3373 2458 καθ’
3394 2403 3555 2457 αὑτὸν
3583 2404 3705 2455 ἱστο-

2141 2505 2283 2574 ρίας,
2311 2502 2536 2564 τούτους
2592 2502 2658 2571 τῇ
2711 2497 2846 2570 ἄλλῃ
2898 2498 3335 2567 συνταττόμενος
3385 2494 3580 2558 κτίσει,
3611 2495 3713 2547 Εὑ-

2136 2594 2458 2663 φράνθητε.
2505 2591 2768 2660 οὐρανοί,
2800 2592 2952 2662 φησὶ,
2988 2589 3088 2642 καί
3115 2585 3712 2659 προσκυνησάτωσαν

2136 2684 2365 2738 αὺτὸν-⁸
2396 2683 2619 2749 πάντες
2655 2682 2899 2754 ἄγγελοι
2933 2682 3104 2738 Θεοῦ.

2209 2774 2405 2845 Τρίτον
2456 2774 2630 2826 ἐκεῖνό
2679 2790 2866 2842 φησιν.
2902 2773 2964 2826 El
2992 2773 3104 2826 τῶν
3143 2771 3402 2843 ἀοράτων
3451 2770 3516 2824 τὰ
3559 2769 3714 2840 δρατὰ

2121 2865 2420 2935 ἐγγυτέρω
2453 2882 2510 2917 τε
2543 2863 2734 2934 ἡμῶν⁹
2768 2863 2864 2916 καὶ
2897 2862 3034 2932 πρὸς
3063 2861 3262 2931 γνῶσιν
3299 2859 3710 2931 ἐπιτηδειότερα,

2135 2957 2373 3024 εὐλόγως
2421 2954 2531 3010 τῶν
2583 2954 2860 3025 αἰσθητῶν
2910 2953 3242 3024 παραδιδοὺς
3287 2953 3394 3023 τὴν
3437 2952 3644 3020 γένεσιν
3688 2952 3715 3005 ό

2135 3050 2343 3118 Μωσῆς
2375 3048 2445 3101 τὰ
2484 3049 2656 3117 μείζω
2686 3049 2826 3110 τέως
2856 3047 2968 3110 τοῖς
2999 3045 3382 3117 είσαγομένοις
3410 3044 3499 3098 διὰ
3524 3042 3582 3098 τὸ
3606 3044 3716 3097 δυσ-

449 3131 840 3199 diliicultatem,
886 3146 942 3189 et
982 3154 1104 3206 qua!“
1146 3142 1313 3196 multa
1361 3145 1627 3214 indigeret
1673 3148 2032 3206 lnstructione

2137 3141 2358 3210 ἐφικτον
2385 3140 2481 3194 καὶ
2512 3139 2713 3209 πολλῆς
2747 3139 3131 3208 παιδαγωγίας
3160 3138 3423 3208 δεόμενον
3457 3135 3715 3207 παρατρέ-

448 3221 672 3275 Omittit.
707 3219 786 3276 Tu
830 3241 992 3292 porro
1027 3229 1114 3284 hic
1145 3247 1247 3284 una
1280 3249 1493 3289 mecum
1527 3238 1841 3305 considera,
1867 3257 2032 3295 unum

449 3324 572 3364 esse
599 3315 887 3370 admodum
914 3319 980 3372 de
1002 3322 1353 3378 sensibilibus
1383 3327 1688 3381 docendum
1717 3329 1867 3393 illud,
1889 3332 2032 3400 quod

449 3417 478 3453 a
515 3402 624 3457 Deo
667 3409 930 3474 producta
982 3413 1093 3466 sint
1128 3437 1140 3470 :
1178 3431 1300 3470 cum
1352 3417 1419 3471 de
1454 3418 1884 3490 intelligibilibus
1929 3424 2036 3478 duo

450 3492 566 3545 lucc
607 3493 848 3550 docenda
885 3502 1125 3568 veniant,
1161 3515 1216 3558 et
1248 3508 1391 3575 quod
1431 3510 1561 3573 sint,
1595 3521 1649 3564 et
1696 3513 1838 3580 quod
1879 3531 2033 3570 suam

448 3599 516 3637 ex
543 3582 652 3639 Deo
683 3589 1091 3646 subsistentiam
1126 3600 1458 3666 acceperint.
1496 3599 1792 3672 Propterea
1821 3621 2037 3677 quoque

451 3675 769 3743 angelorum
824 3695 930 3732 non
962 3685 1210 3739 meminit
1256 3686 1459 3753 Moses,
1488 3692 1613 3743 dum
1661 3696 1848 3748 mundi
1880 3675 2036 3752 crea-

453 3768 653 3822 tionem
679 3787 904 3826 narrare
934 3774 1169 3842 primum
1199 3779 1390 3848 incipit
1418 3799 1432 3848 ;
1473 3799 1540 3836 ne
1567 3787 1657 3854 qui
1705 3787 1847 3843 forte
1876 3791 2033 3845 fidem

450 3857 615 3913 latins
671 3864 970 3919 eaut-odere
1024 3869 1271 3938 cupiunt,
1323 3885 1487 3941 atque
1543 3875 1832 3934 instabiles
1885 3891 2033 3949 sunt,

451 3954 626 4020 ipsum
653 3971 866 4026 quoque
912 3960 1225 4014 universum
1260 3963 1326 4017 ab
1357 3967 1565 4035 angelis
1609 3971 1884 4026 conditum
1916 3991 2037 4029 esse

450 4047 825 4113 opinarentur.
860 4052 920 4106 Si
962 4055 1106 4107 enim
1140 4069 1263 4108 cum
1314 4057 1512 4111 nullam
1549 4059 1776 4130 hujusce
1815 4081 2034 4121 causam

448 4137 625 4194 Muses
669 4143 960 4198 scribendo
1007 4146 1235 4212 dederit,
1283 4147 1633 4204 Hebraeorum
1692 4163 1870 4210 tamen
1928 4174 2034 4211 non

451 4235 633 4298 pauci,
671 4247 724 4286 et
759 4237 958 4304 quibus
1011 4238 1203 4292 horqu
1241 4237 1416 4307 placet
1464 4257 1642 4310 error,
1681 4248 1937 4301 mundum
1968 4247 2037 4302 ab

451 4325 680 4393 angelis,
721 4339 949 4397 quarque
997 4330 1202 4384 mundo
1249 4333 1620 4400 continentur,
1675 4346 1860 4391 creata
1911 4352 2036 4394 esse

452 4428 744 4486 negantur,
772 4432 975 4489 quanto
1017 4420 1203 4490 utique
1247 4425 1461 4478 auctior
1485 4436 1606 4481 erat
1638 4425 1855 4485 futurus
1888 4445 2034 4486 mor-

2138 3249 2244 3302 χει.
2277 3231 2514 3286 Κάκεῖνο
2543 3231 2603 3284 δέ
2642 3248 2731 3301 μοι
2763 3229 3185 3301 συνεπιθεώρει·
3218 3227 3373 3293 Μιᾶς
3399 3226 3602 3281 δέονται
3623 3227 3714 3296 τῆς

2138 3326 2490 3387 δ.δασκαλίας
2539 3325 2610 3378 τὰ
2656 3323 2912 3393 αἰσθητὰ,
2963 3324 3046 3376 ὅτι
3077 3321 3446 3394 προήχθησαν
3475 3324 3538 3374 ὲκ
3565 3319 3710 3384 Θεοῦ,

2137 3419 2206 3471 τὰ
2228 3417 2283 3470 δὲ
2307 3415 2474 3486 νοητὰ
2500 3415 2684 3485 διττὴν
2711 3416 2953 3480 ἀπαιτεῖ,
2987 3416 3069 3468 ὅτι
3097 3415 3158 3467 τέ
3183 3417 3290 3467 είσι
3326 3416 3422 3467 καὶ
3449 3413 3577 3484 ὼςή
3603 3409 3714 3464 τού-

2139 3527 2246 3562 των
2274 3509 2530 3570 οὑσίωσις
2559 3508 2624 3560 ὲκ
2651 3505 2942 3560 Θεοῦ.”Ετι
2970 3506 3027 3558 δὲ
3058 3506 3309 3576 ἀγγέλων
3345 3506 3446 3559 οὑκ
3486 3502 3713 3576 ἐμνήσθη

2137 3599 2238 3669 τῆς
2267 3597 2722 3667 κοσμογενείας¹⁸
2756 3596 3159 3666 ἀπαρχόμενος,
3191 3597 3278 3649 ἵνα
3335 3596 3409 3666 μή
3452 3613 3592 3657 τινες
3619 3592 3716 3646 τῶν

2139 3692 2470 3761 εὑριπίστων
2499 3706 2560 3742 τε
2588 3689 2683 3742 καὶ
2717 3689 3100 3758 εὐμεταϐόλδυν
3129 3689 3194 3744 δι’
3227 3691 3482 3757 ἀγγέλων
3521 3689 3578 3742 τὸ
3615 3689 3714 3741 πᾶν

2140 3782 2440 3852 ὑποστῆναί
2472 3801 2532 3834 τε
2564 3783 2659 3834 καὶ
2679 3782 3155 3852 δημιουργηθῆναι
3182 3780 3504 3846 δοξάσωσιν.
3539 3777 3597 3833 El
3617 3779 3714 3848 γὰρ

2139 3878 2234 3928 καὶ
2271 3874 2543 3945 μηδεμίαν
2579 3874 2834 3945 ἀφορμὴν
2868 3876 3116 3937 Μωσέως
3163 3875 3306 3926 κατὰ
3344 3874 3444 3943 τὴν
3491 3889 3714 3942 συγγρα-

2139 3966 2247 4035 φὴν
2270 3967 2646 4035 παρασχόντος
2669 3967 2708 3996 ’³
2737 3966 2887 4033 ὅμως
2923 3965 3190 4035 Ἑϐραίων
3213 3983 3271 4016 τε
3296 3966 3400 4018 οὐκ
3423 3964 3607 4034 ὀλίγοι,
3629 3964 3715 4016 καὶ

2138 4052 2219 4117 οἷς
2247 4056 2402 4124 φίλον
2447 4058 2482 4126 ἡ
2527 4057 2754 4109 ἐκείνων
2781 4058 2990 4126 ἀπάτη,
3028 4057 3093 4110 δι’
3119 4056 3373 4125 ἀγγέλων
3401 4057 3491 4110 τὸν
3525 4057 3713 4124 κόσμον

2138 4149 2231 4200 καὶ
2260 4147 2327 4199 τὰ
2355 4149 2414 4200 ὲν
2443 4147 2522 4216 τῷ
2556 4149 2748 4219 κόσμῳ
2786 4148 3263 4220 δημιουργηθῆναι
3292 4147 3713 4221 παραληροῦσιν,

2139 4240 2232 4292 ἐπὶ
2259 4241 2424 4292 πόσον
2458 4239 2525 4292 ἂν
2567 4241 2668 4291 οὐκ
2700 4240 3016 4310 ἐπενεμήθη
3049 4241 3110 4293 τὺ
3137 4241 3377 4312 νόσημα,
3406 4243 3460 4294 εἴ
3481 4258 3530 4293 τι
3557 4239 3714 4294 τοιοῦ-

2136 4348 2228 4384 τον
2257 4331 2335 4401 τῷ
2359 4331 2627 4403 νομοθέτῃ
2656 4332 3066 4402 ἀνεγέγραπτο;
3105 4334 3199 4386 καὶ
3226 4334 3330 4404 ὅρα
3367 4353 3457 4404 μοι
3490 4335 3584 4404 τὴν
3629 4331 3712 4386 τοῦ

2136 4427 2298 4494 λόγου
2325 4427 2635 4496 ἀκρίϐειαν.
2653 4428 2785 4480 Ἀπὸ
2819 4429 3000 4481 τοίνυν
3033 4430 3134 4498 τῆς
3178 4427 3713 4499 παραϐάσεω;Ἀδάμ

449 4510 569 4574 bus,
602 4513 646 4567 si
681 4514 809 4582 quid
837 4514 944 4568 tale
977 4518 1045 4570 ab
1089 4517 1205 4583 ipso
1237 4517 1549 4587 legislatore
1584 4519 1734 4574 Mose
1767 4525 2028 4594 scriptum

2145 4520 2310 4591 μέχρι
2341 4521 2439 4590 τῆς
2477 4519 2600 4572 Νῶε
2628 4522 2820 4588 γενεᾶς
2849 4521 3098 4588 ἀγγέλων
3127 4521 3288 4590 φύσις
3314 4523 3395 4584 εἰς
3427 4521 3714 4593 ἀνθρώπων

451 4603 665 4659 fuisset.
702 4607 853 4662 Nunc
894 4609 1015 4664 vide
1059 4610 1186 4663 mihi
1222 4613 1660 4669 ratiocinationis
1689 4617 1848 4685 hujus
1871 4633 2034 4673 accu-

422 4696 735 4754 rationem.
770 4699 852 4754 Ab
889 4703 1083 4755 Adami
1131 4706 1579 4772 prte‘varicalione
1612 4711 1678 4762 ad
1724 4726 1894 4780 usque
1921 4710 2034 4768 Noe

447 4793 880 4856 generationem,
945 4797 1263 4863 angelorum
1343 4808 1534 4854 natura
1614 4802 1666 4856 in
1747 4803 2030 4860 hominum

450 4879 644 4954 1880
676 4885 1042 4954 cognitionem
1075 4890 1296 4945 minime
1341 4894 1507 4950 venit.
1544 4891 1676 4960 Quae
1710 4903 1880 4966 prima
1914 4913 2034 4954 om-

444 4978 593 5029 nium
629 4987 762 5031 αλιος
795 4977 978 5034 fuerit.
1015 4980 1093 5035 Ac
1129 4997 1194 5036 ne
1225 4984 1280 5036 in
1319 4987 1554 5040 secunda
1590 4990 1807 5058 quidem
1850 5001 2029 5058 zelate,

445 5077 567 5134 (1υά-
603 5067 654 5119 in
687 5066 948 5122 audacem
975 5068 1118 5123 illam
1153 5073 1322 5126 turris
1354 5071 1774 5130 aadilleationem
1803 5078 2026 5137 desinit.

448 5159 555 5214 Sed
582 5173 682 5215 nec
717 5163 880 5215 tertia
909 5176 966 5217 se
985 5174 1163 5233 potest
1194 5174 1326 5220 aetas
1355 5169 1672 5237 angelorum
1719 5173 2030 5240 cognitione

438 5253 676 5322 jactare,
702 5271 821 5323 quae
843 5273 1014 5326 usque
1045 5256 1172 5310 dtttn
1195 5257 1470 5314 Abraham
1503 5259 1671 5314 Deum
1697 5279 2032 5331 cognoscere

442 5348 634 5417 etcpit,
667 5358 724 5402 ut
755 5351 1100 5405 manifestum
1131 5364 1236 5418 est,
1267 5353 1598 5408 enenditur.
1631 5354 1700 5407 At
1743 5367 2028 5424 postquam

443 5439 679 5492 Abrahae
704 5442 1094 5508 prontissiones
1126 5443 1248 5507 illae,
1293 5459 1413 5513 quae
1458 5443 1796 5497 Dominicant
1837 5445 2020 5501 incar-

544 5576 590 5609 ’⁵³
626 5578 749 5633 Act.
773 5594 930 5645 mn,
983 5579 1039 5635 8.

2140 4614 2345 4681 γνῶσιν
2391 4613 2493 4666 οὐκ
2539 4613 2798 4681 ἀφίκετοο
2837 4613 3088 4684 περίοδος
3130 4615 3158 4667 δ
3209 4614 3272 4667 ἂν
3319 4615 3405 4685 εἴη
3455 4615 3588 4686 αὕτη
3628 4610 3710 4666 τοῦ

2141 4707 2332 4779 χρόνου
2361 4708 2575 4778 πρώτη.
2607 4708 2683 4760 Οὐ
2718 4709 2825 4777 μὴν
2848 4709 2969 4760 οὐδὲ
2998 4709 3138 4762 κατὰ
3170 4709 3264 4780 τὴν
3293 4708 3551 4778 δευτέραν
3574 4705 3712 4776 περί-

2139 4801 2294 4866 οδον,
2323 4801 2449 4871 ἥτις
2498 4801 2579 4864 είς
2623 4801 2720 4870 τὴν
2770 4802 3134 4870 πυργοποιίας
3182 4802 3450 4871 ἀπολήγει
3501 4799 3707 4867 τόλμαν.

2153 4893 2292 4948 Ἀλλ’
2323 4893 2490 4963 οὐδ’ή
2538 4893 2695 4964 τρίτη
2743 4894 2836 4946 τοῦ
2872 4893 3066 4964 χρόνου
3100 4893 3347 4963 περίοδος
3385 4895 3450 4964 τῇ
3493 4891 3595 4945 τῶν
3620 4889 3710 4956 ἀγ-

2123 4988 2312 5056 ’γέλων
2343 4986 2456 5056 ἔχει
2488 4985 2685 5054 γνώσει
2732 4983 3112 5055 σεμνύνεσθαι,
3149 4986 3269 5055 ἥτις
3299 4985 3463 5056 μέχρι
3491 4983 3590 5053 τῆς
3624 4977 3709 5032 τοῦ

2152 5077 2406 5150 Ἀϐραὰμ
2439 5077 2790 5146 Θεογνωσίας,
2819 5077 2896 5140 ὡς
2923 5076 3102 5146 δῆλον,
3140 5077 3548 5147 παρατείνεται.
3567 5070 3708 5125 Ἐπεὶ

2140 5171 2196 5224 δὲ
2228 5170 2326 5240 ίτῷ
2365 5168 2617 5240 Ἀδραὰμ
2662 5169 2718 5221 αἱ
2748 5169 3013 5239 συνθῆκαι
3044 5169 3146 5240 τὴν
3173 5166 3508 5238 Δεσποτικὴν
3535 5163 3706 5232 ἐπιδη-

2143 5260 2272 5331 μίαν
2313 5259 2479 5313 οἱονεὶ
2523 5258 2871 5329 θεμελιοῦσαί
2901 5275 2962 5310 τε
2994 5258 3087 5312 καὶ
3122 5249 3704 5328 προδιοικονομοῦσαι¹¹

2139 5352 2419 5422 γεγόνασι,
2450 5351 2545 5404 καὶ
2573 5350 2778 5422 ἤρξατο
2807 5350 3008 5421 μᾶλλον
3032 5349 3093 5402 τὸ
3116 5348 3455 5419 ἀνθρώπινον
3482 5344 3558 5415 τῷ
3578 5341 3702 5413 φωτὶ

2130 5448 2230 5518 τῆς
2259 5445 2517 5516 ἀληθείας
2544 5445 2670 5508 τοὺς
2715 5445 2816 5525 τῆς
2847 5443 3084 5508 διανοίας
3121 5443 3249 5515 [510
3280 5439 3376 5514 Η.]
3406 5435 3699 5509 ὀφθαλμοὺς

1149 5580 1195 5613 δ’
1229 5580 1386 5636 Deut.
1445 5597 1620 5647 χχιιι,
1680 5585 1750 5636 49.
1809 5600 1924 5640 sec.
1987 5583 2152 5638 LXX.

1733 5679 1964 5734 unus
1995 5676 2406 5733 LECTIONES.
3026 5759 3028 5761 θ

521 5764 541 5794 ’⁸
569 5765 827 5844 etiamadd.
861 5769 925 5822 Α.
985 5769 1024 5844 Δβ
1202 5771 1323 5826 libri
1355 5773 1472 5844 οὐκ.
1554 5774 1574 5803 θ
1599 5777 1659 5826 τὸ
1720 5775 1877 5829 Σαδδ.
1957 5778 2030 5831 Ac

2136 5790 2267 5836 LXIII,
2303 5775 2357 5827 8.
2435 5773 2455 5805 "
2503 5772 2531 5823 ὁ
2566 5770 2798 5844 Μωσῆς]
2831 5770 2987 5844 Deut.
3026 5759 3028 5761 ’
3061 5786 3232 5844 nitu,
3263 5770 3356 5823 42.
3426 5761 3608 5832 “atth
3636 5781 3690 5829 ς.

449 5835 554 5888 ’τε
581 5837 738 5906 ἡμῶν
783 5840 824 5890 Λ
855 5859 868 5894 ;
905 5837 1039 5909 πρός
1095 5835 1241 5911 ἡμᾶς
1273 5862 1332 5909 ς.
1411 5843 1454 5874 ¹⁰
1482 5848 1845 5916 κοσμογονίας
1902 5865 1962 5913 ς.
2045 5847 2084 5877 ¹¹
2136 5835 2544 5915 παρατυχόντος
2602 5860 2662 5907 ς.

2766 5840 2806 5875 ¹“²
2842 5840 3176 5911 διοικονομοῦ
3186 5858 3252 5894 σα
3294 5857 3355 5905 ς.
