  <div class='ocr_page' id='page_1' title='image "/cluster/home/n/w/nwhite01/storage/ocr_20150623/103:no.3/coo.31924054870070/394.png"; bbox 0 0 4032 6450; ppageno 0'>
   <div class='ocr_carea' id='block_1_1' title="bbox 377 385 476 454">
    <p class='ocr_par' dir='ltr' id='par_1_1' title="bbox 377 385 476 454">
     <span class='ocr_line' id='line_1_1' title="bbox 377 385 476 454; baseline -0.01 -1"><span class='ocrx_word' id='word_1_1' title='bbox 377 385 476 454; x_wconf 80' lang='grc'><strong>761</strong></span> 
     </span>
    </p>
   </div>
   <div class='ocr_carea' id='block_1_2' title="bbox 1465 370 2620 439">
    <p class='ocr_par' dir='ltr' id='par_1_2' title="bbox 1465 370 2620 439">
     <span class='ocr_line' id='line_1_2' title="bbox 1465 370 2620 439; baseline -0.009 0"><span class='ocrx_word' id='word_1_2' title='bbox 1465 375 1992 439; x_wconf 86' lang='lat' dir='ltr'><strong>BIBLIOTHECA.</strong></span> <span class='ocrx_word' id='word_1_3' title='bbox 2025 397 2100 412; x_wconf 85' lang='grc'><strong><em>--</em></strong></span> <span class='ocrx_word' id='word_1_4' title='bbox 2135 371 2302 430; x_wconf 86' lang='lat' dir='ltr'><strong>COD.</strong></span> <span class='ocrx_word' id='word_1_5' title='bbox 2333 370 2620 429; x_wconf 73' lang='lat' dir='ltr'><strong>CCXXII.</strong></span> 
     </span>
    </p>
   </div>
   <div class='ocr_carea' id='block_1_3' title="bbox 3541 371 3651 436">
    <p class='ocr_par' dir='ltr' id='par_1_3' title="bbox 3541 371 3651 436">
     <span class='ocr_line' id='line_1_3' title="bbox 3541 371 3651 436; baseline -0.018 0"><span class='ocrx_word' id='word_1_6' title='bbox 3541 371 3651 436; x_wconf 78' lang='lat'><strong>762</strong></span> 
     </span>
    </p>
   </div>
   <div class='ocr_carea' id='block_1_4' title="bbox 374 478 1959 569">
    <p class='ocr_par' dir='ltr' id='par_1_4' title="bbox 374 488 1959 569">
     <span class='ocr_line' id='line_1_4' title="bbox 374 488 1959 569; baseline -0.011 -12"><span class='ocrx_word' id='word_1_7' title='bbox 374 497 782 569; x_wconf 74' lang='grc' dir='ltr'>ἑναυγὰζεσθαι</span> <span class='ocrx_word' id='word_1_8' title='bbox 811 495 904 549; x_wconf 77' lang='grc' dir='ltr'><strong>καὶ</strong></span> <span class='ocrx_word' id='word_1_9' title='bbox 933 493 992 547; x_wconf 79' lang='grc' dir='ltr'><strong>τὸ</strong></span> <span class='ocrx_word' id='word_1_10' title='bbox 1018 492 1322 563; x_wconf 74' lang='grc' dir='ltr'>παλίρῤουν</span> <span class='ocrx_word' id='word_1_11' title='bbox 1345 492 1446 561; x_wconf 80' lang='grc' dir='ltr'><strong>τῆς</strong></span> <span class='ocrx_word' id='word_1_12' title='bbox 1471 491 1698 560; x_wconf 80' lang='grc' dir='ltr'>γνώμης</span> <span class='ocrx_word' id='word_1_13' title='bbox 1727 491 1806 553; x_wconf 84' lang='grc' dir='ltr'><strong>εἰς</strong></span> <span class='ocrx_word' id='word_1_14' title='bbox 1835 488 1959 540; x_wconf 73' lang='grc' dir='ltr'><strong>στάε</strong></span> 
     </span>
    </p>
   </div>
   <div class='ocr_carea' id='block_1_5' title="bbox 2065 478 3650 569">
    <p class='ocr_par' dir='ltr' id='par_1_5' title="bbox 2069 478 3650 546">
     <span class='ocr_line' id='line_1_5' title="bbox 2069 478 3650 546; baseline 0.002 -10"><span class='ocrx_word' id='word_1_15' title='bbox 2069 483 2346 536; x_wconf 86' lang='lat' dir='ltr'><strong>natiouem</strong></span> <span class='ocrx_word' id='word_1_16' title='bbox 2374 479 2538 533; x_wconf 89' lang='lat' dir='ltr'><strong>veluti</strong></span> <span class='ocrx_word' id='word_1_17' title='bbox 2571 478 2891 543; x_wconf 85' lang='lat' dir='ltr'><strong>l&#39;uudabaut,</strong></span> <span class='ocrx_word' id='word_1_18' title='bbox 2913 493 2976 532; x_wconf 86' lang='lat' dir='ltr'><strong>ac</strong></span> <span class='ocrx_word' id='word_1_19' title='bbox 2999 480 3466 546; x_wconf 63' lang='lat' dir='ltr'><strong>pﬁeordinabant,</strong></span> <span class='ocrx_word' id='word_1_20' title='bbox 3493 482 3650 540; x_wconf 65' lang='lat' dir='ltr'><strong>facta:</strong></span> 
     </span>
    </p>
   </div>
   <div class='ocr_carea' id='block_1_6' title="bbox 375 578 1962 663">
    <p class='ocr_par' dir='ltr' id='par_1_6' title="bbox 375 578 1962 663">
     <span class='ocr_line' id='line_1_6' title="bbox 375 578 1962 663; baseline -0.01 -17"><span class='ocrx_word' id='word_1_21' title='bbox 375 609 542 663; x_wconf 83' lang='grc' dir='ltr'>σιμον</span> <span class='ocrx_word' id='word_1_22' title='bbox 577 588 860 649; x_wconf 71' lang='grc' dir='ltr'>εὐσεϐείας</span> <span class='ocrx_word' id='word_1_23' title='bbox 889 586 1072 638; x_wconf 80' lang='grc' dir='ltr'>πίστιν</span> <span class='ocrx_word' id='word_1_24' title='bbox 1098 583 1524 654; x_wconf 81' lang='grc' dir='ltr'>διαπήγνυσθαι,</span> <span class='ocrx_word' id='word_1_25' title='bbox 1553 582 1674 633; x_wconf 85' lang='grc' dir='ltr'>τότε</span> <span class='ocrx_word' id='word_1_26' title='bbox 1717 581 1807 650; x_wconf 77' lang='grc' dir='ltr'>δὴ,</span> <span class='ocrx_word' id='word_1_27' title='bbox 1842 578 1962 630; x_wconf 73' lang='grc' dir='ltr'>τότε</span> 
     </span>
    </p>
   </div>
   <div class='ocr_carea' id='block_1_7' title="bbox 366 671 1961 750">
    <p class='ocr_par' dir='ltr' id='par_1_7' title="bbox 366 671 1961 750">
     <span class='ocr_line' id='line_1_7' title="bbox 366 671 1961 750; baseline -0.011 -11"><span class='ocrx_word' id='word_1_28' title='bbox 366 685 482 739; x_wconf 77' lang='grc' dir='ltr'>τῶν</span> <span class='ocrx_word' id='word_1_29' title='bbox 515 682 773 750; x_wconf 76' lang='grc' dir='ltr'>ἀγγέλων</span> <span class='ocrx_word' id='word_1_30' title='bbox 817 677 915 732; x_wconf 76' lang='grc' dir='ltr'>ἕνα</span> <span class='ocrx_word' id='word_1_31' title='bbox 961 677 1437 746; x_wconf 73' lang='grc' dir='ltr'><strong>διοικονομείταιη</strong></span> <span class='ocrx_word' id='word_1_32' title='bbox 1479 679 1543 744; x_wconf 79' lang='grc' dir='ltr'>τῇ</span> <span class='ocrx_word' id='word_1_33' title='bbox 1576 674 1835 742; x_wconf 77' lang='grc' dir='ltr'>παιδίσκῃ</span> <span class='ocrx_word' id='word_1_34' title='bbox 1866 671 1961 722; x_wconf 84' lang='grc' dir='ltr'><strong>τοῦ</strong></span> 
     </span>
    </p>
   </div>
   <div class='ocr_carea' id='block_1_8' title="bbox 381 764 1964 845">
    <p class='ocr_par' dir='ltr' id='par_1_8' title="bbox 381 764 1964 845">
     <span class='ocr_line' id='line_1_8' title="bbox 381 764 1964 845; baseline -0.008 -17"><span class='ocrx_word' id='word_1_35' title='bbox 381 775 658 845; x_wconf 64' lang='grc' dir='ltr'>Ἀϐραὰμ,</span> <span class='ocrx_word' id='word_1_36' title='bbox 672 774 854 840; x_wconf 74' lang='grc' dir='ltr'>Ἅγαρ</span> <span class='ocrx_word' id='word_1_37' title='bbox 875 771 1142 822; x_wconf 75' lang='grc' dir='ltr'><strong>διακονεῖν</strong></span> <span class='ocrx_word' id='word_1_38' title='bbox 1170 771 1264 821; x_wconf 75' lang='grc' dir='ltr'><strong>καὶ</strong></span> <span class='ocrx_word' id='word_1_39' title='bbox 1288 768 1351 819; x_wconf 77' lang='grc' dir='ltr'><strong>τὸ</strong></span> <span class='ocrx_word' id='word_1_40' title='bbox 1384 769 1442 819; x_wconf 83' lang='grc' dir='ltr'>ὲν</span> <span class='ocrx_word' id='word_1_41' title='bbox 1472 767 1608 835; x_wconf 74' lang='grc' dir='ltr'>αὐτῇ</span> <span class='ocrx_word' id='word_1_42' title='bbox 1641 764 1964 834; x_wconf 80' lang='grc' dir='ltr'>καταπραΰ-</span> 
     </span>
    </p>
   </div>
   <div class='ocr_carea' id='block_1_9' title="bbox 364 856 1962 936">
    <p class='ocr_par' dir='ltr' id='par_1_9' title="bbox 364 856 1962 936">
     <span class='ocr_line' id='line_1_9' title="bbox 364 856 1962 936; baseline -0.01 -14"><span class='ocrx_word' id='word_1_43' title='bbox 364 888 480 924; x_wconf 76' lang='grc' dir='ltr'>νειν</span> <span class='ocrx_word' id='word_1_44' title='bbox 509 865 920 936; x_wconf 75' lang='grc' dir='ltr'>διηπορημένον</span> <span class='ocrx_word' id='word_1_45' title='bbox 949 881 1011 915; x_wconf 84' lang='grc' dir='ltr'><strong>τε</strong></span> <span class='ocrx_word' id='word_1_46' title='bbox 1046 863 1141 915; x_wconf 85' lang='grc' dir='ltr'><strong>καὶ</strong></span> <span class='ocrx_word' id='word_1_47' title='bbox 1173 861 1401 929; x_wconf 71' lang='grc' dir='ltr'>ἄθυμον,</span> <span class='ocrx_word' id='word_1_48' title='bbox 1439 861 1600 930; x_wconf 87' lang='grc' dir='ltr'>μόνον</span> <span class='ocrx_word' id='word_1_49' title='bbox 1627 858 1747 927; x_wconf 69' lang='grc' dir='ltr'>οὐχὶ</span> <span class='ocrx_word' id='word_1_50' title='bbox 1777 856 1962 926; x_wconf 79' lang='grc' dir='ltr'>φωνὴν</span> 
     </span>
    </p>
   </div>
   <div class='ocr_carea' id='block_1_10' title="bbox 365 948 1962 1031">
    <p class='ocr_par' dir='ltr' id='par_1_10' title="bbox 365 948 1962 1031">
     <span class='ocr_line' id='line_1_10' title="bbox 365 948 1962 1031; baseline -0.011 -16"><span class='ocrx_word' id='word_1_51' title='bbox 365 963 629 1031; x_wconf 70' lang='grc' dir='ltr'>ἀφιείσης</span> <span class='ocrx_word' id='word_1_52' title='bbox 673 957 778 1025; x_wconf 77' lang='grc' dir='ltr'>τῆς</span> <span class='ocrx_word' id='word_1_53' title='bbox 819 955 1057 1025; x_wconf 72' lang='grc' dir='ltr'><strong>ἱστορίας</strong></span> <span class='ocrx_word' id='word_1_54' title='bbox 1102 954 1178 1016; x_wconf 87' lang='grc' dir='ltr'>ὡς</span> <span class='ocrx_word' id='word_1_55' title='bbox 1209 954 1344 1006; x_wconf 77' lang='grc' dir='ltr'>πολὺ</span> <span class='ocrx_word' id='word_1_56' title='bbox 1397 953 1494 1022; x_wconf 83' lang='grc' dir='ltr'>μέν</span> <span class='ocrx_word' id='word_1_57' title='bbox 1526 954 1640 1003; x_wconf 78' lang='grc' dir='ltr'>ἐστι</span> <span class='ocrx_word' id='word_1_58' title='bbox 1689 949 1746 1000; x_wconf 84' lang='grc' dir='ltr'><strong>τὸ</strong></span> <span class='ocrx_word' id='word_1_59' title='bbox 1801 948 1962 1017; x_wconf 81' lang='grc' dir='ltr'>μέσον</span> 
     </span>
    </p>
   </div>
   <div class='ocr_carea' id='block_1_11' title="bbox 369 1039 1963 1115">
    <p class='ocr_par' dir='ltr' id='par_1_11' title="bbox 369 1039 1963 1115">
     <span class='ocr_line' id='line_1_11' title="bbox 369 1039 1963 1115; baseline -0.008 -11"><span class='ocrx_word' id='word_1_60' title='bbox 369 1051 650 1110; x_wconf 74' lang='grc' dir='ltr'>διακονίας</span> <span class='ocrx_word' id='word_1_61' title='bbox 697 1047 789 1101; x_wconf 67' lang='grc' dir='ltr'>καὶ</span> <span class='ocrx_word' id='word_1_62' title='bbox 819 1046 1182 1115; x_wconf 73' lang='grc' dir='ltr'><strong>δημιουργίας</strong></span> <span class='ocrx_word' id='word_1_63' title='bbox 1209 1045 1300 1098; x_wconf 83' lang='grc' dir='ltr'><strong>καὶ</strong></span> <span class='ocrx_word' id='word_1_64' title='bbox 1330 1041 1674 1112; x_wconf 81' lang='grc' dir='ltr'>Δημιουργοῦ</span> <span class='ocrx_word' id='word_1_65' title='bbox 1717 1039 1813 1094; x_wconf 67' lang='grc' dir='ltr'><strong>καὶ</strong></span> <span class='ocrx_word' id='word_1_66' title='bbox 1856 1040 1963 1092; x_wconf 82' lang='grc' dir='ltr'>ὑπ-</span> 
     </span>
    </p>
   </div>
   <div class='ocr_carea' id='block_1_12' title="bbox 375 1133 1962 1215">
    <p class='ocr_par' dir='ltr' id='par_1_12' title="bbox 375 1133 1962 1215">
     <span class='ocr_line' id='line_1_12' title="bbox 375 1133 1962 1215; baseline -0.009 -18"><span class='ocrx_word' id='word_1_67' title='bbox 375 1142 812 1215; x_wconf 59' lang='grc' dir='ltr'>ηρετούντωνυ·</span> <span class='ocrx_word' id='word_1_68' title='bbox 863 1141 924 1190; x_wconf 80' lang='grc' dir='ltr'><strong>τὸ</strong></span> <span class='ocrx_word' id='word_1_69' title='bbox 974 1138 1072 1206; x_wconf 80' lang='grc' dir='ltr'>μὲν</span> <span class='ocrx_word' id='word_1_70' title='bbox 1120 1136 1228 1207; x_wconf 84' lang='grc' dir='ltr'>γὰρ</span> <span class='ocrx_word' id='word_1_71' title='bbox 1283 1136 1601 1207; x_wconf 78' lang='grc' dir='ltr'><strong>κυριότητος</strong></span> <span class='ocrx_word' id='word_1_72' title='bbox 1633 1133 1727 1186; x_wconf 74' lang='grc' dir='ltr'><strong>καὶ</strong></span> <span class='ocrx_word' id='word_1_73' title='bbox 1767 1133 1962 1184; x_wconf 88' lang='grc' dir='ltr'>δεσπο-</span> 
     </span>
    </p>
   </div>
   <div class='ocr_carea' id='block_1_13' title="bbox 380 1223 1960 1300">
    <p class='ocr_par' dir='ltr' id='par_1_13' title="bbox 380 1223 1960 1300">
     <span class='ocr_line' id='line_1_13' title="bbox 380 1223 1960 1300; baseline -0.009 -12"><span class='ocrx_word' id='word_1_74' title='bbox 380 1236 559 1295; x_wconf 79' lang='grc' dir='ltr'>τείας,</span> <span class='ocrx_word' id='word_1_75' title='bbox 588 1234 641 1285; x_wconf 79' lang='grc' dir='ltr'>τὸ</span> <span class='ocrx_word' id='word_1_76' title='bbox 668 1231 723 1285; x_wconf 87' lang='grc' dir='ltr'><strong>δὲ</strong></span> <span class='ocrx_word' id='word_1_77' title='bbox 751 1231 998 1300; x_wconf 77' lang='grc' dir='ltr'><strong>ὑπακοῆς</strong></span> <span class='ocrx_word' id='word_1_78' title='bbox 1039 1231 1131 1282; x_wconf 73' lang='grc' dir='ltr'>καὶ</span> <span class='ocrx_word' id='word_1_79' title='bbox 1175 1228 1438 1289; x_wconf 82' lang='grc' dir='ltr'>δουλείας.</span> <span class='ocrx_word' id='word_1_80' title='bbox 1465 1227 1556 1279; x_wconf 79' lang='grc' dir='ltr'>Διὸ</span> <span class='ocrx_word' id='word_1_81' title='bbox 1599 1225 1694 1277; x_wconf 72' lang='grc' dir='ltr'><strong>καὶ</strong></span> <span class='ocrx_word' id='word_1_82' title='bbox 1727 1223 1960 1287; x_wconf 82' lang='grc' dir='ltr'><strong>Παῦλος,</strong></span> 
     </span>
    </p>
   </div>
   <div class='ocr_carea' id='block_1_14' title="bbox 385 1318 1963 1391">
    <p class='ocr_par' dir='ltr' id='par_1_14' title="bbox 385 1318 1963 1391">
     <span class='ocr_line' id='line_1_14' title="bbox 385 1318 1963 1391; baseline -0.007 -11"><span class='ocrx_word' id='word_1_83' title='bbox 385 1329 443 1380; x_wconf 77' lang='grc' dir='ltr'>εἴ</span> <span class='ocrx_word' id='word_1_84' title='bbox 484 1344 568 1388; x_wconf 84' lang='grc' dir='ltr'><strong>τις</strong></span> <span class='ocrx_word' id='word_1_85' title='bbox 606 1324 765 1386; x_wconf 74' lang='grc' dir='ltr'>ἄλλος</span> <span class='ocrx_word' id='word_1_86' title='bbox 814 1322 1128 1391; x_wconf 75' lang='grc' dir='ltr'>νομομαθὴς</span> <span class='ocrx_word' id='word_1_87' title='bbox 1173 1320 1269 1383; x_wconf 83' lang='grc' dir='ltr'><strong>ὢν,</strong></span> <span class='ocrx_word' id='word_1_88' title='bbox 1323 1319 1532 1388; x_wconf 74' lang='grc' dir='ltr'><strong>Οὺχίη</strong></span> <span class='ocrx_word' id='word_1_89' title='bbox 1572 1318 1795 1382; x_wconf 79' lang='grc' dir='ltr'>πάντες</span> <span class='ocrx_word' id='word_1_90' title='bbox 1842 1318 1963 1371; x_wconf 81' lang='grc' dir='ltr'>εἰσὶ</span> 
     </span>
    </p>
   </div>
   <div class='ocr_carea' id='block_1_15' title="bbox 378 1411 1962 1484">
    <p class='ocr_par' dir='ltr' id='par_1_15' title="bbox 378 1411 1962 1484">
     <span class='ocr_line' id='line_1_15' title="bbox 378 1411 1962 1484; baseline -0.008 -12"><span class='ocrx_word' id='word_1_91' title='bbox 378 1417 753 1484; x_wconf 69' lang='grc' dir='ltr'><strong>λειτουργικὰ</strong></span> <span class='ocrx_word' id='word_1_92' title='bbox 783 1417 1120 1483; x_wconf 76' lang='grc' dir='ltr'>Πνεύματα,</span> <span class='ocrx_word' id='word_1_93' title='bbox 1143 1413 1523 1480; x_wconf 79' lang='grc' dir='ltr'>διακέκραγεν,</span> <span class='ocrx_word' id='word_1_94' title='bbox 1551 1411 1962 1476; x_wconf 68' lang='grc' dir='ltr'>εἰς’διακονίαν</span> 
     </span>
    </p>
   </div>
   <div class='ocr_carea' id='block_1_16' title="bbox 371 1500 1961 1576">
    <p class='ocr_par' dir='ltr' id='par_1_16' title="bbox 371 1500 1961 1576">
     <span class='ocr_line' id='line_1_16' title="bbox 371 1500 1961 1576; baseline -0.008 -13"><span class='ocrx_word' id='word_1_95' title='bbox 371 1509 876 1576; x_wconf 68' lang='grc' dir='ltr'><strong>ἀποστελλόμενα</strong></span> <span class='ocrx_word' id='word_1_96' title='bbox 901 1525 921 1573; x_wconf 90' lang='grc'><em>;</em></span> <span class='ocrx_word' id='word_1_97' title='bbox 951 1507 1038 1560; x_wconf 81' lang='grc' dir='ltr'>διὰ</span> <span class='ocrx_word' id='word_1_98' title='bbox 1065 1505 1267 1574; x_wconf 87' lang='grc' dir='ltr'>ταύτην</span> <span class='ocrx_word' id='word_1_99' title='bbox 1296 1506 1396 1574; x_wconf 83' lang='grc' dir='ltr'><strong>μὲν</strong></span> <span class='ocrx_word' id='word_1_100' title='bbox 1423 1502 1516 1558; x_wconf 77' lang='grc' dir='ltr'><strong>οὖν</strong></span> <span class='ocrx_word' id='word_1_101' title='bbox 1536 1505 1635 1574; x_wconf 79' lang='grc' dir='ltr'><strong>τὴν</strong></span> <span class='ocrx_word' id='word_1_102' title='bbox 1662 1504 1862 1562; x_wconf 85' lang='grc' dir='ltr'>αἰτίαν,</span> <span class='ocrx_word' id='word_1_103' title='bbox 1887 1500 1961 1563; x_wconf 84' lang='grc' dir='ltr'><strong>ὡς</strong></span> 
     </span>
    </p>
   </div>
   <div class='ocr_carea' id='block_1_17' title="bbox 365 1597 1962 1669">
    <p class='ocr_par' dir='ltr' id='par_1_17' title="bbox 365 1597 1962 1669">
     <span class='ocr_line' id='line_1_17' title="bbox 365 1597 1962 1669; baseline -0.003 -18"><span class='ocrx_word' id='word_1_104' title='bbox 365 1600 544 1669; x_wconf 65' lang='grc' dir='ltr'>ἔφθην</span> <span class='ocrx_word' id='word_1_105' title='bbox 575 1599 768 1661; x_wconf 83' lang='grc' dir='ltr'>εἰπὼν,</span> <span class='ocrx_word' id='word_1_106' title='bbox 803 1599 1051 1667; x_wconf 83' lang='grc' dir='ltr'>ἀγγέλων</span> <span class='ocrx_word' id='word_1_107' title='bbox 1091 1601 1211 1651; x_wconf 88' lang='grc' dir='ltr'>κατ’</span> <span class='ocrx_word' id='word_1_108' title='bbox 1239 1599 1413 1669; x_wconf 78' lang='grc' dir='ltr'>ἀρχὰς</span> <span class='ocrx_word' id='word_1_109' title='bbox 1446 1599 1477 1668; x_wconf 84' lang='grc' dir='ltr'><strong>ή</strong></span> <span class='ocrx_word' id='word_1_110' title='bbox 1511 1597 1720 1666; x_wconf 75' lang='grc' dir='ltr'>ἱστορία</span> <span class='ocrx_word' id='word_1_111' title='bbox 1749 1597 1962 1663; x_wconf 81' lang='grc' dir='ltr'>γένεσιν</span> 
     </span>
    </p>
   </div>
   <div class='ocr_carea' id='block_1_18' title="bbox 360 1690 1962 1763">
    <p class='ocr_par' dir='ltr' id='par_1_18' title="bbox 360 1690 1962 1763">
     <span class='ocr_line' id='line_1_18' title="bbox 360 1690 1962 1763; baseline -0.002 -18"><span class='ocrx_word' id='word_1_112' title='bbox 360 1694 464 1746; x_wconf 79' lang='grc' dir='ltr'><strong>οὐκ</strong></span> <span class='ocrx_word' id='word_1_113' title='bbox 498 1695 832 1763; x_wconf 82' lang='grc' dir='ltr'>ἀναγράφει.</span> <span class='ocrx_word' id='word_1_114' title='bbox 871 1692 982 1745; x_wconf 73' lang='grc' dir='ltr'>Καὶ</span> <span class='ocrx_word' id='word_1_115' title='bbox 1015 1690 1185 1744; x_wconf 81' lang='grc' dir='ltr'>ταῦτα</span> <span class='ocrx_word' id='word_1_116' title='bbox 1215 1690 1384 1742; x_wconf 87' lang='grc' dir='ltr'>εἰπὼν</span> <span class='ocrx_word' id='word_1_117' title='bbox 1409 1692 1438 1742; x_wconf 88' lang='grc' dir='ltr'><strong>ὁ</strong></span> <span class='ocrx_word' id='word_1_118' title='bbox 1466 1691 1837 1760; x_wconf 77' lang='grc' dir='ltr'>συγγραφεὺς,</span> <span class='ocrx_word' id='word_1_119' title='bbox 1864 1691 1962 1741; x_wconf 71' lang='grc' dir='ltr'><strong>καὶ</strong></span> 
     </span>
    </p>
   </div>
   <div class='ocr_carea' id='block_1_19' title="bbox 357 1782 1959 1856">
    <p class='ocr_par' dir='ltr' id='par_1_19' title="bbox 357 1782 1959 1856">
     <span class='ocr_line' id='line_1_19' title="bbox 357 1782 1959 1856; baseline 0.001 -18"><span class='ocrx_word' id='word_1_120' title='bbox 357 1788 533 1856; x_wconf 75' lang='grc' dir='ltr'>ἕτερα</span> <span class='ocrx_word' id='word_1_121' title='bbox 572 1786 815 1856; x_wconf 70' lang='grc' dir='ltr'>συνάψας</span> <span class='ocrx_word' id='word_1_122' title='bbox 833 1785 1047 1848; x_wconf 78' lang='grc' dir='ltr'><strong>τούτοις</strong></span> <span class='ocrx_word' id='word_1_123' title='bbox 1077 1785 1175 1836; x_wconf 89' lang='grc' dir='ltr'><strong>οὐκ</strong></span> <span class='ocrx_word' id='word_1_124' title='bbox 1203 1782 1392 1852; x_wconf 77' lang='grc' dir='ltr'>ἔμοιγε</span> <span class='ocrx_word' id='word_1_125' title='bbox 1426 1783 1685 1836; x_wconf 81' lang='grc' dir='ltr'>δοκοῦντα</span> <span class='ocrx_word' id='word_1_126' title='bbox 1709 1785 1771 1836; x_wconf 80' lang='grc' dir='ltr'>τὸ</span> <span class='ocrx_word' id='word_1_127' title='bbox 1792 1788 1959 1855; x_wconf 82' lang='grc' dir='ltr'>ἀναγ-</span> 
     </span>
    </p>
   </div>
   <div class='ocr_carea' id='block_1_20' title="bbox 355 1862 1963 1945">
    <p class='ocr_par' dir='ltr' id='par_1_20' title="bbox 355 1862 1963 1945">
     <span class='ocr_line' id='line_1_20' title="bbox 355 1862 1963 1945; baseline 0 -17"><span class='ocrx_word' id='word_1_128' title='bbox 355 1878 527 1930; x_wconf 76' lang='grc' dir='ltr'>καῖον</span> <span class='ocrx_word' id='word_1_129' title='bbox 558 1878 697 1945; x_wconf 73' lang='grc' dir='ltr'>πρὸς</span> <span class='ocrx_word' id='word_1_130' title='bbox 719 1876 818 1945; x_wconf 81' lang='grc' dir='ltr'>τὴν</span> <span class='ocrx_word' id='word_1_131' title='bbox 847 1875 1104 1928; x_wconf 85' lang='grc' dir='ltr'>ὑπόθεσιν</span> <span class='ocrx_word' id='word_1_132' title='bbox 1136 1875 1322 1945; x_wconf 81' lang='grc' dir='ltr'>φέρειν</span> <span class='ocrx_word' id='word_1_133' title='bbox 1349 1873 1771 1942; x_wconf 74' lang='grc' dir='ltr'>προϐάλλεσθαι,</span> <span class='ocrx_word' id='word_1_134' title='bbox 1790 1876 1882 1928; x_wconf 79' lang='grc' dir='ltr'><strong>τὸν</strong></span> <span class='ocrx_word' id='word_1_135' title='bbox 1915 1862 1963 1945; x_wconf 80' lang='grc' dir='ltr'>γ’</span> 
     </span>
    </p>
   </div>
   <div class='ocr_carea' id='block_1_21' title="bbox 355 1967 926 2039">
    <p class='ocr_par' dir='ltr' id='par_1_21' title="bbox 355 1967 926 2039">
     <span class='ocr_line' id='line_1_21' title="bbox 355 1967 926 2039; baseline 0 -19"><span class='ocrx_word' id='word_1_136' title='bbox 355 1969 551 2021; x_wconf 64' lang='lat' dir='ltr'><strong>ﬁnem</strong></span> <span class='ocrx_word' id='word_1_137' title='bbox 563 1970 718 2039; x_wconf 83' lang='grc' dir='ltr'>ρατοῐ</span> <span class='ocrx_word' id='word_1_138' title='bbox 748 1967 926 2036; x_wconf 90' lang='grc' dir='ltr'>λόγον.</span> 
     </span>
    </p>
   </div>
   <div class='ocr_carea' id='block_1_22' title="bbox 2063 571 3649 638">
    <p class='ocr_par' dir='ltr' id='par_1_22' title="bbox 2063 571 3649 638">
     <span class='ocr_line' id='line_1_22' title="bbox 2063 571 3649 638; baseline 0 -12"><span class='ocrx_word' id='word_1_139' title='bbox 2063 583 2224 633; x_wconf 91' lang='lat' dir='ltr'><strong>sunt,</strong></span> <span class='ocrx_word' id='word_1_140' title='bbox 2261 571 2628 638; x_wconf 69' lang='lat' dir='ltr'><strong>humanaeque</strong></span> <span class='ocrx_word' id='word_1_141' title='bbox 2665 572 2864 622; x_wconf 85' lang='lat' dir='ltr'><strong>mentis</strong></span> <span class='ocrx_word' id='word_1_142' title='bbox 2897 571 3038 622; x_wconf 78' lang='lat' dir='ltr'><strong>oculi</strong></span> <span class='ocrx_word' id='word_1_143' title='bbox 3070 571 3319 624; x_wconf 76' lang='lat' dir='ltr'><strong>veritatis</strong></span> <span class='ocrx_word' id='word_1_144' title='bbox 3357 571 3475 626; x_wconf 84' lang='lat' dir='ltr'><strong>luce</strong></span> <span class='ocrx_word' id='word_1_145' title='bbox 3528 575 3649 626; x_wconf 84' lang='lat' dir='ltr'><strong>col-</strong></span> 
     </span>
    </p>
   </div>
   <div class='ocr_carea' id='block_1_23' title="bbox 2065 661 3646 729">
    <p class='ocr_par' dir='ltr' id='par_1_23' title="bbox 2065 661 3646 729">
     <span class='ocr_line' id='line_1_23' title="bbox 2065 661 3646 729; baseline 0.001 -13"><span class='ocrx_word' id='word_1_146' title='bbox 2065 662 2282 716; x_wconf 87' lang='lat' dir='ltr'><strong>lustrari</strong></span> <span class='ocrx_word' id='word_1_147' title='bbox 2333 663 2508 729; x_wconf 80' lang='lat' dir='ltr'><strong>magis</strong></span> <span class='ocrx_word' id='word_1_148' title='bbox 2557 675 2798 728; x_wconf 71' lang='lat' dir='ltr'><strong>coepere,</strong></span> <span class='ocrx_word' id='word_1_149' title='bbox 2848 673 2905 715; x_wconf 91' lang='lat' dir='ltr'><strong>et</strong></span> <span class='ocrx_word' id='word_1_150' title='bbox 2935 661 3102 714; x_wconf 90' lang='lat' dir='ltr'><strong>animi</strong></span> <span class='ocrx_word' id='word_1_151' title='bbox 3148 661 3430 717; x_wconf 76' lang='lat' dir='ltr'><strong>ﬂuctuatio</strong></span> <span class='ocrx_word' id='word_1_152' title='bbox 3465 665 3646 718; x_wconf 90' lang='lat' dir='ltr'><strong>stabili</strong></span> 
     </span>
    </p>
   </div>
   <div class='ocr_carea' id='block_1_24' title="bbox 2065 751 3651 822">
    <p class='ocr_par' dir='ltr' id='par_1_24' title="bbox 2065 751 3651 822">
     <span class='ocr_line' id='line_1_24' title="bbox 2065 751 3651 822; baseline 0.003 -15"><span class='ocrx_word' id='word_1_153' title='bbox 2065 754 2342 816; x_wconf 67' lang='lat' dir='ltr'><strong>religionis</strong></span> <span class='ocrx_word' id='word_1_154' title='bbox 2374 753 2478 805; x_wconf 82' lang='lat' dir='ltr'><strong>lide</strong></span> <span class='ocrx_word' id='word_1_155' title='bbox 2509 751 2862 817; x_wconf 85' lang='lat' dir='ltr'><strong>conﬁrmari;</strong></span> <span class='ocrx_word' id='word_1_156' title='bbox 2899 761 3027 805; x_wconf 82' lang='lat' dir='ltr'><strong>tunc</strong></span> <span class='ocrx_word' id='word_1_157' title='bbox 3055 764 3207 806; x_wconf 89' lang='lat' dir='ltr'><strong>certe</strong></span> <span class='ocrx_word' id='word_1_158' title='bbox 3249 753 3476 822; x_wconf 79' lang='lat' dir='ltr'><strong>angelus</strong></span> <span class='ocrx_word' id='word_1_159' title='bbox 3509 772 3651 811; x_wconf 89' lang='lat' dir='ltr'><strong>unus</strong></span> 
     </span>
    </p>
   </div>
   <div class='ocr_carea' id='block_1_25' title="bbox 2065 846 3647 914">
    <p class='ocr_par' dir='ltr' id='par_1_25' title="bbox 2065 846 3647 914">
     <span class='ocr_line' id='line_1_25' title="bbox 2065 846 3647 914; baseline 0.001 -12"><span class='ocrx_word' id='word_1_160' title='bbox 2065 847 2429 902; x_wconf 79' lang='lat' dir='ltr'><strong>introducitur</strong></span> <span class='ocrx_word' id='word_1_161' title='bbox 2481 846 2692 900; x_wconf 65' lang='lat' dir='ltr'><strong>ancilla)</strong></span> <span class='ocrx_word' id='word_1_162' title='bbox 2741 846 2968 898; x_wconf 65' lang='lat' dir='ltr'><strong>Abrahae</strong></span> <span class='ocrx_word' id='word_1_163' title='bbox 3021 846 3168 911; x_wconf 71' lang='lat' dir='ltr'><strong>Agar</strong></span> <span class='ocrx_word' id='word_1_164' title='bbox 3227 848 3552 904; x_wconf 88' lang='lat' dir='ltr'><strong>ministrans</strong></span> <span class='ocrx_word' id='word_1_165' title='bbox 3578 851 3647 914; x_wconf 82' lang='lat'><strong>&quot;,</strong></span> 
     </span>
    </p>
   </div>
   <div class='ocr_carea' id='block_1_26' title="bbox 2064 937 3648 1006">
    <p class='ocr_par' dir='ltr' id='par_1_26' title="bbox 2064 937 3648 1006">
     <span class='ocr_line' id='line_1_26' title="bbox 2064 937 3648 1006; baseline 0.003 -17"><span class='ocrx_word' id='word_1_166' title='bbox 2064 939 2156 1006; x_wconf 87' lang='lat' dir='ltr'><strong>qui</strong></span> <span class='ocrx_word' id='word_1_167' title='bbox 2192 937 2334 989; x_wconf 88' lang='lat' dir='ltr'><strong>illam</strong></span> <span class='ocrx_word' id='word_1_168' title='bbox 2357 938 2521 990; x_wconf 90' lang='lat' dir='ltr'><strong>animi</strong></span> <span class='ocrx_word' id='word_1_169' title='bbox 2545 938 2869 1006; x_wconf 77' lang='lat' dir='ltr'><strong>pendentem</strong></span> <span class='ocrx_word' id='word_1_170' title='bbox 2895 951 2958 989; x_wconf 85' lang='lat' dir='ltr'><strong>ac</strong></span> <span class='ocrx_word' id='word_1_171' title='bbox 2987 938 3328 990; x_wconf 78' lang='lat' dir='ltr'><strong>deiicientem</strong></span> <span class='ocrx_word' id='word_1_172' title='bbox 3353 940 3648 994; x_wconf 83' lang='lat' dir='ltr'><strong>solaretur.</strong></span> 
     </span>
    </p>
   </div>
   <div class='ocr_carea' id='block_1_27' title="bbox 2065 1030 3648 1102">
    <p class='ocr_par' dir='ltr' id='par_1_27' title="bbox 2065 1030 3648 1102">
     <span class='ocr_line' id='line_1_27' title="bbox 2065 1030 3648 1102; baseline 0 -19"><span class='ocrx_word' id='word_1_173' title='bbox 2065 1033 2412 1084; x_wconf 85' lang='lat' dir='ltr'><strong>Tantnmuon</strong></span> <span class='ocrx_word' id='word_1_174' title='bbox 2463 1030 2602 1084; x_wconf 87' lang='lat' dir='ltr'><strong>hanc</strong></span> <span class='ocrx_word' id='word_1_175' title='bbox 2632 1045 2818 1084; x_wconf 87' lang='lat' dir='ltr'><strong>vocem</strong></span> <span class='ocrx_word' id='word_1_176' title='bbox 2845 1031 3097 1081; x_wconf 80' lang='lat' dir='ltr'><strong>mittente</strong></span> <span class='ocrx_word' id='word_1_177' title='bbox 3121 1031 3369 1094; x_wconf 84' lang='lat' dir='ltr'><strong>historia,</strong></span> <span class='ocrx_word' id='word_1_178' title='bbox 3393 1048 3648 1102; x_wconf 81' lang='lat' dir='ltr'><strong>magnum</strong></span> 
     </span>
    </p>
   </div>
   <div class='ocr_carea' id='block_1_28' title="bbox 2063 1119 3646 1185">
    <p class='ocr_par' dir='ltr' id='par_1_28' title="bbox 2063 1119 3646 1185">
     <span class='ocr_line' id='line_1_28' title="bbox 2063 1119 3646 1185; baseline 0.001 -13"><span class='ocrx_word' id='word_1_179' title='bbox 2063 1135 2184 1172; x_wconf 86' lang='lat' dir='ltr'><strong>esse</strong></span> <span class='ocrx_word' id='word_1_180' title='bbox 2233 1119 2530 1172; x_wconf 59' lang='lat' dir='ltr'><strong>discrimen</strong></span> <span class='ocrx_word' id='word_1_181' title='bbox 2567 1121 2711 1171; x_wconf 87' lang='lat' dir='ltr'><strong>inter</strong></span> <span class='ocrx_word' id='word_1_182' title='bbox 2763 1120 3126 1172; x_wconf 83' lang='lat' dir='ltr'><strong>ministerium</strong></span> <span class='ocrx_word' id='word_1_183' title='bbox 3179 1131 3228 1172; x_wconf 90' lang='lat' dir='ltr'><strong>et</strong></span> <span class='ocrx_word' id='word_1_184' title='bbox 3283 1122 3646 1185; x_wconf 78' lang='lat' dir='ltr'><strong>creationem,</strong></span> 
     </span>
    </p>
   </div>
   <div class='ocr_carea' id='block_1_29' title="bbox 2066 1212 3652 1278">
    <p class='ocr_par' dir='ltr' id='par_1_29' title="bbox 2066 1212 3652 1278">
     <span class='ocr_line' id='line_1_29' title="bbox 2066 1212 3652 1278; baseline 0.002 -14"><span class='ocrx_word' id='word_1_185' title='bbox 2066 1213 2314 1278; x_wconf 83' lang='lat' dir='ltr'><strong>interque</strong></span> <span class='ocrx_word' id='word_1_186' title='bbox 2344 1212 2660 1264; x_wconf 79' lang='lat' dir='ltr'><strong>Creatorem</strong></span> <span class='ocrx_word' id='word_1_187' title='bbox 2715 1220 2768 1263; x_wconf 84' lang='lat' dir='ltr'><strong>et.</strong></span> <span class='ocrx_word' id='word_1_188' title='bbox 2813 1226 2898 1264; x_wconf 87' lang='lat' dir='ltr'><strong>res</strong></span> <span class='ocrx_word' id='word_1_189' title='bbox 2926 1221 3160 1264; x_wconf 86' lang='lat' dir='ltr'><strong>creatas.</strong></span> <span class='ocrx_word' id='word_1_190' title='bbox 3199 1212 3329 1264; x_wconf 90' lang='lat' dir='ltr'><strong>Illud</strong></span> <span class='ocrx_word' id='word_1_191' title='bbox 3364 1214 3508 1266; x_wconf 90' lang='lat' dir='ltr'><strong>enim</strong></span> <span class='ocrx_word' id='word_1_192' title='bbox 3555 1215 3652 1267; x_wconf 75' lang='lat' dir='ltr'><strong>do-</strong></span> 
     </span>
    </p>
   </div>
   <div class='ocr_carea' id='block_1_30' title="bbox 2065 1303 3710 1372">
    <p class='ocr_par' dir='ltr' id='par_1_30' title="bbox 2065 1303 3710 1372">
     <span class='ocr_line' id='line_1_30' title="bbox 2065 1303 3710 1372; baseline -0.003 -15"><span class='ocrx_word' id='word_1_193' title='bbox 2065 1304 2380 1357; x_wconf 88' lang='lat' dir='ltr'><strong>minationis</strong></span> <span class='ocrx_word' id='word_1_194' title='bbox 2409 1314 2488 1357; x_wconf 89' lang='lat' dir='ltr'><strong>est</strong></span> <span class='ocrx_word' id='word_1_195' title='bbox 2533 1313 2695 1371; x_wconf 85' lang='lat' dir='ltr'><strong>atque</strong></span> <span class='ocrx_word' id='word_1_196' title='bbox 2725 1303 2934 1372; x_wconf 88' lang='lat' dir='ltr'><strong>imperii</strong></span> <span class='ocrx_word' id='word_1_197' title='bbox 2963 1319 2977 1366; x_wconf 88' lang='lat'><strong>;</strong></span> <span class='ocrx_word' id='word_1_198' title='bbox 3014 1305 3115 1356; x_wconf 89' lang='lat' dir='ltr'><strong>hoc</strong></span> <span class='ocrx_word' id='word_1_199' title='bbox 3162 1315 3294 1357; x_wconf 83' lang='lat' dir='ltr'><strong>vero</strong></span> <span class='ocrx_word' id='word_1_200' title='bbox 3327 1304 3651 1359; x_wconf 75' lang='lat' dir='ltr'><strong>obedientite</strong></span> <span class='ocrx_word' id='word_1_201' title='bbox 3706 1347 3710 1352; x_wconf 92' lang='lat'><strong>.</strong></span> 
     </span>
    </p>
   </div>
   <div class='ocr_carea' id='block_1_31' title="bbox 2063 1395 3652 1464">
    <p class='ocr_par' dir='ltr' id='par_1_31' title="bbox 2063 1395 3652 1464">
     <span class='ocr_line' id='line_1_31' title="bbox 2063 1395 3652 1464; baseline 0.002 -16"><span class='ocrx_word' id='word_1_202' title='bbox 2063 1412 2127 1449; x_wconf 89' lang='lat' dir='ltr'><strong>ac</strong></span> <span class='ocrx_word' id='word_1_203' title='bbox 2159 1396 2464 1450; x_wconf 81' lang='lat' dir='ltr'><strong>servitutis.</strong></span> <span class='ocrx_word' id='word_1_204' title='bbox 2489 1395 2852 1462; x_wconf 79' lang='lat' dir='ltr'><strong>Quamobrem</strong></span> <span class='ocrx_word' id='word_1_205' title='bbox 2882 1405 2937 1448; x_wconf 90' lang='lat' dir='ltr'><strong>et</strong></span> <span class='ocrx_word' id='word_1_206' title='bbox 2969 1395 3166 1448; x_wconf 82' lang='lat' dir='ltr'><strong>Paulus</strong></span> <span class='ocrx_word' id='word_1_207' title='bbox 3196 1406 3394 1464; x_wconf 60' lang='lat' dir='ltr'><strong>praeter</strong></span> <span class='ocrx_word' id='word_1_208' title='bbox 3426 1410 3652 1451; x_wconf 63' lang='lat' dir='ltr'><strong>caeteros</strong></span> 
     </span>
    </p>
   </div>
   <div class='ocr_carea' id='block_1_32' title="bbox 2065 1487 3653 1555">
    <p class='ocr_par' dir='ltr' id='par_1_32' title="bbox 2065 1487 3653 1555">
     <span class='ocr_line' id='line_1_32' title="bbox 2065 1487 3653 1555; baseline 0 -13"><span class='ocrx_word' id='word_1_209' title='bbox 2065 1490 2197 1555; x_wconf 74' lang='lat' dir='ltr'><strong>legis</strong></span> <span class='ocrx_word' id='word_1_210' title='bbox 2237 1489 2376 1541; x_wconf 87' lang='lat' dir='ltr'><strong>bene</strong></span> <span class='ocrx_word' id='word_1_211' title='bbox 2417 1490 2662 1554; x_wconf 86' lang='lat' dir='ltr'><strong>peritus:</strong></span> <span class='ocrx_word' id='word_1_212' title='bbox 2703 1487 2889 1540; x_wconf 80' lang='lat' dir='ltr'><strong>Nonne</strong></span> <span class='ocrx_word' id='word_1_213' title='bbox 2938 1502 3116 1539; x_wconf 76' lang='lat' dir='ltr'><strong>omnes</strong></span> <span class='ocrx_word' id='word_1_214' title='bbox 3144 1501 3264 1539; x_wconf 82' lang='lat' dir='ltr'><strong>sunt</strong></span> <span class='ocrx_word' id='word_1_215' title='bbox 3303 1491 3653 1542; x_wconf 78' lang='lat' dir='ltr'><strong>administra-</strong></span> 
     </span>
    </p>
   </div>
   <div class='ocr_carea' id='block_1_33' title="bbox 2064 1580 3647 1647">
    <p class='ocr_par' dir='ltr' id='par_1_33' title="bbox 2064 1580 3647 1647">
     <span class='ocr_line' id='line_1_33' title="bbox 2064 1580 3647 1647; baseline 0.001 -13"><span class='ocrx_word' id='word_1_216' title='bbox 2064 1583 2184 1634; x_wconf 88' lang='lat' dir='ltr'><strong>torii</strong></span> <span class='ocrx_word' id='word_1_217' title='bbox 2218 1580 2472 1647; x_wconf 77' lang='lat' dir='ltr'><strong>Spiritus,</strong></span> <span class='ocrx_word' id='word_1_218' title='bbox 2517 1583 2572 1634; x_wconf 86' lang='lat' dir='ltr'><strong>in</strong></span> <span class='ocrx_word' id='word_1_219' title='bbox 2603 1582 2953 1633; x_wconf 75' lang='lat' dir='ltr'><strong>ministerium</strong></span> <span class='ocrx_word' id='word_1_220' title='bbox 2993 1581 3142 1633; x_wconf 78' lang='lat' dir='ltr'><strong>missi</strong></span> <span class='ocrx_word' id='word_1_221' title='bbox 3169 1582 3261 1633; x_wconf 86' lang='lat'><strong>&quot;?</strong></span> <span class='ocrx_word' id='word_1_222' title='bbox 3297 1582 3647 1636; x_wconf 79' lang='lat' dir='ltr'><strong>exclamavit.</strong></span> 
     </span>
    </p>
   </div>
   <div class='ocr_carea' id='block_1_34' title="bbox 2064 1672 3652 1740">
    <p class='ocr_par' dir='ltr' id='par_1_34' title="bbox 2064 1672 3652 1740">
     <span class='ocr_line' id='line_1_34' title="bbox 2064 1672 3652 1740; baseline -0.002 -14"><span class='ocrx_word' id='word_1_223' title='bbox 2064 1673 2174 1727; x_wconf 86' lang='lat' dir='ltr'><strong>llac</strong></span> <span class='ocrx_word' id='word_1_224' title='bbox 2218 1674 2384 1740; x_wconf 84' lang='lat' dir='ltr'><strong>igitur</strong></span> <span class='ocrx_word' id='word_1_225' title='bbox 2417 1674 2483 1725; x_wconf 89' lang='lat' dir='ltr'><strong>de</strong></span> <span class='ocrx_word' id='word_1_226' title='bbox 2513 1687 2699 1731; x_wconf 81' lang='lat' dir='ltr'><strong>causa,</strong></span> <span class='ocrx_word' id='word_1_227' title='bbox 2734 1681 2792 1723; x_wconf 92' lang='lat' dir='ltr'><strong>ut</strong></span> <span class='ocrx_word' id='word_1_228' title='bbox 2825 1672 3086 1727; x_wconf 75' lang='lat' dir='ltr'><strong>diximus.</strong></span> <span class='ocrx_word' id='word_1_229' title='bbox 3138 1672 3454 1737; x_wconf 73' lang='lat' dir='ltr'><strong>angelorum</strong></span> <span class='ocrx_word' id='word_1_230' title='bbox 3495 1688 3652 1726; x_wconf 87' lang='lat' dir='ltr'><strong>crea-</strong></span> 
     </span>
    </p>
   </div>
   <div class='ocr_carea' id='block_1_35' title="bbox 2067 1763 3650 1831">
    <p class='ocr_par' dir='ltr' id='par_1_35' title="bbox 2067 1763 3650 1831">
     <span class='ocr_line' id='line_1_35' title="bbox 2067 1763 3650 1831; baseline 0.001 -15"><span class='ocrx_word' id='word_1_231' title='bbox 2067 1766 2268 1819; x_wconf 82' lang='lat' dir='ltr'><strong>tionem</strong></span> <span class='ocrx_word' id='word_1_232' title='bbox 2306 1764 2462 1818; x_wconf 88' lang='lat' dir='ltr'><strong>initio</strong></span> <span class='ocrx_word' id='word_1_233' title='bbox 2498 1763 2728 1817; x_wconf 85' lang='lat' dir='ltr'><strong>historia</strong></span> <span class='ocrx_word' id='word_1_234' title='bbox 2771 1779 2876 1815; x_wconf 92' lang='lat' dir='ltr'><strong>non</strong></span> <span class='ocrx_word' id='word_1_235' title='bbox 2915 1764 3113 1831; x_wconf 76' lang='lat' dir='ltr'><strong>attigit.</strong></span> <span class='ocrx_word' id='word_1_236' title='bbox 3146 1764 3275 1827; x_wconf 72' lang='lat' dir='ltr'><strong>Qua:</strong></span> <span class='ocrx_word' id='word_1_237' title='bbox 3309 1764 3526 1830; x_wconf 87' lang='lat' dir='ltr'><strong>quidem</strong></span> <span class='ocrx_word' id='word_1_238' title='bbox 3559 1765 3650 1818; x_wconf 89' lang='lat' dir='ltr'><strong>ttbi</strong></span> 
     </span>
    </p>
   </div>
   <div class='ocr_carea' id='block_1_36' title="bbox 2066 1851 3651 1921">
    <p class='ocr_par' dir='ltr' id='par_1_36' title="bbox 2066 1851 3651 1921">
     <span class='ocr_line' id='line_1_36' title="bbox 2066 1851 3651 1921; baseline 0 -13"><span class='ocrx_word' id='word_1_239' title='bbox 2066 1855 2252 1908; x_wconf 89' lang='lat' dir='ltr'><strong>retulit</strong></span> <span class='ocrx_word' id='word_1_240' title='bbox 2281 1865 2493 1918; x_wconf 79' lang='lat' dir='ltr'><strong>auctor,</strong></span> <span class='ocrx_word' id='word_1_241' title='bbox 2533 1853 2751 1920; x_wconf 85' lang='lat' dir='ltr'><strong>aliaque</strong></span> <span class='ocrx_word' id='word_1_242' title='bbox 2778 1851 3050 1917; x_wconf 78' lang='lat' dir='ltr'><strong>adiunxit,</strong></span> <span class='ocrx_word' id='word_1_243' title='bbox 3085 1866 3208 1920; x_wconf 66' lang='lat' dir='ltr'><strong>quae</strong></span> <span class='ocrx_word' id='word_1_244' title='bbox 3239 1853 3393 1918; x_wconf 87' lang='lat' dir='ltr'><strong>(mihi</strong></span> <span class='ocrx_word' id='word_1_245' title='bbox 3432 1853 3651 1921; x_wconf 81' lang='lat' dir='ltr'><strong>saltent)</strong></span> 
     </span>
    </p>
   </div>
   <div class='ocr_carea' id='block_1_37' title="bbox 2065 1944 3655 2014">
    <p class='ocr_par' dir='ltr' id='par_1_37' title="bbox 2065 1944 3655 2014">
     <span class='ocr_line' id='line_1_37' title="bbox 2065 1944 3655 2014; baseline 0.001 -16"><span class='ocrx_word' id='word_1_246' title='bbox 2065 1960 2408 2014; x_wconf 82' lang='lat' dir='ltr'><strong>nequaquam</strong></span> <span class='ocrx_word' id='word_1_247' title='bbox 2436 1959 2498 1998; x_wconf 82' lang='lat' dir='ltr'><strong>ea</strong></span> <span class='ocrx_word' id='word_1_248' title='bbox 2521 1946 2776 1998; x_wconf 88' lang='lat' dir='ltr'><strong>videntur</strong></span> <span class='ocrx_word' id='word_1_249' title='bbox 2796 1944 2862 1996; x_wconf 89' lang='lat' dir='ltr'><strong>ad</strong></span> <span class='ocrx_word' id='word_1_250' title='bbox 2921 1960 3034 1997; x_wconf 88' lang='lat' dir='ltr'><strong>rem</strong></span> <span class='ocrx_word' id='word_1_251' title='bbox 3071 1945 3406 2012; x_wconf 76' lang='lat' dir='ltr'><strong>propositam</strong></span> <span class='ocrx_word' id='word_1_252' title='bbox 3459 1945 3655 2000; x_wconf 79' lang='lat' dir='ltr'><strong>aﬂ&#39;erre</strong></span> 
     </span>
    </p>
   </div>
   <div class='ocr_carea' id='block_1_38' title="bbox 2061 2037 3639 2106">
    <p class='ocr_par' dir='ltr' id='par_1_38' title="bbox 2061 2037 3639 2106">
     <span class='ocr_line' id='line_1_38' title="bbox 2061 2037 3639 2106; baseline 0.001 -16"><span class='ocrx_word' id='word_1_253' title='bbox 2061 2052 2183 2106; x_wconf 67' lang='lat' dir='ltr'><strong>quae</strong></span> <span class='ocrx_word' id='word_1_254' title='bbox 2218 2039 2524 2092; x_wconf 80' lang='lat' dir='ltr'><strong>necessaria</strong></span> <span class='ocrx_word' id='word_1_255' title='bbox 2559 2048 2739 2099; x_wconf 87' lang='lat' dir='ltr'><strong>erant,</strong></span> <span class='ocrx_word' id='word_1_256' title='bbox 2764 2038 2982 2090; x_wconf 87' lang='lat' dir='ltr'><strong>tertium</strong></span> <span class='ocrx_word' id='word_1_257' title='bbox 3013 2037 3228 2090; x_wconf 84' lang='lat' dir='ltr'><strong>tandem</strong></span> <span class='ocrx_word' id='word_1_258' title='bbox 3262 2037 3461 2090; x_wconf 87' lang='lat' dir='ltr'><strong>librum</strong></span> <span class='ocrx_word' id='word_1_259' title='bbox 3493 2037 3639 2092; x_wconf 84' lang='lat' dir='ltr'><strong>ﬁnit.</strong></span> 
     </span>
    </p>
   </div>
   <div class='ocr_carea' id='block_1_39' title="bbox 1419 2140 2678 2220">
    <p class='ocr_par' dir='ltr' id='par_1_39' title="bbox 1419 2140 2678 2220">
     <span class='ocr_line' id='line_1_39' title="bbox 1419 2140 2678 2220; baseline 0.007 -25"><span class='ocrx_word' id='word_1_260' title='bbox 1419 2140 1531 2195; x_wconf 79' lang='lat' dir='ltr'><strong>Lib.</strong></span> <span class='ocrx_word' id='word_1_261' title='bbox 1562 2157 1614 2194; x_wconf 85' lang='lat' dir='ltr'><strong>tv</strong></span> <span class='ocrx_word' id='word_1_262' title='bbox 1637 2153 1755 2198; x_wconf 88' lang='lat' dir='ltr'><strong>etv.</strong></span> <span class='ocrx_word' id='word_1_263' title='bbox 1785 2144 1897 2199; x_wconf 80' lang='lat' dir='ltr'><strong>Cur</strong></span> <span class='ocrx_word' id='word_1_264' title='bbox 1937 2145 2112 2202; x_wconf 80' lang='lat' dir='ltr'><strong>Filius</strong></span> <span class='ocrx_word' id='word_1_265' title='bbox 2154 2149 2254 2204; x_wconf 83' lang='lat' dir='ltr'><strong>Dei</strong></span> <span class='ocrx_word' id='word_1_266' title='bbox 2290 2151 2442 2203; x_wconf 83' lang='lat' dir='ltr'><strong>homo</strong></span> <span class='ocrx_word' id='word_1_267' title='bbox 2484 2151 2678 2220; x_wconf 75' lang='lat' dir='ltr'><strong>factus.</strong></span> 
     </span>
    </p>
   </div>
   <div class='ocr_carea' id='block_1_40' title="bbox 440 2258 1948 2336">
    <p class='ocr_par' dir='ltr' id='par_1_40' title="bbox 440 2258 1948 2336">
     <span class='ocr_line' id='line_1_40' title="bbox 440 2258 1948 2336; baseline 0 -21"><span class='ocrx_word' id='word_1_268' title='bbox 440 2261 566 2336; x_wconf 87' lang='grc'><strong>[601</strong></span> <span class='ocrx_word' id='word_1_269' title='bbox 601 2259 697 2334; x_wconf 64' lang='grc' dir='ltr'>ιι]</span> <span class='ocrx_word' id='word_1_270' title='bbox 741 2259 798 2314; x_wconf 85' lang='lat'><strong>&#39;0</strong></span> <span class='ocrx_word' id='word_1_271' title='bbox 827 2260 883 2313; x_wconf 81' lang='grc' dir='ltr'><strong>δὲ</strong></span> <span class='ocrx_word' id='word_1_272' title='bbox 912 2259 955 2313; x_wconf 84' lang='grc' dir='ltr'>δ’</span> <span class='ocrx_word' id='word_1_273' title='bbox 983 2258 1130 2329; x_wconf 83' lang='grc' dir='ltr'>αύτῷ</span> <span class='ocrx_word' id='word_1_274' title='bbox 1161 2258 1256 2312; x_wconf 74' lang='grc' dir='ltr'><strong>καὶ</strong></span> <span class='ocrx_word' id='word_1_275' title='bbox 1289 2259 1445 2328; x_wconf 29' lang='grc' dir='ltr'>ε’,τοῦ</span> <span class='ocrx_word' id='word_1_276' title='bbox 1474 2259 1680 2330; x_wconf 79' lang='grc' dir='ltr'>βιϐλίου</span> <span class='ocrx_word' id='word_1_277' title='bbox 1701 2261 1743 2292; x_wconf 79' lang='grc'>¹⁶</span> <span class='ocrx_word' id='word_1_278' title='bbox 1769 2262 1948 2331; x_wconf 83' lang='grc' dir='ltr'>λόγος,</span> 
     </span>
    </p>
   </div>
   <div class='ocr_carea' id='block_1_41' title="bbox 360 2351 1952 2425">
    <p class='ocr_par' dir='ltr' id='par_1_41' title="bbox 360 2351 1952 2425">
     <span class='ocr_line' id='line_1_41' title="bbox 360 2351 1952 2425; baseline 0.001 -18"><span class='ocrx_word' id='word_1_279' title='bbox 360 2358 426 2407; x_wconf 71' lang='grc' dir='ltr'>ἐν</span> <span class='ocrx_word' id='word_1_280' title='bbox 474 2355 598 2407; x_wconf 74' lang='grc' dir='ltr'>δυσὶ</span> <span class='ocrx_word' id='word_1_281' title='bbox 643 2352 959 2422; x_wconf 81' lang='grc' dir='ltr'>κεφαλαίοις</span> <span class='ocrx_word' id='word_1_282' title='bbox 1012 2351 1515 2421; x_wconf 78' lang='grc' dir='ltr'>περιγραφόμενος,</span> <span class='ocrx_word' id='word_1_283' title='bbox 1569 2352 1718 2406; x_wconf 81' lang='grc' dir='ltr'>οὐδὲν</span> <span class='ocrx_word' id='word_1_284' title='bbox 1766 2355 1952 2425; x_wconf 75' lang='grc' dir='ltr'>ἕτερον</span> 
     </span>
    </p>
   </div>
   <div class='ocr_carea' id='block_1_42' title="bbox 360 2441 1952 2518">
    <p class='ocr_par' dir='ltr' id='par_1_42' title="bbox 360 2441 1952 2518">
     <span class='ocr_line' id='line_1_42' title="bbox 360 2441 1952 2518; baseline -0.002 -16"><span class='ocrx_word' id='word_1_285' title='bbox 360 2446 725 2516; x_wconf 76' lang='grc' dir='ltr'>διαλαμϐάνει</span> <span class='ocrx_word' id='word_1_286' title='bbox 753 2445 785 2516; x_wconf 83' lang='grc' dir='ltr'>ἢ</span> <span class='ocrx_word' id='word_1_287' title='bbox 819 2447 900 2499; x_wconf 81' lang='grc' dir='ltr'>ὅτι</span> <span class='ocrx_word' id='word_1_288' title='bbox 926 2447 1034 2498; x_wconf 81' lang='grc' dir='ltr'>τῶν</span> <span class='ocrx_word' id='word_1_289' title='bbox 1060 2443 1528 2513; x_wconf 77' lang='grc' dir='ltr'>πρεπωδεστάτων</span> <span class='ocrx_word' id='word_1_290' title='bbox 1547 2441 1614 2516; x_wconf 85' lang='grc' dir='ltr'>ἧν</span> <span class='ocrx_word' id='word_1_291' title='bbox 1641 2445 1739 2516; x_wconf 75' lang='grc' dir='ltr'><strong>τὴν</strong></span> <span class='ocrx_word' id='word_1_292' title='bbox 1773 2448 1952 2518; x_wconf 79' lang='grc' dir='ltr'>ἀπαρ-</span> 
     </span>
    </p>
   </div>
   <div class='ocr_carea' id='block_1_43' title="bbox 364 2536 1954 2608">
    <p class='ocr_par' dir='ltr' id='par_1_43' title="bbox 364 2536 1954 2608">
     <span class='ocr_line' id='line_1_43' title="bbox 364 2536 1954 2608; baseline 0 -14"><span class='ocrx_word' id='word_1_293' title='bbox 364 2538 764 2594; x_wconf 69' lang='grc' dir='ltr'>άλλακτονκαὶ</span> <span class='ocrx_word' id='word_1_294' title='bbox 805 2538 1042 2608; x_wconf 81' lang='grc' dir='ltr'>φυσικὴν</span> <span class='ocrx_word' id='word_1_295' title='bbox 1067 2537 1250 2588; x_wconf 88' lang='grc' dir='ltr'>εἰκόνα</span> <span class='ocrx_word' id='word_1_296' title='bbox 1293 2536 1386 2588; x_wconf 83' lang='grc' dir='ltr'><strong>τοῦ</strong></span> <span class='ocrx_word' id='word_1_297' title='bbox 1419 2537 1629 2607; x_wconf 77' lang='grc' dir='ltr'>Πατρὸς</span> <span class='ocrx_word' id='word_1_298' title='bbox 1660 2540 1804 2608; x_wconf 80' lang='grc' dir='ltr'>ἡμᾶς</span> <span class='ocrx_word' id='word_1_299' title='bbox 1829 2543 1954 2604; x_wconf 76' lang='grc' dir='ltr'>τοὺς</span> 
     </span>
    </p>
   </div>
   <div class='ocr_carea' id='block_1_44' title="bbox 364 2629 1957 2706">
    <p class='ocr_par' dir='ltr' id='par_1_44' title="bbox 364 2629 1957 2706">
     <span class='ocr_line' id='line_1_44' title="bbox 364 2629 1957 2706; baseline -0.006 -22"><span class='ocrx_word' id='word_1_300' title='bbox 364 2633 492 2684; x_wconf 85' lang='grc' dir='ltr'>κατ’</span> <span class='ocrx_word' id='word_1_301' title='bbox 519 2631 703 2684; x_wconf 78' lang='grc' dir='ltr'>εἰκόνα</span> <span class='ocrx_word' id='word_1_302' title='bbox 740 2629 838 2699; x_wconf 85' lang='grc' dir='ltr'><strong>μὲν</strong></span> <span class='ocrx_word' id='word_1_303' title='bbox 867 2629 1181 2697; x_wconf 76' lang='grc' dir='ltr'>γεγονότας,</span> <span class='ocrx_word' id='word_1_304' title='bbox 1211 2631 1305 2682; x_wconf 73' lang='grc' dir='ltr'>τὸν</span> <span class='ocrx_word' id='word_1_305' title='bbox 1333 2630 1386 2682; x_wconf 82' lang='grc' dir='ltr'><strong>δὲ</strong></span> <span class='ocrx_word' id='word_1_306' title='bbox 1417 2634 1742 2704; x_wconf 75' lang='grc' dir='ltr'>χαρακτῆρα</span> <span class='ocrx_word' id='word_1_307' title='bbox 1771 2635 1957 2706; x_wconf 72' lang='grc' dir='ltr'>κιϐδη..</span> 
     </span>
    </p>
   </div>
   <div class='ocr_carea' id='block_1_45' title="bbox 364 2719 1959 2795">
    <p class='ocr_par' dir='ltr' id='par_1_45' title="bbox 364 2719 1959 2795">
     <span class='ocr_line' id='line_1_45' title="bbox 364 2719 1959 2795; baseline 0.004 -21"><span class='ocrx_word' id='word_1_308' title='bbox 364 2723 690 2783; x_wconf 83' lang='grc' dir='ltr'>λεύσαντας,</span> <span class='ocrx_word' id='word_1_309' title='bbox 719 2719 924 2790; x_wconf 87' lang='grc' dir='ltr'>ταύτην</span> <span class='ocrx_word' id='word_1_310' title='bbox 958 2721 1104 2790; x_wconf 79' lang='grc' dir='ltr'>ἡμᾶς</span> <span class='ocrx_word' id='word_1_311' title='bbox 1131 2721 1484 2792; x_wconf 77' lang='grc' dir='ltr'>ἀποκαθᾶραί</span> <span class='ocrx_word' id='word_1_312' title='bbox 1513 2741 1570 2776; x_wconf 87' lang='grc' dir='ltr'><strong>τε</strong></span> <span class='ocrx_word' id='word_1_313' title='bbox 1599 2725 1708 2777; x_wconf 82' lang='grc' dir='ltr'><strong>τῶν</strong></span> <span class='ocrx_word' id='word_1_314' title='bbox 1731 2727 1959 2795; x_wconf 86' lang='grc' dir='ltr'>κηλιδω-</span> 
     </span>
    </p>
   </div>
   <div class='ocr_carea' id='block_1_46' title="bbox 369 2809 1955 2884">
    <p class='ocr_par' dir='ltr' id='par_1_46' title="bbox 369 2809 1955 2884">
     <span class='ocr_line' id='line_1_46' title="bbox 369 2809 1955 2884; baseline -0.001 -20"><span class='ocrx_word' id='word_1_315' title='bbox 369 2811 562 2884; x_wconf 78' lang='grc' dir='ltr'>μάτων</span> <span class='ocrx_word' id='word_1_316' title='bbox 589 2813 681 2863; x_wconf 75' lang='grc' dir='ltr'><strong>καὶ</strong></span> <span class='ocrx_word' id='word_1_317' title='bbox 707 2811 785 2873; x_wconf 85' lang='grc' dir='ltr'><strong>εἰς</strong></span> <span class='ocrx_word' id='word_1_318' title='bbox 818 2809 879 2861; x_wconf 83' lang='grc' dir='ltr'><strong>τὸ</strong></span> <span class='ocrx_word' id='word_1_319' title='bbox 912 2809 1138 2878; x_wconf 80' lang='grc' dir='ltr'>ἀρχαῖον</span> <span class='ocrx_word' id='word_1_320' title='bbox 1179 2809 1376 2872; x_wconf 82' lang='grc' dir='ltr'>κάλλος</span> <span class='ocrx_word' id='word_1_321' title='bbox 1408 2810 1912 2881; x_wconf 74' lang='grc' dir='ltr'>ἀναμορφώσασθαι</span> <span class='ocrx_word' id='word_1_322' title='bbox 1942 2831 1955 2844; x_wconf 78' lang='grc' dir='ltr'><strong>ο</strong></span> 
     </span>
    </p>
   </div>
   <div class='ocr_carea' id='block_1_47' title="bbox 366 2899 1958 2970">
    <p class='ocr_par' dir='ltr' id='par_1_47' title="bbox 366 2899 1958 2970">
     <span class='ocr_line' id='line_1_47' title="bbox 366 2899 1958 2970; baseline 0.002 -15"><span class='ocrx_word' id='word_1_323' title='bbox 366 2903 466 2955; x_wconf 68' lang='grc' dir='ltr'><strong>καὶ</strong></span> <span class='ocrx_word' id='word_1_324' title='bbox 513 2903 590 2965; x_wconf 83' lang='grc' dir='ltr'><strong>ὡς</strong></span> <span class='ocrx_word' id='word_1_325' title='bbox 638 2901 742 2953; x_wconf 80' lang='grc' dir='ltr'>ἔδει</span> <span class='ocrx_word' id='word_1_326' title='bbox 795 2902 895 2969; x_wconf 77' lang='grc' dir='ltr'><strong>τὴν</strong></span> <span class='ocrx_word' id='word_1_327' title='bbox 938 2899 1116 2970; x_wconf 82' lang='grc' dir='ltr'>ἀληθῆ</span> <span class='ocrx_word' id='word_1_328' title='bbox 1151 2901 1246 2954; x_wconf 78' lang='grc' dir='ltr'><strong>καὶ</strong></span> <span class='ocrx_word' id='word_1_329' title='bbox 1275 2902 1640 2956; x_wconf 85' lang='grc' dir='ltr'>ὲνυπόστατον</span> <span class='ocrx_word' id='word_1_330' title='bbox 1684 2904 1779 2956; x_wconf 80' lang='grc' dir='ltr'>τοῦ</span> <span class='ocrx_word' id='word_1_331' title='bbox 1825 2903 1958 2958; x_wconf 76' lang='grc' dir='ltr'>Θεοῦ</span> 
     </span>
    </p>
   </div>
   <div class='ocr_carea' id='block_1_48' title="bbox 368 2991 1960 3066">
    <p class='ocr_par' dir='ltr' id='par_1_48' title="bbox 368 2991 1960 3066">
     <span class='ocr_line' id='line_1_48' title="bbox 368 2991 1960 3066; baseline 0.001 -19"><span class='ocrx_word' id='word_1_332' title='bbox 368 2995 569 3064; x_wconf 82' lang='grc' dir='ltr'>σοφίαν</span> <span class='ocrx_word' id='word_1_333' title='bbox 591 2995 717 3056; x_wconf 74' lang='grc' dir='ltr'>τοὺς</span> <span class='ocrx_word' id='word_1_334' title='bbox 741 2994 820 3053; x_wconf 83' lang='grc' dir='ltr'><strong>εἰς</strong></span> <span class='ocrx_word' id='word_1_335' title='bbox 844 2991 1067 3059; x_wconf 75' lang='grc' dir='ltr'>ἀλογίαν</span> <span class='ocrx_word' id='word_1_336' title='bbox 1099 2992 1561 3063; x_wconf 84' lang='grc' dir='ltr'>παρατραπέντας</span> <span class='ocrx_word' id='word_1_337' title='bbox 1589 2995 1684 3047; x_wconf 78' lang='grc' dir='ltr'><strong>καὶ</strong></span> <span class='ocrx_word' id='word_1_338' title='bbox 1709 2996 1846 3066; x_wconf 75' lang='grc' dir='ltr'>πρὸς</span> <span class='ocrx_word' id='word_1_339' title='bbox 1868 2997 1960 3048; x_wconf 78' lang='grc' dir='ltr'>τὸν</span> 
     </span>
    </p>
   </div>
   <div class='ocr_carea' id='block_1_49' title="bbox 366 3083 1959 3157">
    <p class='ocr_par' dir='ltr' id='par_1_49' title="bbox 366 3083 1959 3157">
     <span class='ocr_line' id='line_1_49' title="bbox 366 3083 1959 3157; baseline -0.001 -20"><span class='ocrx_word' id='word_1_340' title='bbox 366 3104 512 3155; x_wconf 81' lang='grc' dir='ltr'>κτην</span> <span class='ocrx_word' id='word_1_341' title='bbox 537 3087 625 3153; x_wconf 89' lang='grc' dir='ltr'>’δη</span> <span class='ocrx_word' id='word_1_342' title='bbox 663 3085 774 3154; x_wconf 88' lang='grc' dir='ltr'>βίον</span> <span class='ocrx_word' id='word_1_343' title='bbox 808 3083 1215 3146; x_wconf 83' lang='grc' dir='ltr'>ἀπονεύσαντας</span> <span class='ocrx_word' id='word_1_344' title='bbox 1245 3083 1552 3149; x_wconf 66' lang='grc' dir='ltr'>ἀπαλλάξαι</span> <span class='ocrx_word' id='word_1_345' title='bbox 1596 3103 1655 3138; x_wconf 82' lang='grc' dir='ltr'><strong>τε</strong></span> <span class='ocrx_word' id='word_1_346' title='bbox 1702 3088 1800 3157; x_wconf 78' lang='grc' dir='ltr'><strong>τῆς</strong></span> <span class='ocrx_word' id='word_1_347' title='bbox 1835 3089 1959 3142; x_wconf 81' lang='grc' dir='ltr'>ἁλο-</span> 
     </span>
    </p>
   </div>
   <div class='ocr_carea' id='block_1_50' title="bbox 366 3175 1746 3246">
    <p class='ocr_par' dir='ltr' id='par_1_50' title="bbox 366 3175 1746 3246">
     <span class='ocr_line' id='line_1_50' title="bbox 366 3175 1746 3246; baseline 0.001 -16"><span class='ocrx_word' id='word_1_348' title='bbox 366 3179 497 3244; x_wconf 85' lang='grc' dir='ltr'>τίας</span> <span class='ocrx_word' id='word_1_349' title='bbox 533 3179 625 3229; x_wconf 70' lang='grc' dir='ltr'><strong>καὶ</strong></span> <span class='ocrx_word' id='word_1_350' title='bbox 656 3178 790 3246; x_wconf 82' lang='grc' dir='ltr'>πρὸς</span> <span class='ocrx_word' id='word_1_351' title='bbox 818 3176 878 3228; x_wconf 80' lang='grc' dir='ltr'>τὺ</span> <span class='ocrx_word' id='word_1_352' title='bbox 905 3175 1088 3243; x_wconf 81' lang='grc' dir='ltr'>νοερὸν</span> <span class='ocrx_word' id='word_1_353' title='bbox 1114 3176 1480 3243; x_wconf 78' lang='grc' dir='ltr'>ἐπαναγαγεῖν</span> <span class='ocrx_word' id='word_1_354' title='bbox 1506 3175 1746 3246; x_wconf 82' lang='grc' dir='ltr'>ἀξίωμα.</span> 
     </span>
    </p>
   </div>
   <div class='ocr_carea' id='block_1_51' title="bbox 2131 2263 3654 2335">
    <p class='ocr_par' dir='ltr' id='par_1_51' title="bbox 2131 2263 3654 2335">
     <span class='ocr_line' id='line_1_51' title="bbox 2131 2263 3654 2335; baseline 0.002 -19"><span class='ocrx_word' id='word_1_355' title='bbox 2131 2267 2369 2332; x_wconf 86' lang='lat' dir='ltr'><strong>Quartus</strong></span> <span class='ocrx_word' id='word_1_356' title='bbox 2415 2283 2541 2318; x_wconf 86' lang='lat' dir='ltr'><strong>vero</strong></span> <span class='ocrx_word' id='word_1_357' title='bbox 2589 2275 2643 2319; x_wconf 86' lang='lat' dir='ltr'><strong>et</strong></span> <span class='ocrx_word' id='word_1_358' title='bbox 2678 2277 2899 2335; x_wconf 88' lang='lat' dir='ltr'><strong>qmutus</strong></span> <span class='ocrx_word' id='word_1_359' title='bbox 2949 2265 3087 2320; x_wconf 90' lang='lat' dir='ltr'><strong>liber</strong></span> <span class='ocrx_word' id='word_1_360' title='bbox 3123 2264 3336 2318; x_wconf 83' lang='lat' dir='ltr'><strong>duobus</strong></span> <span class='ocrx_word' id='word_1_361' title='bbox 3381 2263 3654 2331; x_wconf 79' lang='lat' dir='ltr'><strong>capitibus</strong></span> 
     </span>
    </p>
   </div>
   <div class='ocr_carea' id='block_1_52' title="bbox 2061 2353 3655 2428">
    <p class='ocr_par' dir='ltr' id='par_1_52' title="bbox 2061 2353 3655 2428">
     <span class='ocr_line' id='line_1_52' title="bbox 2061 2353 3655 2428; baseline -0.001 -18"><span class='ocrx_word' id='word_1_362' title='bbox 2061 2357 2385 2420; x_wconf 82' lang='lat' dir='ltr'><strong>abSulviltlr,</strong></span> <span class='ocrx_word' id='word_1_363' title='bbox 2413 2374 2587 2427; x_wconf 87' lang='lat' dir='ltr'><strong>neque</strong></span> <span class='ocrx_word' id='word_1_364' title='bbox 2613 2359 2758 2411; x_wconf 89' lang='lat' dir='ltr'><strong>aliud</strong></span> <span class='ocrx_word' id='word_1_365' title='bbox 2783 2357 2908 2427; x_wconf 87' lang='lat' dir='ltr'><strong>quid</strong></span> <span class='ocrx_word' id='word_1_366' title='bbox 2941 2357 3182 2426; x_wconf 80' lang='lat' dir='ltr'><strong>attingit,</strong></span> <span class='ocrx_word' id='word_1_367' title='bbox 3204 2371 3366 2426; x_wconf 86' lang='lat' dir='ltr'><strong>quam</strong></span> <span class='ocrx_word' id='word_1_368' title='bbox 3392 2353 3539 2428; x_wconf 90' lang='lat' dir='ltr'><strong>[cap.</strong></span> <span class='ocrx_word' id='word_1_369' title='bbox 3559 2354 3655 2428; x_wconf 65' lang='lat'><strong>90]</strong></span> 
     </span>
    </p>
   </div>
   <div class='ocr_carea' id='block_1_53' title="bbox 2061 2449 3655 2528">
    <p class='ocr_par' dir='ltr' id='par_1_53' title="bbox 2061 2449 3655 2528">
     <span class='ocr_line' id='line_1_53' title="bbox 2061 2449 3655 2528; baseline 0.001 -26"><span class='ocrx_word' id='word_1_370' title='bbox 2061 2452 2504 2528; x_wconf 82' lang='lat' dir='ltr'><strong>decentissimum</strong></span> <span class='ocrx_word' id='word_1_371' title='bbox 2560 2451 2763 2514; x_wconf 75' lang='lat' dir='ltr'><strong>fuisse,</strong></span> <span class='ocrx_word' id='word_1_372' title='bbox 2821 2462 2878 2503; x_wconf 91' lang='lat' dir='ltr'><strong>ut</strong></span> <span class='ocrx_word' id='word_1_373' title='bbox 2938 2450 3290 2503; x_wconf 83' lang='lat' dir='ltr'><strong>immutabilis</strong></span> <span class='ocrx_word' id='word_1_374' title='bbox 3357 2449 3655 2519; x_wconf 73' lang='lat' dir='ltr'><strong>nativaqne</strong></span> 
     </span>
    </p>
   </div>
   <div class='ocr_carea' id='block_1_54' title="bbox 2061 2539 3654 2612">
    <p class='ocr_par' dir='ltr' id='par_1_54' title="bbox 2061 2539 3654 2612">
     <span class='ocr_line' id='line_1_54' title="bbox 2061 2539 3654 2612; baseline -0.002 -16"><span class='ocrx_word' id='word_1_375' title='bbox 2061 2542 2239 2596; x_wconf 75' lang='lat' dir='ltr'><strong>Patris</strong></span> <span class='ocrx_word' id='word_1_376' title='bbox 2272 2543 2446 2612; x_wconf 78' lang='lat' dir='ltr'><strong>imago</strong></span> <span class='ocrx_word' id='word_1_377' title='bbox 2474 2559 2571 2596; x_wconf 92' lang='lat' dir='ltr'><strong>uos</strong></span> <span class='ocrx_word' id='word_1_378' title='bbox 2618 2544 2682 2595; x_wconf 87' lang='lat' dir='ltr'><strong>ad</strong></span> <span class='ocrx_word' id='word_1_379' title='bbox 2710 2543 2955 2595; x_wconf 86' lang='lat' dir='ltr'><strong>eamdem</strong></span> <span class='ocrx_word' id='word_1_380' title='bbox 2988 2541 3238 2596; x_wconf 84' lang='lat' dir='ltr'><strong>conditos</strong></span> <span class='ocrx_word' id='word_1_381' title='bbox 3267 2542 3385 2609; x_wconf 87' lang='lat' dir='ltr'><strong>(sed</strong></span> <span class='ocrx_word' id='word_1_382' title='bbox 3413 2541 3505 2610; x_wconf 88' lang='lat' dir='ltr'><strong>qui</strong></span> <span class='ocrx_word' id='word_1_383' title='bbox 3538 2539 3654 2594; x_wconf 79' lang='lat' dir='ltr'><strong>for-</strong></span> 
     </span>
    </p>
   </div>
   <div class='ocr_carea' id='block_1_55' title="bbox 2064 2633 3652 2704">
    <p class='ocr_par' dir='ltr' id='par_1_55' title="bbox 2064 2633 3652 2704">
     <span class='ocr_line' id='line_1_55' title="bbox 2064 2633 3652 2704; baseline -0.005 -15"><span class='ocrx_word' id='word_1_384' title='bbox 2064 2651 2206 2689; x_wconf 78' lang='lat' dir='ltr'><strong>mam</strong></span> <span class='ocrx_word' id='word_1_385' title='bbox 2237 2635 2380 2689; x_wconf 88' lang='lat' dir='ltr'><strong>illam</strong></span> <span class='ocrx_word' id='word_1_386' title='bbox 2423 2635 2536 2704; x_wconf 74' lang='lat' dir='ltr'><strong>jam</strong></span> <span class='ocrx_word' id='word_1_387' title='bbox 2580 2633 3025 2704; x_wconf 85' lang='lat' dir='ltr'><strong>corruperamus)</strong></span> <span class='ocrx_word' id='word_1_388' title='bbox 3063 2649 3090 2685; x_wconf 86' lang='lat' dir='ltr'><strong>a</strong></span> <span class='ocrx_word' id='word_1_389' title='bbox 3127 2633 3382 2686; x_wconf 86' lang='lat' dir='ltr'><strong>sordibus</strong></span> <span class='ocrx_word' id='word_1_390' title='bbox 3418 2634 3652 2685; x_wconf 84' lang='lat' dir='ltr'><strong>munda-</strong></span> 
     </span>
    </p>
   </div>
   <div class='ocr_carea' id='block_1_56' title="bbox 2065 2720 3655 2794">
    <p class='ocr_par' dir='ltr' id='par_1_56' title="bbox 2065 2720 3655 2794">
     <span class='ocr_line' id='line_1_56' title="bbox 2065 2720 3655 2794; baseline -0.003 -15"><span class='ocrx_word' id='word_1_391' title='bbox 2065 2736 2166 2789; x_wconf 90' lang='lat' dir='ltr'><strong>ret,</strong></span> <span class='ocrx_word' id='word_1_392' title='bbox 2200 2736 2253 2778; x_wconf 90' lang='lat' dir='ltr'><strong>et</strong></span> <span class='ocrx_word' id='word_1_393' title='bbox 2287 2726 2516 2792; x_wconf 85' lang='lat' dir='ltr'><strong>pristino</strong></span> <span class='ocrx_word' id='word_1_394' title='bbox 2548 2725 2729 2778; x_wconf 87' lang='lat' dir='ltr'><strong>decori</strong></span> <span class='ocrx_word' id='word_1_395' title='bbox 2778 2726 3128 2778; x_wconf 82' lang='lat' dir='ltr'><strong>restitueret:</strong></span> <span class='ocrx_word' id='word_1_396' title='bbox 3167 2720 3311 2794; x_wconf 82' lang='lat' dir='ltr'><strong>[cap.</strong></span> <span class='ocrx_word' id='word_1_397' title='bbox 3343 2720 3438 2793; x_wconf 70' lang='grc'><strong>21]</strong></span> <span class='ocrx_word' id='word_1_398' title='bbox 3481 2732 3655 2787; x_wconf 86' lang='lat' dir='ltr'><strong>utque</strong></span> 
     </span>
    </p>
   </div>
   <div class='ocr_carea' id='block_1_57' title="bbox 2064 2807 3654 2890">
    <p class='ocr_par' dir='ltr' id='par_1_57' title="bbox 2064 2807 3654 2890">
     <span class='ocr_line' id='line_1_57' title="bbox 2064 2807 3654 2890; baseline -0.004 -16"><span class='ocrx_word' id='word_1_399' title='bbox 2064 2807 2366 2890; x_wconf 75' lang='lat' dir='ltr'><strong>oportuerit</strong></span> <span class='ocrx_word' id='word_1_400' title='bbox 2399 2833 2582 2872; x_wconf 79' lang='lat' dir='ltr'><strong>veram</strong></span> <span class='ocrx_word' id='word_1_401' title='bbox 2629 2829 2684 2872; x_wconf 88' lang='lat' dir='ltr'><strong>et</strong></span> <span class='ocrx_word' id='word_1_402' title='bbox 2729 2815 3127 2887; x_wconf 85' lang='lat' dir='ltr'><strong>byposlaticam</strong></span> <span class='ocrx_word' id='word_1_403' title='bbox 3179 2813 3502 2881; x_wconf 80' lang='lat' dir='ltr'><strong>sapientiam</strong></span> <span class='ocrx_word' id='word_1_404' title='bbox 3561 2812 3654 2868; x_wconf 88' lang='lat' dir='ltr'><strong>Dei</strong></span> 
     </span>
    </p>
   </div>
   <div class='ocr_carea' id='block_1_58' title="bbox 2066 2904 3655 2978">
    <p class='ocr_par' dir='ltr' id='par_1_58' title="bbox 2066 2904 3655 2978">
     <span class='ocr_line' id='line_1_58' title="bbox 2066 2904 3655 2978; baseline -0.005 -13"><span class='ocrx_word' id='word_1_405' title='bbox 2066 2924 2362 2965; x_wconf 89' lang='lat' dir='ltr'><strong>conversos</strong></span> <span class='ocrx_word' id='word_1_406' title='bbox 2397 2910 2450 2962; x_wconf 88' lang='lat' dir='ltr'><strong>in</strong></span> <span class='ocrx_word' id='word_1_407' title='bbox 2484 2909 2874 2978; x_wconf 75' lang='lat' dir='ltr'><strong>insipientiam,</strong></span> <span class='ocrx_word' id='word_1_408' title='bbox 2909 2916 2965 2960; x_wconf 88' lang='lat' dir='ltr'><strong>et</strong></span> <span class='ocrx_word' id='word_1_409' title='bbox 2991 2905 3259 2974; x_wconf 87' lang='lat' dir='ltr'><strong>jumcntis</strong></span> <span class='ocrx_word' id='word_1_410' title='bbox 3296 2904 3504 2961; x_wconf 88' lang='lat' dir='ltr'><strong>similes</strong></span> <span class='ocrx_word' id='word_1_411' title='bbox 3527 2904 3655 2958; x_wconf 85' lang='lat' dir='ltr'><strong>red-</strong></span> 
     </span>
    </p>
   </div>
   <div class='ocr_carea' id='block_1_59' title="bbox 2066 2997 3656 3066">
    <p class='ocr_par' dir='ltr' id='par_1_59' title="bbox 2066 2997 3656 3066">
     <span class='ocr_line' id='line_1_59' title="bbox 2066 2997 3656 3066; baseline -0.004 -8"><span class='ocrx_word' id='word_1_412' title='bbox 2066 3003 2208 3058; x_wconf 91' lang='lat' dir='ltr'><strong>ditos</strong></span> <span class='ocrx_word' id='word_1_413' title='bbox 2243 3018 2271 3055; x_wconf 87' lang='lat' dir='ltr'><strong>a</strong></span> <span class='ocrx_word' id='word_1_414' title='bbox 2321 3001 2553 3055; x_wconf 84' lang='lat' dir='ltr'><strong>stultitia</strong></span> <span class='ocrx_word' id='word_1_415' title='bbox 2607 3001 2864 3066; x_wconf 85' lang='lat' dir='ltr'><strong>liberare,</strong></span> <span class='ocrx_word' id='word_1_416' title='bbox 2907 3009 2961 3055; x_wconf 86' lang='lat' dir='ltr'><strong>et</strong></span> <span class='ocrx_word' id='word_1_417' title='bbox 2995 3000 3062 3053; x_wconf 86' lang='lat' dir='ltr'><strong>ad</strong></span> <span class='ocrx_word' id='word_1_418' title='bbox 3112 2997 3456 3054; x_wconf 86' lang='lat' dir='ltr'><strong>rationabilis</strong></span> <span class='ocrx_word' id='word_1_419' title='bbox 3495 3011 3656 3052; x_wconf 78' lang='lat' dir='ltr'><strong>crea-</strong></span> 
     </span>
    </p>
   </div>
   <div class='ocr_carea' id='block_1_60' title="bbox 2067 3095 2870 3162">
    <p class='ocr_par' dir='ltr' id='par_1_60' title="bbox 2067 3095 2870 3162">
     <span class='ocr_line' id='line_1_60' title="bbox 2067 3095 2870 3162; baseline -0.002 -12"><span class='ocrx_word' id='word_1_420' title='bbox 2067 3103 2202 3150; x_wconf 74' lang='lat' dir='ltr'><strong>tura:</strong></span> <span class='ocrx_word' id='word_1_421' title='bbox 2233 3095 2554 3162; x_wconf 75' lang='lat' dir='ltr'><strong>dignitatem</strong></span> <span class='ocrx_word' id='word_1_422' title='bbox 2588 3095 2870 3150; x_wconf 88' lang='lat' dir='ltr'><strong>reducere.</strong></span> 
     </span>
    </p>
   </div>
   <div class='ocr_carea' id='block_1_61' title="bbox 1384 3288 2672 3358">
    <p class='ocr_par' dir='ltr' id='par_1_61' title="bbox 1384 3288 2672 3358">
     <span class='ocr_line' id='line_1_61' title="bbox 1384 3288 2672 3358; baseline 0.007 -16"><span class='ocrx_word' id='word_1_423' title='bbox 1384 3288 1499 3343; x_wconf 84' lang='lat' dir='ltr'><strong>Lib.</strong></span> <span class='ocrx_word' id='word_1_424' title='bbox 1541 3307 1609 3344; x_wconf 79' lang='lat' dir='ltr'><strong>Vl.</strong></span> <span class='ocrx_word' id='word_1_425' title='bbox 1645 3292 1752 3344; x_wconf 87' lang='lat' dir='ltr'><strong>Cur</strong></span> <span class='ocrx_word' id='word_1_426' title='bbox 1782 3293 2022 3358; x_wconf 81' lang='lat' dir='ltr'><strong>Creator,</strong></span> <span class='ocrx_word' id='word_1_427' title='bbox 2055 3305 2105 3349; x_wconf 76' lang='lat' dir='ltr'><strong>et</strong></span> <span class='ocrx_word' id='word_1_428' title='bbox 2139 3297 2315 3351; x_wconf 69' lang='lat' dir='ltr'><strong>Iudex</strong></span> <span class='ocrx_word' id='word_1_429' title='bbox 2347 3295 2443 3350; x_wconf 89' lang='lat' dir='ltr'><strong>Dei</strong></span> <span class='ocrx_word' id='word_1_430' title='bbox 2473 3295 2672 3351; x_wconf 70' lang='lat' dir='ltr'><strong>Filius.</strong></span> 
     </span>
    </p>
   </div>
   <div class='ocr_carea' id='block_1_62' title="bbox 455 3403 1959 3478">
    <p class='ocr_par' dir='ltr' id='par_1_62' title="bbox 455 3403 1955 3478">
     <span class='ocr_line' id='line_1_62' title="bbox 455 3403 1955 3478; baseline 0.003 -22"><span class='ocrx_word' id='word_1_431' title='bbox 455 3403 516 3456; x_wconf 87' lang='grc' dir='ltr'>Ὀ</span> <span class='ocrx_word' id='word_1_432' title='bbox 547 3404 604 3456; x_wconf 79' lang='grc' dir='ltr'>δὲ</span> <span class='ocrx_word' id='word_1_433' title='bbox 637 3408 690 3468; x_wconf 80' lang='grc' dir='ltr'>ς’</span> <span class='ocrx_word' id='word_1_434' title='bbox 711 3403 860 3473; x_wconf 81' lang='grc' dir='ltr'>αὐτῷ</span> <span class='ocrx_word' id='word_1_435' title='bbox 892 3404 1050 3474; x_wconf 83' lang='grc' dir='ltr'>λόγος</span> <span class='ocrx_word' id='word_1_436' title='bbox 1075 3405 1375 3476; x_wconf 85' lang='grc' dir='ltr'>κεφάλαιον</span> <span class='ocrx_word' id='word_1_437' title='bbox 1404 3405 1768 3475; x_wconf 70' lang='grc' dir='ltr'>προϐάλλεται</span> <span class='ocrx_word' id='word_1_438' title='bbox 1801 3408 1955 3478; x_wconf 72' lang='grc' dir='ltr'>πρῶ.</span> 
     </span>
    </p>
   </div>
   <div class='ocr_carea' id='block_1_63' title="bbox 2065 3403 3658 3478">
    <p class='ocr_par' dir='ltr' id='par_1_63' title="bbox 2143 3404 3658 3477">
     <span class='ocr_line' id='line_1_63' title="bbox 2143 3404 3658 3477; baseline -0.003 -11"><span class='ocrx_word' id='word_1_439' title='bbox 2143 3412 2344 3466; x_wconf 81' lang='lat' dir='ltr'><strong>Sextus</strong></span> <span class='ocrx_word' id='word_1_440' title='bbox 2391 3411 2531 3464; x_wconf 80' lang='lat' dir='ltr'><strong>liber</strong></span> <span class='ocrx_word' id='word_1_441' title='bbox 2584 3410 2820 3476; x_wconf 84' lang='lat' dir='ltr'><strong>primum</strong></span> <span class='ocrx_word' id='word_1_442' title='bbox 2844 3407 2976 3461; x_wconf 87' lang='lat' dir='ltr'><strong>illud</strong></span> <span class='ocrx_word' id='word_1_443' title='bbox 3015 3404 3131 3477; x_wconf 72' lang='lat'><strong>[22]</strong></span> <span class='ocrx_word' id='word_1_444' title='bbox 3162 3415 3330 3474; x_wconf 87' lang='lat' dir='ltr'><strong>caput</strong></span> <span class='ocrx_word' id='word_1_445' title='bbox 3365 3406 3658 3476; x_wconf 80' lang='lat' dir='ltr'><strong>proponit:</strong></span> 
     </span>
    </p>
   </div>
   <div class='ocr_carea' id='block_1_64' title="bbox 365 3496 1957 3567">
    <p class='ocr_par' dir='ltr' id='par_1_64' title="bbox 365 3496 1957 3567">
     <span class='ocr_line' id='line_1_64' title="bbox 365 3496 1957 3567; baseline 0.002 -17"><span class='ocrx_word' id='word_1_446' title='bbox 365 3512 486 3562; x_wconf 73' lang='grc' dir='ltr'>τον,</span> <span class='ocrx_word' id='word_1_447' title='bbox 543 3496 648 3550; x_wconf 80' lang='grc' dir='ltr'><strong>Διὰ</strong></span> <span class='ocrx_word' id='word_1_448' title='bbox 688 3497 746 3550; x_wconf 82' lang='grc' dir='ltr'><strong>τί</strong></span> <span class='ocrx_word' id='word_1_449' title='bbox 785 3497 1148 3567; x_wconf 74' lang='grc' dir='ltr'>δημιουργός</span> <span class='ocrx_word' id='word_1_450' title='bbox 1193 3501 1226 3551; x_wconf 79' lang='grc' dir='ltr'><strong>ό</strong></span> <span class='ocrx_word' id='word_1_451' title='bbox 1269 3497 1404 3562; x_wconf 78' lang='grc' dir='ltr'>Υἱός</span> <span class='ocrx_word' id='word_1_452' title='bbox 1445 3499 1685 3565; x_wconf 71' lang='grc' dir='ltr'>,λέγεται</span> <span class='ocrx_word' id='word_1_453' title='bbox 1739 3497 1849 3566; x_wconf 82' lang='grc' dir='ltr'>τῆς</span> <span class='ocrx_word' id='word_1_454' title='bbox 1893 3517 1957 3553; x_wconf 83' lang='grc' dir='ltr'><strong>τε</strong></span> 
     </span>
    </p>
   </div>
   <div class='ocr_carea' id='block_1_65' title="bbox 369 3586 1956 3655">
    <p class='ocr_par' dir='ltr' id='par_1_65' title="bbox 369 3586 1956 3655">
     <span class='ocr_line' id='line_1_65' title="bbox 369 3586 1956 3655; baseline -0.001 -13"><span class='ocrx_word' id='word_1_455' title='bbox 369 3589 615 3654; x_wconf 74' lang='grc' dir='ltr'>πρώτης</span> <span class='ocrx_word' id='word_1_456' title='bbox 638 3587 806 3655; x_wconf 69' lang='grc' dir='ltr'><strong>ἡμῶν</strong></span> <span class='ocrx_word' id='word_1_457' title='bbox 828 3587 1226 3652; x_wconf 79' lang='grc' dir='ltr'>ὑποστάσεως</span> <span class='ocrx_word' id='word_1_458' title='bbox 1244 3588 1341 3641; x_wconf 78' lang='grc' dir='ltr'>καὶ</span> <span class='ocrx_word' id='word_1_459' title='bbox 1368 3586 1481 3655; x_wconf 82' lang='grc' dir='ltr'>τῆς</span> <span class='ocrx_word' id='word_1_460' title='bbox 1517 3589 1618 3641; x_wconf 84' lang='grc' dir='ltr'><strong>ὲ.τί</strong></span> <span class='ocrx_word' id='word_1_461' title='bbox 1646 3589 1803 3642; x_wconf 73' lang='grc' dir='ltr'>τέλει</span> <span class='ocrx_word' id='word_1_462' title='bbox 1838 3589 1956 3641; x_wconf 73' lang='grc' dir='ltr'><strong>τῶν</strong></span> 
     </span>
    </p>
   </div>
   <div class='ocr_carea' id='block_1_66' title="bbox 365 3674 1958 3746">
    <p class='ocr_par' dir='ltr' id='par_1_66' title="bbox 365 3674 1958 3746">
     <span class='ocr_line' id='line_1_66' title="bbox 365 3674 1958 3746; baseline 0.002 -18"><span class='ocrx_word' id='word_1_463' title='bbox 365 3679 606 3731; x_wconf 77' lang='grc' dir='ltr'>αἰώνων</span> <span class='ocrx_word' id='word_1_464' title='bbox 644 3677 1071 3743; x_wconf 74' lang='grc' dir='ltr'>ἀνα-πλάσεως,</span> <span class='ocrx_word' id='word_1_465' title='bbox 1118 3674 1248 3731; x_wconf 79' lang='grc' dir='ltr'>εἶτα</span> <span class='ocrx_word' id='word_1_466' title='bbox 1293 3677 1390 3731; x_wconf 73' lang='grc' dir='ltr'><strong>καί</strong></span> <span class='ocrx_word' id='word_1_467' title='bbox 1421 3677 1633 3746; x_wconf 81' lang='grc' dir='ltr'>κριτὴς</span> <span class='ocrx_word' id='word_1_468' title='bbox 1671 3677 1958 3731; x_wconf 78' lang='grc' dir='ltr'>ἁπάντων</span> 
     </span>
    </p>
   </div>
   <div class='ocr_carea' id='block_1_67' title="bbox 366 3768 1958 3840">
    <p class='ocr_par' dir='ltr' id='par_1_67' title="bbox 366 3768 1958 3840">
     <span class='ocr_line' id='line_1_67' title="bbox 366 3768 1958 3840; baseline 0.002 -20"><span class='ocrx_word' id='word_1_469' title='bbox 366 3772 443 3824; x_wconf 75' lang='grc' dir='ltr'><strong>ἐν</strong></span> <span class='ocrx_word' id='word_1_470' title='bbox 477 3769 559 3836; x_wconf 84' lang='grc' dir='ltr'>τῷ</span> <span class='ocrx_word' id='word_1_471' title='bbox 595 3769 778 3838; x_wconf 84' lang='grc' dir='ltr'>καιρῷ</span> <span class='ocrx_word' id='word_1_472' title='bbox 812 3770 923 3837; x_wconf 84' lang='grc' dir='ltr'>τῆς</span> <span class='ocrx_word' id='word_1_473' title='bbox 949 3768 1162 3838; x_wconf 80' lang='grc' dir='ltr'>κοινῆς</span> <span class='ocrx_word' id='word_1_474' title='bbox 1198 3771 1238 3802; x_wconf 80' lang='grc'><strong>⁸⁷</strong></span> <span class='ocrx_word' id='word_1_475' title='bbox 1270 3769 1689 3835; x_wconf 80' lang='grc' dir='ltr'>ἀναστάσεως.</span> <span class='ocrx_word' id='word_1_476' title='bbox 1732 3771 1958 3840; x_wconf 81' lang='grc' dir='ltr'>Ἐχομέ-</span> 
     </span>
    </p>
   </div>
   <div class='ocr_carea' id='block_1_68' title="bbox 365 3861 1958 3932">
    <p class='ocr_par' dir='ltr' id='par_1_68' title="bbox 365 3861 1958 3932">
     <span class='ocr_line' id='line_1_68' title="bbox 365 3861 1958 3932; baseline 0 -16"><span class='ocrx_word' id='word_1_477' title='bbox 365 3882 480 3917; x_wconf 87' lang='grc' dir='ltr'><strong>νων</strong></span> <span class='ocrx_word' id='word_1_478' title='bbox 520 3864 627 3932; x_wconf 85' lang='grc' dir='ltr'>γὰρ</span> <span class='ocrx_word' id='word_1_479' title='bbox 668 3864 780 3915; x_wconf 85' lang='grc' dir='ltr'><strong>τῶν</strong></span> <span class='ocrx_word' id='word_1_480' title='bbox 818 3863 985 3932; x_wconf 83' lang='grc' dir='ltr'>τριῶν</span> <span class='ocrx_word' id='word_1_481' title='bbox 1028 3863 1232 3916; x_wconf 84' lang='grc' dir='ltr'>τούτων</span> <span class='ocrx_word' id='word_1_482' title='bbox 1275 3861 1663 3914; x_wconf 82' lang='grc' dir='ltr'>καταστάσεων</span> <span class='ocrx_word' id='word_1_483' title='bbox 1707 3862 1958 3932; x_wconf 84' lang='grc' dir='ltr'>ἀλλήλοις</span> 
     </span>
    </p>
   </div>
   <div class='ocr_carea' id='block_1_69' title="bbox 367 3953 1957 4026">
    <p class='ocr_par' dir='ltr' id='par_1_69' title="bbox 367 3953 1957 4026">
     <span class='ocr_line' id='line_1_69' title="bbox 367 3953 1957 4026; baseline -0.001 -18"><span class='ocrx_word' id='word_1_484' title='bbox 367 3955 470 4008; x_wconf 76' lang='grc' dir='ltr'>καὶ</span> <span class='ocrx_word' id='word_1_485' title='bbox 500 3954 636 4026; x_wconf 77' lang='grc' dir='ltr'>πρὸς</span> <span class='ocrx_word' id='word_1_486' title='bbox 675 3956 766 4008; x_wconf 86' lang='grc' dir='ltr'><strong>τὸν</strong></span> <span class='ocrx_word' id='word_1_487' title='bbox 797 3955 961 4007; x_wconf 77' lang='grc' dir='ltr'>αὑτὸν</span> <span class='ocrx_word' id='word_1_488' title='bbox 987 3955 1254 4021; x_wconf 80' lang='grc' dir='ltr'>δεσπότην</span> <span class='ocrx_word' id='word_1_489' title='bbox 1287 3953 1380 4006; x_wconf 68' lang='grc' dir='ltr'><strong>καὶ⁹</strong></span> <span class='ocrx_word' id='word_1_490' title='bbox 1410 3953 1662 4024; x_wconf 78' lang='grc' dir='ltr'>τεχνίτην</span> <span class='ocrx_word' id='word_1_491' title='bbox 1687 3955 1957 4024; x_wconf 77' lang='grc' dir='ltr'>ἀναφερο-</span> 
     </span>
    </p>
   </div>
   <div class='ocr_carea' id='block_1_70' title="bbox 369 4043 1952 4115">
    <p class='ocr_par' dir='ltr' id='par_1_70' title="bbox 369 4043 1952 4115">
     <span class='ocr_line' id='line_1_70' title="bbox 369 4043 1952 4115; baseline 0.001 -19"><span class='ocrx_word' id='word_1_492' title='bbox 369 4045 577 4115; x_wconf 73' lang='grc' dir='ltr'>μένων,</span> <span class='ocrx_word' id='word_1_493' title='bbox 609 4044 705 4098; x_wconf 79' lang='grc' dir='ltr'><strong>καὶ</strong></span> <span class='ocrx_word' id='word_1_494' title='bbox 736 4048 768 4114; x_wconf 79' lang='grc' dir='ltr'>ὴ</span> <span class='ocrx_word' id='word_1_495' title='bbox 793 4046 920 4114; x_wconf 75' lang='grc' dir='ltr'>περὶ</span> <span class='ocrx_word' id='word_1_496' title='bbox 952 4046 1132 4099; x_wconf 75' lang='grc' dir='ltr'>αὐτῶν</span> <span class='ocrx_word' id='word_1_497' title='bbox 1167 4046 1207 4080; x_wconf 80' lang='grc'><strong>⁸⁸</strong></span> <span class='ocrx_word' id='word_1_498' title='bbox 1250 4043 1664 4115; x_wconf 82' lang='grc' dir='ltr'>ἁλληλουχεῖται</span> <span class='ocrx_word' id='word_1_499' title='bbox 1705 4046 1800 4098; x_wconf 79' lang='grc' dir='ltr'><strong>καὶ</strong></span> <span class='ocrx_word' id='word_1_500' title='bbox 1835 4062 1952 4098; x_wconf 84' lang='grc' dir='ltr'>συν-</span> 
     </span>
    </p>
   </div>
   <div class='ocr_carea' id='block_1_71' title="bbox 365 4135 1956 4208">
    <p class='ocr_par' dir='ltr' id='par_1_71' title="bbox 365 4135 1956 4208">
     <span class='ocr_line' id='line_1_71' title="bbox 365 4135 1956 4208; baseline 0.001 -20"><span class='ocrx_word' id='word_1_501' title='bbox 365 4135 666 4203; x_wconf 79' lang='grc' dir='ltr'>υφαίνεται</span> <span class='ocrx_word' id='word_1_502' title='bbox 693 4136 919 4207; x_wconf 79' lang='grc' dir='ltr'>ζήτησίς</span> <span class='ocrx_word' id='word_1_503' title='bbox 945 4155 1004 4189; x_wconf 87' lang='grc' dir='ltr'><strong>τε</strong></span> <span class='ocrx_word' id='word_1_504' title='bbox 1030 4137 1126 4189; x_wconf 79' lang='grc' dir='ltr'><strong>καὶ</strong></span> <span class='ocrx_word' id='word_1_505' title='bbox 1153 4137 1592 4199; x_wconf 81' lang='grc' dir='ltr'>ὲπίλυσις.Ἐπεὶ</span> <span class='ocrx_word' id='word_1_506' title='bbox 1620 4137 1726 4208; x_wconf 80' lang='grc' dir='ltr'><strong>γὰρ</strong></span> <span class='ocrx_word' id='word_1_507' title='bbox 1754 4140 1956 4203; x_wconf 72' lang='grc' dir='ltr'>ἔκτισε,</span> 
     </span>
    </p>
   </div>
   <div class='ocr_carea' id='block_1_72' title="bbox 277 4229 1955 4294">
    <p class='ocr_par' dir='ltr' id='par_1_72' title="bbox 277 4229 1955 4294">
     <span class='ocr_line' id='line_1_72' title="bbox 277 4229 1955 4294; baseline 0.001 -13"><span class='ocrx_word' id='word_1_508' title='bbox 277 4285 284 4290; x_wconf 24' lang='grc' dir='ltr'><strong>κ</strong></span> <span class='ocrx_word' id='word_1_509' title='bbox 365 4229 599 4291; x_wconf 82' lang='grc' dir='ltr'>δικαίως</span> <span class='ocrx_word' id='word_1_510' title='bbox 638 4231 733 4282; x_wconf 81' lang='grc' dir='ltr'>καὶ</span> <span class='ocrx_word' id='word_1_511' title='bbox 750 4229 1103 4293; x_wconf 79' lang='grc' dir='ltr'>διαλυθέντας</span> <span class='ocrx_word' id='word_1_512' title='bbox 1132 4229 1450 4294; x_wconf 61' lang='grc' dir='ltr'>ἀνακτίζειν</span> <span class='ocrx_word' id='word_1_513' title='bbox 1488 4229 1582 4282; x_wconf 78' lang='grc' dir='ltr'><strong>καὶ</strong></span> <span class='ocrx_word' id='word_1_514' title='bbox 1611 4229 1737 4282; x_wconf 75' lang='grc' dir='ltr'>ἐπεὶ</span> <span class='ocrx_word' id='word_1_515' title='bbox 1775 4229 1955 4292; x_wconf 78' lang='grc' dir='ltr'>τοῦτο,</span> 
     </span>
    </p>
   </div>
   <div class='ocr_carea' id='block_1_73' title="bbox 365 4311 1961 4392">
    <p class='ocr_par' dir='ltr' id='par_1_73' title="bbox 365 4311 1961 4392">
     <span class='ocr_line' id='line_1_73' title="bbox 365 4311 1961 4392; baseline 0.001 -20"><span class='ocrx_word' id='word_1_516' title='bbox 365 4319 687 4384; x_wconf 78' lang='grc' dir='ltr'>ἀκολούθως</span> <span class='ocrx_word' id='word_1_517' title='bbox 724 4321 803 4392; x_wconf 77' lang='grc' dir='ltr'>τῷ</span> <span class='ocrx_word' id='word_1_518' title='bbox 829 4322 1014 4392; x_wconf 82' lang='grc' dir='ltr'>οἰκείῳ</span> <span class='ocrx_word' id='word_1_519' title='bbox 1039 4311 1331 4389; x_wconf 57' lang='grc' dir='ltr'>’πλάσματι</span> <span class='ocrx_word' id='word_1_520' title='bbox 1361 4322 1456 4374; x_wconf 72' lang='grc' dir='ltr'><strong>καὶ</strong></span> <span class='ocrx_word' id='word_1_521' title='bbox 1489 4324 1772 4391; x_wconf 83' lang='grc' dir='ltr'>νομοθετεῖ</span> <span class='ocrx_word' id='word_1_522' title='bbox 1802 4337 1815 4351; x_wconf 77' lang='grc' dir='ltr'><strong><em>ο</em></strong></span> <span class='ocrx_word' id='word_1_523' title='bbox 1870 4339 1961 4374; x_wconf 89' lang='grc' dir='ltr'>νο-</span> 
     </span>
    </p>
   </div>
   <div class='ocr_carea' id='block_1_74' title="bbox 371 4412 1964 4484">
    <p class='ocr_par' dir='ltr' id='par_1_74' title="bbox 371 4412 1964 4484">
     <span class='ocr_line' id='line_1_74' title="bbox 371 4412 1964 4484; baseline 0.002 -21"><span class='ocrx_word' id='word_1_524' title='bbox 371 4412 621 4481; x_wconf 80' lang='grc' dir='ltr'>μοθετῶν</span> <span class='ocrx_word' id='word_1_525' title='bbox 642 4414 684 4444; x_wconf 83' lang='grc'><strong>¹⁹</strong></span> <span class='ocrx_word' id='word_1_526' title='bbox 719 4413 776 4466; x_wconf 80' lang='grc' dir='ltr'>δὲ</span> <span class='ocrx_word' id='word_1_527' title='bbox 810 4412 970 4483; x_wconf 81' lang='grc' dir='ltr'>δῆλον</span> <span class='ocrx_word' id='word_1_528' title='bbox 1001 4414 1084 4467; x_wconf 84' lang='grc' dir='ltr'><strong>ὅτι</strong></span> <span class='ocrx_word' id='word_1_529' title='bbox 1114 4418 1209 4467; x_wconf 75' lang='grc' dir='ltr'><strong>καὶ</strong></span> <span class='ocrx_word' id='word_1_530' title='bbox 1236 4416 1339 4484; x_wconf 79' lang='grc' dir='ltr'>τὴν</span> <span class='ocrx_word' id='word_1_531' title='bbox 1369 4413 1550 4484; x_wconf 83' lang='grc' dir='ltr'>κρίσιν</span> <span class='ocrx_word' id='word_1_532' title='bbox 1574 4416 1687 4476; x_wconf 83' lang='grc' dir='ltr'>τοῖς</span> <span class='ocrx_word' id='word_1_533' title='bbox 1711 4431 1772 4466; x_wconf 84' lang='grc' dir='ltr'><strong>τε</strong></span> <span class='ocrx_word' id='word_1_534' title='bbox 1808 4429 1964 4483; x_wconf 82' lang='grc' dir='ltr'>νομο-</span> 
     </span>
    </p>
   </div>
   <div class='ocr_carea' id='block_1_75' title="bbox 371 4504 1962 4577">
    <p class='ocr_par' dir='ltr' id='par_1_75' title="bbox 371 4504 1962 4577">
     <span class='ocr_line' id='line_1_75' title="bbox 371 4504 1962 4577; baseline 0.001 -21"><span class='ocrx_word' id='word_1_535' title='bbox 371 4504 686 4572; x_wconf 78' lang='grc' dir='ltr'>φυλακοῦσι</span> <span class='ocrx_word' id='word_1_536' title='bbox 755 4509 849 4558; x_wconf 79' lang='grc' dir='ltr'>καὶ</span> <span class='ocrx_word' id='word_1_537' title='bbox 904 4509 1018 4570; x_wconf 76' lang='grc' dir='ltr'>τοῖς</span> <span class='ocrx_word' id='word_1_538' title='bbox 1073 4507 1135 4559; x_wconf 86' lang='grc' dir='ltr'>τὸ</span> <span class='ocrx_word' id='word_1_539' title='bbox 1183 4508 1518 4576; x_wconf 67' lang='grc' dir='ltr'>ἰπαράνομον</span> <span class='ocrx_word' id='word_1_540' title='bbox 1572 4506 1962 4577; x_wconf 81' lang='grc' dir='ltr'>προελομένοις</span> 
     </span>
    </p>
   </div>
   <div class='ocr_carea' id='block_1_76' title="bbox 370 4596 1958 4667">
    <p class='ocr_par' dir='ltr' id='par_1_76' title="bbox 370 4596 1958 4667">
     <span class='ocr_line' id='line_1_76' title="bbox 370 4596 1958 4667; baseline 0.003 -21"><span class='ocrx_word' id='word_1_541' title='bbox 370 4596 539 4659; x_wconf 70' lang='grc' dir='ltr'>αὐτὸς</span> <span class='ocrx_word' id='word_1_542' title='bbox 571 4597 873 4649; x_wconf 79' lang='grc' dir='ltr'>ἀδέκαστον</span> <span class='ocrx_word' id='word_1_543' title='bbox 919 4597 981 4648; x_wconf 84' lang='grc' dir='ltr'><strong>τὸ</strong></span> <span class='ocrx_word' id='word_1_544' title='bbox 1012 4598 1306 4667; x_wconf 85' lang='grc' dir='ltr'>προνόμιον</span> <span class='ocrx_word' id='word_1_545' title='bbox 1340 4597 1455 4666; x_wconf 74' lang='grc' dir='ltr'>ἔχει</span> <span class='ocrx_word' id='word_1_546' title='bbox 1481 4597 1780 4666; x_wconf 82' lang='grc' dir='ltr'>διανέμειν.</span> <span class='ocrx_word' id='word_1_547' title='bbox 1816 4599 1958 4667; x_wconf 89' lang='grc' dir='ltr'>Προ-</span> 
     </span>
    </p>
   </div>
   <div class='ocr_carea' id='block_1_77' title="bbox 366 4683 1959 4758">
    <p class='ocr_par' dir='ltr' id='par_1_77' title="bbox 366 4683 1959 4758">
     <span class='ocr_line' id='line_1_77' title="bbox 366 4683 1959 4758; baseline 0.004 -21"><span class='ocrx_word' id='word_1_548' title='bbox 366 4687 689 4756; x_wconf 83' lang='grc' dir='ltr'>ηγουμένης</span> <span class='ocrx_word' id='word_1_549' title='bbox 723 4683 816 4740; x_wconf 81' lang='grc' dir='ltr'><strong>οὖν</strong></span> <span class='ocrx_word' id='word_1_550' title='bbox 852 4687 952 4756; x_wconf 75' lang='grc' dir='ltr'>τῆς</span> <span class='ocrx_word' id='word_1_551' title='bbox 982 4688 1291 4758; x_wconf 78' lang='grc' dir='ltr'>ζητήσεως,</span> <span class='ocrx_word' id='word_1_552' title='bbox 1326 4690 1431 4744; x_wconf 87' lang='grc' dir='ltr'><strong>Διά</strong></span> <span class='ocrx_word' id='word_1_553' title='bbox 1458 4690 1517 4742; x_wconf 82' lang='grc' dir='ltr'><strong>τί</strong></span> <span class='ocrx_word' id='word_1_554' title='bbox 1531 4688 1829 4758; x_wconf 83' lang='grc' dir='ltr'>μηδεμιᾶς</span> <span class='ocrx_word' id='word_1_555' title='bbox 1857 4689 1959 4744; x_wconf 85' lang='grc' dir='ltr'><strong>οὔ-</strong></span> 
     </span>
    </p>
   </div>
   <div class='ocr_carea' id='block_1_78' title="bbox 2059 3501 3663 3571">
    <p class='ocr_par' dir='ltr' id='par_1_78' title="bbox 2059 3501 3663 3571">
     <span class='ocr_line' id='line_1_78' title="bbox 2059 3501 3663 3571; baseline 0 -15"><span class='ocrx_word' id='word_1_556' title='bbox 2059 3505 2240 3570; x_wconf 84' lang='lat' dir='ltr'><strong>Quare</strong></span> <span class='ocrx_word' id='word_1_557' title='bbox 2268 3506 2361 3558; x_wconf 88' lang='lat' dir='ltr'><strong>Dei</strong></span> <span class='ocrx_word' id='word_1_558' title='bbox 2392 3503 2566 3557; x_wconf 74' lang='lat' dir='ltr'><strong>Filius</strong></span> <span class='ocrx_word' id='word_1_559' title='bbox 2598 3504 2775 3571; x_wconf 69' lang='lat' dir='ltr'><strong>opifex</strong></span> <span class='ocrx_word' id='word_1_560' title='bbox 2827 3504 3058 3562; x_wconf 84' lang='lat' dir='ltr'><strong>dicatur,</strong></span> <span class='ocrx_word' id='word_1_561' title='bbox 3088 3517 3204 3554; x_wconf 83' lang='lat' dir='ltr'><strong>cum</strong></span> <span class='ocrx_word' id='word_1_562' title='bbox 3249 3501 3439 3568; x_wconf 76' lang='lat' dir='ltr'><strong>prian</strong></span> <span class='ocrx_word' id='word_1_563' title='bbox 3465 3511 3663 3556; x_wconf 73' lang='lat' dir='ltr'><strong>nostra:</strong></span> 
     </span>
    </p>
   </div>
   <div class='ocr_carea' id='block_1_79' title="bbox 2059 3592 3650 3660">
    <p class='ocr_par' dir='ltr' id='par_1_79' title="bbox 2059 3592 3650 3660">
     <span class='ocr_line' id='line_1_79' title="bbox 2059 3592 3650 3660; baseline -0.002 -13"><span class='ocrx_word' id='word_1_564' title='bbox 2059 3597 2399 3657; x_wconf 63' lang='lat' dir='ltr'><strong>eminentiae,</strong></span> <span class='ocrx_word' id='word_1_565' title='bbox 2457 3603 2568 3646; x_wconf 83' lang='lat' dir='ltr'><strong>tum</strong></span> <span class='ocrx_word' id='word_1_566' title='bbox 2603 3594 2998 3660; x_wconf 75' lang='lat' dir='ltr'><strong>reformationis</strong></span> <span class='ocrx_word' id='word_1_567' title='bbox 3051 3593 3104 3645; x_wconf 83' lang='lat' dir='ltr'><strong>in</strong></span> <span class='ocrx_word' id='word_1_568' title='bbox 3151 3593 3258 3658; x_wconf 78' lang='lat' dir='ltr'><strong>ﬁne</strong></span> <span class='ocrx_word' id='word_1_569' title='bbox 3308 3592 3650 3656; x_wconf 66' lang='lat' dir='ltr'><strong>seculorum,</strong></span> 
     </span>
    </p>
   </div>
   <div class='ocr_carea' id='block_1_80' title="bbox 2061 3684 3654 3749">
    <p class='ocr_par' dir='ltr' id='par_1_80' title="bbox 2061 3684 3654 3749">
     <span class='ocr_line' id='line_1_80' title="bbox 2061 3684 3654 3749; baseline -0.003 -9"><span class='ocrx_word' id='word_1_570' title='bbox 2061 3700 2172 3741; x_wconf 77' lang='lat' dir='ltr'><strong>tum</strong></span> <span class='ocrx_word' id='word_1_571' title='bbox 2201 3688 2360 3740; x_wconf 83' lang='lat' dir='ltr'><strong>etiam</strong></span> <span class='ocrx_word' id='word_1_572' title='bbox 2378 3685 2556 3740; x_wconf 70' lang='lat' dir='ltr'><strong>Iudex</strong></span> <span class='ocrx_word' id='word_1_573' title='bbox 2589 3685 2845 3749; x_wconf 77' lang='lat' dir='ltr'><strong>omnium,</strong></span> <span class='ocrx_word' id='word_1_574' title='bbox 2878 3700 3026 3737; x_wconf 76' lang='grc' dir='ltr'>ηουω</span> <span class='ocrx_word' id='word_1_575' title='bbox 3050 3684 3460 3738; x_wconf 65' lang='lat' dir='ltr'><strong>resurrectionis</strong></span> <span class='ocrx_word' id='word_1_576' title='bbox 3515 3691 3654 3736; x_wconf 73' lang='lat' dir='ltr'><strong>tem-</strong></span> 
     </span>
    </p>
   </div>
   <div class='ocr_carea' id='block_1_81' title="bbox 2058 3772 3660 3845">
    <p class='ocr_par' dir='ltr' id='par_1_81' title="bbox 2058 3772 3660 3845">
     <span class='ocr_line' id='line_1_81' title="bbox 2058 3772 3660 3845; baseline -0.006 -13"><span class='ocrx_word' id='word_1_577' title='bbox 2058 3779 2232 3845; x_wconf 76' lang='lat' dir='ltr'><strong>pore?</strong></span> <span class='ocrx_word' id='word_1_578' title='bbox 2263 3776 2358 3830; x_wconf 82' lang='lat' dir='ltr'><strong>llis</strong></span> <span class='ocrx_word' id='word_1_579' title='bbox 2379 3776 2523 3830; x_wconf 89' lang='lat' dir='ltr'><strong>enim</strong></span> <span class='ocrx_word' id='word_1_580' title='bbox 2553 3776 2728 3828; x_wconf 89' lang='lat' dir='ltr'><strong>tribus</strong></span> <span class='ocrx_word' id='word_1_581' title='bbox 2759 3775 2906 3827; x_wconf 89' lang='lat' dir='ltr'><strong>inter</strong></span> <span class='ocrx_word' id='word_1_582' title='bbox 2933 3789 2992 3828; x_wconf 89' lang='lat' dir='ltr'><strong>se</strong></span> <span class='ocrx_word' id='word_1_583' title='bbox 3013 3775 3302 3836; x_wconf 76' lang='lat' dir='ltr'><strong>connexis,</strong></span> <span class='ocrx_word' id='word_1_584' title='bbox 3329 3783 3385 3827; x_wconf 89' lang='lat' dir='ltr'><strong>et</strong></span> <span class='ocrx_word' id='word_1_585' title='bbox 3407 3772 3476 3826; x_wconf 88' lang='lat' dir='ltr'><strong>ad</strong></span> <span class='ocrx_word' id='word_1_586' title='bbox 3506 3787 3660 3824; x_wconf 86' lang='lat' dir='ltr'><strong>eum-</strong></span> 
     </span>
    </p>
   </div>
   <div class='ocr_carea' id='block_1_82' title="bbox 2058 3864 3659 3934">
    <p class='ocr_par' dir='ltr' id='par_1_82' title="bbox 2058 3864 3659 3934">
     <span class='ocr_line' id='line_1_82' title="bbox 2058 3864 3659 3934; baseline -0.001 -15"><span class='ocrx_word' id='word_1_587' title='bbox 2058 3871 2184 3921; x_wconf 90' lang='lat' dir='ltr'><strong>dem</strong></span> <span class='ocrx_word' id='word_1_588' title='bbox 2225 3867 2504 3920; x_wconf 88' lang='lat' dir='ltr'><strong>domiuum</strong></span> <span class='ocrx_word' id='word_1_589' title='bbox 2556 3866 2933 3934; x_wconf 71' lang='lat' dir='ltr'><strong>artiﬁcemque</strong></span> <span class='ocrx_word' id='word_1_590' title='bbox 2985 3865 3181 3934; x_wconf 62' lang='lat'><strong>1894</strong></span> <span class='ocrx_word' id='word_1_591' title='bbox 3239 3864 3446 3927; x_wconf 85' lang='lat' dir='ltr'><strong>relatis,</strong></span> <span class='ocrx_word' id='word_1_592' title='bbox 3529 3865 3659 3932; x_wconf 74' lang='lat' dir='ltr'><strong>ipsa:</strong></span> 
     </span>
    </p>
   </div>
   <div class='ocr_carea' id='block_1_83' title="bbox 2063 3956 3656 4027">
    <p class='ocr_par' dir='ltr' id='par_1_83' title="bbox 2063 3956 3656 4027">
     <span class='ocr_line' id='line_1_83' title="bbox 2063 3956 3656 4027; baseline 0 -17"><span class='ocrx_word' id='word_1_593' title='bbox 2063 3974 2284 4027; x_wconf 82' lang='lat' dir='ltr'><strong>quoque</strong></span> <span class='ocrx_word' id='word_1_594' title='bbox 2315 3957 2550 4025; x_wconf 67' lang='lat' dir='ltr'><strong>quaestio</strong></span> <span class='ocrx_word' id='word_1_595' title='bbox 2584 3966 2639 4009; x_wconf 92' lang='lat' dir='ltr'><strong>et</strong></span> <span class='ocrx_word' id='word_1_596' title='bbox 2670 3956 2870 4010; x_wconf 87' lang='lat' dir='ltr'><strong>solutio</strong></span> <span class='ocrx_word' id='word_1_597' title='bbox 2913 3971 3218 4010; x_wconf 80' lang='lat' dir='ltr'><strong>conuexatu</strong></span> <span class='ocrx_word' id='word_1_598' title='bbox 3266 3967 3430 4023; x_wconf 83' lang='lat' dir='ltr'><strong>atque</strong></span> <span class='ocrx_word' id='word_1_599' title='bbox 3472 3959 3656 4010; x_wconf 68' lang='lat' dir='ltr'><strong>cuba:-</strong></span> 
     </span>
    </p>
   </div>
   <div class='ocr_carea' id='block_1_84' title="bbox 2062 4047 3660 4118">
    <p class='ocr_par' dir='ltr' id='par_1_84' title="bbox 2062 4047 3660 4118">
     <span class='ocr_line' id='line_1_84' title="bbox 2062 4047 3660 4118; baseline -0.001 -14"><span class='ocrx_word' id='word_1_600' title='bbox 2062 4061 2269 4106; x_wconf 87' lang='lat' dir='ltr'><strong>reutem</strong></span> <span class='ocrx_word' id='word_1_601' title='bbox 2315 4051 2582 4104; x_wconf 88' lang='lat' dir='ltr'><strong>rationem</strong></span> <span class='ocrx_word' id='word_1_602' title='bbox 2628 4049 2851 4104; x_wconf 85' lang='lat' dir='ltr'><strong>habent.</strong></span> <span class='ocrx_word' id='word_1_603' title='bbox 2886 4047 3183 4118; x_wconf 83' lang='lat' dir='ltr'><strong>Postquam</strong></span> <span class='ocrx_word' id='word_1_604' title='bbox 3238 4049 3384 4104; x_wconf 89' lang='lat' dir='ltr'><strong>enim</strong></span> <span class='ocrx_word' id='word_1_605' title='bbox 3427 4049 3660 4112; x_wconf 80' lang='lat' dir='ltr'><strong>creavit,</strong></span> 
     </span>
    </p>
   </div>
   <div class='ocr_carea' id='block_1_85' title="bbox 2063 4136 3662 4205">
    <p class='ocr_par' dir='ltr' id='par_1_85' title="bbox 2063 4136 3662 4205">
     <span class='ocr_line' id='line_1_85' title="bbox 2063 4136 3662 4205; baseline 0.001 -16"><span class='ocrx_word' id='word_1_606' title='bbox 2063 4137 2261 4190; x_wconf 88' lang='lat' dir='ltr'><strong>merito</strong></span> <span class='ocrx_word' id='word_1_607' title='bbox 2314 4138 2552 4204; x_wconf 88' lang='lat' dir='ltr'><strong>perditos</strong></span> <span class='ocrx_word' id='word_1_608' title='bbox 2601 4144 2841 4205; x_wconf 86' lang='lat' dir='ltr'><strong>reparat.</strong></span> <span class='ocrx_word' id='word_1_609' title='bbox 2875 4136 3028 4202; x_wconf 86' lang='lat' dir='ltr'><strong>Quod</strong></span> <span class='ocrx_word' id='word_1_610' title='bbox 3069 4151 3191 4192; x_wconf 88' lang='lat' dir='ltr'><strong>cmn</strong></span> <span class='ocrx_word' id='word_1_611' title='bbox 3239 4137 3312 4190; x_wconf 86' lang='lat' dir='ltr'><strong>ita</strong></span> <span class='ocrx_word' id='word_1_612' title='bbox 3349 4139 3439 4198; x_wconf 86' lang='lat' dir='ltr'><strong>sit,</strong></span> <span class='ocrx_word' id='word_1_613' title='bbox 3463 4150 3662 4191; x_wconf 83' lang='lat' dir='ltr'><strong>conse-</strong></span> 
     </span>
    </p>
   </div>
   <div class='ocr_carea' id='block_1_86' title="bbox 2065 4228 3663 4297">
    <p class='ocr_par' dir='ltr' id='par_1_86' title="bbox 2065 4228 3663 4297">
     <span class='ocr_line' id='line_1_86' title="bbox 2065 4228 3663 4297; baseline 0.002 -19"><span class='ocrx_word' id='word_1_614' title='bbox 2065 4239 2299 4295; x_wconf 83' lang='lat' dir='ltr'><strong>quenter</strong></span> <span class='ocrx_word' id='word_1_615' title='bbox 2332 4229 2494 4283; x_wconf 88' lang='lat' dir='ltr'><strong>etiam</strong></span> <span class='ocrx_word' id='word_1_616' title='bbox 2534 4244 2647 4282; x_wconf 72' lang='lat' dir='ltr'><strong>sua:</strong></span> <span class='ocrx_word' id='word_1_617' title='bbox 2693 4241 2959 4284; x_wconf 74' lang='lat' dir='ltr'><strong>creatum</strong></span> <span class='ocrx_word' id='word_1_618' title='bbox 2993 4230 3168 4297; x_wconf 77' lang='lat' dir='ltr'><strong>legem</strong></span> <span class='ocrx_word' id='word_1_619' title='bbox 3217 4228 3342 4282; x_wconf 80' lang='lat' dir='ltr'><strong>fert.</strong></span> <span class='ocrx_word' id='word_1_620' title='bbox 3398 4228 3555 4286; x_wconf 87' lang='lat' dir='ltr'><strong>Unde</strong></span> <span class='ocrx_word' id='word_1_621' title='bbox 3605 4237 3663 4283; x_wconf 90' lang='lat' dir='ltr'><strong>et</strong></span> 
     </span>
    </p>
   </div>
   <div class='ocr_carea' id='block_1_87' title="bbox 2066 4319 3662 4390">
    <p class='ocr_par' dir='ltr' id='par_1_87' title="bbox 2066 4319 3662 4390">
     <span class='ocr_line' id='line_1_87' title="bbox 2066 4319 3662 4390; baseline 0.001 -17"><span class='ocrx_word' id='word_1_622' title='bbox 2066 4319 2192 4373; x_wconf 89' lang='lat' dir='ltr'><strong>illud</strong></span> <span class='ocrx_word' id='word_1_623' title='bbox 2228 4320 2448 4388; x_wconf 86' lang='lat' dir='ltr'><strong>planum</strong></span> <span class='ocrx_word' id='word_1_624' title='bbox 2474 4319 2727 4384; x_wconf 78' lang='lat' dir='ltr'><strong>eliieitur,</strong></span> <span class='ocrx_word' id='word_1_625' title='bbox 2761 4323 2935 4390; x_wconf 89' lang='lat' dir='ltr'><strong>ipsius</strong></span> <span class='ocrx_word' id='word_1_626' title='bbox 2969 4336 3094 4376; x_wconf 87' lang='lat' dir='ltr'><strong>esse</strong></span> <span class='ocrx_word' id='word_1_627' title='bbox 3121 4320 3450 4375; x_wconf 80' lang='lat' dir='ltr'><strong>sententiam</strong></span> <span class='ocrx_word' id='word_1_628' title='bbox 3479 4322 3662 4375; x_wconf 77' lang='lat' dir='ltr'><strong>incor-</strong></span> 
     </span>
    </p>
   </div>
   <div class='ocr_carea' id='block_1_88' title="bbox 2066 4408 3661 4480">
    <p class='ocr_par' dir='ltr' id='par_1_88' title="bbox 2066 4408 3661 4480">
     <span class='ocr_line' id='line_1_88' title="bbox 2066 4408 3661 4480; baseline -0.001 -17"><span class='ocrx_word' id='word_1_629' title='bbox 2066 4420 2277 4480; x_wconf 80' lang='lat' dir='ltr'><strong>ruptam</strong></span> <span class='ocrx_word' id='word_1_630' title='bbox 2313 4410 2476 4473; x_wconf 83' lang='lat' dir='ltr'><strong>ferre,</strong></span> <span class='ocrx_word' id='word_1_631' title='bbox 2516 4420 2623 4463; x_wconf 85' lang='lat' dir='ltr'><strong>tam</strong></span> <span class='ocrx_word' id='word_1_632' title='bbox 2653 4413 2706 4464; x_wconf 91' lang='lat' dir='ltr'><strong>in</strong></span> <span class='ocrx_word' id='word_1_633' title='bbox 2744 4411 2915 4480; x_wconf 78' lang='lat' dir='ltr'><strong>legem</strong></span> <span class='ocrx_word' id='word_1_634' title='bbox 2939 4419 3244 4475; x_wconf 75' lang='lat' dir='ltr'><strong>servantes,</strong></span> <span class='ocrx_word' id='word_1_635' title='bbox 3266 4423 3429 4478; x_wconf 79' lang='lat' dir='ltr'><strong>quam</strong></span> <span class='ocrx_word' id='word_1_636' title='bbox 3455 4408 3508 4461; x_wconf 93' lang='lat' dir='ltr'><strong>in</strong></span> <span class='ocrx_word' id='word_1_637' title='bbox 3539 4423 3661 4461; x_wconf 84' lang='lat' dir='ltr'><strong>eam</strong></span> 
     </span>
    </p>
   </div>
   <div class='ocr_carea' id='block_1_89' title="bbox 2063 4498 3655 4573">
    <p class='ocr_par' dir='ltr' id='par_1_89' title="bbox 2063 4498 3655 4573">
     <span class='ocr_line' id='line_1_89' title="bbox 2063 4498 3655 4573; baseline -0.005 -15"><span class='ocrx_word' id='word_1_638' title='bbox 2063 4515 2260 4573; x_wconf 86' lang='lat' dir='ltr'><strong>sponte</strong></span> <span class='ocrx_word' id='word_1_639' title='bbox 2294 4505 2580 4560; x_wconf 88' lang='lat' dir='ltr'><strong>violantes.</strong></span> <span class='ocrx_word' id='word_1_640' title='bbox 2615 4502 2905 4557; x_wconf 66' lang='lat' dir='ltr'><strong>Prtemissa</strong></span> <span class='ocrx_word' id='word_1_641' title='bbox 2941 4501 3107 4570; x_wconf 75' lang='lat' dir='ltr'><strong>igitur</strong></span> <span class='ocrx_word' id='word_1_642' title='bbox 3154 4501 3459 4569; x_wconf 64' lang='lat' dir='ltr'><strong>quaestione</strong></span> <span class='ocrx_word' id='word_1_643' title='bbox 3491 4517 3506 4554; x_wconf 90' lang='lat'><strong>:</strong></span> <span class='ocrx_word' id='word_1_644' title='bbox 3542 4498 3655 4553; x_wconf 81' lang='lat' dir='ltr'><strong>Cur</strong></span> 
     </span>
    </p>
   </div>
   <div class='ocr_carea' id='block_1_90' title="bbox 2065 4591 3664 4663">
    <p class='ocr_par' dir='ltr' id='par_1_90' title="bbox 2065 4591 3664 4663">
     <span class='ocr_line' id='line_1_90' title="bbox 2065 4591 3664 4663; baseline -0.004 -14"><span class='ocrx_word' id='word_1_645' title='bbox 2065 4613 2183 4649; x_wconf 81' lang='lat' dir='ltr'><strong>cum</strong></span> <span class='ocrx_word' id='word_1_646' title='bbox 2215 4595 2364 4649; x_wconf 76' lang='lat' dir='ltr'><strong>nulla</strong></span> <span class='ocrx_word' id='word_1_647' title='bbox 2393 4595 2462 4648; x_wconf 77' lang='lat' dir='ltr'><strong>sit</strong></span> <span class='ocrx_word' id='word_1_648' title='bbox 2495 4596 2552 4648; x_wconf 84' lang='lat' dir='ltr'><strong>in</strong></span> <span class='ocrx_word' id='word_1_649' title='bbox 2579 4593 2843 4646; x_wconf 83' lang='lat' dir='ltr'><strong>Trinitate</strong></span> <span class='ocrx_word' id='word_1_650' title='bbox 2888 4594 3084 4663; x_wconf 71' lang='lat' dir='ltr'><strong>gradus</strong></span> <span class='ocrx_word' id='word_1_651' title='bbox 3127 4592 3421 4659; x_wconf 74' lang='lat' dir='ltr'><strong>superioris</strong></span> <span class='ocrx_word' id='word_1_652' title='bbox 3453 4600 3546 4643; x_wconf 69' lang='lat' dir='ltr'><strong>aut</strong></span> <span class='ocrx_word' id='word_1_653' title='bbox 3579 4591 3664 4643; x_wconf 74' lang='lat' dir='ltr'><strong>in-</strong></span> 
     </span>
    </p>
   </div>
   <div class='ocr_carea' id='block_1_91' title="bbox 2072 4681 3666 4756">
    <p class='ocr_par' dir='ltr' id='par_1_91' title="bbox 2072 4681 3666 4756">
     <span class='ocr_line' id='line_1_91' title="bbox 2072 4681 3666 4756; baseline -0.004 -15"><span class='ocrx_word' id='word_1_654' title='bbox 2072 4688 2282 4756; x_wconf 78' lang='lat' dir='ltr'><strong>ferioris</strong></span> <span class='ocrx_word' id='word_1_655' title='bbox 2313 4688 2636 4755; x_wconf 71' lang='lat' dir='ltr'><strong>ili/ferentia,</strong></span> <span class='ocrx_word' id='word_1_656' title='bbox 2670 4685 2841 4737; x_wconf 73' lang='lat' dir='ltr'><strong>Filius</strong></span> <span class='ocrx_word' id='word_1_657' title='bbox 2867 4695 3042 4736; x_wconf 71' lang='lat' dir='ltr'><strong>tamen</strong></span> <span class='ocrx_word' id='word_1_658' title='bbox 3083 4683 3260 4750; x_wconf 77' lang='lat' dir='ltr'><strong>potius</strong></span> <span class='ocrx_word' id='word_1_659' title='bbox 3291 4681 3471 4749; x_wconf 67' lang='lat' dir='ltr'><strong>apifes</strong></span> <span class='ocrx_word' id='word_1_660' title='bbox 3503 4690 3666 4751; x_wconf 70' lang='lat' dir='ltr'><strong>atque</strong></span> 
     </span>
    </p>
   </div>
   <div class='ocr_carea' id='block_1_92' title="bbox 368 4771 1959 4850">
    <p class='ocr_par' dir='ltr' id='par_1_92' title="bbox 368 4778 1959 4850">
     <span class='ocr_line' id='line_1_92' title="bbox 368 4778 1959 4850; baseline 0.004 -20"><span class='ocrx_word' id='word_1_661' title='bbox 368 4795 498 4847; x_wconf 85' lang='grc' dir='ltr'><strong>σης</strong></span> <span class='ocrx_word' id='word_1_662' title='bbox 536 4779 606 4831; x_wconf 84' lang='grc' dir='ltr'><strong>ὲν</strong></span> <span class='ocrx_word' id='word_1_663' title='bbox 637 4778 711 4846; x_wconf 80' lang='grc' dir='ltr'>τῇ</span> <span class='ocrx_word' id='word_1_664' title='bbox 741 4780 933 4846; x_wconf 77' lang='grc' dir='ltr'>Τριὰδι</span> <span class='ocrx_word' id='word_1_665' title='bbox 966 4779 1278 4848; x_wconf 64' lang='grc' dir='ltr'>διαφορᾶς,</span> <span class='ocrx_word' id='word_1_666' title='bbox 1308 4781 1439 4834; x_wconf 82' lang='grc' dir='ltr'>καθ’</span> <span class='ocrx_word' id='word_1_667' title='bbox 1479 4781 1959 4850; x_wconf 68' lang='grc' dir='ltr'>ὑπεροχὴνλέγω</span> 
     </span>
    </p>
   </div>
   <div class='ocr_carea' id='block_1_93' title="bbox 2065 4771 3658 4850">
    <p class='ocr_par' dir='ltr' id='par_1_93' title="bbox 2074 4773 3658 4849">
     <span class='ocr_line' id='line_1_93' title="bbox 2074 4773 3658 4849; baseline -0.006 -16"><span class='ocrx_word' id='word_1_668' title='bbox 2074 4781 2335 4849; x_wconf 77' lang='lat' dir='ltr'><strong>formator</strong></span> <span class='ocrx_word' id='word_1_669' title='bbox 2365 4779 2688 4848; x_wconf 72' lang='lat' dir='ltr'><strong>prwdicatur</strong></span> <span class='ocrx_word' id='word_1_670' title='bbox 2711 4820 2722 4832; x_wconf 93' lang='lat'><strong>.</strong></span> <span class='ocrx_word' id='word_1_671' title='bbox 2764 4775 3110 4828; x_wconf 78' lang='lat' dir='ltr'><strong>manifestum</strong></span> <span class='ocrx_word' id='word_1_672' title='bbox 3137 4783 3242 4837; x_wconf 89' lang='lat' dir='ltr'><strong>est,</strong></span> <span class='ocrx_word' id='word_1_673' title='bbox 3267 4773 3372 4827; x_wconf 82' lang='lat' dir='ltr'><strong>hac</strong></span> <span class='ocrx_word' id='word_1_674' title='bbox 3412 4785 3515 4824; x_wconf 84' lang='lat' dir='ltr'><strong>una</strong></span> <span class='ocrx_word' id='word_1_675' title='bbox 3561 4787 3658 4826; x_wconf 84' lang='lat' dir='ltr'><strong>so-</strong></span> 
     </span>
    </p>
   </div>
   <div class='ocr_carea' id='block_1_94' title="bbox 367 4869 1961 4940">
    <p class='ocr_par' dir='ltr' id='par_1_94' title="bbox 367 4869 1961 4940">
     <span class='ocr_line' id='line_1_94' title="bbox 367 4869 1961 4940; baseline 0.003 -20"><span class='ocrx_word' id='word_1_676' title='bbox 367 4869 476 4921; x_wconf 77' lang='grc' dir='ltr'>καὶ</span> <span class='ocrx_word' id='word_1_677' title='bbox 504 4869 804 4937; x_wconf 64' lang='grc' dir='ltr'>ἔλλειψιν,</span> <span class='ocrx_word' id='word_1_678' title='bbox 852 4874 886 4923; x_wconf 84' lang='grc' dir='ltr'><strong>ό</strong></span> <span class='ocrx_word' id='word_1_679' title='bbox 928 4871 1061 4935; x_wconf 81' lang='grc' dir='ltr'><strong>Υἱὸς</strong></span> <span class='ocrx_word' id='word_1_680' title='bbox 1088 4869 1332 4937; x_wconf 73' lang='grc' dir='ltr'><strong>μᾶλλον</strong></span> <span class='ocrx_word' id='word_1_681' title='bbox 1369 4870 1732 4940; x_wconf 78' lang='grc' dir='ltr'>δημιουργός</span> <span class='ocrx_word' id='word_1_682' title='bbox 1770 4889 1834 4925; x_wconf 79' lang='grc' dir='ltr'><strong>τε</strong></span> <span class='ocrx_word' id='word_1_683' title='bbox 1861 4874 1961 4927; x_wconf 83' lang='grc' dir='ltr'>καὶ</span> 
     </span>
    </p>
   </div>
   <div class='ocr_carea' id='block_1_95' title="bbox 365 4959 1960 5033">
    <p class='ocr_par' dir='ltr' id='par_1_95' title="bbox 365 4959 1960 5033">
     <span class='ocr_line' id='line_1_95' title="bbox 365 4959 1960 5033; baseline 0.002 -20"><span class='ocrx_word' id='word_1_684' title='bbox 365 4959 661 5027; x_wconf 75' lang='grc' dir='ltr'>πλάστης</span> <span class='ocrx_word' id='word_1_685' title='bbox 683 4963 1181 5030; x_wconf 80' lang='grc' dir='ltr'>ἁνακηρύττεται,</span> <span class='ocrx_word' id='word_1_686' title='bbox 1207 4963 1299 5014; x_wconf 79' lang='grc' dir='ltr'>καὶ</span> <span class='ocrx_word' id='word_1_687' title='bbox 1327 4961 1532 5026; x_wconf 84' lang='grc' dir='ltr'>ταύτης</span> <span class='ocrx_word' id='word_1_688' title='bbox 1553 4962 1652 5032; x_wconf 85' lang='grc' dir='ltr'>τὴν</span> <span class='ocrx_word' id='word_1_689' title='bbox 1675 4964 1827 5016; x_wconf 82' lang='grc' dir='ltr'>λύσιν</span> <span class='ocrx_word' id='word_1_690' title='bbox 1859 4964 1960 5033; x_wconf 76' lang='grc' dir='ltr'>ἤδη</span> 
     </span>
    </p>
   </div>
   <div class='ocr_carea' id='block_1_96' title="bbox 366 5053 1962 5126">
    <p class='ocr_par' dir='ltr' id='par_1_96' title="bbox 366 5053 1962 5126">
     <span class='ocr_line' id='line_1_96' title="bbox 366 5053 1962 5126; baseline 0.003 -22"><span class='ocrx_word' id='word_1_691' title='bbox 366 5053 787 5124; x_wconf 76' lang='grc' dir='ltr'>λαμϐανούσης,</span> <span class='ocrx_word' id='word_1_692' title='bbox 823 5056 1058 5124; x_wconf 81' lang='grc' dir='ltr'>φανερὸν</span> <span class='ocrx_word' id='word_1_693' title='bbox 1088 5055 1164 5117; x_wconf 82' lang='grc' dir='ltr'>ὡς</span> <span class='ocrx_word' id='word_1_694' title='bbox 1189 5055 1284 5107; x_wconf 76' lang='grc' dir='ltr'>καὶ</span> <span class='ocrx_word' id='word_1_695' title='bbox 1315 5055 1383 5108; x_wconf 81' lang='grc' dir='ltr'><strong>τὰ</strong></span> <span class='ocrx_word' id='word_1_696' title='bbox 1411 5056 1611 5123; x_wconf 80' lang='grc' dir='ltr'>ἑφεξῆς</span> <span class='ocrx_word' id='word_1_697' title='bbox 1653 5057 1762 5109; x_wconf 83' lang='grc' dir='ltr'><strong>τῶν</strong></span> <span class='ocrx_word' id='word_1_698' title='bbox 1792 5059 1962 5126; x_wconf 77' lang='grc' dir='ltr'>ζητη·</span> 
     </span>
    </p>
   </div>
   <div class='ocr_carea' id='block_1_97' title="bbox 370 5145 1960 5215">
    <p class='ocr_par' dir='ltr' id='par_1_97' title="bbox 370 5145 1960 5215">
     <span class='ocr_line' id='line_1_97' title="bbox 370 5145 1960 5215; baseline 0.002 -17"><span class='ocrx_word' id='word_1_699' title='bbox 370 5146 570 5215; x_wconf 81' lang='grc' dir='ltr'>μάτων</span> <span class='ocrx_word' id='word_1_700' title='bbox 597 5148 1004 5204; x_wconf 71' lang='grc' dir='ltr'>συνδιαλύεται.</span> <span class='ocrx_word' id='word_1_701' title='bbox 1035 5148 1204 5215; x_wconf 76' lang='grc' dir='ltr'>Φησὶν</span> <span class='ocrx_word' id='word_1_702' title='bbox 1239 5145 1333 5199; x_wconf 76' lang='grc' dir='ltr'><strong>οὖν</strong></span> <span class='ocrx_word' id='word_1_703' title='bbox 1360 5145 1436 5209; x_wconf 85' lang='grc' dir='ltr'>ὡς</span> <span class='ocrx_word' id='word_1_704' title='bbox 1474 5148 1656 5210; x_wconf 81' lang='grc' dir='ltr'>καλῶς</span> <span class='ocrx_word' id='word_1_705' title='bbox 1685 5151 1779 5201; x_wconf 78' lang='grc' dir='ltr'>καὶ</span> <span class='ocrx_word' id='word_1_706' title='bbox 1807 5150 1960 5201; x_wconf 78' lang='grc' dir='ltr'>εὐλό-</span> 
     </span>
    </p>
   </div>
   <div class='ocr_carea' id='block_1_98' title="bbox 367 5238 1958 5310">
    <p class='ocr_par' dir='ltr' id='par_1_98' title="bbox 367 5238 1958 5310">
     <span class='ocr_line' id='line_1_98' title="bbox 367 5238 1958 5310; baseline -0.001 -18"><span class='ocrx_word' id='word_1_707' title='bbox 367 5255 489 5305; x_wconf 82' lang='grc' dir='ltr'><strong>γως</strong></span> <span class='ocrx_word' id='word_1_708' title='bbox 525 5240 559 5308; x_wconf 73' lang='grc' dir='ltr'>ἡ</span> <span class='ocrx_word' id='word_1_709' title='bbox 580 5239 910 5310; x_wconf 85' lang='grc' dir='ltr'>δημιουργία</span> <span class='ocrx_word' id='word_1_710' title='bbox 935 5238 1030 5291; x_wconf 78' lang='grc' dir='ltr'>τοῦ</span> <span class='ocrx_word' id='word_1_711' title='bbox 1062 5239 1260 5301; x_wconf 84' lang='grc' dir='ltr'>παντὸς</span> <span class='ocrx_word' id='word_1_712' title='bbox 1281 5238 1400 5292; x_wconf 86' lang='grc' dir='ltr'>κατ’</span> <span class='ocrx_word' id='word_1_713' title='bbox 1431 5239 1710 5308; x_wconf 77' lang='grc' dir='ltr'>ἐξαίρετον</span> <span class='ocrx_word' id='word_1_714' title='bbox 1732 5241 1811 5309; x_wconf 84' lang='grc' dir='ltr'>τῷ</span> <span class='ocrx_word' id='word_1_715' title='bbox 1844 5240 1958 5307; x_wconf 82' lang='grc' dir='ltr'><strong>Υἰῷ</strong></span> 
     </span>
    </p>
   </div>
   <div class='ocr_carea' id='block_1_99' title="bbox 367 5329 1958 5403">
    <p class='ocr_par' dir='ltr' id='par_1_99' title="bbox 367 5329 1958 5403">
     <span class='ocr_line' id='line_1_99' title="bbox 367 5329 1958 5403; baseline 0.003 -20"><span class='ocrx_word' id='word_1_716' title='bbox 367 5331 731 5400; x_wconf 76' lang='grc' dir='ltr'>ἀναφέρεται.</span> <span class='ocrx_word' id='word_1_717' title='bbox 758 5333 867 5386; x_wconf 76' lang='grc' dir='ltr'>Καὶ</span> <span class='ocrx_word' id='word_1_718' title='bbox 894 5331 1002 5400; x_wconf 82' lang='grc' dir='ltr'>γὰρ</span> <span class='ocrx_word' id='word_1_719' title='bbox 1035 5329 1127 5383; x_wconf 77' lang='grc' dir='ltr'><strong>τού</strong></span> <span class='ocrx_word' id='word_1_720' title='bbox 1159 5330 1337 5398; x_wconf 85' lang='grc' dir='ltr'>Λόγου</span> <span class='ocrx_word' id='word_1_721' title='bbox 1374 5331 1513 5400; x_wconf 80' lang='grc' dir='ltr'><strong>μετὰ</strong></span> <span class='ocrx_word' id='word_1_722' title='bbox 1542 5331 1741 5399; x_wconf 79' lang='grc' dir='ltr'>σαρκὸς</span> <span class='ocrx_word' id='word_1_723' title='bbox 1767 5333 1958 5403; x_wconf 77' lang='grc' dir='ltr'>ἐπιδη-</span> 
     </span>
    </p>
   </div>
   <div class='ocr_carea' id='block_1_100' title="bbox 372 5423 1961 5494">
    <p class='ocr_par' dir='ltr' id='par_1_100' title="bbox 372 5423 1961 5494">
     <span class='ocr_line' id='line_1_100' title="bbox 372 5423 1961 5494; baseline 0 -18"><span class='ocrx_word' id='word_1_724' title='bbox 372 5423 658 5494; x_wconf 78' lang='grc' dir='ltr'>μήσαντος</span> <span class='ocrx_word' id='word_1_725' title='bbox 685 5426 742 5478; x_wconf 76' lang='lat' dir='ltr'><strong>al</strong></span> <span class='ocrx_word' id='word_1_726' title='bbox 773 5426 996 5494; x_wconf 74' lang='grc' dir='ltr'>μείζους</span> <span class='ocrx_word' id='word_1_727' title='bbox 1029 5424 1124 5478; x_wconf 75' lang='grc' dir='ltr'>καὶ</span> <span class='ocrx_word' id='word_1_728' title='bbox 1162 5423 1381 5486; x_wconf 82' lang='grc' dir='ltr'>πλείους</span> <span class='ocrx_word' id='word_1_729' title='bbox 1415 5423 1548 5494; x_wconf 74' lang='grc' dir='ltr'>περὶ</span> <span class='ocrx_word' id='word_1_730' title='bbox 1575 5423 1676 5491; x_wconf 81' lang='grc' dir='ltr'>τὴν</span> <span class='ocrx_word' id='word_1_731' title='bbox 1704 5424 1961 5494; x_wconf 84' lang='grc' dir='ltr'>δημιουρ-</span> 
     </span>
    </p>
   </div>
   <div class='ocr_carea' id='block_1_101' title="bbox 481 5554 1526 5621">
    <p class='ocr_par' dir='ltr' id='par_1_101' title="bbox 481 5554 1526 5621">
     <span class='ocr_line' id='line_1_101' title="bbox 481 5554 1526 5621; baseline -0.007 -6"><span class='ocrx_word' id='word_1_732' title='bbox 481 5560 524 5592; x_wconf 82' lang='grc'>⁸¹</span> <span class='ocrx_word' id='word_1_733' title='bbox 559 5559 694 5614; x_wconf 83' lang='lat' dir='ltr'><strong>Gen.</strong></span> <span class='ocrx_word' id='word_1_734' title='bbox 745 5575 858 5618; x_wconf 73' lang='lat' dir='ltr'><strong>ut,</strong></span> <span class='ocrx_word' id='word_1_735' title='bbox 921 5557 1008 5610; x_wconf 81' lang='lat' dir='ltr'><strong>l7.</strong></span> <span class='ocrx_word' id='word_1_736' title='bbox 1073 5557 1126 5588; x_wconf 67' lang='grc' dir='ltr'><strong><em>τ’</em></strong></span> <span class='ocrx_word' id='word_1_737' title='bbox 1163 5554 1324 5610; x_wconf 79' lang='lat' dir='ltr'><strong>Hebr.</strong></span> <span class='ocrx_word' id='word_1_738' title='bbox 1365 5572 1402 5621; x_wconf 85' lang='grc' dir='ltr'><strong>ι,</strong></span> <span class='ocrx_word' id='word_1_739' title='bbox 1440 5555 1526 5608; x_wconf 73' lang='grc' dir='ltr'><strong>Η.</strong></span> 
     </span>
    </p>
   </div>
   <div class='ocr_carea' id='block_1_102' title="bbox 2067 4865 3664 4938">
    <p class='ocr_par' dir='ltr' id='par_1_102' title="bbox 2067 4865 3664 4938">
     <span class='ocr_line' id='line_1_102' title="bbox 2067 4865 3664 4938; baseline -0.005 -14"><span class='ocrx_word' id='word_1_740' title='bbox 2067 4873 2198 4934; x_wconf 83' lang='lat' dir='ltr'><strong>luta,</strong></span> <span class='ocrx_word' id='word_1_741' title='bbox 2249 4871 2491 4938; x_wconf 80' lang='lat' dir='ltr'><strong>reliquas</strong></span> <span class='ocrx_word' id='word_1_742' title='bbox 2527 4883 2743 4938; x_wconf 86' lang='lat' dir='ltr'><strong>quoque</strong></span> <span class='ocrx_word' id='word_1_743' title='bbox 2792 4883 2860 4920; x_wconf 83' lang='lat' dir='ltr'><strong>ex</strong></span> <span class='ocrx_word' id='word_1_744' title='bbox 2909 4883 2971 4922; x_wconf 82' lang='lat' dir='ltr'><strong>ea</strong></span> <span class='ocrx_word' id='word_1_745' title='bbox 3027 4865 3286 4931; x_wconf 84' lang='lat' dir='ltr'><strong>deinceps</strong></span> <span class='ocrx_word' id='word_1_746' title='bbox 3331 4871 3481 4918; x_wconf 84' lang='lat' dir='ltr'><strong>ortas</strong></span> <span class='ocrx_word' id='word_1_747' title='bbox 3509 4877 3664 4933; x_wconf 63' lang='lat' dir='ltr'><strong>qua-</strong></span> 
     </span>
    </p>
   </div>
   <div class='ocr_carea' id='block_1_103' title="bbox 2067 4958 3664 5026">
    <p class='ocr_par' dir='ltr' id='par_1_103' title="bbox 2067 4958 3664 5026">
     <span class='ocr_line' id='line_1_103' title="bbox 2067 4958 3664 5026; baseline -0.006 -8"><span class='ocrx_word' id='word_1_748' title='bbox 2067 4965 2273 5018; x_wconf 79' lang='lat' dir='ltr'><strong>Stiones</strong></span> <span class='ocrx_word' id='word_1_749' title='bbox 2326 4962 2570 5016; x_wconf 83' lang='lat' dir='ltr'><strong>dissolvi.</strong></span> <span class='ocrx_word' id='word_1_750' title='bbox 2627 4963 2808 5026; x_wconf 85' lang='lat' dir='ltr'><strong>Quare</strong></span> <span class='ocrx_word' id='word_1_751' title='bbox 2853 4959 3092 5012; x_wconf 83' lang='lat' dir='ltr'><strong>allirmat</strong></span> <span class='ocrx_word' id='word_1_752' title='bbox 3141 4969 3291 5012; x_wconf 87' lang='lat' dir='ltr'><strong>recte</strong></span> <span class='ocrx_word' id='word_1_753' title='bbox 3347 4972 3411 5011; x_wconf 90' lang='lat' dir='ltr'><strong>ac</strong></span> <span class='ocrx_word' id='word_1_754' title='bbox 3463 4958 3664 5010; x_wconf 88' lang='lat' dir='ltr'><strong>merito</strong></span> 
     </span>
    </p>
   </div>
   <div class='ocr_carea' id='block_1_104' title="bbox 2067 5045 3660 5118">
    <p class='ocr_par' dir='ltr' id='par_1_104' title="bbox 2067 5045 3660 5118">
     <span class='ocr_line' id='line_1_104' title="bbox 2067 5045 3660 5118; baseline -0.007 -8"><span class='ocrx_word' id='word_1_755' title='bbox 2067 5055 2308 5110; x_wconf 85' lang='lat' dir='ltr'><strong>universi</strong></span> <span class='ocrx_word' id='word_1_756' title='bbox 2361 5058 2696 5108; x_wconf 86' lang='lat' dir='ltr'><strong>creationem</strong></span> <span class='ocrx_word' id='word_1_757' title='bbox 2752 5052 2818 5105; x_wconf 85' lang='lat' dir='ltr'><strong>ad</strong></span> <span class='ocrx_word' id='word_1_758' title='bbox 2876 5050 3072 5104; x_wconf 81' lang='lat' dir='ltr'><strong>Filium</strong></span> <span class='ocrx_word' id='word_1_759' title='bbox 3125 5064 3222 5118; x_wconf 88' lang='lat' dir='ltr'><strong>per</strong></span> <span class='ocrx_word' id='word_1_760' title='bbox 3272 5045 3660 5104; x_wconf 76' lang='lat' dir='ltr'><strong>excellentiam</strong></span> 
     </span>
    </p>
   </div>
   <div class='ocr_carea' id='block_1_105' title="bbox 2069 5139 3659 5202">
    <p class='ocr_par' dir='ltr' id='par_1_105' title="bbox 2069 5139 3659 5202">
     <span class='ocr_line' id='line_1_105' title="bbox 2069 5139 3659 5202; baseline -0.007 -4"><span class='ocrx_word' id='word_1_761' title='bbox 2069 5145 2283 5202; x_wconf 81' lang='lat' dir='ltr'><strong>referri.</strong></span> <span class='ocrx_word' id='word_1_762' title='bbox 2327 5144 2464 5199; x_wconf 89' lang='lat' dir='ltr'><strong>Cum</strong></span> <span class='ocrx_word' id='word_1_763' title='bbox 2533 5147 2731 5197; x_wconf 87' lang='lat' dir='ltr'><strong>etenim</strong></span> <span class='ocrx_word' id='word_1_764' title='bbox 2766 5139 3007 5196; x_wconf 76' lang='lat' dir='ltr'><strong>Verbum</strong></span> <span class='ocrx_word' id='word_1_765' title='bbox 3047 5140 3098 5191; x_wconf 89' lang='lat' dir='ltr'><strong>in</strong></span> <span class='ocrx_word' id='word_1_766' title='bbox 3131 5154 3297 5192; x_wconf 85' lang='lat' dir='ltr'><strong>carne</strong></span> <span class='ocrx_word' id='word_1_767' title='bbox 3329 5139 3393 5189; x_wconf 84' lang='lat' dir='ltr'><strong>ad</strong></span> <span class='ocrx_word' id='word_1_768' title='bbox 3433 5150 3532 5190; x_wconf 87' lang='lat' dir='ltr'><strong>nos</strong></span> <span class='ocrx_word' id='word_1_769' title='bbox 3566 5148 3659 5187; x_wconf 83' lang='lat' dir='ltr'><strong>ve-</strong></span> 
     </span>
    </p>
   </div>
   <div class='ocr_carea' id='block_1_106' title="bbox 2068 5228 3657 5304">
    <p class='ocr_par' dir='ltr' id='par_1_106' title="bbox 2068 5228 3657 5304">
     <span class='ocr_line' id='line_1_106' title="bbox 2068 5228 3657 5304; baseline -0.009 -12"><span class='ocrx_word' id='word_1_770' title='bbox 2068 5237 2264 5298; x_wconf 85' lang='lat' dir='ltr'><strong>nisset,</strong></span> <span class='ocrx_word' id='word_1_771' title='bbox 2294 5235 2475 5304; x_wconf 87' lang='lat' dir='ltr'><strong>plures</strong></span> <span class='ocrx_word' id='word_1_772' title='bbox 2498 5251 2563 5290; x_wconf 86' lang='lat' dir='ltr'><strong>ac</strong></span> <span class='ocrx_word' id='word_1_773' title='bbox 2596 5235 2832 5301; x_wconf 80' lang='lat' dir='ltr'><strong>maiores</strong></span> <span class='ocrx_word' id='word_1_774' title='bbox 2867 5234 3107 5287; x_wconf 65' lang='lat' dir='ltr'><strong>haar&#39;eses</strong></span> <span class='ocrx_word' id='word_1_775' title='bbox 3132 5229 3200 5284; x_wconf 88' lang='lat' dir='ltr'><strong>de</strong></span> <span class='ocrx_word' id='word_1_776' title='bbox 3225 5228 3507 5284; x_wconf 84' lang='lat' dir='ltr'><strong>creatione</strong></span> <span class='ocrx_word' id='word_1_777' title='bbox 3530 5239 3657 5294; x_wconf 85' lang='lat' dir='ltr'><strong>pro-</strong></span> 
     </span>
    </p>
   </div>
   <div class='ocr_carea' id='block_1_107' title="bbox 2057 5315 3655 5394">
    <p class='ocr_par' dir='ltr' id='par_1_107' title="bbox 2057 5315 3655 5394">
     <span class='ocr_line' id='line_1_107' title="bbox 2057 5315 3655 5394; baseline -0.011 -10"><span class='ocrx_word' id='word_1_778' title='bbox 2057 5336 2372 5384; x_wconf 85' lang='lat' dir='ltr'><strong>cesserunt.</strong></span> <span class='ocrx_word' id='word_1_779' title='bbox 2403 5327 2462 5381; x_wconf 86' lang='lat' dir='ltr'><strong>lu</strong></span> <span class='ocrx_word' id='word_1_780' title='bbox 2497 5327 2580 5381; x_wconf 84' lang='lat' dir='ltr'><strong>his</strong></span> <span class='ocrx_word' id='word_1_781' title='bbox 2607 5326 2774 5394; x_wconf 87' lang='lat' dir='ltr'><strong>aliqui</strong></span> <span class='ocrx_word' id='word_1_782' title='bbox 2814 5339 3000 5378; x_wconf 89' lang='lat' dir='ltr'><strong>verum</strong></span> <span class='ocrx_word' id='word_1_783' title='bbox 3029 5331 3195 5389; x_wconf 83' lang='lat' dir='ltr'><strong>atque</strong></span> <span class='ocrx_word' id='word_1_784' title='bbox 3237 5320 3460 5374; x_wconf 81' lang='lat' dir='ltr'><strong>unicum</strong></span> <span class='ocrx_word' id='word_1_785' title='bbox 3483 5315 3655 5369; x_wconf 82' lang='lat' dir='ltr'><strong>Crea-</strong></span> 
     </span>
    </p>
   </div>
   <div class='ocr_carea' id='block_1_108' title="bbox 2069 5407 3656 5491">
    <p class='ocr_par' dir='ltr' id='par_1_108' title="bbox 2069 5407 3656 5491">
     <span class='ocr_line' id='line_1_108' title="bbox 2069 5407 3656 5491; baseline -0.01 -15"><span class='ocrx_word' id='word_1_786' title='bbox 2069 5433 2243 5476; x_wconf 86' lang='lat' dir='ltr'><strong>torem</strong></span> <span class='ocrx_word' id='word_1_787' title='bbox 2279 5423 2618 5491; x_wconf 80' lang='lat' dir='ltr'><strong>iguorantes.</strong></span> <span class='ocrx_word' id='word_1_788' title='bbox 2660 5421 2711 5472; x_wconf 92' lang='lat' dir='ltr'><strong>iu</strong></span> <span class='ocrx_word' id='word_1_789' title='bbox 2739 5419 2922 5472; x_wconf 83' lang='lat' dir='ltr'><strong>varias</strong></span> <span class='ocrx_word' id='word_1_790' title='bbox 2964 5429 3159 5471; x_wconf 84' lang='lat' dir='ltr'><strong>causas</strong></span> <span class='ocrx_word' id='word_1_791' title='bbox 3197 5411 3383 5469; x_wconf 83' lang='lat' dir='ltr'><strong>mundi</strong></span> <span class='ocrx_word' id='word_1_792' title='bbox 3412 5407 3656 5467; x_wconf 64' lang='lat' dir='ltr'><strong>creatiov</strong></span> 
     </span>
    </p>
   </div>
   <div class='ocr_carea' id='block_1_109' title="bbox 1645 5642 2358 5708">
    <p class='ocr_par' dir='ltr' id='par_1_109' title="bbox 1645 5642 2358 5708">
     <span class='ocr_line' id='line_1_109' title="bbox 1645 5642 2358 5708; baseline 0.001 -12"><span class='ocrx_word' id='word_1_793' title='bbox 1645 5705 1650 5708; x_wconf 90' lang='lat'><strong><em>_</em></strong></span> <span class='ocrx_word' id='word_1_794' title='bbox 1687 5643 1776 5697; x_wconf 78' lang='lat' dir='ltr'><strong>VA</strong></span> <span class='ocrx_word' id='word_1_795' title='bbox 1786 5642 1922 5697; x_wconf 70' lang='grc' dir='ltr'><strong>ΒΙᾹΞ</strong></span> <span class='ocrx_word' id='word_1_796' title='bbox 1956 5642 2358 5699; x_wconf 78' lang='lat' dir='ltr'><strong>LECTIONES.</strong></span> 
     </span>
    </p>
   </div>
   <div class='ocr_carea' id='block_1_110' title="bbox 454 5724 3643 5810">
    <p class='ocr_par' dir='ltr' id='par_1_110' title="bbox 454 5724 3643 5810">
     <span class='ocr_line' id='line_1_110' title="bbox 454 5724 3643 5810; baseline -0.002 -21"><span class='ocrx_word' id='word_1_797' title='bbox 454 5738 498 5810; x_wconf 49' lang='lat' dir='ltr'><strong>if</strong></span> <span class='ocrx_word' id='word_1_798' title='bbox 520 5739 605 5790; x_wconf 81' lang='grc' dir='ltr'>ἵνα</span> <span class='ocrx_word' id='word_1_799' title='bbox 626 5739 690 5808; x_wconf 79' lang='grc' dir='ltr'>δὴ</span> <span class='ocrx_word' id='word_1_800' title='bbox 706 5741 1074 5807; x_wconf 46' lang='grc' dir='ltr'>οἰκονομεῖται,</span> <span class='ocrx_word' id='word_1_801' title='bbox 1103 5740 1164 5795; x_wconf 74' lang='grc' dir='ltr'><strong>Α.</strong></span> <span class='ocrx_word' id='word_1_802' title='bbox 1247 5740 1290 5772; x_wconf 71' lang='grc' dir='ltr'><strong>¹δ</strong></span> <span class='ocrx_word' id='word_1_803' title='bbox 1315 5739 1734 5810; x_wconf 78' lang='grc' dir='ltr'>ὑπηρετούντων</span> <span class='ocrx_word' id='word_1_804' title='bbox 1766 5739 1811 5792; x_wconf 79' lang='grc' dir='ltr'><strong>Α</strong></span> <span class='ocrx_word' id='word_1_805' title='bbox 1843 5737 2362 5810; x_wconf 75' lang='grc' dir='ltr'>εδημιουργούντων</span> <span class='ocrx_word' id='word_1_806' title='bbox 2390 5756 2450 5804; x_wconf 83' lang='grc' dir='ltr'>ς.</span> <span class='ocrx_word' id='word_1_807' title='bbox 2530 5736 2573 5769; x_wconf 79' lang='grc'>³⁸</span> <span class='ocrx_word' id='word_1_808' title='bbox 2591 5733 2734 5806; x_wconf 67' lang='grc' dir='ltr'>οὐχὶ]</span> <span class='ocrx_word' id='word_1_809' title='bbox 2766 5732 2932 5792; x_wconf 76' lang='lat' dir='ltr'><strong>Hebr.</strong></span> <span class='ocrx_word' id='word_1_810' title='bbox 2965 5749 3004 5799; x_wconf 86' lang='lat' dir='ltr'><strong>I,</strong></span> <span class='ocrx_word' id='word_1_811' title='bbox 3036 5731 3122 5788; x_wconf 73' lang='grc' dir='ltr'><strong>Η.</strong></span> <span class='ocrx_word' id='word_1_812' title='bbox 3165 5729 3210 5763; x_wconf 78' lang='grc'><strong>¹⁶</strong></span> <span class='ocrx_word' id='word_1_813' title='bbox 3236 5724 3468 5804; x_wconf 69' lang='grc' dir='ltr'>βιϐλίου]</span> <span class='ocrx_word' id='word_1_814' title='bbox 3498 5727 3643 5784; x_wconf 82' lang='lat' dir='ltr'><strong>libri.</strong></span> 
     </span>
    </p>
   </div>
   <div class='ocr_carea' id='block_1_111' title="bbox 451 5809 1262 5881">
    <p class='ocr_par' dir='ltr' id='par_1_111' title="bbox 451 5809 1262 5881">
     <span class='ocr_line' id='line_1_111' title="bbox 451 5809 1262 5881; baseline 0.005 -19"><span class='ocrx_word' id='word_1_815' title='bbox 451 5809 495 5842; x_wconf 77' lang='grc'><strong>³⁷</strong></span> <span class='ocrx_word' id='word_1_816' title='bbox 526 5812 716 5881; x_wconf 78' lang='grc' dir='ltr'>καινῆς</span> <span class='ocrx_word' id='word_1_817' title='bbox 746 5828 810 5878; x_wconf 86' lang='grc' dir='ltr'>ς.</span> <span class='ocrx_word' id='word_1_818' title='bbox 887 5811 928 5841; x_wconf 82' lang='grc'><strong>¹⁸</strong></span> <span class='ocrx_word' id='word_1_819' title='bbox 979 5811 1141 5864; x_wconf 74' lang='grc' dir='ltr'>αὑτὸν</span> <span class='ocrx_word' id='word_1_820' title='bbox 1203 5829 1262 5878; x_wconf 82' lang='grc' dir='ltr'><strong>ς’.</strong></span> 
     </span>
    </p>
   </div>
   <div class='ocr_carea' id='block_1_112' title="bbox 1347 5806 2288 5882">
    <p class='ocr_par' dir='ltr' id='par_1_112' title="bbox 1347 5806 2288 5882">
     <span class='ocr_line' id='line_1_112' title="bbox 1347 5806 2288 5882; baseline -0.003 -17"><span class='ocrx_word' id='word_1_821' title='bbox 1347 5812 1389 5843; x_wconf 79' lang='grc'>¹⁹</span> <span class='ocrx_word' id='word_1_822' title='bbox 1415 5806 1724 5882; x_wconf 69' lang='grc' dir='ltr'>νομοθετῶν</span> <span class='ocrx_word' id='word_1_823' title='bbox 1765 5816 1852 5862; x_wconf 72' lang='lat' dir='ltr'><strong>A:</strong></span> <span class='ocrx_word' id='word_1_824' title='bbox 1893 5806 2174 5877; x_wconf 80' lang='grc' dir='ltr'>νομοθετεῖ</span> <span class='ocrx_word' id='word_1_825' title='bbox 2227 5825 2288 5871; x_wconf 79' lang='grc' dir='ltr'>ς.</span> 
     </span>
    </p>
   </div>
  </div>
