4032 6482
501 384 608 447 763

1656 390 1923 451 ΡΗΟΤΙῘ
1962 388 2468 449 PATRIARCHIE
2500 392 2610 450 (ΣΡ.

3681 392 3784 454 τοι

501 508 620 548 item
665 491 986 548 retulerunt.
1018 492 1176 549 Unde
1206 507 1311 548 non
1360 494 1414 549 in
1462 495 1865 553 multitudinem
1900 497 2075 553 solum

2194 496 2307 566 τίαν
2335 498 2580 568 αἱρέσεις
2621 497 2969 569 προσέκοψαν
2993 497 3062 563 ⁸⁸,
3100 496 3195 549 καὶ
3217 497 3415 569 οἱμὲν
3442 498 3539 552 τον
3568 500 3665 554 ἕνα
3695 508 3787 560 καὶ

498 588 723 639 deorum
759 584 979 653 quidam
1009 598 1131 639 sese
1153 584 1476 651 effuderunt,
1504 586 1602 642 sed
1625 597 1680 643 et
1705 588 1847 642 bono
1879 589 2079 641 malum

500 683 857 743 opponentes,
910 676 1147 730 universi
1198 677 1641 744 gubernationem
1695 678 2081 733 indivisibilem

500 767 556 818 in
620 769 922 821 contrarias
976 768 1343 836 providentias
1394 770 1789 823 distraxerunt.
1850 770 2081 836 Quidam

505 868 717 911 rursiim
749 857 1042 912 individua!
1075 869 1129 913 et
1171 873 1266 928 per
1299 862 1481 914 omnia
1513 863 1742 931 aequalis
1772 861 2082 918 Divinitatis

503 953 769 1009 divisores
820 969 1038 1010 amaros
1083 965 1246 1023 atque
1280 955 1507 1022 iujustos
1554 972 1614 1010 se
1660 956 2080 1020 constituentes,

478 1030 611 1097 tota
673 1044 761 1098 Dei
802 1044 1084 1113 majestate
1126 1043 1269 1097 Patri
1304 1045 1590 1110 attributa,
1623 1045 1823 1100 Filium
1856 1059 1920 1099 ac
1956 1044 2078 1114 Spi-

503 1138 666 1189 ritum
701 1148 947 1191 sanctum
986 1137 1053 1189 ab
1100 1134 1339 1202 ejusdem
1396 1147 1600 1191 natura:
1654 1136 2083 1207 participatione

504 1227 819 1295 repulerunt
850 1244 863 1280 :
897 1230 999 1282 hoc
1040 1243 1137 1296 pro
1192 1242 1288 1281 sua
1325 1228 1599 1282 dementia
1635 1236 1894 1297 praetextu
1929 1243 2084 1281 arre~

504 1330 616 1390 pto,
644 1321 786 1388 quod
813 1330 865 1375 et
892 1320 1056 1374 Deum
1093 1336 1258 1373 unum
1287 1320 1471 1389 (quem
1502 1320 1665 1374 etiam
1702 1319 1917 1374 Patrem
1950 1335 2087 1389 prae.-

505 1413 649 1464 dicat
679 1420 835 1465 vetus
871 1410 1004 1480 Lex)
1039 1412 1402 1473 celebrarent,
1433 1402 1488 1466 et
1537 1426 1733 1466 noxam
1767 1412 2087 1467 adducentis

503 1504 741 1556 audaciae
758 1513 921 1568 esset,
940 1502 1134 1556 Filium
1150 1504 1233 1558 vel
1259 1505 1519 1572 Spiritum
1545 1504 1710 1559 Deum
1728 1504 2083 1559 conflteri.Ex

507 1597 591 1648 his
620 1610 750 1648 vero
782 1596 981 1649 fuerint
1009 1606 1118 1649 tum
1152 1598 1243 1665 qui
1266 1598 1583 1668 ignorantia
1614 1596 1734 1651 Filii
1768 1606 1822 1650 et
1852 1596 2088 1666 Spiritus

504 1688 845 1752 laborarunt;
866 1688 1400 1756 quotquotnimirum
1428 1688 1736 1744 Judaaorum
1764 1698 1930 1758 atque
1955 1704 2090 1758 gen-

2188 592 2265 655 ῶς
2297 592 2515 662 ἀληθῶς
2558 592 2902 664 Δημιουργὸν
2950 592 3321 663 ἀγνοήσαντες
3378 590 3518 664 [512
3571 595 3668 669 IL]
3713 602 3789 665 εἰς

2187 685 2389 746 πολλὰς
2425 687 2605 748 αἰτίας
2632 686 2732 755 τὴν
2779 684 2891 737 τῶν
2946 682 3116 737 ὄντων
3175 684 3398 755 ἀνῆψαν
3460 685 3784 759 ὑπόστασιν,

2188 772 2320 827 ἔνιοι
2348 775 2392 827 δ’
2423 774 2516 828 οὑν
2538 776 2637 828 οὑκ
2681 777 2760 835 εἰς
2795 774 3001 843 πλῆθος
3032 774 3192 845 μόνον
3222 775 3373 829 θεῶν
3423 776 3786 849 ἐξεχύθησαν,

2186 865 2324 919 ἀλλά
2354 866 2447 918 καὶ
2474 864 2553 936 τῷ
2586 866 2776 935 ἀγαθῷ
2814 866 3051 936 πονηρὸν
3077 865 3531 932 ἀντανιστῶντες
3561 870 3660 941 τὴν
3682 877 3787 928 τῶν

2184 956 2322 1011 ὅλων
2343 958 2637 1027 ἀμέριστον
2656 958 2979 1011 ἐπιστασίαν
2995 959 3076 1023 είς
3096 959 3506 1029 ἀντικειμένας
3533 966 3790 1032 προνοίας

2186 1047 2480 1117 διέσχισαν.
2510 1048 2665 1111 Τινὲς
2695 1048 2754 1101 δὲ
2782 1048 2877 1101 καί
2906 1051 3003 1119 τῆς
3040 1050 3285 1121 ἀμεροῦς
3318 1051 3422 1104 καὶ
3450 1050 3547 1104 διὰ
3574 1054 3787 1111 πάντων

2187 1138 2251 1192 τὸ
2306 1141 2420 1191 ἴσον
2466 1138 2699 1209 ἐχούσης
2763 1139 3018 1209 θεότητος
3072 1141 3343 1212 μεριστάς
3400 1144 3648 1212 πικροὺς
3700 1151 3791 1203 καὶ

2188 1230 2411 1293 ἀδίκους
2458 1232 2598 1298 σφᾶς
2651 1231 2847 1294 αὑτοὺς
2895 1232 3356 1302 προκαθίσαντες,
3414 1234 3545 1288 ὅλον
3580 1236 3642 1289 τὸ
3675 1237 3788 1293 θεο-

2190 1320 2397 1389 πρεπὲς
2435 1320 2513 1390 τῷ
2544 1321 2718 1391 Πατρὶ
2747 1321 3220 1390 περικλείσαντες,
3262 1322 3366 1375 τὸν
3424 1323 3568 1376 Υἰὺν
3606 1327 3705 1379 καὶ
3732 1330 3789 1382 τὸ

2190 1411 2413 1485 Πνεῦμα
2455 1412 2557 1481 τῆς
2603 1413 2881 1482 συμφυΐας
2934 1412 3246 1479 ἀπώσαντο,
3298 1415 3654 1485 προφάσεως
3699 1419 3786 1489 (ὡς

2191 1503 2439 1574 ἐνόμιζεν
2470 1503 2648 1556 αὑτῶν
2675 1502 2737 1555 τὸ
2760 1502 3042 1573 ἀσύνετον)
3070 1504 3585 1575 περιδρασσόμενοι
3623 1508 3705 1561 ὅτι
3729 1509 3783 1579 δή

2192 1612 2295 1648 που
2327 1596 2458 1649 Θεὸν
2488 1596 2605 1659 ἕνα,
2630 1595 2693 1648 ὃν
2721 1595 2817 1649 καὶ
2856 1595 3074 1666 Πατέρα
3101 1597 3280 1667 ὑμνεῖ,
3319 1597 3397 1650 τά
3430 1598 3657 1652 Παλαιά
3692 1601 3783 1656 Νό-

2197 1704 2341 1758 μιμα
2368 1687 2829 1758 ἀνακηρύττουσι,
2857 1687 2952 1739 καὶ
2997 1687 3205 1757 τόλμης
3236 1688 3401 1741 ἐστὶν
3433 1688 3685 1761 ἀγούσης
3716 1695 3782 1757 εἰς

505 1779 682 1831 tilium
716 1779 968 1834 tabefecit
993 1795 1185 1844 error;
1210 1790 1321 1835 tum
1347 1782 1436 1849 qui
1462 1781 1687 1835 scientia
1721 1781 1964 1850 quidem,
1994 1780 2086 1833 sed

2195 1778 2543 1848 παρανομίαν
2588 1778 2719 1831 Θεὸν
2754 1781 2844 1833 τὸν
2881 1778 3007 1831 Υἰδν
3039 1778 3073 1849 ἢ
3113 1779 3178 1832 τὸ
3221 1778 3464 1850 Πνεῦμα
3511 1784 3773 1853 συνομολο-

506 1870 685 1925 fallaci
720 1873 926 1939 praediti
961 1874 1042 1944 (ut
1086 1873 1248 1929 Arius
1286 1884 1450 1943 atque
1482 1872 1878 1944 Macedoniani)
1908 1873 2085 1942 ipsum

503 1961 814 2018 Creatorem
837 1964 1000 2031 impie
1018 1965 1178 2018 rebus
1199 1966 1403 2018 creatis
1421 1962 2093 2030 annumeraveruntJVide

506 2059 690 2128 igitur,
741 2057 959 2126 quando
991 2057 1079 2111 hic
1104 2072 1262 2111 error
1289 2057 1444 2125 longe
1468 2055 1604 2109 adeo
1632 2055 1848 2125 lateque
1884 2052 2093 2108 invale-

508 2164 665 2203 scere
713 2149 924 2218 potuit;
959 2148 1003 2203 si
1035 2148 1201 2202 etiam
1228 2147 1525 2202 creationis
1560 2147 1800 2201 universi
1858 2146 2093 2216 dignitas

507 2237 730 2290 definite
749 2236 891 2289 Patri
912 2235 1282 2295 esset,attribu
1293 2244 1343 2288 ta
1363 2276 1378 2300 ,
1403 2244 1773 2303 praetereaque
1792 2234 2096 2302 redemptio

508 2344 671 2398 atque
697 2327 986 2396 judicium,
1028 2327 1154 2395 quis
1187 2342 1292 2378 non
1322 2326 1502 2393 impiis
1537 2325 1822 2379 dementiae
1847 2323 2000 2378 color
2026 2339 2087 2379 ac

509 2430 808 2489 praetextas
859 2419 1293 2493 confingeretur,
1330 2432 1439 2484 quo
1483 2415 1679 2470 Filium
1728 2429 1792 2469 ac
1833 2414 2094 2483 Spiritum

511 2523 783 2575 sanctum,
807 2510 889 2565 vel
920 2510 1070 2564 nullo
1090 2508 1252 2562 modo
1269 2507 1576 2562 subsistere
1600 2507 1685 2561 vel
1705 2508 2094 2561 subsistentem

511 2605 563 2658 iu
594 2613 968 2659 creaturarum
1000 2600 1252 2657 ordinem
1315 2600 1563 2668 redigere
1623 2597 1926 2652 auderent?
1971 2595 2102 2651 Pro-

506 2707 696 2766 pterea
729 2696 897 2764 igitur
924 2694 1089 2749 Pater
1128 2692 1425 2762 Filiojusta
1454 2693 1520 2745 de
1566 2704 1729 2743 causa
1774 2690 1938 2754 cedit,
1974 2703 2096 2744 cum

509 2786 807 2841 i-reationis
856 2785 1120 2854 dignitate
1169 2786 1233 2838 ab
1286 2783 1463 2847 initio,
1509 2791 1622 2836 tum
1665 2781 2092 2848 reformationis,

507 2889 624 2934 tum
673 2880 836 2933 etiam
879 2878 1092 2947 judicii.
1138 2876 1330 2946 189b
1394 2875 1782 2929 Verumtamen
1814 2891 1920 2929 non
1965 2873 2011 2928 si
2043 2876 2097 2929 in

506 2987 696 3025 eorum
730 2970 935 3040 aliquo,
972 2984 1093 3038 qua:
1124 2970 1282 3022 utodo
1315 2968 1574 3031 diximus,
1622 2964 1759 3020 Filio
1801 2966 1965 3020 cessit
1994 2963 2100 3018 Pa-

512 3072 617 3125 ter,
650 3076 773 3114 mox
802 3061 967 3114 etiam
1006 3060 1058 3113 in
1086 3058 1340 3113 omnibus
1375 3062 1564 3111 cessit.
1597 3054 1784 3125 Neque
1819 3056 1964 3110 enim
1995 3056 2099 3110 hoc

2195 1872 2335 1938 γεῖν.
2367 1869 2584 1925 Τούτων
2600 1871 2645 1924 δ’
2668 1870 2735 1923 ἂν
2754 1866 2864 1923 εἷεν
2885 1870 3111 1939 ἄγνοιαν
3143 1871 3242 1941 μὲν
3276 1871 3379 1925 τοῦ
3412 1871 3551 1925 Υίοῦ
3588 1876 3771 1930 καὶτοῦ

2197 1961 2515 2032 Πνεύματος
2568 1963 2983 2033 ὲκνοσήσαντες,
3026 1963 3172 2027 ὅσοις
3206 1964 3252 1996 ³⁸
3297 1963 3367 2016 τὸ
3397 1964 3697 2019 Ἰουδαϊκόν
3729 1986 3773 2023 τε

2196 2055 2292 2107 καὶ
2334 2053 2642 2123 Ἑλληνικὸν
2675 2053 2907 2125 ὲνετάκη
2942 2055 3219 2125 φρόνημα,
3252 2056 3305 2107 οἱ
3342 2055 3406 2109 δὲ
3443 2056 3656 2125 γνῶσιν
3692 2060 3775 2128 μὲν

2197 2145 2472 2214 ἑπισφαλῆ
2501 2145 2556 2197 δὲ
2585 2144 2940 2215 κτησάμενοι,
2969 2144 3157 2217 ῶσπερ
3184 2148 3254 2199 Ἀ
3269 2164 3426 2218 ρειος
3460 2148 3561 2201 καὶ
3582 2149 3630 2201 οἰ
3657 2152 3776 2206 κατά

2197 2233 2550 2293 Μακεδόνων.
2595 2234 2645 2287 οἳ
2704 2233 3077 2306 συνηρίθμουν
3118 2236 3300 2301 ἀθέως
3361 2240 3435 2308 τῇ
3483 2238 3663 2292 κτίσει
3698 2241 3776 2294 τὸν

2197 2326 2493 2378 Κτίσαντα.
2541 2326 2687 2396 Ὄρα
2741 2325 2857 2391 οῦν,
2910 2326 3011 2396 τῆς
3056 2327 3317 2399 τοιαύτης
3368 2328 3590 2400 πλάνης
3628 2329 3776 2394 οὕτως

2198 2416 2549 2481 ἐπιπολάζειν
2606 2417 3036 2490 κατισχυούσης,
3078 2421 3126 2473 εἰ
3161 2420 3259 2474 καὶ
3295 2420 3363 2473 τὸ
3395 2420 3505 2491 τῆς
3532 2422 3775 2493 δημιουρ·

2198 2508 2324 2576 γίας
2355 2509 2465 2562 τῶν
2509 2508 2648 2563 ὅλων
2681 2510 2903 2581 ἀξίωμα
2952 2513 3365 2584 ἀφωρισμένως
3414 2515 3775 2586 προσανετέθη

2198 2602 2276 2673 τῷ
2302 2604 2497 2673 Πατρὶ,
2524 2600 2643 2657 εἷτα
2685 2606 2781 2658 καί
2820 2607 2854 2675 ἡ
2897 2605 3204 2670 ἀνάπλασις
3239 2608 3340 2660 καὶ
3371 2608 3406 2678 ἡ
3434 2607 3639 2679 κρίσις,
3664 2609 3777 2662 ποία

2203 2694 2400 2764 μανίας
2446 2696 2547 2749 οὐκ
2586 2697 2653 2751 ἂν
2695 2696 3047 2752 διεπλάττετο
3088 2701 3201 2762 τοῖς
3249 2699 3488 2753 ἀσεϐέσι
3522 2701 3780 2771 πρόφασις

2201 2784 2330 2856 [604
2375 2785 2469 2858 R.]
2526 2788 2607 2851 εἰς
2650 2788 2711 2841 τὸ
2741 2787 2832 2841 τὸν
2866 2783 2966 2860 μὲν
2994 2789 3125 2842 Υἰδν
3151 2790 3244 2842 καὶ
3269 2790 3335 2842 τὺ
3359 2790 3593 2860 Πνεῦμα
3620 2791 3775 2861 ημηδ⁸

2199 2878 2336 2940 ὅλως
2380 2879 2701 2948 ὑφεστάναι,
2736 2880 2769 2950 ἦ
2807 2881 2902 2933 καὶ
2940 2880 3227 2949 ὑφεστῶτα
3262 2882 3351 2943 εἰς
3403 2881 3504 2953 τὴν
3532 2881 3640 2936 τῶν
3672 2899 3777 2935 κτι-

2203 2970 2427 3040 σμάτων
2472 2972 2658 3041 χώραν
2704 2971 3031 3026 ἀπελαύνειν
3088 2972 3642 3044 καταθρασύνεσθαις
3699 2971 3776 3028 διά

2201 3061 2359 3115 τοῦτο
2387 3061 2482 3115 οῦν
2504 3062 2533 3115 ὁ
2563 3062 2754 3133 Πατὴρ
2772 3061 2849 3133 τῷ
2882 3062 2997 3133 Υἱῷ
3024 3062 3401 3133 οἰκονομικῶς
3430 3063 3776 3129 ὑπεξίσταται

509 3154 851 3225 disponentis
896 3152 1077 3207 omnia
1132 3153 1407 3220 sapienter
1458 3148 1826 3203 Providentiae
1892 3146 2089 3213 fuerit,

2204 3155 2304 3224 τῆς
2332 3172 2393 3206 τε
2424 3154 2545 3207 κατ’
2568 3154 2742 3224 ἀρχὰς
2764 3154 3128 3225 δημιουργίας
3157 3155 3254 3207 καὶ
3286 3155 3393 3223 τῆς
3413 3155 3771 3219 ἀναπλάσεως,

510 3245 951 3317 quandoquidem
987 3242 1076 3296 tali
1129 3242 1275 3296 nulla
1325 3241 1542 3309 penitus
1588 3247 1886 3309 apparente
1932 3253 2097 3295 occa-

2204 3240 2326 3301 εῖτα
2354 3247 2451 3301 καὶ
2476 3245 2579 3315 τῆς
2610 3244 2865 3316 κρίσεως.
2901 3246 2977 3297 Ob
3009 3246 3115 3315 μὴν
3140 3245 3258 3299 ἀλλ’
3291 3245 3408 3299 οὐδ’
3441 3248 3491 3299 εἰ
3511 3246 3618 3299 τῶν
3645 3246 3776 3315 εἰρη-

510 3340 683 3404 sione,
733 3337 888 3392 multi
916 3336 1205 3405 impiorum
1241 3334 1345 3387 duo
1394 3331 1747 3387 Testamenta
1793 3330 2089 3386 contrariis

2206 3338 2385 3409 μένων
2434 3337 2535 3409 μέν
2566 3354 2716 3402 τινος
2761 3338 2791 3390 δ
2839 3337 3032 3410 Πατὴρ
3069 3335 3349 3408 ὑπεξέστη
3407 3338 3487 3409 τῷ
3526 3336 3663 3407 Υἰῷ,
3710 3336 3775 3408 μὴ

514 3425 918 3500 legislatoribus
947 3427 1323 3494 assignarunt.
1356 3424 1538 3492 Quare
1566 3423 1911 3477 convenienti
1945 3438 2089 3493 pror-

2206 3431 2427 3485 πάντων
2465 3431 2524 3484 δὲ
2566 3430 2677 3484 τῶν
2706 3430 3035 3500 είρημένων,
3090 3430 3212 3484 οὑδὲ
3262 3431 3431 3485 τοῦτο
3464 3431 3531 3485 ἂν
3586 3425 3650 3501 ἦν
3690 3432 3775 3499 τῆς

508 3538 644 3587 sus,
691 3534 921 3592 quaeque
963 3519 1130 3573 Deum
1183 3518 1373 3570 deceat
1428 3516 1678 3580 ratione,
1714 3524 1773 3571 et
1819 3516 2089 3585 sapientia

2203 3523 2384 3576 πάντα
2415 3520 2595 3590 σοφῶς
2630 3520 3023 3591 οἰκονομούσης
3061 3520 3352 3592 Προνοίας,
3387 3521 3524 3575 ὅπου
3550 3537 3611 3589 γε
3654 3519 3773 3591 μηδὲ

512 3615 671 3685 plena
694 3611 1124 3683 dispensatione,
1149 3609 1289 3664 Filio
1317 3624 1423 3663 non
1457 3608 1712 3663 formatio
1739 3609 1914 3664 solum
1937 3619 2089 3680 atque

2205 3616 2465 3683 τοιαύτης
2505 3614 2552 3645 ’⁸
2612 3612 2751 3676 ὅλως
2807 3612 3256 3684 ὑποφαινομένης
3305 3614 3565 3685 ἀφορμῆς
3610 3610 3773 3663 πολλοὶ

513 3705 862 3774 reformatio,
897 3705 991 3761 sed
1039 3704 1306 3774 judicium
1342 3718 1558 3773 quoque
1594 3701 1716 3774 (etsi
1765 3702 1940 3757 tribus
1974 3717 2102 3773 per-

513 3798 668 3854 sonis
712 3798 1022 3852 communia
1060 3798 1173 3851 haec
1218 3795 1351 3865 sint)
1390 3810 1486 3863 per
1517 3795 1899 3850 excellentiam
1944 3797 2089 3851 attri-

2205 3798 2568 3868 διενείμαντο.
2662 3797 2828 3850 Ὥστε
2902 3795 3222 3867 ὲναρμὸστῳ
3266 3812 3331 3849 τε
3371 3797 3471 3849 καὶ
3510 3792 3774 3864 θεοπρεπεῖ

513 3893 773 3948 buuntur.
801 3888 893 3945 Sic
916 3890 1079 3961 igitur
1098 3888 1373 3958 objectam
1400 3887 1759 3955 quaestionem
1787 3886 1880 3941 Dei
1908 3902 2089 3942 amans

2204 3888 2349 3958 λόγῳ
2410 3888 2506 3942 καὶ
2556 3885 2838 3956 οἰκονομίᾳ
2866 3884 3279 3955 πεπληρωμένη
3331 3886 3531 3953 σοφίας
3571 3881 3643 3950 τῷ
3676 3878 3770 3946 Υεῷ

515 3985 751 4054 scriptor
802 3983 893 4038 hic
938 3981 1232 4037 dissolvit:
1270 3980 1357 4034 cui
1411 3987 1467 4033 et
1507 3977 1612 4032 alia
1656 3978 1944 4045 accedunt,
1981 3995 2089 4048 qua

2208 3981 2304 4033 καὶ
2336 3980 2370 4049 ἡ
2400 3979 2600 4041 πλάσις
2633 3977 2730 4032 καὶ
2772 3978 2806 4047 ὴ
2834 3975 3141 4039 ἀνάπλασις
3187 3977 3281 4028 καὶ
3336 3977 3371 4047 η
3409 3973 3588 4046 κρίσις
3626 3967 3771 4024 xiv”

516 4089 704 4145 parem
764 4086 1104 4143 nequaquam
1161 4086 1287 4126 cum
1355 4069 1744 4139 suprascriptis
1808 4069 2089 4125 utilitatem

2208 4069 2317 4123 τῶν
2343 4069 2513 4141 τριῶν
2539 4066 2894 4122 ὑποστάσεων
2933 4065 3020 4137 εἴη
3066 4064 3246 4119 ταῦτα
3274 4065 3454 4129 κοινά,
3492 4061 3612 4117 κατ’
3641 4058 3767 4124 ἐξαίο

521 4165 743 4220 habent.
2213 4178 2367 4232 ρετον
2420 4160 2774 4231 ἀναφέρεται.
2806 4157 2963 4212 Οὕτω
3007 4158 3106 4229 μὲν
3131 4154 3232 4213 οῦν
3276 4157 3380 4229 τὴν
3428 4151 3768 4225 προκειμένην

520 4258 755 4330 ἀπορίαν
783 4254 1085 4325 ὁφιλόθεος
1116 4254 1466 4325 συγγραφεὺς
1503 4250 1807 4317 ὲπιλύεται,
1862 4252 2281 4309 συνυποσάλλων
2307 4254 2353 4285 ³⁸
2397 4254 2492 4306 καὶ
2522 4253 2688 4324 ἕτερά
2734 4268 2860 4306 τινα
2909 4252 3008 4322 οὑχ
3064 4250 3268 4322 ὁμοίως
3321 4252 3434 4314 τοῖς
3481 4245 3762 4321 εἰρημένοις

518 4349 580 4401 τὸ
613 4348 886 4419 χρήσιμον
911 4344 1285 4416 παρεχόμενα.

592 4441 814 4496 Interim
849 4436 1102 4509 praesenti
1161 4434 1489 4491 dubitationi
1540 4433 1685 4487 aliud
1723 4434 1979 4502 quiddam
2013 4435 2089 4488 in-

2280 4434 2503 4500 Μεταξὺ
2530 4434 2587 4487 δὲ
2613 4431 2708 4485 τοῦ
2747 4430 3114 4502 προκειμένου
3149 4428 3466 4499 ζητήματος
3492 4425 3584 4479 καὶ
3606 4419 3765 4490 ἕτερόν

521 4533 879 4596 vestigatione
926 4530 1148 4597 dignum
1196 4527 1484 4582 admiscet.
1518 4526 1726 4592 Quaerit
1774 4526 1918 4581 enim
1950 4543 1964 4579 :
1997 4524 2089 4581 Cui

2211 4546 2272 4584 τε
2291 4527 2440 4598 αὑτῷ
2471 4527 2621 4592 ἀξιον
2644 4524 2947 4588 ἐξετάσεως
2981 4519 3454 4574 συνδιαπλέκεται.
3494 4514 3649 4585 Ζητεῖ
3672 4510 3761 4579 γὰρ

524 4605 669 4677 Filio
715 4623 878 4677 Pater
910 4630 1274 4690 prwponatur,
1308 4634 1369 4670 ac
1415 4616 1605 4670 dehinc
1650 4616 1834 4669 tertius
1874 4615 2089 4686 Spiritu;

2211 4623 2302 4676 διά
2357 4620 2409 4674 τί
2467 4617 2836 4689 προτέτακται
2880 4615 2911 4667 ὁ
2964 4613 3156 4685 Πατὴρ
3202 4611 3297 4665 τοῦ
3362 4609 3512 4673 Υἰοῦ,
3562 4603 3670 4659 εἶτα
3714 4600 3762 4653 τὸ

523 4725 738 4770 sanctus
785 4713 1185 4769 constituatur?
1250 4709 1672 4779 Respondetque
1724 4719 1933 4763 certum
1985 4725 2089 4764 ess:

2214 4712 2442 4783 Πνεῦμα
2494 4711 2680 4782 τρίτον
2729 4708 3109 4762 συντάττεται.
3146 4704 3257 4759 Καί
3304 4721 3469 4775 φησιν
3515 4700 3639 4768 ὡςή
3666 4695 3761 4748 θεία

526 4809 765 4861 divinam
826 4816 1076 4858 naturam
1115 4802 1260 4871 (cum
1316 4815 1416 4855 nec
1467 4800 1648 4854 verbis
1694 4800 1952 4870 exprimi,
2010 4816 2089 4853 nec

2215 4805 2379 4874 φύσις
2405 4804 2645 4873 άρῤητος
2684 4796 2820 4854 οῦσα
2854 4800 2953 4853 καί⁵
2980 4796 3369 4867 ἀκατάληπτος
3391 4794 3546 4865 δῆλον
3569 4791 3637 4852 ὡς
3661 4784 3763 4839 οὔτε

528 4908 710 4953 Ilteltle
756 4896 1143 4965 comprehendi
1202 4895 1389 4965 queat)
1431 4908 1606 4963 neque
1657 4894 1888 4959 ratione,
1935 4909 2089 4964 nequa

2216 4889 2461 4962 λογισμῷ
2489 4907 2596 4943 τινι
2622 4887 2747 4941 οὔτε
2779 4888 2988 4958 ῥήματι
3015 4888 3147 4972 αὑτὸ
3179 4887 3336 4940 τοῦτο
3365 4887 3500 4953 ὅπερ
3525 4878 3659 4972 soriti
3682 4874 3758 4972 ἐξ·

527 4993 798 5055 oratioue,
828 4990 929 5043 hoc
958 4989 1135 5058 ipsum
1158 4988 1301 5057 quod
1331 4996 1437 5051 est,
1463 4985 1705 5055 evulgari
1724 4984 1810 5040 vel
1839 4988 2089 5040 nomiuar

2219 4981 2557 5035 καλύπτεται
2595 4978 2629 5049 ἢ
2661 4975 3013 5047 ὀνομάζεται,
3059 4970 3143 5035 οἷς
3169 4973 3215 5027 δ’
3239 4973 3305 5026 ἂν
3334 4971 3425 5024 καὶ
3457 4964 3588 5058 προς
3613 4964 3761 5058 ξμφάο

530 5098 690 5152 posse
718 5100 732 5136 :
764 5050 959 5150 quibus
978 5050 1125 5134 Ivero
1153 5050 1248 5148 per
1291 5050 1617 5133 ineffabilem
1645 5076 2089 5145 dispensatione"

2220 5088 2370 5128 νειαν
2419 5071 2489 5123 δι’
2515 5067 2830 5138 οἰκονομίαν
2858 5066 3068 5135 ἀφατον
3112 5063 3361 5133 καταστῇ
3391 5060 3486 5128 οὐχ
3520 5055 3591 5117 ὡς
3615 5050 3756 5152 Em":

528 5176 901 5247 cognoscenda
958 5173 1237 5241 objicitur,
1291 5184 1399 5225 non
1451 5168 1612 5223 sicuti
1663 5179 1769 5232 est,
1812 5170 1907 5222 sed
1938 5178 1997 5221 ut
2030 5168 2089 5222 fa

2220 5164 2337 5219 ἀλλ’
2362 5164 2439 5226 ὡς
2469 5134 2835 5231 ἑκάστῳ-τῶν
2863 5134 3318 5226 ἐμφανιζομένων
3340 5147 3557 5207 δυνατόν
3598 5158 3653 5195 τε
3682 5134 3758 5247 atill-

532 5228 695 5338 5.3m;
713 5228 860 5322 utile
885 5277 969 5321 est
998 5228 1066 5319 iis
1095 5228 1293 5333 quibus
1319 5268 1563 5330 apparet,
1588 5259 1669 5313 sic
1694 5228 2085 5328 pulchritudini

2220 5256 2520 5327 συμφέρον,
2537 5228 2711 5318 οὓτως
2734 5252 2904 5320 αὑτῆς
2932 5250 3027 5303 τοῦ
3062 5247 3292 5310 κάλλους
3316 5245 3412 5338 τὰς
3431 5228 3755 5338 μαρμαρυγιξς

532 5378 646 5418 sua:
677 5359 1023 5430 splendorem
1054 5355 1353 5411 immittere
1389 5351 1608 5405 infixius
1639 5350 1692 5403 in
1722 5364 1783 5404 se
1819 5350 2089 5405 intuentes

2223 5348 2400 5419 ἐνίησί
2448 5364 2510 5400 τε
2541 5347 2655 5409 τοῖς
2707 5345 2788 5408 είς
2839 5341 3013 5413 αὑτὴν
3065 5340 3112 5372 ³⁸
3154 5337 3456 5403 ἀτενίζουσι
3502 5328 3588 5430 καὶ
3631 5335 3755 5430 ’παρ’

482 5434 485 5437 Α
537 5468 590 5509 et
625 5413 899 5523 utcunque
947 5450 1237 5505 fruendam
1285 5446 1460 5498 dare:
1500 5451 1833 5511 quapropter
1876 5450 1936 5495 ut
1988 5457 2088 5511 pro

2228 5413 2526 5494 απολαύειν
2552 5436 2875 5508 παρέχεται.
2901 5432 2992 5485 Διὸ
3024 5428 3324 5503 βαθύτερόν
3343 5444 3402 5481 τε
3429 5423 3517 5478 καὶ
3549 5413 3751 5523 05013:!-

540 5501 590 5509 ν.
629 5501 897 5523 ---νηιη
1518 5501 1530 5510 _
1612 5501 1625 5511 _
1713 5501 1728 5510 _
1989 5501 2003 5511 _

540 5546 781 5612 fundius,
815 5556 870 5601 et
913 5543 1087 5614 magis
1134 5538 1437 5608 theologica
1492 5536 1804 5605 loquamur,
1832 5533 1949 5589 sive
2001 5531 2089 5587 Tri

2232 5531 2473 5602 κώτερον
2510 5501 2831 5600 mm.
2862 5501 3091 5594 Τριάδα,
3139 5520 3269 5594 [512
3302 5516 3395 5590 IL]
3421 5514 3517 5568 xiv
3560 5501 3748 5580 μονάδα.

1852 5669 2084 5729 VARIE
2120 5668 2524 5727 LECTIONES.

620 5780 669 5811 ⁸ο
701 5773 1009 5843 προέκοψαν
1032 5773 1097 5827 Α.
1174 5772 1214 5843 ‘_'
1248 5770 1394 5843 ὅσοις
1421 5766 1464 5819 Α
1500 5785 1512 5821 :
1546 5767 1675 5829 ὅσας
1701 5782 1765 5829 ς.
1842 5766 1887 5797 ¹²
1922 5762 2058 5837 μηδὲ
2078 5765 2179 5836 τῆς
2204 5760 2461 5833 τοιαύτης
2490 5776 2548 5825 ς.
2630 5759 2676 5791 ’³
2700 5755 2804 5811 κᾶν
2832 5755 2876 5811 A
2910 5771 2923 5809 :
2959 5753 3053 5808 καὶ
3085 5769 3146 5818 ς.

555 5838 1111 5909 συνυποῧάλλέταις.
1182 5841 1226 5873 ¹⁵
1265 5838 1470 5911 ταύτην
1526 5855 1588 5904 ς.

2205 3705 2316 3759 τῶν
2347 3704 2565 3759 ἀσεϐῶν
2597 3705 2699 3768 τάς
2742 3703 2837 3758 δύο
2872 3704 3139 3772 διαθήκας
3179 3704 3453 3769 ἐναντίοις
3482 3701 3772 3774 νομοθέταις

3221 5750 3267 5783 ⁸⁸
3301 5732 3674 5802 συνιιποσάλλων
3688 5723 3738 5776 Ai
