4032 6468
30 2466 43 2469 -
52 2466 55 2475 ι

31 2554 65 2567 α

34 2578 55 2587 ι

37 2648 71 2667 δ

38 2668 73 2684 Ι,

41 2744 75 2777 2

72 2822 79 2829 ν

48 2838 73 2849 I-

42 2856 61 2869 ,Ρ

58 3004 67 3013 ι

60 3022 73 3031 ι

62 3044 79 3054 η

453 389 561 453 765
1475 396 2010 466 BIBLIOTIIECA.
2050 433 2119 442 -·
2159 411 2320 474 COD.
2363 415 2645 478 CCXXII.
3604 422 3718 483 766

450 499 557 555 κᾶν
587 498 814 569 Πατέρα
862 500 958 552 καὶ
1002 499 1130 552 Υἱδν
1169 501 1264 553 καὶ
1323 503 1571 573 Πνεῦμα,
1619 506 1719 559 κᾶν
1751 508 1995 579 Θεότητα
2020 552 2034 573 ,

2152 519 2388 584 nitatem,
2427 521 2544 576 sive
2593 524 2880 588 unitatem,
2915 525 3030 580 sive
3062 524 3303 590 Patrem,
3348 527 3463 579 sive
3496 526 3716 592 Filium,

449 592 559 646 κᾶν
583 592 778 662 ἕτερόν
808 610 860 645 τι
892 593 990 660 τὴν
1038 591 1280 661 ἄληπτον
1315 598 1531 667 ἐκείνην
1580 601 1673 650 καὶ
1702 599 1910 667 ἄφατον
1949 606 2034 654 ὲν-

457 685 743 754 δοήσωμεν
795 683 830 753 ἢ
877 684 1232 754 ὀνομάσωμεν
1278 686 1463 754 φύσιν,
1517 689 1638 759 οὐχὶ
1688 692 1865 745 ταῦτα
1918 694 2034 746 ἀλλ’

448 779 599 848 ὑπὲρ
636 778 816 831 ταῦτά
865 781 1001 833 ἐστι.
1034 780 1123 831 Διὸ
1149 780 1244 832 καὶ
1271 781 1300 832 ό
1331 781 1440 833 τῶν
1486 783 1815 855 ἀπορρήτων
1867 804 2037 855 μυστ-

448 870 815 939 αγωγὸς,Ἐκ
838 870 1058 937 μέρους
1088 872 1155 933 ’⁸,
1177 871 1293 941 βοᾷ,
1324 874 1717 942 γινώσκομεν,
1738 877 1834 928 καὶ
1857 878 1924 931 ἐκ
1937 878 2039 947 μέ-

442 980 603 1030 ρους
656 964 1150 1031 προφητεύομεν·
1202 965 1349 1018 ὅταν
1395 965 1464 1017 δὲ
1496 950 1646 1035 ἔλθῃ
1693 968 1761 1021 τὸ
1782 969 2036 1036 τέλειον,

452 1057 595 1108 τότε
637 1056 702 1107 τὸ
745 1054 815 1108 ἐκ
846 1054 1068 1123 μέρους
1104 1057 1638 1125 καταργηθήσεται.
1683 1061 1792 1113 Καὶ
1840 1063 1867 1114 ὁ
1911 1063 2041 1131 γνή-

463 1164 587 1211 σιος
616 1149 673 1201 δὲ
705 1147 898 1200 τούτου
934 1148 1203 1219 μαθητὴς,
1234 1151 1262 1201 ό
1296 1152 1455 1218 σοφὸς
1478 1151 1773 1214 Διονύσιος,
1803 1152 1871 1205 τὰ
1903 1152 2041 1205 αὐτὰ

470 1242 574 1294 καὶ
604 1245 710 1302 τοῖς
730 1241 914 1304 αὐτοῖς
946 1243 1140 1313 μικροῦ
1169 1243 1602 1316 διαμαρτύρεται
1658 1247 1888 1315 ῥήμασι,
1944 1247 2041 1298 καὶ

479 1334 707 1401 μάλιστά
732 1350 799 1399 γε
842 1334 899 1385 ὲν
930 1336 1043 1395 τοῖς
1073 1336 1201 1404 περὶ
1256 1334 1462 1389 τελείου
1490 1339 1587 1390 καὶ
1627 1339 1767 1400 ἑνός.
1826 1340 2039 1392 Οὐκοῦν

472 1425 592 1475 ἐπεὶ
621 1424 687 1475 τά
722 1424 952 1477 πλεῖστα
989 1424 1098 1478 τῶν
1140 1428 1269 1496 περὶ
1311 1427 1445 1480 Θεοῦ
1479 1429 1575 1498 οὐχ
1612 1429 1748 1498 ὅπερ
1792 1430 1910 1482 ἐστὶ
1937 1448 2044 1482 πα-

468 1514 710 1583 ρᾶδηλοῖ,
744 1516 1083 1585 χειραγωγία
1110 1517 1167 1569 δὲ
1215 1518 1415 1587 μᾶλλόν
1444 1520 1527 1581 τίς
1560 1522 1675 1574 ὲστι
1705 1522 1799 1573 καὶ
1837 1538 2044 1588 συγκα-

459 1605 720 1667 τάὸασις,
755 1607 843 1660 διά
881 1608 989 1659 τῶν
1036 1609 1351 1677 συντρόφων
1392 1613 1526 1680 ἡμῖν
1561 1611 1655 1665 καὶ
1701 1614 2044 1681 πραγμάτων

458 1699 562 1750 καὶ
604 1700 887 1768 ὀνομάτων
936 1701 1026 1753 τὸν
1077 1700 1201 1754 νοῦν
1232 1701 1387 1772 ἡμῶν
1419 1704 1557 1773 πρὸς
1600 1705 1668 1756 τά
1713 1704 1855 1773 ὑπὲρ
1896 1706 2045 1772 ἡμᾶς

454 1792 841 1861 ἀναφέρουσα,
876 1792 1035 1861 δῆλον
1070 1793 1152 1846 ὅτι
1190 1794 1433 1848 τοιοῦτόν
1462 1796 1577 1847 ἐστι
1612 1795 1708 1848 καὶ
1736 1795 1798 1847 τὸ
1843 1811 2042 1864 προτε-

2137 610 2252 663 sive
2304 609 2565 679 Spiritum
2618 620 2888 677 sanctum,
2937 614 3053 669 sive
3089 617 3375 681 Deitatem,
3419 618 3530 671 sive
3574 618 3718 670 aliud

2138 704 2412 772 quidpiam
2460 705 3063 774 incomprehensibilem
3110 708 3257 763 illam
3302 719 3357 762 et
3392 708 3714 763 iticﬂabilmn

2141 805 2388 848 naturam
2419 798 2740 865 cogitemus,
2778 800 2862 853 vel
2900 803 3265 865 nominemus,
3299 817 3406 855 non
3444 802 3557 854 haec
3604 798 3718 863 illa,

2140 888 2235 942 sed
2269 903 2432 957 supra
2466 889 2580 944 hare
2621 901 2724 947 est.
2762 892 3130 958 Quamobrem
3160 893 3324 946 etiam
3369 891 3719 945 ineffabilinm

2140 986 2423 1030 enarrator
2468 978 2666 1032 clamat
2720 998 2734 1034 :
2792 981 2877 1034 Ex
2924 992 3072 1049 parte
3120 981 3499 1048 cognoscimus,
3565 991 3612 1031 et
3656 993 3722 1030 ea:

2140 1076 2290 1132 parte
2334 1068 2723 1135 pmphetamus,
2753 1087 2868 1123 cum
2904 1081 3079 1123 autem
3143 1071 3331 1123 venerit
3374 1071 3512 1138 quod
3549 1067 3722 1136 perfe-

2142 1168 2282 1211 ctum
2304 1173 2402 1223 est,
2433 1161 2768 1213 evacuabitur
2811 1162 2948 1231 quod
2979 1178 3043 1215 ex
3065 1173 3213 1230 parte
3249 1172 3320 1213 est
3346 1160 3410 1214 ⁵³.
3445 1158 3724 1226 ΙνΙιιῙιιδιιιιθ

2143 1264 2433 1318 germanus
2481 1252 2800 1321 discipulus,
2853 1253 3074 1319 sapiens
3120 1252 3211 1305 ille
3263 1250 3573 1319 Dionysius,
3606 1249 3721 1303 hinc

2143 1341 2265 1408 ipsa
2315 1344 2503 1395 iisdem
2548 1345 2931 1413 propemodum
2986 1354 3175 1398 testata
3232 1346 3411 1399 verbis
3460 1343 3719 1411 reliquit:

2145 1431 2379 1483 maxime
2410 1432 2499 1485 ubi
2530 1433 2595 1485 de
2619 1432 2858 1503 perfecto
2882 1434 2992 1506 (47)
3023 1445 3183 1504 atque
3211 1448 3319 1487 uno
3339 1433 3469 1503 agit.
3495 1431 3725 1498 Quando

2145 1522 2307 1587 igitur
2340 1522 2567 1591 plurima
2596 1537 2783 1576 eorum
2814 1539 2935 1592 qua:
2964 1526 3028 1579 de
3058 1524 3168 1579 Deo
3195 1525 3471 1588 dicuntur,
3521 1538 3626 1576 non
3670 1522 3725 1576 id

2146 1609 2289 1674 quod
2322 1617 2425 1669 est,
2458 1609 2790 1678 signiﬁcant,
2824 1611 2919 1664 sed
2965 1611 3143 1679 potius
3196 1627 3359 1665 manu
3401 1610 3625 1676 ducunt,
3668 1620 3723 1663 et

2148 1716 2245 1768 pro
2290 1709 2449 1769 captu
2508 1712 2696 1755 nostro
2742 1717 2839 1771 per
2895 1714 3155 1774 cognatas
3213 1704 3370 1757 nobis
3424 1718 3512 1757 res
3562 1712 3726 1771 atque

2150 1807 2326 1856 voces,
2354 1802 2587 1846 ruentem
2614 1803 2855 1847 nostram
2881 1809 3041 1863 supra
3075 1809 3173 1849 nos
3196 1794 3490 1849 attollunt:
3518 1793 3725 1863 perspi-

456 1883 667 1952 τάχθαι
709 1884 798 1937 τὸν
832 1885 1047 1955 Πατέρα
1086 1884 1229 1937 κατά
1280 1885 1380 1955 τὴν
1414 1885 1743 1957 ὲκφώνησιν,
1794 1883 1927 1966 εἶτα⁸
1955 1893 2046 1945 τὸν

2152 1898 2307 1936 cuum
2334 1891 2418 1936 est
2450 1883 2555 1936 tale
2582 1883 2710 1951 quid
2738 1884 2866 1937 illud
2895 1900 3037 1949 esse,
3065 1887 3207 1953 quod
3229 1890 3406 1955 primo
3434 1886 3554 1938 loco
3584 1883 3727 1937 inter

458 1974 603 2028 Υιδν
637 1976 733 2028 καὶ
764 1977 878 2044 μετ’
914 1978 1119 2029 ἐκεῖνον
1146 1976 1210 2029 τδ
1252 1977 1477 2045 Πνεῦμα
1520 1980 1582 2033 τὸ
1616 1981 1789 2048 ἆγιον,
1826 1984 1901 2049 ὥς
1940 2004 2041 2039 που

462 2069 569 2119 καὶ
599 2069 761 2131 αὐτὸς
786 2070 815 2121 ὁ
839 2070 1116 2141 Δεσπότης
1161 2070 1529 2139 παιδαγωγῶν
1560 2073 1709 2140 ἡμᾶς
1739 2074 1877 2144 πρὸς
1920 2078 2047 2140 τοὺς

466 2160 726 2228 μαθητάς
753 2178 907 2229 φησν
933 2162 1332 2230 Πορευθέντες
1346 2164 1390 2196 ³⁷
1416 2166 1832 2232 μαθητεύσατε
1852 2166 2048 2220 πάντα

458 2252 547 2303 τὰ
574 2251 743 2319 ἔθνη,
776 2252 1168 2320 βαπτίζοντες
1211 2255 1437 2321 αὐτοὺς
1478 2259 1567 2321 είς
1594 2256 1662 2310 τὸ
1710 2258 1899 2326 ὄνομα
1940 2259 2048 2313 τοῦ

462 2343 706 2410 Πατρός
746 2342 844 2396 καὶ
873 2343 981 2398 τοῦ
1016 2344 1153 2397 Υίοῦ
1200 2345 1431 2399 καὶτοῦ
1479 2347 1652 2415 ἁγίου
1681 2350 2045 2417 Πγεύματος,

461 2434 597 2486 ἐπεί
629 2451 691 2501 γε
730 2434 867 2505 αὑτὴ
898 2434 1020 2488 καθ’
1044 2436 1245 2507 ἑαυτὴν
1277 2438 1310 2507 ἡ
1351 2437 1474 2491 Oeta
1501 2437 1666 2507 φύσις
1690 2436 1813 2491 οὔτε
1850 2442 2049 2511 προτέ-

460 2541 668 2579 τακται
707 2524 829 2578 οὗτε
858 2526 1244 2592 ὑποτέτακται,
1306 2526 1445 2580 ἀλλά
1476 2528 1573 2581 καὶ
1640 2529 1820 2600 πάσης
1876 2531 2049 2601 ὑπερ‹

465 2617 691 2687 ίδρυται
715 2619 809 2672 καὶ
839 2617 1193 2689 ἀριθμήσεως
1225 2621 1320 2672 καὶ
1365 2621 1661 2690 μοναδικῆς
1683 2624 2037 2692 ὲπινοήσεως,

462 2709 634 2779 εἴπερ
667 2712 758 2762 καὶ
794 2712 824 2763 ὁ
851 2708 1084 2780 ἀριθμὸς
1111 2710 1208 2763 καὶ
1236 2710 1269 2780 ἡ
1298 2710 1465 2779 μονὰς
1496 2711 1624 2781 περὶ
1661 2713 1869 2773 οὐσίαν.
1904 2714 1962 2766 τὸ
1992 2713 2049 2767 δὲ

464 2802 620 2855 Θεῖον
648 2801 992 2872 ὑπερούσιον.
1024 2803 1237 2872 ’Ὠσπερ
1262 2798 1355 2855 οὖν
1393 2802 1455 2854 τὸ
1489 2802 1643 2857 Θεῖον
1678 2804 1746 2857 τὰ
1780 2808 1838 2858 ὲν
1868 2806 2049 2874 χρόνῳ

464 2895 655 2947 πάντα
672 2894 917 2963 ἀχρόνως
945 2894 1233 2947 ἐπίσταται
1262 2895 1356 2946 καὶ
1382 2894 1696 2965 ἀμερίστως
1716 2896 1785 2947 τά
1816 2898 2049 2966 μεριστά

464 2986 571 3038 καὶ
603 2985 916 3057 ἀρῤεύστως
939 2986 1007 3039 τά
1039 2986 1253 3055 ῥέοντα,
1288 2984 1417 3055 [605
1452 2985 1545 3058 R.]
1567 2986 1710 3039 οὕτω
1739 2990 1890 3041 πᾶσα
1925 3006 2049 3057 γεν-

465 3077 609 3149 νητὴ
642 3078 801 3146 φύσις
841 3079 935 3131 καὶ
969 3079 1030 3130 τὸ
1078 3078 1417 3149 ὑπέρχρονον
1473 3080 1532 3130 ἐν
1584 3079 1762 3149 χρόνῳ
1794 3083 1926 3146 νοεῖ,
1953 3082 2051 3133 καὶ

470 3170 897 3241 μεμερισμένως
923 3170 985 3222 τὸ
1027 3169 1343 3240 ἀμέριστον,
1386 3171 1482 3223 καὶ
1515 3170 1576 3223 τὸ
1624 3169 1931 3240 ἄφθεγκτον
1963 3171 2053 3225 διά

465 3262 775 3332 συντρόφου
832 3265 1023 3333 φωνῆς
1085 3262 1316 3333 ὀνόμασι
1364 3263 1902 3335 διαμεμορφωμὲνης
1957 3266 2052 3319 καὶ

468 3356 735 3424 ῥήμασιν.

545 3530 678 3587 Εἶτα
699 3531 899 3603 ἐφεξῆς
930 3533 1199 3599 ἐξετάζει,
1251 3534 1431 3603 Τίνος
1460 3535 1674 3591 ἕνεκεν
1702 3539 1734 3591 ό
1761 3537 1880 3606 μὲν
1923 3538 2056 3602 Υἱὸς

468 3626 627 3678 κατὰ
674 3626 791 3692 τὴν
840 3624 1190 3694 ἐκφώνησιν
1236 3627 1431 3696 μέσος
1509 3627 2053 3697 παραλαμϐάνεται,

466 3718 630 3785 ἄκρα
664 3717 730 3770 δὲ
758 3720 793 3773 ό
814 3718 1020 3787 Πατὴρ
1049 3719 1149 3773 καὶ
1188 3719 1256 3774 τὸ
1298 3721 1541 3791 Πνεῦμα
1562 3724 1628 3774 τὸ
1660 3721 1915 3791 ἅγιον¹¹¹⁸
1946 3722 2057 3775 Καί

473 3827 647 3878 φησιν
678 3809 752 3871 ὡς
780 3809 970 3880 ἐπειδὴ
1009 3811 1357 3880 δικαιοσυνης
1398 3810 1560 3878 ζυγὸς
1594 3810 1814 3878 λέγεται
1848 3810 1876 3862 ό
1902 3810 2056 3873 Θεὸς,

466 3902 753 3970 ἀναλόγως
796 3903 873 3973 τῷ
939 3905 1068 3973 παρ’
1095 3906 1227 3974 ἡμῖν
1288 3902 1442 3973 ζυγῷ
1500 3902 1596 3955 καὶ
1640 3904 1673 3973 ἡ
1718 3902 1777 3954 ἐν
1835 3904 1904 3973 τῇ
1938 3902 2061 3973 θεία

474 3998 643 4067 φύσει
674 3998 825 4063 τάξις
874 4000 1217 4070 ἐπινενόηται
1273 3998 1414 4052 ὥστε
1463 3998 1555 4051 τὸν
1584 3998 1713 4051 Υίὸν
1740 3996 1839 4068 τὴν
1887 3997 2060 4067 μέσην

476 4089 667 4162 χώραν
704 4091 1125 4161 ἀναπληροῦντα
1158 4092 1255 4161 τὴν
1310 4091 1488 4161 ἄκραν
1525 4092 1747 4158 ἰσότητα
1803 4090 1942 4161 πρὸς
1992 4087 2061 4141 τά

474 4185 628 4254 ἄκρα
658 4186 973 4253 συντηρεῖν·
1000 4183 1163 4245 αὐτὸς
1195 4182 1305 4253 γὰρ
1344 4183 1446 4253 τήν
1478 4200 1538 4235 τε
1588 4183 1711 4235 κατ’
1740 4184 1916 4253 άρχάς
1969 4181 2063 4250 δη-

478 4278 771 4347 μιουργίαν
824 4278 919 4329 καὶ
968 4275 1065 4346 τὴν
1096 4275 1321 4346 ὕστερον
1367 4275 1463 4328 τοῦ
1509 4275 1700 4344 γένους
1754 4273 2062 4328 ἀνάπλασιν

476 4370 875 4438 ἀπειργάσατο.
926 4369 1036 4420 Καὶ
1072 4367 1131 4421 τὸ
1180 4368 1534 4441 παράδειγμα
1564 4367 1622 4419 δὲ
1655 4366 1748 4419 τοῦ
1794 4365 1962 4433 ζυγοῦ
2000 4365 2064 4418 τὸ

480 4460 773 4531 ἰσόρῤοπόν
825 4476 885 4511 τε
934 4460 1030 4511 καὶ
1087 4458 1408 4528 ἱσοδύναμον
1471 4459 1569 4527 τῆς
1621 4457 2063 4528 ἀπειροδυνάμου

2150 1974 2472 2043 loquendum
2509 1975 2819 2043 proferatur
2847 1973 3027 2040 Pater,
3063 1977 3259 2031 deinde
3287 1976 3477 2040 Filius,
3507 1991 3571 2029 ac
3605 1983 3725 2043 post

2150 2067 2292 2120 hunc
2319 2068 2554 2136 Spiritus
2583 2080 2825 2121 sanctus.
2848 2067 3311 2132 Quemadmodum
3334 2066 3535 2120 alicubi
3560 2067 3722 2119 etiam

2150 2158 2263 2226 ipse
2296 2156 2579 2220 Dominus,
2617 2175 2715 2212 nos
2746 2160 3045 2225 instruens,
3079 2159 3361 2227 discipulis
3393 2158 3503 2213 ait:
3532 2157 3729 2211 Euntes

2149 2252 2327 2301 docete
2376 2265 2551 2301 omnes
2612 2260 2807 2317 gentes,
2869 2249 3062 2319 190a
3118 2250 3442 2315 baptizantes
3492 2263 3620 2313 eos,
3671 2247 3728 2298 iu

2152 2340 2366 2391 nomine
2427 2338 2630 2400 Patris,
2661 2352 2705 2392 et
2739 2338 2894 2401 Filii,
2926 2351 2973 2393 et
3007 2339 3237 2408 Spiritus
3279 2341 3451 2393 sancti
3481 2338 3550 2392 “.
3586 2338 3732 2404 Quo-

2152 2430 2296 2484 niam
2332 2432 2441 2499 ipsa
2471 2434 2768 2485 secundum
2805 2447 2864 2486 se
2894 2433 3075 2486 divina
3122 2443 3336 2495 natura,
3369 2445 3543 2500 neque
3594 2445 3730 2499 prae-

2151 2520 2299 2587 poni,
2342 2534 2516 2589 neque
2560 2521 2752 2588 subjici
2806 2533 2928 2591 apta
2980 2531 3085 2585 est,
3136 2523 3233 2575 sed
3281 2535 3443 2595 supra
3504 2534 3725 2575 omnem

2156 2620 2262 2663 tam
2317 2611 2549 2673 numeri,
2587 2627 2747 2680 quam
2798 2612 3193 2681 singularitatis
3241 2614 3515 2667 notionem
3562 2611 3724 2667 collo-

2154 2714 2333 2757 catur.
2374 2702 2642 2758 Numerus
2681 2706 2972 2774 siquidem,
2998 2716 3053 2759 et
3096 2707 3275 2760 unitas
3322 2704 3389 2759 de
3431 2704 3733 2759 substantia

2154 2796 2411 2848 dicuntur
2442 2814 2455 2849 :
2490 2796 2743 2850 divinitas
2790 2812 2919 2851 vero
2952 2797 3314 2852 substantiam
3360 2802 3577 2865 superat
3614 2796 3737 2847 uui—

2154 2902 2391 2941 versam.
2422 2886 2889 2953 Quemadmodum
2934 2888 3098 2959 igitur
3127 2888 3272 2943 Deus
3304 2888 3485 2942 omnia
3527 2902 3648 2955 qua:
3679 2886 3733 2939 in

2156 2988 2402 3049 tempore
2440 2980 2733 3045 exsistunt,
2767 2981 2886 3037 sine
2921 2992 3165 3051 tempore
3197 2981 3500 3050 cognoscit,
3523 2988 3578 3032 et
3602 2977 3740 3031 iudi-

2155 3074 2291 3137 vise,
2319 3089 2444 3143 qua:
2506 3074 2820 3139 divisibilia,
2852 3084 2909 3128 ut
2936 3086 2991 3129 et
3019 3074 3185 3140 ﬂuxa,
3231 3074 3349 3128 sine
3382 3072 3489 3127 ullo
3540 3069 3684 3124 ﬂuxu
3720 3089 3735 3125 :

2158 3165 2237 3220 sic
2279 3168 2459 3222 omnis
2502 3179 2686 3221 creata
2730 3176 2944 3232 natura,
2975 3168 3029 3222 id
3055 3168 3199 3238 quod
3249 3177 3460 3233 tempus
3496 3165 3737 3225 excedit,

2158 3261 2209 3314 in
2258 3270 2498 3329 tempore
2545 3259 2848 3330 eoseos-cit.
2895 3270 2951 3313 et
3000 3259 3195 3326 divise,
3228 3259 3374 3329 quod
3411 3257 3576 3312 dividi
3632 3270 3742 3309 non

2156 3362 2354 3421 potest,
2387 3352 2637 3421 quodque
2660 3352 2930 3407 iuelfabile
2962 3363 3065 3417 est,
3116 3368 3213 3422 per
3232 3363 3520 3421 cognatam
3554 3350 3732 3403 nomi-

2162 3446 2429 3513 uibusque
2459 3456 2513 3500 et
2542 3445 2721 3499 verbis
2741 3446 3081 3499 elformatam
3115 3460 3330 3500 vocem.

2232 3539 2323 3591 9.5.
2357 3538 2561 3603 Quarrit
2592 3539 2870 3607 deinceps,
2898 3536 3006 3590 Cur
3036 3535 3237 3601 Filius,
3279 3551 3398 3590 cum
3444 3533 3742 3604 loquimur,

2161 3630 2364 3684 medius
2401 3641 2728 3694 assumatur,
2755 3632 3102 3698 extremisque
3136 3629 3267 3684 locis
3305 3628 3471 3683 Pater
3496 3638 3543 3682 et
3575 3624 3747 3695 Spiri-

2159 3733 2243 3776 tus
2275 3732 2489 3775 sanctus
2515 3722 2541 3775 .9
2595 3722 2901 3791 Respondet
2934 3740 2950 3777 :
2983 3721 3252 3789 Quoniam
3283 3720 3509 3789 iustitiae
3538 3719 3743 3772 trutina

2165 3815 2364 3868 dicitur
2414 3813 2591 3880 Deus,
2674 3815 3024 3884 proportione
3072 3812 3305 3884 quadam
3359 3828 3482 3868 cum
3541 3810 3744 3867 trutina

2167 3918 2375 3971 nostra,
2405 3908 2526 3961 ideo
2558 3898 2774 3975 quoque
2808 3907 2860 3960 in
2900 3916 3093 3961 natura
3113 3906 3295 3960 divina
3322 3905 3457 3960 ordo
3479 3904 3744 3971 ejusmodi

2166 4001 2503 4070 excogitatas
2526 4008 2629 4064 est,
2664 4007 2723 4053 ut
2743 3998 2932 4063 Filius,
2958 3996 3136 4053 medio
3157 4007 3422 4069 occupato
3453 3997 3589 4063 loco,
3616 4011 3749 4051 exa-

2167 4103 2308 4146 ctam
2341 4092 2708 4162 aaqualitatem
2733 4108 2855 4146 cum
2897 4092 3158 4146 extremis
3201 4100 3406 4146 teneat.
3445 4088 3567 4160 Ipse
3601 4089 3746 4143 enim

2165 4197 2215 4239 et
2236 4202 2265 4238 a
2291 4185 2555 4253 principio
2585 4185 2943 4249 creationem,
2977 4194 3031 4237 et
3068 4184 3135 4237 ad
3160 4172 3491 4252 postremum
3526 4182 3749 4251 generis

2168 4275 2420 4349 [nostri]
2452 4277 2901 4331 instaurationem
2949 4275 3200 4345 perfecit.
3240 4275 3379 4341 Quin
3427 4277 3590 4328 etiam
3631 4283 3749 4328 tru-

2170 4371 2297 4422 time
2341 4369 2673 4437 exemplum,
2724 4367 2937 4423 infinite
2971 4368 3211 4439 potentis
3250 4365 3537 4420 Trinitatis
3567 4380 3753 4434 acqua—

2171 4460 2273 4515 lem
2304 4461 2529 4515 omnino
2556 4475 2619 4514 ac
2642 4476 2827 4528 parem
2875 4469 3195 4527 potestatem
3246 4458 3573 4519 subindicat,
3624 4471 3751 4510 cum

478 4554 524 4603 Τ
532 4552 717 4621 ριάδος
742 4551 1056 4613 αἰνίττεται,
1093 4550 1366 4620 μηδεμιᾶς
1388 4550 1497 4602 τῶν
1526 4550 1693 4619 τριῶν
1714 4549 2048 4603 ὑποστάσεωι

2172 4549 2312 4602 nulla
2344 4548 2507 4602 trium
2533 4564 2909 4618 personarum,
2972 4548 3056 4602 vel
3110 4548 3231 4615 plus
3260 4547 3432 4599 altera
3472 4553 3750 4614 assurgat,

478 4645 901 4713 ἀναφερομένης
949 4642 1009 4693 τὸ
1058 4641 1219 4695 πλέον
1268 4641 1476 4711 ἣπρὸς
1526 4642 1626 4711 τὴν
1673 4639 1825 4692 κάτω
1885 4640 2048 4710 ροπὴι

2163 4642 2246 4695 vel
2271 4642 2337 4694 ad
2367 4642 2472 4695 ima
2507 4643 2677 4712 magis
2710 4642 3031 4711 vergat,sed
3065 4640 3116 4693 in
3146 4639 3337 4707 aequali
3370 4650 3424 4692 et
3448 4638 3584 4707 pari,
3618 4637 3745 4691 nul-

477 4730 905 4801 ἀποκλινούσης,
968 4731 1083 4783 ἀλλ’
1124 4733 1181 4783 ὲν
1208 4729 1289 4801 τῷ
1328 4730 1428 4800 ίσῳ
1458 4746 1517 4783 τε
1559 4730 1655 4783 καὶ
1689 4730 1940 4800 ὁμοτίμῳ
1967 4729 2048 4783 κατ

2162 4735 2321 4802 loque
2351 4736 2510 4787 modo
2537 4734 2819 4788 diﬂ‘erente
2846 4732 3016 4802 gloria
3060 4744 3116 4786 et
3148 4731 3384 4785 essentia
3428 4734 3748 4793 trutinetur,

476 4823 763 4893 ἀδιαφόρῳ
784 4822 883 4893 τῆς
906 4822 1063 4890 δόξης
1107 4821 1202 4873 καὶ
1228 4821 1327 4889 τῆς
1342 4819 1532 4883 οὐσίας
1558 4818 2048 4889 ζυγοστατουμὲνης

2163 4838 2229 4877 ac
2274 4824 2571 4894 theologice
2604 4824 2965 4892 expendatur.
3017 4821 3169 4876 Unde
3206 4830 3261 4876 et
3300 4822 3355 4876 in
3394 4823 3557 4875 rebus
3588 4835 3752 4891 gene-

475 4931 543 4966 τε
576 4914 670 4967 καὶ
704 4913 1132 4983 θεολογουμὲνης
1164 4929 1178 4943 ·
1213 4913 1271 4977 ἐξ
1293 4906 1353 4965 οὗ
1384 4912 1482 4963 καὶ
1507 4913 1565 4964 ὲν
1591 4913 1702 4973 τοῖς
1736 4912 2048 4979 γεννητοῖςήί

2166 4917 2299 4971 ratis
2333 4916 2618 4985 aet‘gualitas
2653 4917 2833 4981 datur,
2882 4926 2937 4970 et
2967 4914 3175 4984 justum
3203 4914 3376 4982 aequis
3419 4914 3755 4983 ponderibus

480 5005 678 5074 ἰσότης
708 5006 910 5058 δίδοται
940 5004 1119 5057 καὶτὸ
1150 5002 1355 5056 δίκαιον
1382 5002 1789 5056 ταλαντεύεται.
1822 5002 2048 5056 Τοιαῦτα

2173 5005 2427 5061 libratur.
2461 5005 2586 5061 Haec
2623 5006 2735 5060 fere
2766 5007 2818 5059 in
2850 5006 3112 5060 vicesimo
3140 5005 3378 5059 secundo
3405 5004 3583 5070 capite
3613 5002 3757 5056 sexti

480 5098 591 5167 μὲν
617 5092 709 5150 οὖν
740 5096 887 5167 αὐτῷ
942 5097 1085 5150 κατά
1126 5113 1187 5147 τε
1216 5094 1277 5148 τὸ
1320 5097 1404 5163 κβ⁹
1433 5094 1729 5162 κεφάλαιον
1756 5092 1849 5147 τοῦ
1877 5100 1948 5161 ις’
1985 5092 2048 5164 βι·

2178 5096 2322 5159 libri,
2354 5098 2591 5165 itemque
2612 5096 2874 5150 vicesimo
2906 5096 3066 5148 tertio
3096 5095 3162 5148 ab
3186 5110 3253 5148 eo
3277 5102 3662 5148 contexuntur.

479 5189 642 5241 ελίου
673 5190 850 5243 καὶτὸ
878 5195 927 5257 γ’
953 5190 1044 5242 καὶ
1071 5194 1119 5240 κ’
1151 5185 1558 5253 συνυφαίνεται.

568 5280 723 5331 Μετὰ
762 5278 922 5331 τοῦτο
972 5278 1032 5331 δέ
1075 5292 1241 5347 φησιν
1285 5273 1580 5342 ἀναλογίαν
1622 5273 1746 5326 τινὰ
1781 5271 2048 5336 διασώζειτ

2247 5272 2336 5336 24,
2370 5273 2460 5328 25.
2502 5271 2632 5329 Post
2679 5273 2794 5329 lucc
2844 5272 3149 5342 analogiam
3210 5272 3501 5342 quamdam
3547 5281 3756 5322 servan

559 5410 657 5465 ⁸³1
706 5414 833 5469 Cor.
886 5428 1007 5479 xm,
1038 5411 1072 5466 9
1113 5421 1170 5466 et
1222 5411 1311 5466 10.
1386 5409 1432 5442 ⁸⁸
1484 5407 1674 5465 Matth.
1722 5423 1919 5474 xxvm,
1967 5408 2063 5462 29.

1783 5522 2020 5579 VARUE
2054 5521 2345 5578 LECTION
2354 5522 2458 5576 ES.

518 5694 521 5697 Α
573 5621 619 5650 ’⁸
652 5622 716 5672 ἐκ
750 5618 834 5692 μη]
857 5618 982 5674 Cor.
1029 5634 1150 5683 xm,
1183 5618 1236 5672 9.
1318 5617 1362 5648 ³⁷
1396 5612 1646 5685 πορευθ.]
1686 5614 1880 5669 Matth.
1922 5629 2120 5679 xxvm,
2164 5614 2253 5668 29.
2329 5616 2372 5647 ³⁸
2390 5617 2448 5668 τὸ
2472 5615 2565 5684 ἀγ.
2599 5632 2740 5671 corr.
2772 5617 2810 5669 A
2849 5630 2955 5669 ετε
2995 5614 3085 5681 άγ.
3122 5623 3183 5673 ς.

1998 5726 2225 5784 ΝΟΤΕ.

566 5826 679 5898 (47)
704 5829 836 5899 Cap.
868 5827 951 5892 l3,
988 5824 1082 5880 lib.
1126 5822 1200 5876 De
1222 5822 1380 5876 divin.
1424 5820 1744 5877 nominibus.
