4032 6454
515 366 618 428 767

1672 368 1937 428 ΡΙΙΟΤΙΙ
1974 367 2480 428 PATRIARCH/E
2512 368 2619 428 CP-

3652 374 3747 436 768

518 479 718 531 asserit
740 494 767 531 a
788 478 989 550 duplici
1024 480 1113 535 illa
1139 480 1429 546 Trinitate,
1455 482 1574 550 qua:
1612 480 1662 533 in
1696 479 1795 533 alis
1815 479 2097 547 Seraphin)

2205 479 2301 548 τὴν
2333 481 2379 511 ²⁹
2417 482 2475 533 ὲν
2525 482 2645 543 ταῖς
2680 477 2904 548 πτέρυξι
2946 477 3054 529 τῶν
3098 475 3350 546 Σεραφιμ
3392 478 3750 557 θεωρουμένην

520 572 900 625 consideratur
922 575 988 627 ⁸⁵.
1067 574 1134 629 Ει
1172 574 1404 626 medinm
1438 574 1651 639 quidem
1684 570 1827 624 Patri
1866 587 2091 641 respon-

520 663 669 724 dere,
700 673 950 717 extrema
996 680 1124 717 vero
1153 664 1307 732 Filio,
1355 682 1418 719 ac
1444 666 1671 732 Spiritui
1706 675 1919 720 sancto.
1979 664 2101 719 Tri—

524 753 710 820 μΙίι-οιιι
746 770 963 823 quoque
1017 756 1161 811 illam
1217 767 1271 812 et
1323 762 1544 811 omnino
1590 758 1912 810 invariatam
1961 758 2011 813 in
2043 773 2100 812 se

521 848 668 899 vocis
715 846 942 903 Sanctus
1002 850 1476 913 exclamationem,
1537 848 1699 903 trium
1742 863 2097 917 personarum

525 937 1045 1003 immutabilitatem,
1092 943 1266 1009 quoad
1324 942 1646 1006 essentiam,
1698 943 1988 1011 potentiam
2047 952 2102 997 et

529 1026 838 1081 facultatem
867 1030 1234 1087 subindicare.
1276 1031 1417 1097 Quin
1450 1040 1502 1086 et
1539 1032 1751 1086 illorum
1785 1034 1946 1085 trium
1973 1038 2133 1088 con-‘

525 1119 1041 1175 substantialitatcm
1070 1133 1232 1190 atque
1284 1125 1552 1177 unitatem
1600 1124 1747 1175 velut
1793 1124 1969 1191 sigillo
1998 1128 2095 1179 ob-

526 1212 724 1279 signari
778 1228 842 1266 ac
893 1215 1157 1282 coaptari,
1208 1216 1332 1267 dum
1395 1232 1561 1268 unum
1605 1214 1870 1268 duntaxat
1919 1226 2099 1285 postea

530 1300 663 1369 [per
698 1303 920 1375 vocem]
962 1304 1219 1358 Dominus
1259 1307 1537 1361 inducitur
1583 1316 1638 1361 et
1678 1307 1925 1363 infertur.
1975 1310 2101 1363 Ala—

531 1409 646 1445 rum
694 1393 824 1447 item
872 1397 1317 1461 geminationem,
1374 1400 1687 1468 signiﬁcare
1739 1402 2098 1468 cognitionem

531 1484 675 1536 illam
720 1501 959 1550 onmem,
991 1503 1111 1554 qua:
1170 1505 1263 1557 per
1316 1490 1412 1543 hos
1469 1492 1520 1545 in
1558 1494 1803 1548 homines
1829 1493 2102 1546 derivatur

532 1576 656 1643 (etsi
692 1591 787 1643 per
818 1577 1201 1633 immateriales
1237 1582 1460 1649 Spiritus
1494 1585 1977 1653 subministrelur),
1998 1601 2099 1637 non

530 1668 851 1735 simplicem,
938 1671 1031 1723 sed
1088 1675 1427 1727 materiatam
1489 1676 1684 1730 deferri
1728 1693 1742 1730 :
1788 1692 1854 1730 ex
1903 1677 2103 1731 nostris

532 1758 786 1812 nimirum
821 1760 1006 1829 ﬁguris
1044 1777 1109 1817 ac
1144 1762 1356 1828 formis,
1383 1765 1902 1835 velutcompositum
1935 1769 2101 1834 quod-

2198 571 2394 642 διπλῆν
2424 572 2655 641 Τριάδα,
2690 573 2782 623 καὶ
2810 570 2872 622 τὸ
2907 569 3006 638 μὲν
3042 569 3208 638 μέσον
3232 569 3518 638 ἀναλογεῖν
3548 574 3622 644 τῷ
3646 578 3749 631 Πα-

2197 663 2307 731 cpt,
2340 663 2408 715 τὰ
2438 662 2483 714 δ’
2507 662 2651 732 ἄκρα
2698 662 2777 733 τῷ
2820 661 2933 730 Υἱῷ
2974 662 3065 714 καὶ
3097 661 3171 729 τῷ
3199 660 3482 729 Πνεύματι
3504 680 3516 695 ·
3550 667 3639 718 καὶ
3663 668 3752 740 τὴν

2196 755 2481 825 τριαδικὴν
2509 755 2605 825 τῆς
2656 756 2943 823 ἁγιότητος
2991 753 3304 823 ὲκφώνησιν
3352 755 3752 824 ἀπαράλλακτον

2197 844 2361 898 οὖσαν
2404 846 2581 913 πάντη
2618 846 2755 914 πρὸς
2804 845 3001 911 ἑαυτὴν
3060 845 3120 896 τδ
3178 845 3594 914 ἀπαράλλακτον
3645 856 3753 906 κατ’

2196 937 2384 990 οὐσίαν
2412 937 2506 991 καὶ
2529 936 2759 1005 δύναμιν
2791 940 2887 988 καὶ
2913 936 3161 1002 ἐξουσίαν
3189 937 3299 988 τῶν
3321 938 3491 1006 τριῶν
3518 943 3755 1011 αἰνιγμα-

2196 1026 2365 1089 τίζειν
2403 1026 2528 1098 [515
2560 1026 2649 1097 ιι]
2682 1026 3054 1080 ύποστάσεων.
3104 1028 3213 1080 Καὶ
3260 1030 3676 1097 ὲπισιρραγίζειν
3706 1035 3753 1087 δὲ

2198 1121 2294 1172 καὶ
2350 1118 2739 1172 ἐπισυνάπτειν
2788 1119 2849 1170 τὸ
2904 1118 3192 1187 ὁμοούσιον
3257 1120 3356 1173 καὶ
3424 1121 3621 1175 ὲνιαῖον
3658 1126 3755 1179 τῶν

2198 1212 2364 1281 τριῶν
2392 1212 2487 1281 τὴν
2519 1211 2814 1280 ἐπαγωγὴν
2842 1211 2935 1264 καὶ
2979 1212 3254 1283 ἐπιφορὰν
3270 1211 3367 1265 τοῦ
3395 1213 3519 1275 ἑνὸς
3548 1214 3749 1284 Κύριος,

2199 1300 2403 1370 Δηλοῦν
2448 1301 2502 1351 δὲ
2552 1301 2645 1351 καὶ
2677 1300 2786 1351 τῶν
2835 1300 3053 1368 πτερῶν
3079 1300 3176 1368 τὴν
3206 1300 3438 1368 διπλόην
3465 1302 3638 1353 πᾶσαν
3670 1305 3755 1373 τὴν

2199 1394 2279 1452 εἰς
2330 1392 2477 1461 ἡμᾶς
2511 1390 2579 1442 δι’
2617 1388 2797 1441 αὐτῶν
2851 1388 3151 1442 κατιοῦσαν
3180 1389 3409 1458 γνῶσιν,
3456 1391 3504 1442 εί
3550 1392 3639 1444 καὶ
3681 1392 3755 1446 διὰ

2200 1483 2307 1534 τῶν
2338 1483 2517 1536 ἁύλων
2547 1483 2879 1537 διακονεῖται
2922 1484 3271 1549 πνευμάτων,
3307 1482 3410 1551 οὐχ
3453 1480 3630 1551 ἁπλῆν
3657 1484 3754 1537 ἀλλ’

2203 1575 2392 1644 ὑλικην
2442 1576 2705 1639 κατιέναι,
2750 1578 2815 1628 ἐκ
2864 1574 2975 1629 τῶν
3008 1574 3130 1629 καθ’
3168 1575 3318 1644 ἡμᾶς
3357 1574 3549 1626 τύπων
3584 1590 3640 1625 τε
3677 1577 3753 1629 καὶ

2203 1665 2495 1733 σχημάτων
2548 1667 2659 1727 τοῖς
2710 1664 2987 1727 συνθέτοις
3047 1664 3300 1718 σύνθετον
3340 1661 3748 1735 ἁρμοζομένηνο

2203 1754 2423 1807 διπλοῦν
2464 1755 2519 1808 δὲ
2563 1755 2623 1808 τὸ
2678 1757 2863 1811 ὑλικὸν
2901 1757 3070 1820 ἅπαν,
3121 1758 3181 1822 ἐξ
3230 1756 3367 1826 ὕλης
3423 1759 3750 1827 συγκείμενον

529 1851 672 1915 dam,
702 1854 1019 1921 compositis
1051 1854 1380 1923 adaptatam,
1438 1872 1562 1911 cum
1604 1858 1801 1927 duplex
1832 1859 1904 1912 sit
1930 1870 2101 1911 mate-

2208 1848 2299 1900 καὶ
2346 1847 2537 1910 εἴδους.
2598 1850 2719 1902 Ἔτι
2774 1847 2832 1902 δὲ
2881 1849 2977 1902 καὶ
3019 1848 3119 1911 τὰς
3171 1848 3367 1918 νοερὰς
3410 1848 3664 1915 δυνάμεις
3703 1850 3745 1913 ἐξ

530 1942 728 1997 ιιιιιιιηι
754 1960 932 2009 omne,
960 1962 1023 1998 ex
1048 1948 1272 2000 materia
1292 1948 1582 2003 conﬂatum
1603 1960 1653 2003 et
1682 1949 1877 2004 forma.
1911 1949 2096 2015 Quan-

525 2048 688 2099 quam
720 2043 774 2086 et
813 2034 1001 2103 190b
1041 2036 1409 2105 intelligibiles
1459 2048 1772 2107 potestates,
1814 2054 1879 2093 ex
1904 2039 2103 2093 sancti-

529 2123 781 2178 ﬁcatione
808 2134 863 2176 et
893 2128 1218 2189 substantia,
1267 2130 1409 2191 quod
1442 2130 1745 2196 duplicibus
1766 2130 1866 2183 alis
1894 2130 2101 2198 signiﬁ-

530 2217 739 2279 licetur,
791 2216 1011 2270 conﬂari
1057 2218 1262 2275 volunt.
1314 2220 1537 2273 Certum
1578 2236 1704 2274 vero
1739 2222 1881 2291 quod
1910 2222 2098 2276 horum

529 2304 791 2373 cognitio,
835 2306 1229 2373 perfectissima
1263 2309 1378 2372 illa,
1428 2318 1482 2363 et
1514 2326 1633 2378 qme
1667 2328 1880 2365 omnem
1914 2311 2101 2380 cogni-

534 2397 696 2450 tionis
725 2400 1127 2468 simplicitatem
1178 2414 1417 2470 superat,
1475 2415 1532 2457 ut
1560 2420 1681 2473 qua:
1720 2405 1816 2459 soli
1848 2406 2098 2459 creatrici

528 2486 782 2543 Trinitati
850 2493 1173 2555 ascribatur,
1250 2496 1474 2549 inferior
1519 2506 1681 2566 atque
1732 2497 2102 2563 imperfectiOr

526 2582 819 2644 cxsistens,
884 2598 989 2636 non
1039 2586 1107 2639 ab
1143 2586 1287 2638 omni
1350 2587 1423 2640 sit
1468 2590 1859 2657 compositione
1910 2589 2100 2642 libera.

526 2672 607 2724 Ad
639 2671 752 2725 haec
797 2688 980 2728 vocem
1020 2672 1255 2730 Sanctus
1301 2677 1421 2732 sine
1477 2678 1583 2733 ulla
1632 2681 2102 2747 coagmentatione

529 2763 818 2830 prolatam,
848 2775 901 2817 et
937 2766 1085 2821 nullo
1113 2769 1336 2821 omnino
1366 2769 1471 2823 alio
1506 2769 1875 2863 intertedjeute
1906 2785 2103 2835 provo-

529 2854 748 2919 cabnlo,
797 2855 1040 2909 indicare
1085 2858 1411 2925 simplicem,
1459 2861 1681 2914 minime
1717 2854 2099 2927 compositum,

529 2946 885 3001 excellentem
917 2964 979 3003 ac
1008 2961 1419 3007 sacrosanctum
1439 2954 1633 3007 divina-
1657 2961 2099 3022 natttrtestatum,

532 3047 657 3084 cum
707 3034 852 3087 omni
911 3034 1013 3089 alia
1050 3049 1242 3093 natura
1281 3049 1335 3094 et
1368 3041 1718 3096 subsistentia
1750 3053 2097 3113 comparatae.

2202 1935 2473 2005 ἀγιασμοῦ
2510 1938 2603 1988 καὶ
2655 1938 2876 2003 οὐσίας,
2925 1936 2955 1990 ὃ
2990 1937 3051 1991 τὸ
3097 1937 3270 1991 διττὸν
3315 1938 3615 1990 αἰνίττεται
3665 1940 3745 1991 τῶν

2202 2029 2513 2100 πτερύγων,
2569 2029 2886 2097 συγκεῖσθαι
2941 2048 3103 2099 epam“
3144 2030 3304 2101 δῆλον
3351 2032 3410 2084 δὲ
3467 2031 3541 2094 ὼς
3594 2035 3680 2085 καὶ
3722 2034 3748 2103 ἡ

2198 2120 2405 2173 τούτων
2445 2121 2644 2189 γνῶσις
2692 2122 2790 2191 τῆς
2835 2121 3115 2185 ὁλοτελοῦς
3158 2124 3253 2175 καὶ
3310 2123 3454 2192 ὑπὲρ
3504 2123 3748 2192 ἁπλότητα

2204 2212 2478 2279 γνώσεως,
2536 2213 2657 2282 ἥτις
2699 2214 2847 2284 μόνῃ
2894 2217 2960 2282 τῇ
2992 2214 3361 2285 δημιουργικῇ
3418 2214 3606 2283 Τριάδι
3665 2216 3747 2282 ὰφ-

2201 2304 2431 2375 ώρισται
2452 2344 2465 2367 ,
2496 2304 2862 2374 ὲλαττουμένη
2906 2312 3002 2359 καὶ
3034 2306 3096 2358 τὸ
3119 2306 3308 2369 ἀτελὲς
3332 2306 3533 2376 ἔχουσα
3560 2306 3651 2360 οὐκ
3683 2308 3749 2377 εἴη

2204 2397 2382 2464 πάσης
2412 2395 2633 2462 διπλόης
2663 2398 2723 2448 τὸ
2759 2396 3047 2465 ἐλεύθερον
3093 2397 3312 2467 ἔχουσα.
3351 2396 3749 2467 Παραδηλοῦνδὲ

2202 2488 2295 2539 καὶ
2352 2488 2518 2557 αὐτὴν
2553 2488 2596 2517 ³ο
2647 2487 2743 2557 τὴν
2801 2488 2966 2557 ἅγιος
3017 2491 3242 2558 φωνὴν,
3326 2490 3459 2542 ἄνευ
3510 2488 3751 2557 συνθήκης

2204 2595 2412 2649 προαγο
2422 2580 2594 2649 μένην
2611 2581 2704 2632 καὶ
2725 2580 2857 2650 μηδὲ
2888 2580 3319 2650 μεσολαόοὓντος
3339 2582 3526 2651 ἑτέρου
3545 2583 3753 2652 προσρή-

2204 2686 2395 2739 ματος,
2426 2669 2486 2722 τὸ
2513 2670 2717 2724 ἁπλοῦν
2744 2672 2837 2725 καὶ
2870 2671 3166 2726 ἀσύνθετον
3197 2673 3294 2725 καὶ
3322 2671 3651 2743 ἐξῃρημένον
3674 2672 3754 2724 καὶ

2201 2761 2468 2831 ἀϐέϐηλον
2529 2765 2636 2833 τῆς
2704 2762 2856 2825 θείας
2910 2762 3125 2832 φύσεως
3177 2765 3317 2836 πρὸς
3373 2766 3553 2817 πᾶσαν
3608 2763 3752 2833 ἀλλην

2204 2854 2366 2920 φύσιν
2416 2870 2475 2905 τε
2531 2854 2627 2907 καὶ
2679 2836 2997 2908 ὑπόστασιν·
3040 2854 3197 2908 τοῦτο
3243 2856 3305 2909 δὲ
3350 2856 3412 2907 τὸ
3441 2854 3637 2923 ἅγιος,⁴
3662 2852 3753 2907 τῶν

2204 2945 2374 3012 ἁγίων
2420 2945 2752 2999 αἰνίττεσθαι
2781 2948 2841 2999 τὸ
2874 2947 3306 3018 ὑπεριδρνμὲνον
3332 2948 3430 3002 καὶ
3456 2946 3752 3017 ἀσύγκριτον

2205 3040 2341 3106 πρὸς
2368 3038 2549 3092 πᾶσαν
2577 3038 2745 3108 ἄλλην
2768 3038 3176 3110 ὀνομαζομένην
3200 3042 3471 3109 ἁγιότητα
3500 3056 3514 3070 ο
3544 3042 3631 3093 καὶ
3660 3038 3749 3108 γὰρ

533 3120 668 3178 lllud
695 3140 824 3180 vero
859 3124 1093 3184 Sanetus
1117 3141 1461 3197 sanctorum,
1492 3132 1755 3201 ejusmodi
1793 3136 2101 3206 signiﬁcare

2208 3130 2301 3183 καὶ
2331 3130 2445 3182 ὅσοι
2470 3129 2557 3182 διὰ
2586 3129 2646 3181 τὸ
2674 3132 2831 3183 Θεῐον
2862 3131 3008 3199 ἆγιοι
3039 3130 3311 3199 λέγονται,
3368 3130 3579 3201 βέϐηλοι
3604 3148 3657 3183 τε
3692 3130 3747 3183 ἂν

532 3217 974 3285 sanctimoniam,
1038 3236 1157 3290 quae
1186 3223 1258 3276 sit
1296 3239 1458 3294 supra
1493 3242 1708 3283 onmetn
1754 3228 1939 3293 aliam,
1986 3246 2106 3299 quin

533 3311 805 3366 nominari
869 3315 1062 3383 possit,
1111 3315 1424 3372 collocata:
1458 3317 1791 3386 minimeque
1838 3335 1963 3374 cum
2016 3322 2105 3377 illa

532 3406 929 3468 componenda.
974 3406 1252 3476 Quotquot
1301 3408 1444 3462 enim
1480 3411 1548 3463 ob
1584 3408 1827 3465 divinam
1872 3414 2104 3481 gratiam

533 3493 709 3546 sancti
756 3492 1030 3559 dicuntur,
1079 3498 1290 3567 profani
1336 3499 1536 3569 alioqui
1571 3512 1735 3569 atque
1767 3502 1962 3573 impuri
1996 3521 2109 3560 me-

536 3585 643 3639 rito
672 3584 908 3652 judicari
942 3599 1164 3659 queant,
1197 3592 1241 3645 si
1276 3607 1397 3646 cum
1431 3592 1541 3647 Deo
1574 3608 1993 3664 componantur.
2041 3599 2110 3654 Ut

533 3686 590 3731 et
612 3693 802 3733 omnes
834 3696 1008 3748 reges,
1058 3684 1226 3745 servi,
1268 3693 1322 3737 et
1348 3683 1685 3748 exsistentia,
1708 3702 1812 3741 non
1834 3688 2108 3743 exsisten-

538 3770 632 3833 tia,
659 3771 726 3823 ad
759 3786 880 3827 eum
907 3774 997 3842 qui
1032 3790 1222 3829 revera
1248 3776 1700 3833 exsistitcollata.
1722 3779 2107 3835 Excellentiam

537 3861 723 3929 igitur,
771 3872 831 3915 ut
872 3865 1072 3919 dictum
1114 3874 1217 3933 est,
1262 3882 1325 3922 ac
1354 3868 1635 3937 singulare
1662 3871 1817 3939 quid,
1856 3883 1909 3925 et
1945 3888 2109 3941 supra

536 3951 756 4022 reliquae
785 3964 1049 4009 creatura:
1068 3956 1328 4012 terminos
1379 3958 1446 4013 de
1476 3960 1585 4012 Deo
1639 3961 1849 4015 nuntiat
1886 3963 2108 4017 verbum

536 4042 664 4093 illud
686 4044 937 4099 Sanctus.
964 4047 1225 4100 Sanctum
1244 4048 1389 4103 enim
1419 4049 1507 4103 hic
1538 4049 1712 4118 dicas,
1744 4067 1851 4105 non
1871 4054 2012 4120 quod
2042 4053 2111 4107 ab

534 4136 679 4187 omni
706 4136 884 4201 sorde,
920 4152 1039 4205 quae
1065 4154 1258 4207 corpus
1298 4152 1392 4197 aut
1420 4143 1657 4196 animam
1694 4145 1960 4213 inquinat,
2010 4162 2110 4216 pu-

537 4242 656 4281 rum
689 4236 809 4296 est;
846 4244 1209 4298 nequaquam.
1251 4232 1510 4297 Quaenam
1542 4236 1685 4290 enim
1727 4237 1814 4291 illa
1840 4236 1936 4295 Dei
1969 4240 2109 4305 laus,

536 4326 628 4374 aut
656 4321 834 4391 potius
871 4324 1147 4392 quomodo
1188 4340 1293 4379 non
1328 4336 1571 4381 extrema
1617 4328 1734 4397 ejus
1780 4333 2110 4401 vituperatio

536 4412 627 4475 sit,
664 4412 707 4467 si
741 4414 794 4469 id
829 4414 1161 4470 laudationis
1186 4416 1304 4472 loco
1346 4432 1661 4489 usurpetur,
1698 4424 1840 4492 quod
1866 4423 2007 4478 Deus
2039 4427 2107 4479 ab

2209 3225 2527 3296 κριθείησαν
2578 3227 2674 3278 καὶ
2726 3223 3025 3294 ἀκάθαρτοι
3084 3223 3559 3293 παραϐαλλόμενοι
3610 3219 3747 3289 Θεῷ,

2208 3317 2395 3388 ῶσπερ
2430 3319 2522 3371 καὶ
2551 3319 2752 3380 πάντες
2786 3318 2835 3369 οἱ
2873 3316 3109 3379 βασιλεῖς
3152 3316 3359 3375 δοῦλοι,
3412 3315 3505 3369 καὶ
3540 3314 3610 3382 μὴ
3639 3313 3747 3365 ὄντα

2207 3410 2274 3462 τὰ
2308 3409 2437 3461 ὅντα
2464 3410 2600 3479 πρὸς
2630 3410 2720 3462 τὸν
2741 3408 2909 3471 ὅντως
2942 3408 3072 3461 ὄντα
3104 3407 3490 3476 ἐξεταζόμενα.
3522 3405 3591 3456 Τὸ
3622 3401 3745 3467 ἐξαί-

2213 3516 2365 3569 ρετον
2411 3499 2609 3562 τοίνυν,
2666 3498 2744 3561 ὡς
2793 3499 3029 3569 εἴρηται,
3094 3499 3188 3550 καὶ
3249 3495 3624 3567 μεμονωμένον
3670 3492 3750 3545 καὶ

2210 3591 2390 3660 πάσης
2407 3591 2571 3659 ἄλλης
2594 3591 2883 3660 ὑπερόριον
2906 3590 3122 3659 φύσεως
3148 3590 3242 3643 ἐπὶ
3270 3589 3408 3643 Θεοῦ
3426 3584 3751 3655 καταγγέλλει
3788 3574 3795 3593 ’

2207 3682 2270 3734 τὸ
2326 3680 2513 3750 ἅγιος.
2580 3680 2706 3751 [608
2755 3680 2848 3752 3.]
2887 3682 3077 3749 ’Ἂγιον
3130 3682 3239 3752 γὰρ
3294 3681 3525 3735 ἐνταῦθα
3571 3677 3677 3756 auxi
3701 3674 3752 3727 τὸ

2212 3772 2384 3842 ῥύπου
2442 3771 2586 3835 τινὸς
2638 3773 2882 3842 καθαρὸν
2932 3770 3072 3827 εἶναι
3104 3775 3195 3829 διὰ
3240 3774 3491 3845 σώματος
3534 3772 3565 3842 ἢ
3602 3768 3749 3838 ψυχῆς

2210 3864 2576 3927 διαῦαίνοντος
2595 3882 2607 3893 ·
2628 3865 2832 3932 ἄπαγε·
2867 3865 2969 3919 ποῦ
2988 3867 3097 3938 γὰρ
3112 3866 3388 3934 ἐγκώμιον
3406 3864 3560 3927 Θεοῦ,
3580 3861 3750 3932 μᾶλλον

2210 3955 2267 4008 δὲ
2295 3954 2411 4017 πῶς
2447 3956 2547 4009 οὐκ
2580 3956 2805 4025 ἔσχατος
2835 3956 3000 4026 ψόγος
3022 3961 3103 4021 είς
3137 3959 3305 4028 ὕμνον
3334 3954 3750 4027 παραλαμσάνειν

2210 4048 2272 4099 τὸ
2321 4046 2509 4101 παθῶν
2555 4048 2903 4117 ἀπηλλάχθαι
2951 4050 3011 4102 τὸ
3052 4050 3207 4102 Θεῖον
3234 4051 3416 4118 λέγειν
3444 4048 3549 4103 τῶν
3577 4042 3747 4115 ἡμετέ-

2214 4158 2355 4211 ρων;
2391 4140 2529 4194 ἀλλὰ
2556 4142 2617 4194 τὸ
2651 4142 3035 4213 ἀφωρισμένον
3064 4144 3158 4195 καὶ
3204 4140 3626 4214 ὑπεριδρυμένον
3659 4134 3748 4187 τῶν

2212 4235 2388 4297 ἄλλων
2413 4236 2669 4289 ἁπάντων
2700 4238 2793 4289 καὶ
2815 4237 3244 4307 ἀνακεχωρηκὸς
3271 4238 3517 4305 ἀνυμνεῖ.
3546 4230 3749 4300 Σύνηθες

2212 4327 2269 4379 δὲ
2294 4328 2361 4397 τῇ
2401 4326 2522 4397 θείᾳ
2548 4328 2737 4398 Γραφῇ
2780 4329 2843 4380 τὸ
2887 4327 3126 4382 τοιοῦτον
3163 4333 3260 4400 τῆς
3291 4330 3488 4395 λέξεως
3518 4318 3747 4393 σημαινό-

2213 4435 2394 4488 μενον,
2448 4417 2523 4481 ὼς
2574 4420 2674 4484 τὸ,
2728 4418 2857 4475 Πᾶν
2889 4420 2934 4452 ³¹
2988 4420 3181 4489 ἄρσεν
3216 4421 3517 4489 διανοῖγον
3543 4415 3749 4486 μήτραν

488 4578 489 4581 η
535 4502 911 4561 ειίΐεοιὶοιιίὺυε
945 4509 1150 4562 nostris
1182 4508 1317 4565 liber
1346 4512 1619 4567 exsistat?
1665 4514 1772 4569 Sed
1801 4515 2104 4570 distinctam

2205 4511 2390 4588 ’ἅγιον
2427 4508 2506 4575 τῷ
2524 4514 2722 4579 Κυρίῳ
2754 4513 3147 4579 κληθήσεται,
3170 4514 3449 4566 τουτέστιν
3473 4502 3747 4578 ἀφωρισμέ-

537 4595 547 4662 i
578 4594 668 4647 Dei
690 4607 934 4651 naturam
966 4612 1072 4653 vox
1104 4596 1230 4670 illa]
1260 4612 1316 4656 et
1339 4601 1550 4655 czetcris
1572 4603 1825 4659 omnibus
1862 4606 2109 4659 antecel-

536 4692 759 4747 tentem.
809 4699 972 4757 atque
1028 4692 1096 4743 ab
1133 4690 1198 4744 iis
1238 4692 1544 4760 sejunctam
1581 4695 1857 4763 praedicat.
1923 4696 2111 4766 Neque

488 4758 497 4765 ’
536 4788 666 4828 vero
695 4776 911 4831 insolita
940 4779 1110 4833 sacris
1128 4780 1345 4835 Litteris
1369 4783 1635 4853 ejusmodi
1678 4785 1835 4855 hujus
1861 4790 2110 4846 vocabuli

538 4869 883 4936 signiﬁcatio,
936 4879 994 4925 ut
1045 4872 1117 4928 ibi
1154 4890 1169 4927 :
1207 4874 1371 4928 Omne
1418 4878 1769 4931 masculinum
1801 4882 2109 4949 adaperiam

537 4958 761 5024 vulvam,
800 4971 1038 5016 sanctum
1060 4963 1285 5019 Domino
1308 4968 1656 5040 vocabitur,“,
1705 4973 1805 5027 hoc
1829 4983 1932 5040 est,
1970 4976 2111 5030 sele-

536 5059 705 5102 ctum.
748 5050 813 5103 Et
840 5068 1053 5107 rursum
1083 5054 1331 5112 Judicum
1374 5058 1514 5113 libro
1545 5078 1558 5114 :
1593 5059 1778 5116 Paries
1815 5062 2013 5131 ﬁlium,|
2065 5076 2112 5119 et

2218 4620 2331 4657 νον.
2365 4604 2473 4657 Καὶ
2510 4602 2673 4657 πάλιν
2710 4606 2767 4656 ὲν
2800 4608 2912 4667 τοῖς
2944 4607 3173 4675 Κριταίς
3204 4606 3272 4637 ³⁸²
3321 4604 3465 4670 Τέξῃ
3503 4602 3645 4661 υἱὸν.
3667 4590 3745 4647 καὶ

2216 4696 2330 4751 οὐκ
2367 4694 2736 4758 ἀναϐήσεται
2766 4697 3018 4763 σίδηρος
3064 4698 3161 4750 ἐπὶ
3200 4697 3317 4763 τὴν
3363 4692 3629 4764 κεφαλὴν
3668 4686 3745 4738 αὖ·

2214 4785 2343 4850 τοῦ,
2371 4786 2459 4839 ὅτι
2481 4787 2855 4854 ἡγιασμένον
2884 4788 3016 4841 ἐστὶ
3038 4791 3103 4842 τὸ
3134 4790 3469 4855 παιδάριον,
3490 4785 3579 4839 καὶ
3607 4777 3744 4850 μυρία

2216 4876 2371 4931 ἄλλα.
2410 4877 2565 4930 Οὕτω
2623 4878 2686 4949 δὴ
2735 4881 2831 4931 καὶ
2881 4880 3206 4947 ἁγιάζεσθαι
3253 4882 3345 4932 τὸν
3390 4879 3547 4931 τόπον
3586 4872 3616 4942 ἢ
3670 4868 3743 4919 τὸν

2219 4971 2383 5040 ἄρτον
2416 4971 2449 5040 ἢ
2488 4970 2578 5024 τὸν
2627 4968 2789 5037 οἶνον,
2840 4972 2877 5025 ἃ
2908 4973 2986 5042 τῷ
3024 4973 3144 5043 Θεῷ
3190 4992 3369 5043 φαμεν
3431 4961 3743 5039 ἀφορίζεσθαι

2221 5060 2474 5129 καὶπρὸς
2505 5061 2778 5131 μηδεμίαν
2809 5066 2995 5133 κοινὴν
3020 5065 3392 5135 ὑποφέρεσθαι
3427 5061 3624 5131 χρῆσιν.

540 5159 643 5195 non
683 5143 924 5196 ascendet
952 5145 1151 5213 ferrum
1177 5165 1333 5216 super
1359 5163 1513 5221 caput
1542 5156 1674 5219 ejus,
1714 5155 1837 5223 quia
1876 5157 2242 5225 sanctiﬁcata:
2284 5152 2421 5220 (Μ’)
2468 5164 2543 5207 est
2580 5171 2728 5223 puer.
2766 5158 2994 5228 Aliaque
3022 5170 3298 5214 sexcenta.
3341 5156 3431 5212 Sic
3472 5167 3595 5210 sane
3641 5161 3742 5202 san-

608 5321 657 5353 "
692 5322 795 5375 lsa.
836 5339 911 5384 vn,
946 5322 980 5374 ‘2
1016 5336 1171 5391 seqq.

1250 5322 1293 5352 ⁸⁸
1354 5321 1511 5374 Num.
1545 5338 1662 5384 vttt,
1700 5322 1802 5389 16;
1852 5320 1983 5375 Luc.
2020 5339 2080 5388 ιι,
2122 5323 2213 5379 25.

1813 5434 2046 5489 VARIIE
2085 5434 2486 5491 LECTIONES.

611 5530 655 5560 ³⁸
681 5529 781 5598 τὴν
813 5527 894 5600 ὲν]
944 5528 1049 5583 lsa.
1116 5544 1193 5592 νι,
1229 5529 1284 5581 9..
1362 5526 1406 5558 ³⁰
1434 5527 1604 5597 αὐτὴν
1657 5527 1778 5580 add.
1806 5528 1870 5579 A.
1946 5527 1989 5557 ³¹
2015 5526 2146 5601 πᾶν]
2202 5528 2331 5581 Luc.
2366 5544 2425 5593 tl,
2457 5528 2547 5583 25.
2627 5531 2673 5562 ⁸¹
2705 5528 2958 5600 Κριταῖς]
3026 5530 3111 5597 15,
3136 5530 3188 5584 5.

2056 5618 2265 5675 NOTAE
2276 5660 2290 5672 .

619 5715 752 5784 (ΛΤ)
790 5713 966 5768 Judic.
998 5732 1118 5779 xm,
1152 5716 1205 5789 _5.
1243 5718 1318 5789 _ln
1370 5714 1527 5782 Vulg.
1563 5712 1787 5789 et_l_..\'X
1819 5712 2120 5769 Nazarwus
2151 5716 2385 5788 legitur:
2422 5734 2544 5789 qua:
2582 5734 2685 5774 vox
2715 5716 2960 5774 Hebraeis
3000 5728 3261 5783 sanctum,
3293 5715 3374 5771 vel
3394 5703 3722 5773 sanctiﬁcat“

551 5786 839 5853 δίὶὸυίίίεδιν
867 5796 926 5839 Ui
979 5790 1116 5855 apud
1149 5787 1206 5841 Β.
1242 5787 1554 5854 Hicrottynt.
1594 5784 1796 5837 videas.
