4032 6498
448 399 558 460 7o9

1491 402 2022 464 BIBLIOTHECA.
2065 427 2134 440 --
2168 404 2334 464 COD.
2369 400 2653 466 CCXXII.

3623 416 3730 480 ’ΠΟ

444 511 652 570 titicari
691 515 892 579 locum,
925 515 1004 568 νε·
1039 530 1248 583 panem,
1309 495 1388 569 vel
1422 518 1602 571 vinum
1632 520 1884 582 dicimus,
1920 535 2038 587 quze
2067 521 2175 576 Deo
2207 531 2590 587 secernuntur,
2614 529 2668 576 et
2697 521 2760 574 ad
2791 520 2996 576 nullum
3056 535 3399 580 communem
3455 542 3608 584 usum
3645 547 3730 585 re-

441 605 728 663 feruntur.

521 701 614 758 Ιεῖῖς
685 699 870 750 πίστιν
925 697 981 749 δὲ
1036 699 1306 767 παράγειν
1354 700 1674 770 ἐπιχειρεῖ,
1729 701 1922 770 ὅτιπερ
1992 705 2033 753 α’

2223 699 2408 754 Fidem
2451 713 2581 752 vero
2605 710 2661 751 ut
2697 697 2860 752 faciat
2884 699 2968 753 his
3011 700 3176 771 (quod
3213 703 3453 757 materia:
3482 717 3730 773 expertes

439 791 604 844 ἂῦλοι
675 791 937 858 δυνάμεις
992 789 1190 852 ὑλικῶς
1252 792 1364 854 τοῖς
1432 791 1642 859 ἡλικοῖς
1697 792 1767 842 τὰ
1832 791 2038 844 ἄνωθεν

435 879 948 950 διαπορθμεύουσι,
992 881 1092 948 τὴν
1143 879 1333 931 λαϐίδα
1360 879 1426 942 ³³,
1459 880 1524 948 ἢν
1555 879 1613 932 ἓν
1640 880 1750 932 τῶν
1787 881 2040 950 Σεραιρὶμ

439 973 588 1045 πρὸς
619 972 714 1026 τὸν
763 973 1050 1041 προφήτην
1099 971 1558 1040 ἀποστελλόμενον
1598 972 1760 1041 ἔφερε
1783 1014 1796 1036 ,
1831 973 1920 1025 τὸν
1954 973 2040 1025 ἄν·

442 1068 643 1138 θρακα
671 1065 966 1135 φέρουσαν.
990 1064 1158 1134 Δῆλον
1186 1065 1292 1136 γὰρ
1325 1065 1400 1128 ὡς
1437 1066 1494 1118 ὲν
1542 1069 1875 1136 σωματικοῖς
1899 1084 2040 1135 συμ-

448 1159 648 1224 ϐόλοις
671 1157 971 1226 ἀσωμάτων
996 1156 1160 1210 τινῶν
1187 1158 1281 1209 καὶ
1315 1157 1521 1227 νοητῶν
1554 1160 1586 1229 ἡ
1609 1159 1901 1228 ἀσώματος
1935 1158 2028 1210 δύ-

452 1269 633 1322 ναμις
669 1247 927 1318 ὑπεδήλου
955 1246 1032 1316 τῷ
1067 1249 1321 1318 προφήτῃ
1344 1251 1640 1318 μυστήρια,
1681 1249 2041 1319 διδασκούσης

457 1346 610 1415 ἡμᾶς
647 1342 739 1410 τῆς
775 1341 928 1409 ἱερᾶς
955 1339 1177 1408 Γραφῆς
1212 1339 1312 1403 ὅτι,
1348 1339 1599 1408 καθάπερ
1622 1339 1722 1391 οὑκ
1747 1339 1892 1391 ἔστιν
1909 1339 2037 1391 ἄνευ

457 1435 758 1505 μεσότητος
803 1429 927 1483 οὔτε
1002 1429 1137 1500 ὕλης
1193 1430 1511 1500 παχυτέρας
1563 1430 1656 1483 τοῦ
1714 1431 1887 1502 πυρὸς
1937 1431 2037 1482 λα-

450 1527 669 1588 ϐέσθαι,
704 1522 849 1575 οὕτω
887 1523 982 1574 καὶ
1012 1521 1120 1574 τῶν
1163 1521 1322 1575 θείων
1354 1523 1507 1574 οὐδὲν
1536 1521 1651 1574 ἔστι
1685 1521 1866 1574 λαϐεῖν
1905 1523 2033 1576 ἄνευ

447 1615 746 1685 συμϐόλων
777 1614 978 1667 ὑλικῶν
1004 1613 1099 1666 καὶ
1123 1614 1169 1644 ³⁸
1198 1613 1523 1683 προσφόρων
1557 1617 1668 1676 τοῖς
1702 1614 2032 1683 δεχομένοις.

447 1707 616 1758 Ἔστι
641 1707 699 1759 δὲ
729 1707 826 1758 καὶ
851 1707 883 1774 ἡ
913 1703 1070 1764 λαϐὶς
1107 1701 1235 1774 [514
1260 1701 1353 1773 IL]
1375 1701 1622 1755 τυποῦσα
1645 1702 1742 1772 τὴν
1765 1704 1896 1772 ὓλην
1926 1703 2035 1755 ὥσ-

440 1813 558 1867 περ
575 1800 604 1850 ὁ
623 1797 828 1866 ἄνθραξ
849 1796 908 1848 τὸ
926 1795 1067 1848 θεῖον
1088 1811 1101 1824 ο
1129 1795 1192 1846 '0
1222 1794 1332 1862 γὰρ
1344 1795 1387 1828 ³⁵
1409 1797 1552 1861 Θεὸς
1567 1793 1738 1862 ἡμῶν
1761 1795 1880 1863 πῦρ
1898 1811 2035 1847 κατ-

437 1891 815 1942 αναλίσκον·
841 1887 934 1940 καὶ
967 1927 981 1950 ,
1020 1887 1095 1940 Τὰ
1117 1889 1291 1955 λόγια
1313 1887 1356 1917 ³⁸
1374 1888 1596 1955 Κυρίου
1617 1886 2030 1955 πεπυρωμένα.

439 1983 567 2036 Καὶ⁸
607 1981 744 2050 αὐτὴ
796 1981 854 2033 δὲ
885 1982 919 2049 ὴ
955 1979 1107 2048 φωνὴ
1154 1979 1255 2047 τῆς
1297 1978 1514 2042 λαϐἰδος
1543 1981 1642 2051 τὴν
1683 1979 1825 2049 ἁφὴν
1851 1979 2032 2047 ἀπαγ-

2148 794 2373 861 spiritus
2405 791 2765 845 materialiter
2808 793 2963 847 nobis
3007 795 3308 848 materiatis
3341 811 3428 851 res
3475 799 3728 854 caelestes

2147 884 2420 951 aderant),
2449 885 2705 955 forcipem
2739 887 2884 940 illam
2925 887 3196 941 adducere
3226 889 3401 956 pergit
3430 890 3496 951 ⁸⁷,
3556 906 3720 958 quam

2148 987 2287 1027 llllllS
2317 989 2347 1027 e
2372 973 2656 1043 Seraphim
2691 976 2756 1028 ad
2793 976 3107 1045 prophetam
3145 977 3343 1030 missus
3366 979 3568 1043 attulit,
3598 995 3725 1033 car-

2147 1062 2340 1115 bonem
2372 1063 2730 1131 complexam.
2764 1065 2946 1118 Palam
2982 1067 3126 1120 enim
3157 1077 3240 1118 est
3272 1070 3642 1136 corporalibus
3671 1071 3723 1125 iu

2148 1151 2408 1221 symbolis
2451 1154 2824 1222 incorpoream
2873 1157 3018 1209 illam
3091 1168 3417 1226 potestatem
3468 1162 3726 1230 incorpo-

2147 1261 2364 1299 reorum
2394 1247 2755 1314 quorumdam
2818 1259 2980 1317 atque
3021 1250 3436 1318 intelligihilium
3465 1255 3723 1320 mysteria

2145 1335 2454 1405 significare
2501 1338 2638 1400 apud
2683 1340 3000 1408 prophetam
3048 1341 3310 1404 voluisse,
3355 1344 3587 1398 docente
3625 1359 3728 1398 nos

2145 1441 2300 1482 sacra
2368 1427 2653 1498 Scriptura
2689 1449 2704 1485 :
2737 1433 3193 1500 quemadmodum
3238 1436 3355 1488 sine
3403 1437 3726 1492 intermedio

2144 1521 2347 1591 aliquo,
2393 1531 2448 1574 et
2493 1525 2697 1588 absque
2727 1525 2996 1578 crassiore
3034 1526 3262 1578 materia
3292 1527 3430 1594 ignis
3471 1527 3589 1597 capi
3618 1543 3723 1581 non

2145 1622 2366 1683 potest:
2403 1615 2480 1667 sic
2538 1631 2636 1667 nec
2687 1630 2868 1668 rerum
2912 1615 3217 1669 divinarum
3267 1617 3560 1684 quidquam
3602 1634 3730 1687 per-

2144 1705 2247 1773 cipi
2283 1720 2440 1773 posse
2473 1705 2589 1759 sine
2641 1705 3012 1760 materialibus
3061 1707 3342 1776 symbolis,
3403 1710 3724 1777 caeterisque

2146 1797 2324 1861 rebus,
2350 1797 2416 1850 iis
2448 1796 2537 1865 qui
2570 1799 2906 1865 susciperent
2928 1800 3369 1854 accommodatis.
3414 1799 3508 1854 Est
3541 1811 3722 1856 autem

2144 1884 2357 1956 forceps
2383 1888 2666 1941 materiam
2701 1888 3011 1960 designans,
3046 1890 3245 1960 191u
3269 1893 3721 1961 quemadmodum

2143 1989 2193 2032 et
2218 1980 2383 2034 carbo
2423 1983 2666 2036 divinum
2700 1999 2896 2038 numen
2926 1985 3169 2037 denotat.
3220 1986 3356 2038 Deus
3383 1987 3521 2039 enim
3548 1998 3724 2039 noster

441 2072 659 2141 γέλλει,
681 2073 804 2143 ἥτις
853 2069 1094 2141 δηλονότι
1128 2071 1220 2123 ἐπὶ
1260 2070 1440 2139 μόνων
1477 2072 1673 2140 ὁρᾶται
1696 2071 1804 2123 τῶν
1836 2071 2028 2140 αἰσθησ

2139 2070 2276 2138 ignis
2327 2086 2637 2124 consumens
2691 2082 2766 2124 est
2799 2070 2869 2127 ³⁸.
2930 2071 3038 2126 Et:
3080 2073 3306 2143 Eloquia
3355 2074 3563 2129 Domini
3601 2076 3724 2145 igne

442 2164 585 2220 τῶν.
621 2165 780 2226 Ἴσως
811 2161 868 2215 δὲ
909 2163 1002 2214 καὶ
1044 2161 1141 2230 τὴν
1178 2161 1319 2232 ὑπὲρ
1374 2161 1533 2232 ἡμῶν
1583 2162 1895 2231 οἰκονομίαν
1941 2161 2035 2215 τοῦ

441 2259 630 2326 Λόγου
661 2255 1138 2327 αἰνιγματεζεσθαι
1164 2255 1252 2308 διὰ
1280 2255 1388 2308 τῶν
1410 2255 1720 2325 εἰρημένων
1751 2256 2036 2325 συμϐόλων

445 2353 624 2417 φάναι
659 2349 810 2401 οὐδὲν
856 2349 1118 2411 ἀπεικός·
1167 2347 1226 2400 τὸ
1270 2347 1378 2418 γὰρ
1426 2347 1566 2400 θεῖον
1610 2346 1721 2416 πῦρ
1767 2347 2036 2417 παχύτητι

442 2441 557 2511 τῆς
586 2439 708 2493 καθ’
730 2441 880 2508 ἡμᾶς
917 2440 1121 2510 σαρκὸς
1153 2437 1575 2508 προσωμίλησεν
1614 2439 1766 2508 ⁴ἡμῖν.
1803 2438 2036 2489 Δυνατὸν

443 2532 513 2585 δέ
561 2549 694 2602 φησι
725 2531 822 2584 καὶ
847 2531 945 2600 τὴν
975 2531 1072 2601 μὲν
1121 2529 1314 2582 λαϐίδα
1348 2529 1447 2600 τὴν
1483 2529 1713 2600 νομικὴν
1752 2529 2035 2592 εἰκονίζειν

447 2624 638 2683 σκιὰν,
657 2623 749 2674 τὸν
772 2622 1017 2692 ἄνθρακα
1040 2622 1095 2674 δὲ
1113 2622 1212 2691 τὴν
1227 2621 1372 2674 Νέαν
1389 2622 1685 2692 Διαθήκηνο
1713 2623 1932 2691 καὶγὰρ
1947 2620 2036 2673 διά

442 2715 563 2767 τῶν
589 2713 876 2782 συμϐόλων
925 2711 1033 2766 τῶν
1061 2713 1299 2782 νομικῶν
1332 2713 1400 2765 τὰ
1436 2716 1536 2782 τῆς
1581 2713 1725 2776 Νέας
1760 2714 2035 2784 μυστήρια

446 2803 905 2876 παραδηλοῦσθαε
953 2822 1010 2856 τε
1060 2806 1156 2858 καὶ
1215 2808 1328 2869 τοῖς
1371 2803 1682 2874 εὐγνώμοσι
1731 2804 2034 2875 παραδίδο-

447 2896 606 2952 σθαι.
656 2897 817 2964 Λέγει
860 2897 917 2948 δὲ
944 2897 1037 2949 καὶ
1066 2897 1157 2950 τοῦ
1194 2898 1474 2968 Κυριακοῦ
1527 2895 1776 2967 σώματος
1816 2898 1907 2949 ἐπὶ
1937 2897 2035 2966 τῆς

438 2985 609 3060 ’ἱερᾶς
667 2987 949 3059 τραπέζης
998 2988 1354 3059 προτεθέντος
1401 2988 1489 3043 διὰ
1532 2990 1690 3042 τοῦτο
1728 2989 1855 3052 τοὺς
1902 2989 2032 3060 παρ’

442 3078 692 3151 ἑκάτερα
717 3081 824 3133 τῶν
847 3081 914 3134 τὰ
949 3082 991 3133 is
1002 3081 1070 3150 ρὰ
1091 3081 1552 3150 ὑπηρετουμένων
1568 3081 1784 3154 ῥιπίδας
1817 3081 2033 3151 πτερῶν

443 3171 836 3241 πεποιημένας
865 3175 979 3235 τοῖς
1022 3173 1408 3243 προκειμένοις
1454 3176 1703 3242 φρικτοῖς
1746 3175 2030 3235 ἐπικινεῖν,

445 3265 564 3317 τῶν
586 3261 979 3336 ὲξαπτερύγων
1014 3267 1279 3334 φέροντας
1312 3263 1579 3334 σύμϐολα,
1608 3264 1683 3327 ὡς
1718 3265 1784 3318 ἂν
1805 3268 1876 3335 μὴ
1903 3267 2032 3320 ἐῶσι

443 3355 578 3417 τοὺς
613 3353 966 3422 τελουμένους
994 3357 1107 3417 τοῖς
1135 3355 1437 3424 ὁρωμένοις
1473 3357 1852 3425 ὲναπομένειν,
1896 3358 2033 3411 ἀλλὰ

447 3447 657 3511 παντὸς
735 3445 1008 3511 προσύλου
1087 3446 1346 3516 ὑπεράνω
1419 3447 1744 3516 γενομένους
1820 3451 2033 3518 νοεροῖς

445 3539 752 3606 ὀφθαλμοῖς
777 3538 866 3591 διὰ
906 3538 1016 3592 τῶν
1058 3540 1354 3610 ὁρωμένων
1385 3541 1477 3593 ἐπὶ
1513 3541 1616 3611 τὴν
1645 3541 1875 3622 ἀόρατον
1907 3542 2036 3595 θέαν

445 3631 635 3683 καὶτὸ
682 3632 962 3703 ἀμήχανον
996 3632 1173 3683 ἐκεῖνο
1202 3631 1260 3662 ³⁷⁸
1283 3631 1478 3694 κάλλος
1523 3633 2034 3703 παρασκευάζουσιν

449 3721 809 3792 ἀναδραμεῖν.
852 3724 963 3776 Καὶ
1010 3725 1118 3794 γὰρ
1166 3725 1264 3777 καὶ
1295 3725 1624 3794 σωματικῶς
1667 3725 1746 3795 τῷ
1788 3726 2033 3796 Δεσπότῃ

449 3812 692 3881 παρόντι
734 3811 887 3880 φόϐῳ
916 3811 1010 3865 καὶ
1030 3812 1222 3882 τρόμῳ
1250 3814 1320 3864 τὰ
1347 3813 1600 3883 Σεραφὶμ
1624 3814 1886 3883 ὑπηρέτει
1921 3831 1936 3846 ο
1970 3809 2032 3868 οῦ

443 3899 598 3964 τινος
623 3902 791 3970 φόϐου
826 3903 917 3954 καὶ
949 3901 1154 3972 τρόμου
1185 3902 1416 3972 αἴνιγμα
1445 3898 1583 3957 εἶναι
1625 3905 1714 3956 καὶ
1745 3904 1844 3973 τὴν
1879 3921 2036 3970 γενο-

453 3992 624 4063 μένην
661 3992 749 4045 διὰ
779 3993 888 4045 τῶν
924 3993 1143 4063 πτερῶν
1173 3993 1406 4062 κίνησιν,
1448 3995 1516 4064 ἣν
1566 3995 1626 4047 τὸ
1661 3995 2036 4067 ὑπηρετούμε-

445 4102 542 4138 νον
564 4087 794 4154 ἐνεργεῖ.
830 4086 892 4137 Ei
925 4085 982 4138 δὲ
1007 4084 1076 4137 τὰ
1105 4085 1358 4154 Σεραφὶμ
1402 4084 1777 4154 ὑπηρετοῦντα
1807 4084 2031 4156 δηλοῦν-

429 4180 544 4227 ’ται
577 4172 622 4206 ⁸⁸
661 4174 756 4227 καὶ
791 4174 1130 4244 σαρκωθέντι
1161 4174 1239 4245 τῷ
1273 4174 1451 4244 Λόγῳ,
1506 4176 1600 4227 καὶ
1624 4175 1778 4227 οὐδὲν
1821 4177 1908 4228 διὰ
1938 4175 2034 4247 τὴν

447 4267 604 4320 κάτω
641 4265 738 4319 τοῦ
769 4267 944 4334 Λόγου
989 4268 1264 4338 διαγωγὴν
1297 4269 1396 4336 τῆς
1437 4268 1549 4320 ἅνω
1583 4268 1882 4338 καθυφίησι
1915 4269 2035 4321 δου-

445 4358 620 4422 λείας,
653 4358 897 4428 δηλονότι
925 4361 1016 4412 καὶ
1047 4361 1080 4431 ἡ
1108 4359 1244 4430 ἄλλη
1274 4361 1382 4412 τῶν
1407 4361 1714 4430 ἀσωμάτων
1729 4359 2031 4430 διακόσμη-

446 4468 537 4514 σις
574 4451 711 4504 νόων
760 4452 851 4503 τὸν
892 4452 1034 4520 μετὰ
1089 4453 1292 4521 σαρκὸς
1345 4451 1758 4521 παραγεγονότα
1804 4449 2034 4521 λατρεύ-

441 4559 583 4596 ουσα
630 4541 976 4614 προσεκύνει.
1013 4541 1137 4613 [609
1164 4541 1258 4614 ἢ]
1301 4543 1366 4595 Ἦ
1395 4543 1504 4612 γὰρ
1549 4545 1606 4595 ἐν
1634 4541 1844 4603 τούτοις
1884 4559 2035 4612 πρω-

441 4630 684 4683 τεύουσα
712 4631 887 4696 τάξις,
938 4630 1036 4700 τὴν
1075 4631 1321 4684 δουλείαν
1355 4633 1416 4683 οὑ
1467 4629 1888 4699 καινοτομοῦσα.
1939 4631 2032 4683 καὶ

2141 2161 2446 2214 examinata
2477 2161 2545 2214 5’.
2588 2162 2718 2232 [ipsa
2780 2177 2996 2231 quoque
3059 2179 3160 2216 vox
3227 2164 3452 2232 forcipis
3513 2175 3719 2218 tactum

2140 2252 2433 2319 signiﬁcat,
2476 2253 2568 2321 qui
2604 2254 2819 2308 scilicet
2844 2254 2896 2308 in
2935 2255 3066 2310 solis
3101 2266 3324 2324 apparet
3351 2257 3720 2312 sensibilibus.

2139 2339 2393 2396 Fortasse
2419 2359 2543 2395 vero
2593 2354 2647 2396 et
2673 2343 2836 2397 Verbi
2863 2346 3315 2410 incarnationem,
3357 2347 3527 2400 nostri
3557 2361 3720 2401 causa

2139 2430 2359 2494 factam,
2395 2434 2625 2487 obscure
2677 2435 2948 2504 designari
2984 2437 3258 2504 praeditus
3306 2439 3567 2508 symbolis
3591 2453 3719 2508 pro.

2137 2525 2394 2578 baltiliter
2420 2526 2654 2578 dicatur.
2693 2527 2840 2594 Ignis
2874 2527 3019 2580 enim
3044 2529 3281 2594 divinus,
3317 2531 3501 2586 carnis
3522 2541 3721 2586 nostra:

2139 2619 2389 2671 crassitie
2440 2617 2795 2690 [interiecta]
2852 2619 3133 2675 uobiscum
3204 2633 3555 2678 conversatus
3609 2635 3716 2679 est.

2133 2705 2280 2762 Fieri
2321 2710 2482 2762 etiam
2515 2720 2712 2778 potest,
2748 2712 2843 2775 ait,
2888 2721 2943 2763 ut
2980 2713 3196 2781 forceps
3220 2714 3444 2780 legalem
3467 2716 3716 2768 umbram

2138 2799 2402 2866 designet,
2436 2802 2601 2852 carbo
2627 2813 2756 2852 vero
2781 2799 2986 2853 Novum
3021 2800 3448 2866 Testamentum,
3477 2819 3596 2856 cum
3621 2818 3721 2872 per

2136 2889 2327 2957 legalia
2353 2891 2592 2960 symbola
2615 2890 2748 2944 Novi
2779 2891 3036 2961 mysteria
3071 2889 3402 2946 Testamenti
3431 2897 3692 2950 ostendan

2139 2988 2248 3046 tur,
2286 2995 2350 3034 ac
2377 2980 2510 3034 bene
2538 2981 2904 3037 sentientibus
2938 2986 3240 3037 tradantur.
3273 2985 3440 3040 Addit
3462 2987 3716 3056 insuper:

2134 3071 2266 3126 Cum
2304 3087 2502 3142 corpus
2529 3073 2865 3126 Dominicum
2903 3075 2954 3126 in
2977 3089 3132 3128 sacra
3159 3089 3345 3130 mensa
3382 3079 3718 3144 propositum

2134 3175 2240 3229 est,
2283 3163 2406 3219 ideo
2443 3165 2532 3232 qui
2577 3167 2645 3219 ab
2677 3176 2908 3233 utroque
2953 3166 3120 3219 latere
3147 3168 3320 3222 sacris
3363 3171 3721 3237 operantibus

2135 3253 2390 3328 [astant]
2431 3257 2482 3308 in
2509 3271 2695 3310 eorum
2727 3271 2847 3324 quae
2872 3269 2964 3325 sex
3000 3257 3113 3310 alas
3143 3269 3357 3328 gestant
3385 3261 3716 3329 symbolum,

2137 3346 2384 3400 confecta
2445 3364 2510 3400 ex
2556 3347 2657 3400 alis
2693 3347 2902 3401 ﬂabella
2935 3348 3046 3418 (48)
3075 3364 3235 3416 supra
3271 3350 3449 3402 oblata
3479 3351 3550 3403 ibi
3590 3351 3718 3405 bor-

2139 3436 2306 3489 renda
2342 3438 2601 3507 mysteria
2625 3439 2854 3507 agitare,
2876 3447 2934 3491 ut
2981 3453 3049 3491 ne
3076 3440 3260 3491 sinant
3294 3438 3537 3493 initiatos
3558 3439 3721 3494 rebus

2135 3529 2268 3581 visis
2307 3527 2597 3594 inhaerere,
2633 3530 2724 3582 sed
2774 3544 2867 3582 eos
2913 3529 3110 3582 mentis
3142 3528 3317 3582 oculis
3360 3544 3522 3598 supra
3557 3544 3721 3584 omne

2137 3622 2211 3683 id,
2241 3623 2383 3690 quod
2425 3636 2546 3674 cum
2576 3623 2802 3674 materia
2835 3620 3184 3688 conjunctum
3212 3629 3316 3686 est,
3349 3621 3614 3686 sublatos,
3641 3619 3723 3676 fa-

2133 3712 2283 3766 ciant
2320 3728 2417 3782 per
2452 3727 2515 3767 ea
2552 3727 2673 3782 quat
2700 3712 2976 3775 videntur,
3026 3712 3091 3764 ad
3133 3711 3456 3766 invisibilem
3478 3721 3722 3767 contem-

2135 3803 2453 3872 plationem,
2503 3813 2558 3857 et
2595 3803 3036 3870 inexplicabilem
3077 3803 3223 3856 illam
3259 3803 3718 3873 pulchritudinem

2136 3896 2450 3950 ascendere.
2490 3893 2625 3948 Nam
2662 3904 2774 3948 tum
2830 3896 2994 3948 etiam
3051 3911 3174 3948 cum
3226 3895 3582 3962 corporaliter
3613 3894 3722 3950 lio-

2136 3989 2315 4041 minus
2351 4001 2594 4054 praesens
2620 3997 2788 4050 esset,
2829 4002 2950 4039 cum
2977 3987 3170 4040 timore
3200 4001 3266 4041 ac
3293 3998 3528 4042 tremore
3553 3986 3720 4042 Sera-

2135 4078 2284 4147 phim
2321 4078 2369 4132 ei
2401 4077 2771 4132 inserviebam
2811 4095 2825 4132 :
2863 4078 3128 4146 hujusque
3154 4079 3365 4133 timoris
3385 4089 3440 4132 et
3468 4079 3722 4134 tremoris

2134 4171 2411 4240 specimen
2440 4172 2730 4224 obscurum
2767 4184 2906 4233 esse,
2941 4172 3146 4224 alarum
3180 4171 3323 4224 illam
3349 4171 3717 4240 agitationem,

2134 4276 2300 4330 quam
2353 4261 2727 4315 ministrantes
2788 4263 3069 4317 adhibent.
3139 4260 3196 4316 Si
3257 4275 3386 4316 vero
3431 4261 3716 4332 Seraphim

2135 4355 2298 4407 etiam
2335 4354 2621 4407 iucarnato
2646 4354 2759 4422 jam
2796 4352 2976 4408 Verbo
3000 4355 3316 4408 ministrare
3336 4355 3717 4420 declarantur,

2136 4456 2194 4498 ut
2221 4445 2356 4500 nihil
2394 4446 2463 4499 ob
2491 4446 2613 4514 ejus
2637 4447 2690 4500 in
2729 4457 2931 4500 terram
2964 4447 3286 4501 descensum
3318 4446 3388 4500 de
3428 4435 3715 4508 servitute.

2135 4551 2256 4608 qua
2283 4537 2336 4590 in
2369 4537 2508 4590 caelo
2538 4547 2674 4602 erat,
2699 4537 3006 4592 diminuant
3041 4555 3054 4591 :
3088 4539 3296 4592 clarum
3322 4540 3465 4607 quod
3494 4548 3549 4592 et
3580 4539 3724 4593 alter

2140 4630 2587 4698 incorporearum
2649 4631 2936 4696 spirituum
2986 4631 3122 4684 ordo
3169 4628 3513 4684 lncarnatum
3571 4631 3724 4686 cultu

440 4723 558 4776 τῶν
607 4723 726 4792 μετ’
771 4723 942 4794 αὐτὴν
989 4724 1087 4793 τὴν
1145 4721 1274 4792 ἴσην
1326 4723 1629 4791 ὑπηρεσίαν
1695 4721 2028 4792 βεϐαιοῦται.

2139 4721 2312 4775 Iatrize
2341 4722 2622 4776 adorabat.
2663 4720 2800 4775 Cum
2852 4722 2994 4774 enim
3027 4721 3117 4789 qui
3147 4721 3199 4774 in
3233 4723 3316 4776 his
3346 4724 3579 4791 primum
3624 4739 3722 4779 οιν-

442 4813 764 4885 Γέγραπται
819 4815 864 4847 ³⁹
912 4815 1020 4884 γὰρ
1069 4813 1145 4875 ὼς
1201 4813 1297 4866 καὶ
1346 4813 1567 4880 ἄγγελοι
1635 4813 2028 4883 προσελθόντες

2139 4809 2315 4862 dinem
2355 4818 2559 4871 tenent,
2617 4809 2820 4862 cultum
2867 4823 2973 4861 nou
3009 4809 3318 4873 immutant,
3371 4826 3499 4864 mox
3551 4811 3721 4866 etiam

439 4906 731 4976 διηκόνουν
767 4905 948 4976 αὐτῷ’
990 4906 1051 4958 τὸ
1094 4905 1150 4957 δὲ
1190 4905 1294 4957 τοῦ
1327 4905 1590 4973 ἀγγέλου
1622 4904 1816 4972 ὄνομα,
1867 4905 1942 4967 ὼς
1976 4905 2026 4955 οι

439 4997 523 5051 τὰ
577 4997 696 5050 θεῖα
752 4997 898 5050 ἴσασι
952 4999 1127 5066 σοφοὶ,
1183 4997 1360 5048 κοινόν
1411 4998 1528 5047 ἐστι
1585 4996 1791 5058 πάσαις
1817 4995 1862 5026 ⁵ο
1909 4997 2029 5058 ταῖς

440 5091 668 5159 χλοεραῖς
709 5089 1002 5158 δυνάμεσιν
1059 5086 1249 5157 ὄνομα.
1277 5089 1385 5140 Καὶ
1425 5087 1586 5140 πάλιν
1632 5087 1759 5157 περὶ
1810 5086 1905 5138 τοῦ
1952 5088 2031 5148 εἰς

440 5182 550 5252 τὴν
587 5183 916 5254 οἰκουμένην
963 5179 1320 5252 εἰσαγομένου
1372 5180 1727 5251 πρωτοτόκου
1777 5179 1838 5233 τὸ
1886 5179 2029 5249 ἱερὸν

523 5341 568 5373 ⁵⁷
606 5339 711 5395 lsa.
738 5357 814 5407 vr,
850 5341 903 5395 6.
1001 5341 1046 5372 ⁸⁸
1089 5341 1242 5394 Deut.
1277 5356 1348 5403 tv,
1384 5341 1476 5393 2i.

2132 4915 2233 4968 par
2258 4915 2288 4952 a
2323 4901 2780 4968 subsequentibus
2815 4899 3174 4954 ministerium
3228 4903 3472 4956 exhiberi
3515 4905 3722 4958 contir-

2135 5001 2305 5043 mant.
2347 4990 2622 5060 Scriptum
2663 5001 2748 5046 εει
2771 4993 2938 5055 enim,
2988 4995 3134 5060 quod
3155 4994 3324 5047 etiam
3356 4995 3529 5063 angeli
3564 5011 3722 5051 acce-

2135 5087 2324 5138 dentes
2373 5084 2757 5138 ministrabant
2785 5083 2836 5138 ei
2865 5084 2932 5137 “.
2985 5083 3175 5153 Angeli
3226 5101 3358 5142 vero
3395 5089 3720 5157 .appellatio,

2137 5188 2197 5230 ut
2247 5191 2430 5230 rerum
2485 5175 2789 5230 divinarum
2826 5177 2984 5246 periti
3011 5187 3234 5243 norunt,
3297 5193 3586 5239 commune
3639 5189 3725 5234 est

1570 5339 1615 5370 ⁵⁹
1659 5341 1804 5393 l’sai.
1839 5355 1969 5401 xm,
1999 5338 2092 5392 '57.
2167 5337 2212 5367 ⁶⁰
2249 5335 2417 5390 Math.
2455 5353 2529 5402 tv,
2568 5336 2654 5390 il.

1706 5448 1942 5506 VARIIE
2000 5448 2407 5505 LEC‘I‘IONES.
2495 5465 2498 5469 ‘

519 5544 567 5576 ⁸³
597 5544 695 5614 τὴν
722 5542 875 5616 λαδο]
929 5544 1052 5616 ,lsa-
1084 5615 1088 5616 ν
1118 5561 1193 5608 Vl.
1231 5545 1282 5598 6ο
1359 5543 1403 5575 3‘
1430 5543 1586 5616 1511A
1621 5560 1633 5595 '.
1666 5560 1725 5595 τε
1755 5543 1853 5616 και
1874 5559 1950 5616 ς.

441 5617 494 5653 ³⁷
521 5616 726 5668 ἐκεῖνον
756 5619 820 5668 Α.
860 5615 873 5616 ί
897 5615 944 5647 ³⁸
987 5615 1268 5668 δουλοῦται
1291 5615 1354 5668 Α.

2029 5542 2074 5573 ³⁸
2105 5541 2299 5613 ὁ’γδιρι

1436 5615 1479 5645 ³9
1519 5611 1854 5684 γέγραπται]
1873 5613 2073 5667 Matth.
2109 5628 2180 5678 IV,
2217 5611 2301 5666 Ιίιζ

2353 5541 2512 5594 Deut.
2546 5559 2618 5608 tv,
2650 5544 2741 5596 ει.

2823 5544 2963 5597 "ea
2997 5542 3177 5614 λόγια]
3226 5542 3368 5597 Psal.
3432 5557 3566 5611 xvtt,
3619 5538 3718 5602 37.

2378 5610 2423 5641 ’⁵ο
2458 5615 2592 5666 πᾶσι
2623 5618 2687 5668 Α.

1982 5727 2212 5782 NOTAS.

525 5826 639 5899 (48)
681 5825 765 5895 Qu
816 5839 935 5882 mos
961 5825 1016 5882 in
1053 5824 1310 5896 Hispania
1343 5823 1612 5894 hodieque
1641 5833 1940 5894 spectatur,
1972 5820 2038 5875 ad
2073 5832 2262 5876 aestum
2297 5821 2523 5877 ardente
2552 5823 2795 5877 canicula
2828 5823 3225 5891 depellendum.
