4032 6446
508 310 612 375 771

510 602 810 670 quiturzEt
834 605 1055 657 adorent
1085 621 1203 657 eum
1237 621 1413 659 omnes
1440 608 1614 676 angeli
1648 606 1745 661 Dei
1772 608 1912 661 "°“.
1950 608 2083 662 Pro-

509 708 693 764 pterea
724 696 887 751 etiam
919 696 1079 749 simul
1104 707 1271 764 atque
1292 700 1360 751 ad
1392 698 1567 752 altare
1597 698 1907 753 sacerdotes
1936 713 2091 753 acce-

510 786 665 848 dttnt,
706 795 896 840 cantor
939 800 1095 838 sacer
1146 788 1212 839 de
1239 788 1520 853 superiore
1573 787 1691 841 loco
1721 788 1799 841 sic
1841 788 2085 843 clamat:

510 874 737 930 Sanctus
783 877 951 941 Deus,
1001 886 1220 931 sanctus
1263 879 1439 948 fortis,
1490 894 1703 934 sanctus
1748 881 2086 937 immortalis.

507 966 678 1032 Quem
713 968 968 1036 hymnum
1024 984 1091 1022 ex
1142 974 1447 1024 veneranda
1497 987 1560 1027 ac
1611 974 1886 1027 tremenda
1929 972 2089 1027 Sera-

509 1061 797 1129 phinorunt
832 1061 1169 1128 professione
1200 1063 1558 1131 compositum
1581 1065 1796 1119 asserit.
1854 1064 1969 1117 Non
2004 1075 2086 1118 ta-

512 1168 632 1203 tuen
661 1153 724 1203 dc
748 1168 848 1204 suo
900 1154 1103 1208 habere
1160 1154 1263 1207 hoc
1330 1154 1630 1220 inventum,
1685 1156 1872 1227 191i:
1919 1157 2012 1211 sed
2056 1171 2087 1211 e

506 1241 811 1297 Jttdaaorutu
846 1257 1006 1315 gente
1036 1250 1324 1315 quemdam
1354 1248 1598 1301 veritatis
1631 1249 1873 1302 doctrina
1913 1250 2085 1301 imhu-

512 1346 647 1394 tmn,
676 1335 763 1402 qui
803 1334 939 1387 alios
968 1351 1183 1405 quoque
1209 1336 1436 1391 docendi
1468 1337 1849 1389 auctoritatem
1884 1336 1950 1387 ab
1979 1334 2083 1388 Ec-

507 1425 672 1479 clesia
708 1426 1026 1493 accepisset,
1064 1427 1236 1478 virum
1268 1436 1462 1481 caetera
1508 1428 1832 1496 sapientem,
1866 1426 2084 1493 vitaque

507 1515 794 1577 illustrem,
865 1514 1020 1581 hujus
1054 1515 1316 1569 doctrinm
1370 1516 1524 1569 Jobio
1559 1526 1831 1571 auctorem
1891 1516 2079 1579 luisse,

512 1620 636 1659 cum
667 1606 1185 1674 unde'compositus
1214 1616 1358 1660 esset
1391 1622 1545 1661 sacer
1575 1606 1663 1659 ille
1705 1607 1956 1677 hymnus,
1987 1619 2083 1657 ex-

508 1709 751 1767 poneret.
791 1698 992 1752 Doccre
1020 1712 1148 1751 vero
1172 1698 1346 1767 ipsum
1375 1713 1441 1751 ex
1493 1698 1929 1752 Cherubinorum
1966 1697 2077 1763 (49)

508 1792 729 1861 hymno,
793 1787 857 1844 et'
876 1790 1084 1858 psalmo
1125 1806 1212 1843 xu
1261 1804 1537 1843 sacrorum
1579 1800 1863 1844 cantorqu
1907 1791 2082 1845 canti-

503 1898 630 1935 cum
679 1882 806 1935 illud
860 1880 1151 1935 conﬂatum
1188 1897 1329 1935 esse.
1393 1882 1669 1936 Celebrari
1701 1884 1843 1936 enim
1890 1883 1941 1934 in
1980 1882 2083 1936 hoc

504 1971 721 2025 Psahno
771 1969 938 2024 Deum
971 1971 1158 2041 fortem
1201 1973 1369 2026 vivum
1407 1988 1425 2027 :
1456 1988 1520 2026 ac
1555 1983 1814 2026 mutatam
1856 1974 2076 2044 quidem

502 2075 627 2114 esse
659 2075 843 2114 vocem
868 2063 1039 2113 vivum
1068 2061 1117 2112 in
1139 2060 1488 2129 a-quipollens
1520 2061 1838 2114 vocabulum
1863 2064 2081 2115 immor-

502 2153 649 2215 talis,
684 2152 795 2222 ipsa
828 2168 958 2206 voce
990 2152 1149 2223 fortia
1181 2164 1421 2207 retenta:
1449 2154 1519 2206 ita
1549 2169 1760 2207 sacrum
1791 2154 1919 2208 illud
1950 2169 2082 2208 can-

507 2245 672 2297 ticum
712 2252 1020 2296 contextum
1069 2258 1209 2298 esse.
1278 2243 1444 2298 Porro
1480 2243 1708 2313 exprimi
1748 2259 1909 2298 voces
1940 2242 2081 2297 Deus

506 2345 563 2389 et
587 2334 840 2400 Sanctus,
902 2345 960 2388 ut
997 2335 1274 2389 distinctio
1317 2338 1407 2389 liat
1435 2339 1502 2389 ab
1544 2336 1807 2391 idolorum
1859 2337 2081 2390 simula-

502 2427 635 2490 cris,
702 2441 821 2495 quae
880 2428 1157 2481 terrestria
1210 2439 1359 2495 sunt,
1408 2430 1768 2483 humanarum
1827 2444 2080 2482 manuum

499 2533 658 2588 opus,
695 2528 750 2573 et
783 2533 923 2572 verae
956 2518 1412 2574 abominationes.
1451 2518 1632 2575 Fortis
1664 2538 1790 2576 vero
1819 2522 2082 2576 adversus

500 2620 672 2674 muta,
726 2608 1021 2664 immobilia
1077 2620 1132 2664 et
1192 2610 1456 2664 imbecilla
1532 2611 1697 2667 idola.
1752 2610 2081 2665 Immortalis

499 2699 756 2768 denique,
788 2699 931 2767 quod
957 2698 1095 2753 idola
1126 2712 1224 2754 nec
1250 2701 1479 2768 spirent,
1500 2716 1600 2755 nec
1633 2702 1796 2755 ullam
1813 2702 2081 2757 alliciendi

500 2791 607 2846 vim
660 2792 895 2846 habeant
924 2808 938 2847 ε
969 2792 1067 2847 sed
1124 2806 1227 2847 nec
1264 2793 1528 2848 tantillum
1567 2794 1781 2864 quidem
1809 2796 1933 2849 vitae
1958 2810 2082 2864 par-

501 2893 610 2938 tem
657 2885 991 2953 acceperint.
1039 2883 1237 2939 Narrat
1268 2886 1368 2941 hoc
1412 2888 1602 2951 etiam,
1651 2888 1899 2941 eumdem
1931 2886 2080 2940 illum

497 2993 715 3034 sacrum
766 2980 941 3033 virum
993 2995 1114 3035 sese
1165 2981 1454 3046 docuisse,
1508 2981 1960 3050 quemadmodum
2013 2978 2081 3031 ab

1664 315 1928 375 ΡΗΟΤΙΙ
1956 312 2462 377 ΡΑΤΒΙΑΒΟΗΕ
2514 318 2619 379 CP.

511 420 928 490 iuteliigibilium
959 420 1246 490 spirituum
1274 435 1492 478 nomen.
1552 422 1613 476 Et
1660 423 1853 477 iterum
1896 424 1961 479 de
1990 425 2077 493 pri

2200 425 2441 497 Γράμμα
2484 430 2649 498 φησιν
2682 447 2694 460 ·
2727 429 2835 485 Kal
2881 440 3489 506 προσκυνησάτωσαν
3511 448 3554 482 δι

514 513 786 582 mogenito
821 513 873 566 in
919 512 1102 565 orbem
1146 521 1306 567 teme
1339 514 1646 568 introducto
1686 514 1971 583 Scriptura
2017 516 2093 569 lo-

3642 348 3738 417 772

3593 456 3735 523 αὑτῷ

2194 517 2419 623 πάιν-τες
2453 520 2716 623 ,ἄγγελοί
2757 524 2927 623 Θεοίξ.
2969 528 3068 623 διὰ
3098 547 3179 582 τοι
3212 532 3369 587 τοῦτο
3400 540 3490 591 καὶ
3535 543 3643 613 ἅμα
3669 517 3739 623 τά.

2193 609 2332 680 πρὸς
2357 611 2418 664 τὸ
2438 611 2841 706 Δθυσίαστήριον
2857 618 3085 671 εἰσιέναι
3118 620 3243 683 τοὺς
3266 624 3431 694 ἱερεῖς
3451 630 3479 682 ὀ
3508 609 3741 706 ίεροψάλλ

2193 719 2291 797 της
2316 702 2521 797 ἄνωθεν
2552 705 2757 797 ἀναϐοᾷ
2779 708 2860 774 τὸ,
2884 709 3089 778 ’Ἄγιος
3123 714 3157 764 ὁ
3188 713 3352 781 Θεὸς,
3385 702 3741 797 ἄγιοςνιάχυ-

2182 790 2342 886 ,ρὸςἶ
2380 791 2547 886 circa:
2600 795 2917 864 ἀθάνατος.
2972 798 3201 854 Ἦντινα
3257 806 3575 877 ὑμνολογὶαν
3627 790 3742 886 ὦγ-

2191 880 2414 933 κεῖσθαί
2442 900 2607 951 φησιν
2640 888 2705 938 ἐκ
2739 888 2837 954 τῆς
2867 888 2976 942 τῶν
3007 891 3259 963 Σεραφὶμ
3290 900 3526 968 φρικτῆς
3570 880 3742 975 ὀμολξ)-

2190 972 2336 1071 ¹Ῐίας.
2366 974 2504 1042 Φησὶ
2527 974 2583 1071 δὲ
2610 976 2689 1071 ὡς,
2723 979 2830 1032 οὐδ’
2866 982 3082 1035 οἴκοθεν
3112 986 3244 1055 πρὸς
3268 988 3469 1062 ταύτην
3506 972 3631 1064 ἦλθέ
3654 1003 3741 1071 τὴν

2193 1064 2422 1131 ἔννοιαν,
2474 1068 2591 1121 ἀλλ’
2643 1070 2704 1135 ἐξ
2737 1072 3010 1128 Ἰουδαίων
3058 1095 3141 1142 τις
3188 1080 3280 1132 τὸν
3325 1082 3423 1153 τῆς
3480 1064 3736 1159 ἀληθείαξ.

2189 1157 2350 1258 lirari
2396 1164 2730 1258 κατηχηίὶεὶς
2774 1168 2869 1258 καὶ
2915 1169 3107 1235 ἄλλους
3160 1178 3427 1245 κατηχείν
3473 1157 3619 1252 παρὰ
3655 1188 3739 1258 τῆς

2203 1248 2529 1321 ,Εκκλησίας
2563 1254 2783 1323 ἀξίωμα
2838 1256 3035 1321 λαϐὼν,
3078 1264 3241 1330 σοφός
3284 1282 3341 1316 τε
3381 1267 3448 1319 τὰ
3500 1248 3627 1324 ἄλλα

2189 1340 2290 1409 βίῳ
2322 1341 2596 1438 λαμπρὸς,
2641 1347 3026 1438 ὲκείνοςῌαύτῷ
3049 1355 3145 1422 τῆς
3179 1360 3546 1430 προκειμένης
3581 1365 3739 1438 μαθή-

2190 1450 2330 1496 σεως
2351 1434 2719 1505 καθηγήσατο,
2753 1440 2809 1505 ἐξ
2836 1432 2911 1493 ὧν
2940 1443 2970 1510 ἡ
2999 1445 3279 1515 ίερολογία
3307 1432 3591 1522 συνετέθη,
3621 1432 3737 1511 ἀνα-

2184 1523 2556 1595 διδαξάμενος.
2614 1530 2897 1584 Διδάσκειν
2927 1533 3019 1586 οὖν
3052 1536 3215 1589 αὐτόν
3246 1556 3412 1609 φησιν
3464 1542 3527 1595 ἔκ
3556 1564 3612 1598 τε
3655 1551 3736 1621 τῆς

2186 1616 2530 1687 Χερουόικῆς
2575 1621 2903 1691 ὑμνολογίας
2953 1628 3047 1679 καὶ
3098 1629 3190 1681 τοῦ
3241 1639 3335 1700 μα’
3389 1632 3600 1704 ψαλμοῦ
3644 1616 3733 1695 «ait

2190 1708 2523 1778 ἱεροψαλτῶν
2560 1714 2933 1769 συντεθεῖσθαι
2962 1718 3024 1771 τδ
3051 1720 3349 1792 μελῴδημα
3367 1742 3381 1755 °
3413 1726 3630 1797 ᾄδεσθαι
3652 1734 3734 1802 μὲν

2187 1800 2297 1870 γὰρ
2319 1804 2379 1854 ἐν
2394 1801 2473 1872 τῷ
2499 1803 2698 1876 ψαλμῷ
2724 1806 2828 1860 τὸν
2850 1810 2997 1862 Θεὸν
3016 1812 3122 1863 τὸν
3150 1816 3407 1882 ἰσχυρὸν
3428 1821 3535 1872 τὸν
3554 1800 3729 1891 ζῶντα,

2187 1894 2603 1984 μεταληφθῆναι
2654 1899 2710 1951 δὲ
2756 1901 2816 1954 τὸ
2844 1904 2889 1943 ⁸³
2923 1905 3021 1973 μὲν
3047 1904 3233 1966 ζῶντα
3276 1912 3360 1973 εἰς
3388 1913 3729 1984 ὶσοδύναμον

2185 1981 2313 2077 [ἵξιό
2357 1985 2450 2057 IL]
2494 1984 2561 2040 τὸ
2590 1987 2911 2055 ἀθάνατον,
2944 1994 3221 2062 αὐτολεξεὶ
3258 1998 3317 2051 δὲ
3360 1981 3729 2077 διατηρηθῆναι

2184 2075 2292 2129 τὸν
2320 2079 2595 2148 ἰσχυρὸν,
2642 2083 2735 2135 καί⁵
2758 2084 2901 2139 οὕτω
2934 2090 3342 2159 συνυφανθῆναι
3374 2111 3425 2145 τι
3461 2075 3729 2171 μελῲδημα

2183 2170 2244 2221 τὸ
2267 2171 2429 2240 ἱερόν.
2462 2173 2839 2232 ’Δποδεδόσθαι
2872 2179 3056 2249 μέντοι
3083 2199 3145 2250 γε
3177 2183 3238 2237 τδ
3281 2184 3383 2254 μὲν
3410 2187 3554 2256 Θεὸς
3574 2170 3728 2248 καὶτὸ

2181 2259 2350 2328 ἅγιος
2382 2263 2517 2334 πρὸς
2543 2267 2963 2342 ἀντιδιαστολὴν
3010 2273 3119 2327 τῶν
3148 2275 3446 2329 είδωλικῶν
3484 2281 3731 2355 σεϐασμά.

2183 2356 2380 2446 των,ᾲᾷ
2410 2355 2588 2428 γεώδη
2626 2359 2684 2412 τέ
2716 2361 2833 2414 ἐστι
2867 2363 2962 2416 καὶ
2988 2365 3191 2435 χειρῶν
3221 2368 3268 2399 ⁸³
3295 2368 3596 2439 ἀνθρώπων
3615 2375 3730 2446 ἔργα

2180 2447 2277 2497 καὶ
2316 2444 2659 2517 βδελύγματα
2698 2450 2774 2513 ὡς
2799 2452 3042 2522 ἀληθῶς
3075 2456 3136 2509 τὸ
3172 2456 3229 2510 δὲ
3258 2461 3512 2529 ίσχιῃοὸς
3539 2444 3662 2533 πρὸξ
3681 2468 3731 2519 τὸ

2184 2538 2411 2591 ἐκείνων
2467 2541 2683 2609 ἄφωνον
2727 2545 2823 2597 καὶ
2867 2546 3128 2618 ἀκίνητον
3177 2551 3273 2605 καὶ
3318 2553 3559 2621 ἀσθενὲς,
3604 2557 3729 2611 τὸδὲ

2180 2627 2478 2696 ἀθάνατος
2525 2634 2664 2705 πρὸς
2695 2634 2754 2687 τὸ
2779 2637 2982 2691 ἄπνουν
3012 2640 3236 2694 ἐκείνων
3259 2642 3359 2696 καὶ
3402 2645 3731 2717 ἁνενέργητον

2180 2720 2276 2773 καὶ
2325 2721 2433 2774 οὐδ’
2466 2724 2715 2777 ὁπωσοῦν
2748 2725 2890 2797 ζωῆς
2923 2733 3209 2800 μετασχὸν.
3250 2734 3420 2801 Λέγει
3449 2736 3503 2789 δὲ
3543 2736 3627 2791 τὸν
3645 2740 3732 2791 αύ-

2181 2809 2271 2863 τὸν
2304 2812 2450 2882 ἱερὸν
2470 2815 2637 2887 ἄνδρα
2680 2819 2776 2871 καὶ
2803 2819 2963 2873 τοῦτο
2989 2823 3152 2876 αὑτὸν
3180 2825 3584 2892 ἐκδιδάξασθαι,
3609 2830 3732 2883 καθὰ

2180 2904 2276 2957 καὶ
2312 2906 2521 2976 ἑτέροις
2571 2909 2939 2982 ὲξιστόρηται,
2991 2915 3067 2979 ὡς
3122 2918 3198 2988 τῷ
3238 2920 3498 2989 μακαρίῳ
3530 2922 3732 2993 Πρόκλῳ
3830 2906 3831 2915 γ

2182 2996 2838 3068 (Κωνσταντινουπόλεως
2872 3006 2927 3059 δὲ
2978 3008 3240 3079 πρόεδρος
3283 3007 3377 3083 ἦν)
3413 3014 3445 3083 η
3478 3013 3566 3066 τοῦ
3598 3017 3731 3084 είρη-

497 3072 624 3126 aliis
652 3087 865 3141 quoque
912 3074 1273 3143 scriptoribus
1334 3073 1587 3137 refertur,
1644 3083 1697 3125 ut
1748 3073 1939 3127 beatus
1966 3071 2077 3140 (60)

2186 3088 2351 3158 μένου
2409 3092 2802 3163 μελῳδήματος
2845 3097 2912 3149 δι’
2955 3071 3371 3171 ἀποκαλύψεως,
3420 3071 3729 3179 ίὲμυήθηιιί]

495 3161 724 3217 Proclus
776 3164 1296 3235 (Constantinopolis
1323 3164 1369 3218 is
1403 3164 1598 3232 praesul
1634 3164 1773 3231 erat)
1833 3163 2078 3233 praedicti

498 3253 687 3323 hymni
720 3253 1210 3319 caustructiouetn,
1271 3268 1366 3321 per
1412 3252 1790 3307 revelationem
1857 3252 2080 3305 edoctus

494 3345 589 3407 sit.
622 3360 743 3399 cum
773 3344 979 3415 angelis
1024 3360 1238 3399 sacrum
1270 3345 1416 3399 htmc
1445 3346 1701 3414 hymnqu
1738 3344 2074 3406 canentibus,

495 3436 704 3503 primus
738 3434 825 3488 ille
852 3435 1097 3489 eamdem
1129 3435 1324 3489 deinde
1358 3435 1666 3488 doctrinam
1705 3434 1909 3487 hausit.
1958 3433 2077 3487 Tali

494 3526 872 3595 disputatione
912 3526 1231 3582 vicesimum
1286 3537 1539 3597 quartum
1572 3537 1625 3582 et
1651 3528 1897 3597 quintum
1928 3526 2077 3581 clau-
2110 3528 2115 3531 ⁴

492 3618 642 3672 ditur
669 3630 852 3687 capttt.

564 3710 655 3767 26.
672 3710 865 3780 Capite
885 3711 1140 3767 vicesimo
1164 3723 1320 3767 sexto
1344 3714 1598 3778 refertur,
1627 3728 1719 3767 sex
1741 3715 1949 3767 dierum
1974 3730 2074 3767 nu-

493 3818 701 3857 merum
730 3804 778 3855 iu
803 3804 1069 3873 principio
1095 3813 1277 3876 typum
1298 3821 1417 3859 esse
1452 3809 1805 3876 agnoscenda:
1828 3807 2070 3861 Trinita-

492 3895 582 3954 tis.
602 3893 839 3961 illudque
858 3910 979 3948 cum
998 3911 1062 3950 ex
1093 3896 1215 3950 aliis
1231 3896 1573 3951 manifestum
1592 3900 1841 3965 evadere,
1868 3910 1977 3953 tum
2002 3917 2070 3955 ex

490 3987 581 4041 illo
601 4006 613 4039 :
631 3985 755 4040 Dies
773 3986 880 4040 diei
896 3997 1095 4040 eructat
1114 3991 1345 4055 verbum,
1365 3998 1415 4042 et
1431 4005 1534 4044 nox
1547 3992 1687 4044 nocti
1700 3992 1897 4045 indicat
1910 3995 2074 4047 scien-

490 4079 619 4131 tiam
657 4078 723 4130 ⁸³.
798 4078 938 4144 Quin
989 4088 1045 4133 et
1086 4094 1154 4133 ex
1188 4079 1280 4132 illo
1310 4097 1325 4133 :
1362 4080 1429 4133 In
1462 4083 1635 4150 capite
1664 4082 1787 4137 libri
1819 4087 2069 4154 scriptum

486 4180 563 4223 est
600 4171 663 4223 de
689 4185 771 4223 me
800 4170 880 4224 “z
925 4171 1121 4239 quibus
1152 4170 1414 4243 [saltem]
1452 4175 1768 4243 contigisset
1794 4178 2071 4245 percipere

487 4274 584 4313 sex
635 4260 741 4315 illis
777 4260 1085 4315 initialibus
1122 4263 1311 4316 diebus
1347 4264 1479 4316 nihil
1510 4279 1633 4318 esse
1658 4266 2065 4335 intelligendum

485 4367 699 4417 eorum,
731 4369 850 4422 qua:
886 4364 1228 4421 apparerent.
1271 4352 1443 4423 Caput
1477 4358 1622 4409 enirn
1648 4368 1703 4410 et
1736 4358 2063 4427 principium

2187 3179 2457 3246 σύνθεσις,
2487 3186 2737 3253 ἀγγέλων
2776 3189 2875 3259 μὲν
2905 3189 3003 3261 τὴν
3031 3193 3341 3264 ἱερολογίαν
3378 3198 3578 3269 ταύτην
3619 3202 3730 3254 ἀνα-

2186 3274 2523 3343 μελπόντων,
2574 3280 2786 3333 ἐκείνου
2818 3282 2875 3335 δὲ
2910 3284 3008 3355 τὴν
3050 3285 3253 3356 μύησιν
3295 3290 3511 3360 πρώτου
3544 3291 3730 3344 ἐκεῖθεν

2180 3365 2571 3437 ἐκδεξαμένου.
2627 3371 2883 3427 Τοιοῦτον
2913 3376 3011 3444 μὲν
3053 3378 3237 3445 ἀγῶνα
3270 3383 3368 3434 καὶ
3405 3383 3465 3436 τὸ
3510 3383 3553 3436 δ’
3574 3383 3661 3437 καὶ
3687 3382 3728 3436 κ’

2179 3454 2297 3524 ἅμα
2320 3457 2413 3512 τοῦ
2440 3459 2636 3532 ἐφεξῆς
2662 3468 2704 3515 ε’
2733 3466 3030 3534 κεφαλαίου
3052 3470 3371 3528 ὑποδύεται.

2260 3724 2347 3777 Ἐν
2382 3726 2439 3779 δὲ
2460 3728 2539 3799 τῷ
2580 3735 2672 3795 κς⁹
2702 3732 2982 3802 κεφαλαίῳ
3007 3735 3156 3803 λέγει
3187 3736 3281 3788 τὸν
3309 3739 3354 3768 ⁵⁸
3381 3740 3438 3790 ὲν
3456 3739 3518 3809 τῇ
3552 3755 3727 3807 κοσμο-

2175 3818 2361 3889 γενείᾳ
2392 3821 2514 3874 κατ’
2543 3823 2718 3892 ἀρχὰς
2748 3824 2855 3876 τῶν
2883 3832 2935 3889 ς’
2958 3826 3181 3896 ἡμερῶν
3207 3827 3444 3899 ἀριθμὸν
3478 3829 3635 3883 τύπον
3657 3825 3725 3881 εἶ-

2176 3927 2264 3962 ναι
2289 3912 2388 3981 τῆς
2410 3915 2690 3985 τριαδικῆς
2726 3917 3079 3983 θεογνωσίας,
3128 3923 3220 3975 καὶ
3242 3923 3401 3976 τοῦτο
3431 3922 3613 3991 δηλοῦν
3640 3921 3724 3975 σὺν

2174 4003 2268 4055 καί
2294 4021 2435 4057 τισιν
2460 4007 2672 4077 ἑτέροις
2702 4008 2797 4061 καὶ¹
2829 4009 2912 4074 τὸ,
2960 4010 3182 4081 Ἡμέρα
3210 4014 3255 4045 ⁸⁸
3278 4013 3357 4083 τῇ
3376 4015 3557 4083 ἡμέρᾳ
3582 4013 3723 4081 ἐρεύ-

2175 4112 2338 4162 γεται
2360 4095 2549 4165 ῥῆμα,
2584 4099 2682 4152 καὶ
2712 4100 2828 4165 νὺξ
2876 4103 3050 4157 νυκτὶ
3092 4105 3451 4174 ἀναγγέλλει
3499 4105 3719 4175 γνῶσιν.

2185 4187 2345 4240 Ἀὶλὰ
2372 4189 2466 4241 καὶ
2496 4189 2577 4253 τὸ,
2616 4191 2714 4242 Ἐν
2760 4194 3039 4261 κεφαλίδι
3075 4195 3118 4226 ⁸⁷
3145 4198 3392 4260 ,βιϐλίου
3429 4197 3720 4267 γέγραπται

2172 4278 2306 4345 περὶ
2334 4279 2503 4347 ἐμοῦ,
2528 4282 2672 4344 ὅσοις
2701 4283 2921 4350 γέγονεν
2959 4287 3038 4349 εἰς
3068 4289 3167 4351 τὰς
3191 4290 3424 4360 ἀρχικὰς
3450 4288 3649 4349 ἐκείνας
3671 4284 3719 4348 ἒξ

2178 4369 2393 4439 ἡμέρας
2415 4371 2691 4436 ἐκλαϐεῖν,
2725 4374 2876 4427 οὐδὲν
2896 4376 3005 4428 τῶν
3048 4379 3503 4448 ἀπεμφαινόντων
3531 4380 3717 4444 διανοη-

488 4444 633 4507 libri,
686 4445 800 4499 sive
851 4446 1029 4499 omnis
1070 4461 1099 4500 a
1134 4448 1242 4501 Deo
1299 4448 1574 4516 inspiratae
1603 4449 1918 4520 Scripturae,
1980 4461 2064 4506 est

2182 4433 2351 4530 Silvam
2387 4463 2613 4533 Κεφαλὴ
2644 4433 2752 4535 γαρ
2797 4472 2892 4522 καὶ
2921 4472 3061 4542 ἀρχὴ
3095 4433 3324 4541 βιδλίου,
3349 4433 3594 4527 τουτέστι
3628 4433 3715 4521 πελί-

426 4562 439 4569 -
482 4554 618 4608 opus
642 4553 734 4593 sex
762 4539 992 4607 dierum,
1021 4541 1217 4610 quibus
1245 4542 1427 4595 mundi
1462 4543 1664 4597 creatio
1685 4543 1918 4611 perfecta
1946 4554 2060 4601 est:

483 4628 638 4698 cujus
669 4643 730 4681 ex
769 4630 1137 4701 magnitudine
1165 4646 1231 4686 ac
1253 4632 1657 4703 pulchritudine
1691 4633 1920 4688 Creator
1947 4636 2063 4703 ipse

481 4722 698 4790 agnitus
728 4724 964 4776 canitur.
1011 4722 1303 4794 Imaginem
1332 4739 1458 4779 vero
1499 4724 1706 4779 referre
1736 4724 2057 4782 Trinitatis:

480 4823 534 4865 et
564 4815 631 4865 ad
668 4816 911 4884 mysterii
943 4818 1311 4885 cognitionem
1342 4818 1649 4873 conducere
1678 4821 1896 4873 eosdem
1939 4821 2058 4875 illos

480 4918 578 4957 sex
606 4904 719 4959 dies
746 4907 966 4972 asserit,
1001 4924 1108 4963 non
1144 4909 1321 4965 minus
1353 4926 1516 4977 quam
1550 4911 1615 4964 de
1645 4925 1742 4965 sex
1777 4912 1879 4965 alis
1912 4911 2057 4967 Che—

479 4994 640 5049 rubin
673 4998 968 5067 symbolica
1016 5009 1075 5055 et
1108 5014 1262 5054 sacra
1294 5002 1491 5055 oratio.
1556 5001 1685 5068 Quae
1711 5011 1861 5057 certe
1895 5004 2055 5057 doce-

553 5106 669 5189 ⁶ξς⁶ξ
707 5108 864 5166 Deut.
894 5126 1067 5189 _x_xxu,
1097 5111 1166 5167 ιε
1196 5127 1310 5167 sec.
1345 5111 1522 5180 LXX;
1588 5112 1734 5169 Psal.
1765 5130 1909 5181 xcvr,
1942 5117 2001 5184 7;
2040 5122 2201 5177 llebr.
2239 5142 2276 5189 ι,
2312 5128 2366 5180 ti.

479 5185 536 5232 et
576 5176 737 5234 Hebr.
786 5196 841 5248 x,
895 5180 951 5235 7.

2176 4570 2272 4624 σης
2309 4555 2408 4625 τῆς
2450 4556 2814 4613 θεοπνεύστου
2846 4563 3150 4635 Γραφῆς,ή
3198 4567 3517 4638 ὲξαήμερος,
3558 4566 3610 4616 ὲν
3641 4554 3714 4621 αἷς

2170 4645 2203 4716 ἡ
2236 4646 2415 4710 κτίσις
2447 4650 2804 4723 συνετελέσθη
2826 4669 2840 4681 ο
2872 4647 2946 4706 ὧν
2968 4658 3031 4708 ἐκ
3063 4658 3325 4725 μεγέθους
3356 4659 3447 4710 καὶ
3480 4652 3711 4718 καλλονῆς

2168 4741 2196 4792 ὁ
2236 4740 2572 4811 δημιουργὸς
2612 4744 3163 4816 καταλαμὸανόμενος
3193 4750 3523 4819 ἀνυμνεῖται.
3579 4746 3706 4799 Εἰκο-

2167 4830 2338 4893 νίζειν
2361 4832 2419 4883 δὲ
2441 4832 2539 4902 τὴν
2560 4834 2767 4904 Τριάδα
2799 4836 2892 4888 καὶ
2943 4839 3079 4908 πρὸς
3125 4839 3471 4894 διδασκαλίαν
3510 4836 3596 4890 τοῦ
3627 4850 3701 4902 μυ·

2168 4921 2410 4991 στηρίου,
2424 4925 2697 4978 συντελεῖν
2714 4925 2812 4985 τὰς
2832 4927 3000 4991 αύτὰς
3024 4929 3082 4996 ἓξ
3103 4933 3333 5001 ἡμέρας,
3350 4926 3528 5001 φησὶν.
3546 4926 3708 4990 ὥσπερ

2164 5013 2259 5065 καὶ
2291 5014 2399 5065 τῶν
2425 5014 2483 5081 ἒξ
2523 5018 2874 5089 Χερουϐικῶν
2914 5024 3205 5092 πτερύγων
3256 5028 3354 5095 τὴν
3406 5019 3706 5092 συμὸυλικῆν

2460 5128 2504 5157 ⁸⁸
2546 5130 2687 5184 Psal.
2723 5149 2878 5199 xvm,
2924 5137 2974 5191 '5.
3057 5138 3104 5170 “
3142 5139 3285 5194 Psal.
3322 5137 3554 5200 xxxtx,8

1749 5275 1973 5334 VARl/E
2008 5282 2303 5339 LECTIUN
2313 5285 2415 5342 ES.

547 5357 974 5461 iis?
1019 5362 1429 5461 22223:";
1469 5364 1857 5461 tam»;
1890 5371 2029 5461 :ev
2308 5379 2507 5461 x5296»:
2536 5383 2644 5461 «ex:
2683 5384 2819 5454 ἀνορ
2865 5403 2926 5450 ς.
3005 5388 3050 5418 ιι
3076 5390 3287 5461 ἐμυήθη
3331 5405 3437 5461 οω.
3470 5375 3701 5461 pws

479 5432 971 5521 fvnt‘e-itluvey'lntnt;
1016 5434 1266 5521 lat-tutan:
1325 5437 1488 5490 habet
1548 5452 1736 5493 versus
1781 5440 2009 5496 dimidii.
2084 5432 2130 5477 εδ
2160 5432 2497 5516 λέγεθτὸᾯᾼ
2533 5432 2887 5521 :7

480 5497 524 5527 "
556 5500 614 5550 ὲν
663 5500 814 5571 κεφ.]
848 5501 990 5556 Psal.
1015 5518 1201 5569 xxxix,
1235 5504 1288 5558 8.

2962 5459 3008 5489 ’⁵⁸
3040 5447 3241 5531 ἡμέρα)
3271 5447 3409 5517 Ρεαι.
3471 5447 3610 5512 xw”,
3652 5447 3697 5499 5.

1988 5608 2197 5666 ΝΟΤΕ

550 5683 662 5753 (i9)
707 5685 1046 5766 [manducet
1083 5690 1301 5761 Niccph.
1356 5694 1638 5750 Cabasilns
1687 5701 1918 5766 exposit.
1973 5700 2057 5754 Li-

478 5762 618 5819 turg.
653 5771 772 5826 cap.
804 5758 893 5810 20.

2241 5706 2354 5776 (50)
2414 5705 2680 5779 Georgius
2774 5711 3089 5779 Ccdrenus,
3176 5715 3376 5770 Histor.
3442 5696 3691 5772 Compeuda

2168 5792 2311 5828 anno
2344 5779 2412 5829 50
2448 5777 2760 5834 Theudosii.
