4032 6482
451 382 560 445 773

1477 379 2003 441 BIBLIOTHECA.
2034 409 2102 421 -
2129 383 2293 443 COD.
2316 383 2597 444 CCXXII.

3612 387 3716 450 77$

450 489 789 560 ίερολογίαν.
838 489 900 542 Ἡ
924 489 981 541 δὲ
1016 488 1122 557 ἄρα
1159 490 1542 560 ἐμυσταγῶγει
1570 494 1670 560 τῆς
1698 490 2030 562 δημιουργοῦ

2144 495 2235 546 hat
2284 492 2569 549 Trinitatis
2623 493 2906 549 creatricis
2938 495 3187 549 notitiam
3240 511 3335 566 per
3374 498 3712 555 materialem

444 582 685 651 Τριάδος
704 581 805 652 τὴν
823 582 1024 649 γνῶσιν
1046 582 1114 633 δι’
1135 582 1326 651 ὑλικῆς
1362 583 1761 653 παραγίνεσθαι
1788 583 1883 636 καὶ
1910 600 2034 634 συν-

444 678 634 727 θέτου.
667 674 780 725 Καὶ
809 673 916 743 μὴν
939 672 1035 726 καὶ
1065 673 1235 741 αὐτῆς
1269 674 1368 744 τῆς
1394 675 1571 745 ἁπλῆς
1615 674 1709 727 καὶ
1739 673 2033 728 ἀσυνθέτου

438 767 643 826 οὐσίας
672 765 766 819 διὰ
787 767 886 835 τῆς
915 765 1102 818 ὲνύλου
1130 766 1227 821 καὶ
1253 768 1674 837 συντεθειμένης
1693 767 1793 837 τὴν
1824 766 2034 837 τριαδι-

439 858 551 929 κὴν
610 857 1027 912 ύπαινίττεσθαι
1058 859 1377 930 κυριότητα.
1431 858 1560 931 [512
1603 858 1700 931 R.]
1735 858 1898 913 Ὅθεν
1942 860 2037 913 καὶ

435 950 533 1002 διὰ
556 950 757 1019 διπλῆς
770 948 999 1020 Τριάδος
1023 950 1123 1020 τῆς
1139 950 1277 1023 ὑπὲρ
1298 953 1479 1005 πᾶσαν
1504 953 1785 1021 ἁπλότητα
1806 953 2036 1025 Τριάδος

439 1038 548 1110 τὴν
581 1039 789 1108 γνῶσιν
843 1038 1345 1096 ἀνακαλύπτεσθαι.
1386 1041 1576 1094 Πίστιν
1605 1042 1664 1096 δὲ
1700 1044 1813 1106 τοῖς
1837 1042 2035 1097 τεθεω-

449 1132 722 1201 ρτγμένοις
780 1128 1083 1195 ἐπιτιθεὶς,
1119 1131 1220 1202 τὴν
1271 1131 1318 1196 ζ’
1366 1132 1499 1201 φησὶ
1544 1132 1715 1187 τύπον
1752 1128 1894 1189 εἶναι
1938 1132 2033 1187 τοῦ

454 1223 666 1292 καιροῦ
686 1219 908 1287 ἐκείνου,
933 1222 992 1274 ὲν
1026 1216 1071 1291 ᾧ
1099 1223 1209 1277 τῶν
1230 1225 1550 1295 παχυτέρων
1583 1227 1677 1280 καὶ
1708 1229 2036 1298 σωματικῶν

458 1313 600 1382 ἡμῖν
635 1313 804 1383 ἔργων
856 1313 1226 1379 κατάπαυσις,
1275 1314 1350 1376 ὦς
1396 1333 1501 1370 που
1537 1317 1583 1349 ⁸⁸
1614 1318 1709 1371 καὶ¹
1748 1319 1776 1371 6
1820 1320 2035 1384 Παῦλός

458 1423 649 1476 φησιν,
675 1406 751 1470 ὡς
788 1408 1189 1462 Ἀπολείπεται
1218 1413 1626 1482 σαϐϐατισμὸς
1651 1414 1733 1480 τῷ
1763 1416 1892 1481 λαῷ
1926 1418 2034 1472 τοῦ

456 1496 640 1551 Θεοῦ·
675 1500 707 1551 ό
738 1498 846 1567 γὰρ
878 1498 1073 1553 ἐλθὼν
1104 1504 1193 1567 εἰς
1228 1501 1347 1569 τὴν
1391 1503 1780 1559 κατάπαυσιν
1820 1509 2032 1576 αὐτοῦ,

447 1585 553 1639 καὶ
586 1586 774 1655 αὐτὸς
828 1588 1213 1644 κατέπαυσεν
1265 1592 1385 1645 ἀπὸ
1431 1592 1551 1647 τῶν
1590 1594 1781 1665 ἔργων
1822 1598 2031 1663 αὐτοῦ,

442 1677 661 1748 ὥσπερ
686 1679 808 1734 ἀπὸ
834 1679 953 1734 τῶν
977 1680 1142 1735 ἰδίων
1179 1684 1213 1736 ὀ
1246 1684 1411 1751 Θεός.
1440 1686 1502 1738 Ei
1530 1687 1587 1741 δὲ
1604 1687 1829 1758 τύποςή
1866 1689 1911 1752 ς’
1934 1690 2033 1759 τῆς

439 1770 855 1836 καταπαύσεως
886 1771 994 1825 τῶν
1023 1773 1157 1845 παρ’
1183 1776 1317 1846 ἡμῖν
1347 1776 1524 1847 ἔργων
1552 1779 1663 1832 τῶν
1697 1779 1921 1846 ύλικῶν,
1940 1780 2030 1833 ὅτε

434 1865 597 1918 κατὰ
629 1865 722 1920 τὸν
747 1866 908 1925 αὐτὸν
949 1866 1243 1921 θεσπέσιον
1288 1866 1502 1921 Παῦλον
1523 1868 1569 1902 ⁸³
1594 1870 1688 1923 καὶ
1716 1870 1777 1923 τὺ
1822 1871 2026 1926 τέλειον

436 1958 553 2030 τῆς
578 1957 833 2027 γνώσεως
854 1960 952 2031 τῆς
975 1961 1069 2014 ἐπὶ
1090 1961 1289 2033 μέρους
1313 1964 1505 2031 σοφίας
1520 1962 2023 2033 ἁνταλλασσόμεθα,

438 2051 695 2120 εὐλόγως
720 2054 813 2107 καὶ
837 2054 937 2122 τὴν
967 2052 1277 2126 ἐξαήμερον
1310 2055 1377 2109 ἂν
1405 2054 1578 2108 τύπον
1606 2050 1747 2108 εἶναι
1782 2055 1886 2125 τῆς
1915 2055 2031 2109 ὕλι-

438 2140 561 2211 κῆς
592 2140 1019 2212 τεθεωρήκαμεν
1046 2142 1323 2212 γνώσεως,
1354 2143 1474 2197 καθ’
1507 2145 1575 2216 ἣν
1611 2144 1677 2197 ὲκ
1705 2144 1904 2216 μέρους
1935 2146 2030 2199 καὶ

438 2229 509 2281 ἐν
538 2229 857 2301 αἰνίγμασιν
888 2233 923 2303 ἠ
962 2233 1093 2304 περὶ
1124 2234 1185 2287 τὸ
1213 2233 1369 2288 Θείον
1409 2237 1542 2304 ἡμῖν
1572 2235 1843 2306 ὑπόληψις
1875 2254 2029 2308 περι-

438 2322 667 2390 γέγονε.
694 2322 920 2387 Τούτοις
953 2326 1148 2393 ὲπάγει
1168 2326 1263 2379 καὶ
1289 2327 1390 2397 τὴν
1411 2326 1505 2380 τοῦ
1525 2327 1787 2396 Θεολόγου
1820 2329 2027 2401 φωνὴν,

435 2413 575 2482 ἥτις
608 2413 770 2485 μέχρι
802 2415 971 2486 τριῶν
995 2418 1127 2487 ἡμῖν
1168 2418 1522 2471 ὑποστάσεων
1550 2419 1611 2472 τὸ
1634 2419 1735 2488 τῆς
1772 2420 2028 2493 θεότητος

440 2505 757 2576 μυστήριον
782 2508 1234 2579 ἀνακαλυφθῆναι
1261 2510 1435 2579 λέγει,
1467 2510 1745 2574 Μονόδος
1784 2513 1903 2582 μὲν
1936 2533 2026 2569 κι-

435 2598 763 2668 νηθείσης,
793 2602 949 2669 φησι,
971 2600 1069 2655 διὰ
1096 2601 1162 2655 τὸ
1188 2604 1513 2668 πλούσιον,
1547 2603 1770 2671 δυάδος
1791 2604 2025 2679 [516Η.]

434 2688 519 2742 δὲ
546 2692 986 2759 ὐπερϐαθείσης
1017 2692 1117 2747 διὰ
1156 2693 1273 2762 τὴν
1309 2694 1470 2763 ὕλην
1496 2695 1597 2750 καὶ
1636 2696 1704 2750 τὸ
1735 2694 1917 2765 εἶδος,
1957 2698 2029 2763 ἐξ

433 2777 537 2837 ὧν
578 2784 651 2838 τὰ
705 2784 969 2856 σώματα,
1028 2787 1271 2856 τριάδος
1324 2789 1393 2843 δὲ
1435 2792 1784 2859 ὁρισθείσης
1825 2792 1922 2846 διὰ
1958 2791 2028 2847 τὸ

436 2874 704 2930 τέλειον.
728 2877 924 2951 Πρώτη
956 2880 1065 2951 γὰρ
1092 2881 1125 2951 ή
1148 2881 1317 2952 Τριὰς
1343 2882 1532 2946 δυάδος
1563 2884 1878 2955 ὑπερϐαίνει
1903 2885 2030 2938 σύν-

439 2969 624 3035 θεσιν,
663 2970 751 3025 ἵνα
784 2972 921 3041 μήτε
950 2972 1111 3045 στενὴ
1143 2974 1294 3043 μένοι
1320 2974 1511 3046 θεότης
1551 2977 1689 3048 μήτε
1743 2978 1823 3040 είς
1870 2977 2029 3031 ἄπει-

440 3075 544 3127 ρον
570 3058 784 3128 χέηται.
818 3059 1086 3114 Συνάπτει
1117 3062 1173 3115 δὲ
1200 3065 1267 3134 τῇ
1302 3065 1453 3136 αἰτία
1478 3065 1652 3137 ταύτῃ
1697 3070 1793 3119 καὶ
1832 3066 2026 3137 ἑτέραν

436 3151 550 3220 τῆς
585 3152 745 3223 μέχρι
777 3152 821 3204 Τ
825 3152 1006 3223 ριάδος
1051 3152 1241 3225 θεῖκῆς
1288 3156 1541 3228 προόδου,
1583 3159 1677 3211 καί
1712 3175 1847 3229 φησι
1892 3158 2026 3212 διότι
2052 3195 2094 3251 c

437 3244 545 3298 καὶ
575 3243 738 3315 μόνος
774 3244 1025 3316 ἀριθμῶν
1057 3246 1087 3299 6
1113 3249 1264 3317 τρεῖς
1280 3246 1458 3315 ζυγοῦ
1493 3247 1666 3313 τύπος
1703 3250 1821 3303 ἐστὶ
1859 3250 2026 3318 σαφέ-

440 3350 666 3397 στατος,
714 3335 742 3387 ό
776 3334 833 3387 δὲ
864 3333 1028 3403 ζυγὸς
1061 3336 1309 3407 ἰσότητος
1346 3337 1507 3409 ἔργον
1553 3338 1669 3409 ἆμα
1698 3339 1794 3392 καὶ
1823 3339 2028 3409 σύμϐο-

438 3425 541 3478 λον
567 3442 582 3456 ⁶
614 3425 736 3479 ὅθεν
767 3427 861 3481 καὶ
894 3427 951 3480 ὲν
992 3428 1249 3500 ἀριθμοῖς
1277 3429 1307 3482 6
1360 3426 1638 3503 τριάδικδς
1669 3430 1829 3500 μόνος
1855 3430 2028 3484 ἁπάν-

439 3533 563 3570 των
587 3518 739 3587 φέρει
771 3517 834 3570 τὺ
868 3517 1035 3588 μέσον
1066 3520 1203 3590 πρὸς
1231 3521 1300 3573 τὰ
1332 3520 1676 3593 ἑκατέρωθεν
1715 3521 1861 3593 ἄκρα
1912 3522 2028 3575 ῐσον

441 3625 512 3661 τε
559 3610 653 3661 καὶ
681 3610 1122 3679 ἀπαράλλακτον,
1156 3613 1414 3683 οὐδεμιᾶς
1461 3615 1575 3678 τοῖς
1618 3613 1796 3684 τρισὶν
1830 3615 2030 3685 ὲνορω-

448 3701 626 3773 μένης
670 3702 805 3765 ὅλως
844 3702 1170 3767 συνθέσεως.
1223 3704 1314 3758 Ἐν
1366 3699 1447 3769 οἷς
1474 3706 1568 3759 καὶ
1612 3707 1640 3761 6
1690 3712 1746 3771 ς’
1774 3706 1851 3777 τῷ
1876 3706 2030 3776 φιλο-

442 3793 677 3861 θεάμονι
707 3792 863 3863 ἀνδρὶ
896 3795 1331 3866 συμπεραίνεται
1358 3796 1537 3866 λόγος.

2137 594 2301 648 atque
2323 582 2677 652 compositam
2704 583 3069 652 cognitionem
3116 586 3405 649 advenire,
3464 589 3714 655 quinimo

2136 676 2401 747 simplicis
2431 677 2603 747 ipsius
2644 687 2699 732 ct
2736 678 3111 747 incompositae
3165 679 3360 748 192a
3393 681 3710 736 substantia:

2139 770 2336 823 trinam
2364 771 2775 840 proprietatem,
2822 786 2918 839 per
2962 771 3297 825 materialmn
3340 787 3404 826 ac
3441 775 3716 840 composi-

2139 872 2247 918 tam
2294 863 2633 932 aenigmatice
2682 864 2965 930 denotari;
3012 874 3175 933 atque
3232 866 3359 917 hinc
3414 866 3579 919 etiam
3620 879 3718 933 per

2137 956 2409 1025 duplicem
2463 954 2783 1008 Trinitatem
2833 955 2999 1019 illius,
3050 969 3265 1008 omnem
3314 955 3715 1024 simplicitatem

2136 1045 2449 1099 excedentis
2491 1044 2776 1099 Trinitatis
2822 1044 3184 1113 cognitionem
3239 1043 3487 1098 revelari.
3528 1043 3713 1097 Fidem

2136 1151 2266 1192 vero
2292 1146 2541 1191 astruens
2565 1138 2726 1192 rebus
2752 1138 2899 1201 visis,
2949 1137 3238 1204 septimum
3290 1136 3435 1191 diem
3477 1137 3551 1189 ait
3591 1150 3716 1190 esse

2110 1229 2367 1301 ﬁguram
2403 1228 2546 1283 illius
2609 1229 2890 1298 temporis,
2954 1228 3139 1296 inquo
3175 1228 3331 1282 nobis
3376 1230 3587 1295 requies
3611 1229 3716 1281 erit

2137 1338 2165 1373 a
2194 1322 2474 1390 corporeis
2499 1330 2551 1373 et
2582 1321 2923 1389 gravioribus
2957 1319 3254 1385 laboribus,
3289 1330 3349 1373 ut
3388 1320 3516 1374 alibi
3546 1324 3712 1374 etiam

2136 1411 2338 1466 Paulus
2384 1410 2703 1475 aﬂirmat",
2771 1411 3007 1479 relinqui
3065 1412 3456 1465 sabbatismum
3517 1412 3714 1480 populo

2137 1501 2251 1556 Dei.
2287 1501 2387 1568 Qui
2413 1503 2556 1555 enim
2587 1502 2862 1571 ingressus
2890 1509 2975 1555 est
3006 1502 3057 1554 in
3077 1502 3317 1569 requiem
3348 1515 3525 1562 suam,
3545 1501 3711 1555 etiam

2137 1596 2250 1666 ipse
2278 1596 2545 1665 requievit
2583 1596 2650 1649 ab
2698 1595 2954 1663 operibus
3001 1593 3136 1656 suis,
3183 1593 3319 1647 sicut
3347 1607 3378 1645 a
3410 1592 3522 1647 suis
3546 1593 3707 1646 Dens.

2136 1688 2191 1744 Si
2237 1702 2363 1741 vero
2388 1686 2555 1757 figura
2583 1694 2668 1741 est
2696 1687 2958 1755 septimus
2987 1684 3101 1739 dies
3134 1684 3396 1753 requietis
3448 1700 3476 1737 a
3510 1685 3712 1739 nostris

2139 1773 2817 1840 materialibusoperibus,
2870 1771 3086 1842 quando
3116 1775 3411 1827 secundum
3458 1775 3708 1828 eumdem

2135 1863 2374 1918 divinum
2407 1862 2632 1918 Paulum
2658 1865 2705 1896 “
2731 1880 2853 1919 cum
2904 1864 3229 1934 perfectiore
3272 1866 3583 1937 cognitione
3608 1866 3712 1919 im-

2134 1955 2514 2025 perfectiorem
2542 1957 3023 2020 commntabimus,
3064 1957 3261 2011 merito
3288 1968 3342 2012 et
3361 1972 3454 2013 sex
3496 1958 3708 2011 dierum

2130 2061 2264 2117 Opus
2295 2047 2523 2116 ﬁguram
2553 2063 2675 2103 esse
2712 2050 3008 2103 materialis
3040 2050 3371 2117 cognitionis
3396 2051 3709 2111 meditando

2131 2139 2526 2207 perspeximus,
2555 2141 2854 2194 secundum
2890 2156 3050 2209 quam
3074 2154 3141 2194 ex
3172 2150 3323 2207 parte
3374 2150 3429 2195 et
3468 2141 3523 2194 in
3570 2142 3705 2195 aeni-

2130 2242 2308 2298 gmate
2341 2231 2482 2286 Deus
2505 2246 2533 2285 a
2565 2232 2721 2286 nobis
2746 2232 3109 2301 cognoscitur.
3169 2231 3264 2286 His
3292 2233 3439 2287 addit
3459 2233 3707 2301 Gregorii

2129 2320 2389 2392 TbeOIOgi
2426 2322 2541 2394 (5|)
2576 2324 2930 2389 sententiam,
2984 2339 3089 2393 qua
3135 2340 3305 2393 usque
3339 2325 3405 2379 ad
3438 2334 3547 2380 tres
3580 2339 3708 2395 per-

2129 2430 2296 2471 sonas
2356 2415 2660 2469 divinitatis
2712 2416 3027 2485 mysterium
3097 2416 3253 2471 nohis
3301 2414 3705 2469 manifestatum

2129 2506 2259 2560 dicit
2291 2525 2306 2561 :
2341 2505 2556 2560 Unitate
2589 2515 2752 2572 mota,
2803 2506 2901 2569 ait,
2951 2507 3013 2559 ob
3045 2506 3281 2573 divitias,
3325 2506 3531 2560 binario
3586 2522 3705 2559 vero

2127 2607 2375 2663 superato
2403 2603 2613 2663 prapter
2641 2594 2918 2647 materiam
2943 2605 2990 2647 et
3021 2595 3268 2663 formam,
3289 2612 3354 2649 ea:
3377 2597 3563 2665 quibus
3588 2612 3707 2649 car-

2127 2704 2257 2756 pora
2295 2706 2309 2741 :
2340 2685 2602 2741 Trinitate
2630 2704 2748 2741 vero
2773 2698 2987 2757 propter
3020 2688 3295 2757 deﬁnitam
3331 2689 3703 2759 perfectionem

2130 2780 2324 2850 (prima
2354 2779 2495 2832 enim
2533 2778 2622 2850 [in
2641 2780 2875 2833 numeris
2902 2779 2922 2851 J
2959 2781 3089 2832 trins
3111 2780 3303 2833 binarii
3331 2781 3529 2835 excedit
3559 2798 3704 2835 com-

2128 2872 2482 2941 positionem)
2527 2881 2585 2925 ut
2640 2888 2800 2943 neque
2853 2873 3093 2941 angustis
3151 2874 3390 2927 terminis
3451 2866 3704 2928 divinitas

2128 2963 2479 3021 contineatur,
2497 2978 2658 3030 neque
2671 2963 2724 3014 in
2740 2963 3003 3033 inﬁnitum
3025 2962 3380 3035 diffundatur.
3403 2964 3566 3020 Addit
3583 2967 3708 3019 ltuit:

2126 3065 2178 3106 et
2207 3053 2368 3106 aliam
2392 3068 2606 3107 causam
2655 3069 2756 3107 cur
2812 3058 2878 3109 ad
2901 3054 3222 3112 Trinitatem
3256 3072 3426 3127 usque
3448 3058 3707 3111 divinitas

2130 3161 2415 3216 progressa
2444 3147 2536 3211 sit,
2566 3157 2620 3200 et
2644 3148 2724 3201 ait
2763 3165 2777 3202 :
2812 3149 2945 3215 Quia
2969 3150 3116 3203 solus
3139 3164 3494 3204 numerorum
3520 3160 3705 3204 terna-

2137 3239 2252 3294 rius
2304 3239 2455 3293 libra:
2516 3238 2683 3309 tigura
2709 3250 2792 3295 est
2841 3240 3306 3306 manifestissima.
3369 3241 3529 3297 Libra
3576 3258 3708 3299 vero

2132 3332 2493 3401 aequalitatem
2516 3330 2700 3397 elﬁcit,
2725 3332 2884 3388 simul
2912 3348 2977 3388 ac
3034 3334 3326 3405 signiﬁcat.
3378 3334 3535 3391 Unde
3564 3347 3619 3391 et
3652 3339 3705 3391 in

2134 3423 2376 3477 numeris
2427 3420 2575 3475 solus
2598 3423 2868 3478 ternarias
2896 3425 3129 3477 medium
3161 3434 3393 3492 occupat
3420 3426 3594 3480 locum
3623 3429 3673 3479 in

2134 3524 2219 3570 ter
2257 3525 2489 3585 utraque
2516 3522 2763 3569 extrema
2785 3529 2968 3585 parem
2996 3527 3157 3585 atque
3190 3517 3704 3580 incommutabilem.

2137 3608 2217 3661 sic
2246 3617 2305 3660 ut
2354 3606 2500 3661 nulla
2525 3605 2752 3661 omnino
2781 3607 2835 3659 in
2865 3606 3041 3661 tribus
3063 3605 3527 3662 animadvertatur
3553 3623 3707 3663 com-

2136 3699 2357 3771 positio,
2398 3700 2451 3753 in
2480 3698 2690 3768 fquibus
2724 3707 2912 3753 sextus
2952 3697 3285 3769 speculativo
3328 3700 3453 3754 huic
3500 3699 3705 3755 homini

2139 3795 2274 3848 liber
2302 3792 2623 3847 absolvitur.

1975 3892 2132 3947 Liber
2156 3907 2249 3947 vn.

534 3978 625 4032 Ἑν
651 3978 708 4032 δὲ
730 3979 807 4049 τῷ
850 3980 894 4042 ζ’
931 3980 1122 4053 βιϐλίῳ
1175 3982 1536 4053 διαλαμϐάνει
1564 3985 1648 4037 ὃτι
1681 3986 1829 4056 τρεῖς
1861 4001 2029 4053 μετα-

2198 3979 2364 4034 Libro
2383 3978 2615 4048 septimo
2635 3975 2777 4049 [cap.
2797 3976 2891 4050 27]
2915 3979 3114 4034 asserit
3137 3988 3248 4036 tres
3264 3980 3572 4050 politiarum
3590 3999 3704 4035 mn-

440 4068 629 4133 θέσεις
645 4070 934 4126 πολιτειῶν
957 4073 1017 4126 τὺ
1045 4073 1189 4145 ἱερὸν
1209 4073 1517 4146 ἀναγράφει
1542 4076 1803 4146 Γράμμα,
1833 4073 1900 4138 ἃς
1932 4075 2029 4129 καὶ

2132 4072 2361 4125 lationes
2407 4085 2437 4122 a
2482 4085 2637 4124 sacra
2686 4072 3064 4140 repraesentari
3111 4072 3431 4141 Scriptura,
3484 4090 3618 4143 quas
3651 4085 3705 4130 et

440 4163 745 4231 σεισμοὺς
786 4164 1066 4235 ὀνομάζει,
1105 4165 1331 4237 πρώτην
1355 4167 1452 4237 μὲν
1480 4167 1578 4236 τὴν
1600 4167 1709 4219 ἀπὸ
1743 4167 1843 4236 τῆς
1876 4166 2030 4220 εἰδω-

2132 4161 2479 4216 Terrwmotus
2510 4162 2774 4217 nominat.
2815 4162 3050 4218 Primam
3082 4164 3299 4233 quidem
3331 4168 3399 4218 ab
3427 4165 3700 4221 idolorum

439 4255 765 4326 λολατρείας
788 4259 881 4310 ἐπὶ
918 4258 1017 4329 τὴν
1046 4258 1277 4329 νομικὴν
1307 4259 1585 4312 πολιτείαν
1625 4258 1938 4324 μετάθεσιν,
1966 4259 2025 4311 ἐν

2132 4257 2272 4311 cultu
2292 4256 2343 4309 in
2362 4255 2584 4325 legalem
2601 4256 2912 4325 reipublicae
2923 4257 3346 4323 ordinationem,
3363 4259 3415 4312 in
3437 4274 3542 4329 qua
3558 4261 3705 4315 solus

440 4341 479 4419 ᾖ
520 4346 679 4416 μόνος
708 4348 807 4417 μὲν
834 4350 862 4401 ό
893 4346 1086 4419 Πατὴρ
1108 4348 1492 4418 ἐμφανέστατα
1530 4349 1883 4419 κηρύττεται,
1916 4351 1944 4402 6
1969 4348 2027 4402 δὲ

2132 4347 2293 4403 Pater
2356 4348 2798 4405 manifestissime
2834 4351 3177 4421 praedicatur.
3216 4351 3388 4407 Filius
3433 4365 3613 4410 autem
3649 4368 3705 4410 et

445 4438 577 4502 Υἱὸς
602 4440 697 4491 καὶ
726 4441 786 4492 τὸ
814 4439 1039 4510 Πνεῦμα
1069 4443 1127 4495 ὲν
1154 4439 1443 4511 συμϐόλοις
1476 4439 1678 4509 μᾶλλον
1703 4440 1748 4471 '°
1777 4439 2027 4510 παραδη-

2132 4440 2367 4510 Spiritus
2396 4442 2657 4511 symbolis
2683 4442 2946 4496 duntaxat
2967 4452 3021 4496 et
3041 4444 3345 4512 aenigmatis
3374 4445 3699 4500 indicantur.

440 4531 633 4585 λοῦται
662 4532 758 4585 καὶ
800 4531 1087 4603 αἰνίγμασι
1109 4548 1125 4564 ο
1154 4533 1417 4603 δευτέραν
1441 4533 1499 4587 δὲ
1544 4532 1643 4603 τὴν
1678 4532 1788 4585 ἀπὸ
1819 4531 2028 4595 ταύτης

2132 4532 2368 4587 Alteram
2417 4546 2547 4586 vero
2576 4546 2643 4586 ex
2678 4532 2856 4586 hacin
2889 4532 3233 4603 Evangelium
3257 4548 3362 4603 qua
3391 4536 3559 4604 magis
3589 4551 3702 4605 per-

442 4622 587 4693 πρὸς
615 4624 676 4675 τὸ
711 4622 1066 4691 Εύαγγέλιον,
1094 4627 1153 4678 ὲν
1182 4621 1217 4695 ᾖ
1253 4626 1576 4697 τρανότερον
1617 4628 1648 4677 ὁ
1692 4623 1822 4686 Υἱὸς
1847 4623 1940 4676 καὶ
1968 4622 2028 4675 τὸ

2133 4623 2318 4692 spicue
2335 4621 2507 4677 Filius
2525 4632 2581 4677 et
2598 4622 2830 4693 Spiritus
2855 4634 3078 4680 sanctus
3108 4625 3547 4680 manifestantur.
3567 4625 3702 4681 Ter-

440 4714 670 4785 Πνεῦμα
694 4715 1141 4771 ἀποκαλύπτεται
1158 4732 1173 4749 ·
1188 4693 1502 4789 ήκαιτρίτην
1533 4716 1719 4769 λοιπὸν
1740 4716 1840 4784 τὴν
1864 4714 2024 4768 ἀῦλο·

2132 4713 2260 4767 tiam
2275 4714 2507 4782 denique
2525 4714 2665 4768 illam
2682 4714 2922 4769 materia:
2935 4715 3105 4783 magis
3116 4725 3392 4783 expertem
3405 4724 3460 4768 et
3473 4713 3704 4770 divinio-

437 4810 610 4880 τέραν
634 4827 691 4862 τε
717 4810 813 4864 καὶ
843 4809 1120 4882 θειοτέραν
1156 4810 1333 4878 λῆξιν,
1363 4812 1421 4864 ὲν
1517 4809 1857 4880 διαπρυσίως
1886 4807 2022 4860 πᾶσι

2132 4821 2244 4859 rem
2263 4816 2484 4868 sortem,
2500 4806 2553 4859 in
2566 4821 2669 4875 qua
2683 4805 3095 4876 penituslﬁb
3115 4804 3398 4861 Trinitatis
3414 4807 3702 4863 uniformi-

435 4899 503 4952 τὸ
525 4899 625 4969 τῆς
646 4901 873 4970 Τριάδος
904 4901 1134 4964 ένοειδὲς
1179 4902 1274 4953 καὶ
1332 4902 1627 4971 ἀμέριστον
1686 4899 1780 4952 καὶ
1827 4914 2025 4963 παντε-

2132 4905 2232 4962 tas,
2252 4893 2739 4957 etindivisibilitas,
2768 4896 3521 4964 etomnipotentia,quantum
3542 4909 3703 4952 natu-

437 4992 795 5063 κρατορικὺν,
832 4992 909 5056 ὠς
940 4994 1175 5064 γεννητῇ
1217 4991 1378 5061 φύσει
1405 4992 1653 5056 δυνατὸν,
1698 4993 1778 5054 είς
1807 4989 2021 5060 ἀνθρώ-

436 5099 566 5136 πων
596 5082 920 5138 ἀδίστακτον
953 5084 1156 5154 γνῶσιν
1188 5085 1522 5154 ἀφικνεῖται.
1565 5082 1939 5151 ’Δπαγγέλλειι
1964 5081 2023 5135 δὲ

434 5172 539 5225 τὸν
570 5173 669 5242 μὲν
697 5174 915 5245 πρῶτον
946 5174 1171 5245 σεισμὸν
1213 5176 1242 5228 6
1276 5172 1563 5237 θεσπέσιος
1604 5173 1773 5226 Δαόὶδ
1795 5172 1885 5226 διὰ
1914 5170 2023 5225 τῶν

437 5264 708 5335 ῥημάτων
756 5266 964 5319 τούτων
996 5282 1010 5297 ·
1046 5267 1193 5320 Ἀπὸ
1226 5265 1557 5335 προσώπου
1603 5264 1828 5332 Κυρίου
1878 5264 2024 5318 ἐσα-

430 5354 629 5423 λεύθη
653 5356 698 5388 ⁵⁸
728 5356 768 5426 ἠ
803 5355 900 5428 γῆ,
932 5358 1053 5412 ἁπό
1083 5358 1410 5425 προσώπου
1446 5355 1555 5409 τοῦ
1592 5355 1746 5408 Θεοῦ
1776 5354 1986 5408 Ἰακώϐ
2005 5370 2021 5385 ⁶

520 5446 565 5478 ⁸⁸
597 5445 760 5504 Hebr.
818 5464 894 5513 tv,
943 5448 1000 5504 9.
1110 5451 1155 5482 ⁸⁸
1193 5449 1369 5504 ICor.
1417 5463 1538 5514 xm,
1590 5448 1643 5503 9.

1753 5449 1795 5479 ⁸⁷
1849 5446 1992 5501 Psal.
2034 5462 2189 5508 cxtn,
2224 5448 2279 5499 7.

2130 5003 2187 5042 ra
2201 4995 2382 5041 creata
2395 4985 2608 5053 assequi
2624 4994 2821 5055 potest,
2836 4985 2889 5039 in
2905 4985 3181 5040 hominum
3196 4985 3555 5042 indubitatam
3579 5003 3704 5057 per-

2129 5079 2278 5132 venit
2297 5078 2676 5145 cognitionem.
2697 5075 2937 5132 Primum
2957 5087 3137 5132 autem
3157 5087 3315 5139 terrae
3349 5090 3548 5136 motum
3567 5097 3704 5150 prae-

2129 5170 2501 5225 dicatdivinus
2516 5169 2607 5223 ille
2619 5168 2813 5233 David,
2830 5169 2919 5226 his
2930 5172 3108 5227 verbis
3124 5189 3139 5227 :
3154 5174 3196 5226 Α
3210 5173 3347 5242 facie
3366 5174 3573 5227 Domini
3590 5190 3705 5226 mo-

2132 5271 2185 5315 ta
2203 5271 2277 5315 est
2290 5272 2453 5329 terra,
2465 5277 2496 5314 a
2513 5261 2650 5332 [acie
2662 5261 2755 5316 Dei
2768 5260 2936 5317 Iacob
2947 5263 3014 5318 “'.
3031 5264 3193 5320 Addit
3212 5267 3355 5321 enim
3373 5283 3386 5319 :
3405 5264 3702 5321 Simulacrc

2128 5356 2360 5425 gentium
2373 5364 2645 5425 argentum
2657 5365 3089 5427 etaurum,opera
3100 5374 3349 5412 manuum
3360 5357 3699 5412 hominum".

2385 5448 2428 5479 “
2468 5447 2599 5502 ibid.
2631 5449 2719 5505 15.

1715 5536 1949 5593 νΔΙὶΙᾸΕ
1993 5536 2396 5593 LECTIONES.

516 5634 563 5669 ’⁵⁸
589 5635 715 5710 που]
763 5636 928 5692 Hebr.
981 5652 1057 5701 tv,
1084 5636 1137 5691 9.
1219 5636 1265 5670 “
1294 5634 1530 5708 Παῦλον]
1575 5635 1709 5692 Cor.
1739 5652 1855 5698 xm.
1892 5638 1944 5691 9.
2023 5635 2071 5665 ’°

2150 5636 2352 5704 μᾶλλον
2385 5636 2426 5689 Α
2460 5653 2473 5690 :
2515 5636 2677 5707 μόνον
2712 5654 2772 5700 ς’.
2849 5636 2890 5667 ⁸⁸
2928 5633 3075 5689 tm.
3109 5632 3253 5688 Psal.
3288 5647 3444 5699 cxm,
3480 5636 3535 5688 7.

1969 5723 2197 5780 NOTAE.

518 5819 630 5891 (51)
665 5818 817 5875 Orat.
854 5836 914 5882 ιι,
957 5817 1032 5872 De
1060 5816 1221 5882 Pace,
1257 5834 1401 5871 num.
1437 5819 1522 5872 17.
