4032 6432
502 374 609 437 779

1663 363 1929 425 ΡΠΟΤΙῙ
1965 357 2471 422 ΡΑΤΒῙΛΒΟΗΕ
2509 359 2610 420 (Ῥ.

3640 349 3736 411 780

506 485 665 540 all'ert
695 496 977 555 personas,
1012 480 1106 536 sed
1150 479 1411 534 unitatem
1447 492 1697 548 peraeque
1730 478 1932 532 retinet
1960 491 2084 546 per-

2202 489 2311 526 υπα
2342 513 2357 538 ,
2392 471 2505 524 ἀλλ’
2547 468 2698 523 οὐδὲν
2730 461 2891 540 ἦττον
2936 462 2998 516 τὸ
3032 461 3235 515 ἐνιαίον
3281 458 3615 527 διαφυλάττει
3648 462 3738 529 τῆς

503 593 653 639 sena:
674 618 689 643 ,
723 578 802 632 sic
838 584 894 631 et
926 574 1159 645 Spiritus
1190 573 1310 638 Dei,
1347 574 1475 627 dum
1507 574 1575 627 ab
1601 571 1837 641 antiquis
1866 571 2088 626 audire-

505 679 594 723 tur
628 667 921 738 pinguiore
966 666 1145 730 modo,
1178 673 1232 719 et
1276 664 1342 718 ad
1388 679 1513 719 eum
1554 677 1662 734 quo
1701 662 1755 717 in
1787 660 1945 717 nobis
1982 670 2089 725 est,

507 760 709 814 nullius
740 759 841 813 hoc
875 756 1194 811 idololatria:
1228 754 1548 811 scandalum
1582 754 1765 809 dabat.
1799 752 2090 821 Propterea

508 850 693 920 itaque
731 848 965 917 Spiritus
1006 849 1165 919 plane
1199 847 1251 902 in
1288 845 1471 901 Veteri
1508 844 1861 902 Testamento
1893 841 2091 913 praedi-

508 950 684 992 catur.
715 937 884 993 Filius
920 955 1023 991 non
1058 938 1212 1002 item,
1246 938 1338 992 sed
1373 952 1471 1006 per
1503 935 1810 1005 hujusmodi
1846 932 2087 998 nomina,

508 1047 627 1101 qua:
666 1041 722 1086 et
770 1032 885 1101 ipsa
935 1040 1207 1099 nequeant
1256 1031 1520 1084 unitatem
1557 1029 1912 1100 hypostaseos
1953 1025 2091 1080 divi-

510 1126 661 1188 dere,
711 1131 770 1176 ut
815 1122 944 1178 illud
977 1141 991 1176 :
1024 1122 1117 1176 Dei
1170 1138 1380 1186 manus,
1427 1121 1739 1176 Brachium.
1794 1117 2089 1188 Sapientia,

513 1209 786 1279 Potentia,
827 1212 1073 1277 Dextera,
1143 1210 1387 1277 Verbum,
1438 1221 1493 1266 et
1540 1226 1659 1281 quae
1708 1218 1833 1265 sunt
1881 1210 2093 1278 generis

512 1304 792 1373 ejusdem.
853 1305 959 1359 Ista
1022 1306 1222 1358 etenim
1275 1319 1376 1359 nec
1438 1303 1493 1357 in
1540 1302 1847 1357 mortalium
1897 1310 2093 1355 natura

514 1398 687 1466 ipsam
741 1397 1005 1450 unitatem
1066 1398 1116 1450 in
1169 1397 1275 1450 duo
1322 1395 1610 1460 dividunt,
1661 1403 1753 1448 aut
1807 1406 2091 1463 personam

513 1487 871 1557 distinguunt.
898 1485 1081 1541 Sicubi
1110 1502 1240 1541 vero
1266 1487 1427 1541 etiam
1446 1485 1565 1540 Filii
1592 1483 1909 1539 vocabulum
1943 1481 2097 1536 alier-

516 1588 605 1632 tur
644 1596 656 1632 :
695 1578 912 1647 quando
960 1594 1083 1632 mox
1122 1588 1179 1632 ut
1209 1578 1407 1633 dicitur
1445 1575 1645 1643 Filius,
1678 1574 1980 1629 diﬂ‘erentia
2018 1573 2095 1629 si-

514 1670 803 1737 gniﬁcatur
835 1685 1230 1740 personarum;
1270 1678 1328 1724 ut
1376 1673 1431 1723 in
1485 1669 1616 1722 illo:
1652 1665 1830 1720 Filius
1866 1681 2009 1720 meus
2041 1681 2095 1720 es

517 1776 572 1813 tu
639 1766 699 1823 k;
752 1762 1130 1815 adumbratnm
1184 1762 1287 1817 hoc
1347 1770 1405 1814 et
1458 1760 1728 1815 obtectum
1785 1758 2092 1812 adducitur.

2192 565 2565 626 ὑποστάσεως,
2595 559 2739 613 οὕτω
2774 557 2869 611 καὶ
2900 553 3149 624 Πνεῦμα
3175 550 3324 606 Θεοῦ
3374 552 3484 612 τοῖς
3512 549 3738 615 παλαιοῖς

2193 655 2547 726 παχυτέρως,
2576 654 2669 705 καὶ
2703 652 2778 714 ὡς
2824 648 2910 718 ἐφ’
2938 647 3097 717 ἡμῶν
3147 642 3474 713 ἀκουόμενον
3504 642 3743 712 οὐδεμιᾶς

2192 744 2487 806 πολυθεϊας
2533 740 2769 795 ἐνεδίδου
2812 737 3128 791 σκάνδαλον.
3163 733 3262 786 Διὰ
3303 731 3461 785 τοῦτο
3501 731 3667 784 τοίνυν
3691 733 3744 785 τὺ

2200 837 2298 906 μὲν
2331 834 2556 904 Πνεῦμα
2585 833 2763 903 ῥητῶς
2799 830 2951 900 παρὰ
2977 832 3043 899 τῇ
3062 826 3273 896 Παλαιᾷ
3289 823 3531 893 Διαθήκῃ
3558 822 3743 895 κηρύτ-

2194 943 2347 982 τεται
2368 965 2383 991 ,
2410 928 2438 978 6
2467 924 2523 979 δὲ
2553 925 2683 988 Υίὸς
2715 923 2899 977 οὐκέτι
2921 963 2937 987 ,
2958 920 3096 974 ἀλλὰ
3118 920 3182 971 δι’
3208 916 3487 986 ὀνομάτων
3513 914 3747 967 τοιούτων

2195 1016 2233 1071 ἃ.
2257 1017 2352 1069 καὶ
2377 1014 2519 1069 αὐτὰ
2545 1013 2771 1067 δύναται
2801 1013 2863 1065 τὸ
2884 1013 3083 1064 ἐνιαίον
3115 1008 3244 1079 μὴ⁷¹
3266 1005 3497 1075 διαιρεῖν
3517 1002 3611 1072 τῆς
3634 1003 3749 1056 ὑπο-

2198 1108 2474 1171 στάσεως,
2522 1104 2599 1166 ὡς
2635 1104 2732 1169 τὸ,
2766 1102 2904 1170 Χειρ
2956 1100 3105 1154 Θεοῦ
3128 1139 3146 1164 ,
3194 1096 3291 1150 καὶ
3342 1093 3639 1162 Βραχίων,
3670 1096 3751 1145 καὶ

2199 1200 2389 1267 Σοφία
2414 1236 2430 1259 ,
2460 1196 2557 1250 καὶ
2591 1198 2853 1263 Δύναμις
2875 1234 2888 1256 ,
2929 1191 3025 1246 καὶ
3051 1188 3223 1253 Δεξιὰ
3245 1227 3260 1253 ,
3291 1186 3389 1239 καί
3422 1185 3609 1253 Λόγος
3628 1222 3644 1247 ,
3671 1186 3751 1237 καὶ

2198 1292 2299 1345 ὅσα
2325 1287 2555 1343 τοιαῦτα
2577 1303 2591 1317 ·
2625 1286 2723 1341 καὶ¹
2753 1286 2862 1355 γὰρ
2884 1285 2980 1337 καὶ
3007 1283 3100 1335 ἐπὶ
3123 1283 3223 1350 τῆς
3273 1275 3621 1347 ἀνθρωπίνης
3661 1274 3750 1341 φύ-

2200 1397 2338 1443 σεως
2365 1378 2539 1431 ταῦτα
2563 1376 2626 1430 τὸ
2659 1378 2854 1429 ἐνιαῖον
2876 1374 2975 1427 οὐκ
3001 1374 3081 1435 είς
3109 1369 3203 1423 δύο
3226 1366 3469 1431 διαλύει,
3493 1363 3612 1417 οὐδὲ
3631 1363 3753 1416 διαι-

2201 1473 2289 1542 ρεῖ
2314 1470 2413 1541 τὴν
2441 1470 2763 1523 ὑπόστασιν.
2790 1468 2850 1519 El
2872 1466 2928 1519 δέ
2945 1480 3048 1518 που
3067 1461 3280 1528 καὶτῆς
3303 1457 3410 1512 τοῦ
3428 1455 3561 1510 Υιοῦ
3592 1456 3754 1524 φωνῆς

2200 1561 2444 1634 ἐμνήσθη
2469 1602 2484 1628 ,
2518 1560 2710 1631 ἐπειδὴ
2738 1559 2902 1621 εὐθὺς
2934 1558 2962 1609 6
3000 1555 3132 1619 Υίδς
3163 1552 3346 1625 ῥηθεὶς
3379 1548 3640 1617 διαφοράν
3666 1563 3753 1616 μη-

2200 1653 2315 1708 νύει
2341 1652 2449 1706 τῶν
2470 1651 2821 1705 ὑποστάσεων
2845 1690 2859 1714 ,
2901 1649 2977 1711 ὡς
3004 1647 3065 1700 τὸ
3083 1685 3100 1712 ,
3136 1645 3270 1710 Υἱός
3286 1660 3409 1712 μου
3432 1637 3492 1693 εἷ
3511 1639 3590 1693 σὺ
3611 1679 3625 1703 ,
3653 1639 3751 1691 ἐπι-

2203 1744 2563 1814 σκιαζόμενον
2595 1742 2689 1795 καὶ
2720 1738 3262 1811 περικαλυπτόμενον
3308 1732 3469 1786 τοῦτο
3508 1730 3749 1800 προάγειν

514 1850 838 1922 Adjungilur
876 1854 1020 1907 enim
1060 1872 1073 1907 :
1108 1853 1283 1906 Hodie
1317 1854 1473 1922 genui
1516 1861 1605 1916 te;
1648 1851 1713 1904 Et
1749 1869 1763 1905 :
1793 1848 2013 1904 Postula
2060 1865 2093 1903 a

2202 1835 2391 1903 ἐπάγει
2409 1834 2521 1903 γὰρ
2541 1872 2557 1897 ,
2578 1831 2849 1901 Σήμερον
2879 1824 3213 1899 γεγέννηκά
3241 1841 3317 1879 σε
3334 1865 3351 1889 ,
3374 1822 3503 1922 acati"
3525 1822 3743 1922 summa

515 1960 595 1996 me
654 1945 693 1997 1.
743 1944 874 2007 Qum
928 1946 1161 1998 humana
1210 1959 1330 1997 cum
1385 1944 1517 2007 sint,
1562 1953 1616 1996 et
1666 1942 1862 1996 divina:
1911 1941 2093 1995 minus

516 2045 639 2105 apta
684 2045 915 2101 natura,
982 2036 1099 2090 Filii
1151 2036 1563 2106 appellationem
1597 2044 1782 2105 tegunt
1816 2043 1871 2089 et
1905 2037 2097 2089 adum-

517 2129 701 2181 brant.
736 2130 913 2196 Atque
946 2127 999 2180 in
1031 2128 1298 2182 similibus
1334 2128 1399 2180 ad
1433 2127 1682 2181 eumdem
1715 2125 1953 2179 modum.

588 2221 678 2284 At,
720 2236 818 2272 cur
858 2221 1071 2272 tandem
1106 2218 1266 2272 etiam
1296 2217 1497 2271 Dextra
1532 2225 1587 2271 et
1623 2214 1869 2281 Verbum,
1901 2224 1955 2269 et
1990 2214 2098 2269 Pa-

518 2320 677 2362 testas
716 2306 918 2373 Patris,
953 2317 1010 2360 et
1060 2306 1258 2361 similia
1306 2306 1507 2359 dicitur
1539 2304 1726 2371 Filius,
1762 2320 1867 2358 non
1907 2314 2095 2358 contra

518 2399 680 2454 Pater
714 2399 877 2454 Filii?
908 2400 989 2452 An
1040 2399 1167 2468 quia
1215 2398 1380 2451 Pater
1414 2412 1517 2451 non
1547 2412 1578 2452 e
1606 2396 1765 2459 Filio,
1798 2396 1889 2450 sed
1928 2394 2099 2450 Filius

518 2509 550 2547 e
578 2492 781 2546 Patre?
815 2491 895 2545 Ad
927 2492 1061 2552 haec,
1091 2506 1288 2545 manus
1329 2489 1571 2559 quidem,
1605 2488 1993 2551 bracltiutnque
2035 2501 2100 2540 ac

519 2581 804 2649 sapientia,
841 2590 895 2634 et
940 2580 1186 2645 verbum,
1218 2579 1451 2632 hominis
1490 2590 1613 2632 esse
1660 2578 1933 2642 dicuntur,
1974 2591 2096 2630 cum

518 2672 684 2727 homo
712 2672 972 2737 dexterae,
1006 2670 1091 2725 vel
1142 2670 1445 2739 sapientiae,
1494 2669 1579 2723 vel
1631 2668 1891 2723 similium
1939 2682 2100 2723 nemo

521 2763 757 2829 dixerit;
816 2760 1269 2830 quemadmodum
1320 2776 1426 2815 non
1478 2759 1616 2814 rami
1670 2759 1958 2825 arborem,
2004 2758 2099 2814 sed

520 2866 729 2905 ramum
777 2850 988 2906 arboris
1026 2866 1149 2906 esse
1187 2851 1440 2906 dicimus.
1472 2848 1665 2922 195a
1695 2848 1933 2920 Spiritus
1970 2850 2098 2904 item

520 2953 742 2997 sanctus
791 2941 887 2996 Dei
932 2942 1132 3011 digitus
1183 2941 1483 3010 appellatur
1536 2954 1599 2994 ω.
1647 2939 1874 3007 Quando
1922 2951 2099 2996 autem

520 3032 723 3102 digitus
773 3047 965 3085 manus
1011 3047 1132 3086 esse
1183 3033 1401 3098 dicitur,
1443 3031 1834 3086 convenienter
1873 3046 1978 3085 non
2011 3045 2100 3086 so-

522 3123 630 3175 lum
665 3120 863 3188 Patris,
907 3121 1000 3176 sed
1041 3131 1096 3175 et
1143 3121 1284 3185 Filii,
1323 3136 1444 3190 qua:
1471 3130 1700 3192 paterna
1730 3132 1815 3175 est
1845 3122 2089 3185 dextera,

517 3229 641 3269 esse
671 3214 890 3268 dicitur.
942 3211 1138 3267 Verum
1178 3228 1283 3267 non
1319 3212 1400 3268 sic
1433 3212 1673 3267 vicissim
1720 3210 1889 3266 Filius
1921 3212 2096 3266 sancti

522 3302 776 3372 Spiritus.
814 3302 1001 3373 Neque
1046 3304 1189 3357 enim
1238 3318 1429 3357 manus
1473 3302 1631 3373 digiti
1673 3312 1822 3357 recte
1865 3302 2100 3357 dicatur.

520 3393 713 3463 Neque
752 3407 882 3446 vero
929 3392 1011 3445 vel
1042 3393 1110 3447 ob
1142 3392 1257 3446 haec
1294 3392 1468 3446 solum
1505 3393 1572 3447 ab
1603 3392 1758 3447 initio
1786 3392 2105 3460 expediebat

519 3500 621 3555 pro
648 3484 813 3539 Patre
844 3482 1066 3547 Filium,
1111 3494 1204 3537 aut
1231 3471 1492 3551 S‘piritum
1528 3493 1775 3539 sanctum
1805 3484 2102 3538 enuntiari.

517 3577 733 3633 Etenim
776 3578 1055 3632 hominum
1088 3576 1249 3631 Pater
1286 3576 1452 3642 Deus,
1494 3586 1553 3632 ut
1585 3579 1744 3633 modo
1776 3577 2101 3639 referebam,

518 3671 700 3727 dictus
728 3679 813 3725 est
854 3668 1096 3726 :Filium
1131 3686 1260 3727 vero
1297 3681 1537 3725 nostrum
1570 3680 1662 3725 aut
1696 3668 1961 3740 Spiritum
1996 3668 2103 3725 dici

520 3764 718 3832 Deum,
762 3762 1055 3817 absurdum
1111 3776 1246 3817 sane
1292 3777 1357 3816 ac
1409 3762 1630 3816 minime
1678 3771 2101 3816 consentaneum

514 3852 820 3922 iudicatum
870 3853 1082 3909 fuisset.
1135 3853 1497 3921 Quamobrem
1549 3854 1710 3907 etiam
1764 3853 1924 3908 Pater
1976 3862 2104 3908 tunc

522 3946 883 4015 praedicatus,
934 3947 1006 4002 ob
1064 3946 1388 4001 familiarem
1445 3946 1653 4002 scilicet
1703 3947 1851 4003 vocis
1909 3962 2101 4011 usum,

522 4055 685 4093 unam
754 4039 912 4107 vulgo
966 4041 1259 4104 innuebat,
1314 4041 1746 4108 ostendebatque
1791 4054 2100 4109 personam.

523 4130 669 4203 [Quo
694 4129 960 4202 tempore]
1004 4132 1047 4186 si
1092 4130 1259 4186 Filius
1285 4140 1377 4185 ant
1404 4130 1635 4201 Spiritus
1664 4140 1884 4186 sanctus
1912 4132 2105 4200 prardi-

523 4232 682 4274 catns
729 4220 944 4283 fuisset,
990 4222 1211 4274 omnino
1259 4234 1611 4290 personarum
1660 4219 1893 4274 dualitas
1943 4219 2105 4274 simul

524 4312 875 4378 probabatur.
925 4311 1029 4376 Qui
1071 4312 1218 4366 enim
1268 4310 1467 4365 Filium
1513 4312 1769 4376 audisset,
1802 4312 1985 4365 statim
2034 4312 2103 4364 ad

522 4401 741 4458 Patrem
787 4402 1081 4470 retulisset,
1115 4413 1171 4458 et
1221 4403 1481 4473 Spiritum
1529 4412 1776 4456 sanctum
1828 4402 2100 4467 similiter;

524 4497 678 4564 cujus
728 4497 872 4552 enim
916 4507 1065 4551 esset
1113 4497 1372 4566 Spiritus,
1423 4506 1693 4567 quaereret
1746 4511 1900 4550 mens
1936 4513 1949 4549 :
1988 4493 2100 4567 [ac]
2134 4529 2178 4583 Β

523 4600 662 4655 quos
715 4586 1009 4641 multorum
1064 4587 1287 4642 deorum
1343 4587 1565 4643 morbus
1617 4597 1843 4651 teneret,
1880 4587 2101 4641 incura-

525 4676 662 4732 biles
700 4691 767 4731 ex
811 4679 924 4747 ipsa
967 4678 1189 4733 salutari
1234 4678 1500 4748 theologia
1545 4679 1918 4734 redderentur.
1951 4678 2102 4733 Adde

518 4767 631 4836 jam
672 4769 855 4834 dictis,
898 4770 1015 4823 ﬁeri
1068 4785 1174 4824 non
1228 4772 1493 4841 potuisse,
1544 4781 1602 4825 ut
1642 4771 2098 4840 quemadmodum

525 4857 671 4925 Filii,
707 4873 775 4913 ac
815 4859 1050 4929 Spiritus
1097 4863 1292 4928 sancti,
1322 4865 1401 4917 sic
1449 4863 1613 4917 etiam
1648 4862 1828 4916 Patris
1876 4876 2099 4930 persona

526 4951 779 5020 prudenti
823 4953 1004 5023 aliqua
1050 4954 1261 5009 ratione
1305 4955 1748 5010 absconderetur.
1780 4953 1914 5007 Nam
1958 4955 2101 5022 quod

526 5041 763 5112 Spiritus
795 5044 887 5098 Dei
921 5043 1099 5099 dictus
1128 5044 1201 5098 sit
1235 5044 1450 5109 Dextra,
1494 5044 1791 5113 Sapientia,
1832 5041 2100 5106 Potestas,

530 5136 581 5189 id
620 5135 1099 5206 multiplicatorum
1128 5138 1351 5190 deorum
1402 5138 1670 5191 insaniam
1702 5135 1835 5207 [non
1869 5134 2101 5189 difﬁcul-

532 5226 636 5299 ter]
662 5226 896 5298 ell'ugere
938 5228 1132 5297 potuit.
1168 5228 1285 5281 Non
1325 5228 1467 5282 enim
1519 5228 1751 5297 percipit
1784 5228 1873 5282 hic
1915 5227 2102 5294 vulgus

529 5334 883 5389 personarum
921 5320 1082 5375 simul
1127 5318 1485 5376 diﬂ‘erentiam
1528 5321 1675 5376 duci.
1706 5319 1841 5374 Cum
1868 5319 1914 5373 si
1940 5317 2104 5372 Pater

2202 1926 2341 1994 παρ’
2376 1925 2543 1994 ἐμοῦ,
2570 1925 2713 1993 ἆπερ
2738 1922 3056 1993 ἀνθρώπινα
3084 1920 3215 1973 ὂντα
3244 1918 3343 1970 καὶ
3369 1917 3438 1985 τῇ
3471 1912 3591 1983 θείᾳ
3624 1912 3692 1983 μὴ
3714 1915 3742 1944 τι

2197 2018 2577 2089 ἐφαρμόζοντα
2596 2016 2755 2085 φύσει
2770 2016 2871 2087 τὴν
2884 2014 2979 2067 τοῦ
2998 2011 3129 2066 Υίοῦ
3144 2008 3521 2081 προσηγορίαν
3537 2008 3748 2077 παρεκά-

2195 2111 2364 2165 λυπτέ
2378 2128 2439 2164 τε
2457 2112 2550 2163 καὶ
2564 2109 2882 2174 συνεσκίαζε
2892 2150 2903 2161 .
2918 2108 3029 2162 Καὶ
3047 2107 3140 2159 ἐπὶ
3156 2104 3264 2157 τῶν
3276 2102 3483 2172 ὁμοίων
3498 2098 3748 2160 ὡσαύτως.

2268 2202 2332 2256 Τί
2358 2203 2422 2274 δή
2450 2218 2581 2256 ποτε
2607 2201 2663 2255 δέ
2693 2201 2867 2266 Δεξιὰ
2891 2200 2986 2253 καὶ
3009 2199 3201 2267 Λόγος
3231 2196 3329 2251 καλ⁵
3354 2196 3613 2261 Δύναμις
3633 2230 3647 2257 ,
3678 2192 3751 2244 καὶ

2196 2294 2295 2348 ὅσα
2318 2293 2455 2349 ἄλλα
2477 2332 2493 2358 ,
2522 2291 2617 2346 τοῦ
2648 2293 2863 2361 Πατρδς
2896 2290 2994 2361 μὲν
3022 2293 3050 2343 6
3088 2289 3215 2351 Υἱὸς
3238 2288 3465 2355 λέγεται
3483 2326 3499 2351 ,
3531 2283 3641 2336 ἀλλ’
3670 2284 3751 2335 οὐκ

2198 2385 2434 2455 ἔμπαλιν
2460 2387 2489 2438 6
2515 2384 2703 2454 Πατὴρ
2731 2382 2825 2436 τοῦ
2858 2381 3023 2448 Υίοῦ;
3062 2379 3095 2452 ἢ
3131 2381 3267 2434 διότι
3296 2382 3326 2433 6
3351 2379 3545 2449 Πατὴρ
3564 2377 3656 2448 μὲν
3673 2378 3752 2431 οὐκ

2198 2478 2264 2530 ἐκ
2292 2476 2386 2530 τοῦ
2410 2474 2544 2529 Υίοῦ
2565 2514 2581 2540 ,
2603 2475 2721 2529 ἀλλ’
2749 2475 2779 2527 6
2805 2474 2934 2533 Υἱὸς
2951 2473 3017 2527 ἐκ
3038 2471 3135 2525 τοῦ
3166 2472 3402 2541 Πατρός.
3428 2471 3550 2522 Ἔτι
3580 2469 3634 2522 δὲ
3655 2470 3753 2539 χεὶρ

2204 2568 2327 2639 μὲν,
2358 2568 2453 2621 καὶ
2480 2566 2741 2638 βραχίων,
2763 2566 2858 2619 καὶ
2889 2564 3071 2633 σοφία,
3094 2564 3189 2618 καὶ
3218 2564 3382 2631 λόγος
3403 2561 3557 2614 τοῦδε
3571 2560 3658 2614 τοῦ
3680 2563 3754 2615 ἁν-

2201 2658 2419 2733 θρώπου
2452 2661 2669 2729 λέγεται
2699 2700 2714 2724 ,
2748 2659 2863 2714 ἀλλ’
2897 2661 2927 2712 ὁ
2949 2659 3237 2730 ἄνθρωπος
3272 2658 3379 2726 τῆς
3418 2654 3647 2725 δεξιᾶςῆ
3674 2655 3757 2724 τῆς

2202 2752 2394 2822 σοφίας
2422 2752 2456 2825 ἢ
2487 2752 2596 2806 τῶν
2624 2753 2826 2823 ὁμοίων
2868 2752 2969 2805 οὐκ
2994 2751 3059 2804 ἂν
3094 2750 3291 2822 ῥηθείη
3314 2749 3401 2817 ⁷³,
3433 2747 3615 2821 ὥσπερ
3658 2747 3759 2800 οὐδὲ

2200 2843 2301 2896 τοῦ
2334 2844 2530 2898 κλάδου
2567 2844 2747 2914 φαμὲν
2782 2843 2844 2896 τὸ
2871 2843 3084 2913 δένδρον
3109 2882 3125 2907 ,
3164 2842 3300 2896 άλλά
3352 2841 3446 2895 τὸν
3476 2839 3657 2894 κλάδον
3682 2837 3759 2890 τοῦ

2200 2936 2446 3009 δένδρου.
2495 2938 2605 2990 Καὶ
2636 2936 2697 2989 τὸ
2737 2935 2962 3006 Πνεῦμα
2993 2935 3050 2989 δέ
3088 2934 3360 2997 δάκτυλος
3380 2934 3429 2965 ⁷⁸
3469 2930 3760 3002 ὀνομάζεται

2201 3028 2338 3082 Θεοῦ
2360 3071 2377 3096 ,
2409 3028 2538 3101 [617
2568 3027 2658 3101 8.]
2689 3027 2784 3081 καὶ
2817 3028 2939 3080 ἐπεὶ
2970 3029 2999 3080 ὁ
3023 3025 3287 3089 δάκτυλος
3312 3025 3424 3095 τῆς
3445 3024 3621 3095 χειρὸς
3639 3062 3652 3087 ,
3680 3022 3756 3075 εύ-

2203 3122 2373 3191 λόγως
2397 3123 2458 3175 οὐ
2492 3124 2653 3192 μόνον
2675 3121 2768 3173 τοῦ
2816 3121 3027 3190 Πατρδς
3052 3161 3067 3186 ,
3101 3118 3231 3190 [³519
3262 3117 3330 3173 Η.
3356 3118 3366 3188 |
3398 3116 3534 3171 ἀλλὰ
3565 3116 3654 3170 καί
3680 3115 3758 3168 τοῦ

2205 3214 2339 3267 Υίοῦ
2361 3256 2374 3275 ,
2404 3214 2524 3283 ἣτις
2552 3215 2698 3267 ἐστὶν
2725 3214 2758 3281 ἡ
2783 3213 3026 3283 πατρικὴ
3057 3211 3208 3276 δεξιὰ
3229 3250 3245 3276 ,
3274 3210 3527 3280 λέγεται.
3562 3208 3689 3262 Ἀλλ’
3709 3209 3758 3260 οὑ

2202 3307 2263 3361 τὸ
2289 3306 2558 3360 ἀνάπαλιν
2591 3306 2620 3357 6
2644 3305 2774 3369 Υἱὸς
2793 3305 2889 3358 τοῦ
2922 3305 3240 3374 Πνεύματος
3263 3321 3278 3336 ·
3310 3304 3439 3357 οὐδὲ
3461 3306 3567 3371 γὰρ
3598 3305 3628 3372 ἡ
3657 3303 3759 3372 χεὶρ

2203 3398 2394 3469 ῥηθείη
2445 3399 2511 3452 ἂν
2562 3397 2657 3450 τοῦ
2688 3396 2982 3452 δακτύλου.
3016 3398 3131 3450 Οὐκ
3170 3392 3237 3468 ἦν
3283 3396 3343 3449 δὲ
3380 3397 3486 3466 ἄρα
3533 3395 3645 3449 οὐδὲ
3689 3394 3762 3447 διὰ

2200 3489 2374 3543 ταῦτα
2403 3490 2524 3543 ἀντὶ
2552 3488 2649 3541 τοῦ
2687 3489 2903 3557 Πατρδς
2935 3488 3029 3542 τὸν
3058 3487 3189 3541 Υἱὺν
3236 3488 3269 3559 ἢ
3296 3489 3363 3541 τὸ
3414 3486 3630 3556 Πνεῦμα
3660 3485 3761 3539 κατ’

2201 3580 2378 3651 ἀρχάς
2411 3580 2695 3651 συμφέρον
2727 3579 3225 3647 καταγγέλλεσθαι.
3291 3581 3409 3633 Καὶ
3434 3578 3540 3650 γὰρ
3567 3577 3653 3631 καὶ
3682 3578 3761 3628 άν-

2203 3671 2437 3744 θρώπων
2470 3670 2658 3742 Πατὴρ
2689 3672 2718 3723 6
2749 3670 2914 3735 Θεὸς,
2948 3671 3023 3734 ὡς
3055 3672 3388 3742 προέφημεν
3411 3673 3458 3703 ’⁸
3478 3710 3493 3736 ,
3529 3671 3756 3739 ἐλέγετο·

2210 3764 2345 3829 Υἱὸς
2372 3762 2428 3816 δὲ
2462 3762 2495 3833 ἢ
2521 3762 2766 3831 Πνεῦμα
2804 3762 2976 3834 ἡμῶν
3003 3765 3031 3816 6
3057 3762 3222 3827 Θεὸς,
3251 3762 3367 3816 τῶν
3397 3763 3680 3834 ἀμηχάνων
3709 3779 3758 3813 τε

2201 3857 2296 3911 καὶ
2323 3854 2701 3910 ἀνακολούθων
2722 3855 2969 3925 ἐκρίνετο
2992 3854 3271 3923 λέγεσθαι.
3303 3856 3399 3909 Διὸ
3424 3858 3519 3909 καὶ
3546 3859 3573 3908 ὁ
3599 3856 3641 3886 ⁷⁸
3666 3855 3761 3907 Πα-

2202 3945 2308 4017 τὴρ
2342 3946 2441 4016 μὲν
2463 3947 2868 4017 κηρυττόμενος
2892 3944 2981 3997 διὰ
3008 3945 3106 4016 τὴν
3140 3945 3198 3997 ἐν
3228 3948 3293 4017 τῇ
3325 3947 3583 4017 συνηθείᾳ
3610 3946 3759 3999 κατά-

2204 4054 2402 4108 χρησιν
2419 4037 2477 4089 ἓν
2500 4038 2804 4109 παρεδήλου
2826 4037 2947 4089 τότε
2967 4038 3079 4099 τοῖς
3109 4037 3328 4100 πολλοῖς
3356 4040 3450 4092 καὶ
3473 4037 3759 4091 ὑπεδείκνυε

2205 4129 2499 4200 πρόσωπον
2522 4144 2535 4159 ο
2565 4129 2615 4180 εί
2658 4127 2714 4181 δὲ
2740 4130 2767 4181 6
2816 4127 2941 4190 Υἱὸς
2977 4127 3099 4197 ἣτὸ
3138 4127 3366 4197 Πνεῦμα
3415 4127 3757 4198 κατήγγελτο,

2205 4223 2423 4281 πάντως
2451 4219 2518 4273 ἂν
2548 4222 2608 4272 τὸ
2638 4220 2888 4272 δυαδικὸν
2934 4220 3365 4288 συνωμολογεῖτο
3407 4221 3516 4273 τῶν
3547 4220 3759 4273 ὑποστά·

2208 4330 2347 4367 σεων
2367 4329 2380 4344 ·
2411 4314 2440 4365 6
2469 4313 2578 4382 γὰρ
2614 4312 2829 4365 ἀκούων
2859 4312 2986 4365 Υἰόν
3010 4353 3025 4377 ,
3056 4312 3219 4375 εὐθὺς
3269 4312 3408 4383 πρὸς
3451 4313 3540 4365 τὸν
3569 4312 3759 4381 Πατέρα

2205 4406 2456 4476 ἀνήγετο.
2490 4405 2603 4459 Kal
2622 4404 2684 4457 τὸ
2719 4406 2945 4474 Πνεῦμα
2971 4405 3176 4475 ὁμοίως
3200 4421 3214 4435 '
3232 4400 3293 4460 οὗ
3315 4407 3425 4477 γὰρ
3444 4401 3510 4477 ἦν
3539 4404 3757 4474 Πνεῦμα,

2206 4497 2463 4562 ἐπεζήτει
2490 4498 2523 4567 ὴ
2553 4495 2795 4563 διάνοια,
2824 4492 2906 4559 οἷς
2933 4498 2966 4568 ή
2990 4496 3144 4560 νόσος
3175 4496 3235 4549 τὸ
3268 4497 3528 4551 πολύθεον
3552 4497 3651 4550 ἀπὸ
3675 4496 3758 4563 τῆς

2209 4587 2491 4659 σωζούσης
2535 4586 2813 4655 θεολογίας
2848 4586 3121 4658 ἐλάμϐανε
3148 4588 3211 4641 τὸ
3243 4588 3484 4644 ἀνίατον.
3518 4588 3687 4657 Χωρὶς
3712 4586 3758 4637 δὲ

2206 4678 2317 4733 τῶν
2345 4678 2653 4748 εἰρημένων
2687 4678 2810 4731 οὐδὲ
2835 4678 3057 4732 δυνατὸν
3097 4674 3166 4750 ἦν
3191 4718 3206 4743 ,
3240 4679 3492 4749 καθάπερ
3520 4678 3609 4732 τοῦ
3648 4677 3756 4730 Υίοῦ

2208 4772 2302 4824 καὶ
2334 4770 2429 4824 τοῦ
2462 4769 2784 4840 Πνεύματος
2802 4813 2817 4838 ,
2846 4770 2990 4825 οὕτω
3018 4772 3199 4825 καὶτὸ
3221 4772 3318 4826 τοῦ
3347 4771 3561 4843 Πατρὸς
3594 4770 3758 4838 σοφαῖς

2214 4864 2455 4935 μεθόδοις
2472 4865 2971 4935 περικαλύπτεσθαι
2994 4867 3308 4938 πρόσωπον.
3326 4866 3550 4938 Πνεῦμα
3566 4865 3657 4932 μὲν
3668 4864 3756 4930 γὰρ

2209 4958 2347 5012 θεοῦ
2369 4958 2532 5029 ῥηθὲν
2549 4960 2643 5012 καὶ
2673 4958 2784 5024 Δεξ
2790 4960 2869 5025 ιὰ,
2886 4960 2984 5013 καὶ
3008 4960 3217 5029 Σοφία,
3245 4961 3343 5014 καὶ
3367 4961 3620 5028 Δύναμις
3642 4951 3758 5008 οἶδεν

2209 5050 2498 5121 ἐκφεύγειν
2513 5051 2573 5103 τὸ
2587 5051 2685 5120 τῆς
2700 5051 2988 5113 πολυθεῖας
3007 5052 3385 5122 παλίμφημοψ
3402 5050 3644 5105 λανθάνει
3667 5045 3757 5114 γὰρ

2208 5143 2336 5205 τοὺς
2350 5142 2578 5206 πολλοὺς
2597 5142 2863 5213 διαφορὰν
2882 5144 3191 5215 προσώπων
3211 5141 3758 5212 συνεπαγόμενον.Πα·

2216 5231 2331 5301 tim
2356 5232 2414 5286 δέ
2436 5233 2584 5286 Θεοῦ
2617 5233 2944 5303 κηρυχθείς,
2975 5234 3078 5289 κᾶν
3109 5236 3201 5289 τὺν
3228 5235 3551 5306 γεννηθέντα
3576 5231 3754 5292 λάϐοις,

2211 5322 2314 5377 κᾶν
2346 5322 2410 5376 τὸ
2436 5323 2768 5396 ἐκπρευοέν
2792 5365 2808 5389 ,
2851 5324 3040 5380 οὐκέτι
3083 5326 3183 5397 μὲν
3212 5326 3394 5381 λαθεῖν
3426 5324 3538 5397 ἔχοι
3578 5324 3633 5377 τὸ
3661 5320 3755 5373 διά-

602 5457 629 5497 δ
670 5456 814 5513 Psal.
855 5474 913 5525 ιι,
951 5457 1004 5510 7.
1094 5456 1111 5497 ι
1146 5456 1290 5514 Psal.
1317 5473 1393 5521 ιχ,
1422 5456 1512 5511 10.
1586 5468 1629 5497 ιιι
1655 5456 1829 5513 Exod.
1860 5471 1979 5521 vm,
2011 5455 2077 5510 19

2202 5472 2284 5511 uc.
2318 5473 2396 5523 ιιι,
2427 5456 2521 5513 20.

1786 5592 2018 5649 VARUE
2069 5590 2479 5650 LECTIONES.

603 5704 649 5743 τ’
680 5704 758 5775 μὴ
787 5720 896 5760 om.
922 5723 1006 5776 pr.
1037 5709 1103 5763 Α.
1178 5710 1222 5742 ⁷²
1247 5709 1328 5813 μὴ

540 5772 593 5808 τι
628 5774 822 5813 manu.
844 5774 1055 5813 am...“
1083 5782 1113 5813 Α
1220 5782 1239 5812 1
1299 5784 1326 5813 Α

627 5774 822 5847 ὥσπερ
844 5774 1055 5848 ἔφημεν
1078 5782 1142 5835 Α.
1220 5774 1266 5813 ⁷⁸
1299 5774 1328 5834 ὅ
1350 5796 1458 5837 om.
1491 5782 1556 5835 A.

1349 5717 1542 5785 etmox
1567 5728 1661 5766 του
1692 5712 1888 5767 add.A.
1940 5710 1989 5744 ⁷³
2012 5710 2079 5769 ἂν
2104 5711 2178 5783 μὴ
2204 5711 2395 5785 ῥηθείη
2433 5728 2496 5775 ς.
2570 5712 2614 5745 ⁷⁸
2634 5708 2921 5782 δάκτυλος]
2951 5710 3118 5770 Exod.
3149 5729 3269 5781 vm,
3299 5714 3393 5781 l9;
3422 5712 3545 5770 Luc.
3578 5726 3647 5779 ιι,
3674 5708 3743 5763 20.
