4032 6454
472 367 575 433 781

1568 349 2099 411 BIBIJOTHECA.
2120 374 2187 383 -
2209 349 2374 411 COD.
2410 352 2693 413 CCXXII.

3641 360 3746 423 782

470 497 646 555 φορον
679 477 918 545 εἰσάγων
941 473 1050 528 τῶν
1081 472 1463 535 ὕποστάσεων,
1497 470 1607 523 οὐδ’
1632 471 1817 539 ὅμοιον
1852 470 1964 555 τοῖς
2001 467 2063 519 τὸ

2168 464 2266 518 Dei
2297 468 2639 520 enuntiatum
2675 466 2765 529 sit,
2799 464 2914 521 sive
2955 466 3192 535 genitum
3246 467 3598 535 intellexeris.
3632 476 3749 532 sive

352 632 355 633 ν
469 575 746 632 πολύθεΟν
766 568 983 625 νοσοῦσι
999 564 1332 643 προσφέρειν
1356 563 1417 616 τὺ
1436 562 1592 632 ῖαμα.
1616 562 1689 612 Οὐ
1722 560 1818 629 μὲν
1836 554 1929 613 οὖν
1950 557 2065 610 ἀλλ’

468 668 587 723 οὐδ’
627 666 793 735 εῖπερ
826 665 855 716 6
890 660 1080 730 Πατὴρ
1110 659 1253 712 κατὰ
1275 657 1335 710 τὸ
1366 654 1600 725 ἔμπαλιν
1622 652 1751 721 χεὶρ
1777 651 1886 705 τοῦ
1930 651 2069 705 Υἰοῦ

469 762 505 829 ἢ
542 758 655 811 τοῦ
706 754 1055 823 Ila-stipato;
1082 748 1397 819 ὠνομάζετο
1420 787 1435 811 ,
1473 745 1846 815 ὑποκρύπτειν
1876 743 2068 797 ἐαυτὸν

480 852 586 905 καὶ
614 850 681 902 τὸ
707 845 956 900 δυαδικὸν
979 842 1410 916 περικαλύπτειν
1448 838 1558 893 τῶν
1594 836 1900 909 προσώπων
1940 835 2071 907 ἡδύ-

470 960 645 998 νατο·
678 941 768 994 ῖνα.
806 938 881 1010 μὴ
929 937 1078 1005 λέγω
1121 936 1195 998 ὼς
1228 935 1351 988 οὐδὲ
1395 932 1628 1003 ῥηθῆναι
1661 930 1947 992 παντελῶς
1997 929 2068 982 τὰ

484 1032 781 1105 εἰρημένα,
825 1028 951 1082 οὔτε
991 1025 1115 1080 νοῦν
1143 1024 1265 1079 οὔτε
1286 1024 1447 1094 φύσιν
1469 1023 1615 1093 ἔχειν
1644 1022 1818 1084 οὐδεὶς
1837 1021 1903 1075 ἂν
1937 1018 2067 1074 ὑπό-

482 1126 650 1177 θοιτο.
678 1122 776 1174 Διὰ
799 1120 853 1173 τί
872 1119 918 1174 δ’
940 1119 1036 1173 οὖν
1059 1118 1181 1171 κατ’
1211 1116 1390 1186 ἀρχὰς
1421 1117 1454 1186 ἡ
1481 1114 1651 1186 Τριὰς
1672 1113 1771 1183 οὐχ
1795 1113 1912 1183 ἅμα
1934 1128 2067 1165 κατ-

488 1216 753 1288 ήγγελτος
788 1215 872 1267 ὅτι
912 1212 1165 1281 καθάπερ
1194 1213 1307 1275 τοῖς
1332 1207 1681 1278 ὀφθαλμιῶσι
1722 1206 1781 1259 τὸ
1812 1205 2064 1276 λαμπρὸν

494 1308 609 1376 φῶς
630 1348 645 1373 ,
673 1306 849 1359 καίτοι
883 1306 1152 1373 σωτήριον
1177 1302 1241 1354 ὃν
1267 1342 1283 1366 ,
1322 1300 1519 1371 ἁθρόον
1565 1298 2024 1351 ἐπιϐλαόέστατον
2043 1336 2062 1361 ,

482 1400 621 1453 οὕτω
669 1399 764 1452 καὶ
806 1398 922 1459 τοῖς
973 1397 1052 1460 εἰς
1102 1394 1163 1448 τὸ
1218 1393 1480 1446 πολύθεον
1528 1390 2062 1459 ἀποτυφλωθεῖσινή

476 1490 731 1559 τριαδικὴ
778 1487 1027 1556 θεολογία
1060 1484 1323 1556 βλαϐερὸν
1350 1484 1568 1553 ὑπῆρχε
1609 1483 1706 1537 καὶ
1743 1480 2056 1551 ἐπιζήμιον.

486 1580 653 1633 Ἀλλὰ
694 1580 868 1633 ταῦτα
915 1578 1016 1648 μὲν
1049 1577 1127 1648 τῷ
1157 1576 1389 1647 φιλοθέῳ
1420 1575 1731 1645 συγγραφεῖ
1763 1576 1858 1626 καὶ
1891 1574 1919 1625 6
1948 1572 2061 1624 τῶν

469 1670 656 1739 λόγων
699 1669 744 1734 ζ’
782 1670 841 1723 ἐν
868 1669 1018 1740 τρισλ⁸
1053 1668 1423 1738 φιλοπονεῖται
1466 1663 1782 1732 κεφαλαίοις
1804 1702 1820 1727 ,
1853 1660 1890 1715 ἃ
1921 1660 2064 1730 μετὰ

466 1764 537 1817 τὸ
570 1769 665 1828 κς¹
692 1763 783 1816 τὸν
806 1761 1102 1816 ἀκόλουθον
1130 1760 1367 1831 ἀριθμὸν
1404 1759 1747 1829 ἀναδέχεται.

2170 572 2294 611 eum
2336 558 2426 627 qtti
2469 559 2756 626 processit,
2790 574 3130 627 nequaquam
3175 558 3289 625 jam
3330 560 3405 626 id,
3444 566 3572 632 quin
3626 582 3749 634 per-

2169 664 2425 703 sonarum
2478 649 2769 704 discrimen
2815 649 3026 716 atterat,
3060 651 3299 720 ignorari
3346 655 3582 724 amplius
3626 672 3750 725 pos-

2169 744 2263 807 sit,
2293 756 2469 810 neque
2497 742 2673 797 simile
2704 744 3001 798 remedium
3030 743 3353 799 idololatria:
3384 746 3506 802 labe
3531 748 3747 806 infectis

2168 832 2371 887 aﬂ‘erri.
2410 832 2597 901 Itaque
2640 849 2705 888 ne
2742 844 2853 887 tum
2884 834 3124 903 quidem,
3155 835 3199 889 si
3226 836 3390 891 Pater
3414 852 3444 891 e
3472 840 3747 893 contrario

2168 923 2340 987 Filii,
2401 924 2485 978 vel
2559 923 2791 993 Spiritus
2859 925 3029 978 sancti
3091 941 3278 979 manus
3356 928 3745 995 nominaretur,

2166 1021 2405 1088 seipsum
2474 1017 2843 1081 abscondere,
2896 1027 2948 1071 et
3005 1017 3325 1073 dualitatem
3392 1035 3744 1089 personarum

2166 1122 2454 1181 contegere
2483 1119 2667 1181 posset
2699 1128 2712 1163 :
2749 1124 2817 1162 ne
2848 1109 2951 1164 hoc
2981 1110 3179 1176 dicam,
3205 1112 3473 1166 neminem
3510 1128 3745 1183 unquam

2164 1221 2388 1259 censere
2431 1204 2694 1273 ρυιυίεεε,
2740 1212 2802 1255 ut
2831 1218 2951 1271 qua:
2991 1218 3136 1258 nunc
3175 1207 3744 1269 commemoravimus,

2164 1296 2245 1348 vel
2292 1294 2516 1347 omnino
2564 1292 2897 1358 dicerentur,
2945 1303 3038 1347 aut
3090 1310 3309 1349 sensum
3361 1296 3620 1365 aliquem,
3656 1308 3750 1351 aut

2161 1388 2375 1456 genium
2414 1384 2619 1440 habere
2650 1384 3047 1453 iudicarentur.
3094 1386 3274 1453 Quare
3312 1388 3477 1457 igitur
3512 1388 3748 1442 Trinitas

2162 1479 2229 1532 ab
2277 1478 2434 1533 initio
2465 1492 2570 1532 non
2615 1477 2867 1547 evulgata
2914 1488 2995 1532 est
3033 1495 3048 1533 :
3091 1480 3242 1549 quia,
3290 1480 3745 1549 quemadmodum

2164 1571 2541 1627 laborantibus
2567 1585 2635 1626 ex
2672 1570 2845 1625 oculis
2897 1570 3235 1637 splendidum
3267 1572 3405 1627 lucis
3424 1571 3605 1640 jubar,
3639 1576 3742 1630 etsi

2161 1659 2524 1724 salutiferum,
2553 1660 2789 1713 maxime
2828 1659 3048 1712 noxium
3086 1668 3190 1723 est,
3223 1660 3295 1713 ita
3344 1668 3399 1714 et
3444 1659 3736 1713 multorum

2162 1753 2387 1809 deorum
2423 1751 2567 1807 cultu
2606 1750 2892 1805 occaecatis
2919 1751 3077 1803 noxia
3116 1760 3233 1805 erat
3265 1750 3551 1805 Trinitatis
3584 1751 3743 1806 theo-

470 1855 659 1926 logia,
728 1871 791 1910 ac
834 1856 1135 1926 perniciosa
1191 1855 1395 1910 futura.
1454 1853 1655 1909 Verum
1706 1853 1822 1907 haec
1855 1850 2069 1922 quidem
2107 1849 2201 1904 Dei
2236 1863 2428 1903 amans
2467 1848 2700 1917 scriptor
2738 1848 2970 1916 septimo
3010 1846 3150 1901 libro
3171 1846 3345 1903 tribus
3382 1846 3486 1903 illis
3508 1845 3746 1918 graviter

468 1957 779 2019 pertractat
829 1946 1119 2016 capitibus,
1187 1961 1308 2013 qua:
1351 1954 1475 2014 post
1519 1952 1732 1999 sextum
1772 1951 1827 1997 et
1902 1940 2221 1994 vicesimum
2258 1939 2449 1993 ordine
2477 1946 2907 2005 consequuntur.

552 2041 626 2094 T6
653 2041 710 2095 δὲ
740 2039 1062 2112 τριακοστὸν
1092 2035 1241 2109 αὐτῷ
1270 2036 1566 2106 κεφάλαιον
1605 2035 1858 2102 διέξεισιν
1902 2033 1979 2097 ὡς
2022 2033 2051 2085 6

2229 2029 2585 2084 Tricesimum
2642 2042 2769 2082 vero
2812 2035 2973 2095 caput
3021 2028 3391 2097 persequitur,
3428 2036 3487 2081 ut
3532 2028 3745 2097 primus

474 2134 698 2204 πρῶτος
747 2132 968 2202 σεισμὸς
1017 2130 1264 2201 θεμέλιος
1294 2129 1373 2200 τῷ
1407 2128 1451 2200 β’
1482 2127 1803 2198 γεγένηται,
1854 2125 1951 2178 καὶ
1994 2124 2056 2178 οὐ

476 2225 647 2298 μόνον
675 2226 791 2288 τοῖς
818 2224 959 2278 κατὰ
988 2224 1193 2277 Μωσέα
1220 2224 1519 2295 συνήνεγκε
1546 2220 1679 2273 Θεὸν
1708 2220 1800 2273 τὸν
1842 2219 2059 2291 Πατέρα

475 2315 727 2386 κηρύξας
756 2355 772 2377 ,
828 2314 965 2368 ἀλλὰ
1011 2316 1242 2377 καὶτοῖς
1276 2315 1333 2367 ἐν
1367 2316 1430 2383 τῇ
1462 2313 1665 2383 χάριτι.
1703 2311 1795 2377 Ἐξ
1831 2304 1906 2364 ὧν
1950 2310 2059 2382 γὰρ

472 2407 574 2459 τὸν
609 2407 743 2459 Θεὸν
770 2406 989 2477 Πατέρα
1015 2407 1124 2459 τῶν
1146 2404 1450 2477 ἀνθρώπων
1476 2403 1794 2473 νομίζεσθαι
1820 2404 2019 2456 ἔδωκεν
2040 2442 2057 2467 ,

471 2496 710 2559 ἕκαστος
726 2496 773 2527 ⁷⁷
825 2494 932 2548 τῶν
976 2493 1219 2565 γνησίως
1262 2490 1704 2562 προσανεχόντων
1753 2490 1872 2553 Θεῷ
1925 2488 2061 2555 Υἱὸς

475 2585 637 2640 Θεοῦ
675 2585 901 2649 εἰκότως
930 2584 1144 2654 ἐλέγετο
1168 2601 1183 2617 ο
1224 2584 1287 2637 ἐκ
1313 2582 1371 2636 δὲ
1413 2582 1601 2635 τούτου
1638 2580 1774 2651 θύρα
1808 2582 1903 2634 καὶ
1943 2581 2061 2643 ὁδὸς

472 2680 549 2748 τῇ
594 2676 684 2730 διὰ
713 2676 915 2748 σαρκὸς
939 2676 1222 2748 οἰκονομίᾳ
1254 2672 1666 2742 ὑπανοίγνυται.
1712 2671 1804 2724 Διὸ
1846 2671 1941 2725 καὶ
1969 2670 2061 2724 τὸν

476 2768 616 2821 Υἱὸν
641 2770 669 2821 ὁ
703 2767 747 2837 β’
772 2767 1062 2839 κηρύττων
1090 2765 1312 2837 σεισμὸς
1334 2805 1349 2831 ,
1374 2764 1448 2828 ὡς
1473 2764 1574 2835 ἤδη
1603 2763 1866 2834 συνήθους
1893 2762 2061 2832 οὔσης

474 2860 582 2928 τῆς
614 2860 796 2930 φωνῆς
826 2858 921 2914 καὶ
964 2858 1060 2913 ἐπὶ
1085 2858 1255 2929 ψιλῶν
1306 2855 1608 2925 ἀνθρώπων
1654 2856 1928 2920 τίθεσθαι,
1963 2855 2061 2924 οὐχ

475 2952 629 3005 οὕτω
653 2952 781 3015 τοὺς
813 2952 1114 3014 ἀκούοντας
1142 2949 1499 3022 ὲξετάραττεν
1522 2991 1539 3017 ,
1585 2950 1652 3003 ἐκ
1677 2949 1777 3019 τῆς
1811 2950 2060 3019 χρήσεως

474 3044 585 3112 τῆς
620 3041 842 3114 πρώτης
874 3043 1150 3113 Διαθήκης
1200 3041 1664 3104 καταλεανθέντας
1710 3039 1810 3103 τὰς
1857 3038 2060 3104 ἀκοὰς,

479 3135 583 3187 καὶ
611 3135 794 3187 οὐκέτι
827 3135 962 3207 πρὸς
1004 3134 1102 3205 τὴν
1129 3133 1310 3206 φωνὴν
1340 3133 1513 3197 οὕτως
1536 3135 1882 3205 ἐμεμήνεσαν
1907 3173 1922 3198 ,
1951 3131 2064 3186 ῶσ-

480 3244 594 3297 περ
640 3227 924 3295 ἐμαίνοντο
948 3227 1012 3280 ἂν
1036 3266 1053 3291 ,
1099 3229 1153 3281 εἰ
1187 3227 1262 3298 μὴ
1293 3227 1533 3297 συνήθης
1589 3226 1773 3288 αὐτοῖς
1804 3224 1911 3278 ἀπὸ
1964 3223 2065 3294 τῆς

482 3316 733 3380 Παλαιᾶς
764 3316 1010 3384 ἐγεγόνει
1040 3317 1336 3387 Διαθήκης.
1372 3316 1584 3387 Ὥσπερ
1614 3316 1669 3369 δὲ
1709 3315 1802 3367 ἐπὶ
1843 3316 1943 3385 τῆς
1983 3332 2067 3368 νο-

2161 2131 2343 2178 motus
2391 2129 2552 2176 terra:
2604 2120 3016 2175 fundamentum
3071 2119 3297 2174 alterius
3349 2119 3535 2184 fuerit,
3583 2130 3746 2189 utque

2163 2230 2270 2270 non
2310 2214 2484 2268 solum
2521 2213 2587 2268 iis
2635 2211 2728 2282 qui
2776 2212 2881 2267 sub
2931 2210 3077 2265 Mose
3119 2212 3390 2276 vixerunt,
3427 2210 3594 2266 Deum
3637 2211 3746 2266 Pa-

2162 2316 2298 2361 trem
2332 2304 2523 2377 1941)
2562 2306 2911 2376 praedicando
2944 2305 3232 2375 profuerit,
3270 2305 3365 2360 sed
3396 2314 3453 2360 et
3478 2308 3571 2375 qui
3607 2314 3746 2360 tem-

2162 2413 2292 2469 pore
2335 2398 2545 2469 gratiae.
2587 2396 2882 2467 Postquam
2933 2398 3080 2453 enim
3129 2396 3309 2452 effecit
3363 2407 3421 2451 ut
3460 2398 3602 2453 Deus
3642 2399 3744 2454 ho-

2164 2490 2366 2543 minum
2417 2487 2583 2542 Pater
2626 2489 2997 2543 crederetur:
3036 2504 3159 2543 mox
3209 2489 3375 2543 etiam
3428 2491 3742 2561 quicunque

2162 2582 2218 2637 in
2248 2579 2359 2635 Deo
2406 2580 2661 2635 ﬁduciam
2706 2581 3020 2647 collocaret,
3063 2582 3259 2635 merito
3291 2580 3388 2634 Dei
3440 2580 3613 2636 Filius
3648 2598 3745 2652 ap-

2162 2674 2413 2743 pellatur.
2450 2671 2605 2729 Unde
2649 2674 2918 2744 patel'acta
2974 2674 3164 2743 janua,
3205 2684 3261 2728 et
3305 2676 3391 2730 via
3435 2686 3622 2746 aperta
3660 2682 3748 2731 est

2166 2767 2232 2821 ad
2279 2768 2710 2823 incarnationem
2754 2767 3208 2837 cognoscendam.
3256 2765 3427 2833 Quam
3468 2768 3633 2822 etiam
3674 2768 3748 2823 ob

2163 2872 2385 2913 causam
2436 2860 2562 2913 dum
2634 2860 2830 2915 Filium
2886 2859 3155 2914 secundus
3210 2859 3301 2913 ille
3355 2868 3514 2914 terrae
3570 2868 3748 2915 motus

2166 2951 2488 3020 praedicaret
2522 2952 2686 3023 (quod
2707 2953 2821 3021 jam
2853 2961 3171 3006 consuetum
3208 2961 3357 3005 esset
3392 2951 3530 3007 banc
3559 2967 3746 3007 vocem

2164 3044 2231 3098 de
2271 3043 2432 3099 meris
2454 3060 2667 3115 quoque
2702 3044 3015 3099 hominibus
3046 3044 3355 3114 usurpare),
3395 3060 3502 3099 non
3534 3046 3615 3101 sic
3651 3062 3748 3099 au-

2166 3135 2369 3191 ditores
2414 3136 2668 3191 turbabat
2706 3137 2905 3205 prioris
2937 3136 3276 3192 Testamcnti
3328 3152 3426 3191 usu
3481 3137 3746 3207 mitigatis

2166 3224 2413 3287 auribus,
2448 3233 2507 3278 ut
2538 3240 2641 3279 non
2675 3225 2917 3296 amplius
2957 3225 3037 3282 sic
3078 3227 3228 3281 vocis
3266 3226 3425 3295 bujus
3463 3227 3751 3282 occasione

2167 3314 2569 3382 insaniverint,
2633 3318 3085 3386 quemadmodum
3154 3317 3573 3385 insanivissent,
3644 3319 3750 3374 nisi

485 3408 656 3478 μικῆς
706 3408 985 3471 πολιτείας
1035 3408 1095 3461 τὸ
1120 3408 1486 3479 κηρύττεσθαι
1515 3409 1606 3462 τὸν
1635 3409 1761 3463 Υἱὸν
1793 3409 2063 3479 λαμπρῶς

2172 3408 2373 3462 usitata
2401 3408 2506 3463 illis
2535 3424 2633 3479 per
2658 3407 2824 3464 Vetus
2858 3410 3269 3465 Testamentum
3310 3424 3431 3465 esse
3473 3411 3746 3481 cmpisset.

481 3498 520 3569 ἢ
568 3499 630 3551 τὸ
670 3497 895 3569 Πνεῦμα
920 3540 935 3562 ,
962 3497 1028 3552 δι’
1060 3499 1125 3561 ἂς
1175 3500 1354 3562 αίτίας
1403 3501 1770 3571 προείπομεν,
1815 3500 1939 3572 [520
1969 3499 2063 3571 Η]

482 3594 599 3652 τοῖς
625 3589 705 3643 ἔτι
738 3591 835 3655 τὰς
860 3591 1023 3653 οὐλὰς
1051 3590 1152 3661 τῆς
1180 3591 1443 3645 πολυθὲου
1486 3592 1701 3663 πληγῆς
1748 3594 1806 3644 ἐν
1854 3593 2067 3655 ἑαυτοῖς

484 3680 747 3751 φέρουσιν
768 3720 784 3744 ,
814 3681 941 3752 [6‘20
972 3680 1067 3753 R.]
1107 3680 1250 3734 οὕτω
1279 3682 1343 3753 δὴ
1373 3683 1470 3735 καὶ
1497 3683 1558 3735 τὸ
1587 3682 1936 3752 σαρκωθῆναι
1969 3684 2067 3752 μὲν

483 3772 577 3825 τὸν
601 3774 819 3844 Πατέρα
842 3774 875 3844 ἢ
898 3774 959 3826 τὸ
984 3773 1210 3844 Πνεῦμα
1228 3813 1245 3839 ,
1271 3774 1656 3828 συνεσκιάσθαι
1676 3773 1733 3826 δὲ
1763 3774 1858 3828 καὶ
1883 3775 2067 3828 λαϐεῖν

491 3864 646 3933 ἰσχὺν
675 3866 752 3927 είς
785 3864 845 3918 τὸ
874 3866 1055 3918 λαθεῖν
1075 3906 1090 3929 ,
1122 3866 1180 3917 ὃν
1212 3866 1410 3936 τρόπον
1439 3867 1533 3919 ἐπὶ
1556 3865 1649 3918 τοῦ
1677 3865 1808 3918 Υἱοῦ
1826 3907 1840 3931 ,
1874 3866 2069 3919 ἀδύνα-

486 3972 582 4008 τον
618 3951 705 4025 ἦν.
736 3956 797 4008 El
835 3958 943 4027 γὰρ
966 3959 1060 4009 καὶ
1090 3957 1277 4024 κοινῆς
1323 3956 1493 4027 οὔσης
1550 3957 1645 4011 καὶ
1695 3958 2068 4027 τετριμμένης

489 4046 591 4115 τῆς
618 4045 713 4098 τοῦ
742 4045 872 4098 Υίοῦ
906 4047 1279 4119 προσηγορίας
1311 4047 1461 4116 ὅμως
1483 4045 1574 4099 τὸν
1604 4046 1733 4099 Υίὸν
1764 4047 1942 4117 σάρκα
1971 4048 2069 4099 λα-

490 4138 688 4201 ϐὁντα,
721 4140 803 4191 ὅτι
838 4140 986 4194 Θεοῦ
1027 4141 1353 4210 Υὶὸν(ὄπερ
1382 4136 1480 4210 ἦν)
1505 4138 1691 4206 ἔλεγεν
1718 4140 1942 4207 ἐαυτὸν,
1975 4140 2071 4193 καὶ

491 4233 757 4299 κρημνοῖς
784 4230 985 4295 ἐξῶσαι
1018 4233 1112 4284 καὶ
1133 4232 1440 4301 ῥαπίσμασι
1482 4232 1726 4302 βαλεῖνη
1759 4233 1854 4285 καὶ
1898 4233 1958 4285 τὸ
1982 4250 2072 4285 τε-

492 4322 741 4376 λευταῖον
772 4325 991 4394 σταυρῷ
1033 4324 1341 4395 ἀναρτῆσαι
1380 4326 1723 4397 ἐξεμάνησαν
1746 4366 1760 4388 ,
1795 4324 1847 4377 τί
1875 4324 1974 4376 οὐκ
2004 4325 2071 4378 ἂν

493 4413 760 4482 ἐποίησαν
792 4417 886 4467 καὶ
931 4417 1088 4469 αὐτοὶ
1120 4422 1212 4468 καὶ
1255 4419 1303 4469 οί
1358 4416 1601 4488 μαθηταὶ
1641 4416 1827 4469 δούλου
1860 4414 2072 4486 μορφὴν

495 4503 764 4575 ὁρῶντες,
800 4508 846 4559 εί
877 4510 905 4560 ὁ
937 4510 1243 4579 σαρκωθεὶς
1290 4510 1474 4576 ἔλεγεν
1497 4550 1511 4576 ,
1553 4507 1701 4577 Ἐγώ
1741 4510 1855 4577 ειμι
1886 4511 1918 4561 ὀ
1954 4511 2074 4561 Πα-

493 4598 630 4666 τὴρ,
656 4600 687 4669 ἢ
713 4600 780 4652 τὸ
798 4602 1042 4671 Πνεῦμα
1073 4602 1139 4655 τὸ
1177 4603 1385 4671 ἄγιον;
1418 4601 1560 4655 ὥστε
1587 4602 1647 4655 τὸ
1672 4603 1779 4655 πᾶν
1808 4603 1906 4671 τῆς
1936 4602 2077 4654 οίκοο

2167 3500 2337 3566 Quem
2366 3501 2510 3556 enim
2556 3502 2625 3557 ad
2672 3502 2892 3557 modum
2934 3504 3037 3559 sub
3088 3503 3206 3571 lege
3234 3504 3354 3559 Filii
3390 3514 3483 3559 aut
3515 3504 3751 3574 Spiritus

2172 3602 2359 3661 aperta
2409 3594 2806 3663 promulgatio,
2861 3594 2930 3648 ob
2977 3607 3110 3660 eas,
3166 3609 3301 3663 quas
3342 3606 3501 3649 antea
3553 3609 3749 3649 causas

2168 3684 2425 3749 diximus,
2463 3688 2620 3738 noxia
2652 3686 2767 3739 fore
2809 3685 3094 3741 videbatur
3136 3687 3222 3750 iis,
3252 3686 3345 3754 qui
3389 3686 3565 3742 adhuc
3602 3686 3750 3741 cica—

2169 3776 2332 3831 trices
2379 3775 2563 3830 inﬂicti
2597 3794 2626 3830 a
2662 3778 2885 3831 deorum
2925 3777 3269 3833 multitudine
3310 3777 3547 3832 vulneris
3588 3792 3747 3846 gere-

2169 3864 2317 3920 bant.
2359 3865 2453 3920 Sic
2501 3876 2650 3921 certe
2698 3866 2915 3922 Patrem
2948 3866 3032 3921 vel
3068 3868 3329 3937 Spiritum
3375 3878 3624 3923 sanctum
3662 3868 3750 3921 in-

2174 3957 2407 4023 carnari,
2443 3958 2742 4027 umbraque
2790 3958 2919 4029 tegi,
2976 3969 3032 4013 et
3067 3958 3266 4014 latendi
3301 3958 3549 4027 accipere
3581 3957 3754 4012 facul-

2174 4057 2337 4101 tatem
2369 4048 2533 4119 (utin
2566 4048 2705 4103 Filio
2734 4049 2960 4118 factum)
2995 4047 3331 4120 impossibile
3366 4048 3577 4105 fuisset.
3617 4048 3751 4103 Nam

2171 4139 2216 4192 si
2272 4149 2382 4192 tum
2435 4154 2686 4210 quoque,
2745 4156 2867 4196 cum
2927 4141 3051 4196 Filii
3105 4141 3395 4212 appellatio
3448 4143 3754 4196 communis

2173 4239 2340 4295 esset,
2373 4240 2536 4300 atque
2580 4247 2677 4286 usu
2726 4234 2874 4296 trita,
2910 4234 3083 4303 ipsum
3133 4242 3312 4288 tamen
3358 4232 3553 4287 Filium
3589 4246 3755 4288 carne

2176 4320 2418 4375 indutum
2488 4324 2611 4391 quia
2678 4324 2770 4377 Dei
2824 4322 3028 4378 Filium
3082 4324 3258 4395 (quod
3310 4327 3467 4394 erat)
3513 4324 3752 4394 seipsum

2174 4413 2311 4466 dixit
2352 4424 2403 4480 ιι,
2431 4432 2495 4469 ex
2526 4417 2743 4471 editiori
2788 4416 2907 4473 loco
2950 4418 3314 4487 praecipitare,
3343 4428 3398 4471 et
3445 4417 3615 4484 alapis
3656 4431 3754 4471 ex-

2175 4504 2360 4573 cipere
2413 4520 2463 4570 ο,
2492 4522 2555 4560 ac
2589 4510 2804 4560 tandem
2834 4510 2984 4562 cruci
3026 4508 3231 4563 furiose
3264 4508 3480 4578 alligare
3514 4506 3751 4576 aggressi

2177 4605 2322 4657 sunt,
2351 4598 2493 4667 quod
2545 4614 2649 4651 non
2702 4600 2961 4654 fecissent
2995 4610 3052 4653 et
3087 4599 3213 4667 ipsi,
3245 4609 3301 4654 et
3334 4599 3606 4668 discipuli,
3641 4597 3754 4669 [so-

495 4689 691 4758 νομίας
735 4692 1056 4761 θεοπρεπῶς
1105 4709 1165 4744 τε
1213 4693 1309 4747 καὶ
1355 4694 1497 4763 ὑπὲρ
1531 4692 1689 4761 λόγον
1736 4694 1830 4745 καὶ
1862 4691 2065 4745 ἔννοιαν

2178 4689 2310 4761 lam]
2341 4692 2480 4745 servi
2514 4691 2755 4745 videntes
2782 4692 3033 4757 formam,
3065 4692 3109 4746 si
3142 4692 3458 4746 incarnatus
3482 4691 3753 4773 dixisset:

494 4776 983 4848 διεπραγματεύθη
1007 4818 1023 4843 ,
1066 4779 1159 4831 καὶ
1180 4779 1278 4849 τὴν
1304 4779 1411 4834 τῶν
1446 4779 1747 4851 ἀνθρώπιον
1792 4780 2065 4851 σωτηρίαν

2178 4784 2293 4851 Ego
2331 4798 2447 4836 sunt
2488 4782 2669 4847 Pater,
2705 4782 2787 4837 vel
2831 4782 3066 4851 Spiritus
3090 4793 3305 4837 sanctus
3329 4785 3354 4837 ?
3390 4782 3531 4852 Ergo
3556 4781 3755 4835 divini-

497 4868 899 4937 ἀπειργάσατο.

573 5134 711 5185 Κατ’
737 5134 910 5205 ἀρχὰς
942 5135 1127 5207 μέντοι
1159 5137 1187 5189 6
1219 5136 1393 5205 Λόγος
1425 5137 1487 5190 οὐ
1509 5138 1854 5211 σεσάρκωται
1885 5141 1979 5192 καὶ
2006 5139 2075 5193 δι’

498 5224 666 5288 ἄλλας
700 5227 800 5297 μὲν
825 5228 1040 5296 αἰτίας,
1082 5230 1339 5284 καδδιότι
1387 5232 1489 5283 οὐκ
1529 5231 1636 5283 ἔδει
1682 5231 1840 5294 εὐθὺς
1866 5232 1926 5285 τὸ
1978 5234 2075 5303 μέ-

498 5332 688 5387 γιστον
735 5317 845 5371 τῶν
892 5320 1203 5391 φαρμάκων
1250 5323 1364 5385 τοῖς
1394 5320 1612 5375 νοσοῦσι
1646 5325 2033 5392 προσενεγκεῖν
2056 5362 2072 5388 ,

579 5470 607 5498 υ
638 5459 773 5517 Luc.
809 5477 883 5529 tv,
918 5463 1008 5519 29.
1086 5470 1114 5501 ο
1147 5461 1316 5519 Marc.
1352 5478 1467 5530 xrv,
1502 5461 1603 5529 (i5;
1638 5460 1798 5518 Joan.
1836 5478 1954 5529 xix,
1981 5463 2035 5518 5.

2188 4882 2293 4939 tus,
2328 4882 2383 4927 et
2411 4888 2570 4941 supra
2601 4888 2762 4940 quam
2794 4872 2896 4927 dici
2930 4887 2995 4927 ac
3022 4874 3248 4943 cogitari
3280 4873 3473 4941 possit,
3501 4873 3756 4926 universa

2184 4964 2369 5018 mundi
2407 4964 2727 5033 gubernatio
2767 4980 2871 5019 una
2924 4980 3049 5020 cum
3096 4965 3377 5020 hominum
3418 4962 3592 5018 salute
3630 4976 3757 5027 pro-

2184 5064 2369 5108 curata
2410 5063 2515 5107 est.

2257 5148 2510 5202 Attamen
2545 5165 2669 5205 mox
2699 5151 2767 5203 ab
2800 5148 2959 5204 initio
2997 5147 3235 5203 Verbum
3283 5146 3620 5201 incarnatum
3650 5156 3755 5195 non

2182 5248 2303 5301 est.
2355 5256 2476 5294 cum
2531 5242 2654 5298 aliis
2702 5242 2768 5297 de
2821 5242 3020 5309 causis,
3060 5251 3170 5296 lum
3222 5240 3423 5294 idcirco
3463 5234 3602 5304 quod
3650 5248 3755 5286 non

2183 5340 2460 5399 0Porteret
2491 5336 2677 5390 statim
2720 5336 3020 5391 maximum
3056 5334 3507 5389 medicamentum
3550 5323 3758 5379 morbi-

1779 5625 2017 5684 VARUE
2050 5628 2454 5691 LECTIONES.

583 5731 624 5761 "
652 5727 887 5782 ἕκαστον
916 5743 980 5791 ς.
1047 5725 1093 5757 ⁷⁸
1121 5723 1301 5795 βαλεῖν
1326 5738 1466 5780 corr.
1510 5722 1553 5776 A
1591 5739 1605 5776 :
1642 5718 1827 5776 λαϐεῖν
1864 5737 1927 5783 ς.
