4032 6430
451 339 558 405 783

1570 335 1836 399 ΡΗΟΤΙῘ
1872 337 2379 400 PATRIARCH/E
2414 340 2523 400 CP.

3581 356 3678 424 ’184

455 452 540 505 dis
573 445 914 511 σαυνάκα
957 458 1078 512 quae
1124 444 1234 498 vim
1277 443 1542 500 haberent
1585 445 1844 536 paulatim
1888 461 2025 500 mor-

2129 445 2269 500 ἀλιλά
2318 447 2388 500 τά
2435 449 2522 501 ἐπ’
2575 448 2794 503 ἔλαττον
2843 451 3086 505 ἐλαύνειν
3138 454 3238 523 τὴν
3267 456 3418 511 νόσον
3469 459 3682 536 δύναμιν

453 541 578 595 bum
615 535 886 608 abigendi.
920 533 1004 590 Ad
1037 536 1174 600 haec,
1210 533 1278 589 ab
1309 534 1465 590 initio
1500 535 1733 591 Verbum
1783 535 2028 590 incarna-

455 644 590 696 tum,
613 644 718 684 non
745 626 906 683 modo
929 636 1188 695 quantam
1216 625 1270 680 in
1299 625 1408 680 line
1435 635 1764 695 temporum,
1792 627 2028 680 adventu

449 737 552 778 suo
591 721 881 776 utilitatem
910 714 1065 790 [non]
1101 716 1442 788 pratbuisset,
1477 718 1572 772 sed
1613 717 2027 772 incitamentum

451 814 630 882 potius
655 809 954 866 idololatris
978 808 1045 864 ad
1065 821 1308 865 errorem
1327 808 1629 878 iudicatum
1652 808 1868 864 fuisset.
1891 805 2027 862 Nam

449 905 518 971 si,
550 918 670 959 cum
699 900 877 958 (ἔτκοὶ
911 915 1096 956 rerum
1125 901 1458 969 potirentur,
1491 901 1762 956 similibus
1792 899 2028 956 aﬂ'ectio—

452 999 610 1052 nibus
643 995 910 1052 obnoxios
959 994 1212 1050 homines
1261 1003 1370 1048 tam
1415 992 1575 1048 facile
1619 995 1670 1048 in
1709 994 1801 1048 Dei
1829 993 2028 1048 evehe-

450 1090 583 1144 bant
623 1088 964 1158 dignitatem,
1001 1085 1272 1158 quomodo
1315 1086 1551 1141 scientes
1589 1087 1644 1140 in
1693 1100 1859 1141 carne
1889 1083 2024 1140 Ver-

450 1179 579 1233 bum
613 1191 905 1246 apparens,
936 1185 1192 1244 tanquam
1231 1174 1400 1229 Deum
1438 1173 1726 1239 celebrari,
1760 1189 1865 1228 nou
1911 1185 2024 1232 sta-

449 1275 544 1330 tim
607 1275 731 1330 inde
788 1273 1036 1328 {ictorum
1065 1287 1094 1326 a
1121 1286 1182 1327 se
1227 1272 1449 1326 deorum
1489 1270 1734 1339 exempla
1757 1281 2021 1340 peterent,

450 1365 645 1435 iisque,
682 1365 772 1436 qui
809 1373 1136 1419 conarentur
1174 1362 1240 1415 ab
1269 1362 1372 1416 hoc
1410 1376 1596 1415 errore
1631 1361 1887 1425 avellere,
1916 1376 2023 1417 non

450 1455 857 1527 promptissime
884 1454 1298 1522 eXprobrarent,
1348 1453 1466 1506 illos
1507 1453 1671 1520 ipsos,
1713 1452 1802 1519 qui
1843 1464 2025 1520 repre-

452 1548 752 1604 henderent
801 1546 1072 1601 hominem
1119 1558 1272 1613 :eque
1317 1559 1417 1613 pro
1467 1545 1574 1597 Deo
1618 1543 1914 1612 praedicare
1959 1559 2024 1598 ac

449 1638 713 1692 venerari.
747 1634 1040 1705 Propterea
1080 1635 1225 1687 enim
1269 1648 1377 1701 quo
1413 1642 1656 1702 tempore
1687 1631 1864 1688 Graeci
1895 1634 2024 1688 deos

449 1728 795 1793 fabricareut,
829 1724 1020 1796 195a
1050 1723 1234 1778 Patris
1270 1738 1483 1792 quoque
1519 1725 1698 1779 unitas
1733 1722 2023 1794 praedicata

2129 539 2340 610 ἔχοντα.
2373 541 2493 594 Ἔτι
2525 539 2582 594 δέ
2610 545 2704 596 καὶ
2727 544 2810 597 ὄτι
2853 548 2976 598 κατ’
3009 545 3186 616 ἀρχὰς
3223 551 3521 619 σαρκωθεὶς
3541 558 3569 608 ὁ
3593 559 3687 613 Λό.

2127 649 2222 700 γος
2241 634 2304 685 οὐ
2339 631 2498 702 μόνον
2519 636 2565 670 τ’
2587 638 2848 706 παρεῖχεν
2871 637 2996 707 ἴσην
3021 637 3212 709 ὥσπερ
3243 640 3335 694 ἐπὶ
3361 643 3503 697 τέλει
3528 666 3687 718 παρα.

2124 722 2368 791 γεγονὼς
2397 725 2496 795 τὴν
2523 725 2797 795 ὠφέλειαν
2813 769 2828 792 ,
2850 729 2985 782 ἀλλά
3011 731 3106 784 καὶ
3135 733 3480 806 παράκλησις
3503 740 3689 808 μᾶλλον

2125 816 2239 878 τοῖς
2268 816 2716 888 είδωλολατροῦσι
2745 821 2882 890 πρὸς
2922 822 3022 891 τὴν
3067 822 3280 892 πλάνην
3308 827 3603 897 ἐνομίζετο.
3632 835 3688 888 Ei

2126 905 2236 976 γάρ
2258 945 2274 972 ,
2314 908 2404 960 ὅτε
2436 909 2628 974 παῖδες
2673 910 2941 982 Ἐλλήνων
2970 915 3175 986 ἐπέστη
3199 916 3267 982 ⁸⁸,
3288 919 3415 982 τοὺς
3439 922 3690 990 ὁμοιοπά-

2127 995 2240 1058 Osi:
2280 998 2604 1070 ἀνθρώπους
2634 1003 2715 1065 εἰς
2742 1003 2802 1056 τὸ
2829 1004 2925 1058 τοῦ
2958 1005 3094 1060 Θεοῦ
3143 1008 3337 1079 ῥᾳδίως
3382 1011 3693 1078 ἀνεὸίϐαζον

2127 1088 2372 1160 ἀξίωμα,
2404 1093 2521 1156 πῶς
2542 1094 2631 1161 ἂν,
2655 1095 2858 1160 εἰδότες
2883 1098 3047 1169 σαρκὶ
3071 1099 3164 1153 τὸν
3188 1102 3362 1170 Λόγον
3381 1105 3694 1174 φαινόμενον

2131 1184 2227 1236 καὶ
2257 1185 2392 1238 Θεὸν
2431 1187 2789 1259 ὑμνούμενον,
2811 1191 2934 1260 οὐχὶ
2959 1191 3068 1245 τῶν
3115 1193 3246 1264 παρ’
3280 1195 3464 1260 αὐτοῖς
3494 1198 3694 1252 πεπλα-

2130 1275 2346 1343 σμένων
2375 1276 2514 1330 θεῶν
2557 1279 2765 1332 ἐκεῖθεν
2793 1275 2980 1335 εἷλκον
3006 1283 3074 1337 τὰ
3114 1286 3535 1357 παραδείγματα
3557 1328 3573 1353 ,
3609 1293 3695 1344 καὶ

2126 1367 2250 1428 τοὺς
2283 1367 2578 1436 μέλλοντας
2598 1371 2796 1435 αὐτοὺς
2821 1374 2921 1442 τῆς
2950 1375 3158 1458 πλάνης
3183 1379 3441 1449 ἀποσπᾷν
3466 1379 3696 1452 εὐχερῶς

2125 1457 2226 1510 οὑκ
2256 1457 2322 1511 ἂν
2374 1459 2793 1527 ἀντωνείδιζον,
2840 1457 3127 1535 ἄνθρωπον
3189 1470 3284 1521 καὶ
3335 1470 3537 1534 αὐτοὺς
3581 1475 3699 1536 τοὺς

2125 1549 2484 1620 αἰτιωμένους
2513 1553 2646 1606 Θεόν
2671 1571 2729 1607 τε
2753 1555 2944 1625 ὑμνεῖν
2976 1559 3069 1609 καὶ
3105 1559 3361 1613 σέϐεσθαι
3381 1601 3396 1626 ,
3426 1562 3527 1614 Διὰ
3552 1562 3699 1616 τοῦτο

2125 1640 2236 1712 γὰρ
2259 1643 2380 1694 τότε
2406 1644 2514 1696 τῶν
2552 1645 2818 1716 Ἐλλήνων
2844 1647 3166 1718 ἀνθρώπους
3192 1650 3582 1707 θεοποιούντων
3610 1658 3699 1708 καὶ

2127 1733 2160 1799 ἠ
2189 1731 2282 1785 τοῦ
2321 1735 2534 1802 Πατρός
2583 1737 2750 1806 μονὰς
2777 1739 3190 1809 ἐκηρύττετοεί.
3230 1743 3442 1798 Οὐκοῦν
3470 1745 3575 1798 ἔδει
3608 1748 3702 1816 μὲν

448 1826 552 1875 est.
603 1817 705 1890 [Ne
749 1819 878 1874 item
924 1817 1173 1872 dicerent
1204 1832 1218 1869 :
1273 1815 1327 1869 Si
1361 1815 1678 1879 distulisset,
1711 1816 1827 1871 suis
1857 1831 1915 1872 se
1947 1817 2025 1872 vi-

2128 1821 2312 1875 ἐκεῖνα
2357 1824 2573 1891 πρῶτον
2604 1824 2886 1897 [ἀργῆσαι
2907 1870 2922 1893 ,
2973 1829 3123 1902 ἔδει]
3162 1835 3580 1904 καταργηθῆναι
3609 1812 3702 1892 ⁷διὰ

450 1909 598 1963 ribus
631 1907 926 1962 humanum
973 1921 1140 1974 genus
1181 1905 1396 1960 salvare
1438 1905 1721 1972 potuisset,
1755 1915 1920 1976 atque
1953 1906 2026 1960 ita

447 2013 658 2054 summa
713 1996 890 2064 gratia
952 1996 1142 2050 fuisset
1205 1995 1430 2065 ingratis
1493 2010 1768 2050 summum
1831 1996 2025 2064 ingrati

448 2090 616 2145 animi
656 2088 870 2144 vitium.
903 2087 1020 2141 Etsi
1068 2088 1200 2141 nihil
1243 2088 1405 2140 etiam
1450 2087 1518 2141 ab
1551 2089 1704 2142 initio
1738 2091 2021 2168 vetuisset,

447 2181 638 2238 salutis
688 2179 806 2235 loco
859 2180 1268 2234 contentionum
1319 2189 1569 2234 amantes
1626 2180 1900 2243 homines,
1944 2179 2026 2235 sic

450 2286 666 2328 rursum
711 2272 962 2326 dubitare
999 2288 1014 2324 :
1059 2267 1169 2323 Cur
1201 2285 1306 2322 non
1341 2270 1392 2323 in
1435 2271 1562 2332 ﬁne,
1594 2271 1689 2324 sed
1735 2271 1789 2324 in
1829 2272 2027 2340 princi-

447 2364 538 2434 pio
572 2381 586 2417 :
621 2375 734 2428 aut,
765 2378 864 2418 cur
899 2378 1006 2415 non
1049 2362 1101 2415 in
1147 2361 1323 2415 medio
1369 2370 1670 2430 letnpnrum
1713 2377 1895 2426 cursu,
1930 2367 2026 2419 sed

449 2455 502 2509 in
557 2455 818 2524 principio
866 2452 1100 2508 Verbum
1161 2453 1500 2506 incarnatnm
1557 2453 1674 2507 est?
1730 2453 1802 2506 ita
1859 2454 1910 2507 in
1966 2469 2026 2510 se

449 2555 638 2599 mutuo
687 2544 1018 2614 quaestiones
1060 2544 1356 2597 secundum
1407 2543 1670 2612 triplicem
1721 2552 2022 2612 temporum

449 2637 811 2692 diilerentiam
881 2641 1261 2706 torquentes.]
1324 2632 1621 2702 Oportebat
1679 2633 1862 2702 itaque
1919 2635 2024 2704 pri-

448 2743 596 2784 nuun
655 2729 745 2782 illa
797 2728 1072 2792 evacuari,
1121 2737 1174 2781 et
1233 2743 1296 2780 ea
1349 2725 1564 2794 quidem
1616 2725 2020 2794 praedicatione,

2126 1910 2222 1962 τοῦ
2256 1912 2646 1982 κηρύγματος,
2685 1916 2714 1966 ὃ
2741 1917 2832 1969 τὸν
2869 1919 3087 1989 Πατέρα
3120 1923 3281 1991 μόνον
3314 1917 3698 1994 κατήγγελλὲνλ

2128 1996 2228 2052 εἷθ’
2258 2002 2400 2055 οὑτω
2445 2003 2586 2076 λήθῃ
2633 2005 2882 2079 δοθείσης
2924 2010 3022 2081 τῆς
3060 2012 3310 2067 θεοποιοῠ
3361 2015 3576 2087 πλάνης
3617 2020 3700 2071 τὸν

2127 2093 2303 2164 ἀληθῆ
2332 2095 2466 2150 Θεὸν
2497 2099 2554 2150 ἐν
2584 2099 2751 2169 σαρκὶ
2777 2103 3187 2173 φανερωθῆναι.
3225 2108 3385 2160 Οὕτω
3424 2108 3525 2178 μὲν
3556 2108 3648 2164 οὖν
3675 2115 3701 2166 ὁ

2125 2185 2279 2253 λόγος
2303 2186 2402 2255 τῆς
2430 2187 2517 2239 ἐπ’
2559 2190 2788 2260 ἐσχάτου
2818 2192 2926 2247 τῶν
2978 2198 3204 2266 ἡμερῶν
3234 2200 3330 2252 τοῦ
3366 2202 3545 2270 Λόγου
3576 2220 3700 2274 σαρ-

2127 2277 2369 2342 κώσεως.
2407 2282 2518 2334 Καὶ
2552 2283 2805 2357 καθάπερ
2855 2290 2883 2341 ὁ
2929 2289 3147 2359 πρῶτος
3202 2295 3430 2363 σεισμὸς
3479 2295 3566 2349 διὰ
3602 2297 3701 2349 τῶν

2126 2370 2384 2424 ἐναντίων
2435 2372 2625 2427 ίάσατο
2671 2377 2734 2430 τδ
2764 2379 3028 2434 πολύθεον
3082 2385 3535 2455 ἐπικρυψάμενος
3600 2388 3700 2440 τῶν

2125 2457 2476 2513 ὑποστάσεων
2525 2462 2587 2515 τὸ
2617 2465 2912 2535 διάφορον,
2948 2469 3094 2524 οὕτω
3110 2473 3155 2504 ⁸⁸
3209 2476 3301 2526 καὶ
3352 2477 3412 2527 ἐν
3455 2476 3696 2546 ἐσχάτοις

2125 2551 2336 2616 καιροῖς
2359 2588 2374 2612 ,
2403 2551 2504 2622 τῆς
2535 2552 2837 2626 Ἰουδαϊκῆς
2861 2559 3019 2630 δόξης
3041 2564 3122 2625 εἰς
3152 2564 3210 2614 ἓν
3238 2566 3534 2635 πρόσωπον
3563 2569 3700 2638 νόμῳ

2126 2638 2222 2690 καὶ
2241 2639 2428 2715 χρόνῳ
2460 2647 2858 2718 κρατυνοείσης
2894 2652 2988 2704 καὶ
3022 2656 3386 2728 περιελούσης
3429 2659 3493 2712 τὸ
3542 2662 3697 2714 πολύ-

2127 2729 2279 2796 θεον,
2313 2734 2339 2785 ό
2370 2733 2497 2797 Υίὸς
2518 2740 2820 2806 τηνικαῦτα
2847 2741 3166 2814 θεοπρεπῶς
3194 2767 3252 2802 τε
3285 2753 3384 2804 καὶ
3411 2753 3703 2824 φιλανθρὼ-

447 2834 569 2888 quae
596 2817 810 2872 Patrem
837 2816 1009 2872 solum
1039 2816 1385 2870 annuntiaret
1416 2833 1429 2868 :
1462 2815 1761 2884 deindeque
1795 2815 2022 2870 deorum

2129 2839 2250 2885 πως
2281 2826 2377 2877 καὶ
2406 2827 2583 2897 σάρκα
2632 2831 2904 2902 λαμϐάνει
2950 2838 3046 2891 καὶ
3074 2841 3136 2892 τὸ
3161 2842 3262 2911 τῆς
3307 2815 3542 2914 Τριάδος
3568 2815 3702 2900 κατὰ

445 2910 874 2980 eilingendorum
925 2923 1113 2964 errore
1163 2923 1194 2962 e
1247 2910 1505 2962 memoria
1557 2907 1790 2974 sublato,
1833 2923 2020 2964 verum

2129 2915 2326 2986 μικρὸν
2354 2918 2723 2977 ἀνακαλύπτει
2755 2930 3074 3000 μυστήριον,

447 3003 616 3060 Deum
661 3005 718 3059 in
764 3018 931 3058 carne
978 3002 1332 3058 manilestari.
1389 3001 1480 3056 Sic
1535 2989 1698 3072 igitur
1743 3016 1803 3057 se
1847 3004 2014 3061 habet
2046 3005 2163 3062 haec
2209 3011 2278 3065 de
2313 3010 2477 3068 Verbi
2532 3018 2585 3071 in
2639 2989 2897 3090 temporis
2919 2989 3280 3094 "plenitudine
3335 3030 3702 3087 incarnatione

447 3100 810 3156 ratiocinatio.
864 3099 932 3153 Et
972 3099 1426 3168 quemadmodum
1482 3099 1689 3163 primus
1731 3100 1820 3153 ille
1877 3111 2221 3160 terrametus
2275 3122 2372 3176 per
2412 3114 2722 3169 contrarias
2761 3121 3005 3174 rationes
3073 3123 3296 3179 deorum
3365 3127 3696 3182 multitudini

449 3196 772 3251 medicinam
808 3193 956 3258 fecit,
988 3195 1116 3247 dum
1153 3209 1508 3262 personarum
1545 3195 1833 3249 discrimen
1867 3197 2022 3260 texit,
2064 3198 2134 3251 ita
2171 3199 2225 3253 in
2266 3202 2582 3260 novissimis
2617 3222 2832 3278 quoque
2875 3215 3229 3281 temporibus,
3288 3231 3420 3271 cum
3485 3217 3702 3274 Judaica

446 3287 652 3354 opinio,
678 3285 732 3339 in
762 3300 927 3339 unam
980 3300 1264 3353 personam
1311 3285 1429 3355 lege
1473 3301 1537 3341 ac
1607 3296 1850 3357 tempore
1907 3289 2280 3358 corroborata,
2330 3296 2552 3351 deorum
2623 3302 3022 3361 multitudinem
3088 3308 3456 3380 proﬂigasset,
3531 3320 3584 3366 et
3628 3313 3703 3367 di-

448 3379 653 3434 vinitus
687 3387 812 3432 tunc
852 3375 947 3430 Dei
984 3375 1152 3430 Filius
1182 3391 1244 3430 ac
1285 3377 1516 3447 benigne
1551 3393 1771 3448 carnem
1804 3379 2120 3450 assumpsit,
2145 3393 2200 3437 et
2233 3383 2516 3443 Trinitatis
2556 3394 2866 3461 mysterium
2899 3375 3155 3464 paulatim
3191 3375 3422 3456 detexit.

516 3473 608 3528 51.
649 3472 814 3528 Addit
871 3473 992 3527 istis
1045 3473 1318 3541 sapienter
1381 3474 1602 3529 omnino
1661 3475 2090 3541 Salvatorem,c

449 3567 630 3621 verbis
658 3567 876 3634 quidem
902 3564 1198 3620 humilibus
1226 3565 1446 3633 utendo,
1473 3567 1770 3622 divinitatis
1793 3571 2022 3623 abscon-

449 3657 594 3714 disse
627 3657 860 3721 radium,
895 3659 989 3712 sed
1022 3671 1115 3725 per
1147 3657 1294 3710 illius
1319 3671 1482 3725 opera
1513 3656 1780 3725 effecisse,
1812 3671 1869 3714 ut
1897 3677 2022 3715 om-

449 3747 749 3815 nipotentis
793 3746 1009 3800 virtutis
1059 3743 1317 3811 maiestas
1349 3743 1648 3814 eﬂ'ulgerel,
1679 3762 1742 3800 ac
1782 3764 1876 3817 per
1911 3751 2024 3806 haec

453 3828 645 3883 eadem
691 3829 971 3896 praedicari
1015 3828 1307 3881 videretur.
1343 3828 1519 3896 Atque
1551 3831 1674 3884 hinc
1697 3832 1882 3897 etiam,
1927 3834 2020 3900 ait,

447 3922 666 3976 dicebat
703 3940 716 3975 :
757 3919 920 3974 Verba
963 3936 1080 3988 (ματ
1129 3936 1221 3989 ego
1257 3919 1461 3990 loquor,
1489 3939 1519 3973 (ι
1551 3924 1743 3990 meipso
1791 3940 1896 3978 non
1942 3925 2023 3978 lo-

446 4028 615 4081 quor;
641 4011 802 4064 Pater
824 4021 998 4062 autem
1029 4011 1079 4060 in
1106 4024 1185 4061 me
1218 4025 1452 4076 mortem,
1480 4011 1588 4077 ipse
1613 4011 1738 4079 facit
1766 4030 1924 4078 opera
1965 4025 2017 4072 Ρ,

447 4105 656 4160 Credite
708 4102 835 4154 mihi
882 4099 1022 4172 (56),
1051 4102 1172 4169 quia
1203 4117 1294 4168 ego
1320 4101 1375 4154 iu
1395 4099 1578 4169 Patre,
1608 4113 1654 4156 et
1697 4103 1925 4160 Peterin
1942 4124 2022 4162 me

447 4207 521 4251 est
557 4212 575 4249 :
609 4194 844 4264 alioquin
879 4201 1090 4262 propter
1115 4208 1268 4261 opera
1295 4194 1407 4259 ipsa
1430 4195 1639 4248 credite.
1675 4194 1816 4248 Duas
1840 4209 2019 4254 autent

449 4289 550 4343 has
603 4288 674 4340 oh
725 4300 925 4344 causas
989 4285 1270 4337 verborum
1315 4285 1669 4339 humilitatem
1734 4289 2020 4355 adhibuit;

448 4380 684 4448 primum
730 4377 948 4447 quidem
997 4377 1064 4429 ad
1102 4374 1410 4429 Judarorunt
1458 4373 1896 4431 eﬂervescentem
1945 4379 2029 4433 itt—

451 4475 648 4529 vidiam
691 4473 1081 4542 mitigandam;
1119 4471 1312 4524 deinde
1353 4485 1479 4524 vero
1523 4480 1581 4523 ut
1611 4472 1768 4525 nobis
1815 4488 2025 4543 quoque

2130 4487 2258 4552 μίαν
2289 4489 2408 4557 μὲν,
2441 4491 2532 4544 τὸν
2574 4493 2768 4560 φθόνον
2816 4497 2926 4549 τῶν

451 4565 773 4620 humilitatis
825 4563 1132 4632 exemplum
1183 4562 1410 4630 ipsumet
1464 4562 1609 4616 facto
1667 4565 2026 4633 exprimeret;

451 4658 613 4712 tertio
646 4658 832 4722 etiam,
862 4656 989 4725 quia
1029 4654 1314 4708 verborum
1346 4652 1598 4722 splendor
1662 4671 1767 4708 non
1801 4661 2024 4714 omnino

2129 4673 2634 4743 ταπεινοφροσύνης
2671 4678 2818 4748 ἔργῳ
2860 4680 3013 4734 διατυ
3024 4683 3161 4734 πῶν·

451 4751 690 4804 actiones
729 4748 892 4803 simul
937 4746 1176 4801 emicare
1212 4742 1360 4808 facit,
1396 4759 1520 4798 cum
1566 4755 1742 4800 tamen
1773 4758 2023 4805 naturam

523 4877 547 4916 ν
578 4865 734 4922 Joan.
769 4882 880 4930 xiv,
915 4867 1002 4920 10.

2211 3477 2437 3550 Ἐπάγει
2461 3483 2518 3537 δὲ
2540 3486 2750 3550 τούτοις
2771 3488 2846 3551 ὡς
2877 3494 3167 3561 πανσόῳως
3195 3497 3223 3545 ὁ
3251 3496 3447 3567 Σωτὴρ
3475 3499 3588 3561 τοῖς
3610 3498 3702 3568 μὲν

2121 3571 2364 3641 ῥήμασιν
2390 3576 2858 3647 ἐταπεινολογεϊτο
2885 3585 2979 3636 καὶ
3033 3586 3132 3658 τὴν
3155 3587 3258 3656 τῆς
3279 3587 3542 3660 θεότητος
3583 3607 3700 3642 συν-

2120 3661 2371 3718 έστελλεν
2399 3666 2593 3737 αὐγὴν,
2618 3673 2732 3733 τοῖς
2753 3671 2937 3742 ἔργοις
2965 3675 3022 3726 δὲ
3054 3677 3256 3747 ταύτην
3277 3681 3324 3712 ⁸³
3361 3681 3702 3751 παρεσκεύα·

2121 3753 2212 3818 ξεν
2255 3757 2614 3826 ἀστράπτειν,
2657 3761 2752 3814 καὶ
2793 3765 2861 3817 δι’
2893 3767 3075 3820 αὐτῶν
3129 3769 3412 3822 εὑδόκειθδ
3443 3773 3695 3844 κηρύττε-

2123 3847 2246 3901 σθαι
2293 3849 2395 3919 τῆς
2451 3858 2960 3926 παντοκρατορικῆς
3011 3860 3294 3929 δυνάμεως
3348 3863 3594 3938 [321Η.]
3644 3868 3700 3918 τὸ

2130 3938 2366 4011 ἀξίωμα.
2400 3944 2492 3996 Διὸ
2518 3947 2610 3998 καὶ
2632 3947 2804 4014 ἔλεγε,
2853 3951 2927 4004 Τὰ
2949 3953 3188 4021 ῥήματα
3203 3956 3248 3986 ⁸⁵
3290 3955 3327 4009 ἀ
3366 3957 3483 4026 ἐγὼ
3519 3959 3696 4019 λαλῶ,

2129 4027 2232 4081 ἀπ’
2253 4029 2513 4097 ἐμαυτοῦ
2556 4038 2629 4090 οὐ
2679 4039 2867 4092 λαλῶ·
2904 4044 2936 4095 ὀ
2973 4040 3040 4094 δὲ
3062 4045 3264 4113 Πατὴρ
3287 4049 3321 4100 ό
3347 4048 3420 4100 ἐν
3447 4049 3575 4118 ἐμοὶ
3601 4049 3700 4120 μέ-

2129 4133 2253 4170 νων
2277 4121 2460 4187 αὐτὸς
2485 4124 2647 4177 ποιεῖ
2672 4127 2744 4180 τὰ
2781 4129 2946 4199 ἔργα.
2991 4135 3317 4188 Πιστεύετέ
3348 4155 3454 4205 μοι
3480 4140 3567 4192 ὅτι
3595 4140 3702 4210 ἐγὼ

2129 4210 2200 4262 ἐν
2219 4209 2300 4276 τῷ
2327 4216 2508 4282 Πατρὶ
2549 4216 2670 4288 [621
2716 4220 2808 4292 1L]
2841 4223 2938 4275 καὶ
2962 4226 2994 4276 ὀ
3018 4227 3221 4294 Πατὴρ
3247 4229 3317 4281 ἐν
3355 4231 3512 4298 ἐμοί.
3550 4236 3614 4287 Εἰ
3641 4232 3703 4285 δὲ

2119 4302 2230 4369 μὴ,
2262 4305 2362 4357 διὰ
2393 4306 2467 4360 τὰ
2494 4308 2639 4377 ἔργα
2683 4312 2840 4367 αὐτὰ
2890 4319 3206 4372 πιστεύετέ
3250 4339 3368 4388 μοι.
3403 4323 3507 4376 Διά
3537 4322 3628 4375 δύο
3652 4325 3702 4375 δὲ

2123 4393 2325 4458 ταύτας
2361 4398 2541 4462 αἰτίας
2568 4401 2627 4453 τὺ
2655 4406 2909 4457 ταπεινὸν
2943 4408 3051 4460 τῶν
3085 4412 3350 4480 ῥημάτων
3402 4416 3696 4484 ὑπήρχετο·

2987 4501 3255 4556 Ἰουδαίων
3305 4507 3701 4574 καταπραΰνων

2128 4575 2550 4647 φλεγμαίνοντα’
2597 4585 2858 4656 δευτέραν
2905 4590 2983 4657 δὲ,
3034 4594 3129 4645 καὶ
3181 4597 3312 4664 ἡμῖν
3343 4595 3702 4665 ὑπογραμμὸν

3193 4685 3286 4737 καὶ
3317 4686 3530 4757 τρίτην,
3561 4687 3640 4740 ὅτι
3669 4686 3699 4754 ή

2131 4757 2240 4808 τῶν
2282 4763 2545 4830 ῥημάτων
2596 4766 2919 4839 λαμπρότης
2968 4775 3029 4825 οὑ
3071 4774 3290 4839 πάντως
3338 4779 3488 4830 ποιεῖ
3526 4775 3702 4839 συνεξ-

1764 4963 2002 5021 VARUE
2040 4966 2443 5028 LECTIONES.

519 5059 564 5090 7°
594 5059 654 5112 οὑ
689 5059 868 5130 μόνον)
911 5059 1138 5130 alteram
1191 5069 1530 5127 negationem
1576 5063 1726 5117 addit
1762 5061 2046 5115 Schottus.

455 5133 567 5184 hau:
596 5128 743 5183 addit
772 5128 857 5200 mg
878 5128 988 5200 AC.

2122 5063 2168 5094 °°
2199 5066 2402 5148 ἐπέστη
2438 5067 2526 5148 A_C
2563 5072 2931 5148 εέττξστησαν⁸
2966 5093 3026 5138 ς.
3161 5096 3172 5148 j
3209 5088 3331 5148 post
3382 5077 3701 5148 ἐκηρύττετο

1057 5146 1070 5181 :
1112 5131 1206 5182 καὶ
1235 5130 1424 5216 ἴνανμὴ
1454 5131 1684 5199 λέγοιεν,
1735 5133 1784 5216 εξ
1831 5133 2138 5216 ἀνέμεινεν,
2185 5135 2316 5216 αὐτὸ
2364 5130 2428 5190 εἰν
2460 5130 3102 5216 ἐᾳυτὸῌτδᾼάνθρώπινον
3151 5130 3500 5213 όινέῑσώσοιτοξΙ
3523 5150 3611 5200 καὶ
3637 5144 3699 5216 ἧν

451 5201 596 5285 ἆνςῇ
629 5199 1038 5288 ἀνυπέρβλητοξ
1067 5200 1226 5283 χάρις
1243 5199 1366 5288 ,τοῖς
1416 5199 1730 5288 ῥιγνώμοσιν
1762 5199 2211 5288 ὑπερϐάλλούσης
2229 5209 2576 5288 ,ἀχαριστίας
2622 5199 2898 5288 ὑπόθεσις.
2919 5287 2923 5288 ί
2945 5217 3054 5288 ΚᾹαλ
3084 5218 3143 5288 εί
3165 5199 3288 5270 κατ’
3315 5199 3532 5288 ἀρχάξ,
3551 5199 3698 5288 οὐδέν

452 5270 659 5322 ἐκώλυε
711 5269 971 5334 (ἐκώλυσε
1001 5275 1069 5334 Α)
1101 5271 1210 5358 τοῖς
1233 5269 1354 5358 ἀντὶ
1380 5272 1479 5358 τῆς
1513 5269 2200 5358 σωτηὶρίαςντᾶφιλένεωεόν
2223 5269 2449 5358 ζητολῧσι
2481 5269 2652 5358 πάλιν
2676 5269 2955 5358 διαπορεῖν
2977 5286 3066 5358 διὰ
3090 5286 3144 5358 τί
3171 5289 3246 5358 μὴ
3280 5269 3424 5341 κατά
3448 5269 3511 5340 τό
3530 5287 3695 5358 τέλος,

449 5341 730 5426 ἁλλὰβατῖ
759 5342 953 5430 ἀὶρχάέ,
976 5341 1070 5392 καὶ
1109 5339 1199 5426 ἤιά
1232 5339 1293 5430 ξεί
1344 5339 1417 5430 μη
1437 5337 1590 5394 ίκατά
1622 5337 1683 5394 τδ
1703 5337 1924 5430 ῶμέσον,
1959 5337 2076 5426 ἀλλ’
2124 5337 2370 5430 ἐνηάρχῇ
2395 5337 2862 5430 Ίὲσαρξιιώθηηκαῖ

449 5412 681 5479 απορίας
708 5408 963 5479 anesi};
1013 5409 1154 5483 κατὰ
1192 5408 1289 5483 eo):
1319 5408 1508 5479 χρόνον
1543 5408 1766 5483 τριττῆς

1809 5412 2094 5490 διαφοράς.
2169 5415 2213 5446 ⁸³
2249 5412 2412 5490 οὕτω]
2464 5412 2649 5476 lit-alim
2687 5412 2883 5488 ὀὗτος.

454 5483 819 5550 upographum
854 5482 1113 5549 Stephani
1141 5498 1154 5536 :
1187 5479 1362 5533 ἐδόκει
1391 5500 1449 5545 ς.
1528 5479 1592 5514 ⁸⁵⁷
1614 5483 1683 5534 τὰ
1714 5479 2150 5553 ῥήματαῖιίοοη.
2181 5501 2290 5551 inv,
2323 5479 2408 5542 1οῙ

2960 5426 3008 5459 ⁸³
3039 5427 3244 5498 ταύτης
3283 5447 3347 5494 ς.
3376 5426 3387 5430 ⁷
3421 5427 3468 5460 ⁸⁵
3495 5427 3695 5482 εὑδόκει

1997 5595 2234 5656 ΝΟΤΧΕ.

526 5688 636 5768 (35)
672 5688 797 5768 ibeo
823 5693 976 5768 uncis
1003 5689 1208 5768 inclusa
1240 5691 1404 5768 verba
1433 5690 1485 5746 in
1514 5692 1720 5747 duobus
1750 5691 2013 5747 duntaxat
2043 5706 2175 5750 mss.
2216 5696 2551 5768 legebantur.

528 5760 636 5826 (.36)
672 5759 824 5829 Vulg.
860 5757 979 5812 Non
1009 5761 1261 5816 creditis?
