4032 6456
450 385 560 451 785

1530 391 2058 453 BIBLIOTIIECA.
2082 413 2153 426 -ο
2188 393 2352 456 COD.
2391 397 2670 459 CCXXII.

447 495 790 568 αττράπτειν
820 497 913 551 καὶ
941 498 1010 551 τὰ
1037 499 1357 570 πράγματα,
1391 501 1425 571 ἡ
1446 500 1502 554 δὲ
1533 501 1640 553 τῶν
1667 501 1844 571 ἔργων
1868 503 2038 571 ὑπερ-

2145 506 2520 561 excedentium
2569 521 2622 563 et
2661 510 2968 565 divinorum
3021 527 3244 582 operum
3303 520 3552 585 petratio,
3604 537 3722 578 ver-

448 589 596 658 φυὴς
641 587 740 642 καὶ
792 587 1103 660 θεοπρεπὴς
1150 591 1408 655 ἐπίδειξις
1462 594 1557 645 καὶ
1603 592 1712 645 τῶν
1778 593 2038 663 ῥημάτων

449 679 758 749 συνανυψοῖ
784 680 886 751 τὴν
910 681 1210 736 εὐτέλειαν.

541 769 810 824 Ἐνταῦθα
841 771 898 825 δὲ
931 775 1026 826 καὶ
1063 775 1229 846 ῥητοῦ
1257 793 1401 839 τινος
1448 775 1808 844 εὐαγγελικοῦ
1832 775 1878 808 ⁸⁸
1912 777 2040 829 ἀνα-

450 863 690 916 πτύσσει
721 862 963 916 διάνοιαν
986 865 1083 919 τοῦ
1111 867 1382 936 λέγοντος,
1421 867 1542 920 Ti“
1568 868 1742 922 ἐστιν
1769 869 2038 922 εὐκοπώ-

447 967 630 1020 τερον
659 950 872 1018 εἰπεῖν,
905 953 1220 1023 Ἀφέωνταί
1240 971 1356 1010 σου
1381 959 1440 1010 al
1462 957 1760 1026 ἁμαρτίαι,
1789 957 1827 1028 ἢ
1851 960 2040 1028 Ἐγει-

448 1043 623 1112 put“
669 1043 768 1096 καί
814 1045 1158 1114 περιπάτει;
1202 1047 1594 1120 Εὐκοπώτερον
1613 1049 1672 1103 δέ
1699 1067 1864 1120 φησιν
1899 1048 2040 1105 εἶναι

461 1139 529 1191 τὸ
556 1154 791 1207 πρωτον,
837 1140 920 1191 ὅτι
948 1140 1011 1191 τὸ
1061 1139 1160 1210 μὲν
1191 1140 1491 1210 ἀφέωνται
1523 1143 1624 1198 οὐκ
1659 1144 1773 1214 ἔχει
1802 1145 1902 1214 τὴν
1932 1146 2038 1200 τῶν

470 1230 721 1300 ῥημάτων
751 1231 1037 1302 προφορὰν
1064 1232 1140 1295 ὼς
1175 1232 1233 1298 ἐξ
1262 1233 1398 1297 ἰδίας
1419 1233 1662 1298 ἐξουσίας
1693 1236 2040 1306 προφερομέ-

465 1339 560 1390 νην
590 1325 680 1375 καὶ
728 1323 1153 1394 προστάγματος
1196 1325 1369 1395 (οὐδὲν
1403 1326 1510 1396 γὰρ
1556 1325 1758 1380 κωλύει
1805 1329 1899 1380 καὶ
1947 1328 2040 1381 τὸν

461 1415 538 1484 μὴ
572 1415 703 1468 ὄντα
737 1419 835 1486 τῆς
885 1417 1132 1484 ἀφέσεως
1166 1417 1372 1489 Κύριον
1419 1419 1878 1486 εὐαγγελίσασθαι
1909 1421 2041 1473 ταύ-

452 1508 597 1574 την),
652 1507 712 1559 τὸ
767 1506 844 1572 δὲ,
881 1509 1142 1576 Ἔγειραι
1195 1510 1292 1562 καὶ
1347 1509 1657 1578 περιπάτει
1704 1512 2041 1582 Δεσποτικῆς

449 1595 577 1649 ὅλον
612 1598 964 1666 προστάξεως
1020 1599 1276 1669 ἤρτηται,
1313 1601 1488 1664 ἄλλως
1517 1619 1576 1654 τε
1613 1602 1669 1654 δὲ
1704 1602 1794 1656 καὶ
1845 1603 1927 1656 ὅτι
1975 1602 2038 1656 τὺ

453 1690 716 1758 Ἔγειραι
748 1690 848 1744 καὶ
884 1690 1214 1758 περιπάτει,
1259 1693 1580 1762 ἀδιάϐλητον
1638 1694 1804 1766 φέρον
1857 1693 2040 1765 ἔργοις

2142 596 2332 649 borum
2364 614 2470 651 una
2503 614 2688 653 secum
2723 601 3085 656 humilitatem
3119 603 3365 661 extollat.

2212 776 2378 831 Porro
2394 777 2496 832 hoc
2521 777 2644 833 loco
2672 778 2801 834 dicti
2833 779 3118 848 cujusdam
3153 782 3453 849 evangelici
3481 800 3721 850 sensum,

2141 871 2361 938 exponit
2388 887 2403 924 :
2434 869 2574 936 Quid
2626 883 2699 925 est
2732 872 2952 940 facilius
2974 874 3147 927 dicere
3173 891 3192 929 :
3227 875 3582 930 Dimittuntur
3634 882 3726 933 tibi

2140 973 2350 1032 peccata
2387 975 2499 1028 tua,
2542 981 2608 1016 an
2636 965 2804 1018 dicere
2822 981 2840 1018 :
2868 963 3036 1036 Surge
3056 975 3102 1018 et
3135 965 3354 1021 ambula
3380 970 3449 1022 ct?
3493 970 3725 1028 Facilius

2142 1069 2320 1109 autem
2352 1057 2585 1124 primum
2622 1070 2744 1110 esse
2761 1056 2914 1119 dicit,
2943 1057 3203 1126 quoniam
3237 1057 3389 1126 illud,
3420 1059 3716 1115 Dimittun—

2142 1159 2248 1211 tur,
2300 1162 2406 1202 non
2461 1163 2580 1201 eam
2634 1147 2799 1202 habet
2849 1151 3144 1203 verborum
3197 1152 3720 1220 pronuntiationem,

2141 1242 2295 1311 quasi
2343 1257 2410 1295 ex
2481 1241 2694 1312 propria
2740 1241 3070 1296 auctoritate
3119 1245 3450 1314 proprioque
3494 1245 3724 1316 imperio

2143 1334 2495 1402 proferretur.
2536 1332 2680 1386 Nihil
2727 1333 2872 1386 enim
2906 1334 3157 1404 prohibet
3185 1336 3254 1389 ab
3285 1336 3376 1390 illo
3407 1337 3598 1402 etiam,
3631 1341 3723 1408 qui

2142 1423 2260 1488 ejus
2293 1437 2630 1491 nequaquam
2665 1423 2738 1477 sit
2768 1424 3048 1489 dominus,
3089 1427 3467 1482 remissionem
3499 1445 3720 1483 annun-

2145 1515 2291 1569 tiari.
2328 1515 2396 1567 At
2424 1533 2437 1567 :
2473 1513 2642 1584 Surge
2671 1525 2718 1567 et
2743 1514 2983 1579 ambula,
3012 1527 3185 1570 totum
3219 1532 3252 1570 a
3275 1517 3563 1572 Dominico
3593 1534 3727 1586 pen-

2141 1608 2233 1661 det
2265 1606 2510 1677 imperio.
2537 1605 2848 1661 Przesertim
2887 1622 3010 1661 cum
3053 1607 3212 1677 |illud
3257 1608 3450 1679 ιθδθ
3487 1607 3654 1682 Surge
3677 1621 3727 1663 et

2142 1697 2390 1764 ambula,
2445 1696 2982 1766 irreprehensibilem
3039 1698 3200 1752 rebus
3260 1699 3396 1766 ipsis
3451 1697 3728 1754 aﬂerendo

444 1780 555 1851 τὴν
585 1781 904 1836 αύθεντείαν
920 1783 989 1848 ⁸⁹,
1016 1784 1109 1836 καὶ
1140 1784 1242 1853 τὴν
1282 1786 1477 1851 ἄφεσιν
1518 1787 1930 1855 συμπεριείχεν.
1980 1785 2039 1839 Ὀ

2145 1789 2547 1850 auctoritatem,
2583 1788 2756 1857 ipsam
2800 1802 3022 1857 quoque
3066 1789 3452 1844 remissionem
3486 1788 3725 1858 comple-

450 1873 569 1942 γὰρ
609 1873 729 1938 δοὺς
771 1875 873 1944 τὴν
911 1875 1071 1944 χάριν
1118 1875 1214 1928 τοῦ
1252 1875 1490 1945 βαδίζειν
1517 1875 1762 1945 δηλονότι
1789 1877 1883 1929 καὶ
1907 1876 2037 1940 τῶν,

447 1963 603 2035 ὑπὲρ
651 1958 725 2018 ὧν
771 1966 1055 2034 κατείχετο
1084 1968 1147 2036 τῇ
1189 1967 1358 2035 νόσῳ,
1400 1966 1903 2038 πλημμελημάτων
1937 1969 2038 2038 τὴν

351 2076 368 2082 ·
447 2056 650 2126 ἄφεσιν
705 2057 1085 2111 συναπεδίδου.
1136 2059 1404 2112 Δεσπότου
1436 2060 1490 2113 δὲ
1522 2059 1907 2130 φιλανθρώπου
1946 2062 2039 2114 καὶ

447 2148 555 2217 τὴν
591 2150 829 2218 μάστιγα
857 2151 968 2212 τοῖς
998 2151 1406 2220 ἁμαρτάνουσιν
1454 2150 1767 2217 ἐπαφεῖναι,
1804 2152 1899 2204 καὶ⁵
1939 2150 2039 2220 τῆς

449 2243 672 2311 πληγῆς
721 2243 856 2310 μετά
887 2242 981 2296 τοῦ
1026 2243 1369 2312 πταίσματος
1407 2241 1499 2295 τὸν
1540 2243 1821 2313 πληγέντα
1863 2243 2040 2297 ἁπαλο-

449 2335 640 2401 λάΞαι.
673 2335 845 2398 Εἰδὼς
879 2334 935 2387 δὲ
966 2336 1028 2388 τὸ
1058 2337 1217 2405 ἔργον
1246 2336 1340 2388 xal.
1367 2335 1467 2406 τὴν
1497 2336 1692 2402 ἄφεσιν
1719 2335 1832 2388 τῶν
1854 2337 2040 2407 ἡμαρ-

448 2443 523 2496 τη
534 2427 710 2496 μένων
737 2425 1101 2493 πιστούμενον
1127 2427 1224 2478 καὶ
1246 2426 1345 2495 τὴν
1385 2426 1705 2479 δεσποτείαν
1731 2425 1826 2479 τοῦ
1856 2426 2043 2496 άφιέν-

447 2536 546 2583 τος
585 2519 1049 2588 ἐπιδεικνύμενον,
1093 2518 1378 2587 ἐπάγειοθο
1436 2519 1561 2573 Ἵνα
1613 2517 1682 2571 δὲ
1727 2517 1926 2588 εἰδῆτε
1954 2518 2042 2572 ὅτι

447 2611 749 2673 ἐξουσίαν
798 2611 924 2679 ἔχει
975 2616 1008 2664 ὁ
1055 2613 1191 2677 Υἱὸς
1223 2611 1329 2667 τοῦ
1364 2612 1701 2681 ἀνθρώπου,
1738 2615 1832 2666 καὶ
1889 2613 2038 2684 ἑξῆς.

461 2704 791 2769 Ἀναγκαῖον
839 2701 897 2755 δὲ
949 2699 1021 2774 ἦν
1066 2705 1126 2756 τὸ
1169 2703 1586 2766 ἐπισκιάζεσθαι
1624 2704 1686 2756 τὸ
1741 2703 2042 2775 μυστηριον

448 2796 555 2862 τῆς
591 2792 684 2845 τοῦ
720 2793 895 2862 Λόγου
951 2793 1285 2865 σαρκώσεως
1314 2797 1404 2849 διά
1443 2813 1504 2848 τε
1533 2795 1594 2848 τὸ
1644 2796 1899 2864 γενέσθαι
1929 2799 2045 2860 τοῖς

447 2883 824 2954 ἀκροωμένοις
857 2885 1284 2953 εὐπαράδεκτον,
1313 2886 1409 2938 καὶ
1435 2885 1528 2939 ἵνα
1548 2885 1748 2958 λάθῃ⁹¹
1784 2887 1877 2939 τοῦ
1911 2887 2042 2940 σκό-

445 2991 580 3036 τους
630 2975 722 3027 τον
769 2977 1028 3046 ἄρχοντα.
1063 2978 1202 3046 Φησὶ
1245 2977 1355 3048 γὰρ
1398 2980 1426 3032 ό
1475 2977 1737 3048 θεοφόρος
1773 2979 2041 3048 Ἰγνάτιος

447 3065 585 3133 τρία
635 3065 816 3118 λαϐεῖν
856 3066 948 3118 τὸν
1002 3067 1241 3137 ἄρχοντα
1289 3068 1400 3130 τοῖν
1442 3067 1638 3131 αἰῶνος
1676 3068 1892 3134 τούτου,
1942 3067 2041 3140 τὴν

2145 1891 2403 1937 cteretur.
2451 1881 2555 1948 Qui
2601 1881 2747 1934 enim
2802 1881 3114 1936 ambulandi
3169 1881 3404 1950 gratiam
3452 1881 3723 1944 donabat,

2145 1975 2284 2029 idem
2311 1973 2568 2028 nimirum
2593 1981 2942 2043 peccatorum
2969 1972 3156 2035 etiam,
3181 1973 3252 2026 ob
3268 1988 3390 2042 quae
3420 1972 3610 2028 morbo
3634 1971 3725 2026 illa

2145 2066 2469 2131 tenebatur,
2523 2065 2906 2120 remissionem
2973 2063 3294 2118 conferebat
3345 2083 3358 2118 :
3404 2062 3725 2133 perhumani

2143 2155 2285 2208 enim
2321 2155 2532 2210 Domini
2558 2165 2664 2219 est,
2696 2166 2750 2210 et
2769 2153 3038 2225 flagellum
3067 2156 3450 2223 peccatoribus
3488 2154 3719 2215 inferre,

2142 2262 2196 2304 et
2224 2248 2550 2319 ﬂagellatum
2589 2258 2698 2303 tam
2746 2262 2773 2300 a
2806 2248 2987 2317 plaga,
3023 2261 3186 2315 quam
3223 2246 3290 2300 ab
3322 2247 3558 2315 ipsomet
3595 2259 3729 2313 pec-

2143 2352 2266 2397 cato
2293 2341 2550 2396 liberare.
2579 2339 2770 2394 Sciens
2801 2350 2985 2394 autem
3019 2355 3157 2409 opus
3185 2341 3285 2394 hoc
3313 2354 3422 2392 non
3452 2336 3731 2392 remissio-

2144 2449 2266 2487 nem
2297 2439 2509 2485 tantum
2543 2431 2861 2485 delictorum
2893 2430 3344 2484 confirmaturum
3371 2469 3388 2496 ,
3433 2429 3528 2483 sed
3578 2435 3726 2497 pote-

2145 2535 2338 2581 statem
2386 2539 2604 2594 quoque
2644 2523 2967 2576 dimittentis
2989 2531 3372 2584 ostensurum,
3423 2521 3573 2576 addit
3607 2538 3620 2574 :
3658 2518 3727 2574 Ut

2144 2627 2322 2671 autem
2355 2617 2560 2680 sciatis,
2591 2615 2718 2684 quia
2766 2613 2940 2670 Filius
2981 2615 3206 2667 hominis
3233 2615 3387 2667 habet
3415 2621 3726 2679 potestatem

2143 2711 2198 2763 in
2224 2719 2364 2763 terra
2403 2709 2699 2762 dimittendi
2746 2717 2982 2776 peccata,
3025 2714 3132 2759 etc.
3179 2705 3451 2760 Caeterum
3506 2719 3730 2759 necesse

2142 2809 2262 2856 erat
2309 2800 2706 2855 incarnationis
2734 2799 3027 2853 Dominicm
3069 2797 3394 2868 mysterium
3430 2796 3584 2850 velut
3611 2811 3731 2848 um-

2142 2899 2238 2952 bra
2281 2897 2426 2968 tegi,
2469 2911 2592 2950 cum
2636 2904 2693 2948 ut
2723 2896 2792 2948 ab
2827 2895 3181 2948 audientibus
3209 2892 3461 2961 cupidius
3501 2891 3732 2960 accipe-

2146 2999 2319 3051 retur,
2354 2999 2465 3042 tum
2518 2998 2578 3042 ut
2633 2987 2684 3040 id
2735 2989 3084 3039 tenebrarum
3130 2986 3386 3054 princeps
3431 2985 3727 3054 ignoraret.

2145 3080 2279 3136 Nam
2308 3082 2412 3135 tria
2450 3080 2663 3133 divinus
2694 3078 2934 3144 lgnatius
2957 3086 2980 3115 ι·
3026 3076 3210 3131 szeculi
3241 3077 3404 3146 hujus
3433 3074 3729 3143 principem

451 3157 764 3227 Παρθενίαν
811 3159 1054 3226 Μαρίας,
1084 3160 1185 3229 τὴν
1227 3160 1502 3230 Σύλληψιν
1530 3161 1627 3214 τοῦ
1668 3160 1905 3231 Κυρίου,
1947 3162 2042 3214 καὶ

2146 3173 2373 3228 latuisse
2399 3180 2810 3234 cennnemorat,
2839 3168 3225 3234 Virginitatem
3260 3168 3470 3228 Μαι-εει),
3522 3167 3732 3222 Conce-

447 3248 556 3316 τὴν
606 3246 945 3317 Σταύρωσιν.
992 3250 1158 3316 Λέγει
1206 3249 1264 3303 δὲ
1319 3251 1414 3304 καὶ
1448 3249 1790 3313 όθεσπέσιος
1829 3249 2041 3308 Παῦλος

451 3339 586 3408 περὶ
618 3339 727 3391 τῶν
775 3340 1056 3410 ἀρχόντων
1082 3339 1177 3393 τοῦ
1210 3342 1410 3404 αἰῶνος
1434 3343 1650 3405 τούτου,
1677 3342 1751 3406 ώς
1774 3344 1843 3395 Ei
1864 3344 1909 3375 θ’
1943 3343 2044 3412 ἕτ-

448 3446 683 3495 νωσαν,
731 3432 842 3484 οὐκ
887 3429 967 3487 ἂν
1002 3431 1111 3486 τὸν
1155 3433 1375 3501 Κύριον
1396 3433 1504 3503 τῆς
1530 3434 1717 3502 δόξης
1743 3435 2042 3504 ἐσταύρω-

449 3537 599 3576 σαν.

525 3613 715 3669 Ταῦτα
745 3615 916 3670 εἰπὼν
947 3617 1203 3689 ἐπιφέρει
1239 3618 1313 3682 ὡς
1346 3621 1378 3689 ἠ
1422 3619 1520 3689 μὲν
1546 3618 1717 3682 ἀΐδιος
1751 3619 1846 3672 καὶ
1869 3620 2042 3689 ὑπερ-

452 3708 646 3778 ἀρχιος
671 3709 843 3778 Τριὰς
890 3709 977 3763 ἀεί
1027 3710 1143 3763 ἔστι
1191 3712 1285 3764 καὶ
1318 3710 1582 3774 ὡσαύτως
1620 3711 1816 3781 Τριάς,
1851 3711 2044 3782 Πατὴρ

449 3800 582 3864 Υἱὸς
617 3802 712 3854 καὶ
749 3801 978 3873 Πνεῦμα
1025 3802 1203 3871 ἅγιον,
1237 3803 1354 3856 ἀλλ’
1387 3804 1529 3872 ὑπὲρ
1558 3802 1586 3856 ὃ
1615 3802 1846 3874 νοοῦμεν
1888 3804 2044 3874 ἥλα-

449 3893 679 3963 λοῦμεν.
735 3895 853 3948 Πᾶν
902 3895 1011 3966 γὰρ
1045 3894 1073 3947 ὃ
1101 3895 1337 3964 λέγομεν
1387 3897 1518 3966 περὶ
1547 3895 1686 3948 Θεοῦ
1722 3895 1756 3966 ἢ
1787 3895 2041 3966 νοοῦμεν,

408 3991 410 3994 ’
449 3988 519 4040 ὲκ
549 3988 660 4042 τῶν
705 3989 826 4040 καθ’
860 3989 1012 4058 ἡμᾶς
1045 3988 1392 4059 πραγμάτων
1440 4004 1500 4040 τε
1538 3987 1630 4040 καὶ
1673 3987 1935 4057 ῥημάτων
1977 3988 2047 4039 τὰ

451 4082 588 4152 περὶ
618 4081 789 4150 αὐτῆς
811 4082 857 4113 ’³
888 4081 1170 4149 ἀναλόγως
1209 4082 1305 4134 καὶ
1355 4081 1590 4151 λέγομεν
1637 4083 1733 4133 καὶ
1793 4079 2042 4149 νοοῦμεν.

467 4172 733 4242 Ἰσότιμος
762 4173 818 4226 δὲ
869 4175 962 4226 καὶ
997 4173 1279 4244 ίσοσθενὴς
1306 4174 1338 4243 ἡ
1369 4173 1612 4241 παναγία
1641 4171 1832 4242 Τριάς,
1867 4172 2048 4227 πάντα

451 4261 592 4332 πρὸς
622 4262 722 4332 τὴν
749 4263 1028 4334 ἡμετέραν
1057 4263 1336 4334 σωτηρίαν
1399 4261 1782 4333 οἰκονομοῦσα,
1819 4262 1915 4315 καὶ
1946 4263 2048 4315 ὅσα

452 4354 727 4424 θεολογεῖν
759 4355 936 4426 αὐτὴν
964 4355 1354 4426 δυναμούμεθα
1375 4354 1446 4421 ’⁸,
1479 4355 1620 4426 αὐτὴ
1645 4355 1818 4409 ταῦτα
1855 4354 2049 4424 φιλαν-

452 4445 692 4515 θρώπως
715 4448 848 4517 ἡμῖν
876 4447 1211 4519 χαριζομένη
1257 4447 1421 4502 πάλιν
1467 4447 1774 4519 προσίεται.
1806 4447 1898 4502 Διὸ
1925 4449 2047 4502 κατ’

2146 3267 2385 3334 ptionem
2422 3264 2657 3325 Domini,
2705 3274 2758 3317 ct
2785 3263 2944 3316 (Eruci
2987 3260 3291 3314 aiiixionem
3321 3259 3549 3313 Christi.
3582 3256 3735 3311 Afﬁr-

2149 3368 2262 3412 mat
2318 3357 2518 3426 quippe
2556 3355 2716 3410 divus
2770 3353 2976 3407 Paulus
3023 3352 3093 3406 de
3146 3351 3492 3421 principibus
3546 3348 3729 3403 saeculi

2152 3447 2315 3518 hujus
2348 3466 2360 3500 :
2398 3445 2458 3500 Si
2489 3445 2874 3512 cognovissent,
2909 3458 3178 3510 nunquam
3221 3441 3507 3493 Dominum
3545 3438 3729 3510 gloritt‘

2147 3537 2526 3601 cruciﬁxissent
2563 3543 2610 3588 ³.

2218 3623 2308 3679 32.
2334 3621 2462 3676 Haec
2484 3621 2571 3676 ubi
2595 3621 2750 3686 dixit,
2776 3620 2937 3674 infert
2963 3619 3350 3688 sempiternam
3379 3633 3442 3671 ac
3458 3633 3727 3673 summam

2147 3715 2475 3769 Trinitatem
2523 3729 2741 3784 semper
2785 3728 2930 3775 esse,
2977 3723 3032 3767 et
3085 3713 3340 3768 similiter
3379 3710 3730 3774 Trinitatem,

2146 3807 2366 3861 Patrem
2404 3806 2689 3869 nimirum,
2720 3815 2776 3858 et
2806 3803 3029 3870 Filium,
3070 3814 3125 3858 et
3159 3803 3423 3872 Spiritum
3455 3810 3729 3866 sanctum,

2146 3901 2241 3953 sed
2270 3910 2434 3964 supra
2463 3911 2648 3961 omne,
2670 3893 2814 3962 quod
2840 3903 2936 3947 aut
2961 3893 3290 3963 cogitamus,
3318 3901 3414 3946 aut
3436 3891 3730 3961 loquimur.

2147 3989 2600 4056 Quandocunque
2629 3985 2778 4039 enim
2832 3984 2898 4039 de
2931 3983 3042 4039 Deo
3070 3983 3352 4053 loquimur
3383 3993 3477 4036 ant
3520 3982 3698 4052 cogita
3718 4011 3732 4021 -

2148 4096 2289 4144 mus,
2319 4095 2387 4134 ex
2433 4077 2638 4132 nostris
2668 4077 2854 4130 verbis
2889 4091 2953 4129 ac
3000 4077 3162 4130 rebus
3190 4090 3252 4128 ea
3295 4091 3420 4144 qua:
3462 4075 3528 4128 ad
3561 4074 3731 4140 ipsam

2147 4170 2404 4226 Triadem
2441 4175 2712 4237 spectant,
2745 4165 3094 4234 proportione
3120 4164 3352 4234 quadam
3379 4205 3394 4230 ,
3417 4172 3472 4218 et
3501 4163 3733 4217 dicimus

2147 4274 2203 4318 et
2230 4262 2557 4334 cogitamus.
2600 4257 2969 4313 Sanctissima
3003 4257 3207 4312 etenim
3258 4255 3520 4322 Trinitas,
3553 4254 3733 4323 digni-

2151 4366 2263 4411 tate
2304 4371 2368 4409 ac
2414 4353 2656 4424 potentia
2706 4351 2953 4420 aequalis,
3002 4351 3186 4404 omnia
3222 4364 3343 4419 quae
3390 4348 3456 4401 ad
3493 4356 3735 4401 nostram

2150 4445 2382 4500 salutem
2413 4440 2624 4496 faciunt
2652 4440 2878 4509 provide
2907 4447 3130 4507 operata
3158 4447 3244 4490 est
3270 4455 3284 4490 :
3318 4449 3550 4504 quaeque
3582 4435 3738 4489 theo-

451 4537 628 4606 ἀρχάς
683 4537 802 4606 μὲν,
853 4536 928 4600 ὡς
981 4538 1218 4609 εἴρηται,
1257 4538 1347 4594 διὰ
1397 4537 1460 4592 τὺ
1511 4537 1772 4591 πολύθεον
1831 4539 1868 4608 ἡ
1922 4537 2042 4592 θεία

2148 4537 2322 4608 logice
2363 4533 2430 4587 de
2479 4532 2593 4601 ipsa
2643 4529 2914 4600 speculari
2946 4529 3239 4599 possimus,
3272 4528 3387 4582 haec
3433 4527 3521 4581 illa
3555 4527 3734 4589 nobis,

450 4627 647 4696 Γραφὴ
699 4627 1233 4695 συγκαταϐαίνουσα,
1259 4629 1362 4698 οὐχ
1380 4627 1456 4690 ὡς
1481 4626 1594 4697 ἔχει
1628 4626 1846 4696 φύσεως
1878 4627 1912 4699 ἢ
1947 4628 2045 4681 τά-

454 4734 596 4780 σεως
621 4719 654 4789 ἠ
684 4718 878 4788 Τριὰς,
917 4719 1035 4790 ἀλλ’
1073 4719 1150 4782 ὡς
1184 4721 1316 4789 ἡμῖν
1344 4717 1477 4791 [522
1503 4717 1600 4790 PL]
1630 4717 2045 4788 εὐπαράδεκτον

452 4809 854 4879 παραδιδοῦσα,
896 4811 991 4863 τὸν
1063 4811 1285 4878 Πατέρα
1335 4810 1604 4882 λαμπρῶς
1655 4809 2046 4878 καταγγέλλει,

453 4895 578 4952 εἶτα
605 4898 698 4952 τὸν
737 4899 866 4954 Υίὸν
916 4901 1060 4954 κατά
1104 4903 1196 4953 τὸν
1228 4899 1484 4970 δεύτερον
1518 4901 1764 4970 σεισμὸν,
1799 4903 1857 4954 ἐν
1884 4892 1930 4968 ᾧ
1955 4901 2052 4954 καὶ

451 4989 558 5058 τὴν
586 4989 792 5056 γνῶσιν
816 4989 915 5043 τοῦ
967 4989 1285 5057 Πνεύματος
1311 4988 1956 5061 συμπαραλαμϐάνομεν,
1982 4990 2046 5043 οὐ

457 5081 568 5151 μὴν
606 5081 708 5153 τήν
733 5099 799 5151 γε
826 5083 1070 5136 τελείανο
1099 5081 1237 5152 αῦτη
1265 5081 1377 5153 γὰρ
1411 5083 1468 5134 ὲν
1495 5082 1572 5152 τῷ
1605 5081 1855 5152 μέλλοντι
1887 5083 2046 5135 αἰῶνι

449 5173 553 5226 καὶ
585 5172 665 5244 τῷ
702 5174 1000 5246 τελευταίῳ
1041 5174 1251 5245 σεισμῷ
1285 5175 1676 5245 παραγίνεται,
1726 5175 1824 5244 τῆς
1873 5176 2045 5246 Τριά-

450 5269 542 5329 δος
590 5267 721 5338 ὅλης
767 5271 1096 5340 τρανότερον
1143 5269 1274 5338 ἡμῖν
1309 5267 1439 5339 [624
1477 5265 1567 5338 8.]
1599 5265 2047 5337 ὲμφανιξομένης

449 5374 513 5409 τε
543 5359 637 5410 καὶ
672 5359 1221 5431 ἀνακαλυπτομένης.
1260 5361 1323 5412 Εἰ
1351 5359 1460 5430 γὰρ
1493 5360 1588 5411 καὶ
1631 5358 1728 5412 τοῦ
1787 5358 2045 5429 Πνεύμα-

527 5522 557 5562 ει
591 5511 779 5568 Matth.
818 5532 894 5578 Ix,
925 5517 980 5570 5.

1073 5527 1096 5555 ι’
1124 5517 1289 5587 Epist.
1323 5516 1375 5570 5.
1447 5527 1468 5553 ³
1500 5517 1514 5570 Ι
1542 5517 1666 5570 Cor.
1705 5533 1768 5581 tt,
1808 5517 1859 5568 8.

2142 4626 2380 4696 benigne
2411 4621 2754 4693 gratiﬁcans,
2792 4620 3090 4676 identidem
3148 4619 3404 4674 admittit.
3442 4617 3736 4686 Propterea

2143 4718 2366 4788 quidem
2399 4731 2430 4770 a
2464 4714 2760 4786 principio,
2792 4721 2854 4767 ut
2875 4713 3113 4767 diximus
3144 4712 3238 4783 (ob
3267 4713 3496 4767 deorum
3525 4711 3737 4768 scilicet

2145 4804 2576 4873 multitudinem)
2634 4818 2792 4858 sacra
2851 4801 3139 4872 Scriptura
3195 4803 3353 4858 nobis
3403 4803 3740 4857 condescen-

2151 4902 2311 4964 dens,
2343 4913 2452 4954 non
2483 4905 2546 4952 ut
2570 4905 2764 4951 natura
2795 4905 2889 4951 aut
2910 4897 3150 4967 dignitas
3168 4895 3456 4950 Trinitatis
3481 4895 3737 4958 sebabet,

2151 4994 2245 5048 sed
2278 5000 2550 5062 quatenus
2590 5005 2621 5044 a
2659 4989 2818 5045 nobis
2848 4989 3066 5044 facilius
3092 4991 3215 5059 capi
3247 4999 3430 5060 potest
3461 5004 3583 5044 eam
3617 4998 3734 5041 tra-

2151 5085 2352 5148 dendo,
2408 5083 2697 5152 perspicue
2726 5082 2944 5136 Patrem
2981 5081 3210 5136 indicat.
3248 5081 3307 5136 In
3352 5081 3526 5135 altero
3545 5079 3741 5134 deinde

2151 5184 2467 5230 terraamotu
2493 5174 2710 5235 Filium.
2742 5174 2798 5227 in
2843 5188 2953 5242 quo
2982 5181 3039 5228 et
3073 5172 3313 5242 Spiritus
3340 5170 3512 5226 sancti
3554 5169 3742 5238 cogni-

2151 5268 2376 5331 tionem,
2428 5266 2532 5322 etsi
2580 5267 2760 5320 minus
2822 5265 3146 5334 perfectam,
3193 5265 3354 5318 simul
3405 5261 3731 5329 accipimus.

2151 5357 2278 5415 llaec
2318 5361 2464 5416 enim
2511 5359 2564 5414 in
2594 5357 2778 5414 futuro
2809 5358 3035 5420 saeculo,
3070 5366 3127 5412 et
3169 5356 3364 5410 ultimo
3393 5353 3488 5410 illo
3523 5354 3736 5408 accedit

1728 5651 1962 5707 VARle
2000 5650 2404 5708 LECTIONES.

531 5769 978 5844 ιξθνεύαγγελικιὴν
1011 5790 1071 5836 ς.
1147 5774 1192 5805 ⁸⁷
1226 5773 1300 5844 τί]
1336 5773 1520 5829 Matth.
1559 5789 1648 5844 Ix,

1817 5772 1861 5803 ⁸⁸
1897 5771 1985 5824 hic
2005 5783 2071 5850 ςι
2108 5771 2202 5850 inf.
2231 5771 2411 5850 ἔγειρε
2446 5787 2505 5833 ς.
2583 5769 2628 5802 θ’
2659 5766 3036 5850 αὐθεντίανιςέ

3125 5766 3170 5796 ⁸⁸
3207 5764 3404 5829 ἐπάγει
3455 5763 3512 5816 δὲ
3559 5760 3644 5813 ἵνα
3673 5777 3734 5824 ς.

473 5843 518 5876 ⁸³
545 5840 686 5913 λάθῃ
732 5836 866 5911 post
924 5836 1162 5914 ἄρχοντα
1185 5836 1335 5914 ponit
1366 5863 1426 5910 ς.
1503 5848 1547 5880 θ’
1580 5842 1652 5915 εἰ]
1693 5843 1707 5895 l
1741 5843 1866 5898 Cor.
1909 5858 1963 5908 tt,
2002 5844 2056 5897 8.
2131 5843 2178 5876 ³³
2215 5836 2409 5911 αὖτῐςς]
2443 5857 2618 5895 nunuc
2638 5838 2848 5892 αὐτοῦῖ
2923 5837 2968 5869 ’⁸
3006 5836 3280 5905 δυνάμεθα
3319 5853 3379 5897 ς.

3621 408 3817 470 786.
