4032 6428
503 360 608 425 78⁸1

1586 364 1852 427 ΡΗΟΤΙΙ
1893 365 2411 427 PATRIARCHZE
2448 364 2556 425 CP.

3619 369 3718 434 788

505 476 881 535 tcrrte-motu,
923 483 1034 541 quo
1069 477 1181 525 tota
1236 469 1394 527 nobis
1434 470 1680 527 Trinitas
1730 472 2065 529 manifestius

2176 490 2268 536 τος
2316 473 2408 527 τὸν
2464 471 2780 543 άρραὁῶνα,
2810 472 2886 536 ὡς
2928 472 3029 543 τῆς
3083 471 3314 542 ἐκλογῆς
3367 473 3720 551 ἐπιμαρτύρε-

512 562 803 635 apparebit
849 577 915 618 ac
967 560 1321 618 revelabitur.
1353 562 1469 619 Etsi
1521 563 1665 619 enim
1709 563 1947 635 Spiritus
1987 579 2078 620 ar-

506 657 657 711 rham
683 654 965 722 habemus,
994 662 1053 709 ut
1087 667 1183 709 vas
1229 653 1510 711 electionis
1540 664 1767 711 testatur
1804 658 1820 694 ι
1868 656 2075 728 196a

508 750 748 805 nondum
793 756 972 803 tamen
1033 748 1101 803 ad
1145 747 1537 819 perfectionem
1597 750 1858 820 spiritalis
1900 760 2074 806 status

505 839 867 908 pervenimus.
919 838 1100 909 Ipsum
1148 839 1353 895 etenim
1400 840 1579 896 arrhaa
1620 854 1813 893 nomen
1859 840 2071 910 signum

499 927 714 996 quidem
755 926 982 996 perfecti
1025 929 1153 985 doni
1196 940 1323 987 est:
1358 940 1415 986 at
1464 934 1579 985 non‘
1625 932 1799 1000 ipsum
1845 931 2067 986 donum.

500 1021 645 1075 Idem
693 1022 855 1076 etiam
903 1021 1031 1076 alibi
1085 1022 1281 1093 pignus
1323 1022 1523 1078 futura:
1572 1021 1903 1078 haereditatis
1950 1037 2072 1077 esse

502 1106 765 1179 Spiritum
811 1111 1092 1180 praedicat,
1137 1121 1192 1167 et
1237 1113 1506 1182 primitias
1544 1122 1867 1166 aeternorum
1903 1111 2070 1166 bono-

498 1216 617 1255 rum
642 1213 695 1255 ιι.
739 1201 921 1268 Quare
966 1202 1360 1273 perfectionem
1406 1202 1643 1272 Spiritus
1691 1204 1904 1257 nonnisi
1948 1213 2072 1273 post

500 1294 926 1363 redemptionem
955 1294 1200 1363 corporis
1230 1294 1574 1364 suscipimus.

568 1384 689 1440 Jam
729 1388 947 1455 quando
981 1388 1072 1455 qui
1113 1387 1252 1456 apud
1284 1388 1529 1439 homines
1569 1400 1690 1440 cum
1736 1396 1908 1453 pater,
1953 1394 2065 1440 tum

499 1477 641 1533 illius
696 1476 932 1543 dicitur,
986 1493 1082 1547 per
1123 1477 1361 1547 coniugii
1410 1477 1727 1531 societatem
1762 1477 2069 1531 declaratur

497 1578 665 1639 atque
705 1572 1053 1640 cognoscitur
1080 1610 1095 1633 ,
1126 1579 1412 1639 propterea
1456 1570 1742 1638 przcsentis
1779 1569 1902 1623 vitae
1932 1569 2067 1625 duos

496 1666 869 1726 termmotus,
919 1659 1151 1714 alterum
1193 1660 1468 1729 pertinere
1530 1659 1596 1712 ad
1636 1658 1848 1713 Patrem
1884 1698 1900 1723 ,
1931 1659 2066 1713 alte-

499 1766 619 1803 rum
665 1750 734 1805 ad
776 1750 1012 1817 Filium,
1075 1750 1333 1804 vaticinia
1394 1751 1637 1803 tradunt.
1690 1747 1901 1803 Rursus
1941 1765 2063 1804 cum

2173 581 2261 618 ται
2282 565 2328 597 ⁸⁵
2353 564 2414 617 τὸ
2440 562 2657 628 σκεῦος,
2683 564 2900 634 ἔχομεν,
2936 564 3050 618 ἀλλ’
3081 564 3182 617 οὐκ
3201 565 3280 627 είς
3308 564 3408 635 τὴν
3430 567 3721 643 τελειότητα

2172 658 2270 728 τῆς
2299 657 2674 728 πνευματικῆς
2702 657 3022 727 ἐφθάσαμεν
3070 656 3472 719 καταστάσεως.
3499 660 3602 713 Kal
3624 666 3722 736 γὰρ

2171 747 2267 799 καὶ
2314 747 2449 800 αὐτὸ
2490 746 2551 799 τὸ
2600 745 2695 799 τοῦ
2734 746 3054 818 appulsam;
3100 746 3270 815 ὄνομα
3325 745 3588 816 σύμϐολον
3634 752 3722 819 μέν

2169 838 2287 891 ἐστι
2321 838 2416 891 τοῦ
2456 838 2663 891 τελείου
2694 838 2890 909 δώρου,
2941 837 3001 889 ού
3045 837 3153 907 μὴν
3183 838 3312 891 αὐτό
3340 856 3403 906 γε
3441 840 3502 891 τὸ
3545 841 3721 911 δῶρον.

2169 933 2279 986 Kal
2308 930 2577 1003 πολλαχοῦ
2594 933 2641 965 ⁸⁸
2663 931 2958 1003 ἀρραϐῶνα
2978 931 3023 963 ³⁷
3050 931 3151 1000 τῆς
3201 930 3500 1000 μελλούσης
3544 933 3726 1005 κληρο-

2168 1024 2361 1094 νομίας
2382 1024 2445 1077 τὸ
2492 1022 2719 1093 Πνεῦμα
2772 1023 2934 1093 ὑμνεῖ
2986 1022 3081 1075 καὶ
3120 1023 3376 1092 ἀπαρχὴν
3393 1023 3441 1055 ⁸⁸
3465 1023 3572 1075 τῶν
3606 1028 3725 1079 αἰω-

2167 1115 2295 1169 νίων
2330 1115 2572 1183 ἀγαθῶν,
2611 1114 2757 1169 ὥστε
2801 1115 2900 1185 τὴν
2938 1114 3252 1185 τελειότητα
3284 1114 3378 1167 τοῦ
3426 1115 3727 1184 Πνεύματος

2171 1208 2311 1279 μετά
2339 1206 2437 1277 τὴν
2464 1205 2846 1276 ἀπολύτρωσιν
2879 1204 2974 1257 τοῦ
3001 1203 3251 1274 σώματος
3274 1202 3662 1273 ὑποδεκόμεθα.

2249 1385 2467 1455 Ἐπειδὴ
2491 1384 2547 1438 δὲ
2586 1386 2614 1438 6
2643 1386 2782 1437 κατά
2804 1382 2864 1435 τὸ
2902 1379 3241 1453 ἀνθρώπινον
3268 1382 3425 1449 γένος
3455 1382 3729 1454 λεγόμενος

2166 1477 2261 1531 καὶ
2314 1477 2499 1545 πατὴρ
2548 1476 2643 1528 καὶ
2702 1474 2819 1537 υἱὸς
2893 1473 3150 1544 κοινωνίᾳ
3175 1474 3356 1543 γάμου
3385 1476 3729 1543 ἀναφαίνεται

2164 1571 2260 1622 καὶ
2296 1569 2642 1641 γνωρίζεται,
2669 1567 2757 1621 διά
2802 1565 2966 1620 τοῦτο
3006 1565 3103 1618 τοῦ
3150 1567 3419 1636 παρόντος
3469 1566 3582 1637 βίου
3614 1570 3730 1634 τοὺς

2166 1659 2260 1712 δύο
2290 1659 2566 1728 σεισμοὺς,
2597 1658 2688 1711 τὸν
2748 1659 2845 1727 μὲν
2879 1658 3143 1728 πρότερον
3175 1658 3402 1725 ἀνήκειν
3434 1656 3512 1729 τῷ
3540 1660 3726 1729 Πατρὶ,

2163 1752 2242 1823 τῷ
2267 1750 2380 1821 Υιῷ
2409 1751 2464 1804 δὲ
2490 1752 2580 1803 τὸν
2602 1750 2850 1822 δεύτερον
2874 1750 2943 1804 τὰ
2986 1750 3158 1818 Λόγια
3186 1748 3545 1820 παραδίδωσι.
3572 1752 3730 1805 Πάλιν

497 1843 733 1912 Spiritus
770 1851 1012 1908 sanctus,
1051 1842 1215 1895 etiam
1246 1850 1303 1893 ut
1336 1840 1475 1910 apud
1521 1855 1619 1894 nos
1643 1850 1746 1905 est,
1776 1856 2063 1910 corporum

2168 1842 2354 1913 ἐπειδὴ
2376 1841 2437 1894 τὸ
2467 1840 2689 1911 Πνεῦμα
2716 1842 2809 1894 καὶ
2839 1842 2900 1894 τὸ
2949 1841 3079 1911 παρ’
3106 1842 3244 1910 ἡμῖν
3278 1840 3551 1909 σωμάτων
3572 1842 3729 1913 ὑπερ-

499 1933 858 1988 transcendat
901 1932 1342 1992 crassitudinem,
1378 1933 1573 1985 merito
1603 1931 1693 1985 ubi
1730 1933 2067 1987 cessaverint

495 2025 768 2094 conjugia,
800 2024 1068 2079 excelsior
1119 2022 1206 2076 illa
1237 2031 1289 2076 et
1322 2021 1584 2077 illustrior
1618 2024 1727 2075 vita
1772 2021 1903 2094 (vita
1950 2024 2067 2077 haec

496 2113 917 2168 resurrectionis
950 2121 1073 2166 est:
1104 2111 1170 2164 In
1200 2113 1582 2165 resurrectione
1612 2113 1748 2165 enim
1777 2129 1939 2183 neque
1970 2130 2065 2166 nu-

493 2204 611 2259 bent
641 2220 801 2271 neque
846 2202 1106 2258 nubentur
1129 2202 1201 2265 ν),
1280 2203 1497 2271 proprie
1533 2202 1863 2257 attribuatur
1903 2201 2069 2272 Spiri-

492 2298 594 2353 tui.
626 2297 770 2353 Illius
823 2307 1002 2352 autem
1038 2298 1163 2351 vitae
1205 2308 1475 2366 tempore,
1499 2296 1555 2350 in
1582 2313 1685 2365 qua
1715 2306 1900 2366 patres
1928 2298 2066 2353 filios

495 2395 876 2456 progenerant,
904 2385 1069 2439 Deum
1087 2384 1302 2439 Patrem
1334 2384 1526 2440 ordine
1553 2385 1691 2440 Filio
1717 2388 2063 2456 praepositum

494 2476 753 2545 cognosci
782 2476 1086 2545 oportebat,
1117 2491 1222 2529 non
1253 2476 1395 2544 quod
1425 2476 1667 2531 Trinitas
1691 2477 1935 2533 ordinem
1965 2479 2065 2532 ali-

495 2586 658 2640 quem
707 2570 950 2640 exigeret
982 2572 1125 2643 (quis
1156 2571 1300 2625 enim
1343 2569 1417 2625 ibi
1440 2571 1575 2624 ordo
1606 2570 1700 2634 sit,
1749 2570 1838 2624 ubi
1875 2585 2063 2637 aequa-

498 2662 622 2717 litas
655 2662 1007 2718 immutabilis
1041 2663 1189 2732 viget
1214 2662 1272 2732 ?)
1302 2680 1315 2715 :
1345 2661 1441 2717 sed
1475 2662 1616 2730 quod
1643 2678 1738 2731 per
1766 2678 1890 2718 eum
1918 2664 2067 2718 ordi-

496 2767 643 2818 nem,
669 2754 758 2821 qui
794 2753 845 2807 in
875 2754 988 2822 ipsa
1030 2770 1097 2810 ex
1127 2764 1251 2824 apta
1296 2754 1650 2823 dispositione
1677 2766 1785 2822 est,
1817 2771 1847 2810 a
1878 2755 2065 2811 liberis

492 2853 746 2912 parentes
795 2844 1053 2899 honorari
1094 2846 1426 2899 hortaretur.
1467 2845 1705 2913 Spiritus
1735 2863 1953 2918 quoque
1984 2850 2066 2902 di-

490 2935 754 3003 gnitatem
795 2950 952 2989 sacra
981 2936 1262 3004 Scriptura
1294 2938 1580 3001 extollens,
1608 2939 1917 2993 universam
1938 2938 2064 2993 Tri-

492 3029 717 3082 nitatem
750 3027 991 3099 Spiritus
1020 3032 1239 3085 nomine
1261 3030 1513 3099 appellat.
1538 3030 1707 3096 Quale
1741 3031 1869 3085 illud
1899 3049 1911 3086 :
1938 3032 2064 3099 Spi-

2167 1934 2341 1989 σαίνει
2372 1933 2677 2004 παχύτητα,
2709 1934 2933 1996 εἰκότως
2993 1935 3021 1986 6
3070 1932 3181 1985 τῶν
3212 1933 3409 2002 γάμων
3460 1936 3733 2003 πεπαυμέ-

2166 2045 2273 2082 νων
2301 2026 2627 2080 ἀνακύπτων
2675 2042 2737 2077 τε
2780 2026 2875 2078 καὶ
2905 2025 3243 2094 ἀναλάμπων
3275 2023 3393 2095 βίος
3427 2018 3601 2095 (οὗτος
3629 2025 3681 2078 δὲ
3706 2029 3730 2079 6

2166 2118 2265 2188 τῆς
2312 2114 2666 2178 ἀναστάσεως
2698 2114 2763 2167 ἂν
2794 2114 2877 2184 εἴη
2908 2129 2922 2143 ·
2960 2114 3060 2166 Ἐν
3091 2112 3201 2183 γὰρ
3226 2114 3269 2145 ⁹⁹
3294 2110 3373 2180 τῇ
3413 2111 3730 2166 ἀναστάσει

2166 2208 2305 2263 οὔτε
2336 2206 2633 2276 γαμοῦσιν
2664 2205 2802 2259 οὔτε
2827 2205 3241 2274 γαμίσκονται,
3281 2203 3499 2266 οἰκείως
3534 2204 3599 2258 ἂν
3637 2205 3729 2271 ἀφ-

2166 2299 2414 2369 ορισθείη
2438 2297 2515 2368 τῷ
2554 2296 2852 2366 Πνεύματι.
2882 2296 3030 2348 Ἔδει
3049 2295 3106 2348 δὲ
3135 2296 3224 2348 τὸν
3254 2295 3392 2364 βίον,
3422 2295 3480 2346 ὲν
3508 2287 3552 2362 ᾧ
3576 2295 3729 2346 πατέ-

2173 2406 2269 2459 ρες
2310 2389 2507 2449 παῖδας
2537 2386 2753 2455 φύουσι,
2790 2385 2879 2437 τὸν
2908 2384 3042 2437 Θεὸν
3106 2386 3202 2437 καὶ
3231 2384 3453 2451 Πατέρα
3486 2400 3729 2453 προτετα-

2170 2481 2374 2549 γμένον
2429 2476 2795 2546 γινώσκεσθαι
2825 2475 2919 2528 τοῦ
2951 2474 3105 2539 Υίοῦ,
3157 2474 3218 2528 οὐ
3256 2473 3361 2542 τῆς
3391 2474 3614 2545 Τριάδος
3641 2472 3730 2544 τὴν

2165 2570 2323 2634 τάξιν
2372 2567 2732 2637 ἀπαιτούσης,
2778 2565 2906 2634 (ποῦ
2941 2566 3048 2637 γάρ
3104 2565 3279 2633 τάξις,
3317 2564 3452 2617 ἔνθα
3514 2565 3571 2618 τὺ
3624 2566 3724 2617 τσον

2172 2661 2593 2733 ἀπαράλλακτον
2613 2659 2667 2729 ;)
2710 2658 2849 2713 ἀλλὰ
2893 2658 2980 2711 διά
3009 2658 3109 2727 τῆς
3143 2658 3202 2711 ὲν
3228 2658 3371 2727 αὐτῇ
3403 2657 3526 2710 κατ’
3548 2658 3707 2709 οἰκονο

2172 2754 2301 2825 μίαν
2326 2753 2531 2817 τάξεως
2561 2752 2689 2814 τοὺς
2716 2751 2958 2819 πατέρας
2988 2748 3253 2819 τιμᾶσθαι
3280 2748 3439 2818 παρά
3485 2748 3590 2800 τῶν
3614 2748 3705 2800 παί

2164 2843 2270 2896 δων
2299 2842 2695 2913 παραινούσης.
2737 2841 2847 2894 Kal
2880 2840 2940 2893 τὸ
2968 2840 3187 2910 ἀξίωμα
3218 2840 3276 2893 δὲ
3297 2839 3399 2891 τοῦ
3433 2838 3729 2908 Πνεύματος

2164 2939 2198 3008 ή
2230 2936 2351 3008 ἱερά
2399 2936 2703 3008 ὲπαίρουσα
2753 2934 2943 3004 Γραφὴ
2993 2935 3121 3005 ὃλην
3154 2935 3253 3003 τὴν
3299 2933 3512 3004 Τριάδα
3542 2934 3604 3001 τῇ
3647 2931 3728 2984 τοῦ

2167 3030 2515 3098 Πνεύματος
2548 3026 2863 3101 ὲξονομάζει
2914 3027 3087 3095 φωνῇ,
3140 3025 3217 3088 ὡς
3271 3025 3357 3089 τὸ,
3411 3021 3674 3091 Πνεῦμα¹
3700 3024 3729 3075 ὁ

492 3119 629 3172 ritus
654 3128 728 3173 est
748 3118 888 3173 Deus
920 3134 938 3171 :
968 3131 1015 3173 et
1036 3137 1123 3174 eos
1146 3122 1233 3191 qui
1261 3121 1491 3175 adorant
1521 3138 1660 3187 eum,
1691 3122 1749 3176 in
1795 3124 1988 3195 spiritu
2013 3133 2062 3178 et

2173 3120 2338 3185 Θεὸς,
2372 3118 2474 3172 καὶ
2504 3117 2648 3183 τοὺς
2688 3115 3195 3184 προσκυνοῦντας
3240 3115 3437 3167 αὑτὸν
3475 3114 3542 3166 ἐν
3564 3113 3728 3165 πνεύ-

487 3211 705 3265 veritate
736 3220 935 3280 oportet
976 3214 1200 3266 adorare
1229 3221 1282 3267 ι.
1318 3213 1429 3267 Hoc
1477 3214 1606 3267 item
1641 3232 1654 3268 :
1687 3213 1853 3269 Omne
1879 3231 2062 3285 pecca-

487 3316 600 3354 tum
633 3303 923 3356 remittetur
944 3304 1242 3357 hominibus
1266 3318 1284 3357 :
1307 3306 1357 3358 ei
1408 3313 1585 3358 autem
1613 3321 1701 3374 qui
1730 3304 2061 3375 blasphema-

485 3392 615 3447 νει-ει
640 3394 696 3446 in
730 3392 982 3461 Spiritum
1003 3406 1265 3459 sanctum,
1300 3412 1404 3449 non
1442 3397 1734 3449 remittetur
1755 3405 1813 3463 γ,
1839 3398 1905 3453 de
1952 3407 2061 3453 tota

486 3483 775 3539 divinitate
804 3495 1109 3554 acceptum,
1147 3503 1269 3541 cum
1307 3489 1563 3557 pra-dicto
1614 3504 1780 3557 scopo
1811 3489 2059 3558 quadrat.

488 3572 585 3627 Illa
623 3588 838 3645 quoque
865 3590 961 3644 per
997 3577 1280 3643 speculum
1316 3578 1449 3631 etin
1488 3577 1777 3647 aenigmate
1823 3579 2061 3649 cognitio

486 3665 926 3734 supernaturalis
950 3667 1003 3720 in
1029 3665 1226 3721 Triade
1273 3668 1515 3733 deitatis,
1543 3684 1640 3739 per
1669 3668 1933 3737 Spiritum
1960 3685 2062 3724 no-

486 3756 576 3812 bis
617 3757 669 3811 in
712 3756 896 3812 futuro
936 3758 1237 3827 perﬁcitur.
1287 3760 1377 3815 Sic
1420 3763 1569 3814 enim
1613 3761 1703 3817 hic
1750 3773 1928 3817 motus
1993 3764 2061 3817 ad

488 3847 753 3917 Spiritum
792 3859 1064 3914 sanctum,
1092 3851 1542 3919 quemadmodum
1588 3852 1818 3907 duorum
1859 3868 2063 3922 prtece-

491 3940 734 3995 dentium
766 3940 903 3995 alter
936 3942 1002 3994 ad
1044 3940 1282 4007 Patrem,
1310 3944 1448 3998 alter
1480 3943 1546 3998 ad
1572 3943 1772 3998 Filium
1800 3945 2059 4001 refertur.

486 4030 592 4098 Qui
634 4043 818 4085 autem
861 4033 1055 4086 ordine
1092 4034 1298 4101 primus
1326 4044 1411 4089 est
1440 4046 1601 4090 terrae
1626 4047 1825 4103 motus,
1882 4046 2063 4091 extre-

489 4137 613 4178 mus
662 4124 803 4177 idem
849 4124 1113 4193 dignitate
1159 4135 1215 4180 et
1245 4126 1497 4181 utilitatis
1550 4129 1921 4195 magnitudine
1952 4139 2058 4183 est.

491 4213 835 4269 Manifestam
864 4216 1013 4270 enim
1035 4218 1263 4286 gratiam
1298 4219 1468 4273 multo
1492 4234 1617 4274 esse
1647 4221 1763 4290 lege
1788 4218 2057 4292 [antiqua]

490 4306 752 4375 majorem
789 4317 846 4363 et
900 4308 1193 4364 utiliorem.
1234 4308 1436 4364 Verum
1481 4320 1536 4364 et
1580 4313 1853 4367 secundus
1884 4312 2064 4366 minor

488 4408 574 4455 est
614 4400 799 4467 tertio,
831 4399 1105 4471 Siquidem
1153 4400 1313 4454 Nunc
1375 4403 1610 4456 videmus
1657 4418 1747 4471 per
1795 4403 2064 4472 speculum

2162 3225 2305 3280 ματι
2332 3208 2430 3263 καὶ
2450 3208 2702 3275 ἀληθείᾳ
2748 3206 2845 3259 δεῖ
2858 3205 3248 3273 προσκυνεῖν.
3284 3204 3402 3257 Kal
3426 3203 3507 3268 τὸ,
3534 3199 3728 3256 Πᾶσα²

2168 3301 2424 3371 ἁμαρτία
2483 3298 2850 3369 ἀφεθήσεται
2932 3295 3058 3362 τοῖς
3112 3295 3473 3363 ἀνθρώποις,
3538 3291 3613 3357 τῷ
3671 3289 3729 3343 δὲ

2162 3391 2635 3461 βλασφημοῦντι
2694 3393 2781 3455 εὶς
2845 3387 2909 3442 τὸ
2972 3388 3218 3455 Πνεῦμα
3279 3386 3348 3439 τὸ
3410 3385 3577 3454 ἅγιον
3632 3384 3729 3437 οὐκ

2167 3484 2555 3553 ἀφεθήσεται,
2584 3482 2676 3534 ἐπὶ
2730 3480 2830 3549 τῆς
2866 3479 3118 3549 θεότητος
3149 3478 3277 3546 ὅλης
3311 3476 3582 3546 ὲκληφθὲν
3611 3472 3731 3543 σύμ-

2169 3593 2347 3643 φωνον
2380 3573 2447 3627 ἂν
2500 3573 2586 3643 εἴη
2643 3571 2722 3642 τῷ
2780 3570 3167 3641 προειρημένῳ
3212 3568 3426 3638 σκοπῷ.
3474 3567 3579 3620 Καὶ
3618 3565 3731 3633 ὴέν

2168 3667 2420 3738 ἐσόπτρῳ
2471 3666 2527 3719 δὲ
2560 3664 2761 3735 γνῶσις
2792 3665 2884 3717 καὶ
2934 3664 2968 3733 ἡ
3020 3665 3078 3715 ὲν
3123 3663 3415 3731 αἰνίγματι
3445 3661 3545 3729 τῆς
3577 3658 3729 3725 ὑπερ-

2169 3757 2341 3829 φυοῦς
2370 3759 2427 3811 ἐν
2463 3755 2654 3826 Τριάδι
2702 3754 2956 3824 θεότητος
3006 3753 3089 3815 εἰς
3138 3752 3200 3805 τὸ
3249 3751 3461 3805 τέλειον
3515 3746 3599 3801 διὰ
3645 3743 3728 3796 τοῦ

2168 3850 2484 3919 Πνεύματος
2516 3849 2649 3919 ἡμῖν
2680 3847 3115 3900 ἀποκαθίσταται
3159 3845 3300 3899 κατά
3327 3844 3425 3897 τὸν
3457 3840 3724 3913 μέλλοντα·

2168 3944 2264 3999 καὶ
2289 3945 2399 4015 γὰρ
2426 3937 2579 4005 οὗτος
2600 3942 2621 3974 ³
2644 3940 2722 4011 τῷ
2768 3939 3020 4009 παναγίῳ
3063 3936 3364 4006 Πνεύματι,
3416 3934 3599 4000 ὥσπερ
3632 3927 3728 3979 τῶν

2170 4036 2277 4108 πρὸ
2322 4035 2489 4089 αὑτοῦ
2539 4033 2632 4086 δύο
2665 4032 2906 4101 σεισμῶν
2936 4033 2965 4084 ὁ
2998 4030 3097 4100 μὲν
3136 4028 3213 4098 τῷ
3265 4027 3471 4098 Πατρὶ,
3513 4024 3541 4075 6
3579 4022 3631 4073 δὲ
3661 4015 3729 4108 τῷ

2169 4107 2285 4195 Υίῷ
2333 4124 2686 4194 ἀναφέρεται.
2728 4123 2887 4174 Ἔστι
2921 4120 2977 4173 δὲ
3010 4118 3255 4189 δηλονότι
3298 4118 3326 4169 6
3361 4116 3461 4187 μὲν
3504 4115 3568 4181 τῇ
3592 4107 3729 4172 τάξει

2169 4218 2385 4288 πρῶτος
2438 4215 2682 4284 σεισμὸς,
2714 4212 2942 4283 ἔσχατος
2991 4210 3069 4281 τῷ
3128 4226 3187 4263 τε
3244 4208 3517 4277 ἀξιώματι
3542 4202 3629 4256 καὶ
3662 4197 3729 4264 τῷ

2171 4311 2268 4380 τῆς
2299 4306 2565 4379 ὠφελείας
2598 4306 2818 4375 μεγέθει
2843 4323 2856 4335 ο
2884 4303 3044 4373 δῆλον
3074 4303 3185 4373 γὰρ
3216 4301 3292 4364 ὡς
3312 4303 3345 4370 ἡ
3382 4299 3539 4369 χάρις
3569 4288 3728 4356 πολλῴ

2173 4402 2269 4457 τοῦ
2299 4403 2467 4472 νόμου
2518 4399 2718 4471 μείζων
2748 4415 2808 4452 τε
2859 4398 2953 4451 καὶ
2982 4394 3422 4464 λυσιτελεστέρα.
3472 4388 3624 4443 Ἀλλά
3649 4383 3729 4437 καὶ

487 4503 533 4546 et
559 4493 614 4547 in
632 4494 909 4562 (enigmata
941 4508 961 4547 :
991 4502 1113 4546 tunc
1136 4502 1314 4547 autem
1341 4496 1476 4564 facie
1501 4494 1569 4547 ad
1587 4494 1784 4561 faciem
1811 4504 1858 4549 ι.
1886 4495 2065 4561 Quare

2170 4495 2197 4546 6
2220 4494 2471 4565 δεύτερος
2496 4489 2810 4545 ἐλαττοῦται
2842 4488 2937 4543 τοῦ
2974 4489 3182 4558 τρίτου,
3213 4487 3329 4554 εἴγε
3353 4485 3449 4538 νῦν
3492 4480 3590 4552 μὲν

488 4586 680 4652 etiam,
705 4584 837 4640 Cum
880 4588 1076 4640 uenerit
1097 4587 1239 4656 quod
1269 4585 1559 4655 perfectum
1579 4597 1692 4653 ρεςι,
1720 4588 2068 4641 evacuabitur

487 4676 625 4745 quod
662 4691 727 4729 ex
772 4685 924 4744 parte
968 4686 1043 4729 est
1067 4688 1116 4730 ει.
1160 4675 1229 4731 Et
1280 4677 1565 4730 considera
1603 4674 1835 4749 [quaaso]
1879 4677 2065 4732 divina

486 4768 765 4837 operantis
826 4766 1187 4823 Providentia:
1254 4766 1447 4838 1966
1510 4767 1965 4835 sapientissimam
2011 4778 2068 4822 et

486 4859 752 4929 :equalem
812 4860 1098 4915 trutinam.
1143 4860 1440 4915 Videbatur
1487 4859 1652 4914 Pater
1694 4860 1893 4928 priscis
1951 4859 2062 4915 illis

488 4951 816 5019 praecipuam
840 4948 1164 5017 dignitatem
1207 4949 1459 5003 obtinere
1486 4968 1500 5003 :
1528 4964 1855 5021 rursumque
1893 4950 2064 5006 Filius

486 5041 540 5094 in
577 5055 715 5095 nova
740 5038 857 5109 lege
886 5040 1209 5109 quibusdam
1245 5040 1532 5104 minorem,
1566 5051 1620 5096 at
1650 5041 1838 5097 multis
1877 5056 2063 5112 aequa-

485 5134 589 5189 lem
627 5152 640 5188 :
663 5132 909 5202 Spiritus
938 5148 1073 5187 vero
1105 5142 1328 5187 sanctus
1354 5133 1538 5189 multis
1565 5133 1852 5198 minorem,
1876 5135 2064 5204 paucis

484 5226 773 5296 aequalem.
806 5224 880 5280 Ut
906 5225 1073 5293 igitur
1106 5241 1172 5279 ex
1192 5225 1475 5280 hominum
1501 5225 1759 5295 opinione
1787 5236 1909 5281 orta
1932 5228 2063 5281 ina:-

483 5321 717 5391 qualitas
757 5321 824 5376 ad
860 5320 1228 5391 aequalitatem
1281 5322 1673 5387 reduceretur,
1717 5323 1926 5391 primus
1972 5322 2063 5378 ille

570 5458 589 5492 ι
620 5456 664 5511 ll
693 5457 818 5513 Cor.
849 5476 890 5525 ι,
923 5459 1014 5513 22.
1054 5467 1085 5497 ιι
1116 5459 1315 5525 Eplies.
1346 5476 1383 5524 i,
1422 5459 1521 5523 ll;
1556 5459 1714 5515 Rom.
1750 5462 1983 5522 νιιι,25.
2057 5470 2087 5498 ν
2115 5460 2448 5527 Maltinxxn,
2478 5459 2571 5514 50.

574 5542 653 5583 rc.
686 5538 769 5585 tl.
792 5530 894 5585 29:
924 5529 1056 5585 Luc.
1085 5546 1185 5585 xu.
1219 5528 1305 5583 10.
1385 5538 1407 5565 ι
1438 5529 1457 5581 ι
1486 5528 1613 5583 Cor.
1645 5546 1767 5585 xm.
1801 5530 1888 5585 12.
1985 5542 2012 5571 ει
2047 5531 2181 5585 ibid.
2225 5531 2318 5585 10.

2047 5548 2181 5585 ιυια.
2225 5548 2318 5585 ιυ.

484 5524 653 5583 Marc.
686 5538 769 5594 ll,
792 5524 894 5598 29;
924 5529 1056 5586 Luc.
1085 5524 1185 5595 xu,
1219 5528 1305 5583 10.
1385 5538 1407 5565 ι
1438 5529 1457 5581 ι
1486 5528 1613 5583 Cor.
1645 5546 1767 5596 xui,
1801 5530 1888 5585 12.

2168 4585 2484 4653 ἐσόπτρῳδ
2508 4583 2822 4651 βλέπομεν
2867 4580 2968 4635 καὶ
3020 4580 3090 4634 ἐν
3137 4579 3458 4647 αἰνίγματι,
3494 4573 3620 4625 τότε
3669 4564 3728 4617 δὲ

2169 4680 2499 4746 πρόσωπον
2532 4674 2683 4742 πρὸς
2724 4673 3075 4741 πρόσωπον.
3105 4668 3199 4723 Διὸ
3232 4668 3350 4733 καὶ,
3389 4667 3572 4718 Ὅταν
3596 4656 3726 4720 ἔλθῃ

2168 4773 2236 4827 τὸ
2270 4771 2525 4836 τέλειον,
2562 4766 3080 4837 καταργηθήσεται
3128 4764 3196 4818 τὸ
3240 4763 3311 4817 ἐκ
3361 4762 3597 4831 μέρους.
3629 4748 3728 4804 Καὶ

2169 4866 2364 4918 σκόπει
2395 4863 2497 4932 τῆς
2531 4860 2792 4931 θεουργοῦ
2810 4860 2831 4891 ⁵
2862 4860 3124 4928 Προνοίας
3145 4855 3236 4908 τὸν
3265 4850 3539 4919 πάνσοφόν
3558 4860 3614 4898 τε
3645 4838 3725 4892 καὶ

2167 4956 2387 5028 ἀρρεπῆ
2415 4953 2597 5022 ζυγόν.
2622 4952 2751 5024 [525
2781 4949 2874 5022 Η.]
2920 4950 2977 5003 Ὁ
3012 4947 3203 5019 Πατὴρ
3233 4945 3407 4999 ἐδόκει
3432 4942 3543 5002 τοῖς
3571 4932 3723 5028 πάλαι

2166 5023 2463 5118 τεῦ-μεῖζον
2510 5023 2675 5116 ἔχειν,
2723 5045 2751 5095 6
2802 5042 2930 5105 Υἱὸς
2961 5041 3018 5093 δὲ
3071 5040 3234 5093 πάλιν
3280 5037 3423 5091 κατά
3464 5033 3560 5099 τὴν
3610 5023 3722 5118 νέαγ

2168 5110 2333 5200 ἐνίοὶς
2374 5138 2472 5208 μὲν
2511 5110 2573 5189 ἐὖ
2618 5135 2856 5197 ἔλαττον,
2891 5135 3004 5194 τοῖς
3053 5130 3270 5194 πολλοῖς
3322 5129 3378 5181 δὲ
3410 5125 3470 5178 τὸ
3503 5110 3722 5208 (cavi-1.?)

2165 5230 2227 5284 δὲ
2268 5201 2424 5298 ἆγιον
2454 5227 2683 5298 Πνεῦμα
2718 5228 2829 5288 τοῖς
2864 5224 3081 5287 πολλοῖς
3115 5222 3216 5293 μὲν
3262 5220 3324 5273 τδ
3357 5219 3591 5275 ἔλαττον,
3618 5201 3719 5304 ἀλι-

2168 5338 2286 5390 τοις
2311 5320 2368 5373 δὲ
2392 5319 2455 5372 τὸ
2492 5319 2627 5374 ἴσον.
2668 5319 2783 5371 Ἵνα
2811 5314 2904 5369 οὖν
2932 5315 2995 5369 τὸ
3029 5315 3215 5369 ἄνισον
3260 5314 3322 5367 τὸ
3354 5310 3461 5366 ἀπὸ
3502 5304 3599 5373 τῆς
3624 5309 3719 5348 των

2675 5472 2705 5501 ι
2728 5456 2888 5513 Joan.
2922 5472 2998 5524 tv,
3023 5455 3114 5512 24.
3232 5462 3262 5497 ⁷
3293 5450 3484 5510 Matth.
3518 5455 3612 5508 ιιι,
3635 5434 3712 5499 5ίὶ

1796 5622 2035 5679 νΑιιιιΕ
2084 5623 2216 5680 LEC
2226 5623 2392 5678 TlON
2398 5622 2499 5677 ES.

551 5733 598 5765 ⁸⁸
649 5733 947 5805 ὲπιμαρτ.]
974 5734 1012 5789 ll
1041 5736 1172 5791 Cor.
1213 5753 1252 5798 ι,
1292 5737 1384 5795 22.

483 5800 819 5905 tullium
877 5821 996 5905 3'2:

1492 5740 1538 5811 ξε
1572 5738 1866 5811 πολλαχοῦ]
1908 5739 2145 5811 ἀλλαχοῦ
2175 5738 2533 5811 Hmagheljus.

662 5804 849 5859 Rom.’
877 5821 996 5880 viti,
1024 5807 1123 5880 23.
1198 5808 1242 5839 ⁸⁸
1278 5808 1335 5880 εν
1372 5808 1506 5880 γάρ]
1568 5804 1931 5871 Μοιιιιῗχιξιι,
1978 5804 2077 5866 5οῘ
2146 5811 2171 5880 ⁸,
2200 5806 2441 5880 πνεῦμα]

545 5874 719 5937 οὓτως
741 5891 803 5940 ς.
883 5874 903 5905 ⁵
932 5878 990 5931 ἐν
1022 5876 1305 5950 ἐσόπτρῳ]
1341 5880 1357 5935 ι
1384 5874 1510 5936 Cer
1542 5896 1663 5946 xm,
1695 5880 1782 5934 12.
1859 5882 1879 5914 ³
1912 5880 2065 5953 θεουρ

2167 5879 2200 5956 ἱ]
2234 5874 2571 5950 δημὶου’ργοῦ
2606 5893 2691 5947 pr.
2723 5877 2785 5930 A.

2633 5737 2680 5775 ιιι
2718 5731 2948 5805 agitas]
3008 5731 3219 5805 Ephes._
3242 5731 3427 5805 1,-14ο,
3488 5715 3711 5805 “fni?

2519 5808 2679 5863 Joan.
2730 5798 2948 5865 19:24:
3002 5798 3222 5874 ’πᾶσαι
3282 5798 3466 5857 Matth.
