4032 6440
441 342 552 403 789

1507 342 2125 404 BlBLIOTHECA.-
2162 340 2325 399 COD.
2364 337 2647 398 CCXXII.

3604 325 3710 389 790

441 450 758 524 ἀνθρώπων
790 449 1113 522 ὑπολήψεως
1146 466 1226 510 εις
1277 448 1499 518 ἰσότητα
1528 450 1834 521 ἐπαναχθῇ,
1866 453 1894 503 ὁ
1930 450 2029 519 μὲν

2155 461 2289 501 eme
2311 444 2621 512 motus,qui
2644 442 2788 496 Patri
2807 440 3101 496 attributus
3123 447 3227 504 est,
3248 437 3513 493 minorem
3531 436 3711 508 digni-

442 545 666 617 πρῶτος
697 545 941 613 σεισμὸς,
972 542 1031 606 ὃς
1059 541 1339 613 ἀφώριστο
1377 540 1454 609 τῷ
1498 542 1693 610 Πατρὶ,
1720 542 1781 593 τὸ
1810 541 2028 595 ἔλαττον

2155 534 2829 592 atembabuitzsecundus
2846 532 2995 596 dein,
3018 531 3106 600 qui
3130 529 3255 584 Filii
3291 540 3432 595 erat,
3471 528 3566 582 illo
3600 545 3710 582 nta-

441 636 629 704 ἐσχεν,
657 635 686 686 ὁ
718 633 777 685 δὲ
806 632 1080 702 δεύτερος,
1115 632 1172 695 ὃς
1204 627 1271 703 ἧν
1296 631 1374 701 τῷ
1408 630 1541 699 Υίῷ,
1571 631 1632 682 τὸ
1660 631 1872 684 ἐκείνου
1913 635 2031 702 μεῖ-

2126 629 2303 701 jorem
2335 647 2349 682 :
2380 629 2682 696 tertiusque
2700 625 2936 693 Spiritus
2959 622 3157 689 sancti,
3176 630 3407 688 utroque
3427 618 3703 674 excellen-

442 727 559 791 ζον,
589 726 685 778 καὶ
715 728 743 778 ὁ
770 724 863 777 τοῦ
892 724 1208 791 Πνεύματος
1243 725 1447 794 ἀμφοῖν
1477 722 1766 793 ὑπερέχον.
1798 725 1908 777 Καὶ
1931 725 2032 794 ὅρα

2158 725 2351 779 iorem.
2372 724 2449 775 lla
2472 720 2620 773 clare
2650 717 2974 788 perspicias,
3001 716 3273 785 quomodo
3307 728 3427 783 quae
3454 713 3505 766 in
3536 713 3710 767 homi-

446 819 637 889 σαφῶς
668 820 874 889 ὅπωςὴ
911 820 970 871 ὲν
992 820 1113 881 ταῖς
1148 818 1256 871 τῶν
1290 818 1599 887 ἀνθρώπων
1636 816 1819 883 δόξαις
1847 818 2034 870 ἀνισό-

441 929 549 981 της
588 911 679 964 διὰ
700 911 721 941 ⁸
754 910 857 979 τῆς
884 910 994 963 τῶν
1026 909 1194 980 τριῶν
1221 909 1430 981 καιρῶν
1462 911 1775 980 ἀνισότητος
1820 910 1899 972 είς
1931 908 2033 978 ἁῤ-

451 1002 801 1075 ρεπεστάτην
831 1018 890 1054 τε
919 1002 1015 1054 καὶ
1038 1001 1349 1071 θαυμασίαν
1389 1002 1754 1071 συνεϐιϐάσθη
1787 1000 2032 1071 ἰσότητα,

454 1099 591 1173 ὶϐἓῗ)
614 1096 705 1169 3.]
744 1100 846 1168 τῆς
875 1097 1163 1169 τριαδικῆς
1202 1097 1464 1169 θεαρχίας
1490 1098 1680 1171 ὥσπερ
1709 1099 1884 1169 αὑγήν
1914 1114 2036 1150 τινα

463 1189 914 1263 παραδεξαμένητ
951 1191 1048 1243 καὶ
1075 1190 1357 1260 ἒλλαμψιν.
1395 1191 1520 1245 Ὅτι
1549 1191 1605 1244 δὲ
1636 1193 1670 1262 ἡ
1721 1192 1779 1243 ὲν
1836 1189 2033 1260 Τριάδι

466 1284 615 1347 τάξις
646 1283 741 1347 τὴν
785 1281 895 1333 τῶν
928 1279 1140 1334 πολλῶν
1184 1281 1498 1352 οἰκονομίαν
1540 1281 1881 1352 στοχάζεται,
1923 1282 2037 1334 ἀλλ’

464 1376 563 1427 οὐκ
588 1373 693 1425 ἀπὸ
719 1373 818 1442 τῆς
853 1373 1169 1443 ὑπερφυοῦς
1206 1374 1422 1444 ὲκείνης
1469 1375 1562 1428 καὶ⁸
1613 1376 1855 1446 ἀρρήτου
1914 1374 2040 1444 βλα-

461 1467 645 1519 στάνει
675 1464 920 1534 φύσεως,
952 1468 981 1518 ὀ
1004 1464 1115 1519 τῶν
1163 1468 1494 1539 ἀπορρήτων
1529 1467 1739 1538 μύστης
1770 1468 2036 1527 διδάσκει,

454 1558 512 1618 ὃς
544 1556 642 1609 καὶ⁵
665 1558 757 1610 τὸν
789 1557 917 1609 Υἰὸν
947 1558 1044 1612 καὶ
1068 1556 1294 1627 Πνεῦμα
1324 1557 1621 1629 θεόληπτον
1655 1557 1855 1628 μύησιν
1884 1557 2041 1628 ἔσχεν

453 1647 630 1700 ἐνίοτε
689 1646 787 1700 τοῦ
845 1647 1059 1718 Πατρὸς
1104 1648 1425 1718 προτάττειν
1456 1666 1467 1678 ·
1506 1650 1891 1716 Διαιρέσεις-ε’
1931 1648 2045 1719 γὰρ

452 1738 846 1806 χαρισμάτων
899 1739 1041 1803 εἰσὶ,
1089 1738 1187 1792 καὶ
1245 1739 1311 1791 τὸ
1352 1739 1521 1799 αὐτὸ.
1557 1740 1710 1808 φησὶ,
1752 1737 2039 1809 Πνεῦμα·

451 1829 784 1898 διαιρέσεις
809 1831 878 1884 δὲ
901 1831 1243 1899 διακονιῶν,
1266 1834 1364 1887 καὶ
1395 1835 1429 1887 ὁ
1453 1834 1636 1899 αὐτὸς
1665 1835 1881 1901 Κύριος
1902 1850 1916 1864 ·
1942 1834 2041 1888 καὶ

453 1920 785 1991 διαιρέσεις
813 1922 1251 1992 ἐνεργημάτων,
1287 1924 1385 1978 καὶ
1431 1927 1464 1978 ὀ
1504 1925 1684 1991 αὐτὸς
1727 1928 1891 1992 Θεός.
1933 1927 2045 1981 Καὶ

456 2014 602 2084 πρὸς
634 2015 877 2078 Γαλάτας
900 2017 942 2047 ³·
975 2019 1217 2083 Παῦλος
1266 2021 1301 2072 ὁ
1344 2020 1711 2085 ἀπόστολος,
1779 2021 1892 2074 οὐκ
1941 2020 2042 2075 ἀπ’

458 2106 791 2174 ἀνθρώπων
828 2107 971 2161 οὐδὲ
1014 2108 1089 2163 δι’
1114 2109 1465 2178 ἀνθρώπων,
1500 2111 1662 2167 ἀλλά
1701 2111 1802 2165 διὰ
1848 2112 2045 2179 Ἰησοῦ

458 2198 723 2265 Χριστοῦ
752 2199 848 2252 καὶ
893 2199 1053 2255 Θεοῦ
1072 2204 1325 2271 Πατρός.
1363 2203 1528 2257 ’Ὥστε
1554 2203 1615 2255 τὸ
1648 2203 2046 2273 προτάττεσθαι

460 2292 564 2340 καὶ
591 2288 993 2343 ὑποτάττεσθαι
1042 2290 1109 2343 τὰ
1132 2291 1175 2322 ²⁰
1208 2292 1307 2361 τῆς
1339 2291 1639 2363 θεαρχικῆς
1669 2292 1901 2363 Τριάδος
1952 2294 2050 2347 καὶ

461 2382 651 2435 πᾶσαν
674 2382 828 2446 τάξιν
857 2383 949 2435 καὶ
988 2383 1165 2435 πάντα
1195 2382 1351 2452 λόγον
1393 2383 1767 2455 ὑπερεχούσης
1810 2386 2051 2456 ὀνόματα

462 2473 569 2543 οὑχ
626 2474 817 2543 εἱρμὸν
874 2490 999 2527 τινα
1055 2475 1285 2544 φυσικὸν
1343 2473 1600 2541 διασώζει
1648 2477 1874 2542 τάξεως,
1915 2478 2053 2532 ἀλλὰ

465 2568 609 2636 πρὸς
636 2567 737 2637 τὴν
770 2566 879 2619 τῶν
911 2567 1199 2639 ἀκροατῶν
1233 2569 1512 2638 σωτηρίαν
1560 2571 1928 2641 οἰκονομεῖται
1959 2572 2054 2625 καὶ

462 2658 914 2711 διαποικίλλεται.
968 2658 1157 2712 Ταῦτα
1199 2659 1298 2729 μὲν
1346 2658 1441 2713 οὖν
1470 2661 1511 2691 “
1569 2663 1597 2714 ὁ
1632 2662 1841 2726 κλεινός
1868 2680 1928 2716 τε
1958 2664 2056 2717 καὶ

463 2746 581 2799 τῶν
615 2746 773 2799 θείων
807 2748 1146 2819 μαθημάτων
1174 2748 1441 2821 διάπυρος
1463 2750 1703 2822 ἐραστὴς
1726 2752 1866 2806 κατά
1884 2754 1946 2807 τὸ
1973 2753 2056 2807 λα’

464 2855 531 2890 τε
572 2838 671 2891 καὶ
709 2838 753 2911 β’
786 2840 1086 2911 κεφάλαιον
1114 2842 1623 2917 φιλοπονησάμενος
1668 2848 2058 2921 ἐπραγματεύ-

469 2947 631 2984 σατο.

560 3024 651 3076 Ἐν
680 3024 737 3076 δὲ
766 3024 845 3096 τῷ
876 3025 1002 3098 ἑξῆς
1031 3027 1316 3099 κεφαλαίῳ
1363 3029 1547 3094 αἰτίας
1593 3029 1778 3103 τίθησι
1828 3032 1897 3087 δι’
1927 3033 1995 3099 ἀς
2025 3035 2059 3105 ἡ

2132 830 2258 867 num
2291 823 2375 868 est
2390 812 2645 881 opinione
2680 809 3048 879 inaequalitas,
3079 822 3176 876 per
3204 807 3368 862 trium
3400 817 3709 875 temporum

2135 905 2584 977 inaequalitatem,
2605 904 2656 957 in
2684 902 3056 957 admirandam
3081 917 3145 956 ac
3159 900 3409 955 stabilem
3429 898 3715 967 aequalita-

2136 1007 2244 1055 tem
2276 998 2487 1062 coierit,
2520 995 2810 1049 Trinitatis
2838 993 3119 1061 majestate
3165 992 3334 1047 veluti
3370 990 3707 1059 splendorem

2137 1089 2429 1157 quemdam
2464 1104 2528 1143 ac
2563 1088 2737 1142 lucem
2782 1086 3109 1155 accipiente.
3152 1083 3304 1151 Quod
3354 1098 3488 1138 vero
3521 1082 3613 1150 qui
3661 1080 3714 1134 in

2141 1184 2409 1238 Trinitate
2456 1190 2538 1236 est
2560 1182 2736 1243 ordo,
2785 1179 2929 1247 vulgi
2969 1179 3236 1233 duntaxat
3303 1174 3713 1230 ordinationem

2139 1284 2371 1344 spectet,
2419 1288 2526 1327 non
2559 1281 2737 1325 autem
2778 1286 2846 1324 ex
2896 1267 3155 1324 ineﬁ‘abili
3203 1275 3260 1323 et
3313 1260 3717 1334 supernaturali

2142 1376 2335 1420 natura
2364 1371 2672 1431 promanet,
2710 1375 3036 1415 arcanorum
3072 1359 3164 1414 ille
3196 1367 3374 1429 mysta
3411 1356 3589 1418 docet,
3614 1353 3709 1423 qui

2142 1455 2401 1510 divinitus
2448 1468 2568 1506 eam
2624 1451 3017 1504 institutionem
3054 1448 3285 1516 accepit,
3323 1456 3383 1499 ut
3425 1444 3620 1499 Filium
3657 1451 3713 1495 et

2144 1544 2409 1613 Spiritum
2448 1541 2775 1610 quandoque
2815 1550 2940 1593 ante
2982 1537 3201 1591 Patrem
3255 1536 3461 1590 locaret
3498 1554 3512 1589 :
3563 1533 3718 1587 Divi-

2142 1637 2315 1690 siones
2371 1633 2512 1687 enim
2562 1631 2860 1699 gratiarum
2918 1641 3065 1693 sunt,
3123 1628 3321 1698 inquit,
3371 1627 3510 1679 idem
3549 1636 3726 1679 autem

2148 1724 2377 1793 Spiritus
2412 1741 2430 1779 :
2463 1724 2744 1777 divisiones
2774 1721 3254 1784 ministrationum,
3290 1727 3338 1771 et
3367 1718 3505 1772 idem
3534 1716 3726 1769 Domi-

2075 1796 2115 1850 Β
2150 1830 2287 1869 nus:
2313 1824 2362 1868 et
2408 1813 2687 1867 divisiones
2734 1811 3120 1879 Operationum,
3148 1810 3386 1878 idemque
3414 1806 3553 1860 Deus
3576 1802 3729 1858 b.Ad

2152 1906 2373 1961 Galatas
2404 1918 2619 1973 quoque
2644 1903 2890 1958 scribens
2915 1917 2935 1954 :
2962 1899 3167 1954 Paulus
3208 1897 3500 1968 apostolus,
3534 1912 3636 1951 non
3663 1893 3728 1948 ab

2152 1996 2474 2059 hominibus,
2512 2010 2678 2064 neque
2720 2008 2813 2062 per
2852 1991 3113 2056 homines,
3140 1990 3231 2045 sed
3255 2006 3347 2059 per
3367 1988 3552 2042 Jesum
3584 1985 3732 2040 Chri-

2154 2099 2312 2152 stum,
2343 2095 2392 2141 et
2418 2086 2582 2140 Deum
2601 2083 2817 2138 Patrem
2838 2093 2887 2135 α.
2908 2080 3089 2148 Quare
3105 2079 3250 2150 quod
3274 2078 3470 2132 divinae
3498 2075 3733 2130 Trinita-

2158 2184 2253 2248 tis,
2285 2195 2405 2250 quac
2432 2192 2652 2233 omnem
2687 2186 2741 2231 et
2782 2175 3029 2231 ordinem
3066 2184 3121 2228 et
3153 2185 3462 2227 sermonem
3496 2168 3729 2230 excedit,

2158 2270 2376 2325 nomina
2416 2267 2577 2322 modo
2624 2274 3034 2337 praeponantur,
3078 2263 3239 2319 modo
3293 2270 3687 2331 postponantur
3714 2300 3731 2323 ,

2158 2380 2268 2419 non
2304 2362 2354 2417 id
2389 2362 2589 2416 seriem
2625 2360 2867 2429 aliquam
2914 2359 3218 2414 naturalem
3274 2367 3476 2419 tuetur,
3518 2354 3611 2410 sed
3668 2353 3733 2407 ad

2160 2457 2468 2511 auditorum
2502 2454 2734 2508 salutem
2763 2452 2913 2508 varie
2936 2452 3404 2507 accommodatur.
3444 2449 3570 2504 Haec
3608 2462 3737 2502 vero

2162 2550 2397 2620 inclytus
2435 2549 2757 2617 ardensque
2798 2548 3111 2601 divinarum
3153 2543 3564 2616 disciplinarum
3590 2557 3738 2595 ama-

2166 2652 2247 2697 tor
2278 2641 2555 2695 tricesimo
2590 2640 2766 2709 primo
2798 2640 2977 2710 capite
3000 2648 3055 2695 et
3081 2638 3258 2694 altero
3307 2637 3557 2694 studiose
3586 2634 3737 2688 labo-

2165 2733 2337 2789 rando
2360 2730 2736 2804 pertractavit.

2240 3035 2334 3090 35.
2380 3031 2641 3089 Proximo
2685 3028 2885 3086 dehinc
2930 3028 3110 3097 capite
3173 3040 3371 3083 causas
3414 3022 3614 3087 reddit,
3647 3036 3747 3076 cur

469 3115 691 3170 Παλαιὰ
723 3121 817 3171 καὶ
838 3119 953 3171 Νέα
979 3120 1223 3191 Διαθήκη
1252 3119 1332 3191 τῷ
1356 3120 1647 3194 δυσλήπτῳ
1668 3142 1727 3177 τε
1749 3124 1842 3178 καὶ
1869 3125 2052 3196 δυσερ·

2172 3133 2280 3177 tam
2326 3121 2539 3179 Novum
2585 3136 2748 3191 quam
2788 3118 2957 3174 Vetus
3009 3117 3422 3173 Testamentum
3465 3111 3749 3167 intellectu

473 3210 732 3281 μηνεύτῳ
776 3212 1130 3280 ποικίλλεται,
1160 3214 1208 3267 εἰ
1240 3216 1335 3267 καὶ
1391 3214 1593 3286 μᾶλλον
1633 3216 1732 3286 μὲν
1757 3218 1791 3288 ὴ
1828 3218 2062 3283 Παλαιὰ,

468 3299 641 3375 ἧττον
667 3302 725 3356 δὲ
754 3304 822 3356 τὰ
859 3304 959 3375 τῆς
988 3305 1231 3376 χάριτος.
1253 3306 1366 3361 Καὶ
1388 3308 1484 3361 ἐπὶ
1516 3308 1618 3378 μὲν
1645 3308 1739 3363 τοῦ
1770 3311 2068 3365 Μωσαῖκού

471 3396 809 3465 γράμματός
840 3414 1004 3468 φησιν
1049 3399 1153 3464 ὅτι,
1188 3399 1314 3453 ἐπεὶ
1343 3399 1517 3465 τύπος
1542 3397 1612 3473 ἦν
1641 3403 1737 3456 καὶ
1786 3404 1915 3457 σκιὰ
1960 3404 2071 3458 τῶν

476 3486 787 3557 μελλόντων
819 3490 1062 3558 ἀγαθῶν,
1095 3492 1321 3554 εἰκότως
1343 3493 1419 3556 ώς
1451 3494 1511 3547 ὲν
1538 3496 1673 3567 σκιᾷ
1703 3512 1763 3548 τε
1790 3497 1885 3549 καὶ
1911 3496 2069 3567 τύπῳ

473 3580 577 3632 καὶ
634 3579 775 3632 αὐτὰ
796 3580 839 3611 ¹¹
866 3583 935 3633 τὰ
968 3582 1190 3651 ῥήματα
1238 3583 1335 3636 καὶ
1367 3584 1469 3653 τὴν
1511 3584 1620 3638 τῶν
1654 3587 1916 3657 ῥημάτων
1955 3606 2074 3642 συν-

476 3663 661 3735 θήκην
692 3664 1078 3737 προϐάλλεται,
1114 3668 1182 3722 δι’
1216 3666 1294 3725 ὧν
1322 3674 1521 3743 κρατεῖ
1558 3674 1592 3743 ἠ
1632 3674 1891 3744 ἀσάφεια.
1922 3678 2074 3749 Πλήν

475 3771 550 3822 γε
582 3756 723 3809 κατά
762 3758 861 3820 τὰς
894 3757 1090 3822 διπλᾶς
1135 3762 1237 3831 τῆς
1276 3762 1603 3832 νομοθεσίας
1641 3764 1855 3830 πλάκας
1878 3767 2073 3839 διπλῆν

478 3842 583 3894 καὶ
619 3844 719 3912 τὴν
758 3845 950 3916 χρείαν
1004 3849 1330 3920 παρέχεται,
1367 3852 1482 3915 τοῖς
1545 3853 1648 3923 μὲν
1699 3856 2073 3927 ἀναϐεϐηκόσι

478 3934 581 3987 τὸν
615 3936 739 3989 νοῦν
776 3936 873 4009 τὴν
914 3940 1111 4012 αἴγλην
1153 3941 1359 3997 ἔσωθεν
1406 3946 1947 4018 ἀπαστράπτοντα¹³
1973 3953 2075 4023 τὴν

478 4028 583 4080 τοῦ
615 4028 951 4098 Πνεύματος,
980 4034 1106 4097 τοὺς
1142 4033 1202 4087 δὲ
1251 4036 1598 4109 παχυτέρους
1630 4040 2076 4113 ψυχαγωγοῦντα

479 4123 555 4186 τῇ
606 4124 946 4196 σκιαγραφίᾳ
986 4126 1082 4181 τοῦ
1128 4128 1479 4200 γράμματος.
1531 4131 1873 4205 Ἐκέκρυπτο
1911 4136 1968 4190 δὲ
2008 4138 2078 4191 τά

488 4211 757 4278 μέλλοντα
790 4216 994 4284 ἀγαθὰ,
1026 4212 1103 4272 ὧν
1131 4220 1165 4290 ὴ
1192 4220 1294 4291 τῆς
1321 4221 1553 4292 Τριάδος
1592 4225 1796 4293 γνῶσις
1818 4226 1884 4279 τὸ
1908 4229 2079 4298 κεφά-

2169 3226 2335 3285 atque
2370 3215 2663 3283 explanata
2704 3211 3018 3267 dilllcilibus
3065 3208 3199 3263 locis
3248 3208 3604 3262 intertextum
3655 3204 3750 3269 sit,

2171 3308 2271 3363 etsi
2319 3306 2488 3362 Vetus
2534 3305 2947 3361 Testamentum
2987 3303 3128 3372 plus,
3160 3301 3343 3355 minus
3382 3313 3514 3353 vero
3538 3295 3750 3352 Novum

2172 3399 2483 3469 huiusmodi
2531 3396 2910 3454 diﬂlcnltatum
2940 3395 3166 3449 habeat.
3204 3391 3271 3446 Et
3312 3406 3478 3461 super
3514 3389 3754 3445 Mosaico

2175 3492 2398 3562 quidem
2438 3491 2643 3561 scripto
2681 3488 2936 3555 alIirmat,
2980 3483 3422 3557 quandoquidem
3458 3493 3618 3554 typus
3661 3483 3753 3536 illa

2174 3595 2330 3641 erant
2366 3593 2421 3639 et
2449 3581 2987 3639 umbra‘l’uturorum
3024 3579 3313 3640 bonorum,
3372 3575 3571 3630 merito
3611 3583 3671 3628 ut
3700 3574 3753 3628 in

2178 3687 2305 3749 typo
2328 3688 2492 3746 atque
2512 3678 2704 3729 umbra
2730 3688 2852 3729 cum
2882 3670 3051 3734 verba
3078 3679 3193 3723 tum
3219 3666 3512 3723 verborum
3534 3680 3759 3735 compo-

2176 3770 2429 3826 sitionem
2459 3766 2726 3835 ejusmodi
2749 3764 3021 3837 prol‘erre,
3058 3777 3159 3834 per
3194 3776 3315 3831 quae
3357 3768 3635 3816 cresceret
3657 3758 3757 3813 ob-

2177 3863 2435 3916 scuritas.
2463 3861 2785 3929 Quanquam
2811 3857 2927 3913 haec
2953 3856 3008 3911 in
3037 3853 3349 3924 duplicibus
3368 3851 3505 3923 legis
3529 3850 3752 3916 tabulis,

2178 3954 2447 4024 geminam
2492 3967 2711 4024 quoque
2756 3949 3048 4005 utilitatem
3092 3932 3394 4016 praebeant,
3440 3957 3564 4000 cum
3608 3951 3664 3999 et
3694 3944 3762 3998 iis

2178 4048 2267 4116 qui
2330 4055 2509 4100 mente
2591 4045 2755 4100 altius
2839 4042 3239 4105 ascenderunt,
3293 4037 3487 4108 197a
3536 4035 3765 4091 interius

2180 4153 2340 4191 suum
2370 4137 2595 4206 spiritus
2637 4136 2816 4190 lumen
2844 4134 3009 4188 veluti
3050 4130 3416 4191 aliulminant,
3442 4138 3497 4183 et
3525 4122 3763 4181 crassio-

2184 4245 2271 4283 res
2310 4229 2505 4284 litterae
2544 4227 2960 4283 obumbratione
3001 4224 3291 4280 delectant.
3338 4216 3767 4275 Abscondeban-

484 4306 665 4371 λαιον,
689 4307 757 4360 δι’
789 4309 858 4372 ἃς
908 4311 1088 4375 αἰτίας
1133 4312 1396 4377 πολλάκις
1440 4316 1884 4388 ἀποδεδώκαμεν,
1936 4320 2052 4391 λέγι

2185 4332 2272 4377 ιιιι·
2297 4331 2478 4376 autem
2513 4318 2695 4375 futura
2722 4317 2886 4385 bona,
2913 4318 2968 4372 in
2994 4316 3193 4387 quibus
3218 4312 3456 4385 cognitio
3481 4305 3767 4365 Trinitatis

483 4397 560 4465 δὴ
592 4397 682 4451 διά
716 4416 778 4452 τε
816 4400 925 4454 τῶν
967 4403 1257 4473 ἀκροατῶν
1287 4404 1349 4457 τὸ
1389 4405 1614 4471 ἀσθενὲς
1642 4411 1738 4461 καὶ
1780 4409 1871 4464 διὰ
1896 4411 1957 4464 τὺ
1982 4412 2052 4466 λα

2185 4425 2348 4488 caput
2386 4425 2493 4480 est,
2527 4415 2599 4469 ob
2634 4428 2731 4468 eas
2772 4408 3056 4485 [maxime]
3088 4422 3282 4464 causas
3303 4444 3318 4470 ,
3344 4418 3481 4473 quas
3508 4402 3622 4472 jam
3659 4416 3766 4455 sae-.-

489 4488 608 4541 θεῖν
641 4492 731 4546 τὸν
761 4492 1001 4563 ἄρχοντα
1049 4496 1146 4549 τοῦ
1202 4497 1454 4563 σκότους,
1509 4503 1603 4553 καὶ
1649 4501 1834 4572 τρίτον
1885 4503 1974 4557 ἵνα
2016 4506 2052 4558 ἐς

2184 4523 2488 4581 penumero
2520 4505 2846 4562 tradidimus
2864 4545 2878 4569 ,
2908 4510 3130 4572 propter
3158 4494 3492 4552 audientium
3521 4491 3768 4546 imbecil-

493 4583 667 4652 μέσου
700 4586 982 4650 παντελῶς
1025 4589 1167 4659 ἀρθῇ
1218 4590 1280 4642 τὸ
1329 4591 1612 4660 πολύθεον,
1645 4596 1918 4667 μηδεμιᾶς
1948 4616 2052 4670 προ

2179 4602 2411 4668 litatem,
2449 4600 2700 4670 inquam,
2739 4606 2907 4665 utque
2941 4591 3293 4649 tenebrarum
3340 4585 3649 4658 principem
3690 4581 3768 4636 la-

492 4676 715 4776 φάσεως
742 4680 857 4741 τοῖς
889 4680 1333 4751 πεπλανημένοις
1365 4702 1431 4737 τε
1452 4686 1546 4738 καὶ
1582 4687 1984 4760 ἀμαθεστέροις
2019 4694 2052 4745 ἐπ

2185 4702 2366 4750 terent
2406 4711 2421 4749 :
2465 4692 2761 4747 multorum
2822 4687 3049 4742 deorum
3108 4683 3331 4746 cultus,
3401 4692 3525 4734 cum
3591 4674 3772 4730 nullus

489 4767 592 4819 τοῦ
634 4768 733 4839 τὴν
760 4771 967 4841 Τριάδα
1003 4772 1375 4843 κηρύττεσθαι
1412 4779 1601 4847 σαφῶς
1635 4781 1729 4834 καὶ
1761 4783 1934 4852 χωρὶς
1969 4801 2046 4838 πα

2184 4782 2493 4857 [deinceps]
2527 4779 2840 4838 errantibus
2874 4786 3039 4845 atque
3078 4770 3511 4844 imperitioribus
3558 4764 3770 4821 erroris

499 4861 946 4933 ρακαλυμμάτων
989 4865 1428 4938 ὑπολειπομένης
1479 4870 1619 4937 πρὸς
1652 4871 1941 4943 πλάνησιν.
1974 4876 2052 4929 Κα

2185 4877 2268 4932 sui
2301 4885 2601 4947 praetextas
2633 4873 3036 4942 relinqueretur
3077 4883 3143 4923 ex
3170 4866 3320 4923 clara
3340 4874 3395 4920 et
3426 4861 3651 4917 minime
3674 4872 3771 4912 ve-

496 4954 642 5007 ἔοικε
671 4956 740 5010 τὰ
774 4956 895 5028 ἱερὰ
927 4956 1239 5027 Γράμματα
1280 4960 1550 5030 χρυσίτιδι
1588 4965 1681 5034 γῇ,
1711 4965 1835 5034 ἥτις
1872 4966 1932 5019 ού
1970 4969 2051 5021 πᾶ

2189 4969 2297 5023 lata
2345 4966 2631 5022 Trinitatis
2663 4962 3073 5036 praedicatione.
3110 4959 3177 5016 Ut
3204 4972 3377 5015 sacras.
3412 4954 3633 5010 Litterae
3662 4964 3771 5004 non

498 5061 587 5097 σιν
606 5044 727 5098 οὐδὲ
754 5048 867 5109 τοῖς
891 5048 1167 5118 τυχοῦσιν,
1195 5045 1323 5118 [524
1349 5046 1444 5121 Η.]
1472 5049 1609 5103 ἀλλά
1638 5054 1753 5114 τοῖς
1777 5053 2051 5121 φιλοπόνω

2191 5057 2490 5115 dissimiles
2531 5071 2711 5111 aureae
2749 5065 2909 5109 terra;
2956 5052 3269 5113 videantur,
3306 5061 3429 5117 qum
3464 5059 3566 5098 non
3598 5038 3776 5094 omni-

494 5137 597 5191 καὶ
630 5139 1011 5209 ἐπιστημόνως
1045 5138 1440 5210 μεταλλεύουσι
1470 5141 1531 5193 τό
1563 5158 1622 5194 τε
1663 5146 1890 5213 χρυσίον
1936 5147 2052 5201 δόκι

2194 5152 2295 5205 bus
2318 5164 2493 5218 neque
2517 5148 2848 5219 vulgaribus,
2868 5146 2961 5199 sed
2984 5142 3259 5197 laboriose
3279 5145 3494 5192 tantum
3512 5148 3575 5187 ac
3598 5130 3777 5185 scien-

498 5246 604 5297 μον
655 5231 750 5284 καὶ
798 5232 859 5285 τὸ
910 5231 1102 5303 κέρδος
1156 5233 1266 5287 τῶν
1319 5233 1500 5287 πόνων
1541 5234 1727 5304 μεῖζον
1758 5238 2052 5309 παρέχεται

2196 5252 2279 5297 ter
2329 5239 2818 5312 perscrutantibus,
2878 5251 3073 5292 aurum
3134 5232 3419 5301 probatum
3474 5234 3530 5279 et
3563 5222 3772 5275 lucrum

495 5322 714 5394 ’Ὠσπερ
741 5320 835 5379 οὖν
865 5325 1057 5389 πενίας
1088 5326 1188 5381 οὐκ
1237 5325 1642 5381 ἀπαλλάττεται
1685 5330 1714 5382 ὁ
1745 5329 1844 5401 τὴν
1889 5335 2052 5401 μεταλ

2198 5334 2387 5390 labore
2416 5330 2608 5401 majus
2639 5331 2869 5402 praebet.
2913 5322 3377 5395 Quemadmodum
3421 5318 3606 5386 itaque
3642 5328 3777 5382 pau-

609 5462 637 5502 b
664 5462 681 5516 ι
707 5462 834 5520 Cor.
880 5479 979 5533 λιι,
1011 5464 1103 5520 24.
1168 5475 1192 5504 ο
1227 5463 1406 5521 Galat.
1439 5480 1477 5529 ι,
1506 5464 1559 5520 ιι.

1792 5583 2029 5641 VARUE
2072 5582 2482 5643 LECTIONES.

499 5747 553 5779 ὀ
587 5676 800 5779 senatus
828 5678 1094 5779 ξἹιιαὶηςι
1152 5677 1173 5710 ⁷
1202 5676 1655 5779 παραδεξαμένη.
1680 5680 1769 5738 AC
1799 5637 2346 5754 τῇ
2520 5680 2542 5713 ⁸
2598 5676 2795 5749 διαιρ.]
2830 5674 2850 5728 l
2923 5674 3051 5729 Cor.
3088 5684 3185 5737 tm,
3234 5670 3289 5722 4.
3333 5666 3388 5765 ν’
3417 5660 3570 5733 Γαλ]
3620 5676 3665 5742 ἓν
3720 5637 3777 5711 ί]

590 5765 619 5779 ρ
678 5764 721 5779 η.
1036 5766 1130 5779 η...
1171 5760 1219 5779 Δ.
1249 5765 1365 5779 ...ιη
1450 5766 1507 5779 ,ρ
1555 5754 1635 5779 ...1,
1719 5755 1740 5779 Α
1855 5756 1897 5779 η
1927 5756 2014 5779 ---ιι
2045 5756 2180 5779 --μ
2209 5755 2344 5779 -.ο.-ι.
2389 5771 2422 5779 -
2524 5751 2567 5779 η
2588 5748 3044 5779 ι--...,..ι.φ.-ηυφη
3075 5752 3126 5779 ιιι
3166 5754 3285 5779 mm:
3318 5725 3777 5779 uuvavaouV‘tﬂl

590 5748 656 5833 ἳᾲ
677 5749 801 5833 adii.
829 5748 891 5803 C-
970 5725 1130 5833 ’,λὀὒν
1170 5760 1226 5804 ει
1249 5725 1393 5833 lnios.
1416 5725 1812 5831 ‘cgvailld-"K...
1854 5725 2345 5827 ’δ’ἶὲἶῖἕῖἇῖἑᾶ
2382 5725 2447 5820 ἒξ
2524 5751 2567 5784 ¹³
2586 5725 3049 5819 alain-tem
3075 5752 3131 5797 et
3150 5725 3288 5797 ‘inox
3318 5725 3783 5806 ψυχαγωῗοῦντσὶ

504 5819 711 5877 rectius
744 5819 1139 5891 ἀπαστράπτον
1178 5848 1245 5859 --
1282 5819 1667 5891 ψυχαγωγοῦν.
