  <div class='ocr_page' id='page_1' title='image "/cluster/home/n/w/nwhite01/storage/ocr_20150623/103:no.3/coo.31924054870070/409.png"; bbox 0 0 4032 6444; ppageno 0'>
   <div class='ocr_carea' id='block_1_1' title="bbox 470 328 572 395">
    <p class='ocr_par' dir='ltr' id='par_1_1' title="bbox 470 328 572 395">
     <span class='ocr_line' id='line_1_1' title="bbox 470 328 572 395; baseline -0.029 0"><span class='ocrx_word' id='word_1_1' title='bbox 470 328 572 395; x_wconf 79' lang='grc'><strong>’191</strong></span> 
     </span>
    </p>
   </div>
   <div class='ocr_carea' id='block_1_2' title="bbox 1638 301 2058 405">
    <p class='ocr_par' dir='ltr' id='par_1_2' title="bbox 1638 329 2058 391">
     <span class='ocr_line' id='line_1_2' title="bbox 1638 329 2058 391; baseline 0 -1"><span class='ocrx_word' id='word_1_2' title='bbox 1638 329 1903 391; x_wconf 90' lang='grc' dir='ltr'><strong>ΡΗΟΤΙΙ</strong></span> <span class='ocrx_word' id='word_1_3' title='bbox 1940 331 2058 391; x_wconf 81' lang='grc' dir='ltr'><strong>ΡΑἿ</strong></span> 
     </span>
    </p>
   </div>
   <div class='ocr_carea' id='block_1_3' title="bbox 2158 301 3694 405">
    <p class='ocr_par' dir='ltr' id='par_1_3' title="bbox 2158 301 3694 405">
     <span class='ocr_line' id='line_1_3' title="bbox 2158 301 3694 405; baseline 0.007 -14"><span class='ocrx_word' id='word_1_4' title='bbox 2158 333 2450 393; x_wconf 67' lang='lat' dir='ltr'><strong>[auarus</strong></span> <span class='ocrx_word' id='word_1_5' title='bbox 2479 333 2590 392; x_wconf 80' lang='lat' dir='ltr'><strong>cr.</strong></span> <span class='ocrx_word' id='word_1_6' title='bbox 2793 301 2802 310; x_wconf 81' lang='grc'><em>’</em></span> <span class='ocrx_word' id='word_1_7' title='bbox 3601 342 3694 405; x_wconf 77' lang='lat'><strong>792</strong></span> 
     </span>
    </p>
   </div>
   <div class='ocr_carea' id='block_1_4' title="bbox 467 438 2058 526">
    <p class='ocr_par' dir='ltr' id='par_1_4' title="bbox 467 438 2051 512">
     <span class='ocr_line' id='line_1_4' title="bbox 467 438 2051 512; baseline 0.001 -16"><span class='ocrx_word' id='word_1_8' title='bbox 467 447 736 512; x_wconf 81' lang='lat' dir='ltr'><strong>pertate</strong></span> <span class='ocrx_word' id='word_1_9' title='bbox 765 454 872 496; x_wconf 87' lang='lat' dir='ltr'><strong>non</strong></span> <span class='ocrx_word' id='word_1_10' title='bbox 891 438 1096 506; x_wconf 81' lang='lat' dir='ltr'><strong>evadit,</strong></span> <span class='ocrx_word' id='word_1_11' title='bbox 1129 440 1222 511; x_wconf 89' lang='lat' dir='ltr'><strong>qui</strong></span> <span class='ocrx_word' id='word_1_12' title='bbox 1242 439 1482 498; x_wconf 74' lang='lat' dir='ltr'><strong>fossilem</strong></span> <span class='ocrx_word' id='word_1_13' title='bbox 1501 455 1726 497; x_wconf 78' lang='lat' dir='ltr'><strong>arenam</strong></span> <span class='ocrx_word' id='word_1_14' title='bbox 1758 457 2051 499; x_wconf 82' lang='lat' dir='ltr'><strong>ornamen-</strong></span> 
     </span>
    </p>
   </div>
   <div class='ocr_carea' id='block_1_5' title="bbox 2158 438 3698 526">
    <p class='ocr_par' dir='ltr' id='par_1_5' title="bbox 2158 445 3698 526">
     <span class='ocr_line' id='line_1_5' title="bbox 2158 445 3698 526; baseline 0.001 -28"><span class='ocrx_word' id='word_1_15' title='bbox 2158 445 2312 516; x_wconf 79' lang='grc' dir='ltr'>λικὴν</span> <span class='ocrx_word' id='word_1_16' title='bbox 2354 445 2584 516; x_wconf 77' lang='grc' dir='ltr'>ψάμμον</span> <span class='ocrx_word' id='word_1_17' title='bbox 2610 447 2669 498; x_wconf 79' lang='grc' dir='ltr'>ἐν</span> <span class='ocrx_word' id='word_1_18' title='bbox 2708 445 3030 517; x_wconf 80' lang='grc' dir='ltr'>ὡραϊσμῷῆ</span> <span class='ocrx_word' id='word_1_19' title='bbox 3067 446 3310 516; x_wconf 75' lang='grc' dir='ltr'>παιδιᾷῆ</span> <span class='ocrx_word' id='word_1_20' title='bbox 3351 449 3482 501; x_wconf 77' lang='grc' dir='ltr'>κατὰ</span> <span class='ocrx_word' id='word_1_21' title='bbox 3517 468 3698 526; x_wconf 83' lang='grc' dir='ltr'>μυκτη.</span> 
     </span>
    </p>
   </div>
   <div class='ocr_carea' id='block_1_6' title="bbox 474 529 2053 601">
    <p class='ocr_par' dir='ltr' id='par_1_6' title="bbox 474 529 2053 601">
     <span class='ocr_line' id='line_1_6' title="bbox 474 529 2053 601; baseline 0.003 -17"><span class='ocrx_word' id='word_1_22' title='bbox 474 531 536 597; x_wconf 88' lang='lat' dir='ltr'><strong>ti,</strong></span> <span class='ocrx_word' id='word_1_23' title='bbox 585 530 720 600; x_wconf 88' lang='lat' dir='ltr'><strong>ludi,</strong></span> <span class='ocrx_word' id='word_1_24' title='bbox 766 541 860 587; x_wconf 86' lang='lat' dir='ltr'><strong>aut</strong></span> <span class='ocrx_word' id='word_1_25' title='bbox 897 529 1010 601; x_wconf 87' lang='lat' dir='ltr'><strong>joci</strong></span> <span class='ocrx_word' id='word_1_26' title='bbox 1043 544 1209 587; x_wconf 86' lang='lat' dir='ltr'><strong>causa</strong></span> <span class='ocrx_word' id='word_1_27' title='bbox 1258 540 1522 598; x_wconf 87' lang='lat' dir='ltr'><strong>tractans,</strong></span> <span class='ocrx_word' id='word_1_28' title='bbox 1579 531 1794 588; x_wconf 87' lang='lat' dir='ltr'><strong>nullum</strong></span> <span class='ocrx_word' id='word_1_29' title='bbox 1841 534 2053 589; x_wconf 84' lang='lat' dir='ltr'><strong>interea</strong></span> 
     </span>
    </p>
   </div>
   <div class='ocr_carea' id='block_1_7' title="bbox 471 622 2058 692">
    <p class='ocr_par' dir='ltr' id='par_1_7' title="bbox 471 622 2058 692">
     <span class='ocr_line' id='line_1_7' title="bbox 471 622 2058 692; baseline 0.003 -16"><span class='ocrx_word' id='word_1_30' title='bbox 471 622 710 677; x_wconf 89' lang='lat' dir='ltr'><strong>studium</strong></span> <span class='ocrx_word' id='word_1_31' title='bbox 742 623 985 689; x_wconf 78' lang='lat' dir='ltr'><strong>adhibet,</strong></span> <span class='ocrx_word' id='word_1_32' title='bbox 1019 631 1080 676; x_wconf 91' lang='lat' dir='ltr'><strong>ut</strong></span> <span class='ocrx_word' id='word_1_33' title='bbox 1100 622 1246 692; x_wconf 90' lang='lat' dir='ltr'><strong>quod</strong></span> <span class='ocrx_word' id='word_1_34' title='bbox 1276 623 1378 678; x_wconf 91' lang='lat' dir='ltr'><strong>sub</strong></span> <span class='ocrx_word' id='word_1_35' title='bbox 1412 639 1478 680; x_wconf 86' lang='lat' dir='ltr'><strong>ea</strong></span> <span class='ocrx_word' id='word_1_36' title='bbox 1523 625 1902 681; x_wconf 84' lang='lat' dir='ltr'><strong>absconditum</strong></span> <span class='ocrx_word' id='word_1_37' title='bbox 1927 624 2058 681; x_wconf 87' lang='lat' dir='ltr'><strong>latet</strong></span> 
     </span>
    </p>
   </div>
   <div class='ocr_carea' id='block_1_8' title="bbox 473 711 2057 785">
    <p class='ocr_par' dir='ltr' id='par_1_8' title="bbox 473 711 2057 785">
     <span class='ocr_line' id='line_1_8' title="bbox 473 711 2057 785; baseline 0.003 -19"><span class='ocrx_word' id='word_1_38' title='bbox 473 711 764 783; x_wconf 82' lang='lat' dir='ltr'><strong>investiget</strong></span> <span class='ocrx_word' id='word_1_39' title='bbox 793 729 807 765; x_wconf 89' lang='lat'><strong>:</strong></span> <span class='ocrx_word' id='word_1_40' title='bbox 833 711 914 766; x_wconf 88' lang='lat' dir='ltr'><strong>sic</strong></span> <span class='ocrx_word' id='word_1_41' title='bbox 943 726 1121 781; x_wconf 87' lang='lat' dir='ltr'><strong>neque</strong></span> <span class='ocrx_word' id='word_1_42' title='bbox 1153 712 1542 782; x_wconf 76' lang='lat' dir='ltr'><strong>ignorantiam,</strong></span> <span class='ocrx_word' id='word_1_43' title='bbox 1574 729 1755 785; x_wconf 83' lang='lat' dir='ltr'><strong>neque</strong></span> <span class='ocrx_word' id='word_1_44' title='bbox 1780 715 2057 785; x_wconf 86' lang='lat' dir='ltr'><strong>negligen-</strong></span> 
     </span>
    </p>
   </div>
   <div class='ocr_carea' id='block_1_9' title="bbox 472 805 2056 880">
    <p class='ocr_par' dir='ltr' id='par_1_9' title="bbox 472 805 2056 880">
     <span class='ocr_line' id='line_1_9' title="bbox 472 805 2056 880; baseline 0.006 -24"><span class='ocrx_word' id='word_1_45' title='bbox 472 806 565 858; x_wconf 75' lang='lat' dir='ltr'><strong>tia:</strong></span> <span class='ocrx_word' id='word_1_46' title='bbox 590 805 1075 873; x_wconf 76' lang='lat' dir='ltr'><strong>reprehensionem</strong></span> <span class='ocrx_word' id='word_1_47' title='bbox 1111 808 1345 862; x_wconf 79' lang='lat' dir='ltr'><strong>evadere</strong></span> <span class='ocrx_word' id='word_1_48' title='bbox 1365 817 1550 876; x_wconf 90' lang='lat' dir='ltr'><strong>queat,</strong></span> <span class='ocrx_word' id='word_1_49' title='bbox 1584 810 1700 880; x_wconf 86' lang='lat' dir='ltr'><strong>qui,</strong></span> <span class='ocrx_word' id='word_1_50' title='bbox 1731 810 1831 865; x_wconf 85' lang='lat' dir='ltr'><strong>soli</strong></span> <span class='ocrx_word' id='word_1_51' title='bbox 1857 809 2056 866; x_wconf 59' lang='lat' dir='ltr'><strong>litterae</strong></span> 
     </span>
    </p>
   </div>
   <div class='ocr_carea' id='block_1_10' title="bbox 473 902 2052 973">
    <p class='ocr_par' dir='ltr' id='par_1_10' title="bbox 473 902 2052 973">
     <span class='ocr_line' id='line_1_10' title="bbox 473 902 2052 973; baseline 0.003 -19"><span class='ocrx_word' id='word_1_52' title='bbox 473 902 893 965; x_wconf 68' lang='lat' dir='ltr'><strong>adhaerescens,</strong></span> <span class='ocrx_word' id='word_1_53' title='bbox 931 903 1250 957; x_wconf 83' lang='lat' dir='ltr'><strong>thesaurum</strong></span> <span class='ocrx_word' id='word_1_54' title='bbox 1295 903 1347 957; x_wconf 94' lang='lat' dir='ltr'><strong>in</strong></span> <span class='ocrx_word' id='word_1_55' title='bbox 1392 905 1507 973; x_wconf 81' lang='lat' dir='ltr'><strong>ipsa</strong></span> <span class='ocrx_word' id='word_1_56' title='bbox 1553 905 1890 959; x_wconf 82' lang='lat' dir='ltr'><strong>reconditum</strong></span> <span class='ocrx_word' id='word_1_57' title='bbox 1943 921 2052 960; x_wconf 89' lang='lat' dir='ltr'><strong>non</strong></span> 
     </span>
    </p>
   </div>
   <div class='ocr_carea' id='block_1_11' title="bbox 472 993 2052 1061">
    <p class='ocr_par' dir='ltr' id='par_1_11' title="bbox 472 993 2052 1061">
     <span class='ocr_line' id='line_1_11' title="bbox 472 993 2052 1061; baseline 0.002 -14"><span class='ocrx_word' id='word_1_58' title='bbox 472 1001 773 1059; x_wconf 84' lang='lat' dir='ltr'><strong>scrutetur,</strong></span> <span class='ocrx_word' id='word_1_59' title='bbox 811 1007 991 1061; x_wconf 87' lang='lat' dir='ltr'><strong>neque</strong></span> <span class='ocrx_word' id='word_1_60' title='bbox 1046 993 1304 1048; x_wconf 84' lang='lat' dir='ltr'><strong>latentem</strong></span> <span class='ocrx_word' id='word_1_61' title='bbox 1342 994 1396 1047; x_wconf 91' lang='lat' dir='ltr'><strong>in</strong></span> <span class='ocrx_word' id='word_1_62' title='bbox 1436 993 1554 1061; x_wconf 74' lang='lat' dir='ltr'><strong>ejus</strong></span> <span class='ocrx_word' id='word_1_63' title='bbox 1589 993 1757 1050; x_wconf 81' lang='lat' dir='ltr'><strong>fundo</strong></span> <span class='ocrx_word' id='word_1_64' title='bbox 1793 1009 2052 1050; x_wconf 84' lang='lat' dir='ltr'><strong>sensuum</strong></span> 
     </span>
    </p>
   </div>
   <div class='ocr_carea' id='block_1_12' title="bbox 472 1083 2054 1156">
    <p class='ocr_par' dir='ltr' id='par_1_12' title="bbox 472 1083 2054 1156">
     <span class='ocr_line' id='line_1_12' title="bbox 472 1083 2054 1156; baseline 0.004 -20"><span class='ocrx_word' id='word_1_65' title='bbox 472 1083 762 1137; x_wconf 80' lang='lat' dir='ltr'><strong>utilitatem</strong></span> <span class='ocrx_word' id='word_1_66' title='bbox 812 1083 1070 1155; x_wconf 85' lang='lat' dir='ltr'><strong>colligere</strong></span> <span class='ocrx_word' id='word_1_67' title='bbox 1111 1085 1350 1139; x_wconf 86' lang='lat' dir='ltr'><strong>studeat.</strong></span> <span class='ocrx_word' id='word_1_68' title='bbox 1423 1085 1495 1140; x_wconf 87' lang='lat' dir='ltr'><strong>Et</strong></span> <span class='ocrx_word' id='word_1_69' title='bbox 1537 1097 1686 1141; x_wconf 89' lang='lat' dir='ltr'><strong>certe</strong></span> <span class='ocrx_word' id='word_1_70' title='bbox 1733 1088 1836 1142; x_wconf 89' lang='lat' dir='ltr'><strong>hoc</strong></span> <span class='ocrx_word' id='word_1_71' title='bbox 1879 1087 2054 1156; x_wconf 86' lang='lat' dir='ltr'><strong>ipsum</strong></span> 
     </span>
    </p>
   </div>
   <div class='ocr_carea' id='block_1_13' title="bbox 473 1177 2051 1246">
    <p class='ocr_par' dir='ltr' id='par_1_13' title="bbox 473 1177 2051 1246">
     <span class='ocr_line' id='line_1_13' title="bbox 473 1177 2051 1246; baseline 0.001 -16"><span class='ocrx_word' id='word_1_72' title='bbox 473 1178 619 1246; x_wconf 90' lang='lat' dir='ltr'><strong>quod</strong></span> <span class='ocrx_word' id='word_1_73' title='bbox 661 1177 832 1231; x_wconf 84' lang='lat' dir='ltr'><strong>divini</strong></span> <span class='ocrx_word' id='word_1_74' title='bbox 875 1191 1073 1232; x_wconf 84' lang='lat' dir='ltr'><strong>sensus</strong></span> <span class='ocrx_word' id='word_1_75' title='bbox 1104 1177 1273 1232; x_wconf 88' lang='lat' dir='ltr'><strong>abditi</strong></span> <span class='ocrx_word' id='word_1_76' title='bbox 1317 1177 1544 1244; x_wconf 86' lang='lat' dir='ltr'><strong>lateant,</strong></span> <span class='ocrx_word' id='word_1_77' title='bbox 1587 1178 1822 1246; x_wconf 84' lang='lat' dir='ltr'><strong>pretium</strong></span> <span class='ocrx_word' id='word_1_78' title='bbox 1861 1195 2051 1234; x_wconf 89' lang='lat' dir='ltr'><strong>eorum</strong></span> 
     </span>
    </p>
   </div>
   <div class='ocr_carea' id='block_1_14' title="bbox 473 1267 2057 1339">
    <p class='ocr_par' dir='ltr' id='par_1_14' title="bbox 473 1267 2057 1339">
     <span class='ocr_line' id='line_1_14' title="bbox 473 1267 2057 1339; baseline 0.004 -19"><span class='ocrx_word' id='word_1_79' title='bbox 473 1269 773 1322; x_wconf 78' lang='lat' dir='ltr'><strong>maximum</strong></span> <span class='ocrx_word' id='word_1_80' title='bbox 801 1277 857 1324; x_wconf 89' lang='lat' dir='ltr'><strong>et</strong></span> <span class='ocrx_word' id='word_1_81' title='bbox 887 1267 1282 1323; x_wconf 76' lang='lat' dir='ltr'><strong>sublimitatem</strong></span> <span class='ocrx_word' id='word_1_82' title='bbox 1313 1268 1518 1323; x_wconf 85' lang='lat' dir='ltr'><strong>iudicat</strong></span> <span class='ocrx_word' id='word_1_83' title='bbox 1553 1285 1568 1322; x_wconf 88' lang='lat'><strong>:</strong></span> <span class='ocrx_word' id='word_1_84' title='bbox 1595 1284 1662 1323; x_wconf 91' lang='lat' dir='ltr'><strong>ac</strong></span> <span class='ocrx_word' id='word_1_85' title='bbox 1701 1271 1876 1339; x_wconf 80' lang='lat' dir='ltr'><strong>majus</strong></span> <span class='ocrx_word' id='word_1_86' title='bbox 1893 1271 2057 1326; x_wconf 86' lang='lat' dir='ltr'><strong>simul</strong></span> 
     </span>
    </p>
   </div>
   <div class='ocr_carea' id='block_1_15' title="bbox 480 1359 2059 1431">
    <p class='ocr_par' dir='ltr' id='par_1_15' title="bbox 480 1359 2059 1431">
     <span class='ocr_line' id='line_1_15' title="bbox 480 1359 2059 1431; baseline 0.004 -19"><span class='ocrx_word' id='word_1_87' title='bbox 480 1359 790 1428; x_wconf 85' lang='lat' dir='ltr'><strong>inquirendi</strong></span> <span class='ocrx_word' id='word_1_88' title='bbox 817 1359 1149 1415; x_wconf 82' lang='lat' dir='ltr'><strong>desiderium</strong></span> <span class='ocrx_word' id='word_1_89' title='bbox 1184 1359 1252 1414; x_wconf 91' lang='lat' dir='ltr'><strong>iis</strong></span> <span class='ocrx_word' id='word_1_90' title='bbox 1279 1359 1458 1429; x_wconf 84' lang='lat' dir='ltr'><strong>inﬁgit</strong></span> <span class='ocrx_word' id='word_1_91' title='bbox 1484 1361 1707 1426; x_wconf 87' lang='lat' dir='ltr'><strong>animis,</strong></span> <span class='ocrx_word' id='word_1_92' title='bbox 1738 1363 1828 1431; x_wconf 88' lang='lat' dir='ltr'><strong>qui</strong></span> <span class='ocrx_word' id='word_1_93' title='bbox 1867 1362 1964 1417; x_wconf 70' lang='lat' dir='ltr'><strong>Dei</strong></span> <span class='ocrx_word' id='word_1_94' title='bbox 2002 1373 2059 1418; x_wconf 87' lang='lat' dir='ltr'><strong>et.</strong></span> 
     </span>
    </p>
   </div>
   <div class='ocr_carea' id='block_1_16' title="bbox 473 1452 1598 1521">
    <p class='ocr_par' dir='ltr' id='par_1_16' title="bbox 473 1452 1598 1521">
     <span class='ocr_line' id='line_1_16' title="bbox 473 1452 1598 1521; baseline 0.001 -16"><span class='ocrx_word' id='word_1_95' title='bbox 473 1452 686 1507; x_wconf 82' lang='lat' dir='ltr'><strong>laboris</strong></span> <span class='ocrx_word' id='word_1_96' title='bbox 711 1467 954 1508; x_wconf 89' lang='lat' dir='ltr'><strong>amorem</strong></span> <span class='ocrx_word' id='word_1_97' title='bbox 979 1453 1190 1508; x_wconf 84' lang='lat' dir='ltr'><strong>inertiae</strong></span> <span class='ocrx_word' id='word_1_98' title='bbox 1231 1462 1598 1521; x_wconf 87' lang='lat' dir='ltr'><strong>anteponunt.</strong></span> 
     </span>
    </p>
   </div>
   <div class='ocr_carea' id='block_1_17' title="bbox 543 1542 2058 1616">
    <p class='ocr_par' dir='ltr' id='par_1_17' title="bbox 543 1542 2058 1616">
     <span class='ocr_line' id='line_1_17' title="bbox 543 1542 2058 1616; baseline 0.002 -19"><span class='ocrx_word' id='word_1_99' title='bbox 543 1542 851 1598; x_wconf 57' lang='lat' dir='ltr'><strong>Iudaeorum</strong></span> <span class='ocrx_word' id='word_1_100' title='bbox 887 1545 1110 1613; x_wconf 87' lang='lat' dir='ltr'><strong>insuper</strong></span> <span class='ocrx_word' id='word_1_101' title='bbox 1160 1544 1501 1613; x_wconf 84' lang='lat' dir='ltr'><strong>improbitas,</strong></span> <span class='ocrx_word' id='word_1_102' title='bbox 1541 1554 1594 1598; x_wconf 88' lang='lat' dir='ltr'><strong>et</strong></span> <span class='ocrx_word' id='word_1_103' title='bbox 1635 1543 1685 1596; x_wconf 91' lang='lat' dir='ltr'><strong>in</strong></span> <span class='ocrx_word' id='word_1_104' title='bbox 1727 1545 1890 1599; x_wconf 90' lang='lat' dir='ltr'><strong>rebus</strong></span> <span class='ocrx_word' id='word_1_105' title='bbox 1933 1560 2058 1616; x_wconf 76' lang='lat' dir='ltr'><strong>quae</strong></span> 
     </span>
    </p>
   </div>
   <div class='ocr_carea' id='block_1_18' title="bbox 473 1633 2060 1704">
    <p class='ocr_par' dir='ltr' id='par_1_18' title="bbox 473 1633 2060 1704">
     <span class='ocr_line' id='line_1_18' title="bbox 473 1633 2060 1704; baseline 0.005 -19"><span class='ocrx_word' id='word_1_106' title='bbox 473 1633 699 1687; x_wconf 89' lang='lat' dir='ltr'><strong>minime</strong></span> <span class='ocrx_word' id='word_1_107' title='bbox 738 1635 1073 1704; x_wconf 70' lang='lat' dir='ltr'><strong>attingendae</strong></span> <span class='ocrx_word' id='word_1_108' title='bbox 1091 1645 1282 1691; x_wconf 87' lang='lat' dir='ltr'><strong>essent</strong></span> <span class='ocrx_word' id='word_1_109' title='bbox 1305 1636 1556 1700; x_wconf 83' lang='lat' dir='ltr'><strong>audacia,</strong></span> <span class='ocrx_word' id='word_1_110' title='bbox 1587 1638 1945 1692; x_wconf 83' lang='lat' dir='ltr'><strong>obscuritatis</strong></span> <span class='ocrx_word' id='word_1_111' title='bbox 1975 1647 2060 1693; x_wconf 90' lang='lat' dir='ltr'><strong>est</strong></span> 
     </span>
    </p>
   </div>
   <div class='ocr_carea' id='block_1_19' title="bbox 472 1724 2058 1800">
    <p class='ocr_par' dir='ltr' id='par_1_19' title="bbox 472 1724 2058 1800">
     <span class='ocr_line' id='line_1_19' title="bbox 472 1724 2058 1800; baseline 0.004 -20"><span class='ocrx_word' id='word_1_112' title='bbox 472 1727 528 1780; x_wconf 85' lang='lat' dir='ltr'><strong>in</strong></span> <span class='ocrx_word' id='word_1_113' title='bbox 558 1724 739 1781; x_wconf 82' lang='lat' dir='ltr'><strong>Veteri</strong></span> <span class='ocrx_word' id='word_1_114' title='bbox 765 1725 1122 1783; x_wconf 87' lang='lat' dir='ltr'><strong>Testamento</strong></span> <span class='ocrx_word' id='word_1_115' title='bbox 1151 1729 1410 1783; x_wconf 90' lang='lat' dir='ltr'><strong>nonnulla</strong></span> <span class='ocrx_word' id='word_1_116' title='bbox 1437 1744 1623 1784; x_wconf 85' lang='lat' dir='ltr'><strong>causa.</strong></span> <span class='ocrx_word' id='word_1_117' title='bbox 1652 1728 1730 1784; x_wconf 78' lang='lat' dir='ltr'><strong>Ne</strong></span> <span class='ocrx_word' id='word_1_118' title='bbox 1767 1731 1911 1784; x_wconf 91' lang='lat' dir='ltr'><strong>enim</strong></span> <span class='ocrx_word' id='word_1_119' title='bbox 1937 1746 2058 1800; x_wconf 70' lang='lat' dir='ltr'><strong>quae</strong></span> 
     </span>
    </p>
   </div>
   <div class='ocr_carea' id='block_1_20' title="bbox 473 1798 2132 1894">
    <p class='ocr_par' dir='ltr' id='par_1_20' title="bbox 473 1798 2132 1894">
     <span class='ocr_line' id='line_1_20' title="bbox 473 1798 2132 1894; baseline 0.003 -21"><span class='ocrx_word' id='word_1_120' title='bbox 473 1821 766 1875; x_wconf 78' lang='lat' dir='ltr'><strong>manifesta</strong></span> <span class='ocrx_word' id='word_1_121' title='bbox 818 1829 1007 1876; x_wconf 90' lang='lat' dir='ltr'><strong>essent</strong></span> <span class='ocrx_word' id='word_1_122' title='bbox 1035 1822 1102 1876; x_wconf 91' lang='lat' dir='ltr'><strong>de</strong></span> <span class='ocrx_word' id='word_1_123' title='bbox 1128 1820 1352 1876; x_wconf 87' lang='lat' dir='ltr'><strong>Christo</strong></span> <span class='ocrx_word' id='word_1_124' title='bbox 1387 1830 1553 1892; x_wconf 89' lang='lat' dir='ltr'><strong>atque</strong></span> <span class='ocrx_word' id='word_1_125' title='bbox 1587 1834 1774 1892; x_wconf 88' lang='lat' dir='ltr'><strong>aperta</strong></span> <span class='ocrx_word' id='word_1_126' title='bbox 1811 1798 2058 1894; x_wconf 78' lang='lat' dir='ltr'><strong>Scriptu-</strong></span> <span class='ocrx_word' id='word_1_127' title='bbox 2089 1798 2132 1851; x_wconf 72' lang='grc' dir='ltr'><strong>Β</strong></span> 
     </span>
    </p>
   </div>
   <div class='ocr_carea' id='block_1_21' title="bbox 475 1913 2055 1984">
    <p class='ocr_par' dir='ltr' id='par_1_21' title="bbox 475 1913 2055 1984">
     <span class='ocr_line' id='line_1_21' title="bbox 475 1913 2055 1984; baseline 0.005 -20"><span class='ocrx_word' id='word_1_128' title='bbox 475 1926 662 1965; x_wconf 88' lang='lat' dir='ltr'><strong>rarum</strong></span> <span class='ocrx_word' id='word_1_129' title='bbox 717 1914 1025 1968; x_wconf 91' lang='lat' dir='ltr'><strong>testimonia</strong></span> <span class='ocrx_word' id='word_1_130' title='bbox 1057 1913 1519 1970; x_wconf 87' lang='lat' dir='ltr'><strong>circumeiderent</strong></span> <span class='ocrx_word' id='word_1_131' title='bbox 1565 1924 1622 1970; x_wconf 85' lang='lat' dir='ltr'><strong>et</strong></span> <span class='ocrx_word' id='word_1_132' title='bbox 1665 1917 2055 1984; x_wconf 86' lang='lat' dir='ltr'><strong>obliterareut,</strong></span> 
     </span>
    </p>
   </div>
   <div class='ocr_carea' id='block_1_22' title="bbox 475 2003 2059 2075">
    <p class='ocr_par' dir='ltr' id='par_1_22' title="bbox 475 2003 2059 2075">
     <span class='ocr_line' id='line_1_22' title="bbox 475 2003 2059 2075; baseline 0.006 -19"><span class='ocrx_word' id='word_1_133' title='bbox 475 2003 600 2057; x_wconf 82' lang='lat' dir='ltr'><strong>ideo</strong></span> <span class='ocrx_word' id='word_1_134' title='bbox 628 2003 952 2060; x_wconf 90' lang='lat' dir='ltr'><strong>adumbrate</strong></span> <span class='ocrx_word' id='word_1_135' title='bbox 976 2019 1040 2060; x_wconf 89' lang='lat' dir='ltr'><strong>ea</strong></span> <span class='ocrx_word' id='word_1_136' title='bbox 1075 2016 1418 2075; x_wconf 89' lang='lat' dir='ltr'><strong>promuntur.</strong></span> <span class='ocrx_word' id='word_1_137' title='bbox 1450 2004 1640 2062; x_wconf 85' lang='lat' dir='ltr'><strong>Tertio</strong></span> <span class='ocrx_word' id='word_1_138' title='bbox 1667 2009 1830 2062; x_wconf 93' lang='lat' dir='ltr'><strong>etiam</strong></span> <span class='ocrx_word' id='word_1_139' title='bbox 1879 2025 1946 2064; x_wconf 93' lang='lat' dir='ltr'><strong>ne</strong></span> <span class='ocrx_word' id='word_1_140' title='bbox 1975 2009 2059 2064; x_wconf 89' lang='lat' dir='ltr'><strong>di-</strong></span> 
     </span>
    </p>
   </div>
   <div class='ocr_carea' id='block_1_23' title="bbox 473 2094 2058 2168">
    <p class='ocr_par' dir='ltr' id='par_1_23' title="bbox 473 2094 2058 2168">
     <span class='ocr_line' id='line_1_23' title="bbox 473 2094 2058 2168; baseline 0.006 -23"><span class='ocrx_word' id='word_1_141' title='bbox 473 2094 726 2148; x_wconf 83' lang='lat' dir='ltr'><strong>vinarum</strong></span> <span class='ocrx_word' id='word_1_142' title='bbox 759 2098 1184 2164; x_wconf 72' lang='lat' dir='ltr'><strong>praeceptionum</strong></span> <span class='ocrx_word' id='word_1_143' title='bbox 1215 2101 1578 2168; x_wconf 81' lang='lat' dir='ltr'><strong>contemptrix</strong></span> <span class='ocrx_word' id='word_1_144' title='bbox 1611 2098 1920 2154; x_wconf 66' lang='lat' dir='ltr'><strong>Judarorum</strong></span> <span class='ocrx_word' id='word_1_145' title='bbox 1959 2118 2058 2156; x_wconf 86' lang='lat' dir='ltr'><strong>na-</strong></span> 
     </span>
    </p>
   </div>
   <div class='ocr_carea' id='block_1_24' title="bbox 477 2185 2054 2265">
    <p class='ocr_par' dir='ltr' id='par_1_24' title="bbox 477 2185 2054 2265">
     <span class='ocr_line' id='line_1_24' title="bbox 477 2185 2054 2265; baseline 0.008 -29"><span class='ocrx_word' id='word_1_146' title='bbox 477 2185 575 2248; x_wconf 90' lang='lat' dir='ltr'><strong>tio,</strong></span> <span class='ocrx_word' id='word_1_147' title='bbox 613 2186 656 2238; x_wconf 91' lang='lat' dir='ltr'><strong>si</strong></span> <span class='ocrx_word' id='word_1_148' title='bbox 689 2186 837 2240; x_wconf 87' lang='lat' dir='ltr'><strong>clare</strong></span> <span class='ocrx_word' id='word_1_149' title='bbox 861 2187 1182 2243; x_wconf 85' lang='lat' dir='ltr'><strong>didicissent</strong></span> <span class='ocrx_word' id='word_1_150' title='bbox 1205 2190 1518 2244; x_wconf 82' lang='lat' dir='ltr'><strong>universam</strong></span> <span class='ocrx_word' id='word_1_151' title='bbox 1551 2191 1848 2260; x_wconf 89' lang='lat' dir='ltr'><strong>aliquando</strong></span> <span class='ocrx_word' id='word_1_152' title='bbox 1881 2194 2054 2265; x_wconf 88' lang='lat' dir='ltr'><strong>legem</strong></span> 
     </span>
    </p>
   </div>
   <div class='ocr_carea' id='block_1_25' title="bbox 472 2271 2053 2354">
    <p class='ocr_par' dir='ltr' id='par_1_25' title="bbox 472 2271 2053 2354">
     <span class='ocr_line' id='line_1_25' title="bbox 472 2271 2053 2354; baseline 0.013 -35"><span class='ocrx_word' id='word_1_153' title='bbox 472 2271 944 2339; x_wconf 65' lang='lat' dir='ltr'><strong>praeterfluxuram</strong></span> <span class='ocrx_word' id='word_1_154' title='bbox 966 2317 980 2340; x_wconf 93' lang='lat'><strong>,</strong></span> <span class='ocrx_word' id='word_1_155' title='bbox 1011 2288 1176 2346; x_wconf 87' lang='lat' dir='ltr'><strong>atque</strong></span> <span class='ocrx_word' id='word_1_156' title='bbox 1195 2278 1246 2332; x_wconf 89' lang='lat' dir='ltr'><strong>in</strong></span> <span class='ocrx_word' id='word_1_157' title='bbox 1278 2279 1441 2334; x_wconf 89' lang='lat' dir='ltr'><strong>aliam</strong></span> <span class='ocrx_word' id='word_1_158' title='bbox 1463 2281 1777 2349; x_wconf 58' lang='lat' dir='ltr'><strong>reipublicae</strong></span> <span class='ocrx_word' id='word_1_159' title='bbox 1797 2283 2053 2354; x_wconf 75' lang='lat' dir='ltr'><strong>formam,</strong></span> 
     </span>
    </p>
   </div>
   <div class='ocr_carea' id='block_1_26' title="bbox 477 2365 2058 2439">
    <p class='ocr_par' dir='ltr' id='par_1_26' title="bbox 477 2365 2058 2439">
     <span class='ocr_line' id='line_1_26' title="bbox 477 2365 2058 2439; baseline 0.009 -25"><span class='ocrx_word' id='word_1_160' title='bbox 477 2379 600 2427; x_wconf 70' lang='lat' dir='ltr'><strong>qua:</strong></span> <span class='ocrx_word' id='word_1_161' title='bbox 631 2366 774 2433; x_wconf 89' lang='lat' dir='ltr'><strong>apud</strong></span> <span class='ocrx_word' id='word_1_162' title='bbox 801 2365 948 2435; x_wconf 90' lang='lat' dir='ltr'><strong>ipsos</strong></span> <span class='ocrx_word' id='word_1_163' title='bbox 978 2368 1032 2422; x_wconf 93' lang='lat' dir='ltr'><strong>in</strong></span> <span class='ocrx_word' id='word_1_164' title='bbox 1067 2369 1275 2423; x_wconf 87' lang='lat' dir='ltr'><strong>honore</strong></span> <span class='ocrx_word' id='word_1_165' title='bbox 1307 2384 1371 2423; x_wconf 88' lang='lat' dir='ltr'><strong>ac</strong></span> <span class='ocrx_word' id='word_1_166' title='bbox 1392 2370 1571 2439; x_wconf 91' lang='lat' dir='ltr'><strong>pretio</strong></span> <span class='ocrx_word' id='word_1_167' title='bbox 1592 2382 1768 2438; x_wconf 86' lang='lat' dir='ltr'><strong>erant,</strong></span> <span class='ocrx_word' id='word_1_168' title='bbox 1799 2377 2058 2428; x_wconf 89' lang='lat' dir='ltr'><strong>transitu-</strong></span> 
     </span>
    </p>
   </div>
   <div class='ocr_carea' id='block_1_27' title="bbox 475 2457 2048 2534">
    <p class='ocr_par' dir='ltr' id='par_1_27' title="bbox 475 2457 2048 2534">
     <span class='ocr_line' id='line_1_27' title="bbox 475 2457 2048 2534; baseline 0.01 -26"><span class='ocrx_word' id='word_1_169' title='bbox 475 2471 534 2508; x_wconf 88' lang='lat' dir='ltr'><strong>ra</strong></span> <span class='ocrx_word' id='word_1_170' title='bbox 575 2473 590 2509; x_wconf 92' lang='lat'><strong>:</strong></span> <span class='ocrx_word' id='word_1_171' title='bbox 625 2457 794 2527; x_wconf 84' lang='lat' dir='ltr'><strong>magis</strong></span> <span class='ocrx_word' id='word_1_172' title='bbox 817 2459 984 2512; x_wconf 84' lang='lat' dir='ltr'><strong>etiam</strong></span> <span class='ocrx_word' id='word_1_173' title='bbox 1015 2463 1083 2516; x_wconf 90' lang='lat' dir='ltr'><strong>ad</strong></span> <span class='ocrx_word' id='word_1_174' title='bbox 1107 2470 1488 2531; x_wconf 87' lang='lat' dir='ltr'><strong>contemptum</strong></span> <span class='ocrx_word' id='word_1_175' title='bbox 1525 2477 1928 2534; x_wconf 79' lang='lat' dir='ltr'><strong>praeceptorum</strong></span> <span class='ocrx_word' id='word_1_176' title='bbox 1952 2468 2048 2524; x_wconf 91' lang='lat' dir='ltr'><strong>Dei</strong></span> 
     </span>
    </p>
   </div>
   <div class='ocr_carea' id='block_1_28' title="bbox 472 2545 2052 2624">
    <p class='ocr_par' dir='ltr' id='par_1_28' title="bbox 472 2545 2052 2624">
     <span class='ocr_line' id='line_1_28' title="bbox 472 2545 2052 2624; baseline 0.013 -30"><span class='ocrx_word' id='word_1_177' title='bbox 472 2561 539 2597; x_wconf 69' lang='lat' dir='ltr'><strong>ex</strong></span> <span class='ocrx_word' id='word_1_178' title='bbox 578 2545 688 2616; x_wconf 89' lang='lat' dir='ltr'><strong>ipsa</strong></span> <span class='ocrx_word' id='word_1_179' title='bbox 705 2549 810 2602; x_wconf 82' lang='lat' dir='ltr'><strong>hac</strong></span> <span class='ocrx_word' id='word_1_180' title='bbox 833 2549 983 2604; x_wconf 84' lang='lat' dir='ltr'><strong>clara</strong></span> <span class='ocrx_word' id='word_1_181' title='bbox 1007 2553 1317 2623; x_wconf 83' lang='lat' dir='ltr'><strong>cognitione</strong></span> <span class='ocrx_word' id='word_1_182' title='bbox 1339 2554 1716 2612; x_wconf 87' lang='lat' dir='ltr'><strong>traherentur.</strong></span> <span class='ocrx_word' id='word_1_183' title='bbox 1751 2558 1889 2624; x_wconf 82' lang='lat' dir='ltr'><strong>Quid</strong></span> <span class='ocrx_word' id='word_1_184' title='bbox 1907 2562 2052 2615; x_wconf 90' lang='lat' dir='ltr'><strong>enim</strong></span> 
     </span>
    </p>
   </div>
   <div class='ocr_carea' id='block_1_29' title="bbox 473 2641 2056 2719">
    <p class='ocr_par' dir='ltr' id='par_1_29' title="bbox 473 2641 2056 2719">
     <span class='ocr_line' id='line_1_29' title="bbox 473 2641 2056 2719; baseline 0.013 -30"><span class='ocrx_word' id='word_1_185' title='bbox 473 2653 658 2694; x_wconf 86' lang='lat' dir='ltr'><strong>amare</strong></span> <span class='ocrx_word' id='word_1_186' title='bbox 682 2641 881 2696; x_wconf 86' lang='lat' dir='ltr'><strong>attinet</strong></span> <span class='ocrx_word' id='word_1_187' title='bbox 923 2659 1030 2706; x_wconf 90' lang='lat' dir='ltr'><strong>me,</strong></span> <span class='ocrx_word' id='word_1_188' title='bbox 1081 2647 1223 2714; x_wconf 89' lang='lat' dir='ltr'><strong>quod</strong></span> <span class='ocrx_word' id='word_1_189' title='bbox 1266 2661 1388 2702; x_wconf 79' lang='lat' dir='ltr'><strong>mox</strong></span> <span class='ocrx_word' id='word_1_190' title='bbox 1440 2647 1790 2714; x_wconf 80' lang='lat' dir='ltr'><strong>dissolvetur,</strong></span> <span class='ocrx_word' id='word_1_191' title='bbox 1818 2663 1874 2706; x_wconf 90' lang='lat' dir='ltr'><strong>et</strong></span> <span class='ocrx_word' id='word_1_192' title='bbox 1901 2653 2056 2719; x_wconf 85' lang='lat' dir='ltr'><strong>cujus</strong></span> 
     </span>
    </p>
   </div>
   <div class='ocr_carea' id='block_1_30' title="bbox 470 2733 2058 2811">
    <p class='ocr_par' dir='ltr' id='par_1_30' title="bbox 470 2733 2058 2811">
     <span class='ocr_line' id='line_1_30' title="bbox 470 2733 2058 2811; baseline 0.013 -29"><span class='ocrx_word' id='word_1_193' title='bbox 470 2745 577 2784; x_wconf 78' lang='lat' dir='ltr'><strong>non</strong></span> <span class='ocrx_word' id='word_1_194' title='bbox 613 2733 690 2786; x_wconf 87' lang='lat' dir='ltr'><strong>ita</strong></span> <span class='ocrx_word' id='word_1_195' title='bbox 720 2734 887 2788; x_wconf 90' lang='lat' dir='ltr'><strong>multo</strong></span> <span class='ocrx_word' id='word_1_196' title='bbox 921 2745 1043 2803; x_wconf 89' lang='lat' dir='ltr'><strong>post</strong></span> <span class='ocrx_word' id='word_1_197' title='bbox 1074 2737 1213 2791; x_wconf 89' lang='lat' dir='ltr'><strong>nulla</strong></span> <span class='ocrx_word' id='word_1_198' title='bbox 1232 2739 1338 2794; x_wconf 90' lang='lat' dir='ltr'><strong>erit</strong></span> <span class='ocrx_word' id='word_1_199' title='bbox 1364 2740 1612 2794; x_wconf 82' lang='lat' dir='ltr'><strong>utilitas?</strong></span> <span class='ocrx_word' id='word_1_200' title='bbox 1641 2741 1934 2811; x_wconf 83' lang='lat' dir='ltr'><strong>Propterea</strong></span> <span class='ocrx_word' id='word_1_201' title='bbox 1977 2747 2058 2802; x_wconf 61' lang='lat' dir='ltr'><strong>uio</strong></span> 
     </span>
    </p>
   </div>
   <div class='ocr_carea' id='block_1_31' title="bbox 471 2823 2057 2903">
    <p class='ocr_par' dir='ltr' id='par_1_31' title="bbox 471 2823 2057 2903">
     <span class='ocr_line' id='line_1_31' title="bbox 471 2823 2057 2903; baseline 0.012 -29"><span class='ocrx_word' id='word_1_202' title='bbox 471 2823 671 2878; x_wconf 88' lang='lat' dir='ltr'><strong>mirum</strong></span> <span class='ocrx_word' id='word_1_203' title='bbox 709 2824 826 2880; x_wconf 66' lang='lat' dir='ltr'><strong>haec</strong></span> <span class='ocrx_word' id='word_1_204' title='bbox 862 2827 1196 2883; x_wconf 89' lang='lat' dir='ltr'><strong>obscuritate</strong></span> <span class='ocrx_word' id='word_1_205' title='bbox 1251 2840 1416 2900; x_wconf 90' lang='lat' dir='ltr'><strong>atque</strong></span> <span class='ocrx_word' id='word_1_206' title='bbox 1464 2834 1795 2903; x_wconf 83' lang='lat' dir='ltr'><strong>percipiendi</strong></span> <span class='ocrx_word' id='word_1_207' title='bbox 1829 2835 2057 2894; x_wconf 77' lang='lat' dir='ltr'><strong>dilﬁcul-</strong></span> 
     </span>
    </p>
   </div>
   <div class='ocr_carea' id='block_1_32' title="bbox 473 2915 2056 2992">
    <p class='ocr_par' dir='ltr' id='par_1_32' title="bbox 473 2915 2056 2992">
     <span class='ocr_line' id='line_1_32' title="bbox 473 2915 2056 2992; baseline 0.013 -26"><span class='ocrx_word' id='word_1_208' title='bbox 473 2924 586 2968; x_wconf 89' lang='lat' dir='ltr'><strong>tate</strong></span> <span class='ocrx_word' id='word_1_209' title='bbox 614 2915 980 2972; x_wconf 88' lang='lat' dir='ltr'><strong>involvuntur.</strong></span> <span class='ocrx_word' id='word_1_210' title='bbox 1018 2919 1155 2973; x_wconf 86' lang='lat' dir='ltr'><strong>Nam</strong></span> <span class='ocrx_word' id='word_1_211' title='bbox 1193 2921 1236 2975; x_wconf 90' lang='lat' dir='ltr'><strong>si</strong></span> <span class='ocrx_word' id='word_1_212' title='bbox 1275 2923 1478 2992; x_wconf 88' lang='lat' dir='ltr'><strong>absque</strong></span> <span class='ocrx_word' id='word_1_213' title='bbox 1522 2925 1626 2978; x_wconf 89' lang='lat' dir='ltr'><strong>ulla</strong></span> <span class='ocrx_word' id='word_1_214' title='bbox 1667 2941 1833 2983; x_wconf 88' lang='lat' dir='ltr'><strong>causa</strong></span> <span class='ocrx_word' id='word_1_215' title='bbox 1861 2930 2056 2987; x_wconf 92' lang='lat' dir='ltr'><strong>millies</strong></span> 
     </span>
    </p>
   </div>
   <div class='ocr_carea' id='block_1_33' title="bbox 471 3013 2055 3096">
    <p class='ocr_par' dir='ltr' id='par_1_33' title="bbox 471 3013 2055 3096">
     <span class='ocr_line' id='line_1_33' title="bbox 471 3013 2055 3096; baseline 0.013 -36"><span class='ocrx_word' id='word_1_216' title='bbox 471 3024 500 3060; x_wconf 74' lang='grc' dir='ltr'><strong>ιι</strong></span> <span class='ocrx_word' id='word_1_217' title='bbox 537 3013 819 3081; x_wconf 63' lang='lat' dir='ltr'><strong>praeceptis</strong></span> <span class='ocrx_word' id='word_1_218' title='bbox 851 3013 944 3070; x_wconf 88' lang='lat' dir='ltr'><strong>Dei</strong></span> <span class='ocrx_word' id='word_1_219' title='bbox 977 3016 1328 3075; x_wconf 86' lang='lat' dir='ltr'><strong>desciverunt</strong></span> <span class='ocrx_word' id='word_1_220' title='bbox 1383 3020 1580 3088; x_wconf 63' lang='lat' dir='ltr'><strong>Judzi,</strong></span> <span class='ocrx_word' id='word_1_221' title='bbox 1609 3037 1731 3078; x_wconf 87' lang='lat' dir='ltr'><strong>eum</strong></span> <span class='ocrx_word' id='word_1_222' title='bbox 1769 3039 1944 3096; x_wconf 87' lang='lat' dir='ltr'><strong>neque</strong></span> <span class='ocrx_word' id='word_1_223' title='bbox 1989 3028 2055 3082; x_wconf 90' lang='lat' dir='ltr'><strong>de</strong></span> 
     </span>
    </p>
   </div>
   <div class='ocr_carea' id='block_1_34' title="bbox 471 3108 2126 3210">
    <p class='ocr_par' dir='ltr' id='par_1_34' title="bbox 471 3108 2126 3210">
     <span class='ocr_line' id='line_1_34' title="bbox 471 3108 2126 3210; baseline 0.012 -55"><span class='ocrx_word' id='word_1_224' title='bbox 471 3115 665 3158; x_wconf 87' lang='lat' dir='ltr'><strong>eorum</strong></span> <span class='ocrx_word' id='word_1_225' title='bbox 688 3108 990 3162; x_wconf 84' lang='lat' dir='ltr'><strong>mutatione</strong></span> <span class='ocrx_word' id='word_1_226' title='bbox 1018 3110 1313 3181; x_wconf 87' lang='lat' dir='ltr'><strong>quidquam</strong></span> <span class='ocrx_word' id='word_1_227' title='bbox 1362 3115 1638 3183; x_wconf 80' lang='lat' dir='ltr'><strong>cognitqu</strong></span> <span class='ocrx_word' id='word_1_228' title='bbox 1677 3116 1963 3184; x_wconf 86' lang='lat' dir='ltr'><strong>haberent,</strong></span> <span class='ocrx_word' id='word_1_229' title='bbox 1997 3132 2054 3174; x_wconf 89' lang='lat' dir='ltr'><strong>ut</strong></span> <span class='ocrx_word' id='word_1_230' title='bbox 2081 3149 2126 3210; x_wconf 64' lang='grc' dir='ltr'><strong>ρ</strong></span> 
     </span>
    </p>
   </div>
   <div class='ocr_carea' id='block_1_35' title="bbox 469 3200 2050 3278">
    <p class='ocr_par' dir='ltr' id='par_1_35' title="bbox 469 3200 2050 3278">
     <span class='ocr_line' id='line_1_35' title="bbox 469 3200 2050 3278; baseline 0.008 -26"><span class='ocrx_word' id='word_1_231' title='bbox 469 3209 650 3265; x_wconf 84' lang='lat' dir='ltr'><strong>neque</strong></span> <span class='ocrx_word' id='word_1_232' title='bbox 691 3200 834 3267; x_wconf 90' lang='lat' dir='ltr'><strong>quod</strong></span> <span class='ocrx_word' id='word_1_233' title='bbox 874 3201 1189 3269; x_wconf 83' lang='lat' dir='ltr'><strong>imperfecta</strong></span> <span class='ocrx_word' id='word_1_234' title='bbox 1221 3214 1297 3260; x_wconf 74' lang='grc' dir='ltr'>,οι</span> <span class='ocrx_word' id='word_1_235' title='bbox 1350 3206 1576 3262; x_wconf 80' lang='lat' dir='ltr'><strong>alterius</strong></span> <span class='ocrx_word' id='word_1_236' title='bbox 1617 3208 1817 3278; x_wconf 72' lang='lat' dir='ltr'><strong>politiae</strong></span> <span class='ocrx_word' id='word_1_237' title='bbox 1881 3211 2050 3278; x_wconf 81' lang='lat' dir='ltr'><strong>ﬁgura</strong></span> 
     </span>
    </p>
   </div>
   <div class='ocr_carea' id='block_1_36' title="bbox 467 3294 2052 3373">
    <p class='ocr_par' dir='ltr' id='par_1_36' title="bbox 467 3294 2052 3373">
     <span class='ocr_line' id='line_1_36' title="bbox 467 3294 2052 3373; baseline 0.011 -34"><span class='ocrx_word' id='word_1_238' title='bbox 467 3295 653 3341; x_wconf 72' lang='lat' dir='ltr'><strong>essent</strong></span> <span class='ocrx_word' id='word_1_239' title='bbox 715 3299 883 3356; x_wconf 89' lang='lat' dir='ltr'><strong>atque</strong></span> <span class='ocrx_word' id='word_1_240' title='bbox 950 3294 1172 3356; x_wconf 68' lang='lat' dir='ltr'><strong>umbrae,</strong></span> <span class='ocrx_word' id='word_1_241' title='bbox 1234 3295 1363 3364; x_wconf 87' lang='lat' dir='ltr'><strong>quid</strong></span> <span class='ocrx_word' id='word_1_242' title='bbox 1419 3299 1634 3353; x_wconf 82' lang='lat' dir='ltr'><strong>tandem</strong></span> <span class='ocrx_word' id='word_1_243' title='bbox 1689 3298 1892 3373; x_wconf 80' lang='lat' dir='ltr'><strong>[putas]</strong></span> <span class='ocrx_word' id='word_1_244' title='bbox 1949 3316 2052 3356; x_wconf 82' lang='lat' dir='ltr'><strong>non</strong></span> 
     </span>
    </p>
   </div>
   <div class='ocr_carea' id='block_1_37' title="bbox 465 3379 2056 3460">
    <p class='ocr_par' dir='ltr' id='par_1_37' title="bbox 465 3379 2056 3460">
     <span class='ocr_line' id='line_1_37' title="bbox 465 3379 2056 3460; baseline 0.009 -26"><span class='ocrx_word' id='word_1_245' title='bbox 465 3379 736 3448; x_wconf 84' lang='lat' dir='ltr'><strong>egissent,</strong></span> <span class='ocrx_word' id='word_1_246' title='bbox 797 3382 1006 3455; x_wconf 67' lang='lat'><strong>197!)</strong></span> <span class='ocrx_word' id='word_1_247' title='bbox 1052 3387 1096 3445; x_wconf 83' lang='lat' dir='ltr'><strong>si</strong></span> <span class='ocrx_word' id='word_1_248' title='bbox 1164 3389 1359 3443; x_wconf 82' lang='lat' dir='ltr'><strong>tradita</strong></span> <span class='ocrx_word' id='word_1_249' title='bbox 1408 3390 1561 3460; x_wconf 71' lang='lat' dir='ltr'><strong>[ipsis</strong></span> <span class='ocrx_word' id='word_1_250' title='bbox 1621 3394 1875 3448; x_wconf 84' lang='lat' dir='ltr'><strong>mandata</strong></span> <span class='ocrx_word' id='word_1_251' title='bbox 1943 3405 2056 3448; x_wconf 87' lang='lat' dir='ltr'><strong>tau-</strong></span> 
     </span>
    </p>
   </div>
   <div class='ocr_carea' id='block_1_38' title="bbox 466 3470 2055 3550">
    <p class='ocr_par' dir='ltr' id='par_1_38' title="bbox 466 3470 2055 3550">
     <span class='ocr_line' id='line_1_38' title="bbox 466 3470 2055 3550; baseline 0.009 -28"><span class='ocrx_word' id='word_1_252' title='bbox 466 3470 588 3524; x_wconf 88' lang='lat' dir='ltr'><strong>detu</strong></span> <span class='ocrx_word' id='word_1_253' title='bbox 628 3472 882 3528; x_wconf 84' lang='lat' dir='ltr'><strong>solvenda</strong></span> <span class='ocrx_word' id='word_1_254' title='bbox 935 3485 1100 3543; x_wconf 82' lang='lat' dir='ltr'><strong>atque</strong></span> <span class='ocrx_word' id='word_1_255' title='bbox 1152 3479 1412 3534; x_wconf 87' lang='lat' dir='ltr'><strong>mutanda</strong></span> <span class='ocrx_word' id='word_1_256' title='bbox 1443 3495 1474 3534; x_wconf 90' lang='lat' dir='ltr'><strong>e</strong></span> <span class='ocrx_word' id='word_1_257' title='bbox 1507 3479 1806 3550; x_wconf 86' lang='lat' dir='ltr'><strong>Scripturis</strong></span> <span class='ocrx_word' id='word_1_258' title='bbox 1855 3481 2055 3537; x_wconf 80' lang='lat' dir='ltr'><strong>clarius</strong></span> 
     </span>
    </p>
   </div>
   <div class='ocr_carea' id='block_1_39' title="bbox 467 3565 2053 3642">
    <p class='ocr_par' dir='ltr' id='par_1_39' title="bbox 467 3565 2053 3642">
     <span class='ocr_line' id='line_1_39' title="bbox 467 3565 2053 3642; baseline 0.006 -26"><span class='ocrx_word' id='word_1_259' title='bbox 467 3565 891 3632; x_wconf 78' lang='lat' dir='ltr'><strong>cognovissent?</strong></span> <span class='ocrx_word' id='word_1_260' title='bbox 917 3567 1169 3637; x_wconf 79' lang='lat' dir='ltr'><strong>Alioquin</strong></span> <span class='ocrx_word' id='word_1_261' title='bbox 1221 3579 1274 3624; x_wconf 83' lang='lat' dir='ltr'><strong>et</strong></span> <span class='ocrx_word' id='word_1_262' title='bbox 1317 3569 1404 3624; x_wconf 90' lang='lat' dir='ltr'><strong>illa</strong></span> <span class='ocrx_word' id='word_1_263' title='bbox 1451 3572 1765 3642; x_wconf 72' lang='lat' dir='ltr'><strong>disciplinas</strong></span> <span class='ocrx_word' id='word_1_264' title='bbox 1807 3573 2053 3628; x_wconf 86' lang='lat' dir='ltr'><strong>tradendi</strong></span> 
     </span>
    </p>
   </div>
   <div class='ocr_carea' id='block_1_40' title="bbox 467 3653 2054 3733">
    <p class='ocr_par' dir='ltr' id='par_1_40' title="bbox 467 3653 2054 3733">
     <span class='ocr_line' id='line_1_40' title="bbox 467 3653 2054 3733; baseline 0.008 -27"><span class='ocrx_word' id='word_1_265' title='bbox 467 3653 556 3710; x_wconf 72' lang='lat' dir='ltr'><strong>lex</strong></span> <span class='ocrx_word' id='word_1_266' title='bbox 582 3656 781 3723; x_wconf 82' lang='lat' dir='ltr'><strong>ubique</strong></span> <span class='ocrx_word' id='word_1_267' title='bbox 803 3658 1176 3725; x_wconf 83' lang='lat' dir='ltr'><strong>obtinebat,ut</strong></span> <span class='ocrx_word' id='word_1_268' title='bbox 1200 3661 1293 3731; x_wconf 86' lang='lat' dir='ltr'><strong>qui</strong></span> <span class='ocrx_word' id='word_1_269' title='bbox 1325 3673 1575 3719; x_wconf 88' lang='lat' dir='ltr'><strong>recenter</strong></span> <span class='ocrx_word' id='word_1_270' title='bbox 1602 3664 1795 3733; x_wconf 85' lang='lat' dir='ltr'><strong>primis</strong></span> <span class='ocrx_word' id='word_1_271' title='bbox 1817 3663 2054 3720; x_wconf 86' lang='lat' dir='ltr'><strong>elemen-</strong></span> 
     </span>
    </p>
   </div>
   <div class='ocr_carea' id='block_1_41' title="bbox 467 3743 2053 3826">
    <p class='ocr_par' dir='ltr' id='par_1_41' title="bbox 467 3743 2053 3826">
     <span class='ocr_line' id='line_1_41' title="bbox 467 3743 2053 3826; baseline 0.006 -26"><span class='ocrx_word' id='word_1_272' title='bbox 467 3743 539 3800; x_wconf 86' lang='lat' dir='ltr'><strong>tis</strong></span> <span class='ocrx_word' id='word_1_273' title='bbox 571 3744 966 3814; x_wconf 81' lang='lat' dir='ltr'><strong>imbuerentur,</strong></span> <span class='ocrx_word' id='word_1_274' title='bbox 1001 3752 1068 3808; x_wconf 86' lang='lat' dir='ltr'><strong>ad</strong></span> <span class='ocrx_word' id='word_1_275' title='bbox 1103 3752 1453 3821; x_wconf 81' lang='lat' dir='ltr'><strong>perfectionis</strong></span> <span class='ocrx_word' id='word_1_276' title='bbox 1479 3770 1653 3824; x_wconf 82' lang='lat' dir='ltr'><strong>usque</strong></span> <span class='ocrx_word' id='word_1_277' title='bbox 1687 3765 1902 3822; x_wconf 87' lang='lat' dir='ltr'><strong>tempus</strong></span> <span class='ocrx_word' id='word_1_278' title='bbox 1925 3771 2053 3826; x_wconf 87' lang='lat' dir='ltr'><strong>per-</strong></span> 
     </span>
    </p>
   </div>
   <div class='ocr_carea' id='block_1_42' title="bbox 463 3835 2056 3912">
    <p class='ocr_par' dir='ltr' id='par_1_42' title="bbox 463 3835 2056 3912">
     <span class='ocr_line' id='line_1_42' title="bbox 463 3835 2056 3912; baseline 0.009 -22"><span class='ocrx_word' id='word_1_279' title='bbox 463 3835 693 3894; x_wconf 73' lang='lat' dir='ltr'><strong>fectiora</strong></span> <span class='ocrx_word' id='word_1_280' title='bbox 734 3855 963 3912; x_wconf 65' lang='lat' dir='ltr'><strong>quaque</strong></span> <span class='ocrx_word' id='word_1_281' title='bbox 1010 3843 1364 3901; x_wconf 86' lang='lat' dir='ltr'><strong>celarentur:</strong></span> <span class='ocrx_word' id='word_1_282' title='bbox 1412 3847 1510 3901; x_wconf 84' lang='lat' dir='ltr'><strong>sed</strong></span> <span class='ocrx_word' id='word_1_283' title='bbox 1553 3847 1864 3903; x_wconf 88' lang='lat' dir='ltr'><strong>rudioribus</strong></span> <span class='ocrx_word' id='word_1_284' title='bbox 1914 3852 2056 3904; x_wconf 79' lang='lat' dir='ltr'><strong>dun-</strong></span> 
     </span>
    </p>
   </div>
   <div class='ocr_carea' id='block_1_43' title="bbox 467 3936 2056 4013">
    <p class='ocr_par' dir='ltr' id='par_1_43' title="bbox 467 3936 2056 4013">
     <span class='ocr_line' id='line_1_43' title="bbox 467 3936 2056 4013; baseline 0.006 -27"><span class='ocrx_word' id='word_1_285' title='bbox 467 3939 620 3986; x_wconf 80' lang='lat' dir='ltr'><strong>taxat</strong></span> <span class='ocrx_word' id='word_1_286' title='bbox 667 3936 954 4003; x_wconf 74' lang='lat' dir='ltr'><strong>prmceptis</strong></span> <span class='ocrx_word' id='word_1_287' title='bbox 991 3936 1241 4005; x_wconf 88' lang='lat' dir='ltr'><strong>discipuli</strong></span> <span class='ocrx_word' id='word_1_288' title='bbox 1274 3938 1341 3994; x_wconf 82' lang='lat' dir='ltr'><strong>ad</strong></span> <span class='ocrx_word' id='word_1_289' title='bbox 1379 3938 1743 4008; x_wconf 77' lang='lat' dir='ltr'><strong>perfector-um</strong></span> <span class='ocrx_word' id='word_1_290' title='bbox 1788 3942 2056 4013; x_wconf 79' lang='lat' dir='ltr'><strong>cognitio-</strong></span> 
     </span>
    </p>
   </div>
   <div class='ocr_carea' id='block_1_44' title="bbox 469 4025 2047 4098">
    <p class='ocr_par' dir='ltr' id='par_1_44' title="bbox 469 4025 2047 4098">
     <span class='ocr_line' id='line_1_44' title="bbox 469 4025 2047 4098; baseline 0.01 -22"><span class='ocrx_word' id='word_1_291' title='bbox 469 4037 596 4078; x_wconf 87' lang='lat' dir='ltr'><strong>nem</strong></span> <span class='ocrx_word' id='word_1_292' title='bbox 633 4025 1040 4095; x_wconf 88' lang='lat' dir='ltr'><strong>percipiendam</strong></span> <span class='ocrx_word' id='word_1_293' title='bbox 1073 4040 1540 4098; x_wconf 73' lang='lat' dir='ltr'><strong>pra-pararentur.</strong></span> <span class='ocrx_word' id='word_1_294' title='bbox 1581 4032 1787 4088; x_wconf 69' lang='lat' dir='ltr'><strong>Praeter</strong></span> <span class='ocrx_word' id='word_1_295' title='bbox 1809 4035 1923 4091; x_wconf 62' lang='lat' dir='ltr'><strong>haec</strong></span> <span class='ocrx_word' id='word_1_296' title='bbox 1948 4052 2047 4090; x_wconf 84' lang='lat' dir='ltr'><strong>au—</strong></span> 
     </span>
    </p>
   </div>
   <div class='ocr_carea' id='block_1_45' title="bbox 469 4115 2050 4194">
    <p class='ocr_par' dir='ltr' id='par_1_45' title="bbox 469 4115 2050 4194">
     <span class='ocr_line' id='line_1_45' title="bbox 469 4115 2050 4194; baseline 0.011 -27"><span class='ocrx_word' id='word_1_297' title='bbox 469 4125 578 4170; x_wconf 89' lang='lat' dir='ltr'><strong>tem</strong></span> <span class='ocrx_word' id='word_1_298' title='bbox 605 4115 772 4170; x_wconf 84' lang='lat' dir='ltr'><strong>etiam</strong></span> <span class='ocrx_word' id='word_1_299' title='bbox 819 4127 1071 4176; x_wconf 85' lang='lat' dir='ltr'><strong>naturam</strong></span> <span class='ocrx_word' id='word_1_300' title='bbox 1121 4119 1196 4174; x_wconf 89' lang='lat' dir='ltr'><strong>ita</strong></span> <span class='ocrx_word' id='word_1_301' title='bbox 1249 4122 1582 4190; x_wconf 81' lang='lat' dir='ltr'><strong>gubernari,</strong></span> <span class='ocrx_word' id='word_1_302' title='bbox 1635 4133 1691 4179; x_wconf 88' lang='lat' dir='ltr'><strong>et</strong></span> <span class='ocrx_word' id='word_1_303' title='bbox 1735 4141 1904 4194; x_wconf 89' lang='lat' dir='ltr'><strong>opera</strong></span> <span class='ocrx_word' id='word_1_304' title='bbox 1955 4145 2050 4184; x_wconf 88' lang='lat' dir='ltr'><strong>sua</strong></span> 
     </span>
    </p>
   </div>
   <div class='ocr_carea' id='block_1_46' title="bbox 467 4209 2054 4290">
    <p class='ocr_par' dir='ltr' id='par_1_46' title="bbox 467 4209 2054 4290">
     <span class='ocr_line' id='line_1_46' title="bbox 467 4209 2054 4290; baseline 0.009 -29"><span class='ocrx_word' id='word_1_305' title='bbox 467 4219 660 4275; x_wconf 77' lang='lat' dir='ltr'><strong>regere</strong></span> <span class='ocrx_word' id='word_1_306' title='bbox 719 4209 986 4270; x_wconf 88' lang='lat' dir='ltr'><strong>videmus.</strong></span> <span class='ocrx_word' id='word_1_307' title='bbox 1063 4211 1244 4269; x_wconf 78' lang='lat' dir='ltr'><strong>Prima</strong></span> <span class='ocrx_word' id='word_1_308' title='bbox 1319 4213 1465 4270; x_wconf 86' lang='lat' dir='ltr'><strong>enim</strong></span> <span class='ocrx_word' id='word_1_309' title='bbox 1537 4218 1800 4272; x_wconf 88' lang='lat' dir='ltr'><strong>sementis</strong></span> <span class='ocrx_word' id='word_1_310' title='bbox 1891 4231 2054 4290; x_wconf 90' lang='lat' dir='ltr'><strong>atque</strong></span> 
     </span>
    </p>
   </div>
   <div class='ocr_carea' id='block_1_47' title="bbox 463 4301 2051 4380">
    <p class='ocr_par' dir='ltr' id='par_1_47' title="bbox 463 4301 2051 4380">
     <span class='ocr_line' id='line_1_47' title="bbox 463 4301 2051 4380; baseline 0.007 -26"><span class='ocrx_word' id='word_1_311' title='bbox 463 4302 677 4359; x_wconf 77' lang='lat' dir='ltr'><strong>semina</strong></span> <span class='ocrx_word' id='word_1_312' title='bbox 723 4301 1018 4370; x_wconf 83' lang='lat' dir='ltr'><strong>perfectam</strong></span> <span class='ocrx_word' id='word_1_313' title='bbox 1048 4304 1103 4359; x_wconf 90' lang='lat' dir='ltr'><strong>in</strong></span> <span class='ocrx_word' id='word_1_314' title='bbox 1149 4319 1209 4361; x_wconf 85' lang='lat' dir='ltr'><strong>se</strong></span> <span class='ocrx_word' id='word_1_315' title='bbox 1253 4307 1490 4375; x_wconf 83' lang='lat' dir='ltr'><strong>speciem</strong></span> <span class='ocrx_word' id='word_1_316' title='bbox 1522 4307 1666 4364; x_wconf 81' lang='lat' dir='ltr'><strong>clare</strong></span> <span class='ocrx_word' id='word_1_317' title='bbox 1711 4324 2051 4380; x_wconf 85' lang='lat' dir='ltr'><strong>nequaquam</strong></span> 
     </span>
    </p>
   </div>
   <div class='ocr_carea' id='block_1_48' title="bbox 466 4396 2052 4466">
    <p class='ocr_par' dir='ltr' id='par_1_48' title="bbox 466 4396 2052 4466">
     <span class='ocr_line' id='line_1_48' title="bbox 466 4396 2052 4466; baseline 0.008 -20"><span class='ocrx_word' id='word_1_318' title='bbox 466 4396 785 4460; x_wconf 85' lang='lat' dir='ltr'><strong>ostendunt,</strong></span> <span class='ocrx_word' id='word_1_319' title='bbox 823 4399 918 4452; x_wconf 90' lang='lat' dir='ltr'><strong>sed</strong></span> <span class='ocrx_word' id='word_1_320' title='bbox 959 4397 1079 4466; x_wconf 70' lang='lat' dir='ltr'><strong>eius</strong></span> <span class='ocrx_word' id='word_1_321' title='bbox 1113 4408 1323 4454; x_wconf 86' lang='lat' dir='ltr'><strong>tantum</strong></span> <span class='ocrx_word' id='word_1_322' title='bbox 1357 4400 1596 4460; x_wconf 77' lang='lat' dir='ltr'><strong>rationes</strong></span> <span class='ocrx_word' id='word_1_323' title='bbox 1629 4401 1842 4458; x_wconf 86' lang='lat' dir='ltr'><strong>abditas</strong></span> <span class='ocrx_word' id='word_1_324' title='bbox 1875 4407 2052 4459; x_wconf 82' lang='lat' dir='ltr'><strong>couti-</strong></span> 
     </span>
    </p>
   </div>
   <div class='ocr_carea' id='block_1_49' title="bbox 2159 535 3698 606">
    <p class='ocr_par' dir='ltr' id='par_1_49' title="bbox 2159 535 3698 606">
     <span class='ocr_line' id='line_1_49' title="bbox 2159 535 3698 606; baseline 0 -18"><span class='ocrx_word' id='word_1_325' title='bbox 2159 535 2352 606; x_wconf 75' lang='grc' dir='ltr'>ρισμὺν</span> <span class='ocrx_word' id='word_1_326' title='bbox 2411 535 2796 605; x_wconf 74' lang='grc' dir='ltr'><strong>ἐπαφώμενος,</strong></span> <span class='ocrx_word' id='word_1_327' title='bbox 2830 537 2984 591; x_wconf 80' lang='grc' dir='ltr'>οὐδὲν</span> <span class='ocrx_word' id='word_1_328' title='bbox 3038 537 3096 590; x_wconf 85' lang='grc' dir='ltr'>δὲ</span> <span class='ocrx_word' id='word_1_329' title='bbox 3139 536 3434 604; x_wconf 79' lang='grc' dir='ltr'>φιλοπονῶν</span> <span class='ocrx_word' id='word_1_330' title='bbox 3484 543 3582 594; x_wconf 78' lang='grc' dir='ltr'><strong>οὐδ’</strong></span> <span class='ocrx_word' id='word_1_331' title='bbox 3613 547 3698 599; x_wconf 82' lang='grc' dir='ltr'><strong>ἀν-</strong></span> 
     </span>
    </p>
   </div>
   <div class='ocr_carea' id='block_1_50' title="bbox 2158 628 3700 698">
    <p class='ocr_par' dir='ltr' id='par_1_50' title="bbox 2158 628 3700 698">
     <span class='ocr_line' id='line_1_50' title="bbox 2158 628 3700 698; baseline 0.004 -16"><span class='ocrx_word' id='word_1_332' title='bbox 2158 629 2385 698; x_wconf 81' lang='grc' dir='ltr'>ιχνεύων</span> <span class='ocrx_word' id='word_1_333' title='bbox 2415 628 2479 681; x_wconf 79' lang='grc' dir='ltr'>τὸ</span> <span class='ocrx_word' id='word_1_334' title='bbox 2513 629 2619 683; x_wconf 82' lang='grc' dir='ltr'><strong>ὑπὸ</strong></span> <span class='ocrx_word' id='word_1_335' title='bbox 2665 628 2873 698; x_wconf 84' lang='grc' dir='ltr'><strong>ταύτης</strong></span> <span class='ocrx_word' id='word_1_336' title='bbox 2903 628 3304 698; x_wconf 83' lang='grc' dir='ltr'><strong>κρυπτόμενον,</strong></span> <span class='ocrx_word' id='word_1_337' title='bbox 3335 628 3498 695; x_wconf 82' lang='grc' dir='ltr'>οὕτως</span> <span class='ocrx_word' id='word_1_338' title='bbox 3527 634 3619 688; x_wconf 78' lang='grc' dir='ltr'><strong>οὐκ</strong></span> <span class='ocrx_word' id='word_1_339' title='bbox 3642 637 3700 693; x_wconf 81' lang='grc' dir='ltr'><strong>ἂν</strong></span> 
     </span>
    </p>
   </div>
   <div class='ocr_carea' id='block_1_51' title="bbox 2155 718 3703 795">
    <p class='ocr_par' dir='ltr' id='par_1_51' title="bbox 2155 718 3703 795">
     <span class='ocr_line' id='line_1_51' title="bbox 2155 718 3703 795; baseline 0.005 -23"><span class='ocrx_word' id='word_1_340' title='bbox 2155 719 2380 788; x_wconf 78' lang='grc' dir='ltr'><strong>ἀγνοίας</strong></span> <span class='ocrx_word' id='word_1_341' title='bbox 2429 719 2772 790; x_wconf 78' lang='grc' dir='ltr'><strong>ἀπαλλαγείη</strong></span> <span class='ocrx_word' id='word_1_342' title='bbox 2808 719 2930 773; x_wconf 74' lang='grc' dir='ltr'><strong>οὐδὲ</strong></span> <span class='ocrx_word' id='word_1_343' title='bbox 2980 720 3078 787; x_wconf 84' lang='grc' dir='ltr'>τῆς</span> <span class='ocrx_word' id='word_1_344' title='bbox 3124 718 3352 788; x_wconf 73' lang='grc' dir='ltr'>ἐχούσης</span> <span class='ocrx_word' id='word_1_345' title='bbox 3407 722 3524 786; x_wconf 77' lang='grc' dir='ltr'>τοὺς</span> <span class='ocrx_word' id='word_1_346' title='bbox 3554 725 3703 795; x_wconf 75' lang='grc' dir='ltr'>ῥᾳθύ-</span> 
     </span>
    </p>
   </div>
   <div class='ocr_carea' id='block_1_52' title="bbox 2158 811 3702 885">
    <p class='ocr_par' dir='ltr' id='par_1_52' title="bbox 2158 811 3702 885">
     <span class='ocr_line' id='line_1_52' title="bbox 2158 811 3702 885; baseline 0.003 -21"><span class='ocrx_word' id='word_1_347' title='bbox 2158 828 2294 880; x_wconf 83' lang='grc' dir='ltr'>μους</span> <span class='ocrx_word' id='word_1_348' title='bbox 2322 811 2616 874; x_wconf 80' lang='grc' dir='ltr'>αίτιάσεως</span> <span class='ocrx_word' id='word_1_349' title='bbox 2645 813 2674 865; x_wconf 89' lang='lat'><strong>6</strong></span> <span class='ocrx_word' id='word_1_350' title='bbox 2698 811 2778 882; x_wconf 84' lang='grc' dir='ltr'>τῷ</span> <span class='ocrx_word' id='word_1_351' title='bbox 2805 811 3100 882; x_wconf 75' lang='grc' dir='ltr'><strong>γράμματι</strong></span> <span class='ocrx_word' id='word_1_352' title='bbox 3131 811 3279 882; x_wconf 83' lang='grc' dir='ltr'>μόνῳ</span> <span class='ocrx_word' id='word_1_353' title='bbox 3308 815 3702 885; x_wconf 83' lang='grc' dir='ltr'>περιφυόμενος,</span> 
     </span>
    </p>
   </div>
   <div class='ocr_carea' id='block_1_53' title="bbox 2155 901 3708 973">
    <p class='ocr_par' dir='ltr' id='par_1_53' title="bbox 2155 901 3708 973">
     <span class='ocr_line' id='line_1_53' title="bbox 2155 901 3708 973; baseline 0.005 -20"><span class='ocrx_word' id='word_1_354' title='bbox 2155 901 2246 953; x_wconf 76' lang='grc' dir='ltr'>τὸν</span> <span class='ocrx_word' id='word_1_355' title='bbox 2273 901 2330 954; x_wconf 82' lang='grc' dir='ltr'>δὲ</span> <span class='ocrx_word' id='word_1_356' title='bbox 2363 902 2421 954; x_wconf 74' lang='grc' dir='ltr'>ἑν</span> <span class='ocrx_word' id='word_1_357' title='bbox 2467 901 2616 973; x_wconf 82' lang='grc' dir='ltr'>αὐτῷ</span> <span class='ocrx_word' id='word_1_358' title='bbox 2649 902 2925 972; x_wconf 81' lang='grc' dir='ltr'>θησαυρὸν</span> <span class='ocrx_word' id='word_1_359' title='bbox 2961 902 3062 956; x_wconf 80' lang='grc' dir='ltr'><strong>οὐκ</strong></span> <span class='ocrx_word' id='word_1_360' title='bbox 3087 902 3412 971; x_wconf 82' lang='grc' dir='ltr'>ἁνερευνῶν,</span> <span class='ocrx_word' id='word_1_361' title='bbox 3443 904 3556 957; x_wconf 78' lang='grc' dir='ltr'><strong>οὐδὲ</strong></span> <span class='ocrx_word' id='word_1_362' title='bbox 3575 908 3629 958; x_wconf 75' lang='grc' dir='ltr'><strong>τὸ</strong></span> <span class='ocrx_word' id='word_1_363' title='bbox 3657 911 3708 961; x_wconf 80' lang='grc' dir='ltr'><strong>ὲν</strong></span> 
     </span>
    </p>
   </div>
   <div class='ocr_carea' id='block_1_54' title="bbox 2158 994 3709 1067">
    <p class='ocr_par' dir='ltr' id='par_1_54' title="bbox 2158 994 3709 1067">
     <span class='ocr_line' id='line_1_54' title="bbox 2158 994 3709 1067; baseline 0.003 -19"><span class='ocrx_word' id='word_1_364' title='bbox 2158 994 2312 1065; x_wconf 85' lang='grc' dir='ltr'>βάθει</span> <span class='ocrx_word' id='word_1_365' title='bbox 2365 996 2557 1067; x_wconf 82' lang='grc' dir='ltr'><strong>κέρδος</strong></span> <span class='ocrx_word' id='word_1_366' title='bbox 2607 995 2718 1048; x_wconf 88' lang='grc' dir='ltr'><strong>τῶν</strong></span> <span class='ocrx_word' id='word_1_367' title='bbox 2747 996 3036 1066; x_wconf 78' lang='grc' dir='ltr'>νοημάτων</span> <span class='ocrx_word' id='word_1_368' title='bbox 3086 995 3496 1066; x_wconf 79' lang='grc' dir='ltr'>ἀναλεγόμενος.</span> <span class='ocrx_word' id='word_1_369' title='bbox 3538 999 3709 1055; x_wconf 78' lang='grc' dir='ltr'>Καίτοι</span> 
     </span>
    </p>
   </div>
   <div class='ocr_carea' id='block_1_55' title="bbox 2156 1086 3710 1159">
    <p class='ocr_par' dir='ltr' id='par_1_55' title="bbox 2156 1086 3710 1159">
     <span class='ocr_line' id='line_1_55' title="bbox 2156 1086 3710 1159; baseline 0.004 -21"><span class='ocrx_word' id='word_1_370' title='bbox 2156 1089 2252 1139; x_wconf 75' lang='grc' dir='ltr'>καὶ</span> <span class='ocrx_word' id='word_1_371' title='bbox 2285 1087 2420 1141; x_wconf 80' lang='grc' dir='ltr'>αὐτὸ</span> <span class='ocrx_word' id='word_1_372' title='bbox 2449 1087 2511 1140; x_wconf 82' lang='grc' dir='ltr'>τὸ</span> <span class='ocrx_word' id='word_1_373' title='bbox 2541 1086 2848 1159; x_wconf 76' lang='grc' dir='ltr'><strong>κεκρύφθαι</strong></span> <span class='ocrx_word' id='word_1_374' title='bbox 2901 1086 2971 1140; x_wconf 86' lang='grc' dir='ltr'><strong>τά</strong></span> <span class='ocrx_word' id='word_1_375' title='bbox 3025 1086 3145 1140; x_wconf 85' lang='grc' dir='ltr'>θεῖα</span> <span class='ocrx_word' id='word_1_376' title='bbox 3181 1087 3426 1156; x_wconf 79' lang='grc' dir='ltr'><strong>νοήματα</strong></span> <span class='ocrx_word' id='word_1_377' title='bbox 3449 1086 3506 1139; x_wconf 80' lang='grc' dir='ltr'>τὸ</span> <span class='ocrx_word' id='word_1_378' title='bbox 3535 1091 3710 1158; x_wconf 81' lang='grc' dir='ltr'>τιμιώ-</span> 
     </span>
    </p>
   </div>
   <div class='ocr_carea' id='block_1_56' title="bbox 2156 1178 3713 1248">
    <p class='ocr_par' dir='ltr' id='par_1_56' title="bbox 2156 1178 3713 1248">
     <span class='ocr_line' id='line_1_56' title="bbox 2156 1178 3713 1248; baseline 0.001 -13"><span class='ocrx_word' id='word_1_379' title='bbox 2156 1197 2318 1235; x_wconf 89' lang='grc' dir='ltr'>τατον</span> <span class='ocrx_word' id='word_1_380' title='bbox 2343 1181 2528 1242; x_wconf 83' lang='grc' dir='ltr'>αὐτοῖς</span> <span class='ocrx_word' id='word_1_381' title='bbox 2583 1179 2678 1232; x_wconf 77' lang='grc' dir='ltr'>καὶ</span> <span class='ocrx_word' id='word_1_382' title='bbox 2727 1178 2930 1248; x_wconf 72' lang='grc' dir='ltr'>ὑψηλὸν</span> <span class='ocrx_word' id='word_1_383' title='bbox 2958 1178 3416 1248; x_wconf 76' lang='grc' dir='ltr'>ἑπιμαρτύρεται,</span> <span class='ocrx_word' id='word_1_384' title='bbox 3449 1180 3542 1232; x_wconf 79' lang='grc' dir='ltr'>καὶ</span> <span class='ocrx_word' id='word_1_385' title='bbox 3565 1183 3713 1237; x_wconf 84' lang='grc' dir='ltr'>πόθον</span> 
     </span>
    </p>
   </div>
   <div class='ocr_carea' id='block_1_57' title="bbox 2158 1272 3715 1346">
    <p class='ocr_par' dir='ltr' id='par_1_57' title="bbox 2158 1272 3715 1346">
     <span class='ocr_line' id='line_1_57' title="bbox 2158 1272 3715 1346; baseline -0.001 -17"><span class='ocrx_word' id='word_1_386' title='bbox 2158 1274 2497 1345; x_wconf 74' lang='grc' dir='ltr'>ὲγκεντρίξει</span> <span class='ocrx_word' id='word_1_387' title='bbox 2548 1273 2752 1344; x_wconf 79' lang='grc' dir='ltr'>μᾶλλον</span> <span class='ocrx_word' id='word_1_388' title='bbox 2785 1272 3066 1342; x_wconf 82' lang='grc' dir='ltr'>ζητήσεως</span> <span class='ocrx_word' id='word_1_389' title='bbox 3095 1274 3217 1334; x_wconf 87' lang='grc' dir='ltr'>ταῖς</span> <span class='ocrx_word' id='word_1_390' title='bbox 3242 1273 3458 1341; x_wconf 81' lang='grc' dir='ltr'><strong>ψυχαῖς,</strong></span> <span class='ocrx_word' id='word_1_391' title='bbox 3483 1273 3600 1327; x_wconf 83' lang='grc' dir='ltr'>ὅσαι</span> <span class='ocrx_word' id='word_1_392' title='bbox 3622 1277 3715 1346; x_wconf 73' lang='grc' dir='ltr'>πρὸ</span> 
     </span>
    </p>
   </div>
   <div class='ocr_carea' id='block_1_58' title="bbox 2157 1362 3716 1437">
    <p class='ocr_par' dir='ltr' id='par_1_58' title="bbox 2157 1362 3716 1437">
     <span class='ocr_line' id='line_1_58' title="bbox 2157 1362 3716 1437; baseline -0.001 -18"><span class='ocrx_word' id='word_1_393' title='bbox 2157 1367 2259 1432; x_wconf 81' lang='grc' dir='ltr'>τῆς</span> <span class='ocrx_word' id='word_1_394' title='bbox 2293 1363 2576 1437; x_wconf 75' lang='grc' dir='ltr'><strong>ῥᾳστώνης</strong></span> <span class='ocrx_word' id='word_1_395' title='bbox 2608 1364 2668 1418; x_wconf 81' lang='grc' dir='ltr'>τὸ</span> <span class='ocrx_word' id='word_1_396' title='bbox 2697 1363 2944 1433; x_wconf 86' lang='grc' dir='ltr'>θεοφιλές</span> <span class='ocrx_word' id='word_1_397' title='bbox 2979 1379 3041 1416; x_wconf 87' lang='grc' dir='ltr'><strong>τε</strong></span> <span class='ocrx_word' id='word_1_398' title='bbox 3096 1363 3192 1417; x_wconf 76' lang='grc' dir='ltr'>καὶ</span> <span class='ocrx_word' id='word_1_399' title='bbox 3221 1362 3504 1431; x_wconf 88' lang='grc' dir='ltr'>φιλόπονον</span> <span class='ocrx_word' id='word_1_400' title='bbox 3532 1362 3716 1434; x_wconf 83' lang='grc' dir='ltr'>εμπρο-</span> 
     </span>
    </p>
   </div>
   <div class='ocr_carea' id='block_1_59' title="bbox 2161 1457 2536 1526">
    <p class='ocr_par' dir='ltr' id='par_1_59' title="bbox 2161 1457 2536 1526">
     <span class='ocr_line' id='line_1_59' title="bbox 2161 1457 2536 1526; baseline 0 -14"><span class='ocrx_word' id='word_1_401' title='bbox 2161 1457 2290 1512; x_wconf 86' lang='grc' dir='ltr'>σθεν</span> <span class='ocrx_word' id='word_1_402' title='bbox 2319 1457 2536 1526; x_wconf 76' lang='grc' dir='ltr'>ἄγουσι.</span> 
     </span>
    </p>
   </div>
   <div class='ocr_carea' id='block_1_60' title="bbox 2233 1545 3718 1623">
    <p class='ocr_par' dir='ltr' id='par_1_60' title="bbox 2233 1545 3718 1623">
     <span class='ocr_line' id='line_1_60' title="bbox 2233 1545 3718 1623; baseline -0.003 -16"><span class='ocrx_word' id='word_1_403' title='bbox 2233 1549 2362 1623; x_wconf 73' lang='lat'><strong>[628</strong></span> <span class='ocrx_word' id='word_1_404' title='bbox 2402 1549 2498 1622; x_wconf 62' lang='grc'><strong>3.]</strong></span> <span class='ocrx_word' id='word_1_405' title='bbox 2531 1550 2640 1602; x_wconf 79' lang='grc' dir='ltr'><strong>Καὶ</strong></span> <span class='ocrx_word' id='word_1_406' title='bbox 2669 1548 2731 1603; x_wconf 79' lang='grc' dir='ltr'>τὸ</span> <span class='ocrx_word' id='word_1_407' title='bbox 2770 1545 3080 1620; x_wconf 82' lang='grc' dir='ltr'>κακοῦργον</span> <span class='ocrx_word' id='word_1_408' title='bbox 3113 1547 3172 1600; x_wconf 84' lang='grc' dir='ltr'>δὲ</span> <span class='ocrx_word' id='word_1_409' title='bbox 3195 1546 3306 1602; x_wconf 83' lang='grc' dir='ltr'><strong>τῶν</strong></span> <span class='ocrx_word' id='word_1_410' title='bbox 3347 1545 3610 1600; x_wconf 72' lang='grc' dir='ltr'>Ἰουδαίων</span> <span class='ocrx_word' id='word_1_411' title='bbox 3634 1547 3718 1602; x_wconf 75' lang='grc' dir='ltr'>καὶ</span> 
     </span>
    </p>
   </div>
   <div class='ocr_carea' id='block_1_61' title="bbox 2159 1636 3718 1713">
    <p class='ocr_par' dir='ltr' id='par_1_61' title="bbox 2159 1636 3718 1713">
     <span class='ocr_line' id='line_1_61' title="bbox 2159 1636 3718 1713; baseline -0.004 -18"><span class='ocrx_word' id='word_1_412' title='bbox 2159 1642 2433 1713; x_wconf 77' lang='grc' dir='ltr'>τολμηρὸν</span> <span class='ocrx_word' id='word_1_413' title='bbox 2466 1642 2596 1711; x_wconf 77' lang='grc' dir='ltr'>περὶ</span> <span class='ocrx_word' id='word_1_414' title='bbox 2624 1639 2693 1694; x_wconf 79' lang='grc' dir='ltr'>τὰ</span> <span class='ocrx_word' id='word_1_415' title='bbox 2727 1640 3012 1710; x_wconf 86' lang='grc' dir='ltr'>ὰτόλμητα</span> <span class='ocrx_word' id='word_1_416' title='bbox 3049 1638 3150 1708; x_wconf 78' lang='grc' dir='ltr'>τῆς</span> <span class='ocrx_word' id='word_1_417' title='bbox 3177 1639 3321 1691; x_wconf 83' lang='grc' dir='ltr'>κατὰ</span> <span class='ocrx_word' id='word_1_418' title='bbox 3356 1636 3455 1708; x_wconf 85' lang='grc' dir='ltr'><strong>τὴν</strong></span> <span class='ocrx_word' id='word_1_419' title='bbox 3499 1636 3718 1689; x_wconf 74' lang='grc' dir='ltr'>Παλαιὰν</span> 
     </span>
    </p>
   </div>
   <div class='ocr_carea' id='block_1_62' title="bbox 2161 1727 3717 1803">
    <p class='ocr_par' dir='ltr' id='par_1_62' title="bbox 2161 1727 3717 1803">
     <span class='ocr_line' id='line_1_62' title="bbox 2161 1727 3717 1803; baseline -0.006 -15"><span class='ocrx_word' id='word_1_420' title='bbox 2161 1735 2431 1803; x_wconf 80' lang='grc' dir='ltr'><strong>ἀσαφείας</strong></span> <span class='ocrx_word' id='word_1_421' title='bbox 2461 1733 2635 1786; x_wconf 81' lang='grc' dir='ltr'>αἴτιον</span> <span class='ocrx_word' id='word_1_422' title='bbox 2657 1749 2673 1766; x_wconf 76' lang='grc' dir='ltr'><strong><em>ο</em></strong></span> <span class='ocrx_word' id='word_1_423' title='bbox 2707 1733 2794 1788; x_wconf 81' lang='grc' dir='ltr'><strong>ἵνα</strong></span> <span class='ocrx_word' id='word_1_424' title='bbox 2820 1731 2929 1802; x_wconf 80' lang='grc' dir='ltr'><strong>γάρ</strong></span> <span class='ocrx_word' id='word_1_425' title='bbox 2953 1731 3028 1802; x_wconf 83' lang='grc' dir='ltr'>μὴ</span> <span class='ocrx_word' id='word_1_426' title='bbox 3053 1731 3152 1793; x_wconf 76' lang='grc' dir='ltr'><strong>τὰς</strong></span> <span class='ocrx_word' id='word_1_427' title='bbox 3175 1729 3306 1800; x_wconf 69' lang='grc' dir='ltr'>περὶ</span> <span class='ocrx_word' id='word_1_428' title='bbox 3328 1727 3561 1800; x_wconf 81' lang='grc' dir='ltr'><strong>Χριστοῦ</strong></span> <span class='ocrx_word' id='word_1_429' title='bbox 3593 1745 3717 1798; x_wconf 75' lang='grc' dir='ltr'>μαρ-</span> 
     </span>
    </p>
   </div>
   <div class='ocr_carea' id='block_1_63' title="bbox 2159 1819 3720 1897">
    <p class='ocr_par' dir='ltr' id='par_1_63' title="bbox 2159 1819 3720 1897">
     <span class='ocr_line' id='line_1_63' title="bbox 2159 1819 3720 1897; baseline -0.005 -18"><span class='ocrx_word' id='word_1_430' title='bbox 2159 1827 2352 1897; x_wconf 83' lang='grc' dir='ltr'>τυρίας</span> <span class='ocrx_word' id='word_1_431' title='bbox 2401 1823 2461 1877; x_wconf 79' lang='grc' dir='ltr'>τὸ</span> <span class='ocrx_word' id='word_1_432' title='bbox 2502 1823 2805 1896; x_wconf 80' lang='grc' dir='ltr'>περιφανὲς</span> <span class='ocrx_word' id='word_1_433' title='bbox 2852 1825 2948 1878; x_wconf 66' lang='grc' dir='ltr'><strong>καὶ</strong></span> <span class='ocrx_word' id='word_1_434' title='bbox 3005 1821 3306 1891; x_wconf 84' lang='grc' dir='ltr'>κατάδηλον</span> <span class='ocrx_word' id='word_1_435' title='bbox 3356 1820 3584 1890; x_wconf 79' lang='grc' dir='ltr'>ἐχούσας</span> <span class='ocrx_word' id='word_1_436' title='bbox 3624 1819 3720 1872; x_wconf 82' lang='grc' dir='ltr'><strong>τῶν</strong></span> 
     </span>
    </p>
   </div>
   <div class='ocr_carea' id='block_1_64' title="bbox 2159 1909 3721 1990">
    <p class='ocr_par' dir='ltr' id='par_1_64' title="bbox 2159 1909 3721 1990">
     <span class='ocr_line' id='line_1_64' title="bbox 2159 1909 3721 1990; baseline -0.004 -18"><span class='ocrx_word' id='word_1_437' title='bbox 2159 1915 2394 1990; x_wconf 90' lang='grc' dir='ltr'>Γραφῶν</span> <span class='ocrx_word' id='word_1_438' title='bbox 2444 1915 2786 1987; x_wconf 73' lang='grc' dir='ltr'>περικόψωσι</span> <span class='ocrx_word' id='word_1_439' title='bbox 2843 1914 2942 1970; x_wconf 72' lang='grc' dir='ltr'>καὶ</span> <span class='ocrx_word' id='word_1_440' title='bbox 2997 1913 3403 1980; x_wconf 75' lang='grc' dir='ltr'>ὲξαφανίσωσι,</span> <span class='ocrx_word' id='word_1_441' title='bbox 3447 1909 3535 1963; x_wconf 79' lang='grc' dir='ltr'><strong>διὰ</strong></span> <span class='ocrx_word' id='word_1_442' title='bbox 3579 1909 3721 1965; x_wconf 87' lang='grc' dir='ltr'>τοῦτο</span> 
     </span>
    </p>
   </div>
   <div class='ocr_carea' id='block_1_65' title="bbox 2163 2004 3719 2082">
    <p class='ocr_par' dir='ltr' id='par_1_65' title="bbox 2163 2004 3719 2082">
     <span class='ocr_line' id='line_1_65' title="bbox 2163 2004 3719 2082; baseline -0.004 -17"><span class='ocrx_word' id='word_1_443' title='bbox 2163 2011 2302 2082; x_wconf 84' lang='grc' dir='ltr'>μετὰ</span> <span class='ocrx_word' id='word_1_444' title='bbox 2360 2008 2455 2063; x_wconf 88' lang='grc' dir='ltr'><strong>τοῦ</strong></span> <span class='ocrx_word' id='word_1_445' title='bbox 2507 2008 2973 2077; x_wconf 81' lang='grc' dir='ltr'>συνεσκιασμένου</span> <span class='ocrx_word' id='word_1_446' title='bbox 3030 2005 3204 2059; x_wconf 87' lang='grc' dir='ltr'>ταῦτα</span> <span class='ocrx_word' id='word_1_447' title='bbox 3252 2004 3572 2072; x_wconf 87' lang='grc' dir='ltr'>προάγεται.</span> <span class='ocrx_word' id='word_1_448' title='bbox 3625 2005 3719 2058; x_wconf 78' lang='grc' dir='ltr'><strong>Καὶ</strong></span> 
     </span>
    </p>
   </div>
   <div class='ocr_carea' id='block_1_66' title="bbox 2157 2095 3721 2172">
    <p class='ocr_par' dir='ltr' id='par_1_66' title="bbox 2157 2095 3721 2172">
     <span class='ocr_line' id='line_1_66' title="bbox 2157 2095 3721 2172; baseline -0.006 -17"><span class='ocrx_word' id='word_1_449' title='bbox 2157 2101 2362 2172; x_wconf 87' lang='grc' dir='ltr'>τρίτον,</span> <span class='ocrx_word' id='word_1_450' title='bbox 2389 2100 2472 2153; x_wconf 69' lang='grc' dir='ltr'>ὅτι</span> <span class='ocrx_word' id='word_1_451' title='bbox 2493 2097 2758 2168; x_wconf 86' lang='grc' dir='ltr'>ὀλίγωρος</span> <span class='ocrx_word' id='word_1_452' title='bbox 2783 2097 2860 2150; x_wconf 82' lang='grc' dir='ltr'>ὢν</span> <span class='ocrx_word' id='word_1_453' title='bbox 2879 2096 2922 2128; x_wconf 72' lang='grc'><strong>⁸⁸</strong></span> <span class='ocrx_word' id='word_1_454' title='bbox 2951 2096 3045 2149; x_wconf 69' lang='grc' dir='ltr'>καὶ</span> <span class='ocrx_word' id='word_1_455' title='bbox 3067 2096 3174 2149; x_wconf 87' lang='grc' dir='ltr'><strong>τῶν</strong></span> <span class='ocrx_word' id='word_1_456' title='bbox 3203 2095 3366 2148; x_wconf 89' lang='grc' dir='ltr'>θείων</span> <span class='ocrx_word' id='word_1_457' title='bbox 3396 2096 3721 2164; x_wconf 76' lang='grc' dir='ltr'>προσταγμά-</span> 
     </span>
    </p>
   </div>
   <div class='ocr_carea' id='block_1_67' title="bbox 2157 2187 3718 2262">
    <p class='ocr_par' dir='ltr' id='par_1_67' title="bbox 2157 2187 3718 2262">
     <span class='ocr_line' id='line_1_67' title="bbox 2157 2187 3718 2262; baseline -0.004 -16"><span class='ocrx_word' id='word_1_458' title='bbox 2157 2209 2268 2246; x_wconf 87' lang='grc' dir='ltr'><strong>των</strong></span> <span class='ocrx_word' id='word_1_459' title='bbox 2317 2190 2736 2262; x_wconf 78' lang='grc' dir='ltr'>καταφρονητὴς</span> <span class='ocrx_word' id='word_1_460' title='bbox 2785 2190 2815 2242; x_wconf 97' lang='lat'><strong>6</strong></span> <span class='ocrx_word' id='word_1_461' title='bbox 2863 2187 2974 2244; x_wconf 83' lang='grc' dir='ltr'><strong>τῶν</strong></span> <span class='ocrx_word' id='word_1_462' title='bbox 3018 2187 3287 2242; x_wconf 81' lang='grc' dir='ltr'>Ἰουδαίων</span> <span class='ocrx_word' id='word_1_463' title='bbox 3342 2187 3504 2250; x_wconf 77' lang='grc' dir='ltr'>λαὸς,</span> <span class='ocrx_word' id='word_1_464' title='bbox 3538 2187 3620 2240; x_wconf 83' lang='grc' dir='ltr'>ἵνα</span> <span class='ocrx_word' id='word_1_465' title='bbox 3657 2188 3718 2257; x_wconf 80' lang='grc' dir='ltr'>μὴ</span> 
     </span>
    </p>
   </div>
   <div class='ocr_carea' id='block_1_68' title="bbox 2163 2280 3715 2356">
    <p class='ocr_par' dir='ltr' id='par_1_68' title="bbox 2163 2280 3715 2356">
     <span class='ocr_line' id='line_1_68' title="bbox 2163 2280 3715 2356; baseline -0.006 -17"><span class='ocrx_word' id='word_1_466' title='bbox 2163 2285 2430 2356; x_wconf 82' lang='grc' dir='ltr'>μαθόντες</span> <span class='ocrx_word' id='word_1_467' title='bbox 2471 2282 2659 2352; x_wconf 82' lang='grc' dir='ltr'>σαφῶς</span> <span class='ocrx_word' id='word_1_468' title='bbox 2687 2284 2764 2347; x_wconf 86' lang='grc' dir='ltr'><strong>ὡς</strong></span> <span class='ocrx_word' id='word_1_469' title='bbox 2788 2282 2856 2335; x_wconf 86' lang='grc' dir='ltr'>τὰ</span> <span class='ocrx_word' id='word_1_470' title='bbox 2897 2280 2993 2334; x_wconf 89' lang='grc' dir='ltr'><strong>τοῦ</strong></span> <span class='ocrx_word' id='word_1_471' title='bbox 3025 2281 3193 2350; x_wconf 82' lang='grc' dir='ltr'>νόμου</span> <span class='ocrx_word' id='word_1_472' title='bbox 3229 2281 3411 2333; x_wconf 84' lang='grc' dir='ltr'>πάντα</span> <span class='ocrx_word' id='word_1_473' title='bbox 3443 2281 3715 2348; x_wconf 83' lang='grc' dir='ltr'>ρυήσεται,</span> 
     </span>
    </p>
   </div>
   <div class='ocr_carea' id='block_1_69' title="bbox 2159 2370 3717 2450">
    <p class='ocr_par' dir='ltr' id='par_1_69' title="bbox 2159 2370 3717 2450">
     <span class='ocr_line' id='line_1_69' title="bbox 2159 2370 3717 2450; baseline -0.007 -17"><span class='ocrx_word' id='word_1_474' title='bbox 2159 2381 2239 2442; x_wconf 88' lang='grc' dir='ltr'><strong>είς</strong></span> <span class='ocrx_word' id='word_1_475' title='bbox 2269 2379 2466 2450; x_wconf 73' lang='grc' dir='ltr'>ἑτέραν</span> <span class='ocrx_word' id='word_1_476' title='bbox 2489 2378 2547 2431; x_wconf 79' lang='grc' dir='ltr'>δὲ</span> <span class='ocrx_word' id='word_1_477' title='bbox 2577 2375 2854 2429; x_wconf 80' lang='grc' dir='ltr'>πολιτείαν</span> <span class='ocrx_word' id='word_1_478' title='bbox 2886 2373 2923 2428; x_wconf 78' lang='grc' dir='ltr'>ἃ</span> <span class='ocrx_word' id='word_1_479' title='bbox 2956 2373 3084 2444; x_wconf 85' lang='grc' dir='ltr'>παρ’</span> <span class='ocrx_word' id='word_1_480' title='bbox 3123 2373 3313 2434; x_wconf 79' lang='grc' dir='ltr'>αὐτοῖς</span> <span class='ocrx_word' id='word_1_481' title='bbox 3345 2373 3461 2424; x_wconf 73' lang='grc' dir='ltr'>ἐστι</span> <span class='ocrx_word' id='word_1_482' title='bbox 3499 2370 3646 2440; x_wconf 83' lang='grc' dir='ltr'>τίμιά</span> <span class='ocrx_word' id='word_1_483' title='bbox 3668 2387 3717 2422; x_wconf 79' lang='grc' dir='ltr'><strong>τε</strong></span> 
     </span>
    </p>
   </div>
   <div class='ocr_carea' id='block_1_70' title="bbox 2159 2460 3718 2538">
    <p class='ocr_par' dir='ltr' id='par_1_70' title="bbox 2159 2460 3718 2538">
     <span class='ocr_line' id='line_1_70' title="bbox 2159 2460 3718 2538; baseline -0.008 -13"><span class='ocrx_word' id='word_1_484' title='bbox 2159 2471 2257 2526; x_wconf 70' lang='grc' dir='ltr'>καὶ</span> <span class='ocrx_word' id='word_1_485' title='bbox 2290 2468 2708 2538; x_wconf 78' lang='grc' dir='ltr'>σπουδαζόμενα</span> <span class='ocrx_word' id='word_1_486' title='bbox 2741 2466 3164 2535; x_wconf 79' lang='grc' dir='ltr'>μεταστήσεται,</span> <span class='ocrx_word' id='word_1_487' title='bbox 3191 2464 3255 2515; x_wconf 84' lang='grc' dir='ltr'>ὲκ</span> <span class='ocrx_word' id='word_1_488' title='bbox 3283 2462 3345 2515; x_wconf 78' lang='grc' dir='ltr'>δὲ</span> <span class='ocrx_word' id='word_1_489' title='bbox 3367 2461 3467 2530; x_wconf 82' lang='grc' dir='ltr'>τῆς</span> <span class='ocrx_word' id='word_1_490' title='bbox 3492 2460 3718 2532; x_wconf 82' lang='grc' dir='ltr'>τοιαύτης</span> 
     </span>
    </p>
   </div>
   <div class='ocr_carea' id='block_1_71' title="bbox 2159 2555 3718 2634">
    <p class='ocr_par' dir='ltr' id='par_1_71' title="bbox 2159 2555 3718 2634">
     <span class='ocr_line' id='line_1_71' title="bbox 2159 2555 3718 2634; baseline -0.009 -16"><span class='ocrx_word' id='word_1_491' title='bbox 2159 2561 2437 2634; x_wconf 71' lang='grc' dir='ltr'>ἐμφανοῦς</span> <span class='ocrx_word' id='word_1_492' title='bbox 2472 2559 2823 2629; x_wconf 75' lang='grc' dir='ltr'>ἐπιγνώσεως</span> <span class='ocrx_word' id='word_1_493' title='bbox 2856 2557 3022 2610; x_wconf 84' lang='grc' dir='ltr'>πλέον</span> <span class='ocrx_word' id='word_1_494' title='bbox 3061 2572 3121 2609; x_wconf 80' lang='grc' dir='ltr'><strong>τε</strong></span> <span class='ocrx_word' id='word_1_495' title='bbox 3154 2556 3196 2588; x_wconf 73' lang='grc' dir='ltr'><strong><em>η</em></strong></span> <span class='ocrx_word' id='word_1_496' title='bbox 3247 2555 3392 2624; x_wconf 67' lang='grc' dir='ltr'>προς</span> <span class='ocrx_word' id='word_1_497' title='bbox 3433 2555 3531 2623; x_wconf 82' lang='grc' dir='ltr'>τὴν</span> <span class='ocrx_word' id='word_1_498' title='bbox 3568 2555 3718 2624; x_wconf 83' lang='grc' dir='ltr'>ὑπερ-</span> 
     </span>
    </p>
   </div>
   <div class='ocr_carea' id='block_1_72' title="bbox 2157 2645 3721 2726">
    <p class='ocr_par' dir='ltr' id='par_1_72' title="bbox 2157 2645 3721 2726">
     <span class='ocr_line' id='line_1_72' title="bbox 2157 2645 3721 2726; baseline -0.01 -15"><span class='ocrx_word' id='word_1_499' title='bbox 2157 2657 2318 2726; x_wconf 76' lang='grc' dir='ltr'>οψίαν</span> <span class='ocrx_word' id='word_1_500' title='bbox 2369 2655 2588 2725; x_wconf 83' lang='grc' dir='ltr'>ὑπαχθῇ</span> <span class='ocrx_word' id='word_1_501' title='bbox 2641 2653 2750 2707; x_wconf 87' lang='grc' dir='ltr'><strong>τῶν</strong></span> <span class='ocrx_word' id='word_1_502' title='bbox 2780 2651 3244 2722; x_wconf 82' lang='grc' dir='ltr'>προσταγμάτων,</span> <span class='ocrx_word' id='word_1_503' title='bbox 3305 2648 3385 2714; x_wconf 79' lang='grc' dir='ltr'>(τί</span> <span class='ocrx_word' id='word_1_504' title='bbox 3434 2647 3541 2716; x_wconf 87' lang='grc' dir='ltr'><strong>γάρ</strong></span> <span class='ocrx_word' id='word_1_505' title='bbox 3569 2663 3630 2714; x_wconf 86' lang='grc' dir='ltr'><strong>με</strong></span> <span class='ocrx_word' id='word_1_506' title='bbox 3653 2645 3721 2698; x_wconf 85' lang='grc' dir='ltr'><strong>δεῖ</strong></span> 
     </span>
    </p>
   </div>
   <div class='ocr_carea' id='block_1_73' title="bbox 2161 2731 3719 2818">
    <p class='ocr_par' dir='ltr' id='par_1_73' title="bbox 2161 2731 3719 2818">
     <span class='ocr_line' id='line_1_73' title="bbox 2161 2731 3719 2818; baseline -0.009 -17"><span class='ocrx_word' id='word_1_507' title='bbox 2161 2747 2411 2818; x_wconf 82' lang='grc' dir='ltr'>στέργειν</span> <span class='ocrx_word' id='word_1_508' title='bbox 2445 2745 2482 2800; x_wconf 85' lang='grc' dir='ltr'><strong>δι</strong></span> <span class='ocrx_word' id='word_1_509' title='bbox 2518 2745 2661 2815; x_wconf 81' lang='grc' dir='ltr'>μετὰ</span> <span class='ocrx_word' id='word_1_510' title='bbox 2709 2743 2904 2814; x_wconf 83' lang='grc' dir='ltr'>μικρὸν</span> <span class='ocrx_word' id='word_1_511' title='bbox 2933 2741 3230 2812; x_wconf 84' lang='grc' dir='ltr'>λυθήσεται</span> <span class='ocrx_word' id='word_1_512' title='bbox 3269 2740 3370 2792; x_wconf 74' lang='grc' dir='ltr'>καὶ</span> <span class='ocrx_word' id='word_1_513' title='bbox 3401 2731 3474 2790; x_wconf 81' lang='grc' dir='ltr'>ὧν</span> <span class='ocrx_word' id='word_1_514' title='bbox 3511 2737 3569 2789; x_wconf 73' lang='grc' dir='ltr'><strong>οὐ</strong></span> <span class='ocrx_word' id='word_1_515' title='bbox 3601 2737 3719 2806; x_wconf 78' lang='grc' dir='ltr'>μετὰ</span> 
     </span>
    </p>
   </div>
   <div class='ocr_carea' id='block_1_74' title="bbox 2161 2827 3720 2909">
    <p class='ocr_par' dir='ltr' id='par_1_74' title="bbox 2161 2827 3720 2909">
     <span class='ocr_line' id='line_1_74' title="bbox 2161 2827 3720 2909; baseline -0.01 -15"><span class='ocrx_word' id='word_1_516' title='bbox 2161 2839 2336 2909; x_wconf 81' lang='grc' dir='ltr'>βραχὺ</span> <span class='ocrx_word' id='word_1_517' title='bbox 2361 2836 2425 2891; x_wconf 75' lang='grc' dir='ltr'>τὸ</span> <span class='ocrx_word' id='word_1_518' title='bbox 2444 2834 2766 2906; x_wconf 81' lang='grc' dir='ltr'><strong>ἀνόνητον;)</strong></span> <span class='ocrx_word' id='word_1_519' title='bbox 2793 2833 2882 2887; x_wconf 75' lang='grc' dir='ltr'>διὰ</span> <span class='ocrx_word' id='word_1_520' title='bbox 2909 2832 3068 2885; x_wconf 83' lang='grc' dir='ltr'>τοῦτο</span> <span class='ocrx_word' id='word_1_521' title='bbox 3089 2835 3157 2902; x_wconf 74' lang='grc' dir='ltr'>τῇ</span> <span class='ocrx_word' id='word_1_522' title='bbox 3187 2829 3432 2900; x_wconf 78' lang='grc' dir='ltr'>ἀσαφείᾳ</span> <span class='ocrx_word' id='word_1_523' title='bbox 3457 2829 3620 2882; x_wconf 87' lang='grc' dir='ltr'>ταῦτα</span> <span class='ocrx_word' id='word_1_524' title='bbox 3641 2827 3720 2880; x_wconf 76' lang='grc' dir='ltr'>καὶ</span> 
     </span>
    </p>
   </div>
   <div class='ocr_carea' id='block_1_75' title="bbox 2155 2921 3719 3002">
    <p class='ocr_par' dir='ltr' id='par_1_75' title="bbox 2155 2921 3719 3002">
     <span class='ocr_line' id='line_1_75' title="bbox 2155 2921 3719 3002; baseline -0.008 -18"><span class='ocrx_word' id='word_1_525' title='bbox 2155 2930 2236 3002; x_wconf 84' lang='grc' dir='ltr'>τῷ</span> <span class='ocrx_word' id='word_1_526' title='bbox 2267 2929 2559 2999; x_wconf 86' lang='grc' dir='ltr'>δυσλήπτῳ</span> <span class='ocrx_word' id='word_1_527' title='bbox 2609 2925 3102 2997; x_wconf 82' lang='grc' dir='ltr'>περικαλύπτεται.</span> <span class='ocrx_word' id='word_1_528' title='bbox 3159 2924 3220 2976; x_wconf 82' lang='grc' dir='ltr'><strong>Εἰ</strong></span> <span class='ocrx_word' id='word_1_529' title='bbox 3264 2923 3380 2991; x_wconf 78' lang='grc' dir='ltr'>γὰρ</span> <span class='ocrx_word' id='word_1_530' title='bbox 3433 2922 3527 2974; x_wconf 76' lang='grc' dir='ltr'>καὶ</span> <span class='ocrx_word' id='word_1_531' title='bbox 3571 2921 3719 2990; x_wconf 75' lang='grc' dir='ltr'>χωρὶς</span> 
     </span>
    </p>
   </div>
   <div class='ocr_carea' id='block_1_76' title="bbox 2157 3015 3720 3098">
    <p class='ocr_par' dir='ltr' id='par_1_76' title="bbox 2157 3015 3720 3098">
     <span class='ocr_line' id='line_1_76' title="bbox 2157 3015 3720 3098; baseline -0.009 -19"><span class='ocrx_word' id='word_1_532' title='bbox 2157 3024 2489 3098; x_wconf 82' lang='grc' dir='ltr'>προφάσεως</span> <span class='ocrx_word' id='word_1_533' title='bbox 2548 3021 2810 3093; x_wconf 86' lang='grc' dir='ltr'>μυριάκις</span> <span class='ocrx_word' id='word_1_534' title='bbox 2841 3017 2951 3070; x_wconf 87' lang='grc' dir='ltr'><strong>τῶν</strong></span> <span class='ocrx_word' id='word_1_535' title='bbox 2977 3016 3072 3070; x_wconf 90' lang='grc' dir='ltr'><strong>τοῦ</strong></span> <span class='ocrx_word' id='word_1_536' title='bbox 3111 3016 3250 3070; x_wconf 84' lang='grc' dir='ltr'>Θεοῦ</span> <span class='ocrx_word' id='word_1_537' title='bbox 3302 3015 3720 3086; x_wconf 73' lang='grc' dir='ltr'>προσταγμάτων</span> 
     </span>
    </p>
   </div>
   <div class='ocr_carea' id='block_1_77' title="bbox 2157 3107 3718 3188">
    <p class='ocr_par' dir='ltr' id='par_1_77' title="bbox 2157 3107 3718 3188">
     <span class='ocr_line' id='line_1_77' title="bbox 2157 3107 3718 3188; baseline -0.01 -16"><span class='ocrx_word' id='word_1_538' title='bbox 2157 3119 2505 3188; x_wconf 80' lang='grc' dir='ltr'>ἀπέστησαν,</span> <span class='ocrx_word' id='word_1_539' title='bbox 2531 3114 2672 3184; x_wconf 90' lang='grc' dir='ltr'>μήτε</span> <span class='ocrx_word' id='word_1_540' title='bbox 2701 3111 3036 3182; x_wconf 86' lang='grc' dir='ltr'>μετάστασιν</span> <span class='ocrx_word' id='word_1_541' title='bbox 3063 3108 3247 3162; x_wconf 85' lang='grc' dir='ltr'>αὐτῶν</span> <span class='ocrx_word' id='word_1_542' title='bbox 3273 3107 3576 3175; x_wconf 77' lang='grc' dir='ltr'>ἐγνωκότες</span> <span class='ocrx_word' id='word_1_543' title='bbox 3601 3107 3718 3175; x_wconf 82' lang='grc' dir='ltr'>μήτε</span> 
     </span>
    </p>
   </div>
   <div class='ocr_carea' id='block_1_78' title="bbox 2156 3196 3720 3272">
    <p class='ocr_par' dir='ltr' id='par_1_78' title="bbox 2156 3196 3720 3272">
     <span class='ocr_line' id='line_1_78' title="bbox 2156 3196 3720 3272; baseline -0.01 -10"><span class='ocrx_word' id='word_1_544' title='bbox 2156 3209 2240 3262; x_wconf 86' lang='grc' dir='ltr'>ὅτι</span> <span class='ocrx_word' id='word_1_545' title='bbox 2268 3207 2331 3260; x_wconf 84' lang='grc' dir='ltr'>τὸ</span> <span class='ocrx_word' id='word_1_546' title='bbox 2375 3204 2567 3266; x_wconf 81' lang='grc' dir='ltr'>ἀτελὲς</span> <span class='ocrx_word' id='word_1_547' title='bbox 2591 3202 2776 3272; x_wconf 78' lang='grc' dir='ltr'>ἔχουσι</span> <span class='ocrx_word' id='word_1_548' title='bbox 2812 3201 2949 3272; x_wconf 83' lang='grc' dir='ltr'>μήτε</span> <span class='ocrx_word' id='word_1_549' title='bbox 2985 3200 3068 3253; x_wconf 82' lang='grc' dir='ltr'>ὅτι</span> <span class='ocrx_word' id='word_1_550' title='bbox 3097 3198 3381 3261; x_wconf 80' lang='grc' dir='ltr'>πολιτείας</span> <span class='ocrx_word' id='word_1_551' title='bbox 3413 3198 3604 3268; x_wconf 76' lang='grc' dir='ltr'>ἑτέρας</span> <span class='ocrx_word' id='word_1_552' title='bbox 3629 3196 3720 3248; x_wconf 82' lang='grc' dir='ltr'>είσὶ</span> 
     </span>
    </p>
   </div>
   <div class='ocr_carea' id='block_1_79' title="bbox 2157 3287 3720 3364">
    <p class='ocr_par' dir='ltr' id='par_1_79' title="bbox 2157 3287 3720 3364">
     <span class='ocr_line' id='line_1_79' title="bbox 2157 3287 3720 3364; baseline -0.009 -10"><span class='ocrx_word' id='word_1_553' title='bbox 2157 3299 2320 3354; x_wconf 85' lang='grc' dir='ltr'>τύποι</span> <span class='ocrx_word' id='word_1_554' title='bbox 2345 3297 2440 3352; x_wconf 76' lang='grc' dir='ltr'><strong>καὶ</strong></span> <span class='ocrx_word' id='word_1_555' title='bbox 2466 3296 2800 3364; x_wconf 83' lang='grc' dir='ltr'>σκιάσματα,</span> <span class='ocrx_word' id='word_1_556' title='bbox 2830 3293 2884 3346; x_wconf 86' lang='grc' dir='ltr'><strong>τί</strong></span> <span class='ocrx_word' id='word_1_557' title='bbox 2913 3294 3015 3345; x_wconf 89' lang='grc' dir='ltr'><strong>οὐκ</strong></span> <span class='ocrx_word' id='word_1_558' title='bbox 3035 3292 3102 3346; x_wconf 82' lang='grc' dir='ltr'>ἂν</span> <span class='ocrx_word' id='word_1_559' title='bbox 3123 3291 3384 3358; x_wconf 72' lang='grc' dir='ltr'>ἔδρασαν,</span> <span class='ocrx_word' id='word_1_560' title='bbox 3407 3291 3456 3342; x_wconf 86' lang='grc' dir='ltr'><strong>εί</strong></span> <span class='ocrx_word' id='word_1_561' title='bbox 3481 3290 3536 3355; x_wconf 80' lang='grc' dir='ltr'><strong>ὲξ</strong></span> <span class='ocrx_word' id='word_1_562' title='bbox 3561 3287 3720 3342; x_wconf 78' lang='grc' dir='ltr'>αὐτῶν</span> 
     </span>
    </p>
   </div>
   <div class='ocr_carea' id='block_1_80' title="bbox 2158 3377 3721 3456">
    <p class='ocr_par' dir='ltr' id='par_1_80' title="bbox 2158 3377 3721 3456">
     <span class='ocr_line' id='line_1_80' title="bbox 2158 3377 3721 3456; baseline -0.01 -11"><span class='ocrx_word' id='word_1_563' title='bbox 2158 3391 2385 3445; x_wconf 81' lang='grc' dir='ltr'>ἐκείνων</span> <span class='ocrx_word' id='word_1_564' title='bbox 2439 3388 2628 3454; x_wconf 80' lang='grc' dir='ltr'>σαφῶς</span> <span class='ocrx_word' id='word_1_565' title='bbox 2678 3386 2778 3456; x_wconf 80' lang='grc' dir='ltr'><strong>τὴν</strong></span> <span class='ocrx_word' id='word_1_566' title='bbox 2833 3383 3043 3438; x_wconf 75' lang='grc' dir='ltr'>οἰκείαν</span> <span class='ocrx_word' id='word_1_567' title='bbox 3097 3381 3254 3436; x_wconf 84' lang='grc' dir='ltr'>λύσιν</span> <span class='ocrx_word' id='word_1_568' title='bbox 3293 3383 3395 3434; x_wconf 76' lang='grc' dir='ltr'><strong>καὶ</strong></span> <span class='ocrx_word' id='word_1_569' title='bbox 3457 3377 3721 3450; x_wconf 81' lang='grc' dir='ltr'>μετάθεσιν</span> 
     </span>
    </p>
   </div>
   <div class='ocr_carea' id='block_1_81' title="bbox 2157 3469 3719 3552">
    <p class='ocr_par' dir='ltr' id='par_1_81' title="bbox 2157 3469 3719 3552">
     <span class='ocr_line' id='line_1_81' title="bbox 2157 3469 3719 3552; baseline -0.008 -17"><span class='ocrx_word' id='word_1_570' title='bbox 2157 3480 2463 3552; x_wconf 80' lang='grc' dir='ltr'>ἐμάνθανον</span> <span class='ocrx_word' id='word_1_571' title='bbox 2489 3479 2532 3510; x_wconf 74' lang='grc'>³⁸</span> <span class='ocrx_word' id='word_1_572' title='bbox 2556 3494 2572 3544; x_wconf 87' lang='grc'><strong>;</strong></span> <span class='ocrx_word' id='word_1_573' title='bbox 2603 3476 2779 3540; x_wconf 80' lang='grc' dir='ltr'>ἄλλως</span> <span class='ocrx_word' id='word_1_574' title='bbox 2810 3492 2872 3528; x_wconf 81' lang='grc' dir='ltr'><strong>τε</strong></span> <span class='ocrx_word' id='word_1_575' title='bbox 2899 3475 2958 3528; x_wconf 78' lang='grc' dir='ltr'>δὲ</span> <span class='ocrx_word' id='word_1_576' title='bbox 2987 3473 3084 3530; x_wconf 81' lang='grc' dir='ltr'>καὶ</span> <span class='ocrx_word' id='word_1_577' title='bbox 3112 3473 3274 3544; x_wconf 83' lang='grc' dir='ltr'>νόμος</span> <span class='ocrx_word' id='word_1_578' title='bbox 3304 3469 3577 3541; x_wconf 85' lang='grc' dir='ltr'>πανταχοῦ</span> <span class='ocrx_word' id='word_1_579' title='bbox 3592 3486 3719 3540; x_wconf 82' lang='grc' dir='ltr'>κρα-</span> 
     </span>
    </p>
   </div>
   <div class='ocr_carea' id='block_1_82' title="bbox 2155 3565 3722 3638">
    <p class='ocr_par' dir='ltr' id='par_1_82' title="bbox 2155 3565 3722 3638">
     <span class='ocr_line' id='line_1_82' title="bbox 2155 3565 3722 3638; baseline -0.009 -10"><span class='ocrx_word' id='word_1_580' title='bbox 2155 3574 2267 3628; x_wconf 84' lang='grc' dir='ltr'><strong>τῶν</strong></span> <span class='ocrx_word' id='word_1_581' title='bbox 2311 3569 2692 3635; x_wconf 88' lang='grc' dir='ltr'>διδασκαλίας,</span> <span class='ocrx_word' id='word_1_582' title='bbox 2743 3570 2858 3630; x_wconf 80' lang='grc' dir='ltr'>τοῖς</span> <span class='ocrx_word' id='word_1_583' title='bbox 2888 3567 3014 3638; x_wconf 80' lang='grc' dir='ltr'>ἄρτι</span> <span class='ocrx_word' id='word_1_584' title='bbox 3060 3565 3526 3636; x_wconf 86' lang='grc' dir='ltr'>στοιχειουμένοις</span> <span class='ocrx_word' id='word_1_585' title='bbox 3552 3565 3615 3616; x_wconf 77' lang='grc' dir='ltr'><strong>τά</strong></span> <span class='ocrx_word' id='word_1_586' title='bbox 3644 3578 3722 3614; x_wconf 83' lang='grc' dir='ltr'>τε·</span> 
     </span>
    </p>
   </div>
   <div class='ocr_carea' id='block_1_83' title="bbox 2155 3654 3721 3736">
    <p class='ocr_par' dir='ltr' id='par_1_83' title="bbox 2155 3654 3721 3736">
     <span class='ocr_line' id='line_1_83' title="bbox 2155 3654 3721 3736; baseline -0.009 -17"><span class='ocrx_word' id='word_1_587' title='bbox 2155 3666 2399 3736; x_wconf 84' lang='grc' dir='ltr'>λεώτερα</span> <span class='ocrx_word' id='word_1_588' title='bbox 2433 3663 2595 3734; x_wconf 84' lang='grc' dir='ltr'>μέχρι</span> <span class='ocrx_word' id='word_1_589' title='bbox 2626 3659 2820 3730; x_wconf 80' lang='grc' dir='ltr'>καιροῦ</span> <span class='ocrx_word' id='word_1_590' title='bbox 2854 3659 2955 3728; x_wconf 81' lang='grc' dir='ltr'>τῆς</span> <span class='ocrx_word' id='word_1_591' title='bbox 2982 3658 3320 3720; x_wconf 84' lang='grc' dir='ltr'>τελειώσεως</span> <span class='ocrx_word' id='word_1_592' title='bbox 3361 3654 3721 3725; x_wconf 85' lang='grc' dir='ltr'>συγκαλύπτε-</span> 
     </span>
    </p>
   </div>
   <div class='ocr_carea' id='block_1_84' title="bbox 2158 3749 3720 3826">
    <p class='ocr_par' dir='ltr' id='par_1_84' title="bbox 2158 3749 3720 3826">
     <span class='ocr_line' id='line_1_84' title="bbox 2158 3749 3720 3826; baseline -0.012 -12"><span class='ocrx_word' id='word_1_593' title='bbox 2158 3760 2321 3822; x_wconf 83' lang='grc' dir='ltr'>σθαι,</span> <span class='ocrx_word' id='word_1_594' title='bbox 2382 3756 2770 3826; x_wconf 86' lang='grc' dir='ltr'>εἰσαγωγικοῖς</span> <span class='ocrx_word' id='word_1_595' title='bbox 2827 3753 2886 3806; x_wconf 82' lang='grc' dir='ltr'>δὲ</span> <span class='ocrx_word' id='word_1_596' title='bbox 2939 3751 3278 3822; x_wconf 85' lang='grc' dir='ltr'>παιδεύμασι</span> <span class='ocrx_word' id='word_1_597' title='bbox 3337 3751 3431 3803; x_wconf 75' lang='grc' dir='ltr'>τὸν</span> <span class='ocrx_word' id='word_1_598' title='bbox 3494 3749 3720 3820; x_wconf 82' lang='grc' dir='ltr'>μαθητὴν</span> 
     </span>
    </p>
   </div>
   <div class='ocr_carea' id='block_1_85' title="bbox 2155 3843 3720 3923">
    <p class='ocr_par' dir='ltr' id='par_1_85' title="bbox 2155 3843 3720 3923">
     <span class='ocr_line' id='line_1_85' title="bbox 2155 3843 3720 3923; baseline -0.008 -18"><span class='ocrx_word' id='word_1_599' title='bbox 2155 3845 2708 3923; x_wconf 77' lang='grc' dir='ltr'>προπαρασκευάζειν</span> <span class='ocrx_word' id='word_1_600' title='bbox 2742 3845 2879 3916; x_wconf 79' lang='grc' dir='ltr'>πρὸς</span> <span class='ocrx_word' id='word_1_601' title='bbox 2909 3843 3009 3915; x_wconf 80' lang='grc' dir='ltr'>τὴν</span> <span class='ocrx_word' id='word_1_602' title='bbox 3035 3843 3144 3900; x_wconf 85' lang='grc' dir='ltr'><strong>τῶν</strong></span> <span class='ocrx_word' id='word_1_603' title='bbox 3183 3843 3535 3912; x_wconf 84' lang='grc' dir='ltr'>τελεωτέρων</span> <span class='ocrx_word' id='word_1_604' title='bbox 3569 3856 3720 3894; x_wconf 81' lang='grc' dir='ltr'>κατο-</span> 
     </span>
    </p>
   </div>
   <div class='ocr_carea' id='block_1_86' title="bbox 2155 3933 3722 4016">
    <p class='ocr_par' dir='ltr' id='par_1_86' title="bbox 2155 3933 3722 4016">
     <span class='ocr_line' id='line_1_86' title="bbox 2155 3933 3722 4016; baseline -0.01 -16"><span class='ocrx_word' id='word_1_605' title='bbox 2155 3946 2366 4016; x_wconf 84' lang='grc' dir='ltr'>νόησιν.</span> <span class='ocrx_word' id='word_1_606' title='bbox 2404 3942 2528 3995; x_wconf 81' lang='grc' dir='ltr'><strong>Ἐπὶ</strong></span> <span class='ocrx_word' id='word_1_607' title='bbox 2549 3941 2607 3994; x_wconf 83' lang='grc' dir='ltr'>δὲ</span> <span class='ocrx_word' id='word_1_608' title='bbox 2634 3942 2749 4001; x_wconf 84' lang='grc' dir='ltr'>τοῖς</span> <span class='ocrx_word' id='word_1_609' title='bbox 2777 3937 3114 4010; x_wconf 72' lang='grc' dir='ltr'>είρνημένοις,</span> <span class='ocrx_word' id='word_1_610' title='bbox 3139 3937 3235 3991; x_wconf 68' lang='grc' dir='ltr'>καὶ</span> <span class='ocrx_word' id='word_1_611' title='bbox 3255 3937 3358 4007; x_wconf 82' lang='grc' dir='ltr'>τὴν</span> <span class='ocrx_word' id='word_1_612' title='bbox 3387 3937 3546 4006; x_wconf 83' lang='grc' dir='ltr'>φύσιν</span> <span class='ocrx_word' id='word_1_613' title='bbox 3566 3933 3722 3994; x_wconf 77' lang='grc' dir='ltr'>οὕτως</span> 
     </span>
    </p>
   </div>
   <div class='ocr_carea' id='block_1_87' title="bbox 2155 4027 3721 4103">
    <p class='ocr_par' dir='ltr' id='par_1_87' title="bbox 2155 4027 3721 4103">
     <span class='ocr_line' id='line_1_87' title="bbox 2155 4027 3721 4103; baseline -0.011 -12"><span class='ocrx_word' id='word_1_614' title='bbox 2155 4034 2540 4103; x_wconf 82' lang='grc' dir='ltr'>οίακιζομὲνην</span> <span class='ocrx_word' id='word_1_615' title='bbox 2581 4047 2642 4084; x_wconf 90' lang='grc' dir='ltr'><strong>τε</strong></span> <span class='ocrx_word' id='word_1_616' title='bbox 2692 4028 2786 4082; x_wconf 75' lang='grc' dir='ltr'><strong>καὶ</strong></span> <span class='ocrx_word' id='word_1_617' title='bbox 2839 4027 2909 4081; x_wconf 85' lang='grc' dir='ltr'>τὰ</span> <span class='ocrx_word' id='word_1_618' title='bbox 2951 4029 3130 4082; x_wconf 79' lang='grc' dir='ltr'>οἰκεῖα</span> <span class='ocrx_word' id='word_1_619' title='bbox 3178 4027 3319 4097; x_wconf 69' lang='grc' dir='ltr'>ἔργα</span> <span class='ocrx_word' id='word_1_620' title='bbox 3375 4027 3721 4098; x_wconf 75' lang='grc' dir='ltr'>ῥυθμίζουσαν</span> 
     </span>
    </p>
   </div>
   <div class='ocr_carea' id='block_1_88' title="bbox 2154 4118 3722 4200">
    <p class='ocr_par' dir='ltr' id='par_1_88' title="bbox 2154 4118 3722 4200">
     <span class='ocr_line' id='line_1_88' title="bbox 2154 4118 3722 4200; baseline -0.011 -16"><span class='ocrx_word' id='word_1_621' title='bbox 2154 4129 2395 4200; x_wconf 85' lang='grc' dir='ltr'>ὁρῶμεν.</span> <span class='ocrx_word' id='word_1_622' title='bbox 2427 4127 2494 4180; x_wconf 73' lang='grc' dir='ltr'>Δί.</span> <span class='ocrx_word' id='word_1_623' title='bbox 2519 4123 2630 4195; x_wconf 82' lang='grc' dir='ltr'><strong>γὰρ</strong></span> <span class='ocrx_word' id='word_1_624' title='bbox 2661 4123 2879 4192; x_wconf 88' lang='grc' dir='ltr'>πρῶται</span> <span class='ocrx_word' id='word_1_625' title='bbox 2901 4118 3203 4173; x_wconf 79' lang='grc' dir='ltr'>καταϐολαὶ</span> <span class='ocrx_word' id='word_1_626' title='bbox 3238 4120 3333 4171; x_wconf 73' lang='grc' dir='ltr'>καὶ</span> <span class='ocrx_word' id='word_1_627' title='bbox 3355 4120 3424 4172; x_wconf 81' lang='grc' dir='ltr'>τὰ</span> <span class='ocrx_word' id='word_1_628' title='bbox 3453 4118 3722 4188; x_wconf 83' lang='grc' dir='ltr'>σπέρματα</span> 
     </span>
    </p>
   </div>
   <div class='ocr_carea' id='block_1_89' title="bbox 2155 4209 3719 4290">
    <p class='ocr_par' dir='ltr' id='par_1_89' title="bbox 2155 4209 3719 4290">
     <span class='ocr_line' id='line_1_89' title="bbox 2155 4209 3719 4290; baseline -0.009 -16"><span class='ocrx_word' id='word_1_629' title='bbox 2155 4221 2216 4275; x_wconf 76' lang='grc' dir='ltr'><strong>τὸ</strong></span> <span class='ocrx_word' id='word_1_630' title='bbox 2254 4219 2355 4290; x_wconf 79' lang='grc' dir='ltr'>μὲν</span> <span class='ocrx_word' id='word_1_631' title='bbox 2396 4217 2603 4271; x_wconf 80' lang='grc' dir='ltr'>τέλειον</span> <span class='ocrx_word' id='word_1_632' title='bbox 2659 4209 2801 4278; x_wconf 80' lang='grc' dir='ltr'>εἶδος</span> <span class='ocrx_word' id='word_1_633' title='bbox 2852 4215 2910 4267; x_wconf 79' lang='grc' dir='ltr'><strong>ὲν</strong></span> <span class='ocrx_word' id='word_1_634' title='bbox 2955 4215 3170 4275; x_wconf 73' lang='grc' dir='ltr'>ἑαυτοῖς</span> <span class='ocrx_word' id='word_1_635' title='bbox 3214 4211 3478 4282; x_wconf 66' lang='grc' dir='ltr'>ἐμφανῶς</span> <span class='ocrx_word' id='word_1_636' title='bbox 3520 4210 3579 4262; x_wconf 87' lang='grc' dir='ltr'><strong>ού</strong></span> <span class='ocrx_word' id='word_1_637' title='bbox 3622 4209 3719 4261; x_wconf 85' lang='grc' dir='ltr'>δει-</span> 
     </span>
    </p>
   </div>
   <div class='ocr_carea' id='block_1_90' title="bbox 2155 4300 3723 4376">
    <p class='ocr_par' dir='ltr' id='par_1_90' title="bbox 2155 4300 3723 4376">
     <span class='ocr_line' id='line_1_90' title="bbox 2155 4300 3723 4376; baseline -0.011 -9"><span class='ocrx_word' id='word_1_638' title='bbox 2155 4312 2403 4376; x_wconf 90' lang='grc' dir='ltr'>κνύουσι,</span> <span class='ocrx_word' id='word_1_639' title='bbox 2423 4308 2614 4363; x_wconf 87' lang='grc' dir='ltr'>τούτου</span> <span class='ocrx_word' id='word_1_640' title='bbox 2644 4306 2704 4360; x_wconf 85' lang='grc' dir='ltr'>δὲ</span> <span class='ocrx_word' id='word_1_641' title='bbox 2730 4307 2859 4370; x_wconf 81' lang='grc' dir='ltr'>τοὺς</span> <span class='ocrx_word' id='word_1_642' title='bbox 2898 4305 3092 4374; x_wconf 84' lang='grc' dir='ltr'>λόγους</span> <span class='ocrx_word' id='word_1_643' title='bbox 3133 4301 3619 4374; x_wconf 79' lang='grc' dir='ltr'>ἐγκεκρυμμένους</span> <span class='ocrx_word' id='word_1_644' title='bbox 3642 4300 3723 4368; x_wconf 80' lang='grc' dir='ltr'>φέ-</span> 
     </span>
    </p>
   </div>
   <div class='ocr_carea' id='block_1_91' title="bbox 2159 4388 3723 4473">
    <p class='ocr_par' dir='ltr' id='par_1_91' title="bbox 2159 4388 3723 4473">
     <span class='ocr_line' id='line_1_91' title="bbox 2159 4388 3723 4473; baseline -0.011 -18"><span class='ocrx_word' id='word_1_645' title='bbox 2159 4417 2364 4473; x_wconf 89' lang='grc' dir='ltr'>ρουσιν,</span> <span class='ocrx_word' id='word_1_646' title='bbox 2387 4391 2501 4452; x_wconf 76' lang='grc' dir='ltr'>οἷον</span> <span class='ocrx_word' id='word_1_647' title='bbox 2529 4400 2559 4450; x_wconf 91' lang='lat'><strong>6</strong></span> <span class='ocrx_word' id='word_1_648' title='bbox 2578 4397 2778 4458; x_wconf 88' lang='grc' dir='ltr'>κόκκος</span> <span class='ocrx_word' id='word_1_649' title='bbox 2807 4397 3007 4465; x_wconf 78' lang='grc' dir='ltr'>στάχυς</span> <span class='ocrx_word' id='word_1_650' title='bbox 3037 4395 3137 4464; x_wconf 84' lang='grc' dir='ltr'>μὲν</span> <span class='ocrx_word' id='word_1_651' title='bbox 3164 4395 3264 4446; x_wconf 80' lang='grc' dir='ltr'><strong>οὐκ</strong></span> <span class='ocrx_word' id='word_1_652' title='bbox 3287 4394 3458 4455; x_wconf 71' lang='grc' dir='ltr'>ἔστιν,</span> <span class='ocrx_word' id='word_1_653' title='bbox 3483 4395 3540 4446; x_wconf 86' lang='grc' dir='ltr'><strong>ὲν</strong></span> <span class='ocrx_word' id='word_1_654' title='bbox 3563 4388 3723 4457; x_wconf 79' lang='grc' dir='ltr'>ἐαυτῷ</span> 
     </span>
    </p>
   </div>
   <div class='ocr_carea' id='block_1_92' title="bbox 465 4482 2058 4564">
    <p class='ocr_par' dir='ltr' id='par_1_92' title="bbox 465 4483 2050 4564">
     <span class='ocr_line' id='line_1_92' title="bbox 465 4483 2050 4564; baseline 0.008 -28"><span class='ocrx_word' id='word_1_655' title='bbox 465 4493 596 4540; x_wconf 89' lang='lat' dir='ltr'><strong>nent</strong></span> <span class='ocrx_word' id='word_1_656' title='bbox 628 4500 642 4538; x_wconf 91' lang='lat'><strong>:</strong></span> <span class='ocrx_word' id='word_1_657' title='bbox 679 4495 737 4542; x_wconf 89' lang='lat' dir='ltr'><strong>ut</strong></span> <span class='ocrx_word' id='word_1_658' title='bbox 768 4483 1002 4555; x_wconf 80' lang='lat' dir='ltr'><strong>gran&#39;um</strong></span> <span class='ocrx_word' id='word_1_659' title='bbox 1045 4489 1195 4559; x_wconf 81' lang='lat' dir='ltr'><strong>spica</strong></span> <span class='ocrx_word' id='word_1_660' title='bbox 1249 4507 1354 4545; x_wconf 92' lang='lat' dir='ltr'><strong>non</strong></span> <span class='ocrx_word' id='word_1_661' title='bbox 1381 4502 1489 4556; x_wconf 89' lang='lat' dir='ltr'><strong>est,</strong></span> <span class='ocrx_word' id='word_1_662' title='bbox 1524 4492 1624 4548; x_wconf 83' lang='lat' dir='ltr'><strong>etsi</strong></span> <span class='ocrx_word' id='word_1_663' title='bbox 1679 4493 1730 4546; x_wconf 88' lang='lat' dir='ltr'><strong>in</strong></span> <span class='ocrx_word' id='word_1_664' title='bbox 1783 4509 1842 4549; x_wconf 87' lang='lat' dir='ltr'><strong>se</strong></span> <span class='ocrx_word' id='word_1_665' title='bbox 1885 4497 2050 4564; x_wconf 67' lang='lat' dir='ltr'><strong>spica:</strong></span> 
     </span>
    </p>
   </div>
   <div class='ocr_carea' id='block_1_93' title="bbox 2158 4482 3725 4564">
    <p class='ocr_par' dir='ltr' id='par_1_93' title="bbox 2158 4482 3725 4564">
     <span class='ocr_line' id='line_1_93' title="bbox 2158 4482 3725 4564; baseline -0.01 -16"><span class='ocrx_word' id='word_1_666' title='bbox 2158 4496 2212 4549; x_wconf 79' lang='grc' dir='ltr'>δὲ</span> <span class='ocrx_word' id='word_1_667' title='bbox 2235 4493 2472 4564; x_wconf 77' lang='grc' dir='ltr'>κρύπτει</span> <span class='ocrx_word' id='word_1_668' title='bbox 2490 4489 2583 4544; x_wconf 81' lang='grc' dir='ltr'>τὸν</span> <span class='ocrx_word' id='word_1_669' title='bbox 2603 4489 2761 4558; x_wconf 90' lang='grc' dir='ltr'>λόγον</span> <span class='ocrx_word' id='word_1_670' title='bbox 2785 4487 2880 4541; x_wconf 90' lang='grc' dir='ltr'><strong>τοῦ</strong></span> <span class='ocrx_word' id='word_1_671' title='bbox 2910 4489 3145 4557; x_wconf 87' lang='grc' dir='ltr'>στάχυος</span> <span class='ocrx_word' id='word_1_672' title='bbox 3162 4503 3176 4514; x_wconf 86' lang='grc'><strong>·</strong></span> <span class='ocrx_word' id='word_1_673' title='bbox 3208 4486 3304 4538; x_wconf 78' lang='grc' dir='ltr'><strong>καὶ</strong></span> <span class='ocrx_word' id='word_1_674' title='bbox 3324 4483 3544 4538; x_wconf 75' lang='grc' dir='ltr'>ἐπὶτῶν</span> <span class='ocrx_word' id='word_1_675' title='bbox 3567 4482 3725 4534; x_wconf 83' lang='grc' dir='ltr'>ἄλλων</span> 
     </span>
    </p>
   </div>
   <div class='ocr_carea' id='block_1_94' title="bbox 468 4577 2049 4656">
    <p class='ocr_par' dir='ltr' id='par_1_94' title="bbox 468 4577 2049 4656">
     <span class='ocr_line' id='line_1_94' title="bbox 468 4577 2049 4656; baseline 0.005 -26"><span class='ocrx_word' id='word_1_676' title='bbox 468 4577 738 4634; x_wconf 88' lang='lat' dir='ltr'><strong>rationem</strong></span> <span class='ocrx_word' id='word_1_677' title='bbox 773 4579 926 4649; x_wconf 87' lang='lat' dir='ltr'><strong>tegit.</strong></span> <span class='ocrx_word' id='word_1_678' title='bbox 961 4580 1164 4638; x_wconf 85' lang='lat' dir='ltr'><strong>Eadem</strong></span> <span class='ocrx_word' id='word_1_679' title='bbox 1206 4594 1416 4638; x_wconf 66' lang='lat' dir='ltr'><strong>natura:</strong></span> <span class='ocrx_word' id='word_1_680' title='bbox 1457 4584 1630 4640; x_wconf 84' lang='lat' dir='ltr'><strong>series</strong></span> <span class='ocrx_word' id='word_1_681' title='bbox 1676 4584 1728 4638; x_wconf 93' lang='lat' dir='ltr'><strong>in</strong></span> <span class='ocrx_word' id='word_1_682' title='bbox 1760 4585 1878 4640; x_wconf 88' lang='lat' dir='ltr'><strong>aliis</strong></span> <span class='ocrx_word' id='word_1_683' title='bbox 1913 4601 2049 4656; x_wconf 84' lang='lat' dir='ltr'><strong>quo-</strong></span> 
     </span>
    </p>
   </div>
   <div class='ocr_carea' id='block_1_95' title="bbox 463 4669 2050 4746">
    <p class='ocr_par' dir='ltr' id='par_1_95' title="bbox 463 4669 2050 4746">
     <span class='ocr_line' id='line_1_95' title="bbox 463 4669 2050 4746; baseline 0.008 -24"><span class='ocrx_word' id='word_1_684' title='bbox 463 4682 572 4737; x_wconf 86' lang='lat' dir='ltr'><strong>que</strong></span> <span class='ocrx_word' id='word_1_685' title='bbox 599 4669 869 4728; x_wconf 80' lang='lat' dir='ltr'><strong>fructibus</strong></span> <span class='ocrx_word' id='word_1_686' title='bbox 899 4687 964 4727; x_wconf 87' lang='lat' dir='ltr'><strong>ac</strong></span> <span class='ocrx_word' id='word_1_687' title='bbox 991 4675 1292 4733; x_wconf 83' lang='lat' dir='ltr'><strong>seminibus</strong></span> <span class='ocrx_word' id='word_1_688' title='bbox 1330 4677 1701 4746; x_wconf 80' lang='lat' dir='ltr'><strong>cognoscitur.</strong></span> <span class='ocrx_word' id='word_1_689' title='bbox 1751 4677 1966 4744; x_wconf 86' lang='lat' dir='ltr'><strong>qualem</strong></span> <span class='ocrx_word' id='word_1_690' title='bbox 1995 4689 2050 4734; x_wconf 83' lang='lat' dir='ltr'><strong>et.</strong></span> 
     </span>
    </p>
   </div>
   <div class='ocr_carea' id='block_1_96' title="bbox 461 4760 2048 4842">
    <p class='ocr_par' dir='ltr' id='par_1_96' title="bbox 461 4760 2048 4842">
     <span class='ocr_line' id='line_1_96' title="bbox 461 4760 2048 4842; baseline 0.008 -28"><span class='ocrx_word' id='word_1_691' title='bbox 461 4760 550 4816; x_wconf 79' lang='lat' dir='ltr'><strong>lex</strong></span> <span class='ocrx_word' id='word_1_692' title='bbox 575 4774 733 4819; x_wconf 88' lang='lat' dir='ltr'><strong>vetus</strong></span> <span class='ocrx_word' id='word_1_693' title='bbox 760 4763 872 4820; x_wconf 82' lang='lat' dir='ltr'><strong>fere</strong></span> <span class='ocrx_word' id='word_1_694' title='bbox 894 4766 1160 4824; x_wconf 88' lang='lat' dir='ltr'><strong>rationem</strong></span> <span class='ocrx_word' id='word_1_695' title='bbox 1185 4782 1306 4823; x_wconf 90' lang='lat' dir='ltr'><strong>cum</strong></span> <span class='ocrx_word' id='word_1_696' title='bbox 1329 4768 1504 4840; x_wconf 86' lang='lat' dir='ltr'><strong>gratia</strong></span> <span class='ocrx_word' id='word_1_697' title='bbox 1534 4778 1736 4826; x_wconf 79' lang='lat' dir='ltr'><strong>servat.</strong></span> <span class='ocrx_word' id='word_1_698' title='bbox 1766 4769 1902 4825; x_wconf 86' lang='lat' dir='ltr'><strong>Nam</strong></span> <span class='ocrx_word' id='word_1_699' title='bbox 1927 4787 2048 4842; x_wconf 80' lang='lat' dir='ltr'><strong>quae</strong></span> 
     </span>
    </p>
   </div>
   <div class='ocr_carea' id='block_1_97' title="bbox 463 4849 2048 4929">
    <p class='ocr_par' dir='ltr' id='par_1_97' title="bbox 463 4849 2048 4929">
     <span class='ocr_line' id='line_1_97' title="bbox 463 4849 2048 4929; baseline 0.009 -27"><span class='ocrx_word' id='word_1_700' title='bbox 463 4849 638 4918; x_wconf 85' lang='lat' dir='ltr'><strong>gratia</strong></span> <span class='ocrx_word' id='word_1_701' title='bbox 679 4852 912 4918; x_wconf 85' lang='lat' dir='ltr'><strong>perlicit,</strong></span> <span class='ocrx_word' id='word_1_702' title='bbox 941 4854 1072 4924; x_wconf 82' lang='lat' dir='ltr'><strong>jacti</strong></span> <span class='ocrx_word' id='word_1_703' title='bbox 1112 4871 1211 4926; x_wconf 80' lang='lat' dir='ltr'><strong>per</strong></span> <span class='ocrx_word' id='word_1_704' title='bbox 1239 4857 1415 4926; x_wconf 83' lang='lat' dir='ltr'><strong>legem</strong></span> <span class='ocrx_word' id='word_1_705' title='bbox 1451 4860 1676 4916; x_wconf 87' lang='lat' dir='ltr'><strong>seminis</strong></span> <span class='ocrx_word' id='word_1_706' title='bbox 1697 4875 1852 4929; x_wconf 86' lang='lat' dir='ltr'><strong>seges</strong></span> <span class='ocrx_word' id='word_1_707' title='bbox 1883 4862 2048 4916; x_wconf 86' lang='lat' dir='ltr'><strong>habe-</strong></span> 
     </span>
    </p>
   </div>
   <div class='ocr_carea' id='block_1_98' title="bbox 464 4943 2054 5014">
    <p class='ocr_par' dir='ltr' id='par_1_98' title="bbox 464 4943 2054 5014">
     <span class='ocr_line' id='line_1_98' title="bbox 464 4943 2054 5014; baseline 0.009 -18"><span class='ocrx_word' id='word_1_708' title='bbox 464 4950 573 4997; x_wconf 89' lang='lat' dir='ltr'><strong>tur.</strong></span> <span class='ocrx_word' id='word_1_709' title='bbox 611 4943 820 5010; x_wconf 85' lang='lat' dir='ltr'><strong>Quibus</strong></span> <span class='ocrx_word' id='word_1_710' title='bbox 849 4947 1014 5014; x_wconf 80' lang='lat' dir='ltr'><strong>igitur</strong></span> <span class='ocrx_word' id='word_1_711' title='bbox 1049 4948 1117 5004; x_wconf 87' lang='lat' dir='ltr'><strong>de</strong></span> <span class='ocrx_word' id='word_1_712' title='bbox 1165 4951 1350 5009; x_wconf 81' lang='lat' dir='ltr'><strong>causis</strong></span> <span class='ocrx_word' id='word_1_713' title='bbox 1401 4951 1792 5010; x_wconf 82' lang='lat' dir='ltr'><strong>obscuritatem</strong></span> <span class='ocrx_word' id='word_1_714' title='bbox 1841 4970 2054 5010; x_wconf 68' lang='lat' dir='ltr'><strong>assum-</strong></span> 
     </span>
    </p>
   </div>
   <div class='ocr_carea' id='block_1_99' title="bbox 463 5035 1752 5114">
    <p class='ocr_par' dir='ltr' id='par_1_99' title="bbox 463 5035 1752 5114">
     <span class='ocr_line' id='line_1_99' title="bbox 463 5035 1752 5114; baseline 0.01 -27"><span class='ocrx_word' id='word_1_715' title='bbox 463 5035 635 5104; x_wconf 81' lang='lat' dir='ltr'><strong>pse-rit</strong></span> <span class='ocrx_word' id='word_1_716' title='bbox 663 5036 747 5091; x_wconf 82' lang='lat' dir='ltr'><strong>lex</strong></span> <span class='ocrx_word' id='word_1_717' title='bbox 789 5035 1046 5105; x_wconf 75' lang='lat' dir='ltr'><strong>ﬂosaica,</strong></span> <span class='ocrx_word' id='word_1_718' title='bbox 1075 5052 1352 5112; x_wconf 77' lang='lat' dir='ltr'><strong>utcunque</strong></span> <span class='ocrx_word' id='word_1_719' title='bbox 1371 5043 1486 5114; x_wconf 85' lang='lat' dir='ltr'><strong>jam</strong></span> <span class='ocrx_word' id='word_1_720' title='bbox 1527 5046 1752 5102; x_wconf 86' lang='lat' dir='ltr'><strong>dictum.</strong></span> 
     </span>
    </p>
   </div>
   <div class='ocr_carea' id='block_1_100' title="bbox 533 5123 2046 5204">
    <p class='ocr_par' dir='ltr' id='par_1_100' title="bbox 533 5123 2046 5204">
     <span class='ocr_line' id='line_1_100' title="bbox 533 5123 2046 5204; baseline 0.011 -25"><span class='ocrx_word' id='word_1_721' title='bbox 533 5123 688 5182; x_wconf 77' lang='lat' dir='ltr'><strong>Nunc</strong></span> <span class='ocrx_word' id='word_1_722' title='bbox 713 5131 858 5198; x_wconf 91' lang='lat' dir='ltr'><strong>quod</strong></span> <span class='ocrx_word' id='word_1_723' title='bbox 899 5133 1092 5200; x_wconf 67' lang='lat' dir='ltr'><strong>gratiae</strong></span> <span class='ocrx_word' id='word_1_724' title='bbox 1130 5148 1347 5204; x_wconf 91' lang='lat' dir='ltr'><strong>quoque</strong></span> <span class='ocrx_word' id='word_1_725' title='bbox 1371 5137 1456 5192; x_wconf 79' lang='lat' dir='ltr'><strong>lex</strong></span> <span class='ocrx_word' id='word_1_726' title='bbox 1494 5139 1800 5200; x_wconf 87' lang='lat' dir='ltr'><strong>obscurior,</strong></span> <span class='ocrx_word' id='word_1_727' title='bbox 1845 5150 1901 5196; x_wconf 88' lang='lat' dir='ltr'><strong>et</strong></span> <span class='ocrx_word' id='word_1_728' title='bbox 1940 5156 2046 5195; x_wconf 90' lang='lat' dir='ltr'><strong>non</strong></span> 
     </span>
    </p>
   </div>
   <div class='ocr_carea' id='block_1_101' title="bbox 464 5218 2047 5292">
    <p class='ocr_par' dir='ltr' id='par_1_101' title="bbox 464 5218 2047 5292">
     <span class='ocr_line' id='line_1_101' title="bbox 464 5218 2047 5292; baseline 0.011 -21"><span class='ocrx_word' id='word_1_729' title='bbox 464 5218 536 5272; x_wconf 88' lang='lat' dir='ltr'><strong>ita</strong></span> <span class='ocrx_word' id='word_1_730' title='bbox 562 5219 788 5275; x_wconf 89' lang='lat' dir='ltr'><strong>cuilibet</strong></span> <span class='ocrx_word' id='word_1_731' title='bbox 818 5225 1106 5292; x_wconf 84' lang='lat' dir='ltr'><strong>perspicua</strong></span> <span class='ocrx_word' id='word_1_732' title='bbox 1157 5228 1251 5291; x_wconf 88' lang='lat' dir='ltr'><strong>sit,</strong></span> <span class='ocrx_word' id='word_1_733' title='bbox 1297 5229 1607 5286; x_wconf 88' lang='lat' dir='ltr'><strong>auditorum</strong></span> <span class='ocrx_word' id='word_1_734' title='bbox 1647 5246 1838 5287; x_wconf 86' lang='lat' dir='ltr'><strong>recens</strong></span> <span class='ocrx_word' id='word_1_735' title='bbox 1869 5233 2047 5288; x_wconf 84' lang='lat' dir='ltr'><strong>adhuc</strong></span> 
     </span>
    </p>
   </div>
   <div class='ocr_carea' id='block_1_102' title="bbox 466 5305 2046 5384">
    <p class='ocr_par' dir='ltr' id='par_1_102' title="bbox 466 5305 2046 5384">
     <span class='ocr_line' id='line_1_102' title="bbox 466 5305 2046 5384; baseline 0.012 -25"><span class='ocrx_word' id='word_1_736' title='bbox 466 5305 792 5375; x_wconf 86' lang='lat' dir='ltr'><strong>instructio,</strong></span> <span class='ocrx_word' id='word_1_737' title='bbox 850 5315 1160 5384; x_wconf 81' lang='lat' dir='ltr'><strong>ruentisque</strong></span> <span class='ocrx_word' id='word_1_738' title='bbox 1212 5317 1556 5376; x_wconf 81' lang='lat' dir='ltr'><strong>imbecillitas</strong></span> <span class='ocrx_word' id='word_1_739' title='bbox 1607 5322 1663 5375; x_wconf 92' lang='lat' dir='ltr'><strong>in</strong></span> <span class='ocrx_word' id='word_1_740' title='bbox 1728 5338 1892 5377; x_wconf 86' lang='lat' dir='ltr'><strong>causa</strong></span> <span class='ocrx_word' id='word_1_741' title='bbox 1943 5332 2046 5380; x_wconf 84' lang='lat' dir='ltr'><strong>est.</strong></span> 
     </span>
    </p>
   </div>
   <div class='ocr_carea' id='block_1_103' title="bbox 470 5396 2052 5482">
    <p class='ocr_par' dir='ltr' id='par_1_103' title="bbox 470 5396 2052 5482">
     <span class='ocr_line' id='line_1_103' title="bbox 470 5396 2052 5482; baseline 0.009 -28"><span class='ocrx_word' id='word_1_742' title='bbox 470 5396 622 5454; x_wconf 92' lang='lat' dir='ltr'><strong>Unde</strong></span> <span class='ocrx_word' id='word_1_743' title='bbox 648 5412 703 5454; x_wconf 90' lang='lat' dir='ltr'><strong>et</strong></span> <span class='ocrx_word' id='word_1_744' title='bbox 732 5416 826 5456; x_wconf 85' lang='lat' dir='ltr'><strong>vas</strong></span> <span class='ocrx_word' id='word_1_745' title='bbox 881 5403 1208 5462; x_wconf 87' lang='lat' dir='ltr'><strong>electionis:</strong></span> <span class='ocrx_word' id='word_1_746' title='bbox 1255 5409 1384 5476; x_wconf 87' lang='lat' dir='ltr'><strong>Lac,</strong></span> <span class='ocrx_word' id='word_1_747' title='bbox 1415 5412 1611 5482; x_wconf 90' lang='lat' dir='ltr'><strong>inquit,</strong></span> <span class='ocrx_word' id='word_1_748' title='bbox 1671 5414 1816 5467; x_wconf 81' lang='lat' dir='ltr'><strong>vobis</strong></span> <span class='ocrx_word' id='word_1_749' title='bbox 1873 5427 2052 5481; x_wconf 80' lang='lat' dir='ltr'><strong>potum</strong></span> 
     </span>
    </p>
   </div>
   <div class='ocr_carea' id='block_1_104' title="bbox 468 5492 2050 5574">
    <p class='ocr_par' dir='ltr' id='par_1_104' title="bbox 468 5492 2050 5574">
     <span class='ocr_line' id='line_1_104' title="bbox 468 5492 2050 5574; baseline 0.011 -31"><span class='ocrx_word' id='word_1_750' title='bbox 468 5492 610 5558; x_wconf 77' lang='lat' dir='ltr'><strong>dedi,</strong></span> <span class='ocrx_word' id='word_1_751' title='bbox 645 5510 748 5548; x_wconf 81' lang='lat' dir='ltr'><strong>non</strong></span> <span class='ocrx_word' id='word_1_752' title='bbox 781 5511 956 5550; x_wconf 80' lang='lat' dir='ltr'><strong>escam</strong></span> <span class='ocrx_word' id='word_1_753' title='bbox 986 5513 1004 5550; x_wconf 93' lang='lat'><em>:</em></span> <span class='ocrx_word' id='word_1_754' title='bbox 1047 5502 1277 5555; x_wconf 86' lang='lat' dir='ltr'><strong>nondum</strong></span> <span class='ocrx_word' id='word_1_755' title='bbox 1309 5505 1448 5557; x_wconf 80' lang='lat' dir='ltr'><strong>enim</strong></span> <span class='ocrx_word' id='word_1_756' title='bbox 1490 5507 1740 5574; x_wconf 79' lang='lat' dir='ltr'><strong>poteratis</strong></span> <span class='ocrx_word' id='word_1_757' title='bbox 1767 5518 1815 5561; x_wconf 73' lang='grc' dir='ltr'><strong>ε.</strong></span> <span class='ocrx_word' id='word_1_758' title='bbox 1850 5508 2050 5573; x_wconf 80' lang='lat' dir='ltr'><strong>Quem-</strong></span> 
     </span>
    </p>
   </div>
   <div class='ocr_carea' id='block_1_105' title="bbox 531 5605 942 5674">
    <p class='ocr_par' dir='ltr' id='par_1_105' title="bbox 531 5605 942 5674">
     <span class='ocr_line' id='line_1_105' title="bbox 531 5605 942 5674; baseline 0 -12"><span class='ocrx_word' id='word_1_759' title='bbox 531 5614 555 5639; x_wconf 82' lang='grc'><strong>⁸</strong></span> <span class='ocrx_word' id='word_1_760' title='bbox 592 5605 752 5662; x_wconf 88' lang='lat' dir='ltr'><strong>lCor.</strong></span> <span class='ocrx_word' id='word_1_761' title='bbox 779 5623 864 5674; x_wconf 88' lang='grc' dir='ltr'>ιιι,</span> <span class='ocrx_word' id='word_1_762' title='bbox 885 5608 942 5662; x_wconf 75' lang='grc'>2.</span> 
     </span>
    </p>
   </div>
   <div class='ocr_carea' id='block_1_106' title="bbox 2155 4575 3724 4653">
    <p class='ocr_par' dir='ltr' id='par_1_106' title="bbox 2155 4575 3724 4653">
     <span class='ocr_line' id='line_1_106' title="bbox 2155 4575 3724 4653; baseline -0.01 -13"><span class='ocrx_word' id='word_1_763' title='bbox 2155 4588 2213 4640; x_wconf 81' lang='grc' dir='ltr'>δὲ</span> <span class='ocrx_word' id='word_1_764' title='bbox 2268 4583 2500 4653; x_wconf 80' lang='grc' dir='ltr'>καρπῶν</span> <span class='ocrx_word' id='word_1_765' title='bbox 2551 4581 2644 4634; x_wconf 82' lang='grc' dir='ltr'>καὶ</span> <span class='ocrx_word' id='word_1_766' title='bbox 2696 4579 3031 4649; x_wconf 82' lang='grc' dir='ltr'>σπερμάτων</span> <span class='ocrx_word' id='word_1_767' title='bbox 3082 4579 3112 4630; x_wconf 88' lang='lat'><strong>6</strong></span> <span class='ocrx_word' id='word_1_768' title='bbox 3164 4575 3330 4639; x_wconf 78' lang='grc' dir='ltr'>αὐτὸς</span> <span class='ocrx_word' id='word_1_769' title='bbox 3373 4576 3478 4644; x_wconf 78' lang='grc' dir='ltr'>τῆς</span> <span class='ocrx_word' id='word_1_770' title='bbox 3527 4575 3724 4642; x_wconf 85' lang='grc' dir='ltr'>φύσεως</span> 
     </span>
    </p>
   </div>
   <div class='ocr_carea' id='block_1_107' title="bbox 2160 4664 3723 4746">
    <p class='ocr_par' dir='ltr' id='par_1_107' title="bbox 2160 4664 3723 4746">
     <span class='ocr_line' id='line_1_107' title="bbox 2160 4664 3723 4746; baseline -0.01 -17"><span class='ocrx_word' id='word_1_771' title='bbox 2160 4675 2352 4746; x_wconf 79' lang='grc' dir='ltr'>είρμὸς</span> <span class='ocrx_word' id='word_1_772' title='bbox 2379 4670 2822 4741; x_wconf 73' lang='grc' dir='ltr'>ἐπιγινώσκεται.</span> <span class='ocrx_word' id='word_1_773' title='bbox 2852 4667 3110 4722; x_wconf 86' lang='grc' dir='ltr'>Τοιοῦτον</span> <span class='ocrx_word' id='word_1_774' title='bbox 3142 4667 3205 4738; x_wconf 87' lang='grc' dir='ltr'>δή</span> <span class='ocrx_word' id='word_1_775' title='bbox 3233 4683 3358 4720; x_wconf 88' lang='grc' dir='ltr'>τινα</span> <span class='ocrx_word' id='word_1_776' title='bbox 3403 4669 3498 4720; x_wconf 81' lang='grc' dir='ltr'>καὶ</span> <span class='ocrx_word' id='word_1_777' title='bbox 3525 4669 3552 4719; x_wconf 84' lang='grc' dir='ltr'><strong><em>ὁ</em></strong></span> <span class='ocrx_word' id='word_1_778' title='bbox 3576 4664 3723 4732; x_wconf 85' lang='grc' dir='ltr'>νόμος</span> 
     </span>
    </p>
   </div>
   <div class='ocr_carea' id='block_1_108' title="bbox 2163 4756 3723 4839">
    <p class='ocr_par' dir='ltr' id='par_1_108' title="bbox 2163 4756 3723 4839">
     <span class='ocr_line' id='line_1_108' title="bbox 2163 4756 3723 4839; baseline -0.01 -17"><span class='ocrx_word' id='word_1_779' title='bbox 2163 4769 2300 4839; x_wconf 87' lang='grc' dir='ltr'>πρὸς</span> <span class='ocrx_word' id='word_1_780' title='bbox 2349 4765 2448 4835; x_wconf 82' lang='grc' dir='ltr'>τὴν</span> <span class='ocrx_word' id='word_1_781' title='bbox 2501 4763 2663 4834; x_wconf 87' lang='grc' dir='ltr'>χάριν</span> <span class='ocrx_word' id='word_1_782' title='bbox 2715 4759 2973 4825; x_wconf 73' lang='grc' dir='ltr'>διασώζει</span> <span class='ocrx_word' id='word_1_783' title='bbox 3013 4761 3208 4830; x_wconf 75' lang='grc' dir='ltr'>λόγον’</span> <span class='ocrx_word' id='word_1_784' title='bbox 3263 4759 3302 4813; x_wconf 76' lang='grc' dir='ltr'>ἃ</span> <span class='ocrx_word' id='word_1_785' title='bbox 3342 4760 3454 4829; x_wconf 78' lang='grc' dir='ltr'>γὰρ</span> <span class='ocrx_word' id='word_1_786' title='bbox 3503 4761 3536 4827; x_wconf 79' lang='grc' dir='ltr'><strong>ἡ</strong></span> <span class='ocrx_word' id='word_1_787' title='bbox 3585 4756 3723 4826; x_wconf 85' lang='grc' dir='ltr'>χάρις</span> 
     </span>
    </p>
   </div>
   <div class='ocr_carea' id='block_1_109' title="bbox 2164 4850 3721 4926">
    <p class='ocr_par' dir='ltr' id='par_1_109' title="bbox 2164 4850 3721 4926">
     <span class='ocr_line' id='line_1_109' title="bbox 2164 4850 3721 4926; baseline -0.011 -9"><span class='ocrx_word' id='word_1_788' title='bbox 2164 4861 2468 4926; x_wconf 80' lang='grc' dir='ltr'>ἐτελείωσε,</span> <span class='ocrx_word' id='word_1_789' title='bbox 2504 4857 2616 4912; x_wconf 84' lang='grc' dir='ltr'><strong>τῶν</strong></span> <span class='ocrx_word' id='word_1_790' title='bbox 2647 4855 2889 4926; x_wconf 83' lang='grc' dir='ltr'>νομικῶν</span> <span class='ocrx_word' id='word_1_791' title='bbox 2916 4854 3248 4925; x_wconf 87' lang='grc' dir='ltr'>σπερμάτων</span> <span class='ocrx_word' id='word_1_792' title='bbox 3287 4852 3408 4904; x_wconf 73' lang='grc' dir='ltr'>ἐστὶ</span> <span class='ocrx_word' id='word_1_793' title='bbox 3445 4850 3546 4920; x_wconf 82' lang='grc' dir='ltr'>τῆς</span> <span class='ocrx_word' id='word_1_794' title='bbox 3573 4863 3721 4901; x_wconf 83' lang='grc' dir='ltr'>κατα·</span> 
     </span>
    </p>
   </div>
   <div class='ocr_carea' id='block_1_110' title="bbox 2162 4939 3719 5023">
    <p class='ocr_par' dir='ltr' id='par_1_110' title="bbox 2162 4939 3719 5023">
     <span class='ocr_line' id='line_1_110' title="bbox 2162 4939 3719 5023; baseline -0.009 -18"><span class='ocrx_word' id='word_1_795' title='bbox 2162 4952 2328 5023; x_wconf 72' lang='grc' dir='ltr'>ϐολῆς</span> <span class='ocrx_word' id='word_1_796' title='bbox 2369 4952 2438 5006; x_wconf 83' lang='grc' dir='ltr'>τὰ</span> <span class='ocrx_word' id='word_1_797' title='bbox 2483 4948 2747 5018; x_wconf 86' lang='grc' dir='ltr'>γεώργια.</span> <span class='ocrx_word' id='word_1_798' title='bbox 2792 4944 2869 5000; x_wconf 85' lang='grc' dir='ltr'><strong>Δι’</strong></span> <span class='ocrx_word' id='word_1_799' title='bbox 2897 4945 2935 5000; x_wconf 71' lang='grc' dir='ltr'>ἃ</span> <span class='ocrx_word' id='word_1_800' title='bbox 2987 4947 3088 5016; x_wconf 83' lang='grc' dir='ltr'><strong>μὲν</strong></span> <span class='ocrx_word' id='word_1_801' title='bbox 3137 4940 3232 4998; x_wconf 83' lang='grc' dir='ltr'><strong>οῦν</strong></span> <span class='ocrx_word' id='word_1_802' title='bbox 3258 4945 3357 5013; x_wconf 83' lang='grc' dir='ltr'><strong>τὴν</strong></span> <span class='ocrx_word' id='word_1_803' title='bbox 3403 4939 3719 5010; x_wconf 80' lang='grc' dir='ltr'>ἁσάφειανή</span> 
     </span>
    </p>
   </div>
   <div class='ocr_carea' id='block_1_111' title="bbox 2159 5035 3508 5112">
    <p class='ocr_par' dir='ltr' id='par_1_111' title="bbox 2159 5035 3508 5112">
     <span class='ocr_line' id='line_1_111' title="bbox 2159 5035 3508 5112; baseline -0.008 -14"><span class='ocrx_word' id='word_1_804' title='bbox 2159 5042 2428 5112; x_wconf 79' lang='grc' dir='ltr'>Μωσαῖκὴ</span> <span class='ocrx_word' id='word_1_805' title='bbox 2454 5039 2744 5110; x_wconf 82' lang='grc' dir='ltr'>νομοθεσία</span> <span class='ocrx_word' id='word_1_806' title='bbox 2773 5037 2962 5100; x_wconf 78' lang='grc' dir='ltr'>ὑπέδυ,</span> <span class='ocrx_word' id='word_1_807' title='bbox 2993 5037 3232 5108; x_wconf 76' lang='grc' dir='ltr'>μετρίως</span> <span class='ocrx_word' id='word_1_808' title='bbox 3266 5035 3508 5106; x_wconf 81' lang='grc' dir='ltr'>εἴρηται.</span> 
     </span>
    </p>
   </div>
   <div class='ocr_carea' id='block_1_112' title="bbox 2199 5122 3722 5204">
    <p class='ocr_par' dir='ltr' id='par_1_112' title="bbox 2199 5122 3722 5204">
     <span class='ocr_line' id='line_1_112' title="bbox 2199 5122 3722 5204; baseline -0.009 -15"><span class='ocrx_word' id='word_1_809' title='bbox 2199 5175 2204 5178; x_wconf 89' lang='grc'><strong>-</strong></span> <span class='ocrx_word' id='word_1_810' title='bbox 2230 5135 2341 5190; x_wconf 76' lang='grc' dir='ltr'><strong>Καὶ</strong></span> <span class='ocrx_word' id='word_1_811' title='bbox 2376 5134 2479 5204; x_wconf 81' lang='grc' dir='ltr'>τῆς</span> <span class='ocrx_word' id='word_1_812' title='bbox 2507 5133 2730 5203; x_wconf 83' lang='grc' dir='ltr'>χάριτος</span> <span class='ocrx_word' id='word_1_813' title='bbox 2760 5131 2817 5184; x_wconf 86' lang='grc' dir='ltr'>δὲ</span> <span class='ocrx_word' id='word_1_814' title='bbox 2860 5131 2919 5183; x_wconf 78' lang='grc' dir='ltr'>τὸ</span> <span class='ocrx_word' id='word_1_815' title='bbox 2953 5131 3164 5200; x_wconf 82' lang='grc' dir='ltr'>ἀσαφὲς</span> <span class='ocrx_word' id='word_1_816' title='bbox 3194 5129 3292 5182; x_wconf 80' lang='grc' dir='ltr'>καὶ</span> <span class='ocrx_word' id='word_1_817' title='bbox 3328 5130 3388 5182; x_wconf 86' lang='grc' dir='ltr'><strong>οὐ</strong></span> <span class='ocrx_word' id='word_1_818' title='bbox 3413 5131 3580 5180; x_wconf 84' lang='grc' dir='ltr'>πᾶσιν</span> <span class='ocrx_word' id='word_1_819' title='bbox 3615 5122 3722 5176; x_wconf 82' lang='grc' dir='ltr'>ἐπί-</span> 
     </span>
    </p>
   </div>
   <div class='ocr_carea' id='block_1_113' title="bbox 2155 5212 3716 5300">
    <p class='ocr_par' dir='ltr' id='par_1_113' title="bbox 2155 5212 3716 5300">
     <span class='ocr_line' id='line_1_113' title="bbox 2155 5212 3716 5300; baseline -0.01 -16"><span class='ocrx_word' id='word_1_820' title='bbox 2155 5229 2316 5300; x_wconf 87' lang='grc' dir='ltr'>δηλον</span> <span class='ocrx_word' id='word_1_821' title='bbox 2371 5227 2434 5280; x_wconf 83' lang='grc' dir='ltr'>τὸ</span> <span class='ocrx_word' id='word_1_822' title='bbox 2483 5227 2885 5295; x_wconf 83' lang='grc' dir='ltr'>νεοκατήχητον</span> <span class='ocrx_word' id='word_1_823' title='bbox 2936 5224 3109 5278; x_wconf 77' lang='grc' dir='ltr'>αἴτιον</span> <span class='ocrx_word' id='word_1_824' title='bbox 3159 5223 3275 5294; x_wconf 74' lang='grc' dir='ltr'>ἔχει</span> <span class='ocrx_word' id='word_1_825' title='bbox 3327 5223 3434 5274; x_wconf 86' lang='grc' dir='ltr'><strong>τῶν</strong></span> <span class='ocrx_word' id='word_1_826' title='bbox 3479 5212 3716 5292; x_wconf 71' lang='lat'><strong>[32511.]</strong></span> 
     </span>
    </p>
   </div>
   <div class='ocr_carea' id='block_1_114' title="bbox 2157 5310 3832 5392">
    <p class='ocr_par' dir='ltr' id='par_1_114' title="bbox 2157 5310 3832 5392">
     <span class='ocr_line' id='line_1_114' title="bbox 2157 5310 3832 5392; baseline -0.012 -17"><span class='ocrx_word' id='word_1_827' title='bbox 2157 5319 2445 5392; x_wconf 79' lang='grc' dir='ltr'>ἀκροατῶν</span> <span class='ocrx_word' id='word_1_828' title='bbox 2494 5321 2593 5372; x_wconf 71' lang='grc' dir='ltr'>καὶ</span> <span class='ocrx_word' id='word_1_829' title='bbox 2621 5319 2722 5385; x_wconf 78' lang='grc' dir='ltr'>τῆς</span> <span class='ocrx_word' id='word_1_830' title='bbox 2755 5317 2998 5380; x_wconf 85' lang='grc' dir='ltr'>διανοίας</span> <span class='ocrx_word' id='word_1_831' title='bbox 3026 5317 3127 5386; x_wconf 81' lang='grc' dir='ltr'>τὴν</span> <span class='ocrx_word' id='word_1_832' title='bbox 3169 5316 3475 5370; x_wconf 80' lang='grc' dir='ltr'>ἀσθένειαν.</span> <span class='ocrx_word' id='word_1_833' title='bbox 3508 5312 3596 5365; x_wconf 84' lang='grc' dir='ltr'><strong>Διὸ</strong></span> <span class='ocrx_word' id='word_1_834' title='bbox 3635 5310 3718 5359; x_wconf 75' lang='grc' dir='ltr'>καὶ</span> <span class='ocrx_word' id='word_1_835' title='bbox 3829 5339 3832 5341; x_wconf 66' lang='grc'><strong>»</strong></span> 
     </span>
    </p>
   </div>
   <div class='ocr_carea' id='block_1_115' title="bbox 2160 5397 3718 5479">
    <p class='ocr_par' dir='ltr' id='par_1_115' title="bbox 2160 5397 3718 5479">
     <span class='ocr_line' id='line_1_115' title="bbox 2160 5397 3718 5479; baseline -0.011 -12"><span class='ocrx_word' id='word_1_836' title='bbox 2160 5415 2220 5467; x_wconf 82' lang='grc' dir='ltr'>τὸ</span> <span class='ocrx_word' id='word_1_837' title='bbox 2252 5411 2442 5474; x_wconf 90' lang='grc' dir='ltr'>σκεῦος</span> <span class='ocrx_word' id='word_1_838' title='bbox 2470 5409 2573 5479; x_wconf 79' lang='grc' dir='ltr'>τῆς</span> <span class='ocrx_word' id='word_1_839' title='bbox 2600 5409 2852 5476; x_wconf 84' lang='grc' dir='ltr'>ὲκλογῆς,</span> <span class='ocrx_word' id='word_1_840' title='bbox 2880 5408 3052 5461; x_wconf 75' lang='grc' dir='ltr'>Γάλα</span> <span class='ocrx_word' id='word_1_841' title='bbox 3091 5407 3157 5472; x_wconf 84' lang='grc'><strong>¹⁷,</strong></span> <span class='ocrx_word' id='word_1_842' title='bbox 3196 5407 3381 5476; x_wconf 61' lang='grc' dir='ltr'>φησιν,</span> <span class='ocrx_word' id='word_1_843' title='bbox 3412 5401 3565 5472; x_wconf 81' lang='grc' dir='ltr'>ὑμᾶς</span> <span class='ocrx_word' id='word_1_844' title='bbox 3592 5397 3718 5452; x_wconf 78' lang='grc' dir='ltr'>ἐπό-</span> 
     </span>
    </p>
   </div>
   <div class='ocr_carea' id='block_1_116' title="bbox 2165 5494 3714 5570">
    <p class='ocr_par' dir='ltr' id='par_1_116' title="bbox 2165 5494 3714 5570">
     <span class='ocr_line' id='line_1_116' title="bbox 2165 5494 3714 5570; baseline -0.01 -12"><span class='ocrx_word' id='word_1_845' title='bbox 2165 5521 2324 5569; x_wconf 84' lang='grc' dir='ltr'>τισα,</span> <span class='ocrx_word' id='word_1_846' title='bbox 2358 5504 2456 5556; x_wconf 77' lang='grc' dir='ltr'><strong>καί</strong></span> <span class='ocrx_word' id='word_1_847' title='bbox 2480 5503 2551 5556; x_wconf 83' lang='grc' dir='ltr'><strong>οὐ</strong></span> <span class='ocrx_word' id='word_1_848' title='bbox 2573 5500 2788 5570; x_wconf 78' lang='grc' dir='ltr'>,βρῶμα</span> <span class='ocrx_word' id='word_1_849' title='bbox 2808 5517 2821 5529; x_wconf 75' lang='grc' dir='ltr'><strong>ο</strong></span> <span class='ocrx_word' id='word_1_850' title='bbox 2854 5500 3018 5554; x_wconf 79' lang='grc' dir='ltr'>οὔπω</span> <span class='ocrx_word' id='word_1_851' title='bbox 3045 5498 3154 5570; x_wconf 77' lang='grc' dir='ltr'>γὰρ</span> <span class='ocrx_word' id='word_1_852' title='bbox 3180 5498 3502 5566; x_wconf 69' lang='grc' dir='ltr'>ἠδύνασθε.</span> <span class='ocrx_word' id='word_1_853' title='bbox 3527 5494 3714 5557; x_wconf 76' lang='grc' dir='ltr'>’Ὠσπερ</span> 
     </span>
    </p>
   </div>
   <div class='ocr_carea' id='block_1_117' title="bbox 1713 5682 2394 5741">
    <p class='ocr_par' dir='ltr' id='par_1_117' title="bbox 1713 5682 2394 5741">
     <span class='ocr_line' id='line_1_117' title="bbox 1713 5682 2394 5741; baseline 0.006 -5"><span class='ocrx_word' id='word_1_854' title='bbox 1713 5682 1942 5737; x_wconf 67' lang='grc' dir='ltr'>νΑιιιιιΕ</span> <span class='ocrx_word' id='word_1_855' title='bbox 1981 5683 2394 5741; x_wconf 75' lang='grc' dir='ltr'><strong>1.ΕΟΤΙ()ΝΕ8.</strong></span> 
     </span>
    </p>
   </div>
   <div class='ocr_carea' id='block_1_118' title="bbox 495 5768 2151 5849">
    <p class='ocr_par' dir='ltr' id='par_1_118' title="bbox 495 5768 2151 5849">
     <span class='ocr_line' id='line_1_118' title="bbox 495 5768 2151 5849; baseline 0.004 -22"><span class='ocrx_word' id='word_1_856' title='bbox 495 5768 537 5802; x_wconf 72' lang='grc'><strong>⁸⁸</strong></span> <span class='ocrx_word' id='word_1_857' title='bbox 560 5768 658 5848; x_wconf 83' lang='grc' dir='ltr'>ῶν]</span> <span class='ocrx_word' id='word_1_858' title='bbox 702 5773 810 5828; x_wconf 85' lang='lat' dir='ltr'><strong>into</strong></span> <span class='ocrx_word' id='word_1_859' title='bbox 847 5769 935 5845; x_wconf 79' lang='grc' dir='ltr'>ἦν.</span> <span class='ocrx_word' id='word_1_860' title='bbox 1019 5775 1062 5806; x_wconf 87' lang='grc'>¹⁸</span> <span class='ocrx_word' id='word_1_861' title='bbox 1087 5774 1168 5847; x_wconf 80' lang='grc' dir='ltr'><strong>τε]</strong></span> <span class='ocrx_word' id='word_1_862' title='bbox 1203 5792 1268 5833; x_wconf 88' lang='lat' dir='ltr'><strong>an</strong></span> <span class='ocrx_word' id='word_1_863' title='bbox 1303 5774 1405 5832; x_wconf 77' lang='lat' dir='ltr'><strong>fuit</strong></span> <span class='ocrx_word' id='word_1_864' title='bbox 1433 5776 1528 5829; x_wconf 70' lang='grc' dir='ltr'><strong>τιῖ</strong></span> <span class='ocrx_word' id='word_1_865' title='bbox 1606 5779 1646 5810; x_wconf 80' lang='grc'><strong>¹⁶</strong></span> <span class='ocrx_word' id='word_1_866' title='bbox 1685 5780 2057 5849; x_wconf 79' lang='grc' dir='ltr'>ἁνεμάνθανον</span> <span class='ocrx_word' id='word_1_867' title='bbox 2086 5782 2151 5835; x_wconf 75' lang='grc' dir='ltr'>Α.</span> 
     </span>
    </p>
   </div>
   <div class='ocr_carea' id='block_1_119' title="bbox 2233 5782 2904 5855">
    <p class='ocr_par' dir='ltr' id='par_1_119' title="bbox 2233 5782 2904 5855">
     <span class='ocr_line' id='line_1_119' title="bbox 2233 5782 2904 5855; baseline 0.003 -17"><span class='ocrx_word' id='word_1_868' title='bbox 2233 5783 2276 5814; x_wconf 85' lang='grc'><strong>’⁷</strong></span> <span class='ocrx_word' id='word_1_869' title='bbox 2308 5782 2471 5855; x_wconf 77' lang='grc' dir='ltr'>γάλα]</span> <span class='ocrx_word' id='word_1_870' title='bbox 2522 5783 2540 5839; x_wconf 91' lang='lat' dir='ltr'><strong>l</strong></span> <span class='ocrx_word' id='word_1_871' title='bbox 2570 5783 2698 5840; x_wconf 85' lang='lat' dir='ltr'><strong>Cor.</strong></span> <span class='ocrx_word' id='word_1_872' title='bbox 2731 5799 2814 5854; x_wconf 89' lang='grc' dir='ltr'>ιιι,</span> <span class='ocrx_word' id='word_1_873' title='bbox 2847 5784 2904 5842; x_wconf 74' lang='lat'><strong>2.</strong></span> 
     </span>
    </p>
   </div>
  </div>
