4032 6454
366 337 476 399 793

1410 351 1913 415 BIBLIOTHECA
1974 383 2045 393 —
2079 360 2242 425 COD.
2281 367 2559 435 CCXXII.

3522 378 3629 442 794

364 454 427 506 δὲ
462 451 615 504 πᾶσα
652 451 826 523 τροφὴ
857 454 1227 527 ἀκατάλληλος
1255 460 1496 531 βλαϐερά
1523 462 1602 533 τῷ
1638 466 1937 537 μετέχοντι,

2044 476 2333 535 admodum
2393 496 2575 542 autem
2612 505 2791 547 minus
2829 493 3159 548 conveniens
3230 492 3383 548 cibus
3445 494 3628 549 omnis

360 545 513 600 οὕτω
555 546 652 599 καὶ
678 547 878 615 γνῶσις
895 588 911 611 ,
938 549 1044 604 κᾶν
1080 552 1142 604 τὸ
1170 554 1652 624 παναληθέστατον
1677 558 1764 629 εἴη
1812 577 1945 630 προ-

360 638 664 701 ϐάλλουσα,
696 643 810 702 τοῖς
839 640 1084 696 ἀτελέσιν
1117 644 1455 716 ἀσύμφορος.
1487 648 1553 701 El
1585 649 1693 720 γὰρ
1722 652 1816 704 καὶ
1844 653 1944 721 τῆς

356 728 614 793 Bullati;
660 730 694 800 ἠ
722 730 837 783 Νέα
881 732 1311 806 τηλαυγέστερον
1353 738 1687 808 ἐκδιηγεῖται
1744 741 1806 793 τὸ
1847 743 1944 810 τῆς

357 820 653 884 εὐσεϐείας
694 824 1025 894 μυστήριον,
1057 825 1170 878 ἀλλ’
1209 821 1301 881 οὖν
1331 828 1407 889 ὡς
1448 830 1621 901 ἀρχῆς
1651 832 1747 884 καὶ
1774 833 1943 902 σπέρ-

362 928 537 979 ματος
571 910 730 977 λόγον
762 912 1037 982 ἐπέχουσα
1064 915 1159 970 καὶ
1188 918 1326 987 αὐτὴ
1359 922 1495 990 πρὸς
1523 924 1621 992 την
1651 923 1751 993 ἤδη
1792 925 1945 976 πολι·-

358 999 517 1052 τείαν
572 999 1033 1073 ἐγκαινιζομένην
1063 1005 1165 1058 οὐκ
1217 1006 1380 1071 εὐθὺς
1429 1012 1541 1072 τοῖς
1595 1010 1941 1081 μυουμένοις,

364 1090 509 1143 ἀλλὰ
534 1091 673 1144 κατά
723 1093 1007 1164 προκοπὴν
1056 1096 1431 1151 ἀποκαλύπτει
1468 1100 1537 1154 τὰ
1576 1100 1781 1154 τέλεια.
1822 1103 1943 1155 Ἔτι

369 1179 432 1233 δὲ
483 1182 576 1234 καὶ
624 1183 733 1244 τοῖς
780 1184 928 1249 κυσὶ,
980 1185 1227 1239 τουτέστι
1268 1191 1379 1250 τοῖς
1415 1189 1812 1261 ἀντικειμένοις
1848 1193 1945 1247 καὶ

375 1271 837 1340 καθυλακτοῦσιν,
909 1275 1031 1345 οὐχὶ
1095 1278 1383 1348 προπετῶς
1440 1280 1536 1335 καὶ
1599 1283 1945 1351 ἀφιλοσόφως

378 1363 584 1430 ῥίπτειν
614 1364 679 1417 τὰ
704 1365 857 1433 ἆγια,
888 1368 1009 1421 οὐδὲ
1040 1370 1181 1436 τοὺς
1208 1375 1575 1441 μαργαρίτας
1603 1375 1946 1445 ἔμπροσθεν

375 1453 491 1506 τῶν
523 1457 774 1523 χοίρων,
818 1453 901 1523 οἷς
943 1462 973 1513 6
1021 1461 1133 1530 βίος
1166 1465 1194 1516 ὁ
1244 1465 1353 1517 τῶν
1397 1466 1599 1535 ἡδονῶν
1646 1467 1942 1539 βόρϐορος,

364 1546 695 1600 Δεσποτικὺν
718 1550 954 1620 ὑπάρχει
994 1554 1088 1606 καὶ
1117 1553 1214 1624 τὴν
1241 1554 1591 1613 διδασκαλίαν
1616 1560 1944 1614 κατευθῦνον

363 1637 758 1708 παράγγελμα.
804 1642 967 1693 Ἀνευ
1012 1643 1070 1695 δὲ
1103 1644 1213 1697 τῶν
1239 1647 1565 1716 εἰρημένων.
1599 1649 1693 1701 καὶ
1723 1652 1755 1720 ἡ
1785 1651 1943 1718 ἁγισ-

357 1728 517 1787 ποιὸς
541 1730 731 1799 τελετὴ
768 1735 1066 1802 μυστήριον
1092 1736 1438 1805 ὀνομάζεται,
1469 1739 1528 1792 τὸ
1550 1740 1605 1793 δὲ
1640 1743 1942 1814 μυστήριον

353 1818 417 1870 οὐ
452 1821 632 1874 κοινὸν
675 1823 791 1875 οὐδὲ
822 1827 935 1887 τοῖς
987 1825 1231 1898 βεϐήλοις
1282 1805 1936 1907 εὐεπίϐατον.-[629ΠΒ.]
1970 1805 2016 1863 Β

359 1910 489 1962 Ἔτι
536 1912 643 1983 μὴν
684 1915 778 1966 καὶ
808 1915 876 1969 τὰ
908 1917 1037 1985 ἆγια
1064 1920 1267 1991 νοερῶς
1300 1921 1398 1992 μὲν
1430 1925 1544 1985 τοῖς
1591 1941 1651 1977 τε
1688 1925 1938 1996 Σεραφ“ιμ

355 2004 458 2055 καὶ
482 2005 783 2075 Χερουϐὶμ,
814 2008 1017 2072 ὑλικῶς
1040 2010 1095 2063 δὲ
1116 2014 1573 2084 καταπετάσματι
1600 2016 1693 2068 καὶ
1720 2021 1941 2085 πτεροῖς

354 2097 456 2147 καὶ
517 2098 714 2163 πύλαις
763 2100 861 2153 καὶ
919 2102 1189 2173 κλείθροις
1246 2106 1749 2177 περιστοιχίζεταιο
1799 2109 1940 2163 οὕτω

354 2190 556 2256 γοῦνίθ
589 2193 695 2263 χρὴ
752 2194 849 2246 καὶ
885 2195 983 2266 τὴν
1034 2197 1183 2267 ἱερὰν
1230 2198 1387 2267 ἡμῶν
1420 2196 1646 2270 Γραφὴν
1680 2203 1791 2265 τοῖς
1841 2202 1939 2271 μὲν

357 2276 612 2350 βεϐήλοις
660 2284 1185 2353 περικαλύπτεσθαι,
1226 2288 1315 2340 ἵνα
1356 2287 1528 2358 μὴτά
1559 2291 1689 2357 ἅγια
1727 2291 1942 2360 ἐξυϐρί-

356 2369 528 2435 Cotto,
562 2374 673 2436 τοῖς
707 2373 764 2426 δὲ
816 2375 1193 2445 μεμυημένοις
1254 2376 1348 2429 καὶ
1398 2380 1611 2440 πιστοῖς
1668 2381 1941 2434 ἀνακαλύ-

356 2464 615 2515 πτεσθαι.
653 2464 928 2517 ⁸’Λλλωστε
957 2466 1013 2517 δὲ
1062 2468 1154 2520 καὶ
1181 2469 1228 2520 εί
1256 2470 1297 2500 ¹⁹
1330 2469 1390 2521 τὸ
1415 2471 1545 2540 ῥᾷον
1568 2473 1649 2534 εἰς
1680 2476 1869 2543 κτῆσιν
1891 2478 1935 2508 ²⁰

351 2555 456 2623 οὐχ
484 2555 676 2625 ὥσπερ
699 2556 759 2608 τὸ
787 2557 936 2628 πόνῳ
965 2559 1161 2629 κτηθὲν
1186 2562 1674 2629 περισπούδαστον,
1698 2566 1938 2633 εὐλόγως

352 2647 417 2697 τὸ
475 2647 617 2717 ἱερὸν
649 2647 885 2718 Γράμμα
926 2652 1038 2711 τοῖς
1093 2650 1189 2719 μὲν
1240 2652 1508 2722 ῥᾳθύμοις
1543 2655 1633 2706 τὸν
1666 2656 1938 2727 θησαυρὸν

350 2739 796 2808 ἀποκρύπτεται,
829 2744 942 2804 τοῖς
969 2742 1027 2795 δὲ
1057 2744 1403 2810 φιλοπονοῦσι
1430 2747 1735 2817 χαρίζεται.
1779 2751 1938 2805 Ἀλλά

357 2829 459 2881 καὶ
506 2830 693 2901 ἱδρῶσι
729 2832 838 2883 πᾶν
876 2832 935 2886 τὸ
984 2833 1165 2905 τίμιον
1211 2836 1305 2889 καὶ
1416 2838 1585 2909 ἁρετὴ
1637 2842 1716 2902 εἰς
1746 2842 1938 2911 κτῆσιν

355 2920 676 2989 ἀφικνεῖται
726 2923 819 2975 καὶ
852 2921 1185 2989 ἀπόλαυσιν,
1228 2927 1262 2997 ἡ
1289 2926 1344 2979 δὲ
1379 2928 1547 2982 κακία
1590 2931 1720 3001 ῥᾷόν
1753 2949 1811 2984 τε
1846 2936 1939 2987 καὶ

350 3014 497 3064 πᾶσι
529 3014 840 3084 πρόχειρον.
872 3016 981 3068 Καὶ
1012 3016 1073 3068 τὸ
1105 3018 1203 3087 μὲν
1236 3019 1381 3087 πόνῳ
1413 3021 1757 3092 κατορθωθὲν
1800 3026 1939 3094 μᾶλ-

348 3105 447 3157 λον
491 3105 738 3160 ποθεῖται
760 3123 773 3137 ·
824 3108 854 3161 ὃ
884 3109 940 3160 δὲ
971 3110 1170 3182 ῥᾳδίως
1212 3112 1581 3182 λαμϐάνεται,
1612 3117 1706 3170 καὶ
1743 3119 1936 3191 ῥᾳδίως

354 3196 727 3250 ἁποϐάλλεται
752 3200 846 3252 καὶ
878 3201 1016 3271 πρὸς
1042 3202 1102 3254 τὸ
1130 3207 1560 3277 παρεωραμένον
1593 3209 1793 3277 μᾶλλον
1820 3213 1938 3265 ἀντὶ

350 3288 454 3341 τοῦ
494 3289 775 3344 ποθεῖσθαι
830 3293 1223 3364 κατασύρεται.
1257 3297 1348 3350 Διὸ
1386 3299 1482 3351 καὶ
1523 3301 1551 3353 6
1602 3301 1772 3373 ’Λδὲμ
1811 3305 1937 3357 ἄνευ

350 3379 538 3433 ἄθλων
582 3382 673 3434 καί⁹
724 3384 989 3453 καμάτων
1040 3386 1257 3455 ὁμιλίας
1288 3388 1608 3461 ἀξιούμενος
1646 3392 1798 3456 θείας
1846 3397 1939 3449 καὶ

352 3473 468 3525 τῶν
492 3473 666 3527 ἄλλων
691 3475 934 3543 ἀγαθῶν,
964 3478 1163 3549 ῥᾳδίως
1186 3472 1260 3536 ὧν
1281 3481 1558 3548 ἀπήλαυεν
1580 3482 1934 3556 ἐξωλίσθησε’

352 3565 455 3617 καὶ
504 3566 690 3636 ἐπειδὴ
717 3567 809 3620 τὸν
860 3568 1065 3622 ἄλυπον
1100 3572 1193 3623 καὶ
1222 3573 1461 3647 ἀμοχθον
1493 3574 1608 3644 βίον
1661 3576 1938 3648 βαράθρου

350 3656 621 3727 πρόξενον
673 3658 855 3730 ἑαυτῷ
897 3662 1323 3726 κατεσκεύασεν,
1356 3666 1384 3717 6
1425 3666 1704 3735 πάνσοφος
1755 3670 1939 3737 ἰατρὸς

350 3754 473 3814 τοῖς
521 3753 786 3817 ἐναντίοις
840 3757 1154 3826 φαρμάκοις
1208 3759 1422 3823 ἐξιᾶται
1477 3762 1538 3812 τὸ
1588 3762 1823 3833 νόσημα,
1880 3766 1938 3817 ἐν

352 3842 543 3913 ἱδρῶτι
575 3844 667 3898 τοῦ
702 3846 995 3917 προσώπου
1023 3848 1117 3902 καὶ
1161 3850 1253 3902 τὸν
1286 3852 1599 3921 σωματικὸν
1628 3854 1793 3920 ἄρτον
1831 3872 1938 3921 φα-

348 3938 473 4004 γεῖν
503 3936 667 4005 νόμον
699 3939 1004 4009 τιθέμενος,
1036 3942 1131 3993 καὶ
1164 3942 1308 4005 ὅσοις
1338 3946 1366 3995 6
1399 3945 1766 4013 πνευματικὸς
1798 3946 1935 4017 ἔρως

348 4029 739 4100 πνευματικὴν
779 4031 1113 4104 παρατίθησι
1164 4034 1462 4104 τράπεζαν.
1511 4037 1675 4088 Ἀνευ
1723 4038 1779 4089 δὲ
1830 4038 1939 4091 τῶν

348 4121 687 4192 εἰρημένων,
734 4123 783 4175 εί
834 4124 1036 4186 παντὸς
1084 4120 1152 4195 ἦ)
1187 4127 1281 4179 καὶ
1324 4129 1493 4198 χωρὶς
1542 4130 1804 4198 καμάτων
1839 4134 1939 4201 τῆς

349 4214 501 4267 κατὰ
537 4216 635 4286 τὴν
672 4216 897 4288 Γραφὴν
944 4218 1243 4291 θεωρίαιςὴ
1294 4222 1630 4291 κατάληψις,
1672 4225 1775 4278 ποῦ
1829 4227 1938 4278 τῶν

347 4307 848 4376 ὲπαγρυπνούντων
915 4312 1090 4386 ταύτῃ
1160 4313 1255 4366 καὶ
1318 4314 1816 4385 ὲπαγωνιζομένων
1869 4318 1939 4371 τὰ

348 4399 598 4467 ἕπαθ).α;
644 4400 676 4470 ἢ
712 4402 794 4464 τίς
838 4402 905 4455 ἂν
938 4406 1263 4474 προσανεῖχε
1296 4407 1362 4474 τῇ
1390 4405 1591 4478 ταύτης
1628 4407 1933 4480 φιλοπονίᾳ,

2046 570 2330 639 accipienti
2358 577 2579 645 noxius,
2638 581 2721 636 sic
2744 593 2799 638 et
2819 584 3072 649 scientia,
3099 584 3316 639 tametsi
3342 584 3625 639 verissima

2045 676 2330 733 proponat,
2371 671 2576 727 nullam
2614 675 2947 746 imperfectis
2982 679 3267 733 utilitatem
3308 677 3485 734 affert.
3510 679 3623 732 Etsi

2044 757 2189 809 enim
2241 757 2450 816 Novum
2510 779 2672 834 quam
2727 769 2893 825 Vetus
2956 769 3363 825 Testamentum
3426 770 3629 826 clarius

2044 846 2170 902 fidei
2200 855 2517 921 mysterium
2571 870 2826 926 exponat,
2867 876 2987 916 cum
3025 872 3204 917 tamen
3231 863 3481 933 principii
3528 863 3628 917 ali-

2045 951 2207 1007 quam
2261 958 2327 998 ac
2375 948 2597 1004 seminis
2645 953 2911 1008 rationem
2964 954 3240 1017 obtineat,
3300 954 3462 1007 etiam
3523 956 3627 1009 hac

2049 1030 2253 1087 ratione
2301 1036 2368 1089 ad
2423 1051 2540 1092 eam
2561 1055 2682 1109 quae
2733 1057 2878 1096 nunc
2917 1045 3173 1099 inuovata
3203 1052 3286 1098 est
3315 1045 3625 1113 reipublicae

2047 1120 2302 1190 formam,
2336 1142 2443 1182 non
2493 1133 2676 1187 statim
2720 1134 2971 1197 initiatis.
3006 1138 3099 1191 sed
3132 1138 3335 1191 sensim
3370 1153 3433 1191 ac
3464 1137 3621 1203 juxta

2044 1214 2443 1282 proﬁcientium
2484 1224 2701 1290 gradus,
2733 1240 2853 1294 quae
2883 1226 3205 1293 perfectiora
3251 1238 3403 1293 sunt,
3451 1232 3624 1281 maui-

2044 1302 2233 1360 festat.
2277 1306 2516 1366 Canibus
2560 1321 2819 1380 praeterea
2870 1316 3012 1385 (hoc
3061 1327 3145 1371 est
3194 1318 3520 1371 adversariis
3568 1326 3623 1370 et

2043 1399 2467 1474 oblatrantibus)
2511 1421 2580 1461 ne
2613 1418 2816 1463 temere
2842 1425 2906 1466 ac
2946 1411 3067 1466 sine
3114 1412 3324 1466 ratione
3363 1412 3622 1482 projicias

2044 1500 2252 1554 saneta,
2289 1504 2385 1549 aut
2422 1501 2741 1567 margaritas
2775 1513 2894 1555 ante
2936 1502 3164 1570 porcosd
3212 1505 3406 1572 quibus
3463 1504 3624 1558 nimi-

2044 1598 2163 1638 rum
2211 1587 2319 1641 vita
2359 1588 2693 1659 voluptatum
2727 1608 2964 1659 cuennm,
3006 1594 3367 1660 Dominicum,
3394 1606 3450 1650 et
3476 1596 3621 1663 quod

2044 1675 2271 1732 docendi
2294 1681 2533 1747 regulam
2549 1690 2772 1747 statuat,
2795 1696 3117 1755 praeceptum
3132 1696 3234 1740 est.
3254 1686 3619 1741 Sanctificans

2048 1766 2175 1821 item
2203 1769 2344 1824 sacri
2360 1769 2540 1825 ficium
2590 1776 2903 1843 mysterium
2936 1776 3045 1830 dici
3077 1777 3217 1831 solet
3256 1797 3270 1831 :
3302 1776 3615 1847 mysterium

2045 1870 2225 1916 autem
2272 1877 2561 1918 commune
2606 1881 2711 1919 non
2776 1877 2897 1931 est,
2948 1884 3122 1937 neque
3167 1868 3322 1922 facile
3374 1870 3616 1937 profanis

2041 1951 2369 2008 adeundum.
2403 1954 2545 2020 Quin
2573 1957 2735 2010 etiam
2764 1969 2972 2025 sancta,
3008 1958 3365 2028 spiritualiter
3396 1958 3612 2027 quidem

2040 2056 2070 2096 a
2111 2041 2397 2113 Serapbim
2420 2053 2584 2114 atque
2611 2047 2930 2114 Cherubim,
2964 2050 3317 2104 materialiter
3358 2065 3485 2104 vero
3517 2065 3615 2103 ve-

2042 2131 2314 2201 lamentis,
2380 2136 2501 2202 alis,
2554 2140 2723 2205 portis
2772 2155 2836 2195 ac
2895 2141 3165 2209 repagulis
3208 2141 3443 2209 undique
3496 2155 3613 2193 am-

2038 2226 2279 2280 biuntur.
2330 2226 2422 2282 Sic
2454 2230 2616 2298 igitur
2638 2246 2847 2285 sacram
2880 2247 3094 2302 quoque
3136 2234 3471 2301 Scripturam
3517 2248 3616 2285 no-

2041 2326 2207 2370 s1ram
2248 2330 2460 2386 oportet
2517 2323 2763 2390 profanis
2791 2324 3100 2379 hominibus
3145 2324 3401 2379 abscondi
3442 2324 3616 2391 (utne

2042 2421 2197 2462 sacra
2230 2410 2423 2471 injuria
2487 2412 2668 2480 aliqua
2713 2415 3036 2485 adiciantur)
3086 2430 3149 2468 ac
3202 2416 3330 2469 solis
3385 2414 3614 2467 initiatis

2041 2507 2202 2566 atque
2229 2498 2475 2556 fidelibus
2507 2503 2754 2558 revelari.
2772 2505 3006 2573 Alioqui,
3031 2507 3245 2574 quando
3262 2504 3426 2557 etiam
3461 2503 3609 2566 illud,

2046 2590 2241 2659 198a
2264 2589 2416 2657 cujus
2471 2608 2602 2647 usus
2637 2594 2801 2649 facile
2844 2595 3075 2649 obtineri
3106 2604 3304 2664 poteSt,
3338 2608 3611 2662 nunquam

2040 2690 2149 2735 tam
2182 2694 2412 2750 amatur,
2448 2695 2612 2753 atque
2646 2685 2698 2738 id
2749 2686 2893 2754 quod
2935 2687 3119 2740 labore
3170 2685 3335 2740 multo
3381 2684 3615 2753 acquisi-

2041 2780 2153 2825 tum
2184 2780 2290 2835 est,
2324 2774 2519 2827 merito
2547 2790 2717 2829 sacrae
2769 2778 3065 2845 Scriptura:
3105 2777 3413 2830 thesaurum
3462 2776 3612 2828 illum

2041 2861 2438 2931 negligentibus
2478 2865 2836 2930 abscondunt,
2890 2882 3048 2936 quem
3100 2867 3384 2921 laboriosis
3418 2881 3615 2920 conce-

2041 2955 2194 3009 dunt.
2229 2954 2335 3009 Sed
2363 2964 2419 3009 et
2450 2957 2769 3011 sudantibus
2801 2958 3021 3013 honesta
3049 2958 3255 3019 omnia,
3284 2958 3614 3025 virtutisque

2041 3059 2146 3097 non
2180 3046 2455 3108 possessio
2502 3048 2787 3111 duntaxat,
2819 3050 2910 3102 sed
2942 3047 3151 3101 fructus
3182 3048 3399 3115 insuper
3436 3046 3618 3100 obtin-

2043 3137 2137 3207 git,
2169 3153 2293 3192 cum
2350 3139 2546 3193 vitium
2602 3140 2758 3194 facile
2834 3150 3074 3207 paretur,
3140 3150 3196 3193 et
3256 3139 3507 3193 omnibus
3562 3138 3615 3191 in

2042 3238 2292 3298 promptu
2336 3230 2427 3284 sit.
2482 3231 2753 3300 Quidquid
2807 3232 2934 3285 item
2988 3247 3109 3285 cum
3138 3231 3337 3297 Elabore
3385 3230 3617 3284 feliciter

2040 3320 2343 3375 confectum
2372 3331 2476 3385 est,
2515 3322 2686 3389 majus
2715 3323 2870 3390 longe
2896 3324 2975 3377 sui
3006 3323 3205 3376 excitat
3242 3321 3566 3376 desiderium
3598 3336 3612 3372 :

2039 3410 2182 3479 quod
2213 3420 2394 3464 autem
2427 3410 2589 3468 facile
2627 3412 2920 3475 obtinetur,
2962 3411 3120 3465 facile
3146 3412 3308 3465 etiam
3351 3408 3615 3476 rejicitur,

2040 3501 2366 3570 propiusque
2389 3511 2472 3554 est
2506 3510 2564 3555 ut
2588 3511 2984 3565 contemnatur,
3007 3518 3167 3569 quam
3218 3511 3275 3554 ut
3306 3509 3615 3568 expetatur,

2040 3591 2330 3661 Propterea
2362 3594 2526 3646 etiam
2558 3594 2754 3657 Adam,
2788 3596 2880 3663 qui
2931 3596 3049 3647 sine
3098 3593 3490 3647 certaminibus
3526 3599 3619 3642 aut

2040 3684 2312 3740 laboribus
2339 3685 2524 3739 divino
2574 3687 2811 3756 alloquio
2854 3688 3173 3753 exterisque
3219 3684 3376 3739 bonis
3422 3683 3617 3752 dignus

2039 3787 2158 3831 erat
2188 3778 2423 3845 habitus,
2461 3779 2622 3833 citius
2671 3794 2734 3833 ea
2773 3781 2969 3847 quibus
3023 3780 3279 3830 utebatur
3319 3774 3519 3829 amisit.
3547 3774 3617 3827 At

2039 3876 2322 3937 postquam
2357 3868 2561 3923 doloris
2603 3883 2668 3923 ac
2712 3868 2912 3922 laboris
2943 3878 3221 3936 expertem
3263 3867 3425 3918 vitam
3474 3879 3615 3933 pra:-

2038 3960 2207 4029 eipitii
2240 3961 2343 4015 sibi
2385 3975 2605 4015 causam
2640 3959 2787 4025 fecit,
2820 3959 3111 4013 contrariis
3161 3958 3348 4026 utique
3385 3957 3618 4010 medica-

2041 4051 2237 4107 mentis
2294 4051 2728 4119 sapientissimus
2783 4052 3025 4105 medicus
3102 4054 3353 4103 morbum
3440 4056 3615 4109 curat,

2039 4143 2147 4198 lata
2181 4144 2315 4213 lege,
2339 4144 2465 4199 utin
2489 4146 2685 4199 sudore
2710 4145 2887 4198 vultus
2924 4152 2971 4208 θ,
3025 4158 3128 4197 non
3176 4142 3473 4210 corporalis
3500 4150 3619 4193 Iau-

2042 4245 2153 4289 tum
2176 4236 2331 4291 cibus
2348 4244 2676 4303 sumeretur,
2699 4249 2885 4289 verum
2913 4245 2967 4289 et
2983 4236 3178 4300 quibus
3194 4234 3453 4303 spiritalis
3469 4246 3621 4286 amor

2039 4328 2337 4397 spiritalem
2368 4330 2597 4383 adornat
2628 4344 2893 4381 mensam.
2922 4327 3129 4380 Adhazc
3161 4340 3313 4388 vero,
3346 4327 3390 4380 si
3419 4326 3621 4394 quivis,

2041 4421 2185 4474 nullo
2209 4421 2370 4475 etiam
2404 4420 2585 4475 labore
2606 4421 2865 4483 adhibito,
2904 4434 3073 4474 sacra:
3095 4420 3372 4486 Scripture
3397 4434 3619 4471 sensum

346 4491 508 4543 οὐδὲν
547 4491 767 4545 ἔλαττον
821 4494 1052 4564 ἑχόντων
1089 4496 1198 4549 τῶν
1240 4499 1500 4567 ῥᾳθύμως
1552 4502 1723 4571 αὐτῆς
1768 4503 1935 4554 ἀπτο-

2042 4513 2319 4582 percipcre
2366 4522 2567 4581 posset,
2612 4513 2831 4567 ubinam
2873 4526 3060 4567 eorum
3110 4512 3203 4579 qui
3258 4511 3308 4563 in
3360 4510 3463 4563 hac
3512 4524 3621 4562 non

351 4583 570 4653 μένων;
622 4582 765 4637 ὥστε
821 4585 913 4638 διὰ
962 4586 1071 4641 τῶν
1102 4590 1412 4658 εἰρημένων
1441 4589 1653 4643 δίκαιον
1706 4610 1767 4644 τε
1821 4592 1937 4663 ἆμα

347 4676 451 4729 καὶ
501 4676 775 4741 λυσιτελὲς
813 4680 1055 4751 ἀνεφάνη
1111 4681 1174 4733 τὸ
1207 4683 1284 4751 μὴ
1337 4682 1694 4753 ἀνηπλῶσθαι
1736 4684 1936 4755 μᾶλλον

350 4768 481 4837 μηδ’
532 4769 1014 4840 ἀπαραφυλάκτως
1061 4773 1319 4843 ἐρρῖφθαι
1350 4773 1384 4844 ἢ
1413 4774 1477 4826 τὸ
1502 4774 1547 4806 ’ί
1601 4778 1755 4829 κοινὰ
1797 4797 1936 4848 προ-

344 4859 573 4913 κεῖσθαι
603 4864 739 4915 πᾶσι
766 4863 861 4917 καὶ
896 4866 1011 4926 τοῖς
1044 4863 1283 4929 ἀναξίοις
1308 4866 1409 4935 τῆς
1453 4867 1677 4938 Γραφῆς
1710 4868 1778 4941 τά
1809 4872 1935 4942 νοή-

348 4967 527 5020 ματα.

2040 4605 2159 4657 sine
2211 4603 2407 4673 vigiliis
2478 4614 2640 4672 atque
2698 4603 2971 4658 laboribus
3036 4612 3320 4655 versantur
3397 4604 3618 4669 prauuia

2045 4692 2363 4745 manerent?
2396 4693 2643 4762 Autquis
2682 4708 2920 4761 unquam
2956 4691 3117 4759 hujus
3159 4707 3279 4745 sese
3316 4693 3495 4745 studio
3526 4692 3621 4743 ad-

2043 4781 2222 4834 dicere
2259 4781 2407 4845 velit,
2438 4782 2480 4835 si
2512 4785 2694 4838 miuus
2741 4783 2872 4837 nihil
2905 4792 3309 4851 coosequantur
3337 4783 3373 4835 ii
3405 4782 3494 4850 qui
3526 4797 3621 4835 ne-

2040 4871 2308 4942 gligenter
2343 4887 2463 4928 eam
2498 4875 2865 4945 attingerent?
2894 4876 2971 4930 Ex
3012 4877 3081 4931 iis
3113 4877 3293 4946 igitur,
3326 4892 3445 4945 qua:
3488 4876 3621 4929 bae-

2043 4974 2198 5021 tenus
2223 4978 2644 5022 commemorata
2708 4978 2868 5036 sunt,
2902 4984 3115 5038 aequum
3166 4970 3329 5023 simul
3391 4979 3444 5023 et
3490 4967 3619 5020 utile

344 5053 632 5111 appareat,
681 5046 823 5114 quod
896 5064 1001 5101 non
1072 5049 1343 5117 explicata
1423 5052 1597 5122 magis
1650 5053 1945 5125 Scripturae
1983 5072 2140 5113 sensa
2212 5075 2393 5117 neque
2445 5062 2717 5118 incautius
2788 5063 3022 5133 abjecta,
3101 5063 3184 5118 vel
3237 5064 3289 5117 in
3342 5064 3616 5116 communi

345 5135 627 5202 oumibus,
651 5138 811 5192 etiam
854 5139 1112 5211 indignis,
1146 5141 1423 5210 proposita
1462 5142 1683 5200 fuerint.

426 5231 587 5301 Παρὰ
637 5233 819 5301 μέντοι
851 5234 921 5286 τὰ
969 5234 1278 5306 εἰρημένα,
1333 5235 1444 5287 τῶν
1483 5237 1581 5307 μὲν
1626 5238 1929 5305 φιλοπόνων

347 5323 452 5376 καὶ
478 5322 643 5387 ἀξίων
672 5324 764 5377 τοῦ
794 5326 934 5379 κατὰ
960 5326 1163 5394 γνῶσιν
1189 5328 1562 5398 πνευματικοῦ
1597 5332 1935 5402 χαρίσματος

345 5417 457 5469 οὐκ
504 5414 631 5486 [5‘26
677 5415 772 5487 IL]
823 5418 888 5470 ἄν
937 5436 1022 5481 τις
1070 5419 1379 5474 αἰτιάσαιτο
1435 5421 1534 5491 τῆς
1572 5422 1802 5494 Γραφῆς
1834 5424 1933 5477 τὴν

440 5556 469 5595 ιι
510 5557 698 5611 Matth.
739 5572 835 5623 νη,
872 5558 925 5613 6.
1010 5571 1033 5597 ⁶
1067 5559 1203 5615 Gen.
1235 5577 1317 5631 tn,
1352 5563 1438 5617 l9.

2114 5240 2312 5294 Verum
2343 5239 2413 5292 ob
2452 5240 2590 5304 lucc,
2622 5255 2741 5305 quae
2764 5239 2875 5307 jam
2924 5241 3179 5307 diximus,
3216 5259 3376 5297 nemo
3406 5259 3613 5306 eorum.

2043 5333 2132 5400 qui
2171 5343 2265 5386 aut
2316 5331 2521 5384 laboris
2551 5344 2799 5386 amantes
2832 5343 2982 5399 sunt,
3021 5346 3112 5388 aut
3138 5335 3368 5403 spiritali
3404 5336 3618 5390 intelle-

2044 5436 2164 5478 ctus
2210 5424 2384 5493 gratia
2429 5422 2597 5490 digni,
2653 5438 2825 5478 sacra:
2868 5425 3162 5493 Scriptura:
3226 5427 3616 5480 obscuritatem

1665 5677 1894 5733 VARIIE
1932 5678 2340 5735 LECTIONES.

436 5791 479 5822 ¹³⁴
501 5791 679 5845 inalim
703 5790 875 5854 οὕτως
909 5786 1019 5847 οὖν.
1100 5794 1140 5824 ¹⁹
1173 5795 1219 5845 εἰ
1247 5794 1367 5847 add.
1404 5794 1465 5848 A.
1549 5796 1594 5826 ³ο
1624 5794 1838 5865 κτῆσιν]
1864 5794 1983 5852 libri
2006 5795 2223 5867 χρῆσιν.
2302 5798 2345 5827 ¹¹
2375 5795 2406 5865 ἢ
2445 5794 2526 5866 τὸ]
2562 5795 2667 5848 εἴτε
2700 5810 2842 5849 corr.
2876 5795 2912 5847 A
2955 5812 2967 5846 :
3004 5792 3034 5863 ἦ
3062 5794 3123 5845 τὰ
3150 5810 3207 5857 ς.
