4032 6458
242 389 356 457 ’397

1317 392 1852 457 BIBLIOTHECA.
1888 416 1960 430 -
1994 394 2160 455 COD.
2195 394 2477 458 CCXXII.

3424 398 3529 463 798

244 502 377 577 [527
435 501 534 575 [1.]
581 502 660 568 ὡς
686 504 836 568 ὅστις
889 504 963 575 μὴ
989 504 1186 574 ἄλογον
1221 500 1360 559 εἶναι
1403 506 1712 577 διομολογεῖ
1748 502 1836 555 τὸν

1949 506 2301 560 astructionis
2330 520 2451 561 esse
2492 506 2817 576 Gregorium
2865 507 3195 581 Nyssenum.
3223 512 3529 582 Argumen-

241 597 413 660 Θεὸν,
465 596 688 656 πάντως
714 594 871 662 λόγον
921 594 1067 664 ἔχειν
1103 596 1494 665 συγκατίθεται
1519 613 1534 627 ·
1577 599 1606 651 ό
1650 597 1707 651 δὲ
1742 596 1839 650 τοῦ

241 688 532 759 ἀκηράτου
583 687 741 755 λόγος
781 689 1059 758 ἀκήρατος
1083 706 1097 718 ·
1138 690 1167 742 ὁ
1210 689 1265 743 δὲ
1314 691 1594 761 ἀκήρατος
1631 691 1839 759 Λόγος,

240 781 378 852 παρ’
411 780 477 833 ὃν
526 779 828 849 δοξάζομεν
873 781 1025 845 Υἰὸν,
1064 783 1218 836 οὐδὲν
1271 783 1337 837 ἂν
1377 786 1464 855 εῐη
1504 785 1712 855 ἕτερον.
1778 787 1841 839 Ἡ

244 871 346 941 μὲν
403 869 502 925 οὖν
552 872 898 942 ἐπιχείρησις
932 873 1028 926 τοῦ
1062 875 1171 929 δεῖν
1218 876 1347 929 Υίὸν
1389 877 1535 947 ἔχειν
1576 879 1668 931 τὸν
1709 879 1842 930 Θεὸν

238 966 476 1038 τοιαύτη
498 983 512 997 ·
546 962 666 1018 εἶτα
695 968 832 1037 πρὸς
866 968 1074 1041 ταύτην
1106 970 1554 1041 ἀνθυποφέροντά
1582 990 1704 1025 τινα
1731 973 1841 1025 τῶν

245 1058 423 1127 φίλων
460 1060 695 1126 εἰσάγει,
720 1059 780 1111 ὃν
808 1060 906 1113 καὶ
936 1061 1267 1131 τιμιώτατον
1299 1064 1481 1133 ὑμνεῖ.
1524 1065 1587 1117 Ἢ
1618 1066 1675 1118 δὲ
1704 1066 1837 1119 ἀνθο

247 1153 535 1223 υποφορὲι,
565 1152 642 1203 ὅτι
668 1151 714 1183 ³⁸
744 1167 852 1222 περ
893 1153 1048 1205 οὐδὲν
1076 1154 1276 1209 κωλύει
1303 1156 1373 1208 τά
1404 1156 1544 1209 αὐτὰ
1586 1159 1680 1210 καὶ
1710 1158 1838 1226 περὶ

252 1245 354 1298 τοῦ
406 1244 536 1298 Υίού
564 1244 653 1298 καὶ
689 1245 820 1316 περὶ¹
868 1246 964 1298 τοῦ
997 1247 1319 1316 Πνεύματος
1362 1249 1639 1302 διαλαϐεῖν
1687 1251 1841 1321 (Θεὸς

256 1336 375 1406 γὰρ
407 1336 602 1389 τούτων
627 1336 920 1406 ἑκάτερον)
942 1378 957 1403 ,
991 1338 1088 1390 καὶ
1122 1337 1297 1402 οὕτως
1330 1342 1431 1392 οὐκ
1485 1343 1565 1403 είς
1604 1342 1833 1411 Τριάδα,

259 1428 379 1481 ἀλλ’
405 1431 484 1488 είς
516 1428 752 1497 μυριάδα
788 1430 1164 1497 ὑποστάσεων,
1198 1432 1323 1485 ὅσον
1360 1433 1469 1486 ἀπὸ
1503 1433 1598 1487 τοῦ
1630 1436 1841 1505 ἐπιχει-

254 1521 519 1590 ρήματος,
569 1522 958 1593 προελεύσεται
1008 1523 1071 1576 τὸ
1117 1528 1439 1594 μυστήριον.
1493 1527 1713 1599 Ταύτην
1740 1528 1840 1599 τὴν

246 1613 661 1684 ἀνθυπφοράν,
691 1614 944 1685 δριμεῖαν
979 1634 1040 1669 τε
1074 1618 1167 1671 καὶ
1206 1621 1698 1692 συνεστραμμένην
1745 1622 1839 1676 οὗ·

247 1720 372 1767 σαν,
409 1703 695 1776 διαφόροις
743 1706 841 1775 μὲν
888 1708 1162 1777 ἐπιχειρεῖ
1199 1708 1379 1775 λόγοις
1413 1710 1835 1775 ἀνασκευάζειν,

1944 596 2079 652 tatio
2123 598 2239 667 ipsa
2278 598 2351 653 ita
2388 613 2449 653 se
2486 599 2670 653 habet.
2716 600 2981 670 Quisquis
3011 616 3117 656 non
3148 600 3527 661 irrationalcm

1943 707 2065 747 esse
2103 690 2270 745 Deum
2317 691 2632 757 conlitetur,
2691 694 2737 747 is
2790 693 2956 748 etiam
3022 696 3249 751 omnino
3291 697 3528 752 Verbum

1943 784 2145 839 habere
2195 784 2467 848 concedit,
2520 786 2664 852 quod
2699 786 2997 841 immortali
3050 787 3363 844 immortale
3406 799 3527 843 est:

1944 875 2254 930 immortale
2298 887 2480 930 autem
2537 874 2794 945 Verbum,
2833 888 3034 949 praeter
3077 896 3202 935 eum
3237 897 3401 949 quem
3436 880 3531 935 Fi-

1942 969 2072 1023 lium
2103 970 2414 1038 statuimus,
2461 971 2595 1025 nihil
2629 986 2752 1026 esse
2797 982 2963 1041 queat
2998 971 3163 1027 aliud.
3208 971 3301 1027 Illa
3367 972 3532 1041 igitur

1943 1064 2366 1129 argumentatio,
2420 1078 2541 1132 qua:
2584 1073 2841 1131 oportere
2886 1065 3082 1117 astruit
3140 1071 3200 1117 ut
3248 1063 3391 1117 Deus
3438 1061 3531 1116 Fi-

1943 1155 2071 1209 lium
2107 1156 2323 1219 habeat,
2368 1154 2676 1223 huiusmodi
2722 1165 2828 1211 est.
2867 1156 3069 1211 Deinde
3109 1157 3374 1210 adversus
3416 1155 3531 1209 haec

1944 1248 2307 1319 objectionem
2339 1250 2500 1303 amici
2542 1248 2824 1317 cujusdam
2853 1250 3095 1314 adducit,
3141 1263 3306 1318 quem
3355 1256 3409 1300 ut
3444 1262 3531 1300 re-

1944 1340 2400 1395 verendissimum
2458 1339 2721 1394 celebrat.
2774 1338 3023 1407 Objectio
3065 1352 3195 1391 vero
3245 1345 3347 1399 est,
3381 1334 3531 1389 Nihil

1942 1434 2255 1505 prohibere,
2286 1434 2415 1501 quin
2442 1434 2631 1487 eadem
2672 1431 2741 1487 de
2771 1431 2913 1485 Filio
2950 1446 3169 1499 quoque
3206 1445 3275 1483 ac
3310 1430 3377 1483 de
3407 1428 3531 1497 Spi-

1943 1527 2052 1580 ritu
2084 1534 2273 1579 sancto
2307 1534 2677 1580 assumantur.
2724 1526 2865 1579 Deus
2896 1525 3043 1577 enim
3103 1524 3294 1577 horum
3333 1523 3531 1591 199a

1942 1627 2176 1687 uterque
2206 1626 2307 1670 est.
2350 1618 2527 1685 Atque
2572 1616 2645 1669 ita
2689 1631 2794 1669 non
2831 1616 2884 1668 in
2932 1613 3257 1668 Trinitatem
3294 1623 3531 1679 tantum,

1942 1712 2037 1764 sed
2069 1710 2121 1762 in
2174 1708 2418 1762 inﬁnitas
2465 1722 2732 1775 personas
2779 1721 2845 1760 ex
2891 1706 3054 1776 hujus
3105 1706 3414 1773 argumenti
3469 1717 3530 1757 ut

243 1796 306 1848 οὐ
336 1796 449 1868 μὴν
470 1799 615 1852 κατά
637 1814 699 1867 γε
728 1798 827 1869 ἐμὲ
851 1799 951 1868 τῆς
977 1800 1265 1870 ἀκριϐείας
1291 1804 1616 1870 ἐφικνεῖται.
1642 1804 1836 1857 Καίτοι

1947 1804 2265 1875 mysterium
2328 1804 2604 1871 procedet.
2675 1800 2824 1855 Hanc
2904 1800 3088 1868 itaque
3140 1799 3526 1867 objectioncm,

243 1888 416 1953 πολὺς
469 1889 621 1961 αὐτῷ
671 1893 1019 1963 περιρῤεῖται
1066 1894 1166 1962 τῆς
1210 1894 1303 1947 ἐπὶ
1334 1894 1509 1965 τούτῳ
1540 1896 1781 1966 σπουδῆς
1812 1900 1836 1949 ό

1944 1909 2124 1948 acrem
2167 1908 2301 1947 sane
2331 1903 2491 1960 atque
2524 1894 2839 1962 il’uplexam,
2874 1892 3039 1945 variis
3068 1893 3285 1959 quidem
3318 1891 3531 1945 solvere

246 1979 411 2051 ἱδρώς
432 1998 448 2013 ο
485 1981 654 2053 μέχρι
686 1982 796 2053 γὰρ
830 1984 927 2037 καὶ
966 1990 1033 2053 ιγ’
1066 1986 1499 2058 ἐπιχειρήματος
1543 1988 1636 2041 τὸν
1676 1988 1838 2043 πόνον

244 2074 593 2145 παρατείνει.
639 2074 804 2130 Ἀλλά
843 2077 982 2149 πρὸς
1010 2076 1112 2149 μὲν
1156 2079 1284 2142 τοὺς
1309 2080 1410 2149 τὴν
1444 2080 1729 2135 εὐσέϐειαν
1755 2100 1839 2136 τι·

247 2166 472 2235 μῶντας
496 2165 646 2221 ἐστιν
669 2166 707 2222 ἀ.
744 2168 853 2221 τῶν
875 2171 932 2222 ὲν
960 2170 1147 2234 αὐτοῖς
1181 2172 1491 2243 εἰρημένων
1520 2173 1619 2227 οὐκ
1650 2174 1841 2243 ἀφυῶς

244 2257 361 2327 ἔχει
381 2274 397 2289 ·
442 2257 600 2329 ἀνδρὶ
628 2258 685 2313 δὲ
714 2259 1103 2331 διαμαχομένῳ
1132 2261 1195 2315 οὐ
1231 2262 1395 2333 μόνον
1425 2264 1582 2316 οὐδὲν
1615 2267 1840 2335 ἐπαγω-

241 2351 341 2417 γὸν
371 2352 514 2422 πρὸς
569 2351 856 2406 εὐσέϐειαν
890 2353 1115 2423 παρέξει
1140 2356 1207 2419 ⁸⁸,
1254 2355 1392 2409 ἀλλά
1437 2358 1534 2411 καὶ
1578 2359 1839 2429 ἀφορμὰς

242 2442 384 2513 πρὸς
410 2442 505 2497 τὸν
534 2443 768 2511 γέλωτα.
800 2444 939 2516 Φαίη
968 2446 1014 2498 δ’
1045 2447 1110 2501 ἄν
1135 2464 1220 2511 τις
1252 2449 1382 2511 ἴσως
1406 2466 1678 2521 συντετμη
1690 2451 1837 2523 μένῳ

239 2552 301 2587 τε
339 2536 435 2588 καὶ
489 2537 771 2609 ἀπερίττῳ
822 2539 969 2610 λόγῳ
1018 2540 1157 2611 πρὸς
1207 2541 1300 2595 τὸν
1351 2545 1417 2613 τῇ
1480 2544 1839 2617 ἀνθυποφορᾷ

242 2628 648 2699 γαυρούμενον,
674 2631 752 2694 ὡς
781 2633 830 2685 εί
864 2632 962 2704 μέν
993 2650 1080 2696 τις
1112 2633 1203 2686 τὸν
1230 2634 1454 2705 Πατέρα
1491 2637 1832 2707 προτίθησιν,

240 2714 367 2773 εἶτα
403 2721 535 2791 περὶ
570 2722 736 2775 αὑτοῦ
768 2723 1005 2795 διερωτᾷ
1035 2725 1267 2795 πότερον
1295 2726 1490 2794 ἄλογον
1520 2727 1553 2795 ἢ
1595 2726 1831 2795 λογικὸν,

238 2808 502 2863 κάκεῖθεν
533 2813 939 2877 κατασκευάζει
968 2813 1047 2885 τῷ
1079 2815 1255 2885 Πατρὶ
1283 2815 1396 2868 δεῖν
1420 2819 1704 2886 προσεῖναι
1741 2820 1835 2870 διαὶ

239 2900 394 2965 Υἱδν,
429 2901 559 2971 [635
593 2902 687 2976 R.]
716 2906 814 2975 τῆς
846 2905 1236 2977 ἀνθυποφορᾶς
1272 2907 1335 2961 τὸ
1363 2910 1658 2981 περίεργον
1706 2910 1837 2974 ἴσως

239 2994 358 3063 ἔχει
402 2997 637 3067 πάροδον
686 2997 782 3050 καὶ
830 2998 1004 3068 ἰσχύν.
1051 3001 1111 3052 El
1166 3000 1223 3053 δὲ
1263 3000 1423 3053 τοῦτο
1461 3002 1561 3072 μὲν
1595 3004 1657 3056 οὐ
1692 3007 1838 3056 ποιεῖ

240 3087 392 3159 (οὗτε
434 3089 542 3162 γάρ
574 3090 677 3153 δεῖ,
699 3090 823 3144 οὕτε
847 3093 875 3144 ό
906 3090 1219 3163 θαυμαστὸς
1250 3094 1551 3166 Γρηγόριος
1575 3096 1719 3149 οὕτω
1744 3098 1835 3150 τὸν

1942 1986 2249 2042 rationibus
2282 1984 2614 2055 aggreditur,
2652 2001 2757 2037 non
2778 1993 2959 2037 tamen
2992 1983 3276 2055 (quantum
3306 1997 3406 2052 ego
3440 1982 3529 2048 ju-

1941 2076 2085 2149 dico)
2138 2077 2275 2132 satis
2323 2086 2599 2131 accurate.
2643 2074 2886 2130 Tametsi
2940 2074 3168 2129 multum
3226 2074 3329 2128 hac
3378 2075 3431 2127 in
3470 2088 3529 2126 re

1940 2171 2242 2226 laborando
2284 2172 2538 2234 dcsndet,
2590 2170 2850 2224 tredecim
2880 2183 2985 2222 non
3027 2168 3213 2223 minus
3238 2181 3530 2238 argumen-

1941 2263 2011 2317 tis
2046 2262 2246 2316 allatis.
2280 2262 2359 2315 Ac
2407 2276 2503 2331 pro
2548 2262 2768 2329 pietatis
2792 2262 3012 2330 quidem
3060 2260 3384 2325 cultoribus,
3432 2275 3530 2314 eo-

1940 2372 2059 2411 rum
2090 2371 2210 2426 quaz
2240 2356 2313 2410 ibi
2337 2356 2483 2410 dicta
2514 2365 2640 2409 sunt
2690 2355 2871 2424 aliqua
2912 2370 3017 2409 non
3051 2354 3231 2422 inepta
3268 2355 3400 2417 sint,
3433 2353 3528 2408 sed

1938 2462 2061 2517 quae
2084 2448 2435 2503 contentiosu
2466 2447 2627 2501 alicui
2668 2447 2899 2510 homini,
2949 2462 3054 2501 non
3088 2447 3247 2500 modo
3283 2446 3418 2499 nihil
3457 2444 3528 2498 ad

1940 2541 2195 2610 pietatem
2226 2541 2508 2610 impellens
2530 2539 2782 2605 afferant,
2816 2547 2875 2592 ut
2908 2539 3116 2592 ridendi
3148 2539 3326 2606 potius
3359 2552 3527 2592 occa-

1938 2637 2122 2689 siones
2147 2636 2444 2704 pratbeant.
2484 2633 2688 2687 Dixerit
2721 2648 2849 2686 vero
2868 2632 3159 2701 quispiam,
3203 2632 3424 2685 concisa
3464 2646 3528 2684 ac

1937 2728 2164 2782 minime
2187 2728 2455 2795 superﬂua
2497 2743 2625 2780 usus
2648 2729 2919 2793 oratione,
2945 2728 3217 2781 adversus
3247 2742 3396 2785 eum,
3434 2724 3526 2793 qui

1937 2818 2041 2873 hac
2056 2818 2358 2888 ohjectioue
2390 2829 2595 2888 pugnet
2628 2819 2972 2872 insolentius.
2997 2819 3053 2873 Si
3072 2820 3193 2889 quis
3210 2816 3374 2871 Patre
3391 2817 3512 2886 pri-

1938 2928 2085 2968 mum
2130 2914 2329 2983 posito,
2374 2912 2442 2967 de
2473 2914 2589 2981 ipso
2622 2914 2822 2967 deinde
2854 2914 3174 2982 interroget,
3224 2919 3406 2964 utrum
3444 2925 3530 2962 ra-

1939 3005 2106 3059 tionis
2131 3005 2407 3074 particeps
2444 3020 2511 3058 au
2550 3020 2749 3073 expers
2786 3012 2879 3067 sut,
2910 3016 3074 3073 atque
3110 3018 3176 3058 ex
3212 3001 3306 3057 illo
3352 3002 3528 3057 conli-

1937 3098 2053 3152 ciat
2096 3096 2243 3151 Patri
2298 3107 2552 3167 oportere
2622 3098 2823 3152 Filium
2858 3098 3146 3163 accedere,
3203 3095 3532 3165 objectionis

237 3181 420 3250 λόγον,
444 3183 813 3254 προήνεγκεν)
848 3184 979 3238 αὐτὸ
1006 3184 1063 3238 δὲ
1096 3184 1157 3238 τὸ
1187 3187 1337 3252 Θεός
1370 3187 1829 3259 προϐαλλόμενος,

1942 3189 2102 3261 hujus
2128 3190 2505 3244 curiositatem
2531 3189 2748 3259 aliquod
2787 3187 3013 3243 forsitan
3050 3187 3327 3261 specimen
3350 3203 3414 3241 ac
3442 3202 3532 3242 ro-

234 3270 264 3323 ὃ
294 3272 480 3326 κοινόν
508 3272 625 3327 ἐστι
656 3275 753 3329 καὶ
782 3275 1085 3345 ἀμέριστον
1113 3277 1223 3330 τῶν
1258 3277 1568 3351 θεαρχικῶν
1601 3282 1839 3338 ὑποστά-

236 3380 384 3417 σεων
415 3364 605 3435 ὄνομα,
644 3367 732 3419 ἐπ’
784 3368 949 3421 αὑτοῦ
976 3368 1041 3439 δὴ
1077 3371 1174 3423 καὶ⁵
1217 3371 1307 3424 τὸν
1332 3372 1506 3441 Λόγον
1534 3374 1568 3444 ἢ
1599 3375 1661 3429 τὸ
1690 3378 1838 3446 γόνι-

234 3473 364 3525 μον,
411 3458 462 3509 εί
500 3456 679 3527 βούλει
705 3458 763 3511 δὲ
796 3461 891 3513 καὶ
938 3461 997 3513 τὺ
1023 3460 1289 3531 ἔμπνουν,
1335 3465 1608 3539 ἐπερωτᾷ,
1665 3486 1839 3525 κατα-

233 3547 502 3601 σκευάσει
553 3550 654 3618 μὲν
683 3549 745 3602 τὸ
782 3550 881 3620 τῆς
928 3552 1163 3622 Τριάδος
1205 3557 1507 3627 μυστήριον
1554 3551 1731 3625 οὗτος,
1775 3563 1836 3616 ού

233 3638 353 3709 μήν
373 3656 440 3707 γε
463 3638 648 3711 χώραν
670 3641 894 3696 ἐνδώσει
916 3643 995 3712 τῷ
1023 3644 1335 3718 βουλομένῳ
1363 3650 1464 3719 τὴν
1488 3655 1837 3726 κατασκευὴν

229 3729 735 3800 περιεργάζεσθαι.
779 3731 891 3785 Ποῦ
935 3734 1044 3805 γὰρ
1078 3734 1192 3789 ἴσον
1221 3736 1255 3808 ἢ
1287 3741 1458 3807 ἐγγὺς
1497 3743 1683 3813 ὅμοιον
1712 3746 1836 3799 ἀντὶ

224 3820 340 3889 τῆς
367 3821 558 3891 ὑλικῆς
586 3822 843 3892 θεότητος
877 3825 1007 3895 μίαν
1042 3827 1345 3885 ὑπόστασιν
1384 3831 1698 3899 διαλαϐεῖν,
1740 3839 1836 3890 καὶ

227 3913 373 3984 περὶ
403 3915 607 3987 ταύτης
630 3916 1099 3989 φιλοπραγμονεῖν
1126 3920 1162 3975 ἀ
1193 3923 1377 3986 καλῶς
1405 3919 1520 3996 εἶχε
1547 3929 1675 3997 περὶ
1703 3929 1834 3997 ὅλης

226 4005 517 4073 θεολογεῖν
555 4011 655 4079 τῆς
684 4009 981 4081 Θεότητος;
1016 4013 1107 4066 τὸν
1137 4014 1248 4087 γὰρ
1293 4016 1434 4069 οὓτω
1483 4019 1565 4082 είς
1607 4019 1834 4090 ἀλογίαν

224 4099 610 4169 ἐκφερόμενον
663 4103 817 4159 οὐδὲν
845 4105 1047 4160 κωλύει
1071 4108 1167 4161 καὶ
1201 4110 1331 4164 ἀνευ
1370 4112 1518 4176 τινὸς
1542 4090 1834 4183 ¹περινοίας

224 4190 470 4245 αὐτόθεν
490 4192 536 4225 ³ο
566 4196 933 4269 παραληρεῖν,
971 4199 1048 4263 ὡς
1079 4202 1204 4255 ὲπεί
1247 4221 1354 4275 περ
1390 4205 1519 4275 ὑμῖν
1555 4209 1613 4261 ὲν
1640 4208 1833 4279 Τριάδι

223 4284 261 4335 ὁ
295 4282 457 4351 Θεὸς,
487 4287 713 4359 ἀνάγκη
745 4291 840 4343 καὶ
866 4291 1099 4347 ἕκαστον
1127 4293 1229 4365 τῆς
1275 4296 1506 4363 Τριάδος
1533 4300 1613 4359 είς
1639 4300 1833 4373 ἑτέραν

226 4373 449 4441 Τριάδα
512 4376 887 4447 πληθύνεσθαι
919 4380 985 4435 ³¹.
1044 4382 1191 4454 Πρὸς
1243 4383 1300 4436 δὲ
1355 4384 1597 4439 τοιοῦτον
1665 4388 1833 4459 λῆρον

224 4466 415 4533 οὐδεὶς
444 4470 513 4524 ἂν
538 4466 695 4542 οἶμαι
728 4471 963 4545 σώφρων
991 4475 1215 4546 ἐλεγχος
1236 4477 1621 4550 ὲπιστραφείη.
1668 4481 1833 4535 Ἀλλά

1944 3285 2048 3339 bur
2076 3284 2299 3338 habere.
2340 3281 2439 3337 Sin
2472 3284 2573 3335 hoc
2615 3282 2823 3335 omisso
2861 3280 3066 3350 (neque
3099 3280 3247 3335 enim
3284 3279 3527 3347 expedit,

1942 3392 2119 3444 neque
2164 3376 2519 3431 admirandus
2558 3374 2861 3444 Gregorius
2913 3375 2994 3428 sic
3036 3373 3341 3428 orationem
3388 3372 3533 3427 hanc

1945 3468 2190 3539 protulit)
2239 3469 2411 3537 ipsam
2456 3482 2643 3522 vorem
2692 3466 2829 3521 Deus
2881 3476 3170 3536 pr0ponat,
3195 3467 3341 3535 quod
3375 3480 3531 3521 com-

1946 3574 2111 3613 mune
2134 3567 2221 3614 est
2247 3569 2411 3628 atque
2440 3557 2772 3613 indivisibile
2804 3557 2966 3610 trium
2995 3557 3306 3612 divinarum
3339 3572 3531 3625 perso-

1940 3665 2137 3705 narum
2181 3667 2402 3717 nomen,
2437 3667 2501 3705 ac
2533 3652 2598 3705 dc
2644 3650 2807 3717 hujus
2839 3661 2951 3705 tum
2998 3653 3115 3705 sive
3158 3649 3360 3713 Verbo,
3410 3650 3532 3704 sive

1939 3744 2197 3814 gignendi
2260 3745 2335 3805 vi,
2392 3743 2500 3796 imo
2552 3754 2608 3796 et
2657 3742 2869 3806 alllatu,
2907 3742 2952 3796 si
2996 3742 3165 3808 voles,
3205 3744 3529 3811 interroget,

1939 3838 2030 3893 hic
2062 3849 2116 3891 et
2144 3834 2363 3890 Triadis
2394 3836 2720 3906 mysterium
2764 3845 3000 3897 astruet,
3030 3846 3085 3889 et
3125 3835 3303 3889 locum
3334 3835 3382 3887 ei
3415 3833 3531 3887 nul-

1938 3928 2051 3983 lum
2100 3930 2273 3991 dabit,
2309 3929 2401 3997 qui
2434 3927 2567 3981 velit
2606 3928 3006 3981 astructionem
3052 3926 3223 3994 ipsam
3260 3927 3530 3980 curiosius

1936 4030 2221 4077 excutere.
2256 4021 2357 4077 Ubi
2395 4021 2540 4074 enim
2581 4018 2790 4087 aequale
2814 4018 2896 4073 vel
2931 4034 3099 4087 prope
3122 4018 3305 4073 simile
3332 4020 3405 4072 sit
3432 4032 3531 4082 pro

1939 4122 2054 4168 tota
2086 4114 2374 4168 divinitate
2420 4129 2586 4167 unam
2624 4111 2858 4180 aliquam
2906 4111 3220 4181 hypOstasiu
3255 4110 3527 4178 accipere.

1936 4215 1991 4261 et
2026 4205 2093 4260 de
2144 4206 2245 4259 hac
2289 4203 2688 4260 contentiosius
2736 4202 2826 4255 illa
2870 4202 3171 4269 disputare,
3208 4215 3329 4269 quae
3380 4207 3528 4252 recte

1935 4307 2211 4369 poterant,
2266 4297 2335 4352 de
2388 4306 2497 4350 tota
2561 4296 2779 4350 Deitate
2842 4293 3146 4364 theologice
3195 4292 3347 4346 dici?
3393 4291 3525 4344 Eum

1936 4387 2080 4442 enim
2116 4388 2207 4456 qui
2243 4387 2297 4441 in
2344 4395 2551 4440 tantam
2604 4385 3001 4440 absurditatem
3064 4382 3357 4444 delabitur,
3397 4379 3531 4433 nihil

1940 4482 2194 4550 prohibet
2232 4481 2354 4535 sine
2402 4480 2508 4533 ulla
2562 4479 2786 4534 solertia
2826 4478 3082 4548 nugando
3135 4478 3262 4530 hinc
3312 4474 3533 4527 conclu-

224 4559 349 4627 γάρ
383 4560 415 4629 ἡ
462 4559 563 4629 μὲν
606 4560 760 4626 λύσις
794 4564 897 4634 τῆς
942 4566 1333 4635 ἀνθυποφορᾶς
1374 4569 1599 4642 τοιαύτη
1632 4589 1717 4637 τις
1764 4574 1832 4627 ἂν

1943 4574 2096 4640 dere,
2126 4573 2569 4643 quandoquidem
2619 4569 2843 4624 Trinum
2878 4571 3171 4623 conlitetur
3206 4566 3401 4627 Deum,
3437 4580 3533 4619 ne-

228 4650 352 4721 εῖη,
399 4653 494 4705 καὶ
534 4654 659 4707 ὅσαι
702 4654 861 4710 ἄλλαι
894 4656 994 4727 τὴν
1032 4658 1203 4730 αὐτὴν
1238 4659 1435 4715 ἵενται.
1468 4662 1542 4715 Τὸ
1582 4665 1682 4734 μὲν
1734 4663 1831 4721 οὖν

231 4740 460 4812 πρῶτον
484 4745 580 4798 τοῦ
614 4747 845 4817 ἑϐδόμου
879 4749 1090 4817 βιϐλίου
1123 4750 1421 4820 κεφάλαιον
1451 4760 1717 4816 τοιοῦτον.

1940 4668 2245 4723 cessarium
2290 4682 2507 4736 quoque
2536 4681 2680 4729 esse,
2714 4664 2962 4734 singulas
3005 4662 3223 4715 Triadis
3265 4675 3536 4728 personas

1942 4764 1996 4817 in
2048 4761 2208 4814 aliam
2265 4759 2520 4813 Triadem
2592 4757 2964 4823 multiplicari.
3022 4757 3302 4808 Adversus
3352 4752 3534 4820 qualia

229 4834 623 4903 deliramenta,
656 4840 828 4906 nulla,
879 4842 1102 4908 opinor,
1167 4846 1391 4913 sapiens
1448 4852 1754 4912 confutatio
1814 4860 2115 4930 intorqueri
2172 4856 2362 4927 possit.
2432 4851 2820 4907 Verumtamen
2891 4850 3092 4904 solutio
3163 4848 3323 4917 hujus
3384 4848 3535 4917 obje-

232 4930 441 4985 ctionis
481 4930 609 4986 talis
647 4930 833 5002 fuerit,
877 4943 975 4988 aut
1036 4936 1083 4990 si
1122 4951 1243 5006 quae
1296 4940 1418 4997 aliae
1462 4944 1655 5000 eadem
1708 4966 1836 5020 proq

1942 4953 2133 5008 iiantur
2181 4950 2290 5003 via.
2356 4945 2471 5003 Hoc
2526 4946 2691 5015 igitur
2744 4945 2978 5014 primum
3038 4953 3123 4998 est
3177 4942 3357 4996 octavi
3411 4935 3533 4995 libri

233 5030 425 5089 caput.

301 5110 573 5182 Δεύτερον
608 5112 664 5166 δὲ
693 5114 865 5185 ζητεῖ,
895 5116 996 5170 Διά
1033 5117 1108 5183 τί,
1147 5120 1242 5173 τοῦ
1265 5121 1398 5176 Υίοῦ
1424 5125 1519 5178 καὶ
1534 5127 1628 5181 τοῦ
1666 5132 1841 5185 Πνεύ-

231 5219 413 5273 ματος
465 5204 744 5275 ὁμοτίμως
796 5209 861 5260 ὲκ
906 5209 1001 5262 τοῦ
1047 5211 1262 5282 Πατρὸς
1310 5216 1630 5285 προϊόντων,
1658 5222 1686 5273 ό
1732 5224 1833 5292 μὲν

228 5293 458 5362 λέγεται
488 5294 615 5360 Υἱὸς
638 5338 654 5363 ,
682 5297 744 5350 τὸ
772 5298 829 5351 δὲ
877 5300 1137 5371 Πνεῦμα,
1167 5302 1263 5355 καὶ
1318 5306 1421 5358 οὐκ
1455 5307 1623 5377 ἄμφω
1663 5312 1762 5381 τὴν
1788 5314 1834 5345 ³⁸

227 5389 339 5459 τῆς
386 5388 637 5459 υίότητος
687 5391 1014 5456 διασώζουσι
1061 5396 1279 5467 κλῆσιν,
1325 5396 1517 5470 ὥσπερ
1562 5402 1685 5455 οὐδὲ
1726 5404 1826 5475 τὴν

231 5478 426 5549 σχέσιν
453 5496 467 5547 ;
500 5482 597 5535 καὶ
636 5481 779 5536 οὕτω
820 5483 1160 5557 διαπορήσας
1195 5490 1393 5557 ἐπάγει
1420 5490 1520 5561 τὴν
1552 5491 1725 5557 λύσιν,
1760 5496 1836 5559 ὠς

231 5570 392 5636 ἅπαξ
434 5573 467 5643 ἡ
515 5574 767 5643 θεολογία
798 5576 864 5629 ὲκ
905 5576 1016 5630 τῶν
1047 5580 1341 5651 γνωρίμων
1384 5584 1518 5653 ἡμῖν
1546 5584 1648 5656 τῆς
1683 5586 1835 5654 θείας

230 5661 459 5733 φύσεως
487 5664 548 5718 τὸ
575 5667 635 5719 ὲν
660 5666 852 5737 Τριάδι
879 5669 1108 5741 γνήσιον
1138 5674 1233 5727 καὶ
1274 5674 1538 5747 ὁμότιμον
1565 5677 1833 5751 λογογρα-

2016 5129 2112 5185 '55.
2145 5128 2393 5184 Alterum
2431 5128 2627 5181 deinde
2663 5132 2858 5196 quaerit
2888 5146 2903 5183 :
2939 5126 3072 5192 Cur,
3106 5144 3230 5183 cum
3264 5128 3435 5183 Filius
3469 5144 3535 5184 ac

1948 5222 2187 5295 Spiritus
2207 5228 2432 5276 sanctus
2460 5236 2527 5274 ex
2558 5221 2717 5276 Patre
2744 5221 2954 5290 pariter
2982 5223 3298 5291 procedant,
3328 5224 3415 5277 hic
3446 5222 3536 5276 Fi-

1942 5315 2072 5382 lius,
2115 5315 2205 5369 ille
2245 5312 2482 5383 Spiritus
2524 5316 2757 5379 dicatur,
2807 5324 2861 5370 et
2907 5330 3012 5369 non
3042 5318 3203 5371 ambo
3254 5314 3533 5371 ﬁliatiouis

1944 5408 2369 5478 appellationem
2418 5418 2658 5473 servent,
2712 5410 3169 5477 quemadmodum
3220 5422 3395 5477 neque
3435 5408 3535 5461 ha-

1944 5501 2289 5558 bitudinem?
2320 5501 2433 5557 Hoc
2481 5517 2615 5572 ergo
2646 5502 2737 5555 ubi
2782 5501 3261 5567 dubitavitmodo,
3306 5499 3535 5556 solutio-

1943 5609 2069 5649 nem
2102 5594 2352 5650 adhibet.
2400 5592 2638 5649 Omnino
2680 5592 2912 5666 [inquit]
2942 5593 3208 5664 theologia
3235 5608 3303 5648 ex
3340 5592 3533 5661 cogni—

1945 5684 2019 5741 tis
2049 5686 2207 5741 nobis
2256 5685 2421 5741 rebus
2453 5699 2771 5755 germanam
2809 5695 2977 5754 atque
3007 5684 3276 5757 aequalem
3330 5681 3532 5739 divina:

1561 5792 1795 5850 VARle
1836 5792 2245 5851 LECTIONES.

309 5873 357 5907 ³³
387 5872 495 5947 ὅτι]
529 5867 604 5941 ὥς
640 5876 705 5932 Δ.
783 5878 828 5909 ²⁹
865 5878 1096 5951 παρέχει
1144 5883 1210 5937 Α.
1288 5886 1333 5918 ³⁰
1368 5886 1599 5946 αὐτόθεν
1655 5892 1778 5948 add.
1836 5891 1907 5947 A.
1982 5889 2025 5922 "
2058 5888 2401 5961 πληθύεσθαι
2458 5892 2529 5948 Α.
2605 5892 2650 5925 ³³
2678 5890 2779 5965 τὴν
2804 5891 2927 5949 add.
2952 5892 3019 5947 Α.
