4032 6444
626 368 729 431 799

1786 369 2049 431 PIIOTII
2082 370 2588 431 PATRIARCH/E
2624 372 2730 432 CP.
3740 387 3827 452 800

627 493 835 537 natura!
857 478 1183 534 Trinitatem
1231 481 1413 535 verbis
1450 480 1790 545 describens,
1823 497 1919 551 per
1958 482 2199 550 Patrem,

2316 483 2516 552 φοῦσα,
2545 483 2635 536 διά
2671 480 2766 535 τοῦ
2798 480 3033 551 Πατρδς,
3061 479 3155 533 καὶ
3186 479 3278 535 τοῦ
3310 482 3459 549 Υἱοῦ,
3483 489 3572 540 καὶ
3596 491 3679 545 τοῦ
3705 495 3828 565 ἁγίου

622 574 825 628 Filium
880 571 1110 641 1990,
1167 580 1225 627 et
1272 572 1542 643 Spiritum
1590 584 1860 639 sanctum,
1913 574 2205 640 ineffabile,

624 666 881 735 quodque
942 664 1289 719 denominari
1354 667 1550 737 nequit
1616 666 1922 722 divinitatis
1988 683 2206 735 nomen,

623 757 910 814 consuetis
959 757 1116 811 nobis
1163 759 1522 827 cognatisque
1562 756 2016 827 appellationibus
2078 774 2208 830 sug-

625 850 815 919 gessit.
858 848 1088 913 Quando
1113 857 1295 902 autem
1336 858 1655 904 consuetum
1695 860 1781 904 est
1809 858 1976 918 atque
2009 865 2210 905 conve-

624 941 785 994 niens
816 944 882 995 de
916 940 1045 995 ﬁliis
1076 941 1283 996 nostris
1307 942 1489 999 dicere
1522 943 1955 1012 generationem,
1991 943 2060 998 de
2089 944 2212 1011 Spi-

625 1034 735 1087 ritu
780 1048 910 1087 vero
938 1034 1343 1101 processiouem
1376 1051 1391 1087 :
1433 1034 1668 1101 Spiritus
1716 1034 1863 1088 enim
1889 1036 2088 1104 inquit,
2122 1052 2211 1089 va-

625 1124 753 1177 dens
780 1133 827 1176 et
860 1138 961 1175 non
979 1122 1179 1175 rediens
1204 1122 1223 1159 ί
1255 1122 1319 1176 Et
1346 1137 1361 1175 :
1390 1122 1571 1176 Exibit
1590 1123 1818 1189 Spiritus
1845 1123 1957 1193 ejus
1977 1127 2023 1179 ⁸.
2049 1125 2212 1179 [tem-

626 1228 732 1281 que
771 1230 785 1267 :
815 1215 1071 1279 Quoniam
1124 1212 1352 1283 Spiritus
1382 1217 1717 1284 pertransivit
1774 1217 1830 1270 in
1875 1217 1992 1279 illo,
2027 1227 2074 1271 et
2108 1234 2210 1271 non

624 1304 870 1360 subsistet
888 1308 937 1360 ιι.
960 1307 1186 1373 Quando
1210 1306 1371 1375 igitur
1400 1308 1451 1361 in
1469 1308 1708 1362 humano
1731 1323 1929 1377 genere
1961 1309 2101 1363 Filio
2122 1326 2214 1379 ge—

628 1400 967 1453 nerationem
1019 1399 1368 1467 adaptamus,
1415 1399 1644 1469 Spiritui
1704 1416 1837 1455 vero
1902 1404 2212 1469 processio-

629 1504 757 1545 nem
794 1507 810 1544 :
846 1490 963 1559 pari
998 1505 1216 1558 quoque
1258 1490 1473 1544 ratione
1522 1490 1573 1544 in
1618 1500 1812 1544 natura
1857 1490 2119 1545 inellabili
2148 1505 2213 1545 ac

630 1583 1058 1650 supernaturali,
1091 1592 1148 1637 et
1176 1581 1374 1636 Filium
1404 1583 1672 1650 genitum,
1712 1591 1766 1635 et
1792 1580 2054 1650 Spiritum
2089 1596 2212 1634 sau-

629 1687 776 1730 cmm
834 1676 1153 1743 procedere,
1200 1675 1465 1729 divinitus
1495 1674 1671 1729 edocti
1706 1688 1915 1728 sumus.
1949 1671 2212 1740 Propter—

626 1781 690 1822 ea
727 1768 873 1821 enim
926 1765 1188 1835 Spiritu’s,
1239 1767 1417 1821 Patris
1465 1782 1619 1836 mque
1686 1781 1751 1821 ac
1790 1764 1942 1827 Filii,
1976 1764 2213 1835 Spiritus

626 1868 850 1913 sanctus
888 1858 1091 1913 dicitur
1138 1876 1152 1913 :

626 1947 825 2003 horum
875 1947 1112 2017 Spiritus
1149 1949 1295 2021 [esse
1342 1948 1513 2021 recte]
1555 1950 1777 2005 dicitur.
1810 1948 1976 2003 Pater
2000 1964 2133 2003 vero
2156 1956 2213 2001 et

626 2037 800 2093 Filius
846 2039 1082 2108 Spiritus
1134 2041 1306 2094 sancti
1351 2056 1456 2095 non
1493 2041 1645 2105 item,
1676 2040 1802 2108 quia
1858 2054 2035 2107 neque
2067 2038 2209 2105 apud

628 2145 748 2185 nos.
802 2130 1071 2185 Caeterum
1118 2134 1261 2200 quod
1332 2130 1475 2185 Deus
1534 2139 1725 2199 suapte
1782 2140 1975 2183 natura
2034 2142 2212 2197 neque

629 2220 735 2275 dici
771 2236 801 2276 a
832 2222 1012 2287 nobis,
1052 2238 1230 2292 neque
1258 2222 1487 2292 cogitari
1520 2222 1712 2291 possit,
1744 2220 2055 2276 communis
2095 2236 2213 2273 om-

627 2314 778 2368 nium
837 2329 1035 2369 sensus
1085 2316 1371 2369 admittit:
1423 2324 1478 2369 et
1529 2329 1660 2369 vero
1702 2314 1903 2383 passim
1942 2312 1997 2368 in
2035 2310 2209 2367 sacris

629 2407 855 2463 Litteris
896 2409 1246 2477 praedicatur,
1293 2419 1717 2477 sanctorumque
1748 2407 1969 2461 Patrum
2000 2414 2212 2460 nostro-

629 2517 749 2553 rum
786 2511 963 2556 castus
1002 2518 1154 2571 paene
1188 2503 1474 2557 universus
1505 2502 1645 2556 idem
1689 2500 2036 2565 testificatur,
2072 2513 2209 2568 quo-

631 2608 748 2646 rum
804 2608 873 2649 ne
920 2596 1082 2649 verba
1129 2596 1347 2663 quidem
1396 2596 1540 2663 (cum
1589 2594 1814 2647 minime
1867 2592 2030 2647 dubia
2076 2591 2207 2657 sint)

629 2686 919 2754 designare
968 2702 1215 2743 necesse.
1254 2689 1431 2757 Atque
1483 2688 1599 2741 haec
1632 2688 1772 2742 libro
1798 2695 1993 2741 octavo
2026 2685 2214 2740 Jobius

627 2788 995 2845 persequitur.

2312 575 2667 645 Πνεύματος,
2698 574 2759 627 τὸ
2787 574 3029 645 ἇρῥητόν
3068 590 3127 625 τε
3173 573 3267 626 καὶ
3306 576 3715 649 ἀκατονόμαστον
3755 594 3830 660 τῆς

2268 654 2277 661 .
2310 668 2567 737 θεότητος
2597 667 2768 737 ὄνομα
2798 665 2928 738 [528
2954 664 3051 736 IL]
3084 666 3369 736 συνήθεσιν
3389 668 3516 738 ἡμῖν
3542 675 3630 727 καὶ
3655 654 3833 751 συντρά

2310 777 2433 828 φοις
2480 758 2879 829 προσηγορίαις
2930 754 3221 810 ὑπέϐαλεν.
3270 756 3382 809 Καὶ
3427 758 3605 831 ἐπειδὴ
3649 764 3834 838 σύνηθες

2310 852 2403 904 ἐπὶ
2432 851 2529 921 μὲν
2570 850 2677 903 τῶν
2723 848 2845 902 καθ’
2884 848 3035 919 ἡμᾶς
3079 846 3211 899 υἱῶν
3236 851 3332 900 καὶ
3378 849 3668 922 πρόσφορον
3693 857 3835 928 λέγειν

2310 942 2411 1012 τὴν
2433 941 2668 1009 γένεσιν,
2697 941 2790 991 ἐπὶ
2812 938 2870 992 δὲ
2898 937 2993 992 τοῦ
3025 936 3343 1006 Πνεῦματος
3369 938 3415 968 ³⁸
3443 939 3538 1008 τὴν
3565 942 3837 1016 ἐκπύρωσιν

2314 1032 2579 1102 (Πνεῦμα
2603 1032 2731 1099 γὰρ,
2757 1030 2922 1098 φησὶ,
2951 1029 3363 1096 πορευόμενον
3383 1028 3480 1085 καὶ
3504 1032 3609 1085 οὐκ
3621 1033 3838 1108 ἐπιστρέ.

2311 1140 2447 1193 spor"
2489 1125 2604 1177 καὶ·
2631 1122 3111 1185 Ἔξελεύσεται³δ
3133 1122 3201 1173 τὸ
3229 1120 3475 1188 Πνεῦμα
3503 1124 3677 1178 αὐτοῦ
3697 1142 3711 1158 '
3739 1135 3836 1199 ut,

2312 1213 2455 1268 ὅτι³⁸
2488 1212 2733 1281 Πνεῦμα
2755 1210 3003 1279 διῆλθεν
3040 1210 3111 1263 ἐν
3142 1208 3328 1274 αὐτῷ,
3353 1210 3451 1263 καὶ
3470 1214 3579 1280 οὐχ
3594 1214 3837 1288 ὑπάρξει),

2314 1304 2437 1358 ἐπεὶ
2475 1299 2569 1357 οὖν
2608 1306 2665 1357 ὲν
2698 1303 2777 1373 τῷ
2810 1302 3137 1372 ἀνθρωπίνῳ
3178 1302 3326 1369 γένει
3373 1302 3451 1371 τῷ
3494 1305 3590 1373 μὲν
3629 1306 3731 1379 Υίῷ
3766 1315 3837 1383 τὴν

2312 1399 2567 1467 γέννησιν
2600 1397 3006 1466 ὲφαρμόζομεν.
3038 1395 3117 1464 τῷ
3160 1395 3445 1463 Πνεῦματι
3484 1396 3540 1450 δὲ
3580 1396 3672 1467 τήν
3714 1401 3835 1458 iam.

2318 1508 2523 1562 ρευσιν,
2547 1489 2824 1555 ἀναλόγως
2847 1490 2941 1545 καὶ
2966 1489 3059 1541 ἐπὶ
3078 1491 3177 1557 τῆς
3203 1488 3447 1559 ἀρῤήτου
3472 1490 3566 1543 καὶ
3584 1491 3833 1562 ὑπερφυοῦς

2316 1582 2534 1651 φύσεως
2564 1582 2657 1634 τὸν
2684 1582 2783 1652 μὲν
2812 1582 2941 1634 Υἰδν
2980 1579 3344 1649 γεγεννῆσθαι
3373 1580 3745 1650 διδασκόμεθα,
3770 1589 3829 1642 εχ.

2315 1673 2649 1745 πορεύεσθαι
2698 1672 2755 1725 δὲ
2802 1672 2864 1724 τὸ
2906 1670 3133 1740 Πνεῦμα
3181 1670 3503 1741 θεοπρεπῶς
3550 1672 3824 1744 ὲμυήθημεν,

2317 1766 2417 1820 Διά
2443 1767 2489 1801 ³⁸
2518 1765 2677 1819 τοῦτο
2700 1764 2810 1833 γὰρ
2836 1766 2929 1818 καὶ
2953 1764 3178 1833 Πνεῦμα
3205 1764 3303 1833 μὲν
3326 1764 3421 1818 τοῦ
3448 1764 3655 1835 Πατρδς
3678 1770 3820 1824 καὶτοῦ

1212 1859 1338 1928 quia
1384 1860 1547 1913 etiam
1588 1859 1729 1927 apud
1778 1873 1885 1912 nos
1932 1859 2213 1926 utriusque

2324 1858 2451 1913 Υίοῦ
2484 1858 2546 1912 τὸ
2574 1859 2730 1925 ἀγιον
2757 1856 2984 1926 Πνεῦμα
3030 1856 3247 1925 εἴρηται
3272 1898 3287 1921 ,
3320 1856 3443 1909 ἐπεὶ
3473 1859 3567 1909 καὶ
3596 1858 3714 1928 παρ’
3744 1864 3816 1930 fluit

2314 1952 2574 2023 ἐκατέρου
2602 1951 2808 2005 τούτων
2844 1950 3071 2017 Πνεῦμα
3100 1949 3360 2016 λέγεται,
3394 1949 3582 2019 Πατὴρ
3615 1950 3667 2004 δὲ
3698 1951 3812 2020 ﬁlii;

2314 2044 2407 2101 τοῦ
2448 2043 2765 2113 Πνεῦματος
2794 2042 3003 2095 οὐκέτι’
3040 2042 3164 2095 οὐδὲ
3195 2043 3302 2111 γάρ
3340 2042 3472 2111 παρ’
3508 2042 3655 2111 ἡμῖν,
3684 2044 3823 2099 ὐτιὲ

2314 2139 2374 2191 τὸ
2402 2137 2556 2190 Θεῖον
2600 2138 2665 2207 τῇ
2700 2134 2899 2188 ἑαυτοῦ
2943 2134 3107 2203 φύσει
3152 2134 3396 2204 ἀρῤητόν
3429 2136 3544 2189 ἐστι
3587 2135 3672 2188 καὶ
3701 2136 3827 2189 ἀνεπι-

2318 2229 2525 2300 νόητον,
2562 2229 2713 2281 πᾶσα
2752 2228 2850 2296 μὲν
2894 2226 3049 2297 κοινὴ
3082 2225 3408 2296 ἀνομολογεῖ
3429 2226 3473 2256 ⁸⁷
3518 2225 3712 2292 ἔννοια,
3740 2226 3827 2279 πολ-

2314 2320 2482 2392 λαχοῦ
2514 2320 2570 2374 δὲ
2600 2320 2695 2373 καὶ
2730 2321 2831 2389 τῆς
2858 2320 3009 2391 ἱερᾶς
3040 2319 3264 2390 Γραφῆς
3288 2316 3743 2388 ἀνακηρύσσεται,
3770 2322 3834 2373 καὶ

2314 2412 2423 2466 τῶν
2450 2411 2628 2481 σοφῶν
2666 2410 2927 2481 Πατὲρων
2966 2410 3123 2480 ἡμῶν
3157 2409 3359 2481 μικροῦ
3390 2410 3499 2473 πᾶς
3522 2411 3550 2463 ὁ
3575 2409 3716 2480 χορὸς
3752 2426 3836 2461 συν-

2315 2505 2778 2574 επιμαρτύρεται,
2803 2496 2878 2555 ὧν
2917 2502 3039 2555 οὐδὲ
3082 2504 3181 2565 τὰς
3224 2502 3415 2571 φωνάς
3441 2502 3517 2565 ὼς
3538 2502 3633 2556 οὐκ
3667 2502 3835 2571 ἀδήλους

2316 2596 2531 2665 ἀνάγκη
2564 2595 3033 2666 ἐπισημήνασθαι.
3061 2595 3247 2648 Ταῦτα
3283 2596 3387 2666 μὲν
3416 2597 3473 2650 ὲν
3503 2596 3580 2649 τῶ
3607 2594 3651 2666 η’
3676 2595 3834 2664 λόγῳδθ

2320 2687 2594 2754 διέξεισιν.

2135 2866 2295 2921 Liber
2335 2882 2413 2921 tx.

701 2981 864 3037 Libro
900 2998 1045 3037 nono
1097 2985 1311 3037 modice
1366 2983 1647 3052 praefatus,
1700 2984 1827 3037 dum
1862 2981 2027 3036 Josue
2076 2981 2217 3035 ﬁlius

629 3074 776 3128 Nave
834 3076 1033 3129 dicitur
1089 3076 1365 3128 exercilns
1422 3075 1721 3142 principem
1776 3076 1927 3127 illum
1982 3075 2215 3126 interro-

630 3182 761 3235 gare
793 3184 806 3220 :
844 3167 1134 3242 Nosteges,
1162 3183 1229 3219 an
1266 3169 1687 3220 adversariorum
1720 3166 1913 3221 i?Nuu
1952 3167 2089 3219 idem
2129 3181 2216 3235 pe-

2400 2979 2489 3031 Ἐν
2516 2976 2572 3030 δὲ
2601 2976 2678 3047 τῷ
2710 2975 2755 3029 θ’
2790 2974 2929 3046 μετά
2956 2989 3079 3027 τινα
3104 2970 3402 3026 διάπλασιν
3434 2970 3721 3040 προοιμίου,
3749 2963 3839 3035 ἑνῷ

2313 3071 2405 3123 τὸν
2428 3069 2523 3122 τοῦ
2561 3069 2718 3138 Ναυῆ
2762 3064 2970 3135 Ἰησοῦν
3015 3081 3182 3133 φησιν
3204 3065 3248 3095 ³⁸
3276 3062 3637 3132 ἐπερωτῶντα
3671 3060 3744 3112 τὸν
3772 3062 3841 3128 ἀρ·

2314 3160 2703 3232 χιστράτηγοψ
2748 3156 3068 3226 Ἠμέτερος
3091 3156 3136 3187 ’⁸⁸
3168 3151 3225 3208 εἷ
3256 3155 3295 3221 ἢ
3344 3153 3467 3207 τῶν
3492 3153 3840 3212 onerantur;

632 3270 747 3311 tere
802 3258 1047 3327 disputat
1105 3255 1299 3313 Jobius
1363 3259 1632 3327 aliquisne
1681 3268 1826 3313 esset
1872 3258 2211 3313 sensibilium

2316 3256 2413 3308 οὐκ
2451 3252 2503 3306 εἴ
2526 3253 2610 3315 τίς
2656 3253 2774 3304 ἐστι
2821 3250 2930 3304 τῶν
2961 3248 3237 3320 αἰσθητῶν
3276 3246 3575 3317 πολεμίων,
3616 3245 3735 3297 ἀλλὰ
3767 3243 3841 3294 τῶν

630 3349 895 3412 hostium,
957 3350 1050 3403 sed
1102 3364 1170 3403 an
1220 3352 1629 3419 spiritualium?
1672 3350 1833 3404 Multa
1874 3351 2017 3404 enim
2048 3349 2211 3405 Josne

2316 3344 2539 3415 νοητῶν,
2580 3346 2679 3412 τὴν
2717 3342 2986 3413 ἐρώτησιν
3031 3342 3329 3396 ποιεῖσθαι.
3377 3342 3554 3394 Πολλά
3602 3340 3699 3410 γὰρ
3724 3337 3841 3391 αὐτον

631 3444 920 3507 docebant,
955 3458 1129 3511 neque
1156 3443 1389 3510 aliquem
1430 3459 1555 3498 esse
1592 3444 1735 3499 hunc
1759 3460 1826 3499 ex
1865 3444 2045 3498 hostili
2072 3444 2210 3508 acie,

632 3548 699 3587 ac
740 3550 913 3604 neque
938 3551 1001 3590 ex
1031 3538 1250 3604 preprio
1281 3539 1553 3602 exercitu,
1582 3547 1661 3599 ut,
1706 3540 1845 3606 quod
1875 3539 2056 3592 subito
2083 3538 2215 3592 asti-

633 3627 809 3691 tisset,
853 3632 1107 3697 quodque
1149 3646 1305 3684 nemo
1355 3632 1794 3684 adversariorum
1849 3633 2097 3694 auderet,
2129 3630 2215 3684 vel

630 3733 735 3788 per
769 3721 974 3774 medias
1017 3724 1255 3775 hostium
1288 3724 1474 3789 capias
1508 3724 1767 3790 transire,
1798 3722 1880 3776 vel
1908 3725 1957 3776 iu
1990 3738 2219 3792 conspe—

633 3816 781 3862 ctmn
809 3810 1158 3877 imperatoris
1189 3812 1397 3875 venire,
1432 3813 1562 3881 quin
1606 3820 1687 3877 et,
1715 3813 1861 3881 quod
1901 3821 2050 3864 tanta
2088 3828 2218 3866 usus

633 3903 884 3965 audacia,
922 3902 1059 3955 nihil
1099 3904 1324 3957 omnino
1367 3904 1561 3957 hostile
1590 3904 1832 3958 fecisset.
1872 3904 2083 3973 Alioqui
2120 3920 2219 3959 nec

634 3995 1027 4061 sapientissimi
1087 3996 1432 4062 imperatoris
1486 3995 1668 4050 [iterat
1717 3998 2004 4065 ignorare,
2042 3996 2220 4065 qualis

635 4087 1028 4140 contribulium
1054 4102 1197 4141 esset
1231 4089 1450 4142 habitus
1476 4102 1640 4157 atque
1679 4097 1999 4157 apparatus,
2042 4090 2219 4157 qualis

643 4174 771 4225 item
815 4174 1267 4241 alienigenarum.
1306 4176 1507 4230 Verum
1546 4187 1776 4231 noverat
1804 4180 2022 4246 quidem
2051 4178 2221 4232 Josue

637 4266 812 4318 visum
860 4266 988 4320 illud
1040 4284 1205 4320 unmn
1252 4268 1670 4337 intelligentium
1728 4272 2023 4337 spirituum
2072 4286 2220 4335 esse,

637 4360 733 4414 sed
768 4359 871 4413 hoc
908 4375 1238 4430 cognoscere
1274 4362 1493 4428 avebat,
1541 4374 1722 4415 utrum
1758 4362 1903 4431 quod
1934 4363 2222 4431 apparuis-

635 4462 720 4505 set
748 4468 815 4507 ex
863 4455 1109 4507 hostibus
1142 4465 1310 4517 esset,
1344 4471 1411 4507 an
1442 4458 1509 4508 de
1537 4455 1625 4510 illo
1652 4458 1920 4520 exercitu,
1955 4460 2047 4526 qui
2082 4471 2223 4525 pro-

634 4545 854 4613 tegebat
876 4542 1062 4599 lsrael.
1104 4544 1183 4600 De
1212 4546 1313 4600 hoc
1342 4562 1472 4615 ergo
1512 4547 1566 4599 in
1609 4546 1881 4616 prommio
1928 4547 2061 4616 agit.

2319 3435 2631 3492 ἀνεδίδασκε
2661 3434 2798 3504 μήτε
2817 3434 2916 3503 τῆς
2942 3432 3303 3504 παρατάξεως
3331 3434 3557 3487 ἐκείνων
3578 3429 3721 3496 εἶναι,
3743 3430 3840 3484 ἀλλὰ

2322 3530 2457 3599 μηδέ
2486 3546 2609 3581 τινα
2652 3527 2751 3596 τῆς
2787 3528 2997 3586 οἰκείας
3046 3529 3345 3598 στρατιᾶς·
3388 3528 3448 3580 τό
3485 3544 3542 3579 τε
3571 3526 3669 3596 γὰρ
3698 3522 3843 3591 ἀθρόον

2316 3627 2417 3695 τῆς
2447 3628 2792 3693 ἐπιστασίας,
2826 3627 2954 3699 [656
2982 3627 3077 3699 IL]
3109 3629 3204 3681 xui.
3230 3627 3293 3681 τὸ
3327 3627 3535 3698 μηδένα
3564 3624 3744 3695 τολμᾷν
3768 3620 3844 3672 τῶν

2319 3718 2577 3772 ἐναντίων
2605 3722 2741 3790 μήτε
2772 3719 2861 3772 διὰ
2888 3720 3057 3789 μέσου
3088 3719 3460 3789 στρατοπέδου
3488 3715 3728 3785 πολεμίου
3746 3711 3845 3765 διελ-

2319 3808 2431 3862 θεῖν
2463 3813 2602 3880 μήτε
2640 3813 2721 3874 εἰς
2764 3812 2885 3880 ὄψιν
2922 3810 3097 3864 ὲλϐεῖν
3131 3809 3226 3863 τοῦ
3269 3808 3578 3880 στρατηγοῦ
3599 3848 3614 3871 ,
3642 3803 3760 3859 ἀλλά
3782 3801 3845 3852 καί

2317 3903 2379 3955 τὸ
2405 3904 2578 3956 ταῦτα
2602 3904 2641 3933 ³¹
2668 3903 3019 3973 τολμήσαντα
3053 3903 3217 3973 μηδὲν
3238 3902 3379 3966 ὅλως
3404 3901 3653 3970 πολέμιον
3676 3895 3841 3965 δρᾶσαι.

2325 3995 2602 4049 Ἀλλωστε
2636 3996 2692 4049 δὲ
2720 3996 2842 4048 οὐδὲ
2871 3995 2966 4050 τοῦ
3000 3996 3315 4063 σοφωτάτου
3350 3995 3459 4048 τῶν
3491 3987 3780 4062 στρατηγῶν
3798 3981 3843 4053 ἦν

2325 4090 2398 4159 μὴ
2431 4088 2637 4141 εἰδέναι
2667 4088 2853 4141 ὁποῖόν
2882 4107 2935 4141 τι
2965 4088 3074 4140 τῶν
3102 4087 3394 4157 ὁμοφύλων
3428 4087 3517 4139 τὸν
3545 4085 3713 4153 σχῆμα
3737 4077 3841 4143 καὶὴ

2322 4181 2657 4251 κατασκευὴ,
2685 4183 2780 4235 καὶ
2800 4176 2913 4235 οἷον
2944 4181 3005 4233 τὸ
3026 4180 3348 4250 ἀλλόφυλον.
3386 4179 3525 4232 Ἀλλ’
3548 4178 3659 4248 ᾔδει
3683 4173 3762 4242 μὲν
3780 4168 3843 4233 τὴν

2322 4275 2603 4344 παροῦσαν
2645 4274 2766 4343 ὃψιν
2798 4273 2857 4328 ἓν
2894 4291 2949 4326 τι
2982 4273 3092 4325 τῶν
3117 4273 3323 4342 νοερῶν
3372 4270 3685 4340 πνευμάτων
3713 4260 3841 4315 εἶναι.

2322 4366 2505 4435 ἐζήτει
2531 4366 2587 4419 δὲ
2618 4366 2810 4435 μαθεῖν
2836 4366 3065 4432 πότερον
3092 4366 3152 4418 τὸ
3177 4366 3503 4435 φαινόμενον
3532 4364 3626 4429 τῆς
3654 4352 3842 4409 ἐναντίας

2323 4459 2409 4527 εἴη
2434 4459 2475 4489 ⁵⁸
2507 4458 2539 4528 ἦ
2566 4459 2663 4527 τῆς
2689 4457 3178 4527 ὑπερασπιζούσης
3205 4458 3491 4527 δυνάμεως
3522 4453 3606 4505 τὸν
3647 4442 3832 4516 Ἰσραήλι

2324 4550 2481 4603 Κατὰ
2516 4549 2615 4619 μὲν
2640 4545 2731 4603 οὖν
2754 4550 2800 4580 ’⁵³
2848 4549 2909 4602 τὸ
2943 4550 3228 4620 προοίμιον
3282 4550 3411 4621 περὶ
3458 4545 3643 4599 τούτου
3666 4536 3840 4600 διαλαμ-

2326 4644 2500 4695 ὅάνει.

705 4715 795 4771 56.
834 4717 1038 4782 ριιαδτὶι
1060 4729 1265 4788 postea,
1290 4719 1567 4785 Quomodo
1598 4729 1824 4789 utraque
1844 4720 1960 4774 hmo
1994 4720 2215 4775 concedi

2398 4735 2554 4788 Μετὰ
2598 4735 2655 4787 δὲ
2686 4734 2845 4788 τοῦτο
2896 4733 3071 4807 ζητεῖ,
3125 4733 3251 4798 Πῶς
3302 4732 3370 4787 ἂν
3431 4727 3697 4799 ἀμφότερα
3750 4728 3844 4779 ωι-

638 4820 863 4878 queant,
896 4826 993 4865 nos
1023 4822 1078 4865 et
1115 4814 1337 4880 adeptos
1365 4827 1484 4867 esse
1508 4814 1739 4880 gratiam
1770 4814 2013 4883 angelica
2047 4815 2223 4884 digni-

645 4912 756 4956 tate
784 4902 1044 4969 majorem
1077 4914 1132 4960 et
1187 4905 1395 4974 angelis
1427 4908 1664 4975 aequales
1714 4907 1766 4960 in
1822 4907 2225 4962 resurrectione

638 4994 835 5064 200a
871 4998 1211 5065 apparituros
1253 4999 1275 5052 ?
1321 4998 1452 5065 Quae
1496 5001 1726 5068 quaestio
1763 5002 1837 5054 ita
1884 5001 2224 5054 dissolvitur.

634 5084 900 5151 Primum,
922 5089 1054 5144 nihil
1084 5090 1332 5157 prohibet
1348 5092 1594 5145 eamdem
1627 5106 1737 5145 rem
1756 5093 2055 5146 secundum
2084 5090 2227 5144 aliud

638 5181 899 5236 honorem
923 5184 1211 5252 quemdam
1238 5184 1398 5253 paulo
1436 5184 1694 5253 majorem
1715 5185 2000 5253 consequi,
2026 5199 2222 5238 secun-

638 5274 765 5329 dum
780 5276 926 5329 aliud
942 5275 1363 5333 veroinferioris
1382 5292 1500 5333 esse
1516 5278 1865 5333 conditionis.
1884 5276 1943 5330 In
1956 5288 2221 5345 quantum

638 5367 785 5420 enim
839 5376 1025 5425 nostro
1076 5385 1309 5440 corpore
1364 5383 1647 5439 assumpto
1702 5371 1966 5425 Dominus
2018 5372 2069 5425 id
2115 5371 2219 5427 sibi

2322 4826 2621 4896 χωρηθείη,
2649 4827 2743 4878 καὶ
2769 4827 2831 4877 τὸ
2855 4829 3040 4894 τυχεῖν
3070 4826 3218 4895 ἡμᾶς
3238 4825 3575 4895 χαρίσματος
3595 4811 3841 4901 κρείττονοξ

2322 4916 2418 4968 τοῦ
2457 4916 2752 4984 ἀγγελικοῦ
2788 4915 3104 4986 ἀξιώματος
3124 4957 3138 4980 ,
3176 4916 3271 4968 καὶ
3302 4914 3363 4966 τὸ
3402 4906 3701 4977 ίσαγγέλους
3726 4898 3771 4947 ὲν
3800 4898 3843 4955 τί]

2325 5010 2627 5061 ἀναστάσει
2666 5007 3040 5079 ὀφθήσεσθαις
3102 5008 3211 5059 Καὶ
3255 5003 3538 5058 ἐπιλὺεται
3588 4995 3643 5047 τὸ
3680 4988 3846 5079 ζήτημα

2328 5099 2546 5170 πρῶτον
2590 5102 2711 5171 μὲν,
2743 5100 2818 5163 ὡς
2848 5099 3001 5152 οὐδὲν
3035 5098 3236 5151 κωλύει
3265 5096 3327 5149 τὸ
3354 5093 3484 5149 αὐτὸ
3509 5085 3622 5144 κατ’
3646 5078 3753 5173 ἇλξεξ

2329 5192 2524 5261 ἐτέρας
2549 5192 2696 5255 τινὸς
2732 5191 2978 5260 μείζονος
3017 5190 3189 5259 τιμῆς
3218 5186 3529 5241 ἀπολαύειν,
3556 5174 3663 5233 κατ’
3805 5171 3843 5210 οε

2329 5252 2537 5351 λήξεως
2566 5252 2707 5336 εἶναι
2732 5252 2848 5352 ’τῆέ
2874 5252 3117 5353 ἧττονοέο
3145 5252 3314 5333 *καθὸ
3348 5279 3447 5349 μὲν
3478 5273 3580 5367 τὰρ
3614 5264 3669 5367 ἥδ

2332 5391 2425 5442 ρον
2450 5373 2737 5427 ἀναλαϐὼν
2767 5373 2997 5444 φύραμα
3025 5372 3265 5441 συνῆψεν
3286 5372 3313 5422 ὁ
3344 5365 3614 5429 Δεσπότης
3632 5356 3778 5412 ἐαυτφ
3795 5356 3837 5397 ””

704 5476 725 5516 ί
758 5479 903 5539 Psal.
935 5499 1143 5549 Lxxvn,
1182 5485 1273 5540 59.
1353 5488 1379 5526 8
1406 5485 1548 5540 Psal.
1581 5502 1741 5551 οων,
1783 5485 1835 5541 4.
1913 5487 2101 5541 hPsal.
2140 5503 2236 5550 cu,
2268 5488 2355 5543 lO.
2441 5487 2458 5527 ί
2498 5488 2662 5543 Josnc
2692 5505 2745 5553 v,
2780 5489 2866 5541 15.

1920 5581 2157 5635 VARUE
2195 5582 2598 5637 LISCTIONES.
3581 5656 3616 5661 ,,
3656 5653 3664 5661 .
3730 5632 3833 5661 τηατ

724 5670 771 5701 ³³
798 5671 1040 5747 πνεῦμα]
1075 5674 1215 5729 Psal.
1239 5690 1418 5730 uxvu
1443 5676 1529 5728 39.
1609 5676 1655 5707 ³⁸
1676 5675 1841 5747 ἐξελ]
1874 5676 1993 5730 1)εεῖ
2038 5668 2193 5737 cum,

2354 5677 2399 5709 '°
2423 5676 2527 5747 ὅτι]
2560 5676 2819 5737 Ρδειιάζῐῐ,
2854 5674 2937 5727 lii.
3019 5675 3060 5703 "
3093 5674 3179 5724 διὰ
3206 5667 3505 5747 "ill-1"“?
3580 5650 3832 5747 ³⁷

645 5752 727 5819 pr,
755 5747 817 5819 ει,
860 5735 1109 5819 ’³³’Ᾱλόξκῳ
1142 5749 1266 5819 add:
1306 5750 1368 5799 Α.
1448 5748 1489 5777 ³⁹
1529 5747 1645 5801 libri
1678 5735 1842 5813 apstuli;
1885 5735 2190 5814 ἐπερςοτᾷνέ

2348 5735 2641 5819 ἡμέτέρος]
2677 5735 2884 5806 λυδές,
2924 5745 3005 5798 l5.
3083 5746 3125 5773 δι
3156 5743 3214 5795 τὸ
3256 5735 3498 5795 causai}.
3530 5749 3541 5783 :

1141 5813 1297 5869 “05v
1326 5818 1445 5871 add.
1483 5818 1544 5870 A.
1626 5817 1667 5849 “
1692 5820 1846 5870 δεσπ.
1901 5821 1956 5871 ἐν
1993 5813 2179 5887 ἑαυτῷ
2220 5836 2277 5881 ς.

648 5812 693 5838 ⁴⁴
722 5812 804 5881 εἴη
846 5814 884 5863 Α
924 5814 971 5864 εἰ
1002 5832 1062 5878 ς.

3575 5717 3769 5779 τοσαῦτα
3790 5718 3831 5763 (ο
