4032 6448
208 384 301 447 801
1264 373 1789 436 BIBLlO’l‘HECA.
1828 395 1898 407 -
1934 369 2095 429 COD.
2137 368 2412 431 CCXXII.

3382 366 3491 430 802

209 497 297 546 καὶ
321 490 584 560 υπεράνω
632 489 813 555 πάσης
858 486 1031 556 ἀρχῆς
1063 485 1156 537 καὶ
1204 485 1455 549 ἐξουσίας
1499 481 1794 550 ἀναγαγὼν

1900 478 2201 547 conjunxit,
2245 488 2300 530 et
2328 492 2494 546 supra
2528 490 2722 533 omnes
2758 475 3105 547 Principatus
3144 491 3208 532 ac
3232 474 3489 534 Potesta-

209 588 263 637 ὲν
281 584 431 654 δεξιᾷ
466 581 794 634 συνεκάθισε
821 577 915 631 τοῦ
955 577 1171 647 Πατρὸς
1193 620 1207 643 ,
1249 576 1408 646 δῆλον
1436 577 1516 629 ὅτι
1554 574 1655 644 τῆς
1690 574 1791 641 ἀγ-

207 675 424 745 γελικῆς
457 673 618 736 ἀξίας
651 673 684 741 ἡ
716 669 964 741 ἡμετέρα
1006 669 1168 738 φύσις
1212 666 1637 741 προτετίμηται.
1678 664 1792 718 Καὶ

209 768 333 821 καθὸ
360 762 675 834 ἐγνωρίσθη
718 760 848 827 ταῖς
891 761 1119 829 Ἀρχαῑς
1150 760 1247 814 καί
1276 759 1406 823 ταῖς
1451 756 1792 822 Ἐξουσίαις

207 861 271 912 ἐν
313 858 442 924 τοῖς
488 856 869 925 ἐπουρανίοις
912 850 1011 907 διὰ
1060 852 1167 920 τῆς
1225 851 1627 919 Ἐκκλησίας,
1669 848 1795 919 ἥτις

208 955 343 1005 ἐστὶν
370 954 399 1004 ὁ
424 954 506 1013 εἰς
535 950 771 1020 Χριστὸν
807 950 1190 1010 πεπιστευκὼς
1224 947 1376 1011 λαὸς,
1410 947 1449 1013 ἡ
1491 942 1789 997 πολυποί-

209 1048 372 1111 κιλος
421 1042 610 1111 σοφία
654 1040 761 1093 τοῦ
796 1041 985 1106 Θεοῦ,
1031 1037 1112 1106 ἦν
1161 1037 1393 1100 ἔδειξεν
1442 1037 1510 1091 ἐν
1560 1030 1793 1103 Χριστῷ

222 1133 462 1201 Ἰησοῦ,
511 1131 603 1184 καὶ
661 1130 805 1183 κατὰ
856 1129 1017 1182 τοῦτο
1072 1129 1134 1181 τὸ
1196 1128 1466 1198 ἡμέτερον
1518 1126 1676 1194 γένος
1731 1124 1792 1176 τὸ

217 1222 905 1298 πρεσϐεῖονάπηνὲγκατο·
970 1221 1100 1295 [529
1167 1222 1261 1294 Η.]
1315 1223 1500 1291 τρίτον
1549 1220 1641 1284 δὲ,
1696 1218 1781 1271 ὅτι

224 1336 327 1390 περ
390 1319 434 1349 ⁸⁸
498 1316 719 1367 ἐκείνων
793 1317 891 1384 τὴν
963 1315 1266 1368 ἀπόλαυσιν
1324 1312 1791 1382 ἐφιλοτιμήθημεν

225 1414 394 1481 ἡμεῖς,
424 1410 497 1471 είς
542 1408 576 1462 ἃ.
609 1407 976 1477 ἐπιθυμοῦσιν
1016 1407 1239 1476 ἄγγελοι
1292 1405 1645 1475 παρακύψαι.
1680 1404 1791 1455 Καὶ

222 1502 341 1553 καθὸ
378 1499 700 1569 ἀμφοτέρων
752 1498 1299 1568 παραπεπτωκότων,
1354 1496 1449 1549 τοῦ
1496 1514 1557 1547 τε
1621 1494 1793 1563 Ἀδὰμ

218 1595 300 1644 καὶ
326 1594 420 1661 τῆς
441 1592 741 1660 άγγελικῆς
772 1591 1004 1655 τάξεως,
1037 1591 1131 1643 τοῦ
1162 1592 1260 1661 μὲν
1285 1590 1384 1661 τὴν
1414 1590 1575 1658 φύσιν
1609 1588 1791 1640 λαϐὼν

213 1682 516 1734 ἀνεσώσατο
542 1721 556 1745 ,
594 1681 702 1732 τῶν
738 1679 795 1732 δὲ
824 1680 1033 1743 οὐκέτι,
1071 1677 1365 1731 κάντεῦθεν
1396 1678 1556 1747 δῆλον
1589 1676 1662 1738 ὡς
1700 1691 1791 1743 ιρι·

211 1772 448 1842 λοτιμίας
490 1773 735 1843 μείζονος
765 1775 798 1841 ἡ
843 1772 1092 1843 ἡμετέρα
1124 1773 1286 1839 φύσις
1317 1769 1678 1839 κατηξίωται.
1718 1767 1791 1820 Τὸ

1895 577 1976 621 tes
2013 574 2260 620 evectum
2308 568 2373 619 ad
2428 567 2679 621 dextram
2725 566 2911 622 Patris
2970 566 3278 623 consedere
3336 566 3491 636 fecit,

1893 657 2155 728 angelicae
2179 657 2395 711 scilicet
2435 656 2686 726 dignitati
2731 666 2916 712 nostra
2950 670 3142 712 natura
3175 661 3488 725 anteposita

1892 760 1997 803 est.
2036 749 2317 814 Quatenus
2348 748 2478 802 item
2511 748 2749 803 innotuit
2781 749 3128 818 Principum:
3162 759 3213 804 et
3243 748 3492 806 Potesta-

1893 844 2031 895 Iibus
2075 844 2128 896 in
2162 842 2461 896 cmleslibus
2506 859 2597 909 per
2631 843 2924 897 Ecclesium
2962 845 3102 913 (quae
3148 854 3203 897 et
3240 845 3291 898 in
3324 846 3490 899 Chri-

1897 946 2042 989 Stum
2088 935 2319 988 credens
2358 934 2622 1005 populus)
2672 934 3021 1003 multiformis
3059 937 3322 1003 sapientia
3366 936 3488 1005 Dei,

1894 1043 2052 1095 quam
2078 1027 2308 1079 exhibuit
2337 1026 2392 1079 in
2433 1026 2647 1080 Christo
2679 1027 2809 1080 λεια
2856 1026 2903 1091 i,
2931 1036 3157 1082 eatenus
3195 1029 3357 1082 etiam
3392 1044 3492 1098 ge-

1897 1135 1998 1174 nus
2046 1119 2341 1172 humanum
2378 1119 2585 1187 primas
2637 1119 2841 1174 retulit.
2879 1118 3067 1174 Tertio
3109 1122 3255 1189 quod
3289 1120 3380 1174 illo
3408 1121 3493 1173 iu-

1896 1227 2062 1283 super
2096 1226 2321 1267 munere
2358 1229 2422 1267 ex
2470 1213 2840 1268 muniﬁcentia
2887 1214 3074 1267 donati
3104 1213 3291 1278 simus
3332 1225 3389 1267 ut
3424 1215 3492 1267 iis

1896 1306 2150 1360 fruamur
2211 1306 2400 1368 rebus,
2434 1306 2487 1360 in
2528 1320 2666 1375 quas
2713 1306 3029 1360 desiderant
3074 1305 3251 1375 angeli
3286 1307 3493 1374 prospi~

1895 1414 2022 1453 cere
2060 1398 2117 1450 ιι.
2164 1397 2448 1464 Quatenus
2489 1399 2657 1452 etiam
2699 1398 2949 1465 utrisque
3000 1397 3168 1467 lapsis
3199 1400 3409 1452 Adamo
3435 1409 3491 1455 et

1895 1492 2214 1559 angelorum
2299 1491 2602 1551 ordinibus.
2658 1490 2806 1545 illius
2866 1495 2997 1559 (non
3065 1492 3195 1546 item
3261 1492 3481 1562 horum)

1896 1592 2176 1651 assumpta
2223 1590 2443 1645 natura,
2493 1582 2723 1635 salutem
2754 1583 2954 1635 attulit.
2989 1585 3167 1651 Atque
3209 1583 3485 1643 hinc.cla-

1899 1692 2017 1729 rutn
2051 1686 2156 1740 est,
2196 1674 2391 1742 majori
2427 1674 2638 1728 honore
2685 1675 2905 1743 dignam
2950 1689 3073 1730 esse
3104 1675 3348 1730 habitam
3389 1692 3487 1729 na-

1897 1782 2077 1823 turam
2115 1778 2383 1822 nostram.
2415 1768 2570 1832 Quod
2605 1775 2786 1821 autem
2814 1767 2868 1820 in
2902 1769 3316 1823 resurrectione
3346 1769 3491 1823 sicut

205 1863 255 1915 δὲ
283 1867 337 1915 ἐν
369 1866 441 1933 τῇ
494 1865 788 1918 ἀναστάσει
818 1860 895 1925 ὡς
937 1863 1207 1930 ἀγγέλους
1249 1857 1390 1913 εἶναι
1415 1862 1544 1921 τοὺς
1581 1857 1796 1929 ἀνθρώ-

1904 1861 2079 1929 angeli
2131 1868 2292 1915 erunt
2341 1860 2592 1915 homines
2626 1859 2669 1925 ι,
2721 1874 2826 1913 non
2859 1859 2912 1911 id
2962 1859 3248 1928 utriusque
3274 1861 3491 1928 generis

206 1971 330 2017 πους
364 1955 469 2007 οὐκ
508 1952 785 2023 ἰσοτιμίαν
823 1954 1085 2023 ἑκατέρου
1116 1954 1308 2021 γένους
1335 1952 1612 2017 διδάσκει,
1653 1950 1790 2004 ἀλλὰ

203 2043 480 2095 πολιτείαν
539 2042 902 2112 ὁμοιότροπον
959 2044 1250 2112 μαρτυρεῖ·
1313 2040 1616 2111 τηνικαῦτα
1680 2041 1789 2111 γὰρ

204 2134 389 2204 ὥσπερ
432 2134 544 2187 οὐδ’
590 2135 640 2187 οί
681 2133 944 2202 ἄγγελοι,
976 2132 1153 2196 οὕτως
1196 2132 1318 2185 οὐδὲ
1359 2132 1418 2184 τὸ
1448 2131 1791 2203 ἀνθρώπινον

203 2230 353 2294 γένος
384 2228 566 2296 γάμου
597 2225 691 2279 καὶ
723 2226 1051 2296 σωματικῆς
1080 2225 1301 2295 ὁμιλίας
1328 2224 1635 2294 δεήσονται.
1668 2223 1790 2275 Ἔτι

204 2321 258 2373 δὲ
299 2319 451 2373 οὐδὲν
499 2319 704 2373 κωλύει
760 2320 856 2372 καὶ
902 2319 1029 2381 τοὺς
1086 2317 1410 2388 ἀνθρώπους
1469 2315 1791 2384 ίσαγγέλους

205 2416 357 2478 ὂντας
387 2414 421 2483 ἢ
460 2413 635 2485 βραχύ
685 2432 736 2466 τι
772 2413 904 2482 παρ’
938 2412 1137 2475 αὐτοὺς
1189 2412 1615 2481 ἠλαττωμένους
1666 2408 1789 2479 μεί-

207 2507 352 2571 ζονος
387 2508 683 2561 ἀπολαύειν
725 2507 921 2576 δώρου,
958 2507 1087 2559 ὅταν
1117 2506 1166 2558 οἱ
1219 2505 1318 2575 μὲν
1348 2506 1643 2575 ἀσωμάτου
1689 2504 1794 2572 φύ-

207 2615 339 2660 σεως
399 2598 659 2667 τυχόντες
723 2597 819 2650 καὶ
876 2595 977 2665 τῆς
1035 2596 1242 2659 οἰκείας
1306 2595 1792 2663 ἁποστατήσαντες

202 2690 357 2761 δόξης
393 2691 490 2742 καὶ
518 2688 676 2754 ἀξίας
706 2687 1126 2759 ἀμεταμέλητον
1158 2686 1489 2758 συντηροῦσι
1509 2688 1608 2756 τὴν
1639 2685 1792 2737 πτῶ-

204 2800 305 2848 σιν,
363 2784 528 2853 ήμεῖς
576 2782 633 2835 δὲ
688 2785 750 2835 τὸ
802 2781 1025 2834 ἔλαττον
1074 2780 1301 2834 ἐκείνων
1350 2780 1410 2845 ἐξ
1460 2780 1630 2849 αὐτῆς
1691 2778 1793 2845 τῆς

200 2876 456 2937 πλάσεως
478 2873 736 2938 λαϐόντες
765 2873 852 2928 διὰ
882 2876 981 2945 τὴν
1016 2875 1152 2944 πρὸς
1181 2874 1242 2927 τὸ
1276 2873 1437 2942 σῶμα
1464 2874 1790 2942 συνάφειαν,

199 2962 320 3019 εἶτα
349 2968 453 3036 τῆς
478 2966 701 3037 ἐντολῆς
729 2964 1165 3036 παραρρυἐντες,
1202 2963 1263 3016 οὐ
1306 2962 1573 3033 φιλοῦμεν
1608 2961 1793 3032 μένειν

195 3059 254 3110 ἐν
282 3056 364 3127 τῷ
397 3056 679 3127 πτώματι,
713 3056 803 3108 διὰ
828 3054 1118 3125 μετανοίας
1148 3054 1205 3106 δὲ
1233 3054 1457 3105 ἐκείνων
1488 3054 1597 3105 τῶν
1624 3054 1795 3104 ἐκπε-

196 3151 411 3202 σόντων
438 3148 537 3219 τὴν
580 3148 733 3218 λῆξιν
770 3146 1100 3200 καταλαϐεῖν
1132 3145 1457 3215 σπεύδομεν,
1494 3146 1586 3198 καί
1617 3158 1680 3212 γε
1724 3142 1793 3196 δι’

1902 1952 2267 2021 σξιιωιιὶισιοιιι
2317 1952 2535 2015 edocet,
2587 1952 2683 2003 sed
2740 1949 2984 2004 assimile
3032 1950 3298 2004 duntaxat
3361 1951 3486 2004 vita:

1898 2062 2070 2117 genus
2123 2053 2439 2098 attestatur.
2478 2039 2635 2098 Tunc
2686 2043 2857 2106 enim,
2898 2044 3354 2111 quemadmodum
3387 2058 3489 2096 au-

1899 2138 2002 2206 geli
2044 2152 2151 2191 non
2198 2137 2467 2207 indigent,
2514 2137 2595 2191 sic
2644 2150 2821 2203 neque
2864 2149 3035 2205 genus
3066 2138 3360 2191 humanum
3386 2153 3488 2191 nu-

1899 2230 2029 2299 ptiis
2086 2236 2179 2283 aut
2226 2243 2523 2299 corporum
2585 2242 2885 2295 congressu
2938 2228 3223 2299 indigebit.
3283 2229 3491 2284 Praeter

1901 2324 2026 2387 ista,
2079 2320 2214 2375 nihil
2263 2321 2515 2390 prohibet
2563 2321 2813 2376 homines
2854 2321 3065 2391 angelis
3108 2322 3367 2390 aequales,
3402 2323 3491 2376 vel

1900 2414 2298 2482 paulomiuus"
2325 2413 2393 2466 ab
2436 2413 2542 2467 illis
2570 2413 2866 2468 diminutos
2900 2412 3074 2479 majus
3112 2413 3327 2482 aliquod
3355 2430 3490 2467 con-

1901 2506 2053 2574 sequi
2089 2519 2306 2570 munus,
2338 2505 2557 2573 quando
2599 2505 2818 2572 quidem
2853 2504 2955 2569 illi,
2986 2505 3091 2574 qui:
3117 2506 3364 2573 corporis
3387 2521 3489 2559 ex-

1901 2606 2108 2666 pertem
2153 2605 2402 2648 naturam
2447 2596 2732 2650 consecuti
2778 2604 2930 2659 sunt,
2964 2596 3051 2649 ubi
3096 2596 3264 2649 semel
3297 2610 3327 2648 e
3359 2612 3490 2664 pro-

1901 2688 2021 2757 prio
2069 2690 2274 2742 honore
2305 2698 2362 2741 et
2402 2687 2576 2757 gloria
2628 2688 2977 2753 exciderunt,
3017 2689 3070 2741 in
3101 2703 3203 2742 suo
3226 2688 3487 2756 deinceps

1902 2793 2030 2831 casu
2086 2779 2205 2831 sine
2249 2778 2569 2846 pmuitentia
2625 2788 2956 2833 remanent:
3018 2791 3118 2832 nos
3175 2793 3326 2849 vero,
3360 2794 3487 2832 cum

1902 2867 2220 2923 inferiorem
2277 2869 2385 2923 illis
2436 2870 2805 2923 conditionem
2860 2884 2929 2922 ex
2996 2870 3227 2935 ipsamet
3278 2871 3491 2939 origine

1903 2970 2088 3015 nostra
2126 2959 2371 3030 (propter
2407 2963 2653 3031 corporis
2696 2962 3163 3031 conjunctionem)
3211 2961 3485 3029 acceperi-

1904 3069 2046 3118 mus,
2111 3065 2441 3123 prazceptum
2504 3054 2703 3108 deinde
2762 3055 3111 3123 transgressi,
3149 3054 3201 3107 in
3249 3053 3491 3121 peccatis

1903 3142 2115 3199 hazrere
2147 3145 2423 3210 nolumus,
2460 3146 2553 3199 sed
2608 3146 2823 3199 illorqu
2874 3146 2965 3214 qui
3017 3145 3492 3199 excideruntsorm

191 3238 513 3311 ὑπερϐολὴν
538 3239 850 3310 φιλοτιμίας
884 3238 976 3291 τὸν
1009 3239 1244 3307 οὐρανὸν
1270 3238 1368 3291 καὶ
1399 3236 1500 3308 τὴν
1527 3236 1622 3289 τοῦ
1655 3234 1793 3288 θεοῦ

1905 3247 2032 3301 tem,
2084 3252 2180 3304 per
2228 3238 2610 3307 paenitentiam
2667 3252 2997 3306 recuperare
3053 3231 3361 3291 s'tudemus.
3423 3234 3493 3288 Et

186 3332 487 3403 βασιλείαν
516 3333 637 3389 ἀντὶ
664 3330 759 3383 τοῦ
788 3330 1119 3402 παραδείσου
1148 3328 1791 3401 κατακληροδοτούμεθα.

260 3606 501 3667 Τούτοις
530 3605 933 3676 ὲπιλυσάμενος
962 3604 1023 3657 τὸ
1053 3604 1410 3674 ζητούμενον,
1444 3605 1523 3665 εἰς
1548 3601 1796 3655 ἀνάπτυ-

181 3704 277 3766 ξιν
308 3702 533 3772 πρόεισι
568 3701 665 3769 τῆς
701 3700 1021 3770 παραϐολῆς
1050 3698 1083 3769 ἦ
1134 3716 1217 3761 τις
1246 3698 1339 3750 τὸν
1386 3696 1655 3766 νεώτερον
1696 3694 1798 3747 καὶ

178 3796 416 3849 ἄσωτον
457 3774 571 3845 υἱὸν
615 3792 833 3844 καὶτὸν
869 3791 1241 3861 πρεσόύτερον
1285 3789 1401 3859 ἅμα
1444 3787 1537 3841 τοῦ
1588 3786 1796 3856 πατρὸς

180 3885 440 3953 είσάγει,
473 3883 569 3936 καὶ
594 3884 661 3937 τὰ
690 3883 812 3935 κατ’
839 3884 1038 3946 αὐτοὺς
1073 3881 1394 3943 διατίθεται,
1424 3879 1516 3932 καί
1539 3895 1672 3948 φησι
1706 3878 1797 3929 τὸν

183 3981 297 4049 μὲν
320 3976 709 4053 πρεσϐύτερον
751 3977 865 4029 υίὸν
895 3977 994 4039 τὰς
1024 3974 1327 4042 ἀγγελικὰς
1356 3970 1796 4042 παραδειγματί-

179 4072 312 4136 ζειν
351 4070 614 4141 δυνάμεις
644 4070 844 4140 (χρόνῳ
874 4068 983 4139 γὰρ
1026 4070 1120 4120 καὶ
1151 4068 1340 4137 τρόπῳ
1392 4066 1485 4117 τοῦ
1521 4065 1793 4136 ἡμετέρου

178 4162 400 4230 γένους
428 4164 491 4213 τὸ
523 4161 813 4232 πρεσϐεῖον
845 4158 1007 4212 αὗται
1042 4158 1345 4229 φέρονται),
1366 4156 1458 4209 τὸν
1496 4155 1553 4208 δὲ
1587 4155 1795 4209 ἄσωτον

178 4257 250 4309 τὸ
282 4254 638 4326 ἀνθρώπινον
663 4254 842 4322 γένος,
871 4251 1084 4323 πατέρα
1106 4251 1163 4304 δὲ
1203 4251 1293 4303 τὸν
1321 4248 1664 4319 Δημιουργὺν
1700 4247 1796 4301 καὶ

176 4346 488 4415 Δεσπότην
517 4346 757 4398 πάντων.
787 4343 914 4415 [637
945 4342 1038 4413 IL]
1078 4342 1151 4395 Τὸ
1190 4342 1245 4394 δὲ
1276 4342 1677 4394 ἁποδυσπετεῖν
1706 4340 1796 4392 τὸν

180 4440 581 4511 πρεσϐύτερον
616 4438 732 4490 υίὺν
761 4439 853 4489 ἐπὶ
884 4440 952 4507 τῇ
982 4436 1282 4506 ἀνακλήσει
1313 4436 1406 4487 καὶ
1426 4432 1674 4498 δεξιώσει
1699 4432 1795 4483 τοῦ

177 4531 476 4602 νεωτέρου
504 4571 518 4592 ,
563 4529 637 4600 μὴ
676 4530 775 4601 τῆς
809 4528 1115 4598 ἁγγελικῆς
1161 4528 1259 4597 μὲν
1295 4523 1437 4579 εἶναι
1464 4527 1625 4578 τοῦτο
1652 4523 1793 4592 γνώ-

1899 3343 2028 3383 vero
2083 3342 2181 3396 per
2253 3329 2697 3397 exsuperantiam
2767 3326 3010 3399 [divinas]
3073 3324 3487 3387 muniﬁcentiae,

1899 3423 2096 3476 cmlum
2159 3437 2223 3476 ac
2276 3421 2370 3475 Dei
2414 3437 2639 3490 regnum
2693 3437 2792 3490 pro
2853 3422 3111 3490 paradiso
3170 3418 3490 3474 haereditate

1898 3512 2195 3565 cernimus.

1970 3606 2059 3660 57.
2096 3604 2192 3658 llis
2212 3604 2301 3658 illa
2330 3604 2609 3673 proﬂigata
2627 3605 3030 3673 quzestione,ad
3051 3605 3491 3673 explanationem

1899 3696 2174 3767 parabolae
2211 3696 2527 3765 aggreditur
2554 3705 2606 3760 ιι,
2639 3712 2760 3764 qua:
2800 3695 3074 3766 juuiurem
3113 3709 3177 3750 ac
3206 3699 3490 3767 prodigum

1901 3792 2092 3855 lilium,
2130 3798 2184 3843 et
2214 3784 2485 3843 seniorem
2511 3788 2673 3843 simul
2708 3802 2829 3842 cum
2861 3798 3012 3856 patre
3044 3790 3270 3853 inducit,
3314 3800 3368 3845 et
3399 3807 3497 3845 eo.

1906 3899 2026 3939 rum
2082 3884 2374 3938 historiam
2436 3882 2511 3936 ita
2587 3883 2809 3948 digerit.
2875 3880 2929 3936 lu
2983 3883 3198 3937 seniore
3253 3884 3329 3938 ait
3381 3883 3495 3937 lilio

1898 3978 2113 4031 ostendi
2166 3975 2445 4046 angelicas
2503 3976 2776 4047 potentias
2828 3976 2976 4043 (nam
3028 3985 3082 4028 et
3134 3984 3380 4043 tempore
3434 3986 3492 4029 et

1900 4070 2083 4129 modo,
2119 4078 2306 4121 nostro
2339 4068 2523 4137 generi
2552 4068 2814 4136 dignitate
2839 4065 3148 4135 praestant),
3184 4066 3238 4118 iu
3267 4065 3495 4135 prodigo

1901 4176 2029 4215 vero
2062 4161 2356 4214 humanum
2383 4175 2554 4229 genus
2582 4177 2596 4214 :
2629 4159 2684 4213 in
2712 4170 2869 4225 patre
2896 4157 3219 4213 Creatorem
3247 4157 3490 4211 universi

1899 4270 1963 4309 ac
1990 4254 2295 4311 Dominum,
2312 4254 2718 4323 repraesentari.
2756 4253 2959 4323 200b
2985 4251 3323 4322 indignatum
3361 4266 3492 4306 vero

1899 4348 2174 4402 seniorem
2205 4348 2376 4400 lilium
2416 4346 2763 4401 revocatione
2797 4356 2854 4400 et
2895 4345 3125 4414 benigna
3165 4343 3491 4399 tractatione

1899 4441 2155 4510 junioris,
2222 4456 2329 4494 nou
2377 4441 2480 4495 hoc
2527 4441 2788 4509 angelicae
2817 4454 2939 4494 esse
2986 4438 3189 4492 mentis
3229 4447 3325 4491 aut
3358 4438 3489 4492 alle-

1900 4531 2118 4593 ctiouis.
2158 4532 2252 4584 sed
2281 4529 2593 4599 parabolam
2630 4532 2754 4595 ista,
2792 4544 2900 4597 quo
2926 4526 3175 4583 beneﬁcii
3207 4529 3487 4596 magnitu-

181 4642 309 4693 μης
342 4621 389 4653 ’⁵⁸
416 4623 449 4691 ἢ
482 4622 796 4685 διαθέσεως,
844 4620 1353 4690 κατασχηματίζειν
1394 4618 1451 4670 δὲ
1485 4618 1584 4689 τὴν
1614 4635 1795 4688 παρα·-

1902 4623 2082 4677 diuem
2109 4622 2365 4688 declaret,
2397 4624 2469 4675 ita
2508 4621 2785 4691 ellingere.
2818 4620 3087 4686 Quoniam
3122 4628 3333 4672 tantum
3364 4629 3487 4687 post

180 4715 370 4785 ϐολὴν
392 4713 590 4777 ταῦτα,
620 4714 681 4767 τὸ
713 4713 945 4785 μέγεθος
988 4713 1086 4782 τῆς
1125 4710 1447 4780 εὐεργεσίας
1478 4711 1797 4763 »ἐπιδεικνυ-

183 4809 401 4878 μένην,
455 4808 536 4861 ὅτι
588 4806 859 4877 τοσαύτης
914 4805 1053 4876 μετὰ
1113 4804 1387 4873 τοσαύτην
1440 4803 1710 4857 ἀσωτείαν
1750 4802 1797 4835 ⁸⁷

183 4902 492 4970 ἀπήλαυσε
544 4899 643 4969 τῆς
697 4898 1009 4969 φιλοτιμίας
1052 4898 1080 4949 ὁ
1123 4895 1333 4960 ἄσωτος
1383 4896 1530 4958 υίὸς,
1569 4897 1653 4948 ὅτι
1698 4896 1795 4947 καὶ

186 4991 348 5060 αὐτὴ
380 4992 447 5043 ἂν
481 4991 515 5060 ἡ
560 4990 668 5043 τῶν
695 4989 947 5058 ἀγγέλων
978 4986 1155 5051 τάξις,
1186 4987 1347 5055 εἴπερ
1375 4982 1442 5056 ἦν
1486 4990 1544 5039 ὲν
1575 4991 1638 5056 τῇ
1669 4988 1792 5040 τού-

179 5100 309 5136 των
349 5082 508 5152 φύσει
544 5082 605 5135 τὸ
636 5082 1070 5143 ὲπιὸασκαίνειν,
1110 5079 1470 5151 ἐδυσχέρανεν
1496 5078 1540 5109 ⁸⁸
1584 5080 1650 5132 ἂν
1698 5082 1794 5134 καὶ

176 5176 299 5228 οὐκ
335 5175 570 5244 ἀνεκτὴν
601 5175 844 5246 ἡγήσατο
873 5172 970 5245 τὴν
996 5172 1093 5241 τῆς
1119 5171 1433 5241 φιλοτιμίας
1462 5172 1793 5241 ὑπερϐολήν.

182 5264 315 5317 Ιιοῦ
373 5264 485 5337 γὰρ
542 5266 727 5333 ὅμοιον
779 5266 906 5326 τοὺς
955 5263 1151 5326 αὐτούς
1201 5277 1261 5313 τε
1310 5261 1524 5331 χαίρειν
1580 5262 1674 5314 ἐπὶ
1715 5264 1797 5315 ἐνὶ

182 5356 521 5429 ἁμαρτωλῷ
548 5355 917 5428 μετανοοῦντι,
947 5358 1042 5409 καὶ
1071 5354 1388 5425 βασκαίνειν
1409 5355 1572 5408 πάλιν
1598 5373 1797 5427 πατρι-

271 5498 291 5547 l
338 5497 540 5564 Ephes.
573 5512 654 5560 ιιι,
694 5497 779 5549 10.

180 5578 214 5605 η
256 5567 407 5624 Luc.
445 5583 533 5633 xv,
576 5568 631 5620 ll
669 5582 802 5636 Seqq
929 5575 954 5600 ι·
982 5564 1115 5620 Luc.
1152 5580 1205 5629 ι,
1242 5564 1331 5616 15.

858 5495 883 5534 ιε
918 5492 935 5546 l
966 5493 1112 5547 Petr.
1164 5510 1198 5553 ι,
1237 5492 1317 5545 12.
1396 5489 1643 5548 1Matth.
1690 5510 1840 5562 χχιι,
1895 5498 1996 5564 50;
2032 5497 2169 5554 Luc.
2219 5513 2308 5564 xx,
2351 5499 2440 5552 56.

1901 4722 2011 4767 tam
2047 4713 2319 4782 insignem
2368 4713 2849 4783 intemperantiam
2908 4712 3167 4780 prodigus
3221 4710 3309 4763 ille
3342 4710 3487 4763 lilius

1898 4814 2158 4874 expertus
2189 4814 2274 4860 est
2318 4804 2734 4873 benignitatem,
2776 4814 2835 4856 ut
2867 4803 2981 4870 ipse
3010 4816 3227 4871 quoque
3259 4800 3487 4869 angelo-

1898 4912 2018 4951 rum
2049 4899 2205 4963 ordo,
2233 4897 2277 4950 si
2315 4898 2613 4950 invidentia
2642 4896 2693 4948 iu
2731 4897 2922 4949 horum
2954 4906 3204 4948 naturam
3240 4896 3489 4957 caderet,

1900 4990 2217 5059 indignatus
2245 4990 2432 5057 utique
2464 4988 2679 5051 luisset,
2713 5004 2888 5057 neque
2923 4986 3261 5041 tolerabilem
3297 4995 3489 5053 putas-

1902 5094 1985 5137 set
2033 5090 2241 5136 tantam
2308 5082 2700 5137 benevolentia:
2736 5080 3189 5151 magnitudinem.
3246 5077 3489 5142 Quomo—

1905 5178 1974 5227 do
2004 5177 2148 5229 enim
2184 5174 2388 5245 alioqui
2440 5185 2869 5231 consentaneum
2908 5173 3000 5236 sit,
3048 5168 3218 5226 laetari
3267 5168 3486 5223 eosdem

1906 5280 2073 5333 super
2137 5280 2248 5319 uno
2317 5274 2605 5333 peccatore
2676 5264 3056 5333 pwuitentiam
3112 5267 3376 5330 agente0,
3433 5266 3489 5311 et

1903 5372 2122 5412 rursum
2154 5357 2419 5422 invidere,
2450 5356 2595 5427 quod
2628 5356 2989 5411 amantissimi
3022 5356 3193 5425 patris
3227 5351 3490 5421 amplexi-

2547 5508 2584 5536 τη
2621 5498 2764 5553 Psal.
2828 5514 2947 5564 VIII,
2985 5497 3040 5563 6;
3106 5495 3270 5549 llrbr.
3324 5506 3383 5550 ιι,
3432 5490 3486 5544 7.

1511 5681 1747 5736 VARle
1782 5678 2192 5736 LECTIONES.

301 5778 349 5809 ⁸³
376 5778 469 5832 Et:
514 5777 645 5848 περ]
708 5777 844 5848 ὅπερ
893 5792 976 5847 pr.
1022 5777 1112 5830 A:
1158 5777 1233 5838 ὡς
1293 5791 1442 5830 corr.

188 5865 374 5905 σαντο
401 5866 460 5912 ς.

1520 5776 1565 5807 ⁸⁶
1595 5776 1819 5844 γνώμης
1856 5776 2017 5829 τοῦτο
2075 5794 2138 5840 ς.

2184 5792 2191 5803 ι
2242 5772 2283 5803 ⁵⁷
2315 5774 2553 5826 ἀσωτίαν
2596 5792 2655 5837 ς.
2758 5776 2804 5806 ⁸³
2856 5774 3218 5843 ἐδυσχέραναν
3244 5805 3309 5814 -
3347 5775 3485 5847 τ’]ΥῨΓ
