4032 6450
639 343 748 406 803

1787 338 2054 399 PHOTII
2092 338 2218 399 PA']

2324 338 2596 399 ΑΒΩΗᾹΞ
2639 339 2749 401 CP.
3728 371 3807 435 8M

640 453 742 505 bus
776 448 1032 518 dignatus
1084 447 1275 503 esset?
1324 447 1430 502 Sed
1468 448 1614 503 enim
1664 446 1788 502 talis
1838 448 2218 516 parabolarum

2325 449 2788 551 κῶνόξιουμένῳ
2842 448 3205 551 σπλάγχνων-ς
3238 450 3371 507 ἀλλά
3412 456 3509 529 γὰρ
3546 469 3746 529 τοιοῦτον
3783 486 3810 551 ὴ

641 542 792 597 ﬁctio
839 556 964 596 esse
991 539 1130 596 solet
1172 556 1189 594 :
1229 556 1331 596 nec
1360 540 1506 595 enim
1533 553 1599 596 ea
1628 539 1830 605 solum,
1860 554 1982 609 quae
2013 550 2110 595 aut
2134 540 2222 595 fa-

642 644 727 689 cta
757 642 852 687 aut
878 633 1061 686 futura
1099 639 1227 687 sunt
1257 631 1717 701 complectuntur,
1748 631 1841 686 sed
1869 640 1925 686 et
1950 630 2065 696 illa,
2101 646 2223 702 quae

640 727 910 783 curiosius
959 725 1228 796 quispiam
1275 738 1464 779 eorum
1516 724 1899 779 commovendi
1943 724 2077 789 vim,
2128 733 2222 779 aut

636 818 1226 888 jucunditatem,.aut
1301 813 1776 884 consequentiam,
1835 822 1931 869 aut
1988 815 2222 885 denique

642 906 976 977 adipiscendi
1024 905 1346 960 facilitatem
1382 915 1547 974 utque
1575 903 1869 957 utilitatem
1922 912 2219 959 contexen-

639 1003 729 1066 do,
777 1000 1117 1068 adjungeret.
1164 996 1490 1051 Parabolam
1526 1010 1744 1065 quoque
1776 1005 1995 1049 centum
2036 996 2217 1050 ovium

639 1095 707 1147 ad
740 1094 1054 1160 angelorum
1092 1100 1149 1146 et
1186 1091 1467 1145 hominum
1518 1099 1767 1142 naturam
1815 1088 1999 1142 refert.
2034 1088 2222 1143 Memi-

638 1186 723 1239 nit
752 1185 983 1238 aliarum
1020 1185 1186 1237 etiam
1233 1182 1505 1253 parabolae
1538 1182 1604 1235 de
1633 1180 1745 1234 filio
1786 1180 2015 1249 prodigo
2043 1180 2221 1250 expli-

637 1278 938 1342 cationum,
981 1277 1076 1330 sed
1108 1276 1309 1344 quibus
1348 1274 1605 1329 omnibus
1640 1273 1959 1341 prazdictam
1990 1282 2219 1344 antepo-

638 1372 740 1435 nit,
790 1386 955 1439 quam
1013 1369 1162 1423 varia
1208 1368 1411 1435 ingenii
1464 1367 1833 1421 ostentatione
1886 1366 2220 1421 concinnare

636 1462 838 1515 studet.
894 1461 1018 1515 Haec
1064 1461 1358 1529 septimum
1395 1460 1567 1529 ipsius
1592 1468 1646 1514 et
1687 1459 2027 1514 tricesimum
2058 1467 2221 1528 caput

635 1553 885 1607 studiose
912 1562 1129 1607 tractat.

706 1646 798 1701 58.
823 1644 1198 1715 Ροιιοηιιαξιίι
1223 1643 1500 1699 tricesimo
1512 1652 1707 1700 octavo
1723 1643 1928 1715 capite:
1944 1642 2219 1709 Quomodo

631 1756 726 1809 pro
740 1738 985 1792 omnibus
1004 1748 1243 1791 mortuus
1259 1753 1368 1791 esse
1378 1736 1617 1791 Christus
1629 1738 1858 1803 dicatur,
1872 1752 1991 1790 cum
2005 1736 2217 1790 nonnisi

632 1830 814 1883 multis
828 1828 1073 1883 (statibus
1086 1837 1366 1897 postquam
1379 1828 1592 1897 inﬁnita
1608 1827 1875 1882 hominum
1888 1829 2159 1897 progenies
2171 1836 2218 1880 et
2250 1811 2293 1866 Β

633 1930 759 1972 nata
782 1928 831 1972 et
856 1933 1065 1970 rursum
1085 1926 1247 1970 morte
1281 1917 1453 1970 deleta
1478 1927 1636 1979 esset.
1664 1916 2026 1984 Redemptoris
2042 1918 2220 1971 incar-

631 2012 775 2063 natio
799 2010 1027 2065 evenerit
1045 2007 1267 2063 I’Nodus
1281 2019 1460 2063 autem
1493 2009 1571 2064 sic
1593 2008 1905 2064 dissolvitur
1929 2025 1944 2062 :
1969 2008 2219 2064 multisin

630 2100 769 2157 locis
792 2116 1006 2156 sarcam
1022 2101 1364 2170 Scripturam
1387 2100 1689 2163 testiﬁcari,
1708 2103 1976 2169 quomodo
1994 2111 2120 2157 tunc
2141 2101 2223 2157 vi-

628 2191 907 2258 ventibus,
933 2192 1122 2246 eodem
1162 2193 1330 2247 etiam
1364 2194 1454 2257 iis,
1496 2193 1591 2262 qui
1622 2193 1762 2261 apud
1800 2192 2006 2248 inferos
2035 2202 2217 2259 erant,

631 2298 727 2353 per
753 2284 1030 2339 Christum
1057 2286 1488 2355 redemptionem
1519 2284 1762 2340 venisse.
1793 2283 1934 2339 Nam
1961 2286 2219 2357 princeps

628 2377 1003 2444 apostolorum
1029 2378 1107 2431 ait
1130 2393 1146 2431 :
1182 2375 1250 2431 In
1278 2377 1375 2431 hoc
1398 2376 1537 2430 enim
1564 2385 1810 2431 mortuus
1830 2386 1930 2443 est,
1955 2387 2004 2430 et
2042 2393 2221 2430 resur-

629 2472 789 2534 rexit,
833 2479 889 2523 ut
913 2480 961 2526 et
983 2480 1314 2523 mortuorum
1369 2481 1416 2523 et
1466 2470 1703 2524 uiuorum
1738 2471 2040 2524 dominetur
2070 2480 2117 2527 ι).
2144 2470 2212 2523 Ει

630 2577 861 2616 rursus:
897 2559 998 2615 llis
1018 2562 1109 2631 qui
1147 2563 1202 2614 in
1234 2576 1445 2614 carcere
1485 2570 1638 2614 erant
1683 2560 1958 2630 spiritibus
2010 2560 2218 2615 ueniens

627 2655 939 2723 praedicavit
961 2665 1015 2719 ει,
1050 2663 1106 2707 ιιι
1123 2652 1439 2723 judicentur
1469 2654 1681 2722 quidem
1708 2670 1888 2718 carne,
1911 2653 2093 2708 vivant
2119 2669 2219 2707 au-

629 2757 732 2799 tem
758 2746 967 2814 Spiritu
1000 2755 1047 2799 τ.
1079 2745 1195 2800 Hoc
1225 2755 1332 2808 est,
1374 2754 1433 2798 ut
1489 2745 1695 2809 fideles,
1735 2746 1827 2815 qui
1884 2755 2106 2817 propter
2133 2746 2216 2800 ins

628 2837 945 2892 fidelitatem
997 2852 1152 2891 suam
1203 2846 1523 2906 peccatores
1590 2847 1989 2900 remanserant,
2060 2836 2220 2891 dam-

629 2938 832 2984 nentur
858 2968 873 2993 ,
910 2928 1068 2998 quasi
1125 2927 1286 3000 plane
1339 2942 1469 2982 caro
1509 2926 1664 2990 facti,
1698 2938 1752 2980 et
1788 2926 1986 2982 divulsi
2029 2942 2058 2980 ιι
2093 2924 2219 2996 Spi-

628 3024 758 3077 ritu.
829 3022 1107 3090 Quotquot
1172 3032 1355 3074 autem
1415 3018 1579 3072 etiam
1624 3018 1765 3086 apud
1807 3018 2030 3081 inferos,
2057 3018 2220 3073 Chri-

627 3124 718 3169 sto
741 3114 853 3183 (qui
910 3113 1025 3182 ipsa
1079 3122 1202 3167 erat
1255 3112 1493 3183 justitia)
1549 3111 1922 3174 crediderunt,
1985 3109 2215 3179 spiritali

629 3204 820 3259 laetitia
868 3203 1242 3273 perfruantur.
1310 3204 1451 3259 Illud
1514 3204 1729 3274 igitur:
1790 3198 1861 3253 Ut
1910 3200 2221 3270 judicentur

627 3315 809 3364 carne,
847 3300 913 3353 de
950 3299 1248 3354 incredulis
1314 3299 1521 3353 dictum
1592 3296 1846 3351 afﬁrmat.
1912 3299 1984 3350 At
2033 3296 2217 3351 illud:

638 3392 823 3446 Vivont
851 3393 1079 3460 Spiritu,
1101 3394 1167 3446 de
1184 3392 1555 3446 credentibus.
1590 3390 1759 3446 Porro
1799 3391 1873 3444 ita
1905 3403 2217 3443 sermonem

627 3484 889 3549 instituit,
924 3492 986 3539 ut
1025 3484 1181 3554 quasi
1224 3485 1290 3538 de
1322 3498 1431 3538 uno
1485 3484 1669 3551 aliquo
1724 3482 1873 3552 loqui
1914 3481 2165 3535 videatur
2200 3496 2215 3545 ;

625 3578 756 3648 quia
789 3576 1003 3632 etiamsi
1050 3592 1158 3630 non
1189 3574 1379 3630 eadem
1414 3577 1487 3631 sit
1529 3576 1689 3646 201
1717 3592 1748 3629 a
1793 3574 2133 3629 credentium
2165 3580 2222 3627 et

627 3669 1033 3725 incredulorum
1064 3669 1327 3732 conditio,
1365 3670 1415 3721 in
1450 3684 1616 3722 unum
1668 3678 1849 3721 tamen
1916 3664 2219 3719 inferorum

626 3765 880 3819 ordinem
913 3762 1265 3830 colliguntur.
1293 3762 1474 3831 Atque
1532 3762 1607 3815 ita
1670 3760 1835 3815 etiam
1870 3760 1936 3813 de
1982 3772 2090 3811 uno
2123 3769 2220 3811 eo-

627 3858 862 3923 demque
902 3869 1133 3924 corpore
1189 3864 1458 3923 aagrotare
1484 3854 1628 3908 idem
1668 3862 1724 3907 et
1786 3853 1969 3905 valere
2036 3851 2221 3907 dicere

629 3965 942 4021 possumus,
974 3949 1269 4004 secundum
1305 3948 1466 4001 aliam
1536 3945 1795 3999 nimirum
1845 3953 2008 4011 alque
2055 3942 2217 3996 aliam

626 4049 710 4099 sui
749 4053 981 4114 partem.
1017 4040 1488 4107 Quemadmodum
1549 4047 1732 4091 autem
1799 4033 2036 4103 aliquem
2096 4034 2220 4103 igne

629 4138 879 4194 damnari
912 4147 1075 4208 atque
1110 4137 1289 4207 puniri
1331 4137 1584 4199 dicimus,
1618 4135 1697 4189 sic
1755 4141 1811 4187 et
1852 4147 2009 4188 sacra
2066 4133 2218 4188 Scri-

629 4245 791 4299 ptura
823 4230 987 4285 dicit:
1022 4227 1415 4298 Utjudicentur
1453 4243 1632 4281 carne.
1673 4226 2011 4282 Gravissima
2071 4225 2217 4279 enim

629 4337 791 4394 pugna
830 4332 914 4377 est
941 4320 1203 4393 (maxime
1229 4319 1649 4374 resurrectionis
1704 4317 1967 4388 tempore)
2000 4317 2219 4387 quando

630 4432 694 4470 ea
739 4413 1107 4469 delectatione
1141 4411 1499 4481 perfruuntur
1528 4409 1685 4480 justi,
1746 4423 1870 4478 qua:
1918 4408 2213 4462 humanam

2321 541 2611 607 διάπλασις
2628 542 2738 595 τῶν
2763 542 3114 614 παραϐολῶνο
3141 543 3203 596 οὐ
3225 546 3331 616 γὰρ
3352 546 3419 601 τὰ
3437 558 3666 621 γεγονότα
3686 541 3812 634 μόνοᾷ

2322 635 2357 705 ἢ
2387 635 2735 706 γενησόμενα
2779 635 3261 706 διαλαμϐάνουσιν,
3306 638 3438 694 ἀλλά
3477 646 3565 699 καὶ
3593 649 3626 703 ἃ.
3661 654 3716 707 av
3751 677 3815 727 τις

2324 729 2773 798 συνυφηνάμενος
2797 728 3195 799 ἐναργέστερον
3229 729 3405 783 αὐτῶν
3429 734 3485 786 τὸ
3516 744 3818 816 καταπληκτι-

2321 820 2418 875 κὸν
2443 820 2476 892 ἢ
2515 821 2576 874 τὸ
2604 820 2797 891 ὴδῦνον
2822 820 2855 891 ἢ
2881 821 2943 873 τὸ
2965 820 3258 875 ἀκόλουθον
3296 820 3328 891 ἢ
3360 823 3530 891 ἁπλῶς
3555 830 3610 883 τὸ
3635 835 3818 908 εὐπάρθ-

2321 914 2409 967 δον
2437 917 2784 986 παραστήσει
2822 916 2919 968 καὶ
2947 915 3243 983 ὠφέλιμον.
3290 916 3396 968 Καὶ
3429 918 3529 971 τῶν
3575 928 3615 992 ρ’
3653 926 3699 979 δὲ
3720 948 3820 1001 προ.

2322 1005 2505 1059 ϐάτων
2533 1005 2633 1078 τὴν
2663 1006 2983 1076 παραϐολὴν
3016 1006 3096 1069 εἷς
3129 1022 3193 1058 τε
3220 1006 3345 1069 τοὺς
3370 1008 3614 1077 ἀγγέλους
3648 1020 3725 1071 καὶ
3747 1022 3819 1092 τὴν

2322 1100 2671 1171 ἀνθρωπίνην
2697 1099 2962 1169 ἀναφέρει
2988 1099 3170 1167 φύσιν.
3199 1100 3534 1167 Μνημονεύει
3556 1104 3607 1156 δὲ
3631 1110 3820 1181 περὶτῆς

2322 1190 2639 1262 παραϐολῆς
2671 1190 2765 1243 τοῦ
2817 1188 3027 1243 ἀσώτου
3076 1189 3172 1242 καὶ
3214 1189 3416 1258 ἐτέρων
3455 1192 3604 1246 τινῶν
3640 1196 3822 1252 ἀναπτέ-

2322 1280 2481 1348 ξεων,
2511 1274 2588 1335 ὧν
2616 1281 2716 1349 τὴν
2747 1280 3155 1352 προειρημένην
3184 1281 3411 1335 ἀπασῶν
3440 1285 3715 1354 προκρίνει,
3736 1294 3821 1344 πολ.

2321 1369 2433 1433 λοίς
2455 1370 2626 1441 αὐτὴν
2647 1369 2694 1401 δ’
2735 1371 3053 1443 συγκροτῶν
3081 1371 3476 1441 ἀγωνίσμασιν.
3518 1375 3663 1430 Ἀλλὰ
3698 1382 3819 1436 ταῦτα

2323 1463 2425 1533 μὶν
2456 1463 2606 1535 αὑτῷ
2636 1462 2730 1517 καὶ
2758 1464 2821 1518 τὸ
2846 1463 2891 1529 ζ’
2921 1466 3015 1519 καὶ
3041 1463 3085 1517 λ’
3116 1464 3406 1528 σπουδάζει
3438 1468 3722 1537 κεφάλαιο..

2393 1638 2468 1692 Τὸ
2499 1639 2556 1692 δὲ
2592 1638 2673 1711 λη’
2707 1639 2880 1711 ζητεῖ,
2926 1640 3061 1707 Πῶς
3090 1640 3245 1709 ὑπὲρ
3304 1640 3542 1696 πάντων
3570 1644 3817 1702 ἀποθανεῖν

2322 1730 2453 1803 [550
2502 1729 2597 1803 Η.]
2657 1730 2898 1801 λέγεται
2946 1734 2980 1785 ὀ
3033 1731 3315 1801 Χριστὸς,
3364 1734 3611 1801 πολλαῖς
3653 1741 3811 1807 γενεαῖς

2322 1825 2599 1893 ὕστερον,
2635 1825 2735 1894 ἀφ’
2768 1820 2840 1880 οὗ
2868 1826 3101 1894 μυρίων
3132 1825 3308 1896 γένος
3343 1828 3651 1896 ἀνθρώπων
3678 1831 3806 1899 ἔφυτε

2322 1919 2422 1973 καὶ
2450 1920 2671 1974 κατέδυ
2697 1918 2778 1986 τῷ
2816 1921 3071 1986 θανάτῳ,
3101 1920 3213 1990 τῆς
3240 1921 3390 1976 κατὰ
3410 1924 3514 1976 τὸν
3533 1925 3742 1994 Σωτῆρα
3758 1947 3803 1997 τε.

2320 2010 2657 2079 γενημέγης
2684 2012 3026 2081 οίκονομίας
3052 2029 3072 2079 ;
3110 2012 3222 2065 Καὶ
3251 2011 3526 2065 ὲπιλύεται
3561 2012 3618 2065 τδ
3637 2014 3811 2085 ζήτημα,

2321 2102 2397 2167 ὼς
2431 2102 2699 2174 πολλαχοῦ
2716 2104 3152 2175 διαμαρτύρεται
3177 2106 3210 2172 ἡ
3237 2103 3449 2174 Γραφὴ,
3478 2104 3535 2157 ὃν
3561 2107 3734 2172 τρόπον
3749 2115 3816 2173 τοῖς

2318 2196 2574 2267 τηνικάδε
2622 2195 2797 2262 ζῶσι,
2839 2197 2932 2249 τὸν
2983 2196 3148 2250 αὑτὸν
3206 2196 3309 2250 καὶ
3355 2199 3464 2259 τοῖς
3508 2200 3564 2250 ὲν
3610 2197 3742 2269 ᾍδου
3767 2200 3821 2253 διὰ

2319 2286 2556 2359 Χριστοῦ
2582 2287 2682 2358 τὴν
2709 2288 3093 2359 ἀπολύτρωσιν
3124 2289 3554 2358 παραγενέσθαι.
3589 2290 3728 2357 Λέγει
3751 2292 3822 2360 γὰρ

2319 2384 2347 2436 ὁ
2372 2381 2480 2435 τῶν
2507 2379 2765 2450 μαθητῶν
2785 2383 3101 2451 κορυφαῖος,
3126 2381 3229 2447 Είς
3245 2381 3425 2436 τοῦτο
3446 2382 3491 2412 ⁵ο
3515 2381 3616 2450 γὰρ
3631 2383 3825 2436 ἀπέθανε

2320 2471 2420 2525 καὶ
2451 2471 2699 2539 ἀνέστη,
2724 2471 2824 2523 ἵνα
2840 2470 2938 2524 καὶ
2962 2470 3195 2540 νεκρῶν
3215 2473 3316 2526 καί
3341 2470 3565 2533 ζώντων
3586 2476 3825 2541 κυριεύσῃ.

2321 2562 2435 2617 Καὶ
2468 2562 2652 2616 πάλινο
2686 2562 2815 2629 Τοῖς
2839 2562 2884 2594 ⁸¹
2918 2564 2989 2617 ἐν
3008 2561 3258 2632 φυλακῇ
3301 2564 3610 2632 πορευθείς
3637 2564 3830 2632 ἐκήρυξε

2320 2654 2690 2723 πνεύμασιν,
2726 2655 2828 2708 ἵνα
2858 2656 2903 2687 ⁸⁸
2967 2654 3214 2721 κριθῶσι
3242 2655 3365 2724 μὲν
3406 2655 3602 2723 σαρκὶ,
3642 2654 3753 2716 ζῶσι
3786 2655 3833 2707 δὲ

2320 2746 2636 2815 πνεύματι,
2665 2747 2965 2808 τουτέστιν,
3009 2746 3156 2810 ὅπως
3187 2748 3237 2800 oi
3276 2749 3381 2817 μὲν
3412 2748 3621 2802 ἄπιστοι
3664 2749 3740 2801 καὶ
3774 2748 3834 2799 διὰ

2320 2839 2478 2894 τοῦτο
2530 2841 2847 2912 ἁμαρτωλοὶ
2892 2842 3265 2911 μεμενηκότες
3328 2841 3726 2910 κατακριθῶσιν,
3768 2842 3833 2894 ius

2319 2933 2382 3003 δὴ
2407 2933 2719 3005 ὁλοκλήρως
2745 2934 2882 3004 σὰρξ
2911 2935 3197 3002 γεγονότες
3225 2935 3323 2989 καὶ
3343 2934 3751 3005 διχοτομηθέντες
3768 2933 3832 2985 τοῦ

2322 3025 2637 3095 πνεύματος
2661 3065 2677 3089 ,
2732 3026 2849 3079 ὅσοι
2890 3026 2947 3079 δὲ
2986 3025 3087 3079 κᾶν
3135 3026 3194 3079 ὲν
3231 3026 3401 3097 ’ᾍδου
3455 3024 3661 3098 Χριστῷ
3693 3026 3744 3093 τῇ
3780 3023 3835 3075 δι-

2322 3116 2585 3189 καιοσύνῃ
2619 3118 3060 3182 πεπιστεύκασι,
3091 3118 3193 3187 τῆς
3221 3117 3603 3188 πνευματικῆς
3629 3113 3836 3184 εὐφροσύ-

2320 3226 2420 3277 νης
2449 3208 2798 3263 ἀπολαύωσιν
2815 3210 2882 3263 ⁸³.
2913 3208 2986 3262 Τὸ
3014 3205 3107 3263 οὖν
3139 3210 3277 3264 ’Ἵνα
3304 3210 3546 3279 κριθῶσι
3572 3207 3727 3277 σαρκὶ
3748 3207 3838 3273 περὶ

2320 3299 2428 3353 τῶν
2455 3300 2877 3370 ἀπιστησάντων
2898 3299 3150 3371 εἰρῆσθαί
3170 3318 3329 3369 φησι,
3354 3299 3417 3354 τὸ
3444 3301 3501 3354 δὲ
3532 3299 3676 3353 Ζῶσι
3710 3298 3839 3350 πνεύ-

2315 3410 2458 3461 ματι
2503 3394 2631 3463 περὶ
2680 3392 2790 3446 τῶν
2824 3398 3293 3448 πεπιστευκότων.
3361 3393 3452 3457 Ὠς
3499 3393 3623 3463 περὶ
3671 3390 3765 3452 ἐνὸς
3801 3388 3838 3439 δὲ

2322 3484 2623 3552 φαντασίαν
2654 3484 3028 3555 παρεχόμενον
3058 3484 3331 3556 προφέρει
3361 3484 3455 3538 τὸν
3486 3483 3654 3552 λόγον,
3677 3482 3745 3535 ὅτι
3768 3479 3838 3532 κᾶν

2320 3575 2574 3647 διάφορος
2609 3576 2848 3647 ἑκατέρα
2880 3577 3061 3647 μερὶς,
3095 3576 3205 3630 τῶν
3234 3593 3295 3631 τε
3343 3574 3757 3631 πεπιστευκότων
3775 3572 3841 3625 καὶ

2321 3668 2431 3723 τῶν
2464 3668 2906 3740 ἀπιστησάντων,
2939 3668 3055 3722 ἀλλ’
3098 3664 3192 3723 οὖν
3236 3671 3321 3734 είς
3356 3669 3415 3724 ἓν
3474 3664 3840 3736 συγκεφαλαιοῦ-

2320 3778 2411 3815 ται
2434 3764 2481 3795 ⁸⁵
2512 3763 2574 3815 τὸ
2620 3762 2728 3817 τῶν
2773 3762 3147 3832 καταχθονίων
3191 3763 3407 3834 τάγμα.
3451 3762 3603 3816 Οὕτω
3647 3759 3758 3828 γοῦν
3781 3757 3842 3810 καὶ

2322 3856 2454 3920 περὶ
2488 3852 2740 3923 σώματος
2772 3854 2891 3915 ἑνὸς
2929 3857 3106 3908 νοσεῖν
3128 3855 3190 3907 τὸ
3218 3856 3356 3909 αὐτὸ
3389 3855 3484 3908 καὶ
3524 3852 3758 3921 ὑγιαίνειν
3782 3848 3842 3899 λέ-

2321 3962 2439 4015 γειν
2468 3945 2747 4015 δυνάμεθα
2770 3986 2787 4013 ,
2838 3946 2959 4001 κατ’
3012 3946 3142 4001 ἄλλο
3181 3947 3350 4019 μέρος
3384 3948 3481 4002 καὶ
3514 3945 3637 4002 ἄλλο
3672 3942 3749 3997 τοῦ
3772 3941 3842 3993 σώ-

2325 4056 2516 4110 ματος.
2554 4040 2771 4113 Ὥσπερ
2817 4041 2875 4096 δέ
2911 4059 3093 4112 φαμεν
3135 4042 3229 4095 τὸν
3257 4042 3413 4097 δεῖνα
3440 4044 3574 4112 πυρὶ
3619 4037 3839 4110 κρίνεσθαι

2321 4134 2417 4186 κα)⁵
2462 4132 2825 4199 κολάζεσθαι,
2863 4134 3008 4188 οὕτω
3049 4134 3198 4205 λέγει
3230 4136 3330 4190 καὶ
3355 4136 3418 4189 τὸ
3469 4136 3610 4205 ἱερὸν
3639 4134 3838 4202 γράμμα»

2323 4224 2448 4277 Ἵνα
2479 4224 2725 4292 κριθῶσι
2753 4224 2956 4292 caput.“
2983 4224 3218 4293 μεγίστη
3252 4224 3364 4295 γὰρ
3395 4224 3642 4285 κόλασις,
3672 4220 3750 4272 καὶ
3774 4214 3842 4284 μά-

2320 4316 2480 4375 λιστά
2518 4334 2583 4384 γε
2632 4316 2776 4370 κατά
2812 4315 2906 4369 τδν
2938 4315 3040 4384 τῆς
3085 4316 3441 4378 ἀναστάσεως
3488 4312 3689 4384 καιρὸν,
3724 4306 3841 4376 ἡνίκα

2320 4407 2420 4476 τὴν
2452 4406 2592 4475 ὑπὲρ
2623 4405 2911 4475 ἄνθρωπον
2941 4405 3154 4476 τρυφὴν
3182 4406 3468 4476 τρυφῶσιν
3501 4406 3549 4457 oi
3575 4403 3751 4456 δίκαιοι
3778 4395 3841 4447 καὶ

627 4521 845 4561 omnem
885 4513 1133 4576 superat,
1168 4514 1225 4558 et
1253 4504 1459 4572 Spiritu
1486 4503 1693 4568 vivunt,
1716 4501 2058 4571 peccantium
2088 4512 2215 4556 tunc

2321 4497 2595 4566 πνεύματι
2653 4496 2823 4563 ζῶσι,
2880 4498 3006 4550 τότε
3046 4498 3109 4550 τὸ
3148 4497 3257 4551 τῶν
3309 4496 3646 4568 ἁμαρτωλῶν
3690 4487 3843 4557 πλῆθος

557 4587 563 4597 ’
629 4599 1031 4653 tnultitudinem
1071 4598 1125 4651 in
1159 4597 1301 4651 nuda
1339 4608 1528 4657 carne,
1565 4602 1620 4647 et
1651 4595 1769 4648 sine
1824 4592 1930 4647 ulla
1972 4592 2209 4663 spiritali

628 4693 824 4763 gratia,
857 4694 1022 4745 vitam
1060 4705 1215 4745 suam
1268 4691 1319 4743 in
1383 4697 1647 4743 aeternum
1701 4686 2005 4755 transigere
2050 4696 2213 4756 atque

628 4793 938 4838 conterere.
962 4781 1165 4837 Verum
1218 4790 1274 4835 et
1340 4779 1501 4834 aliam
1547 4779 1672 4834 licet
1698 4779 1822 4833 huic
1875 4780 2021 4833 dicto
2082 4781 2214 4832 dare

624 4876 1092 4945 explanationem.
1142 4873 1234 4926 Ait
1286 4874 1431 4928 enim
1480 4873 1699 4927 divinus
1756 4871 2001 4927 Paulus:
2043 4871 2211 4941 Cujus

626 4984 758 5036 Opus
787 4970 1002 5028 arserit,
1043 4965 1421 5019 detrimentum
1447 4966 1724 5035 patietur;
1747 4965 1856 5034 ipse
1895 4973 2067 5017 autem
2092 4961 2206 5016 sal-

627 5058 861 5123 vabitur,
889 5059 967 5112 sic
992 5067 1170 5110 tamen
1200 5057 1352 5124 quasi
1374 5070 1466 5123 per
1510 5055 1703 5124 ignem.
1732 5050 1803 5106 Et
1859 5052 2211 5120 uniuscujus-

624 5170 722 5222 que
782 5168 932 5222 Opus,
981 5152 1138 5221 quale
1177 5153 1269 5217 sit,
1323 5149 1462 5218 ignis
1510 5146 1750 5217 probabit
1779 5152 1828 5199 ³.
1861 5144 1929 5199 Ει
1978 5160 2045 5199 ne
2090 5145 2213 5214 quis

627 5246 928 5309 existimet,
959 5243 1419 5314 quemadmodum
1441 5249 1751 5310 peccatum,
1779 5238 1860 5292 sic
1889 5247 1945 5292 et
1980 5252 2211 5306 peccan-

625 5350 734 5393 tem
762 5338 1219 5393 concremandum
1247 5344 1410 5403 atque
1439 5330 1896 5396 consumendum,
1917 5337 2207 5399 prepterea

624 5431 776 5484 addit
810 5448 825 5485 :
860 5438 922 5484 ut
947 5429 994 5484 si
1033 5441 1202 5499 opera
1236 5427 1465 5481 ardeant
1511 5434 1678 5493 atque
1719 5421 2058 5491 dispareant,
2100 5435 2208 5475 non

697 5555 726 5596 ι)
751 5545 916 5602 Rom.
947 5559 1065 5611 xiv,
1089 5544 1145 5599 9.
1220 5551 1250 5592 ει
1280 5541 1303 5597 1
1346 5538 1499 5595 Petr.
1530 5554 1613 5606 ιιι,
1659 5539 1747 5595 l9.
1827 5548 1851 5579 τ
1888 5539 2022 5595 ibid.
2056 5552 2131 5605 ιν,
2162 5538 2217 5589 6.

2323 4588 2490 4659 σαρκὶ
2514 4587 2643 4659 ψιλῇ
2680 4588 2778 4642 καὶ
2814 4591 2998 4660 πάσης
3024 4590 3407 4660 πνευματικῆς
3433 4582 3798 4658 κεχωρισμένον
3813 4576 3842 4607 ³⁵

2320 4681 2544 4751 χάριτος
2572 4681 2664 4734 τὸν
2716 4681 2830 4751 βίον
2860 4680 2929 4734 δι’
2962 4681 3163 4745 αίῶνος
3192 4682 3569 4748 ὲξαναλίσκειν
3610 4677 3695 4730 καὶ
3722 4686 3845 4725 κατα-

2319 4773 2625 4844 τρίϐεσθαι.
2661 4774 2819 4827 Ἔστι
2869 4774 3053 4845 μέντοι
3096 4774 3192 4828 καὶ
3240 4774 3438 4846 ἑτέραν
3486 4770 3752 4826 ἀποδοῦναι
3782 4758 3846 4814 τοῦ

2322 4865 2490 4937 ῥητοῦ
2518 4864 2867 4935 διασάφησιν.
2916 4865 2975 4918 Ὀ
3007 4864 3148 4929 θεῖός
3195 4881 3329 4934 φησι
3361 4862 3593 4926 Παῦλος,
3625 4853 3696 4912 Οὗ
3725 4867 3848 4913 τινος

2319 4958 2388 5012 τὸ
2426 4958 2606 5028 ἔργον
2630 4956 3114 5025 κατακαήσεται,
3163 4955 3609 5025 ζημιωθήσεται,
3646 4948 3757 5022 ιθιυ
3781 4940 3845 5009 Βσ]

2318 5049 2505 5116 αὐτὸς
2525 5049 2593 5102 δὲ
2629 5051 2992 5118 σωθήσεται,
3017 5048 3207 5113 οὕτως
3235 5046 3301 5099 δὲ
3325 5048 3407 5113 ὡς
3436 5046 3534 5099 διὰ
3562 5042 3750 5110 πυρός·
3776 5031 3847 5088 καὶ

2318 5142 2582 5197 ἑκάστου
2613 5142 2679 5195 τὸ
2713 5141 2894 5211 ἔργον
2930 5142 3143 5196 ὁποῖόν
3166 5141 3320 5207 ἐστι,
3352 5139 3422 5193 τὸ
3468 5138 3584 5206 πῦρ
3619 5130 3750 5189 αὐτὸ
3777 5126 3849 5179 ὅο-

2320 5233 2579 5303 κιμάσει.
2621 5234 2732 5287 Καὶ
2769 5232 2855 5286 ἵνα
2889 5234 2964 5303 μή
3002 5250 3087 5294 τις
3132 5231 3325 5301 νομίσῃ
3370 5230 3557 5298 ὥσπερ
3594 5226 3684 5295 τὴν
3708 5222 3846 5289 ἀμαρ-

2317 5327 2460 5390 τίαν,
2497 5325 2642 5379 οὗτω
2697 5325 2794 5379 καὶ
2848 5324 2937 5378 τὸν
2985 5323 3451 5395 ὲξαμαρτήσαντα
3505 5310 3847 5374 κατακαίεσθαι

2319 5418 2415 5473 καὶ
2435 5418 2517 5483 είς
2548 5418 2861 5488 ἀφανισμὸν
2880 5419 3103 5487 χωρεῖν,
3142 5417 3338 5484 ἐπάγει
3374 5415 3451 5479 ὡς
3477 5416 3525 5467 εἰ
3554 5412 3641 5466 καὶ
3666 5407 3727 5460 τά
3745 5404 3845 5473 ἔργα

2402 5542 2425 5571 ⁸
2455 5534 2622 5591 lCor.
2657 5551 2741 5602 ιιι,
2765 5534 2956 5589 15-15.

1916 5652 2149 5708 νΑιιιλΕ
2175 5650 2584 5707 LECTIONES.

690 5747 928 5820 δἀθτὴν
969 5762 1023 5802 ιιι
1057 5763 1166 5818 mg.
1209 5749 1371 5803 habet
1396 5750 1462 5799 Α.
1504 5745 1699 5820 _'°_sic
1752 5744 2121 5820 roiiro]_l_iom.
2157 5744 2364 5820 τιὴ-9.
2444 5746 2487 5777 ω
2519 5742 2655 5820 τοζξι
2704 5741 2724 5796 Ι
2767 5742 2916 5798 Petr.
2969 5755 3061 5820 ιιι,
3118 5739 3205 5793 19.
3294 5739 3336 5772 ⁸³
3367 5734 3484 5811 ἵνα]
3529 5731 3657 5791 ibid.
3699 5742 3758 5791 ιν,
3801 5717 3841 5773 6-

623 5814 671 5850 ⁸⁸
703 5813 1052 5873 ἀπολαῦωσιν
1098 5813 1244 5875 (εόιτ.
1279 5821 1320 5875 Δ
1360 5816 1762 5883 εὰπολαύουσιν
1801 5834 1862 5880 ς.
1913 5813 1989 5849 ’⁸⁸
2022 5815 2414 5885 κεφαλαιοῦται
2449 5832 2509 5878 ς.
2588 5813 3093 5884 ’δίκεχωρισμένων
3125 5828 3186 5875 ς.
