4032 6456
273 371 377 434 805

1358 365 1882 429 BIBLIOTHECA.
1923 362 2174 425 -COD.
2214 363 2495 425 CCXXII.

3433 369 3542 434 806

272 477 680 547 κατακαήσεται
711 475 807 528 καὶ
836 475 1285 547 ἀφανισθήσεται,
1325 478 1442 533 ἀλλ’
1483 477 1645 537 αὐτὸς
1677 478 1705 529 6
1744 475 1846 544 τῆς

1965 485 2130 524 :amen
2169 470 2346 537 ipsum
2378 477 2725 537 peccatorem
2754 484 2857 525 una
2897 471 3312 541 dispariturum.
3351 476 3543 533 Salva-

266 569 543 641 άμαρτίας
577 566 816 637 ἐργάτης
847 567 908 618 οὐ
940 568 1491 638 συναφανισθήσεται·
1537 569 1843 638 σωθήσεται

265 661 338 725 δὲ,
373 660 626 713 τουτέστι
658 657 901 725 διαμενεῖ
924 660 991 728 τῇ
1033 659 1272 728 διηνεκεῖ
1296 657 1517 713 κολάσει
1546 661 1845 730 συντηρού-

266 769 448 823 μενος.
502 751 623 804 Ἵνα
670 749 728 802 δὲ
760 748 817 800 τὸ
868 748 1206 815 σωθήσεται
1230 750 1306 821 μὴ
1352 750 1481 824 δόξῃ
1525 750 1702 819 λέγειν
1732 753 1847 814 τοῖς

264 839 632 913 αίρετίξουσιν
656 839 731 901 ὡς
756 841 855 910 τῆς
889 839 1166 909 ἁμαρτίας
1189 841 1589 911 δαπανωμένης
1617 843 1714 895 καὶ
1739 842 1849 894 τῶν

263 927 608 1001 ἁμαρτωλῶν
638 927 870 991 ἕκαστος
904 930 996 982 τοῦ
1026 930 1190 1000 χοροῦ
1223 932 1332 985 τῶν
1362 932 1589 985 δικαίων
1622 931 1849 985 καὶτῶν

267 1022 594 1089 σωζομένων
620 1022 934 1090 γενήσεται,
962 1022 1061 1091 τῆς
1084 1022 1184 1089 μὲν
1210 1023 1483 1086 κολάσεως
1509 1024 1846 1093 παυομένης,

268 1114 371 1183 τῆς
401 1113 445 1165 δ’
469 1110 820 1173 ἀπολαύσεως
845 1111 1033 1181 κοινῆς
1059 1113 1232 1166 ἅπασι
1260 1114 1682 1184 προτιθεμένης,
1714 1115 1850 1183 μετά

273 1205 340 1257 τὸ
371 1203 700 1269 Σωθήσεται
734 1202 953 1272 ἐπάγει,
981 1203 1077 1273 τὴν
1116 1204 1342 1274 γνώμην
1376 1205 1556 1259 αὐτῶν
1592 1204 1851 1274 ἐμφανῶς

283 1296 689 1365 καταστρέφων,
714 1295 903 1361 οὕτως
922 1296 990 1348 δὲ
1013 1297 1089 1362 ὠς
1120 1296 1219 1350 διὰ
1242 1298 1457 1365 πυρὸς,
1486 1301 1733 1351 τουτέστι
1755 1301 1854 1369 τῆς

286 1388 374 1439 διά
402 1386 560 1456 πυρὸς
596 1386 871 1456 τιμωρίας
905 1386 1005 1439 οὐκ
1034 1388 1426 1459 ἀπολυόμενος.
1464 1389 1855 1459 Παραπλήσιον

280 1479 453 1530 τοίνυν
492 1479 610 1530 ἐστὶ
637 1478 731 1530 καὶ
759 1480 897 1548 ὅπερ
934 1481 1151 1549 εἴρηται
1180 1482 1310 1551 περὶ
1349 1480 1457 1533 τῶν
1486 1483 1546 1534 ὲν
1588 1481 1749 1552 ’ᾼδου
1780 1481 1856 1551 μὴ

277 1571 689 1624 πιστευσάντων
730 1570 808 1639 τῷ
858 1570 1097 1640 Χριστῷ.
1146 1571 1401 1625 Βούλεται
1428 1572 1535 1642 γὰρ
1568 1571 1760 1642 δηλοῦν
1793 1572 1857 1625 τὸ

275 1663 409 1715 Ἵνα
439 1660 688 1729 κριθῶσι
716 1661 891 1728 σαρκὶ
914 1702 928 1726 ,
959 1664 1055 1714 καὶ
1091 1662 1245 1730 ἑξῆς,
1269 1663 1329 1714 τὸ
1352 1663 1608 1735 κριθῆναι
1634 1663 1733 1733 μὲν
1762 1664 1859 1717 a6-

269 1755 399 1817 τοὺς
444 1754 672 1806 τοιαῦτα
712 1747 799 1805 οἷα
842 1755 1056 1821 πέφυκε
1108 1754 1395 1822 κρίνεσθαι
1435 1754 1608 1824 σὰρξ,
1654 1754 1754 1825 ζῇν
1800 1755 1855 1809 δὲ

1953 562 2103 616 bitur
2124 578 2265 625 vero,
2294 562 2401 615 hoc
2420 571 2531 622 est,
2556 573 2833 630 perpetua:
2864 566 3105 620 manebit
3158 582 3332 635 pinnae
3362 586 3543 624 reser-

1945 664 2123 707 vatus.
2140 653 2211 705 At
2224 667 2293 705 ne
2308 652 2456 716 illud,
2482 650 2802 719 Saluabitur,
2816 655 3061 711 videatur
3078 658 3260 713 dicere
3274 662 3542 729 sectariis,

1945 744 2097 814 quasi
2125 755 2349 811 peccato
2373 759 2634 814 expenso,
2661 758 3003 817 peccatorum
3028 751 3255 819 quilibet
3289 754 3353 806 ad
3372 752 3547 820 justu-

1946 851 2067 889 rum
2089 844 2252 904 atque
2275 835 2605 892 salvatorum
2642 850 2841 895 coetum
2859 844 3231 913 adjungendus
3248 848 3546 913 esset(ces-

1946 933 2105 978 sante
2135 925 2408 980 nimirum
2430 943 2612 995 poena,
2634 945 2699 984 ac
2722 935 2996 987 communi
3020 935 3269 989 omnibus
3294 936 3548 992 libertate

1948 1014 2271 1084 proposita),
2304 1026 2426 1084 post
2454 1017 2601 1083 illud,
2642 1018 2965 1087 Saluabitur,
2989 1023 3158 1090 addit,
3177 1028 3320 1094 quod
3355 1042 3546 1082 eorum

1950 1108 2277 1161 sententiam
2337 1108 2679 1165 manifestius
2723 1115 2971 1168 evertit:
3024 1116 3117 1170 Sic
3167 1129 3343 1172 tamen
3394 1123 3547 1187 quasi

1950 1212 2047 1266 per
2081 1200 2273 1268 ignem,
2318 1199 2371 1254 id
2431 1210 2535 1267 est,
2592 1204 2659 1257 ab
2721 1204 2861 1272 ignis
2916 1220 3074 1273 pana
3112 1224 3219 1262 non
3262 1210 3543 1267 liberatus.

1955 1289 2128 1344 Aﬂine
2169 1291 2332 1360 igitur
2366 1301 2422 1345 et
2462 1292 2596 1348 illttd
2625 1304 2726 1357 est,
2772 1299 2915 1365 quod
2937 1299 3003 1352 de
3032 1300 3098 1352 iis
3151 1301 3415 1366 diximus,
3447 1304 3540 1370 qui

1959 1383 2101 1449 apud
2132 1382 2338 1437 inferos
2361 1382 2584 1439 Christo
2623 1387 2849 1441 credere
2884 1388 3198 1446 noluerunt.
3230 1392 3346 1447 Hoc
3369 1394 3543 1458 enim,

1958 1475 2343 1544 utjudicentur
2368 1493 2549 1541 carne,
2586 1488 2641 1532 et
2665 1494 2786 1548 quae
2832 1492 3163 1550 sequuntur,
3194 1485 3436 1541 indicare
3462 1488 3547 1541 vi-

1959 1570 2119 1624 detur
2142 1567 2422 1637 judicatos
2460 1570 2681 1638 quidem
2722 1571 2869 1640 ipsos
2931 1589 3055 1628 esse
3104 1574 3173 1629 ad
3226 1578 3437 1643 eadem,
3478 1581 3547 1633 ad

1961 1675 2080 1728 qua:
2110 1674 2241 1715 caro
2275 1660 2508 1729 judicari
2535 1676 2599 1715 ac
2640 1663 2991 1719 condemnari
3019 1668 3194 1732 solet;
3235 1671 3328 1724 sed
3364 1671 3548 1725 vivere

1964 1752 2339 1815 nihilominus,
2396 1767 2502 1806 non
2546 1761 2803 1823 tanquam
2881 1761 3255 1829 corruptibilis
3294 1778 3446 1829 caro,
3492 1772 3549 1818 et

268 1851 421 1920 ὅμως
444 1850 547 1919 οὐχ
576 1843 666 1902 οἶα
695 1848 1026 1919 φθειρομένη
1058 1848 1194 1920 σὰρξ
1220 1851 1314 1902 καὶ
1340 1852 1407 1920 τῇ
1440 1848 1702 1921 βαρύτητι
1730 1850 1854 1902 λυο-

1965 1859 2078 1913 qua:
2106 1859 2389 1914 pmnarum
2413 1846 2681 1914 gravitate
2713 1847 2979 1914 solvatur,
3016 1827 3201 1905 verum
3223 1853 3317 1917 ita,
3338 1862 3398 1908 ιιι
3424 1870 3544 1908 cum

272 1942 413 2011 μένη
439 1940 549 1992 τῶν
579 1938 876 2003 κολάσεων,
910 1938 1252 2009 ἀνωλέθρους
1288 1937 1410 2010 [351
1449 1937 1544 2009 Η.]
1583 1940 1639 1991 δὲ
1670 1940 1735 2008 τῇ
1766 1938 1858 1990 δυ-

270 2034 438 2099 νάμει
489 2032 883 2102 συνεχομένους
956 2029 1053 2083 τοῦ
1118 2029 1265 2083 θείου
1344 2031 1695 2100 Πνεύματος,
1763 2031 1859 2087 καὶ

273 2125 590 2195 ἀφθάρτους
639 2122 901 2194 ἀφθάρτῳ
950 2121 1173 2175 κολάσει
1213 2123 1313 2193 τὴν
1363 2123 1721 2193 ἀτελεύτητον
1763 2125 1860 2178 καὶ

272 2218 534 2269 ἐπίπονον
567 2215 716 2287 ζωὴν
756 2214 1095 2278 διανύοντας.
1154 2214 1293 2268 Ἀλλ’
1334 2217 1368 2287 ἠ
1420 2215 1522 2286 μὲν
1563 2215 1657 2269 τοῦ
1691 2216 1858 2288 ῥητοῦ

273 2310 605 2379 διασάφησις
628 2310 703 2371 di;
727 2311 785 2361 ὲν
813 2310 1179 2380 παρεκδάσει·
1204 2311 1232 2363 6
1263 2309 1321 2362 δὲ
1347 2308 1549 2372 σκοπὸς
1577 2304 1645 2380 ἦν
1675 2325 1860 2380 παραυ

278 2402 477 2471 στῆσαι
502 2400 577 2463 ώς
606 2399 702 2453 καὶ
736 2400 876 2470 ὑπὲρ
915 2398 1135 2464 ζώντων
1163 2401 1257 2453 καὶ¹
1285 2401 1425 2471 ὑπὲρ
1449 2400 1560 2454 τῶν
1593 2400 1654 2465 ἐξ
1688 2401 1862 2471 Ἀδάμ

279 2494 451 2546 πάλαι
477 2490 789 2545 τεθνεώτων
810 2492 839 2543 6
862 2492 1040 2555 κοινὸς
1062 2492 1341 2562 Δεσπότης
1365 2493 1460 2545 καὶ
1487 2492 1681 2565 Σωτὴρ
1705 2495 1737 2564 ἡ
1745 2492 1860 2565 μῶν

277 2585 488 2655 ὑπέστη
522 2584 616 2636 τὸν
660 2584 911 2649 θάνατον,
947 2584 1042 2638 καὶ
1089 2583 1157 2637 δι’
1200 2584 1365 2638 αὐτοῦ
1405 2585 1440 2656 ἡ
1481 2585 1729 2656 σωτηρία
1767 2586 1864 2640 καὶ

279 2674 611 2745 κηρύττεται
643 2678 779 2727 πᾶσι
825 2674 921 2728 καλ⁵
962 2674 1316 2746 βραδεύεται.
1366 2675 1532 2730 Ἀλλά
1561 2675 1628 2729 δι’
1658 2671 1733 2729 ὧν
1764 2675 1862 2746 μὲν

276 2766 431 2836 αὐτῷ
477 2766 949 2830 κατασκευάζεται
994 2767 1056 2820 τὸ
1098 2770 1482 2840 προκείμενον,
1534 2769 1594 2822 τὸ
1646 2770 1864 2839 πρῶτον

277 2859 499 2930 εἴρηται
524 2856 633 2909 τῶν
667 2858 1133 2928 ἐπιχειρημάτων.

349 2947 616 3016 Δεύτερον
640 2946 696 2998 δέ
728 2964 892 3016 φησιν
918 2946 994 3012 ὡς
1024 2949 1073 3000 εί
1096 2949 1219 3011 τοὺς
1240 2948 1380 3022 ὑπὲρ
1405 2951 1606 3022 ἀρετῆς
1638 2950 1865 3021 μισθοὺς

275 3038 380 3092 καὶ
417 3041 714 3107 στεφάνους
750 3040 783 3110 ὴ
824 3039 1125 3104 ἀνάστασις
1173 3042 1445 3111 προξενεῖ,
1483 3045 1510 3096 6
1544 3044 1600 3096 δὲ
1634 3043 1866 3113 σταυρὸς

276 3131 384 3200 τὴν
419 3129 738 3193 ἀνάστασιν,
793 3133 889 3183 καὶ
936 3132 1106 3202 χωρὶς
1151 3133 1320 3201 αὐτῆς
1371 3134 1470 3186 οὐκ
1503 3134 1651 3186 ἑστιν
1684 3134 1864 3187 αὐτῶν

276 3222 477 3275 οὐδένα
511 3220 619 3273 τῶν
665 3221 887 3289 ἀγαθῶν
918 3225 1124 3292 τυχεῖν,
1158 3223 1316 3293 δῆλον
1349 3223 1424 3287 ώς
1474 3226 1613 3294 ὑπὲρ
1648 3226 1865 3278 πάντων

279 3316 316 3384 ἡ
326 3313 446 3382 μῶν
471 3314 571 3383 τῆς
600 3312 875 3383 σωτηρίας
902 3315 929 3366 6
954 3315 1189 3385 Χριστὸς
1212 3314 1288 3386 τῷ
1310 3316 1525 3387 θανάτῳ
1551 3318 1869 3388 παρέδωκεν

280 3403 504 3455 ἑαυτόν.
547 3401 735 3454 Ταῦτα
770 3401 941 3455 εἰπὼν
974 3402 1248 3471 λογοθετεί
1282 3407 1375 3457 καὶ
1403 3404 1615 3457 διαπλοί
1646 3407 1745 3468 τὴν
1774 3406 1873 3456 Δε-

284 3492 559 3563 σποτικὴν
589 3494 773 3565 φωνὴν
810 3492 910 3563 τὴν
941 3493 1229 3562 λέγουσαν,
1265 3496 1385 3547 Οὐκ
1403 3494 1446 3525 ⁸⁷
1478 3490 1670 3564 ἦλθον
1694 3493 1871 3548 καλέ-

282 3598 397 3637 σαι
435 3582 725 3649 δικαίους,
785 3583 923 3636 ἀλλ’
970 3583 1359 3653 ἁμαρτωλοὺς
1397 3584 1483 3649 είς
1526 3581 1866 3651 μετάνοιαν.

284 3672 403 3725 Καί
432 3690 597 3744 φησιν
632 3674 709 3735 ὡς
746 3673 867 3742 οὐχὶ
905 3673 1128 3743 διαιρῶν
1162 3675 1240 3735 είς
1280 3672 1637 3744 ἁμαρτωλοὺς
1668 3672 1761 3723 καλ⁵
1790 3672 1871 3723 δι-

284 3765 483 3828 καίους
542 3765 604 3818 τὸ
651 3765 761 3818 τῶν
822 3766 1126 3837 ἀνθρώπων
1176 3766 1381 3835 πλῆθος
1427 3767 1455 3819 6
1486 3765 1677 3835 Σωτὴρ
1714 3764 1872 3816 τοῦτο

282 3856 613 3926 ἐφθέγξατο.
660 3858 910 3924 Μάχεται
954 3857 1061 3926 γὰρ
1093 3858 1126 3925 ὴ
1154 3855 1382 3925 τοιαύτη
1417 3855 1624 3907 διάνοια
1676 3856 1770 3906 καὶ
1803 3856 1868 3923 τῇ

280 3945 638 4017 θεοπνεύστῳ
685 3946 874 4016 Γραφῇ
933 3946 1028 3999 καὶ
1077 3946 1213 4016 αὐτῇ
1259 3948 1325 4015 τῇ
1375 3944 1485 3998 τῶν
1531 3947 1870 4014 πραγμάτων

282 4038 474 4110 φύσει.
521 4039 631 4092 Καὶ
674 4039 783 4109 γὰρ
833 4038 1049 4108 πρῶτον
1078 4038 1177 4108 μὲν
1208 4038 1455 4102 ἅπαντας
1483 4040 1511 4091 6
1541 4038 1719 4101 κοινὸς
1755 4038 1870 4090 Σωεο

280 4131 420 4201 τὴρ,
461 4130 557 4184 καὶ
596 4130 717 4198 οὐχὶ
734 4132 781 4163 ⁸⁸
824 4131 949 4193 τοὺς
987 4131 1086 4200 μὲν
1130 4132 1257 4192 τοὺς
1289 4132 1334 4184 δ’
1366 4130 1449 4196 οὓ,
1478 4131 1663 4184 ἐκάλει
1697 4147 1755 4183 τε
1780 4131 1873 4183 καὶ

281 4222 396 4290 τῆς
444 4221 717 4289 σωτηρίας
767 4219 1064 4273 ἀπολαύειν
1103 4220 1296 4287 ἐδίδου,
1333 4221 1468 4274 ἀλλὰ
1497 4221 1592 4273 καὶ
1622 4222 1806 4290 κοινὴν
1826 4220 1871 4253 ⁸⁹

282 4313 396 4382 τὴν
435 4312 787 4366 διδασκαλίαν
838 4314 1093 4368 ἐποιεῖτο.
1146 4314 1257 4367 Καὶ
1302 4314 1365 4366 τὸ
1421 4313 1764 4385 κηρυχθῆναι
1813 4314 1873 4367 τὸ

1960 1944 2212 2003 expertes
2260 1935 2514 1991 interitus
2570 1951 2667 2005 per
2723 1940 2901 1993 sancti
2961 1940 3199 2009 Spiritus
3247 1946 3544 2012 potentiam

1959 2035 2375 2090 conserventur,
2433 2027 2878 2097 incorruptibiles
2941 2030 2992 2082 in
3040 2044 3297 2101 perpetua
3349 2050 3534 2102 paena,

1960 2125 2234 2171 carentem
2272 2114 2378 2169 ﬁne
2418 2127 2468 2172 et
2492 2117 2823 2172 laboriosam
2855 2120 3019 2175 vitam
3052 2124 3271 2191 degunt.
3304 2124 3395 2179 Sic
3448 2127 3549 2179 hu-

1955 2207 2044 2279 jus
2082 2207 2191 2262 loci
2215 2207 2525 2277 explanatio
2560 2219 2819 2279 tanquam
2863 2226 2960 2276 per
3012 2212 3401 2283 digressionem
3441 2227 3549 2269 tra-

1962 2303 2164 2351 ctatur.
2214 2294 2528 2367 Praecipuus
2582 2302 2726 2355 enim
2799 2316 2996 2369 scopus
3056 2315 3179 2358 erat
3233 2306 3545 2373 ostendere,

1963 2402 2067 2441 non
2100 2401 2267 2457 super
2322 2390 2461 2445 vivis
2513 2391 2794 2457 duntaxat,
2850 2407 3038 2448 verum
3080 2405 3135 2448 et
3186 2410 3352 2464 super
3417 2397 3545 2451 olim

1963 2480 2198 2534 mortuis
2230 2479 2428 2535 Adami
2481 2483 2716 2552 posteris
2768 2500 3114 2541 communem
3164 2487 3449 2543 Dominum
3485 2506 3549 2543 ac

1966 2569 2301 2625 Salvatorem
2330 2574 2565 2629 subiisse
2615 2586 2867 2640 mortem,
2890 2579 3229 2647 salutemque
3247 2595 3341 2650 per
3371 2582 3547 2649 ipsum

1962 2661 2220 2717 omnibus
2289 2664 2599 2732 prazdicari,
2640 2676 2693 2721 et
2748 2669 2894 2722 velut
2964 2671 3286 2726 certaminis
3353 2672 3548 2741 2016

1963 2754 2249 2824 praemium
2285 2754 2543 2810 conferri.
2598 2756 2735 2811 Illud
2784 2773 2915 2827 ergo
2947 2761 3181 2829 primum
3229 2777 3417 2816 eorum
3458 2781 3549 2818 ar-

1965 2853 2353 2915 gumentorum
2383 2860 2478 2914 per
2492 2862 2610 2915 qua:
2641 2850 2858 2917 probari
2896 2852 3015 2903 hau:
3057 2854 3331 2905 sententia
3355 2862 3549 2922 potest.

2039 2934 2295 2990 Secundo
2329 2936 2493 3008 igitur
2524 2937 2645 2993 loco
2680 2940 2759 2993 sic
2781 2954 3197 3010 argumentatur
3226 2945 3316 3000 :Si
3340 2948 3554 3002 virtutis

1966 3028 2188 3097 praemia
2226 3042 2290 3081 ac
2321 3044 2557 3084 coronas
2584 3034 2914 3086 resurrectio
2932 3036 3211 3099 conciliat,
3262 3053 3391 3092 crux
3425 3055 3556 3093 vero

1968 3116 2578 3186 rcsurrectionem,qua
2621 3120 2739 3173 sine
2767 3120 2903 3174 nihil
2950 3122 3074 3176 boni
3121 3128 3377 3195 consequi
3405 3132 3556 3195 quis-

1968 3208 2112 3275 piam
2163 3216 2364 3275 putest,
2393 3218 2601 3262 certum
2634 3220 2717 3263 est
2754 3210 3030 3265 Christum
3060 3230 3157 3282 pro
3202 3219 3379 3272 salute
3439 3235 3558 3273 om-

1972 3299 2118 3352 nium
2158 3307 2403 3351 nostrum
2443 3300 2604 3354 morti
2637 3303 2872 3371 seipsum
2934 3306 3243 3362 tradidisse.
3284 3308 3410 3363 Post
3442 3316 3558 3366 haec

1973 3390 2121 3444 illam
2146 3390 2368 3445 Domini
2402 3395 2755 3456 sententiam,
2782 3398 3048 3463 rationem
3077 3407 3429 3468 reposcendo,
3460 3420 3557 3459 ex-

1971 3482 2175 3550 planat,
2210 3498 2329 3553 qua:
2363 3483 2493 3535 dicit
2521 3500 2534 3536 :
2566 3481 2690 3538 Non
2730 3489 2843 3540 veni
2897 3505 3082 3543 vocare
3098 3492 3405 3559 μετοικιῶ
3437 3513 3557 3562 pec-

1972 3585 2173 3627 catores
2214 3576 2284 3628 ad
2323 3578 2681 3645 pwnitentiam
2714 3577 2733 3613 ‘
2768 3591 3072 3650 ;negatque
3120 3585 3234 3636 hinc
3269 3586 3340 3637 ita
3370 3603 3490 3640 esse
3524 3604 3555 3642 a

1975 3662 2263 3721 Salvatore
2293 3671 2664 3736 pronuntiata,
2701 3672 2856 3739 quasi
2913 3677 3221 3727 universam
3273 3677 3553 3733 hominum

1974 3756 2373 3809 multitudinem
2429 3759 2480 3811 in
2530 3771 2843 3827 peccatores
2886 3772 2940 3815 et
2994 3764 3169 3829 justus
3219 3767 3556 3836 distinguere

1974 3845 2230 3901 voluisse.
2274 3847 2487 3917 Pugnat
2535 3851 2702 3916 enim,
2740 3852 2934 3920 inquit,
2972 3854 3277 3923 hujusmodi
3340 3876 3552 3927 sensus,

1973 3951 2078 3989 non
2107 3952 2228 3991 cunt
2275 3941 2449 3993 sacris
2482 3951 2691 3995 tantum
2720 3942 3069 4007 Litteris,sed
3118 3965 3241 4001 cum
3273 3954 3385 4019 ipsa
3414 3970 3552 4021 quo-

1973 4042 2079 4095 que
2104 4041 2289 4082 rerum
2313 4039 2528 4084 natura.
2564 4032 2699 4087 Nam
2719 4036 2967 4104 inprimis
2985 4044 3283 4094 communis
3305 4046 3556 4097 Salvator

1974 4135 2183 4188 omnes,
2204 4136 2307 4175 non
2327 4124 2538 4193 aliquos
2554 4136 2782 4192 tantum,
2804 4132 3098 4197 praemissis
3126 4146 3358 4197 canens,
3382 4150 3436 4189 et
3464 4155 3556 4205 ap-

1976 4213 2235 4283 pellabat,
2272 4226 2327 4269 et
2356 4219 2728 4285 redemptione
2752 4222 2956 4289 perfrui
2984 4227 3339 4293 concedebat,
3356 4231 3557 4283 doctri-

1977 4320 2100 4359 nam
2161 4305 2363 4379 [suam]
2426 4311 2677 4366 omnibus
2733 4327 2853 4367 esse
2917 4330 3257 4371 communem
3322 4321 3555 4376 volebat.

289 4404 635 4473 Εὑαγγέλιον
673 4407 731 4457 ὲν
779 4404 884 4474 ὅλῳ
940 4404 1021 4476 τῷ
1074 4408 1263 4476 κόσμῳ
1297 4406 1397 4476 τὴν
1429 4405 1713 4477 διαστολὴν
1769 4405 1861 4459 τῶι

1977 4394 2338 4467 Evangelium
2367 4414 2581 4470 quoque
2623 4404 2969 4469 praedicatum
3002 4408 3197 4460 essein
3246 4416 3358 4462 toto
3376 4420 3555 4463 terra-

287 4496 641 4566 ἁμαρτωλῶν
661 4497 769 4550 ἀπὸ
796 4497 905 4549 τῶν
937 4498 1161 4551 δικαίων
1185 4498 1505 4568 ἀνατρέπει.
1539 4500 1647 4552 Καὶ
1671 4502 1699 4552 6
1727 4498 1861 4551 Παῦ-

1983 4503 2102 4542 rum
2134 4489 2285 4556 orbe,
2313 4503 2661 4561 peccatorum
2717 4494 2863 4548 illam
2895 4512 2925 4549 a
2950 4496 3111 4563 justis
3163 4498 3554 4556 discretionem

286 4589 390 4651 λὰς
424 4604 577 4659 φησι·
615 4588 903 4653 Πάντες-⁸⁸
934 4584 1021 4655 εἷς
1052 4590 1240 4656 ἐσμεν
1258 4590 1328 4643 ἐν
1355 4589 1609 4659 Χριστῷ.
1642 4592 1750 4644 Καὶ
1781 4592 1861 4662 “rip

1980 4581 2198 4647 penitus
2256 4583 2483 4636 evertit.
2532 4583 2733 4638 Paulus
2796 4586 2925 4639 item
2989 4588 3099 4643 ait:
3139 4587 3332 4643 Omnes
3392 4609 3556 4645 unum

288 4685 542 4751 σαγήνης
561 4682 602 4713 ⁸⁸
641 4683 674 4752 η
702 4682 989 4753 παραϐολὴ
1008 4684 1068 4735 τὸ
1101 4682 1280 4736 κοινὸν
1308 4682 1418 4736 τῶν
1448 4684 1526 4747 είς
1556 4684 1730 4755 θήραν
1759 4686 1861 4739 συλ·

1977 4684 2161 4722 sumus
2194 4670 2250 4723 in
2288 4669 2575 4726 Christo“.
2634 4671 2746 4728 lmo
2793 4683 2849 4728 et
2890 4676 3144 4743 parabola
3212 4678 3280 4732 de
3315 4690 3558 4748 sageua'

286 4771 729 4843 λαμϐανομένων
764 4772 1057 4842 κηρύττειο
1106 4772 1231 4827 οὐδὲ
1276 4774 1386 4846 γὰρ
1432 4775 1553 4828 οὐδὲ
1601 4777 1786 4847 ἐκείνη
1815 4779 1861 4830 τέ

1978 4773 2322 4815 communem
2340 4773 2628 4833 captorum
2657 4766 3024 4822 conditionem
3041 4771 3347 4828 denuntiat.
3374 4776 3558 4845 Neque

290 4864 405 4932 μὲν
448 4862 691 4934 θηρεύει,
727 4864 795 4916 τὰ
827 4864 884 4916 δὲ
913 4864 973 4916 ού
996 4864 1344 4933 μεταδιώκει,
1376 4865 1494 4919 ἀλλ’
1528 4867 1663 4937 ὁμοῦ
1700 4869 1861 4921 πάντα

1978 4850 2123 4904 enim
2154 4850 2270 4906 haec
2290 4852 2429 4908 alios
2452 4854 2670 4922 quidem
2696 4859 3096 4927 complectitur,
3134 4864 3269 4919 alios
3296 4881 3424 4919 vero
3453 4887 3557 4921 ιιυιι

284 4955 371 5007 τὰ
401 4955 817 5023 προσπίπτοντα
868 4954 1176 5024 σαγηνεύει.
1215 4956 1325 5008 Καὶ
1360 4958 1393 5024 ἠ
1445 4957 1635 5011 σινδὼν
1659 4960 1703 4990 ⁶²
1737 4962 1771 5030 ἡ
1800 4959 1861 5031 τίξ

1980 4943 2330 5010 persequitur
2362 4960 2378 5009 ;
2428 4946 2523 4999 sed
2550 4960 2738 5002 omnes
2763 4964 2989 5017 prorsus
3009 4965 3274 5024 quotquot
3297 4958 3556 5025 incidunt,

288 5047 495 5116 Πέτρῳ
534 5046 914 5117 ὑποδειχθεῐσα
962 5047 1060 5117 τὴν
1122 5046 1308 5117 κοινὴν
1363 5047 1561 5116 κλῆσιν
1625 5050 1861 5103 ἀπάντωπ

1983 5034 2181 5087 irretit.
2220 5035 2311 5089 Sic
2334 5043 2389 5089 et
2424 5035 2588 5092 Petro
2617 5047 2896 5095 ostensum
2941 5043 3166 5115 linteum
3202 5054 3230 5082 κ
3259 5054 3561 5101 communi-

1988 5134 2071 5177 ter
2101 5139 2291 5179 omnes
2346 5128 2644 5196 appellatos
2684 5130 2953 5201 designat,
3003 5152 3108 5189 non
3165 5139 3405 5206 impuros
3467 5156 3559 5190 sn—

1986 5214 2090 5281 los,
2148 5216 2391 5271 exclusis
2468 5220 2659 5288 puris:
2709 5219 3089 5296 Finisquoque
3129 5226 3257 5297 legis
3276 5228 3558 5283 Christus:

288 5138 632 5208 ὑπογράφει,
678 5138 791 5191 ἀλλ’
818 5140 937 5207 οὐχὶ
960 5139 1005 5169 ⁵³
1043 5137 1152 5189 τῶν
1196 5137 1522 5205 ἀκαθάρτων
1558 5141 1741 5209 μόνον,
1768 5142 1880 5195 τῶν

288 5228 358 5283 δὲ
392 5229 650 5300 καθαρῶν
692 5232 894 5284 οὐκέτι.
931 5230 1059 5296 Καὶ,
1110 5229 1288 5295 Τέλος
1304 5231 1351 5262 ⁸⁸
1407 5234 1597 5301 νόμου
1625 5233 1880 5301 Χριστὸς

384 5442 407 5477 ι
428 5438 619 5494 Matth.
658 5441 833 5507 tx,i5.
907 5450 937 5479 ιι
967 5436 1126 5493 Rom.
1156 5449 1255 5505 xtl,
1295 5432 1328 5489 5
1358 5450 1375 5503 ;
1409 5431 1587 5487 Gaiat.
1610 5447 1695 5500 nt,
1722 5432 1811 5488 ‘38.

1965 5432 2130 5489 lauit.
2169 5451 2293 5505 xm,
2330 5438 2415 5492 ιτ.
2493 5442 2663 5499 ιΑοι.
2698 5412 2866 5509 ιι,ἰι.

1610 5588 1842 5649 νΑιιιιλΕ
1878 5591 2285 5653 LEGTIONES.

386 5738 432 5769 “
466 5732 769 5843 οὒᾶιϐοῑ.
828 5747 913 5795 ιιι,
954 5732 1041 5788 15.
1103 5734 1148 5767 ⁸⁷
1181 5733 1303 5805 οὐκ]
1352 5731 1541 5790 Matth.
1579 5733 1771 5799 11,15.
1845 5736 1891 5768 ⁸⁸
1920 5735 2020 5789 οὐκ
2052 5754 2113 5800 ς’.
2190 5738 2237 5769 ⁸⁸
2267 5741 2432 5843 κοινῇ.
2452 5759 2512 5805 ς.
2591 5744 2638 5776 ⁸ο
2674 5744 2897 5818 πάντες]
2932 5747 3089 5804 Rom.
3125 5766 3223 5819 ιιι,
3255 5752 3313 5809 5,
3388 5753 3428 5785 ιι
3454 5760 3557 5826 τῆς

396 5826 421 5843 ν
459 5808 470 5843 1
576 5806 689 5843 mlh
742 5819 837 5843 nn
886 5803 956 5843 L7
1082 5804 1127 5837 δ’
1161 5805 1193 5843 ἦ
1218 5803 1331 5843 muR
1358 5803 1377 5843 Ί
1407 5805 1496 5843 ΔΜ
1566 5820 1593 5843 ν
1655 5806 1709 5843 ΙΙ
1822 5803 1868 5837 6³
1893 5806 2012 5843 mnu}
2047 5810 2077 5843 Δ
2126 5823 2138 5837 ο
2172 5809 2235 5843 m‘.
2272 5827 2310 5843 .-
2438 5814 2457 5843 ι
2481 5812 2659 5843 ..Δὶηη
2717 5815 2848 5843 Ωιι...
2938 5835 2962 5843 .,
3048 5820 3064 5843 ι

308 5808 472 5887 ea“
520 5803 712 5864 lauti.
742 5803 978 5875 xm,47.
1082 5804 1127 5837 θ’
1161 5803 1523 5878 ᾗσινδ.]Αοι.
1566 5820 1619 5874 x,
1655 5806 1743 5860 tt.
1822 5803 2083 5876 "oax‘tA
2126 5809 2235 5863 ςού
2272 5804 2329 5873 ς.
2395 5803 2659 5884 ’δίτέλοςι
2716 5803 2897 5871 non»?
2936 5835 2989 5885 x,
3038 5803 3101 5875 ι.
