  <div class='ocr_page' id='page_1' title='image "/cluster/home/n/w/nwhite01/storage/ocr_20150623/103:no.3/coo.31924054870070/418.png"; bbox 0 0 4032 6452; ppageno 0'>
   <div class='ocr_carea' id='block_1_1' title="bbox 344 284 460 349">
    <p class='ocr_par' dir='ltr' id='par_1_1' title="bbox 344 284 460 349">
     <span class='ocr_line' id='line_1_1' title="bbox 344 284 460 349; baseline 0 0"><span class='ocrx_word' id='word_1_1' title='bbox 344 284 460 349; x_wconf 80' lang='grc'><strong>869</strong></span> 
     </span>
    </p>
   </div>
   <div class='ocr_carea' id='block_1_2' title="bbox 1407 286 2563 354">
    <p class='ocr_par' dir='ltr' id='par_1_2' title="bbox 1407 286 2563 354">
     <span class='ocr_line' id='line_1_2' title="bbox 1407 286 2563 354; baseline 0.005 -7"><span class='ocrx_word' id='word_1_2' title='bbox 1407 286 1931 349; x_wconf 83' lang='lat' dir='ltr'><strong>BIBLIOTHECA.</strong></span> <span class='ocrx_word' id='word_1_3' title='bbox 1976 314 2044 323; x_wconf 64' lang='grc' dir='ltr'><strong>τ-</strong></span> <span class='ocrx_word' id='word_1_4' title='bbox 2082 290 2244 350; x_wconf 88' lang='lat' dir='ltr'><strong>COD.</strong></span> <span class='ocrx_word' id='word_1_5' title='bbox 2285 292 2563 354; x_wconf 78' lang='lat' dir='ltr'><strong>CCXXII.</strong></span> 
     </span>
    </p>
   </div>
   <div class='ocr_carea' id='block_1_3' title="bbox 3484 305 3591 371">
    <p class='ocr_par' dir='ltr' id='par_1_3' title="bbox 3484 305 3591 371">
     <span class='ocr_line' id='line_1_3' title="bbox 3484 305 3591 371; baseline 0.009 -1"><span class='ocrx_word' id='word_1_6' title='bbox 3484 305 3591 371; x_wconf 86' lang='lat'><strong>810</strong></span> 
     </span>
    </p>
   </div>
   <div class='ocr_carea' id='block_1_4' title="bbox 338 397 1902 485">
    <p class='ocr_par' dir='ltr' id='par_1_4' title="bbox 338 397 1902 471">
     <span class='ocr_line' id='line_1_4' title="bbox 338 397 1902 471; baseline 0.002 -18"><span class='ocrx_word' id='word_1_7' title='bbox 338 401 521 468; x_wconf 76' lang='grc' dir='ltr'><strong>Λόγου</strong></span> <span class='ocrx_word' id='word_1_8' title='bbox 552 397 872 470; x_wconf 87' lang='grc' dir='ltr'><strong>Πρόδρομον</strong></span> <span class='ocrx_word' id='word_1_9' title='bbox 895 413 913 431; x_wconf 77' lang='grc' dir='ltr'><strong>ο</strong></span> <span class='ocrx_word' id='word_1_10' title='bbox 941 398 971 453; x_wconf 98' lang='lat'><strong>6</strong></span> <span class='ocrx_word' id='word_1_11' title='bbox 1002 399 1203 471; x_wconf 75' lang='grc' dir='ltr'><strong>μείζων</strong></span> <span class='ocrx_word' id='word_1_12' title='bbox 1236 401 1528 471; x_wconf 78' lang='grc' dir='ltr'><strong>προφητῶν</strong></span> <span class='ocrx_word' id='word_1_13' title='bbox 1568 404 1664 455; x_wconf 74' lang='grc' dir='ltr'><strong>καὶ</strong></span> <span class='ocrx_word' id='word_1_14' title='bbox 1697 402 1902 456; x_wconf 70' lang='grc' dir='ltr'><strong>πάντωι</strong></span> 
     </span>
    </p>
   </div>
   <div class='ocr_carea' id='block_1_5' title="bbox 2008 397 3590 485">
    <p class='ocr_par' dir='ltr' id='par_1_5' title="bbox 2030 406 3590 485">
     <span class='ocr_line' id='line_1_5' title="bbox 2030 406 3590 485; baseline 0.01 -28"><span class='ocrx_word' id='word_1_15' title='bbox 2030 406 2250 460; x_wconf 90' lang='lat' dir='ltr'><strong>vocavit</strong></span> <span class='ocrx_word' id='word_1_16' title='bbox 2278 406 2325 446; x_wconf 72' lang='grc' dir='ltr'><strong><em>ιο</em></strong></span> <span class='ocrx_word' id='word_1_17' title='bbox 2349 416 2397 460; x_wconf 84' lang='lat' dir='ltr'><strong>P.</strong></span> <span class='ocrx_word' id='word_1_18' title='bbox 2428 407 2797 475; x_wconf 83' lang='lat' dir='ltr'><strong>Discipulosne</strong></span> <span class='ocrx_word' id='word_1_19' title='bbox 2828 409 3019 479; x_wconf 76' lang='lat' dir='ltr'><strong>legisse</strong></span> <span class='ocrx_word' id='word_1_20' title='bbox 3043 413 3284 481; x_wconf 89' lang='lat' dir='ltr'><strong>oportuit</strong></span> <span class='ocrx_word' id='word_1_21' title='bbox 3307 414 3333 469; x_wconf 84' lang='lat'><strong>?</strong></span> <span class='ocrx_word' id='word_1_22' title='bbox 3354 417 3590 485; x_wconf 87' lang='lat' dir='ltr'><strong>optimos</strong></span> 
     </span>
    </p>
   </div>
   <div class='ocr_carea' id='block_1_6' title="bbox 334 488 1917 565">
    <p class='ocr_par' dir='ltr' id='par_1_6' title="bbox 334 488 1917 565">
     <span class='ocr_line' id='line_1_6' title="bbox 334 488 1917 565; baseline 0.002 -21"><span class='ocrx_word' id='word_1_23' title='bbox 334 488 649 565; x_wconf 80' lang='grc' dir='ltr'><strong>ἀνθρώπων</strong></span> <span class='ocrx_word' id='word_1_24' title='bbox 699 490 1004 561; x_wconf 77' lang='grc' dir='ltr'><strong>προτρέχει.</strong></span> <span class='ocrx_word' id='word_1_25' title='bbox 1045 491 1225 557; x_wconf 71' lang='grc' dir='ltr'><strong>,Ἔδει</strong></span> <span class='ocrx_word' id='word_1_26' title='bbox 1289 492 1544 563; x_wconf 87' lang='grc' dir='ltr'><strong>μάρτυρα</strong></span> <span class='ocrx_word' id='word_1_27' title='bbox 1598 493 1698 561; x_wconf 86' lang='grc' dir='ltr'><strong>τῆς</strong></span> <span class='ocrx_word' id='word_1_28' title='bbox 1752 494 1917 547; x_wconf 77' lang='grc' dir='ltr'><strong>αὑτοῦ</strong></span> 
     </span>
    </p>
   </div>
   <div class='ocr_carea' id='block_1_7' title="bbox 2031 495 3588 575">
    <p class='ocr_par' dir='ltr' id='par_1_7' title="bbox 2031 495 3588 575">
     <span class='ocr_line' id='line_1_7' title="bbox 2031 495 3588 575; baseline 0.012 -31"><span class='ocrx_word' id='word_1_29' title='bbox 2031 496 2215 564; x_wconf 98' lang='lat' dir='ltr'><strong>utique</strong></span> <span class='ocrx_word' id='word_1_30' title='bbox 2249 495 2450 565; x_wconf 87' lang='lat' dir='ltr'><strong>delegit</strong></span> <span class='ocrx_word' id='word_1_31' title='bbox 2477 514 2492 550; x_wconf 92' lang='lat'><strong>:</strong></span> <span class='ocrx_word' id='word_1_32' title='bbox 2522 496 2645 553; x_wconf 81' lang='lat' dir='ltr'><strong>Scio</strong></span> <span class='ocrx_word' id='word_1_33' title='bbox 2674 501 2834 567; x_wconf 78' lang='lat' dir='ltr'><strong>enim,</strong></span> <span class='ocrx_word' id='word_1_34' title='bbox 2880 502 3073 570; x_wconf 88' lang='lat' dir='ltr'><strong>inquit,</strong></span> <span class='ocrx_word' id='word_1_35' title='bbox 3099 517 3230 571; x_wconf 80' lang='lat' dir='ltr'><strong>quos</strong></span> <span class='ocrx_word' id='word_1_36' title='bbox 3279 504 3519 575; x_wconf 73' lang='lat' dir='ltr'><strong>elegerint</strong></span> <span class='ocrx_word' id='word_1_37' title='bbox 3537 517 3588 563; x_wconf 71' lang='grc' dir='ltr'><strong>σι.</strong></span> 
     </span>
    </p>
   </div>
   <div class='ocr_carea' id='block_1_8' title="bbox 335 582 1902 669">
    <p class='ocr_par' dir='ltr' id='par_1_8' title="bbox 335 582 1902 654">
     <span class='ocr_line' id='line_1_8' title="bbox 335 582 1902 654; baseline 0.003 -20"><span class='ocrx_word' id='word_1_38' title='bbox 335 582 717 653; x_wconf 84' lang='grc' dir='ltr'><strong>προϐαλέσθαι</strong></span> <span class='ocrx_word' id='word_1_39' title='bbox 738 583 787 615; x_wconf 80' lang='grc'><strong>⁷⁸</strong></span> <span class='ocrx_word' id='word_1_40' title='bbox 837 582 998 651; x_wconf 81' lang='grc' dir='ltr'><strong>δόξης</strong></span> <span class='ocrx_word' id='word_1_41' title='bbox 1019 596 1035 612; x_wconf 89' lang='grc'><strong>·</strong></span> <span class='ocrx_word' id='word_1_42' title='bbox 1064 584 1156 637; x_wconf 80' lang='grc' dir='ltr'><strong>τὸν</strong></span> <span class='ocrx_word' id='word_1_43' title='bbox 1184 583 1413 654; x_wconf 88' lang='grc' dir='ltr'><strong>Συμεὼν</strong></span> <span class='ocrx_word' id='word_1_44' title='bbox 1458 585 1553 638; x_wconf 74' lang='grc' dir='ltr'><strong>καὶ</strong></span> <span class='ocrx_word' id='word_1_45' title='bbox 1578 585 1681 654; x_wconf 81' lang='grc' dir='ltr'><strong>τὴν</strong></span> <span class='ocrx_word' id='word_1_46' title='bbox 1717 587 1902 639; x_wconf 60' lang='grc' dir='ltr'><strong>Ἀνναι</strong></span> 
     </span>
    </p>
   </div>
   <div class='ocr_carea' id='block_1_9' title="bbox 2008 582 3588 669">
    <p class='ocr_par' dir='ltr' id='par_1_9' title="bbox 2022 586 3588 669">
     <span class='ocr_line' id='line_1_9' title="bbox 2022 586 3588 669; baseline 0.005 -28"><span class='ocrx_word' id='word_1_47' title='bbox 2022 586 2365 659; x_wconf 70' lang='lat' dir='ltr'><strong>[Oportebat]</strong></span> <span class='ocrx_word' id='word_1_48' title='bbox 2421 601 2688 643; x_wconf 87' lang='lat' dir='ltr'><strong>mortuum</strong></span> <span class='ocrx_word' id='word_1_49' title='bbox 2747 594 3074 647; x_wconf 87' lang='lat' dir='ltr'><strong>resuscitare</strong></span> <span class='ocrx_word' id='word_1_50' title='bbox 3123 593 3588 669; x_wconf 78' lang='lat' dir='ltr'><strong>[Belbauiensem]</strong></span> 
     </span>
    </p>
   </div>
   <div class='ocr_carea' id='block_1_10' title="bbox 330 672 1916 747">
    <p class='ocr_par' dir='ltr' id='par_1_10' title="bbox 330 672 1916 747">
     <span class='ocr_line' id='line_1_10' title="bbox 330 672 1916 747; baseline 0.002 -22"><span class='ocrx_word' id='word_1_51' title='bbox 330 673 619 727; x_wconf 64' lang='grc' dir='ltr'><strong>ἐκάλεσεν.</strong></span> <span class='ocrx_word' id='word_1_52' title='bbox 650 672 800 726; x_wconf 82' lang='grc' dir='ltr'>Ἔδει</span> <span class='ocrx_word' id='word_1_53' title='bbox 833 674 1081 744; x_wconf 85' lang='grc' dir='ltr'><strong>μαθητὰς</strong></span> <span class='ocrx_word' id='word_1_54' title='bbox 1112 674 1441 745; x_wconf 82' lang='grc' dir='ltr'><strong>προσλαϐεῖν</strong></span> <span class='ocrx_word' id='word_1_55' title='bbox 1473 691 1488 707; x_wconf 70' lang='grc' dir='ltr'><strong>ι</strong></span> <span class='ocrx_word' id='word_1_56' title='bbox 1509 677 1638 739; x_wconf 79' lang='grc' dir='ltr'><strong>τοὺς</strong></span> <span class='ocrx_word' id='word_1_57' title='bbox 1662 676 1916 747; x_wconf 79' lang='grc' dir='ltr'><strong>ἀρίστους</strong></span> 
     </span>
    </p>
   </div>
   <div class='ocr_carea' id='block_1_11' title="bbox 331 762 1915 839">
    <p class='ocr_par' dir='ltr' id='par_1_11' title="bbox 331 762 1915 839">
     <span class='ocr_line' id='line_1_11' title="bbox 331 762 1915 839; baseline 0.004 -23"><span class='ocrx_word' id='word_1_58' title='bbox 331 762 573 833; x_wconf 63' lang='grc' dir='ltr'><strong>λογάδας</strong></span> <span class='ocrx_word' id='word_1_59' title='bbox 596 766 828 818; x_wconf 82' lang='grc' dir='ltr'><strong>τίθεται⁶</strong></span> <span class='ocrx_word' id='word_1_60' title='bbox 861 762 1066 820; x_wconf 75' lang='lat' dir='ltr'><strong>016a&quot;</strong></span> <span class='ocrx_word' id='word_1_61' title='bbox 1108 769 1242 838; x_wconf 77' lang='grc' dir='ltr'><strong>γάρ.</strong></span> <span class='ocrx_word' id='word_1_62' title='bbox 1270 768 1460 839; x_wconf 75' lang='grc' dir='ltr'><strong>φησὶν,</strong></span> <span class='ocrx_word' id='word_1_63' title='bbox 1489 768 1599 834; x_wconf 83' lang='grc' dir='ltr'><strong>οὓς</strong></span> <span class='ocrx_word' id='word_1_64' title='bbox 1630 768 1915 833; x_wconf 77' lang='grc' dir='ltr'><strong>ἐξελεξά-</strong></span> 
     </span>
    </p>
   </div>
   <div class='ocr_carea' id='block_1_12' title="bbox 326 852 1914 929">
    <p class='ocr_par' dir='ltr' id='par_1_12' title="bbox 326 852 1914 929">
     <span class='ocr_line' id='line_1_12' title="bbox 326 852 1914 929; baseline 0 -20"><span class='ocrx_word' id='word_1_65' title='bbox 326 866 477 920; x_wconf 77' lang='grc' dir='ltr'><strong>μην.</strong></span> <span class='ocrx_word' id='word_1_66' title='bbox 533 852 675 925; x_wconf 77' lang='grc' dir='ltr'><strong>[ἔδει</strong></span> <span class='ocrx_word' id='word_1_67' title='bbox 693 853 771 924; x_wconf 77' lang='grc' dir='ltr'><strong>⁸ο]</strong></span> <span class='ocrx_word' id='word_1_68' title='bbox 804 855 997 924; x_wconf 83' lang='grc' dir='ltr'><strong>νεκρὸν</strong></span> <span class='ocrx_word' id='word_1_69' title='bbox 1027 857 1239 926; x_wconf 76' lang='grc' dir='ltr'><strong>ἐγεῖραι</strong></span> <span class='ocrx_word' id='word_1_70' title='bbox 1267 856 1395 927; x_wconf 78' lang='grc' dir='ltr'><strong>[τὸν</strong></span> <span class='ocrx_word' id='word_1_71' title='bbox 1423 858 1488 910; x_wconf 85' lang='grc' dir='ltr'><strong>ὲκ</strong></span> <span class='ocrx_word' id='word_1_72' title='bbox 1533 856 1805 926; x_wconf 80' lang='grc' dir='ltr'><strong>Βηθανίας</strong></span> <span class='ocrx_word' id='word_1_73' title='bbox 1824 858 1867 889; x_wconf 81' lang='grc'><strong>⁸¹</strong></span> <span class='ocrx_word' id='word_1_74' title='bbox 1894 856 1914 929; x_wconf 91' lang='grc'>]</span> 
     </span>
    </p>
   </div>
   <div class='ocr_carea' id='block_1_13' title="bbox 329 942 1912 1022">
    <p class='ocr_par' dir='ltr' id='par_1_13' title="bbox 329 942 1912 1022">
     <span class='ocr_line' id='line_1_13' title="bbox 329 942 1912 1022; baseline 0 -22"><span class='ocrx_word' id='word_1_75' title='bbox 329 947 587 1017; x_wconf 76' lang='grc' dir='ltr'><strong>Λάζαρον</strong></span> <span class='ocrx_word' id='word_1_76' title='bbox 609 947 693 979; x_wconf 72' lang='grc' dir='ltr'><strong>δ”</strong></span> <span class='ocrx_word' id='word_1_77' title='bbox 750 946 866 1000; x_wconf 85' lang='grc' dir='ltr'><strong>ἀλλ’</strong></span> <span class='ocrx_word' id='word_1_78' title='bbox 922 948 983 1012; x_wconf 69' lang='grc' dir='ltr'><strong>ἐξ</strong></span> <span class='ocrx_word' id='word_1_79' title='bbox 1034 948 1365 1019; x_wconf 83' lang='grc' dir='ltr'><strong>εὐσεϐούσης</strong></span> <span class='ocrx_word' id='word_1_80' title='bbox 1425 948 1697 1015; x_wconf 83' lang='grc' dir='ltr'><strong>οίκίας⁸³,</strong></span> <span class='ocrx_word' id='word_1_81' title='bbox 1762 950 1819 1002; x_wconf 81' lang='grc' dir='ltr'><strong>ὲν</strong></span> 
     </span>
    </p>
   </div>
   <div class='ocr_carea' id='block_1_14' title="bbox 328 1038 1909 1111">
    <p class='ocr_par' dir='ltr' id='par_1_14' title="bbox 328 1038 1909 1111">
     <span class='ocr_line' id='line_1_14' title="bbox 328 1038 1909 1111; baseline -0.001 -17"><span class='ocrx_word' id='word_1_82' title='bbox 328 1038 537 1110; x_wconf 76' lang='grc' dir='ltr'><strong>Μάρθα</strong></span> <span class='ocrx_word' id='word_1_83' title='bbox 561 1038 657 1091; x_wconf 77' lang='grc' dir='ltr'><strong>καὶ</strong></span> <span class='ocrx_word' id='word_1_84' title='bbox 675 1039 886 1108; x_wconf 84' lang='grc' dir='ltr'><strong>Μαρία,</strong></span> <span class='ocrx_word' id='word_1_85' title='bbox 914 1039 980 1102; x_wconf 77' lang='grc' dir='ltr'><strong>ἃς</strong></span> <span class='ocrx_word' id='word_1_86' title='bbox 1002 1040 1101 1111; x_wconf 83' lang='grc' dir='ltr'><strong>τὴν</strong></span> <span class='ocrx_word' id='word_1_87' title='bbox 1124 1040 1332 1110; x_wconf 74' lang='grc' dir='ltr'><strong>ἀγαθὴν</strong></span> <span class='ocrx_word' id='word_1_88' title='bbox 1358 1039 1682 1105; x_wconf 75' lang='grc' dir='ltr'><strong>ἐκλέξασθαι</strong></span> <span class='ocrx_word' id='word_1_89' title='bbox 1714 1039 1909 1110; x_wconf 85' lang='grc' dir='ltr'><strong>μερίδα</strong></span> 
     </span>
    </p>
   </div>
   <div class='ocr_carea' id='block_1_15' title="bbox 331 1130 1909 1202">
    <p class='ocr_par' dir='ltr' id='par_1_15' title="bbox 331 1130 1909 1202">
     <span class='ocr_line' id='line_1_15' title="bbox 331 1130 1909 1202; baseline -0.001 -16"><span class='ocrx_word' id='word_1_90' title='bbox 331 1132 401 1186; x_wconf 73' lang='grc' dir='ltr'><strong>τὺ</strong></span> <span class='ocrx_word' id='word_1_91' title='bbox 451 1131 587 1185; x_wconf 79' lang='grc' dir='ltr'><strong>θεῖον</strong></span> <span class='ocrx_word' id='word_1_92' title='bbox 631 1130 881 1201; x_wconf 79' lang='grc' dir='ltr'><strong>ἀπέφηνε</strong></span> <span class='ocrx_word' id='word_1_93' title='bbox 930 1132 1209 1202; x_wconf 76' lang='grc' dir='ltr'><strong>ψήφισμα.</strong></span> <span class='ocrx_word' id='word_1_94' title='bbox 1267 1131 1358 1196; x_wconf 80' lang='grc' dir='ltr'><strong>Ἐξ</strong></span> <span class='ocrx_word' id='word_1_95' title='bbox 1414 1132 1584 1185; x_wconf 75' lang='grc' dir='ltr'><strong>ἐθνῶν</strong></span> <span class='ocrx_word' id='word_1_96' title='bbox 1615 1131 1724 1184; x_wconf 80' lang='grc' dir='ltr'><strong>ἔδει</strong></span> <span class='ocrx_word' id='word_1_97' title='bbox 1772 1130 1909 1201; x_wconf 87' lang='grc' dir='ltr'><strong>κλη-</strong></span> 
     </span>
    </p>
   </div>
   <div class='ocr_carea' id='block_1_16' title="bbox 339 1222 1902 1294">
    <p class='ocr_par' dir='ltr' id='par_1_16' title="bbox 339 1222 1902 1294">
     <span class='ocr_line' id='line_1_16' title="bbox 339 1222 1902 1294; baseline -0.001 -18"><span class='ocrx_word' id='word_1_98' title='bbox 339 1222 531 1294; x_wconf 67' lang='grc' dir='ltr'><strong>θῆναι*</strong></span> <span class='ocrx_word' id='word_1_99' title='bbox 560 1222 786 1293; x_wconf 82' lang='grc' dir='ltr'><strong>ἀπαρχὴ</strong></span> <span class='ocrx_word' id='word_1_100' title='bbox 827 1223 935 1276; x_wconf 85' lang='grc' dir='ltr'><strong>τῶν</strong></span> <span class='ocrx_word' id='word_1_101' title='bbox 990 1224 1166 1277; x_wconf 78' lang='grc' dir='ltr'><strong>ἄλλων</strong></span> <span class='ocrx_word' id='word_1_102' title='bbox 1214 1224 1244 1275; x_wconf 91' lang='lat'><strong>6</strong></span> <span class='ocrx_word' id='word_1_103' title='bbox 1280 1222 1578 1294; x_wconf 84' lang='grc' dir='ltr'><strong>Κορνήλιος</strong></span> <span class='ocrx_word' id='word_1_104' title='bbox 1624 1222 1902 1276; x_wconf 84' lang='grc' dir='ltr'><strong>καλεῖται·</strong></span> 
     </span>
    </p>
   </div>
   <div class='ocr_carea' id='block_1_17' title="bbox 341 1314 1903 1385">
    <p class='ocr_par' dir='ltr' id='par_1_17' title="bbox 341 1314 1903 1385">
     <span class='ocr_line' id='line_1_17' title="bbox 341 1314 1903 1385; baseline -0.001 -17"><span class='ocrx_word' id='word_1_105' title='bbox 341 1316 468 1378; x_wconf 76' lang='grc' dir='ltr'><strong>ὅσος</strong></span> <span class='ocrx_word' id='word_1_106' title='bbox 491 1315 547 1368; x_wconf 85' lang='grc' dir='ltr'><strong>δὲ</strong></span> <span class='ocrx_word' id='word_1_107' title='bbox 586 1315 686 1385; x_wconf 80' lang='grc' dir='ltr'><strong>τὴν</strong></span> <span class='ocrx_word' id='word_1_108' title='bbox 731 1314 931 1385; x_wconf 84' lang='grc' dir='ltr'><strong>ἀρετὴν</strong></span> <span class='ocrx_word' id='word_1_109' title='bbox 971 1316 1066 1368; x_wconf 73' lang='grc' dir='ltr'><strong>καὶ</strong></span> <span class='ocrx_word' id='word_1_110' title='bbox 1114 1315 1223 1385; x_wconf 81' lang='grc' dir='ltr'><strong>πρὸ</strong></span> <span class='ocrx_word' id='word_1_111' title='bbox 1274 1314 1368 1368; x_wconf 89' lang='grc' dir='ltr'><strong>τοῦ</strong></span> <span class='ocrx_word' id='word_1_112' title='bbox 1400 1314 1795 1385; x_wconf 79' lang='grc' dir='ltr'><strong>βαπτίσματος,</strong></span> <span class='ocrx_word' id='word_1_113' title='bbox 1840 1314 1903 1367; x_wconf 80' lang='grc' dir='ltr'><strong>τὸ</strong></span> 
     </span>
    </p>
   </div>
   <div class='ocr_carea' id='block_1_18' title="bbox 340 1408 1907 1483">
    <p class='ocr_par' dir='ltr' id='par_1_18' title="bbox 340 1408 1907 1483">
     <span class='ocr_line' id='line_1_18' title="bbox 340 1408 1907 1483; baseline -0.003 -18"><span class='ocrx_word' id='word_1_114' title='bbox 340 1411 479 1480; x_wconf 74' lang='grc' dir='ltr'><strong>ίερὸν</strong></span> <span class='ocrx_word' id='word_1_115' title='bbox 502 1409 867 1482; x_wconf 82' lang='grc' dir='ltr'><strong>άνακηρύττει</strong></span> <span class='ocrx_word' id='word_1_116' title='bbox 896 1411 1153 1481; x_wconf 85' lang='grc' dir='ltr'><strong>γράμμα.</strong></span> <span class='ocrx_word' id='word_1_117' title='bbox 1175 1410 1540 1480; x_wconf 86' lang='grc' dir='ltr'><strong>Σταυροῦνται</strong></span> <span class='ocrx_word' id='word_1_118' title='bbox 1560 1410 1655 1464; x_wconf 87' lang='grc' dir='ltr'><strong>δύο</strong></span> <span class='ocrx_word' id='word_1_119' title='bbox 1690 1408 1907 1483; x_wconf 76' lang='grc' dir='ltr'><strong>λῃσταί·</strong></span> 
     </span>
    </p>
   </div>
   <div class='ocr_carea' id='block_1_19' title="bbox 2017 676 3589 757">
    <p class='ocr_par' dir='ltr' id='par_1_19' title="bbox 2017 676 3589 757">
     <span class='ocr_line' id='line_1_19' title="bbox 2017 676 3589 757; baseline 0.008 -27"><span class='ocrx_word' id='word_1_120' title='bbox 2017 676 2282 732; x_wconf 89' lang='lat' dir='ltr'><strong>Lazarum</strong></span> <span class='ocrx_word' id='word_1_121' title='bbox 2315 688 2359 732; x_wconf 76' lang='grc' dir='ltr'><strong>τ.</strong></span> <span class='ocrx_word' id='word_1_122' title='bbox 2388 677 2492 735; x_wconf 87' lang='lat' dir='ltr'><strong>Sed</strong></span> <span class='ocrx_word' id='word_1_123' title='bbox 2522 676 2643 735; x_wconf 85' lang='lat' dir='ltr'><strong>eum</strong></span> <span class='ocrx_word' id='word_1_124' title='bbox 2696 685 2909 738; x_wconf 88' lang='lat' dir='ltr'><strong>nonnisi</strong></span> <span class='ocrx_word' id='word_1_125' title='bbox 2941 699 3006 739; x_wconf 90' lang='lat' dir='ltr'><strong>ex</strong></span> <span class='ocrx_word' id='word_1_126' title='bbox 3063 686 3147 753; x_wconf 90' lang='lat' dir='ltr'><strong>pia</strong></span> <span class='ocrx_word' id='word_1_127' title='bbox 3184 688 3362 753; x_wconf 87' lang='lat' dir='ltr'><strong>domo,</strong></span> <span class='ocrx_word' id='word_1_128' title='bbox 3390 688 3442 741; x_wconf 89' lang='lat' dir='ltr'><strong>in</strong></span> <span class='ocrx_word' id='word_1_129' title='bbox 3484 704 3589 757; x_wconf 90' lang='lat' dir='ltr'><strong>qua</strong></span> 
     </span>
    </p>
   </div>
   <div class='ocr_carea' id='block_1_20' title="bbox 2018 767 3588 847">
    <p class='ocr_par' dir='ltr' id='par_1_20' title="bbox 2018 767 3588 847">
     <span class='ocr_line' id='line_1_20' title="bbox 2018 767 3588 847; baseline 0.006 -26"><span class='ocrx_word' id='word_1_130' title='bbox 2018 767 2226 823; x_wconf 85' lang='lat' dir='ltr'><strong>Martha</strong></span> <span class='ocrx_word' id='word_1_131' title='bbox 2266 780 2321 823; x_wconf 91' lang='lat' dir='ltr'><strong>et</strong></span> <span class='ocrx_word' id='word_1_132' title='bbox 2364 770 2554 837; x_wconf 84' lang='lat' dir='ltr'><strong>Maria,</strong></span> <span class='ocrx_word' id='word_1_133' title='bbox 2586 788 2745 840; x_wconf 90' lang='lat' dir='ltr'><strong>quam</strong></span> <span class='ocrx_word' id='word_1_134' title='bbox 2805 774 2998 829; x_wconf 84' lang='lat' dir='ltr'><strong>bonam</strong></span> <span class='ocrx_word' id='word_1_135' title='bbox 3041 785 3063 813; x_wconf 74' lang='grc' dir='ltr'><strong>ι</strong></span> <span class='ocrx_word' id='word_1_136' title='bbox 3095 775 3325 846; x_wconf 78' lang='lat' dir='ltr'><strong>elegisse</strong></span> <span class='ocrx_word' id='word_1_137' title='bbox 3382 785 3588 847; x_wconf 90' lang='lat' dir='ltr'><strong>partem</strong></span> 
     </span>
    </p>
   </div>
   <div class='ocr_carea' id='block_1_21' title="bbox 2017 859 3588 937">
    <p class='ocr_par' dir='ltr' id='par_1_21' title="bbox 2017 859 3588 937">
     <span class='ocr_line' id='line_1_21' title="bbox 2017 859 3588 937; baseline 0.005 -24"><span class='ocrx_word' id='word_1_138' title='bbox 2017 859 2197 914; x_wconf 85' lang='lat' dir='ltr'><strong>divina</strong></span> <span class='ocrx_word' id='word_1_139' title='bbox 2244 862 2613 929; x_wconf 82' lang='lat' dir='ltr'><strong>pronuntiavit</strong></span> <span class='ocrx_word' id='word_1_140' title='bbox 2644 865 2938 922; x_wconf 87' lang='lat' dir='ltr'><strong>sententia.</strong></span> <span class='ocrx_word' id='word_1_141' title='bbox 2972 866 3047 918; x_wconf 89' lang='lat' dir='ltr'><strong>Ex</strong></span> <span class='ocrx_word' id='word_1_142' title='bbox 3078 867 3327 935; x_wconf 74' lang='lat' dir='ltr'><strong>gentibus</strong></span> <span class='ocrx_word' id='word_1_143' title='bbox 3373 882 3588 937; x_wconf 90' lang='lat' dir='ltr'><strong>quoque</strong></span> 
     </span>
    </p>
   </div>
   <div class='ocr_carea' id='block_1_22' title="bbox 2019 950 3580 1025">
    <p class='ocr_par' dir='ltr' id='par_1_22' title="bbox 2019 950 3580 1025">
     <span class='ocr_line' id='line_1_22' title="bbox 2019 950 3580 1025; baseline 0.008 -23"><span class='ocrx_word' id='word_1_144' title='bbox 2019 950 2200 1003; x_wconf 89' lang='lat' dir='ltr'><strong>vocari</strong></span> <span class='ocrx_word' id='word_1_145' title='bbox 2234 950 2443 1019; x_wconf 87' lang='lat' dir='ltr'><strong>aliquos</strong></span> <span class='ocrx_word' id='word_1_146' title='bbox 2466 955 2703 1023; x_wconf 89' lang='lat' dir='ltr'><strong>oportuit</strong></span> <span class='ocrx_word' id='word_1_147' title='bbox 2723 972 2736 1008; x_wconf 91' lang='lat'><strong>:</strong></span> <span class='ocrx_word' id='word_1_148' title='bbox 2754 956 2961 1025; x_wconf 89' lang='lat' dir='ltr'><strong>primus</strong></span> <span class='ocrx_word' id='word_1_149' title='bbox 2980 958 3217 1011; x_wconf 91' lang='lat' dir='ltr'><strong>omnium</strong></span> <span class='ocrx_word' id='word_1_150' title='bbox 3257 958 3541 1015; x_wconf 84' lang='lat' dir='ltr'><strong>Cornelius</strong></span> <span class='ocrx_word' id='word_1_151' title='bbox 3560 960 3580 997; x_wconf 64' lang='grc' dir='ltr'><strong>ί</strong></span> 
     </span>
    </p>
   </div>
   <div class='ocr_carea' id='block_1_23' title="bbox 2016 1042 3587 1116">
    <p class='ocr_par' dir='ltr' id='par_1_23' title="bbox 2016 1042 3587 1116">
     <span class='ocr_line' id='line_1_23' title="bbox 2016 1042 3587 1116; baseline 0.004 -22"><span class='ocrx_word' id='word_1_152' title='bbox 2016 1051 2265 1105; x_wconf 77' lang='lat' dir='ltr'><strong>vocatur,</strong></span> <span class='ocrx_word' id='word_1_153' title='bbox 2291 1042 2384 1112; x_wconf 90' lang='lat' dir='ltr'><strong>qui</strong></span> <span class='ocrx_word' id='word_1_154' title='bbox 2414 1053 2649 1112; x_wconf 88' lang='lat' dir='ltr'><strong>quantus</strong></span> <span class='ocrx_word' id='word_1_155' title='bbox 2673 1045 2873 1099; x_wconf 83' lang='lat' dir='ltr'><strong>virtute</strong></span> <span class='ocrx_word' id='word_1_156' title='bbox 2889 1046 3073 1114; x_wconf 88' lang='lat' dir='ltr'><strong>(etiam</strong></span> <span class='ocrx_word' id='word_1_157' title='bbox 3093 1057 3217 1100; x_wconf 89' lang='lat' dir='ltr'><strong>ante</strong></span> <span class='ocrx_word' id='word_1_158' title='bbox 3241 1048 3587 1116; x_wconf 84' lang='lat' dir='ltr'><strong>baptismum)</strong></span> 
     </span>
    </p>
   </div>
   <div class='ocr_carea' id='block_1_24' title="bbox 2017 1130 3587 1206">
    <p class='ocr_par' dir='ltr' id='par_1_24' title="bbox 2017 1130 3587 1206">
     <span class='ocr_line' id='line_1_24' title="bbox 2017 1130 3587 1206; baseline 0.003 -20"><span class='ocrx_word' id='word_1_159' title='bbox 2017 1130 2201 1197; x_wconf 78' lang='lat' dir='ltr'><strong>fuerit,</strong></span> <span class='ocrx_word' id='word_1_160' title='bbox 2236 1147 2407 1188; x_wconf 69' lang='lat' dir='ltr'><strong>sacrae</strong></span> <span class='ocrx_word' id='word_1_161' title='bbox 2431 1134 2726 1204; x_wconf 90' lang='lat' dir='ltr'><strong>loquuntur</strong></span> <span class='ocrx_word' id='word_1_162' title='bbox 2753 1134 2989 1191; x_wconf 75' lang='lat' dir='ltr'><strong>Litterae.</strong></span> <span class='ocrx_word' id='word_1_163' title='bbox 3041 1136 3200 1190; x_wconf 85' lang='lat' dir='ltr'><strong>Cruci</strong></span> <span class='ocrx_word' id='word_1_164' title='bbox 3230 1148 3257 1175; x_wconf 79' lang='grc' dir='ltr'><strong>ιι</strong></span> <span class='ocrx_word' id='word_1_165' title='bbox 3298 1136 3587 1206; x_wconf 75' lang='lat' dir='ltr'><strong>aﬂiguulut‘</strong></span> 
     </span>
    </p>
   </div>
   <div class='ocr_carea' id='block_1_25' title="bbox 2012 1223 3588 1299">
    <p class='ocr_par' dir='ltr' id='par_1_25' title="bbox 2012 1223 3588 1299">
     <span class='ocr_line' id='line_1_25' title="bbox 2012 1223 3588 1299; baseline 0.004 -23"><span class='ocrx_word' id='word_1_166' title='bbox 2012 1223 2118 1277; x_wconf 91' lang='lat' dir='ltr'><strong>duo</strong></span> <span class='ocrx_word' id='word_1_167' title='bbox 2138 1223 2373 1279; x_wconf 88' lang='lat' dir='ltr'><strong>latrones</strong></span> <span class='ocrx_word' id='word_1_168' title='bbox 2404 1244 2418 1279; x_wconf 90' lang='lat'><strong>:</strong></span> <span class='ocrx_word' id='word_1_169' title='bbox 2445 1227 2537 1281; x_wconf 87' lang='lat' dir='ltr'><strong>sed</strong></span> <span class='ocrx_word' id='word_1_170' title='bbox 2568 1242 2663 1282; x_wconf 91' lang='lat' dir='ltr'><strong>cur</strong></span> <span class='ocrx_word' id='word_1_171' title='bbox 2692 1243 2832 1282; x_wconf 92' lang='lat' dir='ltr'><strong>unus</strong></span> <span class='ocrx_word' id='word_1_172' title='bbox 2882 1228 3074 1283; x_wconf 89' lang='lat' dir='ltr'><strong>melior</strong></span> <span class='ocrx_word' id='word_1_173' title='bbox 3129 1230 3438 1299; x_wconf 81' lang='lat' dir='ltr'><strong>paradisum</strong></span> <span class='ocrx_word' id='word_1_174' title='bbox 3485 1229 3588 1285; x_wconf 89' lang='lat' dir='ltr'><strong>sibi</strong></span> 
     </span>
    </p>
   </div>
   <div class='ocr_carea' id='block_1_26' title="bbox 2008 1315 3588 1388">
    <p class='ocr_par' dir='ltr' id='par_1_26' title="bbox 2008 1315 3588 1388">
     <span class='ocr_line' id='line_1_26' title="bbox 2008 1315 3588 1388; baseline 0.003 -20"><span class='ocrx_word' id='word_1_175' title='bbox 2008 1315 2199 1383; x_wconf 87' lang='lat' dir='ltr'><strong>aperit;</strong></span> <span class='ocrx_word' id='word_1_176' title='bbox 2220 1316 2411 1386; x_wconf 73' lang='lat'><strong>2026</strong></span> <span class='ocrx_word' id='word_1_177' title='bbox 2423 1317 2761 1386; x_wconf 89' lang='lat' dir='ltr'><strong>blasphemus</strong></span> <span class='ocrx_word' id='word_1_178' title='bbox 2777 1330 2985 1385; x_wconf 85' lang='lat' dir='ltr'><strong>contra,</strong></span> <span class='ocrx_word' id='word_1_179' title='bbox 2998 1330 3053 1375; x_wconf 93' lang='lat' dir='ltr'><strong>et</strong></span> <span class='ocrx_word' id='word_1_180' title='bbox 3069 1321 3268 1388; x_wconf 87' lang='lat' dir='ltr'><strong>peccati</strong></span> <span class='ocrx_word' id='word_1_181' title='bbox 3289 1320 3588 1375; x_wconf 87' lang='lat' dir='ltr'><strong>indelebilia</strong></span> 
     </span>
    </p>
   </div>
   <div class='ocr_carea' id='block_1_27' title="bbox 2013 1413 3584 1483">
    <p class='ocr_par' dir='ltr' id='par_1_27' title="bbox 2013 1413 3584 1483">
     <span class='ocr_line' id='line_1_27' title="bbox 2013 1413 3584 1483; baseline 0.002 -18"><span class='ocrx_word' id='word_1_182' title='bbox 2013 1420 2229 1478; x_wconf 79' lang='lat' dir='ltr'><strong>geStans</strong></span> <span class='ocrx_word' id='word_1_183' title='bbox 2256 1413 2496 1477; x_wconf 83' lang='lat' dir='ltr'><strong>vulnera,</strong></span> <span class='ocrx_word' id='word_1_184' title='bbox 2534 1428 2598 1469; x_wconf 90' lang='lat' dir='ltr'><strong>ex</strong></span> <span class='ocrx_word' id='word_1_185' title='bbox 2625 1428 2781 1483; x_wconf 65' lang='lat' dir='ltr'><strong>paena</strong></span> <span class='ocrx_word' id='word_1_186' title='bbox 2815 1415 2865 1468; x_wconf 92' lang='lat' dir='ltr'><strong>in</strong></span> <span class='ocrx_word' id='word_1_187' title='bbox 2898 1415 3291 1469; x_wconf 87' lang='lat' dir='ltr'><strong>damnationem</strong></span> <span class='ocrx_word' id='word_1_188' title='bbox 3334 1414 3584 1468; x_wconf 90' lang='lat' dir='ltr'><strong>mittitur.</strong></span> 
     </span>
    </p>
   </div>
   <div class='ocr_carea' id='block_1_28' title="bbox 328 1503 3587 1582">
    <p class='ocr_par' dir='ltr' id='par_1_28' title="bbox 328 1503 3587 1582">
     <span class='ocr_line' id='line_1_28' title="bbox 328 1503 3587 1582; baseline 0.002 -24"><span class='ocrx_word' id='word_1_189' title='bbox 328 1506 446 1558; x_wconf 84' lang='grc' dir='ltr'><strong>ἀλλ’</strong></span> <span class='ocrx_word' id='word_1_190' title='bbox 460 1507 490 1557; x_wconf 84' lang='grc' dir='ltr'>ὁ</span> <span class='ocrx_word' id='word_1_191' title='bbox 519 1506 618 1574; x_wconf 80' lang='grc' dir='ltr'><strong>μὲν</strong></span> <span class='ocrx_word' id='word_1_192' title='bbox 639 1504 936 1575; x_wconf 75' lang='grc' dir='ltr'><strong>εὐγνώμων</strong></span> <span class='ocrx_word' id='word_1_193' title='bbox 967 1504 1174 1573; x_wconf 85' lang='grc' dir='ltr'><strong>ἀνοίγει</strong></span> <span class='ocrx_word' id='word_1_194' title='bbox 1205 1505 1297 1559; x_wconf 81' lang='grc' dir='ltr'><strong>τὸν</strong></span> <span class='ocrx_word' id='word_1_195' title='bbox 1316 1506 1365 1539; x_wconf 63' lang='grc'><strong>⁸⁸</strong></span> <span class='ocrx_word' id='word_1_196' title='bbox 1391 1507 1735 1577; x_wconf 73' lang='grc' dir='ltr'><strong>παράδεισον,</strong></span> <span class='ocrx_word' id='word_1_197' title='bbox 1756 1505 1882 1577; x_wconf 64' lang='grc'><strong>[644</strong></span> <span class='ocrx_word' id='word_1_198' title='bbox 1899 1503 1991 1576; x_wconf 84' lang='lat' dir='ltr'><strong>R.]</strong></span> <span class='ocrx_word' id='word_1_199' title='bbox 2008 1506 2037 1558; x_wconf 88' lang='lat'><strong>6</strong></span> <span class='ocrx_word' id='word_1_200' title='bbox 2052 1504 2108 1558; x_wconf 82' lang='grc' dir='ltr'><strong>δὲ</strong></span> <span class='ocrx_word' id='word_1_201' title='bbox 2141 1505 2476 1579; x_wconf 79' lang='grc' dir='ltr'><strong>βλασφημῶν</strong></span> <span class='ocrx_word' id='word_1_202' title='bbox 2504 1510 2595 1564; x_wconf 69' lang='grc' dir='ltr'><strong>καὶ</strong></span> <span class='ocrx_word' id='word_1_203' title='bbox 2612 1510 2709 1581; x_wconf 90' lang='grc' dir='ltr'><strong>τῆς</strong></span> <span class='ocrx_word' id='word_1_204' title='bbox 2730 1511 3003 1582; x_wconf 83' lang='grc' dir='ltr'><strong>ἁμαρτίας</strong></span> <span class='ocrx_word' id='word_1_205' title='bbox 3023 1511 3377 1577; x_wconf 81' lang='grc' dir='ltr'><strong>ἀνεξάλειπτα</strong></span> <span class='ocrx_word' id='word_1_206' title='bbox 3408 1510 3587 1582; x_wconf 84' lang='grc' dir='ltr'><strong>φέρων</strong></span> 
     </span>
    </p>
   </div>
   <div class='ocr_carea' id='block_1_29' title="bbox 323 1600 1951 1675">
    <p class='ocr_par' dir='ltr' id='par_1_29' title="bbox 323 1600 1951 1675">
     <span class='ocr_line' id='line_1_29' title="bbox 323 1600 1951 1675; baseline 0.002 -21"><span class='ocrx_word' id='word_1_207' title='bbox 323 1601 397 1654; x_wconf 78' lang='grc' dir='ltr'><strong>τὰ</strong></span> <span class='ocrx_word' id='word_1_208' title='bbox 424 1600 702 1670; x_wconf 79' lang='grc' dir='ltr'><strong>στίγματα</strong></span> <span class='ocrx_word' id='word_1_209' title='bbox 726 1602 807 1665; x_wconf 87' lang='grc' dir='ltr'><strong>είς</strong></span> <span class='ocrx_word' id='word_1_210' title='bbox 832 1601 988 1672; x_wconf 87' lang='grc' dir='ltr'><strong>δίκην</strong></span> <span class='ocrx_word' id='word_1_211' title='bbox 1020 1602 1085 1654; x_wconf 85' lang='grc' dir='ltr'><strong>ὲκ</strong></span> <span class='ocrx_word' id='word_1_212' title='bbox 1116 1602 1406 1675; x_wconf 81' lang='grc' dir='ltr'><strong>,τιμωρίας</strong></span> <span class='ocrx_word' id='word_1_213' title='bbox 1436 1601 1951 1673; x_wconf 70' lang='grc' dir='ltr'><strong>παραπέμπεταιδδ.</strong></span> 
     </span>
    </p>
   </div>
   <div class='ocr_carea' id='block_1_30' title="bbox 398 1691 1902 1763">
    <p class='ocr_par' dir='ltr' id='par_1_30' title="bbox 398 1691 1902 1763">
     <span class='ocr_line' id='line_1_30' title="bbox 398 1691 1902 1763; baseline 0.001 -18"><span class='ocrx_word' id='word_1_214' title='bbox 398 1691 562 1745; x_wconf 73' lang='grc' dir='ltr'><strong>Οὕτω</strong></span> <span class='ocrx_word' id='word_1_215' title='bbox 607 1693 749 1746; x_wconf 83' lang='grc' dir='ltr'><strong>κατά</strong></span> <span class='ocrx_word' id='word_1_216' title='bbox 795 1694 904 1746; x_wconf 80' lang='grc' dir='ltr'><strong>πᾶν</strong></span> <span class='ocrx_word' id='word_1_217' title='bbox 948 1693 1102 1757; x_wconf 75' lang='grc' dir='ltr'><strong>ἔθνος</strong></span> <span class='ocrx_word' id='word_1_218' title='bbox 1134 1696 1227 1746; x_wconf 75' lang='grc' dir='ltr'><strong>καὶ</strong></span> <span class='ocrx_word' id='word_1_219' title='bbox 1282 1695 1439 1763; x_wconf 88' lang='grc' dir='ltr'><strong>γένος</strong></span> <span class='ocrx_word' id='word_1_220' title='bbox 1478 1696 1575 1749; x_wconf 75' lang='lat' dir='ltr'><strong>acal.</strong></span> <span class='ocrx_word' id='word_1_221' title='bbox 1625 1694 1902 1758; x_wconf 84' lang='grc' dir='ltr'><strong>πολιτείας</strong></span> 
     </span>
    </p>
   </div>
   <div class='ocr_carea' id='block_1_31' title="bbox 2008 1691 3583 1763">
    <p class='ocr_par' dir='ltr' id='par_1_31' title="bbox 2079 1691 3583 1763">
     <span class='ocr_line' id='line_1_31' title="bbox 2079 1691 3583 1763; baseline 0 -16"><span class='ocrx_word' id='word_1_222' title='bbox 2079 1692 2169 1747; x_wconf 90' lang='lat' dir='ltr'><strong>Sic</strong></span> <span class='ocrx_word' id='word_1_223' title='bbox 2197 1691 2250 1746; x_wconf 84' lang='lat' dir='ltr'><strong>in</strong></span> <span class='ocrx_word' id='word_1_224' title='bbox 2279 1691 2422 1745; x_wconf 91' lang='lat' dir='ltr'><strong>omni</strong></span> <span class='ocrx_word' id='word_1_225' title='bbox 2445 1692 2607 1747; x_wconf 89' lang='lat' dir='ltr'><strong>etiam</strong></span> <span class='ocrx_word' id='word_1_226' title='bbox 2628 1692 2864 1757; x_wconf 88' lang='lat' dir='ltr'><strong>natione,</strong></span> <span class='ocrx_word' id='word_1_227' title='bbox 2899 1704 3008 1746; x_wconf 88' lang='lat' dir='ltr'><strong>tum</strong></span> <span class='ocrx_word' id='word_1_228' title='bbox 3059 1692 3260 1747; x_wconf 77' lang='lat' dir='ltr'><strong>familia</strong></span> <span class='ocrx_word' id='word_1_229' title='bbox 3304 1704 3357 1748; x_wconf 89' lang='lat' dir='ltr'><strong>et</strong></span> <span class='ocrx_word' id='word_1_230' title='bbox 3380 1708 3583 1763; x_wconf 80' lang='lat' dir='ltr'><strong>genere</strong></span> 
     </span>
    </p>
   </div>
   <div class='ocr_carea' id='block_1_32' title="bbox 326 1783 1903 1856">
    <p class='ocr_par' dir='ltr' id='par_1_32' title="bbox 326 1783 1903 1856">
     <span class='ocr_line' id='line_1_32' title="bbox 326 1783 1903 1856; baseline 0.001 -20"><span class='ocrx_word' id='word_1_231' title='bbox 326 1783 532 1853; x_wconf 82' lang='grc' dir='ltr'><strong>ιδίωμα</strong></span> <span class='ocrx_word' id='word_1_232' title='bbox 556 1784 682 1847; x_wconf 80' lang='grc' dir='ltr'><strong>τοὺς</strong></span> <span class='ocrx_word' id='word_1_233' title='bbox 713 1785 833 1837; x_wconf 85' lang='grc' dir='ltr'><strong>κατ’</strong></span> <span class='ocrx_word' id='word_1_234' title='bbox 859 1784 1059 1855; x_wconf 82' lang='grc' dir='ltr'><strong>ἀρετὴν</strong></span> <span class='ocrx_word' id='word_1_235' title='bbox 1094 1784 1210 1837; x_wconf 70' lang='grc' dir='ltr'><strong>ἔστι</strong></span> <span class='ocrx_word' id='word_1_236' title='bbox 1245 1784 1445 1856; x_wconf 85' lang='grc' dir='ltr'><strong>μᾶλλον</strong></span> <span class='ocrx_word' id='word_1_237' title='bbox 1473 1784 1721 1856; x_wconf 81' lang='grc' dir='ltr'><strong>βιοῦντας</strong></span> <span class='ocrx_word' id='word_1_238' title='bbox 1750 1786 1903 1856; x_wconf 81' lang='grc' dir='ltr'><strong>όρᾷν,</strong></span> 
     </span>
    </p>
   </div>
   <div class='ocr_carea' id='block_1_33' title="bbox 318 1874 1905 1947">
    <p class='ocr_par' dir='ltr' id='par_1_33' title="bbox 318 1874 1905 1947">
     <span class='ocr_line' id='line_1_33' title="bbox 318 1874 1905 1947; baseline 0 -19"><span class='ocrx_word' id='word_1_239' title='bbox 318 1874 357 1945; x_wconf 81' lang='grc' dir='ltr'>ἢ</span> <span class='ocrx_word' id='word_1_240' title='bbox 388 1875 521 1938; x_wconf 76' lang='grc' dir='ltr'><strong>τοὺς</strong></span> <span class='ocrx_word' id='word_1_241' title='bbox 561 1875 823 1928; x_wconf 84' lang='grc' dir='ltr'><strong>τάναντία</strong></span> <span class='ocrx_word' id='word_1_242' title='bbox 877 1876 1307 1943; x_wconf 77' lang='grc' dir='ltr'><strong>σπουδάζοντας,</strong></span> <span class='ocrx_word' id='word_1_243' title='bbox 1342 1876 1440 1930; x_wconf 78' lang='grc' dir='ltr'><strong>καὶ</strong></span> <span class='ocrx_word' id='word_1_244' title='bbox 1485 1876 1782 1947; x_wconf 80' lang='grc' dir='ltr'><strong>κληθέντας</strong></span> <span class='ocrx_word' id='word_1_245' title='bbox 1811 1875 1905 1928; x_wconf 75' lang='grc' dir='ltr'><strong>καὶ</strong></span> 
     </span>
    </p>
   </div>
   <div class='ocr_carea' id='block_1_34' title="bbox 321 1966 1900 2040">
    <p class='ocr_par' dir='ltr' id='par_1_34' title="bbox 321 1966 1900 2040">
     <span class='ocr_line' id='line_1_34' title="bbox 321 1966 1900 2040; baseline 0 -20"><span class='ocrx_word' id='word_1_246' title='bbox 321 1966 779 2039; x_wconf 80' lang='grc' dir='ltr'><strong>προσδραμόντας</strong></span> <span class='ocrx_word' id='word_1_247' title='bbox 827 1969 922 2021; x_wconf 77' lang='grc' dir='ltr'><strong>καὶ</strong></span> <span class='ocrx_word' id='word_1_248' title='bbox 950 1968 1423 2040; x_wconf 78' lang='grc' dir='ltr'><strong>ἀκολουθήσαντας</strong></span> <span class='ocrx_word' id='word_1_249' title='bbox 1458 1968 1537 2039; x_wconf 85' lang='grc' dir='ltr'><strong>τῷ</strong></span> <span class='ocrx_word' id='word_1_250' title='bbox 1586 1968 1900 2022; x_wconf 83' lang='grc' dir='ltr'><strong>καλέσαντι.</strong></span> 
     </span>
    </p>
   </div>
   <div class='ocr_carea' id='block_1_35' title="bbox 321 2060 1904 2133">
    <p class='ocr_par' dir='ltr' id='par_1_35' title="bbox 321 2060 1904 2133">
     <span class='ocr_line' id='line_1_35' title="bbox 321 2060 1904 2133; baseline 0.001 -20"><span class='ocrx_word' id='word_1_251' title='bbox 321 2061 390 2113; x_wconf 81' lang='lat' dir='ltr'><strong>El</strong></span> <span class='ocrx_word' id='word_1_252' title='bbox 420 2060 477 2113; x_wconf 81' lang='grc' dir='ltr'><strong>δὲ</strong></span> <span class='ocrx_word' id='word_1_253' title='bbox 514 2060 578 2113; x_wconf 85' lang='grc' dir='ltr'><strong>σὺ</strong></span> <span class='ocrx_word' id='word_1_254' title='bbox 622 2061 829 2133; x_wconf 71' lang='grc' dir='ltr'><strong>πόρνην</strong></span> <span class='ocrx_word' id='word_1_255' title='bbox 860 2062 956 2114; x_wconf 79' lang='grc' dir='ltr'><strong>καὶ</strong></span> <span class='ocrx_word' id='word_1_256' title='bbox 993 2060 1233 2131; x_wconf 85' lang='grc' dir='ltr'><strong>τελώνην</strong></span> <span class='ocrx_word' id='word_1_257' title='bbox 1279 2062 1459 2133; x_wconf 79' lang='grc' dir='ltr'><strong>εἴπῃς,</strong></span> <span class='ocrx_word' id='word_1_258' title='bbox 1494 2060 1763 2115; x_wconf 86' lang='grc' dir='ltr'><strong>κάκείνων</strong></span> <span class='ocrx_word' id='word_1_259' title='bbox 1793 2062 1904 2115; x_wconf 84' lang='grc' dir='ltr'><strong>ῐσθι</strong></span> 
     </span>
    </p>
   </div>
   <div class='ocr_carea' id='block_1_36' title="bbox 320 2151 1905 2225">
    <p class='ocr_par' dir='ltr' id='par_1_36' title="bbox 320 2151 1905 2225">
     <span class='ocr_line' id='line_1_36' title="bbox 320 2151 1905 2225; baseline 0.001 -21"><span class='ocrx_word' id='word_1_260' title='bbox 320 2153 433 2205; x_wconf 86' lang='grc' dir='ltr'><strong>τῶν</strong></span> <span class='ocrx_word' id='word_1_261' title='bbox 456 2151 749 2222; x_wconf 85' lang='grc' dir='ltr'><strong>διατριϐῶν</strong></span> <span class='ocrx_word' id='word_1_262' title='bbox 771 2154 867 2206; x_wconf 74' lang='grc' dir='ltr'><strong>καὶ</strong></span> <span class='ocrx_word' id='word_1_263' title='bbox 901 2153 1315 2225; x_wconf 86' lang='grc' dir='ltr'><strong>πολιτευμάτων</strong></span> <span class='ocrx_word' id='word_1_264' title='bbox 1343 2157 1470 2217; x_wconf 81' lang='grc' dir='ltr'><strong>τοὺς</strong></span> <span class='ocrx_word' id='word_1_265' title='bbox 1503 2152 1709 2223; x_wconf 78' lang='grc' dir='ltr'><strong>βραχὺν</strong></span> <span class='ocrx_word' id='word_1_266' title='bbox 1750 2170 1905 2205; x_wconf 87' lang='grc' dir='ltr'><strong>σπιν-</strong></span> 
     </span>
    </p>
   </div>
   <div class='ocr_carea' id='block_1_37' title="bbox 319 2241 1905 2316">
    <p class='ocr_par' dir='ltr' id='par_1_37' title="bbox 319 2241 1905 2316">
     <span class='ocr_line' id='line_1_37' title="bbox 319 2241 1905 2316; baseline 0.001 -20"><span class='ocrx_word' id='word_1_267' title='bbox 319 2241 473 2313; x_wconf 87' lang='grc' dir='ltr'><strong>θῆρά</strong></span> <span class='ocrx_word' id='word_1_268' title='bbox 520 2261 643 2296; x_wconf 88' lang='grc' dir='ltr'><strong>τινα</strong></span> <span class='ocrx_word' id='word_1_269' title='bbox 681 2245 780 2314; x_wconf 90' lang='grc' dir='ltr'><strong>τῆς</strong></span> <span class='ocrx_word' id='word_1_270' title='bbox 811 2244 1156 2315; x_wconf 79' lang='grc' dir='ltr'><strong>ἀνθρωπίνης</strong></span> <span class='ocrx_word' id='word_1_271' title='bbox 1184 2244 1467 2313; x_wconf 82' lang='grc' dir='ltr'><strong>εὐγενείας</strong></span> <span class='ocrx_word' id='word_1_272' title='bbox 1504 2244 1632 2316; x_wconf 82' lang='lat'>[555</span> <span class='ocrx_word' id='word_1_273' title='bbox 1656 2242 1755 2315; x_wconf 88' lang='lat' dir='ltr'><strong>H.]</strong></span> <span class='ocrx_word' id='word_1_274' title='bbox 1783 2245 1905 2297; x_wconf 91' lang='grc' dir='ltr'><strong>δια-</strong></span> 
     </span>
    </p>
   </div>
   <div class='ocr_carea' id='block_1_38' title="bbox 322 2332 1904 2405">
    <p class='ocr_par' dir='ltr' id='par_1_38' title="bbox 322 2332 1904 2405">
     <span class='ocr_line' id='line_1_38' title="bbox 322 2332 1904 2405; baseline 0.001 -20"><span class='ocrx_word' id='word_1_275' title='bbox 322 2332 602 2396; x_wconf 75' lang='grc' dir='ltr'><strong>σώζοντας</strong></span> <span class='ocrx_word' id='word_1_276' title='bbox 640 2335 961 2405; x_wconf 78' lang='grc' dir='ltr'><strong>προσελθεῖν</strong></span> <span class='ocrx_word' id='word_1_277' title='bbox 995 2334 1250 2390; x_wconf 82' lang='grc' dir='ltr'><strong>καλοῦντι</strong></span> <span class='ocrx_word' id='word_1_278' title='bbox 1295 2335 1374 2405; x_wconf 81' lang='grc' dir='ltr'><strong>τῷ</strong></span> <span class='ocrx_word' id='word_1_279' title='bbox 1419 2336 1666 2405; x_wconf 87' lang='grc' dir='ltr'><strong>Σωτῆρι,</strong></span> <span class='ocrx_word' id='word_1_280' title='bbox 1702 2335 1795 2389; x_wconf 79' lang='grc' dir='ltr'><strong>καὶ</strong></span> <span class='ocrx_word' id='word_1_281' title='bbox 1826 2334 1904 2388; x_wconf 79' lang='grc' dir='ltr'><strong>δι·</strong></span> 
     </span>
    </p>
   </div>
   <div class='ocr_carea' id='block_1_39' title="bbox 319 2425 1903 2501">
    <p class='ocr_par' dir='ltr' id='par_1_39' title="bbox 319 2425 1903 2501">
     <span class='ocr_line' id='line_1_39' title="bbox 319 2425 1903 2501; baseline 0.001 -22"><span class='ocrx_word' id='word_1_282' title='bbox 319 2426 501 2489; x_wconf 76' lang='grc' dir='ltr'><strong>καίως</strong></span> <span class='ocrx_word' id='word_1_283' title='bbox 524 2426 570 2501; x_wconf 62' lang='grc' dir='ltr'><strong>’ξ’</strong></span> <span class='ocrx_word' id='word_1_284' title='bbox 615 2426 754 2497; x_wconf 88' lang='grc' dir='ltr'><strong>πρός</strong></span> <span class='ocrx_word' id='word_1_285' title='bbox 804 2443 870 2494; x_wconf 88' lang='grc' dir='ltr'><strong>γε</strong></span> <span class='ocrx_word' id='word_1_286' title='bbox 898 2425 961 2480; x_wconf 80' lang='grc' dir='ltr'><strong>τὸ</strong></span> <span class='ocrx_word' id='word_1_287' title='bbox 1005 2427 1207 2498; x_wconf 86' lang='grc' dir='ltr'><strong>πλῆθος</strong></span> <span class='ocrx_word' id='word_1_288' title='bbox 1245 2427 1353 2481; x_wconf 87' lang='grc' dir='ltr'><strong>τῶν</strong></span> <span class='ocrx_word' id='word_1_289' title='bbox 1395 2427 1468 2498; x_wconf 83' lang='grc' dir='ltr'><strong>μὴ</strong></span> <span class='ocrx_word' id='word_1_290' title='bbox 1502 2427 1903 2497; x_wconf 83' lang='grc' dir='ltr'><strong>προσελθόντων</strong></span> 
     </span>
    </p>
   </div>
   <div class='ocr_carea' id='block_1_40' title="bbox 318 2514 1904 2589">
    <p class='ocr_par' dir='ltr' id='par_1_40' title="bbox 318 2514 1904 2589">
     <span class='ocr_line' id='line_1_40' title="bbox 318 2514 1904 2589; baseline 0.003 -21"><span class='ocrx_word' id='word_1_291' title='bbox 318 2514 513 2579; x_wconf 81' lang='grc' dir='ltr'><strong>ἀξίους</strong></span> <span class='ocrx_word' id='word_1_292' title='bbox 544 2516 638 2571; x_wconf 77' lang='grc' dir='ltr'><strong>καὶ</strong></span> <span class='ocrx_word' id='word_1_293' title='bbox 679 2515 997 2587; x_wconf 85' lang='grc' dir='ltr'><strong>νομίζεσθαι</strong></span> <span class='ocrx_word' id='word_1_294' title='bbox 1029 2519 1123 2570; x_wconf 78' lang='grc' dir='ltr'><strong>καὶ</strong></span> <span class='ocrx_word' id='word_1_295' title='bbox 1158 2517 1546 2589; x_wconf 81' lang='grc' dir='ltr'><strong>ὀνομάζεσθαι.</strong></span> <span class='ocrx_word' id='word_1_296' title='bbox 1580 2518 1693 2572; x_wconf 87' lang='grc' dir='ltr'><strong>Ποῦ</strong></span> <span class='ocrx_word' id='word_1_297' title='bbox 1722 2518 1904 2572; x_wconf 87' lang='grc' dir='ltr'><strong>τοίνυν</strong></span> 
     </span>
    </p>
   </div>
   <div class='ocr_carea' id='block_1_41' title="bbox 319 2608 1903 2681">
    <p class='ocr_par' dir='ltr' id='par_1_41' title="bbox 319 2608 1903 2681">
     <span class='ocr_line' id='line_1_41' title="bbox 319 2608 1903 2681; baseline -0.001 -21"><span class='ocrx_word' id='word_1_298' title='bbox 319 2608 436 2660; x_wconf 87' lang='grc' dir='ltr'><strong>τῶν</strong></span> <span class='ocrx_word' id='word_1_299' title='bbox 466 2609 806 2679; x_wconf 84' lang='grc' dir='ltr'><strong>ἁμαρτωλῶν</strong></span> <span class='ocrx_word' id='word_1_300' title='bbox 835 2610 869 2680; x_wconf 82' lang='grc' dir='ltr'>ἡ</span> <span class='ocrx_word' id='word_1_301' title='bbox 922 2609 1134 2679; x_wconf 83' lang='grc' dir='ltr'><strong>κλῆσις,</strong></span> <span class='ocrx_word' id='word_1_302' title='bbox 1166 2611 1256 2665; x_wconf 85' lang='grc' dir='ltr'><strong>ὅτε</strong></span> <span class='ocrx_word' id='word_1_303' title='bbox 1285 2610 1485 2681; x_wconf 85' lang='grc' dir='ltr'><strong>πόρναι</strong></span> <span class='ocrx_word' id='word_1_304' title='bbox 1534 2610 1628 2663; x_wconf 73' lang='grc' dir='ltr'><strong>καὶ</strong></span> <span class='ocrx_word' id='word_1_305' title='bbox 1674 2609 1903 2663; x_wconf 83' lang='grc' dir='ltr'><strong>τελῶναι</strong></span> 
     </span>
    </p>
   </div>
   <div class='ocr_carea' id='block_1_42' title="bbox 317 2700 1902 2773">
    <p class='ocr_par' dir='ltr' id='par_1_42' title="bbox 317 2700 1902 2773">
     <span class='ocr_line' id='line_1_42' title="bbox 317 2700 1902 2773; baseline 0 -20"><span class='ocrx_word' id='word_1_306' title='bbox 317 2702 421 2753; x_wconf 78' lang='grc' dir='ltr'><strong>καὶ</strong></span> <span class='ocrx_word' id='word_1_307' title='bbox 449 2701 646 2773; x_wconf 60' lang='grc' dir='ltr'><strong>λῃσταὶ⁵</strong></span> <span class='ocrx_word' id='word_1_308' title='bbox 682 2700 919 2772; x_wconf 77' lang='grc' dir='ltr'><strong>ὁρῶνται</strong></span> <span class='ocrx_word' id='word_1_309' title='bbox 946 2702 1145 2756; x_wconf 76' lang='grc' dir='ltr'><strong>ἐκεῖνοι</strong></span> <span class='ocrx_word' id='word_1_310' title='bbox 1177 2703 1337 2773; x_wconf 86' lang='grc' dir='ltr'><strong>μόνον</strong></span> <span class='ocrx_word' id='word_1_311' title='bbox 1387 2702 1764 2772; x_wconf 86' lang='grc' dir='ltr'><strong>ἀσπασάμενοι</strong></span> <span class='ocrx_word' id='word_1_312' title='bbox 1802 2701 1902 2773; x_wconf 81' lang='grc' dir='ltr'><strong>τὴν</strong></span> 
     </span>
    </p>
   </div>
   <div class='ocr_carea' id='block_1_43' title="bbox 318 2793 1892 2865">
    <p class='ocr_par' dir='ltr' id='par_1_43' title="bbox 318 2793 1892 2865">
     <span class='ocr_line' id='line_1_43' title="bbox 318 2793 1892 2865; baseline 0.001 -20"><span class='ocrx_word' id='word_1_313' title='bbox 318 2794 594 2863; x_wconf 83' lang='grc' dir='ltr'><strong>σωτήριον</strong></span> <span class='ocrx_word' id='word_1_314' title='bbox 625 2793 834 2864; x_wconf 86' lang='grc' dir='ltr'><strong>κλῆσιν,</strong></span> <span class='ocrx_word' id='word_1_315' title='bbox 865 2795 913 2848; x_wconf 83' lang='grc' dir='ltr'><strong>οἳ</strong></span> <span class='ocrx_word' id='word_1_316' title='bbox 943 2795 1051 2847; x_wconf 86' lang='grc' dir='ltr'><strong>τῶν</strong></span> <span class='ocrx_word' id='word_1_317' title='bbox 1080 2796 1412 2865; x_wconf 87' lang='grc' dir='ltr'><strong>όμοτεχνῶν,</strong></span> <span class='ocrx_word' id='word_1_318' title='bbox 1446 2795 1521 2859; x_wconf 85' lang='grc' dir='ltr'><strong>ὡς</strong></span> <span class='ocrx_word' id='word_1_319' title='bbox 1568 2796 1625 2847; x_wconf 81' lang='grc' dir='ltr'><strong>ὲν</strong></span> <span class='ocrx_word' id='word_1_320' title='bbox 1652 2793 1892 2864; x_wconf 79' lang='grc' dir='ltr'><strong>τοσούτῳ</strong></span> 
     </span>
    </p>
   </div>
   <div class='ocr_carea' id='block_1_44' title="bbox 316 2884 1898 2958">
    <p class='ocr_par' dir='ltr' id='par_1_44' title="bbox 316 2884 1898 2958">
     <span class='ocr_line' id='line_1_44' title="bbox 316 2884 1898 2958; baseline 0.001 -23"><span class='ocrx_word' id='word_1_321' title='bbox 316 2884 509 2936; x_wconf 77' lang='grc' dir='ltr'><strong>κακῶν</strong></span> <span class='ocrx_word' id='word_1_322' title='bbox 538 2884 711 2955; x_wconf 81' lang='grc' dir='ltr'><strong>βάθει,</strong></span> <span class='ocrx_word' id='word_1_323' title='bbox 760 2886 910 2956; x_wconf 81' lang='grc' dir='ltr'><strong>ὅμως</strong></span> <span class='ocrx_word' id='word_1_324' title='bbox 955 2890 1210 2958; x_wconf 84' lang='grc' dir='ltr'><strong>προεῖχον</strong></span> <span class='ocrx_word' id='word_1_325' title='bbox 1228 2886 1273 2918; x_wconf 83' lang='grc'><strong>⁸⁷</strong></span> <span class='ocrx_word' id='word_1_326' title='bbox 1307 2889 1366 2939; x_wconf 81' lang='grc' dir='ltr'><strong>ὲν</strong></span> <span class='ocrx_word' id='word_1_327' title='bbox 1416 2888 1530 2949; x_wconf 86' lang='grc' dir='ltr'><strong>τοῖς</strong></span> <span class='ocrx_word' id='word_1_328' title='bbox 1584 2886 1898 2956; x_wconf 87' lang='grc' dir='ltr'><strong>ἀμείνοσιν;</strong></span> 
     </span>
    </p>
   </div>
   <div class='ocr_carea' id='block_1_45' title="bbox 313 2974 1901 3047">
    <p class='ocr_par' dir='ltr' id='par_1_45' title="bbox 313 2974 1901 3047">
     <span class='ocr_line' id='line_1_45' title="bbox 313 2974 1901 3047; baseline 0 -18"><span class='ocrx_word' id='word_1_329' title='bbox 313 2975 444 3029; x_wconf 78' lang='grc' dir='ltr'><strong>οὐδὲ</strong></span> <span class='ocrx_word' id='word_1_330' title='bbox 494 2977 669 3030; x_wconf 79' lang='grc' dir='ltr'><strong>έκεῖνο</strong></span> <span class='ocrx_word' id='word_1_331' title='bbox 709 2977 767 3029; x_wconf 88' lang='grc' dir='ltr'><strong>δὲ</strong></span> <span class='ocrx_word' id='word_1_332' title='bbox 816 2977 1105 3047; x_wconf 83' lang='grc' dir='ltr'><strong>παρελθεῖν</strong></span> <span class='ocrx_word' id='word_1_333' title='bbox 1145 2978 1375 3033; x_wconf 88' lang='grc' dir='ltr'><strong>δίκαιον.</strong></span> <span class='ocrx_word' id='word_1_334' title='bbox 1434 2977 1510 3030; x_wconf 83' lang='grc' dir='ltr'>Τὸ</span> <span class='ocrx_word' id='word_1_335' title='bbox 1563 2978 1751 3047; x_wconf 84' lang='grc' dir='ltr'><strong>τάγμα</strong></span> <span class='ocrx_word' id='word_1_336' title='bbox 1788 2974 1901 3029; x_wconf 88' lang='grc' dir='ltr'><strong>τῶν</strong></span> 
     </span>
    </p>
   </div>
   <div class='ocr_carea' id='block_1_46' title="bbox 2016 1783 3579 1855">
    <p class='ocr_par' dir='ltr' id='par_1_46' title="bbox 2016 1783 3579 1855">
     <span class='ocr_line' id='line_1_46' title="bbox 2016 1783 3579 1855; baseline 0.002 -20"><span class='ocrx_word' id='word_1_337' title='bbox 2016 1785 2106 1855; x_wconf 86' lang='lat' dir='ltr'><strong>qui</strong></span> <span class='ocrx_word' id='word_1_338' title='bbox 2140 1798 2205 1838; x_wconf 92' lang='lat' dir='ltr'><strong>ex</strong></span> <span class='ocrx_word' id='word_1_339' title='bbox 2246 1783 2447 1837; x_wconf 91' lang='lat' dir='ltr'><strong>virtute</strong></span> <span class='ocrx_word' id='word_1_340' title='bbox 2478 1784 2721 1838; x_wconf 89' lang='lat' dir='ltr'><strong>viverent</strong></span> <span class='ocrx_word' id='word_1_341' title='bbox 2762 1785 3003 1838; x_wconf 81' lang='lat' dir='ltr'><strong>videmus</strong></span> <span class='ocrx_word' id='word_1_342' title='bbox 3038 1787 3241 1851; x_wconf 86' lang='lat' dir='ltr'><strong>vocari,</strong></span> <span class='ocrx_word' id='word_1_343' title='bbox 3277 1798 3579 1848; x_wconf 88' lang='lat' dir='ltr'><strong>accurrere,</strong></span> 
     </span>
    </p>
   </div>
   <div class='ocr_carea' id='block_1_47' title="bbox 2009 1875 3696 1950">
    <p class='ocr_par' dir='ltr' id='par_1_47' title="bbox 2009 1875 3696 1950">
     <span class='ocr_line' id='line_1_47' title="bbox 2009 1875 3696 1950; baseline 0 -21"><span class='ocrx_word' id='word_1_344' title='bbox 2009 1875 2561 1944; x_wconf 87' lang='lat' dir='ltr'><strong>vocantemquesequi</strong></span> <span class='ocrx_word' id='word_1_345' title='bbox 2594 1876 2769 1943; x_wconf 88' lang='lat' dir='ltr'><strong>potius</strong></span> <span class='ocrx_word' id='word_1_346' title='bbox 2798 1892 2955 1950; x_wconf 62' lang='lat' dir='ltr'><strong>qugm</strong></span> <span class='ocrx_word' id='word_1_347' title='bbox 2991 1876 3382 1943; x_wconf 90' lang='lat' dir='ltr'><strong>quicoutrariis</strong></span> <span class='ocrx_word' id='word_1_348' title='bbox 3405 1887 3585 1929; x_wconf 77' lang='lat' dir='ltr'><strong>essent</strong></span> <span class='ocrx_word' id='word_1_349' title='bbox 3692 1886 3696 1889; x_wconf 75' lang='lat'><em>‘</em></span> 
     </span>
    </p>
   </div>
   <div class='ocr_carea' id='block_1_48' title="bbox 2011 1965 3581 2039">
    <p class='ocr_par' dir='ltr' id='par_1_48' title="bbox 2011 1965 3581 2039">
     <span class='ocr_line' id='line_1_48' title="bbox 2011 1965 3581 2039; baseline 0 -18"><span class='ocrx_word' id='word_1_350' title='bbox 2011 1967 2174 2021; x_wconf 89' lang='lat' dir='ltr'><strong>dediti</strong></span> <span class='ocrx_word' id='word_1_351' title='bbox 2213 1966 2428 2021; x_wconf 91' lang='lat' dir='ltr'><strong>studiis.</strong></span> <span class='ocrx_word' id='word_1_352' title='bbox 2457 1965 2605 2031; x_wconf 86' lang='lat' dir='ltr'><strong>Quod</strong></span> <span class='ocrx_word' id='word_1_353' title='bbox 2638 1966 2684 2019; x_wconf 91' lang='lat' dir='ltr'><strong>si</strong></span> <span class='ocrx_word' id='word_1_354' title='bbox 2713 1977 2766 2019; x_wconf 91' lang='lat' dir='ltr'><strong>tu</strong></span> <span class='ocrx_word' id='word_1_355' title='bbox 2794 1967 3147 2039; x_wconf 72' lang='lat' dir='ltr'><strong>prostibulum</strong></span> <span class='ocrx_word' id='word_1_356' title='bbox 3189 1967 3317 2020; x_wconf 90' lang='lat' dir='ltr'><strong>mihi</strong></span> <span class='ocrx_word' id='word_1_357' title='bbox 3353 1977 3443 2021; x_wconf 86' lang='lat' dir='ltr'><strong>aut</strong></span> <span class='ocrx_word' id='word_1_358' title='bbox 3480 1984 3581 2036; x_wconf 82' lang='lat' dir='ltr'><strong>pu-</strong></span> 
     </span>
    </p>
   </div>
   <div class='ocr_carea' id='block_1_49' title="bbox 2010 2056 3582 2125">
    <p class='ocr_par' dir='ltr' id='par_1_49' title="bbox 2010 2056 3582 2125">
     <span class='ocr_line' id='line_1_49' title="bbox 2010 2056 3582 2125; baseline 0 -12"><span class='ocrx_word' id='word_1_359' title='bbox 2010 2058 2283 2113; x_wconf 89' lang='lat' dir='ltr'><strong>blicanum</strong></span> <span class='ocrx_word' id='word_1_360' title='bbox 2311 2056 2546 2125; x_wconf 86' lang='lat' dir='ltr'><strong>aliquem</strong></span> <span class='ocrx_word' id='word_1_361' title='bbox 2596 2057 2907 2123; x_wconf 80' lang='lat' dir='ltr'><strong>adduxeris,</strong></span> <span class='ocrx_word' id='word_1_362' title='bbox 2939 2059 3101 2112; x_wconf 90' lang='lat' dir='ltr'><strong>etiam</strong></span> <span class='ocrx_word' id='word_1_363' title='bbox 3161 2058 3304 2112; x_wconf 89' lang='lat' dir='ltr'><strong>illoe</strong></span> <span class='ocrx_word' id='word_1_364' title='bbox 3356 2073 3582 2113; x_wconf 91' lang='lat' dir='ltr'><strong>numero</strong></span> 
     </span>
    </p>
   </div>
   <div class='ocr_carea' id='block_1_50' title="bbox 2010 2148 3583 2219">
    <p class='ocr_par' dir='ltr' id='par_1_50' title="bbox 2010 2148 3583 2219">
     <span class='ocr_line' id='line_1_50' title="bbox 2010 2148 3583 2219; baseline 0 -14"><span class='ocrx_word' id='word_1_365' title='bbox 2010 2153 2153 2205; x_wconf 88' lang='lat' dir='ltr'><strong>scias</strong></span> <span class='ocrx_word' id='word_1_366' title='bbox 2172 2159 2334 2219; x_wconf 85' lang='lat' dir='ltr'><strong>atque</strong></span> <span class='ocrx_word' id='word_1_367' title='bbox 2354 2150 2545 2203; x_wconf 91' lang='lat' dir='ltr'><strong>ordine</strong></span> <span class='ocrx_word' id='word_1_368' title='bbox 2564 2151 2628 2203; x_wconf 91' lang='lat' dir='ltr'><strong>ad</strong></span> <span class='ocrx_word' id='word_1_369' title='bbox 2651 2160 2932 2205; x_wconf 90' lang='lat' dir='ltr'><strong>vocantem</strong></span> <span class='ocrx_word' id='word_1_370' title='bbox 2955 2148 3291 2205; x_wconf 88' lang='lat' dir='ltr'><strong>Salvatorem</strong></span> <span class='ocrx_word' id='word_1_371' title='bbox 3321 2151 3583 2205; x_wconf 83' lang='lat' dir='ltr'><strong>accedere</strong></span> 
     </span>
    </p>
   </div>
   <div class='ocr_carea' id='block_1_51' title="bbox 2010 2238 3581 2312">
    <p class='ocr_par' dir='ltr' id='par_1_51' title="bbox 2010 2238 3581 2312">
     <span class='ocr_line' id='line_1_51' title="bbox 2010 2238 3581 2312; baseline -0.001 -17"><span class='ocrx_word' id='word_1_372' title='bbox 2010 2241 2100 2312; x_wconf 91' lang='lat' dir='ltr'><strong>qui</strong></span> <span class='ocrx_word' id='word_1_373' title='bbox 2136 2242 2384 2310; x_wconf 80' lang='lat' dir='ltr'><strong>exiguam</strong></span> <span class='ocrx_word' id='word_1_374' title='bbox 2412 2241 2604 2295; x_wconf 84' lang='lat' dir='ltr'><strong>saltem</strong></span> <span class='ocrx_word' id='word_1_375' title='bbox 2647 2242 2898 2296; x_wconf 69' lang='lat' dir='ltr'><strong>humana:</strong></span> <span class='ocrx_word' id='word_1_376' title='bbox 2953 2242 3253 2297; x_wconf 86' lang='lat' dir='ltr'><strong>nobilitatis</strong></span> <span class='ocrx_word' id='word_1_377' title='bbox 3288 2238 3581 2297; x_wconf 61' lang='lat' dir='ltr'><strong>scintillam</strong></span> 
     </span>
    </p>
   </div>
   <div class='ocr_carea' id='block_1_52' title="bbox 2010 2332 3581 2403">
    <p class='ocr_par' dir='ltr' id='par_1_52' title="bbox 2010 2332 3581 2403">
     <span class='ocr_line' id='line_1_52' title="bbox 2010 2332 3581 2403; baseline -0.001 -16"><span class='ocrx_word' id='word_1_378' title='bbox 2010 2332 2327 2397; x_wconf 87' lang='lat' dir='ltr'><strong>retinerent,</strong></span> <span class='ocrx_word' id='word_1_379' title='bbox 2362 2340 2423 2385; x_wconf 92' lang='lat' dir='ltr'><strong>ut</strong></span> <span class='ocrx_word' id='word_1_380' title='bbox 2460 2332 2656 2386; x_wconf 89' lang='lat' dir='ltr'><strong>merito</strong></span> <span class='ocrx_word' id='word_1_381' title='bbox 2681 2348 2789 2403; x_wconf 72' lang='lat' dir='ltr'><strong>pra:</strong></span> <span class='ocrx_word' id='word_1_382' title='bbox 2813 2332 3152 2389; x_wconf 88' lang='lat' dir='ltr'><strong>multitudine</strong></span> <span class='ocrx_word' id='word_1_383' title='bbox 3182 2348 3288 2387; x_wconf 91' lang='lat' dir='ltr'><strong>non</strong></span> <span class='ocrx_word' id='word_1_384' title='bbox 3318 2335 3581 2388; x_wconf 80' lang='lat' dir='ltr'><strong>acceden-</strong></span> 
     </span>
    </p>
   </div>
   <div class='ocr_carea' id='block_1_53' title="bbox 2010 2422 3577 2494">
    <p class='ocr_par' dir='ltr' id='par_1_53' title="bbox 2010 2422 3577 2494">
     <span class='ocr_line' id='line_1_53' title="bbox 2010 2422 3577 2494; baseline 0.001 -17"><span class='ocrx_word' id='word_1_385' title='bbox 2010 2424 2140 2478; x_wconf 90' lang='lat' dir='ltr'><strong>tium</strong></span> <span class='ocrx_word' id='word_1_386' title='bbox 2192 2424 2257 2476; x_wconf 86' lang='lat' dir='ltr'><strong>ad</strong></span> <span class='ocrx_word' id='word_1_387' title='bbox 2315 2422 2503 2487; x_wconf 90' lang='lat' dir='ltr'><strong>Deum,</strong></span> <span class='ocrx_word' id='word_1_388' title='bbox 2548 2422 2694 2490; x_wconf 83' lang='lat' dir='ltr'><strong>digni</strong></span> <span class='ocrx_word' id='word_1_389' title='bbox 2752 2422 3266 2494; x_wconf 66' lang='lat' dir='ltr'><strong>habeanturatque</strong></span> <span class='ocrx_word' id='word_1_390' title='bbox 3308 2423 3577 2479; x_wconf 91' lang='lat' dir='ltr'><strong>dicantur.</strong></span> 
     </span>
    </p>
   </div>
   <div class='ocr_carea' id='block_1_54' title="bbox 2010 2513 3579 2584">
    <p class='ocr_par' dir='ltr' id='par_1_54' title="bbox 2010 2513 3579 2584">
     <span class='ocr_line' id='line_1_54' title="bbox 2010 2513 3579 2584; baseline -0.001 -15"><span class='ocrx_word' id='word_1_391' title='bbox 2010 2513 2109 2570; x_wconf 88' lang='lat' dir='ltr'><strong>Ubi</strong></span> <span class='ocrx_word' id='word_1_392' title='bbox 2149 2523 2231 2568; x_wconf 85' lang='lat' dir='ltr'><strong>est</strong></span> <span class='ocrx_word' id='word_1_393' title='bbox 2260 2513 2422 2582; x_wconf 88' lang='lat' dir='ltr'><strong>igitur</strong></span> <span class='ocrx_word' id='word_1_394' title='bbox 2448 2524 2787 2581; x_wconf 82' lang='lat' dir='ltr'><strong>peccatorum</strong></span> <span class='ocrx_word' id='word_1_395' title='bbox 2820 2515 3050 2579; x_wconf 90' lang='lat' dir='ltr'><strong>vocatio,</strong></span> <span class='ocrx_word' id='word_1_396' title='bbox 3080 2514 3293 2584; x_wconf 87' lang='lat' dir='ltr'><strong>quando</strong></span> <span class='ocrx_word' id='word_1_397' title='bbox 3328 2529 3358 2568; x_wconf 93' lang='lat' dir='ltr'><strong>e</strong></span> <span class='ocrx_word' id='word_1_398' title='bbox 3400 2528 3579 2570; x_wconf 86' lang='lat' dir='ltr'><strong>mere-</strong></span> 
     </span>
    </p>
   </div>
   <div class='ocr_carea' id='block_1_55' title="bbox 2008 2604 3577 2674">
    <p class='ocr_par' dir='ltr' id='par_1_55' title="bbox 2008 2604 3577 2674">
     <span class='ocr_line' id='line_1_55' title="bbox 2008 2604 3577 2674; baseline 0 -15"><span class='ocrx_word' id='word_1_399' title='bbox 2008 2606 2251 2669; x_wconf 90' lang='lat' dir='ltr'><strong>tricibus,</strong></span> <span class='ocrx_word' id='word_1_400' title='bbox 2278 2605 2581 2674; x_wconf 84' lang='lat' dir='ltr'><strong>publicanis</strong></span> <span class='ocrx_word' id='word_1_401' title='bbox 2610 2616 2664 2658; x_wconf 92' lang='lat' dir='ltr'><strong>et</strong></span> <span class='ocrx_word' id='word_1_402' title='bbox 2691 2604 2990 2661; x_wconf 90' lang='lat' dir='ltr'><strong>latronibus</strong></span> <span class='ocrx_word' id='word_1_403' title='bbox 3047 2605 3214 2661; x_wconf 88' lang='lat' dir='ltr'><strong>hosce</strong></span> <span class='ocrx_word' id='word_1_404' title='bbox 3256 2606 3399 2661; x_wconf 91' lang='lat' dir='ltr'><strong>solos</strong></span> <span class='ocrx_word' id='word_1_405' title='bbox 3438 2606 3577 2660; x_wconf 87' lang='lat' dir='ltr'><strong>divi-</strong></span> 
     </span>
    </p>
   </div>
   <div class='ocr_carea' id='block_1_56' title="bbox 2007 2697 3577 2768">
    <p class='ocr_par' dir='ltr' id='par_1_56' title="bbox 2007 2697 3577 2768">
     <span class='ocr_line' id='line_1_56' title="bbox 2007 2697 3577 2768; baseline 0.001 -17"><span class='ocrx_word' id='word_1_406' title='bbox 2007 2712 2131 2751; x_wconf 85' lang='lat' dir='ltr'><strong>nam</strong></span> <span class='ocrx_word' id='word_1_407' title='bbox 2189 2711 2312 2752; x_wconf 90' lang='lat' dir='ltr'><strong>esse</strong></span> <span class='ocrx_word' id='word_1_408' title='bbox 2352 2697 2689 2753; x_wconf 88' lang='lat' dir='ltr'><strong>vocationem</strong></span> <span class='ocrx_word' id='word_1_409' title='bbox 2753 2698 3088 2766; x_wconf 87' lang='lat' dir='ltr'><strong>amplexatos</strong></span> <span class='ocrx_word' id='word_1_410' title='bbox 3144 2699 3410 2764; x_wconf 84' lang='lat' dir='ltr'><strong>videmus,</strong></span> <span class='ocrx_word' id='word_1_411' title='bbox 3482 2699 3577 2768; x_wconf 90' lang='lat' dir='ltr'><strong>qui</strong></span> 
     </span>
    </p>
   </div>
   <div class='ocr_carea' id='block_1_57' title="bbox 2008 2790 3572 2861">
    <p class='ocr_par' dir='ltr' id='par_1_57' title="bbox 2008 2790 3572 2861">
     <span class='ocr_line' id='line_1_57' title="bbox 2008 2790 3572 2861; baseline 0.002 -19"><span class='ocrx_word' id='word_1_412' title='bbox 2008 2790 2150 2843; x_wconf 89' lang='lat' dir='ltr'><strong>inter</strong></span> <span class='ocrx_word' id='word_1_413' title='bbox 2176 2800 2461 2844; x_wconf 88' lang='lat' dir='ltr'><strong>consortes</strong></span> <span class='ocrx_word' id='word_1_414' title='bbox 2495 2790 2827 2861; x_wconf 90' lang='lat' dir='ltr'><strong>(quanquam</strong></span> <span class='ocrx_word' id='word_1_415' title='bbox 2864 2791 3066 2860; x_wconf 78' lang='lat' dir='ltr'><strong>ingenti</strong></span> <span class='ocrx_word' id='word_1_416' title='bbox 3092 2791 3143 2845; x_wconf 92' lang='lat' dir='ltr'><strong>iu</strong></span> <span class='ocrx_word' id='word_1_417' title='bbox 3185 2791 3451 2845; x_wconf 84' lang='lat' dir='ltr'><strong>malorum</strong></span> <span class='ocrx_word' id='word_1_418' title='bbox 3472 2791 3572 2845; x_wconf 80' lang='lat' dir='ltr'><strong>ba-</strong></span> 
     </span>
    </p>
   </div>
   <div class='ocr_carea' id='block_1_58' title="bbox 2008 2879 3582 2951">
    <p class='ocr_par' dir='ltr' id='par_1_58' title="bbox 2008 2879 3582 2951">
     <span class='ocr_line' id='line_1_58' title="bbox 2008 2879 3582 2951; baseline 0.003 -19"><span class='ocrx_word' id='word_1_419' title='bbox 2008 2879 2216 2949; x_wconf 89' lang='lat' dir='ltr'><strong>rathro)</strong></span> <span class='ocrx_word' id='word_1_420' title='bbox 2240 2881 2451 2935; x_wconf 63' lang='lat' dir='ltr'><strong>caeteris</strong></span> <span class='ocrx_word' id='word_1_421' title='bbox 2481 2890 2656 2934; x_wconf 89' lang='lat' dir='ltr'><strong>tamen</strong></span> <span class='ocrx_word' id='word_1_422' title='bbox 2688 2881 2968 2934; x_wconf 90' lang='lat' dir='ltr'><strong>meliorum</strong></span> <span class='ocrx_word' id='word_1_423' title='bbox 3005 2897 3187 2937; x_wconf 87' lang='lat' dir='ltr'><strong>rerum</strong></span> <span class='ocrx_word' id='word_1_424' title='bbox 3240 2882 3419 2937; x_wconf 89' lang='lat' dir='ltr'><strong>studio</strong></span> <span class='ocrx_word' id='word_1_425' title='bbox 3442 2895 3582 2951; x_wconf 62' lang='lat' dir='ltr'><strong>pra:-</strong></span> 
     </span>
    </p>
   </div>
   <div class='ocr_carea' id='block_1_59' title="bbox 2007 2970 3579 3042">
    <p class='ocr_par' dir='ltr' id='par_1_59' title="bbox 2007 2970 3579 3042">
     <span class='ocr_line' id='line_1_59' title="bbox 2007 2970 3579 3042; baseline -0.001 -17"><span class='ocrx_word' id='word_1_426' title='bbox 2007 2972 2244 3026; x_wconf 88' lang='lat' dir='ltr'><strong>stabant.</strong></span> <span class='ocrx_word' id='word_1_427' title='bbox 2264 2970 2446 3041; x_wconf 76' lang='lat' dir='ltr'><strong>Neque</strong></span> <span class='ocrx_word' id='word_1_428' title='bbox 2475 2986 2605 3027; x_wconf 92' lang='lat' dir='ltr'><strong>vero</strong></span> <span class='ocrx_word' id='word_1_429' title='bbox 2636 2971 2763 3025; x_wconf 92' lang='lat' dir='ltr'><strong>illud</strong></span> <span class='ocrx_word' id='word_1_430' title='bbox 2798 2972 3077 3042; x_wconf 85' lang='lat' dir='ltr'><strong>praeterire</strong></span> <span class='ocrx_word' id='word_1_431' title='bbox 3118 2972 3200 3026; x_wconf 82' lang='lat' dir='ltr'><strong>fas</strong></span> <span class='ocrx_word' id='word_1_432' title='bbox 3249 2981 3348 3026; x_wconf 87' lang='lat' dir='ltr'><strong>est.</strong></span> <span class='ocrx_word' id='word_1_433' title='bbox 3386 2970 3579 3024; x_wconf 86' lang='lat' dir='ltr'><strong>Decem</strong></span> 
     </span>
    </p>
   </div>
   <div class='ocr_carea' id='block_1_60' title="bbox 316 3063 1902 3142">
    <p class='ocr_par' dir='ltr' id='par_1_60' title="bbox 316 3066 1898 3141">
     <span class='ocr_line' id='line_1_60' title="bbox 316 3066 1898 3141; baseline 0.001 -22"><span class='ocrx_word' id='word_1_434' title='bbox 316 3066 609 3136; x_wconf 84' lang='grc' dir='ltr'><strong>παρθένων</strong></span> <span class='ocrx_word' id='word_1_435' title='bbox 636 3068 669 3138; x_wconf 76' lang='grc' dir='ltr'>ἡ</span> <span class='ocrx_word' id='word_1_436' title='bbox 700 3067 865 3132; x_wconf 74' lang='grc' dir='ltr'><strong>δεκὰς</strong></span> <span class='ocrx_word' id='word_1_437' title='bbox 898 3067 1256 3138; x_wconf 85' lang='grc' dir='ltr'><strong>διελάμϐανεν</strong></span> <span class='ocrx_word' id='word_1_438' title='bbox 1276 3082 1290 3095; x_wconf 76' lang='grc'><strong><em>⁸</em></strong></span> <span class='ocrx_word' id='word_1_439' title='bbox 1332 3068 1446 3121; x_wconf 82' lang='grc' dir='ltr'><strong>ἀλλ’</strong></span> <span class='ocrx_word' id='word_1_440' title='bbox 1480 3070 1536 3122; x_wconf 79' lang='grc' dir='ltr'><strong>αἱ</strong></span> <span class='ocrx_word' id='word_1_441' title='bbox 1575 3069 1676 3141; x_wconf 82' lang='grc' dir='ltr'><strong>μὲν</strong></span> <span class='ocrx_word' id='word_1_442' title='bbox 1711 3069 1898 3138; x_wconf 78' lang='grc' dir='ltr'><strong>φρόνιο</strong></span> 
     </span>
    </p>
   </div>
   <div class='ocr_carea' id='block_1_61' title="bbox 2008 3063 3580 3142">
    <p class='ocr_par' dir='ltr' id='par_1_61' title="bbox 2008 3063 3580 3134">
     <span class='ocr_line' id='line_1_61' title="bbox 2008 3063 3580 3134; baseline -0.003 -15"><span class='ocrx_word' id='word_1_443' title='bbox 2008 3072 2122 3119; x_wconf 87' lang='lat' dir='ltr'><strong>erat</strong></span> <span class='ocrx_word' id='word_1_444' title='bbox 2182 3064 2471 3119; x_wconf 89' lang='lat' dir='ltr'><strong>admodum</strong></span> <span class='ocrx_word' id='word_1_445' title='bbox 2512 3064 2779 3134; x_wconf 81' lang='lat' dir='ltr'><strong>virginum</strong></span> <span class='ocrx_word' id='word_1_446' title='bbox 2821 3066 3146 3120; x_wconf 82' lang='lat' dir='ltr'><strong>etetus:sed</strong></span> <span class='ocrx_word' id='word_1_447' title='bbox 3182 3063 3396 3119; x_wconf 86' lang='lat' dir='ltr'><strong>nonnisi</strong></span> <span class='ocrx_word' id='word_1_448' title='bbox 3424 3063 3580 3131; x_wconf 87' lang='lat' dir='ltr'><strong>quin-</strong></span> 
     </span>
    </p>
   </div>
   <div class='ocr_carea' id='block_1_62' title="bbox 318 3158 1900 3232">
    <p class='ocr_par' dir='ltr' id='par_1_62' title="bbox 318 3158 1900 3232">
     <span class='ocr_line' id='line_1_62' title="bbox 318 3158 1900 3232; baseline 0.001 -21"><span class='ocrx_word' id='word_1_449' title='bbox 318 3174 415 3227; x_wconf 82' lang='grc' dir='ltr'><strong>μοι</strong></span> <span class='ocrx_word' id='word_1_450' title='bbox 466 3158 558 3211; x_wconf 90' lang='grc' dir='ltr'><strong>τοῦ</strong></span> <span class='ocrx_word' id='word_1_451' title='bbox 590 3161 880 3229; x_wconf 80' lang='grc' dir='ltr'><strong>ννμφῶνος</strong></span> <span class='ocrx_word' id='word_1_452' title='bbox 925 3160 1313 3225; x_wconf 83' lang='grc' dir='ltr'><strong>ἀπολαύουσιν,</strong></span> <span class='ocrx_word' id='word_1_453' title='bbox 1349 3161 1409 3215; x_wconf 78' lang='grc' dir='ltr'><strong>αἱ</strong></span> <span class='ocrx_word' id='word_1_454' title='bbox 1468 3160 1526 3214; x_wconf 84' lang='grc' dir='ltr'><strong>δὲ</strong></span> <span class='ocrx_word' id='word_1_455' title='bbox 1564 3160 1746 3232; x_wconf 79' lang='grc' dir='ltr'><strong>μωραὶ</strong></span> <span class='ocrx_word' id='word_1_456' title='bbox 1793 3161 1900 3214; x_wconf 86' lang='grc' dir='ltr'><strong>ἀπ-</strong></span> 
     </span>
    </p>
   </div>
   <div class='ocr_carea' id='block_1_63' title="bbox 312 3247 1898 3324">
    <p class='ocr_par' dir='ltr' id='par_1_63' title="bbox 312 3247 1898 3324">
     <span class='ocr_line' id='line_1_63' title="bbox 312 3247 1898 3324; baseline 0.004 -24"><span class='ocrx_word' id='word_1_457' title='bbox 312 3247 654 3304; x_wconf 74' lang='grc' dir='ltr'><strong>ελαύνονται.</strong></span> <span class='ocrx_word' id='word_1_458' title='bbox 698 3251 810 3303; x_wconf 74' lang='grc' dir='ltr'><strong>Καὶ</strong></span> <span class='ocrx_word' id='word_1_459' title='bbox 841 3253 869 3304; x_wconf 90' lang='lat'><strong>6</strong></span> <span class='ocrx_word' id='word_1_460' title='bbox 911 3249 970 3304; x_wconf 80' lang='grc' dir='ltr'><strong>τδ</strong></span> <span class='ocrx_word' id='word_1_461' title='bbox 996 3251 1202 3323; x_wconf 77' lang='grc' dir='ltr'><strong>ἔνδυμα</strong></span> <span class='ocrx_word' id='word_1_462' title='bbox 1236 3252 1333 3307; x_wconf 85' lang='grc' dir='ltr'><strong>τοῦ</strong></span> <span class='ocrx_word' id='word_1_463' title='bbox 1360 3253 1541 3323; x_wconf 83' lang='grc' dir='ltr'><strong>γάμου</strong></span> <span class='ocrx_word' id='word_1_464' title='bbox 1583 3253 1662 3324; x_wconf 83' lang='grc' dir='ltr'><strong>μὴ</strong></span> <span class='ocrx_word' id='word_1_465' title='bbox 1692 3252 1898 3322; x_wconf 85' lang='grc' dir='ltr'><strong>φορῶν,</strong></span> 
     </span>
    </p>
   </div>
   <div class='ocr_carea' id='block_1_64' title="bbox 315 3337 1898 3416">
    <p class='ocr_par' dir='ltr' id='par_1_64' title="bbox 315 3337 1898 3416">
     <span class='ocr_line' id='line_1_64' title="bbox 315 3337 1898 3416; baseline 0.006 -27"><span class='ocrx_word' id='word_1_466' title='bbox 315 3338 432 3391; x_wconf 88' lang='grc' dir='ltr'><strong>τῶν</strong></span> <span class='ocrx_word' id='word_1_467' title='bbox 456 3337 629 3393; x_wconf 67' lang='grc' dir='ltr'><strong>ἄλλων</strong></span> <span class='ocrx_word' id='word_1_468' title='bbox 663 3342 932 3412; x_wconf 79' lang='grc' dir='ltr'><strong>μενόντων</strong></span> <span class='ocrx_word' id='word_1_469' title='bbox 961 3343 1021 3397; x_wconf 79' lang='grc' dir='ltr'><strong>ὲν</strong></span> <span class='ocrx_word' id='word_1_470' title='bbox 1050 3347 1118 3413; x_wconf 83' lang='grc' dir='ltr'><strong>τῇ</strong></span> <span class='ocrx_word' id='word_1_471' title='bbox 1155 3343 1262 3416; x_wconf 73' lang='grc' dir='ltr'><strong>ίδίᾳ</strong></span> <span class='ocrx_word' id='word_1_472' title='bbox 1299 3346 1474 3411; x_wconf 77' lang='grc' dir='ltr'><strong>τάξει,</strong></span> <span class='ocrx_word' id='word_1_473' title='bbox 1503 3344 1666 3408; x_wconf 78' lang='grc' dir='ltr'><strong>αὐτὸς</strong></span> <span class='ocrx_word' id='word_1_474' title='bbox 1698 3344 1898 3399; x_wconf 80' lang='grc' dir='ltr'><strong>ἐκϐάλ-</strong></span> 
     </span>
    </p>
   </div>
   <div class='ocr_carea' id='block_1_65' title="bbox 315 3428 1900 3508">
    <p class='ocr_par' dir='ltr' id='par_1_65' title="bbox 315 3428 1900 3508">
     <span class='ocr_line' id='line_1_65' title="bbox 315 3428 1900 3508; baseline 0.006 -28"><span class='ocrx_word' id='word_1_475' title='bbox 315 3428 471 3481; x_wconf 87' lang='grc' dir='ltr'><strong>λεται</strong></span> <span class='ocrx_word' id='word_1_476' title='bbox 502 3431 684 3499; x_wconf 80' lang='grc' dir='ltr'><strong>μόνος.</strong></span> <span class='ocrx_word' id='word_1_477' title='bbox 714 3433 871 3497; x_wconf 86' lang='grc' dir='ltr'><strong>Τίνες</strong></span> <span class='ocrx_word' id='word_1_478' title='bbox 914 3434 972 3486; x_wconf 83' lang='grc' dir='ltr'><strong>δὲ</strong></span> <span class='ocrx_word' id='word_1_479' title='bbox 1011 3435 1106 3489; x_wconf 77' lang='grc' dir='ltr'><strong>καὶ</strong></span> <span class='ocrx_word' id='word_1_480' title='bbox 1134 3435 1227 3489; x_wconf 83' lang='grc' dir='ltr'><strong>ὑπ’</strong></span> <span class='ocrx_word' id='word_1_481' title='bbox 1256 3438 1505 3505; x_wconf 84' lang='grc' dir='ltr'><strong>ἀγγέλων</strong></span> <span class='ocrx_word' id='word_1_482' title='bbox 1533 3439 1592 3489; x_wconf 82' lang='grc' dir='ltr'><strong>ἐν</strong></span> <span class='ocrx_word' id='word_1_483' title='bbox 1619 3441 1685 3508; x_wconf 78' lang='grc' dir='ltr'><strong>τῇ</strong></span> <span class='ocrx_word' id='word_1_484' title='bbox 1714 3437 1900 3489; x_wconf 77' lang='grc' dir='ltr'><strong>τελευ⁴</strong></span> 
     </span>
    </p>
   </div>
   <div class='ocr_carea' id='block_1_66' title="bbox 312 3521 1899 3600">
    <p class='ocr_par' dir='ltr' id='par_1_66' title="bbox 312 3521 1899 3600">
     <span class='ocr_line' id='line_1_66' title="bbox 312 3521 1899 3600; baseline 0.006 -29"><span class='ocrx_word' id='word_1_485' title='bbox 312 3521 449 3589; x_wconf 78' lang='grc' dir='ltr'><strong>ταίᾳ</strong></span> <span class='ocrx_word' id='word_1_486' title='bbox 477 3525 576 3592; x_wconf 86' lang='grc' dir='ltr'><strong>τῆς</strong></span> <span class='ocrx_word' id='word_1_487' title='bbox 619 3524 857 3593; x_wconf 87' lang='grc' dir='ltr'><strong>κρίσεως</strong></span> <span class='ocrx_word' id='word_1_488' title='bbox 889 3526 1074 3597; x_wconf 75' lang='grc' dir='ltr'><strong>ἡμέρα</strong></span> <span class='ocrx_word' id='word_1_489' title='bbox 1101 3528 1182 3591; x_wconf 87' lang='grc' dir='ltr'><strong>είς</strong></span> <span class='ocrx_word' id='word_1_490' title='bbox 1211 3529 1516 3597; x_wconf 87' lang='grc' dir='ltr'><strong>ἀπάντησιν</strong></span> <span class='ocrx_word' id='word_1_491' title='bbox 1551 3528 1646 3581; x_wconf 89' lang='grc' dir='ltr'><strong>τοῦ</strong></span> <span class='ocrx_word' id='word_1_492' title='bbox 1692 3529 1899 3600; x_wconf 78' lang='grc' dir='ltr'><strong>Κυρίου</strong></span> 
     </span>
    </p>
   </div>
   <div class='ocr_carea' id='block_1_67' title="bbox 315 3612 1896 3692">
    <p class='ocr_par' dir='ltr' id='par_1_67' title="bbox 315 3612 1896 3692">
     <span class='ocr_line' id='line_1_67' title="bbox 315 3612 1896 3692; baseline 0.008 -29"><span class='ocrx_word' id='word_1_493' title='bbox 315 3612 881 3682; x_wconf 70' lang='grc' dir='ltr'><strong>παραλαμϐάνονταις</strong></span> <span class='ocrx_word' id='word_1_494' title='bbox 926 3618 959 3687; x_wconf 82' lang='grc' dir='ltr'>ἢ</span> <span class='ocrx_word' id='word_1_495' title='bbox 1000 3617 1157 3688; x_wconf 85' lang='grc' dir='ltr'><strong>δῆλον</strong></span> <span class='ocrx_word' id='word_1_496' title='bbox 1191 3619 1266 3684; x_wconf 82' lang='grc' dir='ltr'><strong>ὡς</strong></span> <span class='ocrx_word' id='word_1_497' title='bbox 1310 3621 1361 3673; x_wconf 78' lang='grc' dir='ltr'><strong>οἱ</strong></span> <span class='ocrx_word' id='word_1_498' title='bbox 1391 3621 1608 3686; x_wconf 84' lang='grc' dir='ltr'><strong>δίκαιοι,</strong></span> <span class='ocrx_word' id='word_1_499' title='bbox 1649 3620 1761 3674; x_wconf 78' lang='grc' dir='ltr'><strong>ἀλλ’</strong></span> <span class='ocrx_word' id='word_1_500' title='bbox 1797 3622 1896 3692; x_wconf 79' lang='grc' dir='ltr'><strong>οὐχ</strong></span> 
     </span>
    </p>
   </div>
   <div class='ocr_carea' id='block_1_68' title="bbox 312 3702 1893 3784">
    <p class='ocr_par' dir='ltr' id='par_1_68' title="bbox 312 3702 1893 3784">
     <span class='ocr_line' id='line_1_68' title="bbox 312 3702 1893 3784; baseline 0.006 -27"><span class='ocrx_word' id='word_1_501' title='bbox 312 3702 433 3758; x_wconf 77' lang='lat' dir='ltr'><strong>ei“</strong></span> <span class='ocrx_word' id='word_1_502' title='bbox 467 3706 811 3777; x_wconf 82' lang='grc' dir='ltr'><strong>ἀμαρτωλοί;</strong></span> <span class='ocrx_word' id='word_1_503' title='bbox 836 3709 888 3762; x_wconf 92' lang='grc' dir='ltr'><strong>τί</strong></span> <span class='ocrx_word' id='word_1_504' title='bbox 913 3709 1006 3764; x_wconf 83' lang='grc' dir='ltr'><strong>οῦν</strong></span> <span class='ocrx_word' id='word_1_505' title='bbox 1033 3713 1148 3765; x_wconf 79' lang='grc' dir='ltr'><strong>ἐστι</strong></span> <span class='ocrx_word' id='word_1_506' title='bbox 1178 3712 1239 3766; x_wconf 84' lang='grc' dir='ltr'><strong>τὸ</strong></span> <span class='ocrx_word' id='word_1_507' title='bbox 1270 3716 1392 3767; x_wconf 81' lang='grc' dir='ltr'><strong>Οὐκ</strong></span> <span class='ocrx_word' id='word_1_508' title='bbox 1422 3708 1615 3784; x_wconf 74' lang='grc' dir='ltr'><strong>ἦλθον</strong></span> <span class='ocrx_word' id='word_1_509' title='bbox 1636 3713 1893 3767; x_wconf 78' lang='grc' dir='ltr'><strong>καλέσαι</strong></span> 
     </span>
    </p>
   </div>
   <div class='ocr_carea' id='block_1_69' title="bbox 310 3794 1895 3868">
    <p class='ocr_par' dir='ltr' id='par_1_69' title="bbox 310 3794 1895 3868">
     <span class='ocr_line' id='line_1_69' title="bbox 310 3794 1895 3868; baseline 0.006 -22"><span class='ocrx_word' id='word_1_510' title='bbox 310 3794 606 3862; x_wconf 78' lang='grc' dir='ltr'><strong>δικαίους,</strong></span> <span class='ocrx_word' id='word_1_511' title='bbox 649 3797 787 3852; x_wconf 72' lang='grc' dir='ltr'><strong>ἀλλ’</strong></span> <span class='ocrx_word' id='word_1_512' title='bbox 825 3799 1249 3868; x_wconf 71' lang='grc' dir='ltr'><strong>ἁμαρτωλούς;</strong></span> <span class='ocrx_word' id='word_1_513' title='bbox 1275 3804 1551 3856; x_wconf 85' lang='grc' dir='ltr'><strong>τουτέστιν</strong></span> <span class='ocrx_word' id='word_1_514' title='bbox 1591 3803 1737 3856; x_wconf 81' lang='grc' dir='ltr'><strong>ἆπαν</strong></span> <span class='ocrx_word' id='word_1_515' title='bbox 1759 3802 1803 3836; x_wconf 71' lang='grc'><strong>⁸⁸</strong></span> <span class='ocrx_word' id='word_1_516' title='bbox 1833 3802 1895 3856; x_wconf 80' lang='grc' dir='ltr'><strong>τὸ</strong></span> 
     </span>
    </p>
   </div>
   <div class='ocr_carea' id='block_1_70' title="bbox 308 3884 1895 3965">
    <p class='ocr_par' dir='ltr' id='par_1_70' title="bbox 308 3884 1895 3965">
     <span class='ocr_line' id='line_1_70' title="bbox 308 3884 1895 3965; baseline 0.006 -27"><span class='ocrx_word' id='word_1_517' title='bbox 308 3884 660 3954; x_wconf 84' lang='grc' dir='ltr'><strong>ἀνθρώπινον</strong></span> <span class='ocrx_word' id='word_1_518' title='bbox 685 3889 863 3957; x_wconf 89' lang='grc' dir='ltr'><strong>γένος,</strong></span> <span class='ocrx_word' id='word_1_519' title='bbox 886 3894 986 3962; x_wconf 76' lang='grc' dir='ltr'><strong>τῆς</strong></span> <span class='ocrx_word' id='word_1_520' title='bbox 1016 3894 1280 3965; x_wconf 85' lang='grc' dir='ltr'><strong>ἀκριϐοῦς</strong></span> <span class='ocrx_word' id='word_1_521' title='bbox 1306 3895 1398 3948; x_wconf 74' lang='grc' dir='ltr'><strong>καὶ</strong></span> <span class='ocrx_word' id='word_1_522' title='bbox 1426 3894 1637 3957; x_wconf 88' lang='grc' dir='ltr'><strong>τελείας</strong></span> <span class='ocrx_word' id='word_1_523' title='bbox 1663 3894 1895 3964; x_wconf 61' lang='grc' dir='ltr'><strong>διαμαρ-</strong></span> 
     </span>
    </p>
   </div>
   <div class='ocr_carea' id='block_1_71' title="bbox 304 3977 1893 4055">
    <p class='ocr_par' dir='ltr' id='par_1_71' title="bbox 304 3977 1893 4055">
     <span class='ocr_line' id='line_1_71' title="bbox 304 3977 1893 4055; baseline 0.004 -26"><span class='ocrx_word' id='word_1_524' title='bbox 304 3977 507 4042; x_wconf 83' lang='grc' dir='ltr'><strong>τόντας</strong></span> <span class='ocrx_word' id='word_1_525' title='bbox 539 3979 886 4052; x_wconf 83' lang='grc' dir='ltr'><strong>δικαιοσύνης</strong></span> <span class='ocrx_word' id='word_1_526' title='bbox 910 4022 927 4047; x_wconf 86' lang='grc'><strong>,</strong></span> <span class='ocrx_word' id='word_1_527' title='bbox 951 3980 1116 4055; x_wconf 79' lang='grc' dir='ltr'><strong>ἦλθον</strong></span> <span class='ocrx_word' id='word_1_528' title='bbox 1143 3986 1371 4040; x_wconf 85' lang='grc' dir='ltr'><strong>καλέσαι</strong></span> <span class='ocrx_word' id='word_1_529' title='bbox 1400 3987 1495 4039; x_wconf 83' lang='grc' dir='ltr'><strong>καὶ</strong></span> <span class='ocrx_word' id='word_1_530' title='bbox 1526 3987 1893 4053; x_wconf 76' lang='grc' dir='ltr'><strong>ἐπαναγαγεῖν</strong></span> 
     </span>
    </p>
   </div>
   <div class='ocr_carea' id='block_1_72' title="bbox 300 4068 1892 4149">
    <p class='ocr_par' dir='ltr' id='par_1_72' title="bbox 300 4068 1892 4149">
     <span class='ocr_line' id='line_1_72' title="bbox 300 4068 1892 4149; baseline 0.005 -28"><span class='ocrx_word' id='word_1_531' title='bbox 300 4068 454 4135; x_wconf 72' lang='grc' dir='ltr'><strong>πρὸς</strong></span> <span class='ocrx_word' id='word_1_532' title='bbox 506 4071 722 4143; x_wconf 81' lang='grc' dir='ltr'><strong>ἐκείνην</strong></span> <span class='ocrx_word' id='word_1_533' title='bbox 774 4073 875 4144; x_wconf 83' lang='grc' dir='ltr'><strong>τὴν</strong></span> <span class='ocrx_word' id='word_1_534' title='bbox 919 4074 1073 4146; x_wconf 84' lang='grc' dir='ltr'><strong>λῆξιν</strong></span> <span class='ocrx_word' id='word_1_535' title='bbox 1100 4072 1169 4149; x_wconf 80' lang='grc' dir='ltr'><strong>ῆς</strong></span> <span class='ocrx_word' id='word_1_536' title='bbox 1201 4078 1635 4149; x_wconf 84' lang='grc' dir='ltr'><strong>κατωλίσθησαν.</strong></span> <span class='ocrx_word' id='word_1_537' title='bbox 1687 4079 1750 4130; x_wconf 80' lang='grc' dir='ltr'>Εἰ</span> <span class='ocrx_word' id='word_1_538' title='bbox 1781 4077 1892 4149; x_wconf 85' lang='grc' dir='ltr'><strong>γὰρ</strong></span> 
     </span>
    </p>
   </div>
   <div class='ocr_carea' id='block_1_73' title="bbox 301 4161 1892 4241">
    <p class='ocr_par' dir='ltr' id='par_1_73' title="bbox 301 4161 1892 4241">
     <span class='ocr_line' id='line_1_73' title="bbox 301 4161 1892 4241; baseline 0.007 -30"><span class='ocrx_word' id='word_1_539' title='bbox 301 4161 411 4213; x_wconf 74' lang='grc' dir='ltr'><strong>καὶ</strong></span> <span class='ocrx_word' id='word_1_540' title='bbox 454 4161 722 4233; x_wconf 80' lang='grc' dir='ltr'><strong>διαφορὰν</strong></span> <span class='ocrx_word' id='word_1_541' title='bbox 753 4167 889 4236; x_wconf 81' lang='grc' dir='ltr'><strong>πρὸς</strong></span> <span class='ocrx_word' id='word_1_542' title='bbox 922 4168 1183 4239; x_wconf 81' lang='grc' dir='ltr'><strong>ἀλλήλους</strong></span> <span class='ocrx_word' id='word_1_543' title='bbox 1227 4170 1369 4223; x_wconf 77' lang='grc' dir='ltr'><strong>κατὰ</strong></span> <span class='ocrx_word' id='word_1_544' title='bbox 1397 4169 1496 4241; x_wconf 81' lang='grc' dir='ltr'><strong>τὴν</strong></span> <span class='ocrx_word' id='word_1_545' title='bbox 1524 4168 1796 4222; x_wconf 83' lang='grc' dir='ltr'><strong>πολιτείαν</strong></span> <span class='ocrx_word' id='word_1_546' title='bbox 1830 4170 1892 4222; x_wconf 87' lang='grc' dir='ltr'><strong>τὸ</strong></span> 
     </span>
    </p>
   </div>
   <div class='ocr_carea' id='block_1_74' title="bbox 298 4253 1883 4332">
    <p class='ocr_par' dir='ltr' id='par_1_74' title="bbox 298 4253 1883 4332">
     <span class='ocr_line' id='line_1_74' title="bbox 298 4253 1883 4332; baseline 0.007 -30"><span class='ocrx_word' id='word_1_547' title='bbox 298 4253 469 4332; x_wconf 83' lang='grc' dir='ltr'><strong>γένος</strong></span> <span class='ocrx_word' id='word_1_548' title='bbox 500 4255 656 4323; x_wconf 79' lang='grc' dir='ltr'><strong>ἡμῶν</strong></span> <span class='ocrx_word' id='word_1_549' title='bbox 690 4254 925 4325; x_wconf 78' lang='grc' dir='ltr'><strong>ἔχουσιν,</strong></span> <span class='ocrx_word' id='word_1_550' title='bbox 947 4259 997 4312; x_wconf 77' lang='grc' dir='ltr'><strong>οἱ</strong></span> <span class='ocrx_word' id='word_1_551' title='bbox 1031 4258 1132 4329; x_wconf 85' lang='grc' dir='ltr'><strong>μὲν</strong></span> <span class='ocrx_word' id='word_1_552' title='bbox 1159 4261 1509 4331; x_wconf 83' lang='grc' dir='ltr'><strong>ὲκτοπώτερα</strong></span> <span class='ocrx_word' id='word_1_553' title='bbox 1536 4258 1883 4332; x_wconf 86' lang='grc' dir='ltr'><strong>βεϐιωκότες,</strong></span> 
     </span>
    </p>
   </div>
   <div class='ocr_carea' id='block_1_75' title="bbox 299 4329 1885 4421">
    <p class='ocr_par' dir='ltr' id='par_1_75' title="bbox 299 4329 1885 4421">
     <span class='ocr_line' id='line_1_75' title="bbox 299 4329 1885 4421; baseline 0.013 -28"><span class='ocrx_word' id='word_1_554' title='bbox 299 4343 357 4393; x_wconf 86' lang='grc' dir='ltr'><strong>οἱ</strong></span> <span class='ocrx_word' id='word_1_555' title='bbox 409 4329 465 4393; x_wconf 58' lang='grc' dir='ltr'><strong>δὲ</strong></span> <span class='ocrx_word' id='word_1_556' title='bbox 511 4345 877 4415; x_wconf 81' lang='grc' dir='ltr'><strong>ἀνεκτότερα,</strong></span> <span class='ocrx_word' id='word_1_557' title='bbox 925 4349 1076 4417; x_wconf 84' lang='grc' dir='ltr'><strong>ὅμως</strong></span> <span class='ocrx_word' id='word_1_558' title='bbox 1127 4349 1305 4412; x_wconf 76' lang='grc' dir='ltr'><strong>οὐδεὶς</strong></span> <span class='ocrx_word' id='word_1_559' title='bbox 1370 4329 1547 4421; x_wconf 23' lang='grc' dir='ltr'><strong>χωρὶς*</strong></span> <span class='ocrx_word' id='word_1_560' title='bbox 1592 4351 1885 4420; x_wconf 73' lang='grc' dir='ltr'><strong>ἁμαρτίας-</strong></span> 
     </span>
    </p>
   </div>
   <div class='ocr_carea' id='block_1_76' title="bbox 2007 3155 3580 3224">
    <p class='ocr_par' dir='ltr' id='par_1_76' title="bbox 2007 3155 3580 3224">
     <span class='ocr_line' id='line_1_76' title="bbox 2007 3155 3580 3224; baseline -0.001 -16"><span class='ocrx_word' id='word_1_561' title='bbox 2007 3169 2113 3224; x_wconf 89' lang='lat' dir='ltr'><strong>que</strong></span> <span class='ocrx_word' id='word_1_562' title='bbox 2137 3156 2425 3224; x_wconf 84' lang='lat' dir='ltr'><strong>prudentes</strong></span> <span class='ocrx_word' id='word_1_563' title='bbox 2452 3155 2691 3224; x_wconf 85' lang='lat' dir='ltr'><strong>Sponsali</strong></span> <span class='ocrx_word' id='word_1_564' title='bbox 2745 3155 2982 3210; x_wconf 89' lang='lat' dir='ltr'><strong>thalamo</strong></span> <span class='ocrx_word' id='word_1_565' title='bbox 3038 3156 3309 3220; x_wconf 81' lang='lat' dir='ltr'><strong>fruuntur,</strong></span> <span class='ocrx_word' id='word_1_566' title='bbox 3342 3155 3580 3224; x_wconf 84' lang='lat' dir='ltr'><strong>quinque</strong></span> 
     </span>
    </p>
   </div>
   <div class='ocr_carea' id='block_1_77' title="bbox 2005 3245 3577 3317">
    <p class='ocr_par' dir='ltr' id='par_1_77' title="bbox 2005 3245 3577 3317">
     <span class='ocr_line' id='line_1_77' title="bbox 2005 3245 3577 3317; baseline -0.001 -18"><span class='ocrx_word' id='word_1_567' title='bbox 2005 3246 2168 3301; x_wconf 74' lang='lat' dir='ltr'><strong>fatua:</strong></span> <span class='ocrx_word' id='word_1_568' title='bbox 2201 3248 2530 3317; x_wconf 80' lang='lat' dir='ltr'><strong>repelluntur</strong></span> <span class='ocrx_word' id='word_1_569' title='bbox 2561 3247 2612 3300; x_wconf 62' lang='grc' dir='ltr'><strong>ν.</strong></span> <span class='ocrx_word' id='word_1_570' title='bbox 2665 3245 2755 3301; x_wconf 86' lang='lat' dir='ltr'><strong>Sic</strong></span> <span class='ocrx_word' id='word_1_571' title='bbox 2780 3246 2872 3301; x_wconf 89' lang='lat' dir='ltr'><strong>ille</strong></span> <span class='ocrx_word' id='word_1_572' title='bbox 2903 3246 2993 3316; x_wconf 92' lang='lat' dir='ltr'><strong>qui</strong></span> <span class='ocrx_word' id='word_1_573' title='bbox 3044 3246 3338 3315; x_wconf 86' lang='lat' dir='ltr'><strong>nuptialem</strong></span> <span class='ocrx_word' id='word_1_574' title='bbox 3368 3256 3577 3300; x_wconf 85' lang='lat' dir='ltr'><strong>vestem</strong></span> 
     </span>
    </p>
   </div>
   <div class='ocr_carea' id='block_1_78' title="bbox 2005 3337 3573 3407">
    <p class='ocr_par' dir='ltr' id='par_1_78' title="bbox 2005 3337 3573 3407">
     <span class='ocr_line' id='line_1_78' title="bbox 2005 3337 3573 3407; baseline -0.002 -16"><span class='ocrx_word' id='word_1_575' title='bbox 2005 3353 2116 3393; x_wconf 88' lang='lat' dir='ltr'><strong>non</strong></span> <span class='ocrx_word' id='word_1_576' title='bbox 2146 3337 2424 3404; x_wconf 88' lang='lat' dir='ltr'><strong>attulerat,</strong></span> <span class='ocrx_word' id='word_1_577' title='bbox 2458 3337 2670 3394; x_wconf 66' lang='lat' dir='ltr'><strong>caeteris</strong></span> <span class='ocrx_word' id='word_1_578' title='bbox 2693 3353 2850 3392; x_wconf 88' lang='lat' dir='ltr'><strong>suum</strong></span> <span class='ocrx_word' id='word_1_579' title='bbox 2879 3338 3104 3407; x_wconf 89' lang='lat' dir='ltr'><strong>quisque</strong></span> <span class='ocrx_word' id='word_1_580' title='bbox 3152 3337 3329 3391; x_wconf 85' lang='lat' dir='ltr'><strong>locum</strong></span> <span class='ocrx_word' id='word_1_581' title='bbox 3384 3345 3573 3391; x_wconf 90' lang='lat' dir='ltr'><strong>tenen-</strong></span> 
     </span>
    </p>
   </div>
   <div class='ocr_carea' id='block_1_79' title="bbox 2006 3427 3575 3499">
    <p class='ocr_par' dir='ltr' id='par_1_79' title="bbox 2006 3427 3575 3499">
     <span class='ocr_line' id='line_1_79' title="bbox 2006 3427 3575 3499; baseline -0.001 -16"><span class='ocrx_word' id='word_1_582' title='bbox 2006 3430 2172 3495; x_wconf 89' lang='lat' dir='ltr'><strong>tibus,</strong></span> <span class='ocrx_word' id='word_1_583' title='bbox 2207 3429 2355 3485; x_wconf 89' lang='lat' dir='ltr'><strong>solus</strong></span> <span class='ocrx_word' id='word_1_584' title='bbox 2384 3430 2596 3499; x_wconf 88' lang='lat' dir='ltr'><strong>ejicitur</strong></span> <span class='ocrx_word' id='word_1_585' title='bbox 2622 3443 2671 3485; x_wconf 74' lang='grc' dir='ltr'><strong>ι.</strong></span> <span class='ocrx_word' id='word_1_586' title='bbox 2706 3430 2939 3496; x_wconf 86' lang='lat' dir='ltr'><strong>Quinam</strong></span> <span class='ocrx_word' id='word_1_587' title='bbox 2994 3444 3125 3484; x_wconf 89' lang='lat' dir='ltr'><strong>vero</strong></span> <span class='ocrx_word' id='word_1_588' title='bbox 3182 3429 3249 3483; x_wconf 86' lang='lat' dir='ltr'><strong>ab</strong></span> <span class='ocrx_word' id='word_1_589' title='bbox 3288 3427 3476 3497; x_wconf 88' lang='lat' dir='ltr'><strong>angelo</strong></span> <span class='ocrx_word' id='word_1_590' title='bbox 3520 3428 3575 3482; x_wconf 93' lang='lat' dir='ltr'><strong>in</strong></span> 
     </span>
    </p>
   </div>
   <div class='ocr_carea' id='block_1_80' title="bbox 2002 3518 3577 3589">
    <p class='ocr_par' dir='ltr' id='par_1_80' title="bbox 2002 3518 3577 3589">
     <span class='ocr_line' id='line_1_80' title="bbox 2002 3518 3577 3589; baseline -0.002 -14"><span class='ocrx_word' id='word_1_591' title='bbox 2002 3530 2249 3575; x_wconf 82' lang='lat' dir='ltr'><strong>extremo</strong></span> <span class='ocrx_word' id='word_1_592' title='bbox 2265 3520 2453 3589; x_wconf 86' lang='lat' dir='ltr'><strong>judicii</strong></span> <span class='ocrx_word' id='word_1_593' title='bbox 2478 3522 2562 3576; x_wconf 88' lang='lat' dir='ltr'><strong>die</strong></span> <span class='ocrx_word' id='word_1_594' title='bbox 2580 3536 2867 3576; x_wconf 89' lang='lat' dir='ltr'><strong>occursum</strong></span> <span class='ocrx_word' id='word_1_595' title='bbox 2899 3522 3107 3575; x_wconf 88' lang='lat' dir='ltr'><strong>Domini</strong></span> <span class='ocrx_word' id='word_1_596' title='bbox 3132 3529 3484 3575; x_wconf 87' lang='lat' dir='ltr'><strong>assumuntur</strong></span> <span class='ocrx_word' id='word_1_597' title='bbox 3505 3518 3577 3572; x_wconf 73' lang='lat'><strong>7?</strong></span> 
     </span>
    </p>
   </div>
   <div class='ocr_carea' id='block_1_81' title="bbox 2002 3608 3573 3681">
    <p class='ocr_par' dir='ltr' id='par_1_81' title="bbox 2002 3608 3573 3681">
     <span class='ocr_line' id='line_1_81' title="bbox 2002 3608 3573 3681; baseline -0.001 -18"><span class='ocrx_word' id='word_1_598' title='bbox 2002 3609 2337 3679; x_wconf 85' lang='lat' dir='ltr'><strong>Nonnejusti</strong></span> <span class='ocrx_word' id='word_1_599' title='bbox 2361 3621 2416 3666; x_wconf 90' lang='lat' dir='ltr'><strong>et</strong></span> <span class='ocrx_word' id='word_1_600' title='bbox 2481 3627 2586 3666; x_wconf 92' lang='lat' dir='ltr'><strong>non</strong></span> <span class='ocrx_word' id='word_1_601' title='bbox 2662 3610 3015 3681; x_wconf 88' lang='lat' dir='ltr'><strong>peccatores?</strong></span> <span class='ocrx_word' id='word_1_602' title='bbox 3047 3610 3187 3679; x_wconf 82' lang='lat' dir='ltr'><strong>Quid</strong></span> <span class='ocrx_word' id='word_1_603' title='bbox 3252 3612 3416 3681; x_wconf 85' lang='lat' dir='ltr'><strong>igitur</strong></span> <span class='ocrx_word' id='word_1_604' title='bbox 3470 3608 3573 3663; x_wconf 90' lang='lat' dir='ltr'><strong>sibi</strong></span> 
     </span>
    </p>
   </div>
   <div class='ocr_carea' id='block_1_82' title="bbox 2000 3702 3574 3775">
    <p class='ocr_par' dir='ltr' id='par_1_82' title="bbox 2000 3702 3574 3775">
     <span class='ocr_line' id='line_1_82' title="bbox 2000 3702 3574 3775; baseline 0.001 -20"><span class='ocrx_word' id='word_1_605' title='bbox 2000 3703 2116 3757; x_wconf 81' lang='lat' dir='ltr'><strong>vult</strong></span> <span class='ocrx_word' id='word_1_606' title='bbox 2143 3703 2306 3758; x_wconf 89' lang='lat' dir='ltr'><strong>illud:</strong></span> <span class='ocrx_word' id='word_1_607' title='bbox 2338 3702 2460 3757; x_wconf 88' lang='lat' dir='ltr'><strong>Non</strong></span> <span class='ocrx_word' id='word_1_608' title='bbox 2486 3705 2599 3758; x_wconf 80' lang='lat' dir='ltr'><strong>veni</strong></span> <span class='ocrx_word' id='word_1_609' title='bbox 2645 3722 2824 3759; x_wconf 86' lang='lat' dir='ltr'><strong>vocare</strong></span> <span class='ocrx_word' id='word_1_610' title='bbox 2844 3708 3043 3774; x_wconf 78' lang='lat' dir='ltr'><strong>justas,</strong></span> <span class='ocrx_word' id='word_1_611' title='bbox 3070 3707 3162 3760; x_wconf 84' lang='lat' dir='ltr'><strong>sed</strong></span> <span class='ocrx_word' id='word_1_612' title='bbox 3191 3718 3483 3775; x_wconf 73' lang='lat' dir='ltr'><strong>peccatores</strong></span> <span class='ocrx_word' id='word_1_613' title='bbox 3508 3703 3574 3757; x_wconf 69' lang='lat' dir='ltr'><strong>1L?</strong></span> 
     </span>
    </p>
   </div>
   <div class='ocr_carea' id='block_1_83' title="bbox 2001 3792 3573 3866">
    <p class='ocr_par' dir='ltr' id='par_1_83' title="bbox 2001 3792 3573 3866">
     <span class='ocr_line' id='line_1_83' title="bbox 2001 3792 3573 3866; baseline 0 -18"><span class='ocrx_word' id='word_1_614' title='bbox 2001 3792 2115 3848; x_wconf 88' lang='lat' dir='ltr'><strong>Hoc</strong></span> <span class='ocrx_word' id='word_1_615' title='bbox 2148 3803 2265 3859; x_wconf 88' lang='lat' dir='ltr'><strong>est,</strong></span> <span class='ocrx_word' id='word_1_616' title='bbox 2289 3794 2433 3864; x_wconf 86' lang='lat' dir='ltr'><strong>quod</strong></span> <span class='ocrx_word' id='word_1_617' title='bbox 2458 3794 2526 3849; x_wconf 86' lang='lat' dir='ltr'><strong>ab</strong></span> <span class='ocrx_word' id='word_1_618' title='bbox 2556 3796 2763 3866; x_wconf 87' lang='lat' dir='ltr'><strong>integra</strong></span> <span class='ocrx_word' id='word_1_619' title='bbox 2783 3808 2943 3866; x_wconf 88' lang='lat' dir='ltr'><strong>atque</strong></span> <span class='ocrx_word' id='word_1_620' title='bbox 2964 3796 3201 3866; x_wconf 80' lang='lat' dir='ltr'><strong>perfecta</strong></span> <span class='ocrx_word' id='word_1_621' title='bbox 3239 3797 3445 3866; x_wconf 78' lang='lat' dir='ltr'><strong>iustitia</strong></span> <span class='ocrx_word' id='word_1_622' title='bbox 3474 3810 3573 3848; x_wconf 82' lang='lat' dir='ltr'><strong>ex-</strong></span> 
     </span>
    </p>
   </div>
   <div class='ocr_carea' id='block_1_84' title="bbox 2002 3888 3572 3961">
    <p class='ocr_par' dir='ltr' id='par_1_84' title="bbox 2002 3888 3572 3961">
     <span class='ocr_line' id='line_1_84' title="bbox 2002 3888 3572 3961; baseline 0.001 -19"><span class='ocrx_word' id='word_1_623' title='bbox 2002 3889 2212 3943; x_wconf 87' lang='lat' dir='ltr'><strong>ciderat</strong></span> <span class='ocrx_word' id='word_1_624' title='bbox 2248 3888 2540 3943; x_wconf 89' lang='lat' dir='ltr'><strong>humanum</strong></span> <span class='ocrx_word' id='word_1_625' title='bbox 2566 3906 2757 3961; x_wconf 91' lang='lat' dir='ltr'><strong>genus,</strong></span> <span class='ocrx_word' id='word_1_626' title='bbox 2794 3902 3042 3947; x_wconf 82' lang='lat' dir='ltr'><strong>vocatum</strong></span> <span class='ocrx_word' id='word_1_627' title='bbox 3095 3892 3240 3958; x_wconf 90' lang='lat' dir='ltr'><strong>veni,</strong></span> <span class='ocrx_word' id='word_1_628' title='bbox 3278 3903 3331 3944; x_wconf 89' lang='lat' dir='ltr'><strong>et</strong></span> <span class='ocrx_word' id='word_1_629' title='bbox 3368 3892 3420 3943; x_wconf 92' lang='lat' dir='ltr'><strong>iu</strong></span> <span class='ocrx_word' id='word_1_630' title='bbox 3453 3906 3572 3944; x_wconf 90' lang='lat' dir='ltr'><strong>eam</strong></span> 
     </span>
    </p>
   </div>
   <div class='ocr_carea' id='block_1_85' title="bbox 2000 3984 3575 4054">
    <p class='ocr_par' dir='ltr' id='par_1_85' title="bbox 2000 3984 3575 4054">
     <span class='ocr_line' id='line_1_85' title="bbox 2000 3984 3575 4054; baseline 0 -19"><span class='ocrx_word' id='word_1_631' title='bbox 2000 3990 2219 4043; x_wconf 83' lang='lat' dir='ltr'><strong>sortem,</strong></span> <span class='ocrx_word' id='word_1_632' title='bbox 2251 3984 2562 4049; x_wconf 89' lang='lat' dir='ltr'><strong>educturus,</strong></span> <span class='ocrx_word' id='word_1_633' title='bbox 2624 4001 2784 4054; x_wconf 86' lang='lat' dir='ltr'><strong>quam</strong></span> <span class='ocrx_word' id='word_1_634' title='bbox 2837 3986 3111 4039; x_wconf 86' lang='lat' dir='ltr'><strong>amiserat.</strong></span> <span class='ocrx_word' id='word_1_635' title='bbox 3147 3984 3260 4039; x_wconf 90' lang='lat' dir='ltr'><strong>Etsi</strong></span> <span class='ocrx_word' id='word_1_636' title='bbox 3280 3984 3417 4037; x_wconf 84' lang='lat' dir='ltr'><strong>enim</strong></span> <span class='ocrx_word' id='word_1_637' title='bbox 3454 3984 3575 4035; x_wconf 62' lang='lat' dir='ltr'><strong>vita:</strong></span> 
     </span>
    </p>
   </div>
   <div class='ocr_carea' id='block_1_86' title="bbox 1999 4075 3574 4145">
    <p class='ocr_par' dir='ltr' id='par_1_86' title="bbox 1999 4075 3574 4145">
     <span class='ocr_line' id='line_1_86' title="bbox 1999 4075 3574 4145; baseline 0.003 -19"><span class='ocrx_word' id='word_1_638' title='bbox 1999 4089 2198 4143; x_wconf 87' lang='lat' dir='ltr'><strong>genere</strong></span> <span class='ocrx_word' id='word_1_639' title='bbox 2247 4075 2404 4130; x_wconf 83' lang='lat' dir='ltr'><strong>valde</strong></span> <span class='ocrx_word' id='word_1_640' title='bbox 2460 4077 2601 4131; x_wconf 88' lang='lat' dir='ltr'><strong>inter</strong></span> <span class='ocrx_word' id='word_1_641' title='bbox 2654 4092 2713 4132; x_wconf 88' lang='lat' dir='ltr'><strong>se</strong></span> <span class='ocrx_word' id='word_1_642' title='bbox 2773 4077 3021 4133; x_wconf 86' lang='lat' dir='ltr'><strong>homines</strong></span> <span class='ocrx_word' id='word_1_643' title='bbox 3066 4078 3137 4131; x_wconf 95' lang='lat' dir='ltr'><strong>illi</strong></span> <span class='ocrx_word' id='word_1_644' title='bbox 3178 4077 3448 4142; x_wconf 74' lang='lat' dir='ltr'><strong>differant,</strong></span> <span class='ocrx_word' id='word_1_645' title='bbox 3482 4075 3574 4145; x_wconf 88' lang='lat' dir='ltr'><strong>qui</strong></span> 
     </span>
    </p>
   </div>
   <div class='ocr_carea' id='block_1_87' title="bbox 2000 4165 3576 4240">
    <p class='ocr_par' dir='ltr' id='par_1_87' title="bbox 2000 4165 3576 4240">
     <span class='ocr_line' id='line_1_87' title="bbox 2000 4165 3576 4240; baseline 0.003 -21"><span class='ocrx_word' id='word_1_646' title='bbox 2000 4165 2341 4221; x_wconf 90' lang='lat' dir='ltr'><strong>indecentius</strong></span> <span class='ocrx_word' id='word_1_647' title='bbox 2393 4168 2650 4233; x_wconf 77' lang='lat' dir='ltr'><strong>vixerint,</strong></span> <span class='ocrx_word' id='word_1_648' title='bbox 2728 4171 2928 4240; x_wconf 83' lang='lat' dir='ltr'><strong>quique</strong></span> <span class='ocrx_word' id='word_1_649' title='bbox 2986 4171 3373 4236; x_wconf 88' lang='lat' dir='ltr'><strong>coutinentius,</strong></span> <span class='ocrx_word' id='word_1_650' title='bbox 3420 4184 3576 4223; x_wconf 84' lang='lat' dir='ltr'><strong>nemo</strong></span> 
     </span>
    </p>
   </div>
   <div class='ocr_carea' id='block_1_88' title="bbox 2001 4260 3575 4329">
    <p class='ocr_par' dir='ltr' id='par_1_88' title="bbox 2001 4260 3575 4329">
     <span class='ocr_line' id='line_1_88' title="bbox 2001 4260 3575 4329; baseline 0.002 -18"><span class='ocrx_word' id='word_1_651' title='bbox 2001 4267 2176 4312; x_wconf 78' lang='lat' dir='ltr'><strong>tamen</strong></span> <span class='ocrx_word' id='word_1_652' title='bbox 2206 4267 2283 4314; x_wconf 79' lang='lat' dir='ltr'><strong>.‘st</strong></span> <span class='ocrx_word' id='word_1_653' title='bbox 2309 4260 2425 4314; x_wconf 91' lang='lat' dir='ltr'><strong>sine</strong></span> <span class='ocrx_word' id='word_1_654' title='bbox 2452 4270 2696 4329; x_wconf 91' lang='lat' dir='ltr'><strong>peccato.</strong></span> <span class='ocrx_word' id='word_1_655' title='bbox 2729 4261 3006 4317; x_wconf 87' lang='lat' dir='ltr'><strong>Consonat</strong></span> <span class='ocrx_word' id='word_1_656' title='bbox 3033 4263 3161 4317; x_wconf 91' lang='lat' dir='ltr'><strong>huic</strong></span> <span class='ocrx_word' id='word_1_657' title='bbox 3196 4264 3382 4327; x_wconf 88' lang='lat' dir='ltr'><strong>menti,</strong></span> <span class='ocrx_word' id='word_1_658' title='bbox 3412 4262 3575 4315; x_wconf 83' lang='lat' dir='ltr'><strong>etiam</strong></span> 
     </span>
    </p>
   </div>
   <div class='ocr_carea' id='block_1_89' title="bbox 2002 4352 3577 4417">
    <p class='ocr_par' dir='ltr' id='par_1_89' title="bbox 2002 4352 3577 4417">
     <span class='ocr_line' id='line_1_89' title="bbox 2002 4352 3577 4417; baseline 0.001 -13"><span class='ocrx_word' id='word_1_659' title='bbox 2002 4352 2117 4415; x_wconf 87' lang='lat' dir='ltr'><strong>ipsa</strong></span> <span class='ocrx_word' id='word_1_660' title='bbox 2187 4352 2468 4407; x_wconf 77' lang='lat' dir='ltr'><strong>sententiae</strong></span> <span class='ocrx_word' id='word_1_661' title='bbox 2505 4354 2839 4417; x_wconf 86' lang='lat' dir='ltr'><strong>enuntiatio,</strong></span> <span class='ocrx_word' id='word_1_662' title='bbox 2897 4356 3015 4410; x_wconf 88' lang='lat' dir='ltr'><strong>sine</strong></span> <span class='ocrx_word' id='word_1_663' title='bbox 3054 4354 3285 4409; x_wconf 84' lang='lat' dir='ltr'><strong>articulo</strong></span> <span class='ocrx_word' id='word_1_664' title='bbox 3354 4355 3577 4408; x_wconf 77' lang='lat' dir='ltr'><strong>relativo</strong></span> 
     </span>
    </p>
   </div>
   <div class='ocr_carea' id='block_1_90' title="bbox 298 4432 1902 4513">
    <p class='ocr_par' dir='ltr' id='par_1_90' title="bbox 298 4432 1891 4513">
     <span class='ocr_line' id='line_1_90' title="bbox 298 4432 1891 4513; baseline 0.007 -31"><span class='ocrx_word' id='word_1_665' title='bbox 298 4432 537 4504; x_wconf 78' lang='grc' dir='ltr'><strong>Συνᾴδει</strong></span> <span class='ocrx_word' id='word_1_666' title='bbox 568 4435 626 4489; x_wconf 80' lang='grc' dir='ltr'><strong>δὲ</strong></span> <span class='ocrx_word' id='word_1_667' title='bbox 668 4439 736 4507; x_wconf 80' lang='grc' dir='ltr'><strong>τῇ</strong></span> <span class='ocrx_word' id='word_1_668' title='bbox 780 4438 991 4510; x_wconf 78' lang='grc' dir='ltr'><strong>διανοίᾳ</strong></span> <span class='ocrx_word' id='word_1_669' title='bbox 1033 4440 1206 4513; x_wconf 83' lang='grc' dir='ltr'><strong>ταύτῃ</strong></span> <span class='ocrx_word' id='word_1_670' title='bbox 1232 4443 1323 4495; x_wconf 74' lang='grc' dir='ltr'><strong>καὶ</strong></span> <span class='ocrx_word' id='word_1_671' title='bbox 1353 4443 1491 4511; x_wconf 77' lang='grc' dir='ltr'><strong>αὑτὴ</strong></span> <span class='ocrx_word' id='word_1_672' title='bbox 1523 4444 1555 4513; x_wconf 77' lang='grc' dir='ltr'><strong>ἡ</strong></span> <span class='ocrx_word' id='word_1_673' title='bbox 1590 4442 1683 4495; x_wconf 87' lang='grc' dir='ltr'><strong>τοῦ</strong></span> <span class='ocrx_word' id='word_1_674' title='bbox 1728 4441 1891 4512; x_wconf 81' lang='grc' dir='ltr'><strong>ῥητοῦ</strong></span> 
     </span>
    </p>
   </div>
   <div class='ocr_carea' id='block_1_91' title="bbox 2008 4432 3574 4513">
    <p class='ocr_par' dir='ltr' id='par_1_91' title="bbox 2008 4440 3574 4513">
     <span class='ocr_line' id='line_1_91' title="bbox 2008 4440 3574 4513; baseline 0.001 -20"><span class='ocrx_word' id='word_1_675' title='bbox 2008 4442 2228 4509; x_wconf 84' lang='lat' dir='ltr'><strong>prolata.</strong></span> <span class='ocrx_word' id='word_1_676' title='bbox 2253 4440 2389 4496; x_wconf 86' lang='lat' dir='ltr'><strong>Nam</strong></span> <span class='ocrx_word' id='word_1_677' title='bbox 2414 4443 2457 4497; x_wconf 89' lang='lat' dir='ltr'><strong>si</strong></span> <span class='ocrx_word' id='word_1_678' title='bbox 2479 4443 2704 4498; x_wconf 78' lang='lat' dir='ltr'><strong>dixisset</strong></span> <span class='ocrx_word' id='word_1_679' title='bbox 2732 4463 2744 4499; x_wconf 93' lang='lat'>:</span> <span class='ocrx_word' id='word_1_680' title='bbox 2769 4442 2895 4498; x_wconf 82' lang='lat' dir='ltr'><strong>Non</strong></span> <span class='ocrx_word' id='word_1_681' title='bbox 2917 4445 3028 4498; x_wconf 77' lang='lat' dir='ltr'><strong>veni</strong></span> <span class='ocrx_word' id='word_1_682' title='bbox 3051 4461 3234 4498; x_wconf 84' lang='lat' dir='ltr'><strong>vocare</strong></span> <span class='ocrx_word' id='word_1_683' title='bbox 3252 4446 3448 4513; x_wconf 76' lang='lat' dir='ltr'><strong>justas,</strong></span> <span class='ocrx_word' id='word_1_684' title='bbox 3483 4444 3574 4496; x_wconf 79' lang='lat' dir='ltr'><strong>sed</strong></span> 
     </span>
    </p>
   </div>
   <div class='ocr_carea' id='block_1_92' title="bbox 297 4528 1892 4606">
    <p class='ocr_par' dir='ltr' id='par_1_92' title="bbox 297 4528 1892 4606">
     <span class='ocr_line' id='line_1_92' title="bbox 297 4528 1892 4606; baseline 0.016 -30"><span class='ocrx_word' id='word_1_685' title='bbox 297 4528 590 4599; x_wconf 81' lang='grc' dir='ltr'><strong>προφορὰ,</strong></span> <span class='ocrx_word' id='word_1_686' title='bbox 643 4529 772 4585; x_wconf 78' lang='grc' dir='ltr'><strong>ἄνευ</strong></span> <span class='ocrx_word' id='word_1_687' title='bbox 830 4532 924 4585; x_wconf 89' lang='grc' dir='ltr'><strong>τοῦ</strong></span> <span class='ocrx_word' id='word_1_688' title='bbox 967 4533 1301 4605; x_wconf 84' lang='grc' dir='ltr'><strong>άναφορικοῦ</strong></span> <span class='ocrx_word' id='word_1_689' title='bbox 1362 4534 1566 4606; x_wconf 81' lang='grc' dir='ltr'><strong>ἄρθρου</strong></span> <span class='ocrx_word' id='word_1_690' title='bbox 1620 4549 1892 4604; x_wconf 77' lang='grc' dir='ltr'><strong>προφερο-</strong></span> 
     </span>
    </p>
   </div>
   <div class='ocr_carea' id='block_1_93' title="bbox 1996 4536 3579 4608">
    <p class='ocr_par' dir='ltr' id='par_1_93' title="bbox 1996 4536 3579 4608">
     <span class='ocr_line' id='line_1_93' title="bbox 1996 4536 3579 4608; baseline 0.001 -20"><span class='ocrx_word' id='word_1_691' title='bbox 1996 4538 2137 4603; x_wconf 78' lang='lat' dir='ltr'><strong>ipsos</strong></span> <span class='ocrx_word' id='word_1_692' title='bbox 2191 4550 2510 4606; x_wconf 74' lang='lat' dir='ltr'><strong>peccatores,</strong></span> <span class='ocrx_word' id='word_1_693' title='bbox 2562 4538 2785 4593; x_wconf 76' lang='lat' dir='ltr'><strong>forsitan</strong></span> <span class='ocrx_word' id='word_1_694' title='bbox 2842 4539 2928 4592; x_wconf 90' lang='lat' dir='ltr'><strong>illa</strong></span> <span class='ocrx_word' id='word_1_695' title='bbox 2959 4540 3141 4608; x_wconf 90' lang='lat' dir='ltr'><strong>opinio</strong></span> <span class='ocrx_word' id='word_1_696' title='bbox 3171 4538 3345 4593; x_wconf 92' lang='lat' dir='ltr'><strong>locum</strong></span> <span class='ocrx_word' id='word_1_697' title='bbox 3379 4536 3579 4591; x_wconf 86' lang='lat' dir='ltr'><strong>habere</strong></span> 
     </span>
    </p>
   </div>
   <div class='ocr_carea' id='block_1_94' title="bbox 306 4616 1902 4699">
    <p class='ocr_par' dir='ltr' id='par_1_94' title="bbox 306 4616 1893 4695">
     <span class='ocr_line' id='line_1_94' title="bbox 306 4616 1893 4695; baseline 0.007 -27"><span class='ocrx_word' id='word_1_698' title='bbox 306 4616 477 4688; x_wconf 77' lang='grc' dir='ltr'><strong>μένη.</strong></span> <span class='ocrx_word' id='word_1_699' title='bbox 505 4618 569 4672; x_wconf 76' lang='lat' dir='ltr'><strong>Ei</strong></span> <span class='ocrx_word' id='word_1_700' title='bbox 597 4620 706 4691; x_wconf 83' lang='grc' dir='ltr'><strong>γὰρ</strong></span> <span class='ocrx_word' id='word_1_701' title='bbox 737 4622 926 4692; x_wconf 72' lang='grc' dir='ltr'><strong>ἔλεγεν</strong></span> <span class='ocrx_word' id='word_1_702' title='bbox 952 4641 967 4656; x_wconf 80' lang='grc'><em>’</em></span> <span class='ocrx_word' id='word_1_703' title='bbox 992 4627 1117 4679; x_wconf 84' lang='grc' dir='ltr'><strong>Οὐκ</strong></span> <span class='ocrx_word' id='word_1_704' title='bbox 1132 4622 1327 4695; x_wconf 76' lang='grc' dir='ltr'><strong>ἦλθον</strong></span> <span class='ocrx_word' id='word_1_705' title='bbox 1348 4624 1604 4679; x_wconf 73' lang='grc' dir='ltr'><strong>καλέσαι</strong></span> <span class='ocrx_word' id='word_1_706' title='bbox 1624 4625 1769 4691; x_wconf 81' lang='grc' dir='ltr'><strong>τσὺς</strong></span> <span class='ocrx_word' id='word_1_707' title='bbox 1804 4626 1893 4679; x_wconf 86' lang='grc' dir='ltr'><strong>δι-</strong></span> 
     </span>
    </p>
   </div>
   <div class='ocr_carea' id='block_1_95' title="bbox 2008 4616 3575 4699">
    <p class='ocr_par' dir='ltr' id='par_1_95' title="bbox 2008 4632 3575 4699">
     <span class='ocr_line' id='line_1_95' title="bbox 2008 4632 3575 4699; baseline 0.001 -19"><span class='ocrx_word' id='word_1_708' title='bbox 2008 4637 2241 4697; x_wconf 89' lang='lat' dir='ltr'><strong>poterat,</strong></span> <span class='ocrx_word' id='word_1_709' title='bbox 2271 4645 2390 4699; x_wconf 72' lang='lat' dir='ltr'><strong>quae</strong></span> <span class='ocrx_word' id='word_1_710' title='bbox 2421 4640 2737 4698; x_wconf 85' lang='lat' dir='ltr'><strong>peccatores</strong></span> <span class='ocrx_word' id='word_1_711' title='bbox 2760 4641 3011 4684; x_wconf 87' lang='lat' dir='ltr'><strong>vocatum</strong></span> <span class='ocrx_word' id='word_1_712' title='bbox 3044 4632 3282 4695; x_wconf 90' lang='lat' dir='ltr'><strong>venisse,</strong></span> <span class='ocrx_word' id='word_1_713' title='bbox 3332 4644 3437 4683; x_wconf 89' lang='lat' dir='ltr'><strong>non</strong></span> <span class='ocrx_word' id='word_1_714' title='bbox 3480 4644 3575 4681; x_wconf 89' lang='lat' dir='ltr'><strong>au-</strong></span> 
     </span>
    </p>
   </div>
   <div class='ocr_carea' id='block_1_96' title="bbox 300 4709 1902 4788">
    <p class='ocr_par' dir='ltr' id='par_1_96' title="bbox 300 4709 1897 4787">
     <span class='ocr_line' id='line_1_96' title="bbox 300 4709 1897 4787; baseline 0.019 -28"><span class='ocrx_word' id='word_1_715' title='bbox 300 4709 522 4776; x_wconf 86' lang='grc' dir='ltr'><strong>καίους</strong></span> <span class='ocrx_word' id='word_1_716' title='bbox 551 4751 567 4775; x_wconf 86' lang='grc'><strong>,</strong></span> <span class='ocrx_word' id='word_1_717' title='bbox 601 4712 765 4767; x_wconf 72' lang='grc' dir='ltr'><em>ἀλλὰ</em></span> <span class='ocrx_word' id='word_1_718' title='bbox 792 4714 931 4781; x_wconf 85' lang='grc' dir='ltr'><strong>τοὺς</strong></span> <span class='ocrx_word' id='word_1_719' title='bbox 963 4716 1353 4785; x_wconf 72' lang='grc' dir='ltr'><strong>ἁμαρτωλοὺς</strong></span> <span class='ocrx_word' id='word_1_720' title='bbox 1372 4758 1387 4779; x_wconf 75' lang='grc' dir='ltr'><strong>ν</strong></span> <span class='ocrx_word' id='word_1_721' title='bbox 1424 4716 1565 4785; x_wconf 82' lang='grc' dir='ltr'><strong>τάχα</strong></span> <span class='ocrx_word' id='word_1_722' title='bbox 1595 4716 1663 4770; x_wconf 79' lang='grc' dir='ltr'>ἂν</span> <span class='ocrx_word' id='word_1_723' title='bbox 1684 4716 1830 4785; x_wconf 74' lang='grc' dir='ltr'><strong>εἶχεν</strong></span> <span class='ocrx_word' id='word_1_724' title='bbox 1863 4719 1897 4787; x_wconf 66' lang='grc' dir='ltr'>ἢ</span> 
     </span>
    </p>
   </div>
   <div class='ocr_carea' id='block_1_97' title="bbox 2008 4709 3579 4788">
    <p class='ocr_par' dir='ltr' id='par_1_97' title="bbox 2008 4719 3579 4788">
     <span class='ocr_line' id='line_1_97' title="bbox 2008 4719 3579 4788; baseline -0.001 -16"><span class='ocrx_word' id='word_1_725' title='bbox 2008 4719 2322 4788; x_wconf 82' lang='lat' dir='ltr'><strong>temjustos,</strong></span> <span class='ocrx_word' id='word_1_726' title='bbox 2353 4721 2628 4788; x_wconf 87' lang='lat' dir='ltr'><strong>opinatur.</strong></span> <span class='ocrx_word' id='word_1_727' title='bbox 2653 4721 2723 4774; x_wconf 84' lang='lat' dir='ltr'><strong>At</strong></span> <span class='ocrx_word' id='word_1_728' title='bbox 2745 4736 2864 4774; x_wconf 91' lang='lat' dir='ltr'><strong>cum</strong></span> <span class='ocrx_word' id='word_1_729' title='bbox 2898 4737 2999 4775; x_wconf 82' lang='lat' dir='ltr'><strong>vox</strong></span> <span class='ocrx_word' id='word_1_730' title='bbox 3026 4722 3139 4775; x_wconf 62' lang='lat' dir='ltr'><strong>hmo</strong></span> <span class='ocrx_word' id='word_1_731' title='bbox 3169 4720 3413 4776; x_wconf 86' lang='lat' dir='ltr'><strong>absolute</strong></span> <span class='ocrx_word' id='word_1_732' title='bbox 3460 4722 3579 4773; x_wconf 83' lang='lat' dir='ltr'><strong>sine</strong></span> 
     </span>
    </p>
   </div>
   <div class='ocr_carea' id='block_1_98' title="bbox 295 4800 1902 4880">
    <p class='ocr_par' dir='ltr' id='par_1_98' title="bbox 295 4800 1902 4878">
     <span class='ocr_line' id='line_1_98' title="bbox 295 4800 1902 4878; baseline 0.006 -27"><span class='ocrx_word' id='word_1_733' title='bbox 295 4800 534 4855; x_wconf 80' lang='grc' dir='ltr'><strong>ὑπόνοια</strong></span> <span class='ocrx_word' id='word_1_734' title='bbox 600 4802 786 4874; x_wconf 82' lang='grc' dir='ltr'><strong>χώραν</strong></span> <span class='ocrx_word' id='word_1_735' title='bbox 832 4808 866 4877; x_wconf 76' lang='grc' dir='ltr'><strong>η</strong></span> <span class='ocrx_word' id='word_1_736' title='bbox 911 4809 1033 4870; x_wconf 78' lang='grc' dir='ltr'><strong>τοὺς</strong></span> <span class='ocrx_word' id='word_1_737' title='bbox 1083 4807 1444 4878; x_wconf 84' lang='grc' dir='ltr'><strong>ἁμαρτωλοὺς</strong></span> <span class='ocrx_word' id='word_1_738' title='bbox 1502 4810 1606 4877; x_wconf 85' lang='grc' dir='ltr'><strong>μὲν</strong></span> <span class='ocrx_word' id='word_1_739' title='bbox 1672 4808 1902 4861; x_wconf 73' lang='grc' dir='ltr'><strong>καλέσαι</strong></span> 
     </span>
    </p>
   </div>
   <div class='ocr_carea' id='block_1_99' title="bbox 2008 4800 3575 4880">
    <p class='ocr_par' dir='ltr' id='par_1_99' title="bbox 2008 4808 3575 4880">
     <span class='ocr_line' id='line_1_99' title="bbox 2008 4808 3575 4880; baseline 0.002 -18"><span class='ocrx_word' id='word_1_740' title='bbox 2008 4808 2268 4863; x_wconf 85' lang='lat' dir='ltr'><strong>relatione</strong></span> <span class='ocrx_word' id='word_1_741' title='bbox 2310 4811 2517 4879; x_wconf 89' lang='lat' dir='ltr'><strong>prolata</strong></span> <span class='ocrx_word' id='word_1_742' title='bbox 2542 4810 2634 4878; x_wconf 85' lang='lat' dir='ltr'><strong>sit,</strong></span> <span class='ocrx_word' id='word_1_743' title='bbox 2661 4812 2881 4865; x_wconf 91' lang='lat' dir='ltr'><strong>omnino</strong></span> <span class='ocrx_word' id='word_1_744' title='bbox 2916 4813 3274 4880; x_wconf 90' lang='lat' dir='ltr'><strong>periculosam</strong></span> <span class='ocrx_word' id='word_1_745' title='bbox 3326 4829 3388 4866; x_wconf 90' lang='lat' dir='ltr'><strong>ac</strong></span> <span class='ocrx_word' id='word_1_746' title='bbox 3418 4810 3575 4865; x_wconf 70' lang='lat' dir='ltr'><strong>lalla-</strong></span> 
     </span>
    </p>
   </div>
   <div class='ocr_carea' id='block_1_100' title="bbox 290 4892 1902 4971">
    <p class='ocr_par' dir='ltr' id='par_1_100' title="bbox 290 4892 1901 4962">
     <span class='ocr_line' id='line_1_100' title="bbox 290 4892 1901 4962; baseline 0.006 -18"><span class='ocrx_word' id='word_1_747' title='bbox 290 4892 604 4962; x_wconf 82' lang='grc' dir='ltr'><strong>νομίζουσα</strong></span> <span class='ocrx_word' id='word_1_748' title='bbox 626 4937 642 4961; x_wconf 96' lang='grc'><strong>,</strong></span> <span class='ocrx_word' id='word_1_749' title='bbox 670 4897 853 4951; x_wconf 84' lang='grc' dir='ltr'><strong>οὐκέτι</strong></span> <span class='ocrx_word' id='word_1_750' title='bbox 888 4898 947 4951; x_wconf 83' lang='grc' dir='ltr'><strong>δὲ</strong></span> <span class='ocrx_word' id='word_1_751' title='bbox 982 4899 1108 4962; x_wconf 68' lang='grc' dir='ltr'><strong>τοὺς</strong></span> <span class='ocrx_word' id='word_1_752' title='bbox 1133 4898 1378 4962; x_wconf 84' lang='grc' dir='ltr'><strong>δικαίους</strong></span> <span class='ocrx_word' id='word_1_753' title='bbox 1396 4914 1413 4929; x_wconf 78' lang='lat'>&#39;</span> <span class='ocrx_word' id='word_1_754' title='bbox 1448 4898 1508 4951; x_wconf 86' lang='grc' dir='ltr'><strong>τὸ</strong></span> <span class='ocrx_word' id='word_1_755' title='bbox 1533 4899 1591 4952; x_wconf 86' lang='grc' dir='ltr'><strong>δὲ</strong></span> <span class='ocrx_word' id='word_1_756' title='bbox 1627 4900 1901 4954; x_wconf 86' lang='grc' dir='ltr'><strong>ἀπόλυτον</strong></span> 
     </span>
    </p>
   </div>
   <div class='ocr_carea' id='block_1_101' title="bbox 2008 4892 3581 4971">
    <p class='ocr_par' dir='ltr' id='par_1_101' title="bbox 2008 4902 3581 4971">
     <span class='ocr_line' id='line_1_101' title="bbox 2008 4902 3581 4971; baseline 0.003 -18"><span class='ocrx_word' id='word_1_757' title='bbox 2008 4915 2123 4953; x_wconf 91' lang='lat' dir='ltr'><strong>cem</strong></span> <span class='ocrx_word' id='word_1_758' title='bbox 2150 4902 2291 4955; x_wconf 90' lang='lat' dir='ltr'><strong>hanc</strong></span> <span class='ocrx_word' id='word_1_759' title='bbox 2315 4917 2436 4956; x_wconf 87' lang='lat' dir='ltr'><strong>esse</strong></span> <span class='ocrx_word' id='word_1_760' title='bbox 2465 4902 2772 4971; x_wconf 92' lang='lat' dir='ltr'><strong>opinionem</strong></span> <span class='ocrx_word' id='word_1_761' title='bbox 2824 4906 3179 4959; x_wconf 86' lang='lat' dir='ltr'><strong>demonstrat.</strong></span> <span class='ocrx_word' id='word_1_762' title='bbox 3230 4904 3345 4958; x_wconf 81' lang='lat' dir='ltr'><strong>Hoc</strong></span> <span class='ocrx_word' id='word_1_763' title='bbox 3402 4914 3581 4958; x_wconf 83' lang='lat' dir='ltr'><strong>autem</strong></span> 
     </span>
    </p>
   </div>
   <div class='ocr_carea' id='block_1_102' title="bbox 290 4984 1902 5062">
    <p class='ocr_par' dir='ltr' id='par_1_102' title="bbox 290 4984 1897 5062">
     <span class='ocr_line' id='line_1_102' title="bbox 290 4984 1897 5062; baseline 0.004 -27"><span class='ocrx_word' id='word_1_764' title='bbox 290 4984 408 5052; x_wconf 78' lang='grc' dir='ltr'><strong>τῆς</strong></span> <span class='ocrx_word' id='word_1_765' title='bbox 440 4988 627 5055; x_wconf 81' lang='grc' dir='ltr'><strong>φωνῆς</strong></span> <span class='ocrx_word' id='word_1_766' title='bbox 643 4988 688 5019; x_wconf 79' lang='grc' dir='ltr'><strong>³ο</strong></span> <span class='ocrx_word' id='word_1_767' title='bbox 730 4991 824 5041; x_wconf 75' lang='grc' dir='ltr'><strong>καὶ</strong></span> <span class='ocrx_word' id='word_1_768' title='bbox 862 4989 1036 5060; x_wconf 76' lang='grc' dir='ltr'><strong>χωρὶς</strong></span> <span class='ocrx_word' id='word_1_769' title='bbox 1064 4992 1342 5060; x_wconf 70' lang='grc' dir='ltr'><strong>ἀναφορᾶς</strong></span> <span class='ocrx_word' id='word_1_770' title='bbox 1376 4990 1661 5062; x_wconf 84' lang='grc' dir='ltr'><strong>προελθεῖν</strong></span> <span class='ocrx_word' id='word_1_771' title='bbox 1699 5006 1897 5043; x_wconf 87' lang='grc' dir='ltr'><strong>παντε-</strong></span> 
     </span>
    </p>
   </div>
   <div class='ocr_carea' id='block_1_103' title="bbox 2008 4984 3595 5062">
    <p class='ocr_par' dir='ltr' id='par_1_103' title="bbox 2008 4992 3595 5061">
     <span class='ocr_line' id='line_1_103' title="bbox 2008 4992 3595 5061; baseline 0.003 -17"><span class='ocrx_word' id='word_1_772' title='bbox 2008 5001 2061 5044; x_wconf 88' lang='lat' dir='ltr'><strong>et</strong></span> <span class='ocrx_word' id='word_1_773' title='bbox 2080 4992 2295 5045; x_wconf 86' lang='lat' dir='ltr'><strong>divinus</strong></span> <span class='ocrx_word' id='word_1_774' title='bbox 2325 4992 2413 5047; x_wconf 93' lang='lat' dir='ltr'><strong>ille</strong></span> <span class='ocrx_word' id='word_1_775' title='bbox 2437 4992 2634 5047; x_wconf 80' lang='lat' dir='ltr'><strong>Paulus</strong></span> <span class='ocrx_word' id='word_1_776' title='bbox 2674 4995 2980 5061; x_wconf 83' lang='lat' dir='ltr'><strong>conﬁrmat,</strong></span> <span class='ocrx_word' id='word_1_777' title='bbox 3025 5011 3146 5049; x_wconf 89' lang='lat' dir='ltr'><strong>cum</strong></span> <span class='ocrx_word' id='word_1_778' title='bbox 3182 4996 3293 5048; x_wconf 89' lang='lat' dir='ltr'><strong>ait:</strong></span> <span class='ocrx_word' id='word_1_779' title='bbox 3343 4995 3595 5049; x_wconf 71' lang='lat' dir='ltr'><strong>Christus</strong></span> 
     </span>
    </p>
   </div>
   <div class='ocr_carea' id='block_1_104' title="bbox 286 5071 1902 5155">
    <p class='ocr_par' dir='ltr' id='par_1_104' title="bbox 286 5071 1885 5153">
     <span class='ocr_line' id='line_1_104' title="bbox 286 5071 1885 5153; baseline 0.005 -28"><span class='ocrx_word' id='word_1_780' title='bbox 286 5071 410 5137; x_wconf 81' lang='grc' dir='ltr'><strong>λῶς</strong></span> <span class='ocrx_word' id='word_1_781' title='bbox 435 5077 727 5147; x_wconf 83' lang='grc' dir='ltr'><strong>ἀποφαίνει</strong></span> <span class='ocrx_word' id='word_1_782' title='bbox 757 5080 855 5150; x_wconf 58' lang='grc' dir='ltr'><strong>τὴν</strong></span> <span class='ocrx_word' id='word_1_783' title='bbox 889 5080 1146 5135; x_wconf 81' lang='grc' dir='ltr'><strong>ὑπόνοιαν</strong></span> <span class='ocrx_word' id='word_1_784' title='bbox 1175 5081 1471 5153; x_wconf 82' lang='grc' dir='ltr'><strong>σφαλεράν.</strong></span> <span class='ocrx_word' id='word_1_785' title='bbox 1502 5080 1674 5135; x_wconf 81' lang='grc' dir='ltr'><strong>Τοῦτο</strong></span> <span class='ocrx_word' id='word_1_786' title='bbox 1700 5082 1758 5135; x_wconf 82' lang='grc' dir='ltr'><strong>δὲ</strong></span> <span class='ocrx_word' id='word_1_787' title='bbox 1788 5081 1885 5134; x_wconf 77' lang='grc' dir='ltr'><strong>καὶ</strong></span> 
     </span>
    </p>
   </div>
   <div class='ocr_carea' id='block_1_105' title="bbox 2008 5071 3597 5155">
    <p class='ocr_par' dir='ltr' id='par_1_105' title="bbox 2008 5083 3597 5155">
     <span class='ocr_line' id='line_1_105' title="bbox 2008 5083 3597 5155; baseline 0.001 -20"><span class='ocrx_word' id='word_1_788' title='bbox 2008 5083 2138 5135; x_wconf 75' lang='lat' dir='ltr'><strong>venit</strong></span> <span class='ocrx_word' id='word_1_789' title='bbox 2169 5083 2223 5135; x_wconf 81' lang='lat' dir='ltr'><strong>in</strong></span> <span class='ocrx_word' id='word_1_790' title='bbox 2252 5084 2390 5136; x_wconf 77' lang='lat' dir='ltr'><strong>hunc</strong></span> <span class='ocrx_word' id='word_1_791' title='bbox 2411 5084 2663 5137; x_wconf 81' lang='lat' dir='ltr'><strong>mundum</strong></span> <span class='ocrx_word' id='word_1_792' title='bbox 2688 5095 2987 5154; x_wconf 81' lang='lat' dir='ltr'><strong>peccatores</strong></span> <span class='ocrx_word' id='word_1_793' title='bbox 3014 5086 3185 5140; x_wconf 75' lang='lat' dir='ltr'><strong>salvos</strong></span> <span class='ocrx_word' id='word_1_794' title='bbox 3210 5086 3386 5154; x_wconf 66' lang='lat' dir='ltr'><strong>facere</strong></span> <span class='ocrx_word' id='word_1_795' title='bbox 3412 5103 3426 5139; x_wconf 91' lang='lat'><strong>:</strong></span> <span class='ocrx_word' id='word_1_796' title='bbox 3449 5102 3551 5155; x_wconf 86' lang='lat' dir='ltr'><strong>quo</strong></span> <span class='ocrx_word' id='word_1_797' title='bbox 3571 5115 3597 5124; x_wconf 93' lang='lat'><em>-</em></span> 
     </span>
    </p>
   </div>
   <div class='ocr_carea' id='block_1_106' title="bbox 374 5213 1902 5293">
    <p class='ocr_par' dir='ltr' id='par_1_106' title="bbox 374 5213 1902 5293">
     <span class='ocr_line' id='line_1_106' title="bbox 374 5213 1902 5293; baseline 0.012 -34"><span class='ocrx_word' id='word_1_798' title='bbox 374 5213 415 5253; x_wconf 76' lang='grc' dir='ltr'><strong>ί·</strong></span> <span class='ocrx_word' id='word_1_799' title='bbox 435 5223 467 5267; x_wconf 69' lang='grc' dir='ltr'><strong>ν</strong></span> <span class='ocrx_word' id='word_1_800' title='bbox 488 5215 713 5293; x_wconf 36' lang='grc' dir='ltr'><strong>ιυοκι-ι,</strong></span> <span class='ocrx_word' id='word_1_801' title='bbox 746 5217 836 5293; x_wconf 59' lang='lat'><strong>25,</strong></span> <span class='ocrx_word' id='word_1_802' title='bbox 873 5217 965 5273; x_wconf 76' lang='lat'><strong>56.</strong></span> <span class='ocrx_word' id='word_1_803' title='bbox 989 5216 1201 5293; x_wconf 54' lang='lat' dir='ltr'><strong>qdoau.</strong></span> <span class='ocrx_word' id='word_1_804' title='bbox 1236 5218 1434 5293; x_wconf 71' lang='lat' dir='ltr'><strong>xm,_8.</strong></span> <span class='ocrx_word' id='word_1_805' title='bbox 1500 5228 1537 5293; x_wconf 40' lang='grc' dir='ltr'><strong>-τ</strong></span> <span class='ocrx_word' id='word_1_806' title='bbox 1556 5218 1711 5275; x_wconf 82' lang='lat' dir='ltr'><strong>Joan.</strong></span> <span class='ocrx_word' id='word_1_807' title='bbox 1742 5233 1804 5293; x_wconf 80' lang='grc' dir='ltr'><strong>ιι,</strong></span> <span class='ocrx_word' id='word_1_808' title='bbox 1828 5219 1854 5272; x_wconf 77' lang='grc' dir='ltr'><strong>Ι</strong></span> <span class='ocrx_word' id='word_1_809' title='bbox 1882 5235 1902 5273; x_wconf 85' lang='grc' dir='ltr'><strong>ε</strong></span> 
     </span>
    </p>
   </div>
   <div class='ocr_carea' id='block_1_107' title="bbox 2008 5213 3598 5293">
    <p class='ocr_par' dir='ltr' id='par_1_107' title="bbox 2008 5219 3598 5293">
     <span class='ocr_line' id='line_1_107' title="bbox 2008 5219 3598 5293; baseline 0.004 -20"><span class='ocrx_word' id='word_1_810' title='bbox 2008 5236 2036 5288; x_wconf 82' lang='grc' dir='ltr'><strong>ι.</strong></span> <span class='ocrx_word' id='word_1_811' title='bbox 2100 5219 2295 5293; x_wconf 80' lang='lat' dir='ltr'><strong>_&#39;_Luc.</strong></span> <span class='ocrx_word' id='word_1_812' title='bbox 2326 5235 2382 5284; x_wconf 87' lang='lat' dir='ltr'><strong>x,</strong></span> <span class='ocrx_word' id='word_1_813' title='bbox 2406 5223 2505 5293; x_wconf 46' lang='grc' dir='ltr'><strong>ιε,</strong></span> <span class='ocrx_word' id='word_1_814' title='bbox 2575 5222 2595 5258; x_wconf 69' lang='grc' dir='ltr'><strong>τ</strong></span> <span class='ocrx_word' id='word_1_815' title='bbox 2620 5224 2853 5293; x_wconf 70' lang='lat' dir='ltr'><strong>Act.x,l</strong></span> <span class='ocrx_word' id='word_1_816' title='bbox 2884 5241 3035 5293; x_wconf 83' lang='lat' dir='ltr'><strong>seqq.</strong></span> <span class='ocrx_word' id='word_1_817' title='bbox 3110 5232 3139 5259; x_wconf 79' lang='grc' dir='ltr'><strong>ιι</strong></span> <span class='ocrx_word' id='word_1_818' title='bbox 3173 5222 3304 5278; x_wconf 87' lang='lat' dir='ltr'><strong>Luc.</strong></span> <span class='ocrx_word' id='word_1_819' title='bbox 3338 5224 3598 5289; x_wconf 74' lang='lat' dir='ltr'><strong>xxrtt,29</strong></span> 
     </span>
    </p>
   </div>
   <div class='ocr_carea' id='block_1_108' title="bbox 290 5287 3054 5377">
    <p class='ocr_par' dir='ltr' id='par_1_108' title="bbox 290 5287 3054 5377">
     <span class='ocr_line' id='line_1_108' title="bbox 290 5287 3054 5377; baseline 0.004 -38"><span class='ocrx_word' id='word_1_820' title='bbox 290 5293 356 5339; x_wconf 87' lang='lat' dir='ltr'><strong>et</strong></span> <span class='ocrx_word' id='word_1_821' title='bbox 389 5300 506 5355; x_wconf 85' lang='lat' dir='ltr'><strong>seq.</strong></span> <span class='ocrx_word' id='word_1_822' title='bbox 580 5296 611 5325; x_wconf 73' lang='grc' dir='ltr'><strong>ν</strong></span> <span class='ocrx_word' id='word_1_823' title='bbox 634 5287 829 5343; x_wconf 85' lang='lat' dir='ltr'><strong>Matth.</strong></span> <span class='ocrx_word' id='word_1_824' title='bbox 854 5304 979 5354; x_wconf 88' lang='lat' dir='ltr'><strong>xxv,</strong></span> <span class='ocrx_word' id='word_1_825' title='bbox 1008 5289 1033 5343; x_wconf 80' lang='lat' dir='ltr'><strong>l</strong></span> <span class='ocrx_word' id='word_1_826' title='bbox 1066 5302 1222 5359; x_wconf 77' lang='lat' dir='ltr'><strong>seqq.</strong></span> <span class='ocrx_word' id='word_1_827' title='bbox 1319 5302 1345 5330; x_wconf 75' lang='grc' dir='ltr'><strong>ι</strong></span> <span class='ocrx_word' id='word_1_828' title='bbox 1367 5288 1556 5343; x_wconf 80' lang='lat' dir='ltr'><strong>Matth.</strong></span> <span class='ocrx_word' id='word_1_829' title='bbox 1582 5304 1717 5355; x_wconf 72' lang='grc' dir='ltr'><strong>χχιι,</strong></span> <span class='ocrx_word' id='word_1_830' title='bbox 1758 5290 1784 5343; x_wconf 80' lang='grc'><strong>1</strong></span> <span class='ocrx_word' id='word_1_831' title='bbox 1813 5287 1976 5360; x_wconf 69' lang='grc' dir='ltr'><strong>εεηίιξ</strong></span> <span class='ocrx_word' id='word_1_832' title='bbox 2054 5289 2321 5346; x_wconf 68' lang='grc' dir='ltr'><strong>ῐΙΤιιεεδ.</strong></span> <span class='ocrx_word' id='word_1_833' title='bbox 2349 5291 2533 5377; x_wconf 70' lang='grc' dir='ltr'><strong>ιν,16.</strong></span> <span class='ocrx_word' id='word_1_834' title='bbox 2612 5301 2634 5327; x_wconf 74' lang='grc' dir='ltr'><strong>ι</strong></span> <span class='ocrx_word' id='word_1_835' title='bbox 2655 5292 2842 5350; x_wconf 84' lang='lat' dir='ltr'><strong>Matth.</strong></span> <span class='ocrx_word' id='word_1_836' title='bbox 2870 5287 3054 5362; x_wconf 52' lang='lat' dir='ltr'><strong>Ix,&#39;15.</strong></span> 
     </span>
    </p>
   </div>
   <div class='ocr_carea' id='block_1_109' title="bbox 1622 5427 2302 5486">
    <p class='ocr_par' dir='ltr' id='par_1_109' title="bbox 1622 5427 2302 5486">
     <span class='ocr_line' id='line_1_109' title="bbox 1622 5427 2302 5486; baseline 0.006 -4"><span class='ocrx_word' id='word_1_837' title='bbox 1622 5427 1858 5485; x_wconf 72' lang='grc' dir='ltr'><strong>νΑιιιιΕ</strong></span> <span class='ocrx_word' id='word_1_838' title='bbox 1895 5428 2302 5486; x_wconf 85' lang='lat' dir='ltr'><strong>LECTIONES.</strong></span> 
     </span>
    </p>
   </div>
   <div class='ocr_carea' id='block_1_110' title="bbox 368 5520 3588 5600">
    <p class='ocr_par' dir='ltr' id='par_1_110' title="bbox 368 5520 3588 5600">
     <span class='ocr_line' id='line_1_110' title="bbox 368 5520 3588 5600; baseline 0.004 -26"><span class='ocrx_word' id='word_1_839' title='bbox 368 5521 417 5553; x_wconf 81' lang='grc'><strong>⁷⁸</strong></span> <span class='ocrx_word' id='word_1_840' title='bbox 443 5522 845 5600; x_wconf 80' lang='grc' dir='ltr'><strong>προϐάλλεσθαι</strong></span> <span class='ocrx_word' id='word_1_841' title='bbox 872 5541 971 5600; x_wconf 39' lang='grc' dir='ltr'><strong>ςςμ</strong></span> <span class='ocrx_word' id='word_1_842' title='bbox 1014 5524 1058 5557; x_wconf 83' lang='grc'><strong>⁷⁹</strong></span> <span class='ocrx_word' id='word_1_843' title='bbox 1090 5520 1229 5600; x_wconf 78' lang='grc' dir='ltr'><strong>οἴδα]</strong></span> <span class='ocrx_word' id='word_1_844' title='bbox 1257 5523 1411 5578; x_wconf 79' lang='lat' dir='ltr'><strong>Joan.</strong></span> <span class='ocrx_word' id='word_1_845' title='bbox 1442 5540 1563 5600; x_wconf 76' lang='lat' dir='ltr'><strong>xttl,</strong></span> <span class='ocrx_word' id='word_1_846' title='bbox 1596 5524 1670 5600; x_wconf 32' lang='lat'><strong>8_.‘</strong></span> <span class='ocrx_word' id='word_1_847' title='bbox 1720 5525 1909 5600; x_wconf 57' lang='lat' dir='ltr'><strong>_‘f’_§6_s_t</strong></span> <span class='ocrx_word' id='word_1_848' title='bbox 1937 5539 2045 5600; x_wconf 86' lang='lat' dir='ltr'><strong>om.</strong></span> <span class='ocrx_word' id='word_1_849' title='bbox 2069 5524 2209 5600; x_wconf 38' lang='lat' dir='ltr'><strong>AC.~</strong></span> <span class='ocrx_word' id='word_1_850' title='bbox 2263 5526 2444 5600; x_wconf 29' lang='lat' dir='ltr'><strong>‘s‘cov</strong></span> <span class='ocrx_word' id='word_1_851' title='bbox 2479 5530 2542 5581; x_wconf 83' lang='grc' dir='ltr'><strong>ἐκ</strong></span> <span class='ocrx_word' id='word_1_852' title='bbox 2572 5529 2839 5600; x_wconf 80' lang='grc' dir='ltr'><strong>Βηθανίας</strong></span> <span class='ocrx_word' id='word_1_853' title='bbox 2864 5544 2974 5583; x_wconf 90' lang='lat' dir='ltr'><strong>om.</strong></span> <span class='ocrx_word' id='word_1_854' title='bbox 3004 5528 3045 5582; x_wconf 90' lang='lat' dir='ltr'>C</span> <span class='ocrx_word' id='word_1_855' title='bbox 3076 5537 3129 5584; x_wconf 92' lang='lat' dir='ltr'><strong>et</strong></span> <span class='ocrx_word' id='word_1_856' title='bbox 3161 5546 3242 5596; x_wconf 91' lang='lat' dir='ltr'><strong>pr.</strong></span> <span class='ocrx_word' id='word_1_857' title='bbox 3274 5534 3337 5585; x_wconf 83' lang='lat' dir='ltr'><strong>A.</strong></span> <span class='ocrx_word' id='word_1_858' title='bbox 3414 5533 3459 5563; x_wconf 81' lang='grc'>⁸²</span> <span class='ocrx_word' id='word_1_859' title='bbox 3478 5534 3588 5587; x_wconf 84' lang='grc' dir='ltr'><strong>Λά-</strong></span> 
     </span>
    </p>
   </div>
   <div class='ocr_carea' id='block_1_111' title="bbox 288 5592 3585 5669">
    <p class='ocr_par' dir='ltr' id='par_1_111' title="bbox 288 5592 3585 5669">
     <span class='ocr_line' id='line_1_111' title="bbox 288 5592 3585 5669; baseline 0.005 -26"><span class='ocrx_word' id='word_1_860' title='bbox 288 5592 464 5669; x_wconf 59' lang='grc' dir='ltr'><strong>ζαρον</strong></span> <span class='ocrx_word' id='word_1_861' title='bbox 485 5609 596 5669; x_wconf 73' lang='lat' dir='ltr'><strong>om.</strong></span> <span class='ocrx_word' id='word_1_862' title='bbox 623 5611 705 5669; x_wconf 71' lang='lat' dir='ltr'><strong>pr.</strong></span> <span class='ocrx_word' id='word_1_863' title='bbox 730 5596 775 5646; x_wconf 79' lang='grc' dir='ltr'><strong>Α</strong></span> <span class='ocrx_word' id='word_1_864' title='bbox 806 5609 819 5645; x_wconf 90' lang='lat'><strong>:</strong></span> <span class='ocrx_word' id='word_1_865' title='bbox 856 5593 1105 5669; x_wconf 73' lang='grc' dir='ltr'><strong>Λάζαρον</strong></span> <span class='ocrx_word' id='word_1_866' title='bbox 1140 5592 1327 5667; x_wconf 72' lang='grc' dir='ltr'><strong>ἤγειρε</strong></span> <span class='ocrx_word' id='word_1_867' title='bbox 1346 5610 1431 5669; x_wconf 60' lang='lat' dir='ltr'><strong>re.</strong></span> <span class='ocrx_word' id='word_1_868' title='bbox 1459 5598 1521 5648; x_wconf 81' lang='grc' dir='ltr'><strong>Α.</strong></span> <span class='ocrx_word' id='word_1_869' title='bbox 1606 5596 1673 5669; x_wconf 9' lang='grc'><strong>7⁸³</strong></span> <span class='ocrx_word' id='word_1_870' title='bbox 1707 5595 1823 5648; x_wconf 84' lang='grc' dir='ltr'><strong>ἀλλ’</strong></span> <span class='ocrx_word' id='word_1_871' title='bbox 1950 5596 2339 5669; x_wconf 45' lang='grc' dir='ltr'><strong>ευσεδεοίκίας</strong></span> <span class='ocrx_word' id='word_1_872' title='bbox 2371 5614 2478 5669; x_wconf 76' lang='lat' dir='ltr'><strong>otii.</strong></span> <span class='ocrx_word' id='word_1_873' title='bbox 2511 5592 2646 5653; x_wconf 72' lang='grc' dir='ltr'><strong>ΑΟ.⁵</strong></span> <span class='ocrx_word' id='word_1_874' title='bbox 2694 5600 2739 5631; x_wconf 63' lang='grc'><strong>³⁵</strong></span> <span class='ocrx_word' id='word_1_875' title='bbox 2760 5600 2851 5651; x_wconf 77' lang='grc' dir='ltr'><strong>τὸν</strong></span> <span class='ocrx_word' id='word_1_876' title='bbox 2876 5616 2984 5651; x_wconf 68' lang='lat' dir='ltr'><strong>(aut.</strong></span> <span class='ocrx_word' id='word_1_877' title='bbox 3016 5601 3081 5653; x_wconf 83' lang='lat' dir='ltr'><strong>A.</strong></span> <span class='ocrx_word' id='word_1_878' title='bbox 3157 5592 3201 5632; x_wconf 64' lang='grc'><strong>⁸⁵</strong></span> <span class='ocrx_word' id='word_1_879' title='bbox 3227 5602 3585 5669; x_wconf 80' lang='grc' dir='ltr'><strong>πέμπεταις.</strong></span> 
     </span>
    </p>
   </div>
   <div class='ocr_carea' id='block_1_112' title="bbox 288 5662 3587 5740">
    <p class='ocr_par' dir='ltr' id='par_1_112' title="bbox 288 5662 3587 5740">
     <span class='ocr_line' id='line_1_112' title="bbox 288 5662 3587 5740; baseline 0.005 -26"><span class='ocrx_word' id='word_1_880' title='bbox 288 5663 342 5740; x_wconf 53' lang='lat' dir='ltr'>ff</span> <span class='ocrx_word' id='word_1_881' title='bbox 369 5662 594 5740; x_wconf 58' lang='grc' dir='ltr'><strong>δικαίως</strong></span> <span class='ocrx_word' id='word_1_882' title='bbox 620 5665 877 5740; x_wconf 69' lang='lat' dir='ltr'><strong>§chottus</strong></span> <span class='ocrx_word' id='word_1_883' title='bbox 908 5662 1281 5740; x_wconf 62' lang='grc' dir='ltr'><strong>ςδιξὲοιίουςς.⁷</strong></span> <span class='ocrx_word' id='word_1_884' title='bbox 1344 5664 1388 5698; x_wconf 84' lang='grc'><strong>⁸⁷</strong></span> <span class='ocrx_word' id='word_1_885' title='bbox 1418 5668 1706 5737; x_wconf 78' lang='grc' dir='ltr'><strong>προσεῖχον</strong></span> <span class='ocrx_word' id='word_1_886' title='bbox 1736 5683 1797 5730; x_wconf 76' lang='grc' dir='ltr'><strong>ς.</strong></span> <span class='ocrx_word' id='word_1_887' title='bbox 1883 5665 1929 5698; x_wconf 79' lang='grc'><strong>⁸⁸</strong></span> <span class='ocrx_word' id='word_1_888' title='bbox 1959 5666 2057 5739; x_wconf 86' lang='grc' dir='ltr'><strong>οὐχ</strong></span> <span class='ocrx_word' id='word_1_889' title='bbox 2074 5664 2146 5737; x_wconf 84' lang='grc' dir='ltr'><strong>οἱ]</strong></span> <span class='ocrx_word' id='word_1_890' title='bbox 2191 5666 2311 5723; x_wconf 86' lang='lat' dir='ltr'><strong>libri</strong></span> <span class='ocrx_word' id='word_1_891' title='bbox 2344 5667 2485 5739; x_wconf 82' lang='grc' dir='ltr'><strong>οὐχί.</strong></span> <span class='ocrx_word' id='word_1_892' title='bbox 2560 5670 2607 5702; x_wconf 77' lang='grc'>⁸³</span> <span class='ocrx_word' id='word_1_893' title='bbox 2630 5669 2772 5724; x_wconf 80' lang='grc' dir='ltr'><strong>ἆπαν</strong></span> <span class='ocrx_word' id='word_1_894' title='bbox 2794 5680 2848 5726; x_wconf 90' lang='lat' dir='ltr'><strong>et</strong></span> <span class='ocrx_word' id='word_1_895' title='bbox 2879 5670 3037 5739; x_wconf 85' lang='lat' dir='ltr'><strong>paulo</strong></span> <span class='ocrx_word' id='word_1_896' title='bbox 3064 5681 3191 5740; x_wconf 87' lang='lat' dir='ltr'><strong>post</strong></span> <span class='ocrx_word' id='word_1_897' title='bbox 3226 5662 3350 5736; x_wconf 75' lang='grc' dir='ltr'><strong>τοῦς</strong></span> <span class='ocrx_word' id='word_1_898' title='bbox 3371 5672 3493 5729; x_wconf 84' lang='lat' dir='ltr'><strong>add.</strong></span> <span class='ocrx_word' id='word_1_899' title='bbox 3520 5662 3587 5730; x_wconf 72' lang='grc' dir='ltr'><strong>Ᾱ.</strong></span> 
     </span>
    </p>
   </div>
   <div class='ocr_carea' id='block_1_113' title="bbox 290 5732 2597 5809">
    <p class='ocr_par' dir='ltr' id='par_1_113' title="bbox 290 5732 2597 5809">
     <span class='ocr_line' id='line_1_113' title="bbox 290 5732 2597 5809; baseline -0.021 -9"><span class='ocrx_word' id='word_1_900' title='bbox 290 5734 344 5765; x_wconf 80' lang='grc'><strong>⁹⁴³</strong></span> <span class='ocrx_word' id='word_1_901' title='bbox 383 5732 710 5805; x_wconf 76' lang='grc' dir='ltr'><strong>τῆςφωνῆς]</strong></span> <span class='ocrx_word' id='word_1_902' title='bbox 740 5734 1063 5803; x_wconf 71' lang='grc' dir='ltr'><strong>ι’θοιὶυδ,τὴν</strong></span> <span class='ocrx_word' id='word_1_903' title='bbox 1088 5739 1291 5809; x_wconf 69' lang='grc' dir='ltr'><strong>φωνήν,</strong></span> <span class='ocrx_word' id='word_1_904' title='bbox 1463 5732 1474 5737; x_wconf 85' lang='grc'><strong><em>“</em></strong></span> <span class='ocrx_word' id='word_1_905' title='bbox 1615 5732 1646 5736; x_wconf 64' lang='grc'><strong>’⁷</strong></span> <span class='ocrx_word' id='word_1_906' title='bbox 2024 5732 2057 5739; x_wconf 66' lang='grc' dir='ltr'><strong>-ν</strong></span> <span class='ocrx_word' id='word_1_907' title='bbox 2126 5732 2146 5737; x_wconf 98' lang='grc'><strong>-</strong></span> <span class='ocrx_word' id='word_1_908' title='bbox 2222 5753 2229 5758; x_wconf 88' lang='grc'><strong>.</strong></span> <span class='ocrx_word' id='word_1_909' title='bbox 2295 5742 2349 5752; x_wconf 61' lang='grc' dir='ltr'><strong>.ς</strong></span> <span class='ocrx_word' id='word_1_910' title='bbox 2410 5732 2443 5739; x_wconf 91' lang='grc'><strong><em>--</em></strong></span> <span class='ocrx_word' id='word_1_911' title='bbox 2519 5748 2534 5758; x_wconf 81' lang='grc'><strong>,.</strong></span> <span class='ocrx_word' id='word_1_912' title='bbox 2590 5754 2597 5761; x_wconf 77' lang='grc'><strong>,</strong></span> 
     </span>
    </p>
   </div>
   <div class='ocr_carea' id='block_1_114' title="bbox 516 5819 3216 5893">
    <p class='ocr_par' dir='ltr' id='par_1_114' title="bbox 516 5819 3216 5893">
     <span class='ocr_line' id='line_1_114' title="bbox 516 5819 3216 5893; baseline 0.006 -15"><span class='ocrx_word' id='word_1_913' title='bbox 516 5819 787 5885; x_wconf 72' lang='grc' dir='ltr'><strong>ΡΑΤιιοι..</strong></span> <span class='ocrx_word' id='word_1_914' title='bbox 831 5822 951 5892; x_wconf 79' lang='lat' dir='ltr'><strong>Gn.</strong></span> <span class='ocrx_word' id='word_1_915' title='bbox 986 5826 1153 5893; x_wconf 81' lang='lat' dir='ltr'><strong>Clll.</strong></span> <span class='ocrx_word' id='word_1_916' title='bbox 3138 5830 3216 5893; x_wconf 77' lang='lat'><em>26</em></span> 
     </span>
    </p>
   </div>
  </div>
