4032 6458
522 284 621 350 811

1670 270 1933 332 ΡΗΟΤΙΙ
1970 270 2103 330 ΡΑἸ

2206 268 2477 330 ΑΒΕΗᾸΞ
2508 268 2614 329 CP.
3619 278 3710 343 812

524 416 638 456 rum
675 398 878 468 primus
918 409 1013 465 ego
1067 408 1184 447 sum
1216 390 1320 446 εισι).
1354 387 1420 443 Et
1453 402 1667 444 rursum
1702 404 1717 443 :
1748 386 1967 441 Causati
2007 402 2098 439 su-

2206 384 2228 437 ὑ
2255 384 2540 448 Θεσπέσιος
2560 383 2772 447 Παῦλος
2804 382 3209 455 ἐπισφραγίζει,
3234 382 3419 452 λέγων·
3444 389 3709 461 Χριστὸςιι

528 508 643 546 mus
671 487 890 542 Iudaeos
907 496 953 540 et
974 494 1147 556 gentes
1190 498 1392 547 omnes,
1413 481 1509 536 sub
1524 488 1736 550 peccato
1764 494 1875 533 esse
1900 477 2097 547 203a

525 585 658 638 sicut
691 579 941 648 scriptum
974 586 1049 629 est
1078 573 1237 631 :Non
1262 584 1336 629 est
1358 574 1539 644 justus
1563 572 1860 641 quisquam,
1893 586 1998 623 non
2023 579 2101 624 eu

527 670 845 738 intelligens,
872 682 977 720 non
1005 675 1079 719 est
1131 665 1399 733 requirens
1441 662 1605 715 Deum
1631 670 1680 713 ο.
1714 659 1907 713 Omnes
1961 661 2099 712 enim

527 769 891 832 peccaverunt,
919 766 969 812 et
1021 765 1170 827 egent
1204 755 1375 826 gloria
1422 754 1518 808 Dei
1546 754 1595 806 ἀ.
1625 751 1905 819 lllndque:
1943 748 2097 803 Venit

528 854 786 908 Dominus
808 868 1064 923 quwrere,
1094 861 1141 904 et
1162 849 1365 903 salvum
1390 847 1562 916 facere
1590 846 1729 915 quod
1770 844 1996 913 perierat
2028 854 2053 883 θ
2083 859 2099 908 ;

528 944 597 998 de
642 952 753 998 toto
802 943 1059 997 nimirum
1107 940 1388 995 ho‘minum
1441 951 1641 1006 genere
1684 934 1902 997 dicitur,
1954 931 2099 1003 quod

528 1036 692 1089 etiam
720 1033 1150 1103 supplementum
1198 1030 1342 1086 illius
1373 1027 1673 1084 centenarii
1698 1025 2101 1082 rationabilinm

528 1127 710 1184 ovium
740 1127 1024 1196 designat:
1075 1121 1528 1192 quemadmodum
1576 1129 1631 1174 et
1671 1119 1925 1174 drachma
1958 1117 1974 1156 ε
2012 1117 2101 1171 illa

529 1238 635 1278 una
660 1237 691 1276 e
719 1221 903 1275 decem
948 1217 1197 1271 sordibus
1222 1216 1434 1269 obruta.
1466 1211 1602 1267 lluic
1641 1211 1839 1265 etenim
1866 1208 2098 1279 [generi]

531 1328 678 1369 mors
711 1310 997 1381 imperavit
1032 1310 1080 1370 ⁸,
1101 1307 1253 1376 juxta
1294 1306 1541 1359 eumdem
1592 1303 1805 1359 beatum
1853 1300 2100 1367 Paulum,

531 1417 638 1457 non
672 1399 995 1471 quibusdam
1044 1406 1272 1461 tantum,
1317 1405 1373 1450 et
1396 1394 1716 1464 quibusdam
1747 1408 1876 1459 non,
1908 1392 2000 1447 sed
2034 1392 2102 1447 ab

529 1493 737 1547 Adamo
771 1504 941 1560 usque
979 1488 1045 1543 ad
1078 1486 1302 1552 Moscm,
1349 1487 1402 1541 in
1452 1487 1647 1555 quibus
1682 1485 1901 1540 luerunt
1947 1484 2099 1551 Abel,

530 1595 692 1653 atque
721 1582 886 1646 Enos,
913 1590 967 1636 et
1009 1579 1215 1649 reliqua
1244 1579 1345 1633 sub
1380 1579 1499 1648 lege
1531 1577 1809 1648 justorum
1862 1592 1926 1632 ac
1980 1591 2105 1645 pro-

528 1675 809 1745 phetarum
860 1672 1167 1726 multitudo.
1226 1672 1304 1725 Ac
1363 1686 1577 1724 rursum
1646 1670 1786 1725 idem
1816 1667 2102 1724 charitatis

2198 470 2387 545 ἦλθεν
2425 477 2514 541 είς
2555 474 2661 529 τὸν
2700 476 2934 544 κόσμον
2973 475 3353 544 ἁμαρτωλοὺς
3412 478 3615 548 σῶσαι,
3646 482 3719 543 ὧν

2199 566 2433 634 πρῶτός
2478 567 2597 636 ειμι
2648 566 2785 636 ἐγώ.
2830 565 2944 620 Kal.
3002 565 3167 620 πάλιν
3210 569 3261 619 Π
3267 574 3721 642 commodae-0a"

2216 658 2548 724 Ἰουδαίους
2589 658 2688 712 καὶ
2727 658 3042 724 Ἓλληνας
3074 657 3303 724 πάντας
3336 661 3433 728 ὑφ’
3470 663 3727 732 ἁμαρτίαν

2200 746 2380 817 εἶναι,
2423 750 2622 817 καθὼς
2664 751 2989 819 γέγραπται
3011 788 3027 814 ,
3058 751 3170 804 οὐκ
3200 751 3329 804 ἐστι
3361 752 3576 820 δίκαιος
3608 759 3730 813 οὐδὲ

2199 838 2308 908 εἷς,
2366 843 2477 895 οὐκ
2530 842 2703 897 ἐστιν
2731 845 2763 897 ό
2793 840 3045 907 συνιὼν,
3095 844 3204 896 οὐκ
3237 842 3406 897 ἐστιν
3441 848 3473 898 ό
3508 848 3733 915 ἐκζητῶν

2199 933 2306 985 τὸν
2344 933 2493 986 Θεόν
2512 949 2526 963 ·
2559 933 2781 998 πάντες
2797 932 2841 964 ⁸³
2873 932 2983 1001 γὰρ
3018 931 3287 1001 ἥμαρτον
3320 934 3416 986 καὶ
3442 937 3732 1007 ὑστεροῦν-

2199 1040 2295 1078 ται
2335 1023 2445 1091 τῆς
2479 1024 2666 1092 δόξης
2717 1023 2826 1079 τοῦ
2871 1022 3044 1079 Θεοῦ.
3094 1022 3205 1077 Καὶ
3250 1022 3336 1088 τὸ,
3401 1025 3454 1076 '0
3487 1029 3735 1096 Ktiptoc“

2201 1110 2349 1185 ἦλθε
2377 1113 2623 1182 ζητῆσαι
2653 1115 2752 1168 καὶ
2784 1115 2979 1171 σῶσαι
3038 1114 3105 1169 τὸ
3151 1115 3461 1181 ἀπολωλὸς
3484 1155 3498 1179 ,
3526 1119 3736 1189 δηλονότι

2201 1206 2334 1277 περὶ
2384 1207 2505 1260 ὅλου
2548 1205 2646 1259 τοῦ
2690 1205 3031 1277 ἀνθρωπείου
3090 1205 3279 1275 γένους
3333 1208 3569 1277 εἴρηται·
3602 1211 3629 1263 ὃ
3661 1215 3738 1267 καὶ

2200 1297 2579 1368 ὰναπλήρωμα
2618 1298 2717 1368 τῆς
2753 1297 2861 1351 τῶν
2904 1297 3140 1366 λογικῶν
3167 1299 3457 1366 προϐάτων
3486 1301 3739 1358 ἑκατοντά-

2201 1388 2289 1452 δος
2319 1396 2544 1452 νοεῖται,
2566 1388 2758 1459 ὥσπερ
2789 1389 2937 1460 καὶὴ
2966 1390 3383 1460 καταχωσθεῖσα
3404 1389 3639 1462 δραχμὴ,
3662 1395 3740 1463 μία

2202 1479 2338 1535 οὖσα
2356 1479 2464 1533 τῶν
2484 1481 2621 1534 δέκα
2647 1479 2928 1551 δραχμῶν.
2957 1480 3067 1534 Ka‘t
3081 1480 3191 1551 γὰρ
3212 1479 3415 1549 ταύτης
3431 1480 3740 1537 ἐϐασίλευσεν

2199 1574 2232 1627 ὁ
2277 1573 2533 1638 θάνατος,
2575 1575 2718 1627 κατὰ
2775 1573 2868 1628 τὸν
2922 1572 3085 1626 αὐτὸν
3133 1572 3420 1626 θεσπέσιον
3451 1572 3670 1655 Παῦλον,
3693 1578 3739 1628 οῦ

2209 1665 2374 1718 τινῶν
2402 1666 2519 1735 μὲν,
2545 1664 2709 1718 τινῶν
2755 1664 2801 1717 δ’
2829 1662 2912 1730 οὓ,
2943 1663 3079 1719 ἀλλὰ
3118 1663 3229 1717 ἀπὸ
3271 1664 3445 1733 Ἀδὰμ
3476 1665 3567 1718 καί⁸
3607 1666 3742 1738 μέχρι

527 1778 725 1833 praeco,
751 1763 1072 1817 etincensus
1099 1770 1313 1814 amator
1348 1778 1361 1815 :
1392 1760 1745 1830 Diligentibus
1791 1758 1978 1821 Deum,
2018 1759 2100 1812 in-

2206 1757 2512 1823 Μωῦσέως,
2544 1750 2618 1810 ὧν
2651 1753 2721 1829 ἦν
2756 1758 3056 1811 Ἀϐελικαὶ
3091 1756 3260 1820 Ἐνὼς
3292 1758 3387 1810 καί
3418 1757 3641 1820 ὁλοιπδς
3660 1760 3742 1813 τῶν

525 1853 667 1923 quit,
694 1853 871 1906 omnia
903 1861 1250 1919 coaperantur
1272 1852 1327 1905 in
1353 1852 1567 1917 bonum,
1591 1851 1658 1904 iis
1680 1852 1769 1922 qui
1813 1850 2099 1904 secundum

525 1947 849 2014 prapositum
880 1944 1186 1998 vocatisunt
1210 1939 1261 1997 ιι.
1298 1942 1361 1998 ΕΙ
1383 1954 1506 2012 post
1528 1943 1675 1997 haec:
1714 1942 1855 2008 Quos
1885 1942 2101 2011 pra'sci-

527 2041 621 2105 uit,
648 2039 809 2092 etiam
838 2038 1229 2106 prwdestinavit
1250 2052 1269 2091 :
1304 2046 1353 2091 et
1387 2052 1516 2106 quos
1552 2038 1975 2105 prtudestinauit,
1999 2036 2100 2091 hoc

528 2136 578 2183 et
603 2127 797 2182 vocavit
824 2135 912 2191 ;et
941 2142 1071 2196 quos
1122 2125 1343 2190 vocavit,
1376 2128 1535 2179 etiam
1577 2126 1913 2195 justiﬁcavit,
1947 2138 2101 2195 atque

528 2218 841 2292 gloriﬁcavit
872 2218 916 2273 ί.
944 2218 1075 2272 Item
1110 2236 1124 2272 :
1154 2217 1330 2289 Elegit
1357 2234 1449 2272 nos
1506 2228 1628 2273 ante
1668 2219 1849 2273 mundi
1903 2222 2098 2274 consti-

528 2311 851 2367 talionem).
886 2309 1004 2365 Non
1048 2310 1225 2366 solum
1277 2325 1343 2365 ex
1406 2308 1630 2375 ludatis,
1678 2311 1775 2366 sed
1820 2312 1985 2366 etiam
2032 2327 2098 2367 ex

527 2403 800 2471 gentibus.
858 2402 1089 2457 Rursum
1120 2419 1133 2456 :
1166 2399 1370 2456 Electio
1421 2411 1700 2455 consecuta
1753 2412 1830 2456 est
1863 2417 1885 2456 :
1926 2403 2101 2457 ca’teri

529 2510 646 2549 vero
681 2494 930 2547 excwcati
959 2504 1080 2548 sunt
1111 2492 1160 2547 ι.
1188 2493 1276 2560 Ει,
1311 2492 1414 2558 Qui
1459 2504 1534 2547 est
1577 2492 1824 2547 Salvator
1869 2495 2100 2550 omnium

528 2587 821 2650 hominum,
849 2586 1078 2640 maxime
1133 2586 1372 2655 ﬁdelium
1410 2583 1427 2623 ι
1460 2602 1477 2654 ;
1511 2595 1568 2639 ιιι
1619 2587 1890 2642 inlinitum
1936 2587 2104 2644 fuerit

528 2679 657 2733 talia
686 2680 769 2733 vel
812 2678 1145 2733 numerando
1175 2693 1483 2733 recensere.
1533 2679 1657 2734 Haec
1702 2680 1790 2735 ubi
1824 2681 2102 2738 studiosus

527 2770 617 2826 ille
642 2772 876 2841 scriptor
903 2770 1349 2827 honoriﬁcentius
1399 2772 1677 2840 discernit,
1714 2784 1770 2829 et
1826 2775 2102 2833 tricesimo

528 2873 723 2919 octavo
754 2863 916 2934 capiti
942 2863 1103 2919 linem
1136 2864 1382 2935 imponit.

601 3121 689 3177 '59.
722 3121 875 3189 Eam,
906 3137 1024 3192 qum
1055 3123 1107 3177 in
1139 3124 1312 3179 sacris
1338 3122 1639 3195 Scripturis
1665 3126 1948 3182 videbatur
1976 3142 2102 3185 esse

532 3213 849 3278 dissensio,
914 3216 1130 3269 curiose
1191 3216 1439 3284 inquirit,
1492 3229 1655 3287 atque
1705 3228 2103 3289 perscrutatur.

532 3302 757 3359 Dubitat
811 3307 980 3370 enim,
1028 3311 1301 3376 quomodo
1352 3309 1612 3367 Dominus
1668 3312 1720 3365 in
1777 3328 1873 3367 sua
1932 3314 2107 3382 patria

530 3398 687 3466 signa
715 3396 896 3453 facere
927 3414 1031 3454 non
1062 3412 1265 3469 posset,
1296 3400 1520 3468 Propter
1544 3405 1959 3459 incredulitatem
1992 3406 2110 3460 illo-

532 3504 651 3543 rum
674 3497 736 3553 ιιι,
773 3504 1099 3559 rursumque
1123 3492 1188 3545 ad
1224 3491 1537 3548 incusantes
1562 3497 1702 3563 quod
1722 3496 1972 3564 discipuli
1994 3497 2105 3552 da:-

532 3580 777 3636 monium
825 3596 928 3636 non
971 3582 1279 3650 ejecissent,
1314 3584 1525 3654 culpam
1566 3589 1617 3641 in
1669 3600 1994 3647 accusantes
2022 3604 2108 3645 re-

533 3669 759 3727 ferendo
786 3673 986 3727 dixerit
1016 3692 1030 3729 :
1061 3671 1290 3740 PrOpter
1324 3676 1755 3732 incredulitatem
1804 3691 2031 3735 vestram
2054 3689 2105 3738 π.

532 3762 667 3819 Cum
708 3778 998 3833 germanus
1048 3765 1209 3834 hujus
1256 3767 1552 3837 discipulus
1576 3769 1789 3833 fPaulus
1833 3772 2109 3827 contradi-

533 3864 623 3910 cat
655 3873 670 3909 :
705 3856 868 3924 b'igna
908 3857 1066 3922 enim,
1112 3858 1308 3927 inquit,
1342 3860 1664 3928 inﬁdelibus,
1697 3878 1801 3916 non
1841 3872 2014 3916 autem
2045 3863 2110 3932 [i-

533 3949 739 4002 delibus
767 3955 813 4002 ο.
844 3947 1028 4003 Nudus
1076 3950 1266 4003 abillo
1309 3952 1388 4005 sic
1448 3953 1766 4008 dissolvitur
1796 3994 1812 4019 ,
1864 3965 1922 4008 nt
1967 3957 2110 4012 dicat

534 4042 787 4095 universe
814 4041 1033 4111 quidem
1086 4052 1140 4095 et
1190 4045 1551 4098 communiter
1596 4058 1817 4116 propter
1863 4048 2109 4103 inﬁdeles

534 4133 845 4202 prodigiosa
883 4134 1034 4201 signa
1085 4134 1226 4198 ﬁeri,
1274 4151 1380 4204 quo
1404 4138 1517 4191 haec
1543 4139 1694 4208 ipsos
1723 4155 1789 4195 eo
1816 4142 2109 4207 adducant,

535 4233 595 4280 ut
621 4224 915 4279 salubriter
946 4225 1300 4295 acquiescant
1333 4228 1406 4293 ei,
1437 4230 1528 4298 qui
1561 4239 1615 4285 et
1666 4231 1981 4285 admiranda
2023 4232 2111 4286 illa

532 4326 737 4387 patrat,
773 4326 830 4371 et
869 4326 1045 4372 mente
1075 4318 1188 4385 jam
1237 4328 1397 4373 antca
1443 4322 1510 4374 ab
1542 4322 1647 4377 illis
1677 4333 1977 4392 praeceptus
2005 4335 2110 4379 est.

2203 1849 2261 1902 ὲν
2290 1849 2368 1919 τῷ
2392 1850 2542 1920 νόμῳ
2564 1847 2789 1903 δικαίων
2817 1852 2910 1903 καὶ
2942 1848 3241 1921 προφητῶν
3271 1848 3450 1917 χορός.
3479 1846 3639 1901 Πάλιν
3661 1848 3738 1903 δὲί

2202 1940 2365 2004 αὐτὸς
2389 1941 2488 2010 τῆς
2522 1941 2741 2011 ἀγάπης
2771 1940 2867 1993 καὶ
2902 1940 3080 2011 κῆρυξ
3114 1940 3210 1993 καὶ
3232 1940 3497 2010 διάπυρος
3518 1940 3740 2010 ἐραστὴς,

2204 2032 2393 2099 Τοῖς⁹⁵
2406 2032 2681 2102 ἀγαπῶσι
2696 2034 2804 2087 τὸν
2820 2035 2991 2099 Θεὸν,
3007 2033 3162 2103 φησι,
3181 2032 3381 2111 πάντα
3398 2032 3668 2101 συνεργεῖ
3678 2037 3745 2100 εὶς

2201 2123 2267 2179 τὸ
2283 2125 2528 2195 ἀγαθὸν,
2542 2126 2666 2191 τοῖς
2682 2124 2831 2180 κατὰ
2844 2127 3134 2194 πρόθεσιν
3151 2124 3391 2191 κλητοῖς
3412 2120 3603 2179 οὖσιν.
3620 2120 3744 2178 Εἶτα·

2207 2217 2326 2283 Οὓς
2349 2218 2639 2287 προέγνω,
2675 2218 2772 2272 καὶ
2798 2220 3115 2288 προώρισσ
3130 2218 3260 2291 [645
3275 2216 3369 2290 IL]
3408 2218 3505 2271 καί
3523 2218 3621 2282 οὓς
3637 2233 3746 2288 προ-

2201 2308 2401 2378 ώρισε,
2424 2311 2679 2377 τούτους
2720 2311 2818 2364 καὶ
2840 2310 3120 2366 ἐκάλεσεο
3142 2312 3243 2365 καὶ
3260 2310 3372 2376 οὒς
3404 2309 3648 2365 ἐκάλεσε
3670 2312 3747 2365 καί

2202 2402 2515 2457 ἐδικαίωσε
2547 2402 2647 2457 καὶ
2680 2402 2958 2467 ἐδόξασε.
2984 2405 3117 2471 Καὶ,
3162 2402 3521 2470 Ἐξελέξατο
3539 2402 3585 2437 ³⁸
3620 2403 3747 2474 ἡμᾶς

2203 2494 2323 2550 ἀπὸ
2353 2494 2695 2563 καταϐολῆς
2718 2497 2950 2564 κόσμου
2975 2495 3037 2551 οὐ
3070 2496 3231 2566 μόνον
3257 2496 3321 2564 ἐξ
3364 2496 3621 2551 Ἰουδαίων
3639 2496 3748 2550 ἀλλὰ

2204 2588 2301 2641 καὶ
2335 2587 2461 2659 [554
2482 2585 2581 2659 [1.]
2615 2586 2677 2652 ἐξ
2691 2587 2860 2641 ἐθνῶν
2880 2602 2895 2619 ·
2920 2590 3036 2654 καὶ,
3076 2588 3136 2643 Ἠ
3154 2589 3381 2658 ἐκλογὴ
3402 2590 3444 2621 ⁸⁷
3469 2588 3747 2658 ἐπέτυχεν,

2204 2682 2258 2734 ol
2285 2678 2354 2733 δὲ
2380 2680 2583 2734 λοιποὶ
2606 2679 3034 2748 ἐπωρώθησαν.
3060 2681 3194 2748 Καὶ,
3216 2681 3330 2748 ’ος
3345 2682 3390 2714 ⁸⁸
3421 2682 3548 2735 ἐστι
3578 2681 3750 2751 Σωτὴρ

2205 2770 2449 2826 πάντων
2472 2771 2819 2839 ἀνθρώπων,
2860 2771 3136 2840 μάλιστα
3159 2770 3418 2827 πιστῶν.
3448 2775 3554 2826 Καὶ
3577 2773 3749 2840 ἀδιεξό-

2203 2862 2390 2915 δευτον
2422 2862 2489 2917 ἂν
2513 2863 2600 2933 εἴη
2636 2864 2704 2918 τὰ
2731 2863 2959 2918 τοιαῦτα
2994 2864 3187 2936 φέρειν
3209 2868 3295 2929 είς
3321 2864 3572 2933 ἀριθμόν.
3598 2864 3751 2918 Ταῦτα

2205 2951 2611 3024 φιλοτιμότερον
2636 2956 2665 3008 ὁ
2691 2954 2977 3023 φιλόπονος
2995 2956 3041 2989 ⁹⁰
3066 2950 3220 3020 οὗτος
3248 2957 3600 3027 συγγραφεὺς
3623 2956 3752 3009 ἐπελ-

2208 3044 2318 3099 θὼν
2346 3046 2443 3100 καὶ
2467 3047 2546 3117 τῷ
2566 3047 2647 3117 λη’
2671 3049 2847 3118 πέρας
2876 3048 3153 3120 ἐπιτίθησι
3176 3043 3487 3121 κεφαλαίῳ.

2279 3138 2369 3192 Ἐν
2397 3138 2455 3191 δὲ
2476 3139 2554 3209 τῷ
2581 3138 2660 3192 λθ’
2689 3141 2788 3209 τὴν
2813 3139 3078 3195 δοκοῦσαν
3106 3141 3165 3196 ὲν
3189 3145 3309 3205 τοῖς
3374 3144 3537 3213 ἱεροῖς
3564 3141 3752 3211 Δογίοις

2209 3231 2511 3299 διαφωνίαν
2544 3231 3001 3304 πολυπραγμονεῖ
3029 3234 3125 3289 καὶ
3154 3235 3449 3289 διευθύνει.
3492 3237 3756 3307 Ἐπαπορεῖ

2208 3321 2319 3394 γὰρ
2348 3323 2466 3393 πῶς
2493 3327 2522 3378 ὁ
2546 3326 2645 3395 μὲν
2676 3326 2885 3397 Κύριος
2937 3329 2997 3382 ὲν
3025 3332 3092 3401 τῇ
3147 3329 3252 3401 ἰδίᾳ
3314 3330 3535 3402 πατρίδι
3582 3330 3755 3400 σημεῖα

2208 3415 2385 3467 ποιεῖν
2406 3414 2507 3469 οὐκ
2534 3415 2768 3486 ἠδύνατο
2795 3418 2896 3473 διὰ
2917 3420 3032 3489 τὴν
3051 3422 3350 3476 ἀπιστίαν
3373 3422 3493 3477 τῶν
3515 3423 3582 3475 ἐν
3604 3421 3754 3489 αὐτῇ,

2208 3505 2303 3558 καὶ
2328 3506 2491 3561 πάλιν
2520 3508 2658 3579 πρὸς
2678 3510 2805 3573 τοὺς
2827 3510 3198 3579 ἐγκαλοῦντας
3225 3513 3312 3566 ὃτι
3342 3516 3388 3568 οί
3424 3512 3652 3585 μαθηταὶ
3675 3513 3758 3566 οὐκ

2209 3598 2464 3664 ἐξέϐαλον
2496 3600 2559 3654 τὸ
2585 3601 2882 3673 δαιμόνιον,
2906 3605 3005 3674 τὴν
3029 3606 3212 3660 αἰτίαν
3238 3607 3325 3671 εἰς
3353 3608 3479 3671 τοὺς
3500 3605 3759 3676 ἐγκαλοῦν-

2209 3710 2310 3759 τας
2338 3694 2629 3768 ἀναφέρων
2654 3696 2784 3767 tam,
2810 3697 2913 3751 Διὰ
2929 3700 2946 3730 ί
2968 3698 3084 3767 τὴν
3103 3698 3400 3753 ἀπιστίαν
3422 3701 3601 3770 ὑμῶν.
3647 3700 3696 3753 '0
3712 3698 3759 3751 δέ

2210 3803 2275 3855 γε
2292 3786 2485 3841 τούτου
2526 3789 2750 3858 γνήσιος
2782 3789 3033 3862 μαθητὴς
3055 3791 3273 3857 Παῦλος
3306 3796 3565 3849 τάναντία
3595 3793 3758 3861 λέγει’

2216 3878 2295 3933 Τὰ
2316 3882 2336 3912 ¹
2375 3879 2487 3949 γὰρ
2525 3880 2767 3955 σημεῖα,
2807 3883 2965 3955 φησὶ,
2998 3883 3125 3951 τοῖς
3154 3884 3461 3954 ἀπίστοις,
3489 3887 3617 3957 οὐχί
3656 3886 3760 3953 τοῖς

2212 3971 2634 4029 πιστεύουσιν.
2689 3973 2803 4028 Καὶ
2840 3975 3120 4030 ὲπιλύεται
3149 3977 3210 4031 τὸ
3257 3979 3528 4051 ἀπόρημα
3548 4020 3563 4045 ,
3593 3979 3759 4047 λέγων,

2211 4061 2288 4125 ὼς
2320 4062 2603 4136 Καθολικῷ
2630 4066 2730 4137 μὲν
2752 4066 2849 4121 καὶ
2877 4068 3041 4139 κοινῷ
3066 4069 3211 4141 λόγῳ
3228 4069 3297 4124 τὰ
3324 4075 3524 4141 σημεῖα
3551 4071 3633 4125 διὰ
3654 4072 3762 4132 τοὺς

2213 4154 2480 4219 ἀπίστους
2508 4160 2979 4230 τερατουργεῖται,
3004 4159 3159 4229 ἄγειν
3186 4162 3388 4226 αὐτοὺς
3414 4166 3492 4226 εἰς
3525 4164 3761 4233 σωτήριον

2215 4246 2392 4300 πειθὼ
2425 4248 2520 4301 τοῦ
2554 4249 3100 4324 θαυματουργοῦντος
3132 4255 3535 4325 προνοουμένου
3566 4271 3583 4286 ο
3636 4253 3761 4306 ὲκεί-

2214 4355 2327 4402 νοις
2359 4338 2543 4408 μέντοι
2586 4341 2761 4395 ταῦτα
2802 4343 3229 4414 προὸάλλεσθαι,
3270 4346 3319 4399 οῖ
3370 4347 3431 4399 τὸ
3490 4346 3764 4416 ἐπιτήδειον

534 4406 647 4461 Illis
677 4416 857 4460 tamen
889 4406 1019 4462 solis
1058 4408 1175 4463 haec
1205 4407 1414 4474 olfcrri,
1441 4409 1676 4477 quicum
1700 4410 2103 4478 obtemperandi

2218 4428 2320 4499 τῆς
2350 4406 2595 4502 ῦπακοῆς
2612 4406 3067 4505 ἀντιπαρέχονται
3086 4438 3182 4491 καὶ
3329 4440 3425 4492 ἀπ’
3449 4406 3765 4506 ducibuset-

534 4498 771 4554 studium
805 4514 899 4555 sua
929 4515 992 4554 ex
1029 4509 1183 4570 parte
1218 4500 1469 4567 alierant,
1506 4502 1669 4556 etiam
1703 4512 2013 4558 nascentem
2044 4518 2109 4558 ex

536 4590 622 4646 nis
651 4591 943 4646 utilitatem
974 4593 1026 4646 in
1057 4607 1119 4648 se
1152 4592 1462 4648 admittunt.
1509 4591 1644 4647 Nam
1670 4608 1809 4663 quos
1832 4609 1899 4649 ex
1932 4594 2113 4649 incre-

2220 4520 2371 4576 λειαν
2398 4523 2783 4589 είσοικίζονται
2810 4543 2825 4557 ·
2858 4528 3015 4591 ὅσους
3042 4529 3101 4582 δὲ
3120 4530 3231 4584 τῶν
3258 4531 3505 4585 ἀπίστων
3532 4530 3766 4591 ἑκουσίως

2221 4611 2359 4683 πρὸς
2392 4612 2462 4667 τὰ
2486 4614 2596 4668 τῶν
2617 4614 2795 4686 ἔργων
2825 4618 3083 4691 ὑπερφυῆ
3128 4621 3541 4691 τυφλώττοντας
3569 4620 3768 4674 ἐπιστά-

535 4683 677 4739 dulis
728 4697 920 4754 sponte
964 4699 1061 4739 sna
1121 4700 1292 4741 caecos
1348 4689 1414 4741 ad
1470 4686 1907 4757 supernaturalia
1948 4700 2103 4755 opera

2226 4704 2389 4775 μεθα,
2425 4683 2703 4778 τούτοιςνῆ
2731 4708 2840 4763 τῶν
2872 4683 3114 4781 σημείων
3157 4683 3401 4785 προϐολὴ
3456 4683 3767 4788 ἀπρονόητόν

507 4777 809 4853 ,ιιονίηιιιε,
851 4778 934 4831 his
968 4779 1121 4849 signa
1153 4780 1271 4834 sine
1302 4779 1406 4832 ulla
1451 4779 1701 4835 Nmninis
1746 4778 2109 4847 providentia,

505 4858 590 4923 let
642 4884 777 4923 vane
806 4870 986 4924 oblata
1032 4873 1303 4926 videntur.
1361 4871 1548 4941 Itaque
1578 4882 1634 4925 et
1687 4871 1980 4926 incredulis
2025 4871 2103 4925 illa

2223 4858 2607 4960 προϐάλλεται,

533 4959 729 5029 2031)
758 4962 1006 5030 proponi,
1040 4971 1094 5015 et
1120 4964 1306 5018 eadem
1340 4978 1530 5022 rursus
1567 4979 1672 5017 non
1710 4962 1933 5032 preponi
1964 4976 2118 5029 opor-

2219 4813 2280 4850 τε
2302 4798 2396 4851 κα1⁵
2428 4797 2681 4868 μάταιον.
2718 4802 2881 4855 ’Ὥστε
2906 4803 3003 4857 καὶ
3024 4807 3137 4870 τοῖς
3184 4806 3435 4871 ἀπίστοις
3463 4808 3531 4861 τὰ
3586 4807 3767 4877 σημεῖα

2648 4892 2744 4946 καὶ⁵
2775 4894 2913 4964 πρὸς
2938 4894 3001 4948 τὸ
3026 4896 3101 4967 μὴ
3122 4897 3231 4951 δεῖν
3260 4899 3447 4964 αὐτοῖς
3474 4899 3635 4953 ταῦτα
3655 4915 3769 4969 προ·

2225 4980 2443 5035 ϐάλλειν
2477 4983 2769 5055 σύμφωνόν
2798 5004 2858 5039 τε
2890 4988 2987 5041 καὶ
3042 4991 3383 5061 ἐναρμόνιον,
3437 4992 3498 5045 τὸ
3552 4991 3665 5061 μὲν,
3699 4991 3767 5043 ὅτι

536 5061 653 5106 tere
682 5093 696 5116 ,
723 5064 1144 5109 consentaneum
1201 5071 1607 5127 congruumque
1654 5058 1940 5136 [videtur].
1984 5065 2103 5121 111υέ

2225 5071 2292 5125 δι’
2320 5072 2499 5130 αὐτῶν
2526 5075 2628 5147 τὴν
2664 5078 2939 5151 σωτηρίαν
2989 5058 3353 5153 κερδαίνουσι,
3415 5085 3477 5138 τὸ
3522 5058 3595 5153 δὲ,
3656 5083 3769 5137 διότι

607 5189 685 5282 vi:
709 5187 970 5282 loTllll.ll’,
996 5191 1127 5282 15.“
1162 5193 1375 5282 σε·ῐξοῐιιἰ
1410 5211 1492 5282 ιιι,
1518 5196 1584 5251 10
1612 5199 2012 5282 ερηιι.ηάίι›ἱ‹1.
2045 5204 2103 5282 ἓξ

2206 5207 2326 5282 {sub
2348 5224 2469 5282 3m,
2502 5212 2638 5267 iOet
2667 5213 2812 5269 Psal.
2852 5217 3027 5280 “1,4.
3109 5228 3133 5257 θ
3159 5217 3289 5273 an.
3316 5219 3534 5282 nx,10.
3612 5216 3631 5255 ί
3654 5215 3766 5269 Luc.

536 5259 784 5343 §rv,.4,§.
864 5264 891 5302 8
918 5262 1073 5343 Iliun.
1097 5276 1166 5343 v,_
1343 5265 1385 5343 _h
1415 5259 1740 5343 ιὶοιιιηνιιῐξ
1762 5270 1827 5324 1⁷8
1852 5286 1987 5343 seqq

536 5340 575 5367 ω
609 5330 798 5385 Matth.
830 5348 948 5395 xm,
980 5332 1068 5387 58.
1142 5339 1172 5371 ¹³
1204 5334 1395 5389 Matth.
1428 5339 1669 5403 “11,19.

1916 5289 2006 5343 qq.
2091 5276 2103 5315 ί

2206 5277 2278 5335 id.
2306 5280 2396 5336 t9.
2471 5282 2724 5355 lEphes.
2751 5285 2868 5351 1,4.
2941 5276 3327 5353 'knom.u,7.
3390 5276 3569 5342 ι’Ίίιιι.
3597 5304 3665 5352 ιν,
3693 5284 3767 5338 ιο.

1747 5348 1770 5376 ο
1800 5342 1821 5397 l
1854 5342 2097 5409 Cor’xlv,
2132 5344 2225 5402 Ἡ.

1821 5477 2053 5535 VARUE
2096 5480 2500 5540 LECTIONES.

538 5630 586 5708 9"
618 5630 956 5708 τοῖς-130⁸111,
981 5648 1097 5687 vni.
1118 5633 1266 5708 Δ¹1
1289 5634 1346 5708 -θξ
1375 5630 1832 5708 ὲξελέξλἘῇὶιθε.
1863 5658 1902 5706 1,
1933 5630 2015 5696 4.’
2054 5643 2100 5675 ’⁷

541 5700 586 5751 Δ
616 5715 631 5753 :
663 5699 947 5772 φιλότιμος
973 5720 1033 5767 ς.
1113 5705 1129 5736 ³
1158 5702 1267 5776 διὰ]
1288 5699 1480 5762 Matth.
1513 5699 1644 5778 κίνῖι,
1677 5699 1763 5765 19.
1839 5714 1859 5744 ²
1887 5699 1979 5782 τὰ]
2010 5711 2127 5771 lCo

614 5559 657 5591 ⁹¹
692 5560 735 5613 Χ
783 5560 953 5633 ιστὸς]
988 5559 1135 5615 Tim.
1159 5578 1198 5623 1.
1236 5562 1322 5617 15.
1402 5565 1449 5597 ⁸³
1478 5583 1586 5633 προ
1626 5567 1701 5641 τ.]
1745 5567 1906 5629 Rom.
1934 5587 2018 5639 III,
2052 5573 2142 5627 10.
2218 5574 2265 5608 ’⁸
2299 5574 2528 5649 πάντες]
2554 5576 2713 5633 Rom.
2756 5593 2841 5642 ut,
2871 5576 2964 5634 23.
3036 5578 3085 5610 ”
3117 5579 3147 5631 ὁ
3172 5577 3397 5650 Κύριος]
3415 5576 3543 5632 Luc.
3572 5568 3765 5637 xmio.

618 5576 774 5702 τοῖςὶὶ
799 5630 956 5697 Rom,
981 5648 1097 5687 vni.
1136 5633 1221 5687 l8.
1300 5634 1346 5665 °°
1375 5584 1832 5702 ἐξελέξ-ῩΕνὶιεε.
1863 5658 1902 5702 ι,
1933 5642 1988 5696 4.
2054 5643 2100 5675 ’⁷
2137 5646 2171 5702 ὴ
2199 5644 2341 5702 Exin]
2376 5647 2534 5702 Rom.
2568 5648 2717 5702 11.7.
2776 5648 2824 5685 "
2853 5646 2933 5702 δε]
2964 5646 3151 5702 lTim.
3179 5663 3250 5702 Iv.
3282 5649 3367 5702 l0.
3442 5649 3487 5681 θ’
3514 5644 3765 5702 φιλόπονος

2132 5646 2171 5768 ρ
2199 5644 2534 5772 ἓξᾱῖξοω.
2568 5648 2717 5716 ιι,7.
2776 5648 2824 5685 ⁸⁸
2853 5646 2937 5737 ὅς’]
2964 5646 2987 5704 l
3010 5646 3151 5705 Tim.
3179 5644 3397 5706 tv.'l0.'
3442 5649 3487 5681 "
3514 5644 3767 5718 φιλόπονος

2165 5756 2179 5769 ο
2208 5755 2317 5787 λιν,
2344 5755 2432 5774 --ο
