4032 6454
362 265 476 330 818

1420 265 1945 328 BIBLIOTHECA.
1987 290 2035 306 -
2083 268 2249 331 COD.
2291 274 2571 337 CCXXII.

3516 280 3621 344 816

358 386 501 457 πρὸς
536 382 698 455 βάθος
721 382 1044 449 καταδύντες
1066 385 1087 416 ³
1111 384 1406 453 ἀπωλείας,
1437 388 1496 453 ἐξ
1528 379 1602 441 ὧν
1628 387 1776 441 ἄλλοι
1795 387 1938 458 μέγα

2049 391 2283 458 quidem,
2321 394 2447 463 quia
2499 395 2728 450 salutem
2762 412 2858 466 per
2886 396 3000 452 haec
3044 408 3482 468 consequuntur;
3519 402 3621 457 boe

358 477 557 549 κέρδος
584 476 953 545 συλλέγουσιν,
999 477 1154 531 αύτοί
1199 479 1632 550 κακουργοῦντες
1665 479 1802 548 πρὸς
1862 478 1935 533 τὰ

354 571 534 640 χείρω
560 569 983 640 κατασύρονται.
1025 568 1185 623 Ἀλλά
1208 569 1382 624 ταῦτα
1426 570 1526 641 μὲν
1570 571 1663 623 καὶ
1707 572 1767 624 έν
1798 569 1936 640 τῷδε

352 662 438 731 τῷ
470 660 775 729 κεφαλαίῳ.

442 753 534 805 Ἐν
564 752 622 805 δὲ
648 754 762 815 τοῖς
800 752 929 822 ὲξῆς
980 752 1177 824 ἐρεύνῃ
1207 752 1559 824 φιλοθεάμονι
1613 754 1934 825 ἐμϐατεύων

352 844 671 910 αἰτιολογεῖ,
698 845 800 895 Διά
844 843 901 896 τί
952 843 1035 911 μὴ
1065 844 1218 911 ὑπὲρ
1271 843 1544 915 ἀγγέλων
1598 846 1935 912 πεσόντων,

352 931 563 999 ὥσπερ
601 932 755 999 ὑπὲρ
782 932 1108 998 ἀνθρώπων
1146 931 1395 1003 γέγονεν
1420 934 1753 1001 ἅνθρωπος,
1783 935 1938 987 οὕτω

353 1023 763 1093 καὶᾶγγελος.
807 1024 918 1076 Καὶ
947 1022 1170 1094 πρώτην
1202 1024 1299 1095 μὲν
1348 1024 1673 1078 ἀποδίδωσιν
1733 1025 1935 1087 αἰτίαν,

358 1118 556 1186 ὅτιπερ
618 1114 807 1185 ἐπειδὴ
841 1116 905 1167 ὲκ
934 1115 1114 1184 πάσης
1147 1116 1247 1186 τῆς
1274 1115 1499 1186 λογικῆς
1531 1115 1744 1184 φύσεως
1780 1118 1939 1185 μόνος

365 1211 399 1261 δ
437 1207 715 1275 ἄνθρωπος
745 1209 911 1277 σαρκὶ
935 1207 1030 1259 καὶ
1060 1205 1160 1278 ὕλῃ
1184 1207 1461 1278 συνεδέθη,
1495 1207 1690 1279 ἑτοίμη
1714 1208 1771 1261 δὲ
1802 1208 1939 1279 πρὸς

368 1299 575 1352 δλισθον
610 1299 644 1366 ἡ
674 1296 795 1368 ὕλη,
821 1298 902 1351 ἔτι
931 1297 1027 1351 est
1052 1299 1173 1352 δυσὶ
1212 1298 1408 1368 φύσεσι
1443 1300 1785 1369 μαχομέναις
1813 1317 1938 1351 συν-

368 1390 537 1452 τεθεὶς
564 1390 593 1443 ὁ
620 1388 930 1460 ἅνθρωπος,
960 1390 1228 1461 ἑκατέρας
1260 1389 1397 1460 πρὸς
1432 1389 1492 1442 τὸ
1533 1392 1734 1442 οἰκεῖον
1784 1391 1939 1442 ἐπει-

362 1482 603 1549 γομένης
630 1481 964 1535 διασπᾶσθαι
1025 1480 1172 1550 φιλεῖ
1200 1480 1262 1532 τὸ
1327 1479 1463 1543 ζῶον
1500 1482 1595 1534 καὶ
1628 1480 1936 1551 διαμερίζεο

362 1572 613 1640 σθαι(Τό
650 1572 801 1640 τὰρ¹⁵
841 1573 1119 1640 φρόνημα
1174 1569 1283 1638 τῆς
1316 1572 1566 1638 σαρκός,
1628 1570 1704 1633 ὡς
1768 1572 1862 1623 καὶ
1909 1571 1937 1622 6

357 1656 651 1720 θεσπέσιος
717 1658 927 1720 Παῦλος
986 1658 1444 1729 ὲπιμαρτύρεται,
1497 1657 1577 1723 τῷ
1626 1660 1785 1728 νόμῳ
1830 1658 1936 1712 τοῦ

2042 495 2196 545 vero,
2227 483 2354 550 quia
2408 484 2461 536 in
2526 485 2849 553 profundum
2900 487 3149 540 interitus
3182 489 3438 553 demersi,
3478 493 3622 547 unde

2045 572 2137 626 alii
2190 588 2443 642 magnum
2492 575 2702 630 lucrum
2752 577 3050 648 colligunt,
3106 579 3206 648 ipsi
3262 580 3492 633 maleﬁci
3555 583 3621 635 ad

2044 663 2311 717 deteriora
2347 666 2705 735 abripiuntur.
2743 668 2922 737 Atque
2948 669 3044 722 ista
3070 670 3171 724 hoc
3202 669 3379 737 capite
3408 669 3620 726 Jobius.

2116 754 2478 826 Sequentibus
2508 774 2656 825 vero,
2690 761 2779 831 (40
2806 772 2859 815 et
2892 763 3006 828 41),
3040 764 3313 818 curiosam
3345 765 3623 834 ingressus

2045 848 2495 918 speculationem,
2522 866 2717 906 causas
2752 853 2929 907 reddit
2958 871 2973 907 :
3008 853 3187 919 Quare
3230 871 3331 908 non
3378 870 3472 923 pro
3516 872 3621 908 au-

2045 940 2175 1010 getis
2204 928 2376 1007 'lapsis
2409 942 2475 995 sit
2515 941 2688 1011 [actus
2720 944 2937 1012 angelus
2982 943 3099 1015 [Dei
3148 944 3338 1016 Filius]
3371 947 3624 1015 quemad—

2043 1030 2257 1085 modum
2303 1047 2397 1099 pro
2442 1033 2740 1086 homintbus
2790 1035 2944 1088 homo
2995 1036 3168 1104 [actus
3218 1045 3317 1090 est.
3381 1037 3620 1091 Primam

2045 1136 2175 1192 ergo
2216 1122 2376 1177 istam
2425 1138 2643 1178 causam
2675 1124 2854 1180 all'ert.
2889 1126 3336 1199 Quandoquidem
3379 1144 3443 1183 ex
3472 1128 3622 1184 omni

2046 1216 2303 1271 rationali
2332 1227 2545 1281 natura,
2572 1216 2721 1271 solus
2750 1219 2911 1272 homo
2936 1232 3106 1273 carne
3136 1229 3191 1273 et
3219 1220 3446 1273 materia
3468 1234 3621 1273 com-

2045 1314 2236 1373 pactns
2269 1314 2351 1360 est
2374 1305 2622 1375 (materia
2656 1320 2786 1359 vero
2816 1306 2881 1358 ad
2911 1321 3098 1361 casum
3132 1306 3324 1377 prona)
3352 1319 3515 1377 atque
3553 1321 3622 1362 ex

2047 1397 2260 1450 duabus
2303 1396 2524 1465 insuper
2560 1397 2921 1466 pugnantibus
2982 1398 3193 1452 naturis
3239 1398 3572 1465 compositus
3601 1436 3621 1465 ,

2047 1487 2172 1541 dum
2222 1499 2456 1557 utraque
2499 1488 2565 1543 ad
2610 1504 2764 1543 suam
2808 1504 2933 1543 eum
2968 1491 3337 1545 conditionem
3367 1490 3619 1559 impellit,

2047 1579 2226 1633 divelli
2248 1578 2411 1634 debet
2429 1579 2649 1647 animal,
2670 1595 2733 1635 ac
2752 1581 2914 1635 dividi
2941 1580 3239 1652 (Sapientia
3262 1584 3398 1636 enim
3423 1583 3621 1648 carnis,

2046 1679 2104 1724 ut
2126 1671 2341 1725 divinus
2358 1673 2434 1723 ait
2450 1670 2666 1738 Paulus,
2686 1672 2786 1741 legi
2808 1671 2903 1725 Dei
2924 1688 3024 1725 non
3050 1682 3127 1727 est
3151 1671 3385 1740 subjecta
3405 1671 3478 1741 P),
3496 1686 3625 1743 pro-

357 1746 516 1801 Θεοῦ
541 1748 652 1816 οὐχ
674 1748 1128 1814 ὑποτάσσεται),
1163 1746 1254 1801 διὰ
1283 1748 1459 1801 ταῦτα
1509 1748 1583 1810 ὡς
1631 1749 1790 1819 μόνος
1831 1747 1939 1801 τῶν

2049 1771 2237 1832 pterca
2272 1762 2421 1816 solus
2451 1762 2611 1816 homo
2636 1762 2776 1816 inter
2808 1764 3015 1817 ratione
3046 1762 3624 1831 prmdita,.istinsmodi

354 1835 598 1905 λογικῶν
612 1841 639 1892 6
661 1838 757 1892 ἄνθ
766 1855 945 1909 ρωπος
963 1838 1243 1902 τοιαύταις
1265 1841 1606 1908 σωματικαῖς
1621 1838 1893 1903 συνδεθεὶς
1915 1841 1937 1872 ⁸

355 1929 575 1994 πέδαις,
608 1924 724 1982 εἶτα
750 1930 846 1982 καὶ
874 1929 971 1999 τὴν
997 1932 1286 1999 μετάνοιαν
1318 1928 1532 1982 οἴκοθεν
1572 1928 1666 1981 τοῦ
1711 1929 1936 2001 ὀλισθή-

360 2038 537 2091 ματος
565 2021 1023 2093 προ6αλλόμενος,
1055 2020 1283 2084 εἰκότως
1314 2021 1410 2075 καὶ
1448 2020 1709 2091 προνοίας
1750 2020 1832 2084 εἰς
1877 2020 1940 2074 τὸ

356 2113 663 2183 ἀναστῆναι
693 2113 938 2176 πλείονός
972 2130 1031 2166 τε
1061 2116 1155 2166 καὶ
1197 2112 1445 2184 μείζονος
1472 2112 1666 2175 δεῖται,
1712 2114 1811 2167 καὶ
1840 2112 1942 2182 τῆς

359 2206 521 2269 θείας
540 2205 926 2276 δαψιλέστερον
950 2205 1210 2259 ἀπολαύει
1252 2205 1529 2276 βοηθείας.
1584 2205 1695 2257 Καὶ
1745 2204 1773 2258 ὃ
1818 2205 1940 2259 κατ’

359 2300 544 2371 ἀρχὰς
572 2297 793 2352 ἔλαττον
814 2298 922 2351 τῶν
941 2297 1113 2353 ἄλλων
1135 2296 1370 2365 λογικῶν
1393 2297 1694 2366 ἀπέφαινεν
1720 2296 1740 2327 ⁷
1769 2296 1938 2366 ἡμᾶς,

356 2392 524 2445 τοῦτο
549 2391 792 2460 μεγάλης
840 2392 971 2460 ἡμῖν
1004 2391 1279 2460 σωτηρίας
1339 2389 1593 2461 ἀφορμὴν
1639 2389 1668 2440 6
1733 2389 1942 2451 δίκαιος

357 2484 606 2548 ἀνέδειξε
637 2483 866 2554 Κριτής,
897 2481 1138 2555 155511.]
1172 2483 1231 2546 ὃς
1258 2482 1354 2535 καὶ
1387 2482 1646 2551 συνέδησε
1669 2481 1691 2513 ⁸
1733 2482 1834 2550 μὲν
1860 2481 1941 2550 τῷ

362 2576 582 2645 σαρκίῳ
610 2575 855 2639 κολάζων
880 2577 980 2643 τὴν
1030 2574 1287 2643 ἔπαρσιν,
1344 2574 1414 2627 δι’
1445 2568 1514 2645 ἧς
1550 2572 1647 2626 καὶ
1692 2571 1942 2641 ἀγγέλων

357 2667 499 2736 τέλη
521 2668 1016 2738 ἑκτραχηλισθέντα
1034 2667 1054 2698 ⁸
1086 2665 1302 2719 ἀνίατον
1320 2665 1445 2736 ἔσχε
1474 2666 1538 2719 τὸ
1563 2667 1938 2735 παράπτωμα,

362 2756 490 2812 εἶτα
511 2758 567 2811 δὲ
606 2759 700 2812 καὶ
727 2758 982 2830 ἀφορμὴν
1017 2762 1120 2830 τῆς
1166 2758 1309 2829 ὑπὲρ
1338 2757 1464 2810 νοῦν
1494 2757 1812 2827 εὐεργεσίας
1851 2754 1943 2808 τὸν

363 2847 698 2918 νομισθέντα
724 2848 925 2917 δεσμδν
958 2850 1057 2917 τῆς
1080 2848 1210 2918 ὕλης
1240 2846 1490 2901 ὑπέθετο.
1527 2847 1592 2899 Τί
1620 2846 1728 2916 γὰρ
1761 2847 1828 2899 ἃν
1855 2844 1941 2914 εἴη

370 2941 564 3011 μεῖζον
597 2941 694 2994 καί⁸
722 2940 1056 3012 ὑψηλότερον
1091 2943 1172 3004 εἰς
1194 2939 1540 3011 εὐεργεσίαν,
1577 2938 1705 3011 [648
1737 2938 1832 3011 R.]
1884 2942 1944 2993 ὲν

364 3035 523 3105 δεξιᾷ
544 3033 638 3086 τοῦ
675 3034 886 3105 Πατρῦς
920 3035 1051 3105 ὁρᾷν
1084 3033 1144 3086 τὸ
1175 3032 1441 3102 ἡμέτερον
1502 3031 1788 3102 ἱδρυμένον
1829 3031 1937 3101 φύ-

373 3140 531 3194 ραμα
557 3120 652 3175 καὶ
675 3123 776 3193 τήν
808 3139 941 3175 ποτε
971 3120 1241 3191 στασιώδη
1274 3120 1438 3191 φύσιν
1470 3121 1713 3191 ὑπήκοόν
1752 3138 1813 3173 τε
1853 3120 1949 3174 καὶ

368 3213 661 3284 είρηναίαν
693 3212 887 3284 καὶτῷ
918 3213 1095 3282 Πατρί
1115 3210 1227 3265 τῶν
1253 3213 1390 3265 ὅλων
1451 3210 1885 3281 διηλλαγμένην;
1920 3210 1949 3263 δ

366 3307 465 3360 διὰ
495 3306 593 3377 τῆς
620 3306 874 3376 άπαρχῆς
904 3306 933 3358 6
958 3304 1162 3375 ταύτην
1186 3303 1513 3375 προσλαϐὼν
1547 3304 1718 3372 Λόγος
1751 3306 1949 3373 ἀπειρο

370 3396 604 3465 γάσατο.
632 3395 849 3465 Ταύτην
878 3412 969 3466 μοι
1002 3395 1150 3448 δοκεῖ
1177 3393 1277 3465 τὴν
1298 3395 1519 3466 εἰρήνην
1540 3393 1619 3465 τῷ
1639 3393 1830 3464 κόσμῳ
1857 3393 1953 3447 καὶ

365 3487 464 3541 διὰ
486 3488 596 3540 τῶν
658 3486 939 3558 μαθητῶν,
977 3486 1055 3551 ὡς
1086 3488 1144 3540 ὲν
1191 3485 1515 3558 ἀρῤαϐὦνος
1559 3485 1725 3556 λόγῳ,
1781 3501 1951 3539 κατα-

366 3576 657 3650 λιμπάνων
674 3579 875 3646 λέγειν’
899 3576 1164 3647 Εἰρήνην
1190 3578 1235 3610 ¹⁰
1257 3576 1533 3647 τὴνέμὴν
1552 3577 1757 3647 δίδωμι
1785 3577 1949 3647 ὑμῖν,

370 3671 476 3726 καὶ
502 3671 718 3740 ἀφίημι
738 3669 901 3739 ὑμῖν.
924 3671 1055 3736 Καὶ,
1080 3671 1161 3723 Οὐ
1185 3669 1380 3736 καθὼς
1404 3672 1437 3723 ό
1457 3670 1683 3739 κόσμος
1705 3669 1953 3723 δίδωσιν

370 3761 644 3829 εἰρήνην.
673 3757 768 3824 Οἷς
816 3762 1060 3833 συνᾴδων
1112 3762 1209 3815 καὶ
1241 3763 1269 3814 6
1305 3762 1527 3832 γνήσιος
1578 3761 1852 3832 μαθητὴς,
1892 3761 1955 3815 Ἠ

371 3851 585 3919 εἰρήνη
616 3852 680 3915 ¹¹,
711 3852 870 3922 φησὶ,
900 3851 1008 3906 τοῦ
1030 3852 1202 3917 Θεοῦ,
1234 3852 1273 3919 ἢ
1318 3852 1702 3921 ὑπερέχουσα
1752 3852 1953 3907 πάντα

371 3942 550 4007 νοῦν,
610 3942 937 4013 φρουρήσει
979 3944 1086 4009 τὰς
1110 3943 1359 4012 καρδίας
1412 3944 1584 4012 ὑμῶν
1618 3959 1632 3973 ·
1684 3943 1803 4009 καὶ,
1860 3946 1952 3997 Δι-

374 4034 727 4100 καιωθέντες
762 4038 803 4066 ³³
856 4035 925 4087 ἐκ
969 4035 1229 4101 πίστεως
1297 4034 1550 4103 εἰρήνην
1599 4036 1819 4107 ἔχομεν
1879 4035 1953 4091 τὰ

374 4124 532 4191 πρὸς
577 4125 684 4178 τὸν
725 4126 876 4179 Θεὸν
942 4125 1040 4179 διὰ
1078 4127 1185 4180 τοῦ
1236 4126 1457 4194 Κυρίου
1516 4125 1687 4198 ήμῶν
1746 4129 1952 4194 Ἰησοῦ

369 4214 660 4281 Χριστοῦ,
701 4213 777 4268 δι’
799 4211 871 4270 οὗ
896 4216 994 4269 καὶ
1016 4216 1134 4283 τὴν
1156 4217 1558 4288 προσαγωγὴν
1580 4219 1951 4291 ἐσχήκαμεν.

376 4307 458 4360 Οὐ
484 4306 590 4375 γὰρ
618 4307 684 4377 δὴ
707 4306 808 4379 τὴν
832 4308 899 4361 ἐκ
926 4308 1033 4362 τῶν
1070 4309 1324 4380 πολέμων
1355 4311 1580 4382 εἰρήνην
1623 4311 1777 4383 ἢτὴν
1817 4314 1954 4381 πρὸς

2041 1853 2417 1924 corporalibus
2450 1854 2682 1908 vinculis
2716 1854 2966 1919 innexus,
2994 1855 3298 1924 deindeque
3317 1855 3505 1924 lapsus
3532 1854 3617 1909 sui

2043 1944 2476 2012 resipiscentiam
2523 1958 2553 1997 a
2594 1944 2774 2013 seipso
2813 1942 3071 2010 offerens,
3105 1948 3300 1999 merito
3342 1956 3395 1997 et
3429 1943 3623 2013 provi-

2043 2035 2229 2090 dentia
2271 2034 2337 2088 ad
2366 2032 2698 2103 surgendum
2741 2034 3007 2104 ampliore
3047 2045 3211 2103 atque
3243 2033 3447 2102 majore
3477 2035 3627 2090 indi-

2047 2135 2157 2197 get,
2204 2136 2259 2179 et
2283 2125 2467 2179 divino
2490 2124 2762 2194 copiosius
2790 2124 2987 2178 fruitur
3025 2125 3251 2178 auxilio.
3279 2123 3354 2178 Ita
3377 2125 3524 2193 quod
3553 2125 3623 2179 ab

2045 2213 2202 2269 initio
2245 2212 2383 2267 infra
2419 2212 2657 2282 reliquas
2684 2211 2894 2264 ratione
2928 2212 3182 2281 prteditns
3214 2221 3499 2265 creaturas
3522 2225 3625 2266 nos

2043 2319 2165 2360 esse
2196 2304 2453 2368 ostendit,
2487 2305 2591 2358 hoc
2638 2319 2845 2372 magnae
2887 2304 3044 2357 nobis
3075 2303 3269 2357 salutis
3291 2319 3509 2358 causam
3538 2315 3624 2356 at-

2044 2394 2235 2450 tulisse
2278 2395 2458 2465 justus
2487 2393 2664 2449 Judex
2707 2393 3027 2459 declaravit,
3076 2395 3167 2463 qui
3213 2410 3313 2449 nos
3355 2395 3628 2466 colligavit

2044 2487 2260 2556 quidem
2288 2487 2437 2540 carni
2467 2487 2533 2541 ad
2562 2486 2920 2541 coercendam
2972 2486 3306 2554 superbiam,
3333 2501 3431 2555 per
3459 2501 3625 2556 quam

2043 2578 2146 2649 ipsi
2200 2578 2513 2648 angelorum
2553 2578 2773 2632 ordines
2808 2577 3149 2648 irreparabili
3194 2578 3348 2648 lapsu
3378 2578 3431 2633 in
3464 2594 3626 2647 pra:-

2045 2685 2173 2740 ceps
2203 2670 2308 2724 acti
2339 2679 2505 2735 sunt;
2552 2672 2645 2723 sed
2685 2678 2951 2724 statutum
2999 2669 3129 2722 illud
3168 2669 3414 2723 materia:
3437 2669 3627 2723 vincu-

2046 2757 2153 2812 lum
2210 2759 2263 2811 in
2312 2758 2537 2813 inﬁnitae
2585 2767 2771 2827 postea
2862 2758 3231 2813 beneﬁcentia:
3278 2758 3625 2814 occasionem

2045 2850 2226 2904 vertit.
2247 2849 2505 2917 Qua-nam
2529 2851 2671 2905 enim
2698 2858 2791 2904 aut
2821 2851 3014 2919 major,
3038 2861 3135 2905 aut
3154 2852 3501 2919 praestantior
3524 2854 3623 2905 be-

2044 2940 2335 2994 neﬁcentia
2376 2955 2501 2995 esse
2533 2941 2724 3008 possit,
2751 2955 2913 3008 quam
2953 2940 3019 2992 ad
3058 2940 3337 2993 dexteram
3383 2938 3477 2993 Dei
3517 2937 3627 2992 Pa-

2051 3034 2148 3087 tris
2185 3033 2368 3087 videre
2409 3032 2691 3087 sedentem
2738 3042 2977 3086 nostram
3022 3031 3425 3086 conditionem:
3456 3040 3509 3085 et
3539 3045 3629 3085 re-

2050 3124 2344 3181 bellantem
2404 3125 2676 3193 quondam
2724 3134 2974 3177 naturam
3024 3123 3367 3178 obedientem
3406 3122 3519 3192 jam
3561 3137 3628 3177 ac

2050 3218 2355 3287 paciﬁcam,
2379 3228 2432 3271 et
2455 3217 2830 3270 universorum
2860 3214 3068 3283 parenti
3106 3214 3445 3268 conciliatam
3489 3229 3628 3268 con-

2054 3311 2235 3366 tueri?
2268 3310 2418 3376 Ουοά
2458 3316 2578 3378 post
2626 3309 2764 3361 hanc
2808 3315 3165 3375 assmnptam,
3208 3320 3304 3375 per
3330 3320 3483 3359 suam
3514 3305 3628 3374 pri-

2055 3399 2327 3454 mitiarum
2355 3399 2710 3460 oblationem,
2746 3394 2982 3451 Verbum
3018 3395 3241 3464 perfeci.
3276 3396 3453 3465 Atque
3482 3395 3626 3449 hanc

2054 3491 2185 3543 mihi
2209 3504 2393 3558 pacem
2421 3488 2623 3542 mundo
2642 3500 2739 3556 per
2778 3483 3050 3553 apostolos
3072 3483 3214 3537 velut
3238 3482 3478 3552 pignoris
3508 3483 3627 3535 loco

2055 3581 2432 3650 relinquendo,
2471 3580 2651 3632 dicere
2692 3577 2947 3629 videtur:
2992 3572 3185 3628 Parem
3236 3575 3492 3627 meamdo
3532 3590 3628 3628 vo-

2055 3675 2133 3728 bis
2157 3686 2207 3729 ει.
2239 3672 2305 3729 Ει
2334 3688 2347 3724 :
2385 3671 2509 3725 Non
2533 3668 2790 3741 quomodo
2842 3668 3069 3720 mundus
3115 3668 3208 3718 dat
3247 3682 3425 3733 pacem
3456 3676 3501 3718 ι’.
3524 3664 3631 3722 Cui

2053 3768 2214 3821 etiam
2246 3763 2485 3819 concinuit
2522 3774 2812 3828 germanus
2850 3758 2968 3825 ejus
3004 3757 3302 3825 discipulus
3332 3774 3345 3809 :
3375 3755 3514 3823 Pax,
3543 3757 3630 3812 in-

2054 3859 2193 3927 quit,
2244 3856 2364 3919 Dei,
2413 3869 2530 3922 quae
2562 3861 2837 3913 exsuperat
2871 3865 3075 3904 omnem
3103 3864 3334 3911 sensum,
3361 3851 3628 3905 custodiat

2053 3946 2216 4000 corda
2252 3952 2493 3997 vestra'.
2526 3941 2629 3995 Et:
2662 3936 2859 4008 20m;
2881 3936 3171 4004 Justiﬁcati
3218 3951 3283 3989 ea:
3320 3936 3424 4005 [ide
3445 3954 3627 4006 pacem

2053 4040 2305 4093 habemus
2361 4039 2430 4090 ad
2482 4034 2667 4097 Deum,
2700 4049 2792 4096 per
2840 4031 3123 4084 Dominum
3170 4041 3407 4083 nostrum
3442 4030 3629 4084 Iesum

2054 4128 2323 4183 Christum
2376 4142 2467 4195 per
2522 4140 2670 4194 quem
2720 4131 2770 4175 et
2807 4136 3073 4173 accessum
3123 4118 3464 4172 habuimus‘.
3509 4119 3626 4175 Non

2053 4222 2198 4275 enim
2232 4219 2475 4288 profecto
2512 4232 2542 4270 e
2582 4215 2721 4269 bello
2772 4227 2957 4283 pacem
3004 4220 3188 4265 natam
3216 4222 3454 4263 mutuam
3482 4209 3626 4263 illam

2056 4312 2197 4365 inter
2228 4324 2327 4363 nos
2377 4308 2465 4361 hic
2511 4306 2810 4373 intelligere
2851 4309 3064 4370 oportet
3105 4300 3240 4354 :sed
3280 4315 3441 4369 quam
3470 4302 3632 4353 habet

370 4396 643 4467 ἀλλήλους
664 4396 898 4450 ἐνταῦθα
926 4401 1068 4451 νοεῖν
1103 4399 1203 4465 δεῖ,
1236 4399 1371 4454 ἀλλὰ
1396 4400 1643 4472 δηλονότι
1674 4402 1773 4474 τὴν
1821 4404 1943 4456 ἐκά-

2057 4402 2425 4471 unusquisque
2448 4415 2657 4461 secum,
2679 4414 2743 4450 ac
2775 4411 2872 4464 per
2900 4394 3144 4447 eamdem
3174 4393 3337 4445 etiam
3361 4407 3483 4445 cum
3510 4393 3631 4460 ejus

371 4505 506 4542 στου
538 4489 676 4561 πρὸς
706 4489 919 4555 ἑαυτὸν,
950 4491 1046 4543 καὶ
1075 4490 1161 4544 διὰ
1193 4491 1398 4562 ταύτης
1426 4493 1562 4563 πρὸς
1612 4494 1702 4547 τὸν
1744 4495 1946 4567 δοτῆρα

366 4582 579 4653 ταύτης
623 4584 718 4637 καὶ
754 4584 854 4653 τῆς
901 4585 1265 4638 ἀστασιάστου
1316 4588 1591 4657 σωτηρίας
1619 4588 1777 4659 ήμῶν
1814 4606 1948 4659 χορ-

363 4676 530 4744 ηγὸν,
553 4675 676 4746 ἥτις
696 4676 792 4730 καὶ
823 4680 1054 4746 φρουρεί
1077 4676 1175 4739 τὰς
1196 4678 1424 4749 καρδίας
1451 4680 1611 4749 ἡμῶν
1650 4680 1743 4733 καὶ
1776 4680 1947 4752 ὑπερ-

368 4768 494 4839 έχει
522 4768 704 4823 πάντα
732 4767 879 4833 νοῦν,
928 4769 1025 4821 καὶ
1058 4770 1125 4839 ἥν
1152 4772 1181 4823 6
1206 4771 1407 4841 κόσμος
1454 4772 1655 4825 διδόναι
1684 4773 1746 4824 οὐ
1784 4773 1949 4826 δύναο

364 4877 480 4913 ται.
507 4860 597 4913 Διδ
625 4860 745 4912 οὐδὲ
771 4861 1003 4929 μάχεται
1026 4859 1109 4923 τὸ,
1139 4863 1259 4914 Οὐκ
1283 4863 1327 4893 ¹³
1382 4858 1575 4931 ἦλθον
1598 4864 1821 4927 βαλεῖν
1868 4866 1943 4918 εἰσ

355 4950 566 5019 ρήνην
595 4949 758 5004 ἀλλὰ
775 4949 1103 5017 μάχαιραν.
1134 4951 1247 5021 Τὴν
1277 4951 1386 5023 γὰρ
1427 4955 1720 5022 κοσμικὴν,
1750 4955 1940 5024 φησὶν,

363 5043 597 5113 εἰρήνην
620 5044 720 5095 οὐκ
743 5037 908 5113 ἦλθον
941 5042 1125 5112 βαλεῖν
1164 5043 1349 5107 πάλιν,
1379 5046 1642 5099 Ἔσεσθε
1670 5045 1714 5077 ⁸⁸
1734 5047 1950 5114 μισού-

358 5152 540 5206 μενοι
564 5136 686 5191 ύπύ
725 5135 989 5202 πάντων,
1019 5136 1114 5189 καὶ
1148 5136 1320 5189 πολλὰ
1344 5137 1601 5190 τοιαῦταο
1638 5140 1670 5208 ὴ
1722 5140 1832 5209 γὰρ
1870 5142 1950 5205 εἰς

480 5284 508 5324 ι)
542 5272 702 5328 Rom.
734 5287 855 5333 vm,
891 5271 944 5326 7.

364 5354 394 5383 ν
428 5345 600 5399 Marc.
634 5358 753 5409 xm,
794 5342 881 5397 l5.

1049 5284 1075 5325 ει
1108 5274 1264 5331 Joan.
1318 5289 1427 5336 xw,
1460 5273 1550 5327 27.

1668 5284 1690 5312 ι’
1718 5277 1848 5330 ibid.
1880 5276 1973 5333 9-8.

2055 4492 2334 4560 largitore,
2386 4499 2440 4543 et
2484 4483 2952 4554 imperturbabilis
2997 4480 3189 4535 salutis
3227 4480 3633 4549 suppeditatore

2055 4601 2177 4655 qua:
2204 4595 2260 4638 et
2281 4582 2443 4637 corda
2475 4590 2655 4633 nostra
2684 4577 2941 4639 custodit,
2962 4585 3012 4628 et
3031 4588 3246 4627 omnem
3281 4573 3492 4626 excedit
3512 4588 3633 4626 sen-

2056 4692 2196 4740 sum,
2227 4686 2278 4729 et
2311 4688 2473 4742 quam
2500 4670 2733 4724 mundus
2764 4673 2893 4721 dare
2930 4682 3033 4719 non
3064 4674 3262 4733 potest.
3300 4664 3479 4730 Quare
3505 4680 3628 4718 cum

2057 4769 2143 4822 his
2168 4782 2271 4820 non
2299 4772 2497 4834 pugnat
2528 4760 2658 4813 illud
2690 4776 2703 4812 :
2741 4756 2865 4810 Non
2905 4757 3019 4811 veni
3068 4757 3279 4809 mittere
3306 4772 3510 4823 pacem,
3541 4757 3634 4810 sed

2056 4859 2291 4931 gladium
2310 4867 2356 4909 ε.
2405 4852 2586 4907 Mundi
2629 4850 2773 4903 enim
2819 4864 3028 4918 pacem,
3076 4847 3273 4915 inquit,
3339 4862 3445 4900 non
3509 4862 3630 4900 vent

2058 4955 2291 5007 mittere.
2320 4948 2553 5001 Rursum
2588 4963 2600 4998 :
2634 4941 2802 4996 Erilis
2827 4942 2948 4995 odio
2972 4940 3210 4994 omnibus
3227 4949 3277 5003 ν,
3300 4950 3357 4995 et
3385 4940 3435 4993 id
3457 4955 3631 5009 genus

2057 5043 2315 5114 plurima.
2338 5040 2553 5095 Piorum
2580 5038 2724 5091 enim
2747 5050 2869 5089 cum
2897 5034 3009 5087 Deo
3042 5033 3295 5099 aﬂinitas,
3324 5034 3390 5086 ad
3418 5034 3627 5092 odium,

2058 5136 2340 5199 invidiam,
2367 5142 2424 5188 et
2465 5140 2667 5185 metum
2702 5128 2895 5197 impios
2925 5126 3236 5181 concitavit.
3273 5123 3428 5178 Venit
3464 5125 3632 5195 igitur

2644 5268 2663 5305 τ
2688 5265 2849 5321 Rom.
2882 5280 2938 5329 γ,
2968 5266 3018 5320 1.
3128 5271 3157 5301 ἰ
3180 5261 3371 5317 Matth.
3428 5278 3485 5326 χ,
3532 5261 3621 5317 34.

2088 5284 2111 5313 ⁸
2135 5273 2457 5343 Philipp.tv,
2482 5269 2536 5323 7.

1639 5456 1873 5513 VARUE
1911 5458 2316 5515 LECTIONES.

447 5551 468 5583 ³
492 5548 818 5623 καταδύνται
842 5549 917 5623 ΑΛ.
996 5549 1016 5580 ⁸
1038 5549 1095 5602 δὲ
1131 5549 1256 5623 add.
1278 5548 1355 5623 ΔΑ.
1444 5549 1708 5623 ’-τὸ-γὰρ]
1736 5550 1891 5607 Rom.
1933 5568 2052 5619 vm,
2076 5554 2129 5609 7.
2210 5554 2231 5583 ⁸
2257 5550 2629 5623 συντεθ-εὶςὲς.
2705 5553 2728 5586 '
2759 5548 3136 5623 dvréqnvev‘c.

366 5623 391 5654 ’
423 5619 956 5690 ἐκτραχηλιασθέντα
986 5623 1049 5673 Δ.
1163 5620 1205 5650 ¹⁰
1243 5620 1292 5671 εἰ
1370 5638 1398 5672 ν
1438 5619 1488 5690 ν]
1547 5619 1707 5675 Ιοιιιιζ
1760 5637 1869 5683 xlv,
1915 5624 2007 5679 21.

367 5691 416 5723 ’³
442 5688 568 5761 οὐκ]
599 5690 788 5747 Matth.
822 5707 876 5755 κ,
916 5690 1005 5744 δί.
1083 5688 1129 5721 ¹⁶
1160 5619 1373 5761 έσεσξέῖ
1400 5638 1565 5747 ἢδη-ο.
1624 5706 1743 5757 χιιι,
1795 5692 1885 5748 15.

367 5691 416 5723 ’⁸
442 5688 568 5763 οὐκ]
597 5688 788 5747 Hatth.
822 5707 876 5755 κ,
916 5690 1005 5744 '55.
1083 5688 1129 5721 ¹⁶
1160 5688 1373 5761 ἔσεσθε]
1400 5688 1565 5747 Marc.
1624 5706 1743 5757 xm,
1795 5692 1885 5748 15.

3211 5545 3233 5575 ⁸
3264 5545 3533 5599 συνέδεισε
3559 5559 3626 5610 ς.

2122 5625 2162 5656 ⁸⁸
2199 5625 2234 5695 ἡ
2261 5620 2395 5693 εἰρο]
2441 5613 2673 5695 Philipp.
2699 5633 2778 5685 νι,
2813 5613 2893 5673 7.’
2933 5613 3449 5679 ’⁸²δικαιωθ.[ιοω,
3487 5630 3540 5683 γ,
3570 5613 3627 5670 ί,
