4032 6448
490 303 595 367 815

1644 295 1907 357 ΡΠΟΤΙΙ
1945 294 2069 355 ΡΛῚ

2178 293 2451 355 ARCII/E
2477 294 2588 355 cr.
3597 307 3683 373 διδ

495 417 750 470 Salvator
793 426 981 482 pacem
1024 410 1264 477 mittere,
1304 422 1424 480 qua:
1473 424 1596 464 cum
1624 411 1805 464 animo
1852 424 1913 463 ea
1946 423 2069 462 eon-

2178 407 2310 461 Θεὺν
2341 406 2451 459 τῶν
2484 402 2853 459 εὐσεϐούντων
2883 416 3150 469 συναφεια
3172 402 3248 466 είς
3279 405 3422 474 μῖσος
3468 412 3551 465 καὶ
3577 418 3684 483 φοά.

489 508 716 572 sentire,
744 522 864 576 quae
892 505 1140 575 corporis
1167 512 1317 571 sunt,
1348 502 1497 569 facit,
1527 501 1780 572 quodque
1826 501 2068 556 deterius

486 611 591 668 est,
632 599 873 653 melioris
909 598 1136 651 arbitrio
1172 595 1418 664 subiicit.
1449 593 1623 661 Quam
1658 592 1875 661 quidem
1904 592 2063 645 nobis

487 692 739 764 praebuit,
764 707 886 745 cum
920 690 1107 744 rebelli
1136 698 1335 743 nostra;
1360 699 1565 742 natura!
1593 686 1873 756 paciﬁcam
1899 686 2069 740 deita-

490 799 602 843 tem
639 785 931 857 copulavit.
972 783 1127 851 Quod
1159 794 1215 839 et
1241 785 1459 839 divinus
1484 784 1679 839 Paulus
1706 784 1908 845 docuit,
1944 799 2066 839 cum

491 880 599 932 ait:
624 878 765 932 Nam
791 878 930 946 quod
960 877 1281 944 impossibile
1306 888 1419 932 erat
1450 876 1573 947 legi,
1607 878 1661 929 in
1691 894 1792 946 quo
1820 875 2065 944 infirma-

489 970 643 1023 batur
695 986 789 1038 per
837 985 1069 1034 carnem,
1145 968 1279 1023 Deus
1330 968 1528 1021 Filium
1571 985 1726 1022 suum
1766 970 1974 1022 mittens
2012 971 2069 1024 in

488 1060 895 1115 similitudinem
924 1059 1099 1112 carnis
1129 1059 1352 1125 peccati,
1378 1069 1424 1111 et
1450 1060 1513 1111 de
1545 1069 1755 1125 peccato
1795 1060 2068 1113 damnavit

492 1161 765 1221 peccatum
798 1152 851 1204 in
880 1166 1036 1205 carne
1065 1164 1113 1204 κ.
1147 1150 1217 1205 Ut
1252 1150 1361 1216 jam
1412 1148 1537 1219 apte
1576 1150 1643 1203 de
1684 1150 1873 1203 eadem
1900 1165 1957 1203 re
1986 1151 2067 1203 di-

492 1255 685 1299 catur:
722 1242 821 1296 Ubi
858 1244 995 1297 enim
1022 1244 1310 1297 abundavit
1334 1243 1603 1303 delictum,
1623 1242 2070 1310 superabundavit

490 1336 661 1403 gratia
682 1344 731 1386 I.
762 1335 1126 1400 Quamobrem
1180 1345 1235 1387 et
1290 1334 1677 1401 redemptionis
1705 1345 1902 1387 nostra:
1943 1350 2070 1402 per-

494 1425 689 1477 fectum
724 1440 754 1477 a
791 1424 956 1478 verbo
977 1439 1134 1492 opus,
1160 1423 1441 1492 justitiam
1476 1422 1593 1486 Dei,
1623 1422 1986 1493 etjudicium,
2018 1432 2074 1476 et

491 1516 913 1570 misericordiam
949 1531 1103 1569 sacra
1155 1515 1443 1584 Scriptura
1496 1516 1754 1584 praedicat
1790 1532 1803 1569 :
1841 1516 2073 1584 utjusto

486 1609 692 1678 judicio
734 1609 849 1672 Dei,
893 1610 982 1679 qui
1036 1610 1175 1663 inter
1230 1608 1528 1663 rationales
1574 1620 1859 1663 creaturas
1908 1608 2009 1662 soli
2042 1624 2073 1662 e

491 1701 604 1755 luto
640 1700 886 1754 fabricati
920 1700 1188 1766 suut,soli
1218 1702 1381 1754 etiam
1416 1710 1567 1753 tanto
1605 1700 1809 1755 bonore
1840 1711 1894 1754 et
1928 1701 2070 1754 inef-

2176 514 2267 552 νον
2298 497 2393 551 καὶ
2417 497 2578 567 φόνον
2599 496 2639 527 ⁸⁸
2682 496 2807 558 τοὺς
2860 492 3079 555 ἀσεϐεῖς
3130 492 3478 564 διεκύμαινεν.
3516 498 3690 565 Ἦλθεν

2174 587 2269 643 οὖν
2289 591 2317 643 ὁ
2343 589 2531 659 Σωτὴρ
2560 588 2786 659 εἰρήνην
2813 586 3016 655 βαλεῖν,
3047 584 3165 652 ἥτις
3197 587 3449 655 σύμφωνα
3564 595 3691 670 ψυχῇ

2174 683 2244 735 τά
2263 679 2360 733 τοῦ
2393 678 2647 749 σώματος
2681 676 2943 731 ἀποτελεῖ
2980 677 3073 728 καὶ
3102 676 3411 745 ὐποτὰσσει,
3452 682 3507 733 τὸ
3542 690 3696 758 χεῖρον

2174 774 2288 836 τοῖς
2310 771 2401 824 τοῦ
2426 772 2735 840 κρείττονος
2755 770 3063 841 βουλήμασι
3087 769 3151 821 ³⁸.
3197 769 3304 822 Καὶ
3336 774 3559 844 παρέσχε
3586 782 3699 834 ταὺ-

2172 880 2295 935 την,
2320 864 2529 927 ἐνώσας
2560 866 2716 933 ἡμῶν
2739 866 2807 934 τῇ
2843 861 3131 915 στασιώδει
3162 861 3321 929 φύσει
3354 863 3447 933 τὴν
3480 869 3703 941 εἰρήναρ-

2172 977 2272 1031 χον
2311 957 2564 1029 θεότητα.
2598 956 2770 1009 Τοῦτο
2794 956 2968 1009 δὲκαὶ
3021 957 3049 1008 ὁ
3080 954 3363 1017 Θεσπέσιος
3404 959 3596 1025 Παῦλος
3626 965 3704 1018 ἐκ-

2172 1052 2419 1106 διδάσκει
2444 1051 2638 1119 λέγων,
2676 1050 2747 1103 Τὸ
2773 1050 2813 1080 ¹⁷
2850 1049 2959 1117 γὰρ
2981 1048 3283 1102 ἀδύνατον
3306 1049 3409 1102 τοῦ
3434 1050 3624 1119 νόμου,
3650 1058 3707 1109 ἑν

2173 1139 2483 1213 ᾦὴσθένει
2512 1141 2609 1195 διὰ
2638 1139 2749 1209 τῆς
2783 1141 3035 1207 σαρκὸς,
3097 1142 3130 1192 ό
3183 1140 3328 1206 Θεὸς
3376 1140 3477 1193 τὸν
3522 1143 3709 1201 ἑαυτοῦ

2183 1236 2323 1287 Υίὸν
2364 1234 2605 1302 πέμψας
2650 1234 2719 1284 ἐν
2785 1234 3101 1301 ὁμοιώματι
3164 1233 3387 1301 σαρκός
3435 1235 3710 1303 ἁμαρτίας,

2174 1328 2269 1381 καί
2303 1326 2769 1395 περίάμαρτίιις,
2828 1325 3137 1391 κατέκρινε
3188 1324 3302 1391 τὴν
3334 1326 3609 1394 ἁμαρτίαν
3656 1330 3714 1382 ἐν

2174 1425 2249 1494 τῇ
2271 1425 2474 1493 σαρκί.
2516 1423 2601 1486 Ὠς
2628 1422 2891 1493 ἁρμόζειν
2918 1420 3191 1490 ἐπάύτῆς
3219 1420 3470 1488 λέγεσθαι
3496 1422 3571 1487 τὸ,
3592 1420 3715 1478 Οὖ¹⁸

2175 1516 2673 1587 γὰρὲπλεὸνασεν
2700 1514 2735 1581 ἡ
2781 1513 3056 1581 ἁμαρτία,
3102 1514 3717 1581 ὑπερεπερίσσευσενη

2175 1612 2215 1679 ἠ
2250 1608 2441 1679 χάρις.
2476 1607 2568 1660 Διὸ
2601 1607 2696 1660 καὶ
2728 1606 2827 1677 τὴν
2849 1606 2974 1659 καθ’
3004 1607 3150 1676 ἡμᾶς
3193 1605 3285 1658 τοῦ
3318 1606 3489 1674 Λόγου
3530 1610 3715 1662 οικονο.

2182 1702 2311 1771 μίαν
2347 1698 2698 1768 δικαιοσύνην
2717 1696 2851 1750 Θεοῦ
2882 1697 2974 1749 καὶ
3006 1696 3187 1766 κρίσιν
3220 1697 3311 1749 καὶ
3344 1696 3486 1750 ἔλεον
3514 1698 3572 1750 τὸ
3597 1700 3721 1771 ἱερὸν

491 1791 643 1846 fabili
669 1792 1045 1847 misericordia
1073 1792 1219 1862 digni
1254 1792 1421 1846 babiti
1452 1794 1582 1847 sint.
1609 1792 1891 1847 Imlicabat
1925 1793 2067 1847 idem

2174 1791 2539 1862 ἁνακηρύττει
2580 1790 2839 1861 Γράμμα,
2869 1789 2945 1851 ὠς
2999 1788 3185 1859 δικαίᾳ
3237 1788 3415 1859 κρίσει
3472 1788 3561 1841 τοῦ
3604 1791 3722 1844 Θεοῦ

492 1893 548 1936 ct
581 1899 675 1951 per
706 1882 901 1937 Oseatn
935 1885 1123 1939 dicens
1156 1903 1170 1937 :
1221 1883 1492 1951 Sponsabo
1519 1896 1567 1939 te
1601 1885 1730 1938 mihi
1760 1885 1813 1937 in
1834 1887 2070 1954 justitia,

496 1977 549 2027 in
582 1975 971 2039 misericordia,
998 1984 1043 2029 et
1072 1974 1125 2027 in
1148 1974 1569 2029 miserationibus
1591 1984 1637 2030 ι.
1669 1975 1811 2031 Mille
1839 1978 1962 2030 item
1982 1976 2072 2030 alii

491 2080 663 2119 sacra:
717 2062 1014 2132 Scriptura:
1062 2063 1164 2117 loci
1204 2063 1480 2131 clamant,
1512 2067 1580 2119 ob
1630 2066 1809 2119 carnis
1859 2066 2069 2120 vincula

492 2154 971 2208 commiseratione
1030 2153 1249 2223 dignum
1305 2168 1427 2209 esse
1486 2155 1728 2209 habitum
1774 2156 2069 2210 humanum

490 2260 683 2313 genus,
719 2254 773 2299 et
810 2259 906 2315 pro
938 2260 1146 2299 annexa
1178 2246 1334 2299 nobis
1362 2247 1608 2312 materia,
1639 2248 2067 2303 incarnationem

2174 1885 2373 1955 μόνους
2399 1883 2506 1934 τῶν
2534 1882 2771 1949 λογικῶν
2804 1880 2883 1948 τῷ
2940 1878 3096 1949 πηλῷ
3152 1877 3503 1942 συνδεθέντας
3553 1880 3723 1949 μόνους

2172 1973 2269 2027 καὶ
2294 1972 2393 2041 τῆς
2408 1972 2676 2041 τοσαύτης
2702 1968 3005 2038 ἀξιωθῆναι
3030 1968 3345 2037 φιλοτιμίας
3371 1967 3568 2020 καὶτοῦ
3588 1970 3726 2023 ἀνεκ-

2170 2066 2415 2135 φράστου
2440 2062 2647 2124 ἐλέους.
2680 2062 2900 2131 Ἐδήλου
2922 2061 2976 2112 δέ
2995 2061 3087 2112 καὶ
3101 2059 3190 2112 διὰ
3205 2059 3298 2112 τοῦ
3330 2060 3488 2130 Ὠσηέ
3504 2060 3569 2125 ’³,
3587 2062 3726 2129 Mm.

2169 2156 2500 2224 στεὺσομαί
2525 2172 2599 2209 σε
2614 2152 2849 2224 ἐμαυτῷ
2872 2154 2939 2219 ²¹,
2958 2152 3153 2219 λέγων,
3179 2151 3251 2204 ἐν
3278 2150 3621 2219 δικαιοσύνῃ
3644 2152 3724 2205 καί

2175 2249 2420 2313 ὲνὲλέφ
2483 2248 2583 2302 καί
2614 2245 2961 2315 οὶκτιρμοῒς.
3018 2244 3129 2297 Καὶ
3173 2243 3359 2315 μυρίοι
3417 2242 3562 2311 λόγοι
3601 2243 3725 2297 ἄλλοι

485 2350 661 2399 suam,
688 2346 997 2405 creteraque
1026 2352 1088 2389 ex
1129 2354 1195 2389 ea
1224 2336 1463 2405 profecta
1493 2336 1633 2393 bona
1654 2338 1892 2394 vicissim
1922 2342 2069 2397 nobis

2177 2342 2314 2412 ἱεροὶ
2334 2342 2379 2373 ’³
2417 2339 2849 2409 διακεκράγασιν
2877 2340 2959 2391 ὅτι
2991 2336 3079 2390 διὰ
3102 2336 3213 2390 τῶν
3233 2334 3446 2406 δεσμῶν
3471 2335 3565 2404 τῆς
3617 2353 3727 2404 cap-

486 2427 771 2479 Domiuum
791 2427 1056 2481 donasse:
1088 2425 1411 2481 Recordatus
1434 2440 1530 2493 est,
1550 2432 1723 2500 inquit
1743 2430 1927 2497 David,
1955 2449 2077 2503 quo-

2174 2436 2271 2497 κὸς
2296 2432 2645 2504 συμπαθείας
2674 2432 2735 2484 τὺ
2760 2430 3103 2500 ἀνθρώπινον
3156 2427 3369 2500 ἠξιώθη
3430 2427 3603 2497 γένος,
3650 2429 3728 2480 καὶ

487 2515 634 2569 niam
676 2514 845 2582 pulvis
865 2531 1045 2570 sumus
1072 2524 1116 2569 ⁸.
1150 2516 1215 2570 Ει
1244 2535 1257 2571 :
1298 2515 1563 2583 Quoniam
1586 2537 1891 2575 cnrosumus
1923 2522 1974 2576 ιι.
2014 2523 2069 2578 ΕΙ

2174 2525 2297 2578 ἀντὶ
2334 2523 2538 2593 ταύτης
2576 2522 2675 2589 τῆς
2704 2520 3075 2591 συναφθείσης
3100 2521 3234 2590 ἡμῖν
3265 2518 3401 2587 ὖλης
3455 2516 3550 2589 τὴν
3597 2521 3728 2571 ἐναν-

483 2604 583 2660 Job
620 2624 634 2661 :
671 2605 931 2661 Memento
974 2606 1114 2675 quod
1155 2608 1291 2661 sicut
1330 2608 1496 2661 lutum
1534 2609 1720 2679 feceris
1750 2628 1831 2665 me
1852 2622 1900 2666 ε.

2176 2615 2459 2687 θρὼπησιν
2489 2612 2656 2667 αὐτοῦ
2690 2613 2787 2667 καὶ
2803 2614 2871 2665 τὰ
2892 2613 2961 2665 δι’
2982 2614 3152 2682 αὐτῆς
3172 2609 3358 2679 ἀγαθά
3376 2610 3730 2665 ἀνταπέδωκεν

484 2701 619 2770 ἡμῖν
668 2701 949 2773 ὀΚυριος.
1006 2700 1310 2771 Ἐμνήσθη
1360 2702 1409 2733 ⁸³
1443 2704 1590 2775 γὰρ,
1646 2707 1809 2775 φησὶν
1862 2709 1891 2759 ὁ
1943 2706 2127 2773 Δαϐὶδ,
2171 2709 2262 2763 ὅτι
2310 2709 2459 2779 χοῦς
2515 2709 2725 2778 ἐσμεν,
2783 2706 2883 2762 καὶ
2946 2706 3104 2759 ὅτι¹⁸
3156 2704 3321 2774 σάρξ
3380 2705 3601 2774 ἐσμεν·
3654 2699 3732 2757 καὶ

483 2794 611 2867 [556
649 2792 745 2866 Η.]
777 2796 805 2847 ὁ
844 2793 965 2847 Ἰὼϐ
991 2795 1062 2861 ³⁸,
1092 2795 1417 2866 Μνήσθητι
1447 2798 1536 2851 ὅτι
1574 2800 1774 2867 πηλόν
1805 2816 1882 2869 με
1910 2799 2211 2870 ἔπλασας.

564 2907 809 2961 Alteram
836 2906 1033 2961 deimle
1065 2916 1172 2961 tam
1206 2908 1419 2979 egregie
1454 2909 1691 2963 bumauo
1729 2914 1912 2979 generi
1946 2925 2075 2979 pro.

2252 2910 2521 2981 Δευτέραν
2559 2908 2605 2963 δ’
2634 2909 2699 2962 ἄν
2732 2926 2818 2972 τις
2842 2906 3024 2961 αἰτίαν
3067 2904 3201 2976 φαίη
3233 2905 3336 2974 τῆς
3390 2904 3523 2975 περὶ
3575 2901 3631 2956 τδ
3658 2902 3732 2957 ἀν·

486 2998 771 3069 spicieutis
810 3013 957 3053 cura:
1012 2998 1151 3053 banc
1202 2998 1371 3054 luisse
1398 3015 1619 3055 causam
1659 3001 1895 3065 dixeris,
1925 3004 2069 3070 quod

2176 3004 2449 3076 θρὼπινον
2476 3002 2747 3073 τοσαύτης
2776 3002 3061 3071 προνοίας,
3084 3000 3159 3063 ὡς
3176 2998 3275 3052 ἀπ’
3308 2998 3486 3068 ἀρχῆς
3531 2996 3559 3049 ὁ
3599 2996 3726 3051 Πλά-

489 3106 832 3160 nequaquam
880 3106 909 3143 a
954 3091 1223 3161 principio
1270 3090 1533 3147 Conditor
1585 3104 1835 3147 naturam
1877 3094 2073 3162 perfe-

488 3195 656 3249 ctam,
706 3184 1165 3254 quemadmodum
1200 3184 1427 3253 angelis,
1458 3184 1654 3257 Ωοωι
1708 3185 1781 3240 ita
1817 3198 1871 3241 et
1899 3186 2073 3241 homi-

495 3272 658 3327 nibus
691 3272 977 3336 tribuerit;
1044 3274 1139 3327 sed
1187 3274 1414 3328 modicis
1467 3276 1848 3346 progressibus
1891 3277 2072 3346 perle-

489 3365 728 3420 ctiouem
763 3363 980 3419 tandem
1012 3366 1272 3435 consequi
1318 3365 1570 3422 voluerit.
1604 3367 1969 3433 Quamobrem
2017 3379 2073 3424 et

485 3472 591 3525 pro
622 3455 845 3511 virtutis
880 3457 1125 3525 prwmio,
1156 3466 1211 3511 et
1238 3472 1338 3526 pro
1378 3458 1643 3514 molestiis
1684 3458 1926 3517 toleratis
1951 3476 2073 3531 per-

488 3548 780 3606 lectionem
813 3549 1063 3618 rependit
1097 3567 1113 3604 :
1148 3551 1278 3620 quin
1309 3561 1364 3605 et
1392 3551 1631 3606 medium
1664 3563 1895 3609 mortem
1930 3553 2073 3608 inter

490 3650 657 3711 atque
695 3638 1162 3696 immortalitatem
1192 3643 1367 3713 ipsum
1398 3643 1720 3709 constituit;
1758 3645 2073 3701 alterutrius

490 3736 729 3805 eligendi
783 3736 925 3791 facta
950 3745 1267 3806 potestate;
1299 3752 1422 3792 cum
1457 3738 1675 3793 interim
1710 3736 1909 3806 angeli,
1932 3747 1989 3792 et
2025 3739 2069 3793 si

491 3829 620 3899 quid
640 3828 788 3884 aliud
811 3829 1024 3884 ratione
1048 3827 1336 3897 praeditum
1361 3836 1414 3881 et
1438 3830 1814 3896 incorporeum
1833 3824 2070 3898 [uspiam

491 3919 733 3993 exsistit]
774 3935 841 3975 ex
898 3921 1016 3988 ipso
1058 3936 1181 3975 mox
1237 3930 1360 3973 ortu
1421 3929 1630 3973 natum
1676 3918 2070 3987 perfectionem

495 4014 673 4081 adepti
710 4012 839 4067 sint.
875 4010 1028 4066 Unde
1070 4022 1125 4064 et
1164 4010 1331 4064 David
1377 4011 1455 4064 ait
1488 4029 1503 4065 :
1558 4010 1807 4065 Potentes
1857 4011 2069 4077 virtute,

491 4102 742 4170 facientes
789 4102 999 4155 verbum
1034 4100 1178 4153 illius
1202 4099 1253 4165 ἀ,
1289 4102 1389 4155 bne
1429 4111 1514 4155 est
1547 4118 1561 4156 :
1601 4101 2069 4167 Quemadmodum

490 4206 586 4246 eos
618 4192 751 4246 nibil
784 4191 1153 4254 materiatutu,
1189 4191 1268 4245 uti
1318 4206 1438 4257 nos,
1469 4190 1555 4247 vel
1586 4192 1840 4247 deorsum
1879 4193 2069 4259 trahit,

490 4283 577 4337 vel
608 4283 850 4351 impedit,
905 4284 979 4338 ita
1024 4285 1156 4347 cito,
1190 4294 1247 4339 et
1291 4285 1497 4354 absque
1528 4300 1681 4338 mora
1709 4284 1860 4354 jussa
1901 4285 2067 4352 perli-

488 4373 661 4428 ciuut.
690 4374 951 4444 Exigebat
978 4388 1107 4445 ergo
1134 4372 1407 4430 ineli‘abile
1440 4374 1534 4430 Dei
1567 4374 1883 4445 iustumque
1919 4376 2067 4443 judi-

490 4466 660 4532 cium,
689 4474 750 4519 ut
796 4465 1132 4535 imperfectis
1177 4466 1399 4535 quidem
1432 4466 1453 4535 (
1482 4481 1591 4535 quo
1616 4474 1860 4537 tempore
1894 4467 2066 4537 placi-

489 4562 603 4606 tum
651 4554 819 4625 esset)
874 4554 1019 4625 quod
1062 4556 1254 4609 deerat
1295 4554 1595 4624 suppleret,
1641 4568 1780 4623 quos
1827 4569 1955 4611 vero
1999 4556 2069 4611 ab

486 4642 645 4698 initio
706 4649 977 4712 perfectos
1037 4644 1385 4710 reddidisset,
1439 4658 1547 4699 non
1592 4643 1754 4700 simili
1807 4646 1892 4701 bis
1938 4660 2070 4701 cura

487 4733 837 4802 provideret:
860 4738 954 4791 sed
974 4750 1039 4790 ex
1066 4737 1321 4806 tequitate
1336 4734 1630 4803 iudicaret,
1652 4752 1777 4791 cum
1807 4739 1906 4793 bos
1937 4752 2071 4793 con-

494 4836 678 4881 tentos
712 4827 819 4882 illis
848 4826 1059 4901 [rebus]
1084 4844 1207 4884 esse
1238 4827 1463 4891 debere,
1488 4843 1629 4899 quas
1660 4827 1880 4899 ipsimet
1908 4844 2071 4885 occu-

489 4928 741 4988 passent,
774 4928 886 4973 tum
934 4922 1041 4976 illis
1073 4937 1262 4975 earum
1296 4936 1479 4977 rerum
1527 4920 1775 4977 delectus
1812 4923 2069 4991 supplen-

487 5010 609 5074 dos,
642 5011 843 5079 quibus
867 5011 1166 5080 aliquando
1204 5012 1403 5081 privati
1465 5010 1721 5067 fuissent.
1776 5010 2069 5067 Enimvero

486 5110 757 5168 quotquot
788 5116 854 5155 ex
886 5101 1094 5171 angelis
1123 5101 1258 5171 lapsi
1286 5112 1433 5165 sunt,
1467 5114 1577 5155 non
1621 5100 1658 5154 ii
1700 5102 1927 5156 materia
1981 5103 2067 5158 div

498 5191 760 5261 vellente,
805 5209 980 5262 neque
1023 5209 1188 5248 carne
1235 5193 1567 5259 retrabeute,
1617 5192 1709 5244 sed
1742 5194 1970 5249 arbitrio
2013 5195 2065 5248 id

557 5301 582 5329 ι
614 5289 749 5343 Rom
782 5305 901 5352 xm,
930 5290 985 5343 5.
1064 5297 1090 5337 γ
1128 5290 1285 5344 Rom.
1326 5303 1378 5353 v,
1404 5289 1499 5343 20.
1580 5294 1604 5323 ⁸
1644 5284 1804 5342 Osce.
1850 5305 1912 5358 ιι,
1961 5291 2048 5345 19.

496 5357 525 5398 ά
558 5360 702 5415 Psal.
731 5375 828 5425 cn,
853 5360 943 5413 20.

2161 5300 2189 5328 ι
2226 5286 2372 5343 Psal.
2420 5303 2515 5355 cu,
2562 5290 2651 5345 14.

2175 3114 2308 3165 στης
2336 3097 2438 3149 οὐκ
2468 3094 2730 3163 αὐτοτελῆ
2778 3094 2878 3163 τὴν
2927 3094 3112 3161 φύσιν,
3157 3090 3421 3161 καθάπερ
3480 3089 3731 3157 ἀγγέλοις,

2173 3190 2318 3244 οὕτω
2333 3189 2427 3243 καὶ
2468 3189 2548 3259 τῷ
2576 3187 2906 3260 ἀνθρωπίνῳ
2923 3187 3072 3255 γένει
3102 3184 3442 3256 παρέσχετο,
3474 3183 3607 3236 ἀλλὰ
3636 3183 3737 3246 ταῖς

2176 3284 2321 3337 κατά
2354 3283 2553 3354 μικρὸν
2579 3280 2887 3351 προκοπαῖς
2923 3280 3017 3332 τοῦ
3049 3277 3262 3332 τελείου
3320 3276 3610 3346 τυγχάνειν
3658 3275 3735 3328 εὑ-

2172 3376 2401 3446 δὸκησεν
2418 3392 2433 3407 ·
2462 3373 2545 3429 διδ
2570 3373 2663 3428 καὶ
2688 3373 2889 3443 ἀρετῆς
2919 3367 3083 3425 ἆθλον
3118 3371 3209 3423 καὶ
3234 3370 3609 3432 κακοπαθείας
3629 3370 3737 3423 ἀντ-

2172 3468 2396 3539 άμειψιν
2450 3468 2549 3537 τὴν
2594 3465 2906 3534 τελειότητα
2956 3463 3159 3517 δίδωσι.
3218 3461 3352 3534 [649
3386 3460 3480 3532 IL]
3532 3461 3635 3515 Καὶ
3680 3458 3735 3529 δὴ

2176 3563 2275 3615 καὶ
2311 3560 2475 3630 μέσον
2504 3557 2737 3612 θανάτου
2770 3557 2865 3611 καὶ
2888 3555 3190 3619 ἀθανασίας
3239 3554 3411 3608 αὑτὸν
3441 3554 3614 3619 ἔθετο,
3657 3552 3739 3621 τῆς

2175 3650 2316 3720 πρὸς
2342 3649 2603 3719 ἑκάτερον
2630 3648 2898 3717 αἱρέσεως
2924 3647 3209 3715 ἀναφήνας
3246 3646 3465 3717 κύριον.
3500 3643 3738 3713 Ἄγγελοι

2174 3741 2252 3806 δὲ,
2284 3741 2379 3793 καὶ
2406 3740 2459 3793 εῐ
2485 3758 2537 3793 τι
2566 3739 2696 3794 ἄλλο
2714 3738 2934 3806 λογικὸν
2983 3738 3078 3791 καὶ
3113 3736 3434 3806 ἀσώματον,
3477 3736 3538 3801 ἐξ
3593 3734 3741 3804 αὐτῆς

2175 3832 2406 3903 προόδου
2443 3831 2507 3884 τὸ
2547 3833 2606 3884 ἐν
2637 3833 2702 3901 τῇ
2737 3831 2901 3899 φύσει
2940 3828 3145 3881 τέλειον
3202 3828 3610 3899 ἐκληρώσαντο.
3664 3825 3741 3879 Διδ

2173 3926 2389 3979 stato"
2438 3923 2601 3977 Δαὸίδ
2652 3940 2810 3993 φησι,
2842 3921 3161 3976 Δυνατοὶ²⁷
3221 3922 3403 3988 ίσχύτ
3449 3920 3741 3983 ποιοῦντες

2181 4012 2289 4065 τὸν
2318 4012 2509 4081 λόγον
2536 4009 2747 4076 αὑτοῦ,
2780 4008 3058 4063 τουτέστιν
3089 4008 3139 4063 οἳ
3169 4010 3214 4041 ’⁸
3258 4010 3455 4080 μηδενὶ
3498 4009 3605 4062 τῶν
3647 4008 3742 4060 ὑλι-

2175 4102 2313 4167 κῶν,
2348 4102 2599 4173 καθάπερ
2623 4103 2807 4173 ἡμεῖς,
2843 4100 3235 4171 καθελκόμενοί
3263 4119 3322 4154 τε
3377 4102 3474 4154 καὶ
3499 4101 3743 4171 συμποδι-

2175 4195 2416 4266 ζόμενοι,
2445 4193 2588 4247 οὕτω
2614 4194 2703 4248 διὰ
2732 4194 2947 4264 ταχέων
3002 4196 3098 4247 καὶ
3134 4193 3307 4263 χωρίς
3362 4210 3512 4255 τινος
3564 4191 3743 4261 μελλή-

2176 4304 2313 4350 σεως
2349 4278 2615 4357 πληροῦσι
2668 4285 2728 4337 τὸ
2782 4284 3163 4355 κελευόμενον,
3213 4283 3328 4353 Τῆς
3373 4282 3473 4337 οὖν
3521 4282 3744 4354 ἀρῤήτου

2173 4372 2569 4442 δικαιοκρισίας
2600 4367 2667 4443 ἦν
2696 4371 2789 4423 τοῦ
2810 4371 2946 4424 Θεοῦ
2984 4375 3097 4436 τοῖς
3129 4372 3229 4442 μὲν
3252 4372 3505 4438 ἀτελέσι,
3542 4371 3658 4427 καθ’
3691 4369 3742 4422 ὃν

2172 4463 2468 4534 ἐδοκίμασε
2496 4463 2541 4494 ²⁹
2572 4462 2786 4532 καιρὸν,
2806 4462 2867 4515 τὸ
2886 4462 3069 4517 λεῖπον
3112 4463 3544 4535 ἀναπληρῶσαι,
3588 4460 3677 4525 οὒς
3707 4458 3744 4513 δ’

2171 4556 2268 4609 ἀπ’
2298 4553 2477 4626 ἀρχῆς
2502 4553 2743 4616 τελείους
2783 4554 3081 4624 ὑπέστησε,
3118 4556 3195 4625 μὴ
3222 4556 3325 4625 τῆς
3374 4556 3573 4625 ὁμοίας
3626 4569 3745 4625 προ·

2172 4647 2325 4711 νοίας
2351 4644 2604 4711 ἀξιῶσαι,
2635 4644 2772 4698 ἀλλὰ
2799 4648 2926 4710 τοὺς
2952 4646 3052 4717 μὲν
3097 4642 3178 4710 οἷς
3216 4648 3528 4719 προέλαϐον
3579 4647 3746 4717 ἀρκεῖ-

2174 4739 2321 4804 σθαι,
2350 4739 2475 4801 τοὺς
2520 4738 2578 4790 δὲ
2609 4731 2684 4791 ὧν
2741 4739 3120 4809 ἐστερήθησαν
3173 4740 3652 4812 ἀναπληρωθῆναι
3694 4737 3746 4791 τὸ

2175 4831 2461 4901 ὑστέρημα
2494 4829 2802 4884 δικαιῶσαι.
2835 4831 2944 4883 Καὶ
2968 4832 3075 4885 τῶν
3125 4833 3378 4900 ἀγγέλων
3406 4834 3463 4887 δὲ
3499 4834 3616 4887 ὅσοι
3661 4847 3746 4885 περ

2178 4922 2487 4985 πτώκασιν,
2514 4922 2575 4975 ού
2592 4924 2691 4992 τῆς
2713 4922 2845 4995 ὕλης
2863 4923 3232 4995 κατασπώσης
3259 4925 3387 4978 οὐδὲ
3407 4926 3506 4980 τοῦ
3536 4925 3746 4997 σαρκίου

2178 5009 2558 5082 μεθέλκοντος,
2588 5012 2685 5081 τῆς
2726 5013 3103 5083 προαιρέσεως
3148 5014 3206 5066 δὲ
3260 5015 3322 5067 τὸ
3379 5015 3591 5083 φαῦλον
3642 5014 3746 5065 ἐλοο

2177 5102 2367 5174 μένης,
2393 5104 2491 5172 τῆς
2514 5105 2719 5167 οἰκείας
2765 5104 2924 5176 δόξης
2960 5106 3401 5177 κατηνέχθησαν.
3463 5109 3657 5178 Ἡμεῖς
3698 5104 3746 5156 δὲ

2175 5192 2269 5245 τοῦ
2302 5210 2361 5244 τε
2389 5194 2620 5265 σαρκίου
2650 5195 2989 5266 διοχλοῦντος
3030 5200 3126 5249 καὶ
3153 5198 3266 5249 τῶν
3304 5199 3530 5251 ἐκεῖθεν
3573 5195 3745 5251 παθῶν

2762 5292 2792 5333 ιι
2824 5290 2969 5349 Psal.
3004 5308 3211 5358 Lxxvu,
3246 5294 3334 5349 14.
3443 5305 3465 5333 ε
3498 5294 3601 5350 Job
3628 5292 3745 5359 x,9.

1762 5451 1999 5509 VARle
2032 5447 2445 5505 LECTIONES.

547 5550 595 5582 ¹⁸
619 5550 778 5617 φόνον
822 5551 863 5602 Α
888 5550 1084 5617 εφόδον
1116 5568 1176 5615 ς.
1256 5548 1299 5579 ¹⁶
1332 5547 1662 5617 βουλεύμασι
1704 5568 1764 5616 ς.

488 5613 802 5689 ριόσσευσεν
825 5635 911 5687 pr.
936 5613 987 5672 Ἀ
1020 5636 1033 5670 :
1068 5613 1600 5687 ὑπερεπερίσσευσεν
1634 5613 1728 5683 gf
1772 5620 1817 5651 ²⁰
1853 5614 2037 5715 Ὠς-ηεξ
2072 5631 2130 5674 It,
2168 5613 2252 5667 l9.
2329 5614 2368 5643 "
2395 5614 2618 5685 ἐμαυτῷ
2643 5616 2682 5667 Α
2708 5634 2722 5670 :
2747 5617 2806 5669 ἐν
2828 5613 2974 5689 αἰτῷ
3003 5638 3061 5685 ς’.

490 5687 612 5715 -n..1
643 5689 760 5715 land
821 5704 889 5715 ι...
952 5692 1011 5715 ιι
1114 5692 1161 5715 ιι
1189 5689 1277 5715 .--ι
1316 5687 1416 5715 :-.‘l
1474 5688 1588 5715 non]
1655 5705 1796 5715 ,.......
1854 5692 1911 5715 ιι
2045 5686 2064 5715 δ
2106 5682 2249 5715 ’κῖὤῖ
2285 5699 2311 5715 ν
2374 5683 2405 5715 0
2504 5686 2549 5715 ao
2583 5688 2611 5715 Α
2670 5701 2755 5715 η...
2830 5690 2852 5715 Δ
2963 5691 3006 5715 av
3058 5711 3061 5715 λ

488 5687 785 5768 σρηῌζς-αί.
820 5692 1039 5768 euq”.
1070 5689 1287 5768 η’ξ-κςιι)ἶ
1314 5687 1416 5768 ὅτε]
1471 5688 1608 5743 Psal.
1652 5705 1819 5758 cxvu,
1852 5692 1942 5745 14.

488 5758 536 5789 ιιι
578 5754 673 5828 ἰη
706 5759 832 5812 libri
882 5754 992 5813 οἷα.
1069 5760 1114 5790 ²⁹
1139 5754 1431 5830 ἐδοκίμαζέ
1468 5774 1529 5821 ς·

1880 5550 1920 5580 ιι
1955 5541 2375 5618 τδέγὰρῖἑβοη),
2400 5554 2547 5618 -νιη,
2723 5545 2767 5618 Ψ
2794 5539 2881 5618 οὗ]
2943 5547 3100 5602 lium.
3132 5564 3183 5608 ν,
3223 5552 3313 5604 ‘20.

3435 5555 3483 5589 ¹⁹
3518 5556 3745 5625 ὑπερπε-

3140 5623 3185 5651 ²¹
3219 5622 3365 5689 ἱερὸς
3400 5640 3465 5688 ς.
3532 5622 3747 5749 "spis/’3.

3140 5691 3304 5749 tatoil
3354 5692 3510 5749 Psal.
3543 5713 3638 5749 cn.
3728 5733 3745 5749 .

3622 5733 3745 5765 ,πο

2045 5686 2064 5716 ο
2106 5682 2250 5755 νλὼδ]
2283 5699 2337 5751 χ,
2374 5682 2440 5740 9.’
2504 5686 2549 5717 ²⁰
2583 5688 2612 5738 ὁ
2670 5701 2779 5741 om.
2818 5690 2884 5743 A.
2948 5682 3027 5725 ’³⁷⁷
3056 5682 3304 5763 δυνατοί]
3345 5682 3510 5755 ῬέαΙ.
3543 5713 3613 5754 cn
