4032 6444
489 473 597 542 819

1639 467 1904 531 ΡΗΟΤΙῘ
1938 466 2083 528 ΡΛΤ

2186 467 2447 528 ARCHIE
2484 468 2594 529 CP.
3603 478 3694 547 8%)

495 593 593 649 Ubi
626 605 923 660 prtrcursor
961 604 1055 660 pro
1084 587 1233 643 nobis
1276 586 1512 641 introivit
1560 583 1803 641 Christus
1828 584 1873 639 ι.
1909 583 2057 637 Ilanc

2186 580 2239 644 ’ᾧ
2266 580 2563 649 προσώπῳ
2583 578 2688 635 τοῦ
2712 578 2860 634 Θεοῦ
2896 577 3049 647 ὑπὲρ
3074 575 3245 648 ἡμῶν
3265 593 3282 612 ⁶
3314 579 3424 647 καὶ,
3461 581 3635 644 ὀπου
3653 590 3696 626 ιι

492 686 659 755 igitur
696 684 841 737 viam
891 679 1173 744 revelavit,
1221 681 1288 732 ad
1339 693 1501 747 quam
1534 687 1593 731 ut
1632 676 1787 731 nobis
1820 675 2061 745 prteiret,

487 774 713 844 ju‘stitite
743 770 1022 842 exemplar
1065 766 1188 833 fuit,
1219 782 1326 836 quo
1359 767 1651 835 aliquando
1686 766 1887 831 edocti,
1918 764 2063 819 desi-

494 868 650 921 derio
682 865 1123 927 accenderemur,
1158 875 1331 929 eoque
1358 859 1573 913 accensi
1634 858 1699 911 ad
1758 870 1871 911 rem
1916 856 2066 911 desi-

494 960 737 1013 deratam
775 968 1229 1026 pratpararemur.
1262 950 1489 1020 Angelis
1535 964 1666 1003 vero
1711 948 1907 1003 caelum
1955 947 2065 1016 jam

458 1016 470 1113 ἓ
495 1050 621 1103 inde
644 1065 675 1103 a
700 1016 969 1117 principio
1002 1055 1191 1099 notum
1223 1016 1534 1111 fuit,‘atque
1559 1048 1837 1097 testatum.
1856 1039 2068 1095 Nostrae

496 1153 758 1209 praeterea
802 1138 1120 1205 coniunctus
1148 1144 1353 1189 naturae
1400 1131 1858 1187 resurrectionem
1892 1131 2067 1195 nobis,

492 1242 551 1286 et
592 1229 1053 1301 incorruptionem
1092 1237 1257 1295 atque
1281 1223 1753 1278 immortalitatem
1785 1236 1880 1291 per
1912 1235 2069 1274 suam

496 1318 961 1373 resurrectionem
1005 1315 1246 1371 donavit.
1277 1312 1653 1381 lncorporeum
1702 1326 1833 1365 vero
1876 1325 2069 1380 genus,

498 1423 619 1463 cum
656 1410 727 1463 sit
759 1407 1084 1471 immortale,
1121 1408 1221 1461 hac
1251 1420 1355 1460 non
1388 1406 1594 1475 indiget
1642 1403 1839 1474 gratia.
1872 1400 2069 1457 Nostra

501 1498 728 1569 insuper
749 1513 911 1554 causa
942 1498 996 1552 in
1024 1515 1191 1554 carne
1221 1497 1625 1567 peregrinatus,
1658 1511 1686 1550 a
1719 1494 1941 1560 diaboli,
1966 1509 2074 1563 qua

502 1592 843 1657 tenebamur,
877 1592 1164 1662 tyrannide
1200 1606 1301 1646 nos
1328 1588 1603 1654 liberavit,
1645 1588 1711 1643 de
1746 1586 2067 1657 principati~

500 1683 653 1739 bus"
699 1683 1039 1753 triumphans
1082 1692 1137 1736 et
1184 1681 1546 1753 potestatibus
1587 1679 1642 1734 in
1684 1694 1849 1734 cruce
1882 1720 1899 1743 ,
1948 1679 2074 1732 data

498 1777 631 1832 item
680 1775 839 1831 nobis
899 1784 1169 1846 potestate
1234 1773 1478 1830 calcandi
1548 1788 1765 1828 omnem
1817 1772 2075 1826 virtutem

499 1864 711 1922 inimici
735 1875 787 1917 ιι.
825 1862 922 1919 Ubi
954 1864 1000 1919 si
1026 1864 1217 1919 horum
1242 1864 2073 1931 subiissetnaturam,quosnam

498 1954 936 2014 destruxissetﬂ
987 1955 1077 2010 De!
1109 1954 1307 2026 quibus
1352 1953 1793 2025 triumphasset?
1847 1953 2072 2020 Qualem

500 2042 632 2099 item
661 2044 983 2114 quibusdam
1012 2051 1338 2114 potestatem
1363 2044 1623 2109 dedisset,
1658 2053 1754 2098 aut
1778 2044 1829 2097 in
1861 2042 2033 2113 quos?

569 2221 766 2292 205!)
799 2220 877 2277 Ad
905 2222 1028 2290 haec
1063 2236 1192 2275 vero
1224 2237 1345 2277 cum
1386 2236 1485 2277 nos
1551 2220 1683 2291 lapsi
1717 2236 1923 2286 sumus,
1959 2220 2080 2274 nul-

501 2311 614 2368 lum
660 2313 928 2381 reliquum
979 2312 1079 2365 fuit
1119 2311 1417 2382 exemplar,
1446 2314 1588 2382 quod
1637 2313 1882 2368 eamdem
1918 2323 2079 2365 natu-

504 2419 622 2459 ram
653 2404 920 2474 integram
952 2404 1235 2459 retineret.
1263 2404 1335 2458 At
1359 2403 1525 2475 lapsis
1554 2403 1891 2460 daemonibus
1922 2404 2081 2459 innu-

503 2496 793 2552 merabiles
843 2496 1201 2555 nihilominus
1233 2497 1683 2567 incorporearum
1729 2499 1878 2553 acies
1925 2498 2080 2553 inva-

502 2589 641 2644 riate
664 2588 998 2654 consistunt,
1029 2604 1151 2660 quae
1179 2598 1235 2644 et
1262 2590 1460 2645 divinae
1490 2589 1854 2645 ordinationis
1893 2605 2082 2647 exem-

504 2678 648 2748 plum
682 2716 701 2743 ,
760 2686 819 2733 et
860 2693 1135 2749 nunquam
1189 2680 1341 2735 ﬂexae
1404 2680 1748 2736 rectitudinis
1805 2682 2079 2751 specimen

504 2770 851 2825 exhiberem.
887 2770 1232 2840 Quapropter
1257 2772 1348 2841 qui
1375 2773 1559 2826 omnia
1594 2773 1890 2841 sapienter,
1923 2784 1978 2828 et
1998 2790 2085 2830 su-

506 2875 603 2927 pra
627 2875 789 2930 quam
816 2860 922 2915 dici
948 2870 1143 2931 potest,
1165 2862 1411 2931 providet
1439 2878 1503 2917 ac
1530 2862 1661 2918 facit
1686 2863 1831 2919 Deus
1857 2879 1956 2919 nos
1970 2874 2080 2932 ter,

508 2951 712 3021 Deique
739 2952 993 3019 Verbum,
1028 2970 1148 3007 cum
1179 2954 1291 3024 jam
1324 2954 1557 3009 humana
1593 2963 1790 3011 natura
1826 2955 2081 3026 prolapsa

507 3050 674 3110 esset,
708 3060 812 3099 non
844 3045 983 3100 hanc
1006 3046 1183 3101 solum
1224 3062 1293 3103 ex
1345 3047 1559 3102 inﬁnita
1602 3063 1700 3104 sua
1736 3049 1791 3104 in
1832 3049 2084 3105 homines

507 3135 712 3190 amoris
733 3135 784 3190 vi
807 3135 1058 3201 assumit,
1077 3138 1168 3191 sed
1193 3153 1289 3207 per
1308 3152 1427 3193 eam
1449 3153 1665 3209 quoque
1684 3140 1961 3206 omnibus,
1982 3140 2074 3210 qui

506 3222 747 3293 ejusdem
766 3235 969 3279 naturae
983 3234 1187 3289 essent,
1207 3227 2084 3298 correctionem,incorruptionem
2114 3268 2158 3328 α

502 3311 676 3367 etalia
691 3313 791 3368 ista
812 3312 1222 3367 innumerabilia
1242 3314 1377 3368 bona
1396 3314 1625 3384 largitur
1645 3333 1660 3370 :
1682 3332 1804 3371 cum
1824 3319 2088 3375 daemonis

508 3413 693 3461 tamen
721 3420 894 3476 genus
929 3420 1212 3461 assumere
1260 3420 1437 3477 neque
1475 3408 1709 3478 justum,
1742 3424 1916 3480 neque
1960 3412 2090 3467 utile

509 3512 636 3553 esse
657 3497 884 3567 judicet.
912 3498 1005 3554 Sic
1040 3498 1110 3553 40
1145 3507 1198 3554 et
1224 3499 1367 3570 quod
1392 3500 1639 3570 sequitur
1666 3514 1829 3573 caput
1861 3504 1931 3560 ab
1961 3520 2087 3575 spe-

509 3589 746 3646 culativo
777 3602 832 3647 et
856 3592 1095 3647 studiose
1125 3592 1393 3662 scriptore
1418 3592 1712 3649 clauditur.

580 3681 674 3736 42.
707 3680 1001 3753 lnvestigat
1036 3682 1180 3738 unde
1212 3684 1368 3739 nobis
1406 3698 1437 3738 e
1468 3684 1741 3741 deteriore
1781 3687 1833 3741 in
1876 3687 2087 3754 melius,

507 3781 567 3831 et
593 3782 781 3828 contra
837 3774 904 3828 ad
961 3775 1200 3830 deterius
1243 3791 1273 3829 e
1312 3775 1522 3830 meliori
1563 3778 1792 3832 mutatio
1838 3788 1946 3833 tam
1980 3779 2090 3832 fre-

510 3880 709 3935 quens,
738 3866 911 3930 varia,
944 3881 1008 3920 ac
1042 3882 1179 3936 pene
1223 3871 1485 3924 continua
1514 3873 1748 3927 exsistat
1783 3891 1797 3928 :
1833 3875 2091 3944 incorpo-

511 3958 622 4013 reis
654 3972 808 4021 vero,
834 3959 957 4013 aliis
978 3960 1177 4013 bonum
1211 3960 1282 4014 sit
1309 3963 1667 4029 immutabile,
1704 3965 1828 4020 aliis
1878 3968 2094 4021 vitium?

512 4047 748 4104 Causam
777 4049 978 4117 reddit,
1021 4053 1164 4121 quod
1201 4052 1255 4107 in
1287 4055 1443 4109 nobis
1465 4070 1587 4110 omn
1617 4058 1786 4111 animi
1816 4059 2093 4115 inclinatio

515 4141 574 4196 in
615 4141 940 4194 alterutram
961 4152 1167 4209 partem
1195 4144 1529 4212 conuitatur,
1554 4148 1625 4202 ob
1648 4150 1902 4218 subjectae
1930 4161 2096 4206 matc-

516 4234 615 4289 τίω
660 4231 862 4288 ﬂuxum
911 4244 1073 4305 atque
1113 4236 1534 4307 vacillationem,
1561 4240 1650 4294 illa
1686 4241 1976 4313 aliquando
2007 4259 2096 4298 ra-

512 4324 717 4379 tionem
749 4337 989 4395 superet,
1018 4328 1287 4382 interdum
1314 4329 1480 4384 etiam
1519 4342 1846 4402 superetur:
1887 4334 1941 4389 in
1967 4335 2092 4401 illis,

516 4418 585 4472 ad
611 4434 749 4488 quos
781 4435 1123 4491 nequaquam
1159 4424 1384 4478 materia
1430 4424 1674 4493 irrepere
1712 4435 1912 4495 potest,
1957 4428 2095 4481 ratio

512 4509 626 4565 sola
655 4510 708 4564 in
733 4520 976 4567 actiones
1008 4527 1197 4568 omnes
1253 4514 1538 4585 imperium
1576 4516 1840 4571 obtineat.
1892 4516 2095 4584 Quam-

2103 1922 2151 1980 B

2167 673 2505 744 πρόδρομος
2528 671 2685 742 ὑπὲρ
2728 671 2901 742 ἡμῶν
2927 670 3176 741 είσῆλθε
3209 674 3473 741 Χριστός.
3510 677 3700 752 Ταύτην

2171 760 2263 815 οὕν
2288 764 2389 831 τὴν
2418 762 2537 816 ὁδὸν
2564 764 2697 833 ἡμῖν
2727 760 3060 831 ἀνεκάλυψε,
3097 763 3193 816 καὶ
3220 763 3417 835 ταύτης
3439 767 3558 835 ἡμῖν
3584 771 3700 823 καθ-

2168 852 2481 923 ηγήσασθαι
2510 852 2857 923 δικαιοσύνης
2876 851 3151 917 ἀπόδειξις
3176 847 3269 923 ἦν,
3291 854 3366 918 ὡς
3389 854 3451 908 ἂν
3474 857 3704 926 μαθόντες

2170 943 2615 1015 ἑπιποθήσωμεν,
2650 944 2988 1014 ποθήσαντες
3020 944 3077 997 δὲ
3130 945 3268 1015 πρὸς
3303 944 3363 998 τὸ
3408 947 3703 1019 ποθούμενον

2172 1035 2738 1107 παρασκευαζώμεθα.
2769 1038 2893 1099 Τοῖς
2937 1036 2993 1088 δὲ
3051 1036 3307 1104 ἀγγέλοις
3358 1037 3617 1108 γνώριμος
3648 1036 3706 1110 ἦν

2170 1126 2269 1179 ἀπ’
2299 1126 2475 1197 ἀρχῆς
2507 1128 2598 1182 καὶ
2624 1129 2706 1192 είς
2757 1127 2960 1196 γνῶσιν
2992 1128 3231 1198 ἠγμένος
3276 1129 3303 1181 ό
3340 1128 3577 1196 οὐρανός.
3608 1131 3711 1187 Ἔτι

2171 1218 2229 1272 δὲ
2281 1219 2376 1272 καὶ
2418 1222 2551 1289 ἡμῖν
2610 1220 2710 1292 μὲν
2770 1219 2871 1290 τὴν
2922 1219 3219 1274 ἀνάστασιν
3269 1220 3483 1285 ἑνωθεὶς
3529 1223 3618 1276 καὶ
3663 1226 3715 1280 τὸ

2174 1309 2460 1383 ἄφθαρτον
2499 1312 2595 1366 καὶ
2642 1313 2910 1369 ἀθάνατον
2958 1312 3047 1366 διὰ
3077 1315 3179 1384 τῆς
3223 1312 3427 1375 οίκείας
3457 1315 3715 1386 χαρίζεται

2174 1400 2526 1465 ἀναστάσεως
2548 1418 2563 1433 ο
2616 1402 2678 1455 τὸ
2704 1402 2763 1455 δὲ
2787 1401 3079 1470 ἀσώματον
3129 1401 3285 1470 γένος
3302 1439 3318 1464 ,
3368 1401 3618 1455 ἀθάνατον
3645 1402 3716 1470 ὃν,

2175 1495 2279 1563 τῆς
2311 1493 2572 1564 τοιαύτης
2608 1493 2857 1557 ἀνενδεὲς
2899 1492 3143 1564 χάριτος.
3189 1492 3299 1545 Καὶ
3347 1491 3585 1564 suos;
3635 1495 3721 1565 μὲν

2176 1585 2524 1655 ἐπιδημήσας
2577 1586 2742 1656 σαρκὶ
2802 1586 2902 1656 τῆς
2952 1584 3294 1656 κατεχούσης
3353 1583 3447 1639 τοῦ
3497 1586 3720 1641 διαϐόλου

2177 1678 2493 1748 τυραννίδος
2524 1677 2888 1748 ἠλευθέρωσε,
2931 1678 3033 1743 τὰς
3056 1677 3231 1749 ἀρχάς
3256 1677 3619 1749 θριαμϐεύσας
3642 1681 3723 1735 καὶ

2177 1769 2278 1834 τὰς
2310 1770 2559 1834 ἐξουσίας
2591 1772 2649 1823 ἐν
2681 1769 2761 1840 τῷ
2791 1768 3030 1840 σταυρῷ,
3064 1770 3160 1823 καλ⁵
3188 1768 3415 1839 δύναμιν
3442 1771 3570 1840 ἡμῖν
3590 1788 3724 1842 χαρι-

2181 1862 2415 1932 σάμενος
2439 1864 2619 1916 πᾶσαν
2647 1860 2749 1933 τὴν
2767 1860 2862 1914 τοῦ
2892 1859 3090 1932 ἐχθροῦ
3122 1859 3351 1930 δύναμιν
3378 1863 3720 1914 καταπατεῖν·

2178 1952 2228 2006 εί
2261 1953 2319 2007 δὲ
2342 1952 2441 2022 τὴν
2465 1952 2689 2007 ἐκείνων
2719 1951 2886 2005 ὑπέδυ
2918 1951 3102 2019 φύσιν,
3133 1949 3285 2014 τίνας
3311 1949 3377 2004 ἂν
3401 1952 3724 2021 κατήργησες

2176 2044 2337 2098 ποίαν
2387 2044 2445 2097 δὲ
2486 2044 2587 2115 τὴν
2639 2044 2887 2109 ἐξουσίαν
2918 2044 3060 2097 τίσιν
3107 2042 3278 2099 ἐδίδου
3337 2043 3434 2098 καὶ
3476 2042 3612 2099 κατὰ
3656 2044 3726 2099 τί-

2178 2153 2285 2190 νων
2305 2151 2319 2202 ;

2246 2228 2434 2298 Χωρὶς
2457 2226 2515 2280 δὲ
2535 2226 2645 2280 τῶν
2671 2226 3003 2296 εἰρημένων,
3022 2227 3155 2297 ἡμῖν
3179 2224 3279 2298 μὲν
3301 2224 3555 2279 πεσοῦσιν
3579 2224 3731 2289 οὐδεὶς

2177 2313 2245 2391 ἦν
2267 2318 2634 2388 ὑπογραμμδς
2664 2316 2761 2387 τὴν
2787 2315 2955 2386 αὐτὴν
2983 2313 3167 2385 λαχὼν
3204 2312 3370 2384 φύσιν
3400 2311 3729 2384 διορθώσεως,

2179 2412 2293 2474 τοῖς
2315 2410 2373 2464 δὲ
2395 2407 2712 2462 πεπτωκόσι
2736 2406 2845 2460 τῶν
2872 2406 3144 2475 δαιμόνων
3170 2404 3343 2476 μυρία
3369 2403 3619 2485 τάγματα
3638 2403 3732 2457 τῶν

2179 2499 2492 2569 ἀσωμάτων
2542 2496 2829 2569 ἀτρέπτως
2875 2496 3148 2567 ἑστηκότα
3186 2495 3495 2565 πρόκειται,
3530 2494 3619 2548 καὶ
3651 2510 3733 2547 πο-

2181 2592 2388 2655 λιτείας
2439 2589 2624 2644 ἐνθέου
2676 2589 3033 2659 παράδειγμα
3085 2587 3217 2641 ὄντα
3269 2587 3369 2641 καὶ
3422 2584 3735 2658 διορθώσεως

2182 2683 2434 2749 ἀκλινοῦς
2480 2680 2851 2745 ύποτύπωσις.
2886 2680 3088 2751 Διόπερ
3143 2680 3173 2733 ό
3222 2681 3404 2735 πάντα
3446 2678 3618 2747 σοφῶς
3655 2675 3736 2729 καὶ

2184 2778 2326 2848 ὑπὲρ
2372 2776 2531 2844 λόγον
2564 2776 2963 2846 προνοούμενος
2990 2775 3084 2827 καὶ
3121 2771 3381 2845 πράττων
3423 2770 3550 2833 Θεὸς
3581 2768 3734 2839 ἡμῶν.

2182 2869 2213 2921 ὁ
2241 2866 2337 2922 τοῦ
2380 2865 2515 2921 Θεοῦ
2547 2866 2738 2935 Λόγος,
2766 2864 2865 2935 τῆς
2902 2863 2999 2933 μὲν
3046 2861 3399 2932 ἀνθρωπίνης
3433 2858 3636 2928 φύσεως
3664 2858 3738 2909 τὸν

2184 2959 2399 3015 ὄλισθον
2467 2957 2785 3026 ὑποστάσης
2853 2958 2948 3011 καὶ
3012 2955 3498 3027 προσλαμϐάνεται
3558 2951 3740 3019 ταύτην

2186 3053 2412 3124 ἀρρήτῳ
2462 3046 2875 3120 φιλανθρωπίας
2909 3046 3114 3118 μέτρῳ,
3162 3045 3257 3099 καὶ
3305 3044 3374 3098 δι’
3404 3042 3571 3112 αὐτῆς
3624 3041 3739 3092 πᾶσι

2187 3145 2302 3206 τοῖς
2328 3141 2592 3213 όμοφυέσι
2638 3140 2741 3209 τήν
2773 3156 2833 3192 τε
2865 3138 3150 3209 διόρθωσιν
3184 3135 3282 3189 καὶ
3330 3134 3430 3206 τὴν
3463 3130 3742 3201 ἀφθαρσίαν

2194 3235 2290 3289 καὶ
2318 3233 2390 3286 τὰ
2415 3230 2587 3303 μυρία
2613 3230 2900 3301 χαρίζεται
2926 3228 3128 3295 ἀγαθά,
3153 3226 3249 3281 τοῦ
3280 3226 3339 3280 δὲ
3369 3222 3637 3294 δαιμονίου
3658 3219 3743 3289 φύ-

2192 3326 2283 3380 λου
2304 3323 2366 3379 ob
2391 3324 2488 3395 μὲν
2512 3320 2609 3376 οὖν
2635 3321 2757 3375 οὕτε
2784 3320 2997 3374 δικαίαν
3024 3317 3148 3372 οὕτε
3178 3317 3566 3388 συμφέρουσαν
3593 3311 3744 3383 κρίνει

2190 3419 2294 3490 τὴν
2322 3414 2650 3487 πρόσληψιν.
2701 3412 2860 3467 Οὕτω
2898 3411 2997 3483 μὲν
3026 3410 3120 3465 οὖν
3145 3410 3241 3464 καὶ
3278 3408 3343 3464 τὸ
3368 3408 3464 3463 ἐπὶ
3494 3405 3657 3476 τούτῳ
3679 3401 3746 3473 τῷ

2192 3508 2547 3581 φιλοθεάμονι
2576 3506 2671 3560 καὶ
2711 3500 3119 3573 σπουδαιολόγῳ
3161 3501 3321 3573 ἀνδρὶ
3354 3498 3625 3555 διανύεται
3664 3512 3746 3549 κε-

2193 3603 2445 3673 φάλαιον.

2277 3694 2366 3746 Ἐν
2399 3691 2456 3745 δὲ
2500 3689 2580 3763 τῷ
2612 3686 2702 3761 μβ⁹
2752 3690 2906 3758 ζητεῖ
2935 3686 3102 3741 πόθεν
3133 3687 3265 3757 ἡμῖν
3322 3685 3423 3757 μὲν
3470 3682 3532 3736 εκ
3573 3697 3629 3733 τε
3668 3676 3748 3733 τοῦ

2195 3787 2441 3859 χείρονος
2473 3787 2553 3849 είς
2600 3784 2661 3837 τὸ
2692 3785 2941 3855 κρεῖττον
2964 3781 3060 3835 καὶ
3088 3780 3228 3850 πρὸς
3256 3778 3320 3832 τὸ
3345 3780 3525 3849 χεῖρον
3548 3768 3748 3829 ἀπὸτοῦ

2196 3878 2509 3950 κρείττονος
2542 3878 2576 3948 ὴ
2606 3873 2878 3947 μεταϐολὴ
2919 3872 3016 3925 καὶ
3046 3869 3217 3941 πολλὴ
3248 3870 3347 3923 καὶ
3386 3867 3635 3936 διάφορος
3671 3861 3752 3913 καὶ

2200 3968 2400 4041 μικροῦ
2432 3966 2684 4039 συνεχὴς,
2712 3965 2825 4019 τῶν
2863 3964 2921 4018 δὲ
2956 3962 3263 4032 ἀσωμάτων
3308 3959 3484 4028 γενῶν
3535 3958 3641 4019 τοῖς
3669 3952 3754 4041 μὲν

2196 4060 2257 4113 τὸ
2305 4040 2470 4112 καλὸν
2500 4055 2907 4128 ἀμετάϐλητον,
2944 4054 3055 4115 τοῖς
3086 4051 3144 4104 δὲ
3174 4050 3234 4103 τὸ
3278 4048 3506 4119 φαῦλον.
3548 4046 3651 4099 Καὶ
3685 4040 3755 4094 τί·

2198 4152 2356 4224 θησψ
2378 4151 2558 4205 αἰτίαν
2580 4151 2713 4220 ἡμῖν
2743 4148 2842 4218 μὲν
2869 4148 2968 4218 τῆς
2996 4145 3082 4215 ἐφ’
3109 4145 3352 4215 ἑκάτερα
3382 4139 3754 4206 στασιαζούσης

2199 4243 2374 4317 ῥοπῆς
2396 4242 2495 4313 τῆς
2525 4241 2654 4315 [558
2684 4239 2778 4312 Η.]
2822 4237 3277 4308 ύποϐεϐλημένης
3309 4234 3443 4305 ὕλης
3474 4232 3535 4286 τὺ
3580 4226 3754 4301 ροὦδὲς

2196 4354 2256 4391 τε
2302 4336 2399 4391 καὶ
2432 4334 2839 4405 εὐπαράφορον,
2879 4330 3011 4385 ποτὲ
3045 4329 3145 4399 μὲν
3177 4329 3271 4383 τοῦ
3328 4324 3592 4397 λογισμοῦ
3640 4334 3757 4391 κρα-

2197 4426 2394 4481 τοῦσαν
2414 4425 2483 4490 ⁸⁷,
2504 4423 2635 4478 ποτὲ
2657 4422 2715 4475 δὲ
2732 4420 3133 4493 κρατουμένην.
3152 4420 3240 4472 Ἐν
3269 4418 3502 4479 ἐκείνοις
3522 4414 3578 4469 δὲ
3605 4410 3755 4481 μηδα-

2204 4518 2319 4589 μῶς
2364 4518 2464 4588 τῆς
2521 4514 2654 4584 ὕλης
2715 4512 3072 4585 παρείσδυσιν
3118 4508 3395 4579 λαϐούσης
3438 4510 3467 4563 ό
3521 4499 3756 4573 λογισμὸς

513 4601 700 4657 obrem
729 4603 944 4663 illorum
978 4605 1196 4675 quidem
1235 4621 1419 4674 casus,
1445 4609 1537 4677 qui
1580 4618 1771 4678 sponte
1815 4619 1871 4665 et
1921 4610 2083 4679 impe-

2204 4611 2367 4682 μόνος
2400 4609 2508 4663 τῶν
2569 4605 2826 4678 πράξεων
2874 4604 2986 4673 ἔχει
3022 4603 3085 4656 τὸ
3138 4602 3364 4672 κράτος.
3401 4600 3493 4652 an;
3537 4595 3640 4649 τῶν
3671 4590 3757 4682 μὲν

515 4692 690 4749 rantis
716 4710 906 4751 revera
939 4712 1090 4752 more
1130 4700 1195 4753 ad
1221 4699 1462 4756 deterius
1504 4699 1704 4770 delapsi
1742 4712 1889 4768 sunt,
1918 4701 1976 4756 ﬁt
1999 4703 2098 4756 im-

518 4785 883 4855 medicabilis,
922 4803 1042 4842 cmu
1074 4791 1208 4845 nihil
1239 4792 1535 4862 quidquam
1562 4793 1614 4845 in
1647 4805 1707 4846 se
1736 4792 1965 4848 validius
2003 4795 2099 4848 ha-

514 4872 704 4941 beant,
733 4881 880 4947 quod
922 4883 1002 4935 sui
1031 4880 1173 4951 juris
1200 4894 1459 4946 mentem,
1488 4882 1600 4952 jam
1633 4899 1698 4938 ex
1732 4899 1789 4938 se
1817 4883 2095 4950 ﬂuentem,

516 4970 584 5025 ad
611 4970 666 5027 id
695 4972 838 5041 quod
877 4972 1141 5040 deterius,
1176 4984 1393 5032 revocet
1436 4994 1450 5030 :
1482 4976 1939 5047 quemadmodum
1976 4978 2099 5033 aliis

517 5075 728 5132 contra,
753 5066 843 5133 qui
876 5076 1067 5135 sponte
1098 5080 1161 5122 ac
1185 5067 1358 5123 libere
1386 5084 1626 5125 amorem
1680 5070 1891 5124 honesti
1940 5084 2098 5125 acce—

526 5164 745 5224 perunt,
782 5157 931 5211 nullo
973 5156 1120 5212 ﬂuxu
1164 5162 1443 5214 turbatum
1486 5160 1616 5215 illud
1654 5177 1842 5215 eorum
1884 5161 2097 5216 deside—

519 5247 660 5301 rium
693 5259 1071 5305 conservatur.
1096 5250 1232 5307 Cum
1266 5268 1367 5308 nos
1395 5253 1614 5308 interim
1657 5254 1820 5308 veluti
1856 5253 2099 5323 duplices

519 5342 768 5409 quidam,
786 5359 851 5400 ac
877 5357 1166 5416 propterea
1188 5346 1356 5401 etiam
1388 5345 1531 5401 male
1551 5347 1911 5402 admissurum
1934 5347 2101 5416 paeni-

522 5436 686 5490 tentia
718 5435 892 5503 ducti,
925 5452 1031 5492 non
1065 5439 1212 5509 ipsos
1250 5447 1506 5506 tanquam
1529 5438 1738 5493 alienos
1764 5438 2098 5493 incusemus.

598 5592 619 5633 ι
671 5595 841 5650 licbr.
884 5613 957 5660 vr,
996 5597 1089 5653 20.
1164 5597 1433 5655 luColoss.
1464 5597 1644 5663 ".15.

1725 5609 1751 5636 n
1790 5597 1922 5653 Luc.
1956 5613 2012 5664 χ,
2050 5598 2138 5653 19.
2252 5604 2277 5631 ο

2201 4681 2467 4764 ἑκουσίως
2508 4700 2603 4752 καὶ
2648 4697 2725 4761 ὡς
2763 4695 2980 4765 άληθῶς
3032 4690 3514 4763 αὐτοκρατορικῶς
3558 4686 3683 4759 πρὸς
3707 4681 3757 4735 τδ

2201 4798 2382 4866 χεῖρον
2413 4790 2823 4859 ἀπενεχθέντων
2854 4788 2886 4850 ἡ
2913 4785 3123 4848 πτῶσις
3168 4784 3388 4847 ἀνίατος
3422 4782 3647 4850 γίνεται,
3672 4774 3758 4827 οὐκ

2201 4886 2435 4957 ἑχόντων
2458 4882 2646 4952 ἕτερόν
2682 4897 2735 4933 τι
2767 4880 3019 4949 κρεῖττον
3067 4878 3124 4929 ἐν
3154 4876 3389 4937 ἑαυτοῖς,
3427 4872 3456 4926 ὃ
3489 4871 3584 4942 τὴν
3621 4867 3759 4957 αύτο-

2198 4955 2460 5031 δέσποτον
2493 4974 2721 5045 γνώμην
2770 4970 2943 5040 αὐτὴν
2974 4969 3063 5038 ὑφ’
3090 4967 3292 5037 ἑαυτῆς
3340 4964 3610 5037 ρεύσασαν
3640 4955 3759 5021 πρὸς

2200 5070 2262 5123 τὸ
2291 5070 2471 5139 χεῖρον
2498 5066 2661 5121 πάλιν
2704 5063 3122 5117 ἀνακαλέσοιτο·
3152 5060 3341 5129 ὥσπερ
3376 5057 3444 5113 αὖ
3480 5054 3636 5108 πάλιν
3662 5049 3758 5107 τοῖς

2203 5160 2467 5222 ἑκουσίως
2498 5157 2595 5211 καὶ
2623 5156 2941 5224 αύτονόμως
2983 5154 3077 5206 τὸν
3114 5151 3293 5223 ἔρωτα
3326 5150 3417 5203 τοῦ
3447 5142 3649 5216 ἀγαθοῦ
3674 5141 3756 5191 λα·-

2203 5252 2390 5307 ϐοῦσιν
2414 5250 2543 5324 [653
2571 5248 2667 5322 R.]
2698 5248 3123 5319 ἀπαράτρεπτος
3154 5244 3182 5297 ὁ
3230 5242 3391 5305 πόθος
3418 5240 3521 5294 ὑπὸ
3535 5238 3578 5270 ³⁸
3613 5231 3757 5305 μηδε-

2209 5328 2339 5412 μιᾶς
2364 5348 2492 5416 ῥοῆς
2519 5341 2904 5412 ἐνοχλούμενος
2931 5336 3277 5402 διασώζεται.
3296 5334 3356 5387 Ἥ
3367 5334 3489 5403 μεῖς
3513 5329 3566 5382 δὲ
3588 5326 3754 5416 ὥσπερ

2203 5404 2383 5493 dmi-oi
2435 5404 2584 5499 τινές
2611 5404 2832 5505 ’ἑσμενο
2890 5430 2970 5485 διὸ
3025 5429 3121 5485 καὶ
3183 5422 3641 5499 μεταμεληθέντες
3687 5404 3757 5473 οἷς

1803 5751 2044 5811 VARle
2095 5749 2504 5809 LECTIONES.

604 5901 647 5931 ⁸⁸
677 5900 836 5973 ὅπου]
872 5900 1002 5957 ibid.
1040 5918 1115 5966 Vl,
1148 5902 1236 5958 20.
1286 5905 1360 5976 ,³⁷
1408 5903 1526 5972 lege
1561 5900 1874 5972 κρατούσης
1918 5929 1967 5940 -
1996 5898 2401 5970 κρατουμένης.

2493 5896 2538 5929 ³⁸
2567 5892 2707 5963 ύπὶρ
2742 5909 2799 5956 ς.
