4032 6456
526 459 631 523 823

1669 456 1932 517 PHOTII
1966 448 2470 514 ΡΑΤΒΙΑΒΟΗΑΞ
2492 445 2602 507 CP.

3634 432 3728 499 ιιι

478 604 481 608 μ
525 586 689 643 quam
718 569 964 624 fecerint.
1004 567 1322 623 Pratdictam
1365 582 1495 640 ergo
1523 566 1822 623 Salvatoris
1866 574 2089 621 senten-

2207 564 2342 615 toctv
2382 557 2579 626 ἐπάγει
2632 552 2731 622 τῆς
2763 546 3021 615 δευτέρας
3046 539 3312 643 ἀπορίας,
3356 536 3464 643 καὶ.
3496 538 3719 613 δεύτερον
3755 581 3758 588 ,

532 674 659 719 tiam
719 661 878 718 simul
910 661 1101 730 206b
1134 675 1231 729 pro
1279 659 1550 715 solutione
1601 658 1957 715 dubitationis
2001 671 2091 712 se-

528 757 716 811 cundae
745 754 919 817 alfert,
970 762 1024 804 et
1068 752 1228 805 simul
1276 767 1372 820 pro
1404 752 1578 808 altero
1605 760 1949 820 argumento,
1988 761 2096 819 quo

529 850 833 901 (lanmonum
866 853 1119 896 naturam
1166 858 1196 897 e
1227 844 1369 898 malo
1406 858 1514 897 non
1564 842 1765 896 mutari
1803 854 1963 911 posse
2012 854 2097 894 os.

535 944 809 993 tendatur.

597 1029 728 1084 Post
767 1028 881 1083 hinc
907 1027 1082 1097 capite
1132 1026 1200 1080 44
1232 1025 1529 1089 excutitur,
1579 1040 1685 1094 qua
1716 1023 1783 1078 de
1807 1037 1969 1078 causa
2002 1022 2095 1091 qui

527 1120 955 1192 regenerationis
1010 1120 1225 1173 lavacro
1273 1117 1510 1186 tingendi
1566 1118 1850 1178 accedunt,
1884 1113 2097 1170 Satanae

527 1220 583 1265 et
604 1211 861 1279 operibus
882 1210 998 1279 ejus
1033 1209 1282 1262 nuntium
1326 1209 1602 1261 remittant
1634 1225 1647 1262 :
1678 1222 1787 1261 non
1835 1206 1959 1260 item
1999 1207 2096 1258 ho-

531 1301 765 1356 minibus
796 1300 1075 1367 improbis,
1109 1311 1407 1367 eorumque
1429 1296 1773 1351 actionibus?
1807 1296 2098 1350 Enimvero

530 1392 573 1445 si
602 1408 706 1446 non
753 1396 1053 1447 daemonum
1111 1397 1338 1452 naturae,
1388 1389 1481 1442 sed
1531 1389 1784 1455 operibus
1834 1386 2100 1441 duntaxat

528 1499 740 1546 eorum,
776 1494 1031 1551 tanquam
1067 1480 1247 1543 malis,
1286 1480 1683 1542 renunticmus,
1720 1478 1835 1547 pari
1884 1479 2099 1532 ratione

530 1576 817 1645 oportebat
866 1574 1143 1628 hominum
1200 1588 1305 1625 non
1343 1581 1546 1625 naturae
1575 1571 1812 1641 quidem,
1857 1578 1915 1624 at
1953 1579 2100 1624 certe

531 1665 791 1731 operibus
821 1664 1149 1717 renuntiare.
1182 1660 1299 1716 NOII
1333 1662 1479 1716 enim
1522 1664 1664 1730 quod
1700 1659 1927 1729 majora,
1959 1658 2100 1713 (11111-

533 1756 745 1817 ciliora.
774 1770 837 1810 ac
865 1771 1027 1825 supra
1053 1764 1299 1809 naturam
1335 1764 1577 1810 nostram
1602 1755 1906 1810 daemonum
1931 1768 2100 1824 opera

532 1848 663 1911 sint,
690 1857 836 1901 recte
858 1847 1125 1916 quispiam
1158 1862 1255 1915 pro
1287 1845 1645 1902 dubitationis
1690 1846 1971 1901 solutione
2018 1846 2098 1900 di-

532 1939 693 1993 xerit.
731 1938 863 1993 Nam
893 1940 1220 1993 contrarium
1274 1939 1451 2007 potius
1505 1938 1607 1993 hoc
1655 1938 1829 2006 ipsum
1881 1939 2100 1991 dubium

534 2040 695 2099 auget
722 2045 738 2084 :
776 2030 820 2084 si
842 2029 1056 2099 quidem
1087 2029 1174 2082 llla
1209 2029 1474 2098 quispiam
1506 2043 1575 2082 ne
1616 2029 1884 2091 admittat,
1915 2029 2107 2096 depre-

534 2131 707 2186 catur,
737 2136 841 2175 non
877 2136 995 2189 quae
1023 2118 1201 2174 facere
1255 2119 1395 2174 nullo
1451 2119 1610 2173 modo
1666 2122 1857 2187 possit,
1916 2121 2010 2173 sed
2040 2120 2106 2174 ad

536 2224 655 2276 quae
686 2207 891 2278 agenda
924 2206 1239 2277 propendet.
1293 2204 1467 2274 Ipsam
1503 2208 1670 2274 igitur
1712 2206 2105 2260 dubitationem

535 2301 616 2353 sic
645 2297 754 2353 fere
786 2299 1020 2352 instituit
1054 2317 1066 2353 :
1108 2297 1263 2367 cujus
1304 2298 1441 2352 hanc
1494 2296 1716 2367 subjicit
1757 2296 2104 2353 solutionem.

535 2387 772 2443 Primam
801 2389 1040 2457 quidem,
1070 2388 1209 2456 quod
1235 2388 1505 2441 dannones
1530 2387 1844 2456 resipiscere
1865 2400 1970 2440 non
1984 2401 2107 2455 pos-

536 2479 645 2533 sin't
674 2497 689 2534 :
720 2480 864 2549 quod
897 2481 1082 2549 utique
1128 2472 1287 2548 longe
1333 2479 1550 2549 gravius
1586 2489 1748 2548 atque
1781 2478 2105 2533 abominan-

536 2572 660 2626 dum
694 2573 864 2643 magis
894 2582 1000 2639 est,
1020 2586 1181 2643 quam
1218 2571 1322 2625 alia
1348 2571 1513 2626 multo
1543 2573 1792 2641 graviora
1838 2579 2057 2640 peccata
2087 2588 2101 2625 :

535 2665 626 2719 sed
653 2681 773 2734 qua:
798 2664 866 2719 ab
887 2665 1215 2727 hominibus,
1233 2664 1322 2733 qui
1354 2679 1451 2734 per
1477 2665 1853 2733 paenitentiam
1882 2664 1933 2718 in
1962 2666 2103 2717 viam

535 2759 717 2813 reduci
749 2757 977 2826 possint,
1006 2756 1435 2812 committuntur.
1460 2755 1698 2809 Alteram
1723 2754 1932 2822 deinde,
1964 2756 2105 2823 quod

535 2847 603 2902 ab
631 2849 785 2901 initio
840 2846 1111 2912 Salvator,
1157 2854 1212 2900 et
1257 2845 1568 2900 securitatis
1627 2854 1823 2899 nostra:
1861 2854 2103 2911 curator,

538 2940 827 2995 terminum
889 2938 1299 2992 inimicitiarum
1364 2934 1738 2999 immobilem,
1808 2934 2104 2989 daemonem

536 3034 678 3088 inter
727 3041 783 3088 et
835 3033 1084 3087 homines
1139 3028 1450 3100 praeﬁxerit,
1502 3039 1563 3082 ut
1612 3030 1873 3084 adversus
1929 3028 2103 3099 ipsum

535 3126 717 3179 odium
741 3124 1047 3179 immortale
1075 3124 1218 3179 inter
1245 3124 1454 3193 seipsos
1476 3133 1781 3185 servantes,
1830 3136 2104 3189 nunquam

2192 649 2544 721 ἐπιχείρημα,
2589 643 2717 717 [656
2760 638 2851 711 [1.]
2898 635 2966 691 δι’
3017 626 3079 687 οὗ
3131 631 3190 684 τὸ
3237 627 3595 700 ἀμετάϐλητον
3635 633 3727 688 ἀπὸ

2192 742 2390 806 κακίας
2416 739 2516 809 τῆς
2546 732 2827 805 δαιμονίας
2861 724 3229 780 ἐπιδείκνυται
3267 721 3498 790 φύσεως.
3748 754 3751 755 ν

2263 1003 2388 1057 Ἐπὶ
2416 1002 2472 1055 δὲ
2498 998 2708 1059 τούτοις
2742 996 2798 1048 ὲν
2842 992 2920 1063 τῷ
2955 991 3036 1061 μδ¹
3068 985 3348 1058 κεφαλαίῳ
3392 986 3728 1058 διερευνᾶται,

2194 1096 2337 1159 τίνος
2360 1094 2518 1165 χάριν
2548 1091 2596 1144 oi
2634 1087 2712 1159 τῷ
2746 1081 2956 1154 λουτρῷ
3002 1083 3102 1153 τῆς
3150 1076 3562 1145 παλιγγενεσίας
3587 1094 3738 1147 προσ-

2197 1187 2479 1257 ερχόμενοι
2502 1181 2580 1253 τῷ
2610 1181 2708 1251 μὲν
2741 1175 2958 1245 Σατανᾷ
2986 1172 3081 1225 καὶ
3110 1172 3220 1232 τοῖς
3242 1169 3422 1238 ἔργοις
3440 1166 3596 1220 αὐτοῦ
3625 1168 3741 1220 ἀπο-

2195 1279 2510 1338 τάσσονται,
2545 1273 2730 1327 οὐκέτι
2767 1269 2823 1323 δὲ
2882 1266 2975 1321 καὶ
3031 1266 3142 1326 τοῖς
3176 1262 3431 1331 πονηροῖς
3463 1258 3743 1330 ἀνθρώποις

2197 1371 2293 1424 καὶ
2323 1371 2445 1433 ταῖς
2470 1365 2675 1419 τούτων
2704 1360 2938 1433 πράξεσι
2960 1374 2975 1388 ⁸
3013 1355 3195 1410 καίτοι
3227 1370 3317 1421 γε,
3363 1353 3412 1405 εί
3448 1351 3523 1421 μὴ
3553 1353 3616 1421 τῇ
3652 1350 3747 1405 τῶν

2195 1460 2470 1531 δαιμόνων
2505 1457 2663 1528 οὐσίᾳ
2695 1454 2832 1509 ἀλλὰ
2866 1454 2981 1514 τοῖς
3013 1448 3196 1519 ἔργοις
3229 1443 3408 1497 αὐτῶν
3439 1442 3513 1505 ὡς
3544 1441 3746 1512 φαύλοις

2197 1549 2644 1622 ἀποτασσόμεθα,
2700 1546 2867 1617 ἐχρῆν
2905 1544 3000 1597 καὶ
3030 1542 3099 1611 τῇ
3158 1537 3266 1591 τῶν
3324 1534 3616 1605 ἀνθρώπων
3666 1535 3750 1605 μὲν

2198 1645 2356 1715 οὐσίᾳ
2388 1643 2461 1714 μὴ
2517 1635 2942 1700 ἀποτάσσεσθαι,
2968 1634 3081 1695 τοῖς
3129 1628 3311 1701 ἔργοις
3338 1626 3381 1679 δ’
3423 1625 3597 1681 αὐτῶν
3631 1626 3750 1679 ἀπο⁴

2198 1736 2515 1793 τάσσεσθαι.
2544 1733 2617 1785 Ού
2647 1732 2755 1800 γὰρ
2782 1728 2865 1781 ὅτι
2896 1723 3125 1796 μείζονα
3166 1720 3262 1773 καὶ
3290 1715 3639 1789 χαλεπώτερα
3673 1718 3758 1769 καῖ’

2205 1829 2346 1901 ὑπὲρ
2378 1828 2477 1897 τὴν
2508 1826 2665 1898 ἡμῶν
2709 1820 2875 1893 φύσιν
2906 1818 2977 1872 τὰ
3004 1817 3112 1869 τῶν
3141 1813 3413 1885 δαιμόνων
3442 1809 3593 1885 ἔργα,
3617 1808 3753 1901 τοῦτο

2129 1901 2179 1963 Β
2207 1922 2271 1975 ἄν
2300 1935 2383 1982 τις
2415 1918 2569 1971 λύσιν
2600 1915 2717 1986 θείη
2760 1911 2853 1965 τοῦ
2888 1910 3244 1981 ἀπορήματος
3264 1920 3279 1934 ·
3318 1902 3618 1955 τούναντίον
3662 1900 3753 1969 γὰρ

2210 2011 2411 2082 μᾶλλον
2450 2006 2671 2071 αὐξάνει
2707 2003 2769 2056 τὺ
2801 2003 3027 2070 ἄπορον,
3065 1998 3222 2066 εἴπερ
3253 1993 3440 2048 ἐκεῖνά
3478 2009 3559 2055 τις
3601 1992 3755 2061 ἀμαρ-

2205 2105 2385 2157 τάνειν
2432 2098 2754 2169 ἀπεύχεται,
2794 2095 2893 2164 οὐχ
2948 2092 2986 2145 ἃ.
3027 2089 3163 2162 μηδὲ
3197 2087 3462 2159 πράττειν
3514 2082 3753 2151 πέφυκεν,

2206 2196 2320 2250 ἀλλ’
2350 2191 2425 2248 ὧν
2472 2193 2551 2255 είς
2605 2188 2702 2260 τὴν
2736 2185 2938 2258 πρᾶξιν
2984 2180 3381 2251 καταφέρεται.
3414 2174 3526 2247 Τὴν
3555 2175 3646 2246 μὲν
3679 2169 3755 2225 οὖν

2206 2287 2444 2359 ἀπορίαν
2479 2281 2621 2336 οὕτω
2670 2277 2981 2348 συγκροτεῖ.
3029 2272 3200 2328 Λύσιν
3229 2270 3287 2323 δὲ
3327 2268 3525 2336 ἐπάγει
3550 2263 3755 2359 πρώτην

2209 2356 2332 2451 μὲν*
2357 2377 2420 2430 τὸ
2456 2376 2565 2428 τῶν
2604 2372 2875 2441 δαιμόνων
2923 2365 3316 2438 ἀμετανόητον,
3351 2360 3489 2429 ὅπερ
3546 2356 3655 2409 ἐστὶ
3680 2357 3757 2408 καὶ

2209 2447 2319 2524 τῶν
2346 2468 2480 2522 πολὺ
2529 2465 2628 2537 μὲν
2661 2460 3061 2535 χαλεπωτέρων
3097 2452 3535 2527 ἁμαρτημάτων,
3572 2447 3756 2518 ἀνθρώ-

2206 2579 2329 2625 ποις
2358 2560 2415 2613 δὲ
2454 2555 2880 2629 πραττομένων,
2931 2553 3027 2605 ἆτε
3069 2548 3133 2618 δὴ
3189 2542 3452 2619 μετανοίᾳ
3507 2538 3757 2611 μεθοδεύε-

2209 2655 2330 2708 σθαι
2363 2649 2710 2719 δυναμένων,
2761 2646 2882 2699 λίαν
2914 2638 3215 2714 βαρύτερόν
3260 2653 3323 2690 τε
3369 2634 3465 2687 καὶ
3507 2630 3760 2702 βδελυκτόο

2205 2764 2385 2815 τερον.
2414 2741 2686 2812 Δευτέραν
2717 2739 2794 2804 δὲ,
2826 2738 2901 2800 ὡς
2928 2735 3022 2788 ἀπ’
3059 2730 3234 2802 ἀρχῆς
3260 2731 3289 2782 ὁ
3332 2725 3524 2795 Σωτὴρ
3559 2723 3648 2776 καὶ
3679 2722 3759 2815 τῆς

2207 2813 2505 2909 ἀσφαλείας
2558 2833 2715 2905 ἡμῶν
2757 2826 3064 2900 προνοητὴς
3109 2825 3232 2895 ὅρον
3281 2818 3480 2890 ἔχθρας
3526 2813 3771 2909 ἀμεταπίιε

2208 2904 2367 3001 νητον
2403 2927 2607 3001 μεταξὺ
2638 2926 2731 2977 τοῦ
2762 2939 2822 2976 τε
2842 2918 3090 2974 διαϐόλου
3114 2914 3208 2969 καὶ
3236 2910 3397 2984 ἡμῶν
3429 2906 3673 2978 ἐπήξατο,
3697 2904 3759 2966 ὡς

2211 2999 2276 3079 ἂν
2307 2999 2416 3094 τὴν
2443 3023 2578 3092 πρὸς
2608 3015 2769 3071 αὐτὸν
2801 3013 3004 3084 ἔχθραν
3035 3009 3317 3079 ἀκήρατον
3341 3005 3399 3057 ἐν
3443 3002 3645 3094 ἑαυτοῖς
3664 2999 3759 3094 δια-

2211 3089 2710 3184 σώζοντες-μηκέτι
2737 3105 2860 3178 περ’
2884 3101 3048 3157 αὑτοῦ
3078 3094 3502 3169 προσαγομένην
3522 3089 3760 3184 τὴνάπά-

535 3209 764 3277 amplius
819 3207 1053 3261 oblatam
1109 3207 1177 3260 ab
1231 3181 1347 3275 ipso
1416 3204 1660 3259 fraudem
1721 3181 2101 3273 excipiamus:

2207 3181 2314 3280 την
2339 3181 2703 3273 εἰσδεξώμεθα
2736 3199 2803 3252 ⁸⁸.
2841 3196 2932 3250 Διὸ
2962 3195 3056 3248 καὶ
3085 3191 3192 3246 τῶν
3220 3184 3605 3258 φωτιζομένων
3626 3181 3763 3234 ἕκασ-

535 3300 985 3369 quemadmodum
1018 3298 1180 3352 etiam
1209 3295 1405 3365 singuli
1454 3297 1543 3363 qui
1574 3296 1941 3363 baptizautur,
1995 3304 2106 3348 ran-

535 3406 696 3461 quam
734 3388 1010 3443 fateantur
1039 3404 1099 3444 se
1130 3389 1195 3444 ad
1230 3390 1279 3443 id
1311 3404 1481 3459 usque
1513 3398 1723 3456 tempus
1763 3402 1885 3441 cum
1934 3387 2109 3458 primo

535 3500 633 3539 suo
669 3494 891 3553 parente
923 3483 1129 3537 Adamo
1177 3482 1435 3552 deceptos
1475 3480 1661 3542 fuisse,
1708 3489 1855 3534 recte
1907 3492 1971 3531 ac
2021 3493 2110 3532 sa-

535 3578 745 3648 pienter
776 3575 829 3629 in
858 3584 1134 3640 posterum
1162 3572 1467 3642 deceptoris
1491 3570 1747 3625 amicitize
1773 3567 2108 3624 renuntiant.

534 3671 614 3725 De
639 3669 945 3725 hominibus
972 3677 1175 3728 autem,
1227 3663 1441 3718 tametsi
1470 3662 1713 3733 improbe
1740 3662 1945 3727 vivant,
1973 3656 2111 3713 nihil

539 3763 646 3819 tale
669 3762 951 3824 Dominus,
975 3759 1105 3829 quin
1146 3757 1328 3823 potius
1358 3754 1697 3810 contrarium
1720 3754 1942 3825 penitus
1966 3770 2109 3826 prae-

536 3854 700 3924 cepit.
732 3852 809 3907 Ac
847 3852 914 3906 de
937 3849 1211 3905 sexcentis
1248 3847 1299 3902 id
1323 3860 1493 3918 genus
1518 3844 1664 3911 aliis,
1700 3860 1821 3914 quae
1850 3846 1938 3901 hic
1964 3860 2112 3901 com-

538 3958 842 4001 memorare
867 3950 1135 4012 poteram,
1169 3953 1334 3993 unum
1365 3935 1493 3991 illud
1516 3950 1547 3989 e
1572 3936 1812 3991 maxime
1858 3951 2113 3992 necessa-

537 4039 656 4103 riis,
718 4036 863 4105 quod
916 4032 1171 4089 charitati
1224 4039 1426 4085 mutum
1464 4028 1805 4100 prospiciens
1853 4030 2113 4085 Ecclesia;

539 4131 625 4185 lex
654 4130 846 4199 (quam
880 4125 1025 4181 mille
1054 4124 1226 4178 modis
1252 4122 1529 4192 improbus
1562 4122 1774 4176 daemon
1806 4121 2115 4179 discindere

540 4217 802 4287 conatur)
830 4215 978 4271 omni
1020 4228 1141 4267 eam
1176 4212 1263 4265 via
1289 4223 1353 4266 ac
1399 4211 1663 4280 sapientia
1694 4224 2022 4278 componere
2050 4225 2114 4265 ac

540 4319 862 4361 conservare
882 4302 1058 4370 jubet.
1126 4300 1309 4369 Quare
1356 4313 1540 4368 neque
1588 4299 1736 4367 ipsos
1796 4299 2112 4368 improbos,

544 4396 777 4467 proximi
810 4411 932 4450 cum
959 4394 1067 4451 sint
1090 4402 1141 4458 ιι,
1172 4407 1269 4463 pro
1293 4391 1646 4446 exsecrandis
1691 4393 1916 4454 habere,
1950 4403 2115 4459 atque

543 4490 668 4545 odio
696 4503 814 4543 esse
848 4486 1110 4558 permittit
1141 4503 1154 4538 :
1184 4484 1278 4539 sed
1324 4493 1537 4548 contra,
1598 4483 1776 4551 quoad
1831 4482 1950 4551 ejus
1997 4482 2115 4536 ﬁeri

2209 3273 2322 3365 τός,
2344 3298 2530 3366 ὥσπερ
2548 3290 2826 3365 ὁμολογῶν
2844 3291 2911 3359 τῇ
2936 3285 3029 3340 τοῦ
3049 3283 3397 3355 προπάτορος
3419 3277 3601 3348 ἀπάτῃ
3629 3273 3764 3343 μέχρι

2209 3396 2331 3445 τότε
2376 3385 2714 3458 συνέχεσθαι,
2741 3381 2921 3444 καλῶς
2940 3396 2999 3432 τε
3020 3379 3114 3430 καὶ
3132 3374 3409 3443 θεοσόφως
3435 3372 3493 3424 τὸ
3516 3368 3687 3422 λοιπὸν

2214 3483 2347 3554 πρὸς
2379 3455 2585 3534 ἐκεῖνον
2617 3474 2983 3530 ἀποτάσσεται
3005 3468 3175 3539 φιλίᾳ.
3218 3466 3346 3520 Ἐπὶ
3376 3464 3434 3518 δὲ
3452 3462 3560 3517 τῶν
3579 3455 3765 3554 ἀνθρώ.-

2214 3545 2357 3637 πίυν,
2385 3572 2489 3625 κᾶν
2539 3569 2775 3640 πονηρίᾳ
2802 3564 3035 3627 συζῶσιν
3057 3603 3072 3626 ,
3098 3560 3249 3615 οὐδὲν
3288 3554 3548 3615 τοιοῦτον,
3577 3551 3657 3604 ἴνα

2216 3665 2362 3733 λέγω
2384 3663 2495 3715 πᾶν
2514 3638 2843 3721 τούναντίον,
2858 3655 2885 3707 ὁ
2909 3653 3185 3723 Δεσπότης
3199 3649 3479 3703 ἐκέλευσε.
3494 3643 3601 3697 Καὶ
3626 3638 3767 3733 μυρία

2216 3730 2315 3828 μὲν
2343 3755 2488 3808 ἐστιν
2504 3753 2675 3805 εἰπεῖν
2695 3748 2789 3802 καὶ
2811 3746 2947 3803 ἄλλα
2966 3785 2980 3809 ,
3014 3744 3071 3796 ἒν
3093 3742 3151 3795 δὲ
3183 3740 3292 3793 τῶν
3330 3730 3765 3828 ἀναγκαιοτάτων,

2212 3818 2286 3912 ib;
2324 3847 2422 3918 τῆς
2451 3846 2531 3907 είς
2552 3840 2815 3913 ἀλλήλους
2847 3837 3066 3906 ἀγάπης
3082 3835 3110 3887 ό
3128 3834 3225 3903 τῇς
3258 3825 3587 3918 Ἐκκλησίας
3598 3818 3767 3918 θεσμξς

2218 3909 2615 4013 προνόόύμενος
2635 3975 2651 4001 ,
2674 3909 2763 4005 ⁷ἣν
2819 3927 3195 4001 μυριοτρόπως
3219 3924 3248 3977 ό
3276 3917 3516 3992 πονηρὸς
3567 3909 3770 4013 διασπᾷν

2212 4006 2514 4099 ἐπείγεται,
2551 4026 2701 4098 πάσῃ
2740 4022 2949 4095 μεθόδῳ
3004 4017 3101 4073 καὶ
3158 4013 3320 4084 σοφία
3373 4006 3680 4099 συγκροτεῖν
3721 4015 3770 4099 τε

2213 4090 2414 4193 ταύτην
2446 4090 2541 4172 καὶ
2574 4090 2817 4186 συνέχειν
2863 4090 3162 4182 νομοθετεῖ.
3194 4103 3284 4158 Διδ
3299 4101 3425 4158 οὐδὲ
3450 4098 3639 4158 αὐτοὺς
3665 4090 3770 4193 τους

2217 4182 2457 4285 φαύλους
2480 4182 2783 4279 ὁμοφύλους
2808 4205 2968 4267 ὄντας
3000 4195 3381 4273 βδελύττεσθαι
3406 4191 3501 4246 καὶ
3517 4188 3682 4285 μισεῖν
3699 4182 3768 4251 ἐᾷ,

2213 4280 2273 4363 τὸ
2295 4303 2562 4361 ἀνάπαλιν
2596 4302 2652 4355 δὲ
2680 4300 2929 4370 στέργειν
2960 4312 3021 4348 τε
3076 4292 3169 4345 καὶ
3192 4289 3390 4359 φιλεῖν,
3417 4287 3519 4354 ὅση
3550 4280 3769 4370 δύναμις)

2216 4402 2303 4454 ναὶ
2324 4397 2388 4468 δὴ
2421 4397 2516 4450 καὶ
2528 4394 2570 4427 ⁸⁷
2597 4363 2866 4461 κάθαρσιν
2884 4382 3117 4459 [3401].]
3149 4382 3246 4453 μὲν
3271 4380 3373 4448 τῆς
3390 4372 3659 4468 πονηρίας
3691 4363 3771 4468 καὶ

2218 4455 2516 4561 θεραπείαν
2567 4455 2826 4545 ἐπινοεῖν,
2857 4455 3376 4552 προσλαμὸάνεσθαι
3425 4467 3504 4529 δὲ,
3529 4459 3666 4561 μάλιλῖ
3682 4455 3772 4561 ρῦκ

544 4590 739 4652 potest,
770 4549 971 4634 am-are'
1006 4577 1159 4646 jubet
1207 4586 1368 4645 atque
1406 4549 1649 4645 diligere.
1706 4576 1820 4629 lmo
1861 4549 2002 4629 vero
2048 4573 2107 4628 de

2224 4549 2586 4640 ἀπωθεῖσθαι.
2632 4576 2742 4629 Καὶ
2781 4549 2941 4626 τοῦτο
2992 4566 3201 4628 Παῦλος
3237 4563 3282 4594 ⁵⁸
3317 4560 3458 4632 μετά
3486 4555 3593 4609 τῶν
3620 4549 3772 4653 ἄλλων

543 4674 820 4743 purganda
859 4670 1208 4738 curandaque
1247 4668 1452 4721 malitia
1487 4667 1749 4737 cogitare,
1780 4665 2006 4733 illosque
2051 4667 2117 4717 ad

543 4779 603 4819 se
640 4777 876 4824 sumere,
913 4761 1059 4815 nullo
1096 4772 1276 4814 autem
1310 4761 1470 4814 modo
1514 4758 1797 4828 repellere,
1852 4757 2116 4827 praecipit.

543 4856 795 4923 Idemque
819 4854 1015 4907 Paulus
1038 4853 1179 4907 inter
1199 4852 1303 4906 alia
1327 4861 1509 4906 mouet
1529 4891 1545 4916 ,
1587 4849 1677 4919 qui
1703 4846 1900 4901 Judtcis
1923 4847 2118 4917 207a

545 4957 802 5017 tanquam
837 4945 1074 5010 Juda‘us,
1107 4955 1162 4999 et
1194 4944 1447 4997 omnibus
1477 4943 1658 4996 omnia
1688 4938 1865 4995 factus
1910 4948 2012 5007 est,
2061 4950 2119 4994 ut

546 5038 767 5094 omnino
790 5038 997 5106 aliquos
1031 5038 1211 5092 salvos
1243 5031 1449 5090 laceret
1471 5044 1521 5087 ι’.

619 5130 771 5194 Quod
801 5131 844 5183 si
877 5144 907 5180 a
956 5126 1337 5197 peccatoribus
1362 5125 1635 5195 justorum
1668 5132 1843 5179 ccetus
1890 5122 2015 5177 inde
2054 5122 2121 5175 ab

550 5222 705 5290 initio
744 5222 793 5274 in
836 5222 980 5275 hunc
1009 5233 1178 5288 usque
1210 5218 1351 5271 diem
1386 5216 1759 5282 abstinuisset,
1797 5214 1923 5284 quis
1946 5214 2128 5268 salvus

549 5312 735 5369 esset?
781 5310 1063 5377 Quomodo
1101 5306 1333 5362 mundus
1367 5320 1565 5377 sagena
1605 5314 1795 5374 captus
1829 5314 2002 5370 esset,
2056 5304 2124 5369 si,

555 5420 677 5459 cum
725 5415 1039 5474 peccatores
1100 5401 1235 5455 nihil
1296 5400 1522 5453 invicem
1578 5397 1825 5451 utilitatis
1873 5394 2125 5461 all‘erant,

628 5589 655 5627 (ι
692 5577 884 5633 Matth.
932 5595 982 5643 v,
1039 5578 1129 5644 44,
1165 5576 1255 5630 45.
1336 5585 1358 5611 τ
1389 5575 1410 5628 1
1449 5573 1575 5628 Cor.
1601 5589 1677 5638 ix,
1704 5572 1795 5627 29.

2226 4677 2503 4749 παραινεῖ,
2556 4671 2614 4734 ὃς
2660 4668 2755 4723 καὶ
2799 4666 2912 4727 τοῖς
2958 4658 3234 4720 Ἰουδαίοις
3287 4654 3365 4717 ὡς
3422 4647 3665 4707 Ἰουδαῖος
3694 4634 3773 4743 κςιὶ

2224 4739 2337 4833 τοῖς
2371 4766 2629 4836 Ἕλλησιν
2667 4761 2712 4792 δ’
2769 4757 2844 4820 ὡς
2893 4754 3095 4822 ’Ἐλλην
3144 4749 3239 4802 καὶ
3292 4744 3404 4806 τοῖς
3465 4739 3677 4836 ἀνόμοις
3710 4739 3773 4786 ως

2226 4862 2425 4929 ἄνομος
2454 4855 2549 4908 καὶ
2574 4853 2689 4915 τοῖς
2718 4850 2852 4903 πᾶσι
2900 4846 2969 4900 τὰ
2994 4844 3171 4898 πάντα
3190 4837 3430 4907 ἐγένετο,
3462 4832 3548 4884 ἵνα
3580 4824 3772 4880 πάντως

2226 4948 2378 5010 τινὰς
2407 4945 2577 5016 σώσῃ.

2296 5121 2358 5174 Et
2386 5119 2443 5173 δὲ
2480 5119 2592 5181 τοῖς
2625 5110 2967 5186 ἁμαρτωλοῖς
3004 5108 3032 5159 ὁ
3082 5104 3190 5158 τῶν
3234 5100 3458 5156 δικαίων
3507 5083 3772 5187 χορὸς-ἀπ’

2224 5213 2400 5284 ἀρχῆς
2456 5210 2618 5281 μέχρι
2802 5200 3162 5262 ἀπετάσσετο,
3191 5194 3274 5258 τίς
3317 5192 3382 5246 ἂν
3414 5181 3771 5284 ὲσιθθηςᾝιξς

2225 5269 2280 5359 δ’⁸
2414 5269 2683 5369 ἀκόσμως
2717 5290 3079 5362 ὲσαγηνεύθη,
3111 5287 3220 5339 τῶν
3256 5286 3352 5357 μὲν
3384 5280 3598 5369 φαύλων
3629 5269 3772 5369 ἀλλή-

2227 5395 2351 5457 λους
2380 5390 2531 5444 οὐδὲν
2557 5358 2932 5456 ὤφελούντων,
2961 5358 3071 5434 τῶν
3100 5376 3144 5431 δ’
3171 5373 3402 5445 ἀγαθῶν
3432 5368 3647 5426 τούτους
3673 5358 3772 5431 $58-

1834 5702 2066 5761 VARIIE
2100 5699 2513 5757 LECTIONES.

636 5828 680 5858 ⁸⁸
708 5825 1054 5894 εἱσὰξόμεθα
1086 5843 1147 5890 ς.
1223 5826 1266 5857 ’⁸⁷
1298 5825 1384 5878 ναὶ
1415 5822 1480 5893 δὴ
1515 5821 1610 5876 καὶ
1647 5823 1689 5875 Α
1719 5838 1733 5875 z
1768 5820 1860 5876 καὶ
1882 5819 1946 5889 δὴ
1983 5836 2042 5883 ς.
2123 5819 2163 5851 ⁸⁸
2195 5811 2430 5886 Παῦλος]
2478 5813 2497 5869 1
2556 5810 2685 5875 Cor,
2741 5825 2816 5875 Ix,
2849 5808 2969 5883 20.‘
3047 5806 3093 5839 ⁸³
3126 5809 3218 5862 καὶ
3280 5806 3388 5866 τοῖς
3438 5795 3771 5871 "Ellam-1

566 5897 766 5976 ἄνομος
803 5899 924 5950 add.
962 5898 1012 5961 Α,
