4032 6448
292 392 403 461 825

1324 397 1851 461 BIBLIOTIIECA.
1890 425 1961 435 -
1997 402 2162 463 COD.
2193 402 2475 465 CCXXII.

3441 405 3550 471 826

288 500 646 577 λυσσομὲνων
672 521 730 558 τε
764 504 860 558 καὶ
887 504 1359 576 ἀποπεμπόντων;
1402 507 1564 561 Ἀλλά
1594 510 1688 562 καὶ
1734 511 1769 580 ὴ
1800 508 1876 580 τῷ

1977 508 2101 578 iusti
2134 513 2351 580 insuper
2383 513 2505 568 illos
2524 519 2942 569 exsecrarentur
2965 525 3029 567 ac
3065 510 3399 580 rejicerent?
3446 512 3555 568 Sed

292 596 491 667 Πέτρῳ
517 595 711 651 σινδὼν
743 594 994 666 ὀφθεῖσα,
1029 598 1126 651 καὶ
1161 598 1377 670 πλήρης
1406 598 1667 671 καθαρῶν
1691 619 1751 654 τε
1780 603 1874 655 καὶ

290 681 624 751 ἀκαθάρτων
672 680 825 746 ζώων
882 683 1224 757 ὑπάρχουσα,
1278 687 1379 757 τὴν
1429 690 1875 761 συναναστροφὴν

293 767 503 837 μᾶλλον
552 768 650 822 καὶ
704 770 1007 842 πρόσληψιν
1043 773 1154 826 τῶν
1201 775 1443 842 φαύλων,
1504 777 1620 831 ἀλλ’
1666 779 1727 831 οὐ
1774 782 1874 851 τὴν

292 860 652 931 ἀποστροφὴν
702 861 1043 935 ὑπῃνίττετο.
1086 866 1149 920 Εἰ
1203 868 1260 921 δέ
1298 870 1419 940 τῆν’
1450 872 1672 943 ἀγάπην
1729 872 1872 927 οὔτω

287 952 573 1023 πανταχοῦ
593 952 689 1007 τοῦ
725 954 862 1009 Θεοῦ
900 958 1075 1028 Λόγου
1110 962 1531 1031 νομοθετοῦντος
1564 966 1660 1019 καὶ
1688 967 1871 1038 πάσης

287 1043 462 1115 ἄλλης
493 1044 700 1118 ἀρετῆς
729 1048 1101 1121 ὑπερέχουσαν
1131 1054 1222 1107 διὰ
1262 1055 1373 1108 τῶν
1416 1057 1584 1111 αὐτοῦ
1613 1058 1871 1129 μαθητῶν

291 1136 636 1201 ἀναϐοῶντος
656 1139 807 1209 ὅμως
823 1142 1096 1212 πολεμίως
1118 1148 1255 1217 πρὸς
1277 1148 1503 1212 ἑαυτοὺς
1524 1148 1867 1218 διακείμεθα,

298 1230 397 1283 καὶ
427 1230 619 1301 μικροῦ
653 1230 747 1285 τὸν
795 1233 1023 1304 πλησίον
1074 1237 1327 1307 ἕκαστος,
1376 1239 1484 1292 κᾶν
1533 1240 1754 1312 ἀριστος
1808 1238 1867 1318 ᾖ.

299 1321 476 1392 φθόνῳ
527 1323 848 1395 κακίζομεν,
902 1326 1016 1381 ἔσθ’
1064 1329 1234 1384 ὅτεδέ
1279 1331 1373 1384 καὶ
1423 1332 1865 1405 ἐπιϐουλεύομεν,

298 1412 424 1485 [657
462 1413 554 1488 R.]
600 1417 649 1470 εἰ
697 1419 954 1491 τοιαύτης
1003 1422 1262 1493 ἀφορμῆς
1304 1424 1669 1495 ἐδραξάμεθα,
1724 1425 1868 1495 λέγω

289 1505 356 1575 δὴ
382 1505 478 1560 τοῦ
505 1509 622 1572 τοῖς
648 1514 904 1581 πονηροῖς
925 1513 989 1566 ἐκ
1015 1513 1335 1583 νομοθεσίας
1362 1533 1423 1569 τε
1458 1518 1550 1570 καὶ
1576 1516 1866 1587 ὁμολογίας

286 1597 720 1665 ἀποτάσσεσθαι,
754 1600 865 1670 ἐγὼ
901 1603 1000 1672 μὲν
1042 1604 1104 1670 ἐξ
1139 1599 1214 1659 ὧν
1250 1607 1362 1678 ὁρῶ
1400 1608 1464 1661 τὸ
1502 1608 1861 1680 ἀνθρώπινον,

283 1692 539 1757 καὶτοὺς
571 1694 869 1765 εὐεργέτας
904 1698 1067 1767 φημὶ,
1097 1698 1219 1752 ἐπεὶ
1257 1699 1386 1764 τούς
1411 1699 1475 1769 γέ
1515 1718 1567 1755 τι
1614 1701 1864 1771 παραλυ-

282 1781 549 1849 ποῦντας,
584 1784 689 1837 κᾶν
717 1785 939 1850 δικαίως
974 1786 1131 1841 τοῦτο
1166 1790 1471 1859 πράττωσι,
1531 1792 1753 1854 πάντως
1796 1791 1863 1847 ἂν

284 1873 541 1941 ἐκτόπως
581 1876 884 1947 ἐμισοῦμέν
920 1897 982 1932 τε
1034 1881 1131 1934 καὶ
1161 1851 1641 1953 ἀπεστρεφόμεθα,
1682 1851 1777 1939 ἅτε
1801 1884 1866 1952 δὴ
1896 1851 1938 1908 Β

283 1968 709 2039 παρακάλυμμα
735 1969 837 2041 τῆς
857 1969 1124 2042 φθονερᾶς
1150 1972 1377 2044 γνώμης
1411 1976 1507 2028 καὶ
1534 1973 1635 2043 τῆς
1669 1974 1869 2045 πολλῆς

284 2057 378 2127 ἐφ’
422 2054 503 2123 οἷς
546 2061 816 2131 μισοῦμεν
860 2062 1127 2135 ἀλλήλους
1155 2065 1419 2136 αἰσχύνης
1450 2066 1548 2138 τὴν
1593 2065 1745 2121 θείαν
1773 2068 1863 2120 ἐν-

284 2149 453 2220 τολὴν
499 2151 929 2223 προϐαλλόμενοι
976 2155 1071 2209 καὶ
1128 2157 1426 2229 συνήγορον
1472 2156 1708 2228 ἔχοντες,
1771 2160 1866 2212 καὶ

284 2240 393 2293 οὐκ
423 2240 489 2295 ἂν
512 2242 632 2297 ούδέ
668 2243 831 2315 μέχρι
860 2244 1095 2301 θανάτου
1124 2246 1224 2319 τὴν
1263 2248 1399 2321 πρὸς
1432 2250 1562 2312 τοὺς
1594 2249 1869 2313 τοιούτους

281 2331 490 2405 ἔχθραν
512 2334 852 2407 διελυόμεθα,
883 2337 987 2392 κᾶν
1008 2338 1100 2392 τὸν
1125 2339 1276 2411 ἦλιον
1314 2342 1389 2411 μὴ
1413 2341 1651 2397 ἐπιδύειν
1679 2343 1773 2395 ἐπὶ
1794 2342 1872 2414 τῷ

283 2427 655 2498 παροργισμῷ
710 2428 867 2499 ήμῶν
921 2429 1025 2500 τῆς
1084 2432 1425 2503 Δεσποτικῆς
1475 2433 1872 2505 νομοθετούσης

284 2516 648 2589 ἀγαθότητος,
682 2520 894 2574 καὶτοῦ
937 2521 1155 2593 Πατρὸς
1195 2522 1443 2594 μιμητὰς
1478 2524 1872 2593 ἀποφαίνοντος

285 2609 350 2662 ἐν
376 2608 456 2681 τῷ
483 2612 621 2664 πᾶσι
656 2613 753 2666 καὶ
801 2614 917 2676 τοῖς
974 2613 1192 2685 μισοῦσι
1248 2615 1517 2685 χρηστοὺς
1557 2611 1719 2680 εἶναι,
1773 2618 1872 2683 ’⁸ος

280 2701 498 2771 βρέχει
535 2701 584 2733 ⁵⁸
623 2703 721 2758 ἐπὶ
744 2703 1019 2770 δικαίους
1041 2704 1139 2759 καί
1176 2705 1428 2771 ἀδίκους
1472 2704 1572 2759 καί
1619 2706 1874 2761 ἀνατέλ-

284 2796 387 2847 λει
418 2795 527 2847 τὸν
552 2793 732 2863 ἥλιον
755 2795 943 2851 αὑτοῦ
970 2797 1063 2866 ἐφ’
1092 2796 1390 2865 ἑκατέραν
1409 2799 1623 2867 ὁμοίως
1636 2799 1870 2869 μερίδα.

284 2884 354 2937 Εἰ
396 2884 453 2938 δὲ
496 2880 564 2956 ἦν
599 2886 994 2960 νενομισμένον
1017 2889 1131 2951 τοῖς
1159 2890 1417 2959 πονηροῖς
1442 2889 1551 2942 τῶν
1570 2889 1875 2958 ἀνθρώπων

283 2978 420 3041 τοὺς
459 2975 865 3049 φωτιζομένους
892 2979 1322 3047 ἀποτάσσεσθαι,
1359 2982 1453 3035 καὶ
1482 2982 1620 3053 γυνὴ
1652 2982 1719 3036 ἂν
1746 2983 1876 3035 ταύ-

286 3091 391 3144 της
438 3074 538 3144 τῆς
588 3074 845 3148 ἀφορμῆς
881 3075 1155 3148 λαϐομένη
1186 3076 1281 3130 τοῦ
1313 3076 1506 3148 ἀνδρὸς
1548 3077 1873 3147 διεσχίζετο,

1977 612 2031 658 et
2060 604 2203 672 quod
2241 604 2402 659 Petro
2422 605 2598 661 visum
2624 617 2703 661 est
2729 606 2953 660 linteum
2983 617 3028 669 ο,
3056 606 3209 673 puris
3252 616 3416 675 atque
3458 606 3561 659 im-

1978 694 2129 761 puris
2149 695 2516 751 animantibus
2534 694 2773 766 plenum,
2806 697 2872 751 ad
2904 697 3353 751 consuetudinem
3380 698 3560 763 potius

1975 784 2149 840 malos
2175 789 2553 855 assumendus,
2579 804 2740 856 quam
2765 787 3104 857 repellendos
3134 789 3402 859 designat.
3436 789 3557 843 Jam

1973 876 2019 933 si
2062 886 2172 933 tum
2193 880 2376 946 etiam,
2410 881 2627 950 quando
2662 882 2988 937 charitatem
3023 882 3157 937 adeo
3189 882 3285 936 Dei
3310 878 3555 936 Verbum

1975 970 2176 1040 ubique
2238 972 2501 1042 imperat,
2526 982 2581 1030 et
2612 974 2866 1033 omnibus
2897 974 3019 1029 aliis
3066 975 3358 1030 virtutibus
3390 973 3562 1041 majo-

1974 1077 2086 1116 rem
2110 1077 2205 1132 per
2230 1077 2360 1119 suos
2390 1074 2684 1120 sectatores
2704 1065 2963 1131 clamitat,
2987 1065 3164 1120 hostili
3187 1074 3365 1135 tamen
3390 1065 3477 1119 alii
3506 1066 3559 1120 in

1971 1154 2105 1210 alios
2138 1156 2321 1210 animo
2360 1172 2567 1224 sumus,
2607 1166 2660 1214 et
2690 1157 2802 1215 fere
2824 1159 3193 1228 unusquisque
3227 1158 3556 1228 proximum,

1972 1248 2185 1303 tametsi
2209 1248 2447 1318 optimus
2479 1250 2570 1313 sit,
2601 1264 2695 1317 per
2766 1250 3023 1305 invidiam
3083 1251 3348 1316 lmdimus,
3398 1259 3562 1320 atque

1970 1338 2244 1395 interdum
2271 1341 2438 1396 etiam
2457 1342 2504 1396 ei
2536 1341 2762 1397 insidias
2794 1358 3051 1411 paramus
3082 1361 3097 1398 :
3130 1344 3234 1398 hac
3260 1342 3439 1396 oblata
3464 1356 3562 1397 uc-

1967 1434 2185 1490 casione
2215 1432 2297 1503 (ut
2331 1433 2541 1490 scilicet
2581 1433 2865 1501 improbis,
2926 1447 2991 1488 ex
3028 1432 3145 1502 lege
3188 1444 3356 1503 atque
3400 1441 3561 1501 pacto

1967 1528 2187 1584 nuntius
2217 1526 2571 1582 remittendus
2599 1525 2982 1595 sit).equidem
3003 1534 3265 1595 quantum
3278 1525 3561 1580 hominum

1967 1635 2150 1676 mores
2180 1618 2473 1690 perspicio,
2500 1618 2646 1688 ipsos
2673 1632 2887 1688 quoque
2926 1616 3197 1671 beneﬁcos
3232 1615 3285 1669 in
3316 1628 3442 1680 nos,
3468 1613 3562 1682 qui

1965 1714 2128 1769 modo
2143 1713 2376 1784 aliquam
2393 1710 2883 1777 molestiam,etiam
2895 1708 3039 1777 juSte
3056 1707 3311 1762 aﬂ‘errent
3326 1706 3561 1761 absurde

1968 1806 2156 1876 utique
2185 1815 2239 1861 et
2283 1805 2596 1859 indecenter
2642 1803 2948 1857 odissemus
2992 1810 3154 1870 atque
3182 1814 3559 1872 aversarentur

1970 1895 2361 1966 (velamentum
2424 1894 2679 1950 nimirum
2743 1893 2916 1947 noxiae
2974 1891 3133 1960 hujus
3181 1890 3477 1945 voluntatis
3506 1899 3562 1945 et

1968 1988 2236 2059 probrosi
2291 1987 2439 2043 illius
2515 2000 2625 2055 quo
2668 1985 2901 2039 invicem
2988 1983 3366 2054 prosequimur
3447 1981 3560 2035 odii

1968 2080 2212 2133 divinum
2266 2087 2598 2149 prmceptum
2637 2075 2978 2143 objicientes,
3043 2086 3099 2129 et
3153 2084 3409 2144 tanquam
3464 2088 3561 2141 pro

1969 2171 2230 2225 advocato
2276 2167 2583 2241 habentes)
2618 2182 2682 2223 ac
2726 2182 2903 2236 neque
2932 2168 2996 2220 ad
3028 2178 3333 2221 extremum
3390 2178 3561 2232 usque

1970 2260 2218 2329 Spiritum
2274 2259 2459 2315 odium
2517 2259 2572 2315 in
2632 2259 2768 2314 tales
2826 2273 3060 2328 unquam
3129 2256 3555 2325 deponeremus,

1970 2353 2181 2406 etiamsi
2221 2350 2391 2406 solem
2420 2366 2524 2406 non
2559 2351 2808 2407 occidere
2855 2364 3016 2419 super
3066 2347 3410 2419 iracundiam
3460 2361 3560 2400 no—

1971 2455 2139 2502 stram
2172 2444 2382 2499 Domini
2424 2444 2641 2500 bonitas
2684 2443 2960 2511 praacipiat
2994 2443 3037 2507 ί,
3083 2453 3247 2511 atque
3280 2454 3377 2510 per
3405 2437 3560 2493 beni-

1975 2537 2232 2607 gnitatem
2263 2550 2388 2605 erga
2430 2550 2641 2599 omnes,
2691 2535 2853 2589 etiam
2903 2533 3192 2598 inimicos,
3241 2530 3423 2586 Patris
3471 2528 3557 2584 sui

1976 2627 2276 2683 imitatores
2308 2627 2423 2682 fore
2452 2626 2729 2692 declaret,
2755 2625 2844 2694 qui
2884 2626 3016 2694 pluit
3071 2639 3227 2690 super
3274 2623 3451 2692 justas
3506 2627 3558 2675 et

1973 2721 2223 2791 iniustos,
2276 2730 2325 2774 et
2359 2718 2523 2774 solem
2573 2734 2725 2772 suum
2768 2718 2899 2772 oriri
2933 2717 3061 2786 facit
3095 2730 3250 2783 super
3283 2716 3464 2778 bonos,
3508 2722 3579 2769 et.

1975 2815 2218 2869 malos“.
2252 2812 2324 2868 Et
2365 2827 2490 2866 vero
2523 2810 2568 2866 si
2602 2810 2717 2879 lege
2761 2811 3036 2865 decretum
3075 2809 3233 2873 roret,
3267 2815 3327 2860 ut
3378 2804 3541 2875 bapti-
3571 2830 3575 2875 ξ

1980 2904 2135 2961 zandi
2175 2905 2348 2960 malos
2380 2904 2629 2959 homines
2676 2903 2897 2957 omnino
2919 2902 3101 2956 valere
3124 2898 3378 2968 juberent
3408 2895 3556 2966 :jasn

1978 3005 2035 3052 et
2062 3011 2195 3051 uxor
2222 2995 2324 3050 hoc
2373 2994 2556 3049 colore
2593 3008 2623 3047 a
2677 2994 2793 3045 viro
2838 2992 3163 3053 discederet,
3225 2997 3282 3042 et
3339 2987 3423 3041 vir
3489 2986 3560 3041 ab

1976 3101 2165 3151 uxore,
2209 3086 2350 3140 [ilius
2377 3100 2406 3137 a
2440 3092 2612 3154 patre,
2650 3080 2680 3135 a
2730 3092 2903 3137 matre
2932 3081 3059 3144 lilia,
3090 3096 3122 3135 a
3173 3078 3392 3134 domino
3440 3092 3556 3132 ser-

291 3168 393 3220 xai.
421 3165 681 3235 γυναικὸς
712 3168 741 3219 ὁ
781 3167 944 3238 ἀνὴρ,
999 3168 1210 3238 πατρός
1241 3185 1299 3221 τε
1339 3170 1367 3221 ὁ
1395 3169 1507 3231 υἱὸς
1542 3169 1637 3222 κα)¹
1670 3168 1876 3241 μητρὸς

1983 3193 2100 3233 νιιε.
2128 3175 2492 3233 Cunﬁrmaret
2522 3177 2666 3232 enim
2716 3176 2906 3227 horum
2949 3173 3178 3242 quilibet
3206 3184 3267 3225 se
3298 3184 3396 3225 suo
3435 3184 3559 3224 cum

286 3256 325 3328 ἡ
375 3256 623 3329 θυγάτηρ
690 3257 787 3311 καὶ
828 3256 1015 3322 δοῦλος
1061 3258 1323 3311 δεσπότου
1350 3274 1365 3286 ⁸
1402 3258 1721 3329 ἐστηρίζετο
1768 3257 1877 3327 γάρ

289 3348 361 3402 ἂν
405 3348 643 3412 ἕκαστος
694 3348 901 3403 τούτων
949 3350 1016 3421 τῇ
1050 3348 1185 3421 πρὸς
1208 3349 1339 3402 Θεὸν
1369 3350 1549 3422 οἰκείᾳ
1593 3349 1875 3421 ὁμολογίᾳ,

287 3440 389 3494 καὶ
442 3440 607 3511 νόμον
654 3440 864 3495 ἐτίθετο
900 3441 1090 3495 τοῦτον
1146 3440 1504 3512 ἀπαράϐατον
1561 3441 1638 3513 τῷ
1690 3441 1879 3513 οἰκείῳ

291 3533 564 3604 θελήματι
599 3533 1008 3603 βεϐαιούμενον.
1051 3533 1152 3588 Διά
1187 3532 1364 3587 ταῦτα
1412 3535 1594 3588 τοίνυν
1641 3536 1719 3609 τῷ
1762 3538 1880 3591 δια-

288 3627 438 3695 ϐόλῳ
474 3626 636 3696 μόνον
678 3627 774 3681 καί⁵
798 3629 913 3691 τοῖς
945 3626 1246 3698 δαιμονίοις
1278 3626 1374 3680 καὶ
1405 3629 1519 3690 τοῖς
1549 3626 1755 3683 τούτων
1784 3629 1880 3700 ἐρ-

288 3736 416 3789 γοις
448 3719 674 3788 φεύγειν
713 3735 774 3772 τε
803 3719 899 3773 καὶ
926 3718 1309 3788 βδελύττεσθαι
1342 3720 1437 3773 καὶ
1478 3719 1880 3775 ἀποτάττεσθαι

288 3809 777 3883 προστετόαμεθα,
814 3811 1075 3881 ἀμέτοχοι
1104 3811 1205 3879 τῆς
1229 3811 1458 3864 ἐκείνων
1510 3811 1739 3883 γνώμης
1789 3813 1881 3868 διὰ

289 3904 501 3968 παντὸς
534 3903 942 3976 συντηρηθῆναι
980 3902 1374 3972 ὁμολογοῦντές
1402 3920 1463 3957 τε
1513 3905 1608 3957 καὶ
1652 3904 1880 3976 εὐχόμε-

286 4016 399 4067 νοι,
426 3999 516 4053 διὰ
548 3999 648 4070 τὴν
672 3998 853 4054 αὐτῶν
884 3997 1022 4068 πρὸς
1073 3997 1142 4051 τὰ
1191 3997 1375 4067 φαῦλα
1425 3997 1619 4068 ἀκλινῆ
1673 4015 1736 4053 τε
1786 3999 1883 4053 καὶ

286 4090 633 4162 ἀμετάθετον
665 4091 840 4162 ῥοπὴν
876 4092 971 4145 καὶ
1001 4090 1091 4145 διὰ
1119 4089 1180 4143 τὸ
1209 4089 1371 4159 κόρον
1403 4087 1513 4143 τῶν
1546 4089 1883 4161 ἁμαρτημά-

286 4201 407 4239 των
438 4183 515 4254 μὴ
552 4183 825 4254 δέχεσθαι.
879 4182 1157 4251 ’Δλλήλοις
1185 4181 1265 4244 δὲ,
1308 4179 1412 4234 κᾶν
1444 4179 1785 4251 ἀνθρώπινον
1821 4177 1879 4255 ᾗ,

293 4277 407 4330 κᾶν
440 4277 521 4341 εἰς
554 4276 615 4330 τὸ
662 4277 817 4331 Θεῖον
870 4276 1126 4347 διαϐαίνῃ
1174 4275 1221 4307 ⁸⁸
1277 4273 1339 4328 τὸ
1390 4274 1723 4345 ἁμάρτημα,
1782 4274 1884 4328 οὐκ

289 4366 482 4435 ὀξεῖαν
520 4369 616 4421 καὶ
644 4368 922 4438 ἀπότομον
951 4368 1050 4438 τὴν
1089 4366 1273 4438 κρίσιν
1314 4367 1502 4440 φέρειν
1548 4364 1838 4435 ὀφείλομεν
1864 4380 1879 4394 ·

293 4460 633 4531 λυμαντικόν
656 4477 715 4513 τε
737 4462 846 4532 γὰρ
871 4460 1032 4514 τοῦτο
1055 4460 1157 4530 τῆς
1180 4458 1425 4530 ἐμφύτου
1456 4458 1592 4531 πρὸς
1618 4457 1882 4529 ἀλλήλους

297 4554 559 4625 στοργῆς,
591 4552 680 4606 διὰ
709 4552 809 4624 τὴν
844 4551 1263 4623 συνηρτημένην
1296 4550 1432 4621 ὓλην
1468 4550 1547 4621 τῷ
1584 4549 1754 4619 γένει,
1785 4549 1882 4601 καὶ

293 4646 384 4700 ὃτι
414 4645 675 4699 πεσοῦσιν
708 4643 864 4707 ἐλπὶς
902 4640 1244 4714 διορθώσεως
1271 4640 1625 4695 ὑπολείπεται
1674 4641 1741 4694 ⁸³.
1789 4638 1883 4693 Διὸ

292 4738 395 4792 καὶ
423 4736 489 4791 ἀν
516 4754 602 4802 τις
629 4736 730 4807 μὲν
758 4735 917 4809 λέγῃ,
947 4737 1071 4789 Οὐκ
1099 4734 1218 4804 εἰμί
1247 4735 1376 4790 καθ’
1398 4733 1509 4789 ἕνα
1536 4732 1657 4787 τῶν
1677 4731 1884 4802 δαιμό-

292 4846 445 4895 νων,
471 4829 590 4902 [541
631 4826 731 4902 Η.]
782 4828 1016 4899 ἐπείπερ
1065 4826 1326 4897 ἀλήθειάν
1383 4841 1573 4896 φησιν,
1611 4824 1714 4879 οὐκ
1755 4823 1885 4877 ἀπό*

294 4923 533 4994 ϐλητος’
582 4924 611 4976 ό
659 4922 718 4975 δὲ
770 4920 913 4976 κατὰ
956 4921 1049 4974 τὸν
1107 4921 1407 4989 Φαρισαῖον
1451 4920 1521 4951 ⁵⁸⁸
1560 4917 1884 4983 ἀλαζονευό-

296 5034 465 5091 μενος
493 5016 590 5073 καὶ
609 5018 685 5080 ὡς
713 5018 743 5071 ό
761 5015 1001 5085 τελώνης
1032 5012 1108 5084 μὴ
1140 5009 1277 5067 εἶναι
1317 5011 1679 5084 μεγαλαυχῶν
1718 5026 1885 5067 κατα-

294 5109 587 5178 κρίνεται·
623 5108 748 5163 οὔτε
790 5107 900 5179 γὰρ
922 5106 1086 5168 αὐτὸς
1111 5106 1142 5158 ὁ
1172 5104 1463 5175 ἱστάμενος
1506 5105 1556 5157 εἰ
1607 5102 1685 5175 μὴ
1726 5103 1882 5156 πέσοι

292 5203 484 5274 δῆλον,
527 5202 655 5258 οὔτε
698 5203 729 5256 ὁ
780 5200 1090 5263 πεπτωκὼς
1132 5201 1182 5254 εἰ
1242 5199 1316 5270 μὴ
1373 5201 1653 5269 στήσεται.
1700 5195 1886 5263 Χωρὶς

294 5296 360 5351 δὲ
387 5296 498 5351 τῶν
537 5296 850 5367 εἰρημένων
881 5295 1104 5349 κάκεῖνο
1136 5290 1467 5363 θεωρητέον,
1493 5291 1572 5354 ὡς
1602 5289 1795 5362 ἐπειδὴ
1823 5289 1887 5345 τὸ

299 5387 407 5460 μέν
439 5386 718 5456 δαιμόνιον
750 5385 917 5456 φῦλον
950 5383 1346 5457 ἀμετανόητον,
1383 5384 1546 5453 ἡμεῖς
1582 5382 1639 5437 δὲ
1668 5382 1755 5439 διὰ
1788 5400 1885 5452 με-

295 5481 520 5547 τανοίας
547 5481 625 5553 τῷ
657 5480 992 5552 βαπτίσματι
1025 5478 1316 5552 πρόσιμεν,
1351 5476 1420 5533 δι’
1440 5469 1516 5532 ὧν
1543 5478 1656 5540 τοῖς
1676 5476 1883 5547 ἀμετα-

1981 3272 2091 3326 Deo
2116 3270 2251 3326 inito
2278 3278 2457 3339 pacto,
2486 3269 2769 3338 legemque
2808 3266 2950 3321 hanc
2974 3265 3077 3320 sibi
3108 3263 3331 3335 propria
3366 3260 3563 3316 volun-

1980 3372 2091 3417 tate
2140 3362 2551 3418 corroboratam
2586 3374 2858 3426 nunquam
2904 3355 3411 3426 transgrediendam
3450 3363 3564 3409 sta-

1980 3462 2174 3510 tueret.
2222 3452 2335 3508 Has
2374 3453 2538 3524 igitur
2564 3453 2632 3507 ob
2663 3466 2856 3505 causas
2881 3448 3055 3503 solum
3082 3446 3358 3501 diabolum
3398 3453 3563 3513 atque

1979 3545 2272 3612 dzemonia,
2312 3555 2578 3600 eteorum
2631 3559 2795 3613 opera
2841 3541 3096 3610 iubemur
3157 3538 3366 3608 fugere,
3401 3551 3562 3592 exse-

1979 3641 2144 3706 crari,
2198 3638 2477 3711 repellere,
2519 3651 2583 3691 ac
2604 3651 2702 3691 nos
2737 3651 2831 3704 per
2860 3634 3041 3688 omnia
3084 3631 3306 3696 liberos,
3342 3645 3411 3685 ne
3437 3644 3562 3683 cum

1980 3733 2049 3788 iis
2079 3733 2405 3798 sentiamus,
2436 3744 2789 3791 conservare,
2822 3728 3145 3797 proﬁtentes
3172 3734 3337 3793 atque
3372 3734 3566 3793 Optan-

1984 3838 2090 3890 tes,
2139 3834 2359 3895 propter
2387 3837 2573 3879 eorum
2610 3822 2678 3877 ad
2706 3820 2902 3877 malum
2936 3817 3324 3873 immutabilem
3347 3825 3401 3871 et
3426 3816 3567 3869 irre-

1980 3918 2285 3974 vocabilem
2340 3915 2775 3976 inclinationem,
2835 3921 2891 3967 et
2924 3911 3049 3981 quia
3108 3909 3301 3979 207D
3329 3906 3567 3978 peccatis

1983 4024 2089 4065 non
2133 4010 2422 4074 satiantur,
2471 4005 2689 4064 eosdem
2740 4019 2840 4059 nos
2878 4002 3100 4057 minime
3148 4000 3458 4055 admittere.
3503 3998 3567 4052 In

1982 4115 2086 4157 nos
2118 4110 2307 4156 mutuo
2337 4114 2488 4165 vero,
2517 4099 2633 4154 sive
2660 4097 2713 4151 in
2745 4095 3018 4150 hominem
3044 4092 3160 4147 sive
3189 4091 3241 4146 in
3271 4090 3441 4145 Deum
3471 4088 3569 4142 ad-

1983 4192 2210 4246 tnissum
2240 4202 2522 4258 peccatum
2558 4186 2650 4251 sit,
2679 4185 2909 4240 celerem
2973 4192 3029 4237 et
3084 4182 3370 4249 abruptam
3423 4177 3568 4231 ferre

1983 4283 2309 4339 sententiam
2347 4296 2453 4336 non
2492 4280 2755 4335 debemus
2785 4276 3038 4350 (noxium
3065 4272 3358 4329 enimillud
3382 4272 3569 4328 innato

1986 4375 2142 4430 nobis
2177 4373 2348 4429 amori
2383 4380 2571 4426 mutuo
2628 4384 2749 4426 esse
2803 4369 2998 4437 solet),
3045 4377 3157 4421 tum
3195 4364 3337 4434 quod
3396 4376 3569 4433 genus

1992 4468 2310 4522 universum
2355 4479 2386 4518 a
2421 4462 2647 4519 materia
2690 4462 3014 4530 dependeat,
3060 4468 3171 4512 tum
3221 4457 3386 4513 etiam
3438 4455 3567 4524 quia

1994 4555 2158 4625 lapsis
2178 4569 2302 4624 spes
2332 4552 2699 4608 restitutionis
2728 4552 2903 4604 adhuc
2944 4549 3152 4617 reliqua
3178 4554 3282 4601 est.
3337 4544 3492 4601 Unde
3516 4543 3566 4599 si

1979 4648 2102 4717 quis
2126 4645 2363 4701 dixerit:
2404 4643 2583 4715 Egone
2627 4643 2709 4697 vel
2758 4657 2922 4695 unum
2962 4640 3259 4693 daemonem
3304 4636 3567 4690 imitando

1977 4753 2167 4809 sequor
2192 4754 2209 4793 :
2240 4737 2287 4792 si
2318 4736 2540 4807 quidem
2563 4749 2752 4790 verum
2780 4732 2936 4796 dicit,
2974 4746 3079 4787 non
3106 4738 3191 4786 est
3211 4727 3562 4797 rejiciendus,

1980 4833 2093 4896 sin,
2127 4838 2187 4885 ut
2222 4828 2312 4886 ille
2344 4828 2676 4893 Pharisaus,
2708 4841 2829 4883 sese
2873 4825 3114 4895 jaetitet,
3162 4833 3220 4879 et
3268 4822 3567 4878 Publicano

1983 4938 2092 4978 non
2155 4936 2277 4978 esse
2329 4919 2559 4976 similem
2619 4919 2910 4988 superbius
2968 4917 3249 4989 glorietur,
3283 4916 3330 4971 is
3384 4914 3573 4983 utique

1987 5016 2274 5069 damnatur
2307 5020 2356 5067 ν.
2382 5010 2569 5081 Neque
2594 5010 2738 5065 enim
2767 5019 3003 5075 constat,
3042 5024 3110 5062 an
3140 5007 3232 5062 ille
3260 5006 3355 5077 qui
3388 5005 3573 5060 stabat

1981 5104 2094 5176 jam
2125 5119 2233 5159 non
2272 5102 2585 5158 deciderit:
2616 5116 2794 5170 neque
2858 5114 3038 5154 annon
3086 5098 3159 5152 sit
3197 5103 3571 5157 surrecturus,

1986 5200 2076 5270 qui
2106 5196 2399 5253 ceciderat.
2434 5194 2640 5249 Pratter
2680 5208 2743 5248 ea
2770 5206 2922 5259 vero,
2954 5205 3077 5261 qua:
3107 5189 3219 5259 jam
3252 5186 3395 5241 dicta
3418 5194 3573 5271 sunt,

1986 5292 2152 5347 etiam
2206 5286 2338 5343 illud
2401 5284 2881 5349 considerandum,
2940 5281 3197 5352 quoniam
3248 5274 3569 5349 poenitentia

1992 5381 2116 5435 duci
2170 5380 2446 5435 daemones
2476 5391 2584 5431 non
2644 5383 2901 5446 possunt;
2971 5388 3069 5429 nos
3101 5384 3229 5426 vero
3263 5382 3364 5438 pep
3391 5364 3567 5435 poeni-

1994 5472 2217 5529 tentiam
2239 5473 2306 5527 ad
2334 5471 2662 5541 baptismum
2699 5470 3029 5536 accedimus,
3068 5481 3137 5523 ex
3175 5478 3243 5521 eo
3265 5462 3412 5537 quod
3457 5461 3567 5518 im-

379 5629 404 5662 ¹
436 5619 558 5679 Act.
581 5634 639 5685 ι,
661 5618 724 5673 H
752 5632 905 5689 seqq.
985 5617 1007 5653 ί
1044 5618 1246 5688 Eplies.
1280 5632 1331 5673 ιν
1354 5656 1373 5682 ,
1398 5613 1489 5671 26.
1549 5626 1579 5656 ιι
1608 5612 1764 5673 Matt.
1794 5627 1848 5675 ν,

2012 5619 2042 5649 ν
2078 5609 2207 5664 Luc.
2252 5621 2407 5672 xvnt,
2440 5606 2474 5665 9
2498 5621 2652 5677 seqq.

1617 5749 1854 5805 VARUS
1904 5745 2312 5802 LEC'I’IONES.

381 5849 431 5883 '°
457 5849 663 5925 βρέχει]
696 5848 883 5907 Matth.
922 5866 973 5919 ν,
1012 5850 1099 5907 45.
1176 5849 1219 5882 ¹¹
1251 5848 1468 5920 διαϐαίη
1500 5864 1588 5920 ς..
1635 5848 1679 5880 ³²
1713 5842 2065 5901 ἀπολείπεται
2099 5859 2160 5908 ς.
2236 5843 2302 5875 ⁸³·
2328 5841 2417 5896 τὸν
2458 5839 2621 5913 Φαρ.ἶ
2682 5840 2815 5899 Luc.
2859 5855 3015 5907 mu,
3048 5838 3135 5895 il.
