4032 6444
474 407 577 477 8‘27

1610 412 1875 473 PHOTII
1913 413 2414 475 PATRIARClIzE
2443 417 2555 478 (ΖΡ.

3595 417 3696 506 828.

474 514 909 591 paenitentibus
948 525 1339 591 renuntiamus,
1401 526 1775 596 pmnitentiam
1842 528 2054 583 omnino

2162 530 2366 601 νοήτως
2397 530 2608 601 ἔχουσιν
2639 527 3061 604 ἀποτασσὸμεθα
3080 571 3096 599 ,
3142 532 3241 607 τὴν
3275 538 3544 608 μενάνοιαν
3569 551 3689 605 πάν.

472 613 586 669 Deo
616 614 886 683 spondere
921 630 1020 671 nos
1046 627 1290 686 apparet.
1346 615 1413 671 Et
1444 633 1571 674 vero
1598 619 1689 687 qui
1726 620 2060 675 daemonibus

470 702 547 757 ob
613 703 663 756 id
721 703 864 772 quod
922 720 1027 758 non
1085 707 1449 774 resipiscant,
1513 709 1864 772 renuntiavit,
1921 724 2058 777 quo-

477 796 636 850 modo
674 797 718 851 is
777 814 882 853 non
951 799 1364 868 impaenitendae
1422 802 1654 871 primum
1684 803 2060 857 renuntiavit?

470 888 577 955 Qui
617 890 775 944 etiam
834 892 1029 960 prioris
1086 909 1197 949 sua:
1251 895 1502 964 nequitia:
1552 905 1713 965 atque
1764 895 2058 966 impietatis

476 982 686 1034 veniam
737 983 891 1050 petit,
945 986 1214 1054 quomodo
1259 986 1304 1042 is
1346 987 1675 1049 hominibus,
1721 988 1813 1057 qui
1864 989 2055 1044 iisdem

470 1073 698 1127 obnoxii
739 1085 865 1129 sunt
900 1079 1261 1143 passionibus,
1317 1080 1560 1133 eamdem
1584 1095 1744 1148 quam
1790 1096 1888 1149 per
1944 1098 2059 1151 poe-

480 1162 765 1216 nitentiam
817 1176 1140 1222 consecutus
1189 1178 1272 1223 est
1311 1169 1761 1236 misericordiam,
1812 1172 2056 1228 sectuse—

475 1251 596 1306 rit?

550 1344 731 1413 Atque
765 1346 863 1401 ista
884 1348 1099 1417 quidem
1137 1350 1237 1406 hoc
1286 1351 1462 1417 capite
1492 1353 1799 1423 complexus
1833 1363 1937 1410 est.
1972 1355 2059 1410 in-

471 1442 559 1488 ter
594 1448 713 1503 quae
750 1436 876 1491 illud
901 1439 1061 1491 etiam
1101 1441 1175 1493 ait
1229 1456 1327 1494 nos
1362 1442 1414 1495 in
1458 1443 1855 1498 resurrectione
1887 1458 2055 1512 ange-

470 1512 633 1577 1icam
665 1527 827 1579 vitam
862 1538 1098 1594 acturos,
1135 1547 1238 1584 non
1276 1532 1387 1602 jam
1449 1534 1682 1601 amplius
1731 1534 1798 1587 ad
1854 1536 2053 1589 malum

468 1616 639 1669 ullum
675 1634 895 1687 pronos,
937 1622 1030 1676 sed
1084 1624 1135 1676 in
1183 1626 1449 1678 constanti
1489 1633 1633 1679 statu
1675 1627 2053 1695 confirmatos;

470 1727 581 1766 non
619 1712 673 1767 id
706 1715 919 1783 quidem
952 1731 1016 1770 ex
1060 1732 1251 1773 natura
1282 1721 1578 1783 consecuti,
1615 1722 1708 1776 sed
1738 1731 1868 1778 utet
1893 1738 2059 1793 ange-

475 1805 656 1861 iorum
696 1811 847 1875 ordo,
894 1810 1091 1865 virtute
1113 1812 1284 1865 sancti
1320 1812 1573 1881 Spiritus.
1601 1813 1825 1878 Eadem,
1859 1816 2051 1885 inquit,

474 1900 685 1955 ratione
717 1905 878 1958 etiam
913 1905 1038 1959 illud
1088 1905 1220 1959 dicit
1256 1924 1269 1959 :
1307 1904 1411 1970 Qui
1455 1908 1630 1961 minor
1675 1915 1747 1959 est
1806 1908 1862 1962 in
1895 1925 2051 1976 regno

469 1999 743 2063 cwlorum,
793 1998 966 2067 major
995 2008 1069 2052 est
1104 1998 1308 2052 Joanne
1351 1999 1593 2068 Baptista
1618 2014 1667 2067 ι,
1703 2003 1826 2069 quia
1850 2002 2055 2056 scilicet

471 2105 586 2160 prae
613 2089 936 2145 abundantia
970 2091 1153 2160 gratim
1172 2090 1435 2158 spiritalis
1477 2093 1670 2145 mutari
1698 2092 1926 2160 amplius
1961 2108 2053 2147 ne-

470 2183 610 2251 quit.
640 2180 866 2247 Quando
896 2183 1036 2235 enim
1074 2183 1329 2251 majorem
1388 2180 1650 2237 Joannem
1710 2183 1849 2237 inter
1898 2192 2054 2239 natos

476 2275 757 2330 mulierum
783 2274 1088 2343 appellavit,
1111 2274 1199 2341 qui
1224 2273 1275 2327 in
1296 2274 1530 2343 Spiritus
1549 2275 1719 2328 sancti
1740 2275 1892 2328 donis
1907 2278 2047 2329 veri-

476 2374 563 2420 tas
589 2374 690 2430 est,
721 2362 1076 2417 Conditorac
1103 2363 1359 2416 Dominus
1393 2370 1603 2427 noster,
1644 2378 1764 2415 cum
1802 2361 1961 2431 liujus
1994 2373 2048 2417 et

474 2451 668 2507 futura:
693 2453 816 2507 vita:
845 2450 1202 2506 differentiam
1236 2452 1544 2506 ostenderet
1574 2466 1588 2504 :
1620 2451 1729 2507 Etsi
1768 2468 1929 2514 nunc,
1952 2453 2047 2514 ait,

471 2545 808 2618 spiritalibus
832 2543 986 2598 donis
1018 2542 1188 2611 major
1211 2553 1295 2596 est
1327 2542 1650 2605 Prmcursor,
1684 2552 1830 2597 tanta
1872 2553 2046 2597 tamen

469 2641 578 2697 erit
611 2641 662 2695 in
701 2639 877 2693 futura
909 2637 1015 2690 vita
1054 2638 1246 2691 barum
1284 2651 1460 2689 rerum
1499 2636 1548 2688 in
1589 2635 1777 2688 melius
1811 2650 2050 2689 commn-

475 2734 627 2798 tatio,
651 2742 903 2800 tantaque
930 2729 1163 2798 Spiritus
1188 2729 1362 2795 copia,
1388 2736 1446 2780 ut
1481 2727 1570 2796 qui
1605 2727 1711 2781 illis
1750 2728 1925 2780 minor
1946 2736 2049 2796 est,

472 2826 733 2893 ampliora
764 2824 900 2877 dona
920 2830 1308 2877 consecuturus
1324 2819 1413 2885 sit,
1436 2834 1594 2887 quam
1624 2820 1711 2889 qui
1740 2818 1827 2872 hic
1850 2820 2050 2886 majora

472 2925 818 2985 acceperunt.
873 2914 972 2979 Qui
1015 2912 1156 2966 enim
1189 2911 1275 2966 hic
1309 2912 1557 2980 degebat,
1604 2912 1814 2965 etiamsi
1884 2910 2054 2977 majus

470 3008 602 3078 quid
619 3016 760 3060 esset
782 3015 1125 3067 consecutus,
1146 3003 1381 3057 nondum
1408 3013 1585 3056 tamen
1606 3002 1834 3056 habebat
1856 3004 2051 3055 immu-

472 3099 815 3164 tabilitatem;
842 3097 932 3167 qui
969 3110 1095 3151 vero
1120 3096 1170 3149 in
1189 3095 1449 3149 caalorum
1475 3110 1647 3165 regno
1676 3093 1871 3156 minor,
1905 3093 2052 3162 quis-

470 3191 595 3260 quis
623 3190 839 3243 tandem
877 3189 965 3243 ille
999 3186 1193 3251 fuerit,
1230 3188 1370 3256 quod
1402 3184 1522 3238 tulit
1554 3186 1782 3247 bonum,
1813 3185 1864 3238 id
1891 3183 2049 3277 simul
2075 3215 2120 3277 Ο

474 3280 668 3335 stabile
684 3288 736 3334 et
757 3294 1029 3348 nunquam
1050 3277 1395 3332 adimendum
1420 3276 1560 3342 tulit,
1590 3274 1715 3330 nulli
1740 3272 2052 3329 mutationis

474 3373 773 3429 inﬁrmitati
802 3371 1087 3427 obnoxius.

545 3554 741 3624 208a
762 3552 962 3619 Quinto
981 3561 1036 3606 et
1052 3553 1463 3623 quadragesimo
1487 3555 1662 3623 capite
1691 3557 1742 3611 in
1763 3572 1881 3612 eam
1911 3560 2054 3615 venit

471 3647 859 3716 quaestionem:
895 3644 1172 3711 Quomodo
1213 3645 1285 3699 illi
1325 3645 1467 3711 duo,
1509 3648 1773 3717 quiprimi
1809 3650 1862 3704 in
1900 3661 2053 3705 utro-

470 3754 578 3807 que
605 3735 913 3808 [rationalis
940 3735 1224 3808 creaturae]
1255 3751 1452 3807 genere
1481 3734 1679 3793 conditi
1720 3738 1892 3805 fuere,
1938 3743 2054 3795 dia-

470 3826 627 3881 bolus
670 3836 724 3880 et
742 3826 933 3885 Adam,
973 3824 1153 3878 statim
1207 3840 1235 3877 a
1279 3827 1552 3881 creatione
1602 3829 1955 3884 ceciderth
1989 3831 2056 3887 Et

468 3917 735 3971 Adamum
774 3917 989 3985 quidem
1041 3916 1280 3969 omnium
1310 3917 1389 3970 sui
1428 3919 1641 3986 generis
1673 3920 1904 3987 primmn
1936 3939 2055 3978 esse

467 4009 772 4072 conditum,
825 4007 1022 4062 nemini
1075 4007 1315 4062 dubium.
1358 4006 1511 4073 Quod
1554 4023 1681 4066 vero
1718 4022 1772 4065 et
1815 4013 2056 4070 diabolus

478 4115 734 4169 tanquam
770 4100 876 4153 dux
912 4100 1302 4166 antesignanus
1334 4099 1607 4163 ceciderit,
1648 4103 1786 4170 apud
1819 4101 1938 4171 Job,
1974 4106 2057 4159 in-

469 4193 613 4263 quit,
647 4188 884 4262 [legitur]
918 4189 1032 4242 Hoc
1060 4198 1135 4241 est
1160 4189 1475 4257 principium
1497 4190 1776 4244 creationis
1818 4191 2054 4262 Domini,

473 4285 691 4353 factum,
729 4292 783 4335 ut
810 4280 1116 4333 illuderetur
1147 4282 1209 4332 ab
1233 4282 1428 4351 angelis
1454 4283 1566 4351 ejus
1585 4291 1636 4337 γ,
1664 4284 1728 4336 Et
1750 4284 2006 4350 propheta
2037 4304 2051 4340 ε

474 4376 746 4440 Quomodo
775 4374 959 4428 cecidit
986 4373 1213 4438 Lucifer,
1242 4377 1498 4444 quimane
1523 4377 1816 4430 oriebaturz
1839 4378 1862 4431 Τ
1891 4376 2053 4432 Luci-

472 4465 553 4520 fer
580 4466 740 4527 enim.
774 4480 895 4517 cum
935 4474 1076 4516 motu
1109 4464 1339 4532 quodatn
1373 4465 1834 4534 suopropinquior
1858 4466 1927 4519 sit
1953 4482 2058 4519 cte-

2080 1873 2127 1933 B

2158 637 2265 683 τως
2300 621 2418 692 Θεῷ
2460 622 2954 694 καθομολογοῦντες
3006 626 3352 698 δεικνύμεθα.
3401 634 3504 688 Καὶ
3536 640 3562 691 6
3592 645 3690 707 τοῖς

2159 711 2461 782 δαιμονίοις
2489 713 2577 767 διὰ
2603 714 2665 767 τὸ
2702 715 2853 783 σφῶν
2905 717 3242 787 ἀμετάθετον
3280 722 3691 797 ἀποτασσόμενος

2161 805 2279 869 πῶς
2310 806 2429 875 οὐχὶ
2455 806 2531 877 τῷ
2570 807 2887 878 ἀμεταθέτῳ
2914 809 3131 878 πρῶτος
3168 812 3328 877 αὐτὸς
3376 815 3691 892 ἀπετάξατο;

2158 897 2270 950 Καὶ
2298 897 2327 949 6
2356 897 2457 967 τῆς
2498 900 2772 970 προτέρας
2805 898 2972 953 αὐτοῦ
3018 904 3285 972 πονηρίας
3333 906 3425 959 καὶ
3466 909 3695 978 ἀσεϐείας

2162 988 2490 1058 συγγνώμην
2518 988 2686 1044 αἰτῶν
2726 990 2843 1052 πῶς
2873 988 2938 1044 ἂν
2966 993 3078 1055 τοῖς
3102 995 3481 1062 ὀμοιοπαθέσιν
3507 1000 3696 1071 ἀνθρὼ-

2156 1094 2301 1142 ποις,
2355 1078 2415 1132 δν
2460 1078 2591 1133 αὐτὸ
2637 1078 2725 1133 διὰ
2774 1080 3064 1150 μετανοίας
3122 1080 3301 1152 ἔσχεν,
3353 1082 3697 1143 ἀποκλείσειεν

2155 1167 2305 1221 ἔλεον
2327 1185 2343 1237 ;

2226 1346 2393 1400 Ἀλλά
2437 1347 2609 1403 ταῦτα
2653 1326 2750 1417 μὲν
2789 1349 2883 1403 καὶ
2914 1351 2971 1403 ὲν
2997 1349 3075 1421 τῷ
3126 1352 3354 1423 παρόντι
3396 1354 3661 1426 κεφαλαίῳ
3684 1374 3697 1388 ·

2146 1437 2214 1491 ’ἐν
2251 1434 2332 1500 οἷς
2370 1438 2463 1490 καί
2489 1456 2653 1509 φησιν
2677 1440 2752 1503 ὡς
2779 1442 2836 1492 ἐν
2869 1444 2934 1512 τῇ
2961 1444 3257 1498 ἀναστάσει
3298 1442 3388 1495 τὸν
3416 1444 3702 1512 κάγγελικδν

2157 1529 2469 1599 βιωσόμεθα
2500 1530 2636 1599 βίον,
2685 1531 2883 1601 μηκέτι
2926 1532 3063 1603 πρός
3101 1550 3153 1585 τι
3197 1532 3305 1585 τῶν
3359 1533 3571 1601 φαύλων
3619 1536 3703 1588 ὲκ-

2153 1623 2447 1688 κλίνοντες,
2470 1624 2583 1677 ἀλλ’
2612 1625 2669 1677 ἐν
2695 1625 2773 1695 τῷ
2806 1627 3059 1698 ἀτρέπτῳ
3089 1628 3484 1700 στηριζόμενοι,
3514 1630 3571 1683 οὐ
3611 1630 3701 1702 φύ-

2156 1730 2237 1766 σει
2259 1713 2417 1767 τοῦτο
2442 1715 2796 1785 κτησάμενοι,
2835 1720 2901 1788 τῇ
2931 1718 2986 1770 δὲ
3014 1719 3107 1771 τοῦ
3136 1719 3450 1789 Πνεύματος
3472 1720 3699 1792 δυνάμει,

2154 1803 2343 1875 ὥσπερ
2384 1806 2478 1860 καὶ
2512 1807 2643 1859 αὐτὸ
2692 1807 2751 1859 τὸ
2788 1808 2896 1863 τῶν
2924 1809 3173 1877 ἀγγέλων
3210 1811 3482 1881 σύστημα.
3534 1813 3699 1885 Ταύτῃ

2153 1894 2236 1947 τοί
2265 1911 2396 1964 φησι
2448 1896 2541 1948 καὶ
2590 1896 2671 1962 τὸ,
2744 1897 2798 1949 '0
2835 1900 3180 1967 μικρότερος
3220 1902 3289 1955 ἐν
3319 1900 3394 1971 τῇ
3432 1902 3702 1969 ,ϐασιλείᾳ

2153 1986 2272 2040 τῶν
2328 1988 2600 2056 οὐρανῶν
2642 1988 2856 2058 μείζων
2901 1992 3072 2045 ἐστίν
3116 1994 3410 2059 Ἰωάννου,
3451 1993 3572 2066 [660
3621 1997 3699 2069 11.]

2154 2078 2398 2130 τουτέστι
2428 2081 2495 2150 τῇ
2525 2080 2660 2146 πρὸς
2701 2081 2764 2133 τὸ
2813 2080 3082 2151 ἄτρεπτον
3120 2082 3369 2155 δαψιλείᾳ
3416 2084 3510 2137 τοῦ
3555 2086 3700 2137 Πνεύ-

2158 2184 2342 2234 ματος.
2390 2168 2605 2236 Ἐπειδὴ
2638 2168 2746 2239 γάρ
2802 2170 3027 2239 μείζονα
3074 2173 3164 2224 τὸν
3210 2173 3463 2243 Ἰωάννην
3498 2176 3553 2227 ὲν
3595 2190 3702 2242 γενο

2154 2259 2333 2325 νητοῖς
2360 2260 2632 2327 γυναικῶν
2660 2259 2765 2331 [ἐν]
2793 2264 2907 2324 τοῖς
2931 2262 3023 2316 τοῦ
3047 2263 3362 2333 Πνεύματος
3473 2265 3699 2337 ἀλήθεια]

2153 2348 2487 2418 χαρίσμασιν
2507 2352 2533 2403 6
2564 2351 2738 2414 κοινὸς
2755 2354 3096 2424 Δημιουργὸς
3117 2356 3209 2407 καὶ⁵
3233 2356 3503 2426 Δεσπότης
3528 2356 3698 2428 ἔφησε,

2152 2437 2365 2501 δεικνὺς
2397 2440 2457 2491 τὸ
2506 2439 2761 2511 διάφορον
2807 2443 2907 2512 τῆς
2942 2444 3243 2515 μελλούσης
3277 2447 3416 2515 πρὸς
3446 2447 3542 2515 τὴν
3573 2465 3699 2516 παρ-

2152 2528 2318 2582 οῦσαν
2350 2529 2492 2602 ζωὴν
2531 2533 2917 2598 καταστάσεως
2947 2537 3112 2604 φησὶν
3135 2538 3229 2601 ὡς,
3257 2539 3310 2589 εί
3352 2538 3445 2590 καὶ
3478 2537 3566 2590 νῦν
3603 2542 3724 2602 τοῖς

2152 2625 2542 2691 πνευματικοῖς
2572 2623 2872 2695 χαρίσμασι
2914 2628 3113 2696 μείζων
3150 2630 3298 2681 ἐστὶν
3331 2631 3358 2681 6
3387 2629 3698 2699 Πρόδρομος,

2151 2712 2268 2765 ἀλλ’
2298 2713 2390 2766 οὖν
2421 2714 2653 2785 τοσαύτη
2690 2733 2775 2778 τις
2808 2717 2961 2769 ἔσται
2992 2719 3131 2771 κατὰ
3174 2720 3233 2771 τὸ
3288 2719 3479 2789 μέλλον
3532 2723 3561 2789 ἡ
3608 2721 3699 2772 τῶν

2153 2807 2437 2877 παρόντων
2472 2808 2740 2879 μεταϐολὴ
2772 2811 2908 2881 πρὸς
2936 2811 2996 2862 τὸ
3027 2812 3246 2880 ἄμεινον
3284 2812 3382 2864 καὶ
3411 2814 3443 2882 ἡ
3474 2812 3701 2882 δαψίλεια

2151 2897 2244 2950 τοῦ
2287 2898 2623 2968 ῐΙνεύματος,
2658 2900 2732 2964 ὡς
2764 2902 2855 2953 καὶ
2888 2903 2977 2953 τὸν
3015 2904 3192 2954 ἐκεῖσε
3251 2904 3573 2974 μικρότερον
3605 2904 3700 2956 τῶν

2151 2987 2385 3039 ἐνταῦθα
2425 2988 2486 3040 τὸ
2530 2989 2715 3058 μεῖζον
2752 2990 2983 3059 ἐχόντων
3014 2992 3595 3063 μεγαλοπρεπεστέρας
3624 3010 3703 3045 τυ-

2151 3078 2267 3147 χεῖν
2298 3077 2525 3150 δωρεᾶς.
2561 3081 2673 3133 Καὶ
2696 3080 2805 3150 γὰρ
2835 3084 2863 3134 6
2900 3083 2996 3151 μὲν
3027 3082 3281 3147 ἐνταῦθα,
3318 3083 3420 3136 κᾶν
3442 3083 3501 3137 τὸ
3538 3082 3702 3154 μεῖζον

2152 3165 2316 3239 εῖχεν,
2363 3171 2463 3223 οὐκ
2514 3165 2625 3241 εἶχε
2670 3173 2730 3225 τὸ
2752 3174 3020 3243 ἄτρεπτον
3049 3189 3065 3204 ·
3100 3177 3128 3227 6
3161 3175 3217 3227 δὲ
3258 3175 3322 3228 ὲν
3368 3178 3433 3246 τῇ
3480 3175 3703 3245 βασιλείᾳ

2150 3260 2259 3313 τῶν
2312 3261 2558 3330 οὐρανῶν
2614 3263 2956 3332 μικρότερος,
3007 3265 3155 3324 ὅστις
3196 3263 3319 3315 ποτ’
3366 3263 3435 3317 ἂν
3475 3260 3531 3336 ᾗ,
3583 3263 3704 3332 ὅπερ

2150 3351 2217 3405 ἂν
2259 3352 2451 3423 ἔφερεν
2479 3352 2702 3419 ἀγαθὸν,
2735 3354 3100 3422 ἀναφαίρετον
3143 3355 3565 3424 συνεπεφέρετο,
3614 3371 3705 3425 μη-

2150 3443 2337 3513 δαμῶς
2357 3443 2637 3515 ἀρῤωστία
2654 3446 2862 3514 τροπῆς
2894 3445 3264 3515 ὑποκείμενος.

2235 3537 2410 3599 Ἐνδὲ
2437 3537 2513 3607 τῷ
2540 3544 2619 3606 με’
2648 3538 2925 3607 κεφαλαίῳ
2956 3539 3034 3598 εἰς
3074 3539 3324 3603 ἐξέτασιν
3354 3539 3475 3607 ἄγει
3518 3537 3626 3599 πῶς
3661 3537 3705 3590 ot

2152 3628 2245 3681 δύο
2287 3631 2345 3682 ἐν
2368 3630 2611 3701 ἐκατέρῳ
2643 3630 2789 3699 γένει
2845 3630 3283 3701 πρωτόπλαστοι,
3321 3632 3349 3684 ὃ
3381 3648 3441 3683 τε
3483 3630 3707 3690 διάϐολος

2155 3720 2249 3774 καὶ¹
2274 3721 2303 3773 6
2331 3720 2523 3789 Ἀδὰμ,
2566 3721 2769 3783 εὐθέως
2793 3721 3107 3784 κτισθέντες
3137 3720 3420 3785 ἐξέπεσον.
3460 3721 3595 3773 Ἀλλ’
3636 3721 3706 3773 ὅτι

2160 3812 2260 3882 μὲν
2304 3814 2332 3866 6
2383 3813 2556 3882 Ἀδὰμ
2588 3812 2695 3865 τῶν
2735 3815 2792 3865 ὲν
2810 3812 2889 3882 τῷ
2920 3811 3067 3881 αύτῷ
3097 3812 3225 3865 εἴδει
3278 3812 3707 3882 πρωτόπλαστος,

2156 3904 2314 3975 δῆλον
2346 3920 2361 3935 ο
2402 3904 2483 3957 ὅτι
2534 3904 2590 3957 δὲ
2637 3904 2729 3956 καὶ
2775 3903 2803 3955 6
2836 3904 3101 3967 διάϐολος,
3131 3904 3189 3957 ὲν
3232 3903 3487 3975 τῷξἸώϐ
3538 3918 3707 3971 φησιν,

2158 3994 2349 4066 ὥσπερ
2382 3997 2412 4050 6
2451 3996 2756 4066 στρατηγὸς
2786 3996 3181 4067 πρωτοστάτης
3211 3996 3538 4060 πεπτωκὼς,
3588 3993 3709 4048 Τοῦ-

2156 4091 2226 4143 τό
2286 4090 2458 4143 ἐστιν
2510 4089 2666 4158 ἀρχὴ
2713 4092 2934 4159 Κυρίου
2988 4089 3346 4158 πλάσματος
3406 4087 3709 4155 πεποιημέ-

2150 4201 2267 4255 νον
2286 4186 2372 4251 εἰς
2400 4184 2464 4238 τὸ
2506 4185 2964 4246 καταπαίζεσθαι
2996 4184 3117 4239 ὑπὸ
3150 4183 3270 4237 τῶν
3310 4184 3581 4253 ἀγγέλων
3619 4184 3712 4235 αὑ-

2155 4274 2285 4329 τοῦ.
2343 4276 2507 4329 Καὶὸ
2542 4277 2854 4345 προφήτης,
2885 4274 3019 4341 Πῶς
3057 4276 3278 4329 ἔπεσεν
3328 4280 3362 4329 ό
3400 4276 3708 4345 ἑωσφόρος.

2157 4372 2192 4423 ό
2237 4368 2389 4436 πρωῒ
2452 4370 2841 4431 ἀνατέλλωνς
2898 4370 2957 4422 Ὀ
3012 4370 3118 4439 γὰρ
3166 4370 3466 4441 ἑωσφόρος,
3513 4371 3604 4423 ἆτε
3654 4367 3711 4437 δὴ

2158 4460 2474 4529 πλησιάζων
2526 4460 2668 4513 κατά
2703 4477 2824 4513 τινα
2868 4462 3095 4530 πορείαν
3142 4459 3345 4530 μᾶλλον
3399 4460 3507 4514 τῶν
3550 4460 3712 4513 ἄλλων

470 4556 604 4609 teris
636 4555 830 4621 stellis,
881 4555 1085 4622 primus
1111 4564 1195 4609 est
1214 4570 1422 4609 aurora:
1447 4556 1685 4609 nuntius.
1734 4554 1887 4621 Quod
1928 4573 2051 4625 pro-

2156 4552 2421 4621 ἀστέρων,
2454 4551 2667 4621 πρῶτός
2700 4553 2849 4603 ἐστιν
2898 4551 3049 4620 ἡλίου
3099 4552 3277 4621 κῆρυξ
3304 4569 3319 4584 ο
3367 4553 3396 4605 ὃ
3443 4552 3710 4617 ἀναλόγως

471 4648 717 4718 portione
738 4650 969 4717 quadam
999 4648 1125 4702 olim
1157 4648 1209 4701 in
1235 4650 1525 4712 diabolum,
1560 4662 1805 4719 respectu
1831 4654 2051 4722 spirita-

472 4738 540 4793 lis
590 4737 994 4805 jtistitim’SolSs
1053 4741 1391 4805 convenisse,
1422 4742 1703 4796 obscurius
1770 4743 2048 4811 Scriptura

476 4832 693 4885 indicat.
732 4831 837 4886 Sed
868 4833 1005 4900 quod
1037 4832 1145 4900 jam
1184 4833 1402 4900 agitur:
1439 4833 1573 4898 Etsi,
1609 4834 1799 4902 inquit,
1829 4836 2051 4892 minime

472 4922 764 4993 jucundum
782 4931 1044 4978 creatum:
1073 4925 1369 4992 utriusque,
1395 4937 1498 4979 tam
1530 4927 1873 4995 intelligibilis
1890 4945 2051 4997 quam

474 5029 594 5081 qua:
625 5028 876 5066 sensuum
928 5015 1189 5081 particeps
1217 5027 1322 5075 est,
1359 5017 1742 5085 primogenitos
1774 5021 1825 5072 iu
1860 5019 2049 5074 interi-

479 5117 587 5159 tum
628 5108 798 5161 ruisse
827 5125 839 5161 :
874 5109 1101 5174 posteris
1135 5118 1309 5159 tamen
1338 5108 1587 5162 omnibus
1628 5110 1837 5163 illorum
1876 5111 2055 5179 lapsus

478 5196 532 5250 in
574 5198 932 5251 communiter
963 5196 1093 5250 utile
1122 5197 1400 5264 exemplar
1418 5199 1752 5266 proponitur,
1781 5200 2044 5267 praeconis

480 5303 631 5342 more
681 5289 1011 5352 exclamans,
1042 5303 1290 5358 magnum
1322 5298 1381 5341 ut
1415 5289 1797 5345 incolumitatis
1827 5306 1936 5346 sure
1960 5308 2052 5346 ett-

482 5396 594 5434 ram
619 5393 829 5450 gerant,
863 5398 929 5437 ne
962 5390 1052 5435 aut
1076 5396 1196 5435 cum
1227 5382 1342 5434 istis
1365 5381 1416 5435 in
1445 5382 1629 5435 eadem
1649 5383 1886 5438 incidant
1912 5384 2049 5437 mala

479 5481 574 5525 aut
600 5471 786 5527 talium
810 5483 957 5528 certe
978 5487 1157 5526 rerum
1182 5485 1367 5526 amore
1396 5481 1701 5537 teneantur,
1721 5487 1818 5542 per
1847 5488 1981 5540 quas
2000 5473 2051 5526 in

484 5566 773 5632 perniciem
806 5567 1001 5635 aliquis
1034 5574 1159 5620 ruat
1191 5584 1204 5619 :
1238 5565 1330 5619 sed
1361 5562 1507 5619 omni
1534 5563 1693 5618 modo
1726 5566 1977 5635 omnique
2001 5565 2054 5620 vi

487 5652 923 5717 inobedientlam,
942 5657 1189 5726 quodque
1219 5671 1310 5724 per
1337 5656 1479 5709 illam
1499 5654 1851 5708 committitur
1867 5669 2058 5724 pecca-

488 5751 599 5795 tum
623 5755 970 5800 exsecrentur
990 5764 1002 5799 :
1020 5746 1231 5815 quando
1250 5761 1361 5814 Ipsa
1381 5759 1592 5816 quoque
1608 5744 1897 5798 creatiouis
1916 5747 2054 5799 velut

558 5862 586 5889 ³
615 5852 797 5910 Matth.
825 5873 883 5916 ιι.
916 5857 969 5911 ‘2.
1049 5857 1309 5913 3.101).“.
1358 5857 1567 5923 1-i,scc.
1600 5853 1761 5908 LXX.

2156 4645 2299 4713 ἔχειν
2340 4643 2469 4696 ποτὲ
2496 4644 2587 4694 τὸν
2619 4641 2862 4696 διάϐολον
2896 4644 3268 4713 αἰνιττόμενον
3301 4644 3361 4696 τὸ
3385 4643 3560 4709 λόγιον
3587 4641 3711 4712 πρὸς

2154 4736 2247 4787 τὸν
2275 4734 2461 4803 νοητὸν
2492 4734 2591 4802 τῆς
2624 4730 2973 4804 δικαιοσύνης
3007 4734 3159 4805 ἥλιόν
3201 4751 3389 4805 φησιν.
3426 4734 3563 4789 Ἀλλ’
3588 4734 3709 4800 ὅπερ

2158 4826 2461 4896 πρόκειται,
2493 4825 2543 4877 εί
2588 4825 2679 4877 καὶ
2704 4824 2965 4896 λυπηρὸν,
2994 4828 3129 4896 φησι
3151 4867 3165 4892 ,
3198 4826 3259 4878 τὸ
3290 4826 3552 4896 ἑκατέρας
3608 4821 3711 4875 κτίο

2159 4933 2319 4979 σεως,
2352 4916 2449 4985 τῆς
2476 4932 2535 4968 τε
2559 4914 2758 4985 νοητῆς
2784 4916 2878 4968 καὶ
2899 4918 2997 4985 τῆς
3025 4915 3362 4986 μετεχούσης
3390 4916 3499 4969 τῶν
3536 4912 3711 4982 αἰσθή-

2154 5022 2311 5064 σεων.
2348 5008 2474 5068 τοὺς
2513 5009 2882 5076 πρωτογενεῖς
2911 5007 2992 5067 είς
3025 5006 3238 5059 ὄλισθον
3283 5008 3558 5069 ἐκπεσεῖν,
3608 5002 3710 5056 ἀλλ’

2151 5093 2244 5151 οὖν
2295 5099 2407 5158 τοῖς
2445 5096 2570 5165 ἑξῆς
2617 5098 2827 5150 ἆπασαι
2855 5097 2916 5148 τὸ
2944 5097 3167 5149 ἐκείνων
3198 5097 3399 5166 πτῶμα
3453 5096 3580 5167 [542
3627 5091 3708 5162 11.]

2152 5189 2478 5258 κοινωφελὲς
2510 5188 2862 5259 παράδειγμα.
2916 5190 3224 5258 πρόκειται,
3272 5191 3514 5261 κήρυκος
3569 5187 3709 5252 δίκην

2158 5280 2473 5350 ἀναφωνοῦν
2522 5279 2727 5351 πολλῆς
2782 5280 3083 5348 ἀσφαλείας
3137 5280 3281 5350 ἔχειν
3317 5281 3592 5351 πρόνοιαν,
3641 5276 3707 5346 μὴ

2158 5378 2272 5440 τοῖς
2302 5377 2481 5439 αὐτοῖς
2513 5378 2859 5448 περιπεσεῖν,
2899 5376 3031 5447 μηδὲ
3066 5378 3312 5446 στέργειν
3340 5376 3406 5427 δι’
3435 5368 3508 5426 ὧν
3536 5373 3596 5427 άν
3638 5384 3708 5428 τις

2159 5468 2514 5537 ὁλισθήσειεν,
2571 5467 2705 5521 ἀλλὰ
2753 5470 2915 5519 παντὶ
2963 5468 3149 5539 τρόπῳ
3182 5469 3276 5520 καὶ
3304 5467 3451 5536 πάσῃ
3500 5463 3709 5529 δυνάμει

2160 5560 2260 5630 τὴν
2290 5560 2574 5632 παρακοὴν
2606 5560 2703 5613 καὶ
2734 5560 2834 5630 τὴν
2875 5559 2943 5613 δι’
2982 5561 3156 5629 αὐτῆς
3198 5559 3472 5629 ἁμαρτίαν
3513 5552 3708 5627 βδελύτ-

2162 5650 2369 5718 τεσθαι,
2414 5650 2468 5703 εἴ
2509 5669 2572 5721 γε
2615 5651 2709 5704 καὶ
2739 5650 2877 5704 αὐτὰ
2904 5653 3001 5721 τῆς
3033 5649 3412 5721 ,δημιουργίας
3454 5649 3519 5701 τὰ
3562 5642 3705 5698 οίυνεὶ

2168 5743 2343 5815 βάθρα
2397 5743 2493 5796 καὶ
2539 5741 2765 5813 θεμέλια
2798 5742 2872 5813 μὴ
2910 5743 3008 5813 τῆς
3035 5740 3259 5813 δεούσης
3294 5738 3514 5803 ἑαυτοὺς
3556 5731 3702 5801 ἀξιώ-

1836 5857 1983 5912 z15a.
2024 5874 2135 5925 xix,
2170 5859 2252 5912 1:2.
