4032 6492
371 474 481 539 829

373 599 571 647 σαντες
600 581 875 653 προσοχῆς
910 582 1004 638 ἐπὶ
1036 584 1289 641 τοσοῦτον
1322 586 1370 619 ⁵³
1390 604 1405 619 ο
1427 588 1476 621 ⁵⁸
1495 588 1826 661 ὡλίσθησαυ.
1847 595 1946 645 Δια

369 674 536 728 τοῦτο
566 672 677 743 γὰρ
700 674 795 727 καὶ
818 673 847 725 ό
872 675 1035 744 σοφὸς
1068 676 1226 747 ἡμῶν
1253 678 1498 749 πλάστης
1518 682 1611 735 καὶ
1640 683 1948 754 προνοητὴς

370 767 512 832 πρὸς
564 766 942 838 σωφρονισμὸν
972 769 1083 822 τῶν
1120 770 1260 840 μετὰ
1305 772 1477 825 ταῦτα
1533 774 1753 827 πάντων
1806 791 1948 845 παρ-

367 860 575 912 αὐτίκα
593 859 689 912 καὶ
711 860 818 932 πρὸ
840 858 1034 931 καιροῦ
1051 864 1249 932 τρόπον
1272 864 1392 917 τινὰ
1415 865 1659 936 ἐκατέρῳ
1683 866 1949 938 προσάγει

366 951 473 1022 τὴν
502 951 748 1015 κόλασιν,
784 951 876 1005 τὸν
909 952 1007 1022 μὲν
1035 953 1113 1025 τῷ
1148 954 1325 1025 θνητῷ
1357 956 1749 1022 καταδικάσας,
1784 956 1861 1028 τῷ
1890 958 1948 1010 δὲ

367 1040 473 1112 τὴν
503 1040 689 1112 χώραν
717 1040 959 1111 ἀμείψας
996 1045 1091 1098 καὶ
1125 1044 1247 1098 ἀντὶ
1267 1045 1368 1115 τῆς
1398 1047 1511 1100 άνω
1538 1048 1630 1100 καὶ
1670 1048 1952 1120 μακαρίας

370 1131 659 1204 διατριϐῆς
709 1132 771 1186 τὸ
827 1134 1017 1197 σκότος
1074 1137 1319 1200 ἀντιδοὺς
1364 1139 1461 1192 καὶ
1506 1138 1599 1191 τὸν
1652 1138 1947 1211 τάρταρον,

378 1224 624 1295 ἑκατέρῳ
670 1224 835 1278 πάθει
869 1226 1206 1295 κατάλληλον
1244 1229 1483 1299 κεράσας
1531 1229 1594 1283 τὸ
1633 1230 1946 1299 φάρμακον.

394 1314 459 1369 '0
489 1318 583 1386 μὲν
611 1314 723 1387 γὰρ
751 1314 926 1385 ’Δδάμ
964 1317 1095 1379 Θεὸς
1142 1316 1363 1372 ἔσεσθαι
1408 1318 1637 1387 νομίσας
1685 1320 1778 1372 καὶ
1824 1320 1953 1381 τούς

381 1406 689 1476 ὀφθαλμοὺς
721 1406 907 1476 φέρειν
944 1407 1325 1478 ἀνεῳγμένους
1361 1410 1455 1462 καὶ
1484 1409 1686 1476 γνῶσιν
1724 1409 1953 1478 πλουτῆ-

378 1513 471 1549 σαι
510 1495 557 1527 ⁸⁷
605 1496 705 1549 τοῦ
750 1495 919 1550 καλοῦ
959 1515 1018 1549 τε
1063 1497 1159 1551 καὶ
1194 1497 1287 1551 τοῦ
1340 1498 1601 1569 πονηροῦ,
1655 1499 1845 1567 θνητός
1891 1516 1951 1552 τε

370 1587 591 1659 ἐδείχθη
618 1587 714 1641 καὶ
732 1587 1069 1660 πολυπαοὴς,
1093 1590 1188 1643 καὶ
1211 1590 1407 1661 μικροῦ
1422 1590 1838 1658 τυφλώττουσαν
1858 1591 1952 1643 καὶ

368 1679 753 1744 παντοδαποῦς
797 1680 1022 1749 ἀγνοίας
1053 1682 1256 1753 μεστὴν
1291 1686 1452 1752 φύσιν
1481 1684 1749 1753 ἠνέγκατο
1780 1699 1793 1713 ⁸
1818 1686 1845 1737 ό
1895 1684 1951 1737 δὲ

364 1771 464 1822 τον
511 1772 559 1803 ³⁸
618 1770 806 1843 θρόνον
852 1772 934 1835 εἰς
978 1773 1070 1825 τὸν
1107 1774 1336 1845 οὐρανὸν
1367 1777 1432 1845 τῇ
1466 1775 1741 1846 φαντασίᾳ
1783 1775 1952 1839 τιθεὶς

364 1863 467 1916 καὶ
513 1863 699 1933 ὅμοιος
727 1862 806 1934 τῷ
854 1862 1092 1934 Ὑψίστῳ
1133 1866 1428 1933 γενόμενος
1461 1866 1565 1917 ὑπὸ
1615 1870 1718 1938 γῆν
1764 1883 1822 1918 τε
1872 1867 1950 1919 δι·
1980 1857 2023 1913 Β

366 1954 548 2017 καίως
573 1954 771 2026 ἐρρίφη
808 1955 904 2008 καὶ
951 1955 1079 2018 τοὺς
1132 1956 1462 2028 ταρταρίους
1508 1955 1674 2010 ὑπέδυ
1725 1958 1946 2026 μυχοὺς,

368 2047 472 2100 καὶ
499 2047 721 2115 γέγονεν
745 2048 933 2108 αὐτοῖς
970 2047 1003 2116 ἠ
1032 2047 1308 2116 ἀπληστία
1334 2049 1427 2102 καὶ
1450 2048 1551 2118 τῆς
1582 2049 1640 2100 ὲν
1665 2042 1744 2111 οἷς
1774 2048 1952 2119 ὑπῆρ-

365 2155 469 2210 χον
524 2138 865 2208 συμμετρίας
916 2139 1256 2201 ἁπόπτωσις.
1309 2138 1585 2209 ’ἰατρικῆς
1649 2139 1706 2193 δὲ
1763 2139 1952 2208 σοφίας

368 2229 469 2281 καὶ
490 2228 550 2280 τὺ
566 2227 898 2299 προσφέρειν
917 2232 1030 2291 τοῖς
1052 2228 1320 2291 ἐναντίοις
1365 2228 1435 2281 τά
1460 2230 1679 2282 ἐναντία
1724 2229 1948 2297 ἰάματα.

366 2319 495 2392 [661
540 2319 634 2392 IL]
670 2322 810 2374 Ἀλλ’
844 2326 902 2375 ἐν
930 2323 1143 2384 τούτοις
1178 2322 1275 2392 μὲν
1314 2321 1392 2392 τῷ
1432 2322 1715 2393 ίερομαθεῖ
1745 2340 1803 2376 τε
1858 2323 1952 2376 καὶ

364 2412 724 2483 φιλοθεάμονι
771 2414 833 2467 τὸ
866 2419 906 2467 ε’
938 2414 1030 2467 καὶ
1065 2412 1118 2483 μ’
1142 2413 1203 2467 τὸ
1245 2414 1421 2485 πέρας
1465 2415 1805 2488 ἀποφέρεται
1856 2431 1951 2468 κε-

365 2504 623 2574 φάλαιον.

908 2660 909 2663 η
1084 2600 1285 2669 ΣΚΓἏῘ

360 2691 660 2760 Διοδώρου
710 2691 1047 2747 ἐπισκόπου
1106 2693 1335 2762 Ταρσοῦ
1381 2692 1531 2747 κατὰ
1569 2693 1947 2763 εἱμαρμένης.

445 2780 792 2855 Ἀνεγνώσθη
809 2784 1059 2848 βιϐλίον
1087 2784 1355 2855 Διοδώρου
1392 2784 1439 2817 ”
1473 2786 1777 2838 ἐπισκόπου
1808 2788 1951 2858 Ταρ-

364 2870 469 2925 σοῦ
498 2872 651 2925 κατὰ
682 2873 1063 2941 εἱμαρμένης,
1094 2875 1153 2927 ὲν
1185 2873 1364 2942 λόγοις
1398 2874 1497 2945 μὲν
1532 2880 1605 2946 η’,
1635 2875 1948 2943 κεφαλαίοις

356 2967 425 3020 δὲ
447 2964 496 3034 γ’
522 2966 616 3020 καὶ
637 2971 701 3020 ν’.
731 2966 890 3019 Ἐστι
919 2968 1020 3036 μὲν
1036 2965 1127 3032 οὐν
1144 2967 1201 3020 ὲν
1222 2966 1434 3029 τούτοις
1462 2965 1705 3020 εὐσεϐῶν
1732 2967 1760 3019 ὁ
1786 2967 1948 3037 ἀνὴρ,

361 3059 463 3113 καὶ
512 3057 634 3111 οὐδὲ
682 3057 812 3128 περὶ
843 3057 947 3127 τὴν
975 3057 1134 3125 δόξαν
1171 3059 1267 3111 τοῦ
1314 3057 1445 3111 Υίοῦ
1477 3057 1571 3111 τοῦ
1606 3057 1767 3124 Θεοῦ,
1803 3060 1868 3128 ἢν
1915 3060 1947 3127 ἡ

360 3149 463 3203 τοῦ
520 3149 820 3220 Νεστορίου
858 3148 1034 3203 λύσσα
1087 3148 1503 3221 διασπαράττει,
1541 3149 1909 3220 σφαλλόμενος
1931 3165 1945 3178 ο

362 3244 483 3305 τοῖς
518 3240 578 3294 δὲ
609 3242 1041 3311 ἐπιχειρήμασιν
1078 3239 1194 3293 ἔστι
1231 3239 1333 3311 μὲν
1384 3233 1467 3304 οἷς
1518 3238 1695 3312 ὀρθῶς
1740 3257 1800 3293 τε
1852 3242 1946 3294 καὶ
1972 3223 2018 3282 C

360 3331 581 3403 εὐφυῶς
612 3330 917 3395 ἐπιϐάλλει,
950 3330 1244 3402 διελέγχων
1288 3331 1417 3395 τούς
1459 3330 1559 3404 τὴν
1604 3331 1948 3403 εἱμαρμένην

363 3426 713 3490 δοξάζοντας,
744 3423 939 3477 ἔστιδὲ
965 3424 1103 3477 ὅπου
1149 3424 1285 3496 πρὸς
1332 3424 1493 3494 μόνον
1533 3423 1594 3475 τὸ
1625 3423 1949 3493 φαινόμενον

360 3520 458 3573 τὸν
489 3518 680 3586 ἀγῶνα
714 3517 892 3588 φέρει,
927 3517 1020 3570 καὶ
1052 3516 1187 3587 μηδὲ
1217 3516 1405 3586 σαφῶς
1444 3515 1505 3568 τὸ
1526 3516 1641 3569 τῶν
1673 3515 1945 3570 ἐναντίων

361 3609 677 3682 ἐξακριϐῶν
729 3610 932 3678 δόγμα.
984 3609 1157 3663 ’Ὅθεν
1208 3609 1472 3671 πολλάκις
1530 3611 1632 3663 οὐκ
1686 3608 1946 3671 ἐκείνοις.

360 3703 505 3774 πρὸς
548 3700 644 3764 οὒς
688 3702 717 3754 ὁ
757 3700 1018 3771 πόλεμος,
1058 3700 1177 3754 ἀλλ’
1233 3702 1440 3771 ἑτέροις
1493 3700 1695 3770 μᾶλλον
1744 3700 1949 3765 δόξειεν

361 3793 433 3848 ἂν
475 3793 861 3865 διαμάχεσθαι.
913 3793 1062 3865 Πλὴν
1098 3794 1127 3847 ὃ
1164 3810 1229 3863 γε
1264 3792 1565 3863 εὐγνώμων
1613 3791 1807 3864 κριτὴς
1850 3792 1951 3863 οὐχ

362 3884 510 3956 ὑπὲρ
542 3878 617 3939 ῶν
648 3884 750 3937 οὐκ
782 3883 1058 3954 εὐστόχως
1085 3882 1304 3955 ἐνιαχοῦ
1346 3883 1573 3954 φέρεται
1619 3882 1951 3953 μωμήσαιτο

362 3974 433 4028 ἄν
460 3990 475 4005 ⁸
531 3974 673 4045 ὑπὲρ
701 3967 777 4028 ὧν
829 3975 887 4028 δὲ
938 3971 1231 4037 σπουδάζει
1276 3973 1375 4044 τὴν
1405 3974 1450 4005 ⁶⁰
1483 3972 1581 4043 τῆς
1609 3970 1951 4042 είμαρμένης

363 4067 577 4138 πλάνην
607 4067 985 4136 κατενεγκεῖν,
1021 4066 1115 4119 καὶ
1148 4064 1225 4128 ὡς
1252 4066 1353 4118 οὐκ
1382 4066 1441 4117 ἐν
1463 4064 1670 4133 ὀλίγοις
1694 4065 1815 4117 κατ’
1855 4064 1953 4115 αὐ-

359 4159 464 4231 τῆς
513 4160 812 4229 εὐδοκιμεῖ,
853 4158 943 4213 τὸν
986 4158 1157 4229 ἄνδρα
1200 4158 1369 4228 τιμῆς
1397 4158 1494 4211 καὶ
1524 4157 1748 4228 χάριτος
1800 4155 1951 4220 ἄξιον

358 4250 717 4321 άνομολογεῖν
739 4252 856 4303 ἐστι
895 4249 1105 4312 δίκαιος
1135 4251 1203 4303 δι.
1236 4248 1331 4301 Ἐν
1360 4249 1544 4319 μέντοι
1580 4265 1644 4315 γε
1664 4247 1744 4319 τῷ
1774 4254 1822 4301 α’
1852 4249 1951 4301 καὶ

356 4350 404 4395 ν’
446 4343 746 4414 κεφαλαίῳ,
797 4344 915 4414 ἅμα
960 4342 1061 4413 τὴν
1108 4342 1209 4413 τῆς
1251 4342 1595 4413 είμαρμένης
1646 4341 1951 4395 κατασείων

356 4432 543 4503 δόξαν,
601 4436 698 4489 καὶ
748 4436 849 4506 τὴν
882 4435 1218 4507 Βαρδισάνου
1276 4434 1751 4505 συνεπιρῤαπίζει.
1792 4432 1946 4505 Αὕτη

357 4527 423 4580 δὲ
465 4528 748 4601 ἡμιμανής
778 4528 863 4591 τίς
908 4527 1026 4582 ἐστι
1067 4527 1163 4582 καὶ⁴
1198 4528 1468 4597 ἡμίτομος
1494 4543 1510 4560 ο
1545 4526 1645 4597 τὴν
1683 4527 1782 4597 μὲν
1833 4525 1943 4597 γὰρ

355 4617 541 4689 ψυχὴν
569 4620 913 4690 εἱμαρμένης
951 4636 1012 4672 τε
1042 4620 1137 4672 καὶ
1182 4619 1282 4689 τῆς
1324 4617 1628 4690 λεγομένης
1658 4617 1940 4686 γενεθλια-

353 4709 550 4779 λογίας
574 4710 865 4783 ἐλευθέραν
914 4709 1166 4773 ἀπολύει,
1215 4708 1498 4781 συντηρῶν
1536 4709 1676 4781 αὐτῇ
1723 4710 1785 4763 τδ
1810 4709 1944 4763 αὐτ-

1376 476 1904 543 BIBLIOTHECA.
1944 508 2015 518 -
2051 482 2215 544 COD.
2233 481 2543 544 CCXXIII.

3531 480 3636 545 830

2049 589 2396 645 fundamenta
2426 604 2492 644 ac
2517 589 2697 653 bases,
2722 587 2847 643 dum
2888 598 3149 658 quantum
3178 596 3491 657 Oportuerat
3531 590 3637 648 sibi

2049 697 2155 736 non
2178 683 2479 748 attendunt,
2514 691 2619 734 tam
2645 681 2875 749 turpiter
2904 681 3065 750 lapsae
3089 691 3235 736 sunt.
3275 679 3409 733 Nam
3435 691 3489 733 et
3506 694 3630 747 pro-

2051 783 2234 843 pterea
2260 774 2477 843 sapiens
2504 773 2781 827 hominum
2811 772 3075 827 formator
3112 782 3280 841 atque
3317 782 3538 826 curator
3565 774 3632 827 ad

2055 864 2217 918 totius
2252 863 2580 932 posteritatis
2594 862 3026 917 emendationem
3059 866 3260 925 statim,
3285 872 3338 916 et
3370 863 3633 931 quodam-

2054 958 2211 1011 modo
2252 966 2379 1011 ante
2418 966 2626 1025 tempus
2658 956 2873 1025 utrique
2904 969 3115 1025 ptenam
3159 956 3373 1024 infligit,
3403 956 3637 1009 alterum

2050 1048 2264 1116 quidem
2291 1057 2462 1100 morte
2489 1047 2790 1102 damnando
2820 1064 2833 1100 :
2867 1047 3021 1102 alteri
3046 1062 3175 1101 vero
3210 1047 3384 1101 locum
3423 1062 3637 1114 permu-

2054 1133 2230 1198 tando,
2247 1141 2301 1185 et
2320 1148 2415 1199 pro
2435 1148 2628 1205 supera
2642 1135 2908 1205 beataque
2926 1135 3055 1202 vita,
3071 1134 3322 1190 tenebras
3346 1136 3637 1202 rependen-

2052 1227 2121 1278 do
2156 1239 2216 1277 ac
2245 1222 2776 1293 Tartarum,utrique
2803 1225 2937 1281 vitio
2977 1225 3117 1293 quod
3149 1224 3455 1287 conveniat,
3475 1224 3638 1279 misto

2053 1316 2366 1384 pbarmaco.
2402 1316 2565 1370 Deum
2604 1317 2748 1370 enim
2788 1314 3022 1384 aliquem
3066 1316 3181 1369 fore
3217 1329 3277 1369 se
3295 1315 3466 1370 Adam
3493 1314 3641 1370 arbi-

2056 1416 2248 1471 tratus,
2278 1417 2605 1477 apertosque
2635 1417 2972 1477 gestaturum
3001 1406 3207 1472 oculos,
3236 1416 3290 1463 et
3326 1406 3449 1460 boui
3491 1407 3639 1462 insu-

2053 1516 2150 1572 per
2179 1515 2243 1555 ac
2273 1500 2403 1553 mali
2443 1500 2747 1569 cognitione
2782 1500 3064 1553 ditandum
3097 1516 3113 1552 :
3149 1497 3391 1552 mortalis
3433 1486 3653 1568 (subito.

2054 1604 2109 1647 et
2166 1592 2331 1646 variis
2395 1591 2734 1658 passionibus
2778 1590 3044 1644 obnoxius
3070 1603 3193 1644 esse
3233 1589 3636 1643 demonstratus

2054 1694 2156 1749 est,
2212 1693 2532 1738 occazcatam
2574 1681 2744 1736 ferme
2770 1698 2832 1737 ac
2883 1682 3055 1756 varia_
3086 1682 3390 1752 ignorantia
3422 1680 3635 1751 plenam

2056 1787 2303 1832 naturam
2335 1775 2582 1830 sortitus.
2632 1774 2733 1841 Qui
2760 1790 2888 1829 vero
2927 1777 3109 1830 animo
3132 1775 3244 1844 jam
3283 1778 3536 1828 thronum
3581 1774 3637 1828 in

2051 1870 2188 1925 caelo
2213 1868 2524 1934 collocarat,
2554 1867 2653 1938 ipsi
2683 1882 2898 1936 quoque
2924 1867 3202 1922 Altissimo
3243 1864 3435 1920 similis
3462 1863 3638 1919 factus

2055 1962 2244 2016 merito
2256 1963 2355 2015 sub
2376 1972 2576 2014 terram
2595 1957 2833 2025 deiectus
2849 1957 3137 2012 Tartareas
3154 1969 3419 2011 cavernas
3444 1954 3635 2011 subiit.

2052 2052 2129 2107 lta
2173 2054 2225 2107 hi
2257 2068 2350 2122 per
2410 2051 2769 2106 insatiabilem
2820 2049 3174 2119 cupiditatem
3217 2047 3299 2123 ab
3328 2062 3395 2100 eo
3440 2046 3493 2100 in
3529 2060 3636 2116 quo

2051 2153 2207 2200 erant
2243 2144 2508 2199 bonorum
2550 2150 2974 2211 temperamento
3032 2138 3383 2203 exciderunt;
3444 2137 3637 2192 medici

2051 2251 2180 2291 vero
2200 2235 2458 2304 sapientis
2485 2234 2583 2287 fuit
2615 2232 2903 2287 contrariis
2923 2243 3195 2301 opponere
3221 2229 3492 2283 contraria
3522 2242 3638 2283 me—

2051 2328 2376 2382 dicamenta.
2406 2323 2602 2378 Verum
2631 2326 2682 2378 in
2718 2324 2803 2378 his
2833 2337 3108 2378 sacrarum
3152 2320 3242 2375 ille
3280 2334 3457 2374 rerum
3496 2319 3638 2390 peri-

2052 2428 2159 2481 tus,
2192 2426 2245 2471 et
2292 2414 2761 2485 contemplationis
2820 2427 3010 2468 amans
3034 2414 3267 2482 scriptor
3307 2411 3551 2481 quintum
3583 2419 3637 2465 et

2051 2509 2524 2581 quadragesimum
2559 2517 2723 2575 caput
2760 2503 3013 2559 absolvit.

2589 2598 2784 2669 203::
2816 2596 3088 2652 ccxxm.

2248 2692 2512 2748 Diodorus
2541 2691 2695 2745 Tarsi
2724 2691 2992 2759 episcopus
3034 2687 3230 2743 Contra
3262 2686 3455 2756 fatum.

2121 2785 2343 2841 Lectum
2372 2792 2455 2838 est
2489 2782 2721 2837 Diodori
2750 2781 2861 2853 (58)
2900 2781 3140 2851 episcopi
3165 2779 3456 2833 Tarsensis
3487 2776 3635 2846 Opus

2051 2878 2297 2939 adversus
2340 2874 2537 2943 fatum,
2576 2872 2725 2927 libris
2759 2883 2903 2935 octo,
2943 2887 3006 2925 ac
3064 2872 3237 2925 tribus
3279 2887 3439 2939 supra
3471 2869 3635 2937 quin-

2052 2968 2305 3037 quaginta
2342 2968 2609 3038 capitibus
2637 2966 2969 3020 distinctum.
3004 2963 3209 3031 Quibus
3252 2965 3305 3017 in
3344 2965 3493 3019 libris
3516 2963 3637 3031 pius

2051 3056 2268 3126 quidem
2294 3064 2376 3108 est
2424 3055 2510 3108 hic
2533 3053 2789 3121 scriptor,
2824 3067 2999 3123 neque
3043 3053 3095 3106 iu
3126 3068 3246 3106 eam
3279 3063 3484 3109 sectam
3515 3050 3632 3119 (59)

2051 3149 2119 3204 de
2151 3148 2243 3203 Dei
2291 3144 2447 3209 Filio,
2478 3161 2636 3215 quem
2668 3146 2832 3212 impia
2847 3144 3079 3200 Nestorii
3112 3146 3293 3199 rabies
3341 3146 3631 3209 dissecuit,

2050 3241 2351 3296 aberrando
2396 3238 2651 3294 deflectit.
2712 3236 2916 3292 Verum
2984 3237 3039 3291 in
3098 3240 3467 3307 argumentis,
3529 3239 3635 3296 etsi

2048 3336 2291 3403 quasdam
2345 3342 2490 3385 recte
2532 3329 2666 3385 satis
2706 3342 2771 3383 ac
2811 3330 3033 3383 dextere
3072 3331 3315 3396 adhibet,
3360 3331 3484 3384 dum
3537 3331 3634 3386 fati

2048 3424 2354 3479 laudatores
2382 3429 2673 3492 oppugnat,
2725 3420 2866 3477 alias
2890 3431 3073 3474 tamen
3104 3436 3281 3488 neque
3304 3422 3439 3476 satis
3461 3422 3631 3490 clare,

2050 3529 2223 3584 neque
2255 3514 2392 3568 satis
2422 3524 2679 3568 accurate
2727 3512 3161 3567 adversariorum
3213 3510 3408 3581 dogma
3441 3526 3633 3580 perse-

2050 3616 2230 3668 cutus,
2265 3620 2327 3659 ea
2357 3617 2673 3674 oppugnare
2714 3601 3047 3673 aggreditur,
3090 3616 3209 3668 quae
3233 3602 3468 3670 speciem
3493 3601 3635 3655 duu-

2052 3703 2200 3749 taxat
2251 3692 2519 3761 dogmatis
2577 3708 2689 3761 pra:
2722 3706 2783 3747 se
2836 3691 3032 3746 ferant.
3085 3691 3215 3744 Inde
3258 3705 3633 3758 saepenumero

2048 3801 2156 3842 non
2192 3800 2316 3841 cum
2351 3784 2478 3849 illis,
2521 3783 2846 3852 quibuscum
2889 3790 3167 3836 certamen
3224 3782 3487 3849 suscepit,
3535 3781 3632 3835 sed

2049 3893 2170 3931 cum
2221 3876 2345 3930 aliis
2403 3875 2585 3945 potius
2629 3872 2952 3942 quibusdam
3008 3886 3251 3941 pugnare
3310 3881 3623 3926 censeatur.

2050 3968 2371 4036 Quanquam
2422 3966 2559 4020 bene
2605 3964 2848 4019 sentiens
2891 3962 3117 4025 arbiter,
3166 3977 3271 4015 non
3302 3963 3372 4016 ob
3397 3962 3449 4017 id
3485 3965 3632 4031 quod

2050 4060 2229 4115 minus
2256 4058 2493 4112 feliciter
2521 4056 2718 4110 alicubi
2756 4056 2895 4110 hanc
2930 4068 3039 4107 rem
3070 4063 3215 4124 agat,
3247 4054 3631 4121 reprehensum

2049 4167 2171 4207 eum
2203 4152 2329 4205 velit
2368 4168 2381 4203 :
2412 4165 2533 4204 cum
2563 4164 2628 4202 ex
2672 4162 2738 4202 eo
2780 4147 2974 4201 saltem
3039 4147 3216 4200 honor
3267 4146 3341 4199 illi
3378 4156 3427 4201 ct
3456 4146 3633 4214 gratia

2048 4242 2246 4297 merito
2271 4240 2557 4304 debeatur,
2600 4238 2745 4307 quod
2776 4252 2882 4293 non
2907 4237 3148 4300 sine,sua
3184 4238 3237 4291 in
3270 4237 3453 4290 multis
3477 4238 3636 4292 laude

2050 4334 2319 4410 [noxium]
2354 4335 2421 4389 de
2455 4334 2567 4388 fato
2603 4347 2847 4386 errorem
2886 4331 3216 4401 ‘0pprimere
3262 4330 3536 4384 moliatur.
3573 4329 3635 4385 lu

2052 4428 2227 4498 primo
2251 4424 2469 4496 quidem
2502 4434 2652 4479 certe
2678 4432 2735 4477 et
2752 4423 3210 4492 quinquagesimo
3238 4422 3436 4489 capite,
3470 4419 3635 4474 simul

2051 4496 2176 4575 dum
2205 4519 2297 4573 fati
2326 4517 2633 4588 opinionem
2674 4496 2952 4577 convellit,
2989 4515 3153 4568 etiam
3185 4511 3632 4582 Bardisanis(60)

2050 4612 2373 4673 sententiam
2410 4608 2604 4663 refellit
2633 4623 2647 4660 :
2681 4621 2799 4677 quae
2837 4605 2952 4676 ipsa
3016 4616 3074 4659 ut
3098 4621 3129 4660 e
3162 4604 3386 4659 dimidio
3437 4604 3506 4658 ab
3536 4603 3633 4657 illa

2059 4704 2282 4766 refecta,
2318 4704 2388 4756 ita
2420 4699 2553 4755 serni
2591 4699 2783 4753 insana
2820 4698 3122 4753 etiamnum
3169 4695 3455 4751 remansit.
3493 4692 3631 4749 Nam

1655 4907 1892 4963 VABIA'J
1927 4900 2346 4962 LECTIONES.

435 5048 575 5084 "'5‘
594 5047 817 5102 τοσοῦτο
837 5066 900 5113 ς.
978 5046 1021 5079 ⁵⁷
1052 5043 1176 5100 libri
1206 5044 1509 5099 πλουτίσαι.
1584 5044 1630 5077 ⁸⁸
1662 5045 1755 5097 τὸν
1781 5054 1903 5114 post
1931 5043 2013 5105 εἰς
2045 5040 2170 5094 add.
2204 5039 2269 5092 A.
2294 5074 2297 5077 ‹
2345 5037 2391 5069 ⁵⁸
2419 5030 2747 5100 ΘεοδώρσνΑ
2775 5046 2813 5094 ς
2843 5046 2859 5083 :
2888 5030 2984 5083 sed
3012 5044 3118 5100 mg.
3150 5030 3192 5082 Λ
3216 5046 3307 5100 γρ.
3334 5026 3629 5098 Διοδώρου,

354 5119 440 5185 ὡς
471 5119 679 5193 προῖὼν
720 5120 998 5191 εὑρήσεις.

1077 5117 1123 5149 ⁸⁸
1155 5115 1255 5186 τὴν
1299 5116 1424 5171 add.
1459 5118 1525 5170 Α.
1602 5115 1645 5147 ⁸⁸
1682 5116 1892 5169 δίκαιον
1925 5131 1987 5179 ς’.

1884 5225 2117 5287 NOTAE.

437 5355 551 5425 (58)
577 5354 869 5409 Diodorum
903 5354 1085 5424 potius
1109 5366 1271 5425 quam
1310 5349 1645 5425 Theodorum
1673 5347 1947 5425 appellare

357 5418 563 5499 placuit
594 5443 608 5479 :
634 5441 755 5480 cum
784 5418 926 5499 quod
958 5434 1077 5499 post
1104 5418 1282 5499 paulo
1319 5437 1357 5499 a_
1384 5419 1614 5499 _Photio_
1645 5421 1724 5474 sic
1773 5418 1947 5499 nolui:

359 5487 544 5560 inetur,
583 5505 696 5549 tum
718 5487 860 5565 quod
888 5487 1075 5549 suidas
1104 5487 1363 5565 Tarsensi
1384 5492 1512 5546 huic
1533 5489 1786 5565 episcopo
1803 5487 1947 5542 κατὰ

2118 5344 2233 5415 (59)
2274 5339 2556 5415 Obquam
2586 5334 2726 5391 male
2754 5334 3030 5390 audivisse
3066 5348 3225 5402 supra
3254 5330 3455 5386 indicat
3488 5332 3629 5388 Pho-

2048 5410 2158 5471 tius
2185 5410 2307 5468 cod.
2354 5410 2479 5466 102.

2115 5484 2229 5556 (60)
2264 5482 2442 5536 Habes
2470 5493 2593 5556 eam
2636 5477 2775 5556 apud
2800 5474 2999 5529 Euseb.
3028 5473 3123 5556 Lib.
3151 5486 3206 5556 tv
3241 5473 3317 5525 De
3335 5483 3625 5556 pra'parpt.

357 5542 1674 5639 Sabaitééériif355%‘33153aiebatis!
1689 5542 1834 5629 ἴρυε
1862 5567 1947 5611 υι-
2041 5542 2225 5639 avena:
2404 5549 2630 5639 ηυδε)εέ
2667 5542 2778 5639 ili-‘3
2812 5561 2981 5639 ξεῖνε
3026 5542 3629 5639 ΕΞ⁴2ΙΣ¹1ἻΫ¹ἒῗᾸῗβΞ¹1ιΞ¹1³

359 5612 1943 5703 3:13.131:‘iiiéuii'i'riéihﬁiisigriuiéii[uﬁt'tifchijsbéto‘mug
2043 5612 2257 5703 Euseb;
2277 5612 2380 5703 lib...
2407 5618 2646 5703 tv,-Hia_¢_:
2666 5612 2786 5703 (Ξεψο
2812 5616 2911 5703 ἳδς
3032 5612 3250 5703 “it-3'22-
3270 5612 3322 5703 ίξ
3340 5612 3623 5703 (ἶᾷαλεᾉξιιορξ.

359 5682 1473 5768 ἑὶεἶῖἷῖιόὖῖἰι’ί’ίῖῐέ“ῐ⁵αἷό;⁰ἐῐ’ᾗὸἰιῖζ“ῐ
1492 5682 1753 5768 ποτε
1786 5682 1828 5765 i,
1873 5682 1943 5752 ad
2047 5695 2292 5768 cap.45;
2321 5682 2545 5768 uit-epit.
2590 5689 2680 5741 lib.
2708 5683 3039 5768 κειμηεῇ
3072 5682 3257 5768 εειΙΙίΙι.
3284 5682 3485 5768 2.,cap.
3530 5683 3617 5768 39;

362 5777 560 5833 Timot.
593 5778 790 5831 Euseb.
825 5784 936 5830 toto
981 5775 1118 5829 libro
1144 5789 1214 5826 νι.
1253 5774 1327 5826 De
1376 5780 1664 5841 praeparat.
1704 5768 1939 5841 evangel.

363 5849 555 5903 Cicero
581 5847 653 5901 De
674 5847 894 5899 divinat.
921 5855 975 5899 et
1000 5846 1073 5897 De
1105 5842 1152 5897 F
1156 5852 1264 5897 ato.
1295 5839 1595 5897 Alexander
1618 5839 1938 5912 Aphrodisi-

364 5934 463 5975 cus
486 5916 802 5984 Favorinus,
835 5917 972 5986 apud
999 5915 1145 5986 Agri.
1179 5912 1315 5977 XIV,
1342 5929 1459 5983 cap.
1494 5929 1530 5967 l.

2046 5751 2497 5836 B.'Augustiuu.§,
2531 5760 2725 5836 haeres.
2761 5751 2965 5836 53;;
2999 5751 3262 5836 Epiphan.
3306 5752 3497 5809 heres.
3526 5753 3624 5823 10;

2048 5824 2374 5893 Theodoret.
2408 5832 2502 5887 lib.
2537 5845 2576 5897 ι,
2613 5826 2812 5883 litaret.
2858 5824 3030 5894 fabul.
