4032 6488
455 462 555 527 831

1582 459 1847 519 ΡΙΙΟΤΙΙ
1888 459 2392 518 ΡΛΤΒΙΑΒΟΙΙΕ
2422 460 2529 520 CP.

3589 464 3685 532 832

450 582 553 632 eisi
586 577 822 631 animam
844 577 1062 645 quidem
1088 590 1117 629 a
1147 576 1275 638 l'ato.
1312 586 1365 629 et
1396 592 1424 630 a
1461 576 1704 629 uatalitia
1747 574 2024 628 notatione
2052 623 2056 632 ,

2158 573 2405 639 ξούσιον,
2464 574 2758 627 ύποτάττει
2818 573 2877 626 δὲ
2929 574 2996 643 τῇ
3049 572 3255 642 ταύτης
3336 571 3589 644 διοικήσει
3631 583 3687 636 τδ

451 684 572 736 qua:
602 670 820 732 dicitur,
864 669 1086 722 liberam
1131 669 1397 733 dimittit,
1454 669 1663 722 arbitrii
1721 668 2023 721 libertatem

450 757 530 811 illi
568 758 959 820 conservando,
1016 773 1211 825 corpus
1250 770 1453 821 tamen,
1504 766 1559 812 et
1592 772 1933 826 quaecunque
1958 758 2028 812 ad

448 866 649 919 corpus
690 858 956 919 spectant,
987 848 1095 902 fato
1126 850 1473 917 gubernanda
1512 850 1749 917 subjicit.
1778 848 2025 915 Divitias,

455 943 698 1011 inquam,
758 951 1076 1007 egestatem,
1130 941 1398 1001 morbum,
1433 941 1635 1003 vitam,
1695 950 1947 1005 mortem,
1976 949 2033 993 et

447 1047 576 1100 qua:
618 1032 667 1083 in
720 1041 903 1083 nostra
952 1046 1054 1083 non
1097 1040 1221 1083 sunt
1264 1038 1572 1097 potestate:
1615 1043 1792 1097 eaque
1843 1030 2024 1082 omnia

452 1122 551 1177 fati
586 1139 706 1177 esse
739 1122 927 1178 aﬂerta
966 1126 1149 1176 tradit.
1182 1121 1319 1191 Ergo
1371 1124 1517 1177 hunc
1550 1123 1826 1176 studiosus
1853 1121 1943 1174 ille
1979 1131 2033 1175 et

458 1216 662 1270 sciendi
695 1217 921 1283 cupidus
952 1216 1219 1270 Diodorus
1243 1215 1389 1269 clare
1429 1230 1495 1271 ac
1533 1215 1711 1270 valide
1736 1214 2030 1278 convincit,

456 1310 629 1362 verbo
668 1307 887 1375 quidem
952 1308 1183 1359 mediam
1242 1307 1503 1359 duntaxat
1560 1306 1768 1359 erroris
1824 1315 2032 1373 partem

460 1399 783 1467 praedicare,
805 1413 860 1452 re
883 1406 1061 1452 autem
1087 1399 1201 1465 ipsa
1228 1408 1393 1450 totum
1417 1395 1739 1451 conﬁrmare
1762 1409 1778 1449 :
1801 1396 2038 1465 quando-

457 1491 682 1560 quidem
713 1489 958 1559 plnrima:
988 1491 1232 1556 corporis
1254 1489 1368 1543 sive
1390 1488 1703 1543 allectiones
1730 1501 1826 1555 per
1842 1488 2036 1540 animae

458 1583 872 1651 Operationem,
941 1583 1398 1649 cooperationem,
1454 1590 1548 1635 aut
1610 1582 1774 1635 etiam
1832 1588 2039 1635 natura!

458 1685 813 1736 consensum,
844 1671 1092 1725 accidere
1118 1672 1295 1725 solent
1333 1685 1397 1724 ac
1435 1670 1640 1738 perlici.

536 1762 721 1818 Primo
755 1763 915 1830 igitur
944 1761 1081 1815 libro
1107 1772 1226 1829 post
1269 1761 1374 1815 alia
1427 1761 1496 1815 de
1536 1761 1649 1814 lato
1695 1761 1888 1827 relata,
1924 1768 2035 1814 tum

466 1855 614 1909 unde
642 1864 748 1908 tam
783 1856 950 1909 libere
978 1854 1170 1924 agendi
1222 1853 1503 1907 audaciam
1539 1870 1694 1909 error
1720 1853 2037 1922 sumpserit,

2139 666 2300 734 σῶμα
2352 666 2447 719 καὶ
2494 666 2562 717 τά
2608 664 2737 734 περὶ
2769 663 2831 716 τὸ
2865 662 3044 732 σῶμα,
3077 660 3310 715 πλοῦτον
3352 662 3417 731 δή
3466 665 3510 695 θ’
3560 684 3689 740 φημι

2137 757 2235 810 καὶ
2288 757 2482 810 πενίαν
2528 756 2624 810 καὶ
2664 755 2818 809 νόσον
2858 756 2953 807 καλ⁵
3003 753 3149 823 ζωὴν
3185 756 3283 809 καὶ
3334 754 3557 810 θάνατον
3606 766 3693 817 καὶ

2137 850 2238 901 ὃσα
2263 849 2363 901 οὐκ
2391 849 2479 916 ἐφ’
2514 849 2666 916 ἡμῖν,
2702 849 2796 902 καὶ
2825 847 2998 899 ταῦτα
3026 846 3201 899 πάντα
3230 846 3332 914 τῆς
3373 847 3696 922 εἱμαρμένης

2138 940 2278 1010 ἔργα
2315 940 2650 1009 δογματίζει.
2689 941 2787 991 Ὃν
2825 939 2870 969 ⁸³
2900 939 2928 990 ὁ
2962 937 3266 1008 φιλομαθὴς
3297 938 3392 991 καὶ
3432 942 3697 1007 σπουδαῖος

2138 1030 2405 1101 Διόδωρος
2433 1030 2621 1099 σαφῶς
2649 1029 2775 1101 βόό
2808 1027 2901 1100 IL]
2932 1046 2991 1080 τε
3027 1029 3122 1081 καὶ
3153 1028 3420 1096 γενναίως
3450 1030 3696 1103 διελέγχει

2139 1123 2283 1193 λόγῳ
2339 1122 2440 1191 μὲν
2493 1121 2764 1191 ἡμίτομον
2811 1120 2910 1187 τὴν
2962 1122 3060 1189 τῆς
3118 1120 3462 1190 εἱμαρμένης
3506 1121 3701 1194 πλάνην

2139 1214 2465 1286 κηρύττειν,
2514 1213 2661 1283 ἔργῳ
2708 1212 2764 1265 δὲ
2822 1215 3141 1282 συγκροτεῖν
3194 1214 3297 1280 τὴν
3344 1212 3509 1282 ὃλην,
3559 1217 3704 1284 εἴπερ

2142 1306 2236 1359 καὶ
2266 1307 2335 1360 τὰ
2363 1306 2593 1358 πλεῖστα
2618 1305 2728 1358 τῶν
2760 1304 3093 1373 σωματικῶν
3116 1304 3307 1356 παθῶν
3330 1320 3391 1356 τε
3421 1305 3513 1357 καὶ
3541 1305 3705 1375 ἔργων

2141 1396 2228 1449 διὰ
2250 1396 2349 1466 τῆς
2382 1396 2622 1465 ψυχικῆς
2649 1395 2932 1466 ἐνεργείας
2966 1412 3025 1446 τε
3057 1395 3149 1447 καὶ
3182 1395 3526 1463 συνεργείας,
3557 1397 3641 1449 ναὶ
3667 1399 3707 1429 ⁵⁸

2142 1486 2209 1557 δὴ
2244 1488 2339 1540 καὶ
2369 1486 2719 1558 συμπαθείας
2748 1486 2940 1539 εῐωθεν
2977 1487 3399 1557 ὲπισυμὸαίνειν
3447 1486 3544 1539 καὶ
3586 1487 3708 1541 ἀπο-

2143 1578 2435 1633 τελεῖσθαι.

2148 1766 2153 1779 τ
2215 1762 2307 1813 Ἐν
2336 1760 2435 1829 μὲν
2466 1754 2561 1814 οὖν
2588 1760 2668 1832 τῷ
2694 1767 2744 1814 α’
2781 1761 2926 1833 λόγῳ
2954 1761 3091 1816 ἄλλα
3129 1762 3191 1813 τέ
3217 1778 3345 1815 τινα
3373 1762 3505 1831 περὶ
3530 1763 3710 1835 είμαρ·

2152 1854 2318 1923 μένης
2362 1852 2608 1917 διελθὼν,
2649 1853 2744 1906 καὶ
2780 1854 2903 1907 ὅθεν
2939 1853 3064 1923 ἔσχε
3096 1855 3198 1921 τὴν
3224 1854 3433 1923 τόλμαν
3470 1856 3502 1921 ἡ
3546 1855 3707 1928 πλάνη

470 1945 733 2000 adversus
760 1961 876 1999 eam
912 1946 1143 2015 insurgit
1194 1945 1529 2013 Opinionem,
1572 1960 1691 2011 qua:
1731 1946 2042 1998 universum

2156 1943 2675 2014 παρρησιάσασθαι,
2744 1945 2838 1995 καὶ
2904 1943 3045 1995 κατά
3099 1945 3198 2012 τῆς
3248 1942 3521 2012 λεγούσης
3568 1944 3711 2015 δόξης

471 2033 580 2086 hoc
600 2041 723 2085 ortu
758 2048 945 2086 carere
974 2033 1171 2085 asserit
1203 2030 1378 2099 (putat
1402 2033 1546 2086 enim
1570 2046 1637 2085 ex
1663 2031 1762 2085 bac
1792 2032 2048 2099 opinione

470 2123 601 2178 Illud
635 2138 849 2191 quoque
890 2124 956 2175 de
1003 2124 1111 2175 fato
1144 2122 1466 2191 ﬁgmentum
1510 2121 1755 2191 conﬂari)
1806 2123 2052 2189 libroque

476 2210 602 2266 huic
627 2213 713 2279 ,ita
748 2214 905 2267 linem
941 2214 1184 2281 imponit,
1218 2224 1274 2265 ιιι
1309 2228 1375 2267 ne
1429 2214 1480 2266 in
1511 2211 1683 2266 altero
1726 2210 1942 2281 quidem
1981 2211 2050 2267 ab

469 2306 664 2362 eadem
698 2322 874 2377 pugna
898 2307 1143 2361 desistat.

547 2483 907 2552 Quamobrem
931 2488 1140 2542 decimo
1164 2496 1285 2557 post
1309 2487 1421 2543 hac
1442 2488 1641 2557 capite,
1657 2499 1766 2543 tam
1790 2488 2049 2543 mundum

476 2574 677 2643 ipsum,
718 2592 878 2646 quam
917 2579 969 2632 in
1004 2595 1070 2633 eo
1093 2580 1379 2648 degentem
1423 2580 1697 2634 hominem
1734 2590 1912 2634 ortum
1954 2581 2050 2635 ha-

480 2669 610 2723 bere
643 2670 1044 2736 demonstrans,
1084 2672 1188 2727 hoc
1225 2674 1334 2726 lere
1382 2677 1539 2727 modo
1589 2673 1655 2726 ad
1706 2682 2053 2742 argumenta-

478 2761 686 2817 tionem
719 2763 1053 2830 aggreditur.
1086 2762 1557 2834 Quandoquidem,
1591 2766 1684 2828 ait,
1736 2764 2049 2835 singulatim

482 2852 756 2906 hominum
782 2852 979 2922 209a
1008 2854 1203 2923 singuli
1246 2856 1579 2926 corruptioni
1627 2865 1790 2924 atque
1824 2870 2054 2926 genera-

482 2942 616 2998 tioni
648 2945 864 2999 obnoxii
894 2954 1040 3007 sunt,
1075 2948 1420 3001 manifestum
1473 2962 1605 3003 sane
1637 2949 1807 3016 ipsam
1837 2962 2055 3017 quoque

483 3035 678 3091 horum
711 3046 961 3091 naturam
996 3039 1061 3091 ad
1102 3038 1335 3093 similem
1392 3041 1560 3109 redigi
1610 3041 2053 3103 dissolutionem,

479 3137 540 3181 et
571 3127 782 3183 nonnisi
813 3129 864 3182 iu
898 3130 1030 3184 solis
1059 3146 1123 3183 ex
1156 3146 1214 3186 se
1246 3142 1434 3186 mutuo
1464 3134 1906 3187 successiouibus
1932 3151 2058 3204 per-

482 3216 704 3273 durare.
738 3219 923 3287 Neque
975 3222 1118 3273 enim
1158 3224 1301 3290 quod
1335 3233 1458 3276 ortu
1510 3234 1690 3287 caret,
1732 3224 1856 3278 inde
1899 3240 2052 3279 suam

487 3307 691 3363 habere
734 3308 1301 3379 incorruptibilitatem
1360 3322 1556 3379 potest,
1602 3314 1745 3380 quod
1796 3329 1960 3365 unum
1999 3315 2051 3368 in

480 3400 714 3456 alterius
764 3402 940 3455 locum
998 3402 1294 3457 identidem
1359 3406 1652 3458 succedere
1703 3406 2060 3475 cogitemus:

485 3492 580 3547 sed
600 3494 742 3562 quod
771 3495 819 3545 id
844 3509 939 3563 per
956 3496 1215 3564 seipsum,
1242 3505 1404 3563 atque
1424 3509 1490 3549 ex
1515 3505 1727 3551 suamet
1759 3496 2061 3553 subsisten-

491 3585 589 3646 tia,
629 3585 734 3640 tale
768 3586 857 3640 sit.
897 3586 1067 3643 Porro
1096 3590 1350 3641 mundum
1383 3604 1598 3659 quoque
1629 3589 1805 3659 ipsum
1858 3592 2061 3647 habere

483 3690 692 3742 ortum,
743 3696 810 3733 ex
842 3681 906 3735 iis
938 3690 1025 3735 est
1061 3682 1430 3747 manifestum,
1490 3684 1632 3751 quod
1680 3699 1799 3752 qua:
1842 3684 1895 3737 in
1948 3686 2065 3754 ipso

490 3780 638 3832 inut,
676 3771 835 3840 ignis,
868 3787 1029 3841 aqua,
1065 3782 1230 3837 terra,
1261 3788 1375 3837 aer,
1405 3785 1589 3827 ortum
1639 3775 1898 3831 habeant.
1938 3777 2065 3833 Haec

483 3863 635 3916 enim
684 3864 923 3931 quotidie
976 3866 1335 3930 particulatim
1385 3876 1438 3919 et
1493 3879 1939 3936 corrumpuntur,
2010 3881 2066 3925 ct

488 3954 806 4023 gignuntur.
841 3953 1073 4009 Rursum
1112 3968 1289 4012 autem
1341 3959 1484 4027 quod
1534 3969 1682 4012 terra
1736 3964 2066 4031 corruptibi-

492 4046 563 4102 lis
601 4048 691 4111 sit,
721 4063 786 4101 ex
826 4047 890 4101 iis
920 4049 1257 4116 perspicumu
1292 4052 1492 4117 evadit,
1532 4056 1678 4123 quod
1726 4056 1838 4109 sive
1878 4056 2062 4121 homo,

497 4137 617 4191 sive
651 4137 756 4191 alia
795 4138 1047 4193 animalia
1096 4154 1536 4211 corrumpantur,
1575 4146 1625 4197 in
1684 4154 1883 4199 terram
1920 4161 2070 4212 .cou-

498 4239 801 4283 Vertautur.
835 4227 968 4283 Nam
1018 4233 1158 4299 quod
1202 4232 1318 4287 hmo
1351 4234 1402 4285 in
1447 4233 1590 4286 illam
1622 4246 2069 4304 corrumpantur,

498 4329 821 4390 argumento
854 4323 1038 4390 utique
1070 4331 1173 4389 est,
1210 4338 1275 4377 ex
1311 4324 1399 4378 illa
1441 4326 1557 4393 ipsa
1602 4337 1859 4397 corrupta
1890 4340 2069 4383 ortum

499 4425 658 4466 suum
707 4411 860 4465 initio
899 4414 1198 4482 accepisse.
1241 4414 1394 4468 Adde
1436 4416 1578 4483 quod
1623 4416 1917 4469 etiamnum
1954 4416 2074 4468 ani-

497 4505 703 4558 mantia
743 4504 999 4573 pleraque
1042 4521 1110 4559 ex
1161 4506 1262 4559 hac
1301 4520 1458 4559 versa
1498 4516 1659 4573 atque
1691 4516 1946 4575 corrupta
1989 4508 2073 4572 gi-

2150 2036 2269 2089 τόδε
2294 2036 2354 2086 τὸ
2384 2037 2495 2087 πᾶν
2524 2034 2789 2103 ἀγένητον
2822 2036 2866 2068 ⁸⁸
2906 2030 3044 2088 εἶναι
3080 2035 3498 2103 διανιστάμενος
3538 2036 3711 2104 (οἴεται

2148 2127 2258 2197 γὰρ
2292 2128 2357 2179 ἐκ
2391 2127 2488 2195 τῆς
2535 2126 2855 2195 ὑπολήψεως
2902 2127 3000 2196 τῆς
3059 2126 3149 2178 τὸν
3204 2126 3415 2194 κόσμον
3467 2127 3714 2196 ἀγένητον

2150 2221 2431 2290 ποιούσης,
2482 2220 2691 2273 ἐκεῖθεν
2735 2222 2827 2273 καὶ
2875 2219 2937 2272 τὸ
2968 2220 3068 2288 τῆς
3105 2220 3454 2289 εἱμαρμένης
3498 2235 3712 2289 συγκρο-

2153 2314 2368 2365 τείσθαι
2402 2311 2652 2382 πλάσμα)
2686 2312 2918 2381 περατοῖ
2954 2311 3044 2362 τὸν
3073 2310 3118 2362 α’
3164 2309 3348 2377 λόγον,
3407 2310 3504 2362 καὶ⁵
3549 2309 3606 2363 ὲν
3648 2308 3716 2379 τῷ

2154 2403 2199 2475 β’
2224 2403 2317 2456 τοῦ
2349 2403 2514 2458 αὐτοῦ
2545 2403 2621 2474 μὴ
2669 2403 3037 2471 ἀφιστάμενος
3069 2399 3482 2470 ἀγωνίσματος.

2223 2495 2314 2548 Διὸ
2365 2496 2461 2548 καὶ
2501 2495 2559 2547 ἐν
2603 2494 2681 2563 τῷ
2738 2491 2769 2545 ι’
2802 2492 3083 2562 κεφαλαίῳ
3109 2492 3339 2559 γενητὸν
3370 2485 3512 2543 εἶναι
3541 2491 3628 2543 τόν
3664 2508 3715 2543 τε

2154 2590 2359 2658 κόσμον
2392 2588 2485 2639 καὶ
2520 2585 2612 2639 τὸν
2640 2587 2697 2638 ὲν
2735 2584 2885 2653 αύτῷ
2931 2584 3228 2653 ἄνθρωπον.
3276 2582 3591 2644 ἐπιδεικνὺς
3628 2574 3718 2636 ὧδὲ

2153 2696 2272 2741 πως
2297 2677 2567 2731 εἰσϐάλλει
2610 2676 2746 2747 πρὸς
2780 2674 2878 2745 τὴν
2920 2674 3265 2744 ἐπιχείρησιν
3288 2691 3302 2704 ο
3366 2672 3542 2735 Ἐπεὶ,
3576 2672 3716 2741 φησὶ,

2154 2766 2264 2823 τῶν
2292 2766 2434 2820 κατά
2459 2765 2623 2835 μέρος
2645 2763 2946 2835 ἀνθρώπων
2973 2763 3203 2825 ἕκαστος
3228 2760 3474 2831 φθαρτός
3502 2762 3613 2813 ἐστι
3637 2762 3716 2813 καὶ

2155 2859 2401 2929 γενητὸς,
2436 2857 2593 2928 δῆλον
2623 2857 2699 2919 ὡς
2732 2858 2827 2909 καὶ
2851 2858 2883 2924 ἡ
2908 2855 3112 2908 τούτων
3141 2853 3308 2921 φύσις
3328 2854 3409 2917 εἰς
3433 2852 3529 2920 τὴν
3548 2850 3719 2920 ὁμοίαν

2156 2952 2349 3020 ἄγεται
2381 2949 2554 3013 λύσιν,
2584 2951 2642 3002 ἐν
2692 2948 2881 3018 μόναις
2928 2950 3047 3010 ταῖς
3094 2944 3153 3009 ἐξ
3196 2944 3447 3013 ἀλλήλων
3475 2942 3720 3010 διαδοχαξ

2156 3042 2483 3113 διαμένουσα
2505 3057 2519 3071 ·
2550 3041 2609 3093 τὸ
2632 3041 2739 3111 γὰρ
2770 3040 3035 3107 ἀγένητον
3055 3039 3155 3091 οὐκ
3185 3039 3241 3090 ὲν
3262 3037 3309 3069 ⁸⁸
3332 3037 3602 3104 διαδοχαῖς
3625 3037 3720 3085 ἐπι-

2158 3136 2445 3205 νοούμενον
2498 3133 2611 3204 ἔχει
2663 3133 2723 3186 τὸ
2771 3132 3070 3201 ἄφθαρτον,
3101 3130 3237 3183 ἀλλὰ
3283 3128 3407 3182 καθ’
3442 3126 3601 3179 ἑαυτὸ
3645 3127 3722 3177 καὶ

2160 3228 2302 3281 κατά
2329 3228 2426 3296 τὴν
2448 3227 2588 3279 ἰδίαν
2613 3224 3064 3277 ὑπόστασιν.”οτι
3082 3224 3137 3275 δὲ
3157 3224 3184 3273 ὁ
3210 3222 3420 3291 κόσμος
3440 3218 3719 3289 γενητὸςίτ,

2159 3320 2317 3392 δῆλον
2369 3319 2428 3383 ἐξ
2466 3313 2541 3372 ὧν
2575 3318 2669 3371 καὶ
2696 3318 2765 3371 τὰ
2800 3319 2858 3371 ἐν
2886 3316 3033 3386 αὐτῷ
3065 3317 3294 3385 γενητὰ,
3338 3313 3450 3383 πῦρ
3478 3311 3570 3364 καὶ
3600 3309 3725 3377 ὕδωρ

2161 3415 2257 3465 καὶ
2286 3413 2357 3482 γῆ
2400 3414 2494 3465 καὶ
2522 3412 2665 3480 ἀήρ·
2696 3410 2793 3463 καὶ
2832 3410 2941 3479 γὰρ
2985 3407 3159 3460 ταῦτα
3210 3404 3368 3475 παρὰ
3404 3402 3569 3471 μέρος
3612 3398 3725 3453 καθ’

2162 3502 2401 3572 ἑκάστην
2428 3501 2522 3553 καὶ
2547 3499 2831 3568 φθείρεται
2866 3499 2961 3551 καὶ
2991 3498 3219 3565 γίνεται.
3257 3494 3389 3567 [664
3421 3490 3512 3563 IL]
3547 3487 3728 3544 Ὀτιδὲ

2163 3595 2328 3649 πάλιν
2357 3594 2390 3662 ἡ
2418 3593 2489 3662 γῆ
2512 3590 2748 3661 φθαρτὴ,
2769 3590 2927 3659 δῆλον
2954 3590 3012 3654 ἐξ
3038 3583 3112 3639 ὧν
3143 3590 3223 3649 είς
3246 3587 3353 3655 γῆν
3380 3585 3476 3637 καὶ
3500 3585 3526 3635 ὁ
3544 3579 3728 3649 ἄνθρω-

2164 3705 2267 3751 πος
2293 3686 2388 3740 καὶ
2413 3685 2480 3739 τὰ
2503 3685 2637 3738 ἄλλα
2663 3683 2771 3736 τῶν
2794 3682 2947 3745 ζώων
2972 3680 3307 3750 φθειρόμενα
3334 3674 3725 3748 μεταϐάλλεταν

2163 3782 2225 3835 τὸ
2250 3781 2360 3851 γὰρ
2386 3781 2464 3842 είς
2491 3778 2697 3847 ταύτην
2723 3776 3042 3845 φθείρεσθαι
3073 3772 3351 3837 ἀπόδειξίς
3373 3771 3489 3821 ἐστι
3511 3765 3600 3818 τοῦ
3617 3765 3655 3795 ⁸⁸
3675 3766 3729 3815 ἐκ

2164 3875 2371 3941 ταύτης
2398 3869 2697 3940 φθαρείσης
2727 3868 2849 3920 κατ’
2880 3864 3053 3934 ἀρχὰς
3085 3862 3259 3915 ταῦτα
3297 3858 3572 3928 γενέσθαι.
3602 3851 3728 3941 Πλὴν

2168 3962 2262 4014 καὶ
2296 3940 2392 4013 νύν
2427 3958 2508 4011 ἐτι
2539 3956 2608 4010 τὰ
2630 3959 2672 3989 ⁸⁸
2706 3954 2878 4008 πολλὰ
2909 3953 3018 4006 τῶν
3043 3950 3197 4016 ζώων
3228 3951 3439 4018 ταύτης
3486 3940 3728 4017 τρεπομέ-

2168 4068 2266 4122 νης
2290 4051 2383 4103 καὶ
2415 4047 2782 4119 φθειρομένης
2812 4044 3023 4114 γίνεταί
3072 4060 3131 4095 τε
3178 4043 3271 4093 καὶ
3305 4040 3639 4093 συνίσταται.
3670 4030 3729 4081 Τὸ

2169 4143 2226 4199 δὲ
2258 4143 2594 4213 τρεπόμενον
2630 4142 2679 4193 εἰ
2712 4139 2805 4193 καὶ
2839 4138 2913 4207 μὴ
2946 4134 3213 4206 πρόδηλον
3245 4131 3363 4202 εἶχε
3394 4132 3491 4199 τὴν
3524 4122 3726 4196 φθορὰν,

2174 4234 2290 4298 πῶς
2339 4234 2406 4288 ἂν
2440 4236 2525 4303 εἴη
2556 4233 2853 4302 ἀγένητονς
2895 4227 3084 4300 Τροπὴ
3117 4227 3225 4296 γὰρ
3276 4226 3428 4277 πᾶσα
3474 4219 3565 4273 τοῦ
3607 4214 3730 4269 κατὰ

2172 4327 2334 4397 φύσιν
2373 4325 2826 4397 προῡπάρχοντος
2877 4323 2971 4375 καὶ
3022 4320 3259 4389 μάλιστα
3300 4318 3402 4386 τῆς
3456 4308 3728 4381 ἀγενησίας

2171 4419 2512 4488 καθέστηκεν
2539 4417 2835 4477 ἔκπτωσις.
2867 4415 2929 4466 Εἰ
2966 4412 3023 4465 δὲ
3054 4409 3122 4482 ἦν
3153 4409 3419 4479 ἀγένητον
3446 4403 3728 4471 ἄνθρωπος,

2173 4512 2293 4575 πῶς
2344 4510 2451 4564 ὑπὸ
2496 4510 2595 4580 τῆς
2641 4507 2909 4576 γενέσεως
2958 4506 3079 4573 ἦτοι
3128 4504 3227 4572 τῆς
3279 4497 3616 4570 εἱμαρμένης
3662 4489 3726 4541 δι·

498 4606 759 4668 guuutur,
793 4608 846 4651 et
876 4598 1023 4651 fiant.
1067 4599 1217 4663 Quod
1266 4606 1443 4650 autem
1491 4598 1846 4662 convertitur,
1901 4600 2056 4653 etiam

2171 4602 2411 4675 ῳκεῖτ’⁷⁰
2442 4603 2544 4669 ἇν;
2590 4602 2663 4655 Τὸ
2691 4604 2801 4671 γὰρ
2831 4599 3095 4668 ἀγένητον
3127 4598 3189 4649 οὐ
3222 4591 3395 4647 δεῖταί
3429 4604 3568 4650 τινος
3593 4581 3729 4638 ἀλλο-

499 4687 545 4742 si
582 4686 721 4741 forte
755 4690 932 4743 minus
960 4689 1121 4743 fuerit
1149 4688 1432 4743 manifesta
1454 4689 1573 4758 ejus
1597 4691 1895 4759 corruptio,
1938 4706 2073 4760 quo-

2178 4692 2328 4763 τρίου
2369 4693 2505 4763 πρὸς
2540 4691 2640 4762 τὴν
2680 4691 2816 4743 ίδίαν
2857 4687 3137 4740 σύστασιν.

504 4783 666 4836 modo
726 4785 775 4836 id
841 4797 963 4838 ortu
1017 4801 1205 4841 carere
1238 4787 1443 4856 possit?
1491 4786 1755 4852 Quoniam
1823 4790 2005 4841 omnis
2074 4790 2305 4844 mutatio
2349 4789 2465 4857 ejus
2504 4788 2648 4858 quod
2700 4797 2856 4842 antea
2904 4801 3000 4841 sua
3072 4794 3260 4838 natura
3316 4776 3623 4837 exsistebat,
3661 4767 3729 4821 vel

506 4877 744 4931 maxime
776 4879 829 4931 in
848 4894 1010 4933 causa
1039 4895 1157 4933 esse
1183 4880 1341 4949 solet,
1372 4897 1469 4936 cur
1503 4882 1554 4935 id
1581 4891 1702 4937 ortu
1730 4898 1833 4937 non
1894 4892 2066 4938 creat.
2104 4901 2223 4939 4am
2256 4886 2303 4940 si
2338 4897 2493 4939 ortus
2522 4887 2702 4940 omnis
2742 4898 2940 4954 expers
2994 4880 3186 4935 fuisset
3239 4877 3471 4932 hominis
3539 4880 3726 4930 naturzu

506 4970 776 5038 quomodo
801 4985 921 5023 eam
964 4979 1056 5024 aut
1096 4975 1310 5038 genesis
1335 4984 1428 5028 aut
1476 4974 1647 5029 fatum
1695 4975 2226 5045 dispensaret?Natn
2255 4977 2401 5049 quod
2430 4987 2553 5034 ortu
2605 4986 2777 5043 caret,
2835 4976 3059 5031 alterius
3138 4986 3482 5041 nequaquam
3527 4962 3725 5029 indige‘v

506 5077 567 5121 ut
598 5066 877 5121 subsistat.

588 5158 642 5213 Si
694 5160 815 5226 quis
858 5169 1045 5214 autem
1087 5160 1200 5229 ipsa
1269 5175 1450 5216 rerum
1492 5162 1789 5224 ,evidentia
1841 5171 2087 5228 coactus,
2160 5147 2165 5153 ’

509 5251 733 5306 forsitan
760 5250 1016 5315 fateatur,
1048 5263 1165 5306 orta
1201 5254 1416 5323 quidem
1466 5268 1590 5309 esse
1632 5270 1754 5309 cum
1785 5258 2087 5324 terrestria,

510 5356 623 5403 tum
666 5348 912 5416 aquatica
941 5357 995 5402 et
1025 5363 1180 5401 aerea
1217 5367 1229 5402 :
1268 5347 1366 5403 sed
1421 5347 1568 5404 illam
1604 5357 1782 5403 tamen
1818 5351 2083 5421 genesim,

2254 5161 2319 5215 Ei
2345 5160 2403 5214 δέ
2431 5178 2516 5223 τις
2546 5159 2653 5214 ὑπὸ
2679 5160 2780 5230 τῆς
2805 5158 2914 5212 τῶν
2942 5157 3289 5228 πραγμάτων,
3311 5151 3590 5223 ἐναργείας
3627 5147 3727 5217 βια-

2182 5251 2408 5322 ζόμενος
2450 5251 2703 5322 ὁμολογεῖ
2738 5249 2939 5319 γενητὰ
2974 5248 3071 5317 μὲν
3100 5243 3339 5299 εἶναιτὰ
3383 5244 3473 5298 ἐπὶ
3516 5241 3612 5309 γῆς
3652 5234 3725 5287 καὶ

2183 5343 2456 5416 θαλάττης
2485 5344 2579 5397 καί¹
2608 5343 2677 5395 τά
2706 5343 2764 5395 ἐν
2793 5342 2949 5412 ἀέρι,
2980 5341 3080 5411 τὴν
3106 5340 3161 5393 δὲ
3192 5341 3364 5392 ταῦτα
3395 5329 3724 5390 ἀποτελοῦσαν

513 5453 608 5505 per
636 5452 799 5507 quam
838 5439 951 5492 haec
984 5438 1372 5509 perﬁciantur,
1425 5454 1587 5494 cursu
1641 5454 1740 5495 suo
1766 5440 2056 5495 coutinuan

2181 5439 2395 5509 γένεσιν
2430 5437 2730 5507 τρέχουσαν
2759 5436 2981 5506 διηνεκῆ
3010 5432 3181 5505 φορὰν
3199 5434 3252 5463 τ’·
3276 5432 3369 5486 καὶ
3396 5428 3636 5498 ἀγένητον
3661 5422 3724 5472 ἐν·

512 5531 827 5598 quamdam,
878 5541 936 5587 et
976 5543 1129 5588 ortus
1188 5542 1467 5602 expertem
1520 5532 1927 5603 corruptionem
1970 5532 2086 5589 elli-

2180 5531 2385 5601 εργείν,
2412 5527 2504 5582 καὶ
2529 5525 2860 5597 ἐργάζεσθαι
2885 5526 2956 5579 τὰ
2982 5525 3358 5597 προειρημένα
3380 5522 3549 5575 πάντα
3567 5513 3723 5569 ἀϊδίως

1793 5684 2030 5742 ὙΑΒΙίΕ
2072 5683 2480 5742 LECTIONES.

589 5801 633 5832 θ’
656 5800 721 5871 δή
746 5802 788 5853 Α
819 5819 833 5855 :
862 5801 918 5853 δὲ
941 5819 1000 5866 ς.
1076 5803 1122 5835 ⁸³
1151 5802 1210 5857 ὃν
1246 5801 1505 5857 Scbottus
1535 5816 1548 5854 :
1580 5799 1698 5854 libri
1727 5794 1824 5854 ὧν.
1901 5799 1946 5831 ⁶⁵
1974 5800 2064 5851 ναὶ
2090 5799 2134 5850 Λ
2163 5817 2175 5854 :
2206 5797 2408 5871 xai_r;._
2448 5796 2514 5871 Α⁶⁵
2557 5792 2852 5871 ἀγέννητον
2882 5794 2946 5871 Α.

519 5872 677 5939 νητὸς
709 5864 781 5912 λ-
806 5864 1037 5942 γεννητᾶ
1065 5890 1125 5937 ς.
1201 5875 1244 5907 ⁵⁸
1270 5872 1386 5944 τοῦ]
1424 5872 1546 5929 libri
1585 5872 1662 5925 τό.
1742 5873 1785 5904 ⁸³
1812 5870 1877 5923 τὰ
1910 5886 2016 5926 om.
2052 5871 2115 5925 Α.
2194 5870 2240 5901 ⁷ο
2290 5867 2411 5923 libri
2445 5865 2708 5933 Bzomsit’,
2756 5877 2805 5921 et
2834 5864 2992 5935 paulo
3021 5871 3145 5934 post
3182 5865 3310 5918 ἀπ).
