4032 6448
283 297 395 361 833

1312 290 1836 353 BIBLIOTIIECA.
1881 314 1945 324 —
1983 288 2145 349 COD.
2173 289 2489 350 CCXXIII.

3438 294 3546 361 834

282 414 381 468 καὶ
400 408 686 478 ἀγένητον,
701 402 931 459 αὐτόθεν
946 403 1059 475 ἔχει
1086 404 1178 459 τὸν
1197 404 1441 474 ἔλεγχον.
1456 405 1532 456 Οὐ
1550 402 1659 472 γὰρ
1681 398 1793 455 οἷόν
1814 418 1875 454 τε

1981 414 2121 464 cere,
2165 400 2382 472 illaque,
2413 416 2534 470 qua:
2566 397 2679 468 jam
2742 400 3001 468 diximus,
3053 405 3236 460 omnia
3286 420 3549 479 perpetuo

283 506 426 562 αὐτά
446 506 548 574 μὲν
580 498 722 554 εἶναι
752 499 955 568 γενητὰ
983 498 1080 551 καὶ
1106 498 1206 550 οὐκ
1226 496 1393 561 ἀΐδια,
1413 494 1585 547 ἀΐδιον
1605 493 1663 546 δὲ
1683 492 1863 547 αὐτῶν

1981 492 2165 547 :tsine
2216 500 2341 545 ortu
2379 492 2619 560 Operari,
2671 491 2761 547 hic
2795 502 3003 549 suamet
3053 495 3227 564 ipsius
3273 500 3545 554 sententia

283 600 381 669 τὴν
420 596 710 666 διοίκησιν,
741 593 824 646 Τὰ
852 591 961 661 γάρ
981 591 1113 645 ὄντα
1151 607 1235 653 τις
1279 588 1580 658 συγκρατεί
1612 586 1708 640 καὶ
1735 587 1866 639 διοι-

1964 583 2327 654 redarguitur.
2349 582 2465 637 Non
2506 582 2651 638 enim
2685 583 2799 638 ﬁeri
2831 595 3006 655 potest
3049 597 3108 641 ut
3137 587 3254 642 hanc
3279 590 3468 645 eadem
3492 601 3552 645 et

287 690 394 749 κεί,
421 688 494 739 τὰ
519 685 577 738 δὲ
604 684 704 737 οὐκ
722 682 850 736 ὄντα
876 682 1141 752 πρότερον
1169 682 1314 734 ποιεῖ
1337 680 1457 751 μὲν,
1480 674 1599 732 εἶτα
1630 678 1869 748 κυϐερνᾷ

1981 687 2087 732 ma
2118 687 2173 731 et
2208 691 2317 732 non
2346 677 2675 746 sempiterna
2701 679 2830 744 sint,
2861 688 2919 733 et
2949 688 3131 735 tamen
3158 683 3544 750 sempiternam

283 778 380 832 καὶ
413 778 646 830 διοικεῖ·
681 775 744 827 οὐ
799 772 905 844 μὴν
953 773 1060 840 πρὸ
1110 772 1206 826 τοῦ
1255 771 1509 840 γενέσθαι
1551 772 1745 826 διοικεῖ
1776 770 1870 825 καὶ

1981 770 2261 823 admittant
2318 770 2804 839 dispensationem.
2863 771 2997 825 Nam
3060 788 3122 826 ea
3166 775 3383 841 quidem
3428 790 3552 841 quae

287 870 537 941 κυϐερνᾷ
559 867 629 921 τὰ
665 867 740 938 μὴ
768 866 917 933 ὄντα,
945 861 1066 922 εἶτα
1092 867 1436 937 δημιουργεῖ.

1966 861 2237 915 exsistunt
2264 861 2404 916 tueri
2435 861 2702 928 quispiam
2732 878 2799 917 ac
2827 863 3139 932 dispensare
3170 874 3345 935 potest
3379 882 3392 918 :
3426 882 3551 936 qua:

287 976 420 1013 vero
453 974 558 1013 non
590 957 881 1019 exsistunt,
912 957 1147 1019 primum
1194 955 1349 1019 facit,
1376 969 1450 1009 ac
1495 964 1607 1007 tum
1638 953 1852 1007 demum
1894 950 2161 1019 gubernat
2210 960 2376 1020 atque
2425 950 2743 1021 dispensat:
2779 970 2885 1008 non
2936 965 3116 1010 autem
3177 959 3349 1026 prius,
3421 974 3545 1030 qua:

292 1069 400 1110 non
432 1059 579 1114 sunt,
611 1049 887 1117 diSpensat
919 1058 1081 1115 atque
1125 1046 1409 1116 gubernat,
1441 1060 1504 1099 ac
1530 1044 1723 1098 deinde
1758 1042 1949 1097 eadem
1980 1050 2149 1097 creat.

365 1140 571 1213 Γενητὰ
597 1140 657 1193 δέ
688 1156 822 1209 φησι
845 1142 915 1193 τὰ
940 1142 1177 1210 στοιχεῖα
1205 1140 1301 1192 καὶ⁴
1330 1138 1391 1203 ἐξ
1416 1133 1490 1193 ὧν
1516 1139 1709 1208 δρᾶται
1740 1135 1843 1189 καθ
1860 1134 1874 1154 ’

2042 1135 2234 1190 Ortum
2266 1145 2443 1189 autem
2488 1135 2691 1191 habere
2740 1137 2904 1190 etiam
2946 1138 3236 1203 elementa,
3266 1140 3349 1194 vel
3379 1155 3445 1195 ex
3476 1156 3543 1197 eo

302 1237 536 1304 ἑκάστην
583 1232 829 1303 ἀλλήλων
881 1232 1143 1301 δεόμεναο
1188 1232 1249 1284 τὸ
1301 1231 1411 1300 γὰρ
1463 1230 1729 1297 ἀγένητον
1779 1228 1874 1281 καὶ

1981 1224 2150 1286 docet,
2176 1225 2319 1294 quod
2354 1233 2542 1279 mutuo
2572 1228 2687 1281 inec
2718 1229 2960 1297 quotidie
2984 1230 3228 1284 subsidio
3257 1248 3417 1301 egere
3463 1235 3549 1287 vi-

303 1330 560 1397 ἄτρεπτον
597 1326 691 1377 καὶ
724 1324 990 1386 ἀνενδεές.
1024 1325 1203 1376 Δεῑται
1232 1322 1291 1375 δὲ
1324 1322 1393 1375 τὰ
1423 1324 1663 1391 στοιχεῖα
1707 1320 1873 1389 ἀλλή-

1968 1318 2213 1372 deamus.
2262 1319 2526 1385 Quoniam
2555 1322 2698 1389 quod
2751 1332 2872 1375 ortu
2918 1334 3090 1385 caret,
3142 1324 3283 1379 idem
3335 1341 3550 1395 quoque

304 1418 409 1471 λων
441 1416 532 1469 καὶ
564 1417 645 1479 είς
683 1415 744 1468 τὸ
769 1414 1015 1487 [54411.]
1054 1413 1321 1477 σώζεσθαι
1354 1414 1448 1467 καὶ
1478 1416 1556 1476 είς
1582 1414 1645 1466 τὸ
1679 1412 1871 1476 σώζειν

1981 1410 2305 1464 immutabile
2357 1421 2436 1465 est
2461 1420 2516 1465 ct
2541 1412 3033 1483 nulliusindigens.
3072 1414 3245 1469 Porro
3306 1418 3548 1488 indigent

296 1507 366 1560 τὰ
394 1509 453 1558 ὲν
484 1505 667 1567 αὐτοῖς
701 1503 837 1568 ζῶα.
858 1503 915 1555 Ὀ
946 1503 1003 1555 δὲ
1031 1503 1234 1571 κόσμος
1276 1501 1397 1564 ὅλος
1440 1500 1684 1571 γενητὸς,
1716 1499 1775 1562 ἐξ
1798 1492 1872 1551 ὧν

295 1600 390 1652 καὶ
420 1596 671 1659 σύνθεσις
704 1596 918 1664 ὁρᾶται,
953 1594 1011 1657 ἐξ
1044 1593 1275 1662 οὐρανοῦ
1309 1593 1405 1646 καὶ
1434 1593 1536 1661 γῆς
1563 1592 1656 1644 καὶ
1685 1590 1793 1643 τῶν
1816 1591 1875 1643 ὲν

296 1688 452 1758 μέσῳ
486 1684 863 1753 συγκείμενος.
902 1684 964 1736 Εἰ
1012 1685 1120 1753 γὰρ
1163 1684 1255 1736 καὶ
1300 1682 1488 1753 ὥσπερ
1531 1681 1808 1752 ὀφθαλμὸς
1837 1681 1871 1751 ἦ

292 1778 510 1847 κεφαλὴ
544 1776 639 1831 τοῦ
684 1776 870 1829 λοιποῦ
920 1776 1191 1846 σώματος,
1220 1774 1393 1838 οὕτως
1434 1776 1464 1827 ὁ
1496 1774 1721 1845 οὐρανὸς
1764 1774 1874 1828 τῶν

292 1870 583 1942 κοσμικῶν
613 1869 892 1939 στοιχείων
938 1869 1000 1922 τὸ
1030 1868 1374 1939 τιμιώτατον,
1412 1867 1526 1919 ἁλλ’
1560 1864 1654 1919 οὖν
1684 1867 1874 1938 ὥσπερ

291 1962 512 2033 κεφαλὴ
556 1962 649 2015 καὶ
678 1961 955 2031 ὀφθαλμὸς
975 2001 990 2024 ,
1020 1960 1124 2014 κᾶν
1168 1961 1516 2029 τιμιώτατον,
1554 1960 1877 2029 ὁμοιοπαθεῖ

293 2054 376 2123 τῷ
405 2052 579 2123 λοιπῷ
613 2050 846 2121 σώματι,
894 2050 1037 2104 οὕτω
1079 2050 1175 2103 καὶ
1208 2051 1436 2121 οὐρανὸς
1466 2052 1534 2119 γῇ
1585 2051 1678 2103 καὶ
1726 2049 1877 2102 ὕδατι

296 2146 399 2198 καὶ
428 2145 551 2215 ἀέρι
579 2144 674 2195 καὶ
713 2145 826 2205 τοῖς
875 2144 932 2195 ὲν
963 2141 1113 2210 αὐτῷ
1141 2142 1400 2211 φθαρτοῖς
1447 2141 1648 2193 ἆπασιν
1693 2142 1877 2211 ὁμοιο-

296 2233 482 2307 παῦὴς
508 2236 767 2306 ὑπάρχων
790 2234 887 2304 τὴν
912 2234 1096 2303 κοινὴν
1118 2233 1323 2302 φθορὰν
1345 2233 1406 2286 οὐ
1429 2233 1699 2302 διέφυγεν.
1719 2233 1879 2287 Ἀλλὰ

298 2330 414 2396 γὰρ
442 2326 560 2390 πῶς
592 2327 660 2380 τὰ
700 2323 1049 2395 διοικούμενα
1077 2324 1181 2378 ὑπὸ
1213 2323 1479 2393 γενέσεως
1503 2325 1776 2396 ἀγένητα;
1807 2324 1879 2377 Ἢ

300 2420 425 2481 πῶς
456 2419 525 2471 τά
553 2419 631 2481 εἰς
655 2417 717 2470 τὸ
745 2411 885 2470 εἶναι
927 2416 1130 2487 ἐτέρων
1173 2416 1248 2488 μὴ
1287 2416 1546 2486 δεηθέντα
1578 2418 1659 2478 είς
1690 2418 1880 2487 χρείαν

298 2507 471 2581 ἦλθεν
515 2509 801 2580 ἀλλοτρίας
835 2508 1173 2579 διοικήσεως,
1208 2507 1303 2560 καὶ
1335 2506 1540 2578 ταύτης
1593 2507 1694 2561 οὐκ
1745 2509 1882 2575 ἀγα-

303 2600 445 2668 Θῆς;
476 2598 540 2651 Τί
582 2598 639 2651 δὲ
672 2597 782 2651 ἀπὸ
806 2597 903 2651 τοῦ
929 2596 1249 2650 διοικεῖσθαι
1293 2599 1543 2666 κρεῖττον
1572 2597 1683 2664 ἕξει
1716 2615 1882 2667 προσ-

300 2690 477 2759 οὐσίης
507 2689 689 2752 αὐτοῖς
711 2688 1034 2757 ἀγενησίας;
1063 2688 1257 2742 Καίτοι
1290 2687 1465 2757 τροπὴ
1495 2689 1645 2741 πᾶσα
1668 2687 1884 2755 φύσεως

304 2781 579 2851 ἀγενήτου
628 2780 805 2850 φθορά
846 2782 941 2833 καὶ
988 2779 1243 2843 ἔκστασις
1271 2780 1459 2842 οὐσίας
1488 2780 1743 2850 ἀνάρχου.
1774 2780 1887 2833 Καὶ

1978 1509 2172 1553 mutuo
2202 1499 2493 1567 elementa,
2526 1517 2631 1555 non
2662 1502 2835 1556 solum
2878 1514 2937 1556 ut
2977 1504 3088 1571 ipsa
3114 1517 3421 1575 serventur,
3456 1523 3552 1561 ve-

1978 1605 2100 1644 rum
2144 1590 2308 1645 etiam
2359 1601 2417 1645 ut
2471 1592 2811 1658 animantia,
2849 1610 2968 1661 qum
3024 1596 3077 1649 in
3143 1597 3273 1665 ipsis
3318 1599 3539 1669 degunt,

1976 1693 2318 1737 conservent.
2348 1683 2606 1737 Mundum
2641 1685 2705 1738 ad
2742 1684 2857 1740 haec
2899 1695 3066 1739 totum
3123 1688 3325 1745 habere
3369 1702 3549 1748 ortum

1977 1784 2203 1844 apparet
2234 1789 2301 1829 ex
2333 1790 2420 1839 eo,
2458 1777 2601 1843 quod
2642 1776 2788 1829 hunc
2817 1780 3343 1845 coagmentationem
3360 1795 3551 1849 quam-

1977 1866 2096 1917 dam
2116 1879 2238 1917 esse
2262 1864 2615 1932 percipimus,
2647 1881 2678 1918 e
2719 1865 2878 1929 coelo,
2916 1875 3081 1932 terra,
3106 1882 3405 1937 eorumque
3430 1884 3554 1939 qua

1977 1953 2031 2006 in
2066 1954 2255 2006 horum
2306 1956 2483 2007 medio
2542 1963 2672 2007 sunt
2715 1964 3071 2009 constantem.
3124 1956 3191 2010 Et
3222 1972 3352 2012 vero
3392 1958 3461 2025 si,
3495 1968 3553 2012 ut

1978 2045 2168 2098 oculus
2206 2044 2289 2097 vel
2321 2056 2487 2114 caput
2530 2045 2584 2099 in
2618 2046 2829 2115 reliquo
2860 2062 3105 2114 corpore,
3141 2050 3221 2104 sic
3259 2060 3316 2104 et
3353 2049 3550 2104 coelum

1978 2135 2123 2189 inter
2136 2135 2315 2187 nmndi
2335 2144 2514 2203 partes
2532 2136 2934 2204 dignissimum:
2956 2136 3555 2206 omnino,quetnadmo-

1980 2226 2105 2280 dum
2137 2236 2298 2294 caput
2334 2235 2391 2280 et
2421 2226 2633 2287 oculus,
2668 2235 2727 2280 et
2752 2226 2796 2281 si
2832 2226 3146 2295 dignissima
3185 2242 3297 2296 pra:
3342 2226 3557 2281 caateris

1980 2318 2249 2381 membra,
2278 2317 2467 2371 iisdem
2496 2332 2616 2371 cum
2642 2317 2853 2385 reliquo
2884 2332 3110 2387 corpore
3130 2318 3559 2387 permotionibus

1980 2407 2365 2476 Subjiciuntur,
2388 2409 2469 2462 sic
2494 2410 2657 2463 etiam
2683 2410 2879 2463 malum
2908 2409 3076 2479 (quod
3099 2410 3287 2465 iisdem
3320 2411 3558 2465 motibus

1981 2511 2104 2552 cum
2138 2508 2308 2563 terra,
2342 2500 2534 2570 209!)
2568 2516 2705 2569 aqua
2734 2545 2748 2565 ,
2782 2516 2929 2565 aere,
2976 2512 3031 2557 et
3058 2504 3309 2558 omnibus
3340 2518 3461 2572 quae
3503 2503 3559 2556 in

1984 2604 2051 2646 eo
2087 2601 2215 2646 sunt
2243 2593 2688 2659 corruptibilibus
2736 2593 3029 2649 obnoxium
3062 2593 3169 2667 est)
3211 2609 3557 2651 communem

1985 2698 2332 2752 nequaquam
2357 2683 2542 2754 effugit
2577 2685 2979 2754 corruptionem
3008 2686 3242 2740 :etenim
3265 2686 3558 2755 quomodo,

1984 2790 2107 2844 qum
2138 2791 2166 2827 a
2196 2776 2411 2842 genesis
2448 2775 2849 2844 dispensatione
2876 2777 3130 2846 pendent,
3163 2787 3287 2832 ortu
3316 2785 3561 2844 careant,

306 2872 429 2936 πῶς
460 2872 657 2942 ἤνεγκε
687 2871 758 2925 τὰ
784 2872 1028 2941 ἀγένητα
1052 2870 1155 2923 ὑπὸ
1181 2872 1450 2939 γενέσεως
1469 2873 1515 2903 ⁷⁸
1566 2872 1882 2925 διοικεῖσθαι

1987 2867 2071 2921 vel
2101 2868 2373 2935 quomodo
2408 2882 2526 2937 qua:
2557 2869 2622 2922 ad
2662 2869 3035 2923 exsistendum
3073 2869 3299 2922 aliorum
3342 2883 3447 2921 non
3478 2868 3563 2922 in-

303 2966 413 3020 οὖκ
441 2965 535 3017 ἐπὶ
566 2963 628 3017 τὸ
656 2963 897 3034 σωθῆναι
918 2964 964 2996 ⁷³
991 2964 1175 3027 αὐτοῖς
1221 2963 1282 3016 τὸ
1324 2964 1609 3034 ἀγένητον,
1657 2964 1772 3017 ἀλλ’
1798 2966 1882 3017 ἐπὶ

1988 2958 2303 3026 digueruut,
2345 2955 2462 3024 jam
2516 2957 2726 3025 alienae,
2763 2968 2819 3013 et
2876 2959 3093 3027 quidem
3137 2972 3242 3011 non
3288 2958 3441 3012 bona:
3486 2956 3567 3011 di-

303 3058 371 3112 τὸ
405 3055 781 3127 φυλαχθῆναι;
815 3055 879 3107 Εἰ
917 3055 975 3108 δέ
1007 3072 1093 3119 τις
1120 3055 1383 3126 ἀγένητον
1411 3055 1556 3124 λέγοι
1585 3056 1766 3110 αὐτῶν
1791 3057 1882 3127 τὴν

1996 3050 2361 3120 spensationis
2390 3059 2671 3118 coeperunt
2718 3051 2995 3121 indigere?
3031 3050 3169 3117 Quid
3199 3064 3325 3103 vero
3361 3063 3425 3102 ex
3464 3049 3567 3103 bac

302 3148 542 3222 τροπὴν,
560 3148 622 3201 τὸ
646 3148 861 3203 πάντων
885 3147 1289 3219 ἀδυνατώτερον
1309 3148 1518 3216 εἰσάγει
1538 3164 1553 3180 ο
1579 3149 1757 3219 τροπὴ
1780 3149 1882 3219 γὰρ

1990 3138 2392 3205 dispensatione
2446 3140 2795 3194 emolumenti
2850 3141 3084 3209 capient,
3149 3140 3193 3195 si
3237 3141 3348 3209 jam
3399 3150 3563 3193 antea

306 3242 488 3304 πάθος
513 3240 661 3293 ἐστὶν
690 3239 1014 3311 ἀρχόμενον,
1047 3241 1144 3293 καὶ
1173 3240 1273 3292 οὐκ
1305 3239 1370 3295 ἄν
1396 3258 1479 3304 τις
1507 3242 1652 3295 εἴποι
1678 3241 1882 3313 τροπὴν

1992 3242 2114 3287 ortu
2148 3232 2443 3287 carebant?
2466 3231 2656 3287 Omnis
2700 3234 2898 3302 quippe
2945 3244 3152 3286 natura
3178 3242 3297 3287 ortu
3328 3232 3568 3286 carentis

307 3336 572 3405 ἄναρχον.
600 3332 711 3385 Καὶ
759 3331 1041 3402 συντόμως
1084 3332 1281 3394 εἰπεῖν,
1313 3330 1423 3383 τῶν
1469 3330 1751 3401 στοιχείων
1800 3331 1895 3384 καὶ

306 3427 422 3479 τῶν
475 3425 533 3491 ἐξ
579 3424 759 3479 αὐτῶν
809 3424 963 3489 ζώων
1009 3441 1069 3477 τε
1116 3424 1210 3478 καὶ
1261 3424 1529 3494 σωμάτων
1557 3425 1591 3493 ὴ
1621 3424 1896 3491 πάνσοφος

306 3518 514 3588 τροπὴ,
542 3518 638 3570 καὶ
668 3516 777 3569 τῶν
819 3516 1114 3587 σχημάτων
1158 3515 1253 3570 καὶ
1297 3515 1603 3585 χρωμάτων
1650 3514 1746 3569 καὶ
1786 3513 1896 3568 τῶν

309 3607 493 3662 ἄλλων
527 3607 831 3676 ποιοτήτων
860 3609 895 3677 ή
920 3605 1139 3677 ποικίλη
1171 3605 1405 3676 διαφορά
1441 3605 1600 3675 μόνον
1628 3603 1749 3674 οὐχὶ
1780 3622 1895 3672 φω-

312 3700 414 3770 νὴν
460 3701 658 3771 ἀφίησι
686 3700 823 3771 μήτε
852 3698 1122 3768 ἀγένητον
1157 3700 1294 3769 μήτε
1325 3697 1626 3765 αὐτόματον
1655 3698 1897 3767 νομίζειν

311 3793 410 3845 τὸν
457 3792 664 3862 κόσμον
685 3833 703 3860 ,
735 3792 863 3862 μήτ’
890 3786 957 3845 αὖ
990 3791 1345 3860 ἀπρονόητον,
1385 3788 1513 3861 [665
1539 3787 1629 3861 IL]
1679 3789 1809 3842 Θεὸν
1843 3789 1900 3843 δὲ

1992 3325 2244 3391 mutatio,
2286 3326 2562 3393 corruptio
2597 3333 2699 3388 est,
2734 3336 2898 3393 atque
2936 3326 3159 3381 amissio
3199 3324 3343 3380 illius
3386 3325 3565 3379 exsis-

1992 3417 2199 3483 tentias,
2218 3430 2338 3486 qua:
2363 3418 2631 3485 principio
2652 3420 2892 3471 carebat.
2911 3415 3193 3483 Quomodo
3222 3417 3352 3471 item
3385 3416 3568 3486 posuit

1991 3524 2055 3564 ea
2087 3524 2207 3579 quae
2235 3519 2358 3563 ortu
2376 3519 2565 3562 carent
2586 3524 2615 3561 a
2640 3508 2854 3577 genesis
2875 3508 3280 3577 dispensatione
3307 3508 3567 3577 pendere,

1994 3618 2103 3658 non
2136 3613 2195 3658 ut
2225 3605 2305 3657 eis
2339 3606 2568 3658 donetur
2600 3604 2687 3657 illa
2719 3613 2873 3657 ortus
2894 3619 3089 3673 expers
3120 3614 3334 3669 natura,
3376 3603 3469 3658 sed
3509 3612 3570 3657 ut

1994 3706 2360 3750 conservetur
2402 3694 2744 3766 [duntaxat].
2774 3695 2830 3749 Si
2871 3696 2993 3763 quis
3021 3711 3148 3750 vero
3169 3698 3570 3751 dixeriteorutn

1996 3790 2350 3843 mutationem
2406 3799 2527 3842 ortu
2584 3803 2795 3853 carere,
2851 3789 3012 3842 etiam
3066 3789 3165 3843 hoc
3209 3788 3389 3853 infert,
3424 3788 3567 3858 quod

310 3884 503 3947 αὐτοῖς
528 3885 624 3937 καὶ
650 3884 710 3937 τὸ
734 3880 873 3936 εἶναι
901 3882 1074 3936 καὶτὸ
1101 3878 1159 3936 εὖ
1190 3878 1328 3935 εἶναι
1356 3882 1775 3953 παρασχόμενον
1804 3900 1882 3935 σα·

1998 3882 2224 3941 minime
2273 3880 2514 3935 omnium
2578 3880 2697 3935 ﬁeri
2750 3890 2944 3949 potest.
2983 3881 3205 3935 Mutatio
3243 3883 3385 3935 enim
3419 3881 3569 3951 ejus-

312 3977 438 4046 φῶς
469 3976 669 4030 ειδέναι
698 3978 795 4031 καὶ
819 3976 1159 4039 ἀδιστάκτως
1184 3974 1534 4029 ἐπίστασθαι.

2001 3976 2143 4029 modi
2202 3975 2449 4043 quaedam
2483 3972 2699 4028 affectio
2733 3983 2854 4038 est,
2889 3989 3009 4042 quae
3044 3974 3367 4043 principium
3401 3974 3567 4029 habet

311 4077 375 4122 et
423 4066 602 4121 nullus
647 4082 879 4137 unquam
916 4067 1116 4122 dixerit
1159 4067 1510 4122 mutationem
1562 4080 1683 4122 esse
1749 4065 1867 4122 sine
1906 4066 2191 4137 principio.
2224 4065 2500 4133 Quinimo,
2528 4075 2590 4121 ut
2643 4066 2878 4121 breviter
2921 4067 3092 4121 dicam
3120 4106 3136 4129 ,
3170 4075 3223 4120 et
3272 4067 3569 4120 elemento-

313 4171 467 4221 rum,
511 4165 566 4211 et
608 4171 728 4226 qua:
759 4156 889 4226 ipsis
920 4157 1056 4210 fiunt
1103 4169 1227 4210 cum
1283 4156 1665 4223 animantium,
1718 4165 1828 4211 tum
1883 4172 2174 4227 corporum
2224 4158 2621 4226 sapicntissima
2672 4157 2938 4223 mutatio,
3004 4160 3295 4228 figurarum
3338 4159 3403 4213 ad
3457 4162 3572 4215 hac

314 4260 488 4317 atque
509 4247 771 4313 colorum,
800 4257 854 4302 et
886 4246 1213 4318 reliquarum
1273 4246 1597 4316 qualitatum
1640 4248 1789 4302 varia
1844 4248 2172 4315 differentia,
2230 4259 2435 4303 tantum
2484 4265 2590 4305 non
2656 4250 2871 4315 clamat,
2918 4252 3014 4305 'ne
3062 4259 3155 4306 aut
3200 4261 3320 4306 ortu
3383 4268 3574 4308 carere

313 4342 610 4408 mundum,
652 4351 745 4396 aut
788 4354 998 4397 natura;
1027 4350 1218 4411 sponte
1257 4341 1524 4397 exsiStere
1570 4352 1732 4411 atque
1780 4343 1897 4398 sine
1934 4342 2271 4413 providentia
2322 4357 2443 4398 esse
2500 4352 2777 4412 putemus,
2825 4344 2919 4399 scd
2963 4343 3093 4399 illud
3132 4344 3280 4400 clare
3318 4347 3577 4402 sciamus.

316 4442 380 4486 et
423 4432 726 4487 indubitate
794 4443 1076 4489 teneamus
1138 4433 1307 4487 Deum
1358 4433 1511 4489 hisce
1560 4434 1811 4488 omnibus
1855 4444 2078 4498 etesse,
2109 4444 2165 4489 et
2198 4436 2337 4490 bene
2363 4449 2483 4490 esse
2508 4435 2718 4506 largiri.

390 4525 551 4595 Τάχα
594 4523 651 4576 δὲ
699 4522 904 4593 γενητὰ
937 4522 1035 4593 μὲν
1062 4522 1133 4577 τά
1162 4522 1297 4577 ἄλλα
1340 4523 1603 4593 φήσουσι,
1638 4522 1805 4593 μόνην
1850 4522 1882 4575 δι

1981 4539 1985 4568 ι
2083 4522 2286 4579 Verum
2317 4523 2446 4578 illud
2481 4522 2708 4579 forsitan
2738 4522 2949 4591 dicent;
2994 4532 3187 4579 caetera
3234 4525 3449 4593 quidem
3479 4541 3574 4582 or-

313 4617 423 4689 τὴν
473 4615 583 4669 τῶν
632 4614 849 4685 ἄστρων
899 4613 1062 4682 φύσιν
1100 4612 1198 4666 καὶ
1242 4613 1392 4667 θέσιν
1441 4614 1722 4683 ἀγένητον.
1742 4612 1882 4666 Ἀλλέ

2010 4627 2123 4673 tum
2159 4616 2362 4672 habere
2388 4616 2593 4683 omnia,
2624 4615 2718 4671 sed
2746 4616 2917 4670 solam
2961 4616 3237 4671 stellarum
3271 4619 3386 4674 sive
3417 4631 3579 4676 natu-

314 4709 543 4781 πρῶτον
576 4708 676 4779 μὲν
702 4708 845 4769 τίνος
870 4701 942 4776 ἦν
969 4707 1004 4775 ἡ
1028 4706 1241 4774 γένεσις
1265 4705 1395 4775 πρὶν
1421 4705 1674 4774 γενέσθαι
1696 4704 1867 4758 ταῦτα

2007 4723 2150 4773 ram,
2185 4709 2300 4764 sive
2322 4709 2641 4779 positionem
2668 4716 2789 4762 ortu
2815 4721 3024 4763 carere.
3051 4708 3122 4762 At
3147 4710 3322 4777 primo
3350 4728 3365 4765 :
3394 4712 3580 4780 cujus-

317 4804 428 4865 Τίς
461 4800 518 4855 δὲ
548 4801 578 4854 ό
605 4802 675 4854 τὰ
704 4801 943 4869 στοιχεῖα
970 4798 1419 4868 δημιουργήσας;
1455 4798 1525 4850 Ἦ
1569 4797 1755 4867 ἕτερος
1804 4796 1882 4867 μὲι

2008 4814 2135 4854 nam
2156 4800 2229 4854 sit
2248 4800 2462 4870 genesis
2486 4798 2929 4869 illa,lpriusquam
2954 4798 3153 4869 aliquid
3182 4799 3381 4855 factum
3397 4813 3542 4857 esset
3555 4803 3582 4856 ἲ

318 4892 526 4957 οὐδεὶς,
559 4890 699 4945 αὐτά
735 4890 794 4943 δὲ
833 4888 1019 4942 ἑαυτά.
1056 4888 1131 4941 Τὸ
1167 4888 1225 4941 δὲ
1253 4887 1515 4957 ἀγένητον
1541 4886 1664 4941 οὔτε
1694 4886 1882 4958 τροπὴε

2010 4892 2144 4957 Quis
2169 4905 2299 4945 vero
2329 4891 2599 4946 elementa
2646 4889 2920 4945 creasset?
2956 4905 3023 4943 an
3068 4891 3209 4945 alius
3248 4906 3432 4957 nemo,
3483 4894 3579 4949 sed

319 4982 651 5049 αὐθαίρετον
692 4981 759 5036 ἂν
795 4980 1063 5049 ὑποσταίη
1078 4980 1157 5011 ⁷⁸·
1188 4980 1324 5033 πᾶσι
1372 4980 1470 5050 μὲν
1504 4980 1613 5050 γὰρ
1659 4980 1812 5048 φίλον
1842 4979 1882 5032 τὲ

2010 4984 2127 5038 haec
2198 4982 2353 5051 ipsa?
2407 4981 2603 5036 Verum
2669 4985 2813 5052 quod
2885 4992 3006 5039 ortu
3074 4992 3245 5049 creat,
3303 5000 3576 5053 nunquam

322 5073 476 5128 κατὰ
524 5072 707 5142 φύσιν,
749 5072 984 5142 μάλιστα
1027 5072 1085 5124 δὲ
1133 5074 1199 5141 τῇ
1257 5073 1508 5141 ἀγενήτῳ
1554 5072 1754 5141 φύσει·
1785 5073 1880 5127 οὔτ

2008 5084 2200 5143 sponte
2226 5090 2322 5128 sua
2389 5075 2743 5130 mutationem
2793 5075 2957 5129 ullam
3015 5075 3222 5130 subeat.
3266 5074 3402 5130 Nam
3454 5093 3576 5131 cum

323 5165 423 5233 ὑφ’
452 5164 641 5235 ἐτέρου
696 5165 771 5234 μὴ
800 5164 1143 5234 ’βουλόμενον
1189 5163 1352 5218 πάθοι
1372 5179 1387 5194 ο
1430 5163 1688 5217 ἀδίαστον
1716 5164 1823 5236 γὰρ
1851 5184 1882 5218 τ

2005 5166 2259 5221 omnibus
2301 5166 2431 5221 illud
2472 5179 2686 5237 gratum
2743 5182 2864 5223 esse
2894 5169 3051 5235 solet,
3092 5169 3233 5239 quod
3284 5170 3577 5223 secundum

327 5258 604 5327 κρεῖττον,
645 5259 892 5327 κρεῖττον
921 5257 976 5310 δὲ
1006 5257 1269 5325 ἀγενήτου
1298 5255 1483 5319 οὐσίας
1504 5256 1677 5312 οὐδέν.
1710 5259 1833 5322 Πῶς
1855 5258 1882 5311 δ

2007 5257 2125 5326 ejus
2176 5266 2425 5311 naturam
2472 5268 2577 5323 est,
2617 5268 2728 5313 tum
2791 5259 2865 5313 illi
2906 5261 3137 5314 maxime
3179 5270 3425 5328 naturae,
3459 5277 3581 5331 qua:

329 5348 401 5402 ἂν
429 5347 499 5401 τὰ
529 5348 754 5419 μηδαμῆ
781 5348 1045 5419 μηδαμῶς
1072 5348 1311 5416 γένοιντο
1332 5347 1456 5417 δίχα
1478 5346 1571 5399 τοῦ
1596 5348 1873 5412 ποιοῦντος

2006 5360 2130 5406 ortu
2153 5361 2357 5406 careat.
2395 5350 2583 5419 Neque
2617 5368 2744 5407 vero
2780 5353 2915 5419 haec,
2956 5354 3000 5408 si
3032 5353 3181 5419 nolit,
3220 5355 3287 5409 ab
3316 5355 3421 5409 alio
3450 5370 3582 5424 quo-

330 5439 463 5503 Πῶς
488 5440 545 5493 δὲ
577 5441 670 5494 τὸν
698 5440 831 5493 Θεὸν
862 5439 1068 5509 ταύτην
1094 5439 1192 5509 τὴν
1224 5440 1376 5509 ἰσχὺν
1408 5438 1770 5508 ἀφαιροῦντες
1807 5443 1882 5494 ao

2016 5442 2159 5511 piam
2190 5442 2297 5509 pati
2352 5456 2441 5497 res
2468 5442 2575 5495 ulla
2637 5444 2828 5511 possit.
2869 5443 3133 5509 Quoniam
3167 5444 3310 5513 quod
3346 5444 3579 5500 validius
3638 5428 3667 5491 ξ

330 5534 449 5597 τοῖς
479 5532 648 5588 ἑαυτά
692 5532 955 5602 προάγειν
988 5533 1052 5585 ὲκ
1101 5531 1178 5601 μὴ
1221 5529 1390 5583 ὄντων
1440 5531 1799 5600 περιάπτουσι
1846 5549 1882 5583 τη

2016 5545 2120 5601 est,
2152 5536 2203 5589 vi
2234 5534 2377 5589 nulla
2413 5533 2671 5607 [minore]
2711 5536 2826 5605 cogi
2866 5546 3058 5605 queat,
3087 5546 3139 5593 et
3167 5552 3296 5593 sane
3323 5538 3457 5595 nihil
3484 5538 3577 5594 illa

1592 5649 1832 5705 VARUE
1870 5650 2280 5710 LECTIONES.

415 5745 460 5778 "
493 5743 614 5802 libri
646 5742 976 5813 γεννήσεως.
1023 5743 1094 5825 ’,⁷³
1129 5741 1390 5836 σωθῆναι]
1421 5742 1640 5813 δοθῆναι
1694 5744 1976 5802 Scbottus.
2082 5748 2125 5779 7"
2160 5746 2225 5800 ἂν
2274 5746 2540 5820 ὑποσταίη
2564 5751 2603 5803 Α
2655 5768 2668 5804 :
2715 5749 3077 5813 ὑποσταεεις.
