4032 6448
547 298 653 362 335
1694 281 1959 345 PHOTII
1998 277 2505 342 PATRIARCH/E
2537 277 2649 340 cr.
3644 290 3730 355 επ

546 420 739 465 natura
767 404 1017 470 validius,
1040 417 1161 473 qute
1192 408 1368 456 ortum
1400 397 1606 454 nullum
1637 396 1821 453 habet.
1856 395 2132 463 Quomodo

2158 398 2207 456 Α
2233 393 2474 465 κράτος;
2519 393 2581 446 Εἰ
2613 390 2672 447 δὲ
2699 390 2794 446 καὶ
2825 387 2965 447 αὑτά
2992 393 3321 462 προαγαγεῖν
3360 393 3562 463 ίσχυσεν
3598 399 3738 457 ἑαυτὰ

547 499 699 562 item,
733 512 851 567 quae
890 494 1041 549 nullo
1094 506 1324 562 prorsus
1378 489 1534 545 modo
1581 496 1729 552 sunt,
1769 488 1888 542 sine
1931 486 2125 555 opiﬁce

2223 486 2315 542 διὰ
2342 486 2395 539 τί
2429 484 2503 555 μὴ
2536 483 2628 536 καὶ
2656 482 2716 536 τὸ
2743 480 3060 536 διοικεῖσθαι
3087 480 3297 533 οίκοθεν
3327 484 3599 555 παρέσχεν,
3627 490 3741 547 ἀλλὰ

548 588 664 643 ﬁeri
697 586 941 656 possint?
969 594 1060 637 aut
1086 582 1354 653 quomodo
1383 582 1493 636 Deo
1514 581 1655 635 hanc
1670 579 1777 632 vim
1796 575 2121 641 auferentes,

2223 580 2324 649 τῆς
2357 577 2545 647 ἑτέρου
2575 575 2903 646 κηδεμονίας
2928 573 3121 643 ἐδεήθη
3146 588 3160 637 ;
3198 572 3273 626 T0
3297 572 3403 643 γὰρ
3422 578 3648 643 γενέσθαι
3665 584 3742 637 τοῦ

548 679 650 734 sibi
705 679 983 731 vindicare.
1066 675 1377 729 facultatem
1432 687 1548 727 eam
1588 681 1830 742 possunt,
1859 677 1919 724 ut
1946 670 2125 739 seipsa

2222 667 2497 737 διαμένειν
2529 664 2821 735 γενόμενον
2854 662 3035 734 πολλῷ
3059 661 3490 733 δυσχερέστερον.
3515 668 3626 733 Πῶς
3649 668 3746 741 οὖν,

549 771 867 837 producant.
908 783 1027 837 quae
1072 776 1231 820 antea
1271 780 1380 818 non
1402 762 1772 817 exsistebant?
1799 760 1855 816 Si
1888 775 2017 815 vero
2040 774 2125 816 se-

2223 758 2253 811 ὃ
2302 757 2401 829 μὲν
2450 752 2521 828 ἦν
2566 756 3007 826 δυσχερέστερον,
3041 754 3121 816 είς
3173 753 3370 823 πρᾶξιν
3396 757 3747 825 ἤνεγκεν,ὃᾶ

549 860 774 926 metipsa
832 858 1131 926 producere
1184 863 1473 924 potuerunt
1515 853 1643 920 quin
1700 855 1828 907 item
1860 868 1889 906 ιι
1931 852 2123 921 seipsis

2226 851 2427 923 ῥᾴδιον,
2456 850 2557 902 οὑκ
2587 847 2650 901 ἂν
2679 846 2793 916 ἔχοι
2844 844 2918 917 μὴ
2953 846 3083 915 παρ’
3110 844 3298 915 ἑτέρου
3332 844 3540 913 λαδών;
3570 850 3680 915 Πῶς
3702 855 3750 907 δὲ

550 949 895 1019 dispensandi
948 949 1029 1002 sui
1067 946 1376 1001 facultatem
1423 954 1775 1014 acceperunt,
1808 944 1900 999 sed
1950 945 2121 1000 aliena

2224 941 2319 995 καὶ
2367 943 2401 1011 ἡ
2446 939 2658 1007 γένεσις
2702 940 2806 1009 γῆν
2835 955 2896 991 τε
2927 940 3021 991 καὶ
3051 939 3188 1011 ἀέρα
3221 940 3317 992 καὶ
3342 938 3411 992 τὰ
3440 941 3583 1009 ἄλλα,
3618 943 3651 998 ἃ
3688 950 3750 1017 μὴ

551 1058 682 1095 cura
731 1058 865 1111 opus
905 1041 1245 1096 habuerunt?
1279 1042 1440 1097 Multo
1467 1042 1610 1096 enim
1657 1042 1799 1097 factu
1855 1041 2120 1097 diﬂicilius

2225 1033 2524 1103 πεποίηκε,
2557 1032 2784 1098 διοικεῖ;
2819 1032 3019 1101 Ἔργον
3047 1033 3157 1103 γὰρ
3185 1031 3278 1087 τοῦ
3309 1035 3646 1105 πεποιηκότος
3675 1042 3753 1092 καὶ

553 1140 656 1194 est,
691 1132 925 1198 primum
958 1132 1159 1199 aliquid
1194 1132 1332 1195 fieri,
1373 1148 1534 1201 quam
1583 1141 1866 1201 postquam
1918 1133 2117 1189 factum

2223 1127 2283 1180 τὸ
2311 1127 2551 1188 διοικεῖν,
2585 1127 2663 1180 ὃτι
2696 1128 2789 1180 καὶ
2824 1127 2983 1196 μόνος
3010 1127 3118 1179 τῶν
3152 1126 3346 1181 ἑαυτοῦ
3377 1130 3754 1201 δημιουρημά-

555 1222 729 1273 fuerit
771 1237 1111 1290 permanere.
1137 1222 1416 1287 Quomodo
1446 1224 1609 1293 igitur
1628 1227 1768 1292 quod
1789 1234 1904 1278 erat
1933 1226 2120 1281 difﬁci-

2221 1237 2328 1272 των
2371 1221 2471 1289 τὴν
2498 1218 2658 1289 φύσιν
2691 1215 2819 1283 οἶδε,
2863 1218 2957 1271 καὶ
2989 1219 3138 1281 ὅπως
3180 1219 3283 1289 μὲν
3328 1224 3590 1289 κρατοῖτο,
3617 1223 3755 1276 πόθεν

554 1315 660 1367 lius
686 1313 737 1386 [τι
768 1330 885 1369 sese
933 1314 1287 1387 liabuerunt,j
1339 1319 1482 1384 quod
1520 1326 1703 1371 autem
1754 1316 1985 1381 facilius,
2020 1334 2121 1371 non

2187 1377 2192 1387 '
2222 1310 2277 1361 δὲ
2308 1310 2591 1378 συγχέοιτο
2624 1310 2716 1363 καὶ
2747 1308 3130 1378 διαφθείροιτο.
3166 1308 3228 1361 Εί
3263 1308 3319 1362 δὲ
3346 1309 3658 1380 τολμήσαιεν
3681 1315 3757 1366 καὶ

558 1405 841 1471 haberent,
901 1406 1002 1457 nisi
1059 1412 1126 1459 ab
1173 1407 1278 1461 alio
1321 1408 1694 1476 accepissent?
1746 1407 1811 1463 Et
1854 1410 2124 1479 quomodo

2223 1401 2330 1452 τῶν
2361 1400 2637 1469 στοιχείων
2663 1401 2762 1472 τὴν
2791 1399 3147 1469 δημιουργίαν
3171 1399 3429 1451 ἀνάπτειν
3441 1398 3484 1430 ⁷⁸
3507 1402 3569 1470 τῇ
3593 1401 3758 1472 εῑμαρο

552 1497 763 1564 genesis
789 1505 1007 1559 terram,
1050 1512 1255 1565 aerem,
1302 1508 1355 1553 et
1388 1501 1488 1553 alia
1518 1516 1637 1569 qua:
1685 1516 1788 1554 non
1826 1502 1969 1564 fecit,
2001 1502 2118 1556 dis-

2228 1493 2384 1562 μένῃ,
2418 1490 2671 1565 [545ᾹΗ.]
2706 1492 3012 1561 λεγέτωσαν
3051 1492 3185 1559 ⁴ἡμῖν
3214 1492 3360 1552 ποῖος
3394 1490 3488 1558 μὲν
3511 1491 3671 1561 ἀστὴρ
3694 1495 3758 1556 είς

550 1596 760 1653 pensat.
802 1584 1114 1641 Conditoris
1153 1591 1294 1642 enim
1362 1605 1555 1646 munus
1588 1600 1669 1646 est
1709 1592 1871 1647 etiam
1905 1593 2121 1663 dispen-

2222 1584 2340 1637 τόδε
2368 1584 2428 1637 τὸ
2457 1583 2645 1648 ζώδιον
2677 1582 2934 1637 εἰσελθὼν
2958 1584 3251 1636 ἀπετέλεσε
3287 1582 3384 1653 τὴν
3412 1583 3531 1651 γῆν,
3559 1587 3695 1647 ποῖος
3713 1586 3758 1639 δὲ

551 1675 714 1739 satio,
742 1692 862 1730 cum
896 1693 1001 1731 non
1034 1679 1205 1733 solum
1235 1682 1473 1735 omnium
1504 1699 1623 1753 qua:
1657 1683 1724 1737 ab
1753 1684 1866 1753 ipso
1905 1685 2118 1739 condita

2168 1734 2193 1753 η
2224 1678 2313 1731 τὸν
2346 1680 2486 1745 ἀέρα
2513 1677 2546 1748 ἢ
2575 1676 2636 1730 τὸ
2663 1676 2773 1749 πῦρ
2800 1677 2835 1745 ἢ
2864 1679 2923 1729 τὸ
2949 1675 3112 1746 ὕδωρ.
3131 1674 3270 1728 Ἀλλ’
3300 1676 3400 1728 οὑκ
3423 1674 3487 1728 ἂν
3511 1675 3668 1745 ἔχοιεν
3690 1678 3760 1729 λέ-

550 1775 676 1819 sunt
719 1777 965 1821 naturam
1002 1771 1163 1834 norit,
1202 1786 1382 1825 verum
1412 1773 1574 1827 etiam
1625 1790 1745 1843 quae
1779 1776 2119 1844 pctissimum

2167 1763 2195 1791 ⁵
2224 1787 2362 1838 γειν,
2393 1770 2441 1823 εί
2475 1769 2570 1822 καὶ
2610 1768 2772 1822 πλέον
2795 1768 2979 1838 ληρεῖν
3011 1768 3396 1838 μελετήσωσιν.
3419 1763 3617 1829 Ἀλλως
3639 1784 3691 1820 τε
3716 1769 3759 1822 δὲ

552 1858 760 1911 ratione
808 1863 1137 1927 conservari,
1161 1874 1213 1917 et
1247 1864 1615 1939 undeHrursus
1631 1866 1837 1936 2100
1865 1866 2119 1922 confundi

2226 1863 2274 1915 εί
2304 1862 2400 1932 οὑχ
2424 1858 2571 1925 ἅπαξ
2594 1862 2738 1913 ποιεῖ
2766 1859 2795 1913 0
2819 1861 2965 1912 ποιεῖ
2988 1861 3021 1930 ή
3048 1859 3281 1927 γένεσις,
3311 1856 3566 1921 πολλάκις
3588 1857 3759 1911 001i"

552 1959 781 2018 queant,
808 1959 971 2019 atque
995 1955 1291 2023 corrumpi.
1324 1955 1379 2008 Si
1398 1934 1493 2022 qui
1542 1934 1703 2026 porro
1724 1934 1991 2023 audeant,
2013 1960 2122 2013 ele-

2224 1953 2364 2008 αὑτά
2391 1953 2534 2006 κατά
2556 1969 2707 2017 τινας
2734 1952 2941 2022 χρόνων
2969 1952 3270 2021 περιόδους,
3288 1951 3637 2004 δεικνύτωσαν
3654 1953 3760 2020 ἡμῖν

553 2048 862 2092 mentorum
909 2055 1127 2109 quoque
1153 2044 1481 2098 creationem
1512 2045 1622 2099 fato
1654 2048 1910 2113 tribucre,
1937 2049 2120 2104 dicant

2226 2044 2481 2108 πολλάκις
2520 2043 2619 2114 μὲν
2655 2045 3027 2115 γεγενημένας
3060 2043 3261 2108 πολλὰς
3308 2043 3560 2113 όλότητας
3596 2044 3756 2111 γαιῶν,

551 2127 711 2181 velim
758 2130 934 2195 nobis,
962 2131 1243 2200 qualenam
1294 2143 1520 2195 astrum,
1558 2137 1622 2188 ad
1660 2151 1817 2191 suum
1844 2139 1894 2191 in
1939 2140 2121 2193 zodia-

2225 2134 2426 2199 πολλὰς
2472 2135 2529 2188 δὲ
2577 2132 2803 2204 ὑδάτων,
2835 2135 3038 2199 πολλὰς
3065 2136 3123 2189 δὲ
3152 2135 3458 2197 θαλασσῶν,
3499 2136 3555 2201 ἐξ
3589 2131 3657 2189 ὧν
3687 2139 3760 2190 καὶ

551 2233 674 2273 cum
722 2221 982 2275 circulum
1016 2225 1338 2293 ingressum,
1379 2236 1575 2281 terram
1605 2229 1927 2298 perfecerit?
1958 2232 2126 2300 Quale

2226 2227 2465 2297 κόσμους
2510 2227 2770 2297 ἀπείρους
2801 2228 3183 2297 συστήσουσιν.
3203 2226 3369 2281 Ἀλλά
3403 2228 3509 2297 μὴν
3539 2227 3760 2282 ἀδύνατον

551 2310 715 2364 etiam
750 2326 954 2378 aerem,
1009 2314 1095 2369 vel
1148 2316 1347 2385 ignem,
1414 2318 1498 2372 vel
1545 2322 1778 2389 aquam?
1833 2322 2029 2377 Verum
2073 2324 2123 2377 id

2225 2319 2383 2373 τοῦτο
2403 2334 2420 2351 ο
2451 2318 2710 2373 ἀδύνατον
2747 2317 2855 2390 ἄρα
2898 2320 2994 2372 ita).
3020 2319 3081 2373 τὸ
3108 2318 3259 2385 ἅπαξ
3285 2318 3384 2389 τήν
3414 2320 3620 2387 γένεσιν
3646 2318 3698 2373 ἓν
3719 2336 3761 2372 τι

550 2414 828 2470 nunquam
851 2405 1108 2470 dixerint,
1160 2408 1369 2463 etiamsi
1406 2412 1638 2467 maxime
1667 2413 1901 2482 amplius
1933 2416 2124 2483 nugari

2224 2412 2335 2466 τῶν
2368 2412 2644 2482 στοιχείων
2670 2413 3025 2483 προαγαγεῖν.
3053 2409 3118 2465 Εί
3144 2412 3200 2465 δὲ
3229 2413 3296 2465 ὲκ
3334 2412 3532 2480 μανίας
3572 2413 3643 2473 είς
3680 2428 3760 2481 μα-

551 2493 739 2548 veliut.
788 2494 1056 2552 Praeterea
1090 2499 1159 2565 si,
1200 2500 1341 2569 quod
1387 2500 1515 2555 facit
1547 2504 1781 2573 genesis,
1815 2519 1921 2560 non
1960 2506 2126 2564 semel

2226 2506 2346 2559 νίαν
2375 2505 2806 2576 μεταπίπτοντες
2837 2504 2943 2558 ὑπὸ
2990 2504 3126 2558 Θεοῦ
3179 2505 3279 2573 μὲν
3329 2503 3762 2573 δημιουργηθῆναι

550 2583 701 2649 facit,
764 2587 860 2641 sed
897 2591 1085 2643 eadem
1140 2592 1335 2659 saepius
1400 2603 1521 2663 post
1575 2603 1872 2664 temporum
1925 2598 2127 2665 aliquot

2228 2598 2386 2665 φαῖεν
2408 2594 2474 2648 τὰ
2504 2596 2765 2665 στοιχεῖα,
2794 2594 2898 2647 ὑπὸ
2922 2593 2979 2647 δὲ
3003 2594 3105 2665 τῆς
3130 2595 3399 2663 γενέσεως
3424 2594 3671 2663 ἀγενήτου
3689 2593 3762 2646 καὶ

551 2678 821 2732 curricula
852 2681 1068 2748 repetit,
1113 2683 1402 2737 ostendant
1437 2684 1594 2740 nobis
1657 2687 1852 2755 saepius
1884 2703 2005 2743 esse
2043 2688 2127 2743 fa-

2226 2690 2396 2755 αὐτῆς
2423 2686 2610 2757 ὥσπερ
2630 2687 2690 2739 τὸ
2714 2686 2870 2739 Θεῖον
2891 2685 3057 2756 οὔσης
3084 2685 3427 2745 διοικεῖσθαι.
3451 2685 3762 2755 ἐκδηλότερον

560 2779 679 2824 etas
704 2770 900 2825 multas
938 2773 1174 2842 integras
1203 2788 1395 2842 terras,
1433 2777 1630 2833 multas
1654 2779 1898 2849 integras
1934 2797 2123 2849 aquas,

2226 2780 2405 2833 αὐτῶν
2452 2779 2550 2849 την
2597 2777 2783 2832 ἄνοιαν
2822 2776 3279 2846 στηλιτεύουσιττ.
3329 2777 3428 2829 Διά
3478 2776 3529 2829 τί
3581 2776 3678 2845 γὰρ
3714 2777 3764 2828 τὸ

553 2862 723 2916 multa
768 2863 975 2932 integra
1014 2867 1206 2931 maria,
1240 2870 1382 2924 unde
1418 2871 1580 2924 etiam
1627 2874 1858 2927 mundos
1885 2874 2127 2930 infinitos

2225 2871 2379 2924 Θεῖον
2406 2870 2622 2937 ἀτάκτῳ
2651 2871 2860 2937 γενέσει
2880 2870 2941 2922 τὸ
2970 2870 3167 2923 οἰκεῖον
3194 2867 3436 2921 ὑπέϐαλε
3464 2866 3765 2937 δημιούργη-

552 2954 915 3009 constituant.
957 2956 1035 3011 Ac
1080 2961 1527 3028 quemadmodum
1576 2963 1679 3018 hoc
1720 2964 1834 3020 fieri
1876 2981 1982 3020 non
2027 2982 2125 3037 po-

2232 2980 2305 3033 μα
2332 2981 2348 3030 ;
2380 2957 2509 3030 Ἆρ’
2534 2961 2611 3023 ὡς
2641 2960 2803 3023 αὐτὸς
2833 2958 2932 3013 οὑκ
2958 2958 3095 3029 ἔχων
3141 2956 3242 3028 τὴν
3285 2956 3392 3011 τοῦ
3440 2958 3673 3029 προνοεῖν
3698 2974 3768 3010 σο-

556 3054 680 3111 test,
727 3046 798 3100 ita
833 3063 932 3102 nec
958 3049 1112 3116 illud,
1150 3061 1208 3105 ut
1252 3052 1331 3105 vel
1368 3056 1533 3109 semel
1570 3059 1783 3125 genesis
1815 3074 1979 3113 unum
2021 3059 2116 3115 ali-

2174 3069 2193 3128 ζ
2227 3055 2385 3124 φίαν;
2417 3052 2528 3107 Καὶ
2568 3051 2652 3113 τίς
2698 3049 2764 3103 ἂν
2807 3050 3018 3118 ἐνέγκοι
3058 3048 3120 3103 τὸ
3164 3048 3477 3120 δύσφημον,
3504 3049 3586 3113 τίς
3634 3048 3684 3103 δὲ
3718 3047 3766 3102 τὺ

552 3137 695 3206 quod
768 3138 1096 3196 elementum
1160 3145 1499 3212 produxerit.
1541 3146 1660 3201 Jam
1709 3150 1753 3204 si
1796 3151 1862 3204 de
1915 3152 2124 3206 insania

2225 3144 2469 3213 ἀνόητον,
2503 3141 2863 3213 δημιουργίας
2896 3143 2994 3209 μὲν
3023 3143 3222 3212 κράτος
3258 3142 3432 3211 ἔχειν,
3464 3141 3700 3212 προνοίας
3720 3140 3765 3196 δὲ

553 3227 609 3282 in
641 3228 907 3284 insaniam
953 3232 1281 3301 delabentes,
1322 3251 1351 3289 a
1386 3235 1496 3291 Deo
1522 3238 1736 3307 quidem
1775 3250 1957 3296 creata
2004 3256 2126 3299 esse

2228 3235 2353 3307 μηδ’
2378 3236 2501 3288 ὅσον
2547 3237 2580 3303 ἠ
2626 3233 2861 3296 ἄτακτος
2893 3234 3109 3303 ἥρπασε
3155 3234 3416 3302 γένεσις;
3461 3236 3567 3289 Καὶ
3608 3234 3767 3305 μυρίος

550 3319 788 3373 dixerint
814 3321 1102 3389 elementa,
1157 3340 1339 3381 verum
1369 3328 1483 3383 haec
1511 3331 1578 3386 ab
1610 3346 1673 3384 ea
1708 3334 1888 3401 genesi
1920 3333 2127 3404 dispen-

2223 3326 2381 3389 ἄλλος
2408 3325 2575 3395 ἐσμὸς
2609 3325 2977 3394 ἀτοπημάτων
3003 3326 3214 3379 ἕπεται.
3247 3324 3308 3379 EE
3366 3326 3417 3380 δ’
3440 3325 3622 3397 ὥσπερ
3656 3326 3768 3393 ἀγα-

552 3409 692 3473 sari,
721 3425 841 3479 quae
884 3427 1038 3482 aeque
1102 3430 1166 3470 ac
1232 3418 1372 3472 Deus
1417 3418 1534 3489 ipse
1599 3431 1751 3477 ortus
1792 3438 1984 3495 expers
2030 3426 2122 3491 sit,

2226 3419 2409 3489 θότητι
2438 3419 2693 3489 ἐποίησεν
2724 3422 2753 3472 0
2783 3421 2938 3484 Θεὸς,
2970 3418 3112 3473 οὕτω
3154 3418 3250 3473 καὶ
3296 3420 3542 3491 προνοεῖ,
3572 3414 3766 3490 περιττὴ

552 3498 723 3553 multo
748 3501 912 3554 etiam
945 3504 1284 3561 manifestius
1331 3510 1621 3563 amentiam
1675 3526 1829 3567 suam
1865 3516 2120 3584 produnt.

2225 3511 2318 3564 καὶ
2346 3510 2548 3581 ματαία
2581 3512 2616 3582 ἡ
2645 3512 2856 3565 ὲπίνοια
2887 3510 2986 3580 τῆς
3010 3510 3357 3581 εἱμαρμένης
3382 3512 3499 3582 ἦτοι
3526 3510 3617 3580 τῆς
3643 3507 3767 3576 γενέ-

550 3587 824 3655 Quorsum
868 3595 1013 3649 enim
1065 3594 1207 3652 Deus
1232 3600 1479 3655 ordinem
1508 3604 1717 3658 nullum
1748 3607 1983 3662 servanti
2031 3623 2125 3678 ge-

2227 3619 2383 3665 σεως.
2417 3602 2542 3668 Πῶς
2571 3604 2626 3657 δὲ
2662 3604 2922 3673 ἀγένητος
2951 3604 2980 3657 0
3005 3602 3254 3673 οὐρανὸς,
3282 3600 3382 3655 τοῦ
3420 3602 3661 3654 συνθέτου
3688 3599 3765 3653 κός

556 3682 674 3736 nesi
710 3696 975 3753 ,creatum
1009 3703 1038 3741 a
1076 3703 1136 3744 se
1167 3704 1303 3758 opus
1330 3690 1625 3761 subjiciat?
1676 3694 1757 3749 An
1806 3698 1947 3767 quod
2002 3713 2115 3754 eart

2225 3718 2363 3770 σμου
2396 3698 2560 3770 μέρος
2592 3696 2849 3765 ὑπάρχων
2875 3696 2968 3749 καί⁵
2999 3694 3229 3767 περιοχή
3254 3712 3268 3761 ;
3297 3692 3377 3747 Τὸ
3404 3693 3512 3763 γὰρ
3536 3692 3765 3761 ἀγένητον

552 3772 669 3841 ipse
710 3776 1031 3844 sapientiam
1060 3794 1165 3834 non
1199 3781 1418 3846 habeat,
1446 3799 1550 3852 qua
1607 3786 1679 3841 illi
1709 3790 2022 3857 provideant?
2051 3792 2122 3847 At

2222 3793 2345 3846 οὑτε
2379 3791 2606 3863 περιοχή
2643 3806 2727 3852 τις
2768 3787 2890 3841 οὔτε
2920 3788 3082 3851 τόπος
3113 3788 3317 3858 ἑτέρων
3368 3787 3437 3841 ἂν
3484 3787 3591 3858 εἴη,
3620 3785 3767 3839 καθα-

567 3864 692 3932 quis
746 3866 886 3922 banc
943 3869 1130 3924 tulerit
1178 3871 1750 3946 blaspliemiant?qnis
1799 3882 2124 3937 amentiam?

2227 3886 2372 3956 ρεύει
2399 3882 2455 3936 δὲ
2483 3881 2590 3936 τῶν
2620 3879 2881 3934 τοιούτων
2907 3896 2966 3932 τε
2995 3883 3089 3932 καὶ
3121 3879 3311 3933 παθῶν
3347 3879 3617 3935 ἁπάντων.
3633 3876 3767 3931 Ἀλλά

569 3955 792 4009 creandi
823 3957 1039 4025 quidem
1071 3961 1365 4028 potentiam
1402 3963 1600 4018 habere
1625 3965 1813 4031 Deum,
1847 3972 2124 4037 providen-

2222 3955 2319 4030 καὶ
2368 3974 2429 4039 ἐξ
2484 3973 2655 4042 αὑτῆς
2707 3971 2886 4026 αὑτῶν
2917 3972 3018 4043 τῆς
3050 3971 3432 4044 πλαττομένης
3490 3970 3767 4032 ὑποθέσεως

558 4046 650 4100 tite
682 4061 785 4099 non
836 4047 1040 4103 habere
1087 4060 1318 4119 tantum,
1369 4065 1629 4122 quantum
1678 4057 1982 4114 inordinata
2031 4062 2122 4118 illa

2221 4067 2381 4138 δῆλον
2411 4066 2487 4130 ὡς
2519 4064 2643 4119 οὔτε
2692 4066 2721 4118 0
2767 4064 2996 4134 οὐρανὸς
3024 4062 3147 4117 οὔτε
3179 4065 3229 4117 0i
3260 4064 3494 4136 ἀστέρες
3520 4062 3766 4131 ἀγένητοι.

550 4136 768 4209 genesis
801 4139 903 4192 sibi
934 4142 1210 4207 rapuerit?
1242 4144 1380 4209 Quin
1403 4159 1458 4199 et
1490 4148 1756 4203 infinitum
1782 4163 1978 4220 prmter
2008 4154 2123 4209 haec

2223 4136 2330 4214 Kal
2360 4160 2469 4230 γάρ
2500 4159 2627 4222 τοὺς
2656 4158 2751 4228 μὲν
2781 4157 2959 4211 αὑτῶν
2988 4156 3354 4224 ἀγαθοποιοὺς
3397 4158 3525 4219 τοὺς
3547 4157 3601 4209 δὲ
3626 4169 3767 4209 κακο-

551 4230 909 4284 absurdorum
944 4244 1173 4284 examen
1224 4238 1593 4302 consequitur.
1614 4237 1812 4292 Verum
1833 4240 1901 4307 si,
1932 4256 2121 4310 quem-

2221 4251 2408 4312 ποιοὺς
2457 4250 2694 4315 λέγουσι,
2732 4246 2976 4319 [6681ῐ.]
3023 4247 3117 4301 καὶ
3163 4246 3348 4311 οἴκους
3379 4246 3571 4310 ἄλλους
3618 4243 3768 4304 ἄλλοις

553 4323 843 4377 admodum
901 4324 1145 4378 bonitate
1206 4339 1303 4379 sua
1326 4324 1651 4401 [creaturas]
1695 4331 1821 4385 fecit
1851 4334 2009 4397 Deus,
2037 4334 2145 4405 sic‘

2175 4401 2191 4413 _
2220 4341 2592 4413 ἀφορίζουσιν,
2625 4341 2683 4392 ὲν
2707 4333 2787 4403 οἷς
2815 4339 3091 4408 γινόμενοι
3134 4338 3285 4392 ἄλλοι
3317 4339 3421 4408 μὲν
3448 4335 3767 4393 κακύνονται,

552 4427 607 4469 et
645 4415 933 4484 providet:
970 4427 1426 4484 supervacaneum
1465 4431 1613 4472 certe
1641 4399 1727 4474 ac
1777 4421 1997 4476 stultum
2036 4401 2144 4477 est?

2175 4401 2196 4458 )
2220 4434 2254 4504 ἥ
2272 4399 2446 4485 ’πλέον
2471 4430 2503 4502 ῆ
2533 4399 2625 4484 καὶ
2654 4430 2712 4496 ἐξ
2742 4399 3079 4500 ἀγαθότητος
3098 4399 3405 4499 τραπέντες
3427 4428 3508 4491 εἰς
3532 4426 3767 4486 κάκωσιν,

551 4507 654 4563 boe
677 4507 746 4561 de
769 4507 880 4562 fato
909 4509 1026 4562 sive
1045 4506 1228 4576 genesi
1258 4521 1643 4565 commentum.
1678 4513 1958 4579 Quomodo
1987 4515 2117 4570 item

2218 4526 2269 4577 οί
2294 4523 2351 4578 δὲ
2381 4523 2690 4576 τοὺναντίον
2722 4521 2754 4592 ἢ
2791 4523 2929 4591 πρὸς
2954 4520 3273 4589 ἁγαθότητα
3299 4519 3465 4572 κακοὶ
3494 4517 3640 4579 ὅντες
3662 4529 3770 4585 μετ-

553 4602 672 4656 sine
706 4612 826 4655 ortu
859 4602 1055 4657 coelum
1097 4616 1220 4656 esse
1267 4603 1455 4671 possit,
1500 4606 1934 4674 quandoquidem
1968 4624 2121 4662 com-

2219 4613 2545 4684 εόλήθησαν,
2573 4611 2606 4682 ἢ
2640 4610 2800 4664 πλέον
2828 4612 2929 4681 τῆς
2958 4609 3231 4680 προτέρας
3255 4604 3637 4677 ὴγαθύνθησαν
3657 4605 3771 4672 ἀγα-

550 4693 710 4762 positi
761 4693 969 4759 mundi,
1012 4708 1173 4763 quem
1227 4695 1463 4764 undique
1507 4697 1696 4767 cingit,
1748 4712 1873 4766 pars
1905 4699 2021 4754 est?
2064 4710 2120 4756 at

2221 4705 2462 4776 θότητος.
2495 4702 2609 4757 Καὶ
2640 4702 2758 4765 πῶς
2786 4701 2853 4755 ἂν
2879 4703 2937 4754 ὲν
2964 4701 3172 4763 τούτοις
3201 4699 3367 4769 νοηθῇ
3410 4698 3445 4769 ἢ
3490 4698 3550 4752 τὺ
3588 4691 3771 4754 ἀπαθὲς

550 4788 692 4853 quod
746 4797 923 4840 ortum
970 4787 1173 4841 nullum
1212 4787 1394 4853 habet,
1439 4788 1490 4842 id
1517 4804 1693 4857 neque
1714 4791 1932 4862 cingere
1959 4793 2118 4862 quid-

2219 4798 2254 4869 ἢ
2286 4796 2347 4849 τὸ
2376 4794 2581 4849 ἀπλοῦν
2603 4794 2637 4865 ἢ
2661 4792 2723 4846 τὸ
2742 4792 3033 4847 ἀσύνθετον
3063 4791 3096 4862 ἢ
3125 4791 3186 4843 τὸ
3213 4790 3483 4861 ἀγένητον
3509 4790 3600 4842 καὶ
3623 4784 3770 4858 μυρία

549 4892 710 4946 quam
733 4892 908 4948 neque
935 4879 1164 4933 aliorum
1206 4878 1356 4933 locus
1390 4894 1513 4935 esse
1547 4882 1738 4950 possit,
1770 4884 1862 4938 sed
1887 4898 2008 4937 eum
2046 4884 2116 4940 ab

2221 4884 2391 4951 ἄλλας
2439 4885 2528 4937 Ἐν
2558 4877 2639 4947 οἷς
2668 4884 2761 4937 καὶ
2802 4883 2831 4935 0
2872 4882 3123 4952 δεύτερος
3151 4880 3304 4950 αὑτῷ
3337 4876 3770 4949 συναπαρτίζεται

550 4965 657 5030 bis,
701 4975 811 5021 lum
846 4969 913 5021 ab
943 4967 1065 5022 aliis
1096 4966 1472 5023 affectionibus
1490 4972 1986 5028 omnibuslibernm
2011 4985 2113 5031 est.

2221 4976 2377 5043 λόγος
2407 4974 2503 5028 καὶ
2543 4972 2614 5027 τὰ
2641 4973 2772 5027 δέκα
2810 4972 3098 5042 κεφάλαια,
3127 4968 3526 5043 τελευτήσαντα
3568 4970 3661 5040 μὲν
3701 4967 3768 5028 είς

548 5054 687 5120 Quin
711 5056 795 5111 vel
818 5071 881 5111 ex
918 5057 1031 5125 ipsa
1067 5072 1254 5112 eorum
1283 5073 1446 5128 quam
1470 5062 1783 5132 confingunt
1814 5066 2113 5134 liypotbesi,

1625 5074 1783 5132 ngunt
1814 5066 2113 5134 liypotliesi,
2228 5069 2291 5121 τὸ
2316 5073 2388 5133 κ’,
2422 5065 2595 5137 ἀρχὴν
2623 5066 2680 5120 δὲ
2705 5066 2766 5119 τὸ
2797 5064 2824 5117 ι’
2854 5065 3217 5135 ποιησάμενα.

550 5148 679 5201 satis
716 5157 967 5219 apparet,
994 5149 1218 5202 omnino
1245 5165 1421 5219 neque
1474 5153 1694 5220 malum,
1741 5170 1914 5224 neque
1947 5157 2129 5215 stellas
2157 5169 2277 5214 ortu
2309 5173 2519 5215 carere.
2558 5159 2769 5213 Etenim
2827 5159 3088 5227 quasdam
3127 5172 3313 5213 earum
3367 5170 3492 5213 esse
3523 5150 3769 5209 beneficas

554 5236 753 5301 volunt,
776 5240 1039 5309 quasdam
1060 5253 1251 5293 rursus
1278 5240 1553 5297 maleficas
1578 5244 1803 5311 faciunt,
1828 5248 2123 5318 domosque
2151 5251 2271 5305 aliis
2297 5250 2432 5305 alias
2450 5249 2777 5314 attribuunt,
2809 5249 2865 5304 in
2892 5250 3086 5319 quibus
3135 5248 3262 5303 dum
3327 5254 3624 5310 versentur,
3665 5241 3768 5295 alia!

552 5329 630 5383 vel
665 5332 1013 5399 maligniores
1031 5334 1198 5397 'liant,
1219 5334 1301 5388 vel
1332 5344 1479 5388 certe
1500 5352 1567 5391 cx
1601 5339 1848 5410 benignis
1880 5342 2129 5413 maligna
2161 5347 2416 5409 evadant,
2465 5346 2582 5400 alia:
2657 5354 2842 5400 contra
2886 5345 2969 5399 vel
3019 5346 3086 5400 ad
3135 5344 3543 5400 beneficentiam
3604 5334 3767 5410 (mala:

547 5435 667 5475 cum
699 5421 829 5495 sint)
865 5422 1203 5491 delabantur,
1238 5424 1323 5481 vel
1376 5426 1723 5496 benigniores
1754 5448 1914 5500 quam
1951 5443 2112 5489 antea
2157 5436 2472 5490 reddantur.
2504 5435 2784 5504 Quomodo
2815 5449 2946 5502 ergo
2972 5435 3036 5491 de
3070 5434 3153 5492 his
3188 5434 3296 5509 _vel
3356 5441 3536 5491 mente
3581 5422 3767 5494 concipi

1834 5595 2067 5652 VARle
2096 5595 2502 5654 LECTIONES.

653 5689 699 5721 ’³
738 5692 928 5746 ἅπτειν
954 5699 1018 5749 Δ.
1095 5698 1138 5731 ⁷⁸
1159 5698 1226 5754 τά
1252 5713 1298 5754 et
1332 5701 1469 5760 infra
1508 5703 1699 5770 ἄλλους
1727 5709 1848 5766 add.
1876 5711 1941 5763 Δ.
2051 5711 2094 5744 ’⁷
2136 5711 2536 5784 στηλιτεύσουσι
2558 5731 2618 5780 ς.
