4032 6454
331 289 439 354 83⁸7

1358 280 1888 344 BIBLIOTHECA.
1928 302 1997 320 σ-
2026 278 2193 342 COD.
2216 278 2538 344 CCXXIII.

3495 287 3603 351 838

328 400 529 475 possit,
573 397 991 471 perturbationis
1023 412 1085 454 ea
1117 412 1239 455 esse
1267 396 1540 469 expertia,
1569 402 1663 449 aut
1691 391 1979 463 simplicia,
2016 401 2110 445 aut
2173 390 2552 462 incomposita,
2611 405 2706 450 aut
2790 396 2907 451 sine
2963 405 3113 462 ortu,
3182 396 3398 468 aliaque
3441 411 3609 467 prope

329 495 579 552 inﬁnita?
636 491 737 548 Ubi
790 492 1006 546 demmn
1066 491 1335 547 secundus
1386 489 1525 544 liber
1590 486 1910 551 absolvitur,
1946 498 2159 553 unaque
2205 484 2393 542 decem
2435 486 2527 542 illa
2562 489 2738 559 capita
2777 489 2926 560 (61),
2969 505 3090 561 quae
3144 506 3175 546 a
3238 493 3451 549 decimo
3501 495 3613 549 ini-

329 589 406 642 tio
432 588 599 642 ducto
634 586 685 638 in
710 584 1032 638 vicesimum
1060 598 1229 653 usque
1259 583 1597 654 pertingant.

396 680 491 734 Ἐν
525 678 583 732 65
613 668 689 748 τῷ
722 676 892 747 τρίτῳ
920 678 1179 748 πειρᾶται
1228 675 1327 746 μὲν
1356 675 1447 730 διά
1488 692 1548 727 τε
1590 673 1686 727 τοῦ
1712 680 1797 726 κο]
1829 691 1913 727 κε-

2092 667 2276 724 Tertio
2339 668 2539 724 deinde
2593 669 2733 723 libro
2792 682 3023 724 conatur
3066 671 3283 741 quidem
3345 672 3613 729 vicesimo

324 772 560 841 φαλαίαν
590 771 684 825 καὶ
713 770 804 823 τοῦ
837 769 942 841 κβ’,
971 770 1062 822 καὶ
1090 769 1197 839 μὴν
1224 769 1319 823 καὶ
1348 768 1442 822 τοῦ
1465 769 1514 836 γ’
1535 770 1630 822 καὶ
1658 775 1707 822 κ’
1734 768 1829 822 καὶ
1851 766 1914 832 δ’,

326 864 577 933 ἐλέγχειν
607 862 735 925 τούς
761 861 851 915 τὸν
882 860 1109 932 οὐρανὸν
1159 861 1447 933 σφαιρικὸν
1473 860 1915 933 ὑποτιθεμένους,

322 958 388 1008 οὐ
423 954 611 1024 μέντοι
642 969 707 1021 γε
741 952 828 1006 διὰ
854 953 963 1007 τῶν
997 956 1149 1025 ἰσχὺν
1180 955 1415 1025 ἐχόντων
1446 954 1499 1007 οἱ
1526 954 1738 1025 ἔλεγχοι
1778 954 1916 1023 πρό-

325 1065 459 1101 εισι.
495 1047 570 1099 Τὸ
594 1045 884 1113 σφαιρικὸν
916 1047 973 1100 65
1010 1047 1070 1101 οὐ
1109 1046 1360 1117 βούλεται
1387 1049 1689 1117 συγχωρεῖν
1716 1046 1795 1117 τῷ
1826 1047 1918 1099 οὐο

337 1140 508 1211 ρανῷ,
536 1138 674 1192 διότι
706 1140 918 1210 νομίζει
944 1140 1045 1210 τὴν
1066 1138 1411 1211 εἱμαρμένην
1443 1142 1509 1194 ἐκ
1534 1140 1637 1211 τῆς
1658 1140 1916 1210 τοιαύτης

337 1229 650 1300 εἰσάγεσθαι
684 1230 905 1293 θέσεως.
936 1231 1130 1286 Καίτοι
1174 1232 1403 1303 οὐδεμία
1444 1232 1603 1286 τοῦτο
1645 1232 1917 1298 ἀπόδειξις

339 1323 646 1387 ἐκϐιάζεται
665 1339 678 1351 ·
709 1322 769 1375 οὐ
800 1322 929 1393 γὰρ,
960 1322 1013 1375 εί
1040 1339 1104 1391 γε
1157 1323 1445 1395 σφαιρικδς
1478 1324 1509 1377 ὁ
1538 1324 1787 1396 οὐρανὸς,
1822 1324 1917 1378 καὶ

334 1412 397 1466 τὸ
421 1415 519 1484 τῆς
551 1411 896 1483 εἱμαρμένης
922 1411 983 1479 ἐξ
1017 1414 1263 1485 ἀνάγκης
1295 1414 1633 1469 συνίσταται.

398 1591 475 1643 T6
499 1590 556 1643 δὲ
584 1589 661 1644 κε’
684 1590 780 1645 καὶ
805 1589 860 1656 ς’
885 1590 1182 1660 κεφάλαιον
1211 1591 1458 1656 εὐσεϐεῖς
1484 1593 1583 1664 μὲν
1609 1592 1912 1664 προϐάλλε-

323 1699 419 1737 ται
440 1681 661 1750 λόγους,
688 1681 822 1753 πρὸς
853 1682 1077 1753 ἔλεγχον
1106 1683 1164 1737 65
1192 1687 1292 1754 τῆς
1324 1685 1693 1757 προκειμένης
1720 1686 1916 1739 ὑποθέ-

326 1788 472 1833 σεως
499 1771 597 1841 τὴν
647 1771 799 1840 ίσχύν
847 1770 908 1824 οὐ
954 1770 1075 1823 λίαν
1122 1770 1727 1841 ἐπιδεικνυμένους.Ἐν
1754 1771 1811 1825 65
1836 1770 1915 1843 τῷ

320 1865 410 1932 κζ’
438 1866 595 1934 δόξας
642 1865 979 1936 προθέμενος
1029 1865 1159 1937 περί
1199 1883 1261 1920 τε
1301 1867 1534 1938 οὐρανοῦ
1578 1868 1674 1921 καὶ
1716 1867 1825 1922 τῶν
1856 1869 1914 1923 ἐν

321 1958 480 2030 αὐτῷ
509 1958 773 2028 ἀστέρων,
800 1956 868 2022 ἀς
914 1957 1064 2028 λέγει
1097 1959 1205 2013 τῶν
1248 1959 1721 2031 ἀπρολογούντων
1752 1955 1911 2024 εἶναι,

2027 760 2223 830 primo,
2262 763 2520 825 secundo,
2562 762 2721 815 tertio
2745 771 2800 815 et
2852 771 3047 831 quarto
3096 763 3365 831 capitibus
3420 779 3610 834 repre-

2026 853 2263 907 hendere
2288 868 2384 909 eos
2438 854 2528 923 qui
2578 853 2779 907 coelum
2832 868 2953 908 esse
2997 853 3278 923 globosum
3338 865 3609 923 statuunt,

2026 944 2220 1013 21οθ
2255 944 2349 998 sed
2394 942 2656 1012 ejusmodi
2704 958 3049 1014 nequaquam
3090 948 3424 1016 argumentis
3453 949 3607 1001 adbi-

2024 1035 2177 1097 bitis.
2257 1051 2383 1105 quae
2427 1037 2787 1107 redarguendi
2848 1038 2955 1092 vim
3007 1039 3265 1094 habeant.
3318 1040 3609 1097 Globosam

2023 1141 2158 1180 vero
2189 1126 2421 1182 formam
2482 1129 2621 1184 caelo
2654 1132 2956 1186 concedere
3018 1145 3305 1201 propterea
3367 1148 3614 1202 recusat,

2024 1220 2167 1288 quod
2199 1217 2369 1274 fatum
2399 1237 2465 1275 ex
2512 1221 2604 1275 tali
2646 1223 2912 1291 positione
2989 1224 3177 1277 induci
3222 1234 3392 1295 putet,
3436 1242 3611 1295 quan-

2024 1327 2185 1381 quam
2226 1314 2367 1367 nulla
2414 1314 2466 1367 id
2509 1315 2902 1371 demonstratio
2940 1327 3251 1386 extorquet.
3282 1317 3396 1372 Non
3440 1321 3610 1383 enim,

2024 1401 2069 1455 si
2094 1401 2288 1456 cadum
2334 1402 2609 1473 globcsum
2639 1406 2728 1469 sit,
2768 1422 2895 1461 mox
2935 1408 3101 1461 etiam
3150 1406 3317 1461 fatum
3361 1423 3613 1481 necessa-

2024 1490 2106 1544 rio
2151 1492 2389 1560 ponitur.

2093 1581 2261 1639 Porto
2312 1584 2630 1639 vicesimum
2667 1585 2916 1655 quintum
2951 1597 3005 1642 et
3036 1599 3247 1645 sextum
3280 1590 3453 1660 'caput
3486 1592 3613 1662 pias

2022 1675 2267 1728 continet
2330 1675 2593 1743 rationes,
2655 1678 2751 1732 sed
2808 1693 2928 1747 quze
2992 1679 3059 1733 ad
3126 1684 3608 1750 reprehensionem

2021 1765 2277 1833 subjecta:
2310 1766 2630 1837 hypotltesis
2661 1770 2828 1824 robur
2852 1787 2957 1825 non
2997 1772 3133 1826 adeo
3161 1789 3411 1842 magnum
3464 1792 3608 1846 prae-

2022 1856 2220 1913 ferant.
2251 1860 2492 1929 Septimo
2515 1860 2707 1916 dehinc
2736 1875 2790 1916 et
2831 1864 3090 1917 vicesimo
3127 1866 3193 1918 de
3230 1866 3390 1931 caelo,
3429 1869 3604 1938 deque

2020 1949 2136 2018 ejus
2167 1952 2357 2015 stellis,
2409 1953 2759 2022 opinionibus
2819 1955 2975 2025 (quas
3025 1957 3427 2028 astrologorum
3484 1974 3611 2016 esse

321 2048 455 2104 οὐτε
483 2048 684 2114 ταύτας
733 2048 862 2121 [546
901 2048 995 2121 Η.]
1043 2049 1349 2122 ἀκιϐδήλως
1399 2050 1651 2121 προάγει,
1678 2050 1773 2105 καὶ
1819 2050 1913 2115 τὰς

2022 2042 2121 2113 ait)
2154 2043 2351 2107 allatis,
2408 2053 2462 2100 et
2491 2061 2595 2099 non
2649 2047 2786 2102 satis
2830 2049 2975 2115 ipsas
3017 2048 3229 2104 sincere
3278 2053 3516 2117 adducit,
3551 2062 3612 2108 et

322 2141 451 2194 κατ’
482 2140 663 2194 αὐτῶν
707 2141 1084 2212 ἐπιχειρήσεις
1134 2138 1257 2193 οὐτε
1316 2141 1743 2206 ἀποδεικτικὰς,
1789 2141 1918 2196 ἀλλ’

323 2231 452 2285 οὐδὲ
486 2231 575 2284 διὰ
603 2230 699 2285 τοῦ
730 2230 957 2285 πιθανοῦ
992 2230 1234 2285 δείκνυσι
1262 2231 1583 2303 προῖούσας.
1611 2231 1685 2286 Τὸ
1727 2232 1785 2285 δὲ
1831 2247 1917 2305 κη⁹

324 2322 467 2395 πρὸς
490 2322 589 2387 τὰς
613 2323 783 2387 αὐτὰς
813 2323 1169 2395 ἐνιστάμενον
1200 2322 1355 2389 δόξας
1401 2324 1468 2378 δι’
1502 2325 1617 2377 [σου
1666 2324 1763 2396 μὲν
1806 2324 1917 2379 τῶν

323 2415 657 2482 ἀποδείξεων
697 2415 1004 2482 διαπίπτει,
1030 2416 1091 2468 οὐ
1128 2415 1315 2486 μέντοι
1343 2433 1409 2485 γε
1432 2415 1528 2469 καὶ
1555 2416 1647 2469 τοῦ
1684 2416 1915 2470 πιθανοῦ

320 2504 711 2578 διαμαρτάνει.
731 2506 821 2558 Ἐν
853 2504 911 2559 65
940 2505 1019 2575 τῷ
1051 2505 1133 2559 κθ¹
1175 2505 1332 2575 φησι,
1374 2504 1495 2569 πῶς
1524 2504 1624 2576 τὴν
1654 2506 1783 2575 ὅλην
1814 2505 1917 2575 γῆν

320 2599 407 2662 είς
436 2598 526 2652 ίσα
550 2598 695 2669 μέρη
724 2599 836 2660 τοῖς
868 2596 1078 2650 δώδεκα
1109 2596 1569 2668 καταμερίζοντες
1597 2596 1829 2661 ζωδίοις,
1849 2597 1918 2651 τὰ

326 2691 433 2763 μὲν
465 2693 733 2763 τμήματα
764 2693 866 2761 τῆς
909 2689 1015 2761 γῆς
1046 2690 1142 2743 καὶ
1180 2690 1305 2754 τούς
1354 2693 1412 2744 ἐν
1443 2690 1624 2754 αὐτοῖς
1653 2690 1817 2761 δῆλον.
1839 2690 1918 2743 oi-

319 2784 559 2848 κοῦντας
586 2786 667 2849 είς
707 2784 941 2838 ἕκαστον
990 2783 1387 2854 ἀφωρισμένως
1434 2783 1763 2855 ἀναφέρουσι
1806 2782 1917 2836 τῶν

322 2877 562 2941 ζωδίων,
596 2878 692 2930 καὶ
722 2875 1049 2931 ὑποκεῖσθαι
1088 2874 1189 2946 μέν
1220 2874 1291 2927 τὰ
1315 2875 1414 2944 τῆς
1440 2875 1545 2945 γῆς
1577 2875 1718 2947 μέρη
1739 2912 1755 2937 ,
1789 2876 1914 2927 ἐπι-

320 2964 544 3019 κεῖσθαι
585 2965 643 3019 δὲ
684 2965 793 3019 τῶν
838 2964 1045 3029 ζωδίων
1085 2966 1315 3019 ἕκαστον
1362 2964 1517 3037 δίκην
1567 2966 1800 3037 νεφέλης
1848 2971 1913 3040 τῇ

320 3056 687 3128 ἀφωρισμένη
725 3056 893 3129 μοίρᾳ
945 3058 1048 3127 τῆς
1100 3059 1205 3128 γῆς
1240 3057 1917 3130 ἐποχούμενον.Ἐν,κινήο

324 3167 414 3203 σει
440 3149 548 3221 γὰρ
576 3148 696 3203 κατ’
728 3150 926 3214 αὐτοὺς
953 3152 1194 3220 διηνεκεῖ
1214 3151 1308 3205 τοῦ
1332 3152 1587 3222 οὐρανίου
1620 3152 1784 3206 πόλου
1821 3170 1917 3221 φε-

322 3240 581 3313 ρομένου,
607 3242 701 3294 καὶ
728 3244 1258 3313 συμπεριαγομένων
1284 3243 1435 3313 αὐτῷ
1454 3242 1563 3297 τῶν
1590 3243 1655 3315 ιβ’
1682 3243 1913 3313 ζωδίων,

2020 2152 2147 2206 quae
2173 2148 2363 2192 contra
2411 2140 2630 2195 easdem
2682 2142 2889 2210 profert
2938 2154 3277 2212 argumenta,
3318 2160 3383 2199 ea
3430 2160 3610 2214 neque

2018 2230 2425 2287 demonstrandi
2455 2234 2560 2287 vim
2595 2235 2796 2290 habere
2822 2251 2995 2304 neque
3018 2238 3207 2292 saltem
3234 2239 3379 2294 veris
3405 2240 3603 2294 similia

2017 2338 2319 2394 proponere
2349 2323 2617 2380 videntur.
2641 2323 2759 2379 Jam
2806 2326 3120 2382 vicesimqu
3155 2340 3404 2384 octavum
3445 2340 3609 2401 caput

2018 2417 2279 2473 adversus
2330 2417 2549 2473 easdem
2595 2418 2879 2487 opiniones
2916 2420 3225 2491 insurgens,
3256 2438 3354 2492 per
3372 2424 3608 2479 similem

2018 2511 2236 2578 quidem
2276 2510 2685 2566 demonstrandi
2727 2513 2997 2567 rationem
3031 2514 3322 2581 delabitur,
3364 2518 3458 2571 sed
3495 2532 3605 2572 non

2018 2602 2091 2657 ita
2165 2602 2328 2657 etiam
2400 2603 2533 2657 illud
2604 2603 2669 2657 ad
2731 2604 3012 2659 verisimili
3059 2609 3296 2661 aberrat.
3346 2608 3603 2664 Proximo

2017 2705 2196 2748 autem
2252 2693 2422 2751 refert
2488 2694 2852 2769 [Astrologos]
2917 2708 3117 2752 terram
3172 2700 3485 2755 universam
3547 2703 3601 2756 in

2016 2787 2302 2842 duodecim
2346 2804 2528 2857 aequas
2567 2798 2751 2856 partes
2803 2803 2904 2858 pro
2940 2789 3059 2859 pari
3102 2790 3381 2861 signorum
3438 2793 3606 2847 cude-

2028 2879 2192 2933 stium
2229 2894 2455 2935 numero
2484 2880 2803 2950 partientes,
2837 2880 3079 2951 singulas
3122 2892 3280 2936 terra:
3311 2884 3607 2952 sectiones,

2019 2987 2126 3024 una
2175 2986 2295 3025 cum
2335 2987 2520 3027 carum
2571 2971 2783 3039 incolis,
2822 2973 2896 3027 ita
2948 2974 3167 3029 deﬁnite
3201 2975 3397 3045 cuique
3446 2979 3607 3047 signo

2016 3064 2349 3131 attribuere,
2395 3076 2457 3119 ut
2514 3075 2673 3120 terra:
2724 3067 2968 3135 partibus
3038 3068 3295 3135 subjectis
3355 3068 3605 3139 singula,

2024 3152 2232 3215 zodiaci
2264 3152 2416 3223 signa
2443 3153 2778 3219 incumbant,
2823 3167 2983 3224 atque
3011 3155 3187 3211 instar
3206 3158 3415 3213 nebula:
3441 3175 3607 3229 supra

2017 3243 2296 3297 deﬁnitam
2332 3254 2491 3299 terrae.
2529 3256 2738 3314 partem
2778 3246 3132 3302 devehantur.
3164 3250 3236 3302 At
3276 3264 3399 3322 cum
3440 3252 3603 3305 etiam

320 3332 587 3386 ἀδύνατον
610 3333 670 3386 τὸ
696 3334 827 3387 αὐτὸ
852 3335 951 3403 τῆς
979 3335 1082 3406 γῆς
1112 3335 1200 3388 διὰ
1230 3335 1430 3399 παντὸς
1452 3335 1667 3407 ἐπέχειν
1693 3337 1912 3409 τμῆμα,

2019 3349 2084 3389 ex
2112 3336 2327 3390 illorum
2376 3337 2670 3402 sententia,
2709 3349 2967 3408 perpetuo
2996 3340 3194 3393 coelum
3225 3351 3370 3395 motu
3399 3342 3607 3397 feratur

320 3425 465 3481 ἀλλά
490 3426 829 3496 παραλλάξει
869 3427 971 3497 μὲν
1020 3427 1163 3480 κατὰ
1208 3428 1308 3498 τὴν
1354 3429 1577 3498 πορείαν
1606 3429 1701 3483 τοῦ
1750 3431 1913 3484 πόλου

2022 3443 2237 3499 unaque
2264 3444 2385 3482 cum
2418 3428 2535 3496 ipso
2560 3441 2613 3484 ct
2638 3431 2922 3484 duodecim
2950 3432 3099 3501 signa
3126 3432 3566 3503 circumaguntur
3586 3477 3607 3504 ,

318 3518 555 3572 ἕκαστον
583 3517 775 3583 ζὼδιον
807 3518 987 3572 πάντα
1024 3519 1097 3572 τά
1135 3519 1401 3590 τμήματα
1430 3520 1529 3590 τῆς
1560 3521 1661 3591 γῆς
1681 3561 1697 3587 ,
1726 3521 1916 3574 ἄλλοτε

323 3610 427 3680 μὲν
456 3610 543 3662 ἐπ’
579 3609 846 3680 ἀνατολῆς
876 3610 946 3675 ⁷⁸,
986 3610 1176 3663 ἄλλοτε
1215 3611 1272 3664 65
1302 3612 1395 3665 ἐπὶ
1424 3611 1576 3664 δύσιν
1595 3651 1611 3674 ,
1641 3611 1831 3667 ἄλλοτε
1859 3614 1916 3668 δὲ

318 3701 421 3754 ἐπὶ
443 3701 795 3773 μεσημόρίαν
823 3706 890 3774 τῇ
917 3702 1147 3774 οὐρανίᾳ
1176 3704 1390 3771 κινήσει
1418 3703 1914 3775 συμπεριδινούμε-

319 3812 437 3861 νον,
470 3795 570 3849 καὶ
617 3797 718 3850 οὐκ
765 3798 851 3865 ἐφ’
882 3797 961 3851 ἐνί
988 3814 1093 3851 τινι
1125 3797 1646 3869 στηριζόμενον.Ἐξ
1671 3794 1731 3854 οὗ
1772 3817 1913 3869 συμ-

318 3886 503 3942 ϐαίνει
532 3887 640 3941 τῶν
668 3886 935 3952 ζωδίωντθ
967 3890 1197 3943 ἕκαστον
1221 3890 1374 3945 οὐδὲν
1406 3886 1571 3961 ἧττον
1602 3891 1667 3945 τὸ
1697 3879 1909 3962 ἀφωρι-

318 3978 522 4049 σμένον
552 3979 652 4046 τῆς
681 3982 784 4050 γῆς
817 3980 1038 4050 ἐπέχειν
1082 3984 1278 4053 τμῆμα
1305 3982 1338 4053 ἢ
1367 3981 1429 4035 τὸ
1468 3981 1913 4054 ἁλλότριον.“’Δλ-

316 4070 432 4134 λως
457 4088 517 4124 τε
564 4071 621 4125 δέ
663 4073 711 4124 εί
740 4073 864 4126 κατ’
892 4073 1089 4137 αὐτοὺς
1121 4076 1154 4145 ἡ
1184 4075 1257 4144 γῆ
1293 4076 1518 4145 κέντρου
1554 4077 1650 4131 καὶ
1683 4078 1911 4147 σημείου

315 4160 484 4228 λόγον
525 4162 713 4231 ἐπέχει
748 4165 886 4234 πρὸς
931 4164 1024 4217 τὸν
1069 4164 1319 4235 οὐρανὸν,
1358 4166 1586 4221 καὶτῶν
1616 4166 1821 4230 ζωδίων
1856 4167 1916 4221 ἓν

315 4252 608 4308 ὁποιονοῦν
628 4253 705 4325 τῷ
727 4271 786 4307 τε
815 4255 1011 4310 πλάτει
1033 4258 1129 4310 καὶ
1152 4257 1320 4328 μήκει
1345 4258 1747 4313 πολλαπλάσιόν
1767 4263 1914 4313 ἐστιν

315 4344 519 4415 αὐτῆς,
549 4345 665 4409 πῶς
692 4340 803 4398 οἷόν
843 4345 904 4398 τέ
947 4348 1096 4400 ἐστιν
1139 4347 1370 4403 ἕκαστον
1397 4351 1507 4404 τῶν
1535 4350 1915 4422 δωδεκατημο-

318 4437 459 4509 ρίων
494 4436 595 4506 τῆς
630 4438 730 4508 γῆς
762 4437 978 4510 ἐκάστῳ
1004 4440 1114 4494 τῶν
1159 4439 1365 4503 ζωδίων
1399 4443 1695 4515 ἰσομοιρεῖν
1726 4462 1783 4496 τε
1820 4445 1915 4498 καὶ

317 4529 863 4599 συμπαρατείνεσθαι
892 4530 987 4584 καὶ
1016 4532 1104 4585 διὰ
1132 4533 1290 4587 τοῦτο
1322 4534 1422 4605 τὴν
1455 4534 1731 4590 οἱκείωσιν
1768 4536 1912 4607 ἔχειν

310 4620 463 4691 ίπρδς
494 4621 654 4686 αὐτό;
681 4622 792 4675 Καὶ
820 4621 941 4675 τότε
972 4624 1080 4676 οὐδ’
1103 4626 1277 4696 αὐτῆς
1303 4628 1431 4697 ὅλης
1454 4629 1789 4702 οἰκουμένης
1813 4632 1912 4702 τῆς

2020 3520 2135 3575 ﬁeri
2170 3520 2319 3576 nullo
2352 3522 2511 3576 modo
2540 3538 2697 3591 posse
2732 3521 2939 3594 [docet]
2966 3534 3025 3576 ut
3051 3524 3293 3579 eamdem
3330 3526 3417 3580 illa
3446 3538 3607 3583 terrae

2018 3613 2312 3667 sectionem
2349 3624 2613 3683 perpetuo
2642 3614 2945 3682 obtineant,
2973 3617 3064 3671 sed
3099 3618 3478 3687 pertransibit,
3504 3622 3604 3690 ait,

2012 3703 2168 3774 juxta
2201 3706 2321 3760 coeli
2367 3721 2713 3774 progressum
2770 3722 2960 3763 onmes
3006 3720 3168 3765 terra:
3211 3712 3480 3767 sectiones
3528 3716 3605 3768 si-

2016 3812 2179 3866 gnum
2210 3798 2505 3866 quodlibet,
2532 3801 2657 3853 dum
2689 3800 2823 3855 alias
2854 3804 2920 3856 ad
2952 3812 3153 3873 ortum,
3175 3806 3310 3862 alias
3342 3810 3411 3862 ad
3442 3824 3606 3864 occa-

2016 3903 2134 3942 sum
2182 3890 2334 3957 solis,
2372 3890 2612 3961 aliasque
2649 3894 2716 3947 ad
2763 3894 3046 3949 meridiem
3082 3913 3186 3952 una
3238 3915 3359 3953 cum
3394 3902 3605 3956 caelesti

2015 3987 2165 4035 motu
2201 3980 2610 4052 circumagitur,
2640 3992 2696 4039 et
2727 4000 2998 4056 nunquam
3028 3990 3079 4043 iu
3111 4006 3215 4044 una
3256 3992 3433 4061 aliqua
3481 4010 3603 4049 sec-

2018 4070 2163 4127 tione
2233 4072 2398 4128 ﬁxum
2433 4087 2635 4132 manet.
2688 4075 2843 4132 Unde
2876 4079 2934 4133 ﬁt
2966 4090 3024 4134 nt
3055 4081 3262 4150 singula
3296 4085 3447 4154 signa
3494 4102 3604 4145 non

2016 4165 2198 4219 minus
2221 4164 2363 4220 illam
2395 4166 2497 4221 sibi
2535 4168 2815 4223 delinitam
2861 4181 3021 4226 terra:
3057 4176 3351 4231 sectionem
3388 4188 3601 4246 regant,

2015 4270 2175 4321 quam
2204 4257 2460 4313 alienam.
2491 4259 2661 4327 Adde,
2694 4260 2739 4314 si
2763 4263 3059 4318 secundmn
3076 4282 3259 4320 eorum
3292 4270 3599 4338 opinionem

2016 4362 2161 4402 terra
2191 4349 2363 4403 centri
2395 4365 2459 4406 ac
2511 4354 2696 4420 puncti
2742 4355 3009 4410 rationem
3047 4359 3208 4413 habet
3261 4362 3327 4413 ad
3374 4362 3597 4427 «mlunt,

2014 4448 2069 4494 et
2111 4441 2389 4509 quodlibet
2440 4444 2720 4498 zodiacum
2750 4446 2960 4514 signum
3006 4463 3127 4502 cum
3156 4450 3462 4515 latitudine,
3483 4462 3595 4507 tum

2013 4530 2351 4603 longitudine
2382 4535 2571 4591 multis
2597 4539 2845 4606 partibus
2878 4549 2981 4605 est,
3028 4556 3187 4609 quam
3221 4542 3332 4608 illa,
3370 4544 3543 4613 majus
3577 4562 3592 4599 :

2013 4623 2107 4693 qui
2141 4623 2259 4679 ﬁeri
2316 4626 2537 4680 omnino
2584 4638 2779 4695 putest.
2828 4638 2885 4683 ut
2921 4630 3176 4697 quaelibet
3220 4632 3594 4690 duodenarum

314 4710 450 4782 γῆς,
481 4712 624 4766 κατὰ
650 4713 707 4766 δέ
734 4713 796 4767 τὸ
829 4714 1099 4782 πλεῖστον,
1121 4717 1184 4769 τὸ
1217 4718 1315 4787 μὲν
1340 4719 1429 4772 διὰ
1461 4721 1743 4793 καύματος
1768 4724 1829 4777 τὸ
1849 4723 1905 4777 δέ

2019 4726 2171 4773 terrae
2204 4719 2437 4787 partium
2462 4719 2740 4788 signorum
2802 4721 3023 4777 cuilibet
3056 4739 3119 4777 ex
3168 4740 3322 4794 aequo
3363 4742 3594 4796 respou-

312 4803 412 4858 διὰ
458 4803 663 4874 ψύχους
708 4806 1038 4878 ὑπερϐολὴν,
1068 4808 1373 4880 ἀνθρώπων
1424 4810 1593 4881 οὔσης
1626 4814 1906 4883 ἀοικήτου,

312 4895 418 4949 καὶ
440 4895 721 4959 παντελῶς
754 4896 849 4950 ἀπ’
878 4897 1056 4967 ἀρχῆς
1090 4900 1503 4971 ἀφωρισμένης.
1534 4903 1600 4957 Εί
1625 4904 1683 4958 δὲ
1716 4904 1791 4976 μὴ
1817 4923 1908 4959 το-

314 4985 501 5049 πικῶς
530 4986 638 5039 τῶν
668 4987 769 5058 τῆς
800 4986 909 5057 γῆς
935 4988 1241 5060 τμημάτων
1270 4984 1340 5044 τά
1363 4991 1532 5055 ζῴδια
1561 4998 1785 5065 κρατεῖν
1808 4997 1910 5049 λέ·-

312 5092 493 5145 γοιεν,
531 5077 665 5147 μηδέ
712 5077 1012 5146 σωματικῷ
1043 5079 1266 5149 μεγέθει
1297 5081 1438 5135 κατά
1474 5083 1536 5136 τὸ
1566 5083 1712 5153 ἔχειν
1742 5085 1912 5156 αὐτῆς

311 5169 384 5223 τὸ
416 5168 638 5235 πλάτος,
656 5169 783 5242 [669
811 5169 907 5243 R.]
940 5171 1075 5224 ἀλλὰ
1088 5172 1133 5203 ⁸⁸
1166 5175 1411 5242 φυσικῶς
1435 5175 1645 5246 χαίρειν
1675 5176 1905 5232 ἕκαστον

311 5257 431 5314 τῶν
463 5259 669 5324 ζωδίων
698 5260 914 5331 ἑκάστῳ
958 5262 1120 5333 μέρει
1162 5262 1263 5332 τῆς
1292 5263 1394 5334 γῆς
1414 5306 1427 5330 ,
1466 5266 1734 5335 περιττῶς
1769 5268 1906 5339 πρὸς

2009 4809 2154 4872 deat,
2182 4820 2346 4879 atque
2375 4815 2788 4877 coextemlatur,
2825 4829 2889 4867 ac
2922 4827 3204 4884 propterea
3237 4820 3399 4873 etiam
3420 4817 3596 4875 aﬁini-

2008 4909 2173 4955 tatem
2212 4901 2355 4955 illam
2388 4918 2510 4956 cmn
2538 4918 2605 4956 eo
2634 4904 2888 4975 habeat?,
2912 4905 3221 4963 Prtesertim
3261 4927 3385 4965 eum
3417 4928 3593 4983 neque

2010 5000 2153 5047 terra
2180 4995 2432 5048 universa
2460 4994 2532 5049 sit
2558 4996 2891 5062 habitabilis,
2916 4999 3008 5052 sed
3034 5015 3132 5068 pro
3155 5002 3388 5055 maxima
3413 5013 3590 5073 parte.

2010 5098 2122 5154 pm
2153 5084 2319 5138 nimio
2350 5086 2545 5154 partim
2604 5087 2804 5154 calore,
2844 5090 3045 5158 partim
3091 5092 3311 5161 frigore,
3356 5094 3590 5149 habitari

2011 5177 2081 5231 ab
2118 5176 2433 5232 hominibus
2462 5188 2715 5247 nequeat,
2753 5181 2821 5235 ab
2847 5184 3059 5239 caeteris
3097 5185 3224 5241 item
3272 5195 3430 5241 teme
3466 5202 3593 5257 par-

2017 5266 2165 5320 tibus
2188 5263 2301 5333 jam
2328 5266 2463 5321 inde
2500 5281 2530 5320 a
2566 5270 2831 5340 principio
2861 5274 3078 5342 penitus
3129 5274 3405 5330 distincta.
3435 5276 3589 5344 Quod

1620 5403 1860 5459 VARUE
1905 5402 2314 5462 JECTIONES.

392 5489 441 5520 "
470 5488 760 5561 ἀνατολῆς]
791 5490 900 5545 ἱιιιο
927 5491 1215 5564 ἀνατολήν.
1292 5494 1335 5525 ⁷⁸
1367 5493 1649 5561 ξώδων,ιιι
1681 5496 1838 5563 solet,
1873 5497 1913 5549 A

2019 5496 2062 5528 ⁸ο
2089 5494 2225 5549 ἀλλὰ
2275 5494 2411 5565 μηδὲ
2442 5511 2569 5564 φυσ.
2594 5511 2655 5559 ς.

1851 5636 2086 5693 NOTAE.

1851 5636 1895 5691 N
1948 5637 2086 5693 TAS.

395 5722 511 5796 (6|)
539 5723 778 5781 Ἕνδεκα
808 5722 1109 5795 legendum,
1146 5734 1206 5783 ut
1236 5725 1473 5785 calculus
1496 5728 1763 5799 quadret:
1790 5635 2058 5787 ηἰείῗίιιιιο
2090 5730 2397 5802 insequenti
2441 5732 2757 5791 vicesimum
2784 5743 2945 5806 caput
2981 5735 3204 5794 Photius
3252 5738 3513 5798 omiserit.
