4032 6458
516 300 625 366 839

1668 286 1933 349 ΡΗΟΤΙῘ
1972 282 2479 345 ιἈΤῖἶῙΛῘῖΟΗᾹΞ
2515 282 2626 344 CP.

3616 298 3706 367 8&0

512 416 559 471 si
591 429 697 469 non
726 412 939 468 ratione
977 408 1118 467 situs
1137 405 1363 478 singulis
1402 414 1560 460 terra:
1588 403 1919 458 sectionibus
1939 401 2082 470 signa

2194 398 2262 453 τά
2289 399 2389 471 σχή
2398 408 2543 469 ματα
2564 396 2676 451 τῶν
2698 394 2907 462 ζωδίων
2927 394 3021 448 καὶ
3049 394 3153 465 γῆς
3181 395 3375 464 τόπους
3397 400 3708 477 hominum,

515 507 782 574 imperare
800 500 1055 565 dixerint,
1082 513 1256 567 neque
1280 498 1488 552 ratione
1517 506 1793 563 corporeae
1821 492 2095 563 magnitu-

515 597 675 659 dinis,
692 596 844 663 quasi
865 604 1019 647 terrae
1035 593 1287 645 nimirum
1305 589 1537 643 habeant
1553 583 1980 654 amplitudinem,
2000 582 2093 639 sed

514 703 692 757 neque
719 686 921 756 211a
943 683 1153 737 ratione
1173 692 1379 736 natura:
1396 678 1628 747 gaudere
1654 674 1895 747 singulas
1921 671 2092 743 signi-

2198 490 2322 553 ταῖς
2356 487 2456 558 μὲν
2481 486 2577 541 τοῦ
2605 487 2866 558 καρκίνου
2901 484 3093 558 χηλαῖς
3123 485 3313 557 ἐξοχάς
3347 506 3491 555 τινας
3528 500 3612 553 καὶ
3636 504 3715 559 ιχ.

2197 579 2383 641 τάσεις
2413 577 2571 641 ἐκτὸς
2593 576 2691 630 τοῦ
2718 576 2843 631 ὅλου
2891 575 3178 645 μεγέθους,
3205 580 3317 642 τοῖς
3338 578 3395 634 δέ
3428 584 3516 637 τοῦ
3544 591 3715 663 ταύρου

2198 671 2396 742 κέρασι
2426 668 2522 723 καὶ
2564 671 2680 732 τοῖς
2721 667 2883 722 ποσὶν
2911 668 3132 741 ἐτέρους
3154 668 3236 738 τῷ
3260 670 3358 741 τῆς
3388 672 3583 743 φύσεως
3609 687 3720 754 σχῇ.

520 779 620 834 feri
659 790 838 848 partes
883 775 1110 845 singulis
1140 783 1298 828 terrae
1332 773 1596 840 partibus,
1641 769 1837 823 frustra
1871 763 2082 819 omnino

2201 775 2332 831 ματι
2360 758 2800 831 παραπλησίους.

514 871 669 941 juxta
704 870 905 941 ﬁguras
946 872 1246 939 signorum,
1269 866 1431 921 etiam
1464 873 1619 918 terra:
1650 863 1765 917 loca
1785 857 2116 915 distribuunt
2152 872 2168 909 :
2202 861 2262 908 ut
2314 864 2441 908 cum
2485 852 2666 907 cancri
2719 849 2890 908 ehelis
2947 850 3064 906 sive
3101 850 3387 923 forcipibus
3458 860 3724 923 eminentes

514 965 774 1035 quasdam
826 974 986 1032 atque
1044 969 1395 1031 exporrectas
1446 966 1601 1012 extra
1652 957 1817 1011 totius
1886 946 2081 1006 molem
2117 958 2297 1019 partes
2330 946 2636 1003 attribuunt
2666 967 2682 1002 -.
2712 957 2769 1004 et
2795 944 2936 1002 tauri
2965 961 3180 1002 rursum
3235 950 3485 1008 cornibus
3533 970 3592 1011 ac
3643 974 3725 1028 pe-

515 1057 673 1113 dibus
701 1056 805 1109 alia
839 1056 1085 1125 quaedam
1139 1055 1277 1117 loca,
1313 1067 1433 1121 quae
1473 1052 1692 1120 prepius
1730 1049 1798 1103 ad
1858 1042 2166 1101 naturalem
2194 1042 2388 1097 horum
2426 1040 2652 1112 ﬁguram
2695 1039 2981 1096 accedant.

594 1151 795 1204 Adhaec
825 1147 917 1221 [si]
955 1148 1162 1218 singula
1206 1146 1450 1217 signiferi
1478 1146 1629 1215 signa
1665 1142 1893 1213 singulis
1924 1151 2084 1195 terra:

517 1240 872 1302 sectionibus,
903 1241 977 1293 ita
1025 1249 1229 1292 naturae
1256 1237 1468 1291 ratione
1499 1236 1788 1304 gaudeant,
1824 1242 1883 1286 ut
1910 1241 1966 1285 et
1996 1230 2088 1285 la:-

520 1336 653 1389 dant
682 1331 799 1401 ejus
822 1341 1005 1401 partes
1036 1346 1101 1384 ac
1137 1329 1352 1387 vitient.
1399 1329 1481 1381 vel
1516 1338 1673 1382 terra:
1704 1325 1959 1392 motibus,
2005 1325 2090 1379 vel

2255 1136 2377 1189 Ἔτι
2402 1136 2471 1204 ,δὲ
2501 1137 2551 1189 εί
2582 1135 2763 1207 χαίρει
2799 1135 2909 1188 τῶν
2952 1134 3160 1199 ζωδίων
3201 1135 3433 1190 ἕκαστον
3488 1145 3713 1209 φυσικῶς

2185 1229 2401 1301 ἑκάστῳ
2443 1229 2597 1301 μέρει
2637 1228 2741 1297 τῆς
2784 1227 2911 1297 γῆς,
2941 1226 3038 1281 καὶ
3090 1226 3319 1297 βλάπτει
3365 1227 3462 1297 μὲν
3490 1232 3652 1302 αὐτῆς
3674 1237 3736 1290 τὰ

2189 1321 2329 1392 μέρη
2360 1323 2455 1375 καὶ
2484 1320 2739 1388 ἀφανίζει
2777 1319 2811 1390 ἢ
2849 1322 3091 1389 σεισμοῖς
3113 1319 3159 1351 ⁸¹
3191 1319 3225 1390 ἢ
3258 1319 3515 1390 πολέμοις
3541 1322 3574 1392 ἢ
3603 1340 3729 1395 πυρ.

518 1427 697 1483 bellis.
721 1424 802 1477 vel
826 1422 964 1493 ignis
986 1421 1402 1484 vastationibus,
1430 1419 1512 1473 vel
1543 1417 1852 1478 sterilitate,
1878 1417 2082 1486 quoties

2189 1413 2485 1483 πολήσεσιν
2530 1413 2564 1484 ἢ
2628 1411 2883 1482 ἀφορίαις
2937 1410 3237 1465 κακοποιοῦ
3291 1412 3542 1480 φανέντος
3594 1416 3739 1468 τοῦθ

521 1514 816 1583 malignum
864 1513 1079 1583 aliquod
1129 1514 1277 1566 sidus
1327 1520 1573 1581 apparet,
1604 1520 1657 1565 et
1688 1521 1873 1566 contra
1906 1509 2082 1580 juvent

2193 1504 2441 1577 ἀστέρος,
2471 1504 2674 1573 ὠφελεί
2699 1502 2756 1555 δέ
2786 1502 2853 1555 τά
2894 1502 3130 1572 μέγιστα
3157 1501 3268 1555 τῶν
3310 1502 3640 1569 ἀγαθοποιῶν
3672 1524 3743 1560 τι-

519 1607 776 1670 maxime,
830 1603 1186 1672 agricultura,
1232 1602 1608 1667 aedificatione,
1655 1603 1922 1669 ubertate,
1968 1600 2082 1653 dum

2191 1613 2283 1660 νος
2322 1598 2404 1660 είς
2438 1595 2570 1650 αὐτὸ
2614 1596 2939 1668 ἐρχομένου,
2968 1595 3280 1665 γηπονίαις,
3317 1595 3610 1667 εὐφορίαις,
3636 1599 3739 1666 πῶς

519 1691 813 1760 benignum
847 1690 1065 1758 aliquod
1110 1690 1262 1743 sidus
1293 1689 1359 1742 ad
1392 1704 1487 1743 eas
1519 1687 1798 1755 defertur;
1828 1687 2082 1757 quomodo

2192 1687 2299 1740 είσι
2325 1688 2481 1740 τόποι
2498 1686 2584 1741 διά
2614 1687 2815 1757 κρύους
2842 1684 2876 1757 ἢ
2903 1685 3139 1749 θάλπους
3166 1684 3471 1758 ὑπερϐολὴν
3497 1687 3584 1741 διὰ
3617 1705 3743 1743 παν-

518 1783 707 1837 adhtec
754 1781 871 1836 loca
914 1781 1160 1850 quaedam
1205 1782 1569 1847 reperiuntur,
1605 1796 1723 1850 quae
1757 1781 1826 1836 ob
1870 1780 2082 1835 nimium

2191 1779 2283 1843 τὸς
2337 1780 2558 1833 πάντων
2608 1777 2828 1849 ἔρημοι,
2883 1778 2973 1831 καὶ
3020 1776 3143 1830 οὔτε
3198 1777 3529 1846 ἀγαθοποιδς
3578 1781 3745 1845 αὐτοῖς

519 1873 635 1928 sive
676 1871 871 1942 frigus,
900 1872 1017 1926 sive
1050 1873 1283 1924 calorem
1314 1872 1538 1925 omnino
1571 1870 1787 1925 deserta
1834 1880 2082 1940 perpetuo

2191 1870 2377 1939 ἀφεῖλε
2433 1869 2532 1941 τὴν
2579 1870 2838 1940 ἐρημίαν,
2873 1870 3115 1940 παρέσχε
3143 1868 3201 1923 δὲ
3228 1869 3332 1939 τὴν
3376 1870 3665 1939 εὐκρασίαν
3683 1870 3744 1937 υ.

520 1972 807 2018 remanent
850 1980 863 2016 :
908 1978 1083 2033 neque
1140 1961 1225 2016 vel
1278 1962 1577 2017 beneﬁcum
1629 1961 1847 2030 aliquod
1885 1971 2088 2014 astrum

520 2056 735 2110 sublata
786 2054 1083 2110 solitudine
1119 2055 1433 2121 temperiem
1482 2054 1633 2109 hisce
1668 2054 1866 2116 attulit,
1903 2054 1986 2107 vel
2023 2053 2089 2107 ad

519 2147 847 2202 habitabiles
896 2148 1043 2201 locos
1084 2147 1373 2216 malignum
1425 2148 1637 2213 signum
1684 2148 2001 2212 ascendens,
2036 2147 2088 2200 in

519 2254 725 2294 meram
757 2253 852 2293 eos
875 2238 1219 2293 solitudinem
1257 2255 1320 2293 ac
1350 2240 1653 2292 vastitatem
1703 2238 1948 2309 redegit?
1978 2236 2088 2292 Etsi

518 2333 661 2385 enim
688 2332 775 2386 hic
804 2332 1132 2401 contigerint
1161 2331 1453 2400 aliquando
1479 2332 1775 2398 eluviones,
1805 2331 1887 2385 vel
1926 2345 2088 2399 gran-

518 2424 707 2477 dinum
752 2435 844 2477 aut
880 2423 1161 2476 fulmintttn
1190 2423 1354 2484 ictus,
1383 2424 1583 2492 quibus
1628 2436 1689 2475 ea
1725 2436 1842 2490 qua!
1877 2420 1929 2475 in
1957 2421 2089 2490 ipsis

519 2524 664 2578 sunt,
695 2515 971 2583 perirent;
1009 2524 1248 2569 attamen
1278 2514 1591 2584 συμμετρία
1616 2529 1801 2567 rursus
1828 2513 1943 2568 hzec
1969 2513 2087 2567 loca

517 2604 585 2658 ad
629 2607 928 2661 naturalem
963 2606 1264 2661 ubertatem
1298 2607 1535 2671 reduxit,
1570 2622 1691 2660 cum
1727 2606 1830 2661 illis
1856 2606 2088 2660 desertis

516 2710 791 2764 nunquam
840 2695 1055 2765 aliquod
1101 2696 1363 2751 hactenus
1405 2694 1531 2749 felix
1563 2706 1768 2751 astrum
1805 2695 2085 2766 profuerit.

518 2786 626 2840 Sed
651 2797 844 2840 natura
882 2789 1134 2841 nimirum
1170 2788 1397 2854 obtinet,
1428 2803 1550 2841 cum
1598 2788 1651 2840 in
1682 2787 2084 2852 solitudinibus,

517 2889 629 2931 tum
682 2879 1023 2948 ubicunque,
1055 2896 1159 2934 non
1203 2880 1392 2934 eadem
1432 2879 1517 2933 illa
1568 2882 1728 2934 rebus
1772 2879 2020 2935 omnibus
2055 2894 2085 2934 a

516 2970 626 3025 Deo
662 2972 850 3037 indita,
882 2984 938 3025 ut
982 2988 1154 3040 neque
1187 2972 1363 3041 pluvia
1392 2972 1465 3026 ibi
1494 2972 1708 3026 decidat
1736 2972 1824 3027 ubi
1860 2987 1956 3040 per
1989 2987 2086 3025 na—

515 3068 691 3111 turam
726 3073 831 3112 non
887 3058 1050 3120 solet,
1098 3074 1273 3127 neque
1320 3060 1535 3113 nivibus
1570 3075 1805 3128 unquam
1858 3060 1945 3113 illa
1995 3074 2087 3113 ca-

512 3157 688 3213 reant,
723 3164 1060 3219 quaecunque
1096 3151 1354 3204 iunnania
1388 3151 1497 3220 pati
1549 3149 1749 3220 frigora
1790 3166 2086 3206 consueve-

2191 1962 2313 2016 οὔτε
2341 1962 2470 2025 τοὺς
2496 1962 2827 2032 οίκησίμους
2856 1963 3055 2025 τόπους
3078 1958 3374 2023 κακοποιὸς
3402 1956 3574 2023 οὐδεὶς
3596 1962 3746 2031 ἐπεμ-

2190 2053 2393 2107 ϐαίνων
2438 2051 2549 2106 τῶν
2605 2053 2813 2117 ζωδίων
2850 2053 2932 2116 είς
2962 2051 3200 2121 παντελῆ
3236 2050 3475 2121 ἐρημίαν
3496 2051 3589 2104 καὶ
3616 2053 3746 2120 ἀφα-

2189 2144 2379 2216 νισμὸν
2432 2143 2871 2215 μετεσκεύασενς
2903 2145 2952 2197 εί
2983 2144 3093 2213 7&9
3122 2144 3217 2196 καὶ
3244 2142 3489 2211 γένοιντο
3513 2142 3637 2215 [547
3663 2144 3745 2218 ιι]

2190 2236 2565 2305 κατακλυσμοὶ
2596 2234 2629 2305 ἦ
2667 2236 2910 2306 χαλάζης
2964 2236 2998 2307 ἢ
3054 2235 3338 2307 κεραυνῶν
3376 2235 3553 2304 βολαὶ,
3597 2237 3660 2289 τά
3699 2240 3750 2290 ὲν

2189 2330 2373 2391 αὐτοῖς
2423 2327 2797 2397 ἀφανίζοντες,
2828 2328 2945 2380 ἀλλ’
2976 2328 3009 2399 ἠ
3040 2328 3358 2398 συμμετρία
3405 2327 3571 2382 πάλιν
3598 2328 3675 2392 εἰς
3698 2329 3750 2383 τὸ

2189 2422 2332 2477 κατὰ
2359 2421 2517 2490 φύσιν
2543 2421 2772 2493 εὔφορον
2802 2421 2997 2485 αὐτοὺς
3024 2422 3366 2493 ἐπανήγαγε.
3392 2421 3535 2485 Τοὺς
3561 2422 3617 2475 δέ
3639 2422 3753 2493 ἐρή-

2193 2532 2323 2585 μους
2344 2515 2544 2577 τόπους
2587 2514 2741 2567 οὔπω
2773 2531 2858 2578 τις
2890 2513 3171 2584 ὠφέλησεν
3198 2513 3538 2583 ἀγαθοποιὺς
3569 2515 3749 2585 ἀστὴρ,

2191 2608 2306 2661 ἀλλ’
2340 2609 2373 2678 ἡ
2411 2607 2572 2676 φύσις
2610 2608 2803 2677 κρατεί
2854 2607 2948 2660 καὶ
2973 2607 3031 2660 ἐν
3058 2606 3326 2677 ἐρημίαις
3362 2606 3462 2661 καὶ
3486 2606 3749 2677 πανταχοῦ

2192 2700 2343 2769 παρὰ
2391 2698 2530 2752 Θεοῦ
2560 2701 2671 2761 τοῖς
2705 2697 2824 2752 οὖσι
2862 2698 3138 2769 διαφόρως
3165 2698 3417 2764 δοθεῖσα,
3446 2699 3543 2751 καὶ
3567 2697 3676 2751 οὔτ’
3695 2696 3753 2751 ἂν

2188 2789 2341 2852 ὑετὸς
2388 2787 2741 2859 κατενεχθείη
2770 2790 2905 2842 ὅπου
2948 2791 3023 2859 μὴ
3059 2789 3336 2857 πέφυκεν,
3376 2787 3492 2842 οὔτ’
3522 2788 3588 2842 ἂν
3622 2804 3758 2859 νιφε-

2186 2880 2297 2934 τῶν
2350 2879 2694 2950 ἀπαλλαγείη
2749 2880 2819 2933 τὰ
2867 2881 2954 2934 διὰ
2997 2881 3196 2943 παντὸς
3232 2880 3479 2951 φέροντα
3528 2878 3754 2950 κρυμρῦς

2185 2971 2429 3043 ἀγρίους.
2472 2970 2535 3025 Εἰ
2560 2970 2617 3024 δὲ
2642 2972 2774 3025 αὐτὸ
2814 2971 2915 3042 τῆς
2941 2972 3051 3025 τῶν
3083 2971 3269 3025 τόπων
3299 2970 3527 3042 φύσεως
3552 2969 3614 3024 τὸ
3637 2971 3758 3041 ἐμι-

2183 3063 2450 3134 τάϐλητον
2497 3063 2696 3134 δεῖγμα
2730 3063 3068 3133 λαμϐάνουσι
3121 3061 3214 3115 τοῦ
3276 3064 3500 3133 χαίρειν
3546 3062 3758 3115 ἕκαστον

2186 3158 2380 3222 ζώδιον
2410 3155 2629 3225 ἑκάστῳ
2659 3156 2813 3225 μέρει
2841 3158 2968 3225 γῆς,
3007 3157 3065 3208 αἱ
3093 3154 3202 3207 ἀπὸ
3232 3152 3516 3225 εὐφοριῶν
3538 3155 3617 3216 είς
3641 3154 3761 3221 ἀφο-

513 3253 658 3294 runt.
690 3241 840 3306 Quod
890 3246 934 3295 si
982 3242 1073 3310 qui
1113 3241 1339 3295 forsitan
1395 3240 1787 3295 immutabilem
1836 3242 1976 3295 hunc
2029 3242 2081 3295 in

2188 3251 2308 3321 ρίας
2342 3248 2637 3318 μεταϐολαὶ
2686 3248 2782 3301 καὶ
2818 3250 2865 3301 ot
2895 3247 3110 3317 σεισμοὶ
3154 3246 3215 3300 τὸ
3252 3246 3562 3316 λεγόμενον
3592 3246 3760 3306 αὐτοῖς

510 3334 749 3388 locorum
790 3343 983 3388 natura
1031 3334 1277 3389 ordinem
1311 3348 1411 3403 pro
1457 3333 1661 3388 indicio
1706 3346 1870 3404 atque
1923 3350 2086 3402 argu-

510 3440 699 3488 mento
729 3437 1032 3493 assumant,
1079 3430 1223 3498 quod
1262 3426 1471 3496 singula
1508 3426 1751 3497 signiferi
1788 3427 1941 3497 signa
1974 3428 2087 3482 sin-

508 3524 648 3590 gulis
691 3534 850 3578 terra:
880 3521 1125 3590 partibus
1156 3521 1466 3588 gaudeant:
1498 3528 1645 3572 certe
1690 3518 1983 3573 fertilitatis
2032 3519 2084 3573 in

509 3616 856 3670 sterilitatem
884 3613 1358 3676 commutationes,
1391 3623 1658 3680 terraeque
1686 3610 1856 3680 ipsius
1882 3618 2082 3677 motus,

510 3708 837 3763 imbecillum
866 3722 991 3762 esse
1016 3706 1208 3759 horum
1239 3713 1619 3775 argumentum
1659 3703 1789 3757 satis
1822 3710 2078 3772 arguunt.

506 3796 641 3851 Nam
667 3799 766 3853 etsi
795 3798 1030 3853 felicium
1058 3797 1299 3852 locorum
1328 3805 1815 3865 temperamentum
1841 3805 2080 3864 persaepe

506 3890 753 3958 perierit,
806 3889 1156 3945 solitudinum
1195 3897 1375 3942 tamen
1408 3886 1781 3942 inhabitabilis
1810 3886 2079 3955 asperitas

506 3994 782 4048 nunquam
818 3979 1100 4032 immutata
1146 3985 1253 4031 est.
1288 3975 1409 4031 Hrec
1462 3976 1625 4046 igitur
1657 3976 1742 4031 illa
1781 3987 1906 4031 sunt
1957 3988 2079 4045 quae

2184 3342 2407 3404 ἀσθενὲς
2437 3339 2803 3410 διελέγχουσι·
2835 3339 2946 3393 τῶν
3000 3340 3100 3409 μὲν
3132 3338 3244 3408 7&9
3303 3338 3540 3406 ἀγαθῶν
3593 3339 3759 3391 τόπων

2183 3433 2444 3496 πολλάκις
2490 3430 2762 3502 ἠφανίσθη
2787 3430 2847 3482 τὸ
2881 3428 3169 3501 εὔκρατον,
3195 3430 3311 3482 τῶν
3336 3429 3397 3482 δὲ
3430 3431 3658 3500 ἐρήμων
3688 3428 3763 3480 οὐ·

2180 3518 2460 3571 δεπώποτε
2509 3517 2820 3589 μετεϐλήθη
2851 3517 2912 3569 τὸ
2943 3517 3133 3587 ἄγριον
3183 3519 3282 3570 καὶ
3334 3520 3624 3589 ἀοίκητον.
3653 3518 3762 3571 Τῶν

2186 3610 2285 3681 μὲν
2316 3608 2409 3662 οῦν
2440 3611 2499 3662 ἐν
2550 3608 2628 3677 τῷ
2655 3609 2698 3660 λ’
2729 3608 3010 3678 κεφαλαίῳ
3052 3609 3152 3661 ὅσα
3183 3607 3246 3660 τὸ
3301 3608 3611 3662 ἀκόλουθόν
3658 3624 3764 3669 πως

2188 3700 2329 3773 μετὰ
2359 3701 2451 3753 τοῦ
2486 3698 2713 3754 πιθανοῦ
2746 3695 2881 3769 εἶχε,
2942 3699 3113 3753 ταῦτά
3159 3701 3277 3754 ἐστι
3301 3716 3316 3730 ·
3346 3700 3463 3755 τῶν
3505 3700 3553 3754 δ’
3600 3699 3762 3754 ἄλλων

2184 3793 2276 3876 τά⁸
2309 3792 2407 3863 μὲν
2435 3794 2547 3855 τοῖς
2596 3790 2930 3862 προλαϐοῦσι
2961 3791 3281 3859 κεφαλαίοις
3315 3793 3672 3863 προείρηται,
3704 3790 3765 3844 τὰ

2183 3884 2241 3939 δὲ
2299 3885 2439 3937 κατά
2477 3882 2539 3935 τὸ
2581 3882 2906 3953 φαινόμενον
2937 3882 3136 3954 μᾶλλον
3166 3884 3263 3936 καὶ
3292 3883 3632 3939 ἐπιπόλαιον
3693 3882 3764 3935 δι-

2186 3973 2537 4029 εσκεύασται.

507 4068 782 4123 tricesimo
824 4068 1000 4135 capite
1044 4066 1120 4120 ita
1164 4075 1483 4132 tractantur,
1519 4077 1579 4121 ut
1631 4070 2076 4137 consequentiam
2118 4069 2358 4139 aliquam
2411 4075 2470 4119 et
2521 4063 2958 4135 probabilitatem
3018 4064 3277 4130 habeant,
3350 4076 3559 4120 caetera
3623 4080 3762 4132 vero,

504 4160 704 4230 partim
733 4159 1000 4229 capitibus
1045 4158 1187 4212 dicta
1221 4167 1347 4213 sunt
1378 4161 1830 4228 praecedentibus,
1879 4163 2075 4231 partim
2118 4164 2172 4218 in
2209 4161 2443 4232 speciem
2472 4160 2733 4214 duntaxat
2756 4160 3080 4214 exteriorem
3116 4158 3390 4213 instructa
3424 4160 3699 4216 videntur.

575 4254 645 4307 At
672 4253 846 4323 primo
888 4262 943 4305 et
978 4252 1254 4307 tricesimo
1300 4256 1482 4323 capite
1527 4256 1924 4326 astrologorum
1956 4259 2077 4328 opi-
2109 4262 2157 4320 ι)

502 4343 721 4398 nionem
766 4343 1117 4403 labefactans.
1162 4343 1234 4397 ita
1267 4345 1498 4412 qumrit:
1530 4344 1640 4398 Cur
1675 4346 1882 4401 zodiaci
1920 4349 2073 4417 signa

499 4436 797 4489 errantium
828 4434 1111 4489 stellarum
1137 4436 1325 4490 domos
1357 4436 1665 4505 appellant?
1690 4437 1773 4492 An
1805 4438 1929 4506 quia
1962 4440 2076 4495 hare

500 4526 555 4580 in
606 4526 746 4581 coelo
791 4527 893 4580 ﬁxa
926 4527 1097 4580 sunt?
1147 4526 1288 4598 Ergo
1345 4536 1615 4597 quotquot
1662 4529 1911 4584 similiter
1966 4531 2071 4585 fixa

500 4627 720 4672 manent
764 4627 936 4681 astra,
968 4619 1205 4685 ipsorum
1235 4633 1388 4687 reque
1433 4620 1625 4674 domus
1658 4620 1879 4675 fuerint.
1914 4620 2067 4689 Non;

455 4740 463 4747 ι
500 4709 592 4760 sed
623 4709 749 4774 quia
792 4721 895 4761 non
929 4710 1233 4763 errantium
1273 4708 1554 4763 stellarum
1590 4712 1847 4781 quaslibet
1874 4711 2072 4782 gaudet

498 4800 693 4869 211i;
738 4810 975 4854 errante.
1010 4800 1148 4867 Quin
1188 4803 1350 4871 igitur
1390 4813 1445 4857 et
1499 4802 1727 4873 planetae
1785 4804 2066 4874 signorum

500 4890 703 4945 zodiaci
764 4893 957 4946 domus
1020 4893 1399 4961 appellantur?
1458 4894 1740 4961 Quomodo
1784 4910 1887 4948 non
1941 4896 2068 4950 item

497 4986 689 5037 domus
730 4982 958 5035 invicem
992 4994 1115 5037 sunt
1162 4984 1391 5037 beneﬁci
1428 4986 1783 5054 prosperique
1816 4985 2067 5055 planetae,

495 5082 551 5127 et
583 5072 814 5127 maleﬁci
842 5091 857 5127 :
896 5074 1006 5127 imo
1035 5082 1089 5126 et
1117 5089 1238 5143 qua:
1264 5075 1365 5129 sibi
1400 5087 1590 5130 mutuo
1621 5076 1908 5130 familiaria
1943 5086 2069 5131 sunt

495 5163 705 5219 zodia’ci
760 5166 933 5235 signa.
974 5164 1031 5218 Si
1089 5178 1219 5219 vero
1274 5176 1580 5235 propterea,
1633 5168 1774 5237 quod
1827 5169 1979 5237 signa
2036 5182 2068 5223 ο

496 5258 685 5313 multis
735 5266 1129 5337 componantur
1183 5258 1375 5321 stellis,
1420 5274 1542 5313 cum
1595 5260 1789 5329 singuli
1837 5260 2065 5329 planetae

492 5352 654 5405 unius
690 5350 903 5419 generis
946 5349 1084 5415 sint;
1126 5364 1252 5404 mox
1290 5349 1454 5404 etiam
1485 5350 1781 5419 quamlibet
1831 5352 2059 5405 lixarum

2267 4258 2355 4310 Ἐν
2379 4256 2435 4310 δὲ
2462 4254 2540 4325 τῷ
2565 4254 2647 4307 λα’
2675 4254 2925 4324 διαπορεῖ
2954 4253 3053 4324 τὴν
3077 4252 3187 4306 τῶν
3222 4254 3591 4325 ἀστρολόγων
3616 4256 3763 4322 δόξαν

2171 4345 2444 4410 διασείων,
2481 4345 2575 4397 καί
2624 4359 2778 4413 φησι·
2815 4342 2916 4395 Διὰ
2942 4344 2996 4396 τί
3046 4342 3155 4413 7&9
3210 4343 3391 4407 ζώδια
3448 4347 3638 4412 οἴκους
3666 4349 3766 4401 τῶν

2169 4437 2455 4507 πλανήτων
2484 4434 2742 4488 καλοῦσιν
2766 4452 2781 4500 ;
2816 4431 2905 4506 ἆρ’
2935 4435 3019 4487 ὅτι
3050 4435 3301 4504 πέπηγεν
3317 4436 3373 4467 ⁸⁸
3402 4438 3467 4489 ὲν
3502 4438 3585 4509 τῷ
3610 4439 3765 4509 069a-

2166 4528 2282 4599 νῷ;
2330 4528 2427 4581 καὶ
2465 4526 2670 4590 πάντες
2724 4525 2832 4595 ἄρα
2886 4527 2937 4579 οί
2983 4525 3186 4596 ὁμοίως
3231 4529 3572 4597 πεπηγότες
3637 4524 3766 4584 οἶκοι

2166 4617 2444 4670 Εσονται¹¹¹⁵
2473 4617 2697 4672 τούτων.
2747 4616 2885 4670 Ἀλλ’
2917 4617 2999 4671 ὅτι
3050 4616 3330 4672 κινοῦνται
3373 4621 3762 4692 οί.πλάνητες;

2167 4708 2263 4762 καὶ
2289 4707 2433 4761 οὕτω
2466 4709 2628 4761 πάλιν
2656 4708 2858 4772 πάντες
2890 4710 2939 4761 οί
2963 4710 3281 4779 πεπηγότες
3304 4708 3464 4767 οἶκοι
3496 4715 3570 4769 ἂν
3590 4716 3767 4769 αὐτῶν

2168 4801 2359 4871 εἴησαν
2404 4799 2654 4863 εἰκότως.
2696 4799 2836 4854 Ἀλλ’
2889 4801 2970 4854 ὅτι
3020 4801 3129 4854 τῶν
3188 4802 3463 4858 ἀπλανῶν
3541 4808 3768 4871 ἕκαστος

2166 4891 2348 4961 χαίρει
2385 4890 2461 4960 τῷ
2491 4890 2726 4960 πλάνητι
2762 4910 2777 4957 ;
2811 4890 2898 4944 διὰ
2930 4892 2985 4945 τί
3021 4889 3117 4946 οὖν
3155 4893 3230 4963 μὴ
3266 4896 3371 4949 καὶ
3405 4898 3460 4949 οἱ
3494 4899 3771 4969 πλάνητες

2167 4978 2308 5034 οἶκοι
2345 4981 2455 5034 τῶν
2486 4981 2694 5046 ζωδίων
2725 4998 2739 5048 ;
2773 4983 2890 5046 πῶς
2924 4984 2981 5037 δὲ
3016 4984 3089 5055 μὴ
3118 4985 3375 5054 ἀλλήλων
3424 4984 3577 5042 οἶκοι
3610 4989 3768 5043 πάλιν

2167 5074 2218 5125 οἱ
2252 5072 2570 5140 ἀγαθοποιοὶ
2595 5073 2864 5143 πλάνητες
2886 5076 2980 5128 καὶ
3009 5079 3058 5130 oi
3096 5079 3421 5145 nexo-must,
3462 5081 3567 5134 καὶ
3599 5083 3682 5135 ἔτι
3706 5081 3771 5134 τά

2165 5162 2414 5233 ἀλλήλοις
2448 5162 2706 5233 χαίροντα
2725 5164 2770 5195 ⁸⁸
2798 5164 2919 5218 τῶν
2945 5164 3189 5234 ζωδίων;
3223 5168 3270 5221 εί
3308 5168 3361 5221 δ’
3394 5170 3495 5224 ὅτι
3553 5171 3626 5224 τά
3673 5172 3771 5241 μὲν

2160 5254 2326 5319 ζώδια
2360 5253 2644 5322 σύγκειται
2682 5255 2747 5307 ἐκ
2771 5256 2999 5323 πολλῶν,
3035 5258 3264 5323 ἕκαστος
3296 5260 3360 5313 δὲ
3394 5262 3521 5315 τῶν
3559 5263 3771 5333 πλανή-

2166 5363 2274 5398 των
2315 5346 2619 5417 μονοειδὴς,
2653 5347 2749 5401 καὶ
2790 5350 3030 5421 ἑκάστην
3064 5350 3311 5406 σύνθεσιν
3343 5353 3471 5409 τῶν
3508 5353 3769 5410 ἀπλανῶν

1780 5528 2015 5584 VARUE
2061 5528 2465 5588 LECTIONES.

560 5650 601 5680 ⁸⁸
628 5650 659 5719 ἢ
682 5660 806 5705 ante
841 5651 1085 5718 σεισμοῖς
1132 5663 1242 5701 om.
1277 5649 1343 5700 Α.
1449 5648 1493 5679 δ’
1517 5646 1610 5699 τοῦ
1643 5662 1752 5719 om.
1792 5648 1860 5702 C.

488 5718 612 5776 add.
650 5717 758 5776 AC.
833 5720 879 5752 ⁸⁸
906 5717 1163 5790 χαίροντα
1199 5729 1254 5774 et
1292 5732 1414 5774 mox
1448 5719 1573 5780 τοὺς
1596 5717 1696 5772 add
1727 5720 1790 5770 A.

1978 5647 2023 5680 ⁸³
2054 5648 2323 5718 ἀκρασίαν
2352 5666 2412 5713 ς.

2513 5647 2559 5679 ⁸⁸
2608 5646 2696 5716 ἀρ’
2750 5645 2845 5700 οὖν
2895 5648 2977 5703 ὅτι
3025 5666 3085 5715 ς.
3194 5651 3239 5684 ⁸⁸
3258 5651 3492 5709 ἔσονται
3527 5645 3776 5706 -οῐκοι
