4032 6454
296 424 394 486 Sr’tl

1332 422 1855 482 BIBLIOTHECA.
1882 448 1951 455 —
1986 422 2148 482 COD.
2182 423 2491 482 CCXXIII.

3440 427 3550 495 8&2

289 540 439 597 οἷκον
493 540 768 610 ὀφείλουσι
811 542 984 593 ποιεῖν
1020 539 1131 593 τῶν
1160 539 1485 609 πλανήτων·
1528 539 1725 600 πολλὰς
1756 539 1866 609 γὰρ

1978 542 2251 593 stellarum
2302 541 2754 610 compositionem
2817 545 3156 613 planetarum
3211 547 3550 603 constituere

288 635 358 688 ἄν
399 651 485 696 τις
524 634 677 703 εὖροι
731 632 1027 698 συνθέσεις,
1062 631 1343 702 βουληθεὶς
1382 630 1585 697 ζητεῖν,
1634 631 1730 683 καὶ
1758 630 1868 683 τῶν

290 727 470 780 ἄλλων
500 723 777 778 ἀπλανῶν.
814 725 875 776 Ei
900 724 955 776 δὲ
985 722 1066 778 ὅτι
1112 722 1247 794 μόνα
1271 721 1340 775 τὰ
1374 723 1541 787 ζώδια
1592 724 1707 784 τοῖς
1738 722 1869 775 πλά-

287 830 448 886 νησιν
485 816 567 874 είς
598 815 668 868 τὰ
700 816 1120 885 ἀποτελέσματα
1169 817 1439 886 συνεργεῖ,
1470 814 1558 867 διὰ
1578 814 1631 866 τί
1660 814 1735 885 μὴ
1773 814 1869 867 καὶ

284 910 330 962 οἱ
364 908 642 976 πλάνητες
670 900 809 959 οἶκοι
840 907 948 960 τῶν
982 907 1188 971 ζωδίων
1220 908 1609 977 συνεργοῦντες
1644 906 1866 972 αύτοῖς;

287 1002 335 1053 εί
363 999 420 1053 δὲ
452 999 587 1051 διότι
621 998 720 1062 τὰς
759 999 871 1051 τῶν
904 999 1111 1063 ζωδίων
1160 998 1442 1069 ἐνεργείας
1487 998 1580 1051 καὶ
1631 998 1869 1065 ἀκύρους

290 1092 384 1143 καὶ
433 1092 681 1157 ὲνεργεῖς
723 1090 976 1142 δύνανται
1035 1090 1232 1152 ποιεῖν,
1278 1087 1407 1160 [672
1448 1087 1540 1159 R.]
1592 1087 1707 1151 πῶς
1746 1087 1870 1155 οὐχὶ

294 1185 394 1234 καὶ
421 1180 663 1250 ἀλλήλων
699 1177 838 1234 οἶκοί
873 1183 1000 1240 εἱσι,
1034 1182 1147 1241 τοῖς
1187 1180 1437 1249 ἀλλήλων
1467 1178 1869 1247 ἀποτελέσμασι

298 1275 391 1325 καὶ
422 1272 579 1339 κῦρος
606 1272 700 1325 καὶ
723 1272 1017 1324 κατάλυσιν
1048 1272 1301 1338 ἐπάγειν,
1330 1270 1404 1332 ὥς
1439 1286 1627 1338 φασιν,
1662 1270 1870 1339 ἰσχύον-

305 1379 412 1427 ssc;
446 1361 557 1424 πῶς
588 1363 646 1415 δὲ
685 1363 820 1432 μόνα
852 1363 922 1415 τὰ
951 1361 1117 1426 ζώδια
1145 1365 1257 1423 τοῖς
1288 1361 1529 1430 πλάνησι
1579 1363 1866 1429 ωνεργείς

295 1450 403 1523 ἄρα
432 1452 661 1521 μάταιός
716 1453 864 1504 ἐστιν
912 1455 940 1505 ὁ
985 1452 1169 1515 λοιπὸς
1218 1452 1327 1504 τῶν
1357 1450 1618 1504 ἀπλανῶν
1664 1452 1866 1521 χορός;

291 1544 405 1605 πῶς
448 1544 505 1595 δὲ
544 1544 672 1606 τοὺς
715 1542 994 1611 πλάνητας
1046 1544 1398 1612 ἀγαθοποιεῖν
1425 1543 1520 1596 καὶ
1555 1546 1869 1596 κακοποιεῖν

285 1634 424 1695 ὅλως
455 1633 715 1686 δύνασθαί
750 1651 948 1702 φασιν;
980 1630 1090 1704 ἆρα
1131 1633 1217 1687 διὰ
1250 1635 1310 1685 τὸ
1343 1633 1647 1699 κινεῖσθαις
1674 1632 1869 1685 οὐκοῦν

286 1724 394 1776 τῶν
424 1723 489 1794 ιβ’
523 1724 728 1789 ζωδίων
765 1725 922 1778 οὐδὲν
961 1724 1085 1777 οὔτε
1122 1726 1517 1793 ἀγαθοποιήσει
1545 1723 1669 1777 οὔτε
1698 1741 1867 1776 κακο-

285 1816 537 1883 ποιήσει·
579 1815 692 1867 ἀλλ’
730 1815 850 1867 ούδέ
897 1832 982 1877 τις
1019 1815 1177 1878 ἄλλος
1231 1815 1340 1868 τῶν
1383 1814 1662 1869 ἀπλανῶν.
1704 1816 1766 1867 Εἰ
1810 1814 1868 1867 δὲ

1974 631 2194 684 domum
2226 634 2481 700 astrologi
2510 645 2799 702 coguntur.
2829 635 3023 691 Multas
3044 637 3213 701 enim,
3251 638 3342 707 qui
3400 638 3553 693 inve-

1974 722 2179 791 stigare
2207 722 2354 787 velit,
2402 725 2565 777 etiam
2606 726 2834 780 aliarum
2867 726 3096 782 lixarum
3133 726 3554 796 compositiones

1973 815 2226 879 reperiat.
2248 812 2344 868 Sin
2380 815 2524 884 quod
2569 816 2729 871 nullas
2764 829 2960 887 prteter
3006 820 3213 873 zodiaci
3263 820 3417 885 signa
3447 835 3550 873 una

1973 919 2094 957 cum
2141 904 2374 970 planetis
2413 905 2640 962 effectus
2685 908 2882 963 fatales
2910 920 3246 979 operentur,
3294 924 3395 965 cur
3445 926 3587 985 non}

1970 1005 2025 1047 et
2048 994 2276 1063 planetze
2305 996 2501 1051 domus
2529 1007 2657 1053 sunt
2688 1000 2966 1068 signorum
2991 1000 3322 1067 cmlestium,
3357 1015 3552 1071 quem-
3584 1024 3587 1027 ι

1973 1085 2261 1139 admodum
2316 1100 2440 1140 cum
2503 1088 2608 1143 illis
2637 1104 2742 1142 una
2777 1092 3112 1157 operantur?
3143 1090 3239 1145 Sin
3270 1090 3409 1147 forte
3436 1106 3554 1161 pro-
3582 1084 3583 1091 “

1974 1187 2159 1245 pterea
2198 1178 2343 1245 quod
2376 1180 2655 1245 signorum
2698 1182 3006 1237 ctelestium
3048 1185 3394 1251 operationes
3424 1197 3554 1250 pos-

1973 1269 2083 1323 sint
2113 1269 2343 1337 planetae
2373 1281 2462 1323 aut
2510 1272 2716 1335 irritas,
2760 1282 2853 1327 aut
2880 1273 3130 1329 etllcaces
3164 1274 3365 1338 facere,
3417 1288 3556 1342 quo-

1974 1364 2133 1413 modo
2168 1376 2272 1414 non
2304 1362 2468 1415 etiam
2505 1362 2733 1416 aliorum
2769 1365 2859 1418 alii
2894 1367 3085 1420 domus
3113 1376 3262 1430 sunt,
3287 1364 3550 1435 quemad-

1972 1454 2192 1506 modum
2227 1462 2443 1507 mutuos
2463 1451 2715 1519 effectus,
2743 1462 2804 1508 nt
2844 1456 2920 1509 illi
2954 1455 3217 1521 fatentur,
3249 1468 3303 1510 et
3330 1465 3477 1509 ratos
3499 1463 3556 1509 et

1972 1544 2159 1598 irritos
2192 1545 2417 1599 reddere
2446 1546 2684 1613 queunt?
2725 1544 3005 1611 Quomodo
3053 1546 3182 1600 item
3231 1546 3345 1600 sola
3381 1544 3553 1615 signi-

1972 1636 2075 1692 feri
2118 1630 2270 1707 s'igna
2312 1637 2548 1706 planetis
2591 1641 2995 1710 cooperantur?
3029 1639 3166 1694 Num
3225 1656 3553 1709 supervaca-

1972 1743 2109 1782 neus
2135 1738 2217 1783 est
2246 1729 2488 1799 reliquus
2534 1730 2764 1785 lixarum
2797 1734 3005 1787 costus!
3043 1732 3325 1798 Quomodo
3360 1733 3552 1787 adhzec

1974 1819 2220 1887 planetas
2265 1831 2357 1875 ant
2416 1822 2662 1892 §benigne
2716 1823 2920 1889 facere,
2990 1834 3081 1878 ant
3140 1840 3340 1879 nocere
3385 1840 3548 1892 posse

284 1906 445 1971 διότι,
475 1906 631 1976 φησὶ,
659 1906 727 1959 δι’
755 1907 934 1960 αύτῶν
962 1906 1284 1977 πορεύονται
1305 1908 1355 1959 οί
1382 1908 1674 1977 πλάνητες,
1697 1906 1872 1975 πολλῷ

1980 1911 2277 1965 asserunt?
2314 1926 2379 1965 an
2408 1924 2631 1980 propter
2678 1925 2884 1967 motum
2910 1916 2932 1967 ?
2960 1913 3177 1967 Nullum
3224 1915 3387 1983 igitur
3417 1930 3447 1968 e
3470 1927 3548 1968 xu

287 1995 494 2062 μᾶλλον
553 1997 609 2049 αἱ
662 1994 830 2059 ζῶναι
890 1996 986 2049 καὶ
1036 1999 1087 2050 οἱ
1134 1997 1230 2050 τοῦ
1285 1998 1448 2069 ἀέρος
1479 1999 1661 2055 τόποι.
1694 1998 1761 2050 δι’
1794 1992 1869 2052 ὧν

286 2084 555 2149 ὁδεύουσι,
593 2085 688 2138 τοῦ
741 2086 1052 2140 καλοποιεῖν
1102 2088 1198 2140 καὶ
1253 2089 1571 2140 κακοποιεῖν
1636 2088 1869 2157 δύναμιν

286 2174 504 2239 έξουσιν
525 2193 538 2206 ’
567 2176 797 2245 ούρανοῦ
829 2176 959 2247 γὰρ,
990 2178 1048 2231 ὲν
1080 2170 1124 2245 ᾧ
1161 2179 1211 2230 οί
1242 2178 1535 2248 πλάνητες,
1583 2172 1867 2249 οὐμενοῦν,

287 2266 365 2330 ὥς
394 2285 525 2335 φασι
555 2309 571 2333 ,
630 2268 809 2339 πολλῷ
855 2270 1149 2337 κατωτέρω
1174 2271 1324 2334 ὄντες
1351 2271 1450 2341 οὐχ
1485 2272 1769 2326 ἅπτονται.
1805 2273 1869 2324 Τί

287 2357 344 2410 δὲ
381 2358 443 2427 δή
485 2376 615 2412 ποτε
651 2361 849 2432 σελήνη
905 2362 1005 2432 μὲν
1047 2363 1109 2415 τὸ
1144 2362 1427 2433 μειοῦσθαι
1485 2364 1583 2417 καὶ
1621 2364 1870 2429 αὐξάνειν

287 2448 572 2519 ὑπομένει,
607 2452 716 2504 τῶν
736 2452 780 2504 δ’
807 2453 982 2507 ἄλλων
1014 2454 1304 2525 πλανήτων
1330 2455 1737 2525 προποδισμοὺς
1776 2456 1870 2509 καὶ¹

285 2545 630 2611 στηριγμοὺς
657 2545 752 2597 καὶ
795 2545 1198 2615 ἀναποδισμοὺς
1227 2548 1564 2616 εἰσάγοντες,
1589 2549 1739 2619 ἥλιον
1770 2551 1867 2601 καὶ

286 2634 523 2704 σελήνην
551 2636 650 2705 τῆς
680 2635 937 2707 τοιαύτης
968 2637 1094 2708 [548
1122 2638 1218 2710 Η.]
1250 2640 1618 2708 παλιντρόπου
1662 2640 1870 2708 πλάνης

286 2725 608 2797 ἐλευθέρους
660 2728 858 2794 ὲῶσιν;
902 2730 997 2783 καὶ
1048 2732 1094 2782 εί
1158 2732 1501 2801 μικροφανὴς
1556 2734 1585 2785 ὁ
1632 2732 1866 2800 Κρόνος,

286 2816 496 2885 μείζων
532 2870 547 2897 ³
590 2818 664 2882 ὥς
729 2838 858 2888 φασι
899 2862 913 2885 ,
954 2822 1062 2874 τῶν
1117 2823 1297 2876 ἄλλων
1350 2824 1612 2895 ὑπάρχων
1666 2825 1870 2894 πλανή-

292 2925 416 2971 των,
464 2911 547 2961 ὅτι
594 2910 800 2965 τούτων
869 2911 1140 2983 ἀνώτερον
1200 2914 1470 2985 διατρέχει
1530 2915 1749 2980 κύκλον,
1782 2916 1871 2968 διὰ

284 3001 339 3052 τί
377 2999 580 3070 μείζων
613 3003 640 3055 ὁ
670 3004 823 3073 ἥλιος
856 3005 955 3074 τῆς
992 3006 1244 3075 σελήνης,
1273 3008 1544 3078 τετάρτην
1573 3006 1670 3061 ἀπ’
1698 3007 1870 3077 αὐτῆς

283 3090 468 3164 ζώνην
493 3094 769 3159 ὲλαύνων;
799 3096 967 3167 ἐχρῆν
1002 3097 1111 3166 γὰρ
1143 3098 1306 3150 αὑτὸν
1329 3098 1512 3169 πολλῷ
1547 3098 1751 3169 ταύτης
1782 3115 1870 3168 μι-

285 3185 547 3258 κρότερον
577 3186 891 3256 φαίνεσθαι.
921 3188 1084 3241 Ὥστε
1115 3190 1293 3241 πάντα
1323 3190 1493 3260 ψευδῆ
1524 3191 1616 3242 καὶ
1657 3190 1868 3243 πεπλα-

285 3279 487 3346 σμένα,
527 3282 562 3333 ἃ
605 3281 703 3350 τῆς
750 3281 1109 3351 ἀστρολογίας
1160 3283 1209 3334 οἱ
1272 3282 1425 3335 πόνοι
1492 3281 1871 3352 κρατύνουσιν.

282 3372 447 3425 Οὕτω
484 3372 583 3442 μὲν
620 3369 714 3426 οὗν
744 3373 836 3426 καὶ
865 3373 925 3425 τὸ
950 3374 1030 3427 λα’
1062 3374 1382 3440 κεφάλαιον.

1975 2002 2083 2057 illis
2118 2002 2327 2058 zodiaci
2362 2003 2531 2075 signis
2568 2019 2886 2073 prosperum
2931 2007 3036 2059 erit
3087 2005 3173 2058 vel
3216 2006 3545 2060 adversum:

1972 2096 2065 2150 sed
2095 2110 2272 2165 neque
2296 2097 2402 2151 alia
2440 2097 2547 2152 ulla
2576 2114 2679 2153 non
2717 2112 2910 2153 errans
2937 2099 3117 2154 stella.
3161 2098 3255 2153 Sin
3290 2099 3432 2163 ideo,
3463 2099 3548 2153 in-

1972 2188 2112 2255 quit,
2153 2189 2293 2255 quod
2326 2202 2423 2255 per
2476 2188 2567 2242 illa
2605 2190 2932 2257 gradiuntur
2958 2190 3208 2259 planetas,
3240 2189 3349 2256 jam
3381 2190 3549 2242 multo

1974 2278 2159 2346 potius
2194 2279 2307 2332 sive
2330 2294 2497 2345 zonzp,
2539 2280 2652 2333 sive
2682 2281 2821 2333 aeris
2852 2280 2937 2332 illa
2979 2281 3117 2343 loca,
3159 2295 3255 2349 per
3301 2295 3420 2348 quae
3457 2280 3547 2332 isti

1973 2371 2316 2440 gradiuntur,
2347 2372 2489 2426 hanc
2535 2374 2673 2425 bene
2706 2381 2799 2425 aut
2829 2373 2967 2425 male
2995 2375 3185 2442 agendi
3223 2381 3543 2440 potestatem

1973 2460 2267 2516 habebunt.
2318 2459 2505 2532 Neque
2549 2465 2691 2517 enim
2736 2466 2849 2518 haec
2943 2465 3278 2531 planetarum
3325 2463 3546 2527 caelum,

1972 2566 2094 2605 cum
2144 2555 2313 2607 multo
2362 2554 2471 2608 sint
2511 2553 2594 2621 (ut
2648 2554 2823 2617 aiunt)
2869 2553 3150 2618 inferiora,
3205 2554 3547 2621 contingunt.

1972 2643 2242 2709 Quorsum
2282 2646 2496 2700 tandem
2526 2645 2652 2701 luna
2689 2647 2856 2700 minui
2887 2658 3049 2715 atque
3103 2647 3285 2716 augeri
3328 2654 3549 2717 potest:

1971 2745 2026 2789 et
2057 2751 2180 2789 cum
2235 2726 2554 2791 cancrorum
2608 2736 2949 2805 planetarum
3001 2734 3345 2807 progreésns,
3378 2746 3554 2791 status

1976 2829 2138 2893 ﬁxos,
2170 2844 2234 2883 ac
2268 2830 2728 2900 retrogressiones
2763 2831 3058 2896 adducant,
3090 2832 3256 2886 solem
3286 2842 3468 2886 tamen
3501 2839 3556 2885 et

1972 2917 2153 2971 lunam
2179 2920 2245 2971 ab
2289 2920 2390 2973 hoc
2424 2920 2741 2987 retrogrado
2764 2934 2953 2975 errore
2988 2920 3191 2975 liberos
3227 2922 3416 2977 sinunt
3443 2920 3467 2974 l
3490 2920 3559 2974 Et

1972 3009 2018 3065 si
2063 3026 2262 3081 parvus
2297 3011 2390 3081 qui
2432 3011 2644 3066 videtur
2699 3012 2987 3075 Saturnus,
3046 3013 3169 3067 aliis
3219 3022 3401 3067 tamen
3473 3010 3559 3083 (ut

1973 3103 2148 3170 aiunt)
2196 3103 2366 3171 major
2406 3113 2492 3157 est
2542 3104 2793 3171 planetis,
2842 3120 2907 3160 eo
2969 3108 3110 3173 quod
3161 3120 3257 3172 per
3309 3105 3557 3159 altiorem

1975 3194 2161 3246 orbem
2189 3191 2541 3258 obambulet;
2590 3208 2686 3247 cur
2718 3193 2893 3263 major
2946 3194 3071 3248 luna
3130 3209 3291 3263 quam
3337 3194 3437 3258 sol,
3465 3188 3559 3259 qui

1983 3294 2179 3352 quarto
2204 3297 2365 3351 supra
2418 3283 2562 3336 illam
2595 3285 2727 3338 orbe
2758 3284 3003 3338 decurrit
3029 3284 3053 3336 ?
3078 3284 3367 3351 oportebat
3412 3285 3560 3338 enim

1988 3375 2163 3443 ipsum
2194 3376 2362 3428 multo
2389 3374 2476 3427 illa
2526 3376 2788 3429 minorem
2815 3391 3097 3444 apparere.
3150 3375 3329 3443 Quare
3377 3377 3563 3432 omnia

284 3466 422 3521 falsa
464 3480 590 3522 sunt
620 3462 781 3538 atque
808 3471 1063 3532 conticta,
1094 3485 1213 3539 quae
1236 3473 1639 3541 astrologorum
1654 3471 1872 3540 scriptis
1903 3479 2244 3524 astruuntur.
2282 3469 2375 3524 Sic
2414 3471 2628 3540 quidem
2661 3472 2892 3539 primum
2933 3483 2985 3524 et
3017 3473 3347 3527 tricesimum
3400 3483 3564 3545 caput

282 3560 606 3615 absolvitur.

359 3657 437 3710 Τὸ
451 3656 506 3710 δὲ
532 3655 609 3727 λβ⁹
626 3658 669 3690 ⁸⁷
690 3658 842 3711 οὐδὲν
873 3658 982 3711 τῶν
1003 3660 1223 3731 ἀληθῶν
1250 3661 1383 3730 πρὸς
1400 3661 1733 3732 ἀνατροπὴν,
1758 3660 1869 3713 οὐδ’

281 3752 414 3804 ὅσον
444 3754 524 3815 εἰς
558 3753 618 3806 τὸ
655 3755 1000 3822 φαινόμενον,
1051 3755 1357 3825 ἀναγράφει
1380 3773 1393 3786 ο
1430 3756 1544 3808 ἀλλ’
1581 3756 1706 3807 ὅσον
1735 3756 1868 3825 ὁρᾶ·

282 3863 379 3897 ται
426 3845 705 3898 κάνταῦθα
744 3848 868 3908 τοὺς
919 3847 1218 3916 λογισμοὺς
1258 3847 1499 3900 εὐσεϐῶν
1533 3849 1561 3900 ὁ
1603 3846 1764 3916 ἀνὴρ,
1788 3864 1874 3898 το-

288 3936 484 3989 σοῦτον
524 3938 636 4007 ἔχει
675 3939 735 3990 τὸ
765 3939 976 4003 ἄτονον,
1011 3939 1112 3990 ὅσα
1155 3956 1219 4007 γε
1259 3939 1397 4009 πρὸς
1436 3940 1537 4008 τὴν
1565 3939 1874 4007 ἀνασκευὴν

283 4031 392 4099 τῆς
427 4030 655 4100 πλάνης.
710 4032 820 4084 Καὶ
860 4032 921 4084 τὸ
972 4033 1156 4099 τρίτον
1184 4032 1239 4084 δὲ
1285 4033 1378 4085 καὶ
1417 4030 1740 4100 τριακοστὸν
1775 4032 1873 4099 τῆς

283 4123 461 4191 αὐτῆς
506 4125 620 4176 ἐστι
672 4125 814 4177 κατὰ
852 4122 951 4193 τὴν
976 4123 1205 4194 δύναμιν
1238 4123 1411 4186 ἰδέαςο
1441 4123 1477 4176 ἃ
1500 4123 1610 4193 γὰρ
1645 4125 1723 4186 εἰς
1749 4124 1879 4174 ἀνα-

290 4213 504 4284 τροπὴν
527 4216 891 4285 προϐἀλλεται
922 4215 1015 4268 τοῦ
1054 4215 1127 4286 μὴ
1166 4217 1400 4283 σφαῖραν
1427 4210 1568 4266 εἶναι
1592 4216 1684 4265 τὸν
1711 4213 1878 4282 ούρα-

288 4307 406 4370 νὺν,
438 4307 593 4359 κοινὰ
642 4308 706 4360 ἂν
761 4309 1097 4379 ἀπορήματα
1146 4307 1232 4376 εἴη
1292 4307 1385 4360 καὶ
1431 4306 1570 4375 πρὸς
1600 4306 1722 4367 τοὺς
1756 4307 1879 4375 ἡμι-

290 4400 552 4468 σφαίριον
583 4400 745 4453 αὑτὸν
800 4400 1048 4463 τιθέντας
1094 4401 1125 4469 ἦ
1172 4399 1432 4470 καμάραν
1459 4400 1493 4468 ἦ
1526 4416 1574 4449 τι
1611 4398 1739 4451 ἄλλο
1771 4398 1878 4448 τῶν

289 4492 698 4561 παραπλησίων
729 4494 1047 4563 σχημάτων.
1087 4494 1175 4546 Ἐν
1198 4486 1277 4555 οἷς
1307 4494 1399 4544 καὶ
1428 4494 1455 4543 ὁ
1482 4493 1665 4561 τρίτος
1695 4491 1874 4557 λόγος.

378 4758 469 4821 Ἐν
520 4757 574 4809 δὲ
624 4757 703 4829 τῷ
731 4757 775 4811 δ’
811 4756 911 4826 μὲν
938 4757 1105 4827 λόγῳ,
1137 4758 1180 4810 λ’
1210 4759 1266 4810 δὲ
1315 4758 1354 4810 δ’
1393 4758 1676 4829 κεφαλαίῳ
1724 4760 1817 4810 καὶ
1844 4764 1880 4809 ε’

286 4850 395 4904 καί
426 4854 499 4915 ς’,
528 4850 746 4914 διέξεισι
768 4850 941 4902 ταῦτα
964 4866 977 4879 ·
1013 4849 1143 4901 Ἀπὸ
1172 4850 1270 4919 τῆς
1301 4850 1565 4919 διαφορᾶς
1590 4849 1657 4918 ἣν
1689 4850 1801 4919 ἔχει
1824 4849 1884 4900 τὸ

284 4940 617 5012 οἰκούμενον
646 4942 785 5013 πρὸς
816 4942 879 4995 τὸ
920 4941 1176 5012 ἀοίκητον
1211 4944 1304 4994 καὶ
1324 4943 1392 5012 ἣν
1416 4942 1551 5012 πρὸς
1578 4942 1783 5010 ἄλληλα
1816 4944 1884 4994 τὰ

286 5035 543 5105 κλίματα
592 5035 801 5105 ἔχουσι,
846 5034 949 5103 τὴν
995 5033 1309 5103 ἀνατροπὴν
1343 5034 1441 5103 τῆς
1473 5033 1740 5100 γενέσεως
1763 5035 1882 5103 ἦτοι

286 5128 397 5198 τῆς
426 5128 765 5198 εἱμαρμένης
795 5130 1049 5181 ποιεῖται.
1085 5128 1220 5197 Φησὶ
1251 5128 1381 5198 γὰρ,
1417 5125 1549 5180 στοία
1583 5125 1689 5177 τῶν
1713 5125 1876 5177 ἀστέ-

296 5235 416 5289 ρων
460 5220 755 5289 ἐργάζεται
803 5220 1017 5287 κίνησις
1066 5218 1165 5288 τὴν
1214 5219 1312 5289 μὲν
1344 5219 1600 5289 ἀοίκητον
1637 5213 1775 5271 εἶναι
1808 5217 1877 5269 δι’

296 5306 613 5377 ὑπερϐολὴν
653 5308 878 5378 ψύχους,
909 5310 1006 5379 τὴν
1049 5310 1105 5362 δὲ
1133 5309 1202 5362 δι’
1234 5308 1543 5379 ὑπερϐολὴν
1573 5308 1876 5378 καύματος,

293 5400 400 5451 καὶ
430 5402 530 5470 τὴν
566 5401 663 5470 μὲν
703 5401 792 5454 διὰ
834 5402 1037 5465 παντὸς
1085 5403 1238 5471 μόλις
1267 5400 1539 5454 οἰκεῖσθαι
1568 5399 1880 5471 τηκομένην

291 5486 381 5557 τῷ
415 5492 677 5559 καύματι,
706 5493 805 5562 τὴν
842 5492 898 5544 δὲ
932 5491 1207 5561 δυσχερῶς
1237 5492 1439 5562 ὁμοίως
1467 5491 1793 5559 οἰκουμένην
1813 5489 1880 5555 ⁸⁸,

294 5578 400 5633 ἅτε
427 5579 492 5650 δὴ
524 5580 762 5649 συνεχῶς
789 5581 1116 5650 νειφομένην
1134 5583 1176 5613 ⁸⁹
1214 5582 1307 5634 καὶ
1336 5582 1401 5650 τῇ
1436 5578 1532 5631 τοῦ
1563 5578 1764 5649 κρύους
1791 5578 1885 5628 ἐκ·-

296 5669 672 5743 θηριουμένην
695 5672 978 5741 ἀγριότητι
1001 5690 1013 5738 ;
1044 5672 1130 5725 διὰ
1157 5673 1209 5725 τί
1234 5672 1289 5725 δὲ
1318 5674 1501 5734 αὐτοῖς
1526 5672 1587 5723 ού
1614 5668 1886 5737 μεταϐάλ-

2038 3656 2283 3711 Alterum
2337 3670 2464 3709 vero
2499 3670 2660 3724 supra
2708 3656 3041 3710 tricesimum
3093 3657 3227 3710 nihil
3300 3657 3369 3714 ad
3420 3659 3564 3715 refu—

1972 3748 2162 3802 tandos
2194 3747 2536 3801 adversarios
2563 3744 2738 3809 affert,
2765 3748 2913 3815 quod
2936 3748 3047 3800 veri
3069 3748 3305 3813 speciem
3332 3748 3558 3805 habeat.

1976 3838 2083 3894 Sed
2143 3853 2305 3908 quam
2381 3839 2500 3907 pius
2555 3840 2607 3892 in
2658 3841 2771 3895 suis
2802 3841 3309 3896 ratiocinationibus
3336 3854 3563 3912 apparet

1976 3933 2068 3987 hic
2096 3932 2198 3996 vir,
2225 3941 2334 3986 tam
2381 3932 2545 3986 etiam
2581 3930 2748 4000 (quod
2793 3932 2984 3986 saltem
3022 3936 3087 3986 ad
3115 3936 3321 3989 erroris
3347 3935 3522 3989 refota
3542 3968 3558 3977 -

1979 4024 2178 4077 tionem
2193 4024 2405 4093 attinet)
2439 4023 2748 4093 languidum
2777 4026 3027 4079 eumdem
3050 4027 3258 4082 videas.
3295 4027 3413 4082 Jam
3449 4038 3558 4081 ter—

1978 4116 2108 4169 tium
2140 4126 2194 4170 et
2215 4116 2546 4170 tricesimum
2580 4125 2742 4183 caput
2768 4115 3008 4182 eiusdem
3031 4128 3138 4181 est,
3172 4121 3348 4187 quoad
3374 4119 3559 4173 emea-

1977 4208 2116 4260 ciam
2149 4206 2357 4261 formae.
2397 4205 2526 4272 Quae
2555 4207 2699 4260 enim
2746 4207 2819 4259 ibi
2858 4208 2923 4259 ad
2974 4207 3321 4263 refutandum
3362 4213 3559 4265 uelum

1979 4312 2100 4351 csse
2136 4298 2424 4350 rotundum
2458 4295 2633 4358 alTert,
2667 4298 2877 4367 212a
2909 4312 3221 4353 communes
3260 4315 3383 4353 esse
3418 4300 3564 4354 (ΙΠΠ-

1978 4388 2208 4441 cultales
2245 4398 2449 4457 queant
2499 4390 2758 4442 adversus
2803 4404 2918 4453 eos,
2956 4390 3045 4457 qui
3086 4389 3560 4457 hemisphmricuni

1984 4476 2120 4530 illud
2152 4492 2275 4531 esse
2327 4489 2594 4542 stamunt,
2631 4479 2712 4531 vel
2738 4478 2963 4531 fornicis
3001 4480 3053 4532 in
3092 4481 3305 4534 modum
3340 4497 3558 4546 cavum,

1991 4569 2071 4622 vel
2108 4570 2345 4622 similem
2387 4571 2434 4623 ei
2471 4570 2704 4638 aliquam
2749 4569 2975 4623 formam
3028 4572 3290 4626 tribuunt.
3346 4570 3450 4628 Ubi
3507 4585 3565 4631 et

1914 4648 1955 4700 ί)
1992 4661 2181 4716 tertius
2208 4661 2343 4715 liber
2372 4661 2587 4715 desinit.

2053 4753 2257 4821 Quarto
2298 4756 2494 4809 dehinc
2520 4754 2677 4818 libro,
2702 4754 2878 4823 capite
2900 4770 3027 4809 vero
3049 4758 3323 4812 tricesimo
3346 4768 3561 4826 quarto,

1981 4846 2169 4917 quinto
2198 4855 2252 4900 et
2289 4858 2462 4911 sexto,
2512 4847 2626 4899 lucc
2684 4847 2797 4899 fere
2859 4857 3077 4903 tractat.
3152 4848 3191 4901 E
3224 4851 3563 4917 diversitate,

1982 4916 2102 5005 quae
2134 4951 2257 4990 cum
2292 4936 2434 4989 inter
2464 4935 2821 4990 habitabilem
2849 4938 2997 4991 orbis
3039 4948 3248 5006 partem
3284 4950 3445 5009 atque
3483 4916 3566 4993 in-

1984 5025 2356 5087 habitabilem,
2399 5034 2510 5078 tum
2563 5027 2703 5081 inter
2737 5028 2850 5096 ipsa
2910 5029 3143 5082 invicem
3194 5030 3412 5083 climata
3483 5046 3569 5084 re-

1974 5118 2200 5184 peritur,
2269 5118 2507 5171 refutare
2554 5119 2775 5187 genesiu
2816 5120 2932 5173 sive
2987 5120 3156 5173 fatum
3219 5121 3564 5189 aggreditur.

1977 5207 2235 5273 Quisnam
2262 5210 2405 5263 enim
2460 5220 2729 5264 astrorum
2759 5211 2846 5265 ille
2874 5222 3050 5265 motus
3104 5222 3209 5276 est,
3247 5216 3566 5279 interrogat,

1979 5315 2087 5369 quo
2120 5301 2200 5367 ﬁt,
2255 5300 2511 5354 utaltera
2546 5302 2767 5371 quidem
2801 5313 2959 5357 terrm
2979 5320 3103 5373 pars
3150 5307 3219 5358 ob
3267 5298 3434 5374 frigus
3487 5309 3562 5361 ni-

1984 5394 2171 5457 minm,
2220 5393 2388 5448 altera
2449 5398 2517 5447 ob
2565 5395 2958 5451 intolerabilem
3037 5398 3271 5451 calorem
3332 5393 3570 5452 habitari

1984 5485 2206 5538 omnino
2256 5487 2540 5553 nequeat?
2571 5502 2892 5556 rursumque
2929 5490 3032 5542 alia
3075 5491 3160 5542 vel
3203 5501 3462 5560 perpetuo
3498 5492 3567 5545 li-

1996 5592 2258 5643 quescens
2284 5578 2485 5643 calore,
2520 5579 2605 5633 vel
2630 5580 2868 5634 assiduis
2921 5594 3180 5648 percussa
3236 5582 3474 5647 nivibus,
3517 5595 3573 5637 et

1999 5670 2218 5737 frigoris
2254 5671 2549 5738 asperitate
2580 5672 2724 5725 velut
2750 5671 2998 5739 ell‘erata,
3026 5675 3239 5729 nonnisi
3285 5676 3575 5731 dilliculter

1577 5779 1816 5835 VARle
1846 5778 2253 5837 LECTIONES.

382 5878 425 5909 ⁸⁷
457 5876 533 5946 λβ
566 5879 610 5929 Δ
637 5892 649 5926 :
680 5874 932 5944 δεύτερον
964 5894 1024 5939 ς.
1100 5877 1145 5907 ⁸⁸
1178 5876 1525 5946 οἰκουμένην]
1559 5886 1773 5945 prurstat
1819 5876 2108 5927 οἰκεῖςθαι.
2188 5878 2231 5907 ⁸³
2264 5874 2561 5945 νεφομένην
2592 5893 2649 5939 ς.

629 5972 901 6033 ΡΑΤιιΟι..
945 5972 1061 6029 (in.
1111 5972 1261 6031 CIII.

3186 5973 3257 6034 27
