4032 6452
531 402 641 467 843

1712 402 1970 465 ΡΗΟἸῚΙ
2002 402 2104 462 PA'

2207 401 2505 464 [ARCHE
2537 404 2649 465 CP.
3657 408 3743 470 844

533 518 697 573 incoli
763 519 1001 587 possit?.
1031 518 1143 574 Cur
1176 533 1281 575 non
1329 530 1384 575 et
1432 520 1484 574 in
1537 519 1623 575 bis
1654 521 1799 575 aeris
1849 519 2104 574 constitu-

2224 519 2305 573 λει
2334 520 2435 590 τὴν
2459 519 2555 574 τοῦ
2588 520 2754 591 ἀέρος
2795 517 3130 573 κατάστασιν
3158 516 3191 584 ἡ
3220 515 3446 585 γένεσις,
3475 526 3688 592 συνεχεῖς
3707 530 3745 558 ⁸ο

531 611 732 664 tionem
770 610 1024 665 immutat
1051 620 1309 678 perpetua
1335 612 1422 665 illa
1450 613 1685 681 genesis,
1719 612 1838 681 qua:
1861 620 1942 665 tot
1971 628 2121 667 sem-

528 716 626 771 per
655 701 708 755 in
734 700 856 756 aliis
889 701 1201 757 climatibus
1223 704 1547 759 mutationes
1564 703 1862 773 producit?
1891 701 2118 758 Certum

529 793 693 862 igitur
749 793 903 857 illud,
968 808 1141 863 neque
1204 794 1543 864 planetarum
1622 811 1866 861 cursum,
1943 812 2119 864 neque

526 884 804 954 signorum
822 884 1127 939 caelestium
1157 887 1633 955 compositionem,
1659 888 1754 941 sed
1782 901 1945 941 unam
1987 887 2118 941 solis

535 987 788 1029 naturam
810 990 908 1044 pro
936 976 1223 1031 intervallo
1254 977 1602 1046 locormnque
1660 980 1767 1034 situ
1810 994 1923 1043 eas,
1977 994 2117 1050 quas

521 1058 637 1126 iam
694 1066 947 1131 diximus,
976 1066 1267 1121 varietates
1294 1066 1523 1122 efficere.
1551 1068 1661 1123 Cur
1685 1070 1833 1133 item,
1872 1084 1995 1123 cum
2026 1083 2115 1123 re-

526 1156 671 1225 liqua
720 1156 917 1225 ubique
954 1167 1097 1211 terra
1139 1158 1400 1213 imbribus
1426 1158 1715 1227 irrigetur,
1744 1160 1914 1215 solam
1944 1160 2115 1231 Egy-

528 1259 680 1317 ptum
713 1248 885 1314 Nilus,
933 1247 1059 1302 dum
1093 1248 1257 1303 certis
1293 1250 1419 1304 anui
1481 1251 1813 1320 temporibus
1846 1254 2107 1319 exundat,

524 1351 685 1409 atque
732 1340 783 1394 in
819 1340 966 1394 illam
995 1354 1053 1394 se
1083 1339 1329 1405 effundit,
1354 1340 1585 1397 fertilem
1618 1341 1861 1414 frugibus
1898 1346 2113 1399 reddit?

522 1432 633 1485 Cur
658 1433 840 1486 adhaec
868 1432 1179 1489 Thebaidos
1228 1434 1541 1491 interiorem
1591 1438 1893 1506 regionem,
1940 1453 2106 1507 quam

522 1522 687 1578 Oasin
733 1525 1042 1595 nominant,
1063 1543 1239 1597 neque
1294 1526 1519 1589 fluvius.
1551 1545 1727 1599 neque
1763 1530 1934 1584 imber
1967 1530 2108 1585 nllus

520 1615 731 1684 irrigat,
766 1617 859 1672 sed
892 1618 1122 1673 fontium
1152 1619 1416 1675 duntaxat
1463 1619 1646 1675 ﬂuxus
1675 1622 1976 1687 laetificant,
2012 1625 2106 1695 qui

519 1724 716 1779 magno
752 1709 1142 1779 inquilinorum
1183 1712 1376 1769 labore
1428 1715 1725 1780 exsistunt,
1774 1731 1877 1769 non
1911 1727 2104 1785 sponte

521 1814 645 1867 sua,
682 1816 857 1871 neque
905 1803 1167 1859 imbribus
1200 1806 1253 1859 in
1313 1814 1518 1861 terram
1567 1806 1965 1873 delabentibus,
2006 1810 2103 1863 iis-

2229 610 2317 663 ἀεὶ
2353 610 2454 674 τὰς
2503 608 2809 679 μεταϐολὰς
2840 611 2899 663 ἐν
2940 609 3057 671 τοῖς
3102 605 3280 669 ἄλλοις
3324 607 3620 677 παρέχουσα
3650 614 3747 666 κλί-

2222 718 2388 772 μασιν
2410 719 2426 768 ;
2469 701 2502 770 ἢ
2528 701 2686 773 δῆλον
2712 701 2788 765 ὡς
2828 699 2951 754 οὔτε
2988 698 3273 768 πλανήτων
3294 697 3483 769 δρόμος
3504 699 3617 754 οὕτε
3644 703 3749 757 σύν-

2219 791 2369 854 θεσις
2398 790 2627 855 ζωδίων,
2667 790 2802 863 μόνη
2836 790 2895 845 δὲ
2927 789 3022 843 τοῦ
3052 788 3265 861 ήλίου⁹¹
3298 790 3331 858 ἡ
3361 787 3512 857 φύσις
3544 791 3666 860 πρὸς
3692 796 3750 847 τὰ

2216 883 2567 953 διαστήματα
2611 884 2705 937 καὶ
2737 884 2847 937 τῶν
2867 882 3049 936 τόπων
3084 883 3183 946 τάς
3206 881 3384 943 θέσεις
3408 880 3501 944 τὰς
3528 900 3751 957 προειρη.

2220 974 2389 1046 μένας
2438 974 2731 1044 ἐργάζεται
2776 974 3061 1046 διαφοράς.
3091 973 3191 1027 Διά
3239 973 3290 1025 τί
3341 972 3399 1025 δὲ
3450 973 3617 1037 πάλιν,
3666 978 3752 1047 τῆς

2214 1068 2320 1136 γῆς
2354 1068 2529 1130 ὑετοῖς
2558 1066 2864 1138 ἀρδομένης
2924 1064 3261 1136 ἁπανταχοῦ,
3324 1065 3487 1135 μόνην
3534 1066 3624 1137 τὴν
3673 1071 3755 1123 At.

2212 1175 2423 1227 γυπτον
2459 1158 2808 1230 πλημμυρῶν
2835 1160 2865 1212 ὀ
2896 1159 3087 1223 Νεῖλος
3132 1158 3275 1212 κατά
3310 1174 3429 1211 τινα
3471 1157 3753 1227 χρόνον.τοῦ

2212 1250 2465 1304 ἐνιαυτοῦ
2493 1252 2589 1305 καὶ
2624 1251 2990 1321 ἀναχεόμενος
3014 1253 3093 1313 είς
3127 1249 3298 1320 αὐτὴν
3324 1250 3657 1320 καρποφόρον
3681 1252 3754 1320 ἐρ·

2211 1342 2473 1410 γάξεταις
2519 1343 2607 1396 διὰ
2648 1342 2702 1396 τί
2738 1343 2796 1395 δὲ
2838 1342 2939 1412 τὴν
2972 1342 3236 1412 ἐνδοτέρω
3268 1340 3531 1411 Θηϐαΐδος
3575 1340 3753 1411 χώραν,

2208 1436 2277 1506 ἦν
2310 1434 2669 1506 ὀνομάζουσιν
2723 1435 2936 1501 Ὄασιν,
2996 1432 3120 1487 οὕτε
3170 1432 3412 1502 ποταμὸς
3458 1431 3577 1485 οὔτε
3626 1434 3757 1496 ὑετὸς

2209 1527 2384 1597 ἄρδει,
2434 1526 2571 1579 ἀλλὰ
2604 1526 2798 1597 πηγῶν
2832 1526 3116 1597 εὐφραίνει
3167 1524 3418 1595 ῥεύματα
3464 1524 3754 1595 πολυχειρίᾳ

2206 1618 2316 1670 τῶν
2346 1617 2673 1688 οἰκητόρων,
2708 1616 2824 1671 ἀλλ’
2851 1617 2953 1670 οὐκ
3001 1615 3327 1686 αὐτομάτως
3372 1612 3753 1682 ἀναδιδομένων,

2205 1708 2328 1762 οὐδὲ
2373 1708 2543 1762 ὑετῶν
2594 1710 2770 1778 φορᾶς
2818 1708 2912 1761 ἐπὶ
2939 1707 3048 1777 γῆς
3081 1706 3383 1778 ἐρχομένης
3415 1703 3538 1775 [673
3565 1703 3652 1774 R.]
3679 1707 3757 1757 καὶ

2204 1799 2292 1853 διὰ
2322 1799 2435 1852 τῶν
2472 1801 2530 1853 ἐν
2556 1800 2694 1870 αὐτῇ
2728 1799 2940 1868 φλεϐῶν
2970 1798 3386 1868 ἀναδιδομένης,
3417 1797 3549 1864 ὅπερ
3571 1797 3755 1863 γίνεται

518 1893 749 1963 demque
780 1910 973 1952 rursus
1007 1912 1104 1963 per
1159 1897 1303 1953 illius
1332 1914 1497 1955 venas
1546 1902 1795 1962 redditis.
1846 1911 1904 1955 ut
1942 1904 2091 1971 apud

2207 1891 2324 1962 παρ’
2374 1893 2529 1961 ἡμῖν.
2589 1892 2701 1944 Kal
2760 1890 2953 1944 τούτου
3009 1893 3233 1960 σημεῖον
3277 1890 3340 1943 τὸ
3387 1890 3484 1952 τάς
3542 1890 3631 1960 μὲν
3670 1890 3755 1943 ὑπ-

516 2000 618 2041 nos
656 1988 943 2056 contingit.
982 1988 1149 2058 Cujus
1180 1991 1399 2060 quidem
1435 1994 1514 2047 rei
1552 1993 1685 2048 illud
1716 1994 1933 2063 signum
1954 2005 2095 2061 esto,

2202 1982 2402 2051 ωρείάς
2431 1981 2719 2053 προΐεσθαι
2750 1984 2929 2053 πηγὰς
2956 1982 3233 2051 ποταμοὺς
3254 1980 3623 2049 ἐργαζομένας
3646 1980 3754 2033 διει·

522 2078 665 2147 quod
704 2093 827 2148 quaa
868 2080 1142 2135 montibus
1185 2082 1427 2150 subjecta
1455 2093 1581 2137 sunt
1641 2083 1782 2151 loca,
1828 2085 2095 2154 ejusmodi

2207 2073 2312 2136 δεῖς
2340 2090 2399 2125 τε
2429 2072 2524 2125 καὶ
2558 2072 2799 2139 γλυκεῖς,
2831 2072 2898 2125 τά
2932 2073 2988 2125 δέ
3035 2072 3128 2125 ἐπὶ
3185 2071 3436 2124 πλεῖστον
3486 2071 3754 2142 ήπλωμένα

521 2168 700 2224 fontes
743 2170 1021 2235 emittant,
1055 2173 1144 2241 qui
1196 2174 1406 2242 integra
1467 2176 1633 2229 etiam
1706 2176 1925 2231 ﬂumina
1989 2192 2098 2233 nou

519 2262 699 2315 minus
732 2261 947 2331 limpida
974 2279 1134 2333 quam
1183 2264 1355 2320 dulcia
1385 2268 1703 2335 producant,
1734 2285 1854 2322 cum
1885 2270 2098 2325 interim

525 2352 884 2422 patentissimi
937 2355 1136 2425 quique
1178 2358 1354 2427 campi
1388 2374 1416 2410 a
1451 2360 1724 2414 montibus
1755 2362 2097 2425 remotiores,

530 2438 878 2509 maximeque
924 2442 1092 2511 plani,
1126 2444 1210 2497 vel
1248 2445 1448 2499 nullam
1486 2447 1718 2502 habeant
1762 2465 1978 2518 aquam,
2014 2451 2100 2506 vel

520 2532 735 2587 nonnisi
797 2536 1063 2591 modicam
1116 2551 1347 2607 eamque
1374 2555 1593 2607 gravem
1656 2553 1711 2596 et
1743 2543 1965 2609 salsam,
1995 2560 2100 2600 nec

520 2625 904 2680 scaturientem
935 2626 1101 2693 illam,
1132 2632 1226 2683 sed
1249 2631 1300 2683 in
1327 2630 1486 2687 fossis
1511 2634 1809 2699 inventam,
1834 2650 1898 2689 ac
1920 2652 2095 2707 neque

523 2723 633 2769 tota
686 2727 871 2771 aestate
916 2718 1003 2773 siti
1059 2718 1432 2777 suﬁicientem.
1485 2725 1637 2791 Quod
1688 2727 1732 2779 si
1777 2729 1957 2781 omnia
2006 2744 2101 2797 per

519 2807 759 2872 genesim
807 2808 1277 2880 administrantur,
1315 2816 1404 2882 qui
1442 2815 1500 2869 fit
1539 2820 1680 2884 quod
1710 2818 1762 2872 in
1817 2819 2097 2874 humidum

520 2897 737 2968 aliquod
757 2900 971 2971 signum
1021 2904 1232 2973 sibique
1273 2907 1540 2962 familiare
1583 2910 1795 2977 planeta
1831 2912 2098 2982 ingresso,

520 3003 627 3042 non
670 3004 887 3046 omnem
916 2993 1076 3049 simul
1110 3006 1313 3052 terram
1346 3000 1571 3069 impleat
1604 3001 1811 3071 pluvia,
1844 3004 1940 3058 sed
1968 3004 2095 3060 alibi

520 3079 879 3137 nihilominus
929 3099 1191 3154 aquarum
1227 3087 1582 3152 abundantia,
1624 3089 1752 3146 alibi
1792 3091 2099 3160 pluviarum

528 3172 737 3242 inopia,
764 3176 953 3230 eodem
991 3192 1212 3247 prorsus
1249 3188 1524 3250 tempore,
1558 3198 1730 3252 neque
1763 3200 1959 3255 magno
2007 3191 2100 3241 ad.

523 3264 744 3319 tuodum
776 3265 1014 3322 locorum
1046 3269 1355 3337 intervallo,
1408 3283 1552 3327 terra
1614 3252 1879 3332 vitieturi
1928 3293 2099 3348 quan-
2129 3252 2170 3308 θ

524 3370 688 3425 quam
734 3366 789 3413 et
825 3361 1100 3414 contraria
1142 3362 1335 3418 iterum
1368 3365 1419 3417 in
1445 3365 1528 3421 bis
1562 3366 1668 3421 alio
1699 3380 1941 3438 tempore
1970 3387 2106 3426 con-

525 3448 735 3516 tingere
757 3450 961 3513 videas,
994 3452 1095 3506 nisi
1122 3453 1261 3508 forte
1283 3456 1364 3510 vel
1394 3457 1686 3524 peculiaris
1719 3461 1970 3527 quasdam
2028 3463 2101 3517 sit

524 3537 668 3593 illius
698 3541 875 3609 papuli
911 3544 1145 3612 genesis,
1181 3554 1240 3598 ut
1280 3546 1378 3615 ipsi
1410 3547 1605 3616 212i)
1636 3549 1865 3618 lingunt,
1905 3551 1991 3605 vel
2043 3552 2095 3606 in

522 3632 829 3701 propinquo
860 3635 1057 3690 alicubi
1097 3637 1354 3707 singulari
1382 3642 1804 3709 quodammodo
1842 3644 2099 3700 exoriens

524 3721 740 3791 signum
765 3740 1081 3783 communes
1148 3730 1267 3785 illas
1297 3746 1559 3800 gencseos
1586 3734 1903 3793 eﬂ’ectiones
1942 3751 2102 3791 ever-

525 3824 624 3880 tat,
662 3817 947 3887 inanisque
990 3820 1062 3874 sit
1106 3822 1430 3879 universalis
1466 3841 1726 3894 geneseos
1754 3829 1855 3892 vis,
1900 3830 1943 3883 si
1994 3845 2099 3883 non

524 3917 576 3961 et
610 3910 953 3978 particularis
982 3914 1194 3981 genesis
1217 3928 1543 3972 concurrat.
1565 3919 1911 3989 Singularum
1939 3923 2104 3989 igitur

527 4008 684 4053 terrae
705 4001 937 4070 partium
962 4017 1188 4071 geneses
1207 4021 1381 4061 aerem
1407 4021 1648 4073 moveut,
1684 4026 1859 4081 neque
1885 4013 2097 4083 signum

528 4092 807 4147 humidum
852 4109 957 4148 una
1005 4110 1127 4149 cum
1164 4097 1265 4152 sibi
1327 4098 1471 4153 allini
1534 4101 1748 4171 planeta
1799 4105 2095 4172 quidquam

524 4179 742 4235 efficere
792 4184 1008 4251 poterit,
1049 4185 1363 4253 particulari
1408 4186 1519 4242 fato
1572 4190 1881 4245 resistente.
1918 4190 2097 4255 Quare

530 4280 794 4337 praeterea
853 4272 907 4325 in
957 4272 1092 4327 locis
1124 4273 1449 4341 quibusdam
1504 4274 1678 4327 rarior
1720 4284 1804 4329 est
1853 4276 2102 4344 potabilis

526 4378 688 4431 aqua,
724 4362 777 4417 in
801 4362 1119 4433 quibusdam
1138 4380 1268 4420 vero
1295 4365 1555 4432 abundat,
1578 4377 1634 4419 et
1658 4367 1853 4422 calidis
1880 4370 2102 4436 insuper

525 4454 808 4521 potiuntur
855 4457 1012 4525 aquis
1084 4458 1277 4513 incola:
1325 4467 1517 4525 sponte
1555 4460 1873 4528 productis?
1903 4459 2103 4515 Siciliae

2205 2162 2364 2215 πεδία
2418 2162 2514 2214 καὶ
2568 2163 2666 2230 τῆς
2713 2162 2822 2215 τῶν
2865 2162 3008 2232 ὀρῶν
3050 2160 3357 2231 ἐγγύτητος
3397 2160 3459 2213 οὑ
3493 2161 3754 2231 μετέχοντα

2210 2253 2304 2305 καὶ
2338 2250 2575 2323 μάλιστα
2612 2251 2835 2304 ἰσόπεδα
2877 2251 2952 2322 μὴ
2989 2251 3134 2321 ἔχειν
3158 2251 3325 2321 ῦδωρ,
3357 2250 3391 2321 ἢ
3432 2250 3628 2320 σφόδρα
3648 2252 3755 2321 βρα-

2206 2341 2296 2409 χὺ,
2331 2341 2423 2393 καὶ
2441 2338 2611 2401 τοῦτο¹
2631 2340 2767 2409 βαρὺ
2800 2341 2894 2394 καί⁸
2923 2340 3263 2412 ἁλμυρῶδες,
3294 2341 3358 2393 οὑ
3392 2340 3633 2410 mnde
3660 2342 3754 2393 ἀλλ’

2207 2435 2264 2485 ἐν
2287 2432 2593 2502 ὀρύγμασιν
2628 2432 3037 2504 εὑρισκόμενον,
3070 2427 3193 2486 οὑδὲ
3220 2433 3291 2486 δι’
3319 2432 3444 2486 ὅλου
3474 2430 3563 2485 τοῦ
3593 2432 3757 2503 θέρους

2205 2522 2397 2594 ἀρκεῖν
2447 2523 2764 2593 δυνάμενον.
2798 2524 2860 2576 Εἰ
2891 2523 3071 2577 πάντα
3118 2522 3408 2575 διοικεῖται
3447 2524 3513 2593 τῇ
3551 2523 3755 2589 γενέσει,

2207 2615 2326 2678 πῶς
2357 2615 2627 2688 πλάνητος
2677 2614 2937 2679 εἰσιόντος
2968 2617 3047 2679 είς
3078 2614 3244 2685 ὑγρὸν
3291 2612 3505 2677 ζώδιον,
3531 2611 3651 2684 [549
3678 2612 3757 2682 Η.]

2206 2701 2253 2778 ᾧ
2278 2709 2480 2781 χαίρει,
2512 2709 2574 2761 οὑ
2599 2710 2779 2762 πᾶσαν
2808 2708 2944 2779 ὀμοῦ
2980 2710 3079 2773 τὴν
3106 2708 3211 2777 γῆν
3245 2706 3452 2777 πληροῖ
3478 2706 3643 2768 ὑετὸς,
3663 2705 3757 2757 ἀλλ’

2207 2802 2243 2871 ἡ
2275 2801 2373 2871 μὲν
2404 2800 2613 2856 ὑδάτων
2664 2798 2859 2869 πλήθει
2902 2799 2999 2852 καὶ
3042 2798 3313 2868 διεφθάρη
3358 2796 3631 2860 πολλάκις,
3658 2799 3686 2865 ἡ
3713 2794 3759 2847 δὲ

2207 2891 2537 2963 άνομϐρίαις
2574 2894 2717 2947 κατά
2756 2892 2849 2945 τὸν
2903 2891 3065 2944 αὑτὸν
3088 2890 3303 2961 καιρὸν,
3342 2890 3517 2943 καίτοι
3550 2905 3611 2956 γε
3657 2886 3758 2940 οὐδὲ

2207 2984 2343 3039 πολὺ
2378 2984 2568 3056 πόρρω
2605 2983 2964 3053 διισταμένων
2995 2982 3274 3053 ἁλλήλων;
3320 2981 3575 3036 τάναντία
3618 2978 3660 3032 δ’
3686 2974 3761 3031 οὖν

2208 3078 2371 3133 πάλιν
2399 3078 2477 3139 είς
2502 3077 2694 3145 καιρὸν
2722 3076 2908 3143 ἕτερον
2934 3073 3162 3138 ταύταις
3190 3076 3393 3145 ὁρᾶται
3409 3072 3763 3144 συμϐαίνοντα.

2212 3170 2366 3241 Τάχα
2395 3167 2489 3223 τοῦ
2515 3169 2699 3231 ἔθνους
2720 3166 2765 3198 ⁹²
2795 3165 3075 3232 ἰδιάζουσά
3108 3184 3192 3231 τις
3222 3166 3471 3237 γένεσις,
3500 3164 3574 3229 ὡς
3603 3164 3661 3219 ἂν
3687 3163 3768 3216 αὑ-

2206 3262 2289 3316 τοὶ
2336 3260 2654 3325 πλάσαιντο,
2704 3260 2740 3331 ἦ
2769 3277 2824 3313 τι
2874 3260 3283 3332 παρανατέλλον
3318 3260 3477 3323 ἰδίως
3515 3258 3688 3323 ζώδιον
3711 3259 3766 3310 τά

2206 3353 2363 3408 κοινά
2400 3354 2501 3424 τῆς
2543 3352 2815 3422 γενέσεως
2840 3353 3266 3423 ἀποτελέσματα
3292 3351 3540 3417 διέλυσε,
3570 3349 3659 3403 καὶ
3682 3348 3767 3418 μά·

2204 3445 2357 3499 ταιόν
2388 3445 2506 3498 ἐστι
2547 3443 2611 3498 τδ
2637 3446 2738 3515 τῆς
2783 3444 3050 3513 γενέσεως
3095 3443 3419 3508 καθολικῦν,
3451 3443 3516 3497 ἂν
3552 3440 3622 3512 μὴ
3662 3456 3768 3492 συν-

2204 3539 2377 3612 τρέχῃ
2402 3539 2555 3609 καὶὴ
2590 3538 2814 3609 μερικὴ.
2843 3536 3055 3590 Οὐκοῦν
3095 3537 3152 3589 αἱ
3181 3535 3289 3588 τῶν
3322 3535 3436 3605 τῆς
3470 3534 3570 3604 γῆς
3612 3531 3768 3605 μερῶν

2204 3630 2452 3699 γενέσεις
2503 3629 2597 3683 τὸν
2633 3629 2774 3699 ἀέρα
2840 3626 3078 3694 κινοῦσι,
3137 3626 3232 3680 καὶ
3282 3626 3447 3679 οὐδὲν
3484 3624 3663 3679 ἀνύσει
3717 3621 3769 3675 τὸ

2207 3726 2374 3796 ὑγρὸν
2423 3723 2616 3789 ζώδιον
2652 3722 2796 3793 μετά
2815 3722 2862 3755 ⁸³
2892 3720 2987 3775 τοῦ
3018 3721 3221 3775 οἰκείου
3252 3720 3534 3791 πλάνητος
3565 3717 3655 3787 τῆς
3685 3732 3768 3786 με·

2209 3816 2370 3888 ρικῆς
2402 3814 2747 3886 εἱμαρμένης
2792 3812 3243 3881 ἀντιπιπτοὺσης.
3276 3812 3395 3864 Καὶ
3420 3811 3508 3865 διά
3532 3810 3581 3863 τί
3602 3810 3656 3862 ἐν
3676 3823 3766 3859 τισι

2209 3911 2307 3980 μὲν
2340 3909 2529 3971 τόποις
2560 3906 2810 3971 σπανίζει
2836 3907 2898 3958 τὸ
2926 3905 3154 3974 πότιμον
3187 3903 3357 3974 ὕδωρ,
3393 3904 3449 3956 εν
3473 3920 3581 3955 τισι
3613 3902 3663 3953 δὲ
3690 3899 3767 3952 καὶ

2205 4002 2366 4054 τοῦτο
2420 4000 2671 4071 πληθύει,
2725 4000 2818 4053 καὶ
2875 3997 3095 4068 θερμῶν
3154 3996 3368 4051 ὑδάτων
3434 3995 3766 4050 ἀπολαύουσιν

2207 4092 2529 4162 αὐτομάτως
2577 4092 3012 4162 άναδιδομένων;
3073 4087 3324 4151 Σικελίας
3387 4088 3445 4141 δὲ
3506 4087 3598 4140 καὶ
3650 4084 3765 4137 Γαλ-

2203 4184 2322 4247 λίας
2342 4185 2389 4217 ⁸⁸
2422 4186 2517 4238 καὶ
2554 4184 2762 4248 Δυκίας
2813 4185 2909 4236 καί
2975 4182 3174 4252 ἑτέρων
3205 4181 3380 4236 ἐθνῶν
3436 4182 3536 4235 οὑκ
3591 4181 3765 4247 ὀλίγων

2204 4276 2306 4347 ὀρη
2354 4276 2591 4345 μέγιστα
2638 4276 2750 4346 πῦρ
2812 4274 3066 4327 ἁέναον⁹⁸
3088 4274 3361 4327 ἐκδιδόασι
3412 4271 3677 4332 τοσοῦτον,
3703 4270 3765 4331 ὡς

2204 4372 2302 4425 καὶ
2337 4373 2449 4435 τοῖς
2507 4373 2565 4424 ἐν
2618 4370 2778 4424 νυκτὶ
2812 4370 3101 4439 φαίνεσθαι
3142 4369 3453 4440 πόρρωθεν,
3494 4370 3627 4439 μήτε
3676 4364 3767 4418 ὑπὸ

2206 4460 2409 4531 κρύους
2461 4460 2875 4530 ἐλαττούμενον,
2912 4462 3049 4528 μήτε
3096 4460 3199 4512 ὑπὸ
3246 4458 3463 4529 ὀμϐρου
3486 4459 3532 4489 ⁵⁸
3565 4453 3766 4510 σϐεννύ-

524 4562 761 4616 quoque,
801 4546 1009 4609 Gallia.
1065 4548 1265 4619 Lycias,
1297 4549 1635 4620 aliarumque
1694 4551 1936 4621 gentium
1994 4567 2097 4605 non

2210 4569 2393 4623 μενον,
2429 4554 2568 4623 μήτε
2615 4554 2726 4613 τοῖς
2774 4552 2870 4621 τῆς
2914 4551 3019 4622 γῆς
3050 4551 3396 4621 βλαστήμασι
3461 4549 3769 4619 λυμαινόμεο

524 4639 896 4707 minimarum,
926 4642 1146 4695 maximi
1183 4652 1418 4707 montes,
1458 4657 1754 4711 perennem
1805 4642 1987 4713 ignem
2021 4643 2099 4698 sic

2207 4661 2317 4709 vov,
2352 4644 2463 4698 τῶν
2496 4643 2922 4714 παρακειμένων
2964 4643 3149 4707 αὑτοῖς
3180 4643 3318 4713 μήτε
3362 4659 3417 4695 τι
3444 4641 3650 4695 τοιοῦτο
3675 4655 3767 4690 πα·

530 4729 814 4794 emittunt,
864 4733 1113 4786 utetiam
1165 4732 1323 4802 longe
1372 4734 1565 4803 positis
1603 4744 1764 4789 nocttt
1819 4744 2100 4803 appareat,

526 4838 703 4893 neque
739 4825 820 4879 vel
879 4824 1172 4895 frigoribus
1236 4828 1614 4893 imminuatur,
1677 4826 1761 4881 vel
1836 4827 2102 4881 imbribus

530 4916 935 4986 exstinguatur,
966 4920 1049 4972 vel
1085 4929 1243 4973 terra:
1298 4920 1637 4992 germinibus
1695 4930 1926 4976 noceat:
1978 4935 2101 4973 cum

523 5008 615 5078 qui
651 5008 737 5063 bis
795 5009 929 5077 ipsis
965 5011 1145 5080 populi
1174 5010 1441 5080 adjacent,
1473 5012 1577 5065 tale
1608 5011 1744 5066 nihil
1800 5012 2100 5081 patiantur,

531 5116 708 5171 neque
736 5102 1026 5156 ostendere
1055 5101 1182 5173 [illi]
1204 5103 1585 5173 possint,quid
1608 5113 1811 5156 tantam
1836 5103 2102 5165 locorum,

527 5194 691 5260 aeris,
722 5209 1012 5263 aquarum,
1045 5209 1386 5264 camporum,
1410 5195 1697 5257 montium,
1745 5192 2104 5248 differentiam

523 5285 757 5339 dederit.
794 5285 929 5340 Nam
954 5286 998 5339 si
1031 5284 1320 5341 duodecim
1360 5286 1512 5353 signa
1536 5285 1766 5351 zodiaci,
1808 5294 1861 5339 et
1895 5293 2104 5354 septem

524 5377 755 5443 planetae
805 5376 882 5448 [id
916 5375 1231 5447 praestent],
1287 5392 1459 5447 quare
1515 5377 1683 5448 igitur
1740 5394 1848 5433 non
1914 5380 2102 5434 eadem

526 5470 727 5538 ubique
751 5470 1089 5539 operantur?
1122 5469 1315 5541 Inopes
1345 5481 1606 5539 praeterea
1632 5483 1688 5529 et
1738 5473 1956 5537 divites,
1992 5473 2095 5526 im-

2204 4737 2440 4807 σχόντων
2481 4737 2619 4806 μήτε
2665 4734 3117 4799 ἐπιδεικνύντωνς
3167 4735 3221 4787 τί
3278 4734 3553 4805 τοσαύτην
3580 4734 3765 4793 τόπων,

2202 4830 2403 4899 ἀέρων,
2451 4828 2685 4890 ὑδάτων,
2718 4826 2939 4891 πεδίων,
2966 4827 3109 4897 ὀρῶν
3155 4826 3357 4879 δέδωκε
3390 4825 3685 4895 διαφοράν;
3712 4822 3764 4874 οὑ

2204 4922 2271 4992 ιβ’
2298 4923 2370 4975 τὰ
2400 4918 2566 4985 ζώδια
2621 4919 2715 4972 καὶ
2734 4920 2785 4972 οἰ
2816 4918 3087 4989 πλάνητες
3116 4916 3161 4982 ζ’
3182 4934 3197 4983 ;
3231 4918 3320 4972 διά
3342 4919 3397 4971 τί
3426 4917 3522 4973 οῦν
3564 4918 3624 4972 οὑ
3652 4933 3770 4971 παν-

2202 5012 2367 5083 ταχοῦ
2386 5013 2456 5066 τά
2484 5013 2622 5067 αὑτά
2649 5010 2960 5081 ἐνεργοῦσι;
2982 5012 3077 5065 καὶ
3109 5011 3215 5082 μὴν
3236 5011 3479 5082 πένητας
3506 5012 3596 5065 καὶ
3618 5010 3769 5063 πλου-

2205 5107 2376 5168 σίους.
2444 5104 2714 5174 ἄρχοντας
2759 5103 2857 5157 καὶ
2919 5102 3280 5173 ἀρχομένους,
3350 5102 3642 5162 νοσοῦντας
3689 5099 3768 5151 καὶ

2205 5200 2545 5268 ὑγιαίνοντας
2583 5199 2679 5254 καὶ
2704 5199 2775 5253 τά
2802 5198 2930 5268 ἐξῆς
2962 5197 3146 5269 εὕροις
3181 5197 3248 5251 ἀν
3282 5196 3620 5267 ἁπανταχοῦ.
3659 5193 3769 5252 Πῶς

2204 5291 2297 5345 οῦν
2329 5293 2393 5345 οὑ
2436 5291 2715 5361 πανταχοῦ
2766 5293 2861 5345 καί¹
2908 5290 3057 5343 ὑετοὶ
3107 5290 3202 5343 καὶ
3246 5289 3449 5359 αὐχμοὶ
3469 5290 3514 5320 ⁹⁷
3547 5288 3638 5341 καὶ
3679 5287 3770 5338 ὅσα

2205 5386 2649 5454 προειρήκαμεν;
2706 5381 2911 5453 χρυσοῦ
2958 5382 3015 5435 δὲ
3079 5381 3407 5451 μέταλλονῆ
3461 5379 3696 5450 ἀργύρου
3738 5374 3767 5442 ἦ

2210 5476 2413 5548 χαλκοῦ
2468 5476 2501 5545 ἢ
2550 5475 2875 5544 κασσιτέρου
2905 5473 2938 5543 ἦ
2975 5472 3223 5544 μολίϐδου
3269 5472 3303 5543 ἢ
3335 5472 3443 5526 τῶν
3474 5471 3768 5538 άλλων,με-

1787 5655 2021 5712 ἾΑΒΙΑΞ
2060 5654 2470 5713 LECTIONES.

595 5763 1073 5842 "‘erxgiﬁfll'lj.
1190 5788 1202 5823 :
1232 5770 1460 5840 συνεχὴς
1492 5788 1552 5842 ςᾲ.
1629 5771 1671 5801 ⁹¹
1702 5770 1759 5823 δὲ
1784 5771 1879 5823 τοῦ
1908 5770 2082 5842 ἡλίου]
2113 5769 2203 5824 τοῦ
2226 5771 2378 5840 ἡλίου
2408 5772 2465 5842 δὲ
2491 5774 2556 5825 Α.
2634 5775 2678 5805 ⁹²
2706 5774 2889 5835 ἔθνους
2920 5773 3006 5827 ΛΟ
3039 5772 3223 5834 εὲθους
3251 5789 3311 5837 ς.

3408 5769 3455 5801 ⁵³
3488 5761 3626 5836 μετὰ
3644 5757 3722 5814 AC
3744 5772 3757 5810 :

528 5834 667 5887 κατά
693 5851 754 5898 ς.
793 5825 1142 5911 ”⁹⁸⁷Γαλλίας]
1170 5859 1233 5896 an
1273 5825 1543 5904 1:551:15?
1615 5842 1661 5874 ’³
1691 5825 2005 5905 ἁένναονξτ.
2068 5825 2279 5914 ’πδιὶιιιῖὶ
2323 5841 2583 5913 ὀμϐρους.
2663 5846 2705 5877 9⁷
2738 5846 2829 5897 καὶ
2849 5847 2895 5896 οἱ
2935 5843 3133 5913 αὐχμοὶ
3161 5844 3225 5896 Α.
