4032 6450
310 426 415 489 Si!)

1346 426 1876 487 BIBLIOTBECA.
1919 448 1987 459 -·
2016 424 2179 486 COD.
2215 423 2526 486 CCXXIII.

3446 427 3550 491 846

306 536 579 591 ταλλικῶν
623 536 731 591 άπδ
769 537 928 601 ποίας
972 538 1239 607 γενέσεως
1272 540 1304 611 ή
1335 542 1497 607 φύσις
1528 540 1878 606 εύρίσκεταις

1982 547 2232 607 perantes
2261 548 2317 594 et
2347 539 2614 603 subditos,
2646 551 2822 609 aegros
2847 545 3011 609 atque
3043 552 3229 605 sanos,
3262 546 3318 595 et
3348 550 3547 597 caetera

277 620 440 683 ῗθεδν
466 629 563 700 μὲν
592 625 685 683 οὖν
714 631 980 699 τοσαύτην
1014 630 1272 704 διαφορὰν
1317 634 1412 686 καὶ
1463 632 1662 704 μυρίαν
1715 630 1883 699 ἄλλην

308 720 629 792 κεχαρίσθαι
651 724 717 791 τῇ
739 725 807 793 γῇ
832 721 899 775 δι’
932 723 1079 792 ἡμᾶς
1102 725 1487 794 ὁμολογοῦντες
1518 723 1849 793 εύσεϐοὖμεν
1864 738 1879 753 ’

305 813 652 883 εἱμαρμένην
668 812 715 845 ’⁸
761 812 819 865 δὲ
860 813 947 866 διὰ
990 814 1148 867 τοῦτο
1187 816 1437 885 τεχνίτας
1484 815 1758 880 πλάττειν,
1795 815 1884 867 ἵνα

304 907 617 977 χρήσωνται
648 907 771 966 ταῖς
802 904 977 970 ὕλαις,
1016 905 1129 960 οὔτ’
1169 907 1236 961 ἂν
1280 909 1440 978 ἡμεῖς
1487 908 1735 976 εἴποιμεν
1759 903 1883 959 οὔτε

303 997 492 1066 ἕτερος
522 995 582 1048 εὖ
613 996 848 1067 φρονῶν.
885 996 1005 1049 Ἔτι
1054 996 1112 1049 δὲ
1153 998 1203 1049 εί
1237 997 1411 1068 κλίμα
1437 997 1669 1051 ἕκαστον
1696 996 1885 1065 διαμέ-

306 1104 387 1139 νει
422 1084 645 1156 μυρίαις
673 1088 794 1148 ταῖς
824 1086 961 1155 πρὸς
990 1087 1195 1158 ἄλληλα
1238 1087 1521 1156 διαφοραῖς
1567 1089 1674 1140 ἀπὸ
1717 1104 1885 1140 κατα⁹

310 1178 473 1248 ϐολῆς
497 1176 729 1240 κτίσεως
766 1176 1160 1247 κοσμούμενον,
1194 1180 1290 1231 καὶ⁹
1334 1178 1599 1249 ἀκίνητον
1628 1179 1724 1233 ἀπ’
1752 1179 1883 1233 αἰῶ-

315 1287 404 1333 νος
436 1268 661 1336 ἔστηκεν
711 1268 816 1320 ὑπὸ
836 1268 881 1299 ⁹⁹
918 1267 1061 1320 τῶνι
1100 1270 1202 1339 τῆς
1228 1269 1498 1336 γενέσεως
1541 1267 1880 1338 μεταϐολῶν,

316 1359 494 1415 οὐδέν’
525 1358 895 1428 βλαπτόμενον
920 1358 1065 1430 (οὔτε
1106 1360 1212 1430 γὰρ
1258 1360 1570 1431 παλίρῤοιαι
1610 1359 1883 1430 θαλάσσης

309 1451 647 1521 ἐπαύθησαν,
677 1452 737 1503 ού
766 1451 939 1520 πυρὸς
966 1452 1223 1505 ἄσϐεστοι
1254 1456 1451 1521 πηγαὶ,
1476 1455 1536 1506 οὐ
1560 1452 1715 1515 ζώων
1749 1453 1880 1505 ἑκά-

309 1559 436 1595 στου
462 1542 728 1611 κλίματος
750 1541 1028 1611 διαφοραὶ,
1066 1541 1127 1594 οὐ
1184 1544 1392 1611 μυρίων
1424 1541 1600 1594 ἄλλων
1633 1541 1883 1610 ἑτερότη-

305 1652 397 1697 τες
426 1634 837 1705 ἀμετάϐλητοι),
887 1634 1161 1687 τοσούτων
1212 1636 1552 1703 πραγμάτων
1610 1634 1708 1703 τῆς
1753 1632 1882 1703 παρ’

304 1725 491 1787 αὐτοῖς
516 1724 536 1755 ³
570 1723 836 1791 γενέσεως
875 1722 1312 1792 ἀπηλλαγμένων
1366 1722 1482 1786 πῶς
1536 1722 1693 1787 ούδὲν
1752 1721 1882 1774 ἄνευ

301 1816 520 1885 ταύτης
549 1812 674 1867 οὕτε
721 1811 967 1881 γίνεσθαι
1015 1813 1263 1880 λέγουσιν
1295 1810 1418 1865 οὔτε
1459 1813 1735 1883 διαμένειν
1756 1811 1880 1865 οὔτε

1970 631 2185 699 ubique
2222 631 2512 700 reperias:
2547 631 2677 699 quin
2728 645 2859 700 ergo
2903 633 3070 687 etiam
3110 632 3310 703 ubique
3357 634 3555 703 pluvia:

1984 732 2040 777 et
2085 722 2397 787 ariditates,
2448 731 2504 776 et
2556 737 2893 792 quaecunque
2941 731 3100 778 antea
3157 738 3556 781 commemora-
3610 780 3615 799 ἲ

1984 813 2203 866 vimus?
2250 810 2369 865 Jam
2398 812 2519 867 auri
2550 812 2849 879 metallum,
2881 815 3115 884 argenti,
3162 816 3310 878 aeris,
3344 817 3551 883 stanni,
3609 810 3613 845 ξ

1982 902 2210 973 plumbi,
2257 903 2343 957 vel
2396 911 2716 957 ceterorum
2785 904 3181 960 metallicorum
3250 914 3466 973 natura,
3522 922 3554 963 a

1984 991 2127 1062 quali
2162 992 2375 1046 tandem
2402 993 2585 1061 genesi
2613 1003 2730 1046 orta
2770 993 3085 1062 reperitur?
3154 994 3333 1063 Itaque
3358 1012 3361 1015 ·
3387 993 3553 1048 Deum

1983 1084 2200 1153 quidem
2235 1092 2289 1138 et
2315 1084 2457 1138 hanc
2488 1093 2715 1150 tantam,
2749 1093 2805 1139 et
2834 1084 2970 1139 alias
3001 1084 3421 1139 innumerabiles
3455 1099 3553 1138 va-

1984 1176 2203 1230 rietates
2228 1184 2412 1230 nostra
2438 1175 2777 1245 potissimum
2806 1166 2969 1231 causa
3000 1186 3160 1232 terras
3189 1177 3556 1247 impertivisse

1984 1269 2072 1337 pie
2108 1266 2344 1323 fatemur
2381 1286 2394 1321 :
2430 1282 2461 1322 a
2496 1266 2606 1323 fato
2631 1285 2760 1325 vero
2786 1279 3074 1339 propterea
3102 1268 3287 1325 fabros
3318 1270 3556 1325 artifices

1990 1357 2188 1420 creari,
2219 1372 2328 1427 quo
2360 1358 2543 1412 mundi
2575 1357 2736 1429 hujus
2773 1359 2940 1414 rebus
2972 1361 3049 1414 uti
3084 1360 3319 1431 possint,
3356 1361 3409 1416 id
3463 1375 3557 1417 ne-

1983 1463 2090 1517 que
2139 1463 2238 1502 nos
2285 1448 2618 1513 dixerimus,
2686 1463 2861 1517 neque
2941 1449 3082 1503 alius
3133 1459 3279 1505 recte
3314 1451 3558 1507 sentiens

1984 1542 2292 1609 quisquam.
2327 1539 2527 1595 Praeter
2570 1541 2671 1596 ista
2697 1583 2711 1602 ,
2746 1543 2793 1597 si
2834 1542 3041 1610 singula
3073 1542 3290 1597 climata
3345 1557 3560 1610 perma-

1984 1640 2135 1697 nent,
2187 1633 2456 1688 sexcentis
2522 1633 2666 1687 inter
2707 1647 2767 1687 se
2817 1632 3136 1687 dilIerentiis
3184 1632 3295 1700 jam
3351 1633 3475 1688 inde
3526 1647 3556 1686 a

1983 1723 2199 1777 condito
2214 1724 2345 1778 orbe
2370 1734 2650 1791 exornata,
2673 1733 2727 1777 et
2757 1723 2887 1777 nihil
2912 1739 2942 1777 a
2972 1738 3230 1794 geneseos
3251 1724 3559 1795 mutationi-

1984 1816 2085 1872 bus
2106 1817 2254 1881 laesa,
2268 1798 2569 1871 immobilia
2586 1831 2813 1886 prorsus
2833 1816 2901 1871 ab
2924 1827 3127 1871 aeterno
3158 1817 3561 1873 constituerunt

300 1906 651 1972 διοικεῖσθαι;
682 1905 955 1975 πυθοίμην
983 1904 1028 1957 δ’
1078 1904 1143 1958 ἂν
1172 1905 1353 1959 αὐτῶν
1377 1904 1572 1976 ἡδέως,
1596 1904 1725 1957 ποία
1755 1904 1877 1974 δρό-

1985 1905 2112 1976 (non
2144 1906 2285 1959 enim
2320 1914 2416 1959 aut
2452 1906 2646 1961 alterni
2678 1904 2852 1960 ﬂuxus
2885 1906 3069 1971 maris,
3117 1916 3208 1961 aut
3237 1907 3375 1976 ignis
3404 1907 3560 1961 inex-

305 2017 411 2070 μου
436 2000 647 2069 κίνησις
674 2000 753 2059 είς
773 1997 836 2050 τὸ
857 1993 994 2051 εῖναι
1014 1996 1113 2065 τὴν
1134 1996 1308 2068 ἀρχὴν
1336 1996 1576 2066 παρέσχε
1594 1998 1713 2057 ταῖς
1728 1994 1881 2067 βοτά·

302 2111 445 2155 ναις,
468 2093 578 2152 τοῖς
599 2091 806 2159 φυτοῖς,
840 2091 951 2151 τοῖς
973 2088 1130 2153 ζώοις
1150 2104 1165 2153 ;
1192 2088 1274 2141 δεῖ
1294 2087 1402 2159 γάρ
1422 2088 1655 2141 ἑκάστου
1674 2087 1879 2142 τούτων

298 2183 591 2252 φαίνεσθαι
615 2184 714 2253 τὴν
728 2185 825 2253 τῆς
844 2182 1110 2251 γενέσεως
1133 2180 1307 2252 ὥραν,
1331 2182 1420 2234 ὅτε
1437 2179 1545 2234 ἀπὸ
1560 2182 1665 2249 γῆς
1681 2179 1880 2234 ὲπλάτ-

301 2293 479 2333 τοντο.
510 2274 637 2347 [676
665 2273 756 2347 3.]
780 2275 873 2328 καὶ
905 2275 1095 2345 ἑτέραν
1130 2274 1227 2345 μὲν
1260 2270 1399 2326 εἶναι
1423 2272 1685 2341 φοίνικος,
1712 2272 1880 2343 ἄλλην

298 2370 363 2421 δὲ
394 2367 586 2434 συκῆς,
613 2368 711 2421 καὶ
737 2366 900 2431 κυνὸς
934 2366 1246 2431 ἰδιάζουσαν
1273 2368 1364 2419 καὶ
1387 2365 1636 2436 καμήλου
1657 2382 1671 2398 ·
1697 2367 1759 2419 ού
1780 2366 1879 2438 τὴν

300 2459 476 2527 αὐτὴν
510 2458 699 2522 ἵππου,
728 2452 1079 2530 περιστερᾶς,
1106 2456 1430 2528 ἀνθρώπων,
1455 2458 1549 2511 καὶ
1575 2457 1684 2510 τῶν
1704 2456 1879 2511 ἄλλων

297 2552 525 2623 ὁμοίως.
558 2554 656 2607 “Av
684 2554 781 2624 μὲν
802 2546 897 2606 οὖν
929 2551 1093 2622 ἔχωσι
1123 2551 1302 2621 λέγειν
1343 2551 1433 2605 διὰ
1459 2552 1512 2605 τί
1544 2552 1619 2623 μὴ
1659 2552 1754 2605 καὶ
1784 2552 1879 2607 νῦν

298 2645 418 2699 ἀπὸ
446 2645 550 2714 γῆς
571 2645 593 2676 δ
619 2645 653 2716 ἡ
682 2646 899 2713 γένεσις
930 2645 1154 2698 πλάττει
1198 2645 1267 2699 τὰ
1313 2645 1705 2715 προειρημένα,
1735 2644 1879 2697 διδα-

300 2734 588 2787 σκέτωσαν
611 2748 625 2762 ·
654 2733 806 2787 οὐδὲν
835 2733 945 2803 γὰρ
980 2731 1128 2799 ἅπαξ
1156 2733 1187 2785 ὀ
1218 2734 1317 2803 τῆς
1368 2732 1635 2800 γενέσεως
1681 2733 1879 2797 κύκλος

297 2827 646 2890 ἀποτελέσει,
673 2826 734 2879 τὸ
760 2827 805 2879 δ’
832 2826 964 2879 αὐτὸ
991 2828 1134 2879 ποιεί
1158 2825 1439 2888 πολλάκις.
1483 2825 1585 2879 Διά
1624 2826 1679 2878 τί
1700 2826 1756 2879 δὲ
1778 2824 1876 2899 τὴν

301 2917 410 2989 μὲν
440 2915 615 2988 ἀρχὴν
652 2916 751 2969 ούκ
799 2916 866 2971 ἂν
894 2913 963 2987 ἦν
989 2916 1024 2970 ἂ
1053 2915 1328 2987 προήχθη,
1363 2916 1438 2987 μὴ
1481 2917 1589 2969 ἀπὸ
1611 2917 1714 2989 γῆς
1742 2917 1879 2969 πλα-

300 3011 526 3076 σθέντα,
564 3007 690 3081 [350
714 3008 805 3080 ΗΣ]
842 3008 980 3078 μετά
1011 3008 1069 3062 δὲ
1093 3008 1267 3061 ταῦτα
1297 3008 1450 3062 οὐδὲν
1474 3007 1541 3062 ἂν
1565 3009 1744 3062 αὐτῶν
1771 3010 1879 3063 ἀπὸ

299 3105 410 3173 γῆς
442 3102 783 3173 βλαστήσειε,
813 3102 903 3154 διὰ
932 3101 989 3154 δὲ
1016 3104 1113 3171 τῆς
1143 3101 1202 3166 ἐξ
1231 3101 1473 3172 ἀλλήλων
1496 3101 1747 3172 διαδοχῆς
1771 3101 1879 3155 σώ-

1980 1996 2163 2050 stincti
2213 1995 2395 2051 fontes
2430 2006 2524 2050 aut
2556 1995 2872 2050 animalium
2913 1996 2964 2050 in
2992 1998 3217 2067 singulis
3254 1997 3561 2053 climatibus

1982 2087 2301 2143 diﬂerentiae
2331 2096 2426 2142 aut
2458 2087 2576 2142 alia:
2608 2087 3052 2153 innumerabiles,
3073 2087 3167 2142 sed
3199 2088 3560 2143 immutabile:

1979 2193 2162 2233 rerum
2206 2178 2553 2234 alterationes
2583 2192 2822 2248 unquam
2863 2177 3163 2247 cessarunt)
3196 2196 3209 2232 :
3239 2185 3318 2231 tot
3346 2177 3560 2230 interim

1982 2272 2143 2325 rebus
2175 2286 2271 2340 per
2300 2271 2468 2340 ipsam
2500 2271 2738 2341 genesim
2774 2269 3095 2333 immutatis,
3149 2269 3420 2338 quomodo
3445 2271 3565 2323 sine

1981 2365 2086 2418 hac
2103 2372 2198 2417 aut
2227 2362 2341 2417 fieri
2369 2362 2662 2431 quidquam
2677 2371 2771 2416 aut
2800 2376 3120 2431 permanere
3150 2370 3244 2415 aut
3271 2362 3560 2430 gubernari

1980 2472 2139 2527 posse
2187 2455 2435 2526 negant?
2468 2455 2720 2513 Libenter
2762 2464 2939 2509 autem
2974 2455 3040 2509 ab
3091 2455 3171 2509 eis
3219 2453 3561 2523 quaesierim,

1980 2548 2279 2618 qualisnam
2327 2548 2469 2602 forte
2522 2546 2778 2602 curriculi
2818 2557 2995 2601 matus
3026 2545 3226 2608 herbis,
3270 2544 3466 2615 plantis
3505 2557 3566 2599 et

1980 2638 2344 2695 animantibus
2394 2638 2782 2695 exsistentibus
2822 2638 3138 2709 principium
3170 2636 3380 2691 dederit
3413 2652 3428 2689 :
3464 2638 3563 2690 de-

1981 2737 2329 2792 monstranda
2365 2737 2509 2792 enim
2563 2737 2828 2807 geniturae
2866 2734 3058 2789 borum
3089 2733 3352 2803 cujusque
3404 2730 3561 2791 hora,

1980 2844 2084 2898 qua
2109 2842 2140 2882 e
2190 2836 2333 2882 terra
2372 2827 2744 2882 formabatur:
2778 2836 2833 2882 et
2853 2825 3012 2879 aliam
3048 2825 3265 2894 quidem
3300 2837 3422 2877 esse
3447 2822 3563 2892 pal-

1981 2939 2102 2987 mae,
2150 2923 2308 2977 aliam
2360 2923 2515 2982 licus.
2558 2922 2708 2976 canis
2764 2923 2891 2975 item
2933 2904 3084 2974 suam
3110 2934 3233 2974 esse
3260 2918 3563 2991 propriam,

1980 3017 2339 3085 similiterque
2380 3014 2581 3084 213a
2632 3014 2844 3077 cameli,
2881 3026 3056 3083 neque
3110 3009 3359 3065 eamdem
3416 3008 3563 3063 illam

1981 3123 2108 3164 esse
2159 3108 2305 3178 equi,
2345 3105 2634 3170 columbae,
2687 3114 2783 3158 aut
2830 3103 3133 3162 hominum,
3184 3108 3241 3155 et
3286 3099 3341 3153 id
3394 3110 3565 3164 genus

296 3199 497 3262 ζεται;
539 3194 722 3267 ἢπῶς
755 3195 817 3248 τὸ
860 3192 1200 3263 κυριώτατον
1251 3194 1345 3246 καὶ
1392 3194 1820 3261 ἀναγκαιότατον
1845 3195 1878 3263 ἡ

1988 3201 2247 3254 aliorum.
2286 3197 2342 3251 Si
2372 3211 2505 3263 ergo
2550 3204 2778 3263 possunt
2811 3195 3016 3256 dicere,
3050 3208 3149 3247 cur
3203 3205 3311 3245 non
3339 3199 3394 3243 et
3417 3203 3563 3242 nunc

299 3291 521 3358 γένεσις
542 3287 641 3341 οὐκ
672 3287 894 3357 ἔχουσα,
933 3286 1077 3354 λέγω
1115 3285 1180 3356 δὴ
1207 3284 1270 3338 τὸ
1300 3287 1408 3339 άπὸ
1444 3286 1547 3355 γῆς
1581 3286 1789 3340 πλάσαι
1811 3286 1880 3339 τά

1985 3302 2184 3346 eterra
2231 3288 2444 3359 genesis
2473 3286 2669 3342 formet
2703 3286 2982 3357 praedicta,
3014 3285 3243 3339 doceant
3268 3296 3386 3335 nos.
3420 3279 3566 3333 Nibil

298 3380 510 3444 πάντα,
542 3378 636 3431 τοῦ
674 3380 1005 3449 συγκρατεῖν
1024 3376 1118 3431 καὶ¹
1161 3376 1448 3430 ἀποτελεῖν
1477 3378 1572 3431 καὶ¹
1600 3377 1882 3445 ἀφανίζειν

300 3472 427 3526 ἐστὶ
457 3472 619 3541 κυρία
644 3486 659 3536 ;
690 3469 772 3523 ἔτι
803 3469 861 3522 δὲ
883 3471 932 3522 εί
951 3470 971 3501 ⁵
998 3468 1106 3522 ἀπὸ
1134 3469 1231 3538 τῆς
1258 3469 1403 3523 κατὰ
1426 3469 1524 3540 τὴν
1550 3468 1701 3540 ὥραν
1731 3471 1885 3540 ἀκριο

297 3564 437 3627 ϐοῦς
474 3563 826 3632 ἐπιγνώσεως
854 3562 1069 3633 ἑκάστῳ
1096 3562 1208 3615 τῶν
1243 3562 1543 3632 γινομένων
1569 3562 1638 3615 τὰ
1666 3579 1731 3614 συ
1739 3563 1883 3631 μ6η-

301 3652 510 3722 σόμενα
521 3650 791 3718 λέγουσιν,
807 3648 903 3701 άνθ
911 3647 1097 3720 ρώπῳ,
1114 3667 1186 3719 φη
1195 3649 1278 3719 μὶ,
1297 3650 1392 3703 καὶ
1408 3650 1491 3719 βοῒ
1502 3650 1592 3702 καὶ
1604 3648 1777 3721 ὀρνέῳ
1790 3651 1885 3703 καὶ

299 3744 478 3813 πλοίῳ
500 3743 595 3796 καὶ
624 3741 795 3805 πόλει,
814 3743 909 3794 καὶ
938 3742 1157 3796 πάντων
1182 3736 1256 3795 ὧν
1284 3743 1382 3813 τὴν
1402 3742 1709 3813 πρόγνωσιν
1739 3741 1882 3812 ἔχειν

297 3835 699 3906 ἰσχυρίζονται,
715 3834 832 3897 πῶς
857 3834 961 3903 γῆς
985 3835 1081 3889 καὶ
1098 3834 1372 3905 θαλάσσης
1388 3835 1588 3888 καὶτοῦ
1612 3836 1771 3905 ἀέρος
1783 3835 1883 3889 οὐκ

295 3929 509 3991 ειδότες
532 3927 642 3981 τῶν
666 3927 935 3997 γενέσεων
960 3927 1087 3990 τοὺς
1124 3928 1372 3997 καιροὺς,
1401 3926 1472 3981 τὰ
1498 3927 1648 3998 πάθη
1676 3927 1883 3982 τούτων

298 4022 403 4075 καὶ
436 4021 534 4083 τὰς
562 4019 808 4091 κινήσεις
834 4020 929 4073 καὶ
966 4018 1067 4081 τὰς
1096 4019 1404 4090 μεταϐολὰς
1450 4019 1883 4088 ἐπαγγέλλονται

296 4112 518 4180 λέγειν;
551 4112 646 4164 καὶ
677 4111 792 4174 πῶς
829 4111 929 4163 οὐκ
962 4109 1026 4163 ἄν
1066 4127 1151 4173 τις
1179 4111 1361 4175 αὐτοῖς
1390 4112 1734 4180 ἀπιστήσειε,
1767 4112 1883 4175 πῶς

293 4206 359 4258 δὲ
393 4205 496 4257 οὐκ
528 4203 594 4256 ἂν
631 4196 810 4257 αὐτῶν
855 4204 1255 4272 άποστραφεῖεν
1285 4202 1383 4273 τὴν
1432 4203 1669 4273 ἄμετρον
1696 4203 1886 4267 ἀλαζο-

294 4299 486 4361 νείαν;
511 4295 632 4348 οὐδὲ
662 4294 768 4364 γὰρ
794 4293 904 4347 τῶν
930 4294 1071 4346 κατὰ
1096 4294 1259 4365 μέρος
1284 4294 1543 4348 ἁπάντων
1574 4293 1882 4358 ἰδιαζούσας

293 4388 602 4460 παρέξουσι
648 4386 746 4449 τὰς
793 4385 1056 4453 γενέσεις.
1095 4388 1202 4439 Καὶ
1235 4387 1341 4455 μὴν
1382 4386 1673 4440 ἀκόλουθον
1696 4387 1885 4439 τοσαύ-

294 4499 401 4543 τας
428 4475 566 4533 εἶναι
593 4478 860 4547 γενέσεων
897 4476 1178 4548 διαφορὰς,
1205 4477 1306 4531 ὃσα
1340 4479 1410 4531 τὰ
1448 4477 1579 4548 γένη
1606 4478 1715 4530 τῶν
1746 4494 1881 4549 προ-

295 4570 612 4641 αγομένων.
644 4570 768 4633 Πῶς
820 4569 930 4639 γάρ
977 4569 1045 4622 ἂν
1072 4570 1107 4639 ή
1135 4568 1292 4637 αὑτὴ⁴
1318 4568 1412 4621 τοῦ
1439 4568 1638 4638 δρόμου
1668 4569 1881 4637 γένεσις

296 4664 447 4718 κύνα
468 4664 561 4716 καὶ¹
597 4663 789 4715 λέοντα
820 4661 1157 4733 ὲργάσαιτο⁶
1194 4665 1292 4713 καὶ
1334 4659 1623 4730 ἄνθρωπον
1666 4662 1761 4713 καὶ
1800 4660 1883 4713 ἵπ-

298 4771 430 4819 πον,
455 4755 582 4817 τοὺς
617 4750 871 4806 τοσοῦτον
920 4750 1166 4821 ἀλλήλων
1211 4751 1656 4817 διαλλάττοντας;
1690 4751 1808 4815 πῶς
1837 4752 1881 4804 δ’

294 4848 371 4902 ἂν
407 4846 495 4915 εἴη
532 4845 774 4898 ποικιλία
823 4843 1154 4914 χρωμάτων,
1190 4844 1506 4912 σχημάτων,
1554 4844 1879 4912 ποιοτήτων.

301 4940 385 5010 μὴ
429 4938 606 4992 πάντα
638 4934 889 5005 ποικίλης
931 4932 1195 5002 γενέσεως
1243 4932 1635 5002 ἀποτελούσηςο
1677 4932 1753 4996 ὥς
1785 4950 1880 5001 φα·

297 5046 433 5095 σιν;
463 5028 524 5081 οὐ
574 5027 701 5098 μίαν
752 5025 810 5078 δὲ
855 5025 1088 5093 ἐχόντων
1135 5022 1335 5092 πρᾶξιν
1380 5022 1413 5090 ἢ
1470 5022 1642 5085 πάθος
1682 5022 1740 5076 ἓν
1774 5023 1884 5076 τῶν

296 5122 566 5177 ἁπάντων
600 5116 986 5189 ἀνθρώπωντῆ
1018 5115 1204 5167 ἵππων
1230 5114 1368 5166 ὂλων
1394 5113 1428 5182 ἣ
1451 5113 1671 5184 χοίρων,
1694 5114 1753 5166 ού
1789 5114 1886 5183 μέ-

298 5214 493 5283 γεθος,
513 5211 573 5265 οὐ
596 5210 781 5281 τάχος,
803 5208 901 5260 οὐκ
935 5207 1112 5275 ἰσχὺν,
1138 5206 1198 5257 ού
1231 5204 1437 5274 φωνὴν,
1461 5204 1617 5273 δῆλον
1660 5204 1735 5267 ὡς
1764 5206 1886 5275 ούχὶ

300 5308 439 5379 μίαν
465 5304 731 5373 γενέσεως
764 5300 957 5373 ῥοπὴν,
987 5299 1121 5351 ἀλλὰ
1141 5297 1404 5360 τοσαύτας
1439 5298 1886 5367 ἀναγκασθήσον-

297 5417 397 5452 ται
424 5398 626 5465 λέγειν,
662 5395 762 5463 ὅση
806 5396 900 5445 καὶ
928 5392 1035 5444 τῶν
1076 5390 1521 5459 ἀποτελουμένων
1556 5392 1588 5459 ή
1626 5390 1879 5459 διαφορὰ,

296 5494 365 5547 οὐ
406 5493 569 5565 μόνον
600 5487 755 5553 ζώων
794 5484 1065 5555 χερσαίων
1096 5484 1190 5537 καὶ
1218 5481 1439 5552 πτηνῶν
1475 5482 1569 5534 καὶ
1622 5480 1879 5551 ἐνύδρων,

1984 3384 2152 3446 enim,
2196 3379 2338 3450 quod
2367 3380 2535 3434 semel
2577 3382 2837 3434 duntaxat
2870 3394 2968 3447 per
3000 3390 3264 3445 geneseos
3293 3372 3557 3427 ambitum

1987 3475 2319 3543 perﬁciatur,
2363 3472 2459 3525 sed
2488 3472 2628 3525 idem
2664 3470 2828 3524 etiam
2859 3484 3000 3538 saepe
3030 3466 3214 3522 ellicit.
3278 3465 3389 3520 Cur
3418 3467 3567 3517 insu-

1985 3581 2081 3635 per
2113 3566 2182 3621 ab
2203 3564 2358 3621 initio
2380 3563 2597 3632 quidem
2628 3577 2735 3616 non
2758 3570 2949 3616 essent
2977 3574 3100 3628 quae
3126 3557 3384 3627 producta
3415 3565 3564 3617 sunt.

1982 3656 2090 3710 nisi
2145 3670 2176 3709 e
2225 3665 2368 3708 terra
2428 3654 2660 3707 formata
2701 3648 2977 3705 fuissent:
3034 3656 3156 3719 post
3199 3656 3381 3701 autem
3428 3642 3564 3699 nihil

1988 3752 2178 3802 borum
2215 3760 2249 3800 e
2295 3756 2436 3799 terra
2471 3742 2777 3812 germinare
2807 3740 2999 3810 possit,
3035 3740 3130 3793 sed
3168 3753 3264 3808 per
3316 3744 3565 3790 mutuam

1983 3838 2181 3894 debeat
2210 3835 2613 3891 successionem
2640 3831 2950 3886 conservari
2974 3828 2999 3883 ?
3022 3830 3130 3883 Aut
3155 3827 3425 3893 quomodo
3441 3841 3564 3881 cum

1984 3946 2103 4002 qua:
2144 3926 2359 3999 propria
2412 3924 2757 3993 maximeque
2807 3922 3112 3976 necessaria
3157 3927 3302 3984 sunt,
3353 3916 3567 3989 genesis

1986 4042 2089 4079 non
2121 4024 2317 4078 habeat
2337 4020 2465 4092 (vim
2499 4018 2645 4073 illam
2677 4028 2807 4087 puto
2828 4016 3094 4069 formandi
3121 4030 3152 4070 e
3184 4024 3327 4069 terra
3358 4012 3566 4083 omnia)

1985 4114 2343 4172 conservandi
2390 4108 2644 4183 [tamen],
2674 4108 3015 4178 perficiendi,
3052 4118 3213 4175 atque
3253 4104 3565 4160 destruendi

1986 4221 2177 4278 petens
2207 4206 2277 4259 sit
2302 4203 2325 4256 ?
2354 4202 2623 4256 Praeterea
2648 4199 2693 4254 si
2726 4214 2789 4253 ex
2820 4207 3072 4253 accurata
3091 4196 3180 4251 illa
3207 4195 3351 4250 hora:
3384 4193 3571 4263 cogni-

1987 4303 2153 4364 tione,
2182 4294 2411 4365 singulis
2437 4306 2556 4363 qute
2581 4292 2875 4362 gignuntur
2900 4298 3157 4345 eventura
3186 4287 3448 4349 referunt,
3472 4288 3570 4340 ho-

1986 4390 2142 4452 mini,
2202 4388 2443 4455 iuquam,
2497 4392 2552 4436 et
2584 4380 2860 4451 bovi,|avi
2889 4389 3054 4449 atque
3080 4378 3227 4441 navi,
3284 4378 3402 4433 urbi
3436 4377 3566 4431 item

1985 4492 2041 4539 et
2068 4481 2279 4537 caeteris
2303 4477 2577 4539 omnibus,
2607 4488 2839 4544 quorum
2861 4471 3333 4543 praecognitionem
3362 4468 3569 4523 habere

1911 4551 1958 4611 D
1986 4590 2046 4632 se
2063 4581 2348 4629 asserunt:
2370 4570 2469 4643 [at]
2489 4585 2594 4639 qua
2622 4569 2830 4621 ratione
2858 4580 2979 4620 eum
3004 4574 3184 4626 terrae,
3209 4562 3400 4625 maris,
3422 4560 3569 4615 aeris

1979 4662 2240 4735 geniturae
2270 4670 2508 4729 tempora
2552 4672 2658 4711 non
2694 4653 3178 4715 noverint,borum
3223 4650 3565 4715 affectiones,

1980 4771 2044 4810 ac
2096 4754 2380 4811 motiones,
2415 4749 2854 4814 mutationesque
2884 4744 3207 4799 denuntiare
3251 4758 3309 4797 se
3342 4742 3571 4812 promit-

1981 4846 2147 4901 tunt?
2187 4841 2457 4913 quomodo
2502 4841 2624 4908 quis
2674 4839 2794 4893 istis
2836 4838 3041 4901 credat,
3079 4844 3172 4890 aut
3203 4850 3309 4906 qua
3357 4835 3569 4889 ratione

1981 4934 2402 4994 immoderatam
2440 4933 2677 4999 ipsorum
2714 4931 3083 4999 arrogantiam
3109 4943 3214 4982 non
3242 4937 3522 4983 aversetur
3542 4928 3569 4981 ΐ

1990 5042 2261 5094 nunquam
2276 5025 2421 5079 enim
2444 5021 2754 5093 singulatim
2775 5020 3018 5074 omnium
3037 5020 3297 5074 exhibere
3321 5017 3568 5088 proprias

1986 5120 2270 5191 genituras
2314 5124 2588 5185 poterunt.
2616 5113 2684 5168 Et
2721 5127 2853 5166 vero
2884 5112 3048 5167 etiam
3096 5125 3435 5179 consequens
3482 5118 3569 5162 est

1991 5222 2069 5265 tot
2106 5224 2229 5264 esse
2255 5207 2627 5278 geniturarum
2658 5203 3013 5270 dili‘erentias,
3045 5212 3178 5275 quot
3210 5210 3336 5257 sunt
3376 5214 3565 5253 eorum

1988 5314 2107 5368 qua:
2163 5299 2534 5368 producuntur
2584 5307 2800 5365 genera.
2856 5291 2990 5347 Nam
3060 5291 3330 5363 quomodo
3374 5291 3565 5342 eadem

1990 5391 2243 5444 curriculi
2273 5390 2485 5456 genesis
2515 5401 2705 5443 canem
2737 5396 2792 5441 et
2821 5386 3030 5440 leonem
3070 5383 3352 5454 producat,
3388 5380 3563 5435 homi-

1993 5496 2114 5536 nem
2151 5483 2276 5536 item
2311 5491 2368 5535 ct
2404 5496 2606 5550 equum
2642 5488 2923 5548 tantopere
2974 5478 3114 5531 inter
3158 5491 3215 5530 se
3252 5475 3567 5542 discrepan-

1580 5656 1816 5713 VARIA‘Z
1846 5656 2252 5713 LECTIONES.

380 5786 427 5817 ’⁸
458 5785 764 5855 εἱμαρμένη
792 5785 856 5835 Α.
922 5781 977 5855 ,⁸⁸
1011 5778 1140 5848 ὑπὸ]
1170 5778 1465 5855 1ἱὶιξίάπό..
1544 5778 1559 5807 ¹
1593 5774 1845 5855 ﬁni-add.
1878 5777 1941 5828 Α.

302 5859 325 5889 ⁵
352 5858 406 5909 εί
436 5846 653 5910 addit-1'.
724 5846 1075 5923 ’ἐίργάσατο
1108 5846 1169 5912 (ᾗ.
1246 5850 1264 5880 ⁷
1298 5848 1602 5918 ἀνθρώπων
1624 5846 1746 5899 atltl.
1778 5846 1841 5899 Δ.

2042 5779 2062 5806 ²
2095 5776 2247 5830 οὐδὲν
2272 5778 2315 5829 Α
2352 5790 2366 5829 :
2399 5776 2461 5828 ού
2498 5792 2557 5840 ς.
2668 5774 2689 5807 ³
2711 5773 2881 5845 αὐτῆς
2916 5790 2975 5837 ς.
3084 5772 3102 5803 ⁸
3127 5770 3235 5824 ἀπὸ
3255 5773 3353 5843 τῆς
3381 5769 3480 5841 γῆς
3504 5785 3562 5835 ς.
