  <div class='ocr_page' id='page_1' title='image "/cluster/home/n/w/nwhite01/storage/ocr_20150623/103:no.3/coo.31924054870070/437.png"; bbox 0 0 4032 6450; ppageno 0'>
   <div class='ocr_carea' id='block_1_1' title="bbox 568 414 668 477">
    <p class='ocr_par' dir='ltr' id='par_1_1' title="bbox 568 414 668 477">
     <span class='ocr_line' id='line_1_1' title="bbox 568 414 668 477; baseline 0 -1"><span class='ocrx_word' id='word_1_1' title='bbox 568 414 668 477; x_wconf 73' lang='grc'>847</span> 
     </span>
    </p>
   </div>
   <div class='ocr_carea' id='block_1_2' title="bbox 1721 406 2653 468">
    <p class='ocr_par' dir='ltr' id='par_1_2' title="bbox 1721 406 2653 468">
     <span class='ocr_line' id='line_1_2' title="bbox 1721 406 2653 468; baseline 0.001 -1"><span class='ocrx_word' id='word_1_2' title='bbox 1721 406 1983 468; x_wconf 85' lang='grc' dir='ltr'><strong>ΡΗΟΤΙΙ</strong></span> <span class='ocrx_word' id='word_1_3' title='bbox 2008 408 2514 467; x_wconf 64' lang='grc' dir='ltr'><strong>ΡΑΤΒΙΛΒΟΗίΕ</strong></span> <span class='ocrx_word' id='word_1_4' title='bbox 2547 408 2653 468; x_wconf 80' lang='lat' dir='ltr'><strong>CP.</strong></span> 
     </span>
    </p>
   </div>
   <div class='ocr_carea' id='block_1_3' title="bbox 3670 428 3755 491">
    <p class='ocr_par' dir='ltr' id='par_1_3' title="bbox 3670 428 3755 491">
     <span class='ocr_line' id='line_1_3' title="bbox 3670 428 3755 491; baseline 0.047 -4"><span class='ocrx_word' id='word_1_5' title='bbox 3670 428 3755 491; x_wconf 64' lang='lat'><strong>858</strong></span> 
     </span>
    </p>
   </div>
   <div class='ocr_carea' id='block_1_4' title="bbox 565 513 2130 587">
    <p class='ocr_par' dir='ltr' id='par_1_4' title="bbox 565 513 2130 587">
     <span class='ocr_line' id='line_1_4' title="bbox 565 513 2130 587; baseline -0.003 -13"><span class='ocrx_word' id='word_1_6' title='bbox 565 528 648 574; x_wconf 87' lang='lat' dir='ltr'><strong>tes</strong></span> <span class='ocrx_word' id='word_1_7' title='bbox 676 519 701 573; x_wconf 78' lang='lat' dir='ltr'><strong>‘I</strong></span> <span class='ocrx_word' id='word_1_8' title='bbox 725 517 999 587; x_wconf 92' lang='lat' dir='ltr'><strong>quomodo</strong></span> <span class='ocrx_word' id='word_1_9' title='bbox 1022 515 1151 570; x_wconf 95' lang='lat' dir='ltr'><strong>item</strong></span> <span class='ocrx_word' id='word_1_10' title='bbox 1185 513 1451 578; x_wconf 85' lang='lat' dir='ltr'><strong>colorum,</strong></span> <span class='ocrx_word' id='word_1_11' title='bbox 1483 514 1798 584; x_wconf 85' lang='lat' dir='ltr'><strong>ﬁgurarum,</strong></span> <span class='ocrx_word' id='word_1_12' title='bbox 1821 515 2130 583; x_wconf 86' lang='lat' dir='ltr'><strong>qualitatuu</strong></span> 
     </span>
    </p>
   </div>
   <div class='ocr_carea' id='block_1_5' title="bbox 2230 513 3761 587">
    <p class='ocr_par' dir='ltr' id='par_1_5' title="bbox 2251 514 3761 587">
     <span class='ocr_line' id='line_1_5' title="bbox 2251 514 3761 587; baseline 0.01 -19"><span class='ocrx_word' id='word_1_13' title='bbox 2251 515 2387 570; x_wconf 79' lang='grc' dir='ltr'>ἀλλὰ</span> <span class='ocrx_word' id='word_1_14' title='bbox 2427 518 2521 569; x_wconf 74' lang='grc' dir='ltr'><strong>καὶ</strong></span> <span class='ocrx_word' id='word_1_15' title='bbox 2563 517 2748 585; x_wconf 74' lang='grc' dir='ltr'>φυτῶν</span> <span class='ocrx_word' id='word_1_16' title='bbox 2784 517 2879 571; x_wconf 68' lang='grc' dir='ltr'><strong>καὶ</strong></span> <span class='ocrx_word' id='word_1_17' title='bbox 2909 514 3147 586; x_wconf 79' lang='grc' dir='ltr'><strong>βοτανῶν</strong></span> <span class='ocrx_word' id='word_1_18' title='bbox 3182 516 3275 567; x_wconf 80' lang='grc' dir='ltr'><strong>καὶ</strong></span> <span class='ocrx_word' id='word_1_19' title='bbox 3314 517 3433 571; x_wconf 82' lang='grc' dir='ltr'>εττι</span> <span class='ocrx_word' id='word_1_20' title='bbox 3459 521 3575 578; x_wconf 76' lang='grc' dir='ltr'>ἄλλο</span> <span class='ocrx_word' id='word_1_21' title='bbox 3603 528 3652 581; x_wconf 76' lang='grc' dir='ltr'>ὲν</span> <span class='ocrx_word' id='word_1_22' title='bbox 3683 540 3761 587; x_wconf 71' lang='grc' dir='ltr'><strong>χό-</strong></span> 
     </span>
    </p>
   </div>
   <div class='ocr_carea' id='block_1_6' title="bbox 563 606 2148 677">
    <p class='ocr_par' dir='ltr' id='par_1_6' title="bbox 563 606 2148 677">
     <span class='ocr_line' id='line_1_6' title="bbox 563 606 2148 677; baseline -0.002 -9"><span class='ocrx_word' id='word_1_23' title='bbox 563 614 799 667; x_wconf 80' lang='lat' dir='ltr'><strong>varietas</strong></span> <span class='ocrx_word' id='word_1_24' title='bbox 820 612 914 675; x_wconf 80' lang='lat' dir='ltr'><strong>sit,</strong></span> <span class='ocrx_word' id='word_1_25' title='bbox 938 610 1041 663; x_wconf 82' lang='lat' dir='ltr'><strong>nisi</strong></span> <span class='ocrx_word' id='word_1_26' title='bbox 1063 606 1211 663; x_wconf 87' lang='lat' dir='ltr'><strong>varia</strong></span> <span class='ocrx_word' id='word_1_27' title='bbox 1236 621 1451 676; x_wconf 89' lang='lat' dir='ltr'><strong>quoque</strong></span> <span class='ocrx_word' id='word_1_28' title='bbox 1474 607 1688 677; x_wconf 78' lang='lat' dir='ltr'><strong>genesis</strong></span> <span class='ocrx_word' id='word_1_29' title='bbox 1714 608 1830 663; x_wconf 71' lang='lat' dir='ltr'><strong>haec</strong></span> <span class='ocrx_word' id='word_1_30' title='bbox 1854 610 2035 663; x_wconf 80' lang='lat' dir='ltr'><strong>omnia</strong></span> <span class='ocrx_word' id='word_1_31' title='bbox 2063 608 2148 665; x_wconf 81' lang='lat' dir='ltr'><strong>ef-</strong></span> 
     </span>
    </p>
   </div>
   <div class='ocr_carea' id='block_1_7' title="bbox 564 699 2154 765">
    <p class='ocr_par' dir='ltr' id='par_1_7' title="bbox 564 699 2154 765">
     <span class='ocr_line' id='line_1_7' title="bbox 564 699 2154 765; baseline -0.002 -5"><span class='ocrx_word' id='word_1_32' title='bbox 564 706 769 765; x_wconf 84' lang='lat' dir='ltr'><strong>ﬁceret,</strong></span> <span class='ocrx_word' id='word_1_33' title='bbox 794 712 851 758; x_wconf 94' lang='lat' dir='ltr'><strong>ut</strong></span> <span class='ocrx_word' id='word_1_34' title='bbox 872 702 1056 757; x_wconf 83' lang='lat' dir='ltr'><strong>aiunt?</strong></span> <span class='ocrx_word' id='word_1_35' title='bbox 1079 699 1214 754; x_wconf 90' lang='lat' dir='ltr'><strong>Cum</strong></span> <span class='ocrx_word' id='word_1_36' title='bbox 1244 714 1374 754; x_wconf 81' lang='lat' dir='ltr'><strong>vero</strong></span> <span class='ocrx_word' id='word_1_37' title='bbox 1403 714 1510 753; x_wconf 88' lang='lat' dir='ltr'><strong>non</strong></span> <span class='ocrx_word' id='word_1_38' title='bbox 1535 713 1642 753; x_wconf 85' lang='lat' dir='ltr'><strong>una</strong></span> <span class='ocrx_word' id='word_1_39' title='bbox 1672 699 1743 753; x_wconf 90' lang='lat' dir='ltr'><strong>sit</strong></span> <span class='ocrx_word' id='word_1_40' title='bbox 1768 700 2010 755; x_wconf 88' lang='lat' dir='ltr'><strong>omnium</strong></span> <span class='ocrx_word' id='word_1_41' title='bbox 2039 702 2154 757; x_wconf 86' lang='lat' dir='ltr'><strong>sive</strong></span> 
     </span>
    </p>
   </div>
   <div class='ocr_carea' id='block_1_8' title="bbox 563 791 2153 860">
    <p class='ocr_par' dir='ltr' id='par_1_8' title="bbox 563 791 2153 860">
     <span class='ocr_line' id='line_1_8' title="bbox 563 791 2153 860; baseline -0.003 -9"><span class='ocrx_word' id='word_1_42' title='bbox 563 798 727 858; x_wconf 89' lang='lat' dir='ltr'><strong>actio,</strong></span> <span class='ocrx_word' id='word_1_43' title='bbox 752 795 866 849; x_wconf 85' lang='lat' dir='ltr'><strong>sive</strong></span> <span class='ocrx_word' id='word_1_44' title='bbox 889 791 1128 856; x_wconf 73' lang='lat' dir='ltr'><strong>aﬂ‘ectio,</strong></span> <span class='ocrx_word' id='word_1_45' title='bbox 1161 806 1268 845; x_wconf 92' lang='lat' dir='ltr'><strong>non</strong></span> <span class='ocrx_word' id='word_1_46' title='bbox 1293 806 1555 859; x_wconf 86' lang='lat' dir='ltr'><strong>equorum</strong></span> <span class='ocrx_word' id='word_1_47' title='bbox 1576 791 1820 845; x_wconf 84' lang='lat' dir='ltr'><strong>omnium</strong></span> <span class='ocrx_word' id='word_1_48' title='bbox 1851 791 1931 845; x_wconf 87' lang='lat' dir='ltr'><strong>vel</strong></span> <span class='ocrx_word' id='word_1_49' title='bbox 1962 806 2153 860; x_wconf 89' lang='lat' dir='ltr'><strong>porco-</strong></span> 
     </span>
    </p>
   </div>
   <div class='ocr_carea' id='block_1_9' title="bbox 560 883 2152 955">
    <p class='ocr_par' dir='ltr' id='par_1_9' title="bbox 560 883 2152 955">
     <span class='ocr_line' id='line_1_9' title="bbox 560 883 2152 955; baseline -0.003 -12"><span class='ocrx_word' id='word_1_50' title='bbox 560 904 680 943; x_wconf 87' lang='lat' dir='ltr'><strong>rum</strong></span> <span class='ocrx_word' id='word_1_51' title='bbox 705 888 893 942; x_wconf 86' lang='lat' dir='ltr'><strong>eadem</strong></span> <span class='ocrx_word' id='word_1_52' title='bbox 918 884 1554 955; x_wconf 69' lang='lat' dir='ltr'><strong>magnitudo,§celeritas,</strong></span> <span class='ocrx_word' id='word_1_53' title='bbox 1582 883 1866 949; x_wconf 73' lang='lat' dir='ltr'><strong>fortitudo,</strong></span> <span class='ocrx_word' id='word_1_54' title='bbox 1892 898 2018 947; x_wconf 81' lang='lat' dir='ltr'><strong>vox,</strong></span> <span class='ocrx_word' id='word_1_55' title='bbox 2043 900 2152 939; x_wconf 89' lang='lat' dir='ltr'><strong>non</strong></span> 
     </span>
    </p>
   </div>
   <div class='ocr_carea' id='block_1_10' title="bbox 565 974 2146 1045">
    <p class='ocr_par' dir='ltr' id='par_1_10' title="bbox 565 974 2146 1045">
     <span class='ocr_line' id='line_1_10' title="bbox 565 974 2146 1045; baseline -0.003 -13"><span class='ocrx_word' id='word_1_56' title='bbox 565 993 730 1033; x_wconf 89' lang='lat' dir='ltr'><strong>unum</strong></span> <span class='ocrx_word' id='word_1_57' title='bbox 766 979 927 1031; x_wconf 88' lang='lat' dir='ltr'><strong>etiam</strong></span> <span class='ocrx_word' id='word_1_58' title='bbox 963 984 1245 1045; x_wconf 78' lang='lat' dir='ltr'><strong>cogentur,</strong></span> <span class='ocrx_word' id='word_1_59' title='bbox 1266 984 1326 1029; x_wconf 92' lang='lat' dir='ltr'><strong>ut</strong></span> <span class='ocrx_word' id='word_1_60' title='bbox 1358 983 1589 1035; x_wconf 75' lang='lat' dir='ltr'><strong>constat,</strong></span> <span class='ocrx_word' id='word_1_61' title='bbox 1615 974 1877 1043; x_wconf 66' lang='lat' dir='ltr'><strong>genituras</strong></span> <span class='ocrx_word' id='word_1_62' title='bbox 1900 988 2146 1029; x_wconf 83' lang='lat' dir='ltr'><strong>momen-</strong></span> 
     </span>
    </p>
   </div>
   <div class='ocr_carea' id='block_1_11' title="bbox 563 1066 2145 1135">
    <p class='ocr_par' dir='ltr' id='par_1_11' title="bbox 563 1066 2145 1135">
     <span class='ocr_line' id='line_1_11' title="bbox 563 1066 2145 1135; baseline -0.003 -11"><span class='ocrx_word' id='word_1_63' title='bbox 563 1082 676 1124; x_wconf 86' lang='lat' dir='ltr'><strong>tum</strong></span> <span class='ocrx_word' id='word_1_64' title='bbox 712 1068 896 1133; x_wconf 80' lang='lat' dir='ltr'><strong>fateri,</strong></span> <span class='ocrx_word' id='word_1_65' title='bbox 923 1068 1016 1122; x_wconf 87' lang='lat' dir='ltr'><strong>sed</strong></span> <span class='ocrx_word' id='word_1_66' title='bbox 1051 1076 1129 1120; x_wconf 88' lang='lat' dir='ltr'><strong>tut</strong></span> <span class='ocrx_word' id='word_1_67' title='bbox 1159 1066 1339 1135; x_wconf 86' lang='lat' dir='ltr'><strong>plane,</strong></span> <span class='ocrx_word' id='word_1_68' title='bbox 1372 1076 1503 1134; x_wconf 86' lang='lat' dir='ltr'><strong>quot</strong></span> <span class='ocrx_word' id='word_1_69' title='bbox 1532 1076 1689 1120; x_wconf 90' lang='lat' dir='ltr'><strong>erunt</strong></span> <span class='ocrx_word' id='word_1_70' title='bbox 1712 1080 1898 1120; x_wconf 86' lang='lat' dir='ltr'><strong>eorum</strong></span> <span class='ocrx_word' id='word_1_71' title='bbox 1929 1081 2048 1134; x_wconf 71' lang='lat' dir='ltr'><strong>qua:</strong></span> <span class='ocrx_word' id='word_1_72' title='bbox 2076 1067 2145 1121; x_wconf 90' lang='lat' dir='ltr'><strong>ab</strong></span> 
     </span>
    </p>
   </div>
   <div class='ocr_carea' id='block_1_12' title="bbox 558 1158 2142 1232">
    <p class='ocr_par' dir='ltr' id='par_1_12' title="bbox 558 1158 2142 1232">
     <span class='ocr_line' id='line_1_12' title="bbox 558 1158 2142 1232; baseline -0.003 -14"><span class='ocrx_word' id='word_1_73' title='bbox 558 1178 623 1218; x_wconf 87' lang='lat' dir='ltr'><strong>ea</strong></span> <span class='ocrx_word' id='word_1_74' title='bbox 683 1162 1040 1232; x_wconf 89' lang='lat' dir='ltr'><strong>perﬁciuntur</strong></span> <span class='ocrx_word' id='word_1_75' title='bbox 1063 1159 1408 1223; x_wconf 70' lang='lat' dir='ltr'><strong>diﬂ&#39;erentite,</strong></span> <span class='ocrx_word' id='word_1_76' title='bbox 1458 1174 1564 1213; x_wconf 90' lang='lat' dir='ltr'><strong>non</strong></span> <span class='ocrx_word' id='word_1_77' title='bbox 1592 1159 1935 1214; x_wconf 82' lang='lat' dir='ltr'><strong>terrestrium</strong></span> <span class='ocrx_word' id='word_1_78' title='bbox 1981 1158 2142 1214; x_wconf 89' lang='lat' dir='ltr'><strong>modo</strong></span> 
     </span>
    </p>
   </div>
   <div class='ocr_carea' id='block_1_13' title="bbox 560 1248 2138 1320">
    <p class='ocr_par' dir='ltr' id='par_1_13' title="bbox 560 1248 2138 1320">
     <span class='ocr_line' id='line_1_13' title="bbox 560 1248 2138 1320; baseline -0.003 -14"><span class='ocrx_word' id='word_1_79' title='bbox 560 1253 871 1307; x_wconf 91' lang='lat' dir='ltr'><strong>animalium</strong></span> <span class='ocrx_word' id='word_1_80' title='bbox 923 1260 1051 1320; x_wconf 90' lang='lat' dir='ltr'><strong>puta</strong></span> <span class='ocrx_word' id='word_1_81' title='bbox 1099 1258 1155 1305; x_wconf 87' lang='lat' dir='ltr'><strong>et</strong></span> <span class='ocrx_word' id='word_1_82' title='bbox 1204 1248 1537 1314; x_wconf 84' lang='lat' dir='ltr'><strong>volantium,</strong></span> <span class='ocrx_word' id='word_1_83' title='bbox 1584 1258 1749 1316; x_wconf 87' lang='lat' dir='ltr'><strong>atque</strong></span> <span class='ocrx_word' id='word_1_84' title='bbox 1798 1248 2138 1317; x_wconf 81' lang='lat' dir='ltr'><strong>aquatilium,</strong></span> 
     </span>
    </p>
   </div>
   <div class='ocr_carea' id='block_1_14' title="bbox 559 1341 2137 1414">
    <p class='ocr_par' dir='ltr' id='par_1_14' title="bbox 559 1341 2137 1414">
     <span class='ocr_line' id='line_1_14' title="bbox 559 1341 2137 1414; baseline -0.003 -14"><span class='ocrx_word' id='word_1_85' title='bbox 559 1347 653 1401; x_wconf 82' lang='lat' dir='ltr'><strong>sed</strong></span> <span class='ocrx_word' id='word_1_86' title='bbox 686 1354 741 1400; x_wconf 92' lang='lat' dir='ltr'><strong>et</strong></span> <span class='ocrx_word' id='word_1_87' title='bbox 770 1344 1105 1414; x_wconf 88' lang='lat' dir='ltr'><strong>plantarum,</strong></span> <span class='ocrx_word' id='word_1_88' title='bbox 1143 1350 1198 1396; x_wconf 81' lang='lat' dir='ltr'><strong>et</strong></span> <span class='ocrx_word' id='word_1_89' title='bbox 1244 1341 1560 1406; x_wconf 85' lang='lat' dir='ltr'><strong>herbarum,</strong></span> <span class='ocrx_word' id='word_1_90' title='bbox 1591 1350 1645 1395; x_wconf 84' lang='lat' dir='ltr'><strong>et</strong></span> <span class='ocrx_word' id='word_1_91' title='bbox 1676 1342 1718 1396; x_wconf 95' lang='lat' dir='ltr'><strong>si</strong></span> <span class='ocrx_word' id='word_1_92' title='bbox 1750 1343 1877 1412; x_wconf 84' lang='lat' dir='ltr'><strong>quid</strong></span> <span class='ocrx_word' id='word_1_93' title='bbox 1905 1341 2047 1395; x_wconf 86' lang='lat' dir='ltr'><strong>aliud</strong></span> <span class='ocrx_word' id='word_1_94' title='bbox 2082 1344 2137 1396; x_wconf 91' lang='lat' dir='ltr'><strong>in</strong></span> 
     </span>
    </p>
   </div>
   <div class='ocr_carea' id='block_1_15' title="bbox 559 1434 2137 1503">
    <p class='ocr_par' dir='ltr' id='par_1_15' title="bbox 559 1434 2137 1503">
     <span class='ocr_line' id='line_1_15' title="bbox 559 1434 2137 1503; baseline -0.002 -13"><span class='ocrx_word' id='word_1_95' title='bbox 559 1448 704 1491; x_wconf 89' lang='lat' dir='ltr'><strong>terra</strong></span> <span class='ocrx_word' id='word_1_96' title='bbox 742 1445 1011 1490; x_wconf 86' lang='lat' dir='ltr'><strong>nascatur.</strong></span> <span class='ocrx_word' id='word_1_97' title='bbox 1067 1434 1133 1488; x_wconf 86' lang='lat' dir='ltr'><strong>Et</strong></span> <span class='ocrx_word' id='word_1_98' title='bbox 1160 1434 1432 1503; x_wconf 87' lang='lat' dir='ltr'><strong>quomodo</strong></span> <span class='ocrx_word' id='word_1_99' title='bbox 1478 1435 1795 1488; x_wconf 79' lang='lat' dir='ltr'><strong>immensam</strong></span> <span class='ocrx_word' id='word_1_100' title='bbox 1828 1434 1966 1488; x_wconf 90' lang='lat' dir='ltr'><strong>adeo</strong></span> <span class='ocrx_word' id='word_1_101' title='bbox 2002 1444 2137 1489; x_wconf 84' lang='lat' dir='ltr'><strong>tem-</strong></span> 
     </span>
    </p>
   </div>
   <div class='ocr_carea' id='block_1_16' title="bbox 2253 604 3764 694">
    <p class='ocr_par' dir='ltr' id='par_1_16' title="bbox 2253 604 3764 694">
     <span class='ocr_line' id='line_1_16' title="bbox 2253 604 3764 694; baseline 0.012 -36"><span class='ocrx_word' id='word_1_102' title='bbox 2253 624 2377 678; x_wconf 86' lang='grc' dir='ltr'><strong>σμῳ</strong></span> <span class='ocrx_word' id='word_1_103' title='bbox 2407 608 2623 677; x_wconf 82' lang='grc' dir='ltr'>φύεται.</span> <span class='ocrx_word' id='word_1_104' title='bbox 2655 610 2767 664; x_wconf 83' lang='grc' dir='ltr'><strong>Καὶ</strong></span> <span class='ocrx_word' id='word_1_105' title='bbox 2800 609 2917 669; x_wconf 80' lang='grc' dir='ltr'><strong>πῶς</strong></span> <span class='ocrx_word' id='word_1_106' title='bbox 2965 608 3032 661; x_wconf 85' lang='grc' dir='ltr'>ἂν</span> <span class='ocrx_word' id='word_1_107' title='bbox 3077 604 3325 660; x_wconf 82' lang='grc' dir='ltr'>τοσοῦτον</span> <span class='ocrx_word' id='word_1_108' title='bbox 3349 610 3559 684; x_wconf 79' lang='grc' dir='ltr'>ἄπειρον</span> <span class='ocrx_word' id='word_1_109' title='bbox 3591 620 3764 694; x_wconf 79' lang='grc' dir='ltr'>πλῆθος</span> 
     </span>
    </p>
   </div>
   <div class='ocr_carea' id='block_1_17' title="bbox 2250 697 3768 777">
    <p class='ocr_par' dir='ltr' id='par_1_17' title="bbox 2250 697 3768 777">
     <span class='ocr_line' id='line_1_17' title="bbox 2250 697 3768 777; baseline 0.01 -25"><span class='ocrx_word' id='word_1_110' title='bbox 2250 699 2360 754; x_wconf 84' lang='grc' dir='ltr'>τῶν</span> <span class='ocrx_word' id='word_1_111' title='bbox 2394 700 2604 770; x_wconf 82' lang='grc' dir='ltr'>καιρῶν</span> <span class='ocrx_word' id='word_1_112' title='bbox 2649 698 3127 764; x_wconf 81' lang='grc' dir='ltr'>ἀναπλάσουσιν⁸;</span> <span class='ocrx_word' id='word_1_113' title='bbox 3158 697 3271 752; x_wconf 77' lang='grc' dir='ltr'>ἀλλ’</span> <span class='ocrx_word' id='word_1_114' title='bbox 3305 702 3400 771; x_wconf 84' lang='grc' dir='ltr'><strong>οὐχ</strong></span> <span class='ocrx_word' id='word_1_115' title='bbox 3443 704 3654 777; x_wconf 76' lang='grc' dir='ltr'>ἕξουσιν,</span> <span class='ocrx_word' id='word_1_116' title='bbox 3678 718 3768 770; x_wconf 67' lang='grc' dir='ltr'>οὐδ’</span> 
     </span>
    </p>
   </div>
   <div class='ocr_carea' id='block_1_18' title="bbox 2249 791 3771 871">
    <p class='ocr_par' dir='ltr' id='par_1_18' title="bbox 2249 791 3771 871">
     <span class='ocr_line' id='line_1_18' title="bbox 2249 791 3771 871; baseline 0.011 -33"><span class='ocrx_word' id='word_1_117' title='bbox 2249 794 2300 844; x_wconf 81' lang='grc' dir='ltr'><strong>ει</strong></span> <span class='ocrx_word' id='word_1_118' title='bbox 2341 793 2603 863; x_wconf 80' lang='grc' dir='ltr'><strong>μυριάδες</strong></span> <span class='ocrx_word' id='word_1_119' title='bbox 2637 793 2858 863; x_wconf 82' lang='grc' dir='ltr'>ἡμερῶν</span> <span class='ocrx_word' id='word_1_120' title='bbox 2905 792 3091 855; x_wconf 75' lang='grc' dir='ltr'>αὐτοῖς</span> <span class='ocrx_word' id='word_1_121' title='bbox 3130 791 3219 845; x_wconf 75' lang='grc' dir='ltr'><strong>τὸν</strong></span> <span class='ocrx_word' id='word_1_122' title='bbox 3256 792 3491 847; x_wconf 79' lang='grc' dir='ltr'>ἐνιαυτὸν</span> <span class='ocrx_word' id='word_1_123' title='bbox 3517 799 3771 871; x_wconf 78' lang='grc' dir='ltr'><strong>ἐπλήρουν,</strong></span> 
     </span>
    </p>
   </div>
   <div class='ocr_carea' id='block_1_19' title="bbox 2250 883 3773 959">
    <p class='ocr_par' dir='ltr' id='par_1_19' title="bbox 2250 883 3773 959">
     <span class='ocr_line' id='line_1_19' title="bbox 2250 883 3773 959; baseline 0.006 -20"><span class='ocrx_word' id='word_1_124' title='bbox 2250 884 2511 939; x_wconf 82' lang='grc' dir='ltr'><strong>Μάλιστα</strong></span> <span class='ocrx_word' id='word_1_125' title='bbox 2547 886 2606 939; x_wconf 81' lang='grc' dir='ltr'><strong>δὲ</strong></span> <span class='ocrx_word' id='word_1_126' title='bbox 2642 884 2821 938; x_wconf 81' lang='grc' dir='ltr'>αὐτῶν</span> <span class='ocrx_word' id='word_1_127' title='bbox 2849 884 2911 937; x_wconf 85' lang='grc' dir='ltr'><strong>τὸ</strong></span> <span class='ocrx_word' id='word_1_128' title='bbox 2941 883 3138 953; x_wconf 76' lang='grc' dir='ltr'>ψεῦδος</span> <span class='ocrx_word' id='word_1_129' title='bbox 3182 884 3527 957; x_wconf 57' lang='grc' dir='ltr'>κατάφωρον</span> <span class='ocrx_word' id='word_1_130' title='bbox 3575 893 3773 959; x_wconf 79' lang='grc' dir='ltr'>γίνεται,</span> 
     </span>
    </p>
   </div>
   <div class='ocr_carea' id='block_1_20' title="bbox 2248 975 3777 1055">
    <p class='ocr_par' dir='ltr' id='par_1_20' title="bbox 2248 975 3777 1055">
     <span class='ocr_line' id='line_1_20' title="bbox 2248 975 3777 1055; baseline -0.001 -26"><span class='ocrx_word' id='word_1_131' title='bbox 2248 976 2300 1030; x_wconf 82' lang='grc' dir='ltr'><strong>εί</strong></span> <span class='ocrx_word' id='word_1_132' title='bbox 2329 975 2398 1030; x_wconf 87' lang='grc' dir='ltr'><strong>τά</strong></span> <span class='ocrx_word' id='word_1_133' title='bbox 2430 977 2671 1047; x_wconf 84' lang='grc' dir='ltr'>συνεχῶς</span> <span class='ocrx_word' id='word_1_134' title='bbox 2702 977 2956 1032; x_wconf 83' lang='grc' dir='ltr'><strong>τίκτοντα</strong></span> <span class='ocrx_word' id='word_1_135' title='bbox 2992 975 3287 1045; x_wconf 84' lang='grc' dir='ltr'>σκοπήσειέ</span> <span class='ocrx_word' id='word_1_136' title='bbox 3317 993 3417 1040; x_wconf 88' lang='grc' dir='ltr'>τις,</span> <span class='ocrx_word' id='word_1_137' title='bbox 3445 981 3601 1043; x_wconf 84' lang='grc' dir='ltr'>κύνας</span> <span class='ocrx_word' id='word_1_138' title='bbox 3629 982 3658 1053; x_wconf 79' lang='grc' dir='ltr'>ἢ</span> <span class='ocrx_word' id='word_1_139' title='bbox 3685 990 3777 1055; x_wconf 73' lang='grc' dir='ltr'>χοε-</span> 
     </span>
    </p>
   </div>
   <div class='ocr_carea' id='block_1_21' title="bbox 2248 1067 3775 1140">
    <p class='ocr_par' dir='ltr' id='par_1_21' title="bbox 2248 1067 3775 1140">
     <span class='ocr_line' id='line_1_21' title="bbox 2248 1067 3775 1140; baseline 0.005 -19"><span class='ocrx_word' id='word_1_140' title='bbox 2248 1086 2375 1138; x_wconf 83' lang='grc' dir='ltr'>ρους</span> <span class='ocrx_word' id='word_1_141' title='bbox 2405 1068 2438 1140; x_wconf 81' lang='grc' dir='ltr'>ἢ</span> <span class='ocrx_word' id='word_1_142' title='bbox 2469 1069 2669 1139; x_wconf 78' lang='grc' dir='ltr'>ὄρνεις,</span> <span class='ocrx_word' id='word_1_143' title='bbox 2705 1069 2803 1123; x_wconf 73' lang='grc' dir='ltr'><strong>καὶ</strong></span> <span class='ocrx_word' id='word_1_144' title='bbox 2859 1069 2959 1138; x_wconf 83' lang='grc' dir='ltr'><strong>οὐχ</strong></span> <span class='ocrx_word' id='word_1_145' title='bbox 3011 1068 3219 1137; x_wconf 74' lang='grc' dir='ltr'>ἥκιστα</span> <span class='ocrx_word' id='word_1_146' title='bbox 3265 1067 3336 1120; x_wconf 83' lang='grc' dir='ltr'><strong>τὰ</strong></span> <span class='ocrx_word' id='word_1_147' title='bbox 3379 1069 3775 1137; x_wconf 83' lang='grc' dir='ltr'>πολυγονώτατα.</span> 
     </span>
    </p>
   </div>
   <div class='ocr_carea' id='block_1_22' title="bbox 2241 1159 3779 1232">
    <p class='ocr_par' dir='ltr' id='par_1_22' title="bbox 2241 1159 3779 1232">
     <span class='ocr_line' id='line_1_22' title="bbox 2241 1159 3779 1232; baseline 0.003 -17"><span class='ocrx_word' id='word_1_148' title='bbox 2241 1163 2431 1232; x_wconf 85' lang='grc' dir='ltr'>Χοῖροι</span> <span class='ocrx_word' id='word_1_149' title='bbox 2462 1160 2572 1231; x_wconf 82' lang='grc' dir='ltr'>γὰρ</span> <span class='ocrx_word' id='word_1_150' title='bbox 2610 1161 2703 1215; x_wconf 73' lang='grc' dir='ltr'>καὶ</span> <span class='ocrx_word' id='word_1_151' title='bbox 2758 1159 2939 1229; x_wconf 85' lang='grc' dir='ltr'>ίχθύες</span> <span class='ocrx_word' id='word_1_152' title='bbox 2990 1160 3083 1214; x_wconf 77' lang='grc' dir='ltr'>καὶ</span> <span class='ocrx_word' id='word_1_153' title='bbox 3138 1159 3297 1221; x_wconf 86' lang='grc' dir='ltr'>κύνες</span> <span class='ocrx_word' id='word_1_154' title='bbox 3335 1160 3500 1214; x_wconf 82' lang='grc' dir='ltr'>πολλὰ</span> <span class='ocrx_word' id='word_1_155' title='bbox 3542 1163 3779 1231; x_wconf 80' lang='grc' dir='ltr'>τίκτοντες</span> 
     </span>
    </p>
   </div>
   <div class='ocr_carea' id='block_1_23' title="bbox 2238 1251 3779 1326">
    <p class='ocr_par' dir='ltr' id='par_1_23' title="bbox 2238 1251 3779 1326">
     <span class='ocr_line' id='line_1_23' title="bbox 2238 1251 3779 1326; baseline 0.002 -21"><span class='ocrx_word' id='word_1_156' title='bbox 2238 1251 2329 1305; x_wconf 77' lang='grc' dir='ltr'><strong>τὸν</strong></span> <span class='ocrx_word' id='word_1_157' title='bbox 2357 1254 2456 1322; x_wconf 84' lang='grc' dir='ltr'>τῆς</span> <span class='ocrx_word' id='word_1_158' title='bbox 2482 1251 2700 1321; x_wconf 83' lang='grc' dir='ltr'>ἡμέρας</span> <span class='ocrx_word' id='word_1_159' title='bbox 2728 1251 3079 1305; x_wconf 73' lang='grc' dir='ltr'><strong>ἀναλίσκουσι</strong></span> <span class='ocrx_word' id='word_1_160' title='bbox 3108 1251 3317 1319; x_wconf 81' lang='grc' dir='ltr'>καιρὸν,</span> <span class='ocrx_word' id='word_1_161' title='bbox 3338 1252 3366 1303; x_wconf 85' lang='grc' dir='ltr'><strong>ὁ</strong></span> <span class='ocrx_word' id='word_1_162' title='bbox 3386 1252 3427 1303; x_wconf 82' lang='grc' dir='ltr'><strong>δ’</strong></span> <span class='ocrx_word' id='word_1_163' title='bbox 3449 1252 3615 1322; x_wconf 77' lang='grc' dir='ltr'>ἰχθὺς,</span> <span class='ocrx_word' id='word_1_164' title='bbox 3632 1253 3779 1326; x_wconf 74' lang='grc' dir='ltr'>οἶμαι,</span> 
     </span>
    </p>
   </div>
   <div class='ocr_carea' id='block_1_24' title="bbox 2244 1342 3781 1415">
    <p class='ocr_par' dir='ltr' id='par_1_24' title="bbox 2244 1342 3781 1415">
     <span class='ocr_line' id='line_1_24' title="bbox 2244 1342 3781 1415; baseline 0.004 -17"><span class='ocrx_word' id='word_1_165' title='bbox 2244 1345 2340 1398; x_wconf 80' lang='grc' dir='ltr'><strong>καὶ</strong></span> <span class='ocrx_word' id='word_1_166' title='bbox 2372 1345 2578 1409; x_wconf 76' lang='grc' dir='ltr'>πολλὰς</span> <span class='ocrx_word' id='word_1_167' title='bbox 2617 1345 2852 1415; x_wconf 83' lang='grc' dir='ltr'>ἡμέρας,</span> <span class='ocrx_word' id='word_1_168' title='bbox 2884 1345 2983 1414; x_wconf 81' lang='grc' dir='ltr'><strong>τῆς</strong></span> <span class='ocrx_word' id='word_1_169' title='bbox 3014 1343 3125 1397; x_wconf 84' lang='grc' dir='ltr'><strong>τῶν</strong></span> <span class='ocrx_word' id='word_1_170' title='bbox 3157 1344 3281 1397; x_wconf 81' lang='grc' dir='ltr'><strong>ὠῶν</strong></span> <span class='ocrx_word' id='word_1_171' title='bbox 3316 1342 3545 1413; x_wconf 79' lang='grc' dir='ltr'><strong>πληθύος</strong></span> <span class='ocrx_word' id='word_1_172' title='bbox 3583 1349 3633 1399; x_wconf 86' lang='grc' dir='ltr'>ὲν</span> <span class='ocrx_word' id='word_1_173' title='bbox 3658 1349 3781 1414; x_wconf 77' lang='grc' dir='ltr'>τάξει</span> 
     </span>
    </p>
   </div>
   <div class='ocr_carea' id='block_1_25' title="bbox 2246 1435 3784 1509">
    <p class='ocr_par' dir='ltr' id='par_1_25' title="bbox 2246 1435 3784 1509">
     <span class='ocr_line' id='line_1_25' title="bbox 2246 1435 3784 1509; baseline 0.003 -21"><span class='ocrx_word' id='word_1_174' title='bbox 2246 1437 2636 1506; x_wconf 84' lang='grc' dir='ltr'>μορφουμένης</span> <span class='ocrx_word' id='word_1_175' title='bbox 2694 1439 2772 1501; x_wconf 87' lang='grc' dir='ltr'>εἰς</span> <span class='ocrx_word' id='word_1_176' title='bbox 2833 1436 3099 1507; x_wconf 81' lang='grc' dir='ltr'><strong>μυριάδας</strong></span> <span class='ocrx_word' id='word_1_177' title='bbox 3146 1435 3346 1504; x_wconf 82' lang='grc' dir='ltr'>ἰχθύων</span> <span class='ocrx_word' id='word_1_178' title='bbox 3373 1436 3511 1491; x_wconf 86' lang='grc' dir='ltr'>κατὰ</span> <span class='ocrx_word' id='word_1_179' title='bbox 3548 1438 3696 1509; x_wconf 81' lang='grc' dir='ltr'>μέρος</span> <span class='ocrx_word' id='word_1_180' title='bbox 3724 1458 3784 1493; x_wconf 86' lang='grc' dir='ltr'>τι-</span> 
     </span>
    </p>
   </div>
   <div class='ocr_carea' id='block_1_26' title="bbox 557 1522 2130 1601">
    <p class='ocr_par' dir='ltr' id='par_1_26' title="bbox 557 1524 2130 1598">
     <span class='ocr_line' id='line_1_26' title="bbox 557 1524 2130 1598; baseline -0.002 -16"><span class='ocrx_word' id='word_1_181' title='bbox 557 1530 703 1598; x_wconf 84' lang='lat' dir='ltr'><strong>poris</strong></span> <span class='ocrx_word' id='word_1_182' title='bbox 721 1537 1118 1584; x_wconf 86' lang='lat' dir='ltr'><strong>momentorum</strong></span> <span class='ocrx_word' id='word_1_183' title='bbox 1138 1526 1538 1580; x_wconf 86' lang='lat' dir='ltr'><strong>multitudinem</strong></span> <span class='ocrx_word' id='word_1_184' title='bbox 1561 1524 1791 1579; x_wconf 78' lang='lat' dir='ltr'><strong>formem</strong></span> <span class='ocrx_word' id='word_1_185' title='bbox 1808 1524 1831 1578; x_wconf 70' lang='grc' dir='ltr'><strong><em>τ</em></strong></span> <span class='ocrx_word' id='word_1_186' title='bbox 1848 1524 2130 1594; x_wconf 84' lang='lat' dir='ltr'><strong>Nunquam</strong></span> 
     </span>
    </p>
   </div>
   <div class='ocr_carea' id='block_1_27' title="bbox 2230 1522 3784 1601">
    <p class='ocr_par' dir='ltr' id='par_1_27' title="bbox 2241 1522 3784 1601">
     <span class='ocr_line' id='line_1_27' title="bbox 2241 1522 3784 1601; baseline 0.003 -21"><span class='ocrx_word' id='word_1_187' title='bbox 2241 1527 2551 1597; x_wconf 84' lang='grc' dir='ltr'>κτομένων,</span> <span class='ocrx_word' id='word_1_188' title='bbox 2582 1530 2640 1581; x_wconf 82' lang='grc' dir='ltr'>ὲν</span> <span class='ocrx_word' id='word_1_189' title='bbox 2670 1522 2759 1591; x_wconf 77' lang='grc' dir='ltr'>αἷς</span> <span class='ocrx_word' id='word_1_190' title='bbox 2794 1530 3075 1599; x_wconf 80' lang='grc' dir='ltr'>ἀμήχανον</span> <span class='ocrx_word' id='word_1_191' title='bbox 3113 1529 3188 1599; x_wconf 84' lang='grc' dir='ltr'>μὴ</span> <span class='ocrx_word' id='word_1_192' title='bbox 3217 1528 3472 1597; x_wconf 87' lang='grc' dir='ltr'>γενέσθαι</span> <span class='ocrx_word' id='word_1_193' title='bbox 3505 1532 3671 1599; x_wconf 75' lang='grc' dir='ltr'>πτηνὰ</span> <span class='ocrx_word' id='word_1_194' title='bbox 3700 1532 3784 1601; x_wconf 64' lang='lat' dir='ltr'><strong>ill&quot;</strong></span> 
     </span>
    </p>
   </div>
   <div class='ocr_carea' id='block_1_28' title="bbox 558 1617 2130 1693">
    <p class='ocr_par' dir='ltr' id='par_1_28' title="bbox 558 1617 2130 1691">
     <span class='ocr_line' id='line_1_28' title="bbox 558 1617 2130 1691; baseline -0.003 -15"><span class='ocrx_word' id='word_1_195' title='bbox 558 1638 689 1676; x_wconf 90' lang='lat' dir='ltr'><strong>sane</strong></span> <span class='ocrx_word' id='word_1_196' title='bbox 723 1630 1000 1691; x_wconf 86' lang='lat' dir='ltr'><strong>poterunt,</strong></span> <span class='ocrx_word' id='word_1_197' title='bbox 1025 1636 1131 1675; x_wconf 93' lang='lat' dir='ltr'><strong>non</strong></span> <span class='ocrx_word' id='word_1_198' title='bbox 1164 1619 1209 1673; x_wconf 89' lang='lat' dir='ltr'><strong>si</strong></span> <span class='ocrx_word' id='word_1_199' title='bbox 1234 1620 1418 1673; x_wconf 87' lang='lat' dir='ltr'><strong>decem</strong></span> <span class='ocrx_word' id='word_1_200' title='bbox 1452 1619 1657 1673; x_wconf 91' lang='lat' dir='ltr'><strong>dierum</strong></span> <span class='ocrx_word' id='word_1_201' title='bbox 1692 1617 1929 1672; x_wconf 89' lang='lat' dir='ltr'><strong>millibus</strong></span> <span class='ocrx_word' id='word_1_202' title='bbox 1960 1632 2130 1673; x_wconf 84' lang='lat' dir='ltr'><strong>annus</strong></span> 
     </span>
    </p>
   </div>
   <div class='ocr_carea' id='block_1_29' title="bbox 2230 1617 3785 1693">
    <p class='ocr_par' dir='ltr' id='par_1_29' title="bbox 2239 1622 3785 1693">
     <span class='ocr_line' id='line_1_29' title="bbox 2239 1622 3785 1693; baseline 0.003 -20"><span class='ocrx_word' id='word_1_203' title='bbox 2239 1624 2471 1691; x_wconf 86' lang='grc' dir='ltr'>χερσαῖα</span> <span class='ocrx_word' id='word_1_204' title='bbox 2503 1622 2561 1675; x_wconf 82' lang='grc' dir='ltr'>ὲν</span> <span class='ocrx_word' id='word_1_205' title='bbox 2609 1622 2716 1693; x_wconf 79' lang='grc' dir='ltr'><strong>ὅλῳ</strong></span> <span class='ocrx_word' id='word_1_206' title='bbox 2747 1640 2823 1692; x_wconf 87' lang='grc' dir='ltr'>τῳ</span> <span class='ocrx_word' id='word_1_207' title='bbox 2870 1623 3063 1692; x_wconf 83' lang='grc' dir='ltr'>κόσμῳ</span> <span class='ocrx_word' id='word_1_208' title='bbox 3110 1622 3143 1692; x_wconf 83' lang='grc' dir='ltr'><strong>ἢ</strong></span> <span class='ocrx_word' id='word_1_209' title='bbox 3185 1622 3361 1693; x_wconf 81' lang='grc' dir='ltr'>νηκτὰ</span> <span class='ocrx_word' id='word_1_210' title='bbox 3397 1624 3453 1677; x_wconf 80' lang='grc' dir='ltr'>ὲν</span> <span class='ocrx_word' id='word_1_211' title='bbox 3484 1622 3573 1693; x_wconf 82' lang='grc' dir='ltr'>ὅλη</span> <span class='ocrx_word' id='word_1_212' title='bbox 3620 1622 3785 1678; x_wconf 81' lang='grc' dir='ltr'>θαλάτ-</span> 
     </span>
    </p>
   </div>
   <div class='ocr_carea' id='block_1_30' title="bbox 557 1709 2130 1786">
    <p class='ocr_par' dir='ltr' id='par_1_30' title="bbox 557 1709 2130 1782">
     <span class='ocr_line' id='line_1_30' title="bbox 557 1709 2130 1782; baseline -0.001 -16"><span class='ocrx_word' id='word_1_213' title='bbox 557 1714 686 1782; x_wconf 86' lang='lat' dir='ltr'><strong>ipsis</strong></span> <span class='ocrx_word' id='word_1_214' title='bbox 719 1720 950 1767; x_wconf 81' lang='lat' dir='ltr'><strong>constet.</strong></span> <span class='ocrx_word' id='word_1_215' title='bbox 1006 1712 1083 1767; x_wconf 88' lang='lat' dir='ltr'><strong>Ita</strong></span> <span class='ocrx_word' id='word_1_216' title='bbox 1122 1726 1252 1767; x_wconf 88' lang='lat' dir='ltr'><strong>vero</strong></span> <span class='ocrx_word' id='word_1_217' title='bbox 1283 1711 1520 1765; x_wconf 76' lang='lat' dir='ltr'><strong>maxime</strong></span> <span class='ocrx_word' id='word_1_218' title='bbox 1550 1710 1743 1764; x_wconf 86' lang='lat' dir='ltr'><strong>horum</strong></span> <span class='ocrx_word' id='word_1_219' title='bbox 1791 1709 2130 1765; x_wconf 85' lang='lat' dir='ltr'><strong>mendacium</strong></span> 
     </span>
    </p>
   </div>
   <div class='ocr_carea' id='block_1_31' title="bbox 2230 1709 3190 1786">
    <p class='ocr_par' dir='ltr' id='par_1_31' title="bbox 2236 1716 3190 1786">
     <span class='ocr_line' id='line_1_31' title="bbox 2236 1716 3190 1786; baseline 0.002 -19"><span class='ocrx_word' id='word_1_220' title='bbox 2236 1716 2363 1785; x_wconf 78' lang='grc' dir='ltr'>τῃ¹¹</span> <span class='ocrx_word' id='word_1_221' title='bbox 2399 1717 2496 1769; x_wconf 77' lang='grc' dir='ltr'><strong>καὶ</strong></span> <span class='ocrx_word' id='word_1_222' title='bbox 2533 1720 2798 1785; x_wconf 80' lang='grc' dir='ltr'>ποταμοῖς</span> <span class='ocrx_word' id='word_1_223' title='bbox 2836 1718 2929 1770; x_wconf 73' lang='grc' dir='ltr'><strong>καὶ</strong></span> <span class='ocrx_word' id='word_1_224' title='bbox 2954 1717 3190 1786; x_wconf 81' lang='grc' dir='ltr'>λίμναις.</span> 
     </span>
    </p>
   </div>
   <div class='ocr_carea' id='block_1_32' title="bbox 557 1800 3783 1877">
    <p class='ocr_par' dir='ltr' id='par_1_32' title="bbox 557 1800 3783 1877">
     <span class='ocr_line' id='line_1_32' title="bbox 557 1800 3783 1877; baseline 0.001 -18"><span class='ocrx_word' id='word_1_225' title='bbox 557 1806 947 1875; x_wconf 87' lang='lat' dir='ltr'><strong>prosternitur,</strong></span> <span class='ocrx_word' id='word_1_226' title='bbox 983 1805 1029 1859; x_wconf 90' lang='lat' dir='ltr'><strong>si</strong></span> <span class='ocrx_word' id='word_1_227' title='bbox 1064 1804 1187 1873; x_wconf 89' lang='lat' dir='ltr'><strong>quis</strong></span> <span class='ocrx_word' id='word_1_228' title='bbox 1232 1802 1492 1857; x_wconf 84' lang='lat' dir='ltr'><strong>animalia</strong></span> <span class='ocrx_word' id='word_1_229' title='bbox 1518 1800 1839 1869; x_wconf 80' lang='lat' dir='ltr'><strong>frequenter</strong></span> <span class='ocrx_word' id='word_1_230' title='bbox 1888 1802 2154 1870; x_wconf 86' lang='lat' dir='ltr'><strong>parientia</strong></span> <span class='ocrx_word' id='word_1_231' title='bbox 2192 1806 2521 1874; x_wconf 89' lang='lat' dir='ltr'><strong>considerat,</strong></span> <span class='ocrx_word' id='word_1_232' title='bbox 2542 1817 2598 1862; x_wconf 92' lang='lat' dir='ltr'><strong>ut</strong></span> <span class='ocrx_word' id='word_1_233' title='bbox 2622 1823 2807 1871; x_wconf 87' lang='lat' dir='ltr'><strong>canes,</strong></span> <span class='ocrx_word' id='word_1_234' title='bbox 2832 1824 3044 1877; x_wconf 86' lang='lat' dir='ltr'><strong>porcos,</strong></span> <span class='ocrx_word' id='word_1_235' title='bbox 3068 1809 3321 1877; x_wconf 76' lang='lat' dir='ltr'><strong>gallinas,</strong></span> <span class='ocrx_word' id='word_1_236' title='bbox 3374 1816 3430 1861; x_wconf 90' lang='lat' dir='ltr'><strong>et</strong></span> <span class='ocrx_word' id='word_1_237' title='bbox 3483 1808 3783 1877; x_wconf 83' lang='lat' dir='ltr'><strong>potissimum</strong></span> 
     </span>
    </p>
   </div>
   <div class='ocr_carea' id='block_1_33' title="bbox 556 1891 3785 1967">
    <p class='ocr_par' dir='ltr' id='par_1_33' title="bbox 556 1891 3785 1967">
     <span class='ocr_line' id='line_1_33' title="bbox 556 1891 3785 1967; baseline -0 -15"><span class='ocrx_word' id='word_1_238' title='bbox 556 1913 672 1967; x_wconf 78' lang='lat' dir='ltr'><strong>quae</strong></span> <span class='ocrx_word' id='word_1_239' title='bbox 704 1897 815 1965; x_wconf 88' lang='lat' dir='ltr'><strong>jam</strong></span> <span class='ocrx_word' id='word_1_240' title='bbox 844 1896 1109 1966; x_wconf 90' lang='lat' dir='ltr'><strong>plurimos</strong></span> <span class='ocrx_word' id='word_1_241' title='bbox 1141 1895 1303 1952; x_wconf 90' lang='lat' dir='ltr'><strong>simul</strong></span> <span class='ocrx_word' id='word_1_242' title='bbox 1334 1895 1559 1963; x_wconf 83' lang='lat' dir='ltr'><strong>gignunt</strong></span> <span class='ocrx_word' id='word_1_243' title='bbox 1588 1893 1777 1947; x_wconf 71' lang='lat' dir='ltr'><strong>fmtus.</strong></span> <span class='ocrx_word' id='word_1_244' title='bbox 1802 1891 1935 1946; x_wconf 75' lang='lat' dir='ltr'><strong>Nam</strong></span> <span class='ocrx_word' id='word_1_245' title='bbox 1962 1894 2134 1962; x_wconf 87' lang='lat' dir='ltr'><strong>porci,</strong></span> <span class='ocrx_word' id='word_1_246' title='bbox 2163 1894 2368 1965; x_wconf 87' lang='lat' dir='ltr'><strong>pisces,</strong></span> <span class='ocrx_word' id='word_1_247' title='bbox 2451 1914 2637 1965; x_wconf 82' lang='lat' dir='ltr'><strong>canes,</strong></span> <span class='ocrx_word' id='word_1_248' title='bbox 2689 1901 2875 1955; x_wconf 84' lang='lat' dir='ltr'><strong>multis</strong></span> <span class='ocrx_word' id='word_1_249' title='bbox 2927 1900 3204 1967; x_wconf 88' lang='lat' dir='ltr'><strong>pariendis</strong></span> <span class='ocrx_word' id='word_1_250' title='bbox 3266 1899 3434 1952; x_wconf 88' lang='lat' dir='ltr'><strong>etiam</strong></span> <span class='ocrx_word' id='word_1_251' title='bbox 3485 1899 3584 1950; x_wconf 66' lang='lat' dir='ltr'><strong>dici</strong></span> <span class='ocrx_word' id='word_1_252' title='bbox 3624 1899 3785 1965; x_wconf 65' lang='lat' dir='ltr'><strong>integri</strong></span> 
     </span>
    </p>
   </div>
   <div class='ocr_carea' id='block_1_34' title="bbox 556 1989 3783 2067">
    <p class='ocr_par' dir='ltr' id='par_1_34' title="bbox 556 1989 3783 2067">
     <span class='ocr_line' id='line_1_34' title="bbox 556 1989 3783 2067; baseline -0.001 -16"><span class='ocrx_word' id='word_1_253' title='bbox 556 1996 785 2066; x_wconf 61' lang='lat' dir='ltr'><strong>spatium</strong></span> <span class='ocrx_word' id='word_1_254' title='bbox 837 1995 1145 2048; x_wconf 88' lang='lat' dir='ltr'><strong>absumunt.</strong></span> <span class='ocrx_word' id='word_1_255' title='bbox 1212 1991 1281 2045; x_wconf 89' lang='lat' dir='ltr'><strong>Et</strong></span> <span class='ocrx_word' id='word_1_256' title='bbox 1334 2004 1463 2044; x_wconf 91' lang='lat' dir='ltr'><strong>vero</strong></span> <span class='ocrx_word' id='word_1_257' title='bbox 1517 1989 1682 2059; x_wconf 76' lang='lat' dir='ltr'><strong>piscis</strong></span> <span class='ocrx_word' id='word_1_258' title='bbox 1711 1990 1993 2058; x_wconf 88' lang='lat' dir='ltr'><strong>(quantum</strong></span> <span class='ocrx_word' id='word_1_259' title='bbox 2037 2005 2141 2059; x_wconf 89' lang='lat' dir='ltr'><strong>ego</strong></span> <span class='ocrx_word' id='word_1_260' title='bbox 2175 1996 2329 2062; x_wconf 83' lang='lat' dir='ltr'><strong>puto)</strong></span> <span class='ocrx_word' id='word_1_261' title='bbox 2382 1995 2584 2051; x_wconf 88' lang='lat' dir='ltr'><strong>multos</strong></span> <span class='ocrx_word' id='word_1_262' title='bbox 2632 2010 2851 2067; x_wconf 88' lang='lat' dir='ltr'><strong>quoque</strong></span> <span class='ocrx_word' id='word_1_263' title='bbox 2891 1997 3044 2061; x_wconf 88' lang='lat' dir='ltr'><strong>dies,</strong></span> <span class='ocrx_word' id='word_1_264' title='bbox 3098 2009 3163 2050; x_wconf 89' lang='lat' dir='ltr'><strong>eo</strong></span> <span class='ocrx_word' id='word_1_265' title='bbox 3212 1994 3359 2064; x_wconf 86' lang='lat' dir='ltr'><strong>quod</strong></span> <span class='ocrx_word' id='word_1_266' title='bbox 3422 2008 3639 2049; x_wconf 91' lang='lat' dir='ltr'><strong>ovorum</strong></span> <span class='ocrx_word' id='word_1_267' title='bbox 3714 1995 3783 2049; x_wconf 81' lang='lat' dir='ltr'><strong>illa</strong></span> 
     </span>
    </p>
   </div>
   <div class='ocr_carea' id='block_1_35' title="bbox 556 2081 3784 2160">
    <p class='ocr_par' dir='ltr' id='par_1_35' title="bbox 556 2081 3784 2160">
     <span class='ocr_line' id='line_1_35' title="bbox 556 2081 3784 2160; baseline -0.001 -15"><span class='ocrx_word' id='word_1_268' title='bbox 556 2090 838 2145; x_wconf 87' lang='lat' dir='ltr'><strong>multitudo</strong></span> <span class='ocrx_word' id='word_1_269' title='bbox 888 2086 1081 2157; x_wconf 76' lang='lat' dir='ltr'><strong>213b</strong></span> <span class='ocrx_word' id='word_1_270' title='bbox 1132 2085 1185 2139; x_wconf 89' lang='lat' dir='ltr'><strong>in</strong></span> <span class='ocrx_word' id='word_1_271' title='bbox 1232 2083 1506 2155; x_wconf 84' lang='lat' dir='ltr'><strong>myriadas</strong></span> <span class='ocrx_word' id='word_1_272' title='bbox 1560 2081 1794 2151; x_wconf 88' lang='lat' dir='ltr'><strong>pisciqu</strong></span> <span class='ocrx_word' id='word_1_273' title='bbox 1842 2096 1911 2135; x_wconf 80' lang='lat' dir='ltr'><strong>ex</strong></span> <span class='ocrx_word' id='word_1_274' title='bbox 1949 2083 2142 2139; x_wconf 88' lang='lat' dir='ltr'><strong>ordine</strong></span> <span class='ocrx_word' id='word_1_275' title='bbox 2182 2085 2620 2154; x_wconf 83' lang='lat' dir='ltr'><strong>transformetur,</strong></span> <span class='ocrx_word' id='word_1_276' title='bbox 2675 2091 2767 2160; x_wconf 88' lang='lat' dir='ltr'><strong>qui</strong></span> <span class='ocrx_word' id='word_1_277' title='bbox 2832 2088 3026 2144; x_wconf 85' lang='lat' dir='ltr'><strong>deinde</strong></span> <span class='ocrx_word' id='word_1_278' title='bbox 3078 2087 3273 2156; x_wconf 90' lang='lat' dir='ltr'><strong>singuli</strong></span> <span class='ocrx_word' id='word_1_279' title='bbox 3330 2086 3629 2156; x_wconf 90' lang='lat' dir='ltr'><strong>pariuntur.</strong></span> <span class='ocrx_word' id='word_1_280' title='bbox 3685 2088 3784 2153; x_wconf 82' lang='lat' dir='ltr'><strong>Qui-</strong></span> 
     </span>
    </p>
   </div>
   <div class='ocr_carea' id='block_1_36' title="bbox 555 2176 3783 2252">
    <p class='ocr_par' dir='ltr' id='par_1_36' title="bbox 555 2176 3783 2252">
     <span class='ocr_line' id='line_1_36' title="bbox 555 2176 3783 2252; baseline -0.001 -15"><span class='ocrx_word' id='word_1_281' title='bbox 555 2185 656 2239; x_wconf 89' lang='lat' dir='ltr'><strong>bus</strong></span> <span class='ocrx_word' id='word_1_282' title='bbox 695 2182 910 2252; x_wconf 79' lang='lat' dir='ltr'><strong>quidem</strong></span> <span class='ocrx_word' id='word_1_283' title='bbox 959 2180 1149 2235; x_wconf 90' lang='lat' dir='ltr'><strong>diebus</strong></span> <span class='ocrx_word' id='word_1_284' title='bbox 1200 2178 1315 2232; x_wconf 90' lang='lat' dir='ltr'><strong>ﬁeri</strong></span> <span class='ocrx_word' id='word_1_285' title='bbox 1362 2176 1510 2232; x_wconf 90' lang='lat' dir='ltr'><strong>nullo</strong></span> <span class='ocrx_word' id='word_1_286' title='bbox 1546 2178 1709 2232; x_wconf 92' lang='lat' dir='ltr'><strong>modo</strong></span> <span class='ocrx_word' id='word_1_287' title='bbox 1753 2185 1951 2245; x_wconf 80' lang='lat' dir='ltr'><strong>potest,</strong></span> <span class='ocrx_word' id='word_1_288' title='bbox 2007 2179 2139 2247; x_wconf 89' lang='lat' dir='ltr'><strong>quin</strong></span> <span class='ocrx_word' id='word_1_289' title='bbox 2174 2182 2416 2236; x_wconf 85' lang='lat' dir='ltr'><strong>volatilia</strong></span> <span class='ocrx_word' id='word_1_290' title='bbox 2459 2184 2542 2237; x_wconf 87' lang='lat' dir='ltr'><strong>vel</strong></span> <span class='ocrx_word' id='word_1_291' title='bbox 2574 2184 2855 2239; x_wconf 86' lang='lat' dir='ltr'><strong>terrestria</strong></span> <span class='ocrx_word' id='word_1_292' title='bbox 2901 2184 2953 2238; x_wconf 92' lang='lat' dir='ltr'><strong>in</strong></span> <span class='ocrx_word' id='word_1_293' title='bbox 2984 2191 3099 2238; x_wconf 92' lang='lat' dir='ltr'><strong>toto</strong></span> <span class='ocrx_word' id='word_1_294' title='bbox 3132 2180 3356 2245; x_wconf 88' lang='lat' dir='ltr'><strong>mundo,</strong></span> <span class='ocrx_word' id='word_1_295' title='bbox 3421 2181 3506 2237; x_wconf 81' lang='lat' dir='ltr'><strong>vel</strong></span> <span class='ocrx_word' id='word_1_296' title='bbox 3578 2184 3783 2239; x_wconf 83' lang='lat' dir='ltr'><strong>natatilia</strong></span> 
     </span>
    </p>
   </div>
   <div class='ocr_carea' id='block_1_37' title="bbox 556 2273 1883 2344">
    <p class='ocr_par' dir='ltr' id='par_1_37' title="bbox 556 2273 1883 2344">
     <span class='ocr_line' id='line_1_37' title="bbox 556 2273 1883 2344; baseline -0.002 -11"><span class='ocrx_word' id='word_1_297' title='bbox 556 2280 608 2333; x_wconf 92' lang='lat' dir='ltr'><strong>in</strong></span> <span class='ocrx_word' id='word_1_298' title='bbox 651 2287 761 2333; x_wconf 91' lang='lat' dir='ltr'><strong>toto</strong></span> <span class='ocrx_word' id='word_1_299' title='bbox 787 2276 924 2332; x_wconf 88' lang='lat' dir='ltr'><strong>mari</strong></span> <span class='ocrx_word' id='word_1_300' title='bbox 961 2286 1015 2331; x_wconf 91' lang='lat' dir='ltr'><strong>et</strong></span> <span class='ocrx_word' id='word_1_301' title='bbox 1041 2274 1223 2330; x_wconf 82' lang='lat' dir='ltr'><strong>ﬂuviis</strong></span> <span class='ocrx_word' id='word_1_302' title='bbox 1250 2282 1307 2329; x_wconf 88' lang='lat' dir='ltr'><strong>et</strong></span> <span class='ocrx_word' id='word_1_303' title='bbox 1331 2273 1539 2343; x_wconf 84' lang='lat' dir='ltr'><strong>stagnis</strong></span> <span class='ocrx_word' id='word_1_304' title='bbox 1572 2274 1883 2344; x_wconf 79' lang='lat' dir='ltr'><strong>gignantur.</strong></span> 
     </span>
    </p>
   </div>
   <div class='ocr_carea' id='block_1_38' title="bbox 628 2367 2223 2441">
    <p class='ocr_par' dir='ltr' id='par_1_38' title="bbox 628 2367 2223 2441">
     <span class='ocr_line' id='line_1_38' title="bbox 628 2367 2223 2441; baseline 0 -16"><span class='ocrx_word' id='word_1_305' title='bbox 628 2371 832 2426; x_wconf 75' lang='lat' dir='ltr'><strong>Verum</strong></span> <span class='ocrx_word' id='word_1_306' title='bbox 890 2370 1017 2424; x_wconf 90' lang='lat' dir='ltr'><strong>hinc</strong></span> <span class='ocrx_word' id='word_1_307' title='bbox 1065 2370 1254 2435; x_wconf 90' lang='lat' dir='ltr'><strong>etiam,</strong></span> <span class='ocrx_word' id='word_1_308' title='bbox 1291 2367 1434 2437; x_wconf 91' lang='lat' dir='ltr'><strong>quod</strong></span> <span class='ocrx_word' id='word_1_309' title='bbox 1473 2368 1620 2437; x_wconf 85' lang='lat' dir='ltr'><strong>volo,</strong></span> <span class='ocrx_word' id='word_1_310' title='bbox 1657 2370 1861 2424; x_wconf 84' lang='lat' dir='ltr'><strong>certius</strong></span> <span class='ocrx_word' id='word_1_311' title='bbox 1908 2371 2030 2441; x_wconf 86' lang='lat' dir='ltr'><strong>quis</strong></span> <span class='ocrx_word' id='word_1_312' title='bbox 2062 2371 2147 2425; x_wconf 90' lang='lat' dir='ltr'><strong>di--</strong></span> <span class='ocrx_word' id='word_1_313' title='bbox 2179 2380 2223 2435; x_wconf 81' lang='grc' dir='ltr'>Β</span> 
     </span>
    </p>
   </div>
   <div class='ocr_carea' id='block_1_39' title="bbox 553 2462 2135 2534">
    <p class='ocr_par' dir='ltr' id='par_1_39' title="bbox 553 2462 2135 2534">
     <span class='ocr_line' id='line_1_39' title="bbox 553 2462 2135 2534; baseline 0.001 -18"><span class='ocrx_word' id='word_1_314' title='bbox 553 2474 700 2519; x_wconf 83' lang='lat' dir='ltr'><strong>seat:</strong></span> <span class='ocrx_word' id='word_1_315' title='bbox 751 2464 967 2534; x_wconf 86' lang='lat' dir='ltr'><strong>quando</strong></span> <span class='ocrx_word' id='word_1_316' title='bbox 993 2478 1089 2517; x_wconf 88' lang='lat' dir='ltr'><strong>ver</strong></span> <span class='ocrx_word' id='word_1_317' title='bbox 1136 2462 1272 2517; x_wconf 86' lang='lat' dir='ltr'><strong>bene</strong></span> <span class='ocrx_word' id='word_1_318' title='bbox 1300 2471 1657 2533; x_wconf 89' lang='lat' dir='ltr'><strong>temperatum</strong></span> <span class='ocrx_word' id='word_1_319' title='bbox 1707 2462 1916 2531; x_wconf 87' lang='lat' dir='ltr'><strong>incipit,</strong></span> <span class='ocrx_word' id='word_1_320' title='bbox 1957 2464 2135 2518; x_wconf 82' lang='lat' dir='ltr'><strong>omnis</strong></span> 
     </span>
    </p>
   </div>
   <div class='ocr_carea' id='block_1_40' title="bbox 552 2553 2135 2625">
    <p class='ocr_par' dir='ltr' id='par_1_40' title="bbox 552 2553 2135 2625">
     <span class='ocr_line' id='line_1_40' title="bbox 552 2553 2135 2625; baseline 0.001 -14"><span class='ocrx_word' id='word_1_321' title='bbox 552 2558 701 2612; x_wconf 87' lang='lat' dir='ltr'><strong>lloret</strong></span> <span class='ocrx_word' id='word_1_322' title='bbox 741 2556 906 2610; x_wconf 87' lang='lat' dir='ltr'><strong>herba</strong></span> <span class='ocrx_word' id='word_1_323' title='bbox 958 2564 1012 2610; x_wconf 92' lang='lat' dir='ltr'><strong>et</strong></span> <span class='ocrx_word' id='word_1_324' title='bbox 1043 2555 1301 2625; x_wconf 88' lang='lat' dir='ltr'><strong>parturit,</strong></span> <span class='ocrx_word' id='word_1_325' title='bbox 1353 2555 1640 2625; x_wconf 90' lang='lat' dir='ltr'><strong>omnisque</strong></span> <span class='ocrx_word' id='word_1_326' title='bbox 1688 2553 1955 2625; x_wconf 83' lang='lat' dir='ltr'><strong>lignorum</strong></span> <span class='ocrx_word' id='word_1_327' title='bbox 2013 2570 2135 2625; x_wconf 88' lang='lat' dir='ltr'><strong>spe-</strong></span> 
     </span>
    </p>
   </div>
   <div class='ocr_carea' id='block_1_41' title="bbox 552 2645 2131 2715">
    <p class='ocr_par' dir='ltr' id='par_1_41' title="bbox 552 2645 2131 2715">
     <span class='ocr_line' id='line_1_41' title="bbox 552 2645 2131 2715; baseline -0.001 -14"><span class='ocrx_word' id='word_1_328' title='bbox 552 2651 684 2715; x_wconf 74' lang='lat' dir='ltr'><strong>cies,</strong></span> <span class='ocrx_word' id='word_1_329' title='bbox 709 2649 800 2703; x_wconf 92' lang='lat' dir='ltr'><strong>scd</strong></span> <span class='ocrx_word' id='word_1_330' title='bbox 828 2658 883 2702; x_wconf 91' lang='lat' dir='ltr'><strong>et</strong></span> <span class='ocrx_word' id='word_1_331' title='bbox 916 2646 1079 2701; x_wconf 88' lang='lat' dir='ltr'><strong>multa</strong></span> <span class='ocrx_word' id='word_1_332' title='bbox 1106 2646 1219 2701; x_wconf 86' lang='lat' dir='ltr'><strong>sive</strong></span> <span class='ocrx_word' id='word_1_333' title='bbox 1244 2646 1564 2709; x_wconf 88' lang='lat' dir='ltr'><strong>volucrium,</strong></span> <span class='ocrx_word' id='word_1_334' title='bbox 1587 2645 1702 2699; x_wconf 87' lang='lat' dir='ltr'><strong>sive</strong></span> <span class='ocrx_word' id='word_1_335' title='bbox 1751 2646 2131 2712; x_wconf 80' lang='lat' dir='ltr'><strong>animantium,</strong></span> 
     </span>
    </p>
   </div>
   <div class='ocr_carea' id='block_1_42' title="bbox 553 2738 2129 2811">
    <p class='ocr_par' dir='ltr' id='par_1_42' title="bbox 553 2738 2129 2811">
     <span class='ocr_line' id='line_1_42' title="bbox 553 2738 2129 2811; baseline -0.001 -17"><span class='ocrx_word' id='word_1_336' title='bbox 553 2744 665 2797; x_wconf 84' lang='lat' dir='ltr'><strong>sive</strong></span> <span class='ocrx_word' id='word_1_337' title='bbox 717 2742 944 2811; x_wconf 89' lang='lat' dir='ltr'><strong>piscium</strong></span> <span class='ocrx_word' id='word_1_338' title='bbox 1001 2754 1195 2809; x_wconf 87' lang='lat' dir='ltr'><strong>genera</strong></span> <span class='ocrx_word' id='word_1_339' title='bbox 1269 2738 1430 2791; x_wconf 90' lang='lat' dir='ltr'><strong>mista</strong></span> <span class='ocrx_word' id='word_1_340' title='bbox 1500 2738 1731 2792; x_wconf 88' lang='lat' dir='ltr'><strong>invicem</strong></span> <span class='ocrx_word' id='word_1_341' title='bbox 1798 2739 2129 2808; x_wconf 90' lang='lat' dir='ltr'><strong>concipiunt.</strong></span> 
     </span>
    </p>
   </div>
   <div class='ocr_carea' id='block_1_43' title="bbox 555 2826 2131 2901">
    <p class='ocr_par' dir='ltr' id='par_1_43' title="bbox 555 2826 2131 2901">
     <span class='ocr_line' id='line_1_43' title="bbox 555 2826 2131 2901; baseline -0.002 -16"><span class='ocrx_word' id='word_1_342' title='bbox 555 2835 763 2889; x_wconf 81' lang='lat' dir='ltr'><strong>inﬁnita</strong></span> <span class='ocrx_word' id='word_1_343' title='bbox 822 2826 1447 2901; x_wconf 78' lang='lat' dir='ltr'><strong>quoquelplautarum]</strong></span> <span class='ocrx_word' id='word_1_344' title='bbox 1483 2842 1679 2898; x_wconf 88' lang='lat' dir='ltr'><strong>genera</strong></span> <span class='ocrx_word' id='word_1_345' title='bbox 1745 2828 1933 2882; x_wconf 89' lang='lat' dir='ltr'><strong>eodem</strong></span> <span class='ocrx_word' id='word_1_346' title='bbox 1992 2836 2131 2883; x_wconf 89' lang='lat' dir='ltr'><strong>tem-</strong></span> 
     </span>
    </p>
   </div>
   <div class='ocr_carea' id='block_1_44' title="bbox 553 2914 2132 2991">
    <p class='ocr_par' dir='ltr' id='par_1_44' title="bbox 553 2914 2132 2991">
     <span class='ocr_line' id='line_1_44' title="bbox 553 2914 2132 2991; baseline -0.006 -13"><span class='ocrx_word' id='word_1_347' title='bbox 553 2940 683 2991; x_wconf 72' lang='lat' dir='ltr'><strong>pore</strong></span> <span class='ocrx_word' id='word_1_348' title='bbox 731 2921 969 2991; x_wconf 77' lang='lat' dir='ltr'><strong>perfecta</strong></span> <span class='ocrx_word' id='word_1_349' title='bbox 1025 2919 1204 2971; x_wconf 80' lang='lat' dir='ltr'><strong>ferunt</strong></span> <span class='ocrx_word' id='word_1_350' title='bbox 1261 2915 1490 2981; x_wconf 86' lang='lat' dir='ltr'><strong>semina,</strong></span> <span class='ocrx_word' id='word_1_351' title='bbox 1538 2914 1869 2984; x_wconf 58' lang='lat' dir='ltr'><strong>inﬁnitaque</strong></span> <span class='ocrx_word' id='word_1_352' title='bbox 1907 2915 2132 2969; x_wconf 86' lang='lat' dir='ltr'><strong>arbores</strong></span> 
     </span>
    </p>
   </div>
   <div class='ocr_carea' id='block_1_45' title="bbox 550 3007 2132 3077">
    <p class='ocr_par' dir='ltr' id='par_1_45' title="bbox 550 3007 2132 3077">
     <span class='ocr_line' id='line_1_45' title="bbox 550 3007 2132 3077; baseline -0.006 -8"><span class='ocrx_word' id='word_1_353' title='bbox 550 3030 678 3069; x_wconf 85' lang='lat' dir='ltr'><strong>suos</strong></span> <span class='ocrx_word' id='word_1_354' title='bbox 722 3014 946 3072; x_wconf 77' lang='lat' dir='ltr'><strong>fructus,</strong></span> <span class='ocrx_word' id='word_1_355' title='bbox 987 3026 1093 3064; x_wconf 89' lang='lat' dir='ltr'><strong>non</strong></span> <span class='ocrx_word' id='word_1_356' title='bbox 1142 3022 1248 3063; x_wconf 90' lang='lat' dir='ltr'><strong>uno</strong></span> <span class='ocrx_word' id='word_1_357' title='bbox 1274 3007 1489 3077; x_wconf 88' lang='lat' dir='ltr'><strong>quidem</strong></span> <span class='ocrx_word' id='word_1_358' title='bbox 1523 3015 1818 3068; x_wconf 90' lang='lat' dir='ltr'><strong>momento,</strong></span> <span class='ocrx_word' id='word_1_359' title='bbox 1865 3008 1958 3060; x_wconf 88' lang='lat' dir='ltr'><strong>sed</strong></span> <span class='ocrx_word' id='word_1_360' title='bbox 1990 3008 2132 3060; x_wconf 87' lang='lat' dir='ltr'><strong>mul-</strong></span> 
     </span>
    </p>
   </div>
   <div class='ocr_carea' id='block_1_46' title="bbox 552 3098 2130 3170">
    <p class='ocr_par' dir='ltr' id='par_1_46' title="bbox 552 3098 2130 3170">
     <span class='ocr_line' id='line_1_46' title="bbox 552 3098 2130 3170; baseline -0.006 -9"><span class='ocrx_word' id='word_1_361' title='bbox 552 3111 621 3161; x_wconf 87' lang='lat' dir='ltr'><strong>tis</strong></span> <span class='ocrx_word' id='word_1_362' title='bbox 650 3106 860 3170; x_wconf 88' lang='lat' dir='ltr'><strong>diebus,</strong></span> <span class='ocrx_word' id='word_1_363' title='bbox 895 3103 1019 3157; x_wconf 90' lang='lat' dir='ltr'><strong>dum</strong></span> <span class='ocrx_word' id='word_1_364' title='bbox 1057 3102 1109 3156; x_wconf 92' lang='lat' dir='ltr'><strong>in</strong></span> <span class='ocrx_word' id='word_1_365' title='bbox 1145 3102 1331 3154; x_wconf 85' lang='lat' dir='ltr'><strong>eadem</strong></span> <span class='ocrx_word' id='word_1_366' title='bbox 1363 3100 1543 3168; x_wconf 89' lang='lat' dir='ltr'><strong>planta</strong></span> <span class='ocrx_word' id='word_1_367' title='bbox 1573 3098 1662 3153; x_wconf 90' lang='lat' dir='ltr'><strong>alii</strong></span> <span class='ocrx_word' id='word_1_368' title='bbox 1693 3099 1987 3153; x_wconf 88' lang='lat' dir='ltr'><strong>etiamnum</strong></span> <span class='ocrx_word' id='word_1_369' title='bbox 2030 3098 2130 3152; x_wconf 82' lang='lat' dir='ltr'><strong>llo-</strong></span> 
     </span>
    </p>
   </div>
   <div class='ocr_carea' id='block_1_47' title="bbox 551 3189 2130 3263">
    <p class='ocr_par' dir='ltr' id='par_1_47' title="bbox 551 3189 2130 3263">
     <span class='ocr_line' id='line_1_47' title="bbox 551 3189 2130 3263; baseline -0.004 -11"><span class='ocrx_word' id='word_1_370' title='bbox 551 3208 690 3263; x_wconf 84' lang='lat' dir='ltr'><strong>rent,</strong></span> <span class='ocrx_word' id='word_1_371' title='bbox 724 3197 814 3250; x_wconf 91' lang='lat' dir='ltr'><strong>alii</strong></span> <span class='ocrx_word' id='word_1_372' title='bbox 845 3204 1117 3255; x_wconf 91' lang='lat' dir='ltr'><strong>crescunt,</strong></span> <span class='ocrx_word' id='word_1_373' title='bbox 1160 3192 1247 3247; x_wconf 93' lang='lat' dir='ltr'><strong>alii</strong></span> <span class='ocrx_word' id='word_1_374' title='bbox 1297 3200 1688 3246; x_wconf 84' lang='lat' dir='ltr'><strong>maturescunt.</strong></span> <span class='ocrx_word' id='word_1_375' title='bbox 1740 3189 1851 3245; x_wconf 90' lang='lat' dir='ltr'><strong>Nec</strong></span> <span class='ocrx_word' id='word_1_376' title='bbox 1892 3192 2130 3245; x_wconf 86' lang='lat' dir='ltr'><strong>dissimi-</strong></span> 
     </span>
    </p>
   </div>
   <div class='ocr_carea' id='block_1_48' title="bbox 551 3284 2127 3353">
    <p class='ocr_par' dir='ltr' id='par_1_48' title="bbox 551 3284 2127 3353">
     <span class='ocr_line' id='line_1_48' title="bbox 551 3284 2127 3353; baseline -0.003 -11"><span class='ocrx_word' id='word_1_377' title='bbox 551 3291 616 3344; x_wconf 85' lang='lat' dir='ltr'><strong>lis</strong></span> <span class='ocrx_word' id='word_1_378' title='bbox 642 3300 723 3343; x_wconf 83' lang='lat' dir='ltr'><strong>est</strong></span> <span class='ocrx_word' id='word_1_379' title='bbox 754 3289 807 3342; x_wconf 91' lang='lat' dir='ltr'><strong>in</strong></span> <span class='ocrx_word' id='word_1_380' title='bbox 844 3286 1175 3342; x_wconf 89' lang='lat' dir='ltr'><strong>animalibus</strong></span> <span class='ocrx_word' id='word_1_381' title='bbox 1208 3284 1481 3346; x_wconf 84' lang='lat' dir='ltr'><strong>omnibus,</strong></span> <span class='ocrx_word' id='word_1_382' title='bbox 1508 3293 1696 3352; x_wconf 90' lang='lat' dir='ltr'><strong>partus</strong></span> <span class='ocrx_word' id='word_1_383' title='bbox 1724 3294 2127 3353; x_wconf 88' lang='lat' dir='ltr'><strong>conceptusque</strong></span> 
     </span>
    </p>
   </div>
   <div class='ocr_carea' id='block_1_49' title="bbox 549 3375 2127 3451">
    <p class='ocr_par' dir='ltr' id='par_1_49' title="bbox 549 3375 2127 3451">
     <span class='ocr_line' id='line_1_49' title="bbox 549 3375 2127 3451; baseline -0.001 -22"><span class='ocrx_word' id='word_1_384' title='bbox 549 3381 855 3451; x_wconf 64' lang='lat' dir='ltr'><strong>proportio:</strong></span> <span class='ocrx_word' id='word_1_385' title='bbox 890 3394 1008 3447; x_wconf 74' lang='lat' dir='ltr'><strong>qua:</strong></span> <span class='ocrx_word' id='word_1_386' title='bbox 1040 3377 1180 3431; x_wconf 87' lang='lat' dir='ltr'><strong>idem</strong></span> <span class='ocrx_word' id='word_1_387' title='bbox 1221 3375 1444 3429; x_wconf 89' lang='lat' dir='ltr'><strong>omnino</strong></span> <span class='ocrx_word' id='word_1_388' title='bbox 1483 3375 1748 3445; x_wconf 62' lang='lat' dir='ltr'><strong>geniture</strong></span> <span class='ocrx_word' id='word_1_389' title='bbox 1794 3384 2127 3427; x_wconf 84' lang='lat' dir='ltr'><strong>momentum</strong></span> 
     </span>
    </p>
   </div>
   <div class='ocr_carea' id='block_1_50' title="bbox 549 3464 2129 3537">
    <p class='ocr_par' dir='ltr' id='par_1_50' title="bbox 549 3464 2129 3537">
     <span class='ocr_line' id='line_1_50' title="bbox 549 3464 2129 3537; baseline -0.009 -9"><span class='ocrx_word' id='word_1_390' title='bbox 549 3475 746 3528; x_wconf 78' lang='lat' dir='ltr'><strong>habere</strong></span> <span class='ocrx_word' id='word_1_391' title='bbox 789 3471 935 3524; x_wconf 87' lang='lat' dir='ltr'><strong>nullo</strong></span> <span class='ocrx_word' id='word_1_392' title='bbox 986 3469 1142 3521; x_wconf 90' lang='lat' dir='ltr'><strong>modo</strong></span> <span class='ocrx_word' id='word_1_393' title='bbox 1194 3477 1440 3537; x_wconf 85' lang='lat' dir='ltr'><strong>possunt.</strong></span> <span class='ocrx_word' id='word_1_394' title='bbox 1489 3466 1639 3517; x_wconf 84' lang='lat' dir='ltr'><strong>Adde</strong></span> <span class='ocrx_word' id='word_1_395' title='bbox 1679 3464 1823 3532; x_wconf 90' lang='lat' dir='ltr'><strong>quod</strong></span> <span class='ocrx_word' id='word_1_396' title='bbox 1876 3464 1978 3516; x_wconf 91' lang='lat' dir='ltr'><strong>alia</strong></span> <span class='ocrx_word' id='word_1_397' title='bbox 2033 3478 2129 3531; x_wconf 87' lang='lat' dir='ltr'><strong>per</strong></span> 
     </span>
    </p>
   </div>
   <div class='ocr_carea' id='block_1_51' title="bbox 546 3556 2126 3624">
    <p class='ocr_par' dir='ltr' id='par_1_51' title="bbox 546 3556 2126 3624">
     <span class='ocr_line' id='line_1_51' title="bbox 546 3556 2126 3624; baseline -0.007 -8"><span class='ocrx_word' id='word_1_398' title='bbox 546 3579 745 3616; x_wconf 85' lang='lat' dir='ltr'><strong>annum</strong></span> <span class='ocrx_word' id='word_1_399' title='bbox 817 3561 1083 3624; x_wconf 79' lang='lat' dir='ltr'><strong>integrum</strong></span> <span class='ocrx_word' id='word_1_400' title='bbox 1152 3557 1318 3610; x_wconf 80' lang='lat' dir='ltr'><strong>fetum</strong></span> <span class='ocrx_word' id='word_1_401' title='bbox 1381 3564 1533 3609; x_wconf 86' lang='lat' dir='ltr'><strong>utero</strong></span> <span class='ocrx_word' id='word_1_402' title='bbox 1590 3564 1825 3624; x_wconf 87' lang='lat' dir='ltr'><strong>gestant,</strong></span> <span class='ocrx_word' id='word_1_403' title='bbox 1883 3556 2126 3621; x_wconf 70' lang='lat' dir='ltr'><strong>qumdam</strong></span> 
     </span>
    </p>
   </div>
   <div class='ocr_carea' id='block_1_52' title="bbox 550 3645 2123 3718">
    <p class='ocr_par' dir='ltr' id='par_1_52' title="bbox 550 3645 2123 3718">
     <span class='ocr_line' id='line_1_52' title="bbox 550 3645 2123 3718; baseline -0.007 -10"><span class='ocrx_word' id='word_1_404' title='bbox 550 3656 823 3708; x_wconf 68' lang='lat' dir='ltr'><strong>mensibus</strong></span> <span class='ocrx_word' id='word_1_405' title='bbox 886 3655 1092 3714; x_wconf 70' lang='lat' dir='ltr'><strong>(let-em,</strong></span> <span class='ocrx_word' id='word_1_406' title='bbox 1160 3650 1403 3718; x_wconf 69' lang='lat' dir='ltr'><strong>quazdam</strong></span> <span class='ocrx_word' id='word_1_407' title='bbox 1461 3648 1656 3701; x_wconf 88' lang='lat' dir='ltr'><strong>diebus</strong></span> <span class='ocrx_word' id='word_1_408' title='bbox 1741 3645 2123 3716; x_wconf 86' lang='lat' dir='ltr'><strong>quadraginta,</strong></span> 
     </span>
    </p>
   </div>
   <div class='ocr_carea' id='block_1_53' title="bbox 2324 2361 3781 2437">
    <p class='ocr_par' dir='ltr' id='par_1_53' title="bbox 2324 2361 3781 2437">
     <span class='ocr_line' id='line_1_53' title="bbox 2324 2361 3781 2437; baseline -0.004 -17"><span class='ocrx_word' id='word_1_409' title='bbox 2324 2369 2443 2420; x_wconf 82' lang='grc' dir='ltr'><strong>Ἔτι</strong></span> <span class='ocrx_word' id='word_1_410' title='bbox 2478 2367 2535 2420; x_wconf 81' lang='grc' dir='ltr'><strong>δὲ</strong></span> <span class='ocrx_word' id='word_1_411' title='bbox 2568 2365 2958 2437; x_wconf 79' lang='grc' dir='ltr'>ἀκριϐέστερον</span> <span class='ocrx_word' id='word_1_412' title='bbox 2984 2366 3048 2419; x_wconf 75' lang='grc' dir='ltr'>ἄν</span> <span class='ocrx_word' id='word_1_413' title='bbox 3091 2381 3174 2427; x_wconf 86' lang='grc' dir='ltr'><strong>τις</strong></span> <span class='ocrx_word' id='word_1_414' title='bbox 3210 2361 3463 2417; x_wconf 75' lang='grc' dir='ltr'>ἐντεῦθεν</span> <span class='ocrx_word' id='word_1_415' title='bbox 3490 2361 3518 2415; x_wconf 73' lang='grc' dir='ltr'><strong>ὃ</strong></span> <span class='ocrx_word' id='word_1_416' title='bbox 3546 2362 3677 2431; x_wconf 89' lang='grc' dir='ltr'>λέγω</span> <span class='ocrx_word' id='word_1_417' title='bbox 3703 2380 3781 2415; x_wconf 83' lang='grc' dir='ltr'><strong>κα-</strong></span> 
     </span>
    </p>
   </div>
   <div class='ocr_carea' id='block_1_54' title="bbox 2237 2453 3785 2529">
    <p class='ocr_par' dir='ltr' id='par_1_54' title="bbox 2237 2453 3785 2529">
     <span class='ocr_line' id='line_1_54' title="bbox 2237 2453 3785 2529; baseline -0.004 -17"><span class='ocrx_word' id='word_1_418' title='bbox 2237 2458 2477 2529; x_wconf 84' lang='grc' dir='ltr'>ταμάθοι</span> <span class='ocrx_word' id='word_1_419' title='bbox 2504 2474 2519 2490; x_wconf 78' lang='grc' dir='ltr'><strong>ο</strong></span> <span class='ocrx_word' id='word_1_420' title='bbox 2566 2456 2757 2509; x_wconf 85' lang='grc' dir='ltr'>Ἡνίκα</span> <span class='ocrx_word' id='word_1_421' title='bbox 2787 2456 2847 2508; x_wconf 79' lang='grc' dir='ltr'><strong>τὸ</strong></span> <span class='ocrx_word' id='word_1_422' title='bbox 2876 2455 2977 2526; x_wconf 76' lang='grc' dir='ltr'>ἔαρ</span> <span class='ocrx_word' id='word_1_423' title='bbox 3001 2453 3267 2526; x_wconf 77' lang='grc' dir='ltr'>εὔκρατον</span> <span class='ocrx_word' id='word_1_424' title='bbox 3300 2454 3517 2523; x_wconf 72' lang='grc' dir='ltr'>ἐπιστῇ,</span> <span class='ocrx_word' id='word_1_425' title='bbox 3544 2454 3681 2505; x_wconf 85' lang='grc' dir='ltr'>πᾶσα</span> <span class='ocrx_word' id='word_1_426' title='bbox 3706 2453 3785 2521; x_wconf 75' lang='grc' dir='ltr'>μὲν</span> 
     </span>
    </p>
   </div>
   <div class='ocr_carea' id='block_1_55' title="bbox 2235 2540 3781 2618">
    <p class='ocr_par' dir='ltr' id='par_1_55' title="bbox 2235 2540 3781 2618">
     <span class='ocr_line' id='line_1_55' title="bbox 2235 2540 3781 2618; baseline -0.004 -17"><span class='ocrx_word' id='word_1_427' title='bbox 2235 2549 2389 2601; x_wconf 82' lang='grc' dir='ltr'>ἀνθεῖ</span> <span class='ocrx_word' id='word_1_428' title='bbox 2419 2546 2614 2618; x_wconf 78' lang='grc' dir='ltr'>βοτάνη</span> <span class='ocrx_word' id='word_1_429' title='bbox 2669 2547 2764 2599; x_wconf 81' lang='grc' dir='ltr'>καὶ</span> <span class='ocrx_word' id='word_1_430' title='bbox 2812 2548 3090 2615; x_wconf 78' lang='grc' dir='ltr'>κυοφορεῖ,</span> <span class='ocrx_word' id='word_1_431' title='bbox 3145 2546 3297 2597; x_wconf 74' lang='grc' dir='ltr'>πᾶσα</span> <span class='ocrx_word' id='word_1_432' title='bbox 3342 2543 3399 2596; x_wconf 84' lang='grc' dir='ltr'><strong>δὲ</strong></span> <span class='ocrx_word' id='word_1_433' title='bbox 3432 2540 3598 2607; x_wconf 79' lang='grc' dir='ltr'>ξύλων</span> <span class='ocrx_word' id='word_1_434' title='bbox 3622 2544 3781 2613; x_wconf 82' lang='grc' dir='ltr'>φύσις,</span> 
     </span>
    </p>
   </div>
   <div class='ocr_carea' id='block_1_56' title="bbox 2235 2636 3783 2709">
    <p class='ocr_par' dir='ltr' id='par_1_56' title="bbox 2235 2636 3783 2709">
     <span class='ocr_line' id='line_1_56' title="bbox 2235 2636 3783 2709; baseline -0.003 -16"><span class='ocrx_word' id='word_1_435' title='bbox 2235 2640 2408 2693; x_wconf 83' lang='grc' dir='ltr'>πολλά</span> <span class='ocrx_word' id='word_1_436' title='bbox 2449 2640 2507 2692; x_wconf 78' lang='grc' dir='ltr'><strong>δὲ</strong></span> <span class='ocrx_word' id='word_1_437' title='bbox 2555 2638 2775 2709; x_wconf 84' lang='grc' dir='ltr'>πτηνῶν</span> <span class='ocrx_word' id='word_1_438' title='bbox 2810 2639 2903 2691; x_wconf 79' lang='grc' dir='ltr'>καὶ</span> <span class='ocrx_word' id='word_1_439' title='bbox 2958 2636 3230 2707; x_wconf 82' lang='grc' dir='ltr'>χερσαίων</span> <span class='ocrx_word' id='word_1_440' title='bbox 3264 2637 3359 2688; x_wconf 78' lang='grc' dir='ltr'><strong>καὶ</strong></span> <span class='ocrx_word' id='word_1_441' title='bbox 3409 2636 3631 2687; x_wconf 71' lang='grc' dir='ltr'>ἐναλίων</span> <span class='ocrx_word' id='word_1_442' title='bbox 3675 2637 3783 2704; x_wconf 82' lang='grc' dir='ltr'>γένη</span> 
     </span>
    </p>
   </div>
   <div class='ocr_carea' id='block_1_57' title="bbox 2237 2730 3784 2803">
    <p class='ocr_par' dir='ltr' id='par_1_57' title="bbox 2237 2730 3784 2803">
     <span class='ocr_line' id='line_1_57' title="bbox 2237 2730 3784 2803; baseline -0.002 -17"><span class='ocrx_word' id='word_1_443' title='bbox 2237 2734 2545 2803; x_wconf 87' lang='grc' dir='ltr'>μιγνύμενα</span> <span class='ocrx_word' id='word_1_444' title='bbox 2573 2734 2714 2786; x_wconf 86' lang='grc' dir='ltr'>κύει.</span> <span class='ocrx_word' id='word_1_445' title='bbox 2745 2733 2852 2785; x_wconf 76' lang='grc' dir='ltr'>Καὶ</span> <span class='ocrx_word' id='word_1_446' title='bbox 2887 2733 3055 2801; x_wconf 84' lang='grc' dir='ltr'>μυρία</span> <span class='ocrx_word' id='word_1_447' title='bbox 3090 2730 3188 2801; x_wconf 80' lang='grc' dir='ltr'><strong>μὲν</strong></span> <span class='ocrx_word' id='word_1_448' title='bbox 3212 2731 3348 2800; x_wconf 82' lang='grc' dir='ltr'>γένη</span> <span class='ocrx_word' id='word_1_449' title='bbox 3374 2730 3514 2784; x_wconf 84' lang='grc' dir='ltr'>κατὰ</span> <span class='ocrx_word' id='word_1_450' title='bbox 3540 2731 3626 2783; x_wconf 81' lang='grc' dir='ltr'><strong>τὸν</strong></span> <span class='ocrx_word' id='word_1_451' title='bbox 3649 2730 3784 2783; x_wconf 77' lang='grc' dir='ltr'>αὑτὸν</span> 
     </span>
    </p>
   </div>
   <div class='ocr_carea' id='block_1_58' title="bbox 2234 2822 3783 2897">
    <p class='ocr_par' dir='ltr' id='par_1_58' title="bbox 2234 2822 3783 2897">
     <span class='ocr_line' id='line_1_58' title="bbox 2234 2822 3783 2897; baseline -0.003 -17"><span class='ocrx_word' id='word_1_452' title='bbox 2234 2828 2426 2897; x_wconf 79' lang='grc' dir='ltr'>καιρὸν</span> <span class='ocrx_word' id='word_1_453' title='bbox 2457 2828 2779 2897; x_wconf 78' lang='grc' dir='ltr'>τελεσφορεῖ</span> <span class='ocrx_word' id='word_1_454' title='bbox 2814 2826 2883 2878; x_wconf 84' lang='grc' dir='ltr'>τὰ</span> <span class='ocrx_word' id='word_1_455' title='bbox 2920 2826 3213 2895; x_wconf 86' lang='grc' dir='ltr'>σπέρματα</span> <span class='ocrx_word' id='word_1_456' title='bbox 3233 2864 3248 2889; x_wconf 90' lang='grc'><strong>,</strong></span> <span class='ocrx_word' id='word_1_457' title='bbox 3294 2824 3470 2893; x_wconf 88' lang='grc' dir='ltr'>μυρία</span> <span class='ocrx_word' id='word_1_458' title='bbox 3496 2823 3552 2876; x_wconf 79' lang='grc' dir='ltr'><strong>δὲ</strong></span> <span class='ocrx_word' id='word_1_459' title='bbox 3580 2824 3680 2877; x_wconf 87' lang='grc' dir='ltr'><strong>τῶν</strong></span> <span class='ocrx_word' id='word_1_460' title='bbox 3707 2822 3783 2890; x_wconf 81' lang='grc' dir='ltr'>ξύ-</span> 
     </span>
    </p>
   </div>
   <div class='ocr_carea' id='block_1_59' title="bbox 2232 2915 3782 2989">
    <p class='ocr_par' dir='ltr' id='par_1_59' title="bbox 2232 2915 3782 2989">
     <span class='ocr_line' id='line_1_59' title="bbox 2232 2915 3782 2989; baseline -0.005 -16"><span class='ocrx_word' id='word_1_461' title='bbox 2232 2919 2339 2972; x_wconf 84' lang='grc' dir='ltr'><strong>λων</strong></span> <span class='ocrx_word' id='word_1_462' title='bbox 2358 2921 2481 2984; x_wconf 76' lang='grc' dir='ltr'>τοὺς</span> <span class='ocrx_word' id='word_1_463' title='bbox 2507 2920 2772 2989; x_wconf 76' lang='grc' dir='ltr'>καρποὺς,</span> <span class='ocrx_word' id='word_1_464' title='bbox 2796 2918 2894 2971; x_wconf 83' lang='grc' dir='ltr'><strong>οὐκ</strong></span> <span class='ocrx_word' id='word_1_465' title='bbox 2915 2918 2971 2970; x_wconf 81' lang='grc' dir='ltr'><strong>ὲν</strong></span> <span class='ocrx_word' id='word_1_466' title='bbox 3004 2917 3104 2986; x_wconf 77' lang='grc' dir='ltr'>μιᾷ</span> <span class='ocrx_word' id='word_1_467' title='bbox 3125 2919 3293 2987; x_wconf 76' lang='grc' dir='ltr'>ῥοπῇ,</span> <span class='ocrx_word' id='word_1_468' title='bbox 3318 2915 3435 2968; x_wconf 85' lang='grc' dir='ltr'>ἀλλ’</span> <span class='ocrx_word' id='word_1_469' title='bbox 3459 2918 3516 2969; x_wconf 83' lang='grc' dir='ltr'>ὲν</span> <span class='ocrx_word' id='word_1_470' title='bbox 3538 2916 3782 2977; x_wconf 81' lang='grc' dir='ltr'>πλείσταις</span> 
     </span>
    </p>
   </div>
   <div class='ocr_carea' id='block_1_60' title="bbox 2231 3004 3780 3081">
    <p class='ocr_par' dir='ltr' id='par_1_60' title="bbox 2231 3004 3780 3081">
     <span class='ocr_line' id='line_1_60' title="bbox 2231 3004 3780 3081; baseline -0.005 -17"><span class='ocrx_word' id='word_1_471' title='bbox 2231 3012 2490 3081; x_wconf 74' lang='grc' dir='ltr'>ἡμέραις,</span> <span class='ocrx_word' id='word_1_472' title='bbox 2528 3011 2640 3063; x_wconf 81' lang='grc' dir='ltr'><strong>τῶν</strong></span> <span class='ocrx_word' id='word_1_473' title='bbox 2676 3010 2775 3079; x_wconf 82' lang='grc' dir='ltr'><strong>μὲν</strong></span> <span class='ocrx_word' id='word_1_474' title='bbox 2802 3007 3109 3063; x_wconf 83' lang='grc' dir='ltr'>ἀνθούντων</span> <span class='ocrx_word' id='word_1_475' title='bbox 3140 3005 3223 3058; x_wconf 79' lang='grc' dir='ltr'>ἔτι</span> <span class='ocrx_word' id='word_1_476' title='bbox 3256 3007 3318 3058; x_wconf 82' lang='grc' dir='ltr'>ὲν</span> <span class='ocrx_word' id='word_1_477' title='bbox 3346 3004 3424 3075; x_wconf 83' lang='grc' dir='ltr'><strong>τῷ</strong></span> <span class='ocrx_word' id='word_1_478' title='bbox 3458 3004 3603 3074; x_wconf 83' lang='grc' dir='ltr'>αύτῷ</span> <span class='ocrx_word' id='word_1_479' title='bbox 3634 3005 3780 3074; x_wconf 80' lang='grc' dir='ltr'>φυτῷ,</span> 
     </span>
    </p>
   </div>
   <div class='ocr_carea' id='block_1_61' title="bbox 2232 3098 3776 3172">
    <p class='ocr_par' dir='ltr' id='par_1_61' title="bbox 2232 3098 3776 3172">
     <span class='ocr_line' id='line_1_61' title="bbox 2232 3098 3776 3172; baseline -0.004 -17"><span class='ocrx_word' id='word_1_480' title='bbox 2232 3103 2436 3172; x_wconf 78' lang='grc' dir='ltr'>ἑτέρων</span> <span class='ocrx_word' id='word_1_481' title='bbox 2492 3102 2549 3155; x_wconf 77' lang='grc' dir='ltr'><strong>δὲ</strong></span> <span class='ocrx_word' id='word_1_482' title='bbox 2612 3101 2931 3170; x_wconf 76' lang='grc' dir='ltr'>αὐξομένων</span> <span class='ocrx_word' id='word_1_483' title='bbox 2984 3101 3078 3154; x_wconf 77' lang='grc' dir='ltr'>καὶ</span> <span class='ocrx_word' id='word_1_484' title='bbox 3134 3099 3317 3153; x_wconf 81' lang='grc' dir='ltr'>ἄλλων</span> <span class='ocrx_word' id='word_1_485' title='bbox 3378 3098 3776 3167; x_wconf 75' lang='grc' dir='ltr'>πεπαινομένων.</span> 
     </span>
    </p>
   </div>
   <div class='ocr_carea' id='block_1_62' title="bbox 2233 3190 3779 3267">
    <p class='ocr_par' dir='ltr' id='par_1_62' title="bbox 2233 3190 3779 3267">
     <span class='ocr_line' id='line_1_62' title="bbox 2233 3190 3779 3267; baseline -0.004 -20"><span class='ocrx_word' id='word_1_486' title='bbox 2233 3194 2358 3267; x_wconf 78' lang='grc'>[677</span> <span class='ocrx_word' id='word_1_487' title='bbox 2386 3192 2480 3265; x_wconf 84' lang='lat' dir='ltr'><strong>R.]</strong></span> <span class='ocrx_word' id='word_1_488' title='bbox 2522 3195 2588 3247; x_wconf 83' lang='lat' dir='ltr'><strong>&#39;ll</strong></span> <span class='ocrx_word' id='word_1_489' title='bbox 2638 3195 2777 3263; x_wconf 82' lang='grc' dir='ltr'>αὑτὴ</span> <span class='ocrx_word' id='word_1_490' title='bbox 2826 3193 2873 3246; x_wconf 79' lang='grc' dir='ltr'>δ’</span> <span class='ocrx_word' id='word_1_491' title='bbox 2905 3192 3167 3260; x_wconf 82' lang='grc' dir='ltr'>ἀναλογία</span> <span class='ocrx_word' id='word_1_492' title='bbox 3225 3190 3325 3245; x_wconf 74' lang='grc' dir='ltr'>τοῦ</span> <span class='ocrx_word' id='word_1_493' title='bbox 3380 3190 3543 3245; x_wconf 85' lang='grc' dir='ltr'>τόκου</span> <span class='ocrx_word' id='word_1_494' title='bbox 3581 3192 3667 3243; x_wconf 74' lang='grc' dir='ltr'><strong>καὶ</strong></span> <span class='ocrx_word' id='word_1_495' title='bbox 3701 3190 3779 3256; x_wconf 61' lang='lat' dir='ltr'><strong>si;</strong></span> 
     </span>
    </p>
   </div>
   <div class='ocr_carea' id='block_1_63' title="bbox 2228 3278 3779 3358">
    <p class='ocr_par' dir='ltr' id='par_1_63' title="bbox 2228 3278 3779 3358">
     <span class='ocr_line' id='line_1_63' title="bbox 2228 3278 3779 3358; baseline -0.004 -19"><span class='ocrx_word' id='word_1_496' title='bbox 2228 3291 2480 3358; x_wconf 80' lang='grc' dir='ltr'>κυήσεως</span> <span class='ocrx_word' id='word_1_497' title='bbox 2505 3288 2597 3340; x_wconf 72' lang='grc' dir='ltr'>καὶ</span> <span class='ocrx_word' id='word_1_498' title='bbox 2628 3288 2723 3338; x_wconf 73' lang='grc' dir='ltr'><strong>ἐπὶ</strong></span> <span class='ocrx_word' id='word_1_499' title='bbox 2751 3288 2861 3339; x_wconf 85' lang='grc' dir='ltr'><strong>τῶν</strong></span> <span class='ocrx_word' id='word_1_500' title='bbox 2896 3286 3052 3351; x_wconf 80' lang='grc' dir='ltr'>ζώων</span> <span class='ocrx_word' id='word_1_501' title='bbox 3086 3286 3334 3350; x_wconf 80' lang='grc' dir='ltr'>πάντων,</span> <span class='ocrx_word' id='word_1_502' title='bbox 3382 3278 3459 3340; x_wconf 84' lang='grc' dir='ltr'>ὧν</span> <span class='ocrx_word' id='word_1_503' title='bbox 3495 3285 3588 3353; x_wconf 82' lang='grc' dir='ltr'><strong>οὐχ</strong></span> <span class='ocrx_word' id='word_1_504' title='bbox 3614 3279 3710 3336; x_wconf 76' lang='grc' dir='ltr'>οἷόν</span> <span class='ocrx_word' id='word_1_505' title='bbox 3733 3300 3779 3334; x_wconf 87' lang='grc' dir='ltr'><strong>τε</strong></span> 
     </span>
    </p>
   </div>
   <div class='ocr_carea' id='block_1_64' title="bbox 2228 3376 3780 3451">
    <p class='ocr_par' dir='ltr' id='par_1_64' title="bbox 2228 3376 3780 3451">
     <span class='ocr_line' id='line_1_64' title="bbox 2228 3376 3780 3451; baseline -0.004 -19"><span class='ocrx_word' id='word_1_506' title='bbox 2228 3380 2328 3451; x_wconf 85' lang='grc' dir='ltr'>τὴν</span> <span class='ocrx_word' id='word_1_507' title='bbox 2354 3380 2525 3449; x_wconf 74' lang='grc' dir='ltr'>αὐτὴν</span> <span class='ocrx_word' id='word_1_508' title='bbox 2556 3379 2657 3448; x_wconf 83' lang='grc' dir='ltr'><strong>τῆς</strong></span> <span class='ocrx_word' id='word_1_509' title='bbox 2688 3379 2957 3446; x_wconf 86' lang='grc' dir='ltr'>γενέσεως</span> <span class='ocrx_word' id='word_1_510' title='bbox 2983 3379 3129 3448; x_wconf 76' lang='grc' dir='ltr'>ἔχειν</span> <span class='ocrx_word' id='word_1_511' title='bbox 3162 3380 3367 3450; x_wconf 77' lang='grc' dir='ltr'>ῥοπήν.</span> <span class='ocrx_word' id='word_1_512' title='bbox 3400 3379 3520 3431; x_wconf 87' lang='grc' dir='ltr'><strong>Ἔτι</strong></span> <span class='ocrx_word' id='word_1_513' title='bbox 3542 3377 3598 3429; x_wconf 82' lang='grc' dir='ltr'>δὲ</span> <span class='ocrx_word' id='word_1_514' title='bbox 3618 3377 3679 3429; x_wconf 77' lang='grc' dir='ltr'>τὰ</span> <span class='ocrx_word' id='word_1_515' title='bbox 3703 3376 3780 3444; x_wconf 81' lang='grc' dir='ltr'><strong>μὲν</strong></span> 
     </span>
    </p>
   </div>
   <div class='ocr_carea' id='block_1_65' title="bbox 2229 3465 3777 3542">
    <p class='ocr_par' dir='ltr' id='par_1_65' title="bbox 2229 3465 3777 3542">
     <span class='ocr_line' id='line_1_65' title="bbox 2229 3465 3777 3542; baseline -0.003 -19"><span class='ocrx_word' id='word_1_516' title='bbox 2229 3472 2477 3525; x_wconf 72' lang='grc' dir='ltr'>ἐνιαυτὸν</span> <span class='ocrx_word' id='word_1_517' title='bbox 2510 3474 2792 3542; x_wconf 83' lang='grc' dir='ltr'>κυοφορεῖ,</span> <span class='ocrx_word' id='word_1_518' title='bbox 2828 3470 2899 3524; x_wconf 87' lang='grc' dir='ltr'>τὰ</span> <span class='ocrx_word' id='word_1_519' title='bbox 2928 3472 2983 3525; x_wconf 75' lang='grc' dir='ltr'><strong>δὲ</strong></span> <span class='ocrx_word' id='word_1_520' title='bbox 3020 3472 3197 3541; x_wconf 81' lang='grc' dir='ltr'>μῆνας</span> <span class='ocrx_word' id='word_1_521' title='bbox 3235 3469 3290 3532; x_wconf 86' lang='grc' dir='ltr'>ι’,</span> <span class='ocrx_word' id='word_1_522' title='bbox 3322 3472 3392 3524; x_wconf 84' lang='grc' dir='ltr'>τὰ</span> <span class='ocrx_word' id='word_1_523' title='bbox 3418 3472 3475 3524; x_wconf 86' lang='grc' dir='ltr'><strong>δὲ</strong></span> <span class='ocrx_word' id='word_1_524' title='bbox 3501 3469 3700 3540; x_wconf 74' lang='grc' dir='ltr'>ἡμέρας</span> <span class='ocrx_word' id='word_1_525' title='bbox 3722 3465 3777 3534; x_wconf 77' lang='grc' dir='ltr'>μ’,</span> 
     </span>
    </p>
   </div>
   <div class='ocr_carea' id='block_1_66' title="bbox 2228 3558 3780 3633">
    <p class='ocr_par' dir='ltr' id='par_1_66' title="bbox 2228 3558 3780 3633">
     <span class='ocr_line' id='line_1_66' title="bbox 2228 3558 3780 3633; baseline -0.003 -20"><span class='ocrx_word' id='word_1_526' title='bbox 2228 3565 2322 3615; x_wconf 77' lang='grc' dir='ltr'>καὶ</span> <span class='ocrx_word' id='word_1_527' title='bbox 2359 3563 2528 3632; x_wconf 87' lang='grc' dir='ltr'>μυρία</span> <span class='ocrx_word' id='word_1_528' title='bbox 2571 3561 2707 3632; x_wconf 82' lang='grc' dir='ltr'>ἄλλη</span> <span class='ocrx_word' id='word_1_529' title='bbox 2732 3563 2987 3633; x_wconf 64' lang='grc' dir='ltr'>διαφορά.</span> <span class='ocrx_word' id='word_1_530' title='bbox 3035 3564 3197 3625; x_wconf 86' lang='grc' dir='ltr'>Ποῖος</span> <span class='ocrx_word' id='word_1_531' title='bbox 3224 3558 3320 3615; x_wconf 78' lang='grc' dir='ltr'>οὖν</span> <span class='ocrx_word' id='word_1_532' title='bbox 3345 3562 3524 3632; x_wconf 85' lang='grc' dir='ltr'>ἀστὴρ</span> <span class='ocrx_word' id='word_1_533' title='bbox 3556 3562 3630 3623; x_wconf 85' lang='grc' dir='ltr'>εἰς</span> <span class='ocrx_word' id='word_1_534' title='bbox 3656 3561 3780 3613; x_wconf 85' lang='grc' dir='ltr'>ποῖον</span> 
     </span>
    </p>
   </div>
   <div class='ocr_carea' id='block_1_67' title="bbox 2229 3649 3784 3724">
    <p class='ocr_par' dir='ltr' id='par_1_67' title="bbox 2229 3649 3784 3724">
     <span class='ocr_line' id='line_1_67' title="bbox 2229 3649 3784 3724; baseline -0.003 -21"><span class='ocrx_word' id='word_1_535' title='bbox 2229 3652 2420 3714; x_wconf 82' lang='grc' dir='ltr'>ζώδιον</span> <span class='ocrx_word' id='word_1_536' title='bbox 2452 3651 2637 3705; x_wconf 71' lang='grc' dir='ltr'>εἰσιὼν</span> <span class='ocrx_word' id='word_1_537' title='bbox 2680 3652 3102 3723; x_wconf 84' lang='grc' dir='ltr'>μεμετρημένον</span> <span class='ocrx_word' id='word_1_538' title='bbox 3137 3651 3256 3724; x_wconf 79' lang='grc'>[551</span> <span class='ocrx_word' id='word_1_539' title='bbox 3290 3651 3391 3724; x_wconf 84' lang='grc' dir='ltr'><strong>Η.]</strong></span> <span class='ocrx_word' id='word_1_540' title='bbox 3424 3653 3635 3719; x_wconf 77' lang='grc' dir='ltr'>ἑκάστῳ</span> <span class='ocrx_word' id='word_1_541' title='bbox 3665 3649 3784 3716; x_wconf 80' lang='grc' dir='ltr'>γένει</span> 
     </span>
    </p>
   </div>
   <div class='ocr_carea' id='block_1_68' title="bbox 545 3739 2130 3817">
    <p class='ocr_par' dir='ltr' id='par_1_68' title="bbox 545 3739 2128 3817">
     <span class='ocr_line' id='line_1_68' title="bbox 545 3739 2128 3817; baseline -0.004 -18"><span class='ocrx_word' id='word_1_542' title='bbox 545 3750 757 3817; x_wconf 74' lang='lat' dir='ltr'><strong>aliaque</strong></span> <span class='ocrx_word' id='word_1_543' title='bbox 792 3749 843 3799; x_wconf 92' lang='lat' dir='ltr'><strong>iu</strong></span> <span class='ocrx_word' id='word_1_544' title='bbox 884 3745 966 3797; x_wconf 88' lang='lat' dir='ltr'><strong>his</strong></span> <span class='ocrx_word' id='word_1_545' title='bbox 992 3744 1216 3813; x_wconf 87' lang='lat' dir='ltr'><strong>plurima</strong></span> <span class='ocrx_word' id='word_1_546' title='bbox 1278 3741 1545 3809; x_wconf 88' lang='lat' dir='ltr'><strong>reperitur</strong></span> <span class='ocrx_word' id='word_1_547' title='bbox 1598 3740 1926 3794; x_wconf 69' lang='lat' dir='ltr'><strong>diﬁ‘ereutia.</strong></span> <span class='ocrx_word' id='word_1_548' title='bbox 1957 3739 2128 3805; x_wconf 85' lang='lat' dir='ltr'><strong>Quale</strong></span> 
     </span>
    </p>
   </div>
   <div class='ocr_carea' id='block_1_69' title="bbox 2230 3739 3787 3817">
    <p class='ocr_par' dir='ltr' id='par_1_69' title="bbox 2231 3740 3787 3816">
     <span class='ocr_line' id='line_1_69' title="bbox 2231 3740 3787 3816; baseline -0.004 -20"><span class='ocrx_word' id='word_1_549' title='bbox 2231 3745 2321 3797; x_wconf 84' lang='grc' dir='ltr'><strong>τὸν</strong></span> <span class='ocrx_word' id='word_1_550' title='bbox 2362 3745 2461 3813; x_wconf 82' lang='grc' dir='ltr'>τῆς</span> <span class='ocrx_word' id='word_1_551' title='bbox 2504 3746 2803 3815; x_wconf 67' lang='grc' dir='ltr'>κυοφορίας</span> <span class='ocrx_word' id='word_1_552' title='bbox 2843 3745 3095 3816; x_wconf 79' lang='grc' dir='ltr'>ἀφορίζει</span> <span class='ocrx_word' id='word_1_553' title='bbox 3141 3746 3381 3815; x_wconf 71' lang='grc' dir='ltr'>χρόνονς</span> <span class='ocrx_word' id='word_1_554' title='bbox 3425 3744 3514 3798; x_wconf 82' lang='grc' dir='ltr'>διὰ.</span> <span class='ocrx_word' id='word_1_555' title='bbox 3546 3745 3595 3796; x_wconf 86' lang='grc' dir='ltr'><strong>τί</strong></span> <span class='ocrx_word' id='word_1_556' title='bbox 3625 3744 3674 3795; x_wconf 82' lang='grc' dir='ltr'><strong>δὲ</strong></span> <span class='ocrx_word' id='word_1_557' title='bbox 3701 3740 3787 3794; x_wconf 83' lang='grc' dir='ltr'>τῶν</span> 
     </span>
    </p>
   </div>
   <div class='ocr_carea' id='block_1_70' title="bbox 551 3832 2133 3906">
    <p class='ocr_par' dir='ltr' id='par_1_70' title="bbox 551 3832 2133 3906">
     <span class='ocr_line' id='line_1_70' title="bbox 551 3832 2133 3906; baseline -0.001 -18"><span class='ocrx_word' id='word_1_558' title='bbox 551 3842 711 3906; x_wconf 74' lang='lat' dir='ltr'><strong>igitur</strong></span> <span class='ocrx_word' id='word_1_559' title='bbox 768 3847 975 3891; x_wconf 85' lang='lat' dir='ltr'><strong>astrqu</strong></span> <span class='ocrx_word' id='word_1_560' title='bbox 1020 3836 1071 3888; x_wconf 91' lang='lat' dir='ltr'><strong>iu</strong></span> <span class='ocrx_word' id='word_1_561' title='bbox 1127 3832 1284 3902; x_wconf 89' lang='lat' dir='ltr'><strong>quale</strong></span> <span class='ocrx_word' id='word_1_562' title='bbox 1324 3833 1535 3901; x_wconf 87' lang='lat' dir='ltr'><strong>signum</strong></span> <span class='ocrx_word' id='word_1_563' title='bbox 1576 3832 1885 3901; x_wconf 85' lang='lat' dir='ltr'><strong>ingrediens</strong></span> <span class='ocrx_word' id='word_1_564' title='bbox 1923 3832 2133 3886; x_wconf 87' lang='lat' dir='ltr'><strong>dimen-</strong></span> 
     </span>
    </p>
   </div>
   <div class='ocr_carea' id='block_1_71' title="bbox 545 3924 2127 3997">
    <p class='ocr_par' dir='ltr' id='par_1_71' title="bbox 545 3924 2127 3997">
     <span class='ocr_line' id='line_1_71' title="bbox 545 3924 2127 3997; baseline -0.003 -13"><span class='ocrx_word' id='word_1_565' title='bbox 545 3949 661 3984; x_wconf 85' lang='lat' dir='ltr'><strong>sum</strong></span> <span class='ocrx_word' id='word_1_566' title='bbox 725 3930 1014 3997; x_wconf 82' lang='lat' dir='ltr'><strong>unicuique</strong></span> <span class='ocrx_word' id='word_1_567' title='bbox 1053 3926 1235 3997; x_wconf 86' lang='lat' dir='ltr'><strong>generi</strong></span> <span class='ocrx_word' id='word_1_568' title='bbox 1296 3924 1462 3979; x_wconf 87' lang='lat' dir='ltr'><strong>letum</strong></span> <span class='ocrx_word' id='word_1_569' title='bbox 1517 3924 1720 3978; x_wconf 82' lang='lat' dir='ltr'><strong>ferendi</strong></span> <span class='ocrx_word' id='word_1_570' title='bbox 1776 3934 1987 3993; x_wconf 89' lang='lat' dir='ltr'><strong>tempus</strong></span> <span class='ocrx_word' id='word_1_571' title='bbox 2037 3924 2127 3979; x_wconf 86' lang='lat' dir='ltr'><strong>de-</strong></span> 
     </span>
    </p>
   </div>
   <div class='ocr_carea' id='block_1_72' title="bbox 543 4016 2129 4084">
    <p class='ocr_par' dir='ltr' id='par_1_72' title="bbox 543 4016 2129 4084">
     <span class='ocr_line' id='line_1_72' title="bbox 543 4016 2129 4084; baseline -0.004 -8"><span class='ocrx_word' id='word_1_572' title='bbox 543 4020 830 4076; x_wconf 81' lang='lat' dir='ltr'><strong>terminat?</strong></span> <span class='ocrx_word' id='word_1_573' title='bbox 882 4019 992 4072; x_wconf 83' lang='lat' dir='ltr'><strong>Cur</strong></span> <span class='ocrx_word' id='word_1_574' title='bbox 1043 4026 1243 4081; x_wconf 89' lang='lat' dir='ltr'><strong>autem,</strong></span> <span class='ocrx_word' id='word_1_575' title='bbox 1277 4031 1396 4071; x_wconf 89' lang='lat' dir='ltr'><strong>cum</strong></span> <span class='ocrx_word' id='word_1_576' title='bbox 1455 4016 1809 4070; x_wconf 89' lang='lat' dir='ltr'><strong>animantium</strong></span> <span class='ocrx_word' id='word_1_577' title='bbox 1850 4016 1901 4069; x_wconf 93' lang='lat' dir='ltr'><strong>in</strong></span> <span class='ocrx_word' id='word_1_578' title='bbox 1932 4028 2129 4084; x_wconf 82' lang='lat' dir='ltr'><strong>genere</strong></span> 
     </span>
    </p>
   </div>
   <div class='ocr_carea' id='block_1_73' title="bbox 545 4104 2125 4180">
    <p class='ocr_par' dir='ltr' id='par_1_73' title="bbox 545 4104 2125 4180">
     <span class='ocr_line' id='line_1_73' title="bbox 545 4104 2125 4180; baseline -0.004 -15"><span class='ocrx_word' id='word_1_579' title='bbox 545 4116 665 4168; x_wconf 74' lang='lat' dir='ltr'><strong>vita:</strong></span> <span class='ocrx_word' id='word_1_580' title='bbox 694 4124 904 4180; x_wconf 76' lang='lat' dir='ltr'><strong>tempus</strong></span> <span class='ocrx_word' id='word_1_581' title='bbox 934 4110 1139 4179; x_wconf 64' lang='lat' dir='ltr'><strong>aequale</strong></span> <span class='ocrx_word' id='word_1_582' title='bbox 1187 4125 1291 4163; x_wconf 90' lang='lat' dir='ltr'><strong>non</strong></span> <span class='ocrx_word' id='word_1_583' title='bbox 1357 4109 1451 4172; x_wconf 92' lang='lat' dir='ltr'><strong>sit,</strong></span> <span class='ocrx_word' id='word_1_584' title='bbox 1482 4107 1741 4175; x_wconf 61' lang='lat' dir='ltr'><strong>aequalem</strong></span> <span class='ocrx_word' id='word_1_585' title='bbox 1796 4113 1980 4161; x_wconf 90' lang='lat' dir='ltr'><strong>tamen</strong></span> <span class='ocrx_word' id='word_1_586' title='bbox 2037 4104 2125 4159; x_wconf 85' lang='lat' dir='ltr'><strong>illa</strong></span> 
     </span>
    </p>
   </div>
   <div class='ocr_carea' id='block_1_74' title="bbox 544 4198 2125 4274">
    <p class='ocr_par' dir='ltr' id='par_1_74' title="bbox 544 4198 2125 4274">
     <span class='ocr_line' id='line_1_74' title="bbox 544 4198 2125 4274; baseline -0.006 -14"><span class='ocrx_word' id='word_1_587' title='bbox 544 4209 678 4261; x_wconf 85' lang='lat' dir='ltr'><strong>uteri</strong></span> <span class='ocrx_word' id='word_1_588' title='bbox 720 4206 1076 4274; x_wconf 75' lang='lat' dir='ltr'><strong>gestationem</strong></span> <span class='ocrx_word' id='word_1_589' title='bbox 1133 4201 1369 4256; x_wconf 88' lang='lat' dir='ltr'><strong>habent?</strong></span> <span class='ocrx_word' id='word_1_590' title='bbox 1408 4200 1598 4254; x_wconf 85' lang='lat' dir='ltr'><strong>Dicant</strong></span> <span class='ocrx_word' id='word_1_591' title='bbox 1650 4199 1832 4268; x_wconf 89' lang='lat' dir='ltr'><strong>igitur,</strong></span> <span class='ocrx_word' id='word_1_592' title='bbox 1887 4213 1954 4251; x_wconf 86' lang='lat' dir='ltr'><strong>an</strong></span> <span class='ocrx_word' id='word_1_593' title='bbox 2010 4198 2125 4252; x_wconf 65' lang='lat' dir='ltr'><strong>haec</strong></span> 
     </span>
    </p>
   </div>
   <div class='ocr_carea' id='block_1_75' title="bbox 542 4292 2110 4370">
    <p class='ocr_par' dir='ltr' id='par_1_75' title="bbox 542 4292 2110 4370">
     <span class='ocr_line' id='line_1_75' title="bbox 542 4292 2110 4370; baseline -0.006 -18"><span class='ocrx_word' id='word_1_594' title='bbox 542 4302 701 4354; x_wconf 81' lang='lat' dir='ltr'><strong>ctiam</strong></span> <span class='ocrx_word' id='word_1_595' title='bbox 733 4316 761 4352; x_wconf 92' lang='lat' dir='ltr'><strong>a</strong></span> <span class='ocrx_word' id='word_1_596' title='bbox 794 4300 975 4370; x_wconf 79' lang='lat' dir='ltr'><strong>genesi</strong></span> <span class='ocrx_word' id='word_1_597' title='bbox 1002 4297 1447 4367; x_wconf 90' lang='lat' dir='ltr'><strong>proﬁciscantur,</strong></span> <span class='ocrx_word' id='word_1_598' title='bbox 1481 4302 1539 4347; x_wconf 88' lang='lat' dir='ltr'><strong>ut</strong></span> <span class='ocrx_word' id='word_1_599' title='bbox 1564 4293 1735 4361; x_wconf 89' lang='lat' dir='ltr'><strong>magis</strong></span> <span class='ocrx_word' id='word_1_600' title='bbox 1758 4292 2110 4345; x_wconf 89' lang='lat' dir='ltr'><strong>irrideantur.</strong></span> 
     </span>
    </p>
   </div>
   <div class='ocr_carea' id='block_1_76' title="bbox 542 4382 2119 4461">
    <p class='ocr_par' dir='ltr' id='par_1_76' title="bbox 542 4382 2119 4461">
     <span class='ocr_line' id='line_1_76' title="bbox 542 4382 2119 4461; baseline -0.006 -15"><span class='ocrx_word' id='word_1_601' title='bbox 542 4393 638 4446; x_wconf 82' lang='lat' dir='ltr'><strong>Sin</strong></span> <span class='ocrx_word' id='word_1_602' title='bbox 681 4407 777 4461; x_wconf 85' lang='lat' dir='ltr'><strong>per</strong></span> <span class='ocrx_word' id='word_1_603' title='bbox 811 4390 1085 4443; x_wconf 84' lang='lat' dir='ltr'><strong>silentiqu</strong></span> <span class='ocrx_word' id='word_1_604' title='bbox 1140 4387 1369 4441; x_wconf 84' lang='lat' dir='ltr'><strong>dedecus</strong></span> <span class='ocrx_word' id='word_1_605' title='bbox 1422 4399 1577 4439; x_wconf 90' lang='lat' dir='ltr'><strong>suum</strong></span> <span class='ocrx_word' id='word_1_606' title='bbox 1634 4382 1946 4436; x_wconf 86' lang='lat' dir='ltr'><strong>declinent:</strong></span> <span class='ocrx_word' id='word_1_607' title='bbox 1981 4396 2119 4450; x_wconf 87' lang='lat' dir='ltr'><strong>quo-</strong></span> 
     </span>
    </p>
   </div>
   <div class='ocr_carea' id='block_1_77' title="bbox 541 4474 2121 4553">
    <p class='ocr_par' dir='ltr' id='par_1_77' title="bbox 541 4474 2121 4553">
     <span class='ocr_line' id='line_1_77' title="bbox 541 4474 2121 4553; baseline -0.009 -15"><span class='ocrx_word' id='word_1_608' title='bbox 541 4486 697 4539; x_wconf 83' lang='lat' dir='ltr'><strong>modo</strong></span> <span class='ocrx_word' id='word_1_609' title='bbox 748 4484 947 4553; x_wconf 87' lang='lat' dir='ltr'><strong>aliquid</strong></span> <span class='ocrx_word' id='word_1_610' title='bbox 979 4482 1093 4536; x_wconf 89' lang='lat' dir='ltr'><strong>sine</strong></span> <span class='ocrx_word' id='word_1_611' title='bbox 1136 4480 1316 4547; x_wconf 84' lang='lat' dir='ltr'><strong>genesi</strong></span> <span class='ocrx_word' id='word_1_612' title='bbox 1367 4479 1483 4531; x_wconf 89' lang='lat' dir='ltr'><strong>ﬁeri</strong></span> <span class='ocrx_word' id='word_1_613' title='bbox 1540 4476 1781 4544; x_wconf 86' lang='lat' dir='ltr'><strong>negant?</strong></span> <span class='ocrx_word' id='word_1_614' title='bbox 1825 4474 2006 4543; x_wconf 80' lang='lat' dir='ltr'><strong>Neque</strong></span> <span class='ocrx_word' id='word_1_615' title='bbox 2041 4485 2121 4525; x_wconf 86' lang='lat' dir='ltr'><strong>ta-</strong></span> 
     </span>
    </p>
   </div>
   <div class='ocr_carea' id='block_1_78' title="bbox 541 4565 2115 4634">
    <p class='ocr_par' dir='ltr' id='par_1_78' title="bbox 541 4565 2115 4634">
     <span class='ocr_line' id='line_1_78' title="bbox 541 4565 2115 4634; baseline -0.008 -3"><span class='ocrx_word' id='word_1_616' title='bbox 541 4596 659 4631; x_wconf 85' lang='lat' dir='ltr'><strong>tttelt</strong></span> <span class='ocrx_word' id='word_1_617' title='bbox 713 4577 798 4630; x_wconf 90' lang='lat' dir='ltr'><strong>hic</strong></span> <span class='ocrx_word' id='word_1_618' title='bbox 854 4576 1054 4628; x_wconf 81' lang='lat' dir='ltr'><strong>fetuum</strong></span> <span class='ocrx_word' id='word_1_619' title='bbox 1122 4572 1457 4626; x_wconf 76' lang='lat' dir='ltr'><strong>diﬁ‘ercntias</strong></span> <span class='ocrx_word' id='word_1_620' title='bbox 1497 4566 1704 4621; x_wconf 71' lang='lat' dir='ltr'><strong>aﬂero:</strong></span> <span class='ocrx_word' id='word_1_621' title='bbox 1739 4580 1969 4634; x_wconf 87' lang='lat' dir='ltr'><strong>quorum</strong></span> <span class='ocrx_word' id='word_1_622' title='bbox 2022 4565 2115 4618; x_wconf 92' lang='lat' dir='ltr'><strong>alii</strong></span> 
     </span>
    </p>
   </div>
   <div class='ocr_carea' id='block_1_79' title="bbox 539 4658 2117 4736">
    <p class='ocr_par' dir='ltr' id='par_1_79' title="bbox 539 4658 2117 4736">
     <span class='ocr_line' id='line_1_79' title="bbox 539 4658 2117 4736; baseline -0.008 -14"><span class='ocrx_word' id='word_1_623' title='bbox 539 4667 873 4736; x_wconf 78' lang='lat' dir='ltr'><strong>genitoribus</strong></span> <span class='ocrx_word' id='word_1_624' title='bbox 918 4665 1121 4719; x_wconf 88' lang='lat' dir='ltr'><strong>similes</strong></span> <span class='ocrx_word' id='word_1_625' title='bbox 1152 4670 1300 4727; x_wconf 88' lang='lat' dir='ltr'><strong>sunt,</strong></span> <span class='ocrx_word' id='word_1_626' title='bbox 1351 4670 1409 4713; x_wconf 91' lang='lat' dir='ltr'><strong>ut</strong></span> <span class='ocrx_word' id='word_1_627' title='bbox 1464 4659 1735 4719; x_wconf 88' lang='lat' dir='ltr'><strong>homines,</strong></span> <span class='ocrx_word' id='word_1_628' title='bbox 1797 4658 1948 4727; x_wconf 88' lang='lat' dir='ltr'><strong>equi,</strong></span> <span class='ocrx_word' id='word_1_629' title='bbox 2006 4658 2117 4711; x_wconf 84' lang='lat' dir='ltr'><strong>leo-</strong></span> 
     </span>
    </p>
   </div>
   <div class='ocr_carea' id='block_1_80' title="bbox 540 4756 2114 4825">
    <p class='ocr_par' dir='ltr' id='par_1_80' title="bbox 540 4756 2114 4825">
     <span class='ocr_line' id='line_1_80' title="bbox 540 4756 2114 4825; baseline -0.007 -13"><span class='ocrx_word' id='word_1_630' title='bbox 540 4774 663 4825; x_wconf 86' lang='lat' dir='ltr'><strong>nes;</strong></span> <span class='ocrx_word' id='word_1_631' title='bbox 700 4760 787 4811; x_wconf 89' lang='lat' dir='ltr'><strong>alii</strong></span> <span class='ocrx_word' id='word_1_632' title='bbox 836 4773 938 4809; x_wconf 88' lang='lat' dir='ltr'><strong>non</strong></span> <span class='ocrx_word' id='word_1_633' title='bbox 982 4756 1132 4819; x_wconf 87' lang='lat' dir='ltr'><strong>item,</strong></span> <span class='ocrx_word' id='word_1_634' title='bbox 1163 4764 1220 4808; x_wconf 91' lang='lat' dir='ltr'><strong>ut</strong></span> <span class='ocrx_word' id='word_1_635' title='bbox 1260 4769 1418 4817; x_wconf 68' lang='lat' dir='ltr'><strong>ursze,</strong></span> <span class='ocrx_word' id='word_1_636' title='bbox 1461 4766 1660 4820; x_wconf 69' lang='lat' dir='ltr'><strong>vespae,</strong></span> <span class='ocrx_word' id='word_1_637' title='bbox 1705 4764 1853 4819; x_wconf 90' lang='lat' dir='ltr'><strong>apes,</strong></span> <span class='ocrx_word' id='word_1_638' title='bbox 1886 4759 1939 4803; x_wconf 89' lang='lat' dir='ltr'><strong>et</strong></span> <span class='ocrx_word' id='word_1_639' title='bbox 1967 4764 2114 4817; x_wconf 82' lang='lat' dir='ltr'><strong>quae-</strong></span> 
     </span>
    </p>
   </div>
   <div class='ocr_carea' id='block_1_81' title="bbox 536 4842 2113 4920">
    <p class='ocr_par' dir='ltr' id='par_1_81' title="bbox 536 4842 2113 4920">
     <span class='ocr_line' id='line_1_81' title="bbox 536 4842 2113 4920; baseline -0.008 -15"><span class='ocrx_word' id='word_1_640' title='bbox 536 4867 749 4920; x_wconf 81' lang='lat' dir='ltr'><strong>cunque</strong></span> <span class='ocrx_word' id='word_1_641' title='bbox 793 4866 856 4904; x_wconf 81' lang='lat' dir='ltr'><strong>ex</strong></span> <span class='ocrx_word' id='word_1_642' title='bbox 892 4850 1009 4903; x_wconf 88' lang='lat' dir='ltr'><strong>ovis</strong></span> <span class='ocrx_word' id='word_1_643' title='bbox 1040 4848 1327 4915; x_wconf 86' lang='lat' dir='ltr'><strong>prodeunt.</strong></span> <span class='ocrx_word' id='word_1_644' title='bbox 1382 4845 1514 4899; x_wconf 84' lang='lat' dir='ltr'><strong>Pars</strong></span> <span class='ocrx_word' id='word_1_645' title='bbox 1541 4858 1753 4898; x_wconf 88' lang='lat' dir='ltr'><strong>rursum</strong></span> <span class='ocrx_word' id='word_1_646' title='bbox 1797 4843 1915 4897; x_wconf 85' lang='lat' dir='ltr'><strong>sine</strong></span> <span class='ocrx_word' id='word_1_647' title='bbox 1970 4842 2113 4895; x_wconf 91' lang='lat' dir='ltr'><strong>coitu</strong></span> 
     </span>
    </p>
   </div>
   <div class='ocr_carea' id='block_1_82' title="bbox 535 4933 2114 5015">
    <p class='ocr_par' dir='ltr' id='par_1_82' title="bbox 535 4933 2114 5015">
     <span class='ocr_line' id='line_1_82' title="bbox 535 4933 2114 5015; baseline -0.006 -19"><span class='ocrx_word' id='word_1_648' title='bbox 535 4954 884 5015; x_wconf 81' lang='lat' dir='ltr'><strong>generantur,</strong></span> <span class='ocrx_word' id='word_1_649' title='bbox 953 4957 1079 5011; x_wconf 88' lang='lat' dir='ltr'><strong>pars</strong></span> <span class='ocrx_word' id='word_1_650' title='bbox 1135 4940 1339 5007; x_wconf 86' lang='lat' dir='ltr'><strong>absque</strong></span> <span class='ocrx_word' id='word_1_651' title='bbox 1379 4953 1446 4991; x_wconf 92' lang='lat' dir='ltr'><strong>eo</strong></span> <span class='ocrx_word' id='word_1_652' title='bbox 1484 4950 1843 5005; x_wconf 88' lang='lat' dir='ltr'><strong>nequaquam.</strong></span> <span class='ocrx_word' id='word_1_653' title='bbox 1887 4934 1951 4987; x_wconf 81' lang='lat' dir='ltr'><strong>Et</strong></span> <span class='ocrx_word' id='word_1_654' title='bbox 1992 4933 2114 5001; x_wconf 92' lang='lat' dir='ltr'><strong>quis</strong></span> 
     </span>
    </p>
   </div>
   <div class='ocr_carea' id='block_1_83' title="bbox 2234 3834 3785 3910">
    <p class='ocr_par' dir='ltr' id='par_1_83' title="bbox 2234 3834 3785 3910">
     <span class='ocr_line' id='line_1_83' title="bbox 2234 3834 3785 3910; baseline -0.003 -22"><span class='ocrx_word' id='word_1_655' title='bbox 2234 3836 2377 3888; x_wconf 84' lang='grc' dir='ltr'>κατὰ</span> <span class='ocrx_word' id='word_1_656' title='bbox 2398 3836 2458 3888; x_wconf 79' lang='grc' dir='ltr'>τὸ</span> <span class='ocrx_word' id='word_1_657' title='bbox 2478 3837 2637 3904; x_wconf 90' lang='grc' dir='ltr'>γένος</span> <span class='ocrx_word' id='word_1_658' title='bbox 2656 3836 2811 3901; x_wconf 79' lang='grc' dir='ltr'>ζώων</span> <span class='ocrx_word' id='word_1_659' title='bbox 2828 3839 2855 3889; x_wconf 83' lang='grc' dir='ltr'>ὁ</span> <span class='ocrx_word' id='word_1_660' title='bbox 2871 3837 2971 3906; x_wconf 80' lang='grc' dir='ltr'><strong>τῆς</strong></span> <span class='ocrx_word' id='word_1_661' title='bbox 2990 3838 3133 3908; x_wconf 77' lang='grc' dir='ltr'>ζωῆς</span> <span class='ocrx_word' id='word_1_662' title='bbox 3152 3839 3356 3910; x_wconf 75' lang='grc' dir='ltr'>γρὸνος</span> <span class='ocrx_word' id='word_1_663' title='bbox 3377 3839 3477 3891; x_wconf 88' lang='grc' dir='ltr'><strong>ούκ</strong></span> <span class='ocrx_word' id='word_1_664' title='bbox 3501 3837 3609 3899; x_wconf 77' lang='grc' dir='ltr'>ἴσος</span> <span class='ocrx_word' id='word_1_665' title='bbox 3627 3835 3693 3889; x_wconf 83' lang='grc' dir='ltr'><strong>ὢν</strong></span> <span class='ocrx_word' id='word_1_666' title='bbox 3707 3834 3785 3902; x_wconf 81' lang='grc' dir='ltr'><strong>τὴν</strong></span> 
     </span>
    </p>
   </div>
   <div class='ocr_carea' id='block_1_84' title="bbox 2231 3927 3782 4000">
    <p class='ocr_par' dir='ltr' id='par_1_84' title="bbox 2231 3927 3782 4000">
     <span class='ocr_line' id='line_1_84' title="bbox 2231 3927 3782 4000; baseline -0.002 -19"><span class='ocrx_word' id='word_1_667' title='bbox 2231 3927 2428 3998; x_wconf 88' lang='grc' dir='ltr'>κύησιν</span> <span class='ocrx_word' id='word_1_668' title='bbox 2450 3930 2572 4000; x_wconf 82' lang='grc' dir='ltr'>ίσην</span> <span class='ocrx_word' id='word_1_669' title='bbox 2595 3929 2738 3999; x_wconf 74' lang='grc' dir='ltr'>ἔχεις</span> <span class='ocrx_word' id='word_1_670' title='bbox 2762 3930 2827 3983; x_wconf 78' lang='lat' dir='ltr'><strong>Et</strong></span> <span class='ocrx_word' id='word_1_671' title='bbox 2853 3930 2952 3999; x_wconf 87' lang='grc' dir='ltr'><strong>μὲν</strong></span> <span class='ocrx_word' id='word_1_672' title='bbox 2974 3929 3068 3982; x_wconf 79' lang='grc' dir='ltr'>οὖν</span> <span class='ocrx_word' id='word_1_673' title='bbox 3091 3929 3385 3982; x_wconf 76' lang='grc' dir='ltr'>καὶταῦτα</span> <span class='ocrx_word' id='word_1_674' title='bbox 3401 3931 3508 3984; x_wconf 86' lang='grc' dir='ltr'><strong>ἀπὸ</strong></span> <span class='ocrx_word' id='word_1_675' title='bbox 3529 3928 3782 3997; x_wconf 82' lang='grc' dir='ltr'>γενέσεως,</span> 
     </span>
    </p>
   </div>
   <div class='ocr_carea' id='block_1_85' title="bbox 2229 4020 3782 4093">
    <p class='ocr_par' dir='ltr' id='par_1_85' title="bbox 2229 4020 3782 4093">
     <span class='ocr_line' id='line_1_85' title="bbox 2229 4020 3782 4093; baseline -0.003 -20"><span class='ocrx_word' id='word_1_676' title='bbox 2229 4020 2555 4089; x_wconf 80' lang='grc' dir='ltr'>λεγέτωσαν,</span> <span class='ocrx_word' id='word_1_677' title='bbox 2604 4022 2691 4076; x_wconf 82' lang='grc' dir='ltr'>ἵνα</span> <span class='ocrx_word' id='word_1_678' title='bbox 2744 4023 2908 4076; x_wconf 80' lang='grc' dir='ltr'>πλέον</span> <span class='ocrx_word' id='word_1_679' title='bbox 2964 4022 3379 4093; x_wconf 29' lang='grc' dir='ltr'>ὀφλήσωσιμτὸν</span> <span class='ocrx_word' id='word_1_680' title='bbox 3405 4024 3451 4055; x_wconf 83' lang='grc'><strong>¹²</strong></span> <span class='ocrx_word' id='word_1_681' title='bbox 3490 4023 3717 4091; x_wconf 77' lang='grc' dir='ltr'>γέλωταο</span> <span class='ocrx_word' id='word_1_682' title='bbox 3746 4020 3782 4070; x_wconf 75' lang='grc' dir='ltr'>εἰ</span> 
     </span>
    </p>
   </div>
   <div class='ocr_carea' id='block_1_86' title="bbox 2225 4113 3780 4187">
    <p class='ocr_par' dir='ltr' id='par_1_86' title="bbox 2225 4113 3780 4187">
     <span class='ocr_line' id='line_1_86' title="bbox 2225 4113 3780 4187; baseline -0.001 -22"><span class='ocrx_word' id='word_1_683' title='bbox 2225 4113 2283 4165; x_wconf 86' lang='grc' dir='ltr'><strong>δὲ</strong></span> <span class='ocrx_word' id='word_1_684' title='bbox 2312 4117 2439 4185; x_wconf 77' lang='grc' dir='ltr'>σιγῇ</span> <span class='ocrx_word' id='word_1_685' title='bbox 2471 4114 2571 4185; x_wconf 84' lang='grc' dir='ltr'>τὴν</span> <span class='ocrx_word' id='word_1_686' title='bbox 2614 4115 2878 4187; x_wconf 72' lang='grc' dir='ltr'>αἰσχύνην</span> <span class='ocrx_word' id='word_1_687' title='bbox 2924 4115 3308 4179; x_wconf 83' lang='grc' dir='ltr'>ἀποκλίνουσι,</span> <span class='ocrx_word' id='word_1_688' title='bbox 3352 4116 3473 4180; x_wconf 84' lang='grc' dir='ltr'><strong>πῶς</strong></span> <span class='ocrx_word' id='word_1_689' title='bbox 3496 4115 3643 4168; x_wconf 78' lang='grc' dir='ltr'>οὐδὲν</span> <span class='ocrx_word' id='word_1_690' title='bbox 3676 4113 3780 4166; x_wconf 76' lang='grc' dir='ltr'>ἄνευ</span> 
     </span>
    </p>
   </div>
   <div class='ocr_carea' id='block_1_87' title="bbox 2225 4202 3780 4279">
    <p class='ocr_par' dir='ltr' id='par_1_87' title="bbox 2225 4202 3780 4279">
     <span class='ocr_line' id='line_1_87' title="bbox 2225 4202 3780 4279; baseline 0.012 -23"><span class='ocrx_word' id='word_1_691' title='bbox 2225 4206 2491 4272; x_wconf 81' lang='grc' dir='ltr'>γενέσεως</span> <span class='ocrx_word' id='word_1_692' title='bbox 2514 4202 2656 4261; x_wconf 72' lang='grc' dir='ltr'>εἶναι</span> <span class='ocrx_word' id='word_1_693' title='bbox 2686 4207 2940 4277; x_wconf 85' lang='grc' dir='ltr'>λέγουσι;</span> <span class='ocrx_word' id='word_1_694' title='bbox 2969 4209 3079 4261; x_wconf 76' lang='grc' dir='ltr'><strong>Καὶ</strong></span> <span class='ocrx_word' id='word_1_695' title='bbox 3112 4207 3265 4261; x_wconf 60' lang='grc' dir='ltr'>οὕτω</span> <span class='ocrx_word' id='word_1_696' title='bbox 3310 4207 3464 4279; x_wconf 85' lang='grc' dir='ltr'>λέγω</span> <span class='ocrx_word' id='word_1_697' title='bbox 3500 4209 3595 4271; x_wconf 78' lang='grc' dir='ltr'><strong>τὰς</strong></span> <span class='ocrx_word' id='word_1_698' title='bbox 3622 4208 3780 4273; x_wconf 65' lang='grc' dir='ltr'><strong>διπῖνο·</strong></span> 
     </span>
    </p>
   </div>
   <div class='ocr_carea' id='block_1_88' title="bbox 2230 4297 3780 4371">
    <p class='ocr_par' dir='ltr' id='par_1_88' title="bbox 2230 4297 3780 4371">
     <span class='ocr_line' id='line_1_88' title="bbox 2230 4297 3780 4371; baseline -0.001 -21"><span class='ocrx_word' id='word_1_699' title='bbox 2230 4297 2329 4367; x_wconf 85' lang='grc' dir='ltr'>ρὰς</span> <span class='ocrx_word' id='word_1_700' title='bbox 2354 4297 2466 4351; x_wconf 84' lang='grc' dir='ltr'>τῶν</span> <span class='ocrx_word' id='word_1_701' title='bbox 2499 4300 2854 4370; x_wconf 83' lang='grc' dir='ltr'>τικτομένων.</span> <span class='ocrx_word' id='word_1_702' title='bbox 2884 4300 2964 4353; x_wconf 88' lang='grc' dir='ltr'><strong>Τά</strong></span> <span class='ocrx_word' id='word_1_703' title='bbox 2993 4301 3093 4368; x_wconf 84' lang='grc' dir='ltr'>μὲν</span> <span class='ocrx_word' id='word_1_704' title='bbox 3121 4300 3227 4370; x_wconf 85' lang='grc' dir='ltr'>γὰρ</span> <span class='ocrx_word' id='word_1_705' title='bbox 3256 4301 3425 4371; x_wconf 84' lang='grc' dir='ltr'>ὃμοια</span> <span class='ocrx_word' id='word_1_706' title='bbox 3447 4301 3555 4354; x_wconf 88' lang='grc' dir='ltr'>τῶν</span> <span class='ocrx_word' id='word_1_707' title='bbox 3577 4297 3780 4367; x_wconf 68' lang='grc' dir='ltr'>γεννώνο</span> 
     </span>
    </p>
   </div>
   <div class='ocr_carea' id='block_1_89' title="bbox 2221 4388 3779 4462">
    <p class='ocr_par' dir='ltr' id='par_1_89' title="bbox 2221 4388 3779 4462">
     <span class='ocr_line' id='line_1_89' title="bbox 2221 4388 3779 4462; baseline -0.001 -20"><span class='ocrx_word' id='word_1_708' title='bbox 2221 4406 2332 4442; x_wconf 88' lang='grc' dir='ltr'><strong>των</strong></span> <span class='ocrx_word' id='word_1_709' title='bbox 2364 4390 2533 4455; x_wconf 74' lang='grc' dir='ltr'>ἐστὶν,</span> <span class='ocrx_word' id='word_1_710' title='bbox 2562 4392 2639 4454; x_wconf 84' lang='grc' dir='ltr'>ὡς</span> <span class='ocrx_word' id='word_1_711' title='bbox 2686 4391 2964 4462; x_wconf 81' lang='grc' dir='ltr'>ἄνθρωποι</span> <span class='ocrx_word' id='word_1_712' title='bbox 2993 4394 3088 4446; x_wconf 80' lang='grc' dir='ltr'><strong>καὶ</strong></span> <span class='ocrx_word' id='word_1_713' title='bbox 3127 4393 3285 4446; x_wconf 81' lang='grc' dir='ltr'>ἵπποι</span> <span class='ocrx_word' id='word_1_714' title='bbox 3318 4392 3422 4447; x_wconf 77' lang='grc' dir='ltr'>καὶ</span> <span class='ocrx_word' id='word_1_715' title='bbox 3466 4392 3696 4454; x_wconf 85' lang='grc' dir='ltr'>λέοντες,</span> <span class='ocrx_word' id='word_1_716' title='bbox 3725 4388 3779 4441; x_wconf 77' lang='grc' dir='ltr'>τὰ</span> 
     </span>
    </p>
   </div>
   <div class='ocr_carea' id='block_1_90' title="bbox 2218 4481 3777 4554">
    <p class='ocr_par' dir='ltr' id='par_1_90' title="bbox 2218 4481 3777 4554">
     <span class='ocr_line' id='line_1_90' title="bbox 2218 4481 3777 4554; baseline -0.002 -19"><span class='ocrx_word' id='word_1_717' title='bbox 2218 4483 2276 4535; x_wconf 72' lang='grc' dir='ltr'><strong>δὲ</strong></span> <span class='ocrx_word' id='word_1_718' title='bbox 2314 4482 2411 4551; x_wconf 76' lang='grc' dir='ltr'><strong>οὐχ</strong></span> <span class='ocrx_word' id='word_1_719' title='bbox 2459 4481 2653 4547; x_wconf 75' lang='grc' dir='ltr'>οὕτως,</span> <span class='ocrx_word' id='word_1_720' title='bbox 2701 4482 2777 4546; x_wconf 86' lang='grc' dir='ltr'>ὼς</span> <span class='ocrx_word' id='word_1_721' title='bbox 2822 4484 3013 4552; x_wconf 85' lang='grc' dir='ltr'>ἄρκτοι</span> <span class='ocrx_word' id='word_1_722' title='bbox 3059 4484 3153 4537; x_wconf 73' lang='grc' dir='ltr'><strong>καὶ</strong></span> <span class='ocrx_word' id='word_1_723' title='bbox 3192 4484 3409 4554; x_wconf 79' lang='grc' dir='ltr'>σφῆκες</span> <span class='ocrx_word' id='word_1_724' title='bbox 3436 4486 3533 4538; x_wconf 55' lang='grc' dir='ltr'><strong>καὶ⁸</strong></span> <span class='ocrx_word' id='word_1_725' title='bbox 3562 4484 3777 4554; x_wconf 81' lang='grc' dir='ltr'>μέλιτται</span> 
     </span>
    </p>
   </div>
   <div class='ocr_carea' id='block_1_91' title="bbox 2220 4572 3777 4646">
    <p class='ocr_par' dir='ltr' id='par_1_91' title="bbox 2220 4572 3777 4646">
     <span class='ocr_line' id='line_1_91' title="bbox 2220 4572 3777 4646; baseline -0.001 -21"><span class='ocrx_word' id='word_1_726' title='bbox 2220 4572 2313 4625; x_wconf 71' lang='grc' dir='ltr'><strong>καὶ</strong></span> <span class='ocrx_word' id='word_1_727' title='bbox 2339 4572 2439 4623; x_wconf 82' lang='grc' dir='ltr'>ὅσα</span> <span class='ocrx_word' id='word_1_728' title='bbox 2462 4572 2550 4625; x_wconf 83' lang='grc' dir='ltr'><strong>διὰ</strong></span> <span class='ocrx_word' id='word_1_729' title='bbox 2606 4573 2716 4625; x_wconf 86' lang='grc' dir='ltr'><strong>τῶν</strong></span> <span class='ocrx_word' id='word_1_730' title='bbox 2745 4573 2869 4626; x_wconf 84' lang='grc' dir='ltr'><strong>ὠῶν</strong></span> <span class='ocrx_word' id='word_1_731' title='bbox 2900 4574 3135 4643; x_wconf 86' lang='grc' dir='ltr'>πρόεισι.</span> <span class='ocrx_word' id='word_1_732' title='bbox 3163 4577 3272 4628; x_wconf 79' lang='grc' dir='ltr'><strong>Καὶ</strong></span> <span class='ocrx_word' id='word_1_733' title='bbox 3298 4576 3423 4629; x_wconf 85' lang='grc' dir='ltr'>τινὰ</span> <span class='ocrx_word' id='word_1_734' title='bbox 3450 4578 3550 4646; x_wconf 85' lang='grc' dir='ltr'>μὲν</span> <span class='ocrx_word' id='word_1_735' title='bbox 3569 4575 3657 4627; x_wconf 71' lang='grc' dir='ltr'>καὶ</span> <span class='ocrx_word' id='word_1_736' title='bbox 3678 4574 3777 4642; x_wconf 73' lang='grc' dir='ltr'>δίχα</span> 
     </span>
    </p>
   </div>
   <div class='ocr_carea' id='block_1_92' title="bbox 2222 4666 3773 4740">
    <p class='ocr_par' dir='ltr' id='par_1_92' title="bbox 2222 4666 3773 4740">
     <span class='ocr_line' id='line_1_92' title="bbox 2222 4666 3773 4740; baseline 0.001 -24"><span class='ocrx_word' id='word_1_737' title='bbox 2222 4669 2421 4737; x_wconf 81' lang='grc' dir='ltr'>μίξεως</span> <span class='ocrx_word' id='word_1_738' title='bbox 2458 4667 2736 4731; x_wconf 78' lang='grc' dir='ltr'>τίκτεται,</span> <span class='ocrx_word' id='word_1_739' title='bbox 2794 4666 2917 4719; x_wconf 83' lang='grc' dir='ltr'>τινὰ</span> <span class='ocrx_word' id='word_1_740' title='bbox 2949 4666 3008 4719; x_wconf 85' lang='grc' dir='ltr'><strong>δὲ</strong></span> <span class='ocrx_word' id='word_1_741' title='bbox 3055 4669 3225 4737; x_wconf 74' lang='grc' dir='ltr'>χωρὶς</span> <span class='ocrx_word' id='word_1_742' title='bbox 3272 4670 3482 4740; x_wconf 89' lang='grc' dir='ltr'>ταύτης</span> <span class='ocrx_word' id='word_1_743' title='bbox 3528 4670 3773 4738; x_wconf 83' lang='grc' dir='ltr'>οὐδαμῶς.</span> 
     </span>
    </p>
   </div>
   <div class='ocr_carea' id='block_1_93' title="bbox 2219 4758 3777 4839">
    <p class='ocr_par' dir='ltr' id='par_1_93' title="bbox 2219 4758 3777 4839">
     <span class='ocr_line' id='line_1_93' title="bbox 2219 4758 3777 4839; baseline 0 -25"><span class='ocrx_word' id='word_1_744' title='bbox 2219 4762 2328 4814; x_wconf 74' lang='grc' dir='ltr'>Καὶ</span> <span class='ocrx_word' id='word_1_745' title='bbox 2357 4760 2441 4824; x_wconf 80' lang='grc' dir='ltr'><strong>τίς</strong></span> <span class='ocrx_word' id='word_1_746' title='bbox 2473 4759 2540 4812; x_wconf 85' lang='grc' dir='ltr'><strong>ἂν</strong></span> <span class='ocrx_word' id='word_1_747' title='bbox 2573 4758 2980 4839; x_wconf 79' lang='grc' dir='ltr'>ἀπαριθμήσειε</span> <span class='ocrx_word' id='word_1_748' title='bbox 3019 4760 3119 4824; x_wconf 83' lang='grc' dir='ltr'><strong>τὰς</strong></span> <span class='ocrx_word' id='word_1_749' title='bbox 3155 4762 3215 4813; x_wconf 75' lang='grc' dir='ltr'>ἐν</span> <span class='ocrx_word' id='word_1_750' title='bbox 3249 4762 3467 4825; x_wconf 89' lang='grc' dir='ltr'>τούτοις</span> <span class='ocrx_word' id='word_1_751' title='bbox 3499 4760 3777 4833; x_wconf 61' lang='grc' dir='ltr'>ἀναριθμίγ</span> 
     </span>
    </p>
   </div>
   <div class='ocr_carea' id='block_1_94' title="bbox 2215 4851 3775 4923">
    <p class='ocr_par' dir='ltr' id='par_1_94' title="bbox 2215 4851 3775 4923">
     <span class='ocr_line' id='line_1_94' title="bbox 2215 4851 3775 4923; baseline 0 -20"><span class='ocrx_word' id='word_1_752' title='bbox 2215 4869 2343 4915; x_wconf 85' lang='grc' dir='ltr'>τους</span> <span class='ocrx_word' id='word_1_753' title='bbox 2368 4851 2653 4921; x_wconf 76' lang='grc' dir='ltr'>διαφορὰς.</span> <span class='ocrx_word' id='word_1_754' title='bbox 2681 4852 2741 4904; x_wconf 83' lang='grc' dir='ltr'><strong>οὑ</strong></span> <span class='ocrx_word' id='word_1_755' title='bbox 2771 4852 2880 4905; x_wconf 84' lang='grc' dir='ltr'>τῶν</span> <span class='ocrx_word' id='word_1_756' title='bbox 2914 4851 3069 4915; x_wconf 79' lang='grc' dir='ltr'>ζώων</span> <span class='ocrx_word' id='word_1_757' title='bbox 3097 4854 3281 4922; x_wconf 85' lang='grc' dir='ltr'>μόνον,</span> <span class='ocrx_word' id='word_1_758' title='bbox 3314 4856 3453 4909; x_wconf 83' lang='grc' dir='ltr'>ἀλλὰ</span> <span class='ocrx_word' id='word_1_759' title='bbox 3493 4857 3589 4909; x_wconf 77' lang='grc' dir='ltr'>καὶ</span> <span class='ocrx_word' id='word_1_760' title='bbox 3620 4853 3775 4923; x_wconf 80' lang='grc' dir='ltr'>φυτῶν</span> 
     </span>
    </p>
   </div>
   <div class='ocr_carea' id='block_1_95' title="bbox 2216 4940 3774 5015">
    <p class='ocr_par' dir='ltr' id='par_1_95' title="bbox 2216 4940 3774 5015">
     <span class='ocr_line' id='line_1_95' title="bbox 2216 4940 3774 5015; baseline -0.002 -18"><span class='ocrx_word' id='word_1_761' title='bbox 2216 4943 2309 4997; x_wconf 70' lang='grc' dir='ltr'>καὶ</span> <span class='ocrx_word' id='word_1_762' title='bbox 2361 4943 2601 5012; x_wconf 84' lang='grc' dir='ltr'>βοτανῶν</span> <span class='ocrx_word' id='word_1_763' title='bbox 2640 4944 2735 4995; x_wconf 75' lang='grc' dir='ltr'><strong>καὶ</strong></span> <span class='ocrx_word' id='word_1_764' title='bbox 2776 4942 2883 4997; x_wconf 86' lang='grc' dir='ltr'>τῶν</span> <span class='ocrx_word' id='word_1_765' title='bbox 2938 4944 3369 5015; x_wconf 88' lang='grc' dir='ltr'>παραπλησίων;</span> <span class='ocrx_word' id='word_1_766' title='bbox 3413 4940 3490 4999; x_wconf 82' lang='grc' dir='ltr'>ὧν</span> <span class='ocrx_word' id='word_1_767' title='bbox 3544 4946 3774 5000; x_wconf 76' lang='grc' dir='ltr'>ἁπάντων</span> 
     </span>
    </p>
   </div>
   <div class='ocr_carea' id='block_1_96' title="bbox 535 5027 2130 5108">
    <p class='ocr_par' dir='ltr' id='par_1_96' title="bbox 535 5027 2113 5102">
     <span class='ocr_line' id='line_1_96' title="bbox 535 5027 2113 5102; baseline -0.004 -14"><span class='ocrx_word' id='word_1_768' title='bbox 535 5039 867 5097; x_wconf 83' lang='lat' dir='ltr'><strong>innumeras,</strong></span> <span class='ocrx_word' id='word_1_769' title='bbox 926 5048 1045 5102; x_wconf 67' lang='lat' dir='ltr'><strong>quae</strong></span> <span class='ocrx_word' id='word_1_770' title='bbox 1106 5032 1157 5086; x_wconf 92' lang='lat' dir='ltr'><strong>in</strong></span> <span class='ocrx_word' id='word_1_771' title='bbox 1208 5033 1289 5084; x_wconf 88' lang='lat' dir='ltr'><strong>his</strong></span> <span class='ocrx_word' id='word_1_772' title='bbox 1349 5030 1713 5098; x_wconf 84' lang='lat' dir='ltr'><strong>reperiuntur,</strong></span> <span class='ocrx_word' id='word_1_773' title='bbox 1781 5027 2113 5082; x_wconf 75' lang='lat' dir='ltr'><strong>dilferentias</strong></span> 
     </span>
    </p>
   </div>
   <div class='ocr_carea' id='block_1_97' title="bbox 2230 5027 3773 5108">
    <p class='ocr_par' dir='ltr' id='par_1_97' title="bbox 2230 5033 3773 5108">
     <span class='ocr_line' id='line_1_97' title="bbox 2230 5033 3773 5108; baseline 0.003 -24"><span class='ocrx_word' id='word_1_774' title='bbox 2230 5033 2314 5094; x_wconf 71' lang='grc' dir='ltr'><strong>τὰς</strong></span> <span class='ocrx_word' id='word_1_775' title='bbox 2343 5033 2522 5095; x_wconf 84' lang='grc' dir='ltr'>αἰτίας</span> <span class='ocrx_word' id='word_1_776' title='bbox 2551 5033 2705 5102; x_wconf 84' lang='grc' dir='ltr'>παρὰ</span> <span class='ocrx_word' id='word_1_777' title='bbox 2734 5033 2841 5086; x_wconf 82' lang='grc' dir='ltr'>τῶν</span> <span class='ocrx_word' id='word_1_778' title='bbox 2884 5034 2983 5105; x_wconf 83' lang='grc' dir='ltr'>τῆς</span> <span class='ocrx_word' id='word_1_779' title='bbox 3013 5036 3361 5107; x_wconf 72' lang='grc' dir='ltr'>εἱμαρμένης</span> <span class='ocrx_word' id='word_1_780' title='bbox 3408 5038 3664 5108; x_wconf 86' lang='grc' dir='ltr'>πατέρων</span> <span class='ocrx_word' id='word_1_781' title='bbox 3698 5033 3773 5102; x_wconf 65' lang='grc' dir='ltr'><strong>ζηη</strong></span> 
     </span>
    </p>
   </div>
   <div class='ocr_carea' id='block_1_98' title="bbox 532 5103 2130 5196">
    <p class='ocr_par' dir='ltr' id='par_1_98' title="bbox 532 5121 2107 5195">
     <span class='ocr_line' id='line_1_98' title="bbox 532 5121 2107 5195; baseline -0.008 -11"><span class='ocrx_word' id='word_1_782' title='bbox 532 5128 954 5191; x_wconf 82' lang='lat' dir='ltr'><strong>enumeraverit,</strong></span> <span class='ocrx_word' id='word_1_783' title='bbox 981 5142 1085 5180; x_wconf 90' lang='lat' dir='ltr'><strong>non</strong></span> <span class='ocrx_word' id='word_1_784' title='bbox 1108 5124 1479 5195; x_wconf 64' lang='lat' dir='ltr'><strong>:animantium</strong></span> <span class='ocrx_word' id='word_1_785' title='bbox 1512 5124 1692 5184; x_wconf 88' lang='lat' dir='ltr'><strong>modo,</strong></span> <span class='ocrx_word' id='word_1_786' title='bbox 1727 5135 1914 5173; x_wconf 88' lang='lat' dir='ltr'><strong>verum</strong></span> <span class='ocrx_word' id='word_1_787' title='bbox 1944 5121 2107 5172; x_wconf 89' lang='lat' dir='ltr'><strong>etiam</strong></span> 
     </span>
    </p>
   </div>
   <div class='ocr_carea' id='block_1_99' title="bbox 2230 5103 3775 5196">
    <p class='ocr_par' dir='ltr' id='par_1_99' title="bbox 2230 5124 3775 5196">
     <span class='ocr_line' id='line_1_99' title="bbox 2230 5124 3775 5196; baseline 0.001 -20"><span class='ocrx_word' id='word_1_788' title='bbox 2230 5126 2327 5176; x_wconf 63' lang='grc' dir='ltr'>πεῖν</span> <span class='ocrx_word' id='word_1_789' title='bbox 2351 5124 2579 5185; x_wconf 84' lang='grc' dir='ltr'>δίκαιον,</span> <span class='ocrx_word' id='word_1_790' title='bbox 2615 5125 2774 5194; x_wconf 82' lang='grc' dir='ltr'>εἴπερ</span> <span class='ocrx_word' id='word_1_791' title='bbox 2799 5127 2980 5179; x_wconf 87' lang='grc' dir='ltr'>πάντα</span> <span class='ocrx_word' id='word_1_792' title='bbox 3006 5128 3104 5196; x_wconf 86' lang='grc' dir='ltr'><strong>τῆς</strong></span> <span class='ocrx_word' id='word_1_793' title='bbox 3134 5129 3406 5195; x_wconf 84' lang='grc' dir='ltr'>γενέσεως</span> <span class='ocrx_word' id='word_1_794' title='bbox 3450 5130 3571 5182; x_wconf 88' lang='grc' dir='ltr'>κατ’</span> <span class='ocrx_word' id='word_1_795' title='bbox 3603 5128 3775 5187; x_wconf 73' lang='grc' dir='ltr'>αὐτοὺς</span> 
     </span>
    </p>
   </div>
   <div class='ocr_carea' id='block_1_100' title="bbox 534 5210 2114 5292">
    <p class='ocr_par' dir='ltr' id='par_1_100' title="bbox 534 5210 2114 5292">
     <span class='ocr_line' id='line_1_100' title="bbox 534 5210 2114 5292; baseline -0.009 -17"><span class='ocrx_word' id='word_1_796' title='bbox 534 5221 781 5292; x_wconf 87' lang='lat' dir='ltr'><strong>stirpium</strong></span> <span class='ocrx_word' id='word_1_797' title='bbox 804 5230 857 5275; x_wconf 91' lang='lat' dir='ltr'><strong>et</strong></span> <span class='ocrx_word' id='word_1_798' title='bbox 907 5217 1221 5280; x_wconf 87' lang='lat' dir='ltr'><strong>herbarum,</strong></span> <span class='ocrx_word' id='word_1_799' title='bbox 1266 5214 1605 5282; x_wconf 90' lang='lat' dir='ltr'><strong>aliorumque</strong></span> <span class='ocrx_word' id='word_1_800' title='bbox 1637 5210 1938 5265; x_wconf 88' lang='lat' dir='ltr'><strong>similium?</strong></span> <span class='ocrx_word' id='word_1_801' title='bbox 1974 5222 2114 5278; x_wconf 90' lang='lat' dir='ltr'><strong>quo-</strong></span> 
     </span>
    </p>
   </div>
   <div class='ocr_carea' id='block_1_101' title="bbox 536 5303 2115 5373">
    <p class='ocr_par' dir='ltr' id='par_1_101' title="bbox 536 5303 2115 5373">
     <span class='ocr_line' id='line_1_101' title="bbox 536 5303 2115 5373; baseline -0.008 -5"><span class='ocrx_word' id='word_1_802' title='bbox 536 5332 652 5368; x_wconf 90' lang='lat' dir='ltr'><strong>rum</strong></span> <span class='ocrx_word' id='word_1_803' title='bbox 701 5315 941 5368; x_wconf 90' lang='lat' dir='ltr'><strong>omnium</strong></span> <span class='ocrx_word' id='word_1_804' title='bbox 996 5322 1191 5364; x_wconf 88' lang='lat' dir='ltr'><strong>causas</strong></span> <span class='ocrx_word' id='word_1_805' title='bbox 1230 5307 1296 5361; x_wconf 91' lang='lat' dir='ltr'><strong>ab</strong></span> <span class='ocrx_word' id='word_1_806' title='bbox 1334 5306 1419 5360; x_wconf 92' lang='lat' dir='ltr'><strong>his</strong></span> <span class='ocrx_word' id='word_1_807' title='bbox 1456 5303 1551 5358; x_wconf 84' lang='lat' dir='ltr'><strong>fati</strong></span> <span class='ocrx_word' id='word_1_808' title='bbox 1616 5306 1931 5357; x_wconf 87' lang='lat' dir='ltr'><strong>auctoribus</strong></span> <span class='ocrx_word' id='word_1_809' title='bbox 1966 5316 2115 5373; x_wconf 71' lang='lat' dir='ltr'><strong>qua:-</strong></span> 
     </span>
    </p>
   </div>
   <div class='ocr_carea' id='block_1_102' title="bbox 534 5397 2113 5476">
    <p class='ocr_par' dir='ltr' id='par_1_102' title="bbox 534 5397 2113 5476">
     <span class='ocr_line' id='line_1_102' title="bbox 534 5397 2113 5476; baseline -0.007 -18"><span class='ocrx_word' id='word_1_810' title='bbox 534 5422 654 5460; x_wconf 85' lang='lat' dir='ltr'><strong>rcre</strong></span> <span class='ocrx_word' id='word_1_811' title='bbox 705 5406 908 5476; x_wconf 81' lang='lat' dir='ltr'><strong>justum</strong></span> <span class='ocrx_word' id='word_1_812' title='bbox 941 5412 1065 5458; x_wconf 88' lang='lat' dir='ltr'><strong>est:</strong></span> <span class='ocrx_word' id='word_1_813' title='bbox 1095 5400 1360 5470; x_wconf 86' lang='lat' dir='ltr'><strong>siquidem</strong></span> <span class='ocrx_word' id='word_1_814' title='bbox 1391 5397 1571 5451; x_wconf 89' lang='lat' dir='ltr'><strong>omnia</strong></span> <span class='ocrx_word' id='word_1_815' title='bbox 1600 5397 1895 5451; x_wconf 89' lang='lat' dir='ltr'><strong>secundum</strong></span> <span class='ocrx_word' id='word_1_816' title='bbox 1922 5397 2113 5449; x_wconf 89' lang='lat' dir='ltr'><strong>horum</strong></span> 
     </span>
    </p>
   </div>
   <div class='ocr_carea' id='block_1_103' title="bbox 532 5489 2114 5562">
    <p class='ocr_par' dir='ltr' id='par_1_103' title="bbox 532 5489 2114 5562">
     <span class='ocr_line' id='line_1_103' title="bbox 532 5489 2114 5562; baseline -0.008 -12"><span class='ocrx_word' id='word_1_817' title='bbox 532 5498 853 5550; x_wconf 86' lang='lat' dir='ltr'><strong>sententiam</strong></span> <span class='ocrx_word' id='word_1_818' title='bbox 878 5510 943 5549; x_wconf 80' lang='lat' dir='ltr'><strong>ex</strong></span> <span class='ocrx_word' id='word_1_819' title='bbox 966 5491 1147 5562; x_wconf 85' lang='lat' dir='ltr'><strong>genesi</strong></span> <span class='ocrx_word' id='word_1_820' title='bbox 1205 5490 1457 5559; x_wconf 89' lang='lat' dir='ltr'><strong>pendent,</strong></span> <span class='ocrx_word' id='word_1_821' title='bbox 1485 5495 1540 5541; x_wconf 91' lang='lat' dir='ltr'><strong>et</strong></span> <span class='ocrx_word' id='word_1_822' title='bbox 1571 5490 1711 5556; x_wconf 88' lang='lat' dir='ltr'><strong>quod</strong></span> <span class='ocrx_word' id='word_1_823' title='bbox 1741 5489 2027 5549; x_wconf 83' lang='lat' dir='ltr'><strong>exsistant,</strong></span> <span class='ocrx_word' id='word_1_824' title='bbox 2059 5494 2114 5539; x_wconf 86' lang='lat' dir='ltr'><strong>et</strong></span> 
     </span>
    </p>
   </div>
   <div class='ocr_carea' id='block_1_104' title="bbox 533 5579 2115 5655">
    <p class='ocr_par' dir='ltr' id='par_1_104' title="bbox 533 5579 2115 5655">
     <span class='ocr_line' id='line_1_104' title="bbox 533 5579 2115 5655; baseline -0.006 -16"><span class='ocrx_word' id='word_1_825' title='bbox 533 5587 721 5641; x_wconf 87' lang='lat' dir='ltr'><strong>modus</strong></span> <span class='ocrx_word' id='word_1_826' title='bbox 740 5602 845 5655; x_wconf 85' lang='lat' dir='ltr'><strong>quo</strong></span> <span class='ocrx_word' id='word_1_827' title='bbox 867 5586 1153 5649; x_wconf 84' lang='lat' dir='ltr'><strong>exsistunt,</strong></span> <span class='ocrx_word' id='word_1_828' title='bbox 1177 5592 1233 5636; x_wconf 92' lang='lat' dir='ltr'><strong>et</strong></span> <span class='ocrx_word' id='word_1_829' title='bbox 1255 5581 1452 5652; x_wconf 88' lang='lat' dir='ltr'><strong>gestari</strong></span> <span class='ocrx_word' id='word_1_830' title='bbox 1478 5589 1651 5643; x_wconf 88' lang='lat' dir='ltr'><strong>utero,</strong></span> <span class='ocrx_word' id='word_1_831' title='bbox 1676 5589 1731 5634; x_wconf 89' lang='lat' dir='ltr'><strong>et</strong></span> <span class='ocrx_word' id='word_1_832' title='bbox 1753 5579 1860 5649; x_wconf 90' lang='lat' dir='ltr'><strong>pati</strong></span> <span class='ocrx_word' id='word_1_833' title='bbox 1883 5588 1936 5631; x_wconf 91' lang='lat' dir='ltr'><strong>et</strong></span> <span class='ocrx_word' id='word_1_834' title='bbox 1952 5592 2115 5645; x_wconf 88' lang='lat' dir='ltr'><strong>agere</strong></span> 
     </span>
    </p>
   </div>
   <div class='ocr_carea' id='block_1_105' title="bbox 2213 5210 3772 5288">
    <p class='ocr_par' dir='ltr' id='par_1_105' title="bbox 2213 5210 3772 5288">
     <span class='ocr_line' id='line_1_105' title="bbox 2213 5210 3772 5288; baseline 0.003 -26"><span class='ocrx_word' id='word_1_835' title='bbox 2213 5213 2472 5282; x_wconf 73' lang='grc' dir='ltr'>ἤρτηται,</span> <span class='ocrx_word' id='word_1_836' title='bbox 2497 5215 2593 5267; x_wconf 80' lang='grc' dir='ltr'><strong>καὶ</strong></span> <span class='ocrx_word' id='word_1_837' title='bbox 2619 5214 2680 5267; x_wconf 84' lang='grc' dir='ltr'><strong>τὸ</strong></span> <span class='ocrx_word' id='word_1_838' title='bbox 2716 5210 2858 5267; x_wconf 78' lang='grc' dir='ltr'>εἶναι</span> <span class='ocrx_word' id='word_1_839' title='bbox 2882 5216 2975 5268; x_wconf 63' lang='grc' dir='ltr'><strong>καί¹</strong></span> <span class='ocrx_word' id='word_1_840' title='bbox 3004 5217 3033 5268; x_wconf 81' lang='grc' dir='ltr'><strong>ὁ</strong></span> <span class='ocrx_word' id='word_1_841' title='bbox 3058 5216 3153 5270; x_wconf 78' lang='grc' dir='ltr'>τοῦ</span> <span class='ocrx_word' id='word_1_842' title='bbox 3178 5214 3321 5271; x_wconf 82' lang='grc' dir='ltr'>εἶναι</span> <span class='ocrx_word' id='word_1_843' title='bbox 3343 5219 3569 5288; x_wconf 83' lang='grc' dir='ltr'>τρόπος,</span> <span class='ocrx_word' id='word_1_844' title='bbox 3600 5230 3772 5282; x_wconf 75' lang='grc' dir='ltr'>κυοφο-</span> 
     </span>
    </p>
   </div>
   <div class='ocr_carea' id='block_1_106' title="bbox 2215 5303 3771 5378">
    <p class='ocr_par' dir='ltr' id='par_1_106' title="bbox 2215 5303 3771 5378">
     <span class='ocr_line' id='line_1_106' title="bbox 2215 5303 3771 5378; baseline -0.002 -22"><span class='ocrx_word' id='word_1_845' title='bbox 2215 5303 2424 5374; x_wconf 80' lang='grc' dir='ltr'>ρεϊσθαί</span> <span class='ocrx_word' id='word_1_846' title='bbox 2453 5322 2514 5357; x_wconf 87' lang='grc' dir='ltr'><strong>τε</strong></span> <span class='ocrx_word' id='word_1_847' title='bbox 2563 5307 2657 5357; x_wconf 75' lang='grc' dir='ltr'><strong>καὶ</strong></span> <span class='ocrx_word' id='word_1_848' title='bbox 2704 5306 2939 5376; x_wconf 78' lang='grc' dir='ltr'>πάσχειν</span> <span class='ocrx_word' id='word_1_849' title='bbox 2989 5308 3084 5360; x_wconf 78' lang='grc' dir='ltr'>καὶ</span> <span class='ocrx_word' id='word_1_850' title='bbox 3112 5309 3245 5378; x_wconf 82' lang='grc' dir='ltr'>δρᾷν</span> <span class='ocrx_word' id='word_1_851' title='bbox 3274 5311 3369 5362; x_wconf 74' lang='grc' dir='ltr'><strong>καὶ</strong></span> <span class='ocrx_word' id='word_1_852' title='bbox 3399 5309 3771 5378; x_wconf 85' lang='grc' dir='ltr'>ἀποθνήσκειν.</span> 
     </span>
    </p>
   </div>
   <div class='ocr_carea' id='block_1_107' title="bbox 2218 5395 3771 5469">
    <p class='ocr_par' dir='ltr' id='par_1_107' title="bbox 2218 5395 3771 5469">
     <span class='ocr_line' id='line_1_107' title="bbox 2218 5395 3771 5469; baseline -0.001 -21"><span class='ocrx_word' id='word_1_853' title='bbox 2218 5396 2286 5448; x_wconf 90' lang='grc' dir='ltr'>Ἢ</span> <span class='ocrx_word' id='word_1_854' title='bbox 2325 5395 2467 5449; x_wconf 86' lang='grc' dir='ltr'><strong>κατά</strong></span> <span class='ocrx_word' id='word_1_855' title='bbox 2498 5397 2606 5449; x_wconf 84' lang='grc' dir='ltr'><strong>τῶν</strong></span> <span class='ocrx_word' id='word_1_856' title='bbox 2651 5395 2851 5449; x_wconf 83' lang='grc' dir='ltr'>ἀθλίων</span> <span class='ocrx_word' id='word_1_857' title='bbox 2880 5397 3187 5467; x_wconf 87' lang='grc' dir='ltr'>ἀνθρώπων</span> <span class='ocrx_word' id='word_1_858' title='bbox 3217 5400 3405 5461; x_wconf 80' lang='grc' dir='ltr'>αὐτοῖς</span> <span class='ocrx_word' id='word_1_859' title='bbox 3443 5400 3607 5469; x_wconf 83' lang='grc' dir='ltr'>μόνον</span> <span class='ocrx_word' id='word_1_860' title='bbox 3634 5398 3771 5465; x_wconf 75' lang='grc' dir='ltr'>ἠκρι-</span> 
     </span>
    </p>
   </div>
   <div class='ocr_carea' id='block_1_108' title="bbox 2212 5488 3769 5558">
    <p class='ocr_par' dir='ltr' id='par_1_108' title="bbox 2212 5488 3769 5558">
     <span class='ocr_line' id='line_1_108' title="bbox 2212 5488 3769 5558; baseline 0 -19"><span class='ocrx_word' id='word_1_861' title='bbox 2212 5488 2483 5558; x_wconf 77' lang='grc' dir='ltr'>ϐολογήθη</span> <span class='ocrx_word' id='word_1_862' title='bbox 2514 5488 2583 5539; x_wconf 85' lang='grc' dir='ltr'>τὰ</span> <span class='ocrx_word' id='word_1_863' title='bbox 2606 5488 2705 5556; x_wconf 78' lang='grc' dir='ltr'>τῆς</span> <span class='ocrx_word' id='word_1_864' title='bbox 2734 5489 3026 5554; x_wconf 84' lang='grc' dir='ltr'>γενέσεως,</span> <span class='ocrx_word' id='word_1_865' title='bbox 3059 5490 3146 5543; x_wconf 82' lang='grc' dir='ltr'><strong>ἵνα</strong></span> <span class='ocrx_word' id='word_1_866' title='bbox 3164 5490 3227 5542; x_wconf 80' lang='grc' dir='ltr'>τὸ</span> <span class='ocrx_word' id='word_1_867' title='bbox 3256 5492 3476 5545; x_wconf 86' lang='grc' dir='ltr'>πάντων</span> <span class='ocrx_word' id='word_1_868' title='bbox 3506 5489 3769 5545; x_wconf 81' lang='grc' dir='ltr'>κάλλιστον</span> 
     </span>
    </p>
   </div>
   <div class='ocr_carea' id='block_1_109' title="bbox 2224 5576 3766 5653">
    <p class='ocr_par' dir='ltr' id='par_1_109' title="bbox 2224 5576 3766 5653">
     <span class='ocr_line' id='line_1_109' title="bbox 2224 5576 3766 5653; baseline 0.002 -25"><span class='ocrx_word' id='word_1_869' title='bbox 2224 5576 2331 5629; x_wconf 84' lang='grc' dir='ltr'><strong>τῶν</strong></span> <span class='ocrx_word' id='word_1_870' title='bbox 2350 5578 2393 5607; x_wconf 86' lang='grc'><strong>¹³</strong></span> <span class='ocrx_word' id='word_1_871' title='bbox 2422 5580 2479 5629; x_wconf 83' lang='grc' dir='ltr'>ὲν</span> <span class='ocrx_word' id='word_1_872' title='bbox 2508 5578 2637 5646; x_wconf 82' lang='grc' dir='ltr'>ἡμῖν</span> <span class='ocrx_word' id='word_1_873' title='bbox 2675 5577 2735 5629; x_wconf 87' lang='grc' dir='ltr'>τὸ</span> <span class='ocrx_word' id='word_1_874' title='bbox 2761 5578 3086 5649; x_wconf 82' lang='grc' dir='ltr'>αὐθαίρετον</span> <span class='ocrx_word' id='word_1_875' title='bbox 3115 5580 3376 5653; x_wconf 81' lang='grc' dir='ltr'>ἀγνοηθῇ,</span> <span class='ocrx_word' id='word_1_876' title='bbox 3429 5582 3524 5635; x_wconf 81' lang='grc' dir='ltr'>καὶ</span> <span class='ocrx_word' id='word_1_877' title='bbox 3555 5579 3677 5640; x_wconf 83' lang='grc' dir='ltr'>Θεὸς</span> <span class='ocrx_word' id='word_1_878' title='bbox 3706 5582 3766 5651; x_wconf 77' lang='grc' dir='ltr'>μὴ</span> 
     </span>
    </p>
   </div>
   <div class='ocr_carea' id='block_1_110' title="bbox 1806 5684 2506 5741">
    <p class='ocr_par' dir='ltr' id='par_1_110' title="bbox 1806 5684 2506 5741">
     <span class='ocr_line' id='line_1_110' title="bbox 1806 5684 2506 5741; baseline 0 -1"><span class='ocrx_word' id='word_1_879' title='bbox 1806 5685 2043 5741; x_wconf 67' lang='grc' dir='ltr'>νΑιιιΑΞ</span> <span class='ocrx_word' id='word_1_880' title='bbox 2088 5684 2506 5741; x_wconf 85' lang='lat' dir='ltr'><strong>LECTIONES.</strong></span> 
     </span>
    </p>
   </div>
   <div class='ocr_carea' id='block_1_111' title="bbox 603 5782 1737 5851">
    <p class='ocr_par' dir='ltr' id='par_1_111' title="bbox 603 5782 1737 5851">
     <span class='ocr_line' id='line_1_111' title="bbox 603 5782 1737 5851; baseline -0.007 -11"><span class='ocrx_word' id='word_1_881' title='bbox 603 5788 625 5820; x_wconf 83' lang='grc'><strong><em>⁸</em></strong></span> <span class='ocrx_word' id='word_1_882' title='bbox 655 5787 1089 5841; x_wconf 78' lang='grc' dir='ltr'>ἀναπλάσσουσιν</span> <span class='ocrx_word' id='word_1_883' title='bbox 1114 5804 1174 5851; x_wconf 81' lang='grc' dir='ltr'><strong>ς.</strong></span> <span class='ocrx_word' id='word_1_884' title='bbox 1279 5786 1299 5817; x_wconf 70' lang='grc'><strong>⁸</strong></span> <span class='ocrx_word' id='word_1_885' title='bbox 1340 5782 1647 5851; x_wconf 81' lang='grc' dir='ltr'>κατάφορον</span> <span class='ocrx_word' id='word_1_886' title='bbox 1679 5798 1737 5844; x_wconf 79' lang='grc' dir='ltr'><strong>ς.</strong></span> 
     </span>
    </p>
   </div>
   <div class='ocr_carea' id='block_1_112' title="bbox 534 5850 2091 5925">
    <p class='ocr_par' dir='ltr' id='par_1_112' title="bbox 534 5850 2091 5925">
     <span class='ocr_line' id='line_1_112' title="bbox 534 5850 2091 5925; baseline -0.005 -15"><span class='ocrx_word' id='word_1_887' title='bbox 534 5859 577 5890; x_wconf 85' lang='grc'><strong>¹³</strong></span> <span class='ocrx_word' id='word_1_888' title='bbox 605 5860 822 5912; x_wconf 83' lang='grc' dir='ltr'>πάντων</span> <span class='ocrx_word' id='word_1_889' title='bbox 871 5850 1156 5910; x_wconf 81' lang='grc' dir='ltr'>κάλλιστον</span> <span class='ocrx_word' id='word_1_890' title='bbox 1186 5853 1319 5925; x_wconf 82' lang='grc' dir='ltr'>τῶν]</span> <span class='ocrx_word' id='word_1_891' title='bbox 1354 5856 1472 5908; x_wconf 88' lang='lat' dir='ltr'><strong>ltbri</strong></span> <span class='ocrx_word' id='word_1_892' title='bbox 1505 5850 1615 5905; x_wconf 81' lang='grc' dir='ltr'>πᾶν</span> <span class='ocrx_word' id='word_1_893' title='bbox 1639 5853 1746 5903; x_wconf 78' lang='grc' dir='ltr'>τῶν</span> <span class='ocrx_word' id='word_1_894' title='bbox 1771 5850 2091 5904; x_wconf 68' lang='grc' dir='ltr'>καλλίστων.</span> 
     </span>
    </p>
   </div>
   <div class='ocr_carea' id='block_1_113' title="bbox 1847 5780 2175 5846">
    <p class='ocr_par' dir='ltr' id='par_1_113' title="bbox 1847 5780 2175 5846">
     <span class='ocr_line' id='line_1_113' title="bbox 1847 5780 2175 5846; baseline 0.009 -13"><span class='ocrx_word' id='word_1_895' title='bbox 1847 5780 1889 5811; x_wconf 69' lang='grc' dir='ltr'>’θ</span> <span class='ocrx_word' id='word_1_896' title='bbox 1911 5782 1943 5846; x_wconf 81' lang='grc' dir='ltr'>ἢ</span> <span class='ocrx_word' id='word_1_897' title='bbox 1974 5795 2084 5835; x_wconf 92' lang='lat' dir='ltr'><strong>om.</strong></span> <span class='ocrx_word' id='word_1_898' title='bbox 2112 5784 2175 5836; x_wconf 84' lang='lat' dir='ltr'><strong>A.</strong></span> 
     </span>
    </p>
   </div>
   <div class='ocr_carea' id='block_1_114' title="bbox 2282 5777 3758 5854">
    <p class='ocr_par' dir='ltr' id='par_1_114' title="bbox 2282 5777 3758 5854">
     <span class='ocr_line' id='line_1_114' title="bbox 2282 5777 3758 5854; baseline -0.001 -19"><span class='ocrx_word' id='word_1_899' title='bbox 2282 5782 2321 5813; x_wconf 86' lang='lat'>“</span> <span class='ocrx_word' id='word_1_900' title='bbox 2359 5778 2602 5847; x_wconf 78' lang='grc' dir='ltr'>θαλάσσῃ</span> <span class='ocrx_word' id='word_1_901' title='bbox 2638 5794 2699 5841; x_wconf 84' lang='grc' dir='ltr'><strong>ς.</strong></span> <span class='ocrx_word' id='word_1_902' title='bbox 2808 5782 2851 5811; x_wconf 79' lang='grc'>¹¹</span> <span class='ocrx_word' id='word_1_903' title='bbox 2879 5781 2981 5848; x_wconf 67' lang='grc' dir='ltr'>ἷτὸν</span> <span class='ocrx_word' id='word_1_904' title='bbox 3026 5795 3080 5838; x_wconf 90' lang='lat' dir='ltr'><strong>et</strong></span> <span class='ocrx_word' id='word_1_905' title='bbox 3125 5783 3251 5838; x_wconf 78' lang='lat' dir='ltr'><strong>iul&#39;r.</strong></span> <span class='ocrx_word' id='word_1_906' title='bbox 3285 5784 3377 5837; x_wconf 70' lang='grc' dir='ltr'><strong>καὶ</strong></span> <span class='ocrx_word' id='word_1_907' title='bbox 3418 5794 3541 5854; x_wconf 87' lang='lat' dir='ltr'><strong>post</strong></span> <span class='ocrx_word' id='word_1_908' title='bbox 3572 5780 3681 5853; x_wconf 84' lang='grc' dir='ltr'>μέλ.</span> <span class='ocrx_word' id='word_1_909' title='bbox 3704 5777 3758 5829; x_wconf 71' lang='grc' dir='ltr'>Δ.</span> 
     </span>
    </p>
   </div>
  </div>
