4032 6454
302 352 408 416 859

1343 354 1869 414 BIBLIO'FHECA.
1908 378 1976 389 --
2004 355 2167 416 COD.
2211 357 2524 419 CCXXIII.

3440 364 3546 426 850

300 459 667 529 εὐχαριστηθῇ
687 456 768 520 οἷς
791 459 851 511 τὸ
870 460 1027 527 γένος
1051 459 1454 530 εὐηργέτησεν;
1488 460 1603 523 πῶς
1631 461 1687 513 δὲ
1708 460 1868 513 πάλιν

1985 471 2025 517 at
2075 464 2234 517 mori.
2295 466 2374 517 An
2396 466 2533 519 forte
2576 464 2834 520 adversus
2858 466 3100 534 miseros?
3120 470 3373 525 mortales
3422 472 3555 526 dun-

300 554 333 621 ή
359 551 574 618 γένεσις
594 550 855 621 ἀκαίρους
895 552 994 620 μὲν
1023 551 1339 621 προσθήκας
1364 553 1566 615 δίδωσι,
1609 552 1875 622 τετρακέ-

302 641 449 711 φσλα
483 639 606 695 κατ’
648 642 847 705 αὐτοὺς
890 642 1226 697 ἀποτελοῦσα
1277 644 1375 696 καὶ
1424 646 1610 712 χεῖρας
1657 643 1876 707 πλείους

299 735 397 788 καὶ
443 734 614 797 πόδας
658 733 766 787 τῶν
800 735 941 788 κατά
974 734 1156 803 φύσιν,
1187 737 1297 797 τοῖς
1322 736 1379 789 δὲ
1408 736 1659 805 ἑρπετοῖς
1697 736 1758 787 ού
1793 735 1875 788 δί-

296 824 432 878 δωσι
479 824 668 890 πόδας,
720 825 770 877 οἳ
810 826 1136 893 παρέξουσιν
1170 826 1355 888 αὐτοῖς
1389 826 1449 878 τὸ
1475 826 1530 877 ὲν
1560 827 1624 895 τῇ
1672 825 1876 894 βαδίσει

298 917 597 985 χρήσιμον,
642 916 744 968 οὐκ
785 914 1096 984 ὀφθαλμοὺς
1124 918 1236 976 τοῖς
1269 914 1592 983 ἀσφάλαξιν,
1623 914 1733 967 οὐδ’
1780 913 1876 967 ἀλ·-

297 1006 415 1068 λοις
440 999 520 1059 ὧν
543 1006 753 1060 δέονται
768 1024 783 1073 ;
801 1002 920 1059 εἶτα
940 1005 1038 1076 ζῇν
1070 1006 1169 1075 μὲν
1186 1001 1267 1068 οἷς
1290 1006 1389 1069 τὰς
1415 1006 1680 1076 ἀκαίρους
1710 1022 1877 1076 προσ·-

300 1098 477 1168 θήκας
501 1097 700 1152 ἔδωκεν
744 1097 845 1150 οὐκ
889 1099 954 1167 ἐᾷ
989 1097 1201 1165 (πάντα
1234 1097 1342 1167 γὰρ
1389 1096 1661 1167 βραχύϐια
1694 1095 1761 1147 τὰ
1789 1112 1876 1147 τε-

310 1189 685 1263 ρατόμορφα),
730 1192 824 1245 καὶ
875 1194 939 1261 τῇ
984 1191 1269 1261 προσθήκῃ
1321 1190 1421 1260 τὴν
1449 1190 1577 1257 ὃλην
1626 1186 1876 1257 ἀφανίζει

312 1283 468 1352 φύσιν
486 1298 500 1311 ³
529 1274 606 1334 ὧν
629 1282 686 1333 δὲ
723 1282 794 1335 τὰ
833 1282 974 1335 κατὰ
996 1282 1159 1351 φύσιν
1188 1283 1398 1349 ἀφεῖλε,
1428 1283 1619 1351 χεῖρας
1646 1279 1679 1350 ἣ
1711 1279 1878 1342 πόδας

313 1378 345 1447 ῆ
374 1376 699 1446 ὀφθαλμοὺς,
729 1376 906 1431 ταῦτα
930 1376 1032 1449 ζῇν
1056 1379 1140 1447 ἐᾷ,
1162 1377 1261 1448 τὴν
1285 1379 1604 1447 σωματικὴν
1629 1379 1879 1447 πήρωσιν

307 1469 739 1540 ἀπαραμύθητον
767 1470 979 1541 ἔχοντα.
1010 1471 1072 1523 Ei
1107 1470 1208 1540 μὲν
1239 1467 1337 1524 οὖν
1362 1487 1447 1533 τις
1491 1472 1571 1530 εἰς
1616 1468 1879 1539 εἱμαρμέ-

302 1574 402 1625 νην
433 1559 700 1631 ἀναφέρει
728 1562 919 1627 ταῦτα,
950 1561 1115 1622 αὐτὸς
1141 1562 1185 1592 ⁸⁸
1217 1562 1316 1613 σὺν
1354 1562 1491 1631 αὐτῇ
1523 1561 1623 1629 τῆς
1649 1561 1877 1623 ἀτοπίας

300 1653 328 1701 ὸ
358 1651 568 1715 αἵτιος’
620 1654 669 1704 εί
724 1652 782 1705 δὲ
812 1652 910 1722 τῆς
960 1651 1177 1721 φύσεως
1229 1648 1335 1705 οἶδε
1376 1651 1435 1704 τὸ
1465 1651 1873 1723 διαμαρτάνειν,

303 1740 514 1810 ἐξαιρεῖ
539 1742 600 1794 τὸ
649 1742 804 1795 Θεῖον
830 1743 931 1811 τῆς
967 1742 1317 1814 κατηγορίας.
1361 1744 1572 1812 Ὥσπερ
1597 1744 1706 1814 γὰρ
1736 1745 1871 1814 αὐτῇ

1981 561 2132 607 taxat
2161 562 2268 606 tam
2309 564 2597 609 accuratus
2636 554 2703 609 de
2744 555 2923 624 genesi
2978 570 3155 611 sermo
3192 560 3259 614 ab
3296 560 3428 629 ipsis
3471 564 3554 615 in-

1982 644 2202 699 stitutus
2227 654 2343 699 est:
2371 654 2450 711 ut,
2473 647 2616 715 quod
2646 648 2698 701 in
2734 648 2887 702 nobis
2913 651 3150 704 omnium
3180 660 3259 705 est
3289 651 3559 707 honestis-

1986 739 2208 803 simum,
2246 739 2467 794 libertas
2508 740 2739 804 arbitrii,
2782 740 3064 812 ignoretur
3110 759 3125 797 :
3181 743 3398 811 Deoque
3459 760 3556 812 pro

1986 828 2193 883 collatis
2232 828 2286 881 in
2334 842 2504 895 genus
2533 830 2825 883 humanum
2859 830 3157 897 beneficiis,
3212 833 3401 903 gratia:
3451 850 3554 889 non

1986 920 2255 989 agantur?
2317 921 2385 974 At
2433 922 2702 990 quomodo
2755 937 2969 976 rursum
3033 925 3241 992 genesis
3294 925 3557 994 intempe-

1983 1013 2125 1067 stiva
2184 1012 2270 1065 illa
2304 1013 2671 1067 additamenta
2729 1014 2935 1082 adjicit,
2990 1015 3114 1069 dum
3170 1017 3559 1085 quadricipites

1984 1104 2128 1157 fetus
2161 1104 2453 1157 secundum
2491 1104 2610 1167 hos,
2637 1114 2728 1158 aut
2757 1103 2937 1173 plures
2960 1122 3121 1174 quam
3151 1116 3340 1160 natura
3366 1108 3558 1177 exigit,
3638 1153 3645 1161 .

1982 1193 2098 1249 sive
2132 1209 2322 1248 manus
2360 1195 2475 1249 sive
2514 1195 2674 1263 pedes
2718 1196 2962 1263 perﬁciat
3008 1214 3021 1251 :
3062 1212 3184 1250 cum
3248 1212 3424 1266 neque
3474 1212 3560 1250 re-

1982 1284 2204 1353 ptilibus
2236 1286 2398 1353 pedes
2425 1288 2646 1352 tribuat,
2675 1288 2767 1356 qui
2793 1288 2897 1343 illis
2923 1290 2987 1343 ad
3018 1288 3403 1344 ambulandum
3452 1290 3562 1344 sint

1984 1377 2126 1441 usui,
2180 1391 2353 1445 neque
2405 1376 2601 1448 215a
2648 1380 2831 1433 oculos
2886 1380 3064 1449 talpis,
3132 1395 3308 1450 neque
3349 1379 3469 1433 aliis
3495 1395 3561 1434 ea

1983 1468 2180 1537 quibus
2212 1468 2473 1535 indigent.
2508 1469 2657 1523 Adde
2689 1471 2829 1538 quod
2860 1485 2924 1524 ea
2970 1470 3186 1540 quidem
3235 1470 3433 1540 quibus
3477 1470 3562 1524 in-

1984 1562 2302 1626 tempestiva
2340 1560 2427 1613 illa
2461 1560 2826 1615 additamenta
2867 1563 3033 1629 dedit,
3072 1577 3175 1615 non
3221 1561 3347 1615 sinit
3377 1561 3561 1617 vivere

1985 1647 2342 1718 (quaecunque
2383 1651 2525 1702 enim
2560 1651 2878 1718 prodigiosa:
2929 1651 3115 1705 formas
3181 1660 3327 1717 sunt,
3380 1650 3560 1706 brevis

1985 1756 2198 1811 quoque
2222 1742 2318 1797 ιιινί
2354 1757 2473 1796 esse
2508 1743 2727 1811 solent),
2750 1753 2805 1797 et
2835 1744 3111 1798 additione
3162 1758 3258 1798 sua
3290 1754 3453 1797 totam
3484 1745 3561 1798 sic

300 1833 523 1901 τρέχειν
550 1833 784 1897 οἰκείους
811 1834 1006 1904 νόμους
1054 1835 1325 1906 διώρισεν,
1369 1835 1512 1889 οὕτω
1546 1835 1642 1887 καὶ
1677 1835 1876 1906 θνητὴν

1985 1836 2090 1889 mul
2130 1837 2320 1890 horum
2364 1846 2609 1889 naturam
2658 1837 2866 1892 abolet:
2904 1837 3100 1907 quibus
3150 1851 3279 1891 vero
3304 1853 3333 1891 a
3364 1849 3557 1890 natura

304 1923 654 1994 συνεχώρησε
699 1925 841 1979 κατά
864 1943 987 1979 τινα
1017 1928 1364 1996 συμφέροντα
1411 1927 1589 1993 λόγον.
1642 1926 1789 1995 Αὕτη
1823 1928 1880 1980 δὲ

1985 1926 2156 1981 debita
2203 1928 2316 1981 sive
2349 1928 2532 1996 pedes,
2570 1929 2683 1981 sive
2728 1943 2944 1991 manus,
2993 1927 3107 1982 sive
3149 1928 3339 1983 oculos
3374 1929 3559 1981 abstn-

305 2013 555 2077 σώζουσα
583 2016 683 2082 μὲν
708 2016 777 2068 τὰ
808 2018 986 2069 οἰκεῖα
1023 2017 1197 2087 μέτρα
1234 2018 1386 2070 οὐδὲν
1419 2017 1748 2090 ὑϐρισμένον
1778 2016 1878 2086 φέ-

1985 2019 2057 2082 lit,
2090 2032 2149 2072 ea
2185 2018 2257 2071 ita
2288 2019 2471 2073 vivere
2511 2020 2794 2088 permittit,
2827 2029 2884 2074 ut
2929 2020 3162 2074 mutilati
3197 2021 3440 2090 corporis
3469 2035 3557 2074 so-

306 2120 420 2171 ρει,
453 2105 771 2169 ὲξοκείλασα
794 2108 836 2139 ’⁵
866 2107 921 2163 δὲ
950 2108 1085 2177 πρὸς
1131 2109 1401 2179 ἀμετρίας
1430 2109 1463 2178 ἢ
1496 2109 1702 2171 ἐνδείας
1729 2108 1761 2178 ἦ
1788 2109 1880 2178 φό-

1985 2106 2164 2161 latium
2209 2108 2412 2161 nullum
2451 2110 2710 2163 habeant.
2754 2107 2810 2162 Si
2838 2110 2958 2179 quis
3001 2110 3118 2165 hmc
3173 2111 3337 2180 igitur
3379 2111 3447 2165 ad
3481 2111 3559 2163 fa-

302 2195 434 2259 6ους
472 2196 505 2267 ἢ
557 2197 702 2269 πάθη
758 2200 854 2252 καὶ
908 2202 1034 2264 τοὺς
1077 2202 1329 2264 δοθέντας
1385 2202 1883 2271 παραχαράττουσα

301 2286 504 2357 νόμους
532 2290 641 2342 οὐδ’
671 2294 727 2343 έν
753 2295 866 2356 τοῖς
912 2293 1256 2362 τικτομένοις
1290 2292 1350 2344 τὸ
1374 2292 1665 2361 ἀκίὸδηλον
1690 2292 1872 2357 σώζει.

302 2379 407 2431 Διά
437 2381 489 2432 τί
521 2382 579 2433 δέ
619 2400 742 2436 τινα
786 2383 896 2438 τῶν
925 2384 1080 2448 ζώων
1106 2386 1164 2438 οὐ
1214 2386 1401 2456 τρέφει
1432 2385 1499 2437 τὰ
1526 2387 1875 2456 γεννήματα,

303 2470 500 2543 ὥσπερ
525 2474 744 2545 πτηνῶν
776 2476 935 2545 μὲν¹⁸
960 2478 1133 2545 γῦπες
1176 2477 1268 2531 καὶ
1299 2481 1554 2546 κόρακες,
1610 2475 1790 2546 ἰχθύες
1821 2476 1878 2530 δὲ

305 2567 511 2638 μικροῦ
547 2567 866 2639 σύμπαντες
886 2586 902 2599 ·
947 2570 1015 2622 τὰ
1041 2568 1098 2621 δὲ
1126 2570 1220 2623 καὶ
1253 2571 1586 2639 γηροτροφεῖ
1626 2570 1753 2633 τοὺς
1786 2587 1878 2622 τε-

1983 2207 2095 2251 tum
2132 2197 2346 2261 referat,
2392 2199 2437 2252 is
2462 2197 2814 2253 absurditatis
2844 2209 3033 2253 auctor
3055 2215 3161 2254 non
3193 2200 3371 2254 minus
3397 2215 3557 2268 quam

1985 2288 2115 2341 illud
2166 2286 2415 2342 eﬁicitur.
2458 2287 2552 2342 Sin
2586 2298 2793 2345 naturae
2822 2305 2942 2346 esse
2976 2302 3254 2361 peccatum
3293 2292 3557 2361 agnoscit,

1985 2395 2197 2436 omnem
2224 2382 2509 2435 accusandi
2535 2380 2777 2437 Numinis
2797 2384 3134 2438 occasionem
3169 2384 3327 2439 tollit.
3357 2383 3559 2451 Quem-

1987 2472 2272 2526 admodum
2304 2474 2447 2524 cnim
2478 2473 2647 2539 ipsam
2700 2472 2812 2527 suis
2857 2473 3176 2541 quibusdam
3215 2489 3436 2529 currere
3480 2473 3564 2527 le-

1986 2564 2140 2633 gibus
2168 2563 2374 2625 statuit,
2405 2562 2483 2616 sic
2510 2572 2565 2616 et
2595 2563 2861 2628 eamdem,
2898 2565 3105 2619 ratione
3143 2567 3373 2635 quadam
3416 2565 3560 2631 utili,

302 2660 535 2727 κόντας;
567 2654 662 2713 καὶ
690 2661 758 2714 τὰ
781 2662 885 2730 μὲν
911 2662 1004 2715 καὶ
1028 2660 1181 2714 νόθον
1206 2659 1571 2714 ὑποϐάλλεται
1601 2663 1765 2731 γονὴν
1785 2662 1880 2714 καὶ⁸

1985 2655 2130 2722 iuxta
2172 2655 2479 2709 mortalium
2525 2654 2891 2709 conditionem
2937 2656 3067 2710 ferri
3112 2659 3406 2712 concessit.
3441 2655 3569 2724 ipsa

301 2748 517 2818 τρέφει,
547 2752 615 2803 τά
644 2750 872 2805 πλεῖστα
904 2752 960 2804 δὲ
985 2750 1078 2816 oi);
1115 2751 1210 2803 καὶ
1239 2753 1322 2812 τίς
1355 2750 1420 2803 ἂν
1446 2750 1546 2812 τὰς
1578 2749 1880 2821 ἀναριθμή-

1976 2749 2160 2818 igitur,
2190 2760 2345 2801 suum
2387 2746 2603 2801 modum
2654 2760 2901 2811 servans,
2946 2747 3080 2801 nihil
3144 2748 3287 2817 quod
3338 2746 3440 2800 ulla
3494 2745 3568 2802 sit

300 2856 431 2903 τους
461 2842 569 2895 τῶν
601 2842 769 2897 ὄντων
798 2845 1058 2914 διαφορὰς
1089 2843 1466 2908 καταλέξειεν;
1516 2841 1679 2895 Ἀλλὰ
1708 2841 1880 2896 ταῦτα

1985 2837 2230 2893 atfectum
2262 2837 2454 2905 injuria
2485 2836 2723 2905 profert:
2753 2846 2807 2890 at
2830 2837 2877 2891 si
2905 2838 2956 2891 in
2988 2838 3321 2893 nimietatem
3355 2838 3438 2892 vel
3470 2838 3565 2892 de-

304 2929 407 2998 μὲν
436 2930 531 2983 καὶ
559 2932 618 2983 ἐν
642 2931 719 3001 τῷ
754 2930 795 2982 δ’
833 2931 997 3000 λόγῳ.

1985 2931 2206 2995 fectum,
2266 2930 2318 2983 in
2375 2944 2653 3000 pavorem,
2703 2929 2791 2983 vel
2854 2930 3201 2985 vehementes
3254 2926 3568 2984 affectiones

300 3022 545 3091 delapsa,
599 3025 858 3078 adversus
914 3023 1051 3075 latas
1095 3022 1195 3077 sibi
1242 3022 1389 3092 leges
1434 3022 1711 3092 quidpiam
1765 3022 2065 3087 admittat,
2100 3037 2227 3078 mox
2263 3037 2437 3091 neque
2501 3022 2555 3076 in
2591 3022 2659 3076 iis
2719 3035 2838 3089 quae
2901 3021 3193 3091 gignuntur
3283 3022 3563 3076 sincerita-

302 3123 414 3167 tem
446 3123 645 3169 servat.
703 3116 811 3167 Cur
864 3116 1083 3183 insuper
1118 3116 1363 3185 quaedam
1410 3116 1706 3170 animantia
1739 3129 1868 3170 suos
1906 3114 2043 3168 fetus
2089 3129 2197 3168 non
2257 3115 2520 3180 nutriunt,
2574 3113 3027 3183 quemadmodum
3090 3113 3155 3167 lin
3250 3115 3569 3172 volatilibus

301 3206 571 3270 vultures,
628 3208 798 3269 corvi,
859 3207 1142 3276 piscesque
1190 3207 1304 3263 fere
1341 3223 1568 3274 omnes;
1624 3210 1871 3277 quaedam
1912 3223 2041 3262 vero
2074 3209 2237 3261 etiam
2264 3217 2514 3277 parentes
2548 3206 2603 3259 in
2631 3206 2784 3261 senio
2823 3206 3009 3274 alunt;
3039 3207 3169 3260 item
3228 3206 3331 3262 alia
3396 3208 3564 3262 etiam

300 3302 643 3371 illegitimum
669 3304 769 3356 sibi
808 3306 1144 3372 suppositum
1190 3303 1356 3359 fetum
1428 3304 1694 3369 nutriunt,
1737 3303 1993 3374 pleraque
2060 3314 2191 3357 vero
2238 3301 2498 3357 minime?
2582 3301 2654 3357 At
2698 3300 2819 3373 quis
2894 3300 3318 3356 innumerabiles
3387 3316 3581 3357 rerum

300 3394 543 3446 omnium
591 3392 923 3450 diﬂ'erentias
965 3398 1287 3452 recenseat?
1324 3397 1490 3467 Igitur
1519 3400 1635 3454 haec
1661 3399 1879 3468 quidem
1918 3397 2056 3452 libro
2092 3404 2283 3465 quarto
2313 3395 2685 3451 continentur.

390 3482 479 3533 Ἐν
505 3482 562 3534 δὲ
586 3482 664 3551 τῷ
694 3489 738 3535 ε’
766 3483 908 3554 λόγῳ
930 3484 1065 3538 ἄλλα
1095 3503 1154 3538 τε
1176 3484 1421 3552 διέξεισι,
1451 3487 1544 3541 καὶ
1576 3489 1682 3558 πρὸ
1710 3487 1880 3542 αὐτῶν

2062 3484 2225 3541 Libro
2292 3485 2482 3555 quinto
2529 3502 2653 3541 eum
2688 3487 2795 3543 alia
2850 3487 3214 3558 persequitur,
3268 3494 3381 3540 tum
3434 3496 3563 3540 ante

299 3576 506 3644 ὁμοίως
537 3576 679 3629 κατά
705 3578 807 3648 τῆς
830 3579 1173 3650 εἱμαρμένης
1196 3580 1376 3636 τοῦτο.
1410 3582 1473 3633 Ei
1505 3584 1615 3645 τοῖς
1644 3582 1886 3648 γονεῦσι,

302 3665 435 3737 [680
466 3666 571 3737 IL}
609 3668 776 3736 φασὶ,
803 3669 866 3722 τὸ
910 3672 1117 3725 τίκτειν
1154 3672 1262 3725 ἀπὸ
1306 3673 1574 3741 γενέσεως
1626 3673 1883 3744 ὑπάρχει,

299 3755 462 3825 δῆλον
490 3755 565 3818 ὠς
596 3757 705 3811 ἀπὸ
732 3759 832 3827 τῆς
864 3759 974 3812 τῶν
1003 3759 1256 3829 πατέρων
1287 3762 1558 3828 γενέσεως
1589 3764 1684 3815 καὶ
1715 3765 1749 3833 ή
1777 3762 1887 3815 τῶν

299 3846 440 3898 υῖῶν
466 3848 681 3914 γένεσις
710 3850 805 3902 καὶ
833 3851 866 3919 ἡ
898 3850 1104 3922 ταύτης
1129 3850 1249 3923 ὥρα
1281 3852 1566 3923 διωρίσθη.
1606 3854 1669 3906 Ei
1699 3853 1758 3907 δὲ
1786 3854 1882 3925 μή,

297 3938 366 3991 οὐ
394 3939 502 3993 τῶν
531 3942 907 4011 γεννησάντων
937 3944 969 4012 ή
1006 3944 1220 4012 γένεσις
1264 3944 1519 3998 ἀποτελεῖ
1552 3947 1679 4008 τοὺς
1707 3962 1886 3999 τικτοο

302 4032 525 4101 μένους,
558 4033 654 4087 καὶ
707 4034 886 4104 μάτην
931 4036 960 4086 ὁ
990 4036 1161 4099 πολὺς
1193 4036 1294 4105 τῆς
1324 4038 1669 4108 εἱμαρμένης
1704 4038 1882 4107 λόγος.

300 4122 371 4176 El
402 4124 512 4195 γὰρ
556 4125 620 4178 τὸ
666 4126 944 4197 σπαρῆναι
975 4128 1069 4179 καὶ
1107 4128 1516 4199 κυοφορηθῆναι
1560 4130 1655 4183 καὶ
1685 4130 1887 4182 τέλειον

298 4215 591 4285 προελθεῖν
629 4217 660 4286 ἢ
713 4218 902 4281 ἀτελὲς
943 4217 1090 4289 [552
1139 4218 1230 4290 Η.]
1268 4221 1368 4290 τῆς
1408 4220 1679 4289 γενέσεως
1726 4221 1889 4292 ἔργον

297 4309 423 4360 ἐστὶ
470 4308 580 4361 τῶν
630 4310 946 4377 τικτόντων,
995 4311 1264 4380 δῆλονὸτι
1303 4316 1397 4366 καὶ
1424 4316 1457 4383 ή
1491 4314 1696 4367 τούτων
1726 4314 1847 4385 ὥρα
1868 4329 1884 4345 °

297 4398 437 4451 εἰδὲ
493 4399 568 4469 μὴ
616 4400 777 4469 αὕτη,
826 4401 948 4453 οὐδὲ
1000 4405 1206 4456 ἐκεῖνα.
1259 4404 1322 4457 Ei
1358 4403 1404 4457 δ’
1435 4405 1493 4457 αἱ
1533 4405 1777 4473 γενέσεις
1824 4406 1883 4471 ἐξ

297 4491 510 4561 ἐτέρων
554 4494 659 4545 εἰσὶ
693 4495 983 4561 γενέσεων,
1029 4497 1124 4549 καὶ
1154 4498 1182 4548 ὁ
1230 4498 1324 4550 τοῦ
1364 4498 1659 4565 γεννᾶσθαι
1693 4499 1885 4569 καιρὸς

296 4580 414 4631 ἀπὸ
460 4581 560 4650 τῆς
589 4582 696 4636 τῶν
726 4586 1138 4655 γεγεννηκότων
1182 4588 1545 4657 εἱμαρμένης,
1588 4588 1768 4660 ῥᾴδιον
1817 4587 1897 4642 ἂν

296 4674 391 4738 εἴη
415 4674 529 4735 τοῖς
560 4672 762 4743 ταύτης
788 4676 1046 4745 ἐρασταῖς
1095 4678 1225 4745 μίαν
1257 4679 1357 4747 μὲν
1385 4678 1676 4749 ἀνθρώπου
1700 4679 1883 4732 λαϐεῖν

293 4763 539 4833 γένεσιν,
571 4764 630 4830 ἐξ
659 4766 828 4837 αὐτῆς
857 4767 916 4820 δὲ
940 4769 1040 4840 τήν
1067 4786 1129 4821 τε
1158 4770 1270 4823 τῶν
1299 4773 1552 4841 πατέρων
1581 4774 1759 4825 εἰπεῖν
1785 4773 1881 4825 καὶ

1990 3582 2103 3634 [nec
2134 3580 2199 3633 de
2244 3578 2357 3632 fato
2401 3579 2658 3633 similiter
2706 3582 2831 3635 ista.
2890 3580 2947 3634 Si
3004 3578 3147 3649 quod
3195 3587 3449 3648 parentes
3488 3580 3571 3648 gi-

1988 3680 2172 3739 gnant,
2200 3670 2295 3735 ait,
2331 3684 2358 3721 a
2391 3670 2573 3739 genesi
2606 3669 2890 3740 contingit,
2923 3668 3270 3723 manifestum
3302 3678 3385 3723 est
3407 3686 3436 3723 a
3471 3685 3569 3737 pa-

1986 3772 2202 3816 rentum
2231 3762 2414 3833 genesi
2442 3771 2496 3815 et
2527 3761 2757 3816 ﬁliorum
2808 3762 3073 3833 genesim,
3108 3770 3162 3817 et
3188 3761 3347 3832 hujus
3378 3762 3585 3818 horam.

1989 3856 2268 3911 deﬁnitam
2300 3870 2439 3911 esse.
2487 3854 2582 3909 Sin
2618 3856 2817 3920 minus,
2850 3872 2978 3926 ergo
3024 3857 3356 3928 gignentium
3400 3874 3567 3927 gene-

1988 3948 2065 4000 sis
2099 3960 2193 4000 eos
2226 3946 2315 4015 qui
2348 3944 2642 4015 gignuntur
2670 3962 2779 4000 non
2824 3946 3053 4015 perﬁcit,
3104 3936 3413 4016 frustraque
3448 3946 3565 4001 lon-

1986 4052 2086 4108 gus
2119 4037 2185 4091 de
2212 4036 2325 4091 fato
2351 4050 2530 4091 sermo
2559 4036 2807 4091 habetur.
2858 4035 2915 4091 Si
2944 4038 3088 4092 enim
3117 4039 3257 4107 quod
3300 4036 3441 4091 fetus
3484 4052 3571 4091 se-

2000 4130 2258 4193 minetur,
2312 4128 3007 4197 gesteturﬁperl‘ectusque
3078 4128 3161 4183 vel
3226 4129 3573 4199 imperfectus

1988 4219 2291 4291 proveniat,
2326 4236 2354 4272 a
2385 4230 2671 4290 parentum
2709 4222 2892 4291 genesi
2925 4221 3158 4284 exsistit,
3195 4221 3400 4276 clarum
3428 4220 3573 4291 quod

1989 4313 2195 4381 horum,
2234 4326 2451 4382 quoque
2492 4314 2623 4367 hora
2673 4312 2741 4366 ab
2797 4315 2985 4368 eadem
3030 4314 3428 4383 proﬁciscatur.
3474 4312 3581 4369 Sin

1989 4406 2166 4460 minus
2213 4405 2344 4470 bare,
2373 4420 2503 4474 ergo
2562 4420 2660 4459 nec
2710 4404 2819 4461 illa.
2866 4404 2986 4459 Jam
3016 4406 3061 4461 si
3093 4421 3317 4475 geneses
3345 4406 3464 4459 aliae
3503 4422 3569 4460 ex

1988 4496 2109 4551 aliis
2166 4505 2312 4559 sunt,
2374 4496 2661 4565 ipsumque
2694 4498 2949 4551 nascendi
2983 4506 3339 4560 ,momentum
3376 4496 3444 4549 ab
3479 4512 3569 4550 eo-

1986 4604 2104 4642 rum
2126 4589 2216 4659 qui
2244 4596 2546 4657 genuerunt
2573 4589 2684 4642 fato
2714 4588 3101 4658 proﬁciscitur,
3130 4587 3290 4642 facile
3312 4587 3383 4641 sit
3414 4587 3571 4656 hujus

1986 4681 2325 4735 amatoribus
2348 4695 2507 4733 unam
2546 4680 2778 4749 aliquam
2813 4679 3048 4734 hominis
3082 4694 3277 4748 capere
3297 4681 3568 4749 genesim,

1987 4781 2148 4842 atque
2172 4788 2238 4826 ex
2257 4772 2373 4840 ipsa
2403 4781 2513 4825 tum
2538 4781 2769 4839 patrum,
2813 4780 2924 4823 tum
2958 4786 3202 4835 avorum,
3234 4771 3344 4825 imo
3374 4780 3427 4825 et
3454 4786 3569 4824 ma-

293 4855 414 4908 τῶν
462 4855 704 4909 πάππων
741 4859 837 4911 καὶ
874 4858 983 4912 τῶν
1027 4859 1109 4911 ἔτι
1143 4862 1594 4932 προπατόρωνιτ,
1631 4864 1727 4915 καὶ
1759 4862 1880 4916 τού-

1989 4864 2171 4935 jorum
2223 4862 2464 4933 genesim
2520 4861 2783 4924 indicare,
2811 4864 3111 4930 boru‘mque
3166 4863 3407 4916 omnium
3460 4872 3573 4916 tam

291 4962 414 4999 των
449 4946 705 5001 ἁπάντων
735 4949 805 5001 τά
832 4966 895 5001 τε
936 4950 1082 5020 πάθη
1117 4952 1211 5004 καὶ
1244 4952 1343 5014 τὰς
1376 4952 1603 5022 πράξεις
1659 4953 1763 5022 τῆς
1788 4953 1880 5023 ψυ-

1993 4953 2158 5006 animi
2182 4967 2343 5022 quam
2368 4953 2612 5021 corporis
2641 4951 2956 5008 aﬂ'ec‘tiones
2988 4954 3363 5024 actionesque,
3396 4969 3459 5008 ac
3494 4955 3567 5007 si-

292 5035 407 5105 χῆς
436 5036 530 5093 καὶ
560 5036 658 5089 τοῦ
707 5038 970 5108 Δθώματος,
1003 5040 1071 5093 τά
1105 5057 1164 5092 τε
1214 5042 1467 5111 σχήματα
1497 5043 1591 5095 καὶ
1623 5043 1880 5113 χρώματα

1992 5046 2103 5100 mut
2124 5046 2345 5116 ﬁguras,
2373 5046 2583 5101 colores
2612 5055 2667 5100 et
2722 5047 3142 5115 magnitudines.
3187 5044 3300 5101 Nec
3331 5047 3433 5100 hoc
3480 5062 3568 5098 sn-

297 5128 402 5180 καὶ
456 5128 697 5200 μεγέθη,
734 5132 795 5183 οὐ
840 5131 1000 5184 τοῦτο
1044 5133 1100 5184 δὲ
1140 5133 1322 5203 μόνον,
1358 5134 1475 5186 ἀλλ’
1504 5138 1568 5188 ὲκ
1593 5137 1690 5205 τῆς
1716 5135 1880 5205 αὐτῆς

1993 5137 2123 5201 Ιιιιη,
2154 5139 2247 5192 sed
2286 5138 2450 5191 etiam
2486 5152 2553 5192 ex
2586 5138 2687 5191 hac
2732 5138 2847 5206 ipsa
2889 5148 2943 5193 et
2972 5139 3116 5194 illius
3170 5137 3331 5191 unius
3385 5146 3573 5206 genesi

295 5219 403 5271 καὶ
440 5220 532 5273 τοῦ
562 5221 684 5285 ἑνὸς
726 5226 991 5290 γενέσεως
1018 5224 1164 5288 τίνες
1197 5226 1245 5277 oi
1279 5224 1671 5295 τεχθησόμενοι
1702 5238 1880 5295 προει-

1991 5227 2174 5282 licebit
2217 5230 2435 5296 quinam
2492 5230 2783 5298 generandi
2826 5230 2935 5283 sint
2977 5229 3291 5298 prasdicere,
3328 5244 3574 5282 omnem-

296 5312 454 5374 πεῖν,
492 5312 589 5366 καὶ
615 5315 796 5366 πᾶσαν
816 5315 916 5385 τὴν
950 5316 1217 5387 ἐσομένην
1246 5318 1311 5368 ὲκ
1339 5318 1435 5387 τῆς
1465 5317 1716 5386 διαδοχῆς
1756 5333 1880 5383 συγ-

1995 5334 2101 5387 que
2133 5320 2267 5373 adeo
2285 5319 2524 5374 futuram
2554 5320 2833 5375 exordine
2859 5320 3255 5391 cognationem,
3288 5335 3407 5373 cum
3457 5321 3573 5373 suis

295 5401 548 5467 γένειαν,
606 5404 701 5456 καὶ
764 5405 969 5475 ταύτης
1025 5407 1124 5469 τὰς
1185 5406 1413 5477 πράξεις
1463 5407 1560 5460 καὶ
1612 5408 1713 5461 ὅσα
1751 5407 1880 5462 ἄλλα

1995 5408 2320 5473 actionibus,
2351 5416 2405 5462 et
2438 5422 2773 5479 quascunque
2812 5409 2917 5464 alia
2962 5409 3268 5479 snpradicta
3315 5418 3474 5463 sunt:
3517 5419 3575 5461 ut

298 5495 657 5565 προείρηται,
685 5497 779 5549 καὶ
804 5499 942 5567 μήτε
964 5499 1089 5561 τοὺς
1112 5498 1483 5568 παρελθόντας
1502 5500 1720 5567 ἀγνοεῖν
1749 5500 1880 5570 μήτε

1999 5514 2171 5568 neque
2220 5501 2633 5567 praeteritorum,
2687 5516 2863 5570 neque
2920 5501 3224 5557 futurorum
3284 5500 3573 5570 quisquam

297 5585 417 5639 τῶν
447 5587 723 5657 ἐσομένων
759 5590 963 5660 μηδένα
981 5607 995 5621 ·
1030 5591 1058 5643 ὅ
1084 5593 1178 5644 καὶ
1201 5593 1356 5645 αὐτοὶ
1384 5592 1451 5647 ἂν
1484 5592 1880 5661 διαγελάσαιεν·

2000 5592 2293 5658 ignoretur.
2328 5592 2480 5659 Quod
2533 5602 2589 5647 et
2617 5593 2831 5663 ipsixnet
2855 5593 3049 5666 2141)
3079 5594 3368 5650 irriserint.
3399 5592 3471 5649 At
3519 5601 3577 5644 tu

1595 5688 1832 5743 VARIIE
1875 5688 2283 5745 LECTIONES.

385 5774 428 5807 “
454 5776 617 5842 αὐτὸς
654 5779 734 5834 A:
768 5782 938 5853 αὐτῆς
963 5802 1021 5847 ς.
1056 5786 1097 5819 ¹⁸
1132 5786 1484 5852 ἐξοκέλλουσα
1505 5789 1569 5839 Α.
1652 5787 1695 5815 ¹⁸
1724 5787 1821 5855 μὲν
1846 5793 1899 5840 et
1931 5801 2051 5841 mox
2086 5789 2179 5842 καὶ
2214 5788 2337 5843 add.
2367 5790 2430 5841 Α.
2510 5790 2551 5819 ¹⁷
2588 5790 3030 5861 προπατέρωνΑ,
