4032 6440
570 287 671 353 851

557 585 745 650 genesi
780 585 1012 645 felicitas
1053 591 1183 661 ipsis
1230 599 1493 655 attributa
1535 606 1627 658 sit.
1659 606 1934 663 interdum
1958 613 2120 669 etiam

556 672 696 728 tollit
724 684 778 729 et
818 678 983 734 vincit
1015 692 1231 750 patrum
1271 690 1509 757 genesim
1539 694 1654 762 ipsa
1705 698 1960 765 filiorum,
1993 719 2127 773 quo-

554 763 656 819 ties
716 768 965 826 videlicet
1007 775 1125 831 haec
1161 776 1342 835 fatalis
1406 781 1551 839 illius
1599 785 1823 844 effectus
1877 803 1990 847 est:

551 862 605 909 et
631 868 842 926 patrum
888 867 1102 932 genesis
1135 870 1376 929 infelices
1427 878 1604 932 reddit
1664 880 1865 939 liberos
1905 898 1960 942 et
2013 889 2122 943 fra-

552 951 692 998 trum
726 943 946 1019 fratres,
976 956 1336 1028 eumdemque
1373 963 1429 1016 in
1466 966 1682 1021 tnodum
1733 970 1895 1027 etiam
1930 976 2119 1046 conju-

549 1048 707 1101 gum;
748 1044 1098 1106 quantumvis
1136 1044 1279 1101 forte
1316 1051 1476 1108 aliam
1517 1055 1654 1111 alter
1714 1060 1911 1117 habeat
1951 1044 2118 1136 gene-

548 1122 669 1186 sim,
709 1131 765 1179 et
811 1127 1030 1186 aliunde
1084 1148 1243 1191 natus
1303 1139 1399 1194 sit.
1460 1140 1528 1197 Et
1591 1147 1737 1215 quod
1805 1151 1890 1207 his
1942 1122 2120 1208 amni-

549 1210 651 1267 hus
699 1219 873 1288 magis
924 1221 1334 1295 deplorandum,
1367 1238 1583 1300 genesis
1608 1210 1767 1309 -cugit
1796 1258 2119 1311 generantes

553 1303 737 1359 odium
780 1311 1057 1380 suscipere
1086 1331 1185 1386 pro
1220 1336 1407 1378 amore
1462 1341 1589 1398 erga
1632 1329 1867 1394 liberos:
1918 1335 2119 1398 liheros

546 1390 678 1447 item
707 1399 1044 1468 parentibus,
1090 1415 1252 1477 atque
1306 1410 1447 1468 inter
1471 1390 1553 1471 se.
1581 1419 1802 1491 fratres,
1836 1431 2120 1501 conjuges—

545 1494 651 1549 que
684 1485 912 1547 infestos
957 1494 1153 1564 reddit,
1194 1510 1249 1555 et
1285 1504 1352 1557 ad
1399 1509 1572 1565 caedes
1614 1528 1897 1587 provocat,
1935 1485 2119 1594 itaque

1614 1574 1628 1583 .
1882 1574 1897 1587 ι
1935 1574 2118 1594 ""1"

546 1574 807 1634 adversus
834 1581 1064 1640 invicem
1100 1602 1276 1647 armat
1330 1608 1605 1669 naturam,
1657 1616 1715 1661 ut
1749 1621 1913 1667 totam
1940 1620 2118 1675 turbet

547 1667 949 1734 cognationem.
971 1674 1036 1730 Et
1064 1677 1150 1733 ille
1172 1684 1389 1765 quidem
1422 1667 1772 1767 lamentatur,
1797 1667 2117 1772 quodlabd:

544 1762 628 1809 ret
661 1756 821 1826 ﬁlius,
848 1762 929 1817 vel
952 1777 1160 1824 mortua
1187 1757 1263 1828 ‘sit
1294 1791 1449 1847 uxor,
1482 1794 1577 1838 aut
1608 1793 1833 1847 maritus
1858 1832 1874 1858 ,
1904 1795 2121 1866 ignarus
2148 1778 2197 1837 B

541 1949 657 1992 rem
707 1940 936 2000 invicem
986 1958 1295 2012 necessaria
1353 1966 1676 2035 conciliarit,
1706 1982 1760 2028 et
1794 1975 2110 2051 infortunia,

541 2023 664 2051 ,ιη-ι.
708 2043 832 2051 -Α-λ-
875 2049 885 2051 ~
1016 2039 1028 2051 '
1200 2048 1209 2051 ‘

1645 2023 1675 2035 ,,
1712 2023 1759 2028 _-
1794 2023 2110 2051 ........,

536 2023 665 2081 dum
703 2043 891 2088 eorum
938 2039 1029 2106 qui
1070 2048 1395 2105 amabantur
1444 2056 1593 2112 exitu
1630 2060 1844 2120 dolores
1881 2072 2110 2132 acerbos

1874 2160 2107 2221 Rursum

531 2490 706 2555 soris;
754 2503 811 2546 ut
850 2506 905 2550 et
934 2496 1181 2572 integros
1210 2514 1481 2569 exercitus
1520 2531 1618 2587 per
1646 2527 1890 2591 genesim
1938 2534 2101 2601 regis.

531 2576 602 2601 ,η
638 2580 764 2601 .____
926 2590 938 2601 .
964 2592 994 2601 ..

1520 2576 1537 2587 _
1647 2576 1677 2591 υ
1942 2576 2100 2601 ηοω.

528 2576 606 2632 lta
638 2580 1061 2648 innumerabiles
1104 2612 1333 2666 geneses
1364 2620 1463 2674 per
1502 2611 1717 2678 unicam
1766 2616 1913 2675 illam
1941 2626 2100 2679 unius

528 2676 737 2727 tantum
794 2676 1048 2750 hominis,
1099 2688 1216 2746 sive
1269 2695 1336 2748 ad
1370 2676 1774 2769 meliorapsive
1823 2714 1890 2767 ad
1944 2715 2092 2771 dete-

523 2847 841 2925 infelicium,
872 2876 991 2928 quae
1035 2867 1103 2921 ob
1126 2847 1285 2927 unius
1319 2882 1559 2945 genesim
1586 2847 1846 2947 lin—finitas
1876 2847 2096 2956 habent

522 2944 815 3005 varietates
871 2963 1112 3026 aetatum,
1161 2978 1451 3035 annorum,
1505 2978 1794 3047 mensium,
1858 2985 2089 3057 dierum,

523 3030 773 3057 ,μω-,ω
936 3054 944 3057 _

1437 3030 1447 3035 ,
1860 3030 2089 3057 ...........,

521 3030 800 3104 horarum,
859 3054 1094 3115 patrum,
1151 3066 1409 3125 matrum,
1459 3076 1848 3135 cognatorum:
1891 3076 2003 3132 imo.
2038 3089 2092 3133 et

525 3119 667 3177 idem
705 3131 1031 3202 quandoque
1083 3143 1273 3197 mortis
1317 3162 1487 3217 genus
1524 3119 1663 3211 "sive
1721 3160 1920 3230 gladio,
1975 3168 2091 3229 sive

520 3213 679 3281 mari,
710 3218 825 3273 sive
852 3223 1016 3278 simili
1041 3227 1222 3298 aliquo
1267 3213 1395 3291 ca'su
1437 3241 1687 3301 subeunt.
1721 3213 1982 3311 :ittatnen
2008 3257 2090 3310 in-

514 3305 677 3361 venio
701 3322 801 3379 ego
834 3322 893 3367 et
954 3331 1233 3377 servorum
1306 3340 1469 3399 atque
1524 3334 1756 3394 militum
1820 3348 2086 3414 genesim,

511 3403 779 3467 quomodo
798 3405 895 3476 ipsi
917 3409 1225 3483 loquuntur,
1255 3421 1416 3480 heros
1443 3441 1699 3500 regesque
1721 3450 2085 3505 superantem.

511 3487 766 3550 Fallaciis
814 3501 957 3554 enim
992 3504 1045 3558 hi
1081 3519 1174 3562 aut
1210 3509 1482 3572 lenocinio
1532 3521 1800 3580 interdum
1835 3530 2088 3591 dominos

508 3581 597 3637 vel
640 3585 745 3641 alia
799 3594 1055 3664 quapiam
1114 3604 1326 3661 ratione
1369 3613 1780 3687 aggrediuntur,
1824 3637 1920 3677 sua
1966 3625 2087 3682 illos

508 3675 693 3738 genesi
748 3676 801 3731 in
834 3682 1085 3742 dominos
1147 3675 1608 3767 armantefQuod
1649 3708 1693 3762 si
1726 3708 1865 3767 forte
1912 3720 2084 3783 patris

1464 3759 1500 3767 τ
1653 3759 1693 3762 -_
1726 3759 1865 3767 η---
1912 3759 2084 3783 ,,.......

506 3759 743 3822 familias
788 3777 1030 3840 genesim
1073 3779 1213 3837 hanc
1249 3789 1423 3844 servis
1468 3793 1603 3850 dare
1637 3804 1863 3857 nocendi
1897 3816 2088 3875 poten-

1820 3854 1863 3857 επ
1897 3854 2055 3875 r---“

505 3854 634 3910 tiam
668 3860 925 3931 dixerint,
973 3873 1144 3941 magis
1179 3878 1343 3933 etiam
1391 3882 1759 3947 difﬁcultatem
1788 3900 2081 3965 augebunt.

1663 3945 1692 3946 η
1727 3945 1757 3947 η
1791 3945 2081 3965 μιν--..η

500 3945 619 4002 Non
652 3952 824 4009 solum
851 3962 995 4015 enim
1026 3962 1190 4040 [non]
1217 3971 1501 4033 inferiores
1541 3996 1661 4037 esse
1716 3989 1964 4046 subditos
1990 4010 2087 4049 co-

501 4041 613 4108 egit
640 4045 978 4106 dominorum
1010 4064 1245 4130 genesis,
1275 4070 1371 4121 sed
1408 4082 1672 4140 praeterea
1717 4078 1865 4134 illum
1906 4084 2083 4153 ipsum

500 4135 739 4204 vincere,
760 4141 913 4213 cujus
935 4158 1019 4202 est
1049 4157 1294 4226 genesis;
1321 4169 1483 4231 atque
1504 4179 1598 4220 eos
1624 4170 1713 4236 qui
1745 4188 1843 4241 pro
1857 4190 1953 4230 suo
1973 4178 2086 4234 fato

498 4241 776 4299 nunquam
813 4246 1017 4294 tantum
1057 4248 1173 4301 ausi
1206 4248 1457 4321 fuissent,
1490 4260 1634 4327 regis
1668 4260 1759 4316 illa
1784 4270 1998 4334 genesis
2027 4273 2080 4326 in

497 4321 785 4389 ipsummet
817 4331 1117 4401 t'provocat.
1176 4338 1312 4397 Nam
1367 4347 1485 4402 fieri
1523 4354 1748 4412 omnino
1784 4362 1993 4429 nequit,
2026 4376 2086 4420 ut

500 4424 579 4467 tot
599 4418 756 4474 simul
780 4424 1005 4481 militum
1031 4446 1259 4501 geneses
1296 4438 1356 4492 in
1391 4440 1592 4515 215a
1622 4448 1826 4506 domini
1851 4464 2079 4514 mortem
2114 4461 2161 4516 D

494 4511 826 4579 ronspirent.
864 4517 1113 4578 Civitatis
1158 4526 1285 4582 item
1310 4536 1526 4600 genesis
1549 4539 1605 4592 in
1640 4540 1947 4603 universam
1985 4550 2071 4605 in-

493 4598 732 4655 colarum
776 4609 1172 4671 multitudinem
1227 4598 1511 4685 imperium
1551 4631 1783 4690 obtinet.
1840 4637 2069 4705 Quando

491 4690 633 4745 enim
667 4697 779 4752 haec
817 4702 1035 4772 decidit,
1086 4709 1327 4768 infinitas
1372 4728 1593 4776 aetatum
1620 4726 1912 4786 varietates
1953 4736 2068 4803 plu-

491 4785 642 4840 ribus
692 4795 978 4877 genesibus
1018 4788 1354 4863 disﬁnclase
1402 4815 1580 4871 medio
1613 4818 1770 4887 tollit,
1820 4840 1928 4881 uno
1964 4829 2068 4886 hoc

490 4878 791 4952 eodemque
844 4872 1059 4959 excidio
1110 4905 1386 4970 evertens.

488 4972 708 5028 modum
739 4984 793 5031 et
827 4993 920 5035 aer
950 4991 1292 5063 [corruptus]

486 5072 700 5131 gentem
723 5068 896 5140 delet;
927 5089 1102 5145 neque
1130 5082 1276 5149 enim

487 5158 677 5214 mortis
705 5175 875 5232 genus
907 5169 1168 5227 nancisci.
1195 5175 1252 5232 Si
1291 5180 1413 5253 quis
1441 5198 1603 5250 porro
1633 5158 1762 5246 illud
1812 5195 1915 5248 etsi
1963 5197 2065 5250 im-

485 5252 740 5315 possibile
779 5256 873 5322 sit,
904 5260 1154 5319 admittat
1190 5276 1372 5341 tamen
1397 5252 1651 5346 rursum,
1680 5280 1906 5359 [dicam]
1932 5289 2066 5344 civi-

488 5341 611 5396 tatis
631 5344 711 5399 vel
735 5350 877 5405 aeris
898 5355 1113 5421 genesis
1138 5373 1169 5411 a
1194 5359 1558 5423 multitudinis
1578 5341 1771 5441 genesi
1802 5341 2052 5444 verJtitur,

1722 315 1977 380 PHOTII
2007 323 2199 384 ΡΑΤΒ
2209 327 2510 390 ΙΑΒΟΗἈΕ
2544 332 2655 394 (ΞΡ.

557 401 688 456 mihi
722 401 852 460 illud
890 421 1102 479 quoque
1127 411 1366 483 inspice:
1402 415 1683 485 Filiorum,
1713 427 1887 492 aiunt,
1919 435 2098 500 genesi

2190 438 2384 509 ι”Ορα
2423 441 2482 494 δὲ
2533 443 2755 498 κάκεῖνο
2780 461 2794 474 '
2849 445 2970 499 Τῶν

556 490 803 547 infelices
846 496 1025 553 reddit
1074 514 1344 571 parentes,
1384 509 1596 567 etiamsi
1630 513 1771 570 forte
1823 534 1851 571 a
1901 524 2098 590 propri:

2190 490 2207 498 _
2282 490 2381 509 ηρ
2432 490 2479 494 -_
2536 490 2691 496 -_--_---

2228 530 2628 601 κακοδαίμονας
2648 534 2691 566 ¹⁸

3660 358 3744 425 852

3020 447 3246 512 παίδων,
3299 452 3473 522 φασὶν,
3503 457 3536 529 ἡ
3565 462 3746 531 γένεσις

3420 547 3519 601 κᾶν
3554 551 3649 605 ἀπδ
3666 558 3748 627 τῆς

3435 636 3494 690 ιδ
3501 643 3723 708 ραὸεύετο
3733 666 3747 681 ·

2229 706 2342 761 ἐσθ’
2385 712 2474 764 ὅτε
2519 714 2578 767 δὲ
2610 716 2705 771 καὶ
2733 719 2949 789 ἀναιρεῖ
2974 719 3070 773 καὶ
3115 723 3241 792 νικᾷ
3270 725 3367 795 τὴν
3391 706 3511 782 τῶν
3530 734 3751 806 πατέρων

2739 539 2888 590 ποιεί
2932 538 3060 601 τοὺς
3112 540 3373 611 πατέρας,

2233 618 2367 683 ίδίας
2415 625 2681 691 γενέσεως
2732 628 2794 680 τὸ
2843 626 3098 699 εὔδαιμον
3120 631 3164 661 ⁸⁸
3204 632 3385 697 αὐτοῖς

2029 799 2124 852 sed
2229 798 2440 865 γένεσιν
2469 802 2502 872 ἡ
2531 803 2639 857 τῶν
2680 806 2886 861 τέκνων
2926 808 3163 877 γένεσις,
3200 811 3543 885 ἀποτέλεσμα
3568 798 3752 895 ἐκείνης

2226 886 2377 945 οὖσα.
2424 892 2584 948 Ἀλλά
2610 898 2705 950 καὶ
2732 900 2767 968 ή
2789 899 2898 952 τῶν
2931 904 3186 971 πατέρων
3213 903 3424 971 γένεσις
3450 910 3567 973 τοὺς
3584 886 3753 980 παῖδαῖξ

2225 984 2629 1055 κακοδαίμονας
2681 991 2843 1053 ποιεῖ,
2896 993 2991 1046 καὶ
3033 994 3296 1063 ἀδελφοὺς
3320 998 3354 1067 ἡ
3387 998 3491 1052 τῶν
3520 1002 3750 1072 ἀδελφῶν,

2222 1074 2318 1127 καὶ
2352 1074 2461 1129 τῶν
2504 1081 2904 1149 γεγαμηκότων
2932 1084 3155 1153 ὁμοίιος,
3184 1087 3288 1139 κᾶν
3335 1088 3496 1160 ἄλλης
3526 1094 3656 1157 τινὸς
3682 1099 3754 1169 ειη

2221 1168 2506 1233 γενέσεως,
2540 1172 2644 1225 κᾶν
2666 1173 2932 1243 ἑτέρωθεν
2953 1174 3073 1245 ἔφυ.
3104 1178 3217 1230 Καὶ
3238 1178 3300 1231 τὸ
3325 1180 3533 1234 πάντων
3567 1168 3755 1258 ἀνιαρόέ

2218 1275 2392 1328 τερον,
2444 1263 2597 1331 μῖσος
2644 1265 2677 1334 ἠ
2732 1265 2947 1333 γένεσις
3003 1266 3252 1337 βιάζεται
3287 1271 3415 1334 τοὺς
3461 1272 3652 1341 φύντας
3687 1280 3755 1344 εἰς

2218 1348 2345 1413 τοὺς
2380 1354 2683 1421 φυομένους
2715 1356 2840 1409 ἀντὶ
2876 1358 2976 1427 τῆς
3010 1360 3242 1431 στοργῆς
3288 1360 3451 1432 ἔχειν,
3494 1366 3584 1419 καὶ
3614 1367 3755 1424 τέκνα

2216 1442 2330 1503 τοῖς
2368 1446 2725 1515 γεγεννηκόσι
2764 1448 2858 1501 καὶ
2906 1449 3173 1521 ἀδελφοὺς
3212 1454 3350 1525 πρὸς
3392 1455 3638 1526 ἀλλήλους
3677 1464 3755 1517 καὶ

2216 1531 2343 1593 τοὺς
2376 1536 2767 1605 γεγαμηκότας
2791 1541 2935 1591 ποιεῖ
2969 1540 3295 1611 πολεμίους,
3336 1544 3430 1597 καὶ
3461 1546 3590 1616 πρὸς
3614 1550 3754 1603 ’ἀναιο

2218 1620 2397 1690 ρέσεις
2447 1624 2716 1695 ὲρεθίζει,
2768 1628 2862 1681 καὶ
2930 1632 3052 1685 κατ’
3096 1632 3344 1703 ἀλλήλων
3421 1636 3620 1701 ὁπλίζει
3670 1640 3755 1710 τὴν

2225 1712 2405 1781 φύσιν,
2458 1716 2588 1787 ὃλην
2638 1719 2988 1789 ταράσσουσα
3045 1721 3145 1793 τὴν
3200 1724 3538 1793 συγγένειαν.
3587 1729 3686 1782 Καὶ
3729 1733 3757 1784 ό

2227 1804 2327 1873 μὲν
2352 1805 2663 1877 όδύρεται¹⁰
2695 1810 2827 1864 διότι
2890 1814 3038 1866 νοσεῖ
3090 1816 3120 1867 ὁ
3177 1817 3306 1879 παῖς
3370 1816 3681 1889 ἢτέθνηκεν
3727 1825 3757 1892 ll

2091 1919 2115 1930 -
2215 1897 2351 1968 γυνὴ
2403 1898 2436 1969 ἢ
2464 1900 2494 1952 ό
2530 1901 2690 1971 ἀνὴρ,
2713 1902 2898 1971 ἀγνοεῖ
2924 1904 2981 1957 δὲ
3008 1905 3091 1959 ὅτι
3116 1907 3150 1978 ἡ
3181 1906 3389 1961 τούτων
3418 1909 3532 1973 ἑνὸς
3555 1912 3754 1967 ἑκάστου

2210 1985 2424 2053 γένεσις
2468 1988 2563 2041 καὶ
2606 1990 2826 2061 ἀγαπᾷν
2859 1992 3123 2063 ἀλλήλους
3159 1995 3439 2064 ἠνάγκασε
3489 1998 3581 2052 καὶ
3608 2018 3753 2055 κακο-

2209 2075 2504 2146 δαιμονεῖν,
2539 2078 2813 2150 δριμείαις
2840 2082 3055 2148 ὀδύναις
3092 2086 3515 2155 περιϐάλλουσα,
3548 2092 3659 2155 ταῖς
3680 2111 3752 2145 τε·

2208 2167 2420 2233 λευταῖς
2440 2170 2548 2225 τῶν
2575 2173 2972 2243 στεργομένων.
2998 2174 3185 2229 Ταῦτα
3210 2176 3442 2241 ἀνέξοιτ’
3463 2180 3528 2233 ἄν
3550 2197 3628 2243 τις
3651 2184 3757 2235 νοῦν

2206 2257 2376 2327 ἔχωνς
2432 2261 2594 2313 πάλιν
2651 2262 2870 2328 δούλους
2921 2265 3344 2337 κακοδαιμονεῖν
3391 2269 3496 2322 ὑπὸ
3552 2272 3645 2341 τῆς
3674 2274 3755 2326 τοῦ

2087 2390 2102 2414 ,
2204 2349 2467 2403 δεσπότου
2513 2353 2781 2421 γενέσεως
2810 2355 3214 2426 τερατεύονται,
3250 2359 3349 2412 καὶ
3378 2360 3549 2462 αἰγῶν
3576 2362 3755 2429 ἀγέλας

2086 2474 2104 2483 -
2205 2441 2298 2494 καὶ
2350 2442 2486 2513 βοῶν
2528 2442 2561 2513 ἢ
2608 2445 2717 2499 τῶν
2745 2446 2923 2501 ἄλλων
2974 2446 3130 2512 ζώων
3179 2449 3285 2503 ὑπὸ
3326 2451 3429 2520 τῆς
3455 2449 3548 2504 τοῦ
3580 2470 3757 2525 κεκτη-

2203 2534 2390 2602 μένου,
2422 2535 2518 2590 καὶ
2558 2539 2896 2608 στρατόπεδα
2930 2540 3096 2595 πάλιν
3118 2540 3206 2594 διὰ
3232 2542 3333 2613 τὴν
3361 2543 3455 2597 τοῦ
3485 2543 3751 2614 βασιλέως

2200 2625 2295 2676 καὶ
2344 2624 2604 2681 τοσαῦται
2652 2629 2909 2699 μυριάδες
2956 2630 3226 2699 γενέσεων
3256 2631 3646 2702 ἀνατρέπονται
3680 2633 3755 2689 διὰ

2198 2715 2294 2786 τὴν
2340 2716 2435 2770 τοῦ
2483 2718 2603 2783 ένδς
2634 2719 2666 2790 ἢ
2714 2721 2848 2791 πρὸς
2874 2720 2936 2773 τὸ
2981 2724 3163 2793 χεῖρον
3194 2722 3229 2831 :3
3266 2723 3409 2794 πρὸς
3434 2723 3749 2831 τὸοάμεινονι,

2197 2808 2373 2866 καίτοι
2425 2824 2490 2878 γε
2536 2812 2646 2864 τῶν
2700 2811 3073 2882 εὐτυχούντων
3120 2814 3153 2884 ἦ
3190 2814 3648 2885 δυσπραγούντων
3680 2817 3755 2871 διὰ

2197 2899 2294 2923 -.ιη
2318 2899 2410 2923 --2
2445 2900 2561 2923 ιηὶ-
2591 2902 2806 2923 ‘-1,.__,_.
2870 2921 2895 2923 .,
2958 2905 2997 2923 κο
3111 2906 3123 2923 9
3182 2906 3195 2923 ι
3374 2907 3398 2923 ᾳ
3577 2909 3588 2923 ι
3663 2910 3699 2923 ις

2195 2899 2294 2970 τὴν
2317 2899 2413 2954 τοῦ
2441 2900 2561 2965 ὲνδς
2590 2902 2807 2970 γένεσιν
2864 2905 3067 2975 μυρίας
3107 2906 3343 2974 ἐχόντων
3369 2907 3626 2979 διαφορὰς
3654 2910 3752 2979 ἡλι-

2196 2990 2353 3057 κιῶν,
2404 2992 2685 3059 ἐνιαυτῶν,
2742 2995 3223 3068 μηνῶν,ήμερῶν,
3275 2998 3461 3069 ὡρῶν,
3504 3000 3749 3102 πατέρων,

2196 3084 2467 3155 μητέρων,
2502 3086 2804 3154 συγγενῶν,
2860 3089 2954 3141 καὶ
2978 3089 3069 3142 τὸν
3097 3091 3264 3144 αὐτὸν
3290 3092 3407 3145 ἔσθ’
3433 3093 3523 3145 ὅτε
3551 3092 3638 3145 τοῦ
3668 3093 3750 3146 θα-

2192 3177 2353 3231 νάτου
2396 3176 2598 3247 τρόπον
2643 3178 3056 3250 ὑπερχομένων,
3097 3183 3189 3237 τὸν
3218 3184 3307 3237 διὰ
3361 3184 3579 3255 σιδήρου
3611 3184 3751 3254 ἢθα-

2189 3270 2394 3340 λάσσης
2421 3270 2456 3341 ἡ
2478 3288 2631 3336 τινος,
2642 3272 3027 3345 παραπλησίου
3056 3276 3489 3347 συμπτώματος.
3519 3277 3749 3347 Εὑρίσκω

2186 3361 2257 3414 δὲ
2275 3361 2448 3432 ἔγωγε
2474 3363 2569 3417 καὶ
2591 3365 2691 3433 τὴν
2715 3366 2824 3420 τῶν
2850 3368 3079 3421 οἰκετῶν
3101 3370 3135 3438 ἢ
3165 3370 3519 3439 στρατιωτῶν
3538 3371 3749 3468 γένεσιν,

2187 3457 2264 3520 ὠς
2305 3455 2371 3510 ἂν
2404 3457 2558 3513 αὐτοὶ
2601 3459 2779 3527 φαῖεν,
2826 3461 3134 3529 κρατοῦσαν
3168 3460 3263 3513 τοῦ
3294 3460 3562 3515 δεσπότου
3598 3461 3628 3531 ἢ
3662 3460 3741 3513 τοῦ

2189 3551 2485 3621 βασιλέως·
2537 3551 2794 3606 ἀπατῶσι
2838 3553 2949 3624 γὰρ
2993 3553 3027 3625 ἢ
3082 3554 3500 3659 φαρμάττουσιν
3544 3554 3651 3659 ἔξιθ’
3673 3556 3749 3607 ὅτε

2185 3644 2312 3706 τοὺς
2356 3643 2641 3709 δεσπότας,
2682 3643 2716 3715 ἢ
2756 3644 2850 3698 καὶ
2895 3644 3070 3708 ἄλλως
3108 3646 3488 3713 ἐπιτίθενται,
3527 3646 3624 3717 τῆς
3664 3662 3745 3715 γε-

2187 3733 2387 3799 νέσεως
2418 3735 2616 3797 αὐτοὺς
2656 3736 2798 3789 κατά
2827 3736 2935 3789 τῶν
2966 3737 3173 3807 κυρίων
3217 3736 3593 3847 ιἠιιλιίιζούσης..⁵
3698 3736 3748 3789 δὲ

2185 3826 2395 3895 λέγοιεν
2438 3827 2537 3899 τὴν
2573 3827 2670 3881 τοῦ
2717 3830 3098 3883 οἰκοδεσπότου
3133 3830 3352 3933 γένεσιν
3403 3834 3519 3933 τοῖς
3564 3830 3749 3933 δούλρις

2184 3919 2383 3971 διδόναι
2413 3919 2512 3987 τὴν
2543 3920 2694 3990 ἰσχὺν
2722 3920 2815 3973 τοῦ
2860 3922 3257 3993 κακοποιῆσαι,
3290 3924 3524 3979 πλείονα
3556 3936 3747 3978 ποιουσι

2222 4010 2335 4029 tu!
2402 4009 2975 4029 ,,r,_rnnnn1..s
3062 4013 3073 4029 I
3208 4016 3221 4029 ο
3354 4017 3368 4029 ι
3456 4014 3550 4029 Ἀ
3696 4015 3707 4029 ι

2184 4010 2283 4082 τὴν
2313 4011 2566 4081 ἀπορίαν.
2608 4009 2729 4083 [681
2764 4010 2871 4084 IL]
2909 4013 2983 4066 Οὐ
3013 4013 3123 4084 γὰρ
3156 4016 3316 4084 μόνον
3343 4014 3612 4086 ἡττᾶσθαι
3636 4015 3747 4074 τοὺς

2186 4102 2465 4173 ὑπηκόους
2493 4103 2774 4172 ἠνάγκασε
2828 4105 2919 4158 τοῦ
2967 4105 3238 4175 βασιλέως
3269 4109 3302 4177 ή
3346 4109 3586 4177 γένεσις,
3630 4104 3749 4160 ἀλλὰ

2185 4194 2282 4249 καὶ
2320 4193 2487 4247 αὐτοῦ
2530 4197 2758 4266 κρατεῖν
2805 4190 2865 4251 οὗ
2912 4199 3030 4251 ἐστι
3082 4197 3211 4270 [553
3257 4198 3353 4272 Η.]
3390 4201 3636 4268 γένεσις,
3664 4198 3748 4252 καὶ

2183 4286 2309 4348 τοὺς
2352 4286 2453 4339 οὐκ
2502 4286 2569 4340 ἂν
2598 4287 2707 4341 ἀπὺ
2735 4274 2943 4352 οίκείας
2985 4290 3329 4363 εἱμαρμένης
3362 4293 3524 4347 τοῦτο
3560 4292 3747 4361 τολμή-

2187 4394 2386 4440 σαντας
2431 4379 2465 4449 ἡ
2512 4378 2607 4432 τοῦ
2646 4379 2912 4450 βασιλέως
2941 4383 3144 4453 ἐγείρει
3180 4386 3302 4440 κατ’
3330 4385 3502 4441 αὑτοῦ
3523 4402 3536 4416 ·
3563 4387 3622 4437 οὺ
3652 4383 3747 4451 γάρ

2186 4461 2299 4521 οἷόν
2326 4486 2386 4521 τε
2432 4469 2703 4525 τοσούτων
2740 4473 2876 4545 ὁμοῦ
2910 4478 3262 4545 στρατιωτῶν
3294 4483 3541 4545 γενέσεις
3566 4477 3644 4539 εἰς
3668 4474 3747 4528 τὸν

2177 4560 2323 4614 κατά
2368 4560 2463 4614 τοῦ
2508 4563 2771 4628 δεσπότου
2804 4566 3037 4621 θάνατον
3090 4573 3426 4639 συμφωνεῖν.
3466 4571 3673 4641 Κρατεῖ
3699 4566 3747 4619 δὲ

2179 4651 2272 4703 καὶ
2315 4651 2416 4722 τῆς
2464 4652 2672 4718 πόλεως
2729 4657 2763 4727 ἡ
2810 4656 3026 4726 γένεσις
3058 4658 3155 4712 τοῦ
3189 4659 3434 4731 πλήθους
3480 4660 3587 4712 τῶν
3614 4659 3743 4711 ἐνοι-

2174 4743 2415 4796 κούντων
2436 4761 2449 4773 °
2486 4748 2910 4813 καταπίπτουσα
2939 4752 3050 4823 γὰρ
3077 4752 3305 4822 ἡλικιῶν
3343 4753 3551 4824 μυρίας
3578 4752 3748 4817 διαφοο

2173 4835 2309 4905 ρὰς.
2374 4838 2599 4909 μυρίαις
2661 4841 2912 4908 γενέσεσι
2972 4842 3393 4914 διοικουμένας,
3464 4838 3744 4913 ἀναιρείιθι

1434 4905 1516 4961 Ad
1570 4912 1822 4967 eumdem
1854 4932 2071 4988 quoque

2190 4927 2347 4999 ρθορᾷ
2375 4905 2491 5001 ⁷μιιᾷ
2538 4932 2631 4983 καὶ
2675 4905 2746 5001 ⁷τῇ
2803 4932 2943 5004 αὐτῇ
2977 4905 3389 5004 διαφθείρουσαι
3426 4935 3539 4987 Καὶ
3569 4935 3599 4986 ό
3647 4930 3745 5000 ἀὴρ

1320 5002 1374 5047 et
1404 4996 1673 5063 diluvium
1718 5012 1889 5063 totam
1922 5024 2069 5083 saepe

2190 4996 2515 5091 ιμοίως,ήκαὶ
2557 4996 2947 5097 κατακλυσμὸς
2980 4996 3245 5092 ὡσαύτως
3274 5028 3573 5100 ὁλόκληρον
3601 5025 3743 5086 ἔθνος

1301 5100 1523 5153 possunt
1543 5101 1621 5150 tot
1642 5112 1871 5166 geneses
1901 5120 2069 5161 unum

1301 5180 1413 5226 [tuis
1441 5198 1603 5226 nm-m
1633 5187 1762 5226 illm!
1812 5195 1914 5226 Alc:
1963 5197 2036 5226 ι...

2190 5113 2482 5181 ῐφανίζων·
2535 5117 2596 5169 οὐ
2644 5118 2754 5189 γάρ
2792 5115 2905 5172 οἷόν
2933 5137 2993 5174 τε
3046 5120 3315 5185 τοσαύτας
3339 5122 3591 5190 γενέσεις
3622 5117 3740 5189 μίαν

2190 5203 2486 5226 Lunam”
2539 5211 2602 5226 ..η
2653 5208 2666 5226 ,
2718 5225 2722 5226 ν
2846 5210 2908 5226 π.
2967 5210 3021 5226 ρ..
3304 5211 3317 5226 .
3413 5211 3428 5226 .
3504 5208 3586 5226 ,αι
3645 5221 3740 5226 γε--.

2173 5203 2489 5275 ἔχειν’ίδέαν
2539 5208 2791 5263 θανάτου.
2845 5210 2911 5263 Εἰ
2962 5210 3023 5263 δέ
3082 5228 3167 5274 τις
3228 5211 3328 5265 καὶ
3376 5211 3441 5265 τὸ
3492 5208 3743 5266 ἀδύνατον

2171 5295 2331 5349 τοῦτο
2360 5300 2694 5372 συγχωροίη,
2741 5301 2906 5355 πάλιν
2946 5303 2981 5373 ἢ
3003 5304 3050 5336 ’⁸
3076 5304 3177 5373 τῆς
3221 5305 3433 5421 πόλεως
3470 5304 3681 5421 γένεσις
3697 5298 3739 5421 ﬂ

2171 5387 2264 5421 ΜΠ
2292 5388 2452 5421 λιιι..-
2480 5392 2587 5421 .ε.-›.
2616 5393 2718 5421 -z-
2739 5394 2848 5421 ...πη
2873 5396 3092 5421 ..Ανιρω
3123 5398 3255 5421 ιη..-
3288 5413 3526 5421 --..__..-
3552 5409 3567 5421 .
3591 5411 3655 5421 .-..

2170 5387 2264 5440 τοῦ
2292 5388 2452 5459 ἀέρος
2480 5392 2589 5445 ὑπὸ
2616 5393 2718 5463 τῆς
2739 5394 2848 5449 τῶν
2872 5396 3092 5449 πολλῶν
3118 5398 3567 5468 ἀνατέτραπται·
3591 5393 3679 5448 καὶ
3697 5393 3716 5423 ⁸

485 5439 644 5503 atque
658 5451 689 5491 e
709 5440 917 5497 duobus
939 5444 1166 5503 alterum
1180 5439 1653 5545 [concedendum],
1671 5464 1754 5520 vel
1775 5439 2066 5525 multorum

2190 5439 2321 5531 Βυοῖν
2618 5439 2781 5555 vita;
2802 5486 2910 5541 τῶν
2933 5487 3143 5541 πολλῶν
3164 5439 3451 5562 ἀκυρῶσαι
3475 5487 3575 5560 τὴν
3596 5483 3734 5558 μίαν»

1767 5606 2003 5667 νΑιιιΑε]
2051 5609 2457 5676 LECTIONES.

584 5693 605 5721 ⁸
636 5699 1020 5793 κακῆδαίμονος
1055 5722 1115 5769 ς.
1197 5710 1241 5740 ¹⁹
1270 5712 1523 5786 εὐδαὲμον
1693 5728 1739 5789 ιο

584 5774 671 5793 Iun;
688 5785 713 5793 .-
799 5785 909 5793 .κ...«
938 5774 1002 5793 I.A,
1097 5777 1108 5792 ο
1203 5780 1212 5789 ι
1371 5784 1391 5793 .-

488 5758 716 5820 fortasse
763 5758 1174 5847 legebant-nuda,
1200 5780 1237 5839 ἱ.
1274 5799 1322 5837 e.
1359 5758 1522 5845 ὡσῗτε.

1765 5731 2117 5812 ὀδύρεταιϐᾼ
2139 5756 2150 5794 ;
2176 5738 2414 5812 ὠδύρετο
2447 5759 2511 5806 ς.
2578 5743 2620 5775 ²¹
2642 5741 2858 5815 ἀναιρεί
2886 5746 2976 5813 φθ.
3010 5765 3068 5813 ς.
3140 5747 3186 5778 ’³
3212 5742 3269 5817 ἡ]
3297 5745 3327 5815 ἢ
3354 5745 3385 5816 ἡ
3418 5743 3480 5798 C-
3561 5742 3603 5774 ’³
3628 5736 3731 5811 καὶ]
