4032 6468
291 354 393 422 853

1344 357 1875 423 BIBLIOTHECA.
1914 381 1983 392 --
2021 357 2187 419 COD.
2229 358 2543 420 CCXXIII.

3432 371 3540 435 834

292 471 558 545 ῆταύτην
607 475 674 545 τῇ
718 471 827 527 τῶν
871 471 1084 527 πολλῶν
1122 472 1486 553 ἀκολουθῆσαι
1528 475 1629 546 τῆς
1658 474 1867 537 οἰκείας

1982 476 2211 543 genesim
2238 477 2305 531 ab
2344 477 2431 530 illa
2469 490 2575 530 una
2622 478 2835 532 irritam
2873 479 3046 544 reddi,
3093 480 3174 535 vel
3212 493 3364 539 certe
3394 488 3556 553 hanc,

288 565 694 635 άποσπωμένην
739 565 1039 635 ἐνεργείας.
1083 566 1163 620 Τά
1195 566 1240 619 δ’
1278 567 1421 622 αὐτὰ
1450 567 1633 637 λέγειν
1660 568 1730 622 ἂν
1778 568 1865 638 εἴη

291 660 383 711 καὶ
415 657 544 728 περὶ
572 656 744 721 ξύλων
784 656 895 711 καὶὲ
921 657 1132 727 χόρτων
1173 660 1267 713 καὶ
1294 660 1534 730 βοτανῶν
1577 661 1674 715 καὶ
1708 660 1866 725 ζώων

292 751 567 804 ἁπάντων.
604 751 665 803 El
689 750 877 804 τοίνυν
923 751 982 803 ai.
1010 751 1258 820 γενέσεις
1308 752 1402 806 ὑπ’
1442 752 1687 823 ἀλλήλων
1732 754 1868 808 ἁνα-

287 840 598 912 τρέπονται,
634 842 727 894 κα“ι
756 843 813 894 αἱ
845 842 942 912 μὲν
959 843 1069 896 τῶν
1093 843 1300 897 παίδων
1327 843 1424 907 τὰς
1452 843 1562 897 τῶν
1587 843 1866 915 πατέρων,

293 935 347 986 αἱ
394 934 452 987 δὲ
505 932 710 987 τούτων
758 934 855 999 τὰς
913 934 1140 991 ἐκείνων
1196 935 1504 1007 ἀναιροῦσι,
1536 936 1719 990 κα.ὶαὶ
1757 935 1870 989 τῶν

294 1024 561 1092 συζυγῶν
602 1025 703 1085 τὰς
748 1025 998 1093 ἀλλήλων
1026 1067 1041 1092 ,
1096 1027 1192 1080 καὶ
1232 1029 1286 1080 αἱ
1332 1026 1440 1080 τῶν
1497 1027 1687 1080 οίκιῶν
1741 1028 1870 1092 τοὺς

296 1116 633 1177 ἐνοικοῦντας
663 1116 697 1187 ἢ
731 1118 787 1170 αἱ
841 1117 1049 1172 τούτων
1095 1119 1195 1182 τὰς
1242 1119 1354 1173 τῶν
1399 1120 1734 1190 οἰκημάτων,
1776 1121 1871 1175 καὶ

301 1212 481 1275 ἁπλῶς
530 1212 631 1264 ὅσα
678 1210 1028 1281 προείρηται,
1061 1210 1403 1281 πανταχόθεν
1439 1212 1474 1282 ἡ
1505 1212 1719 1280 γένεσις
1744 1213 1869 1266 ἐαυ-

304 1306 401 1377 τὴν
425 1303 681 1375 ἀνέτρεψε
726 1304 823 1359 καὶ
846 1304 1109 1361 διέλυσεν.
1147 1304 1288 1360 Ἀλλ’
1320 1304 1463 1359 οὕτω
1495 1305 1596 1377 μέν
1624 1307 1686 1361 τὸ
1709 1306 1752 1377 β’
1775 1306 1873 1362 καὶ

309 1404 359 1468 μ’
384 1396 694 1467 κεφάλαιον.

373 1581 461 1636 Ἐν
476 1579 534 1636 δέ
553 1579 632 1650 τῷ
648 1579 699 1649 γ’
722 1579 817 1634 καὶ
842 1584 894 1650 μ’
920 1580 1089 1651 φησὶν
1109 1580 1194 1634 ὅτι
1224 1580 1499 1645 ποικίλαις
1526 1580 1625 1652 μὲν
1641 1581 1875 1652 πράξεσι

295 1673 390 1728 καὶ
410 1672 642 1729 πάθεσιν
675 1672 708 1744 ἦ
742 1675 999 1742 φυσικαῖς
1030 1673 1426 1744 ἢαὺθαιρέτοις
1447 1674 1518 1728 τὰ
1532 1676 1625 1729 ἐπὶ
1647 1677 1752 1746 γῆς
1782 1677 1876 1731 καὶ

293 1764 364 1819 τά
391 1765 452 1819 ἐν
484 1765 610 1838 ἀέρι
643 1766 740 1820 καὶ
791 1766 850 1818 ἐν
887 1765 1126 1840 θαλάττῃ
1173 1766 1268 1819 καὶ
1302 1767 1464 1837 ἡμεῖς
1504 1767 1874 1838 ὁμολογοῦμεν

1974 567 2190 636 pr0pria
2245 577 2464 621 exutam
2492 568 2753 633 eﬂlcacia,
2796 570 2865 625 ah
2904 570 2994 626 illa
3026 572 3322 631 multorum
3359 580 3557 649 abripi.

1972 658 2286 728 Eademque
2329 659 2511 713 dicere
2538 659 2660 728 quis
2686 670 2867 729 posset
2893 663 2961 718 de
2982 663 3167 731 lignis,
3195 668 3559 736 graminibus,

1973 753 2160 808 herbis
2202 762 2256 808 et
2305 754 2557 809 omnibus
2604 755 2952 811 animalibus.
3013 754 3072 811 Si
3123 758 3287 829 igitur
3336 776 3563 831 geneses

1973 844 2093 899 aliae
2126 843 2195 898 ab
2224 844 2345 900 aliis
2377 846 2607 901 invicem
2631 858 2971 914 evertantur,
2998 850 3071 904 ita
3102 858 3162 904 ut
3197 852 3433 908 ﬁliorum
3465 869 3564 924 ge-

1973 952 2129 993 tteses
2182 947 2467 1007 parentum
2523 941 2786 1008 genesim,
2814 950 2867 995 et
2897 942 3090 998 horum
3120 960 3311 1002 rursus
3349 946 3561 1002 illorum

1974 1030 2284 1097 destruant,
2323 1038 2379 1085 et
2407 1030 2658 1086 similiter
2692 1033 2979 1101 coniugum
3018 1036 3158 1090 inter
3190 1051 3276 1101 se,
3307 1046 3436 1091 utet
3460 1037 3563 1091 do-

1972 1135 2185 1175 morum
2239 1120 2456 1191 genesis
2491 1121 2613 1176 illas
2668 1124 3052 1193 habitantium,
3107 1125 3193 1181 vel
3236 1137 3426 1181 contra
3460 1128 3563 1183 ho-

1972 1229 2092 1268 rum
2121 1214 2292 1285 ipsam
2333 1215 2614 1269 domorum
2672 1218 2941 1285 genesim,
2979 1228 3165 1289 atque,
3196 1228 3253 1273 ut
3281 1220 3449 1275 semel
3481 1222 3565 1275 di-

1975 1320 2116 1365 cam,
2166 1319 2229 1359 ea
2276 1305 2409 1360 ﬁant
2446 1322 2567 1375 quae
2613 1306 2724 1375 jam
2766 1309 2910 1363 dicta
2969 1320 3119 1373 sunt,
3162 1312 3393 1379 ipsamet
3444 1326 3565 1366 sese

1976 1399 2191 1469 genesis
2242 1400 2484 1468 undique
2535 1401 2735 1456 evertit
2779 1410 2833 1456 et
2885 1403 3152 1459 dissolvit.
3198 1404 3293 1458 Sic
3338 1403 3563 1474 quidem

1976 1492 2153 1560 capite
2180 1492 2594 1561 quadragesimo
2635 1494 2876 1549 secundo
2900 1495 3159 1565 disputat.

2055 1580 2261 1637 Deinde
2288 1582 2467 1652 capite
2518 1585 2787 1652 proximo,
2834 1586 3001 1640 variis
3040 1586 3350 1643 actionibus
3402 1597 3566 1657 atque

1978 1672 2373 1739 affectionibus,
2416 1674 2587 1745 iisque
2612 1675 2692 1730 vel
2725 1676 3061 1731 naturalibus
3093 1677 3175 1732 vel
3195 1678 3402 1744 liberis,
3431 1681 3563 1733 sub-

1974 1765 2067 1836 jici
2101 1774 2208 1819 tam
2232 1781 2353 1836 qua:
2379 1767 2430 1820 in
2459 1775 2625 1833 terra,
2655 1782 2820 1837 quam
2852 1782 2971 1835 qua:
3028 1768 3082 1822 in
3130 1784 3258 1824 aere
3311 1778 3368 1823 et
3426 1770 3564 1824 mari

293 1858 609 1911 ὑποκεῖσθαι
631 1873 646 1888 ·
665 1857 726 1910 τὺ
742 1857 799 1910 δέ
822 1858 1069 1928 ἀνάγκην
1090 1857 1431 1928 εἱμαρμένην
1457 1858 1675 1912 πάντων
1699 1859 1877 1913 αἰτίαν

1983 1860 2276 1926 exsistunt,
2308 1859 2471 1914 etiam
2510 1874 2627 1925 nos,
2668 1860 2863 1928 inquit,
2898 1859 3170 1916 fatemur:
3213 1877 3278 1917 ac
3323 1863 3563 1918 necessi—

297 1945 380 2003 εἶν
391 1967 448 2003 αι
476 1950 570 2002 καὶ
593 1948 979 2019 ἐκτρεπόμεθα
996 1948 1089 2002 καὶ⁵
1106 1948 1473 2019 διελέγχομεν,
1491 1949 1599 2002 ἀπὸ
1627 1949 1733 2002 τῶν
1751 1949 1885 2019 ἀψύ-

296 2057 406 2109 χων
426 2041 718 2110 ἀρχόμενοι
750 2039 845 2092 καὶ
865 2040 946 2103 είς
968 2039 1037 2093 τὰ
1060 2039 1229 2107 ἄλογα
1270 2038 1386 2102 ζῶα
1433 2039 1880 2110 μεταϐαίνοντες,

294 2130 505 2184 ἐκεῖθεν
528 2132 607 2194 είς
632 2130 762 2193 τοὺς
808 2129 1064 2197 λογικοὺς
1101 2130 1423 2200 ἀνθρώπους
1452 2130 1880 2196 διαϐιϐάζοντες.

292 2222 525 2294 Μάγνης
542 2220 674 2291 γοῦν
689 2222 718 2274 ό
736 2221 883 2285 λίθος
904 2221 1120 2293 σίδηρον
1143 2220 1403 2291 ἁρπάζει,
1422 2220 1518 2274 καὶ
1534 2222 1632 2291 οὐχ
1649 2220 1884 2292 ἁρπάζει

296 2316 463 2386 μόνον
485 2356 501 2377 ,
532 2315 668 2369 ἁλλά
697 2317 793 2368 καὶ
817 2315 1051 2386 δύναμιν
1079 2313 1354 2384 ἐντίθησιν
1386 2314 1574 2385 ἕτερον
1605 2315 1878 2386 ἁρπάσαι,

293 2411 551 2473 κάκεῖνος
582 2406 744 2462 πάλιν
783 2407 943 2462 ἄλλον
981 2408 1143 2479 μέχρι
1190 2408 1474 2464 πλειόνων.
1516 2407 1885 2479 Δίκταμνοςίδ

292 2504 331 2574 ἡ
354 2501 548 2573 βοτάνη
577 2501 740 2555 πάλιν
768 2504 882 2566 τοῖς
916 2501 1141 2565 ίοϐόλοις
1165 2501 1284 2555 ἐστὶ
1310 2501 1573 2573 πολέμιος
1596 2517 1610 2531 '
1643 2502 1739 2555 καὶ
1770 2501 1881 2573 γὰρ

292 2597 395 2649 καὶ
419 2594 587 2665 μόνης
609 2594 710 2665 τῆς
737 2593 916 2664 ὀσμῆς
943 2592 1458 2664 ἀντιλαμϐανόμενα
1482 2594 1565 2657 είς
1585 2593 1645 2647 τὸ
1666 2592 1883 2664 ἁνενέρ-

290 2701 466 2754 ⁴γητον
516 2683 864 2755 μεταϐάλλει.
918 2684 1028 2736 Καὶ
1078 2682 1319 2754 βοτανῶν
1355 2683 1703 2753 άγλαοφωτὶς
1746 2684 1884 2755 μόνη

289 2777 552 2833 τοσοῦτον
585 2779 643 2831 ἐν
686 2777 843 2831 νυκτὶ
865 2776 1074 2845 λάμπει
1102 2776 1229 2829 ὅσον
1251 2777 1285 2845 ἡ
1319 2776 1661 2847 προσηγορία
1692 2775 1880 2846 δηλοῖ,

291 2871 391 2924 καὶ
416 2870 509 2923 τὸν
534 2868 913 2938 ἐπιθυμοῦντα
937 2867 1126 2923 λαϐεῖν
1153 2869 1348 2939 φεύγει
1372 2910 1387 2935 ,
1415 2869 1510 2921 καὶ
1535 2868 1709 2922 ταῦτα
1732 2869 1886 2939 ἐρρι-

289 2962 519 3033 ζωμένη
550 2962 720 3015 τόπον
761 2961 828 3014 ἐκ
856 2961 1024 3013 τόπου
1058 2960 1210 3031 παρὰ
1240 2959 1405 3030 φύσιν
1442 2959 1843 3029 μεταϐαίνουσα
1866 2974 1881 2990 ⁶

288 3053 357 3107 οὐ
387 3051 497 3123 γὰρ
533 3052 794 3122 πρόσεστι
831 3053 943 3115 τοῖς
978 3052 1375 3122 ἐρῤιζωμένοις
1411 3051 1683 3121 κίνησιςὴ
1720 3068 1883 3120 μετα⁶

1985 1960 2149 2007 tatem
2181 1950 2399 2005 fatalem
2425 1951 2617 2005 horum
2648 1950 2891 2004 omnium
2918 1958 3148 2006 ‘causam
3178 1966 3321 2016 esse,
3355 1953 3406 2007 id
3434 1968 3566 2009 vero

1983 2053 2039 2098 et
2079 2057 2416 2109 aversamur,
2450 2051 2505 2095 et
2542 2042 2941 2111 redarguimus,
2980 2043 3143 2097 ducto
3209 2042 3277 2096 ab
3306 2044 3566 2098 inanimis

1984 2135 2142 2190 initio
2166 2136 2233 2189 ad
2264 2135 2489 2189 rationis
2518 2135 2763 2202 expertia
2802 2136 3100 2189 animantia
3148 2135 3564 2202 descendentes,

1986 2228 2220 2297 indeque
2248 2228 2312 2281 ad
2344 2227 2622 2282 hominem
2674 2227 2886 2280 ratione
2929 2228 3215 2296 praeditum
3256 2242 3564 2283 sermonem

1986 2329 2384 2375 convertentes.
2418 2318 2816 2389 Magnesigitur
2837 2319 2969 2387 lapis
3000 2318 3202 2373 ferrum
3229 2319 3297 2373 ad
3324 2335 3383 2374 se
3407 2320 3567 2388 rapit,

1983 2429 2084 2469 nec
2110 2413 2224 2481 ipse
2276 2413 2416 2482 rapit
2450 2413 2848 2476 tantummodo,
2873 2414 2969 2468 sed
3000 2421 3055 2468 et
3092 2412 3217 2467 huic
3266 2412 3471 2482 aliquid
3501 2414 3568 2467 ad

1984 2522 2044 2561 se
2075 2506 2279 2560 ferrum
2321 2506 2565 2576 rapiendi
2615 2506 2721 2559 vim
2777 2506 2986 2571 tribuit,
3054 2516 3109 2561 et
3166 2506 3294 2561 huic
3349 2522 3566 2561 rursum

1982 2599 2152 2663 aliud,
2213 2597 2283 2653 ad
2339 2599 2491 2668 plura
2548 2614 2741 2668 usque.
2780 2599 3060 2654 Dictamus
3115 2614 3333 2668 quoque
3398 2598 3565 2655 herba

1982 2690 2263 2745 venenatis
2296 2688 2623 2745 animalibus
2665 2691 2801 2743 adeo
2835 2690 3052 2743 inimica
3088 2699 3195 2753 est,
3234 2700 3294 2743 ut
3344 2689 3425 2744 vel
3453 2692 3572 2745 solo

1982 2778 2213 2835 odoratu
2243 2789 2483 2849 recepta,
2514 2779 2746 2834 nocendi
2776 2780 2884 2833 vim
2938 2795 3155 2834 omnem
3184 2780 3401 2849 eripiat.
3442 2780 3569 2835 Sola

1984 2873 2112 2928 item
2141 2872 2286 2925 inter
2316 2870 2514 2926 herbas
2560 2869 2903 2942 aglaophotis
2938 2870 3050 2942 (δε)
3089 2872 3162 2925 ita
3208 2883 3368 2928 noctu
3401 2872 3571 2938 lucet,

1985 2974 2044 3019 ut
2074 2964 2313 3018 nominis
2344 2963 2709 3032 veriloquium
2746 2964 2973 3028 indicat,
3007 2974 3063 3018 et
3099 2979 3328 3034 carpere
3360 2979 3571 3020 conan-

1984 3066 2092 3111 tem
2129 3055 2366 3124 refugit;
2398 3056 2561 3123 idque
2602 3056 2843 3110 radicata
2877 3072 2998 3110 cum
3030 3057 3123 3123 sit,
3154 3056 3330 3111 locum
3364 3074 3430 3111 ex
3454 3057 3575 3111 loco

291 3145 524 3214 ϐατική.
558 3142 887 3215 Χαμαιλέων
926 3144 987 3196 τὸ
1015 3143 1154 3207 ζῶον
1192 3144 1274 3206 είς
1304 3143 1478 3196 πολλὰ
1522 3144 1791 3213 χρώματα
1821 3141 1880 3195 τὸ

1987 3155 2180 3203 contra
2212 3156 2461 3200 naturam
2487 3157 2706 3199 mutans
2737 3161 2750 3197 :
2777 3160 2954 3214 neque
2982 3146 3127 3199 enim
3154 3160 3273 3215 quae
3302 3146 3575 3201 radicibus

291 3235 463 3306 σῶμα
499 3236 827 3306 μεταϐάλλει
852 3275 866 3300 ,
894 3236 988 3289 καὶ
1026 3235 1266 3299 τοιοῦτος
1284 3236 1331 3268 ’⁵
1362 3237 1617 3306 φαίνεται
1668 3229 1781 3288 οἷον
1823 3234 1880 3287 τὸ

1995 3238 2206 3293 haerent
2244 3236 2541 3291 transitivo
2595 3247 2745 3290 motu
2778 3236 3002 3306 praedita
3039 3246 3189 3291 sttnt.
3231 3236 3573 3292 Chamadeon

290 3327 601 3398 πλησιάζον
632 3328 730 3381 καὶ
771 3329 1186 3400 παρακείμενον
1216 3327 1367 3399 αὐτῷ
1393 3368 1408 3394 ,
1458 3327 1563 3383 κᾶν
1594 3327 1752 3392 ξύλον
1777 3326 1885 3381 κᾶν

288 3420 444 3485 λίθος
477 3421 582 3473 κᾶν
606 3419 734 3474 ἀλλο
755 3421 803 3453 ³⁸
834 3438 886 3475 τι
911 3416 1209 3495 τοιοῦτονῇ
1236 3436 1252 3451 ·
1284 3420 1422 3492 πρὸς
1450 3421 1559 3491 γάρ
1597 3420 1695 3492 τὴν
1739 3419 1888 3473 ἐκεί-

290 3531 391 3566 νου
439 3514 629 3584 χροιὰν
658 3511 920 3583 ἁρμόττει
940 3514 985 3544 ’⁷
1014 3514 1114 3582 τὴν
1155 3512 1373 3566 ἐαυτοῦ.
1422 3513 1536 3566 Καὶ
1566 3514 1600 3583 ἡ
1632 3511 1889 3575 σελευκὶς

289 3608 361 3661 τὸ
394 3607 599 3678 πτηνὸν
633 3604 807 3668 οὕτως
842 3606 990 3659 ἐστὶν
1044 3605 1265 3676 ἀκρίσιν
1305 3602 1549 3676 ὀλέθριον
1574 3648 1588 3670 ,
1622 3605 1762 3659 ὥστε
1792 3604 1888 3658 καὶ

287 3703 424 3754 ὅσαι
454 3697 522 3752 ἂν
565 3699 633 3768 τῇ
675 3698 805 3767 σκιᾷ
852 3696 1057 3764 ταύτης
1093 3695 1497 3766 καταληφθεῖεν
1546 3693 1883 3765 φθείρονται.

294 3792 522 3854 ’Δλλοις
554 3790 719 3844 πάλιν
749 3790 783 3859 ἡ
818 3791 947 3855 νὺξ,
979 3788 1094 3842 ἀλλ’
1125 3789 1245 3858 οὐχὶ
1273 3789 1335 3841 τὸ
1370 3787 1485 3857 φῶς
1523 3788 1640 3839 ἐστι
1671 3787 1737 3856 τῇ
1768 3785 1890 3855 ὄψει

289 3883 585 3956 ἁρμόδιον.
629 3883 741 3936 Καὶ
772 3882 947 3952 τροφὴ
986 3882 1147 3934 πάλιν
1180 3880 1364 3943 ἄλλοις
1395 3881 1427 3948 ἡ
1454 3879 1629 3950 ἑτέρῳ
1646 3878 1694 3909 ²¹¹
1728 3876 1891 3931 θανά-

296 3992 490 4047 σιμος.
517 3974 682 4029 Ἀλλά
710 3974 805 4029 καὶ
827 3974 888 4028 τὸ
916 3973 1080 4027 ποτὸν
1117 3974 1177 4025 ού
1212 3974 1347 4025 πᾶσι
1372 3973 1485 4034 τοῖς
1510 3968 1670 4034 ζώοις
1697 3970 1891 4039 χρήσι-

297 4088 434 4140 μον.
465 4069 540 4130 Τδ
563 4068 621 4122 δέ
642 4085 705 4137 γε
731 4067 916 4137 οὐρεῖν
946 4064 1295 4133 τετραπόδων
1322 4062 1422 4134 μὲν
1448 4062 1613 4125 ἐνίοις
1637 4061 1699 4113 οὐ
1725 4060 1894 4131 πρόσ-

288 4180 424 4215 εστι
445 4203 457 4227 ,
480 4159 702 4230 πτηνῶν
722 4160 778 4213 δὲ
798 4158 995 4212 οὐδενί.
1026 4157 1139 4211 Καὶ
1163 4156 1217 4209 τί
1245 4156 1326 4209 δεῖ
1348 4155 1528 4223 λέγειν
1554 4152 1698 4208 κατά
1728 4153 1893 4223 μέρος

1988 3330 2176 3384 adltzec
2205 3328 2407 3383 animal
2459 3329 2512 3383 in
2547 3328 2744 3383 multos
2781 3327 2991 3384 colores
3026 3343 3229 3398 corpus
3259 3337 3450 3393 mutat,
3488 3338 3578 3382 ta-

1992 3420 2171 3491 lisque
2212 3422 2439 3475 omnino
2479 3428 2725 3490 apparet,
2768 3420 2931 3490 quale
2962 3421 3106 3489 quod
3138 3420 3212 3474 illi
3256 3420 3572 3491 adjunctum

1991 3525 2155 3585 atque
2197 3514 2500 3583 subjectum
2532 3523 2634 3575 est,
2678 3513 2795 3569 sive
2854 3513 3083 3583 lignum,
3138 3514 3252 3567 sive
3283 3514 3442 3581 lapis,
3477 3529 3583 3569 seu

1991 3604 2121 3673 quid
2167 3603 2313 3657 aliud
2368 3602 2566 3657 fuerit:
2603 3603 2671 3656 ad
2712 3602 2857 3657 illius
2909 3602 3053 3657 enim
3110 3603 3350 3656 colorem
3408 3604 3575 3657 etiam

1990 3713 2146 3753 suum
2179 3703 2350 3765 aptat.
2382 3694 2625 3750 Seleucis
2674 3694 2895 3763 insuper
2953 3694 3069 3747 avis
3105 3708 3276 3763 usque
3322 3694 3459 3747 adeo
3491 3694 3571 3747 lo-

1992 3789 2161 3844 custis
2182 3786 2531 3849 estinimica,
2556 3784 2753 3855 215b
2803 3793 2862 3838 ut
2890 3794 3158 3855 quotquot
3182 3784 3301 3855 ejus
3327 3785 3574 3838 umbram

1992 3880 2248 3946 subeunt,
2282 3880 2574 3933 intereant.
2604 3877 2739 3931 Aliis
2774 3891 2987 3930 rursum
3029 3892 3132 3930 nox
3176 3884 3259 3931 est
3298 3876 3364 3929 ad
3393 3875 3587 3930 viden-

1994 3974 2122 4027 dum
2145 3987 2306 4040 quam
2328 3971 2443 4025 dies
2474 3968 2937 4023 accommodatior
2966 3985 2979 4020 :
3011 3967 3130 4021 aliis
3155 3967 3319 4021 etiam
3348 3966 3577 4020 alinten«

1998 4076 2113 4120 tum
2153 4063 2281 4117 illud
2312 4071 2417 4127 est,
2463 4060 2606 4131 quod
2650 4061 2806 4115 alteri
2849 4060 3049 4115 lethale
3072 4060 3164 4122 sit,
3205 4060 3300 4114 sed
3329 4070 3383 4113 et
3416 4068 3579 4128 potus

1995 4171 2102 4212 non
2133 4156 2386 4211 omnibus
2411 4154 2667 4209 convenit
2689 4152 3077 4207 animantibus.
3117 4151 3374 4218 Quaedam
3394 4150 3579 4204 adhtec

284 4255 401 4317 τὰς
424 4254 484 4305 ἐν
510 4255 623 4315 τοῖς
652 4250 812 4315 ζώοις
842 4249 971 4321 [554
1002 4246 1109 4320 Η.]
1141 4246 1348 4318 τροφῆς
1383 4262 1442 4299 τε
1476 4243 1573 4298 καὶ
1602 4244 1765 4297 πότου
1796 4242 1880 4296 καί

1998 4247 2051 4302 in
2111 4244 2577 4315 quadrupedibus,
2637 4242 2880 4298 volatilia
2930 4257 3064 4298 vero
3106 4242 3313 4306 omnia,
3363 4241 3577 4294 urinam

285 4344 647 4398 διαπλάσεων
676 4345 771 4396 καὶ
797 4341 941 4412 ᾠδῆς
989 4342 1082 4394 καὶ
1114 4339 1275 4408 σιγῆς
1304 4337 1403 4391 καὶ
1432 4338 1600 4408 μονῆς
1633 4336 1729 4389 καὶ
1758 4338 1880 4391 ἀπο·

2000 4340 2261 4396 reddendi
2317 4337 2581 4393 facultate
2632 4337 3022 4392 destituuntur.
3075 4335 3140 4388 Et
3194 4334 3324 4403 quid
3384 4334 3593 4387 attinet.

286 4438 510 4508 δημίας
530 4438 626 4489 καὶ
649 4436 914 4490 ἐπανόδου
956 4435 1055 4488 καὶ
1094 4431 1399 4503 ὑπηρεσίας
1438 4430 1533 4484 καὶ
1580 4427 1880 4499 ἐλευθερίας

2001 4433 2279 4503 sigillatim
2312 4430 2673 4485 animantium
2722 4428 2967 4484 inﬁnitas
3003 4424 3340 4481 diﬂerentias
3375 4431 3493 4479 tum
3526 4424 3601 4478 in-

290 4529 436 4602 [685
459 4526 554 4599 IL]
585 4525 943 4599 σωφροσύνης
974 4541 1034 4578 τε
1065 4524 1161 4578 καὶ
1195 4520 1539 4591 πολυγαμίας
1580 4519 1676 4574 καὶ
1719 4520 1880 4589 ἐργα-

2001 4526 2143 4590 cibo,
2172 4533 2284 4578 tum
2310 4525 2364 4579 in
2397 4531 2549 4595 potu,
2583 4522 2636 4576 in
2669 4522 2863 4592 ﬁgura,
2890 4522 2945 4574 in
2977 4529 3143 4573 cantu
3173 4528 3229 4573 et
3250 4518 3493 4582 silentio,
3527 4518 3583 4571 in

292 4619 433 4681 σίας
466 4618 560 4671 καὶ
599 4617 801 4688 ἀργίας
835 4613 1174 4686 θρασύτητός
1204 4629 1264 4666 τε
1294 4613 1391 4666 καὶ
1408 4611 1615 4675 δειλίας
1649 4611 1746 4663 καὶ
1783 4608 1880 4663 τῶι

1998 4618 2280 4672 mansione
2307 4624 2363 4671 et
2412 4615 2735 4684 migratione
2769 4628 2835 4667 ac
2867 4612 3059 4674 reditu,
3111 4609 3167 4665 in
3221 4609 3484 4679 obsequio
3528 4616 3587 4661 et

286 4709 485 4764 ἄλλων
514 4707 907 4779 ἀναριθμήτων
935 4707 1241 4775 διαφοράς;
1286 4703 1420 4758 Ποία
1463 4704 1645 4757 τοίνυν
1691 4703 1880 4773 δρόμοι

2000 4709 2275 4775 libertate,
2312 4708 2367 4761 in
2414 4705 2773 4777 temperantia
2805 4713 2860 4758 et
2897 4702 3145 4767 libidine,
3192 4702 3245 4755 in
3293 4700 3481 4756 labore
3529 4708 3587 4754 et

287 4800 525 4870 κίνησις
554 4800 785 4853 ἕκαστον
810 4798 966 4866 γένος
999 4798 1243 4852 τοιοῦτον
1273 4797 1585 4868 ὑπέστησες
1634 4796 1723 4851 διὰ
1750 4795 1813 4848 τίκ
1835 4795 1880 4848 δὲ

1998 4798 2133 4863 otio,
2167 4799 2220 4851 in
2254 4796 2481 4850 audacia
2504 4803 2559 4848 et
2589 4793 2903 4856 timiditate,
2931 4802 3095 4862 atque
3122 4792 3177 4849 in
3200 4789 3322 4845 aliis
3349 4790 3585 4846 intinitis

285 4898 363 4949 τὸ
408 4895 533 4948 ὅλον
573 4896 730 4963 γένος
768 4892 1041 4959 τοιοῦτον,
1080 4892 1175 4945 καὶ
1222 4890 1347 4943 οὔτε
1395 4888 1577 4958 λαγὼς
1610 4887 1880 4960 θρασυνθῗ

2003 4888 2341 4944 recensere?
2376 4886 2562 4953 Qualis
2592 4900 2723 4954 ergo
2749 4884 3009 4940 curriculi
3061 4883 3245 4939 fatalis
3289 4893 3467 4938 motus
3498 4892 3585 4937 ta—

286 4987 432 5042 οὔτε
461 4985 599 5038 λέων
639 4986 899 5040 δειλιάσει
924 4986 968 5017 ²⁹
990 5026 1003 5048 ,
1032 4984 1143 5038 οὐδ’
1179 4982 1308 5038 ἀλλο
1332 5000 1387 5035 τι
1419 4982 1520 5052 τῆς
1557 4982 1700 5035 κατὰ
1734 4981 1880 5049 γένος

2006 4980 2072 5035 lis
2102 4987 2161 5033 ut
2189 4987 2354 5042 esset,
2380 4992 2549 5049 genus
2579 4976 2857 5047 quodlibet
2895 4975 3077 5030 ell‘ecit
3105 4975 3130 5028 ’ί
3164 4991 3262 5033 cur
3308 4990 3437 5030 vero
3461 4975 3589 5029 uni-

288 5084 402 5134 καὶ
432 5078 820 5151 προσηκούσης
849 5077 998 5149 αύτῷ
1020 5075 1301 5146 ἐνεργείας
1321 5073 1423 5144 τὴν
1454 5073 1636 5144 φυγὴν
1669 5074 1880 5144 μελετή-

2002 5084 2219 5124 versum
2244 5084 2414 5138 genus
2449 5068 2713 5131 ejusmodi
2746 5077 2851 5132 est,
2882 5075 2941 5121 ut
2968 5080 3147 5135 neque
3175 5065 3329 5136 lepus
3363 5064 3586 5129 audeat,

288 5187 455 5225 σειεν
474 5211 489 5234 ,
540 5170 655 5223 ἀλλ’
694 5170 928 5223 ἕκαστον
956 5168 1114 5237 γένος
1142 5168 1263 5221 ὅλον
1312 5167 1501 5237 ὅμοιον
1526 5202 1543 5228 ,
1578 5163 1740 5233 μόνον
1763 5163 1808 5195 ³⁸
1835 5164 1880 5216 δὲ

2001 5175 2179 5229 neque
2209 5160 2294 5215 leo
2322 5170 2530 5229 paveat,
2557 5174 2730 5227 neque
2752 5160 2894 5214 aliud
2920 5159 3085 5217 ullum
3099 5157 3324 5222 animal,
3344 5158 3586 5211 innatam

287 5267 428 5327 ταῖς
457 5262 785 5334 μεταϐολαῖς
805 5261 866 5315 τὸ
885 5262 996 5316 τῶν
1022 5260 1121 5317 ἀνθ
1131 5259 1328 5332 ρώπων
1347 5257 1507 5327 γένος
1528 5256 1880 5325 ποικίλλεται;

2001 5269 2099 5309 suo
2129 5252 2918 5322 generioperationemvitare
2958 5262 3229 5317 conetur;
3261 5248 3357 5304 sed
3388 5263 3587 5303 unum-

1631 5442 1869 5500 VARIE
1910 5440 2321 5497 LECTIONES.

949 5544 994 5575 ’⁵
1018 5540 1232 5594 τοιοῦτο
1250 5543 1314 5594 Λ.
1392 5540 1438 5573 ⁸⁸
1465 5538 1592 5593 ἄλλο
1612 5556 1665 5591 τι
1692 5540 1737 5591 Α
1771 5556 1783 5590 :
1816 5540 1865 5602 ὅ,
1888 5555 1941 5590 τι
1973 5554 2035 5601 ς.
2113 5536 2157 5566 ’⁷
2181 5536 2441 5606 ἁρμόττει
2460 5538 2503 5589 Α
2525 5554 2536 5589 :
2562 5535 2855 5606 ἁρμολογεί
2878 5551 2936 5599 ς.

1225 5613 1268 5643 ιο
1307 5610 1470 5682 μόνον
1532 5610 1791 5669 scnouus
1824 5627 1838 5662 :
1867 5607 1988 5662 libri
2012 5606 2226 5677 μόναις»

782 5766 791 5777 .
1813 5719 2045 5777 ΝΟΤᾸΕ.

387 5816 506 5889 (69.)
545 5816 688 5892 Lege
726 5821 982 5888 Plinium,
1017 5821 1109 5878 lib.
1148 5837 1297 5888 χειν,
1320 5838 1441 5893 cap.
1476 5822 1563 5890 l7,
1589 5828 1644 5878 et
1681 5818 1884 5875 (Elian.
1926 5817 2003 5874 Dc
2026 5814 2250 5872 animal.
2282 5814 2377 5872 lib.
2406 5829 2517 5883 xw,
2544 5828 2663 5883 cap.
2694 5812 2785 5870 27.

380 5540 433 5572 ’³⁵
459 5540 722 5611 δίκταμος
741 5542 781 5593 C
809 5559 870 5605 ς.
949 5544 994 5575 ’⁵
1018 5540 1232 5594 τοιοῦτο
1250 5543 1314 5594 Λ.
1368 5540 1438 5611 7⁸⁸
1465 5538 1592 5611 ἄλλο
1610 5556 1665 5611 τι
1692 5540 1737 5591 Α
1771 5556 1783 5590 :
1816 5540 1941 5611 δέτι
1973 5554 2035 5611 ς.
2066 5606 2078 5611 _
2113 5536 2157 5566 ⁸⁷
2181 5536 2441 5606 ἁρμόττει
2460 5538 2503 5589 Λ
2525 5554 2536 5589 :
2562 5535 2855 5606 ἁρμολογεί
2878 5551 2936 5599 ς.
3013 5533 3058 5565 ³⁸
3081 5531 3252 5603 ἐτέρῳ
3278 5528 3537 5586 Schottus
3564 5562 3599 5581 ι,

297 5609 439 5668 libri
468 5609 654 5683 ἑτέρα.
732 5613 775 5645 ²⁹
808 5612 1053 5685 δειλιάσῃ
1086 5629 1146 5675 ς.
