4032 6480
488 338 594 401 855

1650 336 1913 395 ΡΗΟΤΙΙ
1938 334 2077 394 ΡΛΤ

2187 336 2445 395 \RCHJE
2470 339 2576 400 (ΣΡ.
3597 358 3685 419 8ἷῶ

487 450 740 518 quodque
775 464 943 520 genus
988 458 1158 503 totum
1207 448 1438 504 intorme
1484 449 1577 515 sit,
1625 449 1879 517 solusque
1910 450 2071 502 homo

2187 449 2221 500 ai
2251 450 2296 501 δ’
2341 451 2373 519 ή
2419 450 2630 518 γένεσις
2666 451 2897 505 ἕκαστον
2922 452 3075 519 γένος
3103 453 3161 507 ὲν
3192 454 3268 525 τῷ
3293 458 3471 531 οίκείῳ
3495 465 3582 535 τῆς

489 541 883 595 mutationibus
904 541 1180 595 varietur?
1214 540 1365 605 Quod
1394 540 1439 594 si
1470 555 1567 610 per
1609 540 1850 611 genesim
1874 555 2067 593 unum-

2173 556 2309 602 σεως
2356 539 2475 609 ἤθει
2528 542 2803 612 πανταχοῦ
2831 542 3085 608 διασώζει
3126 586 3140 609 ,
3169 546 3285 609 πῶς
3330 549 3387 602 ὲν
3427 553 3698 625 ἀνθρώποις

488 641 743 701 quodque
765 646 935 701 genus
965 633 1019 686 in
1049 631 1267 701 proprio
1293 640 1498 686 natura:
1532 645 1683 685 more
1710 631 1908 700 ubique
1941 646 2069 685 con-

2187 629 2477 684 τούναντίον
2526 632 2878 703 εὑρίσκεται;
2913 632 3143 705 καὶγὰρ
3191 635 3361 691 δειλία
3392 642 3480 693 καὶ⁸
3520 644 3699 714 θρασύ.

490 736 760 787 servatur,
795 725 1067 793 quomodo
1097 724 1431 779 contrarium
1469 724 1522 777 in
1554 722 1866 778 hominibus
1910 738 2067 792 repe-

494 820 635 872 ritur
656 819 679 871 ?
700 818 912 873 Etenim
948 819 999 872 in
1028 833 1094 873 eo
1123 818 1387 871 timiditas
1413 825 1469 871 et
1497 817 1749 883 audacia,
1785 817 2063 871 iracundia

495 919 551 963 et
578 909 955 974 mansuetudo,
983 909 1307 978 improbitas
1352 918 1405 963 et
1460 907 1727 977 probitas,
1782 909 2072 974 omniaque

496 1001 630 1054 adeo
656 1000 955 1055 contraria.
994 998 1094 1055 Ubi
1120 1010 1202 1055 est
1225 999 1496 1071 igiturille
1529 1014 1791 1070 geneseos
1830 1000 2067 1054 cursus?

498 1094 588 1147 ubi
637 1103 844 1162 septem
886 1093 1134 1163 planetae,
1186 1103 1241 1146 et
1284 1093 1567 1147 duodecim
1616 1091 1824 1147 zodiaci
1877 1093 2076 1160 signa?

498 1186 637 1252 Quid
671 1187 890 1240 tandem
916 1186 1228 1241 hominibus
1265 1196 1466 1240 tantam
1497 1186 1701 1253 prmbet
1724 1184 2073 1239 aﬂ‘ectionum

499 1279 909 1347 studiorumque
939 1279 1278 1339 varietatem,
1319 1278 1532 1332 caeteris
1563 1292 1665 1330 non
1690 1277 1861 1330 item?
1884 1277 2077 1330 Asinus

500 1368 645 1423 enim
675 1369 875 1435 ubique
908 1383 1072 1423 onera
1111 1378 1306 1437 gestat,
1343 1368 1584 1437 pardalis
1621 1383 1784 1433 rapax
1845 1375 1948 1432 est,
1975 1382 2079 1419 ca:-

502 1466 727 1527 teraque
753 1459 952 1527 speciei
984 1475 1095 1513 sua:
1124 1462 1371 1513 ordinem
1405 1467 1645 1513 servant.
1688 1458 1887 1513 Eodem
1920 1475 2076 1529 pror-

504 1565 597 1607 sus
629 1551 789 1605 modo
836 1560 891 1607 et
942 1566 1062 1621 quae
1119 1552 1292 1605 brutis
1344 1553 1714 1605 animantibus
1781 1552 2079 1605 secundum

501 1642 771 1711 cujusque
808 1644 1045 1712 speciem
1078 1645 1221 1698 inest
1249 1656 1463 1709 natura,
1500 1658 1622 1697 cum
1651 1643 1915 1712 genesim,
1965 1653 2078 1694 tum

503 1733 728 1787 circiter
758 1748 877 1789 eam
926 1738 1242 1791 exorientes
1285 1735 1495 1800 stellas,
1548 1748 1876 1803 omnemque
1927 1734 2075 1787 illam

2169 738 2268 790 της
2288 761 2303 786 ,
2339 722 2512 792 θυμὸς
2535 726 2629 778 καὶ
2661 726 2904 796 πραότης
2921 766 2936 790 ,
2966 730 3273 800 κακουργία
3298 732 3389 783 καὶ
3415 740 3699 811 χρηστότης,

2172 816 2267 868 καὶ
2300 817 2565 870 τάναντία
2589 818 2787 873 πάντα.
2822 818 2934 872 Ποῦ
2980 815 3073 874 οὖν
3101 821 3129 873 ὁ
3161 821 3259 891 τῆς
3306 826 3559 892 γενέσεως
3605 832 3706 901 δρό-

2177 924 2309 978 μος;
2344 909 2444 979 οὐχ
2472 910 2612 963 ἑπτὰ
2646 912 2696 963 οἱ
2745 911 3017 982 πλάνητες
3063 914 3158 966 καὶ
3204 913 3370 977 ζώδια
3416 917 3635 987 Midam;
3664 928 3708 976 τί

2174 999 2237 1069 δή
2271 1001 2388 1055 ποτ’
2422 1001 2515 1055 οῦν
2547 1003 2658 1064 τοῖς
2697 1001 3007 1073 ἀνθρώποις
3036 1005 3277 1075 παρέσχε
3310 1006 3495 1059 παθῶν
3531 1027 3586 1062 τε
3604 1031 3709 1066 τοσ-

2177 1091 2350 1161 αύτην
2380 1095 2474 1146 καὶ
2507 1094 2959 1164 ἐπιτηδευμάτων
2979 1096 3243 1166 διαφορὰν
3263 1139 3278 1164 ,
3321 1102 3429 1163 τοῖς
3454 1101 3507 1152 δὲ
3534 1101 3713 1171 λοιποῖς

2177 1190 2395 1252 οὐκέτις
2438 1191 2600 1246 Ἀλλὰ
2639 1191 2913 1262 πανταχοῦ
2954 1192 3052 1261 μὲν
3098 1192 3218 1255 ὄνος
3245 1193 3556 1264 ἀχθοφορεῖ,
3599 1201 3717 1268 πάρ-

2179 1274 2327 1337 δαλις
2352 1274 2407 1327 δὲ
2438 1274 2706 1345 ἁρπάζει,
2742 1278 2835 1329 καὶ
2861 1276 2928 1328 τὰ
2964 1276 3101 1331 ἄλλα
3120 1276 3214 1329 τοῦ
3239 1278 3409 1341 εἴδους
3432 1279 3519 1332 τὸν
3553 1283 3719 1351 εἱρμὸν

2183 1368 2440 1435 συντηρεῖ
2459 1367 2658 1437 ὁμοίως
2684 1409 2698 1433 ,
2732 1369 2829 1421 καὶ
2859 1372 2983 1437 νικᾷ
3013 1369 3121 1421 τῶν
3149 1369 3360 1436 ἀλόγων
3394 1370 3587 1441 ζώωνὴ
3619 1378 3720 1428 κατ’

2180 1453 2321 1521 εἶδος
2341 1458 2502 1524 φύσις
2524 1460 2622 1529 τήν
2648 1477 2707 1512 τε
2735 1460 2947 1527 γένεσιν
2974 1460 3069 1513 καὶ
3094 1462 3222 1523 τοὺς
3252 1464 3724 1531 παρανατέλλοντας

2183 1550 2281 1603 καὶ
2330 1550 2508 1603 πάντα
2548 1551 2639 1603 τὸν
2683 1552 2894 1620 μακρὸν
2925 1552 3133 1605 ἐκεῖνον
3176 1551 3345 1621 λῆρον
3362 1553 3424 1606 ⁸⁸.
3454 1555 3560 1606 Ποῦ
3588 1556 3727 1626 γάρὸ

2187 1644 2392 1712 ⁸⁸Αρης;
2444 1643 2589 1705 τίνος
2643 1644 2753 1695 τῶν
2792 1644 3001 1711 ἀλόγων
3048 1642 3255 1696 ὥπλισε
3302 1644 3441 1713 ξίφει
3476 1645 3726 1719 δεξιὰν,ἢ

2187 1735 2396 1806 θώρακι
2427 1735 2487 1787 τὸ
2520 1736 2699 1804 σῶμα,
2728 1734 2760 1804 ἢ
2802 1737 2995 1804 κράνει
3024 1734 3120 1806 τὴν
3150 1735 3393 1805 κεφαλὴν
3426 1736 3730 1803 ἠσφαλίσατο

502 1824 719 1897 longam
749 1827 1034 1882 domorum
1054 1829 1352 1884 sortionem
1382 1830 1571 1883 vincit.
1614 1826 1713 1882 Ubi
1743 1828 1883 1881 enim
1905 1826 2081 1880 Mars?

2187 1829 2215 1899 ἢ
2248 1803 2462 1899 κνήμας
2497 1827 2529 1899 ἦ
2558 1803 2758 1890 πόδαςέ
2794 1803 2870 1881 Oti
2902 1827 3009 1897 γὰρ
3038 1803 3233 1889 λύκους
3258 1803 3462 1879 ὥπλισε
3500 1828 3632 1880 κατὰ
3655 1830 3731 1881 λύ-

500 1918 785 1985 cuiusnam
818 1921 960 1974 bruti
988 1922 1282 1975 animantis
1307 1920 1587 1975 dexteram
1618 1920 1797 1992 gladio
1825 1920 2078 1983 armavit,

499 2007 589 2063 vel
626 2024 823 2079 corpus
852 2010 1019 2065 lorica
1052 2012 1309 2075 texit,vel
1339 2013 1491 2082 galea
1530 2022 1694 2082 caput
1728 2022 1936 2066 tutatus
1975 2024 2077 2076 est,

501 2110 595 2156 aut
622 2117 781 2156 crura
815 2115 907 2158 aut
940 2104 1151 2172 pedes?
1182 2104 1292 2161 Nec
1326 2107 1467 2160 enim
1493 2106 1678 2176 lupum
1705 2106 1757 2159 in
1783 2106 1966 2176 lupum
1998 2121 2082 2158 ar-

500 2197 691 2260 mavit,
731 2212 904 2267 neque
925 2198 1136 2254 leonum
1165 2216 1403 2269 unquam
1434 2200 1581 2255 acies
1612 2202 1752 2255 inter
1773 2216 1831 2255 se
1852 2200 2083 2255 commi-

499 2290 591 2344 sit.
628 2291 757 2356 Quis
784 2300 962 2345 autem
995 2307 1426 2349 commemorare
1458 2296 1693 2355 studeat,
1719 2309 1840 2361 qua:
1889 2307 2081 2346 recen-

500 2394 625 2435 sere
674 2391 835 2450 queat
865 2397 1025 2437 nemo
1059 2382 1083 2437 ?
1121 2382 1176 2437 Si
1202 2384 1345 2438 enim
1372 2384 1505 2437 nihil
1534 2394 1688 2438 extra
1726 2384 1964 2453 genesim
2002 2385 2078 2445 lit,

502 2477 776 2542 quomodo
799 2474 1002 2528 nullum
1030 2476 1199 2541 sidus,
1234 2492 1341 2529 non
1377 2491 1568 2530 errans
1596 2476 1771 2539 stella,
1808 2475 2079 2545 nonjuxta

503 2564 697 2619 alicubi
755 2567 1029 2628 exoriens,
1079 2583 1184 2622 non
1224 2568 1473 2639 signiferi
1520 2571 1731 2639 signum
1781 2571 1896 2624 haec
1951 2585 2081 2624 con-

500 2657 701 2722 genitis
722 2658 895 2713 brutis
928 2659 1153 2728 prrebet,
1191 2674 1312 2727 quae
1342 2674 1465 2715 cum
1503 2661 1721 2715 homine
1770 2663 2078 2716 communi-

498 2751 697 2806 cavit?
736 2766 842 2807 non
882 2752 1169 2806 textoriam
1201 2764 1399 2818 artem,
1422 2767 1529 2807 non
1553 2754 1871 2807 ferrariam:
1904 2770 2081 2823 neque

501 2843 638 2897 alios
671 2843 891 2912 quidem
923 2844 1214 2913 magistros
1255 2844 1379 2898 aliis
1407 2844 1499 2913 qui
1528 2843 1596 2897 ab
1619 2843 1861 2911 ejusdem
1879 2847 2077 2915 speciei

502 2933 674 2988 sociis
708 2932 985 2987 discerent
1042 2933 1378 2988 constituit?
1413 2934 1470 2987 Si
1511 2934 1633 3003 quis
1666 2934 1807 2988 forte
1850 2951 1879 2989 a
1923 2936 2078 2990 nobis

503 3023 687 3077 doceri
726 3025 980 3077 animalia
1008 3025 1321 3091 contendat,
1355 3026 1590 3095 primum
1635 3027 1853 3096 quidem
1902 3042 2074 3095 pauca

503 3116 767 3182 ejusmodi
794 3116 1065 3179 ostendet,
1096 3125 1151 3171 et
1181 3132 1278 3171 cur
1309 3132 1413 3171 non
1452 3119 1616 3172 etiam
1641 3119 1821 3173 omnia
1852 3118 2082 3199 docean-
2110 3144 2153 3202 α

507 3217 613 3271 tur,
663 3205 933 3262 diﬂicilius
977 3209 1084 3262 erit
1127 3208 1530 3264 demonstrare.
1574 3209 1777 3266 Deinde
1811 3228 2082 3283 nunquam

505 3310 688 3354 mente
713 3308 807 3353 aut
838 3300 1218 3368 intelligentia,
1262 3302 1717 3371 quemadmodum
1746 3305 1907 3361 homo
1939 3325 1953 3375 ;
1990 3310 2085 3364 sed

511 3391 701 3445 fraude
728 3391 810 3445 vel
847 3392 1041 3447 timore
1088 3393 1348 3446 animalia
1382 3394 1665 3450 docentur.
1716 3394 2084 3460 Quemadmo-

505 3483 629 3535 dum
679 3482 852 3547 canis,
894 3482 977 3535 vel
1035 3483 1216 3547 simia,
1277 3485 1361 3539 vel
1421 3500 1618 3555 equus,
1669 3489 1711 3543 si
1768 3490 2084 3546 verberibus

506 3584 846 3638 coerceatur,
880 3590 940 3626 ea
976 3590 1097 3643 qum
1122 3585 1337 3631 ostensa
1374 3577 1449 3631 illi
1477 3590 1602 3633 sunt
1634 3582 1927 3636 observat:
1970 3598 2076 3638 non

507 3663 650 3732 quod
682 3663 795 3718 haec
844 3665 1043 3736 216a
1079 3667 1299 3721 domino
1328 3668 1480 3724 utilia
1517 3669 1635 3724 fore
1666 3673 1964 3739 existimet,
1992 3677 2085 3730 sed

507 3757 651 3825 quod
683 3756 940 3821 caedatur,
976 3757 1028 3810 ni
1064 3757 1251 3814 faciat.
1291 3758 1561 3817 Psittacus
1595 3778 1811 3833 quoque
1850 3775 1971 3821 astu
1995 3768 2088 3822 de-

507 3856 696 3914 ceptus
750 3845 1068 3918 [humanam
1135 3849 1352 3922 vocem]
1390 3851 1657 3918 imitatur,
1714 3855 1931 3920 quando
1993 3872 2090 3925 per

510 3936 788 4003 speculum
836 3939 1142 4007 appositum
1186 3955 1292 3993 non
1327 3942 1723 3998 animadvertit
1754 3960 1913 4015 quem
1962 3946 2088 4002 imi-

511 4039 674 4085 tetur.
706 4028 966 4085 Clauculo
983 4032 1126 4084 enim
1161 4043 1281 4100 post
1312 4034 1594 4101 speculum
1634 4037 1777 4105 quod
1807 4037 2081 4109 objectum

507 4132 591 4176 est
621 4122 930 4191 loquuntur,
968 4139 1087 4189 qua:
1124 4125 1339 4180 discere
1389 4126 1537 4196 ipsos
1573 4130 1833 4197 cupiunt:
1889 4132 2088 4199 psitta-

507 4230 605 4268 cus
646 4229 797 4276 vero,
830 4224 983 4269 ratus
1014 4230 1073 4269 se
1115 4217 1278 4270 alium
1312 4218 1604 4286 psittacum
1666 4222 1869 4289 videre,
1922 4238 2089 4277 voces

509 4302 629 4357 illas
660 4304 971 4371 exprimere
997 4315 1244 4371 conatur,
1284 4308 1417 4362 nihil
1445 4310 1663 4365 interim
1693 4328 1812 4381 qius
1834 4316 2091 4371 dicuntur

510 4395 844 4464 intelligens,
878 4411 1003 4450 eum
1027 4398 1209 4452 omnia
1242 4400 1530 4457 articulate
1559 4403 1832 4459 didicerit.
1866 4405 1932 4460 Et
1959 4423 2087 4461 vero

508 4488 658 4543 solus
706 4491 993 4559 psittacus,
1052 4506 1160 4547 non
1215 4502 1391 4547 autem
1442 4496 1644 4564 aquila,
1710 4512 1886 4566 neque
1943 4499 2087 4551 aliud
2122 4469 2166 4524 θ

509 4580 677 4636 ullum
726 4582 925 4636 animal
981 4584 1060 4638 sic
1091 4586 1340 4640 docetur.
1418 4587 1487 4642 At
1516 4590 1791 4657 quomodo
1823 4606 1926 4644 non
1961 4592 2091 4645 illud

511 4688 727 4726 rursum
761 4685 949 4728 contra
988 4676 1205 4743 genesis
1245 4676 1436 4743 legem,
1474 4680 1617 4749 quod
1647 4696 1768 4735 cum
1809 4684 1923 4737 haec
1980 4699 2092 4737 ca:-

511 4774 629 4819 tera
678 4768 931 4822 animalia
992 4772 1203 4824 ratione
1250 4772 1507 4827 destituta
1558 4775 1848 4844 producat,
1897 4790 2088 4831 eorum

513 4866 691 4911 tamen
727 4858 907 4929 aliqua
932 4860 999 4914 ab
1046 4862 1355 4919 hominibus
1403 4867 1724 4930 doceantur,
1761 4880 2091 4937 superetque

509 4965 774 5020 geueseos
815 4952 1079 5009 terminos
1126 4954 1173 5009 is
1225 4957 1315 5025 qui
1353 4972 1627 5025 nunquam
1675 4958 1835 5027 hujus
1882 4959 2091 5029 legibus

506 5042 758 5097 solvitur.
798 5043 853 5098 Si
900 5060 1029 5100 vero
1061 5046 1224 5100 etiam
1285 5062 1416 5117 apes
1447 5049 1514 5103 ab
1543 5050 1775 5104 invicem
1802 5052 1982 5106 doceri
2007 5054 2089 5106 dio

506 5135 713 5201 xerint,
763 5136 817 5190 in
853 5137 937 5192 his
976 5153 1193 5208 quoque
1247 5137 1442 5195 falsum
1496 5149 1751 5197 tuentur:
1813 5158 1842 5196 a
1890 5154 2085 5197 natura

508 5229 676 5295 enim,
736 5245 841 5283 non
883 5231 950 5287 ab
978 5242 1096 5287 arte
1130 5243 1389 5301 operatur
1438 5235 1575 5303 apis.
1641 5236 1969 5307 Quanquam
2005 5240 2084 5292 sic

507 5321 673 5374 etiam
729 5320 1015 5376 difﬁcultas
1066 5334 1354 5391 augeatur.
1397 5324 1509 5379 Cur
1567 5327 1711 5379 enim
1747 5343 1925 5397 neque
1978 5331 2080 5383 alia

508 5412 565 5465 in
598 5428 695 5466 suo
729 5428 959 5485 quaeque
986 5430 1183 5480 genere
1207 5415 1349 5469 inter
1381 5431 1439 5471 se
1470 5426 1562 5470 aut
1596 5419 1814 5483 docent,
1856 5430 1951 5474 aut
1993 5422 2083 5475 do-

508 5505 738 5561 cantur?
788 5506 921 5573 Quis
946 5507 1092 5561 enim
1122 5522 1318 5563 corvos
1349 5518 1442 5561 aut
1496 5507 1737 5565 vultures
1785 5511 1973 5566 volare
1998 5512 2087 5566 do-

2184 1940 2330 1985 κων,
2386 1920 2508 1975 οὐδὲ
2558 1921 2792 1974 λεόντων
2844 1920 3207 1989 συνεκρότησε
3251 1919 3551 1988 φάλαγγας.
3596 1921 3732 1976 Ἀ).λά

2182 2010 2263 2073 τίς
2296 2009 2547 2074 διεξιέναι
2574 2010 2905 2081 φιλονεικοίη
2934 2012 3001 2064 τὰ
3030 2010 3372 2081 ἀδιεξίτητας
3397 2012 3444 2062 εί
3472 2012 3575 2081 γὰρ
3602 2012 3731 2066 οὐδὲν

2182 2105 2334 2165 ἐκτὸς
2361 2104 2659 2169 γενέσεως,
2706 2104 2824 2166 πῶς
2854 2104 3027 2166 οὐδεὶς
3059 2104 3234 2173 ἀστὴρ
3255 2143 3270 2168 ,
3313 2104 3374 2156 οὐ
3411 2103 3642 2173 πλάνης,
3681 2106 3731 2158 οὐ

2185 2193 2608 2263 παρανατέλλων
2625 2235 2639 2259 ,
2664 2194 2724 2247 οὐ
2740 2195 2930 2258 ceam
2968 2195 3141 2249 ταῦτα
3172 2198 3286 2257 τοῖς
3321 2194 3610 2264 ὁμοφυέσιν
3637 2196 3735 2248 ἀλόο

2184 2301 2299 2351 γοις
2342 2283 2615 2355 παρέχει,
2651 2280 2731 2349 οἷς
2753 2285 2842 2338 τὸν
2880 2284 3165 2355 ἄνθρωπον
3215 2284 3612 2354 κατεμέρισεν;
3654 2286 3734 2353 οὐχ

2184 2376 2483 2444 ὑφαντικὴν
2502 2418 2516 2440 ,
2549 2377 2609 2429 οὺ
2636 2376 3033 2447 χαλκευτικήν;
3061 2376 3122 2429 οὐ
3148 2377 3255 2429 τῶν
3284 2377 3381 2445 μὲν
3406 2378 3484 2438 είς
3513 2376 3736 2428 διδασκά-

2184 2470 2308 2534 λους
2333 2510 2348 2533 ,
2403 2470 2529 2533 τοὺς
2560 2470 2618 2524 δὲ
2654 2472 2809 2541 παρά
2845 2470 2953 2524 τῶν
3000 2470 3260 2540 ὁμοειδῶν
3316 2469 3601 2537 μανθάνειν
3633 2488 3737 2521 συν-

2184 2564 2453 2632 έστησεν;
2509 2563 2555 2614 εί
2610 2563 2667 2615 δέ
2730 2580 2813 2624 τις
2836 2564 2966 2630 παρ’
2995 2562 3152 2631 ἡμῶν
3200 2560 3547 2614 διδάσκεσθαι
3594 2561 3741 2612 ταῦτα

2183 2656 2299 2725 ὲρεῐ
2321 2695 2334 2716 ,
2371 2655 2585 2724 πρῶτον
2621 2655 2718 2723 μὲν
2741 2655 2899 2721 ὀλίγα
2924 2655 3087 2717 δείξει
3106 2694 3121 2718 ,
3150 2656 3242 2707 καὶ
3269 2654 3362 2706 διὰ
3390 2653 3441 2705 τί
3467 2653 3537 2723 μὴ
3568 2652 3740 2714 πάντα,

2186 2747 2347 2800 πλέον
2376 2749 2665 2819 ἀπορήσειν
2686 2746 2935 2815 δεύτερον
2968 2746 3087 2815 οὐχὶ
3118 2746 3193 2817 νῷ
3226 2746 3325 2798 καὶ
3359 2746 3626 2816 ἐπιστήμῃ
3654 2746 3745 2797 ὦσ-

2186 2856 2289 2909 περ
2309 2840 2612 2910 ἄνθρωπος,
2635 2839 2752 2893 ἀλλ’
2769 2840 2952 2910 ἀπάτῃ
2979 2841 3012 2910 ἢ
3041 2839 3190 2908 φόϐῳ
3212 2838 3554 2899 διδάσκεται,
3579 2837 3744 2906 ὥσπερ

2186 2932 2336 2985 κύων
2360 2932 2699 3001 τυπτόμενος
2728 2932 2763 3002 ἢ
2795 2931 3027 3001 πίθηκος
3056 2930 3086 2999 ἢ
3112 2930 3277 2992 ἵππος
3297 2931 3459 2997 τηρεῖ
3476 2930 3542 2980 τὰ
3563 2928 3742 2981 δεικνύ-

2188 3042 2325 3093 μενα
2351 3066 2365 3087 ,
2390 3025 2489 3094 οὐχ
2524 3024 2605 3077 ὃτι
2633 3024 2807 3077 ταῦτα
2830 3023 2907 3093 τῷ
2935 3022 3171 3092 δεσπότῃ
3195 3023 3446 3091 χρήσιμα
3467 3021 3625 3086 νοῶν,
3650 3019 3742 3073 ἀλλ’

2186 3116 2268 3169 ὅτι
2306 3115 2379 3186 μὴ
2428 3115 2601 3169 ποιῶν
2633 3116 2920 3169 τύπτεται.
2962 3115 3073 3170 Καὶ
3109 3114 3379 3182 ψιττακὸς
3415 3114 3742 3180 ἀπατώμενος

2191 3212 2471 3280 μιμεῖται’
2505 3207 2759 3279 ἐσόπτρῳ
2793 3206 2904 3278 γὰρ
2954 3205 3353 3276 παρακειμένῳ
3401 3203 3498 3276 τὴν
3544 3203 3742 3275 μίμησιν

2186 3302 2499 3359 κλέπτεται.
2557 3301 2928 3363 Λανθάνοντες
2986 3300 3097 3370 γὰρ
3148 3298 3377 3352 ὄπισθεν
3414 3298 3627 3352 λαλοῦσι
3666 3295 3743 3349 τοῦ

2187 3393 2589 3463 παρατεθέντος
2618 3394 2886 3463 ἐσόπτρου
2911 3433 2927 3459 ,
2957 3391 2995 3445 ἃ.
3028 3390 3323 3461 μανθάνειν
3369 3390 3606 3452 ἐκείνους
3645 3388 3746 3458 βού-

2187 3486 2400 3539 λονταιο
2429 3487 2457 3539 ό
2501 3485 2557 3538 δὲ
2602 3485 2860 3555 ψιττακὸς
2907 3483 3069 3538 ἄλλον
3106 3481 3276 3535 δοκῶν
3320 3483 3458 3552 όρᾷν
3509 3481 3744 3550 ψιττακὸν

2190 3576 2409 3631 σπεύδει
2444 3576 2583 3646 πρὸς
2634 3575 2869 3646 μίμησιν
2902 3573 3012 3625 τῶν
3056 3572 3262 3625 ἐκείνου
3304 3574 3535 3639 φωνῶνρ,
3573 3571 3627 3623 οὗ
3658 3570 3748 3621 τῶν

2189 3668 2502 3739 λεγομένων
2537 3668 2677 3738 έχων
2706 3668 2891 3736 νόησιν
2912 3683 2926 3698 ο
2963 3667 3143 3719 πάντα
3175 3665 3282 3732 γὰρ
3333 3665 3401 3718 ἂν
3418 3666 3462 3695 ³⁸
3502 3663 3748 3733 ὲνάρθρως

2191 3763 2490 3831 ἐμάνθανε.
2518 3761 2631 3816 Καὶ
2668 3759 2774 3832 μὴν
2817 3762 2915 3817 καὶ
2963 3760 3230 3829 ψιττακὸς
3285 3758 3489 3826 μόνος,
3536 3757 3641 3810 ἀλλ’
3667 3756 3752 3807 οὐκ

2192 3854 2349 3918 ἀετὸς
2378 3854 2497 3907 οὐδὲ
2518 3854 2587 3907 τὰ
2612 3851 2748 3907 ἄλλα
2777 3853 2884 3906 τῶν
2910 3853 3066 3917 ζώων
3094 3853 3164 3904 τὰ
3195 3854 3411 3904 ἐκείνου
3442 3848 3747 3919 διδάσκεται.

2204 3946 2364 3999 Ἀλλά
2395 3946 2489 3998 καὶ
2522 3945 2638 4008 πῶς
2668 3945 2769 3998 οὐκ
2800 3944 2934 3998 αὐτὸ
2974 3940 3132 4001 τοῦτο
3182 3941 3344 3996 πάλιν
3381 3938 3531 4009 παρὰ
3556 3937 3641 3989 τὸν
3668 3934 3751 4000 τῆς

2191 4040 2458 4107 γενέσεως
2488 4037 2690 4108 νόμον;
2736 4037 2908 4104 ἄλογα
2948 4034 3061 4104 γὰρ
3104 4033 3291 4102 ἐκείνη
3349 4032 3421 4084 τὰ
3474 4030 3567 4083 ὅλα
3587 4029 3629 4073 δι’
3656 4026 3752 4091 ζῶα

2194 4133 2341 4183 ποιεῖ
2366 4169 2379 4193 ,
2414 4129 2655 4183 διδάσκει
2688 4128 2743 4183 δὲ
2763 4128 2941 4181 αὐτῶν
2965 4129 2995 4189 όν
3022 4126 3309 4195 ἄνθρωπος
3344 4124 3493 4190 ἔνια,
3528 4123 3620 4177 καὶ
3651 4121 3754 4189 νικᾷ

2193 4229 2293 4297 τῆς
2320 4227 2591 4293 γενέσεως
2612 4224 2737 4288 τοὺς
2765 4225 2926 4293 ὅρους
2953 4225 2982 4276 ό
3016 4222 3285 4293 μηδέποτε
3312 4220 3521 4274 τούτων
3550 4214 3751 4270 ἀπολυό-

2196 4336 2376 4387 μενος.
2428 4319 2490 4371 Εἰ
2528 4318 2585 4371 δὲ
2633 4318 2729 4369 καὶ
2768 4316 2868 4379 τὰς
2921 4314 3179 4385 μελίττας
3219 4312 3496 4367 διδάσκειν
3545 4310 3755 4378 ἀλλήλας

2192 4410 2382 4475 φαῖεν,
2437 4404 2717 4459 κάνταῦθα
2765 4404 2827 4457 τὸ
2873 4404 3065 4472 ψεῦδος
3110 4405 3418 4473 ἐτίμησαν·
3457 4405 3522 4457 ὲκ
3564 4400 3755 4467 φύσεως

2199 4502 2333 4571 γὰρ,
2369 4498 2495 4570 [555
2531 4497 2625 4569 11.]
2661 4496 2775 4549 ἁλλ’
2799 4496 2900 4549 οὐκ
2946 4497 3063 4552 ἀπὸ-
3106 4498 3300 4566 τέχνης
3350 4495 3639 4566 ἐργάζεται
3673 4491 3753 4561 μέ-

2190 4594 2373 4645 λισσα.
2427 4590 2575 4659 Πλὴν
2627 4591 2724 4644 καὶ
2773 4588 2920 4643 οὕτω
2966 4590 3027 4643 τὸ
3070 4591 3274 4658 ἄπορον
3309 4588 3569 4653 αὒξεται·
3609 4587 3689 4639 διὰ
3712 4583 3756 4634 τί

2192 4686 2303 4753 γὰρ
2337 4684 2412 4754 μὴ
2439 4685 2535 4749 καὶ
2568 4682 2635 4734 τὰ
2668 4681 2805 4735 ἄλλα
2833 4682 2973 4735 κατὰ
3005 4682 3159 4748 γένος
3186 4681 3392 4751 ἄλληλα
3415 4682 3510 4734 καὶ
3539 4680 3756 4733 διδάσκει

2192 4775 2286 4828 καὶ
2319 4774 2667 4837 διδάσκεται;
2700 4772 2795 4833 Τίς
2826 4772 2882 4825 δὲ
2923 4772 3162 4841 κόρακας
3194 4770 3287 4823 καὶ
3330 4770 3513 4837 γῦπας
3544 4765 3755 4829 ἐδίδαξεν

2194 4864 2454 4919 ἵπτασθαι
2480 4902 2495 4925 ,
2551 4861 2645 4926 οὒς
2687 4861 2809 4915 οὐδὲ
2839 4862 3061 4931 τρέφειν
3090 4862 3140 4913 οἱ
3178 4861 3571 4931 γεγεννηκότες
3602 4854 3756 4923 πεφύ-

2194 4976 2323 5011 κασι
2346 4976 2360 5021 ;
2387 4956 2517 5029 [685
2542 4954 2636 5025 IL]
2664 4955 2781 5019 πῶς
2811 4954 2856 5008 δ’
2888 4956 2948 5007 ὲν
2961 4954 3005 4986 ³⁸
3031 4954 3216 5016 αὐτοῖς
3233 4954 3277 4986 ³⁵
3305 4954 3594 5021 ἀπεῖπενηή
3626 4950 3757 5020 βασι-

2191 5052 2319 5113 λέας
2353 5048 2581 5102 ποιοῦσα
2629 5048 2722 5099 καὶ
2771 5046 3039 5117 ἄρχοντας
3076 5044 3328 5113 γέϋεσις;
3367 5044 3490 5098 οὔτε
3519 5044 3624 5113 γὰρ
3653 5041 3755 5101 6w;

2189 5144 2328 5196 ὄνων
2368 5141 2494 5193 οὔτε
2529 5141 2708 5193 λύκων
2751 5138 3071 5193 ἐϐασίλευσε
3106 5137 3270 5200 λύκος
3296 5155 3310 5167 ·
3345 5138 3463 5191 οὐδὲ
3547 5137 3640 5206 μὲν
3676 5132 3757 5185 αὐ-

2191 5236 2300 5288 τῶν
2332 5235 2590 5299 πένεται,
2622 5234 2655 5285 δ
2678 5233 2734 5286 δὲ
2776 5232 2996 5287 πλουτεί
3018 5248 3034 5263 θ
3066 5231 3188 5284 οὐδὲ
3221 5230 3331 5284 τῶν
3368 5231 3542 5284 ἄλλων
3594 5225 3753 5288 οὐδὲν,

2195 5323 2275 5390 οἷς
2297 5328 2358 5381 τὸ
2400 5328 2746 5399 ἀνθρώπινον
2781 5330 2936 5396 γένος
2977 5326 3426 5397 καταμερίζεται.
3458 5323 3568 5377 Ποῦ
3601 5320 3685 5373 οῦν
3714 5316 3757 5368 οἱ

2198 5422 2697 5490 παρανατέλλοντες
2721 5422 2816 5475 καὶ
2846 5423 2880 5493 ἡ
2913 5421 3126 5488 γένεσις
3161 5420 3254 5471 καὶ
3286 5418 3347 5471 τὸ
3374 5416 3482 5470 τῶν
3522 5412 3756 5468 ἀποτελε-

2201 5514 2424 5583 σμάτων
2449 5514 2635 5578 αὐτοῖς
2676 5515 2916 5584 πλῆθος
2960 5513 2994 5584 ἢ
3035 5512 3177 5568 κατὰ
3228 5510 3404 5583 μόνων
3441 5508 3550 5563 τῶν
3576 5503 3754 5560 ἀθλίων

1822 5627 2059 5684 νΑιιιιΕ
2086 5629 2493 5688 LECTIONES.

605 5719 646 5749 ³¹
675 5718 840 5789 λῆρον
880 5723 967 5778 AC
1026 5742 1039 5777 :

1099 5723 1297 5793 κλῆρον
1345 5741 1403 5787 ς.

512 5784 557 5821 ³⁵
588 5784 830 5854 ἐκείνους
864 5809 921 5856 ς.
1187 5784 1219 5793 ”
1354 5784 1371 5807 ”

1506 5723 1549 5755 ³²
1598 5723 1662 5778 ἂν
1727 5734 1779 5779 et
1840 5740 1963 5779 mox
2015 5723 2172 5777 τοῦτο
2233 5730 2355 5785 add.
2387 5731 2451 5784 A.

2567 5729 2609 5760 ³³
2645 5726 2769 5799 ὅλα]
2826 5727 2948 5783 libri
3002 5725 3153 5781 ἄλλα.
3275 5724 3320 5756 ³⁸
3348 5724 3405 5777 ὲν
3460 5721 3505 5775 Δ
3539 5735 3550 5771 :
3583 5716 3645 5770 ἂν
3697 5728 3748 5779 ς·
