4032 6454
362 364 453 432 357

1036 476 1055 485 ,ο

1383 373 1900 433 BIBLIOTHECA.
1924 397 1994 408 -
2022 373 2185 434 COD.
2210 376 2501 435 CCXXIII

3496 385 3601 448 $58

360 480 658 554 ἀνθρώπων
685 481 746 534 τὸ
791 492 988 553 κράτος
1024 480 1324 556 ἠρπμσακς
1363 485 1542 539 καίτοι
1600 485 1708 538 τῶν
1754 485 1919 539 ἄλλων

2032 488 2163 548 cuit,
2201 501 2339 555 quos
2374 503 2441 540 ne
2479 496 2727 556 parentes
2774 490 2990 558 quidem
3026 490 3172 545 alere
3205 492 3426 547 solent?
3453 496 3601 562 Quo-

359 572 513 639 ζώων
546 574 835 643 κράτιστον
866 574 1170 646 ἄνθρωπος.
1202 578 1313 629 Ka‘t
1354 578 1463 645 γάρ
1508 577 1602 629 καὶ
1629 577 1738 629 τῶν
1769 576 1929 629 δυνα-

361 664 605 734 τωτέρων
632 664 843 717 συνέσει
870 670 1088 737 κρατεῖ,
1121 668 1216 722 καὶ
1238 669 1347 721 τῶν
1372 668 1685 736 ίπταμένων
1712 669 1804 719 ἐπὶ
1825 668 1929 735 γῆς

359 751 586 821 βαδίζων
617 755 805 822 κύριος
836 754 1081 821 γίνεται,
1118 758 1211 811 καὶ
1245 758 1313 810 τά
1368 759 1447 819 εἰς
1496 757 1655 826 βυθὸν
1703 758 1927 825 ἀγρεύει

356 846 656 913 νηχόμενα,
692 845 786 899 καὶ
830 847 1018 911 ἁπλῶς
1062 849 1278 902 πάντων
1318 848 1434 900 ἐστὶ
1457 848 1534 917 τῷ
1564 848 1707 919 λόγῳ
1731 848 1824 900 καὶ
1855 851 1923 918 τῇ

356 937 566 989 συνέσει
605 939 1012 1010 κραταιότερος.
1065 942 1189 1002 Πῶς
1230 940 1325 994 οὖν
1356 942 1389 1009 ἠ
1426 941 1639 1009 γένεσις
1686 940 1780 993 τοῦ
1828 940 1927 1010 μὲν

354 1028 681 1101 κρατοῦντος
717 1036 933 1089 πάντων
968 1041 1190 1107 κρατεῖ,
1215 1038 1323 1089 τῶν
1350 1038 1393 1089 δ’
1427 1038 1519 1090 ὑπ’
1553 1038 1759 1091 ἐκείνου
1790 1054 1927 1108 κρα-

357 1124 625 1192 τουμένων
670 1125 860 1195 ἄρχειν
905 1129 1003 1181 οὐκ
1060 1132 1312 1198 [exuo-ev;
1350 1130 1462 1183 ἀλλ’
1494 1129 1569 1190 ώς
1599 1130 1773 1189 ἔοικε,
1806 1129 1925 1182 κατ’

366 1217 657 1287 ἀνθρώπων
706 1218 843 1289 αὕτη
895 1222 1044 1290 παρὰ
1073 1223 1166 1274 τοῦ
1207 1204 1445 1292 πονηροῦ
1482 1222 1848 1293 προϐέϐληται
1887 1224 1921 1291 ή

371 1308 570 1378 μηχανὴ
594 1350 607 1367 ,
655 1310 740 1363 ἵνα
769 1310 829 1363 τὸ
852 1311 1096 1365 εὐσεϐεῖν
1124 1313 1216 1365 καὶ
1243 1312 1654 1381 δικαιοπραγεῖν
1679 1313 1924 1382 ἀνάγκης

364 1400 513 1469 ἔργον
535 1401 857 1469 νομίσαντες
884 1403 1289 1475 ἀλλοτριωθῶσι
1318 1402 1453 1456 Θεοῦ
1474 1445 1489 1467 ,
1521 1405 1614 1456 καὶ
1644 1403 1705 1455 τὸ
1734 1404 1927 1455 τάναν-

357 1490 440 1542 τία
491 1493 755 1561 πράττειν
804 1495 901 1561 τῆς
956 1495 1128 1564 αὐτῆς
1174 1496 1356 1555 αίτίας
1409 1494 1721 1559 πειθόμενοι
1772 1493 1923 1546 οὐδὲν

354 1584 630 1638 ἀποκνῶσι
658 1587 704 1617 ³⁸
734 1586 872 1655 πρὸς
901 1587 969 1639 τὰ
997 1588 1213 1657 ἀμαρτή
1226 1604 1389 1654 ματα.
1415 1585 1622 1639 Οὐκοῦν
1647 1585 1748 1638 οὐκ
1777 1584 1922 1637 ἐστιν

352 1677 383 1745 ἡ
424 1679 636 1744 γένεσις
658 1720 672 1743 ,
716 1679 1010 1733 πλάττεται
1055 1679 1112 1731 δὲ
1146 1680 1249 1731 ὑπὸ
1283 1678 1391 1732 τῶν
1430 1678 1637 1748 ἐχθρῶν
1662 1678 1760 1747 τῆς
1790 1678 1921 1745 ἀλη-

350 1767 499 1832 θείας
530 1771 671 1824 κατά
693 1773 793 1839 τῆς
832 1771 1123 1841 ἀληθείας,
1170 1769 1359 1841 ὥσπερ
1406 1770 1511 1823 ὑπὸ
1559 1770 1670 1823 τῶν
1714 1768 1919 1839 ταύτης

348 1860 631 1933 ἐλέγχεται
670 1864 863 1933 φίλων.

2030 576 2189 630 modo
2232 577 2359 630 item
2395 580 2628 647 genesis,
2694 595 2814 648 qua:
2874 598 3027 653 reges
3060 598 3123 636 ac
3158 584 3429 653 principes
3464 602 3599 639 con-

2031 673 2260 726 stituere
2294 672 2457 734 solet,
2492 672 2589 727 hos
2619 672 2699 727 eis
2737 674 2999 741 negavit?
3034 691 3157 729 nam
3197 691 3373 745 neque
3414 682 3601 736 asinus

2031 763 2329 824 asinorum,
2379 778 2554 831 neque
2587 763 2743 831 lupus
2797 764 3043 833 luporum
3107 784 3201 821 rex
3264 780 3365 835 est,
3429 787 3603 840 neque

2030 854 2172 907 inter
2224 854 2321 907 hos
2371 854 2509 908 alius
2577 871 2779 925 pauper
2835 867 2944 920 est,
3008 859 3146 912 alius
3191 861 3360 924 dives,
3428 878 3602 929 neque

2030 945 2257 999 aliorum
2290 945 2362 998 ibi
2386 946 2703 1014 quidquam,
2732 950 2925 1016 quibus
2962 952 3252 1004 humanum
3300 970 3469 1021 genus
3500 957 3598 1008 ob-

2030 1037 2249 1091 noxium
2306 1046 2410 1092 est.
2448 1038 2550 1093 Ubi
2600 1040 2766 1105 igitur
2796 1057 2899 1093 una
2952 1044 3192 1095 nrientes
3251 1047 3421 1098 stella:
3453 1047 3476 1099 ?
3503 1048 3591 1101 ttbi

2029 1131 2266 1198 ipsorum
2312 1131 2545 1198 genesis,
2579 1140 2740 1198 atque
2776 1131 2860 1184 illa
2899 1134 3343 1200 apntelesnmtum
3410 1138 3594 1189 multi-

2033 1222 2315 1276 tttdo?An
2349 1223 2465 1276 hac
2508 1222 2561 1275 in
2615 1224 2759 1276 solos
2792 1224 3020 1277 miseros
3081 1227 3339 1278 mortales
3395 1236 3596 1281 tantum

2030 1313 2317 1380 abripuere
2347 1313 2639 1379 potentiam
2666 1312 2689 1364 ?
2716 1313 2875 1379 Atqui
2919 1315 2967 1366 vi
3001 1325 3320 1368 cmterorum
3358 1318 3598 1369 omnium

2028 1404 2384 1456 animantium
2411 1405 2818 1472 potentissimus
2838 1407 3015 1458 homo.
3050 1406 3260 1460 Etenim
3287 1420 3340 1460 ct
3370 1408 3603 1463 fortiori-

2032 1494 2134 1549 bus
2182 1495 2460 1550 intellectu
2517 1505 2760 1564 praestat,
2790 1506 2843 1550 et
2890 1512 3055 1566 super
3090 1508 3293 1552 terram
3342 1501 3599 1570 gradiens

2032 1586 2333 1640 volatilium
2371 1595 2548 1639 tamen
2580 1588 2827 1642 dominus
2854 1597 2957 1651 est,
2986 1597 3040 1641 et
3096 1588 3147 1641 in
3181 1590 3315 1642 mari
3350 1591 3597 1643 natantia

2026 1684 2230 1744 captat,
2257 1684 2338 1738 et,
2376 1685 2435 1729 ut
2478 1676 2637 1729 simul
2671 1676 2869 1739 dicam,
2933 1678 3185 1733 omnibus
3235 1679 3603 1733 animantibus

2027 1768 2238 1822 ratione
2296 1778 2458 1836 atque
2496 1768 2821 1837 intelligendi
2863 1767 3119 1825 facultate
3150 1773 3606 1839 autecellit.Quo-

2022 1862 2181 1914 modo
2212 1860 2373 1931 igitur
2404 1863 2613 1931 genesis
2663 1863 2714 1915 in
2765 1876 2886 1915 eum
2937 1863 3099 1917 habet
3147 1863 3430 1931 imperium
3462 1907 3478 1932 ,
3510 1867 3600 1933 qui

345 1955 556 2009 caeteris
585 1954 814 2022 imperat
842 1954 1113 2019 omnibus,
1133 1955 1199 2009 iis
1226 1969 1358 2009 vero
1392 1954 1662 2019 imperare
1697 1951 1902 2019 nequit,
1948 1950 2246 2020 quaeltujus
2270 1951 2497 2017 imperio
2531 1952 2876 2005 continentur
2902 1952 2926 2005 ?
2948 1951 3146 2007 Verum
3174 1994 3188 2017 ,
3246 1963 3302 2007 ut
3357 1967 3601 2025 apparet,

348 2046 463 2101 hare
502 2046 763 2101 adversus
816 2046 1063 2101 homines
1117 2060 1146 2099 a
1204 2046 1345 2100 malo
1392 2050 1632 2099 daemone
1702 2044 1962 2097 instructa
2005 2041 2256 2095 machina
2286 2042 2649 2109 est,utetpie
2689 2041 2870 2095 vivere
2905 2041 3161 2110 justeque
3181 2058 3341 2112 agere
3366 2051 3606 2101 necessi-

345 2138 476 2194 tatis
503 2153 625 2193 esse
664 2137 913 2192 effectum
958 2139 1083 2205 rati,
1115 2139 1281 2193 alieni
1320 2154 1349 2191 a
1378 2138 1488 2193 Deo
1526 2137 1905 2199 efﬁcerentur;

1978 2142 2031 2186 et
2095 2146 2213 2201 qute
2266 2132 2350 2185 his
2399 2133 2671 2187 contraria
2721 2134 3189 2187 committerentur
3220 2173 3236 2199 ,
3281 2136 3349 2190 ab
3406 2138 3594 2190 eatletn

344 2233 613 2298 proficisci
651 2246 810 2284 causa
849 2230 1336 2299 persuasi,nullum
1372 2230 1592 2282 omnino
1624 2234 1902 2296 peccatum
1942 2224 2441 2291 praetermitterent.
2508 2222 2664 2276 Nulla
2733 2233 2815 2277 est
2854 2224 3018 2293 igitur
3069 2240 3295 2292 prorsus
3363 2228 3598 2295 genesis,

340 2325 485 2382 seda
517 2323 762 2377 veritatis
806 2324 1053 2377 hostibus
1101 2332 1288 2376 contra
1332 2321 1616 2375 veritatem
1666 2319 1909 2388 fingitur,
1950 2315 2403 2384 quemadmodum
2437 2316 2504 2368 ab
2544 2313 2704 2381 hujus
2729 2316 2919 2381 amicis
2956 2317 3379 2372 demonstratur.

448 2414 585 2467 Οὐδὲ
606 2415 714 2482 γὰρ
744 2414 843 2481 τὴν
878 2412 1102 2481 ἀλογίαν
1128 2411 1282 2483 εὖροι
1313 2429 1398 2474 τις
1435 2411 1502 2465 ἂν
1533 2408 1922 2481 ἀκριϐολογού-

345 2523 505 2574 μενος
536 2505 715 2557 αἰτίαν
741 2504 834 2556 τοῦ
863 2503 936 2573 μὴ
984 2503 1274 2573 μανθάνειν
1306 2505 1376 2556 τὰ
1402 2502 1520 2567 ζῶα
1566 2503 1665 2555 ὅσα
1696 2503 1789 2554 καὶ
1834 2500 1923 2554 ἀν-

341 2599 597 2667 θρωπος,
649 2595 836 2666 ῶσπερ
884 2595 1005 2646 οὐδὲ
1051 2594 1113 2647 τὸ
1150 2594 1364 2662 λογικὸν
1407 2593 1483 2661 τῷ
1513 2592 1781 2662 ἀνθρώπῳ
1815 2592 1922 2645 τῶν

347 2688 559 2758 μυρίων
586 2686 1039 2754 ἐπιτηδευμάτων
1079 2685 1271 2738 αἴτιον.
1304 2684 1511 2746 Πόσους
1549 2683 1656 2754 γὰρ
1682 2685 1798 2737 κατ’
1826 2686 1923 2736 αύ-

337 2781 467 2841 τοὺς
496 2782 529 2849 ἡ
564 2781 777 2845 γένεσις
796 2779 1087 2847 ἐργάζεται
1109 2778 1349 2844 κωφοὺς,
1380 2776 1647 2843 ἀφώνους,
1681 2776 1914 2846 μωροὺς,

345 2874 639 2943 ἀτέχνους,
690 2873 879 2938 ἀφυεῖς
912 2871 1011 2922 ιΤι
1067 2865 1160 2921 οὖν
1199 2869 1445 2938 ὠφέλησε
1481 2869 1541 2920 τὸ
1580 2868 1795 2935 λογικὸν
1830 2868 1920 2919 τὸν

338 2964 406 3016 ὲκ
461 2964 674 3034 μήτρας
728 2962 1056 3026 προελθόντα
1110 2959 1308 3028 τυφλὸν
1367 2961 1458 3014 καὶ
1516 2962 1759 3031 κωφὺνῆ
1793 2962 1921 3023 τοὺς

331 3054 613 3117 τοιούτους
637 3094 651 3117 ,
691 3054 785 3106 καὶ
807 3053 988 3104 πόσων
1041 3054 1248 3119 ἀλόγων
1280 3054 1384 3106 οὐκ
1422 3053 1529 3104 εἰσὶ
1574 3052 1789 3123 χείρους
1823 3052 1919 3104 καὶ

332 3146 479 3215 πρὸς
512 3146 623 3215 βίον
652 3146 745 3199 καὶ
771 3146 907 3215 πρὸς
936 3146 1204 3214 μάθησινς
1232 3146 1283 3198 τί
1308 3146 1365 3199 δὲ
1402 3145 1656 3214 μέλιτταν
1684 3145 1918 3214 ἔϐλαψεν

330 3238 369 3307 ἦ
406 3238 651 3307 ἀράχνην
680 3238 711 3307 ἢ
738 3236 1003 3308 μύρμηκα
1033 3240 1065 3306 ἡ
1095 3238 1307 3305 ἀλογία,
1330 3239 1377 3290 εἰ
1399 3238 1630 3308 πράττει
1656 3237 1692 3290 ἀ
1718 3238 1763 3269 ³⁷
1793 3237 1922 3291 ἑκα-

331 3347 466 3381 στον
513 3330 808 3391 ἀκωλύτως
875 3329 1018 3382 κατά
1062 3329 1221 3397 φύσιν
1264 3331 1447 3392 αὐτοῖς
1505 3328 1918 3399 ὲπιτηδεύεται;

328 3419 388 3471 τί
422 3419 481 3471 δὲ
512 3421 580 3471 τά
612 3419 745 3471 ἄλλα
775 3417 887 3470 τῶν
920 3418 1073 3482 ζώων
1106 3420 1427 3489 παρέϐλαψε
1469 3422 1607 3490 πρὸς
1632 3421 1694 3473 τὸ
1721 3422 1922 3475 οἰκεῖον

2093 2404 2276 2473 Neque
2318 2404 2464 2459 enim
2494 2406 2636 2473 quod
2690 2404 2943 2458 animalia
2999 2407 3208 2461 ratione
3262 2420 3505 2475 careant,
3550 2414 3601 2467 in

2021 2510 2185 2550 causa
2217 2511 2337 2549 esse
2366 2495 2599 2563 diligens
2622 2506 2832 2549 'rerum
2880 2507 3256 2565 perscrutator
3285 2500 3592 2567 deprehen-

2020 2586 2128 2645 det,
2161 2585 2452 2654 quominus
2486 2587 2644 2639 bruta
2682 2585 2893 2639 discant
2926 2585 3139 2653 eadem,
3181 2603 3302 2656 qua:
3351 2590 3602 2646 homines

2019 2678 2218 2741 solent,
2250 2685 2315 2730 ut:
2340 2692 2514 2747 neque
2550 2678 2815 2732 rationem
2845 2677 2897 2731 in
2925 2678 3144 2734 homine
3193 2680 3427 2746 ellicere,
3458 2687 3600 2750 quod

2020 2770 2227 2840 216b
2268 2770 2589 2839 disciplinas
2638 2786 2805 2840 prope
2858 2772 3100 2825 infinitas
3153 2775 3597 2840 comprehendat.

2018 2862 2193 2926 Quam
2243 2861 2443 2915 multos
2467 2861 2623 2916 enim
2662 2876 2729 2916 ex
2782 2862 2994 2915 illorum
3053 2865 3319 2917 sententia
3387 2868 3601 2933 genesis

2018 2950 2189 3008 ellicit
2253 2953 2470 3018 surdos,
2526 2960 2730 3015 mutos,
2776 2952 2996 3018 stultos,
3046 2953 3273 3015 inertes,
3334 2954 3589 3025 ineptos!

2019 3044 2156 3110 Quid
2220 3045 2383 3111 igitur
2453 3044 2591 3098 ratio
2662 3043 2866 3112 profuit
2934 3058 3000 3097 ex
3089 3054 3243 3100 utero
3310 3048 3599 3115 prodeunti

2028 3150 2191 3198 carro,
2236 3136 2402 3189 surdo
2444 3144 2538 3189 aut
2561 3134 2725 3189 simili
2753 3135 2961 3189 alicui?
2999 3135 3065 3190 Et
3093 3137 3288 3206 quibus
3336 3140 3594 3194 animan-

2025 3228 2169 3282 tibus
2227 3229 2512 3283 inferiores
2569 3243 2674 3282 non
2720 3236 2866 3296 sunt,
2928 3228 3044 3283 sive
3095 3232 3160 3283 ad
3199 3231 3400 3285 vietum
3445 3247 3601 3301 quae-

2024 3321 2272 3382 rendum,
2302 3321 2416 3373 sive
2444 3320 2511 3373 ad
2537 3320 2897 3375 discendum?
2927 3321 3065 3387 Quid
3090 3338 3218 3376 vero
3236 3324 3466 3392 apiculae
3498 3341 3597 3377 no-

2023 3411 2155 3474 cuit,
2188 3412 2268 3463 vel
2302 3424 2534 3476 araneae,
2578 3410 2659 3464 vel
2689 3412 2949 3478 formicae,
2981 3413 3124 3481 quod
3144 3413 3368 3467 rationis
3399 3429 3599 3482 expers

328 3508 500 3578 ἔργον
524 3547 538 3569 ,
575 3508 700 3560 ἀντὶ
731 3507 824 3560 τοῦ
856 3508 1072 3575 λογικοῦ
1108 3509 1338 3563 λαϐόντα
1361 3510 1425 3563 τὸ
1449 3511 1680 3579 ἀλογον;
1716 3511 1789 3580 μὴ
1812 3514 1919 3573 τοῖς

2022 3503 2114 3567 sit,
2144 3502 2188 3557 si
2222 3502 2411 3555 horum
2453 3501 2734 3571 quodlibet
2768 3500 2903 3556 facit
2946 3503 3019 3568 id,
3047 3504 3188 3573 quod
3217 3504 3264 3556 ei
3290 3507 3592 3558 secundum

328 3604 559 3668 πτεροῖς
600 3601 747 3671 ᾅδειν
788 3601 880 3653 τὸν
907 3601 1106 3654 κύκνον
1148 3603 1182 3672 ἡ
1227 3602 1420 3670 ἀλογία
1471 3602 1837 3667 συνέστειλεν,
1886 3603 1919 3673 ἢ

325 3692 465 3754 τοὺς
493 3693 787 3759 τέττιγας;
821 3692 937 3745 ἀλλ’
972 3694 1084 3763 ἄρα
1135 3693 1362 3747 δύναται
1400 3694 1494 3746 καὶ
1540 3694 1701 3761 φύσει
1746 3697 1922 3746 ποιεῖν

326 3785 367 3853 ἡ
397 3784 612 3852 γένεσις
642 3784 936 3852 μουσικούς
960 3801 975 3816 ·
1008 3785 1103 3837 καὶ
1130 3785 1250 3847 πῶς
1279 3786 1400 3855 οὐχὶ
1431 3786 1526 3838 καὶ
1567 3787 1803 3856 ῥήτορας
1827 3785 1922 3838 καὶ

329 3872 601 3941 σοφιστὰς
646 3873 980 3940 ἀπετέλεσες
1026 3874 1115 3928 διὰ
1161 3875 1213 3928 τί
1261 3876 1319 3928 δὲ
1348 3876 1495 3929 καθά
1550 3878 1808 3945 γινώσκει
1850 3878 1921 3929 τά

324 3964 510 4031 ἄλογα
530 4005 545 4027 ,
577 3965 649 4034 μὴ
684 3966 776 4019 καὶ
808 3968 968 4036 ἡμεῖς
1007 3966 1166 4035 ἴσμεν
1215 3966 1387 4037 χωρὶς
1418 3966 1511 4020 τοῦ
1580 3968 1873 4037 μανθάνειν
1901 3984 1914 4029 ;

321 4057 477 4110 ἀλλὰ
506 4057 574 4109 τὰ
606 4056 712 4109 τῶν
740 4058 975 4124 λογικῶν
1008 4058 1097 4111 διὰ
1132 4058 1192 4111 τὸ
1217 4059 1411 4127 ἄλογον
1442 4060 1502 4111 οὐ
1533 4059 1756 4113 δύναται
1784 4077 1919 4130 μαν-

321 4148 523 4202 θάνειν
549 4149 616 4201 τὰ
649 4150 839 4217 ἄλογα.
863 4150 971 4202 Καὶ
994 4149 1111 4212 πῶς
1130 4151 1198 4204 τὰ
1217 4150 1463 4221 ἀλλήλων
1489 4151 1578 4205 διὰ
1602 4152 1702 4222 τὴν
1732 4152 1919 4220 κοινὴν

317 4239 560 4307 ἀλογίαν
588 4240 648 4292 οὑ
669 4240 1010 4294 διδάσκονται
1033 4282 1049 4307 ,
1073 4243 1296 4311 γέρανοι
1325 4242 1393 4295 τὰ
1416 4243 1631 4296 κύκνων
1655 4282 1670 4307 ,
1706 4245 1816 4296 ὄνοι
1848 4243 1919 4294 τὰ

318 4333 515 4384 κυνῶν
541 4375 556 4397 ,
606 4334 701 4385 καὶ
744 4333 812 4385 τὰ
866 4332 1118 4403 μελίττης
1164 4336 1374 4405 ἀράχνη
1399 4375 1413 4400 ,
1450 4336 1545 4390 καὶ
1585 4334 1814 4388 ἕκαστον
1858 4334 1919 4387 τὸ

315 4420 650 4492 ἀλλότριον;
692 4423 792 4475 οὐκ
814 4423 921 4492 ἄρα
949 4423 1037 4477 διὰ
1064 4423 1161 4495 τὴν
1181 4424 1403 4494 ἀλογίαν
1423 4429 1456 4497 ή
1483 4427 1589 4480 τῶν
1617 4425 1929 4498 ἀνθρώπων

2023 3605 2274 3651 naturam
2324 3594 2619 3650 convenit?
2662 3594 2801 3659 Qttid
2835 3596 3067 3665 denique
3102 3597 3224 3651 aliis
3270 3597 3445 3651 obfuit
3481 3600 3601 3652 ani-

2022 3689 2298 3744 mantibus
2332 3690 2398 3742 ad
2435 3704 2591 3743 suum
2656 3687 2918 3757 cuiusque
2956 3703 3112 3756 opus,
3168 3691 3310 3758 quod
3370 3691 3602 3747 rationis

2022 3780 2460 3851 expertiasint?
2508 3778 2779 3847 Numquid
2840 3788 3124 3849 propterea
3176 3783 3321 3851 quod
3385 3784 3603 3839 ratione

2021 3880 2289 3937 carerent,
2329 3871 2567 3941 impediti
2623 3870 2776 3925 fuere
2828 3871 2943 3925 sive
2988 3873 3169 3942 cycni,
3228 3876 3341 3927 sive
3366 3877 3594 3938 cicadae,

2021 3967 2310 4037 quominus
2340 3966 2439 4021 alis
2481 3966 2592 4021 suis
2642 3975 2858 4019 cantum
2899 3965 3169 4019 ederent?
3200 3965 3305 4021 Sed
3359 3984 3482 4037 quae
3529 3984 3599 4025 ex

2020 4056 2136 4127 ipsa
2172 4064 2363 4112 natura
2414 4055 2643 4111 canendi
2671 4055 2876 4124 peritos
2922 4056 3225 4123 producere
3252 4058 3466 4124 genesis
3487 4072 3583 4125 pn-

2021 4158 2151 4215 test,
2184 4148 2455 4218 quomodo
2496 4163 2601 4202 non
2653 4147 2966 4216 eloquentes
3007 4162 3071 4201 ac
3109 4149 3344 4202 disertos
3397 4149 3587 4203 eadem

2020 4238 2289 4295 reddidit?
2321 4238 2430 4294 Cur
2448 4240 2605 4294 bruta
2629 4237 2900 4292 damnas?
2923 4237 3193 4307 Numquid
3229 4254 3327 4293 nos
3353 4238 3578 4308 aliquid,

2022 4332 2127 4388 nisi
2181 4332 2480 4397 discamus,
2518 4328 2805 4383 novimus?
2849 4327 3238 4395 Verumlbruta
3266 4330 3601 4393 animantia,

2020 4439 2144 4478 cum
2180 4423 2391 4477 ratione
2422 4422 2807 4484 destituantur,
2835 4435 3023 4476 eorum
3051 4436 3172 4489 quae
3212 4422 3280 4475 ad
3328 4422 3595 4476 rationem

321 4513 574 4583 μάθησις
616 4516 833 4584 ἀλόγοις
862 4517 1238 4587 ἀπαράδεκτος
1265 4558 1281 4583 ,
1324 4519 1460 4573 ἀλλὰ
1492 4520 1580 4573 διὰ
1607 4521 1703 4591 τὴν
1733 4521 1912 4586 διαφο⁸

2020 4523 2290 4583 spectant,
2324 4515 2531 4568 discere
2588 4514 3025 4583 niltillpossunt.
3069 4513 3209 4578 Quin
3260 4528 3412 4584 ergo,
3461 4531 3585 4569 cum

322 4606 435 4671 ρὰν
472 4603 569 4672 τῆς
605 4605 710 4657 ὑπὸ
742 4605 833 4659 τοῦ
860 4608 1203 4679 Δημιουργοῦ
1238 4610 1607 4681 προαχθείσης
1657 4611 1897 4678 φύσεως.

314 4694 428 4756 Τίς
465 4694 522 4746 δὲ
551 4695 725 4766 ἀστὴρ
758 4697 877 4749 τόδε
908 4698 1231 4750 καταλαϐὼν
1261 4701 1320 4752 τὺ
1349 4699 1538 4763 ζώδιον
1560 4701 1689 4772 [⁸556
1719 4701 1813 4773 Η.]
1854 4703 1915 4756 τὸ

311 4786 485 4852 γένος
511 4786 713 4839 ἔπλασε
745 4788 852 4840 τῶν
872 4788 1074 4859 θηρίων
1102 4792 1211 4844 ἀπὸ
1235 4791 1334 4860 τῆς
1357 4794 1460 4861 γῆς
1484 4793 1515 4863 ἢ
1544 4796 1652 4847 τῶν
1674 4794 1910 4864 κτηνῶν,

311 4876 352 4945 ἦ
383 4877 502 4927 ἀπὸ
526 4876 798 4947 θαλάσσης
826 4879 935 4932 τῶν
958 4881 1206 4946 νηκτῶνς
1235 4882 1329 4933 καὶ
1355 4882 1444 4935 διὰ
1490 4883 1542 4935 τί
1570 4885 1643 4953 μὴ
1694 4888 1789 4936 καὶ
1817 4882 1911 4937 νῦν

308 4967 383 5018 τὸ
416 4968 553 5018 αὐτὸ
614 4968 1036 5037 διαπράττεται;
1079 4971 1111 5039 ή
1138 4971 1195 5022 δὲ
1225 4972 1349 5034 τοὺς
1380 4972 1596 5043 ἀώρους
1648 4976 1925 5038 θανάτους(

309 5057 612 5123 ἐπάγουσα
638 5061 851 5126 γένεσις
874 5060 989 5123 πῶς
1020 5061 1138 5129 οὐχὶ
1166 5062 1259 5113 καὶ
1280 5062 1412 5115 δέκα
1455 5064 1590 5116 ἐτῶν
1624 5066 1911 5135 ἄνθρωπον

310 5146 501 5210 ἔδειξε
548 5148 817 5217 γέροντα,
858 5148 891 5217 ἦ
931 5147 1168 5216 πρώτοις
1185 5148 1233 5179 ³⁸
1279 5150 1474 5211 ἰούλοις
1514 5150 1575 5202 τὸ
1621 5153 1913 5220 πρόσωπον

314 5237 808 5304 στεφανούμενον;
858 5240 953 5291 καὶ
1007 5240 1054 5291 εἰ
1112 5238 1204 5291 τοῦ
1250 5240 1443 5310 χρόνου
1494 5240 1555 5293 τὸ
1601 5242 1773 5311 μῆκος
1813 5245 1914 5312 τῆς

314 5327 567 5379 ἑκάστου
607 5328 750 5400 ζωῆς
769 5330 848 5392 είς
871 5331 1030 5382 πέντε
1050 5332 1141 5384 καὶ
1162 5330 1219 5394 ἒξ
1239 5332 1282 5363 ³⁹
1303 5369 1317 5394 ,
1342 5331 1511 5384 ἐνίοτε
1532 5332 1589 5384 δὲ
1618 5335 1713 5386 καὶ
1737 5335 1838 5386 ἀσύ
1849 5352 1914 5401 γ-

316 5438 521 5491 κριτον
573 5422 714 5476 κατὰ
758 5424 821 5475 τὸ
872 5421 1091 5475 έλαττον
1117 5423 1312 5494 ἔτεμε,
1346 5424 1473 5494 [688
1502 5425 1594 5495 IL]
1624 5426 1741 5488 πῶς
1772 5428 1915 5481 οὐδέ-

321 5530 467 5565 ποτε
493 5513 899 5568 πενταπλάσιον
925 5513 958 5582 ἢ
992 5514 1387 5583 δεκαπλάσιονς
1417 5519 1512 5570 καὶ
1532 5518 1583 5569 τί
1611 5517 1757 5586 λέγω
1781 5536 1909 5571 πεν-

2009 4607 2240 4679 perinde
2298 4605 2479 4659 omnia
2526 4605 2738 4659 ratione
2803 4614 3044 4668 careant,
3098 4618 3203 4657 non
3258 4619 3321 4658 ea
3386 4605 3583 4659 saltem

2009 4702 2245 4761 discunt,
2285 4713 2404 4769 quae
2434 4699 2500 4752 ad
2545 4706 2740 4750 cattera
2776 4696 2933 4749 bruta
2978 4695 3297 4763 pertinent;
3336 4706 3593 4766 utgrues

2010 4807 2132 4861 quae
2180 4791 2246 4845 ad
2302 4789 2499 4850 olores,
2536 4788 2672 4841 asini
2725 4801 2847 4854 quas
2901 4788 2969 4839 ad
3018 4801 3207 4852 canes,
3242 4796 3298 4841 et
3347 4788 3416 4842 ad
3460 4804 3592 4856 apes

2011 4896 2230 4940 aranea,
2270 4889 2317 4931 et
2351 4878 2428 4931 sic
2459 4877 2713 4946 deinceps
2743 4877 3039 4946 quodlibet,
3073 4878 3215 4947 quod
3244 4879 3311 4932 ad
3359 4878 3592 4935 alterum

2012 4970 2254 5041 spectat!
2291 4967 2409 5023 Non
2436 4976 2585 5023 certe
2620 4968 2747 5036 quia
2806 4969 3017 5022 ratione
3065 4968 3405 5036 destituitur,
3460 4987 3591 5040 pro-

2009 5076 2193 5133 pterea
2230 5065 2479 5117 humanae
2509 5061 2870 5116 institutionis
2892 5061 3110 5116 brutum
3141 5078 3313 5132 capax
3345 5079 3451 5117 non
3477 5076 3583 5129 est,

2011 5156 2102 5209 sed
2133 5153 2203 5209 0h
2235 5164 2462 5218 naturae,
2493 5168 2651 5219 quam
2706 5150 2969 5206 Conditor
3015 5154 3290 5221 produxit,
3326 5153 3585 5209 differen-

2014 5246 2164 5300 tiam.
2199 5243 2479 5309 Quodnam
2510 5258 2640 5297 vero
2687 5242 2815 5297 illud
2851 5251 3056 5297 astrum
3099 5254 3204 5306 est,
3245 5245 3386 5312 quod
3420 5246 3589 5301 hocce

2011 5336 2250 5407 signiferi
2272 5344 2542 5403 occupato
2583 5335 2735 5403 signo
2766 5334 3004 5389 ferarum
3033 5336 3581 5404 atquejumentorum

2019 5442 2190 5497 genus
2238 5443 2269 5482 e
2322 5437 2465 5482 terra
2503 5436 2594 5481 aut
2637 5441 2706 5480 ex
2741 5427 2875 5479 mari
2929 5426 3233 5479 natalititlm
3286 5425 3589 5480 formavit?

2016 5519 2084 5574 Et
2104 5535 2202 5574 cur
2234 5519 2375 5574 idem
2431 5534 2572 5574 nunc
2610 5532 2825 5588 quoque
2869 5533 2973 5571 non
3049 5516 3243 5571 efﬁcit?
3286 5515 3406 5572 Jam
3468 5532 3589 5586 quae

1648 5628 1884 5684 VARle
1923 5630 2332 5688 LECTIONES.

402 5718 453 5749 ac
486 5716 802 5785 ἀποκινοῦσι
854 5716 894 5769 C
934 5736 945 5770 :
977 5719 1271 5773 ἀποκνοῦσι
1310 5739 1369 5785 ς,
1446 5722 1489 5753 37
1517 5721 1551 5774 ἃ
1576 5734 1691 5784 nos!
1716 5723 1981 5784 ἀκωλύτω

316 5787 484 5844 libri.
568 5788 610 5819 ³⁸
636 5784 716 5857 ἒξ]
745 5786 782 5849 ξ’
814 5789 1073 5857 Scaliger.

1988 5742 2013 5788 ς
2050 5723 2532 5796 transportandum.

2634 5722 2679 5755 ³⁸
2718 5720 2949 5793 πρώτοις
2971 5716 3209 5791 Scaliger
3246 5742 3258 5778 :
3290 5720 3436 5793 παρὰ
3471 5724 3587 5785 τἐῖς.
