4032 6454
522 340 628 403 859

1676 343 1938 404 PHOTII
1964 342 2468 410 PATRIARCHE
2508 343 2614 403 ΕΡ.

3625 356 3710 421 860

521 457 865 509 immaturam
921 464 1149 509 mortem
1188 455 1409 510 adducit
1449 456 1682 524 genesis,
1734 472 1830 510 cur
1861 471 1967 509 non
2000 456 2084 510 vel

2189 454 2490 509 ταπλάσιον
2515 494 2531 518 ,
2564 454 2679 509 ἀλλ’
2709 454 2829 507 οὐδὲ
2859 454 2939 517 είς
2974 450 3036 504 τὸ
3070 449 3381 522 τριπλάσιον
3411 456 3441 527 ἢ
3471 459 3710 526 διπλάσιον

518 550 809 602 decennem
843 547 1075 615 aliquem
1111 547 1240 601 fecit
1287 562 1409 601 esse
1447 563 1654 613 senem,
1689 548 1771 601 vel
1800 546 2085 619 glanugine

2192 547 2538 617 παρεξέτεινε
2561 564 2578 615 ;

520 642 707 697 saltem
729 642 919 696 faciem
946 640 1163 695 vestivit
1191 641 1214 694 ?
1244 640 1311 695 Et
1344 642 1387 694 si
1419 642 1542 695 vitae
1567 640 1801 708 spatium
1863 641 2129 713 cujusque
2169 653 2419 696 nostrum
2446 643 2515 695 ad
2573 642 2825 712 quintum
2873 647 2931 694 et
2976 637 3367 705 sexagesimum
3426 657 3625 711 annum,
3671 665 3717 708 et

520 745 905 801 nonnunquam
936 733 1102 786 etiam
1135 731 1448 802 longissime
1487 730 1625 785 infra
1652 746 1777 784 eum
1800 732 2089 784 terminum
2128 730 2387 798 resecuit,
2426 732 2518 800 qui
2552 731 2629 797 ﬁt,
2656 730 2798 800 quod
2826 741 3105 796 nunquam
3129 726 3259 779 illud
3313 728 3365 782 in
3419 734 3718 805 quintuplutn

519 832 611 876 aut
634 821 914 891 decuplum
942 821 965 874 ?
994 831 1049 875 at
1065 822 1190 890 quid
1215 822 1334 875 dico
1372 822 1734 890 quintnplum,
1783 821 1889 874 imo
1919 820 2003 874 vel
2040 819 2094 873 in
2118 819 2341 888 triplqu
2374 832 2469 874 aut
2499 821 2552 874 in
2583 820 2803 889 duplum
2835 819 3080 875 extendit
3106 818 3129 870 ?

589 916 718 980 Quae
744 916 831 969 ubi
869 914 951 967 vir
997 913 1090 967 ille
1142 913 1300 978 dixit;
1331 930 1451 967 mox
1482 914 1818 969 climacteris
1868 913 2083 969 descri-

519 1007 758 1076 ptionem
788 1004 1038 1073 subjecit,
1060 1015 1118 1059 ut
1152 1015 1205 1059 et
1236 1006 1683 1076 astrologicorum
1716 1007 1995 1063 nominum
2024 1022 2091 1063 ac

521 1100 883 1162 schematum,
936 1098 1243 1152 accuratius
1296 1098 1487 1151 horum
1534 1098 1931 1166 expositionem
1965 1113 2088 1167 per-

520 1194 815 1259 sequendo.
852 1190 1013 1244 Addit
1054 1188 1270 1254 deinde,
1301 1190 1345 1243 si
1389 1204 1485 1257 per
1538 1190 1815 1243 stellarum
1865 1205 2082 1244 cursum

518 1294 679 1353 atque
704 1283 977 1337 schemata
1013 1283 1192 1335 omnia
1224 1282 1477 1335 animalia
1513 1283 1904 1353 gubernantur.
1949 1298 2086 1352 quo«-

519 1375 677 1428 modo
710 1373 912 1426 nullum
931 1387 1168 1443 unquam
1191 1381 1398 1427 astrum
1424 1380 1517 1425 aut
1541 1372 1785 1436 schema,
1807 1382 1901 1427 aut
1920 1372 2085 1427 vicini

518 1467 710 1521 sideris
732 1476 953 1520 exortus
976 1466 1060 1518 vel
1112 1475 1318 1535 patrem
1376 1479 1498 1519 esse
1546 1464 1754 1517 mulum
1804 1463 1956 1527 fecit,
2000 1465 2086 1519 vel

519 1566 742 1611 matrem
777 1558 997 1621 mulam,
1034 1572 1154 1610 cum
1187 1566 1367 1610 tamen
1425 1555 1481 1609 bi
1510 1555 1753 1609 fecundis
1797 1570 1902 1609 non
1964 1571 2089 1609 raro

519 1648 840 1704 animalibus
872 1646 1241 1702 misceantur?
1272 1644 1470 1700 Natura
1508 1646 1760 1700 nimirum
1788 1645 1948 1713 hujus
1977 1648 2087 1701 vim

518 1740 694 1803 elidit,
741 1747 797 1793 et
826 1739 1023 1808 ubique
1056 1753 1175 1793 eam
1208 1737 1411 1791 vincit:
1464 1739 1517 1791 in
1572 1736 1833 1807 temporis
1876 1738 2080 1805 produ-

2261 911 2448 966 Ταῦτα
2479 908 2648 965 είπὼν
2688 913 2716 965 ὁ
2744 910 2884 982 ἀνὴρ
2925 912 3019 964 καὶ
3056 910 3421 982 κλιμακτῆρας
3468 932 3719 992 καταγρα-

2188 1002 2296 1072 φὴν
2327 1002 2544 1073 ὑπήχθη
2574 1004 2750 1056 ποιεῖν
2792 1001 2885 1055 καί
2915 1019 3083 1055 τινων
3122 1002 3513 1071 ἀστρολογικῶν
3549 1010 3722 1080 ὄνομά-

2189 1112 2300 1149 των
2343 1097 2440 1149 καὶ
2492 1096 2788 1165 σχημάτων
2808 1133 2822 1158 ,
2856 1094 2955 1161 τὴν
3005 1095 3210 1148 τούτων
3244 1096 3727 1170 ἀκριϐολογούμενος

2186 1183 2421 1239 ἔκθεσιν.
2463 1186 2690 1253 Ἐπάγει
2732 1185 2791 1238 δέ
2828 1185 2905 1249 ὡς
2949 1185 3104 1254 είτῷ
3148 1186 3333 1257 δρόμῳ
3380 1188 3483 1241 τῶν
3515 1193 3729 1262 ἀστέρων

2188 1277 2282 1331 καὶ
2328 1278 2442 1341 τοῖς
2490 1278 2734 1348 σχήμασι
2793 1278 2973 1331 πάντα
3016 1277 3295 1331 διοικεῖται
3333 1278 3404 1332 τά
3442 1280 3586 1347 ζῶα,
3630 1287 3731 1351 πῶς

2190 1368 2365 1431 οὐδεὶς
2391 1370 2567 1440 ἀστὴρ
2594 1369 2718 1423 ούδέ
2749 1369 2934 1439 σχῆμα
2960 1368 3079 1422 οὐδὲ
3101 1369 3518 1439 παρανατέλλων
3536 1374 3731 1443 ἡμίονον

2192 1460 2405 1531 πατέρα
2432 1462 2465 1532 ἢ
2500 1462 2714 1534 μητέρα
2736 1504 2751 1529 ,
2769 1462 2949 1516 καίτοι
2978 1463 3072 1514 καὶ
3100 1464 3214 1525 τοῖς
3234 1461 3477 1532 γονίμοις
3502 1466 3735 1532 πολλάκις

2197 1552 2592 1621 μιγνυμένους,
2624 1553 2878 1607 οὐδέποτε
2914 1554 3325 1625 ἀπειργάσατο;
3361 1556 3471 1608 ἀλλ’
3514 1560 3547 1625 ἠ
3596 1561 3739 1628 φύσις

2193 1643 2255 1696 τὸ
2297 1645 2516 1713 ἐκείνης
2542 1644 2659 1698 λύει
2688 1645 2887 1715 κράτος
2906 1684 2923 1711 ,
2950 1648 3045 1699 καὶ
3077 1647 3354 1716 πανταχοῦ
3379 1648 3576 1719 ταύτην
3600 1656 3739 1725 νικᾷ,

2194 1733 2252 1785 ἐν
2277 1733 2586 1803 παρατάσει
2634 1735 2845 1805 χρόνων
2867 1775 2882 1800 ,
2922 1736 2979 1788 ἐν
3002 1736 3190 1808 ὁμιλίᾳ
3216 1736 3482 1805 σωμάτων
3502 1780 3516 1804 ,
3548 1742 3602 1793 ἐν
3628 1760 3740 1796 κυο-

517 1834 722 1899 ratione,
773 1834 826 1887 in
859 1847 1147 1901 corporum
1176 1846 1491 1899 congressu,
1538 1831 1590 1883 in
1641 1830 1887 1898 gestandi
1946 1828 2084 1883 fetus

2191 1824 2393 1897 φοριῶν
2415 1824 2695 1896 διαφοραῖς
2722 1867 2736 1891 ,
2759 1826 2816 1877 ἐν
2841 1825 3164 1895 ἐξαλλαγαῖς
3193 1828 3420 1898 ἡλικιῶν
3442 1830 3534 1882 καὶ
3566 1833 3619 1883 ἐν
3644 1836 3741 1898 τοῖς

520 1926 799 1987 varietate,
815 1923 869 1975 in
887 1930 1104 1975 aetatum
1134 1920 1527 1983 immutatione,
1543 1918 1596 1972 in
1624 1920 1834 1972 caeteris
1855 1956 1869 1980 ,
1891 1917 2086 1988 217a

518 2032 638 2085 qnze
666 2015 963 2071 secundum
1000 2020 1248 2065 naturam
1289 2010 1424 2063 nunt
1454 2008 1709 2063 omnibus
1734 2024 1964 2077 quorum
2000 2009 2089 2062 illa

522 2109 655 2164 nihil
682 2114 860 2179 potest
888 2106 1198 2159 immutare.
1227 2101 1339 2156 Cur
1392 2102 1538 2156 enim
1569 2115 1740 2169 equus
1775 2101 1952 2156 nullus
2005 2100 2088 2154 vel

518 2203 705 2257 asinus
737 2200 1017 2254 hominum
1040 2197 1224 2267 eil‘ugit
1263 2194 1555 2265 ﬂagellum,
1588 2210 1712 2249 cum
1748 2204 1943 2249 caetera
1967 2194 2090 2247 ani-

524 2296 723 2351 mantia
770 2293 961 2347 horum
1004 2291 1168 2344 ictum
1206 2304 1311 2343 non
1346 2287 1572 2342 ferant?
1604 2286 1673 2341 At
1698 2286 1742 2341 si
1802 2302 1931 2373 qua,
1959 2302 2081 2357 qua:

518 2398 696 2442 tamen
737 2400 859 2440 rara
909 2392 1058 2449 sunt,
1090 2382 1380 2445 sustinent,
1434 2394 1501 2434 ne
1555 2384 1634 2435 sic
1705 2382 1927 2449 quidem
1980 2380 2091 2435 dif-

518 2479 728 2533 lleultas
782 2476 1031 2531 solvitur.
1072 2472 1183 2528 Cur
1222 2470 1367 2526 enim
1410 2484 1515 2523 non
1561 2479 1616 2525 et
1660 2481 1860 2525 caetera
1904 2472 2087 2525 omnia

516 2572 817 2626 sustineant
854 2580 1080 2621 numero
1130 2564 1297 2619 multo
1323 2564 1522 2635 plura?
1559 2562 1777 2634 Deinde
1825 2564 1969 2618 inter
2000 2578 2084 2629 ea,

515 2680 635 2734 quas
656 2662 841 2733 ﬂagris
870 2662 1172 2724 cmduntur,
1196 2660 1368 2715 libera
1398 2667 1521 2714 sunt
1548 2661 1730 2724 bruta,
1750 2658 1876 2713 dum
1904 2654 2092 2711 adole-

515 2757 735 2811 veriut:
787 2768 906 2807 nam
938 2766 1057 2806 mox
1088 2761 1147 2805 ut
1192 2766 1359 2807 onera
1410 2748 1555 2804 ferre
1608 2748 1891 2818 coeperint,
1918 2750 2087 2803 etiam

516 2845 790 2900 verberari
816 2843 1098 2912 incipiunt.
1130 2841 1201 2896 At
1229 2842 1390 2896 homo
1418 2841 1754 2911 potissimum
1783 2840 1835 2894 in
1858 2840 2089 2910 pueritia

516 2938 844 3010 ﬂagellatur:
883 2951 1005 2991 cum
1030 2944 1207 2989 autem
1234 2935 1301 2989 ad
1349 2935 1562 2989 virilem
1587 2942 1805 2987 aetatem
1830 2931 2085 2997 creverit,

517 3041 610 3085 aut
632 3044 927 3099 nunquam,
952 3036 1043 3082 aut
1061 3026 1252 3081 saltem
1278 3040 1399 3081 raro
1421 3026 1664 3080 caeditur.
1696 3022 1883 3090 Quare
1904 3022 2089 3077 adhaec

519 3122 692 3188 libris,
727 3121 940 3182 suibus,
972 3118 1128 3188 gallis
1155 3118 1500 3188 gallinaceis,
1536 3116 1869 3183 hominibus,
1904 3115 2084 3186 equis,

515 3224 574 3269 et
610 3212 927 3283 quibusdam
971 3211 1111 3268 forte
1135 3211 1275 3276 aliis,
1312 3210 1563 3279 genitalia
1605 3218 1951 3276 exsecantur,
1978 3207 2089 3263 fer-

517 3314 743 3368 rumque
791 3299 935 3370 ipsos
996 3313 1094 3368 pro
1147 3297 1391 3353 fecundis
1427 3298 1645 3354 steriles
1702 3298 1919 3353 reddit:
1954 3314 2085 3354 cum

516 3399 709 3444 caetera
769 3398 949 3443 tamen
986 3388 1284 3443 animantia
1334 3404 1440 3444 non
1473 3390 1632 3443 modo
1688 3388 1758 3443 ab
1812 3398 2085 3444 astrorum

515 3482 841 3536 necessitate
867 3481 997 3534 nihil
1042 3480 1332 3544 laedantur,
1372 3480 1465 3536 sed
1503 3496 1619 3535 eam
1651 3481 1817 3535 etiam
1859 3482 2089 3537 irriden-

515 3577 636 3629 dam
684 3573 1026 3643 proponant?
1050 3573 1159 3628 Cur
1190 3574 1403 3627 tandem
1435 3574 1625 3629 eadem
1674 3574 1954 3630 stellarum
1989 3590 2088 3643 po-

514 3668 687 3722 situra
732 3668 979 3723 eumdem
1030 3683 1252 3722 cursum
1308 3678 1545 3733 tenente,
1573 3667 1619 3723 si
1672 3668 1871 3738 planta:
1895 3684 2088 3738 ampu-

515 3772 718 3828 tentur,
750 3776 965 3817 rursum
1033 3776 1216 3817 ramos
1264 3762 1543 3826 emittunt,
1601 3770 1656 3816 et
1714 3764 2086 3818 circumtonsa

513 3857 681 3912 herba
714 3870 866 3924 atque
898 3865 957 3910 ut
978 3855 1304 3924 antea,quin
1332 3856 1494 3909 etiam
1522 3854 1682 3911 altius
1696 3856 1942 3926 erigitur,
1960 3871 2083 3911 cum

514 3949 567 4003 in
592 3948 934 4012 animalibus,
991 3947 1038 4001 si
1098 3947 1241 4017 quod
1284 3946 1425 4001 forte
1454 3948 1755 4001 membrum
1788 3948 2086 4002 dissectum

516 4040 699 4105 fuerit,
733 4039 943 4101 oculus,
1003 4038 1087 4092 vel
1116 4054 1301 4104 nasus,
1345 4039 1429 4092 vel
1479 4039 1704 4108 digitus,
1739 4038 1875 4093 nihil
1929 4040 2089 4108 plane

515 4132 686 4183 fatum
746 4131 814 4185 ad
866 4129 1025 4199 hujus
1069 4129 1299 4184 membri
1336 4132 1794 4185 restaurationem
1840 4130 2084 4200 adjuvat,

513 4222 616 4277 etsi
648 4222 750 4276 hoc
783 4222 957 4291 ipsum
1010 4223 1251 4291 praebere
1278 4221 1365 4275 illa
1398 4239 1515 4292 quae
1561 4225 1641 4278 sic
1669 4223 1914 4287 abstulit,
1949 4239 2085 4278 cen-

512 4314 671 4370 sent?
699 4315 770 4367 At
795 4330 896 4369 non
923 4324 1126 4368 natura:
1144 4317 1469 4385 pmprietas,
1493 4318 1586 4371 sed
1605 4326 1874 4371 astrorum
1904 4328 2081 4373 motus

511 4408 728 4476 quidam
758 4418 922 4477 atque
959 4393 1431 4463 constitutio'illud
1477 4410 1677 4478 partim
1705 4408 1915 4473 bestiis,
1950 4426 2077 4479 par-

2189 1918 2367 1981 ἄλλοις
2392 1920 2528 1972 πᾶσι
2560 1918 2673 1981 τοῖς
2702 1918 2844 1971 κατὰ
2869 1917 3032 1987 φύσιν
3058 1957 3071 1981 ,
3103 1913 3180 1972 ὧν
3204 1919 3358 1973 οὐδὲν
3392 1922 3575 1992 ἐκείνη
3601 1924 3743 1988 ἐξαλ.

2189 2012 2401 2065 λάττειν
2450 2009 2694 2066 δύναται.
2739 2010 2840 2065 Διά
2889 2010 2943 2065 τί
2970 2011 3081 2082 γάρ
3134 2011 3271 2064 ὄνων
3299 2012 3403 2082 μὲν
3445 2016 3536 2066 καὶ
3584 2015 3745 2070 ἵππων

2189 2106 2366 2169 οὐδεὶς
2394 2105 2493 2168 τὰς
2522 2106 2580 2170 ἐξ
2609 2105 2916 2176 ἀνθρώπων
2959 2107 3242 2175 διαφεύγει
3273 2109 3578 2177 μάστιγας,
3603 2110 3750 2166 τᾶλλα

2188 2196 2244 2249 δὲ
2272 2196 2381 2250 τῶν
2412 2197 2625 2265 ἀλόγων
2674 2196 2828 2259 ζώων
2857 2197 2958 2266 τὴν
3001 2198 3109 2250 ἀπὸ
3159 2198 3371 2252 τούτων
3422 2198 3626 2268 πληγὴν
3667 2201 3752 2271 ούχ

2191 2288 2517 2358 ὑπέμεινεν;
2575 2291 2626 2343 εί
2664 2289 2721 2343 δέ
2757 2306 2861 2342 που
2897 2289 2993 2341 καὶ
3042 2289 3277 2355 σπάνια,
3324 2291 3388 2343 τὸ
3436 2291 3635 2361 ἄπορον
3667 2292 3754 2349 οὐκ

2190 2384 2396 2439 ἀνίεται
2415 2400 2431 2417 ο
2460 2385 2551 2439 διὰ
2572 2386 2626 2439 τί
2654 2386 2764 2456 γάρ
2800 2385 2874 2457 μὴ
2899 2387 2995 2439 καὶ
3024 2387 3093 2439 τὰ
3119 2386 3255 2440 ἄλλα
3282 2387 3423 2441 πολὺ
3450 2386 3615 2440 πλείω
3641 2404 3754 2455 τυγο

2189 2476 2453 2545 χάνοντα;
2482 2472 2602 2530 εἶτα
2646 2477 2741 2530 καὶ
2794 2477 2977 2530 αὐτῶν
3008 2477 3116 2532 τῶν
3140 2479 3189 2509 δα
3240 2478 3651 2549 μαστιζομένων
3696 2478 3759 2534 τά

2193 2566 2293 2635 μὲν
2326 2566 2525 2635 ἄλογα,
2580 2567 2685 2631 ἕως
2725 2568 2805 2633 έᾶν
2846 2569 3128 2639 άνδρωθῇ,
3166 2569 3449 2639 μαστίγων
3480 2570 3757 2641 ἐλεύθερα,

2190 2656 2519 2728 ἀχθοφορεῖν
2544 2658 2601 2711 δὲ
2624 2659 2902 2729 ἀρχόμενα
2928 2659 3346 2730 προσλαμϐάνει
3377 2661 3473 2713 καὶ
3494 2660 3554 2712 τὸ
3579 2659 3760 2713 τύπτε-

2190 2750 2315 2803 σθαι
2336 2766 2351 2784 ο
2382 2749 2667 2819 ἄνθρωπος
2695 2750 2751 2805 δὲ
2790 2750 2848 2802 ἐν
2898 2752 3058 2805 παισὶ
3091 2751 3188 2822 μὲν
3219 2750 3297 2804 ὣν
3333 2752 3533 2822 μᾶλλον
3582 2752 3763 2821 μαστί-

2189 2841 2380 2906 ζεται,
2430 2841 2597 2912 ἄνδρα
2647 2841 2703 2895 δέ
2748 2841 2848 2907 τῆς
2902 2841 3125 2913 ἡλικίας
3179 2842 3349 2895 αὐτὸν
3400 2843 3686 2913 δεικνύσης
3729 2844 3757 2913 ἢ

2186 2935 2438 3003 οὐδαμῶς
2464 2936 2497 3006 ἢ
2522 2934 2608 2987 ἐπ’
2636 2934 2853 2987 ἔλαττον
2887 2933 2992 2987 ὑπὸ
3035 2934 3308 3004 μάστιγας
3344 2934 3569 3001 ἄγεται.
3604 2936 3693 2987 Διά
3716 2936 3761 2987 τί

2187 3028 2247 3083 δὲ
2277 3028 2542 3098 κάστορες
2579 3028 2677 3097 μὲν
2728 3028 2826 3081 καὶ
2880 3027 2973 3090 ὕες
3012 3028 3103 3081 καὶ
3146 3027 3515 3097 ἀλεκτρυόνες
3557 3028 3650 3080 καὶ
3680 3028 3760 3081 ἄνα

2191 3118 2406 3189 θρωποι
2435 3118 2528 3173 καὶ
2567 3120 2724 3172 ἵπποι
2745 3161 2759 3183 ,
2784 3118 2883 3172 καὶ
2911 3118 3040 3172 εἴτι
3070 3118 3199 3172 ἄλλο
3226 3119 3531 3173 ὑπόλοιπον
3549 3161 3564 3185 ,
3594 3118 3653 3171 τὸ
3685 3134 3762 3186 γε·

2190 3212 2507 3283 νεσιουργὸν
2545 3212 2635 3264 ὑπ’
2658 3210 2961 3283 ἀνθρώπων
2997 3212 3371 3283 ἀποτέμνεται
3393 3252 3409 3276 ,
3432 3212 3531 3265 καὶ
3570 3212 3765 3283 σίδηρος

2192 3306 2373 3369 αὺτοῖς
2402 3305 2523 3359 ἀντὶ
2572 3304 2923 3372 παιδογονίας
2956 3305 3166 3369 δικάζει
3203 3305 3264 3359 τὸ
3313 3308 3550 3371 ἄγονον,
3613 3305 3678 3358 τὰ
3725 3304 3762 3356 δ’

2188 3398 2327 3452 ἄλλα
2354 3396 2464 3449 τῶν
2506 3395 2661 3459 ζώων
2697 3396 2798 3465 τὴν
2824 3396 2933 3450 ἀπὸ
2976 3396 3085 3449 τῶν
3123 3396 3346 3466 ἄστρων
3381 3396 3635 3464 ἀνάγκην
3661 3395 3767 3450 ἀντὶ

2187 3487 2284 3541 τοῦ
2325 3486 2603 3540 σινοῦσθαι
2641 3485 2963 3556 γελωμένην
2994 3486 3433 3553 καταλείπουσι;
3486 3487 3541 3539 τί
3586 3487 3767 3555 δήποτε

2188 3578 2245 3633 δὲ
2269 3579 2367 3648 τῆς
2398 3577 2570 3647 αὐτῆς
2606 3576 2965 3648 ἀστροθεσίας
2996 3578 3088 3630 τὸν
3116 3578 3279 3631 αὑτὸν
3311 3579 3521 3649 δρόμον
3554 3579 3767 3648 ἐχούσης

2192 3670 2336 3740 φυτά
2370 3670 2468 3741 μὲν
2494 3670 2934 3740 περιτεμνόμενα
2980 3669 3143 3723 πάλιν
3187 3669 3345 3734 αῠξει
3378 3671 3650 3734 κλάδους.
3688 3672 3769 3722 καὶ

2188 3762 2611 3834 περικειρομένη
2641 3760 2839 3832 βοτάνη
2874 3760 3082 3831 ἀνίσχει
3109 3762 3208 3832 τὴν
3244 3763 3372 3834 ῐσην
3403 3762 3437 3832 ἢ
3472 3764 3571 3816 καὶ
3605 3762 3771 3815 πλείο-

2187 3872 2282 3920 να,
2317 3853 2396 3925 τῷ
2418 3853 2476 3906 δὲ
2516 3851 2641 3923 ζώῳ
2671 3853 2737 3919 ⁸³,
2772 3855 2825 3906 εῐ
2842 3871 2894 3906 τι
2919 3852 3027 3906 τῶν
3053 3853 3229 3923 μελῶν
3247 3857 3536 3924 περικοπῇ
3555 3897 3569 3919 ,
3591 3852 3774 3922 ὀφθαλο

2190 3940 2290 4010 μὸν
2318 3940 2351 4011 ἢ
2381 3942 2504 4011 ῥῖνα
2530 3940 2563 4011 ἢ
2590 3940 2892 4008 δάκτυλονξ,
2917 3941 3070 3993 οὐδὲν
3093 3943 3127 4009 ἡ
3158 3942 3479 4013 εἱμαρμένη
3517 3944 3657 4013 πρὸς
3689 3942 3783 4012 τὴν

2189 4029 2286 4083 τοῦ
2321 4031 2517 4101 μέλους
2550 4032 2822 4101 ἀνάφυσιν
2858 4032 3331 4101 συλλαμϐάνεταις
3371 4034 3559 4088 καίτοι
3586 4033 3776 4102 ταύτην

2188 4120 2502 4184 καθίζουσιν
2530 4122 2758 4184 ἐκείνοις
2786 4122 3150 4193 χαριζομένην
3193 4122 3339 4194 ὅπερ
3371 4125 3634 4192 ἀφεῖλεν,
3676 4121 3774 4176 ἀλλ’

2188 4210 2313 4280 οὐχὶ
2346 4212 2446 4282 τῆς
2474 4211 2688 4281 φύσεως
2718 4212 2779 4265 τὸ
2812 4212 3027 4282 ἰδίωμα.
3057 4214 3199 4266 Αύτο
3228 4214 3285 4266 δέ
3317 4214 3493 4267 τοῦτο
3521 4216 3607 4277 τίς
3632 4212 3783 4267 ἀστέ-

2191 4323 2299 4376 ρων
2331 4304 2544 4374 κίνησις
2572 4304 2667 4358 καὶ
2698 4304 2884 4375 σχῆμα
2904 4304 2971 4358 τά
3001 4303 3101 4374 μὲν
3133 4306 3211 4367 είς
3241 4305 3487 4372 ἀλόγους
3520 4306 3592 4357 τά
3614 4304 3671 4357 δέ
3708 4302 3781 4365 είς

2186 4396 2436 4464 λογικοὺς
2456 4395 2787 4465 διεκλήρωσε
2815 4410 2831 4459 ;
2878 4396 2961 4457 τίς
2990 4394 3047 4447 δὲ
3079 4395 3170 4448 ὑσὶ
3200 4395 3298 4465 μὲν
3323 4398 3426 4449 καὶ
3464 4395 3789 4464 ἀλεκτρυόσι

514 4504 609 4554 tim
667 4501 979 4556 hominibus
1027 4500 1330 4556 distribuit.
1402 4499 1521 4555 Jam
1585 4516 1713 4555 vero
1752 4502 1876 4571 quis
1926 4518 2076 4568 sues,

2189 4486 2285 4541 καὶ
2321 4484 2435 4550 αἰξὶ
2462 4488 2557 4538 καὶ
2590 4485 2747 4555 βουσὶ
2769 4527 2784 4551 ,
2809 4485 2905 4539 καὶ
2939 4486 2992 4540 εἴ
3018 4503 3070 4539 τι
3090 4486 3302 4549 τούτοις
3331 4487 3562 4557 ὅμοιον,
3584 4487 3674 4540 τὸν
3704 4484 3784 4539 διὰ

509 4594 675 4663 gallos
719 4594 1069 4662 gallinaceos,
1110 4608 1329 4663 capras,
1361 4593 1552 4658 boves,
1609 4602 1666 4648 et
1711 4594 1757 4648 si
1815 4594 1945 4662 quid
1998 4595 2084 4649 his

508 4686 687 4739 simile
710 4692 813 4752 est,
840 4686 907 4739 ad
936 4696 1163 4739 mortem
1202 4700 1296 4755 per
1322 4686 1560 4756 gladium
1621 4686 1958 4741 subeundam
1989 4688 2087 4741 ad-

501 4776 781 4846 judicavit,
818 4791 939 4831 cum
962 4777 1192 4845 plurima
1216 4778 1512 4832 animantia
1532 4778 1632 4833 hoc
1660 4778 1851 4833 mortis
1887 4793 2089 4847 genere

509 4884 614 4923 non
666 4868 933 4937 pereant?
986 4867 1126 4922 Olim
1174 4882 1456 4938 przeterea,
1507 4884 1630 4924 cum
1690 4869 1848 4925 idolis
1900 4870 2078 4925 sacri-

506 4958 699 5013 ﬁcandi
726 4958 861 5012 ritus
879 4958 1105 5028 vigeret,
1129 4960 1542 5016 innumerabilis
1564 4962 1758 5015 horum
1782 4976 1902 5031 quae
1922 4960 2080 5031 jugu-

504 5049 685 5102 lantur
717 5048 1005 5103 multitudo
1048 5064 1153 5102 una
1176 5064 1317 5119 szepe
1350 5049 1734 5104 immolabatur
1761 5051 1915 5104 hora.
1963 5048 2078 5103 Hoc

504 5152 634 5192 vero
658 5152 807 5194 more
834 5150 1101 5205 cessante,
1140 5152 1247 5193 non
1276 5138 1625 5209 perindéjam
1662 5141 1779 5194 haec
1820 5139 2079 5193 animalia

505 5228 680 5296 gladio
739 5228 1103 5298 subjiciuntur
1137 5229 1440 5284 ?Siderum
1494 5239 1673 5285 tamen
1727 5231 2070 5295 constitutio,

508 5329 563 5371 ut
618 5318 690 5373 illi
727 5318 1099 5388 loquerentur,
1148 5328 1463 5374 constanter
1526 5322 1776 5375 eumdem
1843 5337 2065 5377 cursum

510 5420 699 5476 tenes,
734 5413 1071 5483 inaequaliter
1121 5412 1255 5467 adeo
1295 5413 1484 5466 horum
1521 5414 1839 5469 animalium
1886 5415 2079 5469 condi-

510 5504 712 5557 tionem
737 5503 1065 5579 immutavit,
1092 5519 1213 5574 quae
1245 5515 1563 5563 caeterorum
1590 5508 1829 5575 priscum
1860 5507 2075 5561 vivendi

2191 4579 2467 4651 μαχαίρας
2489 4578 2708 4632 ἐδίκασε
2729 4578 2773 4608 ⁸⁸
2808 4578 3041 4632 Θάνατον
3065 4620 3079 4643 ,
3112 4579 3182 4633 τά
3205 4579 3263 4633 δὲ
3298 4580 3545 4635 πλεῖστα
3572 4579 3679 4633 τῶν
3703 4578 3785 4632 ἄλο

2187 4670 2295 4723 λων
2317 4668 2473 4732 ζώων
2499 4669 2598 4738 τὴν
2642 4667 2902 4738 τοιαύτην
2932 4671 3033 4722 ούκ
3063 4666 3201 4722 οἶδεν
3220 4669 3264 4701 ⁸³
3291 4671 3404 4738 ἐπή
3417 4687 3617 4740 ρειαν;
3659 4667 3786 4723 ἀλλά

2188 4762 2285 4816 καὶ
2311 4761 2519 4813 τούτων
2548 4760 2657 4812 τῶν
2679 4759 2725 4791 ⁸⁸
2762 4759 3171 4829 ἀναιρουμένων
3196 4762 3369 4813 πάλαι
3404 4763 3512 4831 μὲν
3531 4804 3545 4825 ,
3576 4762 3678 4830 τῆς
3714 4761 3787 4812 εἰ-

2187 4849 2519 4913 δωλοθυσίας
2540 4850 2982 4919 ἐπικρατούσης,
3023 4852 3251 4921 ἄπειρον
3282 4850 3416 4923 [557
3452 4851 3548 4923 IL]
3583 4855 3642 4904 ἐν
3678 4850 3788 4921 ὥρα

2191 4944 2291 5014 μιᾷ
2328 4940 2624 4997 κατεθύετο
2674 4941 2877 5008 πλῆθος
2902 4958 2917 4972 ·
2974 4942 3069 4995 νῦν
3112 4942 3171 4995 δὲ
3222 4943 3544 5013 παυθεὶσης
3581 4942 3790 5010 ἐκείνης

2188 5037 2286 5106 οὐχ
2315 5034 2515 5106 ὁμοίως
2543 5037 2605 5089 τὸ
2635 5033 2788 5101 ξίφος
2816 5034 3144 5105 ύπέρχονται
3178 5051 3193 5101 ;
3218 5036 3331 5089 Καὶ
3375 5036 3498 5089 τῶν
3547 5035 3789 5105 ἀστέρων

2189 5134 2219 5185 ό
2264 5131 2652 5202 σχηματισμὸς
2675 5169 2691 5195 ,
2719 5129 2793 5191 ὡς
2827 5127 2894 5181 ἂν
2927 5131 3123 5181 ἐκεῖνοι
3157 5130 3315 5198 φαῖεν
3341 5169 3358 5194 ,
3404 5126 3791 5189 ἀναλλοιώτως

2186 5226 2279 5280 τὸν
2302 5226 2465 5278 αὐτὸν
2493 5223 2833 5295 ἐξομαλίζων
2855 5223 3053 5294 δρόμον
3072 5260 3088 5285 ,
3123 5222 3266 5275 οὓτω
3290 5223 3393 5293 μὲν
3418 5223 3493 5275 τὰ
3521 5223 3654 5291 περὶ⁷
3674 5217 3790 5272 τού-

2189 5335 2300 5370 των
2332 5318 2637 5387 ἀνωμάλως
2672 5316 2993 5387 ἐξηλλοίωσε
3012 5355 3027 5381 ,
3072 5315 3181 5369 τῶν
3211 5316 3257 5368 δ’
3302 5315 3493 5369 ἄλλων
3520 5315 3681 5378 ζώων
3706 5312 3793 5364 τὸν

2190 5415 2393 5485 τρόπον
2438 5416 2539 5482 τῆς
2586 5413 2820 5482 ἀρχαίας
2864 5412 3010 5477 ζωῆς
3037 5412 3099 5463 οὐ
3136 5410 3465 5481 μετέῦαλεν.
3518 5411 3585 5463 Ei
3612 5408 3669 5460 δὲ
3704 5418 3788 5458 καί

2192 5525 2316 5563 τινα
2347 5507 2750 5580 παραπλησίως
2786 5508 2994 5561 τούτων
3048 5505 3507 5575 μεταδέὸληκεν,
3555 5500 3678 5557 ἀλλ’
3714 5500 3771 5552 ὅτ

1816 5662 2053 5718 VARI/1‘]
2080 5661 2492 5718 LECTIONES.

570 5773 617 5807 “
644 5775 750 5831 τῶν
770 5779 889 5833 ad].
916 5782 979 5835 Λ.
1059 5780 1098 5811 ⁵⁸
1123 5781 1227 5833 τῶν
1261 5780 1314 5833 δὲ
1342 5778 1497 5843 ζώων
1535 5797 1595 5844 ς.
1676 5781 1719 5813 ⁸⁸
1755 5782 2038 5837 ἐδικαίωσε
2070 5799 2131 5845 ς.

2216 5783 2257 5813 δ’
2286 5777 2423 5833 εἶδεν
2446 5776 2507 5843 ς.
2587 5779 2634 5809 ⁵⁵
2660 5776 2771 5830 τῶν
2831 5793 2939 5831 om.
3013 5777 3155 5832 libri.
