4032 6448
365 348 477 414 861

1426 354 1949 417 BIBLICYI‘HECA.
1987 376 2057 388 —
2093 353 2260 414 COD.
2305 354 2622 414 CCXXIII.

3497 347 3607 414 86:2

367 460 446 530 μὴ
467 457 645 514 πάντα
674 460 809 533 μηδὲ
834 461 905 516 τὰ
932 461 1158 518 πλεῖστα
1176 506 1190 531 ,
1216 464 1367 519 οὐδὲν
1393 462 1560 538 ἦττον
1590 470 1619 523 6
1639 467 1748 521 τῶν
1771 464 1936 521 amt:

2042 468 2255 522 modum
2312 468 2632 523 invariatum
2684 467 2919 536 reliquit.
2986 466 3137 534 Quod
3196 470 3240 522 si
3295 466 3435 521 forte
3490 466 3594 518 alia

366 568 482 622 ρων
508 552 711 621 ὁμαλὸς
745 553 942 625 δρόμος
977 556 1072 611 καὶ
1101 558 1236 628 πρὸς
1255 559 1298 591 ’⁵⁸
1333 560 1690 631 ἀπαράϐατον
1718 559 1933 627 ἀνάγκη

359 640 766 712 διεχλεύασται.
811 647 952 701 Ἀλλ’
980 649 1060 712 είς
1078 649 1234 703 τοῦτο
1251 651 1296 682 ⁵⁸
1329 652 1426 721 μὲν
1456 651 1691 722 πέρατος
1718 650 1814 705 καὶ
1841 651 1869 703 6
1896 657 1937 701 ε’

360 730 524 800 λόγος
554 737 647 788 καὶ
670 736 730 788 τὸ
750 743 797 805 γ’
827 739 923 793 καὶ
954 745 1008 809 μ’
1042 741 1339 810 κεφάλαιον
1378 743 1699 813 καταλήγει.

2041 573 2255 627 quoque
2285 561 2542 615 nonnulla
2576 562 2644 613 ad
2690 560 2833 614 hunc
2873 558 2988 613 fere
3041 558 3259 614 modum
3322 558 3604 611 immutata

2043 655 2194 710 sunt,
2224 651 2440 716 quando
2470 649 2523 703 id
2555 663 2730 717 neque
2758 649 2810 703 in
2842 648 3117 713 omnibus,
3142 660 3316 716 neque
3347 646 3398 698 in
3435 644 3605 713 pluri-

2044 738 2149 793 mis
2168 738 2384 804 accidit,
2416 740 2693 808 aequabilis
2722 740 3074 795 nihilominus
3133 748 3404 791 astrorum
3466 747 3599 787 cur-

362 838 486 887 sus,
513 828 570 877 et
614 823 832 895 insuper
865 828 1319 887 incommutabilis
1352 832 1442 886 illa
1489 832 1782 889 necessitas
1801 826 2037 886 ludibrio
2059 829 2303 897 exposita
2331 840 2435 887 est.
2470 830 2538 885 Et
2556 831 2660 887 hoc
2718 832 2933 901 quidem
2999 829 3119 884 libri
3185 844 3237 893 ν,
3307 828 3607 897 capitisque

326 926 334 950 ι
361 917 759 987 quadragesimi
790 918 934 972 tertii
966 929 1263 975 extremum
1291 932 1396 981 est.

438 1006 567 1080 [689
600 1006 692 1080 ἢ]
728 1008 818 1061 Ἐν
848 1010 906 1063 δὲ
935 1012 1014 1081 τῷ
1061 1020 1114 1077 ς’
1146 1015 1244 1084 μὲν
1274 1015 1439 1084 λόγῳ,
1470 1013 1512 1068 δ’
1536 1015 1594 1069 δὲ
1627 1015 1722 1068 καὶ
1757 1020 1810 1084 μ’
1841 1029 1936 1066 κε-

2105 1008 2326 1079 2176.
2362 1005 2528 1063 Sexto
2593 1019 2775 1063 autem
2824 1010 2962 1064 libro
2999 1019 3054 1065 et
3089 1010 3265 1078 capite
3305 1009 3606 1078 quadrage-

366 1099 584 1170 φαλαίῳ
610 1099 784 1153 ταῦτα
813 1101 1124 1158 ὑποϐάλλει·
1155 1107 1217 1158 Εί
1251 1107 1350 1176 τῆς
1377 1106 1661 1175 γενέσεως,
1698 1104 1884 1174 φησιν,
1909 1106 1939 1158 6

2042 1096 2171 1151 simo
2200 1107 2393 1166 quarto
2411 1097 2526 1152 haec
2553 1098 2792 1166 subjicit.
2826 1101 2881 1153 Si
2910 1114 3168 1169 geneseos
3198 1114 3409 1162 cursus,
3435 1099 3531 1162 ait,
3574 1115 3605 1153 e

370 1188 563 1259 δρόμος
591 1190 700 1244 ἀπὸ
726 1191 831 1261 γῆς
851 1193 943 1247 τὸν
961 1193 1244 1265 ἄνθρωπον
1272 1197 1366 1249 καὶ
1391 1198 1460 1251 τὰ
1484 1196 1621 1251 ἀλλα
1649 1197 1759 1249 τῶν
1783 1196 1939 1260 ζώων

375 1280 682 1344 ἀπετέλεσε,
717 1283 834 1347 πῶς
880 1285 996 1339 νυνὶ
1042 1286 1210 1355 χωρὶς
1259 1286 1438 1357 γάμου
1484 1286 1607 1340 οὔτε
1654 1286 1941 1357 ἄνθρωπον

374 1373 495 1427 οὔτε
522 1373 594 1427 τὰ
630 1374 800 1444 μυρία
828 1375 943 1447 εῖδη
963 1376 1072 1432 τῶν
1102 1376 1255 1440 ζώων
1284 1380 1532 1450 οὐδαμῶς
1560 1379 1877 1450 προάγουσα
1893 1378 1939 1409 ⁸⁷

368 1463 645 1518 δείκνυται
663 1481 679 1532 ;
703 1465 769 1519 El
791 1465 850 1520 δέ
868 1483 989 1519 τινα
1011 1466 1212 1522 τούτων
1236 1468 1331 1521 καὶ
1350 1470 1739 1538 νυνὶςπροάγει,
1753 1467 1941 1537 ὥσπερ

367 1553 662 1625 σκώληκας
683 1555 777 1609 καὶ
802 1556 1029 1610 τοιαῦτα
1044 1556 1090 1589 ⁸⁸
1113 1557 1251 1621 ἔνια,
1276 1559 1391 1628 πῶς
1423 1557 1500 1629 μὴ
1520 1558 1613 1612 καὶ
1637 1557 1815 1611 πάντα
1839 1558 1941 1611 ὅσα

369 1646 577 1715 ὁμοίως
606 1646 702 1699 ἀπ’
730 1647 906 1718 ἀρχῆς
933 1648 1033 1720 τῆς
1069 1648 1175 1719 γῆς
1217 1649 1383 1715 ἔδειξε
1408 1650 1684 1718 φυόμενα;
1724 1649 1862 1702 Ἀλλ’
1890 1650 1939 1701 εί

370 1734 471 1788 καὶ
498 1734 699 1807 δρόμος
741 1737 987 1808 ἀστέρων
1015 1739 1141 1802 τοὺς
1167 1738 1486 1810 ἀνθρώπους
1512 1739 1621 1793 ἀπὸ
1662 1739 1769 1809 γῆς
1806 1741 1939 1793 κατ’

364 1823 545 1895 ἀρχὰς
589 1824 812 1889 ἔπλασε,
847 1826 967 1890 πῶς
990 1828 1113 1899 οὐχὶ
1160 1830 1254 1883 καὶ
1292 1832 1539 1902 τεχνίτας
1567 1831 1763 1885 αὐτίκα
1795 1849 1936 1903 συμ-

363 1916 705 1985 προήγαγεν,
736 1916 872 1971 ἀλλά
892 1917 1072 1991 πολλῷ
1092 1920 1269 1991 χρόνῳ
1289 1921 1415 1975 ῦστε
1424 1938 1515 1991 ρον
1536 1922 1821 1993 τεκτονικὴ
1844 1924 1939 1978 καὶ

360 2008 636 2078 ὑφαντικὴ
670 2010 765 2064 καὶ
810 2009 1056 2082 ἱστορικὴ
1084 2012 1394 2083 γεωμετρία
1424 2030 1483 2067 τε
1530 2013 1627 2068 καὶ
1676 2014 1939 2087 ῥητορικὴ

363 2101 460 2153 καὶ
493 2101 683 2171 μυρίαι
711 2101 900 2173 τέχναι
925 2102 1083 2158 ἄλλαι
1114 2103 1396 2175 λογισμοῖς
1434 2104 1799 2176 ἀνθρωπίνοις
1843 2108 1936 2160 εὑ-

365 2190 606 2261 ρέθησάν
635 2209 695 2246 τε
727 2194 822 2248 καὶ
848 2195 1201 2263 ὲπεγένοντο;
1230 2196 1292 2249 Εἰ
1314 2196 1369 2249 δὲ
1398 2196 1494 2249 καὶ⁵
1523 2197 1805 2267 προελθεῖν
1830 2198 1940 2253 ἀπὸ

358 2283 466 2354 γῆς
492 2285 860 2357 ἐπιστήμονας
882 2288 1009 2350 τοὺς
1033 2287 1353 2358 ἀνθρώπους
1372 2289 1806 2359 τερατεύσοιντο,
1821 2292 1940 2356 πῶς

356 2376 484 2429 τότε
519 2379 615 2449 μὲν
639 2381 768 2435 ἄνευ
793 2378 1082 2450 μαθήσεως
1105 2380 1468 2449 ἐπιστήμονες
1489 2380 1803 2449 ἀνεφύοντο,
1822 2384 1938 2438 νυνὶ

355 2468 418 2521 δὲ
447 2469 631 2533 πόνοις
659 2470 752 2523 καὶ
780 2468 1033 2539 μελέταις
1068 2468 1221 2539 μόλις
1250 2468 1576 2539 κατορθοῦσι
1621 2470 1722 2543 τὴν
1764 2473 1938 2545 μάθη-

358 2576 485 2626 σιν;
521 2559 631 2615 Ποῦ
661 2560 707 2613 δ’
735 2560 829 2614 οὖν
868 2560 1074 2630 οἴχεται
1100 2559 1297 2635 δρόμος
1325 2562 1530 2625 ἐκεῖνος
1558 2562 1587 2613 6
1614 2561 1841 2627 παλαιὸς
1858 2605 1874 2629 ,
1910 2567 1939 2617 6

360 2652 494 2715 τοὺς
538 2651 655 2721 ἅμα
699 2655 764 2724 τῇ
816 2652 1027 2723 προόδῳ
1078 2654 1274 2722 σοφοὺς
1294 2652 1339 2684 ⁸⁸
1392 2652 1777 2720 ἁναπλάττων;
1830 2655 1940 2709 Καὶ

360 2743 528 2797 πόθεν
559 2744 629 2798 τὰ
651 2743 746 2797 νῦν
772 2744 1068 2815 ἀντανέστη
1096 2744 1126 2797 6
1156 2743 1284 2807 τοὺς
1312 2744 1604 2813 αὐτοφυεῖς
1636 2746 1938 2817 ἐπιστήμο-

359 2855 458 2900 νας
487 2839 670 2900 πόνοις
701 2835 1047 2907 προϐιὸάζων
1076 2836 1172 2891 καὶ
1204 2839 1387 2909 μακρᾷ
1416 2837 1649 2909 μελέτης
1683 2839 1748 2892 Τί
1778 2839 1821 2891 δ’
1844 2835 1939 2893 οὖν

358 2930 393 2979 6
416 2927 698 2997 μιαιφόνος
729 2927 998 3013 ἔπραττεν
1018 2928 1190 2998 ’Δρης
1210 2929 1329 2981 τότε
1351 2929 1461 2982 τῶν
1486 2928 1787 3000 ἀνθρώπων
1807 2948 1910 2985 κατ
1925 2933 1939 2954 ’

358 3019 611 3090 ἀλλήλων
657 3019 754 3089 οὐχ
799 3017 1204 3087 ὁπλιζομένων;
1251 3019 1363 3073 Ποῦ
1409 3020 1454 3074 δ’
1483 3023 1513 3074 6
1562 3023 1814 3091 βασιλέας
1844 3024 1939 3077 καὶ

2037 1198 2179 1243 terra
2211 1189 2481 1244 hominem
2515 1201 2818 1259 ceteraque
2852 1192 3104 1245 animalia
3152 1193 3436 1261 produxit,
3472 1209 3606 1260 quo-

2041 1281 2201 1335 modo
2233 1295 2379 1336 nunc
2406 1282 2523 1336 sine
2547 1281 2800 1352 coniugio
2824 1297 3157 1351 nequaquam
3191 1283 3274 1335 vel
3307 1284 3604 1345 hominem,

2041 1373 2121 1426 vel
2150 1372 2328 1426 varias
2369 1372 2488 1428 illas
2518 1375 2876 1428 animantium
2908 1374 3114 1443 species
3177 1375 3479 1444 producere
3508 1375 3606 1426 de-

2040 1464 2439 1533 prehenditur?
2465 1463 2617 1530 Quod
2665 1464 2709 1519 si
2744 1474 2799 1519 et
2838 1481 2983 1519 nunc
3017 1467 3265 1533 quaeJam
3309 1480 3494 1518 corium
3526 1463 3605 1518 sic

2041 1556 2309 1623 producit,
2338 1571 2552 1611 vermes
2583 1566 2711 1626 puta
2760 1566 2815 1610 et
2848 1557 2899 1610 id
2930 1572 3099 1624 genus
3146 1556 3425 1620 nonnulla,
3470 1570 3605 1623 quo-

2041 1648 2200 1702 modo
2252 1663 2354 1703 non
2398 1648 2558 1702 etiam
2617 1649 2799 1703 omnia
2883 1648 2988 1702 alia
3043 1662 3375 1717 quaecunque
3414 1646 3601 1701 eodem

2041 1743 2199 1795 modo
2237 1755 2269 1795 ο
2318 1751 2460 1795 terra
2510 1742 2577 1795 ab
2627 1740 2780 1794 initio
2835 1747 3094 1810 prognata
3142 1735 3427 1792 exhibuit?
3454 1735 3524 1789 At
3556 1734 3600 1789 si

2039 1835 2181 1889 forte
2209 1833 2490 1889 stellarum
2530 1848 2724 1889 cursus
2764 1834 3014 1887 homines
3062 1847 3093 1887 e
3144 1843 3285 1887 terra
3314 1832 3465 1885 initio
3496 1832 3605 1884 lor-

2039 1922 2226 1988 mavit,
2258 1936 2357 1976 cur
2382 1936 2487 1975 non
2532 1937 2629 1977 eos
2662 1922 2735 1977 ita
2782 1921 3053 1991 produxit,
3091 1930 3151 1975 ut
3192 1919 3351 1975 simul
3395 1919 3604 1973 artibus

2041 2014 2289 2068 instructi
2331 2013 2657 2083 prodirent?
2690 2014 2785 2067 sed
2813 2013 2971 2084 longo
3007 2021 3129 2081 post
3156 2022 3397 2081 tempore
3435 2021 3491 2065 et
3525 2010 3606 2063 fa-

2037 2104 2192 2161 brilis
2233 2118 2325 2159 ars
2365 2114 2528 2172 atque
2571 2104 2827 2170 textoria,
2868 2113 2922 2158 et
2969 2102 3252 2167 historica,
3286 2102 3605 2170 geometria,

2039 2197 2335 2261 rhetorica,
2384 2196 2613 2265 aliaeque
2686 2197 2980 2251 innumerae
3024 2204 3169 2249 artes
3207 2195 3444 2249 humano
3477 2202 3606 2249 sunt

2040 2291 2253 2359 ingenio
2278 2289 2511 2359 primum
2548 2287 2865 2357 excogitata:
2897 2295 3060 2355 atque
3092 2286 3320 2340 inducta:
3341 2288 3367 2339 Υ
3390 2284 3446 2339 Si
3476 2300 3606 2339 vero

2038 2383 2349 2456 provenisse
2376 2380 2622 2437 homines
2651 2379 2779 2434 olim
2806 2378 3030 2434 scientia
3069 2379 3362 2432 instructos
3389 2391 3424 2431 e
3460 2386 3602 2429 terra

2048 2484 2355 2544 nugentur:
2380 2473 2650 2542 quomodo
2685 2479 2813 2524 tunc
2843 2470 2961 2524 sine
2989 2468 3272 2539 disciplina
3304 2468 3447 2522 doeti
3478 2478 3605 2520 sunt

2039 2568 2174 2633 nati,
2213 2565 2307 2636 qui
2336 2580 2479 2620 nunc
2504 2564 2590 2619 vix
2629 2563 2813 2618 multis
2842 2561 3114 2616 laboribus
3140 2570 3303 2630 atque
3333 2558 3602 2613 exercita-

2041 2656 2275 2712 tionibus
2322 2655 2623 2710 doctrinam
2656 2651 2891 2723 parant?
2926 2650 3043 2717 Quo
3088 2664 3228 2704 nunc
3258 2649 3421 2719 igitur
3451 2656 3606 2701 vetus

2046 2747 2136 2802 ille
2170 2761 2362 2802 cursus
2394 2745 2641 2807 recessit,
2670 2746 2759 2814 qui
2787 2744 2855 2798 ab
2889 2742 3007 2812 ipso
3037 2754 3157 2796 ortu
3191 2740 3466 2809 sapientes
3504 2738 3605 2792 ho-

2039 2840 2212 2894 mines
2265 2837 2661 2908 lingebatiaut
2708 2836 2848 2889 unde
2895 2834 2986 2888 hic
3037 2841 3222 2887 noster
3260 2831 3479 2901 prodiit,
3512 2830 3607 2899 qui

2038 2940 2228 2986 natura
2261 2944 2357 2985 sua
2388 2930 2591 3000 peritos
2634 2926 2849 2982 nonnisi
2904 2939 3001 2995 per
3040 2924 3251 2977 labores
3285 2937 3349 2976 ac
3397 2922 3606 2989 Iungam

2038 3019 2482 3076 exercitationem
2520 3016 2814 3087 provehit?
2837 3014 2973 3083 Quid
3008 3014 3173 3084 igitur
3205 3011 3436 3068 crudelis
3466 3011 3613 3066 Mars

359 3114 629 3183 ἄρχοντας
656 3112 825 3167 ποιῶν
844 3113 952 3165 τῶν
971 3112 1213 3183 ἀστέρων
1238 3112 1455 3183 δρόμος,
1483 3113 1705 3179 πολλαῖς
1727 3118 1938 3183 γενεαῖς

2043 3126 2154 3171 tum
2198 3112 2450 3179 faciebat,
2484 3127 2605 3167 cum
2637 3110 2885 3166 homines
2919 3108 2971 3162 in
3000 3118 3238 3161 mutuam
3270 3104 3470 3157 caedem
3501 3117 3613 3155 non

360 3204 594 3273 ὕστερον
619 3205 712 3258 καλ⁸
740 3205 800 3258 τὸ
825 3203 967 3258 κατά
992 3203 1185 3275 κώμας
1214 3206 1403 3271 οἰκεῖν,
1438 3208 1512 3278 μή
1543 3207 1597 3260 τί
1625 3223 1689 3275 γε
1725 3208 1881 3264 πόλιν
1904 3210 1937 3280 ἢ

360 3294 540 3365 ἀρχὴν
583 3293 779 3348 εἰδέναι
827 3294 1268 3366 ὲπινοησάντων;
1301 3295 1391 3349 διά
1430 3296 1484 3350 τί
1524 3297 1583 3352 δὲ
1626 3298 1793 3353 πάλαι
1840 3301 1941 3370 μὲν

358 3386 642 3457 ἄνθρωποι
674 3385 880 3457 τεχνῶν
922 3387 1288 3457 ἐχρημάτιζον
1330 3388 1575 3460 εὑρεταὶ,
1610 3390 1706 3444 νῦν
1734 3391 1792 3444 δὲ
1821 3394 1943 3456 ταῖς

362 3476 755 3548 ὲξευρημέναις
796 3477 1124 3547 ἀρκούμενοι
1165 3479 1478 3550 περαιτέρω
1526 3482 1807 3551 προελθεῖν
1841 3484 1942 3537 οὐκ

362 3568 702 3632 ὲπινοοῦσινς
737 3569 811 3622 Ἢ
844 3568 1001 3639 δῆλον
1029 3571 1111 3623 ὅτι
1154 3572 1184 3622 6
1220 3570 1374 3642 παρά
1401 3573 1536 3628 Θεοῦ
1577 3576 1691 3639 τοῖς
1731 3576 1943 3648 ἀνθρώ.

361 3678 490 3724 ποις
515 3661 687 3725 δοθεὶς
714 3661 858 3727 νοῦς,
894 3663 1071 3734 χρόνῳ
1100 3664 1194 3717 καὶ
1223 3666 1369 3735 πόνῳ
1397 3667 1490 3720 καὶ
1518 3671 1626 3737 πρό
1650 3685 1712 3737 γε
1736 3669 1942 3725 τούτων

358 3754 427 3820 τῇ
455 3750 663 3805 ἄνωθεν
694 3753 954 3822 συνεργίᾳ
980 3753 1049 3806 τὰ
1078 3753 1214 3823 πρὸς
1247 3755 1339 3808 τὸν
1368 3754 1484 3825 βίον
1510 3759 1757 3829 χρήσιμα
1789 3760 1942 3827 ἐξευ-

363 3842 498 3913 ρὼν,
531 3843 662 3914 ἔστη
692 3842 790 3897 τοῦ
816 3846 1151 3915 πορρωτέρω
1176 3848 1272 3900 καὶ
1305 3848 1484 3918 μάτην
1516 3852 1943 3921 ὲνταλαιπωρεῖ-

362 3934 492 3988 σθαι
518 3936 639 3997 ταῖς
671 3935 958 3999 ἐπινοίαις.
990 3937 1116 4001 Πῶς
1153 3938 1211 3990 δὲ
1251 3937 1347 3992 τοῦ
1375 3938 1541 3993 αὐτοῦ
1572 3942 1762 4008 γένους
1791 3943 1943 4007 ἔθνος

359 4025 464 4095 μὲν
493 4022 782 4094 ὁλόκληρον
808 4026 971 4095 κομᾷ,
997 4025 1126 4079 ἄλλο
1148 4025 1204 4079 δὲ
1230 4026 1507 4099 κείρεται;
1541 4031 1652 4084 Καὶ
1682 4031 1810 4085 ἄλλο
1842 4033 1941 4103 μὲν

358 4117 729 4188 μητρογαμεῖ,
750 4116 819 4168 τὰ
850 4116 1018 4169 πλείω
1041 4117 1097 4169 δὲ
1124 4118 1373 4188 μυσαράν
1396 4120 1496 4189 τὴν
1521 4122 1722 4190 πρᾶξιν
1747 4122 1942 4193 ἡγοῦν-

353 4223 488 4271 ταις
530 4209 639 4261 Καὶ
672 4208 895 4279 μυρίαις
922 4209 1108 4272 ἄλλαις
1141 4212 1636 4281 κατατέμνονται⁵⁰
1659 4215 1943 4285 διαφοραῖς

351 4298 563 4367 νόμων,
601 4298 749 4367 βίων,
782 4298 919 4353 ἐθῶν
940 4314 953 4329 ⁸
988 4302 1083 4353 καὶ
1108 4300 1284 4363 οὐδεὶς
1308 4302 1554 4371 ἀστέρων
1585 4303 1786 4374 δρόμος
1816 4304 1941 4359 οὔτε

350 4391 490 4454 τοὺς
536 4393 784 4462 κομήτας
814 4392 989 4462 κείρει
1010 4434 1027 4458 ,
1060 4393 1184 4446 οὔτε
1214 4394 1339 4455 τοὺς
1376 4395 1733 4464 κειρομένους
1764 4398 1942 4468 κομᾷν

2040 3206 2429 3263 armarentur?
2475 3204 2577 3261 Ubi
2632 3213 2905 3257 astrorum
2951 3213 3149 3253 cursus
3200 3196 3290 3252 ille
3323 3210 3506 3262 regum
3555 3203 3612 3248 et

2039 3296 2345 3368 principum
2385 3293 2569 3348 multis
2618 3301 2739 3360 post
2785 3288 3020 3351 saaculis,
3063 3295 3121 3339 ut
3161 3294 3216 3340 et
3251 3298 3414 3354 pagos
3457 3281 3611 3336 habi-

2040 3386 2189 3441 tandi
2215 3393 2420 3447 auctor,
2442 3398 2563 3439 cum
2583 3393 2756 3449 neque
2781 3386 2960 3433 mente
2989 3374 3205 3445 quidem
3234 3373 3418 3426 urbem
3444 3370 3613 3424 ullam

2042 3489 2134 3537 aut
2186 3477 2474 3546 imperium
2527 3473 2776 3527 homines
2810 3462 3249 3535 excogitassent?
3277 3460 3384 3517 Cur
3428 3460 3613 3514 adbzcc

2040 3574 2168 3630 olim
2207 3570 2456 3625 homines
2502 3564 2696 3618 artium
2736 3562 3047 3616 inventores
3091 3563 3267 3616 erant,
3295 3567 3439 3607 nunc
3478 3565 3612 3605 vero

2040 3662 2277 3721 inventis
2320 3656 2560 3714 contenti
2609 3653 2822 3720 longius
2868 3648 3122 3719 progredi
3180 3661 3285 3699 non
3339 3644 3612 3698 student?

2042 3753 2382 3808 Manifestum
2426 3756 2576 3801 certe
2619 3747 2800 3798 datam
2833 3756 2863 3794 a
2894 3738 3005 3794 Deo
3053 3736 3361 3792 hominibus
3411 3733 3613 3788 intelli-

2042 3844 2201 3917 gendi
2230 3842 2363 3904 vim,
2392 3846 2512 3908 post
2537 3838 2749 3889 inventa
2787 3847 2908 3887 cum
2951 3839 3194 3896 tempore
3230 3835 3283 3879 et
3318 3824 3521 3886 labore,
3550 3840 3614 3877 ac

2044 3912 2385 4004 potissimum
2433 3939 2554 3980 cum
2590 3919 2801 3977 caelesti
2853 3917 3052 3972 auxilio
3094 3930 3155 3968 ea
3190 3928 3307 3982 qua:
3338 3912 3404 3964 ad
3449 3914 3615 3964 vitam

2045 4025 2298 4079 tuendam
2340 4028 2498 4075 erant
2536 4016 2712 4079 utilia,
2744 4014 2856 4085 jam
2889 4010 3221 4075 constitisse,
3258 4022 3433 4075 neque
3473 4005 3614 4059 ultra

2044 4117 2337 4186 quidquam
2370 4111 2575 4166 frustra
2610 4104 3086 4162 comminiscendis
3108 4101 3263 4155 novis
3289 4099 3613 4153 allaborare.

2043 4209 2328 4275 Quomodo
2360 4206 2490 4259 item
2515 4201 2757 4271 ejusdem
2793 4197 3085 4268 provinciae
3122 4196 3409 4248 totaonatio
3438 4191 3617 4259 aliqua

2044 4316 2258 4356 comam
2287 4296 2483 4359 nutrit,
2514 4294 2618 4348 alia
2644 4289 2936 4346 tondetur?
2975 4288 3043 4342 Et
3069 4286 3313 4356 quaedam
3341 4298 3473 4354 gens
3503 4299 3617 4335 ma-

2048 4395 2218 4449 tribus
2247 4390 2529 4451 miscetur,
2554 4387 2732 4455 plures
2755 4397 2883 4437 vero
2907 4382 3047 4434 hunc
3074 4375 3471 4433 exsecrandum
3498 4388 3621 4427 esse

353 4455 696 4549 ἐκϐιάζεται,
728 4483 847 4537 οὐδὲ
882 4455 1019 4554 [ἔσθε
1040 4482 1137 4555 Η.]
1168 4484 1235 4537 τὰ
1264 4484 1400 4538 ἄλλοι
1428 4455 1689 4555 π’ρέὶττειν
1712 4455 1935 4554 ante,

2048 4499 2253 4541 morem
2300 4481 2543 4539 ducunt?
2576 4478 2689 4533 Etsi
2730 4476 2850 4529 aliis
2878 4474 3099 4540 insuper
3139 4466 3621 4524 innumerabilibus

354 4576 462 4638 ὅσα
487 4577 597 4639 τοῖς
633 4575 784 4646 παρά
817 4575 971 4642 σφίσι
1000 4574 1187 4645 νόμοις
1218 4575 1320 4628 οὐκ
1344 4575 1567 4645 ἔμαθον.
1598 4578 1711 4633 Καὶ
1740 4580 1811 4634 τά
1837 4581 1939 4652 μὲν

348 4666 451 4719 τοῦ
481 4667 746 4737 παρόντος
774 4663 1072 4734 κεφαλαίου
1101 4664 1346 4719 τοιαῦτα.

2045 4574 2369 4631 differentiis
2415 4573 2616 4641 legum,
2652 4569 2797 4633 vitae,
2829 4580 2892 4619 ac
2933 4560 3387 4617 consuetudinum
3424 4558 3621 4610 distin-

2047 4678 2308 4741 guuntur,
2357 4677 2532 4733 neque
2579 4674 2758 4715 tamen
2806 4656 2947 4710 ullus
2991 4652 3231 4708 siderum
3287 4662 3481 4704 cursus
3528 4655 3624 4703 aut

351 4770 603 4814 comatos
638 4757 843 4823 tondet,
883 4766 977 4810 aut
1000 4763 1252 4811 attonsos
1279 4772 1492 4813 comam
1516 4759 1663 4817 alere
1694 4764 1857 4835 cogit,
1885 4777 1981 4825 aut
2017 4769 2124 4825 alia
2155 4767 2291 4822 alios
2316 4763 2518 4823 facere,
2559 4771 2678 4825 quae
2705 4751 2820 4806 suis
2856 4748 2956 4820 ipsi
3028 4748 3241 4816 legibus
3294 4743 3438 4800 docti
3512 4756 3623 4796 nun

350 4861 507 4911 Sunt.
537 4851 664 4907 Haec
684 4862 864 4905 autem
892 4850 1014 4920 ipso
1040 4850 1218 4919 capite
1247 4852 1615 4907 continentur.

429 4945 523 4998 Ἐν
550 4944 606 4997 δὲ
631 4943 710 5012 τῷ
744 4943 870 5013 ἑξῆς
895 4943 1091 5011 ὲπάγει
1119 4941 1216 5005 ώς,
1243 4942 1409 4996 εί¹καὶ
1432 4942 1643 5009 δόξαιεν
1669 4951 1941 5018 καταφεύ-

348 5055 477 5107 γειν
506 5037 557 5089 οἱ
584 5036 681 5107 τῆς
730 5035 1077 5107 εἱμαρμένης
1130 5034 1362 5105 ἐρασταὶ
1391 5036 1484 5089 ἐπὶ
1517 5037 1645 5101 τοὺς
1691 5057 1941 5112 παρανα-

346 5130 664 5195 τέλλοντας,
699 5127 749 5182 οἳ
798 5126 908 5181 τῶν
956 5126 1162 5192 ζῳδίων
1195 5125 1291 5179 κοιλ⁸
1332 5126 1441 5180 τῶν
1482 5127 1770 5202 πλανήτων
1799 5136 1939 5191 εἰσιν

350 5223 537 5294 ἓτεροι
590 5222 685 5276 καὶ
732 5220 855 5285 οὔτε
900 5222 1015 5285 τοῖς
1059 5222 1159 5292 τῆς
1210 5220 1480 5289 γενέσεως
1527 5223 1937 5298 ἀποτελέσμασι

352 5314 640 5385 χαίρουσιν
671 5311 798 5367 οὔτε
842 5310 1092 5383 ἀλλήλοις
1119 5312 1435 5382 συνᾴδουσιν
1459 5353 1475 5379 ,
1506 5313 1644 5368 ἀλλά
1676 5317 1818 5371 κατά
1843 5320 1941 5383 τὰς

363 5404 468 5457 τῶν
512 5403 791 5475 κλιμάτων
839 5400 1104 5474 διαφορὰς
1150 5401 1379 5465 ἕκαστος
1427 5402 1608 5457 αὐτῶν
1652 5407 1719 5461 τὰ
1766 5409 1942 5464 οἰκεῖα

365 5498 591 5567 χορηγεῖ
632 5493 1072 5563 ἀποτελέσματα,
1104 5493 1416 5548 εἰπάτωσαν
1445 5496 1580 5567 ἡμῖν
1609 5499 1711 5551 ποῦ
1748 5500 1808 5553 τὸ
1842 5502 1943 5571 τῆς

2121 4944 2378 5002 Proximo
2404 4952 2534 4993 vero
2562 4933 2690 4988 illud
2727 4930 2980 4985 adducit:
3011 4928 3069 4983 Si
3092 4926 3253 4981 etiam
3284 4923 3375 4978 fati
3414 4930 3625 4999 amato:-

2046 5053 2140 5096 res
2186 5035 2262 5091 illi
2310 5028 2620 5101 fugiendum
2654 5031 2843 5094 putent
2880 5021 2948 5074 ad
2990 5018 3290 5074 vicinarum
3343 5014 3624 5070 stellarum

2044 5139 2269 5186 exortus
2290 5132 2433 5195 (quae
2454 5136 2483 5174 a
2505 5116 2672 5188 signis
2691 5124 2853 5183 atque
2884 5110 3115 5181 planetis
3147 5108 3371 5162 diversae
3390 5143 3405 5169 ,
3427 5103 3626 5171 218a

2044 5219 2304 5277 fatalibus
2333 5222 2595 5283 geneseos
2641 5204 2852 5260 eventis
2902 5202 3093 5256 aﬂines
3121 5213 3226 5253 non
3259 5204 3409 5257 sunt,
3445 5206 3622 5259 neque

2049 5316 2196 5370 inter
2228 5324 2288 5365 se
2317 5303 2690 5363 consentiunt,
2716 5299 2808 5352 sed
2839 5309 2936 5365 pro
2964 5294 3238 5348 climatum
3282 5284 3623 5347 differentiis,

2047 5404 2275 5475 singulae
2305 5413 2432 5455 suos
2454 5393 2799 5464 suppeditant
2817 5384 3094 5453 eventus),
3131 5383 3309 5436 dicant
3339 5378 3496 5433 velim
3526 5392 3626 5433 nn-

2050 5468 2168 5562 bis:
2192 5494 2412 5548 ubinam
2440 5487 2511 5540 sit
2541 5495 2801 5555 geneseos
2827 5480 3151 5534 inconcussa
3173 5472 3263 5527 illa
3290 5468 3521 5535 [inuitas
3546 5477 3626 5520 at-

1657 5608 1893 5667 VARIE
1932 5604 2350 5665 LICCTIONES.

426 5698 476 5773 θ’
507 5696 677 5773 πρδςῙ,
712 5699 788 5761 ὡς
813 5694 880 5763 Α.
910 5698 1000 5773 __“
1026 5697 1215 5773 τοῦτον
1258 5715 1319 5761 ς.
1393 5695 1439 5729 ⁸⁷
1471 5700 1820 5773 προσάγουσα
1867 5720 1928 5768 ς’.
2008 5703 2053 5735 ⁸⁸
2081 5702 2276 5773 ὥσπερ
2316 5698 2412 5753 καὶ
2456 5692 2620 5749 σκώλ.
2678 5688 2774 5744 καὶ
2821 5685 2888 5740 τὰ
2932 5677 3157 5735 τοιαῦτα
3189 5696 3249 5747 ς.
3324 5677 3370 5711 ⁸³
3410 5675 3624 5749 προὸδῳ

359 5769 490 5832 τοὺς
530 5768 729 5838 σοφόὺς
773 5786 834 5833 ς.
908 5768 955 5801 ⁸⁸
981 5770 1381 5839 κατατέμνεται
1411 5785 1472 5831 ς.
