4032 6464
305 415 420 476 8ϋῦ

1377 408 1902 483 BIBLIOTHECA,
1924 432 1993 441 -
2017 408 2181 468 COD.
2216 409 2532 469 CCXXIII.

3461 417 3564 478 866

370 526 538 582 Ἀλλά
568 526 675 599 γὰρ
710 526 760 579 εί
780 524 826 557 ⁸⁸
860 526 922 578 τὸ
949 525 1192 580 εὐσεϐεῖν
1237 523 1331 578 καὶ
1358 523 1642 575 δυσσεϐεῖν
1670 520 1780 575 ἀπὸ
1804 539 1888 589 γε-

2064 516 2451 573 Verumtamen
2483 521 2527 573 si
2556 519 2643 589 pie
2674 526 2769 575 aut
2794 521 2957 591 impie
2990 536 3152 593 agere
3173 536 3202 578 a
3225 524 3410 594 genesi
3441 540 3568 595 pro-

293 621 524 685 νέσεως,
552 618 858 688 λεγέτωσαν
906 619 1039 689 ἡμῖν
1082 618 1167 681 τίς
1216 617 1426 684 γένεσις
1462 618 1698 671 Eruibe
1724 618 1886 682 ποιεῖ,

292 712 382 775 τίς
415 712 478 765 δὲ
514 710 907 781 Ἐπικούρειον,
939 708 1378 779 Περιπατητικὸν
1419 710 1476 763 δὲ
1519 710 1648 763 ποία
1678 710 1712 780 ἢ
1742 709 1889 764 Πλα-

296 804 571 867 τωνικόν;
607 803 703 866 Τίς
730 800 1018 873 λατρεύειν
1058 800 1367 871 Διόνυσονῆ
1398 802 1694 871 Δήμητραν
1724 801 1757 872 ἦ
1789 801 1889 854 Σε-

296 892 473 964 λήνην
522 892 805 964 ῆνΗλιον,
858 891 892 962 ἢ
937 892 1028 945 τὸν
1078 890 1379 960 Αἰγύπτιον
1429 892 1739 945 συνελαύνει
1790 893 1889 946 λα-

301 985 521 1056 τρεύειν
549 983 610 1037 τὸ
644 984 915 1055 πρόϐατον
945 985 979 1055 ἢ
1007 985 1097 1038 τὸν
1123 984 1260 1038 κύνα
1288 983 1322 1055 ἢ
1356 984 1447 1037 τὸν
1475 984 1756 1055 αϊλουρον;
1795 985 1891 1047 Τίς

303 1079 359 1131 δὲ
379 1079 683 1149 Μανιχαῖον
708 1077 984 1142 ἀποτελεῖ,
1004 1077 1088 1140 τίς
1109 1076 1495 1138 Οὐαλεντίνους
1518 1076 1596 1139 “;
1624 1076 1686 1129 ΕΞ
1713 1077 1769 1129 δὲ
1792 1077 1889 1134 οὐκ

310 1170 377 1224 ἂν
408 1172 565 1239 φαῖεν
594 1170 705 1223 οὐδ’
733 1170 799 1223 ἂν
852 1169 1016 1222 πλέον
1066 1167 1437 1239 θρασυνθεῖεν,
1468 1169 1526 1222 ἐν
1571 1169 1706 1237 ἡμῖν
1761 1168 1889 1238 ἄρα,

312 1262 409 1314 καὶ
435 1262 489 1313 οὐ
518 1260 621 1330 τῆς
650 1260 919 1329 γενέσεως
945 1260 1127 1332 ἔργον,
1157 1261 1218 1314 τὸ
1241 1260 1464 1315 τοιῶσδε
1494 1260 1527 1331 ἢ
1551 1259 1774 1314 τοιῶσδε
1809 1259 1895 1312 σέ-

314 1358 447 1410 ϐειν.
478 1356 542 1409 Et
566 1356 623 1409 δὲ
648 1356 826 1420 τοῦτο,
854 1358 949 1410 καὶ
980 1357 1043 1409 τὸ
1077 1356 1257 1409 σέϐειν
1290 1354 1478 1419 ἁπλῶς
1508 1355 1602 1408 καὶ
1637 1355 1711 1424 μὴ
1732 1355 1775 1385 ⁸⁷
1804 1353 1877 1406 σέ·

314 1448 456 1500 ϐεεν·
484 1450 549 1500 ὲκ
574 1448 684 1501 τῶν
718 1449 901 1519 μερῶν
932 1449 1042 1521 γὰρ
1078 1449 1139 1502 τὸ
1164 1449 1287 1502 ὅλον
1320 1448 1658 1501 συνίσταται.
1687 1447 1809 1509 Πῶς
1837 1446 1895 1499 δὲ

308 1541 409 1595 οὐκ
440 1540 782 1609 ἀλογώτατον
814 1541 1052 1613 πονηρὸν
1073 1540 1327 1609 γενέσθαι
1352 1542 1459 1593 ἀπὸ
1484 1539 1775 1609 γενέσεως,
1802 1540 1889 1593 καὶ

310 1632 589 1696 μισεῖσθαι
639 1632 747 1685 ἀπὸ
791 1635 891 1703 τῆς
910 1633 955 1665 ⁸⁸
978 1634 1151 1705 αὐτῆς
1180 1633 1272 1687 διὰ
1308 1633 1406 1703 τὴν
1437 1632 1732 1702 πονηρίαν;
1765 1630 1895 1703 [695

308 1721 402 1794 IL]
433 1721 637 1792 ὁμοίως
682 1722 777 1777 καὶ
808 1723 1013 1791 ἀγαθὸν
1055 1724 1311 1792 γενέσθαι
1362 1741 1423 1777 τε
1480 1724 1575 1777 καὶ¹
1619 1720 1894 1792 θαυμάζε-

308 1813 473 1878 σθαι;
510 1814 698 1884 μοιχὸν
722 1814 923 1884 ὁμοίως
954 1815 985 1887 ἦ
1020 1816 1207 1883 φονέα,
1235 1816 1331 1870 καὶ
1359 1815 1492 1887 δρᾷν
1516 1815 1607 1869 ὑπ’
1631 1814 1800 1883 αὐτῆς
1825 1814 1894 1866 τά

305 1906 491 1959 ἄτοπα
521 1905 863 1976 βιαζόμενον,
916 1909 1011 1961 καὶ
1052 1909 1141 1963 διὰ
1179 1910 1338 1964 τοῦτο
1372 1908 1765 1979 κολαζόμενον;
1801 1923 1891 1959 νο-

313 1997 550 2065 μοθέτας
584 1999 861 2063 καθίζειν,
896 2001 1146 2065 κολάζειν
1170 2002 1300 2065 τοὺς
1331 2001 1768 2071 ἁμαρτάνοντας,
1800 2000 1896 2052 καὶ

310 2090 535 2160 ἐτέρους
561 2089 824 2142 συνωθεῖν
856 2092 950 2145 καὶ
977 2090 1209 2156 ἄκοντας
1231 2092 1368 2161 πρὸς
1387 2093 1429 2124 ⁸⁸
1455 2091 1524 2144 τὰ
1559 2091 1893 2162 ἁμαρτήμα-

311 2201 397 2246 τι,
430 2183 527 2236 καὶ
558 2183 697 2237 ὅσων
722 2181 899 2236 ἄλλων
926 2183 1186 2237 τοιούτων
1220 2183 1417 2253 μεστὸς
1453 2184 1481 2235 ὁ
1513 2183 1628 2253 βίος
1661 2184 1892 2253 opacat;

312 2276 497 2345 Ἀπερ
544 2277 592 2329 εἰ
628 2276 728 2346 μὲν
758 2276 996 2347 ἐφ’ὴμῖν
1012 2278 1080 2339 ⁷ο,
1129 2279 1396 2351 ἡμέτερον
1434 2276 1617 2329 καὶτὸ
1646 2276 1898 2362 ἔγκλημα

308 2366 421 2419 τῶν
464 2365 845 2438 ἐργαζομένων
865 2382 880 2397 °
915 2368 964 2429 εἰ
1004 2367 1063 2421 δέ
1097 2368 1196 2437 τῆς
1225 2367 1493 2436 γενέσεως
1518 2367 1580 2420 τὸ
1608 2367 1830 2440 κράτος,
1863 2367 1898 2438 ἢ

314 2457 528 2526 μέμψις
576 2457 793 2528 ἐκείνης
839 2458 873 2530 ἢ
925 2457 1020 2512 τοῦ
1074 2459 1274 2531 ταύτην
1325 2458 1709 2528 πεποιηκότος.
1742 2455 1901 2510 Οὕτω

311 2549 654 2620 πανταχόθεν
699 2549 760 2602 τὸ
802 2551 903 2619 τῆς
928 2548 1271 2621 εἱμαρμένης
1304 2552 1442 2621 μετά
1466 2551 1559 2604 τοῦ
1591 2550 1899 2606 ἀσυστάτου

311 2640 513 2703 ἀσεϐές
541 2658 600 2693 τε
635 2641 729 2695 καὶ
760 2641 1142 2713 παλίμφημον.
1162 2643 1320 2697 Ἀλλά
1353 2642 1461 2714 γὰρ
1493 2645 1550 2697 ὲν
1574 2642 1784 2705 τούτοις
1808 2644 1900 2697 καὶ

311 2735 424 2787 τῶν
456 2734 630 2803 λόγων
656 2736 686 2787 ὁ
716 2733 875 2797 ἕκτος
904 2733 1083 2787 καὶτὸ
1112 2733 1152 2787 ε’
1180 2736 1273 2787 καὶ
1304 2734 1356 2805 μ’
1379 2733 1701 2806 ἐπερατώθη
1730 2735 1902 2801 κεφά-
1925 2797 1940 2807 ι

311 2828 493 2882 λαισν.

389 3095 484 3149 Ἐν
529 3096 586 3150 δὲ
629 3093 706 3166 τῷ
737 3094 783 3160 ζ’
815 3094 960 3167 λόγῳ
992 3093 1230 3164 ἀπορίαν
1277 3095 1400 3149 τινά
1445 3094 1608 3165 δῆθεν
1651 3096 1755 3151 ὑπὸ
1794 3097 1903 3150 τῶν

312 3188 667 3259 ἀστρολόγων
702 3187 1089 3259 προαγομένην
1120 3186 1378 3250 διατιθεὶς
1397 3228 1412 3253 ,
1443 3188 1640 3255 ἐπάγει
1677 3190 1773 3244 καὶ
1802 3189 1903 3259 τὴν

310 3282 492 3335 λύσιν.
528 3281 762 3349 Λέγουσι
790 3280 922 3352 γὰρ,
950 3280 1136 3348 φησὶν,
1171 3280 1221 3331 εἰ
1257 3279 1332 3350 μὴ
1362 3279 1470 3332 ἀπὸ
1501 3281 1601 3349 τῆς
1626 3281 1903 3352 εἱμαρμέ-

314 3390 441 3444 νης,
474 3372 638 3425 πόθεν
672 3372 739 3424 τά
769 3371 945 3437 κακὰς
979 3366 1074 3434 Οἷς
1103 3372 1632 3443 ἀποκρίνεται⁷¹,ὠς
1652 3374 1715 3428 Εἰ
1738 3375 1838 3444 μὲν
1869 3374 1906 3429 ἃ

312 3463 670 3535 διατιθέαμεν
688 3464 952 3535 ἀλλήλους
978 3465 1125 3517 κακά
1151 3466 1196 3497 ⁷³
1228 3466 1422 3537 μαθεῖν
1458 3464 1693 3520 ἐθέλοιτε
1717 3467 1905 3532 πόθεν,

317 3559 450 3621 τοὺς
477 3558 720 3628 δρῶντας
746 3558 980 3627 ὁρῶντες
1014 3558 1192 3628 μάτην
1236 3559 1416 3614 αἰτίαν
1460 3558 1628 3630 ἀλλην
1655 3561 1865 3631 ζητεῖτε
1889 3577 1904 3592 '

317 3653 369 3704 εί
418 3649 476 3703 δὲ
516 3650 553 3703 ἃ
602 3650 888 3718 πάσχομεν
932 3650 1179 3715 ἄκοντες,
1213 3650 1496 3704 καὶτοῦτο
1524 3651 1767 3724 φανερὰν
1794 3652 1908 3724 ἔχει

317 3741 421 3812 τὴν
449 3740 1018 3811 λύσιν.Ἐθολώσαμεν
1064 3743 1420 3811 παντοδαπῆς
1464 3744 1665 3806 κακίας
1711 3745 1908 3817 θυέλλῃ

317 3834 415 3885 τὸν
450 3833 583 3902 βίον,
615 3834 926 3902 πράττομεν
949 3833 986 3887 ἃ
1016 3837 1165 3904 μισεῖ
1184 3836 1277 3889 καὶ
1301 3836 1601 3905 ἀποτρέπει
1624 3837 1783 3900 Θεός³
1819 3837 1909 3891 διά

319 3923 487 3977 τοῦτο
518 3924 801 3994 πάσχομεν
837 3924 873 3977 ἂ
922 3926 999 3995 μὴ
1046 3924 1294 3996 θέλομεν,
1330 3927 1415 3979 ἵνα
1451 3928 1650 3998 μηκέτι
1681 3928 1818 4001 πρὸς
1847 3928 1909 3983 τὸ

320 4016 544 4071 πταίειν
606 4016 995 4087 ἐκφερώμεθα.
1032 4018 1106 4071 Ἢ
1167 4020 1334 4089 ἐχρῆν
1391 4018 1708 4085 ὐπευθύνως
1766 4019 1910 4075 οὕτω

322 4109 579 4180 βιοῦντας
609 4110 957 4179 εὐδαιμονίας
996 4112 1314 4176 ἀπολαύειν,
1349 4112 1435 4165 ἵνα
1477 4128 1540 4165 τε
1585 4112 1749 4166 πλέον
1777 4113 1911 4177 Θεὸς

319 4200 569 4271 ἡγνοήθη
606 4200 701 4254 καὶ
732 4200 1140 4272 προθυμότερον
1171 4201 1308 4273 πρὸς
1324 4202 1368 4233 ⁷³
1396 4202 1464 4256 τά
1488 4201 1636 4273 πάθη
1672 4220 1913 4272 καταφε-

322 4293 586 4365 ρὼμεθα;
618 4294 678 4345 Εἰ
710 4294 765 4345 δὲ
797 4293 1056 4364 πράττειν
1079 4292 1150 4346 τά
1173 4293 1351 4348 ἄτοπα
1394 4292 1484 4347 διὰ
1509 4294 1608 4364 τῆς
1636 4294 1911 4365 εἱμαρμέ-

320 4402 423 4451 νης
452 4385 479 4437 ὁ
500 4385 630 4447 Θεὸς
656 4386 801 4455 ἡμᾶς
832 4383 1239 4455 κατηνάγκαζε,
1265 4384 1382 4447 πῶς
1405 4384 1568 4439 πάλιν
1593 4386 1813 4451 κολάζει
1836 4386 1912 4450 ὡς

323 4481 703 4543 πταίσαντας;
736 4476 925 4548 ἓτερον
972 4478 1028 4530 δέ
1077 4480 1245 4542 ἐστιν,
1278 4477 1353 4540 ὼς
1395 4476 1575 4545 δῆλον,
1606 4477 1666 4531 τὸ
1697 4494 1913 4548 συγχωο

1990 609 2731 681 ﬁciscitur,explicentvelim
2754 616 2931 679 nobis,
2953 631 3071 685 qua:
3089 618 3303 686 genesis
3324 616 3567 673 Stoicum

1991 704 2226 759 reddat?
2248 719 2370 774 qua:
2402 705 2777 775 Epicureum?
2816 706 3239 777 Peripateticum
3274 710 3401 762 item
3437 724 3573 778 qna-

1989 797 2081 862 lis,
2130 807 2224 851 aut
2268 796 2659 851 Platonicum?
2692 812 2812 867 quae
2858 799 3139 853 immolare
3184 800 3419 866 Baccho,
3478 809 3573 853 aut

1990 889 2198 953 Cereri,
2249 887 2433 942 Solive
2483 898 2576 942 aut
2622 888 2832 943 Lunae?
2865 890 2995 956 Qua:
3037 889 3353 961 Egyptium
3405 906 3573 960 pecus

1992 983 2241 1047 adorare,
2268 980 2350 1035 vel
2376 993 2566 1033 canem
2596 978 2873 1034 l'elemve?
2904 996 3023 1050 qua!
3060 980 3419 1035 Manichaaum
3450 984 3576 1034 red-

1994 1073 2125 1127 dat?
2161 1086 2284 1142 quae
2320 1071 2686 1127 Valentinus?
2712 1072 2868 1137 Quod
2922 1074 2967 1127 si
3019 1073 3262 1127 indicare
3316 1074 3576 1142 nequive-

1994 1166 2124 1232 rint,
2158 1178 2225 1219 ne
2255 1178 2471 1235 quoque
2500 1162 2645 1218 ultra
2675 1178 2796 1218 sese
2839 1163 3090 1228 efferant,
3130 1177 3345 1217 moneo.
3384 1161 3439 1213 ln
3473 1176 3573 1215 no-

1996 1257 2081 1312 bis
2119 1256 2285 1325 igitur
2309 1256 2497 1320 situm,
2537 1269 2644 1309 non
2698 1255 2753 1308 in
2800 1269 3062 1325 geneseos
3108 1254 3447 1323 operatione,
3496 1254 3576 1307 sie

1997 1346 2080 1401 vel
2110 1347 2190 1399 sic
2221 1361 2417 1401 numen
2446 1345 2647 1401 colere.
2679 1343 2736 1400 Si
2759 1360 2889 1401 vero
2926 1346 3028 1400 hoc
3054 1362 3069 1399 :
3099 1346 3286 1414 utique
3311 1355 3363 1399 et
3398 1345 3578 1398 colere

1997 1439 2336 1509 simpliciter,
2380 1446 2435 1492 et
2490 1436 2759 1509 [omnino]
2808 1452 2914 1492 non
2970 1437 3189 1492 colere:
3244 1452 3276 1491 e
3329 1437 3578 1503 patrihus

1998 1532 2143 1587 enim
2188 1542 2360 1585 totum
2404 1542 2641 1587 constat.
2677 1532 2960 1600 Quomodo
2995 1542 3176 1586 autem
3222 1547 3328 1585 non
3379 1530 3577 1585 absur-

1999 1622 2284 1677 dissimum
2320 1622 2449 1677 illud
2488 1624 2579 1689 sit,
2613 1625 2921 1692 improbum
2954 1639 3050 1693 per
3081 1624 3326 1694 genesim
3354 1622 3496 1682 ﬁeri.
3524 1631 3581 1676 et

2002 1718 2177 1772 eidem
2215 1727 2397 1771 tamen
2432 1716 2803 1787 improbitatis
2832 1717 3053 1770 nomine
3077 1716 3204 1769 odio
3227 1715 3398 1770 esse?
3430 1715 3581 1768 simi-

2001 1808 2125 1862 liter
2152 1818 2207 1862 et
2244 1810 2444 1863 bonum
2490 1807 2629 1875 ﬁeri,
2660 1817 2825 1877 atque
2847 1808 3203 1867 admirationi
3241 1822 3381 1870 esse,
3413 1816 3468 1862 et
3497 1810 3578 1863 si-

2005 1900 2205 1955 militer
2227 1899 2556 1965 adulterum,
2585 1909 2681 1954 aut
2712 1899 3041 1955 homicidam
3065 1898 3088 1951 ?
3114 1900 3195 1953 Ab
3220 1900 3410 1953 eadem
3454 1900 3580 1952 item

2004 2005 2103 2059 per
2133 1989 2240 2043 vim
2271 1997 2524 2044 coactum
2573 1989 2715 2042 mala
2764 1997 3107 2059 perpetrare,
3140 1997 3197 2041 et
3251 2003 3464 2061 rursum
3509 1988 3582 2041 ob

2004 2082 2134 2138 illud
2167 2083 2344 2150 ipsum
2378 2081 2603 2151 puniri?
2640 2080 3011 2149 Legislatores
3062 2079 3421 2142 constituere,
3462 2093 3582 2132 sce-

2005 2173 2208 2229 leratos
2242 2173 2456 2241 punire,
2494 2182 2549 2226 et
2581 2172 2942 2226 nihilominus
2974 2170 3112 2224 alios
3142 2170 3225 2224 vel
3257 2170 3456 2223 invitos
3488 2170 3587 2221 im-

2004 2264 2206 2334 pellere
2240 2263 2307 2318 ad
2342 2264 2709 2333 peccandum,
2757 2278 2849 2317 seu
2890 2265 2957 2316 ad
2991 2262 3097 2315 alia
3141 2261 3341 2330 quibus
3382 2259 3581 2312 referta

2006 2367 2092 2414 est
2131 2357 2413 2412 hominum
2449 2356 2601 2410 vita?
2633 2355 2763 2421 Quae
2818 2356 3085 2423 siquidem
3135 2355 3187 2409 in
3225 2362 3409 2408 nostra
3459 2359 3589 2405 sunt

2004 2458 2316 2520 potestate,
2355 2448 2516 2503 nobis
2558 2462 2778 2518 quoque
2831 2461 3021 2501 eorum
3076 2459 3198 2513 quae
3246 2444 3378 2499 liunt
3427 2443 3586 2511 culpa

2006 2538 2364 2599 sustinenda;
2413 2537 2496 2592 sin
2534 2536 2751 2606 genesis
2780 2551 3047 2589 summam
3091 2544 3415 2604 potestatem
3447 2534 3589 2587 obti-

2006 2639 2117 2693 net,
2162 2638 2255 2683 aut
2294 2630 2411 2683 haec
2448 2629 2738 2697 culpanda,
2769 2640 2861 2682 aut
2888 2629 2936 2683 is
2973 2640 3144 2691 certe,
3170 2628 3260 2696 qui
3294 2632 3433 2681 hanc
3456 2641 3590 2680 con-

2009 2722 2169 2776 didit.
2210 2721 2285 2775 Ita
2350 2722 2591 2789 undique
2642 2720 2814 2775 fatum
2867 2736 2971 2775 non
3019 2721 3324 2775 consistere
3375 2728 3585 2773 tantum

2008 2815 2159 2869 nullo
2195 2815 2354 2868 modo
2385 2829 2568 2881 posse,
2604 2816 2696 2868 sed
2737 2814 2961 2881 impium
2992 2815 3217 2884 insuper
3250 2828 3395 2879 esse,
3425 2822 3590 2882 atque

2008 2910 2333 2981 probrosum
2363 2907 2744 2981 [ostenditur].
2787 2910 2987 2963 Verum
3022 2910 3107 2964 his
3147 2918 3202 2964 et
3230 2908 3368 2964 liber
3400 2919 3591 2963 sextus

2008 3013 2064 3060 et
2102 3004 2349 3073 quintum
2374 3018 2435 3056 ac
2463 3003 2942 3071 quadragesimum
2972 3012 3136 3073 caput
3164 3002 3485 3057 absolvitur.

2083 3097 2323 3167 Septimo
2360 3106 2538 3151 autem
2591 3095 2731 3149 libro
2781 3094 3133 3161 quaestionem
3191 3095 3259 3148 ab
3307 3092 3596 3163 astrologis

2013 3190 2241 3260 proponi
2264 3189 2477 3244 solitam
2499 3186 2765 3243 dissolvit.
2795 3185 2995 3241 Dicunt
3038 3186 3209 3251 enim,
3234 3187 3309 3240 ait
3350 3204 3364 3241 :
3394 3186 3593 3256 219a

2010 3284 2165 3341 Unde
2199 3283 2474 3339 exsistunt
2500 3281 2663 3343 mala,
2689 3280 2733 3334 si
2772 3294 2876 3333 non
2912 3294 2940 3333 a
2972 3278 3086 3333 fato
3122 3280 3543 3348 proﬁciscuntur
3572 3280 3597 3333 2

2010 3377 2217 3445 Quibus
2266 3376 2348 3432 sic
2386 3374 2723 3442 respondet:
2765 3369 2821 3426 Si
2866 3386 2985 3439 quae
3030 3371 3187 3426 nobis
3215 3380 3401 3424 mutuo
3450 3376 3593 3424 mala

2009 3471 2291 3532 struimus,
2315 3468 2529 3523 discere
2557 3466 2735 3520 velitis
2766 3465 2908 3518 unde
2936 3463 3220 3527 exsistant,
3254 3462 3379 3516 dum
3405 3477 3593 3516 eorum

2008 3571 2315 3632 patratores
2346 3558 2544 3613 vestris
2570 3555 2742 3611 oculis
2772 3554 3111 3621 conspicitis,
3144 3554 3344 3607 frustra
3370 3568 3593 3607 causam

2010 3654 2171 3708 aliam
2218 3650 2462 3721 quaeritis
2501 3668 2515 3704 :
2566 3648 2649 3702 sin
2680 3662 2741 3701 ea
2781 3647 2942 3709 mala,
2991 3660 3110 3715 qua:
3148 3644 3304 3697 inviti
3337 3647 3594 3713 patimur,

2009 3746 2172 3800 etiam
2217 3742 2378 3811 hujus
2415 3740 2615 3796 solutio
2671 3740 2737 3793 ad
2792 3738 3010 3792 oculum
3058 3746 3222 3806 patet.
3259 3737 3601 3805 Pertnrhavi-

2012 3850 2131 3889 mus
2182 3834 2484 3902 omnigena:
2531 3830 2891 3899 improbitatis
2937 3829 3150 3882 turbine
3192 3827 3364 3896 ipsam
3406 3827 3596 3893 vitam,

2009 3928 2239 3984 facimus
2282 3939 2402 3996 quae
2431 3922 2623 3979 oditet
2655 3933 2935 3976 aversatur
2974 3920 3159 3985 Deus;
3196 3919 3315 3974 ideo
3363 3920 3599 3987 patimur

2011 4038 2133 4090 quae
2178 4020 2453 4085 nolumus,
2481 4025 2543 4072 ut
2580 4031 2649 4070 ne
2678 4016 2937 4082 deinceps
2983 4012 3037 4068 in
3071 4012 3201 4066 vitia
3230 4012 3596 4082 prolabamnr.

2011 4112 2129 4165 Nisi
2158 4110 2297 4165 forte
2325 4107 2564 4176 oportuit
2587 4106 2660 4159 ita
2693 4106 3016 4159 criminibus
3053 4103 3320 4157 obnoxios
3344 4101 3600 4156 felicitate

2013 4204 2235 4272 insuper
2278 4200 2463 4269 potiri,
2495 4214 2601 4267 quo
2636 4197 2778 4252 Deus
2824 4196 3060 4265 amplius
3103 4196 3265 4250 etiam
3302 4195 3600 4263 ignoretur,

2012 4303 2067 4346 et
2094 4306 2190 4345 nos
2244 4290 2467 4357 pronius
2513 4290 2564 4341 in
2602 4289 2742 4341 mala
2791 4287 3062 4343 feramur.
3091 4286 3161 4340 At
3202 4285 3249 4341 si
3290 4293 3603 4355 perpetrare

2014 4387 2157 4441 mala
2209 4400 2303 4453 per
2344 4383 2513 4437 fatum
2564 4383 2704 4435 Deus
2730 4396 2828 4435 nos
2870 4380 3033 4449 cogit,
3065 4380 3333 4447 quomodo
3384 4394 3601 4432 rursum

2015 4478 2161 4533 velut
2192 4485 2483 4547 peccantes
2526 4474 2805 4544 castigat?
2836 4473 2993 4527 Aliud
3036 4480 3215 4524 autem
3243 4481 3344 4534 est,
3381 4480 3440 4525 ut
3492 4470 3604 4524 cla-

326 4571 445 4637 ρεῑν
474 4569 709 4639 χρᾶσθαι
738 4568 816 4638 τῷ
844 4569 1179 4640 αύτεξουσίῳ
1209 4568 1303 4620 καὶ
1325 4567 1601 4638 αἱρεῖσθαι
1632 4568 1899 4623 ἕκαστονέ

2017 4586 2159 4631 rum,
2219 4569 2535 4639 permittere
2578 4563 2871 4635 quemlibet
2910 4562 3081 4617 libero
3131 4561 3359 4616 arbitrio
3406 4562 3505 4625 uti,
3546 4571 3604 4614 et

325 4661 603 4727 βούλεται,
635 4661 732 4714 καὶ
761 4660 821 4714 τὸ
846 4660 1285 4728 καταναγκάζειν
1320 4660 1584 4730 πράττειν
1612 4660 1680 4715 τὰ
1712 4660 1899 4715 ἄτοπα.

2014 4662 2159 4731 quod
2194 4660 2575 4729 veliteligere;
2610 4656 2777 4721 aliud,
2807 4656 2872 4709 ad
2899 4656 3283 4709 committenda
3320 4655 3458 4707 mala
3496 4656 3603 4708 im-

326 4754 453 4816 Πῶς
481 4753 538 4807 δὲ
566 4755 715 4821 ὑμῖν,
749 4754 935 4823 φησὶν,
965 4752 1167 4822 ἐπῆλθε
1212 4750 1342 4822 [560
1368 4750 1461 4822 ιι]
1506 4751 1618 4805 τῶν
1650 4751 1746 4805 τοῦ
1778 4752 1899 4806 Θεοῐ

2012 4753 2234 4819 pellere.
2275 4750 2559 4817 Quomodo
2608 4764 2737 4802 vero
2772 4748 2946 4811 vobis,
2983 4747 3079 4810 ait,
3105 4746 3299 4801 divinae
3328 4746 3603 4818 guberna-

320 4843 648 4911 οἰκονομιῶν
680 4842 936 4911 ἀγνοοῦσι
966 4843 1028 4895 τὸ
1072 4842 1255 4912 βάθος,
1287 4844 1367 4905 είς
1411 4842 1472 4894 τὸ
1504 4844 1605 4912 τῆς
1648 4844 1899 4910 γενέσεως

2014 4847 2175 4901 tionis
2203 4845 2626 4916 profunditatem
2676 4841 3072 4909 ignorantibus,
3105 4841 3157 4895 in
3187 4850 3424 4895 mentem
3454 4842 3608 4894 venit

322 4934 718 5003 ἀποτραπῆναι
748 4933 976 5003 πλάσμα
1001 4952 1016 5001 ;
1048 4935 1157 4987 Καὶ
1189 4935 1269 4986 ὄτι
1304 4933 1380 5004 μὴ
1407 4933 1500 4986 ἐπὶ
1524 4934 1628 5004 γῆς
1652 4935 1899 5005 ἓρποντες

2018 4938 2084 4992 ad
2130 4951 2393 5008 geneseos
2446 4936 2579 4991 illud
2637 4934 2949 5004 ﬁgmentum
2992 4934 3234 4988 converti
3274 4933 3462 5000 ?Quia
3511 4948 3609 4997 per

322 5029 407 5090 εἰς
440 5026 498 5078 τὸ
525 5026 618 5079 τοῦ
650 5026 993 5099 Δημιουργοῦ
1030 5028 1138 5078 τῶν
1181 5027 1466 5097 κριμάτων
1502 5025 1634 5094 ’ύψος
1662 5026 1894 5097 ἀνέϐητε

2017 5038 2216 5085 terram
2265 5037 2541 5097 reptantes
2581 5041 2676 5081 vos
2706 5026 2772 5079 ad
2807 5024 3122 5081 Conditoris
3178 5025 3346 5093 ipsius
3369 5023 3608 5092 judicio-

321 5117 413 5169 διὰ
443 5116 600 5170 τοῦτο
628 5118 715 5171 ἐπ’
746 5118 984 5190 ἀστέρας
1006 5117 1101 5171 καὶ
1130 5117 1361 5189 σελήνην
1398 5118 1493 5170 καὶ
1520 5117 1674 5186 ἥλιον
1704 5118 1807 5181 τὰς
1835 5121 1899 5173 αἱ·

2015 5137 2137 5176 rum
2171 5119 2513 5175 altitudinem
2560 5133 2901 5187 nequaquam
2940 5117 3289 5181 ascendistis,
3319 5126 3604 5186 propterea

322 5211 450 5273 τίας
480 5211 745 5265 ἀνάπτειν
778 5212 1098 5283 παρήχθητε
1125 5211 1235 5265 τῶν
1280 5210 1412 5281 παρ’
1441 5212 1576 5280 ἡμῖν
1609 5212 1899 5282 πραττομέ·

2018 5215 2071 5269 in
2120 5214 2332 5273 stellas.
2390 5213 2595 5275 lunam.
2621 5213 2922 5281 solemque,
2974 5227 3159 5265 eorum
3210 5226 3390 5279 quam
3446 5208 3607 5263 nobis

325 5320 457 5369 νων,
496 5306 591 5357 καὶ
624 5304 660 5357 ἃ.
706 5304 805 5375 μὲν
836 5305 1065 5367 ἑαυτοὺς
1110 5305 1329 5375 ὁρῶμεν
1358 5302 1785 5374 ἐργαζομένους.
1821 5305 1899 5374 οὐ]

2020 5306 2155 5361 fiunt
2201 5322 2369 5363 causa
2421 5306 2630 5362 referre
2687 5304 2867 5359 conati
2917 5305 3299 5372 estis,etqnae
3334 5304 3605 5371 nosipsos

325 5397 579 5467 ἡμέτερα
631 5393 769 5450 εἶναι
823 5396 1235 5465 τερατεύεσθαι,
1264 5395 1300 5448 ἆ
1349 5394 1406 5447 δὲ
1452 5396 1554 5447 οὐκ
1607 5394 1752 5448 ἐστιν
1790 5396 1899 5449 ίδεῖπ

2017 5400 2230 5456 ellicere
2272 5400 2541 5466 videmus,
2570 5412 2630 5451 ea
2668 5413 2771 5451 non
2808 5413 2930 5453 esse
2970 5408 3152 5452 nostra
3188 5397 3373 5467 nugari
3414 5413 3427 5461 ;
3459 5411 3607 5464 qua:-

324 5492 455 5555 τοῖις
500 5491 737 5563 ἀστέρας
781 5492 1144 5563 πράττοντας,
1186 5493 1411 5547 ἐκείνων
1458 5485 1598 5543 εῖναι
1647 5488 1709 5540 τὸ
1755 5486 1899 5559 ἔργοπ

2017 5508 2123 5562 que
2163 5503 2311 5546 astra
2362 5490 2574 5546 elIicere
2603 5491 2748 5545 nullo
2790 5490 2950 5545 modo
2999 5499 3244 5559 possunt,
3279 5490 3392 5543 haec
3423 5496 3605 5541 tamen

1608 5669 1844 5726 VARIIE
1878 5666 2289 5724 LECTIONES.

408 5784 453 5817 ⁸³
480 5779 532 5836 εί
556 5787 597 5838 Δ
631 5802 643 5837 :
673 5780 752 5841 εἷς
793 5803 853 5851 ς.
932 5787 977 5821 ⁸⁸
1007 5786 1491 5852 Οὐαλεντινιανοὺς
1519 5785 1781 5855 Scaliger.
1858 5785 1909 5855 ⁸⁷,
1941 5783 2016 5855 μὴ
2041 5784 2089 5835 Χ
2116 5799 2130 5835 ε
2158 5782 2219 5855 τὸ
2245 5780 2327 5855 μὴ,
2353 5798 2413 5844 ς.
2456 5780 2535 5855 ,⁸⁸
2564 5780 2671 5855 ἀπὸ
2695 5780 2792 5851 τῆς
2824 5785 2872 5855 3'!
2903 5797 2917 5833 ε
2954 5780 3064 5855 ὗῖτῖξ
3091 5782 3187 5855 τῆς
3221 5798 3283 5855 ς-

326 5854 405 5920 ὡς
441 5860 504 5907 Α.
583 5858 627 5888 ⁷⁰
658 5856 769 5925 ἐφ’]
804 5849 941 5914 libri
967 5859 1023 5911 ὲν
1048 5871 1103 5915 οι
1134 5862 1223 5917 hic
1249 5870 1305 5917 et
1338 5849 1503 5916 infra.
1580 5859 1625 5891 τί
1653 5849 1736 5919 οἷς
1769 5854 1863 5911 καὶ
1891 5849 2091 5917 ἁπίςο
2173 5854 2221 5886 ⁷³
2247 5849 2370 5907 ἀλλ.
2412 5851 2481 5906 τὰ
2510 5852 2657 5907 κακὰ
2684 5849 2759 5915 ς(
2824 5851 2870 5883 ⁷³
2904 5849 3065 5921 πρὸς]
3096 5852 3175 5915 ὠς
3207 5854 3271 5905 Α.

3362 5779 3406 5811 ⁸³
3438 5773 3603 5847 πρὸς]
