4032 6462
515 404 615 467 5‘67

1660 395 1926 459 PHOTII
1957 396 2463 462 PATRIARCH/E
2500 402 2617 465 CP.

3629 431 3718 498 868

512 529 608 583 per
634 510 721 565 illa
764 509 877 564 ﬁeri
929 507 1262 564 mendaciter
1309 505 1563 578 ﬁngere?
1608 504 1746 573 Quin
1812 521 1912 577 ego
1962 507 2084 577 ipse

2202 510 2642 581 καταψεύδεσθαι
2669 531 2683 580 ;
2712 514 2887 584 Κάγὼ
2917 513 2997 579 δὲ,
3026 513 3181 586 φησὶ,
3210 516 3375 575 ταῦτα
3404 526 3607 599 γράφων
3638 541 3730 597 ὑπὸ

518 604 713 673 inquit,
764 602 890 655 dum
944 602 1060 655 hinc
1092 600 1296 664 scribo,
1327 614 1355 653 a
1389 600 1599 670 genesi,
1636 600 1933 655 secundum
1981 616 2097 667 vos,

512 700 737 745 coactus
758 704 874 742 sum
901 687 998 741 has
1020 686 1139 757 ejus
1166 685 1407 741 scribere
1428 686 1878 755 reprehensiones
1902 704 1918 741 :
1943 687 2099 755 unita

511 783 676 834 etiam
704 782 935 850 ipsumet
962 779 1143 833 acrius
1166 778 1429 832 adversus
1459 778 1717 847 seipsam,
1754 793 1917 847 quam
1950 779 2094 834 ullus

512 871 654 925 alius
697 872 1043 925 extrinsecus
1092 883 1213 923 eam
1246 881 1564 937 oppugnans
1603 869 1775 924 hostis
1828 869 2096 941 insurgat.

583 964 652 1015 At
696 977 825 1016 vero
862 963 990 1030 quid
1014 959 1166 1028 juvat
1195 975 1258 1015 ea
1305 961 1538 1024 discere,
1572 976 1693 1028 quae
1716 976 1744 1013 a
1774 962 1952 1030 genesi
1997 978 2095 1016 ex-

510 1053 877 1122 spectantur?
923 1051 1059 1106 Nam
1092 1053 1136 1106 si
1186 1051 1402 1120 quidem
1429 1051 1603 1107 vitare
1643 1053 2096 1122 cognoscentibus

510 1144 847 1209 conceditur,
875 1158 992 1212 quae
1017 1144 1128 1199 fato
1152 1143 1422 1197 destinata
1461 1153 1609 1211 sunt,
1636 1144 1815 1213 inepta
1841 1154 1923 1200 est
1955 1160 2094 1215 prae-

511 1235 695 1290 dictio.
730 1234 910 1290 Vincit
946 1235 1091 1289 enim
1124 1249 1242 1304 quae
1276 1235 1327 1288 in
1371 1234 1526 1291 nobis
1563 1245 1646 1291 est
1677 1235 1903 1291 facultas
1929 1252 2094 1307 gene-

510 1329 611 1382 sim
669 1346 683 1383 :
752 1339 807 1381 et
865 1330 1119 1390 maxime,
1180 1328 1376 1398 quibus
1436 1327 1605 1382 fatum
1661 1344 1768 1384 non
1830 1331 2090 1399 ignotum,

510 1420 719 1475 solvere
776 1420 943 1489 ipsius
995 1420 1190 1474 seriem
1251 1430 1506 1489 poterunt
1556 1436 1574 1485 ;
1630 1434 1750 1476 cum
1813 1422 1865 1476 hi
1923 1422 2095 1491 magis

508 1526 669 1580 quam
702 1511 907 1574 cmteri,
938 1525 1060 1580 quae
1081 1525 1109 1562 a
1133 1510 1315 1578 genesi
1342 1510 1590 1565 ordinata
1611 1520 1737 1567 sunt
1766 1526 2093 1580 cognoscen-

510 1614 609 1664 tes,
664 1602 796 1655 nihil
831 1616 1020 1655 eorum
1059 1617 1178 1669 quae
1210 1603 1323 1671 ipsa
1363 1603 1664 1667 minitatur,
1708 1604 1956 1658 accidere
1987 1603 2090 1658 sibi

507 1696 795 1764 patientur.
828 1694 897 1748 At
923 1707 1022 1747 nec
1049 1692 1173 1758 hoc,
1207 1695 1403 1749 iterum
1434 1695 1506 1749 illi
1536 1696 1707 1762 aiunt,
1741 1706 1896 1749 extra
1924 1710 2090 1766 gene-

504 1802 624 1839 scos
652 1787 848 1840 seriem
874 1796 979 1849 est,
1004 1787 1151 1855 quod
1173 1786 1265 1855 qui
1296 1788 1410 1843 hare
1452 1788 1824 1859 cognoverint,
1851 1789 2090 1859 eripian-

2205 601 2473 669 γενέσεως
2501 603 2631 681 καθ’
2663 605 2809 676 ὑμᾶς
2837 606 3192 676 ἠναγκάσθην
3221 609 3443 680 γράφειν
3479 621 3593 684 τοὺς
3624 632 3727 684 κατ’

2204 693 2373 762 αὐτῆς
2390 694 2436 726 vt
2466 693 2759 767 ἐλέγχους,
2792 696 2936 751 ὥστε
2982 698 3076 751 καὶ
3107 697 3279 763 οὕτως
3321 704 3452 776 αὑτὴ
3496 712 3603 765 καθ’
3626 718 3732 772 ἐαυ-

2202 783 2305 853 τῆς
2323 784 2367 816 ⁷⁵
2396 782 2562 840 πλέον
2592 786 2702 840 τῶν
2730 785 2932 854 ἔξωθεν
2979 788 3119 858 αὐτῇ
3149 791 3463 860 μαχομένων
3483 788 3732 861 ἐπανίστα.

2200 893 2313 930 ται.

2271 968 2337 1021 Τί
2380 967 2443 1031 δὲ
2488 970 2583 1024 καὶ
2622 969 2815 1039 ὄφελος
2844 968 2907 1023 τὸ
2937 969 3232 1042 μανθάνειν
3269 974 3338 1029 τὰ
3363 976 3465 1030 ἀπὸ
3505 984 3735 1055 γενέσεως

2201 1060 2659 1133 προσδοκώμενα;
2697 1064 2760 1118 El
2794 1061 2894 1134 μὲν
2918 1064 3026 1135 γάρ
3056 1064 3172 1119 ἔστι
3210 1069 3399 1136 φυγεῖν
3423 1072 3539 1135 τοὺς
3568 1077 3733 1143 μαθόν-

2199 1170 2300 1216 τας
2328 1154 2364 1209 ἃ
2390 1154 2671 1209 ὲπέκλωσε
2689 1194 2707 1219 ,
2738 1156 2904 1227 λῆρος
2930 1157 2964 1227 ἠ
2990 1157 3330 1230 πρόρρησις·
3362 1166 3545 1232 κρατεῖ
3571 1167 3665 1237 γὰρ
3686 1170 3735 1224 τδ

2200 1246 2286 1316 ἐφ’
2308 1248 2441 1317 ἡμῖν
2466 1246 2567 1318 τῆς
2597 1246 2887 1316 γενέσεως.
2920 1248 3170 1302 Μάλιστα
3200 1249 3259 1303 δὲ
3300 1253 3409 1315 τοῖς
3447 1255 3539 1325 τῆς
3567 1259 3737 1331 εἱμαρ.

2203 1335 2371 1407 μένης
2421 1337 2751 1406 ὲπιστήμοσι
2802 1336 2865 1389 τὸ
2911 1336 3061 1390 λύειν
3091 1338 3264 1408 αὐτῆς
3296 1340 3385 1393 τὸν
3416 1343 3594 1412 εἱρμὸν
3627 1364 3743 1419 συμ-

2199 1429 2457 1499 ϐήσεται·
2490 1424 2635 1484 οὗτοι
2665 1429 2773 1502 γὰρ
2806 1428 2913 1482 τῶν
2942 1428 3118 1483 ἄλλων
3148 1430 3350 1499 μᾶλλον
3384 1434 3451 1487 τὰ
3486 1436 3639 1489 duo"
3663 1456 3742 1508 γι-

2197 1523 2403 1584 νέσεως
2435 1521 2620 1584 αὐτοῖς
2649 1520 3027 1590 ἐπιστάμενοι,
3056 1521 3213 1574 οὐδὲν
3266 1520 3374 1574 τῶν
3420 1524 3524 1578 άπὸ
3564 1529 3742 1600 ταύτης

2196 1616 2382 1678 αὐτοῖς
2427 1614 2837 1684 ἀπειλουμένων
2895 1616 3197 1686 συμπεσεῖν
3254 1621 3737 1689 παραχωρήσουσιν.

2196 1704 2349 1769 Εἶτα,
2396 1706 2540 1759 Ἀλλ’
2567 1706 2666 1759 οὐκ
2696 1706 2874 1771 ἐκτὸς,
2905 1705 3061 1775 φασὶ,
3091 1705 3358 1775 γενέσεως
3389 1707 3448 1761 τὸ
3475 1709 3740 1778 μανθάνον-

2193 1819 2293 1865 τας
2311 1801 2356 1833 "'
2386 1800 2841 1855 ἀπαλλάττεσθαι.
2872 1799 3082 1854 Οὐκοῦν
3109 1801 3141 1871 ἡ
3172 1800 3387 1869 γένεσις
3420 1803 3496 1866 εἰς
3526 1804 3589 1857 τὰ
3613 1806 3741 1859 ἀντι-

508 1888 617 1932 tur.
658 1878 827 1948 Igitur
853 1882 1068 1948 genesis
1091 1879 1142 1932 in
1168 1880 1437 1932 contraria
1474 1880 1753 1945 dividitur,
1786 1884 2084 1949 partimque

2192 1896 2418 1965 κείμενα
2446 1894 2721 1964 τέμνεται,
2756 1896 2852 1946 καὶ
2893 1894 2955 1947 τὸ
2990 1895 3089 1964 μὲν
3119 1893 3291 1962 αὐτῆς
3317 1894 3586 1965 προλέγει,
3618 1897 3741 1952 τὸδὲ

503 1972 903 2039 praedictionem
956 1972 1194 2032 adhibet,
1238 1974 1429 2041 partim
1469 1987 1587 2027 eam
1634 1973 1804 2043 ipsam
1852 1974 2085 2029 irridet:

499 2079 609 2131 quo
654 2064 779 2130 quid
821 2066 993 2133 magis
1032 2064 1315 2118 ridiculum
1366 2078 1487 2119 esse
1518 2075 1680 2133 queat
1719 2064 2088 2133 ?Quanquam

502 2165 557 2209 et
601 2156 701 2208 alia
750 2171 942 2209 rursus
974 2172 1041 2211 ex
1076 2166 1229 2226 parte
1282 2158 1445 2211 multa
1488 2168 1571 2213 est
1612 2158 1667 2212 in
1698 2161 1780 2213 'ea
1823 2157 2086 2225 injustitia

502 2258 667 2316 atque
700 2247 1052 2317 inaequalitas.
1081 2249 1192 2303 Cur
1226 2249 1370 2303 enim
1407 2264 1510 2303 non
1541 2249 1791 2305 omnibus
1831 2250 1934 2306 hoc
1957 2265 2085 2319 per-

502 2340 692 2403 suasit,
727 2350 783 2392 ut
833 2351 1092 2394 eventura
1121 2341 1220 2395 sibi
1253 2340 1550 2407 discerent,
1590 2356 1697 2411 quo
1729 2342 1860 2396 item
1896 2356 2088 2400 omnes

500 2445 569 2485 ex
619 2431 700 2485 his
745 2431 1313 2502 eriperentur?Quod
1371 2434 1415 2487 si
1446 2448 1576 2488 vero
1623 2433 1672 2487 ei
1708 2432 1801 2502 qui
1844 2432 1949 2488 ista
1994 2448 2090 2489 co-

501 2521 768 2590 gnoverit,
818 2519 1055 2589 ell‘ugere
1089 2530 1265 2575 tamen
1313 2536 1417 2574 non
1472 2520 1596 2575 licet
1642 2537 1658 2586 ;
1714 2519 1843 2590 quid
1890 2519 2091 2576 frustra

501 2628 830 2683 cognoscere
878 2615 1049 2683 juvat.
1098 2614 1352 2679 curisque
1384 2620 1509 2667 ante
1561 2621 1773 2682 tempus
1812 2613 2085 2679 consumi,

502 2704 717 2773 percelli
753 2713 879 2758 ante
912 2706 1097 2765 ictum,
1124 2712 1179 2757 et
1225 2702 1423 2774 219b
1452 2711 1578 2758 ante
1608 2710 1837 2758 mortem
1869 2703 2088 2775 gravius

500 2813 672 2867 quam
705 2806 879 2851 morte
913 2795 1027 2865 ipsa
1066 2795 1227 2867 aﬂligi
1257 2797 1281 2850 ‘I

571 2910 682 2965 Hoc
727 2925 890 2980 porro
931 2911 1183 2966 omnibus
1226 2911 1593 2982 perspicuum,
1640 2926 1754 2979 eos,
1785 2911 1875 2980 qui
1918 2911 2085 2966 fatum

499 3014 772 3064 asserunt,
805 3011 860 3057 et
880 3004 1170 3073 proborum
1189 3002 1376 3057 laudes
1399 3012 1559 3072 atque
1587 3018 1816 3059 coronas
1842 3018 1874 3059 e
1901 3003 2083 3059 medio

501 3092 727 3158 tollere,
786 3101 841 3146 et
888 3091 1149 3161 improbis
1206 3101 1393 3147 contra
1457 3092 1712 3163 injustam
1762 3092 2085 3148 denuntiare

500 3198 716 3254 poenam
765 3192 927 3254 atque
980 3184 1394 3239 correctionem.
1461 3184 1595 3240 Nam
1650 3185 1695 3241 si
1756 3186 2149 3275 necessitatec

496 3278 759 3331 adductus
811 3285 895 3331 est
942 3275 1194 3331 uterlibet
1238 3277 1305 3330 ad
1352 3292 1437 3342 ea,
1468 3293 1589 3347 qua
1622 3277 1755 3347 agit,
1811 3278 1922 3348 jam
1957 3276 2071 3348 (65)

497 3384 670 3438 neque
706 3369 889 3422 virtuti
919 3384 1129 3423 merces
1177 3368 1282 3421 ulla
1318 3379 1424 3435 est,
1455 3381 1633 3441 neque
1672 3369 1938 3425 scelerum
1964 3385 2080 3440 pte.

494 3478 618 3515 nam
681 3460 898 3532 exigere
944 3461 1111 3515 licet:
1144 3462 1287 3531 quod
1327 3477 1437 3518 non
1476 3470 1661 3533 potest
1708 3478 1813 3517 non
1865 3462 2079 3533 penitus

494 3563 737 3608 nostram
787 3554 951 3607 vitam
979 3553 1311 3610 confundere
1341 3565 1507 3625 atque
1551 3555 1841 3621 invertere,
1879 3564 1934 3609 et
1960 3569 2079 3609 om-

495 3648 651 3700 nibus
704 3645 759 3699 in
787 3644 955 3699 Deum
997 3644 1234 3715 linguam
1270 3662 1423 3702 suam
1472 3646 1797 3701 acuentibus
1826 3660 1950 3701 esse
1977 3645 2080 3700 im-

492 3740 797 3808 pudentius.
830 3736 948 3793 Non
974 3738 1275 3793 suiliciebat
1304 3739 1560 3794 nimirum
1590 3739 1825 3805 miseris,
1848 3740 1892 3794 si
1917 3754 2081 3811 coge-

494 3839 679 3885 rentur
707 3830 846 3885 mala
874 3832 1135 3899 c0gitare,
1162 3832 1364 3895 dicere,
1398 3830 1578 3887 facere
1598 3850 1612 3886 :
1635 3833 1728 3885 sed
1746 3846 1867 3885 cum
1889 3846 2075 3886 eorum

492 3924 738 3979 misereri
753 3932 1049 3993 oporteret,
1070 3921 1254 3977 odium
1278 3923 1502 3992 inauper
1534 3923 1787 3993 adjicitur
1804 3932 1859 3976 et
1894 3937 2073 3993 poena.

566 4015 666 4071 Ubi
698 4016 743 4071 si
781 4016 903 4084 quis
929 4016 1149 4083 dixerit,
1180 4020 1441 4082 {nostrum
1498 4032 1603 4070 non
1632 4030 1753 4071 esse
1797 4016 1940 4070 scire
1978 4030 2077 4069 cur

495 4110 637 4164 Deus
695 4109 857 4164 talem
888 4108 1197 4163 condiderit
1237 4109 1476 4178 genesim
1512 4126 1527 4175 ;
1571 4108 1617 4163 is
1654 4109 1779 4162 dum
1834 4107 2077 4163 modeste

493 4214 656 4270 agere
681 4214 741 4254 se
772 4199 945 4268 lingit,
978 4200 1232 4267 pietatem
1269 4201 1607 4271 perstringit,
1649 4215 1712 4254 ac
1753 4215 1847 4269 per
1874 4214 1933 4253 ea
1962 4201 2074 4268 ipsa

490 4294 653 4346 etiam
704 4292 876 4361 niagis
936 4291 993 4345 lit
1032 4292 1248 4361 impius,
1297 4307 1397 4361 per
1425 4307 1544 4359 qua:
1594 4295 1872 4346 moderate
1930 4290 2074 4360 loqui

492 4384 722 4438 videtur.
761 4383 818 4437 Si
847 4383 991 4438 enim
1024 4398 1152 4438 vere
1183 4385 1320 4438 bona
1361 4384 1575 4453 genesis
1612 4392 1714 4448 est,
1745 4398 1865 4451 quae
1918 4383 2075 4437 nobis

492 4471 629 4526 mala
671 4482 922 4543 apparet,
984 4483 1039 4527 et
1083 4473 1134 4526 id
1175 4472 1394 4541 quidem
1431 4488 1527 4540 per
1574 4473 1745 4542 ipsam
1787 4474 2069 4542 genesim:

2189 1986 2474 2057 καταγελᾷ
2518 1985 2621 2055 τῆς
2662 1986 3059 2057 προρρήσεως·
3104 1979 3166 2039 οὗ
3194 1984 3247 2038 τί
3282 1985 3351 2039 ἂν
3380 1986 3464 2055 εἴη
3502 1988 3739 2055 γελοιότε-

2192 2097 2283 2152 ρον
2304 2096 2318 2144 ;
2350 2078 2526 2148 Πολλὴ
2555 2077 2612 2131 δὲ
2633 2077 2794 2132 πάλιν
2824 2077 2920 2131 καὶ
2940 2076 3116 2142 ἄλλως
3140 2077 3327 2131 ἀδικία
3350 2079 3444 2131 καὶ
3464 2079 3739 2151 ἀνωμαλία.

2188 2173 2290 2225 Διὰ
2321 2170 2375 2223 τί
2405 2170 2515 2241 γὰρ
2547 2170 2623 2241 μὴ
2652 2170 2861 2231 πάντας
2891 2170 3089 2223 ἐπεισε
3105 2170 3422 2240 μανθάνειν,
3452 2171 3539 2224 ἴνα
3567 2173 3743 2239 πάντες

2188 2263 2297 2318 τῶν
2343 2263 2617 2315 τοσούτων
2662 2262 3126 2327 ἀπαλλάττοιντο;
3174 2260 3303 2335 [696
3334 2261 3425 2334 IL]
3470 2264 3531 2317 Ei
3572 2264 3626 2317 δὲ
3664 2267 3744 2321 καὶ

2194 2356 2433 2429 μαθόντα
2466 2356 2541 2427 μὴ
2574 2356 2802 2411 δυνατόν
2834 2358 2949 2410 ἐστι
2978 2359 3191 2426 φυγεῖν,
3233 2356 3286 2409 τί
3337 2356 3444 2428 χρὴ
3479 2358 3744 2427 μανθάνειν

2192 2450 2372 2521 μάτην
2422 2450 2517 2502 καὶ
2564 2450 2686 2513 ταῖς
2718 2449 2966 2520 φροντίσι
3000 2448 3454 2519 προδαπανᾶσθαι
3479 2450 3568 2503 καὶ
3592 2450 3743 2522 πλήτ-

2187 2541 2375 2593 τεσθαι
2405 2540 2512 2610 πρὸ
2552 2543 2651 2612 τῆς
2681 2541 2897 2611 πληγῆς
2931 2544 3027 2594 καὶ
3062 2541 3170 2613 πρὸ
3204 2541 3301 2595 τοῦ
3330 2539 3561 2599 θανάτου
3584 2545 3743 2614 χεῖρον

2187 2632 2297 2687 τῶν
2322 2631 2634 2687 τεθνεώτων
2662 2631 3023 2698 κολάζεσθαι;

2259 2810 2469 2865 Ἐκεῖνο
2494 2811 2552 2866 δὲ
2578 2813 2715 2867 πᾶσι
2756 2812 3087 2881 καταφανὲς,
3140 2813 3217 2878 ὠς
3244 2814 3272 2867 ὁ
3303 2812 3406 2885 τὴν
3431 2813 3744 2884 εἱμαρμένην

2187 2903 2423 2973 εἰσάγων
2450 2904 2545 2957 καὶ⁸
2568 2904 2679 2957 τῶν
2703 2904 3005 2957 σπουδαίων
3024 2906 3345 2976 ἀφαιρεῖται
3371 2907 3494 2969 τοὺς
3515 2906 3744 2969 ἐπαίνους

2186 2995 2427 3058 καὶτοὺς
2455 2995 2775 3065 στεφάνους,
2808 2997 2902 3049 καὶ
2929 2996 3039 3049 τῶν
3065 2996 3395 3067 κακούργων
3429 2998 3609 3051 ἄδικον
3631 2999 3744 3051 ἀνα·

2185 3087 2456 3158 κηρύσσει
2486 3086 2584 3159 τὴν
2617 3086 2806 3156 ποινὴν
2840 3087 3057 3151 καὶτὰς
3088 3088 3348 3153 εὐθύνας.
3394 3090 3459 3143 Et
3484 3091 3590 3160 γὰρ
3628 3074 3743 3145 ἑκά-

2184 3195 2344 3250 τερος
2371 3179 2429 3245 ἐξ
2463 3179 2709 3248 ἀνάγκης
2738 3175 2904 3251 ἦλθεν
2932 3180 3013 3243 είς
3039 3179 3102 3233 τὸ
3131 3181 3400 3252 πράττειν
3442 3181 3478 3236 ἆ
3518 3184 3743 3255 πράττοι,

2180 3271 2304 3325 οὔτε
2350 3272 2449 3343 τῆς
2465 3274 2510 3306 ⁷⁸
2534 3272 2899 3342 άγαθοεργίας
2947 3273 3064 3327 ἐστὶ
3093 3275 3282 3346 μισθὸς
3315 3274 3444 3331 οὔτε
3489 3277 3587 3348 τῆς
3621 3295 3744 3332 κακ-

2180 3365 2407 3434 ουργίας
2447 3365 2640 3435 ποινῆς
2683 3365 2970 3437 εῖσπραξις
2989 3382 3004 3397 ο
3068 3366 3097 3418 δ
3127 3366 3246 3431 πῶς
3279 3360 3385 3421 οὐκ
3416 3369 3484 3423 ἂν
3513 3369 3598 3441 εἴη
3627 3370 3746 3434 ὅλως

2180 3456 2338 3527 ἡμῶν
2371 3456 2655 3526 συγχέον⁷⁹
2686 3457 2783 3510 καὶ⁸
2826 3458 3136 3529 ἀνατρέπον
3182 3459 3276 3512 τὸν
3331 3461 3451 3532 βίον
3490 3463 3583 3516 καὶ
3623 3463 3745 3518 κατὰ

2177 3548 2273 3602 τοῦ
2315 3549 2450 3603 Θεοῦ
2475 3550 2575 3619 τὴν
2600 3549 2851 3619 γλῶσσαν
2877 3550 3098 3606 πάντων
3128 3553 3319 3617 ὀξύνον
3350 3556 3741 3628 ἀναιδέστερον;

2179 3641 2293 3696 Οὐκ
2336 3642 2497 3713 ἢρκει
2542 3641 2600 3695 δὲ
2641 3644 2753 3705 τοῖς
2787 3642 3079 3713 δυστυχέσι
3111 3644 3174 3697 τὸ
3189 3646 3235 3677 ⁸ο
3260 3645 3334 3700 τὰ
3368 3649 3515 3703 κακά
3539 3650 3671 3702 νοεῖν
3696 3664 3746 3701 τε

2178 3733 2274 3785 καὶ
2323 3730 2507 3801 λέγειν
2559 3732 2655 3785 καὶ
2709 3732 2974 3804 πράττειν
3020 3734 3457 3804 ἀναγκάζεσθαι,
3487 3738 3619 3793 ἀλλὰ
3643 3738 3746 3792 δέον

2179 3822 2444 3878 ἐλεεῖσθαι
2482 3825 2578 3879 καὶ
2604 3825 2664 3878 τὸ
2697 3824 2975 3896 μισεῖσθαι
3006 3827 3365 3900 προστίθεται
3392 3830 3489 3885 καὶ
3519 3831 3581 3885 τὸ
3608 3831 3748 3886 κολά-

2178 3916 2392 3982 ζεσθαι.

2248 4011 2311 4064 El
2342 4010 2398 4062 δὲ
2426 4010 2575 4080 λέγοι
2606 4028 2689 4075 τις
2718 4010 2795 4075 ὡς
2828 4013 2927 4083 οὐχ
2975 4014 3133 4086 ἡμῶν
3161 4016 3311 4071 ἐστιν
3354 4015 3557 4073 εἰδέναι
3600 4017 3682 4071 διὰ
3705 4014 3748 4070 τί

2176 4101 2431 4169 τοιαύτην
2461 4104 2490 4155 ὁ
2516 4101 2649 4165 Θεὸς
2679 4103 3081 4176 ἐδημιούργησε
3103 4106 3341 4172 γένεσιν,
3377 4109 3437 4161 ὲν
3464 4106 3747 4177 προσποιή-

2178 4210 2262 4246 σει
2292 4193 2387 4246 τοῦ
2425 4192 2740 4264 μετριάζειν
2785 4197 3106 4264 ὲπισφίγγει
3148 4197 3247 4266 τὴν
3289 4198 3633 4263 ἁσέϐειαν⁸¹,
3665 4197 3748 4250 καὶ

2175 4286 2243 4340 δι’
2269 4279 2345 4340 ὧν
2375 4288 2525 4339 δοκεί⁹
2554 4287 2869 4357 μετριάζειν
2888 4326 2904 4353 ,
2939 4292 3125 4358 μεῖζον
3151 4290 3361 4346 ἀσεϐεῖ.
3396 4292 3460 4345 Εἰ
3489 4291 3597 4363 γὰρ
3622 4290 3748 4360 καλὴ

2178 4377 2277 4447 μὲν
2316 4378 2350 4448 ἡ
2389 4376 2623 4447 γένεσις,
2659 4380 2795 4449 ἡμῖν
2821 4379 2878 4432 δὲ
2913 4379 3165 4445 φαίνεται
3194 4382 3363 4455 κακὴ,
3397 4384 3496 4437 καὶ
3524 4383 3675 4437 τοῦτο
3699 4381 3750 4435 δὲ

2174 4467 2283 4522 ἀπὸ
2315 4467 2605 4537 γενέσεως,
2634 4469 2735 4521 οὐκ
2759 4469 2893 4540 ἐμὸν
2923 4470 2984 4522 τὸ
3009 4471 3232 4542 σφάλμα
3251 4513 3267 4538 ,
3299 4473 3517 4545 φαύλην
3557 4472 3747 4527 οἴεσθαι

490 4579 596 4618 non
644 4563 754 4633 jam
807 4564 910 4619 hoc
954 4580 1133 4619 meum
1166 4576 1407 4620 erratum
1440 4574 1544 4632 est,
1575 4567 1621 4619 si
1676 4564 1869 4618 malam
1917 4574 2071 4635 puto,

2185 4560 2275 4630 τὴν
2304 4560 2365 4612 ού
2392 4560 2622 4630 φαύλην,
2646 4559 2742 4613 τοῦ
2773 4559 2832 4614 δὲ
2861 4562 3123 4633 τοιαύτην
3153 4565 3338 4634 κρίσιν
3370 4564 3462 4618 διὰ
3487 4568 3585 4636 τῆς
3611 4563 3749 4632 γενέ-

491 4670 611 4723 quae
659 4655 799 4709 mala
848 4670 953 4710 non
985 4670 1109 4722 eSt;
1143 4658 1236 4711 sed
1288 4656 1407 4727 ejus
1462 4658 1639 4727 potius
1686 4658 1774 4725 qui
1828 4657 1933 4711 tale
1981 4672 2076 4727 per

490 4748 726 4816 genesim
772 4749 1034 4818 judicium
1084 4751 1333 4820 c0gitatis
1379 4751 1582 4805 nosuis
1624 4749 1871 4803 inseruit.
1935 4748 2069 4803 Nam

490 4838 535 4892 si
571 4854 746 4892 meum
789 4847 1028 4894 erratum
1064 4850 1169 4905 est,
1203 4841 1379 4897 aliena
1412 4852 1575 4897 erunt
1613 4842 1799 4911 utique
1831 4857 1859 4894 a
1887 4843 2071 4913 genesi

489 4945 830 5001 quaecunque
873 4934 939 4987 ad
970 4933 1205 5001 cogitata
1238 4934 1535 5003 pertinent,
1560 4949 1682 5004 quae
1710 4943 1766 4987 et
1806 4950 1985 4988 sermo
2013 4946 2069 4989 et

488 5026 743 5091 Operatio
764 5036 1088 5093 sequuntur,
1123 5026 1430 5096 frustraque
1469 5024 1635 5080 fuerit
1656 5025 1893 5096 genesis.
1928 5026 2066 5081 Vera

493 5114 655 5183 igitur
685 5114 985 5169 moderatio
1038 5124 1306 5183 cautaque
1360 5114 1446 5170 hic
1500 5118 1916 5187 circumspectio
1962 5134 2066 5173 non

490 5207 583 5269 sit,
618 5206 812 5261 malam
857 5207 1079 5262 ﬁnxisse
1110 5205 1375 5277 genesim,
1410 5208 1711 5278 deindeque
1757 5209 1868 5265 Deo
1898 5210 2069 5264 maio-

490 5311 607 5349 rum
663 5298 1046 5370 cogitationem
1085 5298 1390 5364 concedere
1438 5316 1454 5365 ;
1502 5314 1675 5368 neque
1716 5301 1845 5356 item
1896 5302 2063 5367 illud,

2179 4666 2315 4713 σεως
2344 4649 2718 4719 καταθεμένου
2762 4649 2921 4720 ἡμῶν
2966 4654 3081 4715 τοῖς
3115 4652 3429 4723 λογισμοῖς·
3462 4657 3512 4707 εἰ
3542 4654 3599 4707 δὲ
3627 4653 3746 4723 ἐμὸν

2172 4744 2234 4797 τὸ
2286 4744 2530 4815 σφάλμα,
2562 4746 2721 4810 ἐκτὸς
2763 4747 2872 4819 ἄρα
2917 4748 3184 4817 γενέσεως
3210 4749 3281 4804 τά
3310 4751 3423 4805 τῶν
3459 4753 3744 4823 λογισμῶν,

2171 4832 2252 4901 οἷς
2297 4836 2583 4891 ἀκολουθεῖ
2624 4838 2721 4892 xci.
2768 4840 2927 4909 λόγος
2972 4842 3070 4895 καὶ
3116 4842 3334 4912 πρᾶξις,
3366 4845 3466 4897 καὶ
3518 4845 3745 4915 μάτηνή

2168 4929 2655 5002 γένεσις.Ἀληθὴς
2701 4931 2880 4987 τοίνυν
2918 4935 3209 5006 μετριότης
3246 4938 3342 4989 καὶ
3392 4937 3651 4993 εὐλάϐεια
3691 4938 3745 4990 ού

2169 5023 2230 5078 τὸ
2256 5024 2434 5094 κακὴν
2463 5023 2666 5077 πλάσαι
2687 5024 2921 5094 γένεσιν,
2957 5024 3079 5080 εἶτα
3109 5032 3467 5100 παραχωρεῖν
3505 5030 3623 5100 Θεῷ
3646 5028 3744 5082 τῶν

2170 5116 2359 5170 κακῶν
2384 5116 2483 5188 τὴν
2512 5116 2736 5185 γνῶσιν,
2766 5117 2890 5170 οὐδὲ
2934 5119 3027 5173 τὸν
3075 5120 3237 5174 αὐτὸν
3273 5120 3456 5191 λέγειν
3482 5121 3644 5175 ὠθεῖν
3674 5120 3745 5181 είς

2170 5208 2239 5263 τά
2273 5207 2399 5280 [561
2433 5208 2529 5280 IL]
2562 5210 2711 5264 κακὰ
2740 5210 2836 5264 καὶ
2862 5211 3112 5275 κολάζειν
3136 5211 3232 5277 οὓς
3257 5213 3343 5269 διὰ
3361 5216 3464 5284 τῆς
3490 5214 3742 5283 γενέσεως

2173 5299 2405 5368 ὢθησεν.
2436 5301 2553 5354 Ούκ
2586 5299 2702 5355 ἐστι
2731 5300 2908 5357 ταῦτα
2942 5304 3347 5376 μετριάζοντος,
3392 5307 3512 5360 ἀλλ’
3540 5308 3598 5360 ὲν
3622 5304 3742 5375 σχή-

1764 5434 2004 5492 VARLE
2034 5429 2446 5491 LECTIONES.

594 5552 642 5583 "
665 5553 836 5628 αὐτῆς
869 5557 952 5628 A7:
982 5555 1178 5617 αὐτοὺς
1215 5572 1274 5618 ς’.
1351 5556 1395 5588 ⁷⁸
1416 5556 1613 5625 ἑαυτῆς
1639 5557 1881 5628 Scaliger
1915 5575 1928 5610 :
1970 5558 2088 5611 libri
2127 5557 2371 5620 ἑαυτούς.
2458 5558 2504 5588 ’θ
2527 5558 2595 5611 τὰ
2628 5561 2671 5611 Α
2704 5574 2719 5612 :
2752 5559 2814 5614 τὸ
2841 5576 2901 5624 ς.

928 5627 974 5658 τ’
1007 5628 1126 5679 libri
1160 5627 1403 5694 συγχέων
1433 5657 1500 5665 -——
1522 5627 1842 5697 ἀνατρέπων
1881 5660 1951 5671 ——
1978 5628 2281 5693 ὀξύνοντος.

492 5623 599 5693 γὰρ
630 5623 729 5694 τῆς
758 5623 817 5690 ςέο

2999 5562 3345 5634 ’τίμανθάνον
3386 5579 3452 5627 ς.
3549 5563 3595 5595 ⁷⁸
3622 5560 3736 5615 οὔτε

2372 5630 2418 5661 ⁸ο
2448 5628 2509 5681 τὸ
2537 5631 2660 5683 add.
2684 5631 2749 5684 A.
2858 5632 2899 5662 ⁸¹
2942 5628 3224 5690 εὺσέῧειαν
3255 5654 3314 5700 ς.

2025 5748 2251 5804 NOTAE.

560 5828 669 5899 (63)
701 5831 896 5889 Extero
926 5836 1011 5889 hic
1048 5836 1285 5891 Voculam
1327 5839 1434 5909 γὰρ
1464 5856 1525 5892 cx
1574 5844 1907 5910 prmccdente
1937 5842 2158 5900 forsitan
2192 5862 2347 5900 versu
2399 5846 2643 5912 illapsaut
