4032 6458
287 384 396 447 869

1360 381 1891 443 BIBLIOTIIECA.
1910 403 1977 415 --
2006 381 2170 441 COD.
2208 382 2523 444 CCXX'III.

3451 384 3559 449 870

286 514 422 567 ματι
471 494 973 565 ταπεινοφροσύνης
1017 492 1263 565 χαλεπὴν
1292 494 1509 563 ἀπάτην
1540 496 1871 561 εἰσάγοντος.

1990 495 2251 552 aliirmare
2290 497 2541 551 eumdem
2571 503 2626 552 et
2650 496 2717 552 ad
2761 496 2960 552 malum
2988 496 3290 568 impellere,
3330 508 3387 554 et
3428 515 3568 570 quos

282 591 352 642 Τὸ
399 587 458 639 δὲ
509 587 607 657 τῆς
653 586 936 650 εὐσεϐείας
968 588 1122 655 γένος
1164 587 1263 658 οὐχ
1291 586 1502 657 ὐϐρίζει
1531 586 1664 641 Θεὸν
1696 587 1765 643 δι’
1796 581 1871 641 ὧν

281 680 429 733 δοκεῖ
452 681 642 751 τιμᾷν,
672 679 795 732 οὐδὲ
826 680 927 749 τὴν
957 680 1124 734 αὐτοῦ
1157 681 1375 751 ἀναιρεῖ
1402 680 1737 749 ἀγαθότητα,
1762 680 1871 736 τῶν

281 775 468 828 κακῶν
497 772 646 844 αὐτῷ
674 773 773 842 τὴν
795 773 1043 837 ἐξουσίαν
1077 773 1335 843 παρέχον.
1355 773 1585 826 Ἀδικεῖν
1615 774 1722 844 γὰρ
1748 772 1872 826 οὔτε

279 861 421 919 οἶδεν
466 864 590 918 οὔτε
634 867 923 936 δυνήσεται
961 868 991 936 ἡ
1026 866 1118 919 τοῦ
1155 866 1289 919 Θεοῦ
1324 865 1545 933 ἐξουσία
1568 880 1583 895 ο
1616 867 1679 918 οὐ
1726 866 1875 919 ποιεῖ

279 957 449 1027 φονέα
478 956 573 1010 καὶ
608 956 849 1021 κολάζει,
882 956 991 1010 οὐδ’
1021 955 1357 1027 ἀπαγορεύει
1385 956 1600 1010 πταίειν
1628 957 1727 1010 καὶ
1751 956 1871 1027 βιά-

279 1049 435 1114 ζεται
487 1048 828 1121 παρακούειν
884 1051 978 1103 καὶ
1032 1048 1461 1120 παρακούσαντα
1520 1051 1869 1121 τιμωρεῖται.

282 1143 466 1198 Ταῦτα
496 1140 621 1194 οὐτε
656 1143 859 1210 πρέπει
891 1140 1010 1211 Θεῷ
1039 1140 1163 1194 οὔτε
1198 1141 1429 1210 εὐσεϐὴς
1455 1140 1631 1204 οὐδεὶς
1657 1142 1873 1211 δέχεται

286 1233 562 1304 λογισμός.
601 1233 683 1286 Τὰ
720 1233 778 1286 δὲ
817 1232 1098 1305 πρέποντα
1129 1233 1381 1303 νοοῦμεν,
1412 1233 1507 1285 καὶ
1548 1231 1657 1286 τῶν
1686 1235 1744 1286 ἐν
1778 1234 1874 1287 κό-

294 1346 410 1397 σμῳ
437 1326 737 1396 γινομένων
763 1326 862 1397 τὴν
891 1326 1130 1396 παντελῆ
1175 1325 1482 1395 κατάληψιν
1516 1323 1668 1395 αὐτῷ
1700 1342 1876 1396 παρα-

293 1417 590 1490 χωροῦμεν,
620 1418 716 1471 καὶ
742 1417 1071 1472 καταλαϐεῖν
1103 1418 1165 1470 οὐ
1197 1417 1610 1488 φιλονεικοῦμεν
1629 1460 1643 1483 ,
1675 1417 1876 1480 εἰδότες

283 1513 355 1575 ὡς
383 1511 447 1563 οὐ
480 1508 933 1579 καταληψόμεθα.
952 1508 1156 1580 Ἀληθῆ
1189 1509 1248 1562 δὲ
1281 1509 1416 1562 Θεοῦ
1446 1509 1694 1574 ἐξουσίαν
1716 1508 1875 1579 ἴσμεν

280 1604 341 1656 τὸ
371 1605 510 1673 μήτε
534 1602 787 1673 πονηρῶν
814 1603 1081 1673 ἡττᾶσθαι
1109 1602 1204 1656 καὶ
1230 1603 1367 1674 πρὸς
1394 1603 1456 1656 τὸ
1475 1605 1585 1657 τῶν
1612 1603 1876 1673 δημιουρ-

280 1694 549 1764 γημάτων
579 1694 860 1763 συμφέρον
894 1693 1199 1765 κεχρῆσθαι
1231 1696 1296 1764 τῇ
1330 1693 1647 1765 ἀγαθότητι.
1675 1694 1876 1747 Σκόπει

275 1786 334 1839 δέ
394 1788 655 1839 κάκεῖνο·
702 1786 790 1837 Ἐν
846 1785 1190 1855 κυνηγεσίοις
1224 1784 1589 1857 παροξύνουσι
1640 1786 1876 1857 ταύρους

1978 605 2045 645 eo
2066 604 2161 659 per
2180 591 2418 658 genesim
2458 589 2758 660 impulerit,
2793 591 3141 646 nihilominus
3190 593 3387 662 punire
3415 609 3431 659 ;
3463 610 3567 649 non

1980 690 2108 735 sunt
2152 680 2267 734 haec
2314 681 2568 736 modeste
2591 681 2884 751 loquentis,
2940 682 3033 737 sed
3077 682 3191 751 ipsa
3224 684 3572 740 demissionis

1979 773 2157 843 specie
2182 774 2234 826 in
2267 789 2483 845 gravem
2511 790 2751 829 errorem
2785 775 3108 830 inducentis.
3138 777 3208 830 At
3244 792 3374 831 vero
3400 778 3572 846 pieta-

1981 872 2088 918 tem
2129 863 2315 919 colens
2372 864 2612 930 soboles,
2661 864 2866 919 nullam
2903 866 3015 920 Deo
3063 866 3313 936 injuriam
3356 882 3449 936 per
3481 868 3570 921 illa

1981 956 2168 1011 eadem
2219 954 2372 1021 facit,
2404 970 2499 1024 per
2543 970 2667 1026 quae
2692 955 2870 1026 ipsum
2912 955 3091 1012 colere
3130 971 3191 1011 se
3228 957 3525 1011 arbitratur
3553 995 3568 1019 ,

1980 1062 2158 1116 neque
2192 1047 2308 1116 ejus
2360 1047 2499 1103 tollit
2530 1049 2851 1115 bonitatem,
2888 1049 3152 1103 malorum
3178 1050 3279 1119 ipsi
3326 1059 3567 1119 potesta-

1982 1149 2090 1195 tem
2125 1140 2495 1205 ottribuendo,
2520 1140 2770 1209 injuriam
2798 1143 2943 1196 enim
2972 1142 3153 1196 facere
3196 1156 3370 1211 neque
3409 1142 3571 1196 mo‘do

1982 1233 2151 1297 novit,
2196 1246 2373 1302 neque
2400 1248 2639 1301 unquam
2665 1236 2867 1303 poterit
2901 1233 3081 1288 divina
3113 1235 3353 1304 potentia
3391 1252 3405 1288 :
3438 1250 3568 1299 non,

1982 1342 2142 1398 quem
2176 1330 2291 1384 hanc
2334 1327 2659 1382 homicidam
2715 1328 2867 1389 fecit,
2906 1336 3097 1397 postea
3142 1308 3420 1397 castigat;
3464 1342 3571 1381 non

1984 1424 2055 1478 ita
2102 1420 2355 1493 prohibet
2378 1420 2510 1483 labi,
2559 1432 2618 1474 ut
2647 1421 2842 1475 deinde
2876 1429 2933 1474 et
2959 1428 3121 1487 cogat
3164 1434 3268 1473 non
3295 1419 3573 1485 obtempe-

1984 1532 2110 1571 rare
2149 1524 2441 1587 praecepto,
2474 1523 2530 1569 et
2573 1516 2759 1583 puniat
2804 1513 3186 1583 negligentem.
3240 1511 3364 1566 Haec
3398 1526 3573 1580 neque

1985 1605 2038 1660 in
2073 1606 2241 1660 Deum
2282 1607 2506 1668 cadunt,
2547 1620 2721 1673 neque
2755 1621 2783 1656 a
2815 1606 2899 1673 pia
2951 1613 3133 1658 mente
3182 1603 3569 1657 admittuntur.

1983 1693 2095 1747 Nos
2134 1703 2314 1746 autem
2362 1707 2482 1761 qum
2510 1701 2874 1747 consentanea
2908 1701 3035 1747 sunt
3061 1702 3240 1747 mente
3275 1694 3570 1761 agitantes,

1984 1783 2223 1853 perfecte
2251 1784 2416 1837 Deum
2443 1784 2624 1837 omnia
2655 1798 2775 1853 qum
2803 1783 2855 1837 in
2889 1783 3092 1837 mundo
3133 1784 3286 1849 fiunt,
3320 1799 3572 1853 compre-

276 1879 417 1948 πρὸς
435 1879 482 1910 δ’
513 1878 693 1948 μάχην
735 1877 1094 1949 ἐρεθίζοντες,
1126 1879 1231 1931 κᾶν
1283 1877 1357 1947 μὴ
1403 1879 1718 1947 χρήσωνται
1762 1880 1876 1940 τοῖς

1990 1877 2218 1931 hendere
2250 1875 2484 1928 fatemur
2518 1891 2532 1940 ;
2567 1883 2621 1927 at
2657 1890 2758 1927 non
2784 1875 2947 1929 etiam
2992 1876 3573 1944 ipsicomprehendere

278 1971 498 2038 θυμοῖς,
530 1969 934 2038 ἀγανακτοῦσιν
966 1970 1017 2021 οἱ
1042 1970 1330 2023 δεσπόται·
1354 1971 1383 2022 ό
1409 1968 1466 2021 δὲ
1488 1968 1597 2021 τῶν
1627 1968 1875 2039 ἀστέρων

278 2064 480 2132 δρόμος
528 2064 654 2126 τοὺς
702 2063 1061 2133 πειθομένους
1086 2063 1216 2127 ,τοῖς
1260 2060 1441 2117 αὐτῶν
1473 2060 1879 2130 ἀποτελέσμασι

280 2158 541 2221 θανάτοις
568 2157 912 2227 ἀμείϐονται.
944 2155 1177 2219 Δούλους
1205 2155 1369 2210 πάλιν
1394 2156 1554 2225 ἡμεῖς
1583 2153 1880 2209 ἀπειθοῦν-

277 2268 378 2313 τας
409 2250 736 2321 κολάζομεν,
760 2250 1011 2321 τιμῶμεν
1031 2248 1089 2303 δὲ
1120 2249 1496 2311 ὑπακούοντας
1520 2266 1533 2280 ·
1563 2249 1597 2319 ἡ
1623 2248 1680 2301 δὲ
1710 2247 1884 2302 ταῦτα

277 2344 426 2393 νοεῖν
484 2359 543 2395 τε
597 2344 693 2395 καὶ
747 2342 1010 2412 πράττειν
1076 2340 1465 2411 ἀναγκάζουσα
1516 2340 1731 2410 γένεσις
1783 2340 1880 2393 καὶ

279 2432 501 2483 πταίειν
532 2430 901 2501 παρακελεύει
930 2430 1026 2485 καὶ
1052 2432 1350 2505 τιμωρίαις
1370 2431 1572 2500 ὑπάγει
1600 2432 1727 2494 τοὺς
1758 2448 1881 2484 πει-

280 2522 535 2587 σθέντας,
568 2523 663 2577 καὶ
709 2524 859 2594 ἡμᾶς
916 2523 1017 2595 μὲν
1062 2524 1308 2588 δικαίους
1359 2523 1554 2595 πρὸς⁸³
1595 2523 1722 2587 τοὺς
1772 2522 1878 2576 ὑπὸ

278 2619 445 2685 χεῖρα
496 2616 608 2669 ἔσθ’
637 2617 725 2670 ὅτε
762 2619 928 2683 ποιεῖ,
963 2617 1104 2689 αὐτὴ
1149 2618 1208 2672 δὲ
1248 2618 1319 2683 τά
1345 2616 1659 2673 ἀδικώτατα
1689 2616 1877 2687 δρῶσα

282 2708 366 2769 είς
419 2709 567 2778 ἡμᾶς
620 2707 721 2760 οὐκ
765 2703 1256 2781 αἰσχύνεται.τΑρ’
1296 2708 1397 2762 οὐκ
1448 2709 1653 2780 ἐσχάτη
1706 2710 1878 2779 μανία

278 2798 459 2853 ταῦτα
492 2800 767 2870 νομίζειν;
807 2800 968 2855 Ἀλλά
1012 2797 1237 2854 τοιαῦτα
1286 2799 1387 2871 μὲν
1418 2799 1512 2853 καὶ
1539 2799 1603 2853 τὸ
1629 2798 1683 2871 μ’
1712 2800 1807 2853 καὶ
1837 2798 1880 2852 ε’

278 2892 641 2961 διαλαμϐάνει
670 2894 988 2965 κεφάλαιον.

1982 1968 2097 2022 haec
2135 1967 2536 2030 contendimus,
2586 1968 2721 2021 certi
2767 1982 2863 2022 nos
2894 1983 3169 2037 nunquam
3203 1969 3561 2038 comprehen-

1984 2075 2165 2119 suros.
2226 2063 2489 2117 Caeterum
2533 2063 2670 2115 banc
2715 2077 2834 2117 esse
2887 2077 3070 2115 veram
3127 2061 3221 2117 Dei
3275 2064 3571 2131 potentiam

1986 2154 2353 2223 agnoscimus,
2388 2154 2531 2223 quod
2564 2169 2738 2223 neque
2768 2172 2796 2207 a
2836 2153 2990 2209 malis
3030 2154 3321 2223 aliquando
3346 2170 3571 2225 supere-

1991 2254 2101 2312 tur,
2137 2249 2359 2314 etquod
2394 2246 2444 2299 ia
2484 2260 2664 2300 rerum
2700 2246 3047 2300 conditarum
3100 2246 3387 2300 utilitatem
3414 2246 3574 2301 boni-

1991 2346 2104 2393 tate
2126 2346 2329 2391 utatur.
2359 2337 2429 2390 At
2455 2345 2512 2390 tu
2547 2337 2680 2390 mihi
2702 2336 2865 2390 etiam
2896 2336 3023 2390 illud
3056 2339 3359 2392 considera.
3389 2336 3576 2392 Solent

1988 2428 2044 2484 in
2099 2426 2484 2483 venationibus
2538 2428 2674 2482 tauri
2724 2427 2966 2483 stimulis
3002 2429 3252 2491 excitari,
3291 2439 3455 2498 atque
3505 2430 3574 2482 ad

1986 2520 2329 2589 pugnandum
2350 2518 2631 2590 proritari,
2656 2518 2895 2575 dolorem
2928 2534 3144 2589 quoque
3178 2519 3377 2589 220a
3400 2521 3576 2573 domi-

1986 2613 2072 2666 nis
2089 2612 2473 2677 sentientibus,
2493 2611 2539 2665 si
2562 2610 2700 2666 forte
2730 2612 2911 2667 minus
2928 2613 3347 2667 excandescant.
3375 2608 3574 2665 Verum

1987 2714 2261 2762 astrorum
2314 2704 2405 2760 ille
2448 2718 2643 2759 cursus
2697 2713 2870 2759 morte
2934 2714 3315 2759 remuneratur
3342 2717 3436 2758 eos
3482 2703 3574 2772 qui

1988 2797 2161 2868 ipsius
2210 2796 2466 2852 fatalibus
2527 2797 2762 2852 decretis
2811 2798 3104 2852 obsecutus
3142 2795 3326 2852 fuerit.
3375 2795 3577 2850 Servos

1984 2888 2171 2943 adhaec
2184 2896 2400 2943 nostros
2421 2888 2799 2958 immorigeros
2820 2888 3174 2955 castigamus,
3211 2888 3575 2956 obsequentes

282 2991 513 3061 praemio
541 2988 915 3044 atﬁcimus.At
944 2988 1037 3043 illa
1060 2988 1317 3059 quaehaec
1347 2986 1587 3058 cogitare
1612 3000 1679 3041 ac
1702 2985 1885 3041 facere
1913 2983 2059 3052 cogit
2087 2983 2397 3054 genesis,et
2418 2981 2523 3036 labi
2559 2983 2732 3051 jubet,
2796 2990 2853 3037 et
2887 2995 3180 3051 persuasos
3239 2981 3575 3035 cruciatibus

285 3079 527 3146 subjicit.
559 3078 757 3133 Eadem
792 3078 919 3133 item
957 3094 1056 3133 nos
1082 3078 1300 3148 quidem
1340 3077 1519 3147 justos
1549 3077 1604 3131 in
1631 3075 1878 3132 subditos
1953 3072 2225 3128 interdum
2278 3073 2430 3140 facit,
2480 3086 2605 3127 cum
2656 3075 2767 3143 ipsa
2816 3074 3037 3129 interim
3106 3073 3463 3144 injustissima
3516 3075 3573 3129 in

284 3191 386 3229 nos
414 3174 756 3229 committere
792 3189 896 3228 non
926 3175 1234 3231 erubescat.
1261 3173 1455 3228 Annon
1509 3172 1674 3244 igitur
1706 3177 1968 3226 extremae
2007 3168 2295 3224 dementiae
2343 3169 2458 3223 haec
2495 3178 2740 3223 statuere
2784 3167 2807 3221 ?
2850 3168 3030 3238 Atque
3094 3167 3211 3223 haac
3271 3166 3462 3234 quinto
3517 3176 3574 3222 et

279 3269 708 3337 quadragesimo
735 3267 915 3337 capite
936 3269 1177 3324 disserit.
1766 3296 1773 3299 -

356 3358 487 3432 [697
511 3358 604 3431 R.]
646 3361 733 3413 Ἐν
756 3360 814 3413 δὲ
838 3359 917 3431 τῷ
941 3359 1038 3429 pg’
1059 3362 1223 3431 φησιν
1245 3362 1321 3427 ὡς
1348 3362 1453 3417 ὐπὸ
1477 3360 1579 3433 τῆς
1609 3364 1889 3434 γενιθλια-
1917 3364 1961 3426 C

276 3453 476 3520 λογίας
507 3454 556 3505 οἱ
590 3453 923 3523 ἐκμανέντες
974 3454 1069 3507 καὶ
1111 3455 1455 3524 Δημιουργὸν
1486 3456 1598 3508 τῶν
1626 3455 1886 3512 ἀπάντων

279 3544 651 3599 ὑποτάττουσι
685 3544 880 3621 ταύτῃ.
917 3548 1059 3599 Φασὶ
1082 3547 1214 3618 γὰρ,
1246 3546 1434 3617 ὥσπερ
1468 3548 1530 3602 τὸ
1558 3547 1884 3621 δικαιοπρα-

279 3644 406 3707 γεῖν
438 3639 545 3691 ἀπὸ
568 3638 839 3708 γενέσεως
859 3680 874 3702 ,
902 3638 1048 3692 οὕτω
1077 3640 1174 3692 καὶ¹
1201 3638 1263 3692 τὸ
1295 3639 1739 3712 προσευχόμενον
1765 3641 1882 3693 εἰσ-

280 3731 587 3785 ακούεσθαι
614 3730 708 3784 καὶ
733 3730 793 3783 τὸ
821 3729 1164 3801 πληροῦσθαι
1195 3730 1330 3784 Θεοῦ
1364 3733 1667 3802 παρουσίας
1696 3735 1793 3786 καὶ
1821 3732 1884 3786 τὸ

281 3822 688 3890 καταξιοῦσθαι
734 3822 1024 3894 θειοτέρων
1069 3823 1657 3893 ἀποκαλύψεων.Ὧστε
1702 3824 1761 3890 ἐξ
1805 3818 1883 3880 ὧν

280 3916 534 3986 τολμῶσι
558 3915 737 3983 λέγειν
756 3957 770 3979 ,
803 3915 896 3968 τὸν
927 3915 1060 3968 Θεὸν
1088 3916 1367 3987 ὑπηρέτην
1393 3917 1750 3987 ἀποφαίνουσι
1783 3919 1882 3989 τῆς

281 4008 580 4076 γενέσεως,
612 4007 879 4061 κάκείνων
910 4008 1206 4079 εὐεργέτην
1238 4004 1321 4071 οἷς
1351 4010 1415 4062 ἂν
1452 4012 1481 4063 ὁ
1524 4009 1732 4080 ταύτης
1757 4010 1883 4081 δρό-

282 4119 394 4171 μος
418 4102 477 4154 τὸ
491 4101 537 4132 ⁸⁸
565 4101 797 4171 πάσχειν
828 4097 887 4154 εὖ
916 4100 1209 4172 ἐχαρίσατο
1228 4117 1243 4133 ο
1270 4096 1331 4156 οὗ
1360 4102 1413 4155 τί
1439 4101 1507 4155 ἂν
1533 4102 1618 4173 εἴη
1647 4103 1883 4157 ἀθεώτε-

281 4212 387 4266 ρον
419 4194 452 4263 ἢ
482 4193 937 4263 δυσσεϐέστερον;
970 4194 1035 4247 El
1073 4193 1130 4247 δὲ
1172 4192 1345 4247 ταῦτα
1396 4195 1491 4247 καὶ
1538 4194 1607 4248 τὰ
1657 4195 1882 4249 τοιαῦτα

276 4286 390 4353 τῆς
418 4282 762 4353 εἱμαρμένης
788 4282 1105 4354 ἀφαιροῦσι,
1141 4267 1212 4335 τά
1242 4282 1477 4351 μέγιστα
1514 4283 1624 4337 τῶν
1660 4284 1883 4352 ἀγαθῶν

277 4375 467 4442 αὐτῆς
498 4374 921 4444 ἀποτέμνοντες,
951 4372 1119 4444 μόνης
1147 4373 1430 4440 δεσπόζειν
1457 4374 1724 4447 πονηρίας
1752 4377 1885 4429 ἁνα-

282 4469 620 4539 γράφουσιν.
668 4467 831 4521 Ἀλλά
876 4469 971 4523 καὶ
1014 4467 1300 4532 πλείστους
1350 4467 1550 4533 ἔδειξεν
1596 4470 1625 4521 ὁ
1674 4469 1887 4540 μακρὸς

284 4562 488 4633 χρόνος
534 4560 594 4625 ἐξ
643 4561 845 4630 ἀρετῆς
896 4562 979 4624 είς
1023 4560 1224 4615 κακίαν
1272 4559 1676 4628 μεταϐαλόντας
1699 4580 1714 4593 ο
1741 4562 1884 4616 ὥστε

2065 3354 2491 3425 Quadragesimo
2518 3362 2675 3408 sexto
2727 3352 2903 3421 capite
2932 3352 3130 3407 asserit
3195 3352 3317 3406 illos
3349 3369 3378 3406 a
3411 3369 3579 3424 gene-

2005 3448 2286 3519 thlialogia
2315 3447 2681 3511 dementatos,
2703 3446 2944 3499 onmium
2970 3458 3187 3515 quoque
3216 3446 3575 3500 architectum

1986 3542 2155 3597 Deum
2200 3539 2376 3593 eidem
2432 3535 2737 3606 subjicere.
2784 3534 2867 3589 ita
2896 3535 3045 3590 enim
3098 3535 3429 3604 loquuntur,
3476 3536 3576 3604 ait,

1985 3629 2439 3705 quemadmodum
2487 3629 2633 3698 juste
2666 3627 2851 3682 vivere
2890 3644 2919 3681 a
2954 3626 3138 3698 genesi
3167 3627 3576 3695 {proficiscitun

1984 3727 2066 3782 sic
2091 3734 2146 3779 et
2172 3733 2421 3779 orantem
2462 3717 2729 3783 exaudiri,
2766 3727 2820 3773 et
2869 3718 2961 3772 Dei
2999 3719 3284 3788 praesentia
3342 3718 3576 3788 impleri,

1983 3828 2038 3874 et
2066 3816 2264 3872 divinis
2292 3812 2501 3884 dignari
2529 3811 2981 3882 apparitionibus.
3021 3809 3129 3866 Per
3164 3826 3225 3865 ea
3258 3811 3421 3881 igitur
3458 3825 3581 3881 qua:

1985 3922 2232 3965 asserere
2258 3907 2356 3974 ipsi
2383 3906 2609 3969 audent,
2637 3904 2803 3957 Deum
2827 3916 2953 3958 esse
2974 3918 3239 3972 geneseos
3268 3903 3578 3956 ministrum

1984 4001 2291 4064 declarant,
2330 4010 2494 4067 atque
2530 3998 2583 4051 in
2625 4012 2720 4052 eos
2751 3996 2900 4051 solos
2943 4010 3066 4051 esse
3105 3995 3429 4059 benelicum,
3459 3996 3581 4063 qui-

1984 4092 2084 4148 bus
2118 4091 2282 4161 hujus
2317 4106 2515 4144 cursus
2544 4088 2871 4143 beneficium
2902 4087 3152 4156 accipere
3183 4086 3416 4157 benigne
3448 4100 3583 4140 con-

1983 4183 2234 4240 cesserit.
2281 4180 2399 4248 Quo
2442 4182 2570 4249 quid
2599 4195 2723 4236 esse
2748 4180 2922 4249 possit
2954 4180 3178 4248 impium
3219 4178 3439 4249 magis?
3485 4178 3582 4232 Sin

1985 4280 2102 4335 haec
2143 4289 2307 4349 atque
2342 4279 2425 4331 his
2453 4276 2649 4331 similia
2684 4277 2954 4341 adimunt,
2982 4276 3095 4345 jam
3143 4275 3396 4330 maximis
3422 4275 3490 4329 ab
3517 4290 3584 4329 eo

1985 4372 2144 4427 bonis
2173 4369 2496 4435 divulsis,in
2516 4383 2678 4424 unam
2718 4368 2993 4424 duntaxat
3021 4369 3287 4423 dominari
3319 4367 3580 4422 malitiam

1984 4464 2328 4533 scripserint.
2364 4462 2620 4517 Attamen
2667 4470 2880 4530 tempus
2909 4461 3091 4516 docuit
3123 4475 3283 4530 quam
3318 4461 3605 4531 plurimos‘

1986 4569 2017 4609 e
2075 4554 2233 4609 bonis
2287 4554 2457 4607 malos
2490 4552 2731 4609 evasisse
2758 4570 2774 4620 ;
2814 4554 2884 4605 ita
2915 4560 2976 4606 ut
2998 4553 3198 4620 probos
3231 4550 3583 4619 inimprobos

288 4656 462 4709 πάλιν
491 4657 685 4726 κρατεῖ
712 4647 786 4707 ὧν
814 4653 915 4706 οὐκ
942 4654 1185 4723 ἐκράτει,
1213 4655 1339 4718 τοὺς
1367 4653 1607 4723 ἀγαθοὺς
1636 4655 1716 4717 είς
1740 4655 1882 4724 φαύ-

1990 4649 2394 4712 commutando,
2451 4647 2503 4698 in
2541 4659 2635 4699 eos
2689 4658 2910 4697 rursum
2934 4651 3260 4711 potestatem
3314 4642 3581 4708 obtineat,

284 4747 422 4809 λους
450 4713 881 4816 μετακινήσασα.
904 4713 1091 4807 Οὕτως
1120 4746 1155 4815 ἠ
1173 4713 1389 4815 ⁷ταύτης
1416 4713 1673 4809 ὐπόθεσις
1697 4713 1882 4802 πάντα

1990 4739 2079 4808 qui
2128 4739 2197 4793 ab
2244 4740 2360 4807 ejus
2405 4738 2642 4808 potentia
2674 4734 2829 4789 liberi
2872 4745 3048 4791 erant.
3100 4734 3254 4790 Adeo
3289 4734 3416 4788 dum
3468 4734 3584 4789 haec

288 4840 495 4909 συγχεῖ
538 4837 635 4891 καὶ
660 4837 941 4909 ταράττει,
972 4836 1066 4889 καὶ
1099 4836 1207 4907 πρὸ
1236 4835 1455 4892 πάντων
1485 4838 1684 4907 ἑαυτὴν
1712 4855 1884 4894 κατα-

286 4928 486 4983 ϐάλλει
512 4944 569 4981 τε
596 4928 692 4981 καὶ
719 4927 1064 4999 περιτρέπει.

369 5109 537 5176 Λέγει
565 5109 621 5163 δὲ
653 5110 796 5164 κατὰ
824 5109 886 5163 τὸ
916 5109 1041 5176 ἑξῆς
1071 5108 1365 5177 κεφάλαιον
1392 5109 1412 5181 (
1428 5108 1474 5174 ζ’
1500 5109 1557 5164 δὲ
1592 5110 1748 5166 τοῦτό
1773 5113 1890 5167 ἐστι

293 5203 395 5257 καὶ
431 5202 504 5272 μ’)
540 5203 615 5265 ὡς
638 5203 732 5257 καὶ
766 5202 874 5256 τῶν
900 5201 1031 5271 παρ’
1061 5202 1287 5271 Ἕλλησι
1320 5202 1800 5274 φιλοσοφησάντων
1822 5205 1892 5260 τά

296 5290 530 5345 τοιαῦτά
580 5310 726 5357 τινες
771 5294 862 5346 ἐπὶ
908 5293 1033 5346 νοῦν
1081 5292 1297 5362 θέμενοι
1340 5293 1459 5346 τὸ¹³¹⁵
1489 5294 1589 5364 τῆς
1626 5297 1894 5364 γενέσεως

298 5384 695 5456 ἐμυσάχθησάν
742 5403 803 5438 τε
850 5385 947 5438 καὶ
992 5386 1363 5454 κατεγέλασαν
1399 5385 1645 5455 πλάσμα.
1697 5388 1892 5442 Καίτοι

296 5473 394 5524 τόν
421 5488 481 5524 τε
506 5472 735 5543 οὐρανὸν
765 5472 1055 5544 σφαιρικὸν
1084 5475 1236 5528 οὐδὲν
1262 5470 1427 5546 ἦττον
1456 5476 1489 5545 ἢ
1517 5469 1668 5529 οὗτοι
1703 5478 1891 5546 ἐδόξα-

299 5562 421 5628 ζον,
449 5564 547 5615 καὶ
598 5562 703 5633 μὴν
733 5564 829 5617 καὶ
874 5563 973 5634 τὴν
1015 5563 1125 5617 τῶν
1158 5564 1364 5627 ζωδίων
1390 5563 1641 5619 σύνθεσιν
1668 5568 1761 5619 καὶ¹
1792 5566 1892 5637 τὴν

296 5655 417 5707 τῶν
448 5654 736 5727 πλανήτων
766 5656 982 5727 κίνησιν
1008 5656 1108 5710 οὐκ
1136 5656 1313 5720 ἄλλως
1357 5658 1627 5727 ἐνόμιζον.
1656 5658 1753 5722 Τίς
1798 5659 1891 5713 οῦν

1990 4831 2278 4896 statuitur,
2313 4829 2501 4885 omnia
2527 4828 2933 4884 confunduntur
2959 4836 3123 4898 atque
3158 4827 3577 4894 conturbantur,

1992 4938 2048 4982 et
2076 4926 2161 4981 vel
2197 4927 2315 4996 ipsa
2362 4939 2487 4981 sese
2521 4933 2648 4979 ante
2676 4925 2859 4981 omnia
2890 4922 3208 4996 prosternit,
3239 4937 3305 4979 ac
3346 4922 3583 4979 circum-

1995 5020 2204 5089 agendo
2230 5018 2454 5075 evertit.

2065 5111 2380 5167 Proximum
2433 5110 2630 5166 deinde
2685 5120 2857 5181 caput
2908 5109 3240 5183 (septimum
3302 5108 3357 5164 id
3410 5116 3585 5165 estet

2005 5202 2507 5275 quadragesimum)
2525 5203 2740 5271 asserit,
2760 5202 2986 5258 Graecos
3006 5202 3211 5273 aliquot
3229 5201 3577 5272 philosophos

1996 5294 2113 5348 haec
2158 5294 2343 5348 animo
2384 5293 2822 5356 considerantes,
2871 5293 3001 5348 illud
3038 5294 3104 5348 de
3131 5293 3313 5363 genesi
3353 5293 3579 5360 figmen-

1996 5394 2111 5439 tum
2143 5385 2440 5441 detestatos
2487 5399 2615 5441 esse
2659 5395 2822 5455 atque
2862 5383 3103 5440 irrisisse
3127 5423 3143 5447 ,
3185 5398 3492 5453 quanquam
3526 5393 3581 5439 et

2000 5477 2197 5533 cmlum
2227 5479 2400 5549 ipsum
2424 5493 2533 5533 non
2567 5492 2727 5533 secus
2761 5488 2928 5547 atque
2952 5476 3026 5532 illi
3055 5476 3337 5547 globosum
3366 5489 3582 5531 assere-

2002 5577 2126 5623 rent
2159 5584 2176 5636 ;
2226 5575 2281 5624 et
2317 5583 2426 5623 non
2448 5568 2609 5625 aliter
2638 5569 2704 5624 de
2733 5569 3014 5639 signorum
3045 5566 3461 5637 compositione,
3487 5568 3581 5621 deo

1999 5676 2105 5732 que
2128 5664 2428 5719 errantium
2460 5664 2738 5721 stellarum
2784 5670 2933 5720 motu
2962 5669 3285 5719 statuerent.
3320 5659 3578 5719 Quaenam

1600 5756 1842 5812 VARIAE‘.
1886 5756 2186 5813 LECTION
2194 5758 2299 5815 ES.

375 5848 428 5879 "
458 5847 614 5921 πρὸς]
642 5849 717 5913 ὡς
747 5852 812 5904 Α.
858 5884 863 5887 -
889 5851 935 5884 ⁸³
961 5850 1122 5923 πρὸς]
1144 5852 1219 5915 ὡς
1247 5854 1312 5908 Λ.
1384 5854 1431 5887 ⁸⁸
1457 5854 1656 5926 δρόμος
1694 5854 1896 5924 ταύτης
1935 5872 1997 5917 ς’.

2098 5856 2143 5888 ⁸⁸
2168 5856 2226 5911 τὸ
2254 5856 2376 5910 add.
2412 5856 2475 5910 Α.
