4032 6446
498 390 597 457 ιιι
1473 468 1476 470 η
1661 391 1925 454 PHOTII
1962 397 2098 455 PAT

2201 398 2466 458 ARCHJE
2501 399 2606 459 CP.
3627 420 3717 484 872

500 512 666 571 igirur
736 505 928 559 horum
992 503 1259 557 sententia
1323 510 1454 564 est,
1519 503 1661 570 quod
1693 504 1806 557 llaec
1865 504 2079 571 quidem

2201 510 2366 574 ιὺτοϊς
2411 511 2444 578 ἡ
2499 509 2713 578 γνώμη,
2748 507 2906 562 τοῦτο
2959 507 3058 578 μὲν
3106 509 3368 578 δέχεσθαι,
3400 516 3558 575 έκεῖνο
3577 525 3626 579 δέ
3659 536 3723 606 μὴ

499 599 809 662 admittant,
860 596 987 648 illud
1044 608 1170 647 vero
1207 594 1602 663 nequaquam?
1645 591 1721 646 Ea
1772 607 1894 662 qua:
1945 603 2092 648 terra

502 688 750 756 marique
787 685 870 738 vel
907 686 956 737 in
993 699 1117 735 aere
1147 695 1199 735 et
1249 684 1466 737 caneris
1500 683 1786 737 elementis
1830 683 2092 737 accidunt

503 776 979 846 pra-significandi,
1015 773 1116 827 etsi
1165 791 1267 826 non
1298 774 1524 841 cogendi
1563 783 1657 826 aut
1686 773 1950 827 efﬁciendi
1984 773 2094 828 vim

505 870 705 921 habere
754 875 1024 920 astrorum
1081 856 1301 919 cursum
1341 867 1703 919 arbitrantur.
1742 863 1896 919 Hunc
1945 865 2092 920 enim

503 961 568 1014 ad
599 976 720 1014 eum
752 958 864 1012 fere.
886 960 1105 1012 modum
1138 958 1318 1011 futura
1345 959 1688 1022 denuntiare,
1709 975 1818 1028 quo
1841 959 2094 1014 divinan-

505 1055 577 1119 di,
616 1053 979 1120 aruspicandi,
1022 1062 1114 1104 aut
1146 1052 1339 1105 similis
1395 1067 1485 1105 ars
1518 1052 1784 1118 qnazpiam
1831 1051 2008 1105 solet:
2039 1059 2096 1106 ut

504 1159 611 1194 non
650 1150 932 1209 propterea
984 1141 1097 1193 haec
1153 1141 1408 1194 eveniant
1443 1141 1586 1208 quod
1631 1141 2091 1208 pra-nuntientur,

505 1239 599 1290 Sed
656 1238 775 1290 ideo
833 1235 1301 1304 pnenuutieutur,
1363 1236 1504 1304 quod
1574 1234 1850 1288 eveniant.
1906 1229 2094 1302 Neque

506 1329 649 1380 enim
701 1336 847 1380 astra
897 1341 994 1394 per
1026 1327 1132 1380 vim
1183 1326 1489 1395 gubernare
1525 1326 1640 1380 haec
1687 1325 1966 1389 inferiora,
2000 1325 2093 1379 sed

505 1417 768 1468 duntaxat
806 1430 924 1482 quae
949 1423 1071 1483 post
1098 1424 1357 1468 eventura
1392 1416 1501 1468 sint
1531 1413 1875 1468 denuntiare.
1897 1414 2093 1468 Verum

505 1509 610 1562 etsi
654 1508 745 1578 qui
778 1507 974 1578 220b
1005 1509 1085 1563 sic
1137 1509 1402 1572 sentiunt,
1453 1522 1705 1575 magnam
1738 1507 1886 1561 illam
1921 1516 2097 1560 astro-

508 1602 752 1671 logorum
804 1603 1139 1670 impietatem
1173 1614 1202 1653 ι
1250 1614 1310 1652 se
1348 1598 1668 1668 repulerint,
1701 1599 1767 1653 ad
1799 1599 2092 1667 perfectam

509 1704 686 1747 tamen
720 1694 1004 1746 veritatem
1039 1706 1143 1746 non
1187 1698 1572 1761 pervenerunt.
1607 1691 1683 1743 Ita
1733 1691 2000 1759 septimus
2027 1690 2092 1742 li-

510 1785 609 1837 ber
639 1785 966 1838 absolvitur.

578 1877 819 1932 Octavus
870 1893 1031 1945 porro
1077 1875 1265 1930 libera
1303 1876 1720 1945 quadragesimo
1769 1886 1964 1930 octavo
2012 1851 2166 1930 ἰπὶ-Β

506 1969 735 2022 elluatus
793 1969 994 2036 capite.
1062 1968 1196 2020 duos
1248 1977 1461 2022 creatos
1516 1970 1651 2022 dicit
1705 1969 1892 2032 malos,
1929 1985 2091 2021 unum

507 2059 724 2129 quidem
785 2059 1102 2128 aspectabili
1166 2059 1268 2112 isto
1323 2061 1597 2128 superius,
1654 2061 1796 2128 quod
1833 2076 1937 2113 una
1971 2075 2092 2113 cum

511 2166 655 2208 terra
696 2154 1025 2216 substiterit,
1066 2154 1295 2207 alterum
1325 2171 1460 2216 vero
1493 2155 1602 2210 hoc
1646 2157 1790 2224 quod
1821 2155 2090 2210 videmus.

510 2244 712 2299 Horum
768 2259 898 2315 ergo
925 2246 1152 2298 duorum
1187 2245 1415 2300 alterum
1451 2248 1575 2300 tecti
1606 2249 1757 2316 quasi
1800 2249 1978 2302 locum
2017 2256 2096 2301 te-

511 2353 662 2399 nete,
725 2337 952 2390 alterum
1005 2348 1162 2392 terra:
1210 2340 1428 2406 quidem
1474 2341 1600 2393 tecti
1638 2341 1811 2393 vicem
1844 2341 2096 2395 similiter

510 2426 773 2492 praebere,
817 2426 910 2479 sed
959 2426 1138 2480 altiori
1193 2427 1264 2478 illi
1323 2429 1462 2481 coelo
1513 2429 1611 2482 soli
1666 2431 1838 2482 instar
1869 2443 1994 2484 esse
2033 2445 2096 2484 ac

509 2515 850 2570 fundamenti
904 2533 920 2582 ;
976 2527 1173 2570 terram
1228 2518 1415 2572 adbaac
1441 2534 1599 2572 unam
1630 2534 1800 2586 esse;
1852 2520 2092 2574 ctelestia

512 2611 635 2662 item
696 2613 1055 2679 potestatibus
1109 2611 1408 2676 majOribus
1462 2627 1585 2667 esse
1634 2612 1913 2680 subjecta,
1957 2623 2011 2667 ut
2041 2622 2098 2666 et

511 2702 813 2755 visibilibus
842 2717 905 2756 ea
959 2716 1080 2771 quae
1120 2703 1224 2755 sub
1263 2703 1404 2756 cedo
1452 2714 1602 2756 sunt.
1631 2703 1842 2758 lenm
1877 2705 2097 2774 insuper

514 2808 623 2846 non
687 2794 1000 2859 rotundum,
1058 2793 1149 2845 sed
1205 2792 1424 2846 tentorii
1474 2808 1538 2846 ac
1575 2792 1802 2847 fornicis
1859 2794 2092 2848 fortnam

511 2887 785 2952 prmferre.
816 2885 916 2938 Pro
942 2886 1156 2953 quidem
1187 2884 1442 2953 opinione
1473 2886 1791 2952 Scripturaz,
1823 2897 1878 2938 ut
1908 2896 2088 2954 putat,

511 2976 818 3030 testimonia
853 2974 1058 3042 profert
1092 2993 1105 3027 :
1139 2991 1244 3030 non
1281 2990 1345 3029 ea
1378 2975 1550 3029 solum
1597 2977 1664 3030 de
1693 2975 1889 3045 ﬁgura,
1919 2978 2012 3030 sed
2041 2986 2098 3030 el.

509 3069 576 3121 de
625 3083 820 3122 occasu
870 3077 1032 3136 atque
1087 3079 1207 3120 ortu
1242 3067 1392 3122 solis.
1426 3065 1624 3121 Reddit
1676 3077 1729 3122 et
1760 3083 1978 3123 causam
2008 3069 2094 3122 in-

511 3161 771 3214 crementi
807 3175 870 3214 ac
901 3159 1232 3214 decrementi
1272 3161 1484 3213 dierum
1512 3176 1575 3214 ac
1615 3161 1853 3215 noctium
1894 3179 1907 3214 :
1941 3161 2094 3216 alia-

509 3268 618 3320 que
651 3252 702 3305 id
744 3268 916 3321 genus
955 3253 1168 3306 curiose
1207 3252 1514 3320 investigat,
1561 3267 1678 3305 mea
1723 3253 2089 3320 quidetnisen-

513 3346 707 3407 tentia,
765 3358 884 3412 quae
942 3342 1248 3396 necessaria
1300 3359 1404 3396 non
1440 3353 1588 3407 sunt,
1629 3345 1731 3397 etsi
1769 3359 1892 3397 cum
1920 3345 2096 3400 sacris

510 3435 746 3488 oraculis
771 3433 1162 3488 connexionem
1187 3435 1478 3502 quamdam
1511 3434 1727 3489 habent.
1772 3434 1924 3490 Unde
1949 3436 2094 3506 pium

508 3529 729 3598 quidem
773 3528 920 3582 hunc
953 3529 1154 3592 virum,
1187 3542 1254 3581 ex
1288 3527 1354 3582 iis
1386 3543 1508 3597 quae
1551 3528 1739 3594 refert,
1767 3529 2000 3596 iudices,
2044 3537 2098 3582 at

512 3638 616 3675 non
643 3621 716 3674 ita
741 3620 904 3674 etiam
937 3628 1188 3674 accurata
1215 3635 1339 3673 cum
1371 3620 1789 3674 ratiocinatione
1817 3635 2098 3674 sacrarum

513 3715 917 3779 Seripturarum
949 3711 1256 3767 testimonia
1286 3715 1588 3781 producere
1619 3713 1848 3768 dixeris.

582 3806 712 3859 lude
762 3806 830 3859 ad
877 3819 1076 3860 nonum
1105 3812 1160 3859 et
1206 3804 1678 3876 quadragesimum
1707 3815 1871 3875 caput
1921 3815 2103 3859 trans-

514 3901 681 3954 itione
731 3899 893 3963 facta,
931 3913 1104 3953 sacrae
1131 3898 1288 3954 nobis
1317 3897 1617 3968 Scriptura:
1654 3898 1828 3968 leges,
1854 3898 2104 3952 admoui-

515 3992 817 4059 tionesque,
863 4001 919 4044 et
970 4006 1224 4060 magnum
1279 3990 1407 4044 illud
1468 3990 1857 4059 redemptiOnis
1907 3999 2106 4046 nostra!

514 4084 832 4152 mysterium
876 4081 1301 4152 (neeimmerito
1349 4083 1504 4151 sane)
1559 4082 1860 4151 praedicat;
1913 4082 2002 4136 ubi
2049 4091 2107 4136 et

515 4173 858 4244 astrologiam
933 4188 1000 4228 ex
1053 4173 1244 4228 iisdem
1301 4173 1406 4229 illis
1439 4173 1637 4229 divinis
1687 4173 1842 4228 libris
1889 4176 2106 4242 egregie

516 4267 849 4336 perstringit.

577 4356 714 4412 Hinc
747 4357 811 4410 ad
839 4356 1350 4426 quinquagesimum
1378 4365 1540 4423 caput
1562 4356 1730 4423 gradu
1760 4353 1925 4419 facto,
1951 4370 2106 4408 eunt-

515 4447 636 4501 dent
679 4447 827 4502 illum
862 4462 1103 4503 errorem
1137 4447 1308 4500 nihilo
1333 4445 1553 4513 segnius
1578 4455 1874 4514 oppugnat,
1906 4455 2106 4513 praeter

2196 600 2550 672 προσίεσθαι;
2589 602 2712 653 Ὀτι
2741 601 2850 652 τῶν
2880 600 2972 650 ἐπὶ
3001 599 3103 668 γῆς
3127 600 3219 651 καὶ
3243 600 3493 675 θαλάττης
3525 599 3725 682 συμϐαιί

2197 694 2394 746 νόντων
2421 695 2478 745 ὲν
2510 693 2631 762 ἀέρι
2659 709 2718 746 τε
2748 691 2878 764 [562
2905 691 2998 763 Η]
3028 691 3121 743 καὶ
3150 693 3260 755 τοῖς
3287 694 3455 762 ἄλλοις
3482 709 3727 775 στοιχείοις

2197 786 2642 855 προσημαντικδν
2673 786 2769 854 μέν
2793 780 2932 836 εἶναι
2971 782 3249 853 νομίζουσι
3279 787 3365 838 τὸν
3391 791 3490 842 τῶν
3517 795 3729 868 ἀστέρων

2195 879 2413 948 δρόμον,
2445 878 2559 930 ἀλλ’
2589 879 2687 930 οὐκ
2719 877 3122 945 ἀναγκαστικὸν
3149 876 3180 946 ἢ
3215 884 3502 946 ποιητικὴν,
3539 893 3731 956 μηνύειν

2195 969 2252 1022 δὲ
2295 967 2484 1022 τοῦτον
2531 969 2599 1022 τά
2645 969 2880 1038 ἐσόμενα
2910 969 3098 1037 ὥσπερ
3140 970 3234 1022 καὶ
3263 969 3358 1040 τὴν
3390 978 3632 1049 μαντικὴν
3657 984 3733 1036 κα),

2194 1063 2295 1132 τὴν
2313 1063 2357 1094 ⁸⁸
2383 1062 2728 1131 οίωνιστικὴν
2758 1061 2852 1114 καὶ
2877 1061 2998 1114 ὅσαι
3024 1061 3217 1118 αὐταῖς
3247 1064 3600 1133 παραπλήσιοι
3621 1087 3632 1100 ο
3653 1076 3733 1128 καὶ

2196 1155 2295 1208 οὐκ
2317 1154 2502 1225 ἐπειδὴ
2524 1155 2778 1223 προλέγει
2801 1154 3032 1221 γίνεται,
3069 1150 3185 1205 ἀλλ’
3212 1155 3394 1226 ἐπειδὴ
3420 1158 3609 1222 γίνεται
3630 1181 3736 1234 προ-

2195 1247 2346 1313 λέγει
2371 1262 2384 1275 ·
2424 1248 2518 1300 καὶ
2562 1248 2663 1299 οὐκ
2693 1247 2905 1315 ἀνάγκῃ
2937 1247 3003 1315 τῇ
3037 1245 3134 1298 ἀπ’
3163 1245 3330 1313 αὐτῆς
3359 1247 3654 1306 διοικεῖσθαι
3680 1259 3738 1311 τὰ

2195 1337 2452 1401 ἐνταῦθα,
2488 1337 2886 1408 προσημαίνειν
2919 1336 2976 1388 δὲ
3015 1336 3173 1406 μόνον
3204 1336 3272 1388 τά
3302 1338 3544 1408 ἐσόμενα.
3564 1343 3686 1399 Ἀλλ’
3699 1351 3739 1402 οί

2194 1429 2366 1482 ταῦτα
2404 1430 2503 1499 μὲν
2540 1431 2854 1499 νομίζοντες
2903 1429 2999 1499 τὴν
3048 1429 3248 1498 πολλὴν
3291 1430 3399 1483 τῶν
3428 1433 3742 1506 ἀστρονόμων

2194 1521 2515 1575 δυσσέϐειαν
2566 1523 2947 1587 ἀπεσείσαντο,
2981 1522 3116 1591 πρὸς
3160 1521 3216 1575 δὲ
3266 1522 3328 1575 τὸ
3373 1525 3468 1594 τῆς
3515 1527 3743 1598 ἀληθείας

2194 1612 2424 1683 ἀκριϐὲς
2464 1614 2564 1666 οὐκ
2612 1615 2895 1681 ἀφίκοντο.
2915 1613 3056 1668 Ἀλλ’
3088 1615 3147 1666 ἐν
3175 1613 3386 1678 τούτοις
3419 1615 3512 1685 μὲν
3557 1619 3641 1671 καὶ
3664 1623 3742 1674 τοῦ

2195 1703 2239 1766 ς’
2277 1701 2441 1771 λόγου
2480 1701 2541 1754 τὸ
2582 1703 2775 1772 πέρας.

2280 1881 2438 1946 ὀςδὲ
2485 1887 2534 1951 η’
2562 1881 2757 1948 λόγος,
2793 1880 2933 1933 κατὰ
2985 1880 3046 1933 τὸ
3092 1878 3142 1950 η’
3176 1881 3270 1934 καὶ
3325 1881 3377 1952 μ’
3405 1884 3748 1956 ἀπαρχόμενος

2195 1973 2516 2042 κεφάλαιον,
2554 1972 2648 2024 δύο
2680 1973 2777 2041 μὲν
2804 1972 3069 2043 οὐρανοὺς
3103 1973 3250 2040 λέγει
3282 1973 3638 2042 γεγενῆσθαι,
3669 1978 3748 2030 ἕνα

2199 2066 2296 2135 μὲν
2335 2064 2430 2118 τοῦ
2481 2065 2763 2135 ὁρωμένου
2814 2062 3109 2133 ἀνώτερον,
3140 2064 3199 2118 ὃν
3243 2066 3341 2118 καὶ
3387 2069 3750 2133 συνυφεστάναι

2197 2159 2263 2227 τῇ
2314 2159 2408 2226 γῇ,
2444 2155 2674 2225 θάτερον
2702 2154 2758 2207 δὲ
2790 2155 2879 2208 τὸν
2909 2153 3184 2226 ὁρώμενον
3205 2171 3219 2183 ο
3269 2153 3365 2207 δύο
3395 2155 3450 2207 δὲ
3479 2154 3636 2209 ὄντων
3677 2159 3751 2209 τὸν

2200 2249 2298 2318 μὲν
2345 2248 2548 2319 ὀροφῆς
2602 2247 2820 2316 ἐπέχειν
2863 2246 3059 2313 λόγον,
3089 2247 3180 2300 τὸν
3228 2246 3287 2299 δὲ
3340 2247 3475 2315 πρὸς
3536 2247 3629 2317 μὲν
3674 2251 3755 2318 τὴν

2196 2341 2298 2408 γῆν
2328 2339 2531 2410 ὀροφῆς
2561 2337 2843 2404 ὡσαύτως,
2874 2338 3102 2407 ἐδάφους
3132 2338 3188 2392 δὲ
3223 2340 3320 2392 καὶ
3357 2339 3562 2408 βάσεως
3590 2339 3754 2408 τιρδςεδ⁷

2195 2432 2285 2485 τὸν
2319 2431 2678 2501 ὑπερέχοντα.
2709 2431 2821 2484 Καὶ
2849 2432 2954 2499 γῆν
2985 2429 3041 2483 δέ
3075 2430 3223 2501 μίαν.
3253 2431 3367 2483 Καὶ
3395 2430 3463 2483 τά
3496 2430 3589 2497 μὲν
3618 2431 3757 2501 οὐρά-

2196 2542 2284 2576 νια
2330 2527 2450 2586 ταῖς
2491 2523 2797 2593 κρείττοσιν
2826 2522 3266 2592 ἀπονενεμῆσθαι
3288 2523 3336 2554 ⁸⁸
3367 2521 3640 2590 δυνάμεσι,
3669 2524 3762 2582 τοῖς

2195 2618 2493 2686 ὁρωμένοις
2519 2615 2578 2668 δὲ
2601 2615 2672 2668 τὰ
2698 2615 3004 2686 ὑπουράνια
3021 2615 3086 2670 ³³.
3112 2617 3203 2686 Μὴ
3231 2617 3472 2685 σφαῖραν
3500 2615 3555 2666 δὲ
3583 2613 3667 2667 τὸν
3686 2616 3763 2666 οὺ-

2199 2710 2359 2781 ρανδν
2407 2706 2566 2773 εἶναι,
2598 2709 2735 2764 ἀλλά
2788 2710 2997 2779 σκηνῆς
3045 2711 3140 2760 καὶ
3191 2709 3460 2778 καμάρας
3502 2705 3764 2770 διασώζειν

2198 2806 2403 2874 σχῆμα.
2439 2801 2549 2856 Kal.
2596 2801 2800 2872 ταύτης
2845 2803 2943 2872 τῆς
2995 2800 3322 2870 ὑπολήψεως
3367 2800 3662 2867 Γραφικάς,
3705 2799 3765 2860 ὡς

2194 2898 2387 2960 οἴεται,
2417 2895 2711 2966 προϐάλλει
2740 2894 3067 2964 μαρτυρίας,
3089 2893 3151 2945 ού
3185 2893 3351 2961 μόνον
3381 2891 3511 2962 περὶ
3539 2889 3630 2943 τοῦ
3654 2892 3768 2958 σχή-

2201 3004 2389 3059 ματος,
2427 2985 2565 3039 ἀλλά
2607 2986 2855 3055 καὶπερὶ
2906 2984 3108 3046 δύσεως
3152 2983 3248 3036 καὶ
3288 2982 3426 3052 περὶ
3470 2978 3768 3052 ἀνατολῆς⁹⁶

2197 3080 2371 3150 ἡλίου.
2406 3079 2707 3146 Αίτιολογεῖ
2734 3077 2790 3130 δὲ
2821 3080 2914 3129 καὶ
2939 3075 3036 3147 τὴν
3065 3075 3174 3128 τῶν
3206 3074 3440 3146 ἡμερῶν
3469 3076 3564 3126 καὶ
3589 3074 3770 3126 νυκτῶν

2197 3170 2583 3242 αὐξομείωσιν,
2616 3171 2711 3224 καὶ
2738 3169 2874 3223 ἄλλα
2903 3171 3026 3222 τινὰ
3054 3167 3284 3221 τοιαῦτα
3323 3167 3768 3237 πολυπραγμονεῖ,

2197 3264 2272 3327 ὼς
2309 3263 2494 3334 ἔμοιγε
2533 3263 2699 3326 δοκεῖ,
2727 3262 2788 3315 τὸ
2838 3263 3135 3326 ἀναγκαῖον
3184 3261 3286 3312 οὐκ
3343 3259 3540 3328 ἔχοντα
3563 3297 3579 3322 ,
3610 3259 3654 3310 εί
3696 3257 3773 3310 καὶ

2197 3358 2310 3420 τοῖς
2342 3358 2507 3427 ἱεροῖς
2528 3355 2730 3423 λογίοις
2758 3354 3118 3425 προσφύεται.
3139 3349 3228 3416 Ἐξ
3251 3343 3320 3405 οὗ
3347 3349 3672 3403 εὐσεϐοῦντα
3694 3348 3772 3418 μὲν

2198 3449 2290 3502 τὸν
2333 3449 2523 3516 ἄνδρα,
2556 3441 2638 3510 οἷς
2672 3447 2973 3516 κέχρηται,
3005 3447 3123 3514 θείη
3172 3445 3238 3498 ἄν
3289 3461 3405 3506 τις,
3442 3443 3690 3513 ἀκριϐείᾳ
3727 3442 3773 3493 δὲ

2200 3537 2477 3610 λογισμῶν
2519 3537 2621 3608 τὴν
2663 3537 2774 3590 τῶν
2806 3537 3100 3606 Γραφικῶν
3145 3535 3464 3606 μαρτυρίαν
3499 3533 3777 3604 προτείνειν

2201 3633 2385 3686 οὐκέτι
2422 3631 2622 3700 ὁμοίως
2661 3629 2966 3698 φήσειενθί.

2273 3812 2557 3866 Ἐντεῦθεν
2607 3810 2699 3862 ἐπὶ
2747 3807 2809 3861 τὺ
2855 3807 2900 3861 θ’
2934 3807 3030 3860 καὶ
3076 3805 3130 3875 μ’
3149 3808 3194 3838 ⁹²
3232 3807 3589 3876 μεταϐαίνων
3635 3807 3780 3872 κεφά-

2204 3907 2376 3969 λαιον,
2405 3905 2506 3973 τῆς
2539 3904 2690 3974 ἱερᾶς
2730 3899 2887 3972 ἡμῶν
2926 3901 3149 3969 Γραφῆς
3175 3902 3301 3962 τοὺς
3334 3901 3540 3971 νόμους
3565 3899 3684 3972 [700
3703 3896 3778 3966 IL!

2207 3999 2302 4053 καὶ
2329 3997 2429 4060 τὰς
2459 3993 2811 4066 παραινέσεις
2834 3991 2928 4043 καὶ
2955 3991 3016 4043 τὸ
3039 3992 3184 4060 μέγα
3211 3992 3316 4060 τῆς
3340 3993 3626 4062 σωτηρίας
3647 3989 3781 4060 ἡμῶν

2210 4089 2508 4160 μυστήριον
2539 4085 2633 4138 καὶ
2668 4083 2814 4150 μάλα
2842 4081 3069 4144 δικαίως
3099 4083 3329 4151 ἐξυμνεῐ
3353 4099 3368 4113 ·
3399 4085 3459 4136 ἐν
3499 4076 3544 4148 ᾧ
3583 4083 3673 4134 καὶ
3699 4079 3783 4147 τῆς

2207 4175 2566 4248 ἀστρολογίας
2595 4177 2660 4228 ἐκ
2689 4173 2796 4226 τῶν
2823 4173 3005 4228 αὐτῶν
3031 4172 3385 4245 θεοχρήστων
3411 4174 3612 4244 λογίων
3634 4175 3784 4242 ἀρμο».

2206 4272 2333 4332 δίως
2361 4269 2728 4322 καθάπτεται.

2278 4359 2521 4414 Ἐκεῖθεν
2544 4360 2637 4413 ἐπὶ
2661 4359 2724 4411 τὸ
2751 4357 2978 4426 ν’,ἀνιὼν
2996 4356 3314 4424 κεφάλαιον,
3340 4357 3447 4422 τῆς
3472 4358 3645 4426 αὐτῆς
3667 4354 3789 4408 πλά-

2210 4467 2306 4521 νης
2353 4449 2506 4502 οὐδὲν
2549 4443 2714 4521 ἦττον
2752 4443 3223 4513 καταγωνίζεται,
3275 4445 3461 4512 λέγων
3515 4446 3653 4514 μετά
3694 4443 3787 4494 τῶν

517 4540 617 4592 alia
653 4542 812 4594 etiam
845 4541 945 4593 ista
984 4539 1250 4593 referens.
1276 4537 1344 4592 Et
1377 4540 1421 4590 si
1448 4537 1598 4604 quid,
1625 4538 1721 4601 ait,
1739 4537 1807 4590 ab
1833 4537 1938 4592 illis
1963 4551 2098 4606 pra!-

2208 4541 2383 4596 ἄλλων
2422 4541 2498 4602 ὡς
2543 4541 2593 4591 εί
2627 4538 2721 4591 καί
2750 4555 2803 4588 τι
2833 4536 2944 4590 τῶν
2973 4535 3399 4606 προλεγομένων
3447 4538 3637 4598 αὐτοῖς
3660 4533 3790 4587 δοκεῖ

516 4631 720 4685 dictum
737 4632 954 4686 evenire
971 4630 1110 4690 forte
1135 4631 1400 4692 videatur,
1424 4644 1528 4682 non
1550 4629 1602 4682 id
1624 4644 1748 4682 mox
1780 4627 1928 4699 [quia
1960 4643 2101 4698 prae-

518 4723 722 4778 dictum
749 4722 871 4796 fuit]
902 4724 1121 4789 evenit;
1156 4721 1325 4777 multa
1354 4720 1626 4791 siquidem
1655 4730 1711 4775 et
1741 4720 1896 4776 nobis
1915 4733 2106 4775 eorum

517 4829 638 4883 quae
684 4816 1140 4882 cogitaveramus,
1179 4813 1512 4873 acciderunt.
1542 4823 1595 4868 et.
1645 4815 1844 4883 negotii
1878 4811 2106 4879 alicujus

519 4908 598 4960 vel
647 4908 774 4961 moti
806 4906 942 4973 jam,
979 4909 1063 4962 vel
1095 4907 1242 4962 brevi
1271 4906 1520 4960 movendi
1557 4906 1962 4974 exspectatione
1987 4921 2108 4962 sus-

518 5000 668 5066 pensi
717 5040 731 5064 ,
788 4999 914 5052 illud
969 4999 1144 5067 ipsum
1178 4998 1284 5050 tale
1343 4996 1600 5050 habuisse
1643 4996 1969 5064 principium
2023 4997 2108 5052 vel

521 5092 678 5146 tinem
700 5103 884 5160 postea
907 5089 1382 5160 deprehendimus,
1405 5087 1623 5157 qualem
1650 5103 2063 5155 speraveramus
2086 5105 2102 5143 :

517 5201 694 5255 neque
715 5195 892 5240 tamen
923 5193 1212 5253 propterea
1238 5196 1336 5237 nos
1358 5183 1408 5234 in
1441 5183 1828 5249 prepbetarum
1859 5182 2102 5234 ordinent

521 5277 828 5340 referimus.
899 5277 993 5332 sed
1041 5289 1204 5328 casus
1254 5288 1374 5326 esse
1425 5272 1569 5326 hunc
1611 5283 1892 5338 eventum,
1939 5284 2102 5340 atque

519 5367 844 5434 conjecturae
891 5365 1254 5436 agnoscimus.
1293 5364 1582 5418 Enimvero
1610 5365 1655 5416 si
1691 5364 1820 5432 quid
1862 5364 2096 5418 alienum

520 5460 587 5514 ab
625 5460 861 5513 humana
911 5461 1018 5512 vita
1060 5456 1441 5526 praadicerent,
1485 5471 1547 5510 ac
1592 5455 1785 5508 deinde
1833 5455 2105 5510 insolitum

2207 4632 2503 4695 ἐκϐαίνειν,
2555 4630 2656 4683 οὐκ
2703 4627 2890 4697 ἐπειδὴ
2936 4627 3034 4698 τὴν
3079 4626 3303 4680 ἑκϐασιν
3347 4627 3583 4697 ἔσχηκε.
3633 4623 3790 4678 Πολλὰ

2205 4723 2316 4793 γὰρ
2334 4724 2380 4754 ⁸³
2412 4722 2506 4776 καὶ
2556 4724 2691 4791 ἡμῖν
2737 4721 3113 4791 ἐννοουμένοις
3149 4720 3258 4773 τῶν
3287 4722 3669 4791 ἐννοηθέντων
3697 4722 3794 4773 ἁπ-

2205 4817 2437 4885 ήντησε’
2472 4813 2567 4866 καὶ
2597 4814 2830 4883 πρᾶγμα
2876 4813 3234 4882 κεκινημένον
3282 4814 3315 4884 ἢ
3370 4814 3792 4884 κινηθησὸμενον

2211 4902 2705 4975 προσδοκήσαντες,
2728 4903 2846 4955 οἵαν
2877 4903 3187 4971 ἠλπίσαμεν
3221 4905 3406 4974 ἀρχὴν
3434 4905 3626 4959 λαϐεῖν
3653 4904 3684 4975 ἠ
3716 4902 3794 4954 τέ-

2210 4997 2321 5059 λος,
2343 4995 2584 5048 τοιοῦτον
2611 4993 2794 5046 λαϐεῖν
2809 4993 2856 5024 ”
2888 4994 3282 5064 κατελάϐομεν.
3310 4996 3431 5048 Καὶ
3459 4997 3523 5048 οὺ
3547 4996 3634 5048 διά
3653 4994 3796 5047 τοῦτο

2212 5087 2547 5158 χειροτονίαν
2600 5087 2813 5147 ἑαυτοῖς
2868 5087 3204 5154 προφητείας
3251 5088 3623 5158 ἐπιφέρομεν,
3679 5083 3799 5140 ἀλλὰ

2215 5176 2501 5248 συντυχίας
2527 5177 2560 5247 ἢ
2591 5176 2684 5229 καὶ
2713 5173 3021 5244 στοχασμοῦ
3073 5177 3172 5247 τὴν
3213 5177 3498 5230 ἀπόϐασιν
3533 5179 3692 5248 ἔργον
3721 5193 3799 5244 γι-

2215 5271 2521 5339 νώσκομεν.
2554 5270 2617 5321 Ei
2649 5267 2748 5338 μὲν
2775 5268 2884 5337 γάρ
2913 5285 2964 5319 τι
2993 5267 3088 5320 τοῦ
3114 5268 3470 5338 ἀνθρωπίνου
3506 5270 3625 5339 βίου
3655 5269 3800 5323 ἀλλό-

2220 5380 2370 5432 τριον
2423 5362 2848 5432 προεκήρυττον,
2880 5354 2999 5412 εἶτα
3045 5360 3106 5412 τὸ
3153 5360 3302 5425 ξένον
3351 5361 3548 5432 ἐξέϐη,
3581 5363 3642 5415 οὑ
3671 5361 3802 5427 λέγω

2217 5453 2476 5516 πολλάκις
2505 5450 2618 5505 ἀλλ’
2649 5450 2816 5515 ἅπαξ,
2845 5450 3146 5521 θαυμάζειν
3173 5451 3320 5515 είκὸς
3345 5447 3420 5522 ἦν
3442 5467 3457 5482 ·
3491 5456 3543 5506 εί
3572 5454 3631 5506 δέ
3663 5469 3723 5522 γε
3741 5449 3802 5504 τὰ

1789 5591 2028 5647 VARIAE
2073 5591 2484 5648 LECTlONES.

591 5714 637 5745 εὖ
655 5713 753 5783 τὴν
783 5727 888 5765 ont.
916 5729 997 5780 pr.
1028 5713 1090 5766 Δ.

525 5796 647 5837 ante
683 5782 944 5840 ἀνατοῖῗς
1008 5783 1124 5835 add.
1158 5785 1222 5837 Λ.
1298 5783 1341 5813 ⁰¹
1374 5784 1534 5850 φήσει
1572 5782 1634 5832 Α.

534 5856 580 5908 Δ
615 5871 627 5908 :
663 5851 957 5909 ἀπολαϐεῖν
989 5870 1046 5916 ς.

1170 5715 1212 5744 ⁸⁷
1244 5707 1401 5778 πρὸςῖ
1427 5710 1502 5772 ὡς
1531 5710 1596 5764 Λ.
1669 5707 2175 5780 ⁸⁸γύτῖονενεμῆσθαι
2209 5728 2270 5780 ς.
2345 5709 2390 5740 3"
2420 5707 2724 5780 ύπουράνια
2757 5705 3011 5780 δι’ίιοιιιιε
3034 5726 3049 5764 :
3071 5710 3446 5780 ὑπερουράνια
3477 5728 3539 5775 ς.

1715 5779 1758 5809 ⁸³
1797 5777 1839 5828 θ’
1865 5777 2050 5852 καίει]
2085 5783 2129 5834 Λ
2166 5797 2178 5831 :
2217 5779 2270 5851 μ’
2307 5780 2399 5832 καὶ
2434 5779 2477 5830 θ’
2509 5796 2566 5842 ς.

3619 5709 3662 5739 ⁹⁰
3686 5703 3800 5775 περὶ

2645 5777 2692 5810 ’³
2729 5775 2897 5830 πολλά
2952 5781 3050 5848 μὲν
3078 5775 3206 5852 mp
3411 5782 3458 5812 ⁸³
3493 5779 3679 5832 λαϐεῖν
3723 5799 3795 5846 pi.
